3838 6214
219 355 292 408 49
1232 348 1321 402 DE
1355 347 1647 404 HOMINIS
1688 349 2116 409 STRUCTURA
2154 349 2414 408 ORATIO
2452 350 2516 405 ll.
3398 356 3473 412 50

216 470 432 543 ἑϐδόμῳ
481 469 715 541 ἑνιαυτῷ
762 472 875 533 τοῖς
930 470 1261 542 αὐτομάτοις
1320 473 1652 541 ἀρκεῖσθαι,
1711 474 1800 527 ὅτε

1910 490 2051 539 ram;
2090 475 2321 543 septimo
2342 483 2520 529 autem
2555 486 2720 537 anno,
2751 472 2819 527 iis
2852 479 3140 529 contentos
3167 486 3473 543 estsemper-

216 558 368 631 εἷχον
397 561 496 630 τὴν
525 562 633 632 γῆν
666 561 766 631 τῆς
802 561 1158 631 ἐπαγγελίας.
1201 562 1299 627 ’Ἐξ
1332 563 1426 635 ἐτη
1467 563 1742 617 ἐδούλευεν
1772 567 1801 618 6

231 653 505 725 Ἐϐραῖος,
537 655 631 708 καὶ
661 652 738 724 τῷ
779 653 990 724 ἑϐδόμῳ
1022 653 1132 706 ἑτει
1173 653 1364 722 ἀφεῖτο
1401 655 1501 723 τῆς
1537 653 1798 717 δουλείας.

228 743 655 815 Ἐϐδομηκοστῷ
686 743 794 795 ἑτει
820 742 981 813 ἐλύθη
1010 743 1141 813 παρ’
1157 743 1339 805 αὐτοῖς
1369 744 1402 814 ἡ
1432 742 1798 813 αἰχμαλωσία.

220 835 427 889 Λοιπὸν
457 834 568 906 ἑρῶ
598 835 693 888 καί¹
743 834 812 888 τὰ
845 834 1108 905 ἡμέτερα.
1149 832 1448 898 Ἐπτάκις,
1498 834 1652 906 φησὶ,
1695 850 1801 888 πε-

220 927 422 981 σεῖται
485 930 519 981 ὀ
593 926 825 992 δίκαιος
851 968 867 993 ,
943 926 1041 979 καὶ
1110 923 1538 991 ἀναστήσεται.
1618 926 1801 990 Οὕτως

218 1018 575 1090 οἰκειούμεθα
633 1020 796 1089 ἡμεῖς
863 1016 963 1088 τὴν
1015 1016 1303 1087 ἑϐδομάδα.
1357 1017 1624 1088 Ἕϐδομος
1694 1018 1804 1071 ἀπὸ

239 1107 414 1178 Ἀδὰμ
458 1106 628 1177 Ἑνὼχ
661 1108 762 1159 οὐκ
804 1100 911 1159 οἶδε
965 1105 1220 1159 θάνατον’
1286 1108 1584 1181 μυστήριον
1645 1106 1803 1161 τοῦτο

238 1196 588 1268 Ἐκκλησίας.
620 1195 888 1265 Ἕϐδομος
925 1194 1031 1247 ἀπὸ
1082 1194 1328 1266 Ἀϐραὰμ
1358 1196 1599 1266 Μωῦσῆς
1640 1196 1803 1267 νόμον

222 1287 425 1341 ἐλαϐε-
475 1286 635 1339 τοῦτο
682 1283 952 1357 μεταϐολὴ
1004 1284 1157 1354 βίου,
1207 1285 1435 1355 ἀνομίας
1473 1285 1802 1349 κατάλυσις,

217 1378 570 1449 δικαιοσύνης
587 1377 809 1440 εἴσοδος,
843 1376 977 1430 Θεοῦ
1004 1375 1287 1446 ἑπιδημία,
1322 1374 1542 1441 εὐταξία
1574 1375 1800 1444 κόσμου,

225 1467 585 1539 νομοθέτησις
619 1467 727 1519 τῶν
752 1466 1063 1536 πρακτέων.
1107 1465 1510 1536 Ἑϐδομηκοστῇ
1536 1463 1630 1516 καὶ
1652 1464 1801 1516 ἑϐδό-

228 1577 311 1632 μῃ
364 1560 528 1630 γενεᾷ
578 1559 687 1613 ἀπὸ
736 1558 905 1628 Ἀδὰμ
952 1559 980 1610 ὀ
1033 1556 1268 1628 Χριστὸς
1318 1556 1511 1626 ἐφάνη.
1569 1550 1690 1607 Οἷδε
1744 1553 1805 1606 τὸ

228 1650 534 1731 μυστήριον
577 1650 678 1721 τῆς
721 1648 1012 1719 ἑϐδομάδος
1044 1647 1267 1720 Πέτρος.
1313 1645 1581 1712 Ποσάκις
1624 1644 1805 1713 ἁμαρ-

231 1747 409 1815 τήσει
438 1748 525 1812 είς
553 1744 658 1814 ἐμὲ
690 1748 723 1799 ό
754 1743 1018 1812 ἀδελφός
1042 1760 1182 1811 μου,
1217 1741 1315 1795 καὶ
1362 1739 1580 1809 ἀφήσω
1605 1738 1801 1805 αὺτῷ;

1906 566 2071 633 lebat,
2101 582 2220 635 qua:
2254 576 2398 620 terra
2430 574 2624 634 sponte
2652 565 2974 633 produceret
3003 564 3070 631 ",
3102 573 3216 619 tum
3243 566 3469 632 scilicet,

1902 674 2024 716 cum
2064 668 2219 712 terrae
2256 657 2537 728 promissa:
2566 666 2841 726 compotes
2878 655 3003 711 facti
3044 665 3245 713 essent.
3288 657 3470 714 Annos

1902 762 1996 803 sex
2035 748 2291 804 Hebraeus
2335 746 2636 812 serviebat;
2688 763 2827 801 anno
2875 748 3102 817 septimo
3138 762 3169 803 a
3211 750 3471 807 servitute

1902 838 2254 893 liberabatnr.
2310 840 2466 892 Anno
2513 837 2906 907 septuagesimo
2952 838 3130 893 soluta
3184 840 3327 909 apud
3376 854 3470 896 eos

1902 930 2191 998 captivitas
2236 937 2339 984 est.
2382 927 2490 984 Sed
2533 938 2719 984 nostra
2766 944 2978 998 quoque
3026 930 3323 987 videamus.
3375 930 3470 988 Se-

1901 1022 2055 1090 pties,
2103 1020 2300 1083 innuit,
2352 1021 2499 1074 cadet
2545 1020 2732 1087 iustus,
2767 1028 2815 1073 et
2859 1029 3092 1090 resurget
3115 1022 3180 1076 ".
3230 1022 3322 1078 Sic
3365 1038 3473 1079 nos

1903 1110 2289 1166 liebdomadem
2318 1108 2471 1164 nobis
2493 1109 2847 1164 vindicamus.
2872 1109 3144 1180 Septimus
3170 1113 3236 1167 ab
3258 1112 3473 1171 Adamo

1903 1200 2085 1255 Enoch
2116 1211 2342 1255 mortem
2374 1216 2479 1255 non
2510 1201 2642 1255 vidit
2672 1219 2686 1257 :
2717 1201 2973 1257 Ecclesia:
3002 1204 3103 1258 hoc
3130 1206 3465 1275 mysterium.

1904 1288 2180 1358 Septimus
2209 1292 2276 1345 ab
2304 1291 2612 1348 Abrahamo
2648 1293 2826 1349 Moses
2865 1294 3033 1364 legem
3061 1298 3269 1366 accepit
3299 1313 3315 1351 :
3350 1313 3471 1352 mu-

1907 1380 2037 1432 tatio
2066 1381 2116 1433 id
2150 1380 2291 1443 vitae,
2330 1380 2632 1449 iniquitatis
2670 1384 2900 1449 eversio,
2922 1384 3143 1451 iustitia
3172 1386 3470 1457 ingressus,

1905 1470 1997 1524 Dei
2050 1471 2345 1537 adventus,
2400 1476 2534 1528 ordo
2592 1476 2775 1533 mundi
2834 1476 3193 1546 compositus,
3246 1478 3471 1549 ejusque

1906 1562 2309 1629 tranquillitas,
2369 1577 2556 1619 eorum
2609 1581 2726 1632 qua:
2774 1567 2976 1636 agenda
3027 1569 3137 1624 sint
3183 1568 3469 1638 legislatio.

1906 1651 2316 1722 Septuagesima
2345 1668 2407 1707 ac
2434 1656 2659 1725 septima
2690 1665 2811 1726 post
2836 1658 3094 1712 Adamnm
3119 1669 3279 1715 aetate
3311 1658 3472 1717 Chri-

1904 1750 2021 1795 stus
2067 1743 2336 1811 apparuit.
2371 1740 2535 1797 Novit
2583 1743 2771 1799 Petrus
2816 1747 3103 1815 septenarii
3132 1748 3467 1831 mysterium.

226 1812 347 1904 ἕως
393 1812 671 1903 ἑπτάκις;
735 1835 922 1903 Ὀλίγα
970 1833 1085 1905 ᾔδει
1134 1832 1197 1886 16
1250 1832 1579 1903 μυστήριον
1649 1828 1802 1882 οὖπω

1910 1830 2118 1896 Quoties
2158 1832 2392 1901 peccabit
2426 1834 2481 1886 in
2511 1849 2591 1888 me
2629 1835 2795 1904 frater
2822 1812 2986 1903 meus,
3012 1848 3059 1892 et
3094 1812 3353 1895 dimittam
3379 1843 3474 1898 ei!

224 1930 404 2001 ἔμαθε
432 1929 491 1983 τὺ
513 1928 744 1982 τέλειον·
779 1924 1025 1997 μαθητὴς
1060 1923 1169 1994 γὰρ
1207 1924 1288 1977 ἑτι
1327 1919 1416 1994 ἦν.
1449 1923 1596 1988 Ἕως
1625 1919 1804 1975 ἑπτά-

227 2037 369 2087 autc;
396 2021 666 2093 ἀπεκρίθη
710 2025 738 2077 6
764 2022 1100 2087 διδάσκαλος,
1133 2023 1228 2077 καὶ
1256 2023 1363 2076 οὐδ’
1396 2022 1559 2086 αὐτὸς
1591 2022 1799 2093 ἀπέστη

231 2112 331 2167 τοῦ
362 2114 530 2167 ἑπτάο
580 2115 697 2168 ἀλλ’
725 2110 846 2168 εἶπε
875 2116 995 2186 μὲν,
1028 2116 1127 2186 οὐχ
1154 2115 1276 2169 ὅσον
1301 2114 1417 2186 ⁴ᾔδει
1454 2117 1483 2168 ὀ
1519 2112 1764 2186 μαθητὴς
1784 2152 1799 2177 ,

228 2205 353 2260 ἀλλ’
386 2206 507 2261 ὅσον
537 2206 872 2277 ὑπερέϐαλλε
908 2206 987 2277 τῷ
1020 2205 1257 2276 τοσούτῳ
1288 2208 1317 2258 ὀ
1353 2204 1649 2269 Δεσπότης.
1685 2208 1802 2258 Πο-

227 2296 416 2362 σὰκις
450 2297 800 2365 ἁμαρτήσει,
836 2297 936 2351 καὶ
965 2297 1215 2366 cimice);
1252 2297 1350 2350 Διά
1374 2296 1426 2349 τί
1467 2296 1565 2349 οὐκ
1616 2292 1800 2360 εἶπεν,

227 2388 341 2451 ἕως
368 2387 571 2453 ἑξάκις,
600 2387 633 2459 ἢ
660 2388 762 2452 ἕως
787 2388 1032 2452 ὀκτάκις,
1071 2388 1184 2441 ἀλλ’
1209 2388 1313 2452 ἓως
1342 2387 1603 2453 ἑπτάκις;
1628 2385 1725 2439 Διά
1746 2386 1803 2439 δὲ

223 2477 287 2530 τί
328 2478 357 2529 ὀ
392 2478 594 2548 Κύριος
636 2479 737 2531 οὐκ
785 2476 962 2544 εἶπεν,
997 2480 1143 2542 Ἕως
1182 2479 1537 2542 ἑκατοντάκις
1569 2477 1798 2541 ἑκατὸν,

225 2566 372 2620 ἀλλά
423 2568 514 2621 τὸν
557 2567 697 2621 ἑπτὰ
746 2568 978 2639 ἀριθμὸν
1025 2568 1532 2635 ἑπολυπλασίασεν;
1592 2566 1729 2620 Οὔτε
1774 2569 1803 2621 ὀ

225 2658 439 2731 Πέτρος
479 2658 634 2714 ἄλλον
688 2659 970 2731 ἠρώτησεν
1020 2660 1284 2732 ἀριθμὸν,
1348 2659 1471 2714 οὔτε
1521 2663 1549 2714 6
1596 2660 1801 2733 Κύριος

224 2753 393 2825 ἐξέϐη
429 2753 521 2807 τοῦ
560 2753 784 2818 κανόνος
814 2752 909 2807 τοῦ
940 2753 1316 2826 ἑϐδοματικοῦ.
1359 2754 1744 2825 Παρετήρησεν
1775 2756 1804 2807 6

227 2844 459 2915 Πέτρος,
504 2851 586 2899 ὅτι
635 2845 815 2900 κανὼν
857 2848 1206 2918 παραδόσεως
1260 2847 1518 2917 ἀρχαῖος,
1578 2846 1672 2898 καὶ
1703 2845 1803 2915 τὴν

228 2935 497 3005 ἑϐδομάδα
524 2936 760 3008 ἔμφασιν
791 2935 934 3007 ἔχειν
954 2936 1076 2990 τινὰ
1105 2935 1348 3004 ἀφέσεως
1370 2934 1801 3006 ἁμαρτημάτων,

226 3027 593 3092 ἀναπαύσεως
624 3030 856 3095 τελείας,
890 3023 950 3083 οὗ
986 3032 1210 3100 σημεῖον
1248 3028 1309 3081 16
1331 3027 1607 3081 Σάϐϐατόν
1634 3030 1801 3092 ἑστιν,

224 3123 264 3191 ἡ
296 3120 496 3191 ἑϐδόμη
519 3121 700 3192 ἡμέρα
729 3121 836 3174 ἀπὸ
860 3120 1144 3190 γενέσεως.
1187 3120 1243 3173 '0
1274 3118 1480 3190 Πέτρος
1517 3119 1767 3184 ἑπτάκις
1786 3136 1799 3149 ·
1832 3146 1875 3203 C

227 3214 262 3267 6
308 3212 511 3285 Κύριος
555 3212 667 3280 ἕως
696 3211 1197 3282 ἑϐδομηκοντάκις
1218 3212 1385 3266 ἑπτά.
1429 3210 1590 3264 Ἀλλά
1624 3213 1717 3266 καλ⁸
1747 3214 1804 3266 at

228 3305 501 3375 ἁμαρτίαι
538 3304 601 3358 16
637 3305 865 3359 παλαιὸν
898 3304 1037 3358 κατά
1084 3303 1272 3356 τοῦτον
1319 3302 1659 3356 ἑκδικοῦνται
1714 3304 1807 3358 τὸν

229 3396 488 3468 ἀριθμόν.
513 3399 637 3465 Οὐχ
663 3397 837 3461 οὕτω,
880 3395 1043 3465 φησὶν
1062 3396 1090 3447 6
1113 3394 1245 3457 Θεός
1274 3410 1288 3424 ο
1318 3392 1438 3459 πᾶς
1466 3398 1499 3447 ὁ
1530 3394 1807 3448 ἀποκτει-

227 3504 345 3553 νας
396 3487 577 3554 Κάῖν,
632 3488 786 3542 ἑπτὰ
824 3487 1216 3556 ὲκδικούμενα
1269 3485 1620 3539 καταλύσει.
1675 3485 1809 3539 Οὐδὲ

229 3576 352 3632 ὲκὲῖ
377 3578 544 3645 ὀκτὼ,
574 3578 710 3632 ἀλλά
738 3578 897 3632 ἑπτά.
931 3580 1043 3632 Καὶ
1072 3580 1101 3631 6
1129 3577 1320 3649 Λαμὲχ
1340 3576 1397 3629 δὲ
1427 3576 1620 3629 ἑαυτοῦ
1651 3593 1813 3630 κατα-

230 3668 451 3739 ⁴κρίνας,
478 3666 575 3720 τοῦ
604 3666 833 3737 ἑϐδόμου
853 3667 955 3720 οὐκ
981 3666 1214 3736 ἀπέστη.
1246 3665 1384 3736 Φησὶ
1413 3664 1522 3737 γὰρ
1564 3666 1667 3730 ὃτι,
1710 3666 1811 3723 Ἐκ

232 3759 390 3815 Κάΐν
421 3759 795 3827 ἐκδεδίκηται
835 3757 1101 3824 ἑπτάκις,
1131 3758 1200 3811 ἐκ
1229 3756 1297 3811 δὲ
1321 3755 1523 3827 Λαμὲχ
1562 3757 1811 3826 ἑϐδομη·

232 3850 519 3917 κοντάκις
553 3849 725 3904 ἑπτά.
755 3850 853 3904 Διὰ
886 3850 971 3915 τί;
999 3850 1208 3919 Μικρὸν
1237 3849 1548 3919 ἀνάμεινον,
1579 3849 1672 3903 καὶ
1720 3850 1812 3902 εὑ-

238 3944 430 4014 ρήσεις
478 3940 541 3994 16
578 3942 893 4012 μυστήριον.
941 3941 1003 3994 Ἡ
1052 3939 1241 4011 πρώτη
1286 3924 1531 4009 ἁμαρτία
1586 3939 1813 4002 ἑπτάκις

233 4034 552 4099 ἐκδικεῖται,
581 4031 1043 4104 ἑϐδομηκοντάκις
1080 4032 1137 4084 δὲ
1164 4030 1303 4084 ἑπτὰ
1321 4033 1349 4083 6
1376 4030 1625 4102 δεύτερος
1654 4030 1814 4100 φόνος

233 4124 333 4178 τοῦ
352 4124 779 4196 Δαμέχ’⁹’οτιέκ
793 4124 899 4177 τοῦ
919 4122 1449 4189 Κάτνέκδεδίκηται
1464 4120 1729 4186 ἑπτάκις,
1744 4122 1813 4175 ἐκ

232 4217 307 4271 δὲ
341 4216 544 4286 Λαμὲχ
587 4214 1087 4284 ἑϐδομηκοντάκις
1123 4213 1292 4267 ἑπτά.
1326 4213 1669 4285 Λογιζόμεθα
1695 4209 1811 4280 οὖν,

236 4310 371 4381 ὅτιὴ
398 4309 679 4379 αἰτηθεῖσα
708 4309 901 4378 ἄφεσις
940 4308 1090 4380 παρά
1130 4309 1364 4379 Πέτρου,
1396 4307 1579 4375 ἑνάγει
1629 4306 1705 4376 (α)
1746 4308 1813 4377 τῇ

235 4402 520 4472 ἑκδικήσει
547 4402 646 4472 τὴν
676 4402 769 4455 τοῦ
801 4401 939 4455 Κάῖν
976 4398 1320 4472 συγχώρησιν
1341 4416 1352 4429 ·
1387 4401 1420 4470 η
1448 4398 1506 4450 δὲ
1538 4398 1689 4468 παρά
1717 4396 1812 4451 τοῦ

1903 1939 2064 1992 usque
2108 1925 2293 1993 septies
2322 1925 2406 1979 ’3?
2440 1925 2635 1980 Parum
2672 1941 2895 1984 noverat
2934 1931 3249 2002 mysterium
3283 1952 3297 1988 :
3331 1948 3469 1988 non—

1904 2012 2027 2067 dum
2061 2016 2203 2083 quod
2235 2016 2532 2085 perfectum
2560 2029 2644 2073 est
2674 2019 2971 2087 didicerat;
3016 2024 3192 2078 adhuc
3234 2039 3469 2095 namque

1902 2105 2194 2174 discipulus
2238 2118 2376 2164 erat.
2428 2110 2497 2164 At
2538 2125 2639 2166 nec
2674 2126 2859 2167 rursus
2888 2112 3073 2168 doctor
3098 2129 3127 2168 a
3160 2116 3467 2184 septenario

1904 2196 2199 2264 abscessit;
2252 2200 2515 2270 dixitque,
2544 2216 2650 2256 non
2679 2214 2939 2272 quantum
2981 2205 3272 2276 discipulus
3303 2222 3469 2263 nove-

1904 2294 2009 2352 rat,
2042 2289 2137 2341 sed
2169 2298 2424 2356 quantum
2459 2289 2721 2346 Dominus
2755 2290 3026 2359 epulentia
3068 2292 3275 2365 majore
3305 2309 3470 2367 snpe-

1904 2376 2079 2431 rabat.
2112 2376 2328 2443 Quoties
2356 2378 2608 2449 peccabit,
2636 2391 2683 2435 et
2713 2382 2973 2436 dimittam
2991 2383 3018 2437 .’
3050 2382 3156 2439 Cur
3183 2400 3287 2440 non
3315 2386 3469 2451 dixit,

1904 2480 2075 2534 usque
2107 2466 2303 2532 sexies,
2336 2477 2430 2523 aut
2466 2485 2635 2539 usque
2677 2470 2870 2539 octies,
2900 2473 2996 2528 sed
3029 2487 3196 2544 usque
3229 2474 3473 2546 septies?

1904 2552 2100 2620 Quidni
2132 2570 2260 2612 vero
2288 2556 2425 2612 dixit
2458 2557 2733 2626 Dominus,
2771 2559 2953 2631 Usque
2992 2573 3205 2618 centum
3250 2564 3470 2634 centies,

1903 2647 2000 2701 sed
2065 2661 2348 2703 numerum
2406 2650 2773 2719 septenarium
2825 2652 3237 2723 multiplicavit?
3291 2655 3474 2725 Neque

1902 2735 2096 2794 Petrus
2125 2739 2286 2798 alium
2322 2740 2592 2809 qutesivit,
2625 2756 2800 2811 neque
2843 2744 3100 2800 Dominus
3123 2760 3152 2799 a
3182 2748 3474 2814 septenarii

1906 2825 2091 2895 regula
2124 2826 2465 2883 exorbitavit.
2486 2827 3282 2897 ObservaratPetrus,veterem
3311 2834 3495 2912 342,

1907 2915 2213 2970 traditionis
2248 2917 2491 2987 regulam
2537 2932 2700 2984 esse,
2730 2929 2892 2990 atque
2921 2924 3227 2991 septenario
3253 2940 3506 2980 numero.

1905 3004 2013 3058 vim
2056 3006 2341 3074 quamdam
2369 3009 2731 3077 expressionis
2755 3010 3089 3067 remissionis
3127 3024 3472 3083 peccatorum
3500 3050 3515 3073 ι

1908 3095 2124 3161 inesse;
2171 3096 2385 3166 signum
2432 3098 2634 3166 quietis
2685 3097 2986 3167 perlecta}:
3030 3099 3323 3155 Sabbatum
3361 3101 3479 3157 dies

1908 3187 2136 3255 septima
2168 3199 2251 3243 est
2294 3204 2323 3243 a
2366 3190 2661 3244 creatione.
2711 3190 2905 3247 Petrus
2956 3193 3175 3260 septies;
3220 3193 3477 3250 Dominus
3514 3238 3523 3243 -
3616 3184 3622 3189 ’

1907 3295 2069 3349 usque
2114 3282 2407 3351 septuagies
2444 3282 2629 3350 septies
2661 3282 2726 3337 ".
2777 3282 2882 3343 Sed
2911 3293 2963 3337 et
2993 3294 3236 3354 peccata,
3265 3292 3477 3340 vetusto

1909 3371 2035 3434 ritu,
2055 3387 2121 3424 ex
2153 3373 2361 3426 numeri
2394 3371 2557 3439 hujus
2584 3373 2789 3428 ratione
2817 3373 3024 3427 vindice
3049 3387 3204 3443 pana
3232 3373 3474 3443 plectun-
3520 3420 3527 3423 _

1912 3472 2019 3516 tur.
2054 3461 2177 3519 Non
2209 3466 2307 3528 ita,
2331 3465 2407 3518 ait
2428 3466 2600 3530 Deus;
2625 3466 2715 3518 sed
2755 3465 2922 3519 omnis
2954 3466 3042 3535 qui
3066 3465 3311 3518 occiderit
3342 3465 3477 3520 Cain

1909 3564 2103 3623 septem
2149 3554 2374 3610 ultiones
2419 3557 2662 3610 dissolvet
2693 3556 2761 3610 '°.
2808 3555 2886 3610 Ne
2928 3555 3036 3610 illic
3079 3556 3298 3625 quidem
3329 3565 3474 3623 octo,

1910 3648 2004 3701 sed
2033 3656 2260 3716 septem.
2294 3647 2399 3702 Sed
2430 3657 2485 3702 et
2516 3647 2747 3702 Lamech
2782 3648 2895 3716 ipse
2932 3647 2986 3701 in
3023 3648 3261 3719 seipsum
3292 3649 3478 3705 dicens

1912 3739 2254 3803 sententiam,
2289 3754 2320 3791 a
2364 3739 2670 3806 septenario
2714 3752 2940 3793 numero
2971 3752 3075 3792 non
3119 3740 3365 3793 recessit.
3388 3737 3481 3793 Ait

1912 3830 2055 3883 enim
2091 3828 2220 3885 :Ea:
2259 3830 2429 3884 Caino
2460 3831 2781 3885 vindicatum
2816 3839 2891 3885 est
2917 3833 3122 3900 septies,
3160 3847 3225 3885 ea:
3254 3829 3479 3886 Lameclt

1912 3930 2083 3974 autem
2138 3924 2429 3992 sepluagies
2487 3923 2673 3992 septies
2718 3923 2785 3978 ³⁸.
2845 3923 2984 3990 Quid
3032 3923 3139 3978 ita?
3198 3920 3478 3984 Paululum

1914 4013 2139 4080 sustine,
2173 4024 2228 4068 et
2263 4015 2505 4070 invenies
2552 4016 2890 4086 mysterium.
2928 4014 3169 4070 Primum
3202 4023 3479 4084 peccatum

1915 4102 2115 4173 septies
2160 4103 2495 4169 vindicatur;
2546 4104 2853 4174 septuagies
2895 4118 3024 4158 vero
3068 4103 3267 4172 septies
3314 4102 3481 4156 altera

1916 4209 1945 4248 a
1973 4194 2242 4250 Lameeho
2266 4205 2476 4267 patrata
2504 4198 2698 4252 caedes.
2729 4196 2989 4261 Quoniam
3017 4211 3081 4249 ea:
3106 4192 3479 4251 Caino.uindi-

1916 4287 2121 4338 cabitur
2144 4287 2351 4355 septies,
2381 4302 2446 4341 ea:
2462 4286 2730 4341 .Lamecho
2747 4297 2917 4341 autem
2942 4286 3231 4356 septuagies
3265 4285 3478 4354 septies.

1916 4376 2303 4434 Existimamus
2354 4379 2558 4448 itaque,
2592 4378 2733 4449 quod
2783 4377 2977 4433 Petrus
3032 4378 3234 4449 septies
3283 4376 3482 4432 dimitti

238 4466 449 4566 Κυρίου
485 4466 943 4563 ἑϐδομηκοντάκις
999 4466 1461 4564 ἑπτάξσυγχωρεῖ
1501 4489 1580 4559 τῷ
1623 4466 1806 4560 λαμὲχ

1921 4469 2096 4540 petiit,
2130 4470 2283 4524 Caini
2342 4470 2791 4525 condonationem
2843 4469 3048 4525 inducit
3093 4485 3109 4523 :
3155 4466 3301 4538 quod
3353 4480 3485 4522 vero

238 4585 707 4655 ἑϐδομηκοντάκις
739 4585 900 4639 ἑπτά.
943 4584 1108 4636 Ὅσον
1152 4582 1260 4654 γὰρ
1307 4582 1369 4634 16
1416 4581 1769 4652 παράπτωμα
1796 4620 1812 4646 ,

239 4677 496 4732 τοσοῦτον
541 4678 638 4731 καὶ
683 4677 744 4730 τὸ
779 4678 1055 4748 χάρισμα·
1104 4676 1233 4729 ὅπου
1276 4673 1429 4745 ὀλίγη
1467 4674 1500 4745 ή
1550 4671 1814 4744 ἁμαρτία,

242 4772 403 4841 ὀλίγη
432 4771 574 4840 καὶὴ
595 4761 884 4839 άφεσιςίᾫ
906 4767 1015 4839 γὰρ
1034 4768 1244 4837 ἀφῆκεν
1274 4765 1475 4834 ὀλίγον,
1515 4765 1693 4833 ὀλίγον
1720 4766 1814 4818 καὶ

244 4861 645 4931 ἀγαπᾷ.”οπου
666 4860 1041 4914 ἐπλεόνασεν
1066 4860 1104 4927 ἡ
1130 4858 1404 4929 ἁμαρτία,
1428 4856 1816 4926 ὑπερεπερίσ-

243 4968 476 5009 σευσεν
506 4951 545 5019 ἡ
575 4949 767 5020 χάρις.

318 5131 372 5186 8.
402 5129 468 5182 Τί
488 5123 581 5182 οὖν
601 5129 718 5181 ἐστι
743 5128 804 5181 τὸ
826 5128 1155 5199 μυστήριον;
1193 5126 1426 5201 Ἑϐδόμη
1453 5127 1637 5199 ἡμέρᾳ
1666 5126 1818 5195 λέγε-

246 5239 336 5275 ται
366 5223 396 5273 6
424 5220 559 5274 αἰὼν
586 5214 739 5283 οὗτος
769 5218 1125 5290 πληροῦσθαι,
1146 5219 1239 5273 καὶ
1261 5218 1399 5289 μετά
1418 5218 1574 5270 τοῦτο
1596 5218 1817 5288 ἐφίστα-

249 5314 376 5367 σθαι
407 5313 507 5382 τὴν
540 5312 753 5382 ἡμέραν
779 5311 877 5381 τῆς
909 5310 1163 5383 κρίσεως,
1209 5309 1307 5380 τὴν
1359 5309 1553 5380 ὀγδόην
1577 5326 1590 5339 ·
1621 5311 1680 5363 ἑν
1790 5310 1819 5363 ὀ

247 5404 571 5476 ἁμαρτωλὸς
617 5403 866 5471 ἑπτάκις,
906 5404 935 5456 ὀ
966 5402 1088 5456 καθ’
1138 5400 1441 5475 ὑπερϐολὴν
1491 5400 1815 5473 ἁμαρτωλὸς

1920 4561 2182 4617 Dominus
2224 4562 2525 4632 septuagies
2573 4561 2814 4630 septies,
2869 4561 3139 4616 Lamecbo
3175 4559 3483 4630 septuagies

1919 4651 2121 4721 septies
2163 4650 2409 4720 ignoscit.
2464 4649 2735 4717 Quantum
2777 4659 2859 4706 est
2895 4650 3171 4719 delictum,
3210 4659 3359 4705 tanta
3402 4655 3486 4705 est

1921 4752 1974 4798 et
2008 4743 2201 4811 gratia.
2230 4726 2358 4798 'Ubi
2400 4756 2627 4811 parvum
2668 4740 2918 4796 delictum
2959 4750 3064 4807 est,
3092 4754 3258 4811 parva
3292 4748 3377 4795 est
3407 4738 3487 4803 di-

1921 4834 2128 4895 missio.
2161 4848 2255 4888 seu
2284 4834 2462 4889 venia.
2508 4832 2609 4887 Cui
2634 4832 2778 4888 enim
2820 4847 3011 4902 parum
3041 4831 3267 4897 dimisit,
3294 4845 3485 4901 parum

1921 4935 1974 4979 et
2013 4925 2187 4995 diligit
2211 4926 2277 4978 ³².
2307 4922 2409 4979 Ubi
2445 4923 2725 4978 abundavit
2763 4932 3055 4994 peccatum,
3094 4921 3486 4991 superabunda-

1921 5016 1989 5070 vit
2018 5018 2191 5085 gratia
2213 5014 2280 5069 ³³.

1992 5127 2047 5182 8.
2091 5125 2230 5192 Quid
2264 5140 2394 5196 ergo
2427 5123 2528 5179 sibi
2558 5124 2673 5179 vnit
2716 5122 3072 5195 mysterium?
3117 5121 3214 5178 Die
3258 5119 3489 5190 septimo

1924 5217 2124 5272 dicitur
2150 5232 2322 5271 avum
2354 5217 2458 5272 hoc
2486 5215 2859 5285 complendum
2886 5232 2901 5282 ;
2933 5222 2988 5269 et
3015 5222 3137 5284 post
3165 5213 3269 5267 hoc
3294 5221 3489 5267 ventu-

1926 5323 2045 5362 rum
2086 5307 2274 5378 judicii
2325 5308 2489 5372 diem,
2519 5315 2808 5371 octavum;
2860 5305 2914 5359 in
2960 5319 3068 5374 quo
3113 5310 3368 5374 peccator
3406 5316 3466 5355 se

1917 5396 2081 5469 pties,
2116 5412 2179 5453 ac
2220 5396 2311 5467 qui
2338 5404 2723 5467 exsuperanter
2751 5402 3022 5465 peccator,
3062 5393 3368 5464 septuagies
3406 5407 3491 5447 se:

323 5580 368 5652 ξ’
406 5579 581 5635 Levii.
613 5595 740 5652 13v,
768 5579 825 5652 5.
855 5581 943 5652 _"’
970 5578 1130 5635 Prov.
1156 5596 1274 5651 xiv,
1301 5579 1389 5639 16.
1465 5581 1724 5639 “Matth.
1752 5595 1806 5638 xv

1930 5583 2021 5639 21.
2099 5584 2145 5620 ³⁸
2174 5580 2304 5647 ibid,
2335 5580 2427 5638 22.
2501 5580 2547 5614 ³⁸
2577 5578 2712 5637 Gen.
2744 5593 2819 5638 tv.
2847 5576 2935 5636 15.
2991 5576 3053 5645 _"
3089 5574 3219 5634 ibid.
3243 5573 3355 5630 24..

249 5650 299 5683 ⁸³
327 5647 461 5705 Luc.
495 5665 592 5717 vn,
617 5650 707 5704 42.
782 5650 827 5682 ³³
854 5649 1012 5705 Rom.
1037 5666 1089 5715 v,
1113 5652 1206 5709 20.

324 5760 404 5832 (α)
448 5756 703 5831 Ὲνὰγει.
735 5760 874 5817 Edili
909 5760 1121 5829 ἀνάγει.
