3838 6214
366 285 432 342 51
1321 286 1662 373 APPENDlX
1703 289 1987 349 OPERUM
2028 291 2087 371 S.
2130 289 2373 348 BASILII
2411 288 2648 347 MAGNI.
3523 289 3585 348 52

367 410 509 477 pties
549 409 834 479 plectetur.
862 408 1223 479 Vicissimqne
1256 409 1436 479 justus
1479 413 1696 484 septies,
1739 430 1802 470 ac
1834 415 1922 484 qui

2033 411 2493 495 ἑϐδομηκοντάκις
2513 409 2654 489 έπτά
2687 409 3103 487 ἔκδικηθήσεται
3122 426 3137 440 ο
3170 407 3263 485 καὶ
3287 407 3534 482 ἔμπαλιν,
3560 412 3588 467 ὁ

367 501 695 557 excellenter
737 502 938 573 justus,
971 506 1275 576 septuagies
1307 509 1504 579 septies
1545 513 1765 580 praamio
1811 511 1927 567 alli-

368 594 561 651 cietur.
606 596 702 650 Det
749 610 981 666 namque
1025 598 1350 669 benignitas,
1388 618 1530 658 nunc
1574 606 1790 675 quidem
1835 621 1932 676 per

368 686 691 756 aenigmata,
739 702 857 756 quae
916 699 1043 743 sunt
1101 690 1279 745 futura
1331 693 1562 750 obscure
1611 684 1929 766 signiﬁcat:

369 785 501 833 tunc
557 788 738 833 autem
788 781 841 834 in
896 782 1133 855 secundo
1186 783 1419 859 adventu
1473 789 1807 861 perspicuam
1868 804 1934 844 ac

368 869 711 948 manifestam
753 873 1094 928 exbibiturus
1129 884 1213 935 est
1248 877 1529 932 veritatem
1563 899 1576 933 :
1616 888 1743 933 tunc
1788 881 1931 934 enim

367 959 564 1027 quibus
628 963 859 1033 quisque
920 965 1115 1036 dignus
1177 968 1416 1036 praemiis
1480 972 1587 1033 sit,
1658 972 1930 1027 ostendet.

369 1050 748 1122 Septemplicia
778 1055 964 1124 igitur,
1004 1071 1122 1126 qua:
1171 1057 1329 1128 nobis
1358 1061 1706 1127 peccantibus
1738 1063 1933 1119 ultrice

363 1154 525 1209 paena
580 1144 898 1209 debeantur,
949 1148 1058 1201 vita
1122 1147 1225 1225 hac
1274 1149 1532 1219 Dominus
1586 1154 1930 1223 condo-abit,

354 1232 659 1289 "dummodo
687 1228 1179 1305 peripoenitentiam
1200 1254 1263 1294 ac
1291 1240 1684 1314 confessionem
1716 1259 1746 1298 a
1779 1246 1933 1302 nobis

364 1321 531 1379 fuerit
595 1325 858 1396 placatus.
927 1327 1029 1394 Qui
1096 1329 1278 1401 itaque
1357 1337 1691 1389 tremendum
1784 1336 1931 1392 illum

363 1412 506 1468 diem
560 1416 891 1483 noverimus,
944 1419 997 1471 in
1034 1435 1139 1489 quo
1188 1412 1466 1479 reservata
1516 1424 1619 1480 hoc
1658 1441 1775 1482 aevo
1807 1440 1934 1506 pec-

366 1505 617 1562 cantibus
649 1507 798 1579 justa
839 1512 1104 1568 scelerum
1145 1516 1436 1571 retributio
1479 1531 1740 1587 aequaque
1778 1505 1932 1589 lance

360 1598 632 1666 repensio,
656 1601 985 1673 poenitentiae
1005 1605 1285 1674 stipendiis
1302 1607 1479 1674 quoad
1508 1598 1741 1664 vivimus
1773 1625 1932 1665 occu-

359 1696 569 1777 pantes,
587 1702 804 1759 peccata
827 1693 1110 1762 diluamus,
1129 1697 1361 1777 quoillic
1377 1698 1723 1769 multiplicem
1738 1715 1933 1757 aerum-

361 1764 488 1854 nam
517 1790 682 1852 atque
712 1784 951 1863 dolorem
975 1801 1039 1842 ac
1064 1770 1359 1843 cruciatum
1388 1791 1617 1845 evadere
1641 1792 1927 1865 possimus.

431 1869 485 1925 9.
542 1870 697 1927 Hunc
760 1873 940 1944 itaque
1002 1876 1143 1931 diem
1211 1879 1500 1945 septimum
1555 1880 1930 1938 existimemus

361 1962 594 2030 septimo
653 1964 728 2018 illi
780 1965 920 2033 diei,
978 1971 1461 2026 consummationis
1524 1971 1687 2043 hujus
1745 1960 1928 2030 s'aeculi

361 2050 533 2121 ﬁgura
569 2056 915 2131 respondere.
945 2058 1194 2115 Dicamus
1224 2061 1407 2131 igitur,
1432 2071 1483 2117 et
1514 2064 1760 2134 requievit
1789 2065 1929 2140 Deus

359 2141 444 2196 die
469 2144 687 2211 septimo
720 2146 784 2197 ab
818 2148 1057 2219 omnibus
1074 2151 1314 2219 operibus
1353 2153 1497 2216 suis;
1529 2154 1623 2208 sed
1652 2163 1709 2209 et
1749 2155 1803 2210 in
1838 2157 1929 2212 illo

358 2232 586 2319 pariter,
640 2235 783 2311 nulla
837 2237 1067 2321 amplius
1118 2238 1308 2309 'mundi
1358 2243 1521 2323 hujus
1571 2243 1750 2300 futura
1801 2257 1931 2304 sunt

358 2314 546 2393 opera.
589 2325 904 2382 Non'erunt
938 2314 1086 2384 ultra
1126 2334 1347 2400 nuptiae,
1376 2318 1483 2390 non
1526 2336 1759 2405 amplius
1799 2354 1929 2395 con-

356 2422 602 2478 tractus,
657 2431 761 2469 non
817 2416 1600 2492 mercaturanagriculturam
1660 2442 1820 2496 vero,
1880 2430 1927 2487 si

356 2502 487 2570 quid
531 2502 862 2583 reliquorum
907 2509 1211 2579 studiorum
1243 2520 1326 2585 est
1363 2528 1428 2569 ac
1462 2518 1828 2591 negotiorum,
1859 2534 1928 2588 ne

354 2593 443 2648 vel
477 2593 660 2649 animo
692 2594 800 2669 illic
830 2598 1073 2668 cogitare
1111 2600 1237 2657 licet
1272 2622 1287 2679 ξ
1327 2607 1420 2660 sed
1472 2609 1638 2681 stabit
1677 2620 1924 2681 creatura

354 2685 582 2764 attonita
630 2701 695 2742 ac
731 2696 1001 2765 tremens;
1050 2681 1325 2764 sudorque,
1353 2710 1422 2767 ex
1460 2699 1734 2767 omnibus,
1763 2717 1923 2771 quem

352 2775 439 2829 vis
485 2777 632 2830 nulla
682 2788 964 2846 coerceat,
1029 2790 1285 2853 metuque
1354 2786 1595 2857 perplexi
1676 2804 1920 2848 omnes:

349 2862 480 2933 justi
520 2880 734 2936 quoque
778 2869 919 2937 apud
962 2884 1081 2935 nos,
1116 2862 1216 2940 ipsi
1264 2875 1414 2929 anxii
1466 2885 1591 2932 tunc
1635 2877 1923 2939 formidine

352 2946 560 3031 erunt,
596 2967 714 3012 utra
760 2952 835 3013 de
874 2960 982 3016 illis
1031 2965 1299 3019 sententia
1349 2965 1568 3022 ferenda
1597 2971 1688 3028 sit.
1720 2973 1837 3028 Erit
1866 2984 1923 3030 et

2030 504 2233 569 δίκαιος
2250 504 2387 558 ἑπτὰ
2417 502 2807 575 τιμηθήσεται·
2842 500 3007 556 ὀκαθ⁹
3038 501 3340 573 ὐπερϐολὴν
3373 502 3586 570 δίκαιος,

2031 595 2490 669 ἑϐδομηκοντάκις
2516 593 2674 670 έπτά.
2704 592 2767 647 Ἡ
2797 591 2907 665 γὰρ
2920 592 3014 647 τοῦ
3039 591 3174 646 Θεοῦ
3204 591 3585 664 φιλανθρωπία,

2030 686 2125 742 νῦν
2161 688 2258 758 μὲν
2285 686 2352 739 δι’
2384 685 2719 756 αἰνιγμάτων
2744 686 2877 756 ἡμῖν
2907 684 2978 738 τὰ
3008 684 3266 757 μέλλοντα
3295 684 3585 754 ὑποφαίνειο

2031 777 2155 831 τότε
2179 777 2256 842 δὲ,
2289 778 2382 830 ἐπὶ
2423 777 2522 848 τῆς
2549 774 2806 847 δευτέρας
2833 775 2996 828 αὐτοῦ
3020 774 3350 849 παρουσίας,
3395 775 3586 847 ἐναργῆ

2030 871 2129 923 καὶ
2146 867 2562 940 τετρανωμένην
2592 868 2834 939 παριστᾷ
2864 867 2964 939 τὴν
2995 866 3283 940 ἀλήθειαν·
3312 865 3474 939 δείξει
3489 866 3588 937 γὰρ

2030 958 2367 1030 τηνικαῦτα,
2410 958 2494 1022 τίς
2540 957 2702 1012 τίνων
2751 958 2901 1011 ἐστὶν
2946 955 3115 1023 ἄξιος.
3169 957 3590 1029 Ἑπταπλασίονα

2029 1051 2213 1104 τοίνυν
2243 1048 2342 1121 τὴν
2369 1048 2639 1104 ἀντίδοσιν
2670 1050 2801 1120 ἡμῖν
2828 1048 3276 1123 χρεωστουμένην
3298 1050 3411 1120 τοῖς
3431 1050 3591 1122 ἀμαρ-

2029 1141 2222 1206 τωλοῖς
2250 1141 2596 1212 συγχωρήσει
2634 1140 2662 1193 ὀ
2699 1139 2903 1212 Κύριος
2939 1138 3191 1205 ἐνταῦθα,
3227 1139 3279 1191 εἰ
3318 1137 3409 1191 διὰ
3438 1156 3590 1209 μετατ-

2031 1233 2180 1297 νοίας
2230 1231 2325 1285 καὶ¹
2378 1230 2821 1302 έξομολογήσεως
2873 1228 3181 1301 ἐξιλεωθείη
3244 1230 3375 1301 παρ’
3417 1228 3586 1301 ἡμῶν.

2032 1324 2218 1389 Ὥστε,
2265 1322 2466 1386 εἰδότες
2510 1323 2610 1394 τήν
2661 1321 2897 1394 φοϐερὰν
2942 1320 3160 1392 ἐκείνην
3197 1321 3431 1394 ἡμέραν,
3473 1318 3589 1395 ὲνῇ

2028 1415 2380 1485 τεταμίευται
2408 1417 2521 1478 τοῖς
2563 1412 2796 1467 ἐνταῦθα
2841 1413 3182 1485 ἡμαρτηκόσι
3214 1413 3249 1483 ἡ
3279 1411 3415 1483 πρὸς
3443 1411 3591 1479 ἀξίαν

2027 1506 2135 1580 τῶν
2152 1505 2563 1580 ἁμαρτημάτων
2581 1504 2965 1577 ἀντιμέτρησις
2993 1504 3088 1557 καλ⁵
3116 1504 3494 1573 ἀντισήκωσις,
3508 1500 3592 1556 8ιά

2032 1578 2317 1669 μετανοίας
2332 1597 2389 1651 ὲν
2405 1597 2517 1665 ζωῇ
2534 1594 2894 1668 προλαϐόντες
2909 1593 3261 1665 ἀναλύσωμεν
3275 1591 3343 1647 τὰ
3355 1593 3593 1664 ἁμαρτή-

2034 1705 2198 1759 ματα,
2222 1689 2310 1742 ἵνα
2338 1689 2455 1741 ἐκεῖ
2477 1686 2568 1741 τὸν
2595 1685 3077 1757 πολυπλασιασμδν
3104 1684 3205 1755 τῆς
3234 1684 3486 1738 ἐπιπόνου
3500 1678 3592 1754 καὶ

1958 1759 2004 1815 Β
2030 1779 2297 1859 ὀδυνηρᾶς
2332 1778 2652 1848 ἀντιδόσεως
2698 1779 2954 1846 ἐκφυγεῖν
2986 1774 3364 1848 δυνηθείημεν.

2101 1870 2154 1925 9.
2204 1862 2468 1941 Ἐϐδόμην
2526 1870 2705 1923 τοίνυν
2750 1866 2954 1939 ταύτην
3002 1867 3215 1940 ἡμέραν
3255 1864 3592 1938 λογισώμεθα

2030 1961 2247 2032 ἐκείνης
2268 1959 2372 2031 τῆς
2400 1942 2635 2030 ἑϐδόμης
2656 1958 2754 2031 τῆς
2774 1956 3083 2021 συντελείας
3109 1956 3203 2011 τοῦ
3254 1957 3449 2019 αἰῶνος
3473 1956 3593 2010 τού-

2028 2034 2124 2108 του
2152 2044 2464 2107 ἀντίτυπον.
2493 2034 2758 2120 Ἐίπωμεν
2781 2049 2962 2102 τοίνυν
2978 2066 2991 2079 ·
3016 2049 3127 2102 Καὶ
3154 2047 3531 2103 κατέπαυσεν
3558 2050 3592 2103 ό

2031 2145 2175 2210 Θεὸς
2201 2144 2280 2213 τῇ
2300 2142 2493 2212 ἡμέρᾳ
2522 2140 2598 2211 τῇ
2613 2140 2830 2211 ἐϐδόμῃ
2856 2141 2973 2197 ἀπὸ
3004 2139 3245 2195 πάντων
3268 2139 3389 2194 τῶν
3407 2139 3592 2210 ἔργων

2027 2235 2234 2290 αὐτοῦ.
2267 2235 2381 2289 Καὶ
2402 2218 2469 2307 ὲν
2492 2233 2678 2305 ἐκείνῃ
2699 2232 2756 2307 δὲ
2784 2232 3004 2304 ὁμοίως,
3033 2231 3214 2285 οὐκέτι
3241 2231 3310 2284 τά
3335 2230 3471 2303 ἔργα
3496 2229 3590 2284 τοῦ

2027 2327 2233 2396 κόσμου
2260 2306 2481 2377 τούτου)
2515 2310 2699 2376 οὐκέτι
2727 2321 2916 2407 γάμοι,
2938 2321 3120 2374 οὐκέτι
3149 2318 3588 2389 συναλλάγματα,

2026 2410 2207 2485 οὐκέτι
2245 2416 2566 2486 ὲμπορεῖαιο
2606 2413 2882 2485 γεωργίας
2923 2412 3012 2479 δὲ,
3060 2412 3096 2483 ἡ
3140 2429 3193 2464 τι
3235 2410 3344 2465 τῶν
3393 2409 3591 2464 λοιπῶν

2026 2497 2495 2580 ἐπιτηδευμάτων,
2528 2503 2630 2560 οὐκ
2657 2492 2804 2559 ἐστιν
2850 2506 2969 2559 ἐκεῖ
3008 2503 3110 2557 κᾶν
3136 2503 3416 2574 ἐννοῆσαιο
3455 2499 3591 2555 ἀλλά

2027 2604 2174 2656 πᾶσα
2214 2602 2249 2672 ἡ
2289 2598 2467 2663 κτίσις
2492 2597 2799 2669 ἐπτοημένη
2846 2596 2940 2679 καὶ
2970 2596 3225 2667 ἔντρομος
3251 2595 3469 2665 ἔστηκε,
3500 2591 3594 2647 καὶ

2028 2692 2188 2766 ἰδρὼς
2219 2692 2328 2747 ἀπὸ
2356 2690 2574 2745 πάντων
2595 2689 2983 2760 ἀκατάσχετος,
3027 2687 3123 2741 καὶ
3159 2687 3359 2750 πάντες
3384 2683 3592 2752 ἐναγώ-

2023 2800 2161 2839 νιοι·
2193 2784 2289 2837 καὶ
2339 2782 2496 2837 αὐτοὶ
2543 2783 2593 2835 οἱ
2629 2784 2761 2853 παρ’
2792 2783 2926 2853 ἡμῖν
2949 2780 3167 2859 δίκαιοι,
3205 2778 3289 2842 τίς
3314 2794 3442 2831 ποτε
3483 2777 3593 2850 ἄρα.

2021 2876 2204 2947 ψῆφος
2249 2876 2379 2947 περὶ
2423 2875 2601 2929 αὐτῶν
2659 2873 3090 2947 ἐξενεχθήσεται.
3174 2871 3285 2924 Καὶ
3344 2867 3595 2941 Ἀϐραὰμ

2021 2968 2315 3038 ἀγωνιάσει
2336 2968 2479 3033 τότε,
2504 2967 2602 3037 οὐχ
2619 2966 2694 3030 ὡς
2726 2966 3023 3037 καταδίκην
3048 2965 3129 3027 εἰς
3152 2963 3378 3033 γέενναν
3416 2977 3592 3032 προσ-

350 3046 696 3127 abrahamus
750 3059 875 3106 tunc
930 3054 1122 3109 anxius
1171 3071 1236 3111 ac
1289 3056 1579 3126 sollicitus,
1618 3077 1723 3117 non
1776 3066 1922 3121 velut

2027 3061 2217 3128 δοκῶν,
2239 3060 2355 3115 ἀλλ’
2388 3061 2446 3115 ἐν
2477 3059 2607 3130 ποίᾳ
2632 3057 2784 3124 τάξει
2822 3058 2930 3112 τῶν
2961 3057 3189 3135 δικαίων
3210 3054 3547 3146 ταχθὴσεται
3572 3065 3585 3083 ’

351 3139 445 3221 qui
479 3141 867 3221 in_'gehennam
894 3144 1171 3199 detrusum
1219 3162 1280 3203 se
1313 3148 1379 3203 iri
1411 3162 1712 3221 exspectet,
1743 3156 1839 3212 sed
1869 3158 1923 3213 in

351 3218 458 3300 q‘ua
506 3218 775 3301 justorum
822 3236 1031 3305 classe;
1084 3240 1276 3308 prima,
1324 3245 1583 3312 secunda,
1625 3256 1718 3301 aut
1764 3250 1923 3307 tertia

350 3324 612 3408 locandus
648 3326 738 3381 sit.
792 3327 1055 3385 Dominus
1101 3332 1169 3388 de
1211 3333 1351 3389 coelo
1387 3336 1603 3392 advenit
1634 3361 1645 3394 :
1679 3342 1925 3398 revelan-

352 3425 443 3469 tur
512 3417 759 3474 caelestes
829 3428 1144 3490 potestates,
1202 3424 1357 3481 caelis
1417 3427 1682 3498 diruptis;
1746 3435 1925 3491 onmis

353 3518 603 3563 creatura
656 3511 1004 3567 tremebunda
1061 3523 1316 3585 metuque
1366 3521 1748 3587 contrahetur;
1789 3526 1920 3595 quia

352 3605 407 3667 et
468 3596 567 3666 ipsi
628 3597 854 3654 forsitan
916 3601 1090 3671 angeli
1161 3606 1417 3661 astabunt
1475 3617 1624 3664 metu
1684 3615 1923 3682 perculsi

353 3700 416 3767 ac
454 3687 651 3759 pavidi,
709 3705 814 3743 non
857 3703 919 3744 ea
963 3693 1174 3748 ratione
1206 3697 1349 3765 quod
1398 3699 1466 3752 de
1508 3700 1624 3775 suis
1676 3710 1923 3759 metuant

350 3777 513 3871 35.3
540 3779 772 3856 delictis,
802 3784 895 3837 sed
920 3774 1061 3852 quod
1094 3785 1361 3867 gloriosus
1398 3801 1813 3871 praepoten‘sque
1827 3794 1922 3864 ju-

353 3852 490 3925 dicis
521 3884 868 3955 conspectus,
891 3852 1355 3947 cunctisrperinde
1382 3867 1585 3943 creatis
1622 3862 1707 3955 sui
1751 3875 1921 3965 ipsius

350 3968 556 4040 metum
574 3961 916 4018 immissurus
934 3965 1025 4019 sit.
1052 3964 1173 4041 Non
1196 3968 1352 4024 audis
1383 3971 1580 4025 Isaiam
1603 3972 1875 4031 dicentem
1902 3961 1917 4033 Ξ

352 4034 413 4125 Si
441 4053 707 4123 aperueris
749 4053 956 4120 caelum,
996 4040 1192 4131 tremor
1228 4062 1579 4128 apprehendet
1604 4080 1670 4117 ea:
1695 4075 1745 4119 te
1772 4083 1922 4122 mon-

351 4154 424 4227 tes
438 4142 519 4196 ³⁸2
533 4143 726 4213 quibus
739 4136 876 4200 diem
897 4146 1044 4229 illum
1058 4126 1383 4207 subindicat.
1399 4155 1481 4209 Ab
1495 4155 1611 4226 ejus
1624 4169 1917 4229 conspectu

349 4246 500 4311 mare
533 4232 871 4302 conglaciat,
905 4249 994 4291 res
1040 4251 1230 4292 omnes
1264 4234 1691 4311 obstupescunt,
1727 4254 1916 4300 natura

349 4325 633 4404 emoritur,
671 4340 762 4381 ars
793 4330 968 4401 omnis
1013 4318 1279 4384 rhetorica
1323 4343 1480 4387 vacat
1519 4336 1917 4415 verborumque

2023 3153 2237 3226 πρώτῃ,
2269 3153 2303 3225 ἢ
2347 3152 2595 3224 δευτέρᾳ,
2625 3151 2656 3223 ἥ
2704 3150 2880 3224 τρίτῃ.
2908 3149 3112 3232 Κύριος
3138 3148 3196 3215 ἐξ
3226 3144 3457 3221 οὐρανοῦ
3485 3161 3593 3199 πα-

2025 3247 2337 3321 ραγίνεταιο
2387 3247 2442 3299 αἰ
2488 3245 2736 3317 οὐράνιαι
2787 3243 3045 3314 δυνάμεις
3091 3239 3592 3321 ἀποκαλύπτονται,

2021 3336 2265 3408 οὐρανῶν
2316 3335 2705 3407 ῥηγνυμένωνο
2774 3335 2924 3387 πᾶσα
2969 3333 3002 3404 ἡ
3067 3330 3244 3394 κτίσις
3289 3331 3347 3382 ὲν
3400 3329 3596 3400 τρόμῳ

2022 3428 2116 3481 καὶ
2155 3425 2415 3497 συστολῇ·
2458 3424 2745 3479 καὶ“αὐτοὶ
2790 3425 2840 3477 οἱ
2884 3422 3103 3492 ἄγγελοι
3138 3419 3408 3492 περιδεεῖς
3446 3416 3596 3501 τάχα

2022 3518 2419 3591 παρίστανται,
2457 3516 2556 3587 οὐχ
2610 3516 2690 3568 ὅτι
2745 3513 2876 3585 περὶ
2917 3510 3332 3584 ἁμαρτημάτων
3371 3506 3597 3561 οἰκείων

2019 3609 2272 3673 δεδίασιν,
2313 3608 2427 3662 ἀλλ’
2456 3609 2536 3661 ὅτι
2584 3608 2618 3679 ἡ
2656 3605 2863 3673 ἔνδοξος
2895 3605 2989 3658 καὶ
3017 3600 3454 3674 μεγαλοδύναμος
3489 3597 3593 3652 τοῦ

2021 3700 2209 3772 κριτοῦ
2253 3699 2564 3769 ἐπιφάνεια,
2600 3699 2765 3750 πᾶσιν
2805 3695 3007 3767 ὁμοίως
3036 3695 3150 3756 τοῖς
3177 3692 3458 3761 γεννητοῖς
3494 3687 3598 3742 τὸν

2021 3778 2224 3861 ἑαυτῆς
2280 3789 2539 3861 ἐμϐάλλει
2589 3787 2771 3858 φόϐον.
2827 3786 2941 3839 Οὐκ
2981 3782 3202 3846 ἀκούεις
3227 3781 3321 3835 τοῦ
3365 3780 3596 3834 Ἡσαΐου

2019 3883 2288 3952 λέγοντος,
2345 3882 2487 3936 Ἐὰν
2513 3878 2760 3948 ἀνοίξῃς
2783 3877 2889 3932 τόν
2915 3875 3174 3945 οὐρανόν
3196 3915 3213 3942 ,
3244 3874 3456 3943 τρόμος
3474 3871 3598 3941 λή-

2018 3977 2195 4043 ψεται
2227 3972 2347 4027 ἀπὸ
2371 3972 2488 4026 σοῦ
2538 3971 2683 4039 όρη;
2713 3969 2843 4041 περὶ
2883 3968 2980 4038 τῆς
3011 3964 3469 4038 ἡμέραςοὲκείνης
3506 3963 3600 4016 αἰ·-

2021 4056 2356 4134 νιττομένου,
2413 4063 2470 4115 ὲν
2627 4059 2874 4113 θάλασσα
2933 4057 3200 4127 πέπηγεν,
3234 4056 3291 4108 ὲν
3343 4047 3601 4128 ᾖκτίσις

2021 4136 2362 4226 σχολάσει,ἠ
2418 4152 2580 4223 φύσις
2611 4150 2971 4222 νενέκρωται,
3026 4149 3176 4202 πᾶσα
3230 4145 3452 4218 μέθοδος
3501 4142 3601 4198 διὰ

2019 4246 2190 4315 λόγων
2222 4244 2386 4316 ἀργὴ,
2422 4245 2556 4314 πρὸς
2591 4241 2689 4314 τὴν
2724 4241 2782 4307 ἐξ
2808 4240 3052 4310 οὐρανῶν
3089 4239 3182 4292 τοῦ
3211 4236 3347 4291 Θεοῦ
3399 4236 3602 4308 ἐπιδη-

2023 4337 2171 4409 μίαν.
2195 4333 2329 4388 Τότε
2359 4330 2696 4409 ἀρπάζονται
2726 4331 2776 4384 οἱ
2804 4330 3021 4397 δίκαιοι,
3051 4328 3147 4382 καὶ
3189 4329 3439 4399 ὀχήματα
3486 4328 3600 4381 αὐ-

348 4404 603 4495 tacultas,
628 4417 699 4471 ob
723 4417 815 4471 Dei
844 4433 875 4472 e
901 4418 1055 4473 caelis
1083 4421 1394 4475 adventum.
1428 4423 1582 4479 Tunc
1609 4408 1751 4481 enim
1772 4404 1907 4494 ju—sti

2027 4404 2129 4480 τῶν
2191 4426 2248 4476 αἰ
2296 4404 2548 4492 νεφέλαι,
2588 4420 2683 4474 καὶ
2738 4418 3055 4491 προπομποὶ
3106 4417 3284 4472 αὐτῶν
3342 4415 3598 4485 ἄγγελοι.

348 4493 654 4587 rapientur,
683 4522 981 4577 eorumque
1009 4523 1201 4566 currus
1233 4499 1405 4588 nubes
1433 4522 1623 4581 erunt,
1653 4531 1717 4571 ac
1746 4517 1915 4589 dedu-

347 4578 473 4669 cent
506 4597 701 4663 angeli.
732 4595 881 4651 Tunc
908 4598 1037 4667 justi
1076 4598 1233 4668 quasi
1267 4583 1458 4667 stellae,
1488 4617 1518 4655 e
1549 4578 1691 4673 terra
1721 4604 1772 4658 in
1798 4584 1914 4658 icte-

342 4686 460 4742 lum
510 4688 871 4761 recipientur;
917 4703 1229 4759 peccatores
1265 4706 1392 4747 vero
1435 4684 1914 4765 vincti,peccato-

344 4767 467 4856 rum
500 4768 719 4856 proprio
747 4781 985 4848 pondere
1008 4782 1283 4852 prtepediti
1317 4784 1383 4837 ad
1415 4784 1627 4856 inferna
1648 4776 1912 4841 cadentes

337 4850 628 4935 iacebunt;
652 4869 773 4936 ipso
802 4862 1153 4927 ‘conscientiaé
1186 4874 1499 4943 prmjudicio
1526 4876 1761 4934 confusi.

414 4956 504 5011 10.
546 4956 782 5012 Octavus
806 4958 970 5029 igitur
993 4960 1081 5014 ille
1106 4962 1221 5016 dies
1254 4964 1421 5020 hocce
1447 4966 1681 5035 septimo
1711 4968 1910 5039 ﬁgura-

335 5060 450 5105 lut‘.
485 5048 557 5104 Et
594 5051 837 5119 requievit
867 5050 1010 5105 Deus
1041 5052 1125 5106 die
1164 5044 1382 5120 septimo
1419 5056 1485 5110 ab
1518 5060 1757 5113 omnibus
1787 5077 1911 5131 ape-

336 5145 484 5200 ribus
507 5145 636 5200 suis.
664 5145 779 5201 Non
798 5146 910 5218 jam
945 5147 1179 5216 amplius
1198 5190 1213 5214 ,
1240 5164 1361 5218 quae
1388 5159 1514 5206 sunt
1536 5152 1697 5221 hujus
1724 5154 1908 5210 stcculi

334 5237 572 5307 vitaeque
606 5255 866 5306 munera,
914 5257 1015 5295 nec
1050 5257 1167 5310 quae
1216 5240 1306 5297 hic
1351 5244 1589 5298 carnalia
1641 5246 1908 5300 desideria

336 5331 674 5390 comitantur
713 5345 859 5388 vota.
901 5332 1001 5388 Illo
1040 5334 1127 5389 die
1156 5337 1432 5404 consopita
1466 5345 1623 5391 erunt
1651 5338 1909 5407 juvenilia

338 5418 610 5471 desideria
640 5435 705 5474 ac
735 5421 1011 5477 libidines.
1041 5423 1195 5479 Nulla
1219 5424 1331 5494 jam
1354 5424 1576 5481 fmderis
1599 5427 1906 5496 nuptiarum

337 5496 568 5586 attonita
599 5497 905 5582 vesanaque
931 5499 1135 5584 libido,
1166 5516 1400 5587 prOlisve
1425 5502 1779 5588 suscipiendae
1808 5534 1905 5574 cu-

336 5595 484 5696 pido.
508 5594 661 5651 Nulla
680 5598 794 5669 jam
825 5603 944 5659 auri
964 5606 1287 5677 corrogandi
1313 5621 1445 5663 cura
1473 5621 1538 5665 ac
1569 5607 1899 5666 sollicitudo.

405 5710 578 5795 ιειειιο
613 5730 767 5807 um
799 5719 848 5799 ιε

2022 4517 2155 4570 Τότε
2184 4514 2379 4567 δίκαιοι
2422 4512 2541 4583 μὲν,
2567 4511 2642 4574 ὡς
2690 4510 2937 4579 ἀστέρες,
2983 4509 3090 4562 ἀπὸ
3110 4510 3213 4579 γῆς
3253 4509 3332 4572 εἰς
3357 4507 3604 4578 οὐρανὸν

2019 4606 2494 4678 ἀναλαμϐάνονται
2515 4620 2529 4634 °
2563 4605 2614 4657 οἰ
2642 4603 2699 4657 δὲ
2723 4602 3056 4675 ἁμαρτωλοὶ,
3100 4602 3329 4673 δέσμιοι,
3352 4599 3432 4670 τῷ
3468 4599 3603 4669 ἰδίῳ

2021 4702 2177 4773 βάρει
2209 4699 2318 4753 τῶν
2335 4698 2745 4770 ἁμαρτημάτων
2774 4688 3167 4767 πεπεδημένοι,
3201 4694 3353 4750 κάτω
3390 4694 3605 4748 πεσόν-

2015 4811 2108 4858 τες
2126 4795 2333 4846 κεϊνται
2357 4790 2773 4862 δυσσυνείδητοι.

2089 4977 2178 5052 10.
2222 4975 2467 5053 Ἐκείνην
2491 4972 2585 5053 οὐν
2613 4974 2712 5047 τὴν
2732 4973 2923 5046 ὀγδόην
2954 4974 3163 5054 ἡμέραν
3194 4971 3330 5049 αὕτη
3356 4972 3390 5043 ἡ
3433 4970 3606 5026 ἑϐδό-

2019 5086 2095 5142 μη
2135 5054 2637 5139 διασχηματίζεται.
2692 5064 2805 5119 Καὶ
2860 5060 3244 5119 κατέπαυσεν
3274 5064 3306 5116 ὁ
3336 5060 3483 5127 Θεὸς
3513 5059 3605 5130 τῇ

2015 5159 2208 5230 ἡμέρᾳ
2233 5157 2309 5227 τῇ
2340 5158 2557 5234 ἐϐδόμῃ
2581 5155 2699 5211 ἀπὸ
2730 5155 2971 5210 πάντων
2999 5154 3119 5210 τῶν
3153 5154 3340 5224 ἔργων
3369 5152 3600 5207 αὑτοῦ.

2016 5251 2212 5307 Οὐκέτι
2242 5249 2311 5303 τά
2332 5248 2426 5302 τοῦ
2463 5248 2575 5320 βίου
2592 5246 2801 5312 τούτου,
2828 5246 2948 5299 οὐδὲ
2966 5245 3035 5299 τὰ
3072 5241 3607 5316 παρακολουθοῦντα

2014 5340 2249 5396 ἐνταῦθα
2306 5342 2425 5404 ταῖς
2474 5341 2761 5411 σαρκικαῖς
2816 5335 3082 5408 ὀρέξεσιν.
3133 5336 3220 5388 Ἐν
3266 5332 3454 5406 έκείνῃ
3521 5335 3604 5403 τῇ

2012 5432 2198 5507 ἡμέρᾳ
2255 5430 2626 5505 ἐκοιμήθησαν
2670 5427 2954 5499 ἐπιθυμίαι
2982 5424 3338 5506 νεωτερικαί·
3394 5423 3607 5499 οὐκέτι

2011 5523 2145 5594 περὶ
2179 5521 2359 5594 γάμου
2397 5519 2702 5591 πτόησις,ῆ
2735 5517 3004 5589 ἐπιθυμία
3034 5514 3377 5595 παιδοποιίας
3399 5531 3414 5546 ·
3446 5531 3611 5603 χρυς-

2016 5613 2111 5671 σοῦ
2169 5613 2388 5689 φροντὶς
2414 5610 2672 5667 οὐδεμίαο
2720 5608 3012 5665 ἐπελάθετο
3038 5609 3068 5663 ὁ
3111 5602 3605 5690 φιλάργυροςτοῦ
