3838 6214
225 313 298 368 55
1215 314 1303 366 DE
1341 313 1622 369 HOMINIS
1663 314 2084 373 STRUCTUM
2122 316 2381 372 ORATIO
2418 317 2485 372 Il.
3396 322 3466 378 56

229 424 543 493 βαλαντίου,
573 425 669 479 τοῦ
698 426 963 498 ἁρπάζειν
981 429 1076 483 καὶ
1108 427 1388 499 βιάζεσθαι
1415 431 1804 504 ὁπλεονέκτης,

1911 434 2126 490 Sacculi
2150 444 2204 491 et
2224 450 2364 492 area:
2385 451 2580 491 avarus
2602 435 2988 504 obliviscetur;
3015 437 3233 508 iniquus
3259 445 3464 509 raptor,

225 516 329 585 τῆς
377 515 483 585 γῆς
529 517 559 569 6
605 516 987 587 πολυκτήμων,
1040 519 1139 588 τῆς
1184 519 1340 589 δόξης
1396 522 1425 573 6
1487 520 1804 593 δοξομανής.

230 604 422 659 Πάντα
452 606 520 659 τὰ
546 604 640 659 τοῦ
672 606 786 676 βίου
817 607 1013 680 ἐξέπτη
1042 609 1141 678 τῆς
1166 610 1421 675 διανοίας.
1470 612 1805 685 Ἀπεσϐέσθη

229 700 345 761 τοῖς
381 699 779 768 ὲπηρτημένοις
808 699 1127 771 ὁθενδήποτε
1159 700 1267 754 τῶν
1299 688 1807 772 κοσμικῶνλτούτων

232 788 668 859 προτερημάτων
725 788 823 859 τήν
852 790 1168 862 διάνοιαν,ή
1218 791 1349 862 κενὴ
1399 792 1494 845 καὶ
1532 792 1808 845 κατάπτυ-

234 894 362 940 στος
390 878 517 944 δόξα
545 894 561 911 ⁸
592 879 692 932 οὐκ
726 879 929 949 ἐνοχλεῖ
959 880 1127 951 θυμὸς
1175 882 1308 951 πρὸς
1346 882 1556 953 ἄμυναν
1582 883 1676 936 τοῦ
1713 883 1807 937 λυ-

234 970 528 1038 πήσαντος.
569 968 752 1024 Πάντα
800 972 982 1023 ἐκεῖνα
1020 969 1299 1023 ἐκλέλοιπε
1352 971 1651 1042 τηνικαῦτα
1711 971 1804 1025 τοῦ

233 1058 495 1129 λογισμοῦ
517 1075 531 1088 ⁸
582 1062 616 1130 ἡ
669 1060 812 1131 ψυχή
841 1060 897 1112 δὲ
938 1061 1072 1130 πρὸς
1110 1061 1187 1132 τῷ
1219 1060 1468 1131 φοϐοῦντί
1501 1065 1636 1128 ἐστι,
1672 1062 1807 1134 πρὸς

232 1153 301 1221 τῇ
360 1152 655 1223 προσδοκίᾳ
691 1152 797 1206 τῶν
837 1152 1226 1223 ὲτπιρτημένων
1268 1154 1453 1207 δεινῶν
1481 1171 1495 1184 ο
1532 1156 1711 1209 ὅντινα
1741 1155 1805 1227 δὴ

232 1240 399 1310 φόϐον
429 1241 586 1305 Θεοῦ,
620 1243 668 1293 εί
709 1243 801 1294 καὶ
847 1242 1081 1297 ἐνταῦθα
1124 1242 1373 1315 δυνηθείη
1411 1260 1495 1307 τις
1538 1245 1805 1298 ὲσοικίσαι

231 1336 302 1403 τῇ
335 1332 441 1403 ἰδίᾳ
469 1332 614 1404 ψυχῇ
646 1333 1017 1397 ἀνέκλειπτον,
1055 1333 1087 1404 ἢ
1114 1333 1341 1404 οὑδὲν,ἢ
1388 1334 1594 1405 βραχέα
1644 1335 1806 1406 τυχὸν

232 1425 629 1495 ἁμαρτήσεται.
653 1424 765 1477 Καὶ
804 1424 1074 1477 ἔπλασεν
1102 1427 1134 1478 ὀ
1163 1424 1306 1489 Θεὸς
1338 1425 1445 1477 τὸν
1473 1425 1807 1494 ἄνθρωπον,

232 1515 389 1585 χοῦν
417 1515 618 1569 λαϐὼν
645 1514 763 1569 ἀπὸ
812 1514 916 1583 τῆς
946 1513 1074 1585 γῆς.
1116 1516 1229 1571 Οὐκ
1253 1515 1590 1587 ἐπανάληψιν
1617 1516 1807 1571 τοῦτον

231 1606 327 1659 τὸν
364 1604 615 1676 περὶτῆς
639 1606 981 1676 κατασκευῆς
1012 1605 1106 1659 τοῦ
1136 1605 1424 1677 ἀνθρώπου
1469 1606 1628 1675 λόγον
1663 1609 1804 1678 ἡγη-

233 1696 375 1761 τέον,
411 1698 460 1750 εί
511 1697 606 1749 καί
628 1713 738 1750 τισι
784 1696 1049 1766 φαίνεται,
1102 1696 1215 1751 ἀλλ’
1256 1697 1574 1752 ἀκολουθίαν
1605 1698 1804 1769 μᾶλλον

1908 527 2150 596 rapiendi
2181 528 2263 581 vis
2296 541 2360 581 ac
2384 527 2635 597 injuriae;
2669 528 3011 597 praediorum,
3041 527 3314 596 locuples;
3348 526 3466 597 glo-

1907 619 2001 670 riae
2020 626 2076 672 et
2097 617 2385 683 claritatis,
2417 618 2735 672 ambitiosus
2763 617 2951 672 insane
2970 618 3272 687 deperiens.
3300 616 3468 684 Quid-

1905 707 2033 778 quid
2057 723 2236 763 rerum
2263 707 2443 763 saeculi
2475 718 2576 773 est,
2601 708 2781 763 animo
2804 709 3026 764 excidit.
3052 708 3333 765 Exsﬁncta
3359 701 3464 776 est,

1905 799 2095 869 quovis
2130 801 2346 854 tandem
2380 799 2540 855 modo
2570 799 2727 857 elatis
2754 799 2933 857 animo
2963 799 3143 857 saeculi
3174 800 3328 853 hisce
3352 814 3469 854 ma-

1905 888 2118 959 gnificis
2149 889 2396 953 dotibus,
2437 904 2608 953 vana,
2645 887 2987 957 despicabilis
3018 903 3081 942 ac
3111 886 3460 956 conspuenda

1908 979 2102 1048 gloria.
2135 977 2283 1032 Nihil
2311 976 2423 1046 iam
2456 978 2686 1039 molesta
2720 977 2800 1030 ira
2831 977 2912 1036 ad,
2935 977 3050 1044 eius
3081 976 3338 1033 ultionem
3368 975 3463 1045 qui

1906 1070 2153 1125 molestia
2187 1067 2385 1125 aﬂ'ecit.
2412 1069 2617 1130 Cuncta
2646 1069 2734 1125 illa
2759 1080 2888 1127 tunc
2916 1069 3097 1127 animo
3120 1069 3460 1124 abscessere:

1906 1174 2013 1214 uno
2037 1160 2217 1213 anima
2259 1173 2521 1228 suspensa
2556 1160 2813 1217 terrentis
2844 1166 2984 1213 metu
3005 1197 3022 1223 ,
3053 1173 3159 1212 una
3195 1157 3464 1213 malorum

1907 1249 2305 1305 imminentium
2338 1251 2742 1319 exspectatione
2778 1263 2795 1303 :
2827 1264 2986 1315 quem
3013 1249 3211 1319 utique
3246 1249 3341 1304 Dei
3394 1250 3461 1303 ti-

1906 1354 2136 1405 morem,
2169 1340 2415 1409 quisquis
2454 1339 2854 1401 indeﬁcientem
2893 1354 2991 1393 suo
3018 1339 3199 1394 animo
3224 1338 3338 1393 vita
3365 1338 3467 1394 hac

1906 1430 2167 1487 inducere
2212 1430 2488 1500 potuerit,
2539 1440 2634 1484 aut
2672 1430 2805 1493 nihil
2842 1441 2936 1484 aut
2980 1444 3142 1500 quam
3182 1429 3466 1485 minimum

1905 1522 2068 1590 plane
2095 1521 2359 1590 peccabit.
2391 1520 2460 1574 Et
2487 1521 2609 1589 fecit
2642 1520 2791 1583 Deus,
2812 1519 3107 1585 hominem,
3153 1528 3356 1587 sumpto
3400 1519 3466 1572 de

1904 1623 2044 1665 terra
2082 1610 2291 1681 pulvere
2322 1611 2389 1667 ³⁵.
2421 1610 2561 1667 Cave
2605 1611 2752 1665 hunc
2797 1612 2863 1665 de
2917 1609 3153 1665 hominis
3195 1616 3466 1666 structura

1907 1688 2208 1757 sermonem
2258 1711 2589 1771 resumptam
2622 1701 2987 1756 narrationem
3034 1700 3345 1766 existimes,
3375 1705 3462 1753 ta-

233 1785 531 1839 ἁδιάκοπον
562 1784 663 1855 τῆς
691 1786 962 1856 προτέρας
1008 1786 1137 1857 περὶ
1166 1786 1353 1840 τούτου
1389 1788 1801 1859 ἐπιχειρήσεως,

1911 1790 2063 1844 metsi
2121 1789 2392 1845 nonnullis
2418 1790 2491 1844 ita
2517 1790 2746 1854 videtur,
2773 1789 2868 1844 sed
2894 1788 3065 1857 magis
3096 1787 3466 1843 inintercisam

233 1876 331 1928 καὶ
365 1877 713 1946 συνημμένην
743 1876 906 1929 οἱονεὶ
940 1878 1007 1946 τῇ
1058 1876 1429 1948 προκατάρξει
1470 1876 1801 1948 συμπλήρω-

233 1984 321 2019 σιν
351 1967 449 2037 τῆς
480 1966 804 2038 διηγήσεως.
855 1965 1040 2021 Εἰπὼν
1072 1967 1203 2040 γὰρ,
1226 1970 1307 2021 ὅτι
1331 1968 1582 2039 ἐποίησεν
1614 1970 1642 2022 6
1671 1967 1803 2030 Θεὸς

230 2042 654 2127 τὸνάνθρωπον,
693 2058 789 2112 καὶ
820 2057 889 2112 τά
926 2057 1052 2130 ἑξῆς
1092 2059 1334 2131 περὶτοῦ
1376 2059 1557 2125 αὐτοῦ,
1583 2059 1675 2120 καὶ
1706 2059 1801 2128 δη-

231 2149 437 2218 λώσας,
464 2152 545 2204 ὅτι
576 2153 633 2205 ὲν
671 2153 735 2222 τῇ
777 2153 991 2223 ποιήσει
1010 2151 1103 2205 τοῦ
1135 2150 1422 2223 ἀνθρώπου
1464 2151 1819 2214 συνετέλεσεν,

232 2241 417 2305 ὀΘεδς
468 2240 647 2296 πάντα
704 2243 772 2296 τὰ
821 2242 914 2296 τοῦ
953 2243 1155 2314 κόσμου
1185 2242 1341 2314 ἔργα,
1370 2243 1472 2313 τῆς
1513 2243 1681 2314 αὐτῆς
1709 2241 1804 2296 καὶ

231 2332 399 2386 πάλιν
431 2332 612 2403 ἔχεται
638 2335 768 2405 περὶ
799 2333 892 2387 τοῦ
926 2333 1212 2405 ἀνθρώπου
1235 2335 1560 2407 διηγήσεως,
1595 2351 1802 2405 συνημ-

237 2423 416 2492 μένως
442 2423 537 2475 καὶ
575 2422 1015 2494 ἀμεσολαϐήτως,
1048 2423 1480 2496 ἐπεργαζόμενος
1511 2424 1671 2477 οἱονεὶ
1711 2422 1829 2496 καὶ.

231 2511 574 2581 λεπτολογῶν
601 2512 692 2565 τὸν
718 2513 914 2584 τρόπον
946 2512 1046 2583 τῆς
1069 2513 1260 2566 τούτου
1299 2514 1586 2585 ποιήσεως.
1647 2511 1806 2583 Πρῷ-

230 2621 328 2657 τον
377 2603 480 2674 μὲν
511 2602 620 2675 γὰρ
677 2597 828 2655 εἶπεν
872 2594 1107 2666 ἁπλῶς(
1130 2603 1446 2670 Ἐποίησεν
1474 2605 1506 2655 ὀ
1533 2599 1675 2669 Θεὸς
1699 2592 1820 2670 τόν,

230 2695 580 2763 ἄνθρωπον*
631 2695 747 2747 νυνὶ
786 2693 843 2746 δὲ
891 2693 1217 2766 προστίθησι
1259 2693 1353 2746 καλ¹
1398 2692 1515 2762 πῶς
1558 2693 1815 2763 ἐποίησε,

233 2783 365 2854 χοῦν
397 2779 575 2835 λαϐὼν
594 2781 704 2834 ἀπὸ
742 2780 840 2849 τῆς
886 2782 1006 2849 γῆς.
1047 2781 1213 2833 Ὅταν
1241 2774 1333 2832 οὖν
1391 2777 1628 2851 ἀκούσῃς
1655 2776 1805 2849 χοῦν,

232 2871 492 2926 παιδεῦον
524 2872 929 2942 μετριοφρονεῖν
949 2889 960 2900 ·
1000 2870 1074 2940 μὴ
1098 2868 1209 2922 οἴου
1248 2867 1456 2939 μεγάλα
1486 2870 1613 2939 περὶ
1645 2884 1805 2919 σεαυ-

231 2964 352 3019 τοῦ.
386 2964 556 3016 Ὅταν
607 2961 986 3033 προσϐάλλωσί
1035 2978 1115 3014 σοι
1171 2959 1442 3029 λογισμοὶ,
1491 2960 1807 3031 ἐπαίροντες

232 3058 335 3125 τὴν
364 3055 461 3126 σὴν
505 3053 755 3126 καρδίαν,
790 3053 883 3107 καὶ
935 3052 1090 3122 δίκην
1125 3051 1435 3122 φλεγμονῆς
1482 3050 1811 3118 ὲξοιδοῦντες

233 3151 319 3210 εἰς
343 3145 670 3214 κενοδοξίαν,
705 3147 738 3217 ἢ
768 3148 832 3198 ὲκ
851 3143 1023 3214 τύχης
1044 3142 1250 3207 ἁπλῶς,
1281 3142 1315 3214 ἢ
1344 3143 1438 3196 καὶ
1464 3142 1571 3196 ἀπὸ
1615 3160 1808 3214 προτε-

236 3236 499 3309 ρημάτων
528 3238 623 3291 καὶ
669 3235 1108 3307 κατορθωμάτων
1162 3232 1347 3297 τινῶν,
1402 3232 1812 3304 ἀντεισαχθὴτω

233 3345 322 3383 σοι
350 3329 595 3399 παρευθὺ
629 3329 662 3399 ή
696 3328 792 3399 τῆς
821 3325 1068 3389 πλάσεώς
1098 3342 1191 3379 σου
1211 3324 1535 3397 ὑπόμνησις,
1561 3325 1654 3377 καὶ
1683 3323 1809 3377 σύν-

232 3440 315 3487 ες,
341 3423 492 3485 ὅπως
533 3419 809 3490 ὲκτίσθης,
838 3417 1032 3480 καινῶς
1065 3415 1192 3495 χοῦς
1225 3412 1277 3468 εἷ
1300 3416 1361 3468 τὸ
1399 3415 1540 3481 ὅλον,
1589 3415 1682 3468 καὶ
1712 3414 1811 3484 τῆς

234 3514 343 3568 ὑπὸ
372 3512 465 3566 σοῦ
496 3511 842 3582 πατουμένης
869 3510 972 3581 γῆς
1003 3508 1377 3580 ἀπογέννημα.
1415 3506 1485 3561 Εἴ
1504 3524 1557 3560 τι
1591 3504 1722 3575 γοῦν
1753 3509 1811 3560 ὲν

234 3605 375 3675 αὐτῇ
414 3603 614 3673 διάγων
661 3601 918 3666 ἐκτελεῖς,
958 3599 1062 3653 κᾶν
1120 3599 1261 3670 μέγα
1293 3638 1308 3663 ,
1354 3599 1455 3652 κᾶν
1501 3597 1716 3669 μικρὸν,
1752 3596 1811 3663 ἐξ

237 3696 505 3762 ὑπογυίου
542 3694 684 3764 ἔχεις
708 3693 769 3746 τὸ
828 3693 1126 3763 ὑπόμνημα
1153 3691 1252 3763 τῆς
1277 3690 1501 3744 σεαυτοῦ
1549 3689 1814 3743 ταπεινώ-

235 3804 398 3849 σεως.
418 3786 483 3838 Ei
507 3785 677 3855 θυμὸς
704 3783 911 3852 ἐνοχλεῖ
936 3799 1037 3847 σοι,
1065 3781 1224 3852 ἰευχὸν
1250 3781 1338 3835 διά
1378 3781 1438 3833 τὸ
1469 3780 1810 3852 ὑϐρισθῆναι,

233 3878 470 3948 δυσγενῆ
515 3894 574 3930 σε
608 3876 853 3938 εἰπόντος
887 3875 1053 3940 τινὸς,
1086 3874 1179 3927 καὶ
1205 3873 1458 3946 διεγείρει
1498 3890 1557 3926 σε
1596 3873 1731 3945 πρὸς
1754 3871 1814 3926 τὸ

235 3969 585 4039 ἀνθυϐρίσαι,
610 3967 703 4020 καὶ
723 3967 1030 4042 τραχύτερα
1049 3958 1123 4019 ὧν
1148 3966 1387 4036 ἤκουσας
1418 3968 1696 4019 κατειπεῖν
1719 3962 1811 4017 τοῦ

236 4063 583 4133 ὑϐρίσαντος,
610 4059 889 4135 κατάγαγέ
923 4075 1014 4111 σου
1045 4057 1103 4110 τὸ
1142 4056 1359 4128 βλέμμα
1405 4055 1541 4127 πρὸς
1565 4056 1662 4126 τὴν
1688 4056 1812 4126 γῆν,

236 4155 336 4207 καὶ
366 4152 720 4222 ἐνθυμήθητι,
753 4151 873 4203 ὅθεν
897 4147 1187 4219 προῆλθες,
1223 4148 1317 4200 καὶ
1360 4145 1691 4200 ἀπέσϐεσται
1719 4146 1816 4200 αὐ·-

234 4247 368 4299 τίκα
393 4247 421 4298 6
455 4245 624 4314 θυμός
641 4261 655 4273 ·
680 4241 960 4304 συνιέντος
988 4239 1197 4310 ταχέως
1223 4236 1318 4291 τοῦ
1351 4236 1636 4307 λογισμοῦ,
1661 4238 1742 4291 ὅτι
1785 4236 1815 4289 6

236 4338 475 4407 δυσγενῆ
511 4353 569 4388 σε
602 4334 792 4399 εἰπὼν,
823 4333 919 4403 οὐχ
942 4334 1089 4394 ὅπως
1127 4330 1317 4401 ὕϐρισε
1362 4329 1440 4400 τῷ
1464 4329 1628 4399 λόγῳ,
1681 4328 1817 4382 ἀλλὰ

1904 1896 1936 1934 a
1972 1880 2185 1950 priore,
2229 1878 2331 1934 hac
2373 1879 2439 1934 de
2481 1894 2542 1934 re
2584 1887 2899 1946 argumento
2939 1880 3168 1944 seriem,
3200 1885 3280 1940 {ac
3319 1878 3470 1932 velut

1904 1971 2383 2042 coniunctumiam
2414 1979 2526 2024 tum
2558 1970 2826 2041 praeiactis
2864 1969 3038 2040 iisque
3068 1970 3279 2026 haerens
3304 1977 3483 2038 gesta:

1904 2062 1980 2117 rei
2007 2061 2467 2143 supplementum.
2488 2061 2638 2129 Dicto
2676 2061 2820 2115 enim
2850 2059 3042 2114 fecisse
3076 2058 3245 2143 Deu‘m
3294 2057 3469 2116 homi-

1905 2169 2058 2217 nem,
2090 2134 2292 2224 etaqua:
2329 2154 2393 2208 de
2433 2151 2525 2207 illo
2554 2161 2880 2221 sequuntur,
2922 2134 3255 2220 ostensoque,
3283 2146 3475 2207 absolg

1903 2247 2047 2301 visse
2075 2244 2243 2299 Deum
2269 2243 2505 2302 hominis
2532 2244 2809 2304 creatione
2828 2281 2844 2309 ,
2874 2241 3139 2313 quidquid
3159 2249 3245 2297 est
3272 2238 3464 2295 mundi

1904 2349 2160 2404 nperum,
2200 2334 2375 2389 eidem
2418 2347 2633 2404 quoque
2676 2348 2868 2388 rursus
2911 2333 2977 2386 de
3018 2331 3236 2386 homine
3273 2343 3467 2404 narra-

1906 2429 2072 2496 tioni,
2086 2430 2299 2499 juncta
2327 2442 2489 2496 opera
2525 2426 2943 2494 immediateque
2974 2424 3269 2497 incumbit;
3295 2398 3467 2477 velu‘ti

1904 2520 2238 2581 enucleatius
2291 2513 2599 2576 edisserens
2653 2518 2978 2589 tradensque
3040 2515 3293 2572 subtilius
3343 2514 3463 2586 eius

1906 2612 2124 2669 modum
2162 2610 2475 2666 creationis.
2516 2609 2652 2665 Nam
2682 2610 2915 2680 primum
2951 2608 3167 2678 quidem
3215 2606 3465 2672 dixerat,

1906 2702 2059 2758 Fecit
2088 2703 2229 2758 Deus
2248 2703 2546 2768 hominem;
2572 2714 2718 2756 nunc
2738 2714 2866 2755 vero
2895 2698 3156 2770 adiungit,
3180 2712 3286 2767 quo
3302 2697 3468 2751 etiam

1906 2794 2066 2846 modo
2090 2792 2317 2860 fecerit,
2347 2799 2562 2862 sumpto
2590 2805 2621 2846 e
2654 2798 2796 2845 terra
2834 2791 3075 2859 pulvere.
3114 2787 3248 2843 Cum
3282 2788 3469 2856 itaque

1906 2882 2177 2951 pulverem
2220 2881 2492 2949 audieris,
2525 2880 2673 2936 disce
2709 2880 2938 2938 modesti
2982 2894 3202 2934 sensum
3241 2878 3460 2945 animi;

1908 2973 2017 3028 noli
2048 2974 2116 3028 de
2147 2982 2200 3029 te
2240 2986 2433 3042 magna
2469 2985 2817 3041 praesumere.
2863 2969 2918 3024 Si
2957 2970 3281 3025 incesserint
3320 2968 3471 3036 cogi-

1908 3064 2138 3118 tationes
2163 3077 2282 3132 quae
2307 3063 2547 3116 animum
2580 3061 2825 3126 etferant,
2860 3075 2924 3116 ac
2957 3059 3105 3116 velut
3134 3059 3466 3115 inﬂammato

1909 3156 2156 3227 putrique
2185 3155 2368 3211 ulcere
2405 3155 2582 3210 inanis
2608 3153 2790 3226 gloria:
2827 3163 3119 3217 tumorem,
3143 3150 3230 3206 vel
3259 3164 3325 3205 ex
3355 3148 3470 3204 for-

1910 3256 2037 3300 tuna
2082 3245 2346 3312 absolute,
2397 3244 2483 3300 vel
2528 3260 2598 3299 ex
2651 3243 2773 3298 aliis
2824 3241 3100 3313 praeclaris
3144 3237 3363 3295 dotibus
3403 3251 3472 3292 ac

1910 3337 2202 3392 virtutibus
2232 3336 2513 3403 inducant,
2543 3334 2831 3390 confestim
2867 3340 3057 3387 contra
3088 3329 3188 3385 tibi
3218 3336 3467 3384 recurrat

1915 3439 2021 3483 tua:
2082 3425 2422 3481 formatiouis
2481 3426 2764 3480 memoria.
2817 3422 3059 3492 lntcllige
3106 3435 3209 3490 qua
3263 3418 3474 3474 ratione

1911 3528 2127 3576 creatus
2149 3520 2226 3574 sis
2253 3538 2268 3573 :
2301 3533 2364 3574 ac
2388 3517 2648 3588 quidquid
2673 3517 2886 3572 demum
2913 3529 2993 3580 es,
3022 3512 3298 3582 pulverem
3323 3524 3489 3583 esse.

1913 3622 2178 3681 terraeque
2229 3609 2499 3674 feturam,
2533 3624 2695 3679 quam
2736 3607 2842 3662 tuis
2887 3605 3186 3675 subiectam
3242 3602 3506 3674 pedibus.

1912 3702 2224 3759 conculces.
2275 3699 2334 3754 Si
2381 3699 2512 3769 quid
2567 3699 2734 3769 igitur
2780 3697 2834 3751 in
2884 3711 2948 3751 ea
3004 3695 3201 3766 degens
3243 3700 3489 3763 praestas,

1911 3790 2113 3860 operis,
2148 3786 2233 3842 vel
2278 3801 2531 3858 maguum
2553 3825 2570 3853 ,
2606 3785 2690 3840 vel
2743 3785 2999 3856 exiguum
3026 3823 3057 3851 ,_
3087 3782 3143 3837 in
3185 3782 3490 3858 procinctu

1913 3890 1995 3935 est
2041 3879 2268 3935 vilitatis
2299 3887 2402 3933 tua:
2440 3877 2860 3953 abiectionisque
2903 3884 3331 3931 monumentum.
3377 3872 3466 3928 Ira

1915 3971 1959 4025 si
1989 3969 2215 4024 molesta
2246 3968 2482 4039 ingruit,
2515 3967 2655 4022 forte
2685 3966 2826 4038 quod
2859 3966 3088 4022 violatus
3117 3963 3316 4032 injuria
3346 3963 3424 4018 sis
3448 4000 3487 4029 ,_

1914 4059 2055 4130 quod
2092 4060 2310 4128 quidam
2346 4058 2637 4128 ignobilem
2660 4043 2911 4115 dixerit:
2951 4066 3113 4126 atque
3144 4063 3203 4110 ut
3230 4053 3475 4111 vicissim

1916 4151 2169 4220 iniuriam
2193 4166 2424 4221 reponas
2451 4150 2708 4215 concitat,
2735 4149 3118 4220 asperioraque
3137 4144 3473 4216 obloquaris,

1915 4260 2075 4315 quam
2094 4245 2182 4298 ille
2197 4244 2524 4313 iniuriarum
2535 4242 2864 4312 procacitate
2883 4240 3150 4306 effuderit,
3163 4239 3348 4295 oculos
3363 4238 3480 4295 vul-

1920 4344 2139 4404 tumque
2357 4332 2413 4387 in
2451 4345 2651 4387 terram
2683 4331 2875 4399 dejice,
2908 4340 3069 4400 atque
3089 4329 3268 4384 animo
3284 4336 3474 4399 reputa

240 4429 447 4497 μᾶλλον
501 4427 594 4480 καὶ
637 4426 913 4501 ἐτίμησεν.
973 4422 1294 4492 Ἀνθρωπος
1340 4419 1449 4493 γὰρ
1500 4420 1737 4491 ἔμψυχος
1786 4422 1810 4474 6

1919 4426 2056 4479 unde
2082 4425 2444 4494 processeris,
2473 4437 2706 4491 moxque
2749 4423 2827 4476 ira
2857 4420 3117 4490 furorque
3146 4421 3474 4476 exstinctum

237 4518 508 4586 δυσγενὴς
546 4518 772 4579 ἐκεῖνος,
803 4514 906 4568 κᾶν
949 4513 1130 4576 δοῦλος
1156 4513 1241 4582 εἴη
1291 4511 1571 4582 τυγχάνων
1593 4529 1608 4545 ·
1646 4513 1710 4566 σὺ
1754 4512 1812 4565 δὲ

1918 4517 2052 4581 ibit;
2082 4531 2203 4570 cum
2237 4527 2414 4571 tecum
2444 4515 2558 4586 ipse
2581 4513 2868 4575 confestim
2901 4514 3168 4583 intelligas
3189 4552 3205 4581 ,
3231 4527 3355 4568 eum
3383 4513 3479 4591 qui

239 4610 351 4664 απὸ
381 4608 485 4679 τῆς
509 4607 715 4677 ἀψύχου
734 4606 827 4658 καὶ
861 4604 1183 4674 ἀναισθήτου
1221 4604 1325 4674 γῆς
1355 4603 1558 4675 κυρίως
1588 4603 1682 4657 καὶ
1720 4621 1810 4672 γε·-

1915 4608 2203 4679 ignohilem
2237 4607 2401 4674 dixit,
2433 4621 2541 4661 non
2576 4621 2748 4677 usque
2779 4605 2914 4660 adeo
2946 4617 3197 4660 sermone
3220 4603 3474 4672 iniuriam

237 4701 503 4771 γέννησαι
556 4699 652 4751 καὶ
685 4698 969 4767 ὑπάρχεις.
1005 4696 1166 4748 Ὥστε
1222 4696 1320 4767 οὐχ
1352 4694 1507 4767 ῦϐρις
1545 4695 1607 4748 τὸ
1627 4694 1810 4766 λεχθὲν

1919 4699 2137 4764 fecisse,
2170 4699 2296 4768 quin
2328 4698 2508 4768 p0tius
2535 4698 2694 4752 etiam
2724 4698 2927 4752 honore
2953 4694 3220 4751 affecisse.
3258 4696 3487 4761 Etenim,

239 4791 389 4845 κατὰ
411 4789 527 4854 σοῦ,
560 4787 697 4842 ἀλλά
727 4787 888 4840 πλέον
913 4787 1070 4857 τιμή.

1921 4786 2172 4855 ignobilis
2224 4786 2313 4840 ille
2341 4800 2480 4855 eque
2531 4786 2711 4856 populi
2763 4783 2922 4850 faece,
2962 4784 3123 4839 homo
3150 4793 3268 4851 est,
3312 4783 3399 4839 vel
3430 4784 3476 4839 si

239 4902 436 4941 servus
464 4885 768 4947 exstiterit;
799 4892 855 4938 tu
885 4899 1014 4937 vero
1041 4899 1108 4938 ex
1143 4880 1366 4937 inanimi
1396 4880 1647 4949 omnique
1672 4881 1927 4937 destituta
1966 4897 2127 4938 sensu
2202 4897 2330 4937 vere
2394 4892 2538 4936 terra
2606 4889 2723 4937 tum
2793 4888 3109 4950 procreatus
3135 4892 3219 4941 es,
3253 4886 3366 4945 tum
3394 4891 3498 4934 es..

244 4979 589 5045 Quapropter
614 4974 758 5043 quod
787 4974 839 5026 in
873 4982 925 5027 te
946 4972 1149 5027 dictum
1181 4983 1285 5040 est,
1317 4987 1421 5026 non
1459 4971 1678 5039 iniuria,
1707 4976 1801 5027 sed
1841 4972 2008 5043 magis
2034 4974 2211 5035 honor
2235 4981 2336 5027 est.

318 5070 408 5123 11.
435 5068 604 5122 Πάλιν
627 5068 755 5136 ὅταν
779 5066 1043 5137 ἐπιθυμία
1068 5084 1153 5131 τις
1185 5067 1420 5138 σαρκική
1451 5067 1696 5138 κρατήσῃ
1726 5084 1818 5120 σου

238 5160 344 5230 τῆς
371 5157 629 5225 διανοίας,
644 5158 740 5210 καὶ
774 5156 937 5229 πείθῃ
962 5158 1189 5229 μελετᾷν
1217 5158 1279 5211 τὸ
1308 5156 1409 5228 τῆς
1441 5156 1671 5227 ὀρέξεως
1696 5159 1827 5210 dato-

240 5251 511 5320 τέλεσμα,
563 5251 668 5322 ὅρα
711 5250 921 5320 ταχέως
970 5251 1063 5303 ἐπὶ
1097 5250 1192 5321 τὴν
1231 5250 1353 5321 γῆν.
1407 5236 1688 5321 Μνήσθητι
1742 5249 1824 5301 ὅτι

245 5340 441 5412 ὥσπερ
500 5341 566 5393 ὲκ
609 5340 813 5411 ταύτης
865 5342 1153 5415 προῆλθες,
1198 5341 1337 5395 οὕτω
1368 5343 1463 5395 καὶ
1510 5344 1591 5405 εἰς
1620 5341 1823 5411 ταύτην

249 5430 373 5501 μετ’
399 5430 461 5483 οὐ
484 5430 617 5484 πολὺ
650 5431 990 5505 ἀναλυθήσῃ·
1028 5432 1124 5486 καὶ
1148 5433 1217 5484 τὰ
1244 5429 1338 5483 νῦν
1363 5428 1633 5499 σφύζοντα
1663 5427 1820 5500 μέλη,

244 5524 347 5579 καὶ
367 5525 402 5594 ή
427 5524 621 5592 ἄλογος
650 5525 936 5598 ἐπιθυμία,
970 5526 1064 5580 καὶ
1091 5526 1120 5578 6
1164 5523 1537 5597 γαργαλισμὸς
1564 5523 1670 5596 τῆς.
1688 5539 1821 5602 cap...

317 5698 368 5732 ⁸⁸
404 5697 542 5754 Gen.
570 5713 630 5766 tt,
667 5699 717 5756 7.

1996 5068 2084 5122 H.
2129 5069 2337 5126 Rursus
2373 5069 2463 5125 ubi
2515 5066 2751 5123 carnalis
2781 5065 2888 5121 ulla
2920 5063 3184 5135 cupiditas
3214 5062 3293 5117 tui
3336 5076 3481 5117 com.

1921 5172 2019 5225 pos
2053 5158 2193 5213 facta
2227 5157 2391 5212 fuerit
2421 5158 2624 5223 animi,
2656 5158 3019 5226 suatleatque,
3057 5163 3117 5208 ut
3149 5152 3304 5222 cuius
3333 5152 3493 5216 desi-_

1922 5249 2082 5310 derio.
2099 5250 2320 5313 teneris,
2352 5249 2533 5319 reipsa
2554 5247 2778 5313 eilicias,
2806 5248 2859 5301 in
2891 5256 3092 5302 terram
3122 5244 3306 5299 statim
3328 5251 3487 5303 verte

1920 5339 2123 5395 oculos.
2159 5338 2470 5399 Memineris
2514 5352 2623 5408 qua
2654 5339 2866 5392 ratione
2901 5352 2969 5392 ex
3010 5335 3100 5390 illa
3137 5333 3478 5404 processisti,

1920 5430 2107 5492 eadem
2134 5430 2246 5500 ipsa
2271 5430 2325 5485 in
2354 5444 2473 5485 eam
2503 5429 2649 5484 haud
2679 5427 2849 5483 multo
2876 5436 2998 5498 post
3024 5438 3076 5482 te
3104 5425 3481 5482 resolvendum

1916 5535 2071 5593 esse;
2116 5536 2181 5579 ac
2212 5536 2329 5592 quae
2365 5535 2505 5577 nunc
2544 5518 2792 5591 pruriunt
2840 5517 3083 5579 membra
3109 5556 3126 5586 ,
3161 5517 3493 5593 brutamque.
