3838 6214
364 377 436 433 55
1306 374 1648 431 APPENDIX
1685 372 1968 431 OPERUM
2009 372 2069 430 S.
2110 375 2361 433 BASlLlI
2391 375 2626 433 MAGNI.
3518 371 3588 429 56

365 494 896 563 concupiscentiam,
939 507 1003 548 ac
1031 493 1212 548 carnis
1245 491 1606 546 titillationem
1629 531 1645 555 ,
1689 503 1790 545 nec
1820 489 1933 543 fore

2038 494 2133 556 κὸς
2160 493 2350 567 αῦριον
2383 493 2484 546 οὐκ
2516 492 2688 557 ἔσται,
2718 491 2827 544 τῶν
2874 488 3049 561 μελῶν
3076 487 3585 561 ἀπονεκρωθέντων,

365 582 420 636 in
448 582 769 645 crastinum,
795 582 1051 636 membris
1085 581 1347 636 emortuis
1381 593 1446 633 ac
1477 578 1804 648 appetitione
1829 592 1923 633 ce-

368 674 465 729 leri
500 674 678 729 volatu
707 674 912 742 elapsa.
942 674 1120 743 Atque
1145 676 1217 727 ita
1249 673 1392 742 quod
1415 673 1612 741 iugiter
1638 673 1692 725 in
1724 678 1919 725 terram

366 775 645 835 parentem
688 775 926 820 nostram
973 766 1127 835 proni
1170 775 1508 835 aspectetnus
1552 779 1617 818 ac
1664 777 1927 833 agnosca-

363 871 512 921 mus;
536 856 589 909 in
616 870 777 910 causa
809 865 895 911 est
919 897 935 922 ,
969 865 1029 911 ut
1056 873 1085 911 a
1111 855 1352 911 molestis
1381 855 1621 923 quotidie
1651 855 1922 920 omnibus,

364 955 421 1001 et
444 961 563 1015 quae
590 959 732 1017 aegre
773 949 1104 1002 curationem
1149 947 1469 1011 admittant,
1504 946 1925 1002 obtundentibus

364 1035 510 1090 vitiis
542 1050 604 1090 ac
649 1037 1143 1106 perturbationibus
1174 1050 1274 1090 nos
1308 1037 1408 1099 ipsi
1448 1036 1817 1090 abstineamus
1858 1050 1924 1090 ac

364 1126 678 1181 liberemur.
712 1126 973 1197 Sumpta,
1022 1128 1217 1198 inquit,
1265 1143 1292 1181 ε
1336 1135 1477 1181 terra
1520 1126 1752 1196 pulvere.
1798 1126 1853 1180 Si
1894 1141 1925 1180 e

366 1216 507 1271 caelo
553 1216 771 1271 formati
813 1216 1131 1284 fuissemus,
1176 1218 1318 1287 quod
1360 1216 1490 1270 illud
1534 1216 1674 1270 haud
1715 1230 1927 1284 semper

367 1309 643 1378 suspicere
679 1324 1003 1377 possumus,
1032 1325 1137 1364 non
1176 1311 1428 1364 continue
1478 1318 1685 1363 natura;
1728 1318 1926 1362 nostrae

367 1415 636 1456 memores
666 1401 987 1467 fuissemus;
1036 1416 1177 1455 nunc
1214 1416 1346 1456 vero
1373 1403 1427 1454 in
1460 1410 1651 1469 parato
1686 1399 1926 1469 proclive

369 1491 522 1546 adest
557 1492 1087 1562 inintermissumque
1117 1493 1341 1547 vilitatis
1370 1502 1572 1545 nostra:
1600 1500 1655 1545 et
1686 1489 1926 1545 imbecil-

368 1580 536 1636 litatis
571 1593 1006 1647 monumentum,
1039 1583 1180 1637 unde
1213 1583 1545 1646 incedimus,
1575 1583 1715 1637 unde
1749 1584 1925 1651 tangi-

368 1684 524 1736 mus,
570 1673 709 1727 unde
753 1673 1065 1739 cernimus,
1107 1674 1250 1727 unde
1283 1673 1512 1737 alimur,
1550 1675 1692 1728 unde
1726 1674 1927 1744 iugiter

368 1775 809 1831 conspurcamur.
851 1762 989 1829 Quid
1024 1764 1187 1819 humo
1234 1764 1492 1834 lutoque,
1530 1765 1674 1821 unde
1712 1774 1767 1819 tu
1812 1767 1927 1820 for-

2024 586 2119 641 καὶ
2152 585 2249 656 τῆς
2296 583 2523 656 ὀρέξεως
2568 582 2909 652 ἁποπτάσης.
2935 580 3117 643 Οὕτως
3139 581 3172 650 ἡ
3198 580 3332 651 πρὸς
3352 580 3449 651 τὴν
3482 581 3590 650 γῆν

2022 677 2121 746 τὴν
2157 674 2364 746 μητέρα
2387 673 2542 743 ἡμῶν
2574 673 2825 743 διηνεκὴς
2855 669 3130 733 σύννευσις
3149 670 3240 723 καὶ
3265 670 3585 739 ἐπίγνωσις,

2022 766 2169 819 αἰτία
2191 763 2506 818 καθίσταται
2533 763 2745 832 ἀποχῆς
2775 762 2865 815 καὶ
2902 761 3211 832 ἐλευθερίας
3239 761 3453 814 πάντων
3481 760 3588 815 τῶν

2024 852 2380 923 ἐνοχλούντων
2413 852 2668 903 ἑκάστοτε
2692 849 2941 919 χαλεπῶν
2968 849 3060 902 καὶ
3084 847 3345 901 δυσιάτων
3377 846 3616 903 παθῶν.”

2023 944 2204 1008 Χοῦν,
2240 937 2382 1004 εἷπε,
2412 940 2613 995 λαϐὼν
2654 938 2772 993 ἀπὸ
2801 938 2911 1007 τῆς
2941 938 3072 1010 γῆς.
3116 940 3179 992 Εἰ
3224 938 3317 992 ἀπ’
3356 937 3589 1009 ούρανοῦ

2024 1031 2395 1103 ἐπλάσθημεν,
2425 1031 2501 1095 ὡς
2552 1030 2627 1101 μὴ
2672 1031 2953 1099 δυνάμενοι
2999 1032 3084 1083 ἀεὶ
3124 1029 3338 1101 βλέπειν
3362 1031 3589 1093 ἐκεῖνον,

2024 1124 2124 1177 οὐκ
2149 1122 2212 1176 ἂν
2261 1121 2497 1193 συνεχῶς
2545 1122 2645 1191 τῆς
2674 1121 2877 1185 οἰκείας
2931 1120 3456 1192 ὑπεμιμνησκόμεθα
3489 1120 3593 1188 φύ-

2027 1229 2195 1275 σεως·
2231 1211 2326 1265 νῦν
2359 1211 2415 1264 δὲ
2458 1212 2522 1262 ἐκ
2547 1210 2641 1263 τοῦ
2700 1211 2987 1282 προχείρου
3022 1212 3281 1282 πάρεστιν
3308 1211 3458 1280 ἡμῖν,
3498 1209 3594 1263 καὶ

2024 1303 2364 1357 ἀδιάλειπτον
2388 1298 2449 1353 τὸ
2476 1304 2574 1372 τῆς
2603 1301 2875 1373 ἡμετέρας
2897 1301 2990 1353 καὶ
3016 1299 3288 1362 εὐτελείας
3320 1299 3413 1352 καὶ⁵
3426 1298 3591 1351 ἀσθε-

2024 1393 2173 1456 νείας
2226 1392 2526 1462 ὑπόμνημα
2569 1391 2628 1459 ἐξ
2662 1385 2737 1447 ὧν
2765 1392 3064 1461 πατοῦμεν,
3094 1390 3152 1455 ἐξ
3180 1383 3254 1443 ὧν
3285 1388 3592 1458 ἁπτόμεθα,

2025 1485 2084 1551 ἐξ
2107 1478 2180 1539 ὧν
2228 1482 2498 1553 θεώμεθα,
2548 1483 2607 1550 ἐξ
2646 1476 2720 1536 ὧν
2756 1480 3090 1554 τρεφόμεθα,
3125 1479 3185 1545 ἐξ
3225 1472 3298 1532 ὧν
3331 1477 3597 1549 διηνεκῶς

2028 1574 2441 1645 συμφυρόμεθα.
2490 1575 2556 1627 Τί
2590 1573 2689 1643 τῆς
2719 1574 2822 1643 γῆς
2847 1574 2942 1627 καὶ
2971 1571 3065 1625 τοῦ
3110 1570 3280 1640 πηλοῦ
3312 1569 3595 1640 βδελυκτό-

2023 1680 2179 1735 τερον
2212 1665 2306 1719 καὶ
2334 1663 2781 1735 ἀποδλητότερον,
2814 1662 2935 1715 ὅθεν
2958 1662 3021 1714 σὺ
3044 1660 3501 1731 ἐκμεμόρφωσαι;
3528 1657 3596 1710 Τί

2030 1756 2211 1828 μεῖζον
2239 1756 2408 1809 αίτιον
2433 1754 2528 1808 τοῦ
2561 1754 2970 1826 μετριοφρονεῖν
2991 1753 3159 1823 ἡμᾶς,
3195 1751 3288 1805 καὶ
3323 1750 3384 1803 τὸ
3433 1750 3599 1822 μηδε-

368 1860 547 1907 matus
588 1868 685 1919 es,
726 1855 1141 1911 abominabilius
1186 1870 1249 1911 ac
1300 1858 1660 1925 spernendum
1711 1859 1931 1930 magis?

2034 1851 2116 1913 νὸς
2138 1847 2321 1913 ἀξίους
2350 1846 2592 1918 νομίζειν
2622 1844 2879 1912 έαυτούς;

369 1942 497 2009 Quae
524 1944 698 2015 major
745 1948 882 2002 ratio
908 1948 1150 2004 modeste
1178 1949 1418 2020 sapiendi
1442 1991 1458 2017 ,
1486 1959 1540 2008 et
1566 1960 1624 2006 ut
1649 1951 1794 2008 nullo
1825 1968 1926 2010 nos

368 2031 555 2101 dignos
578 2033 981 2091 existimemus?

440 2123 527 2179 12.
572 2125 705 2182 Cum
748 2128 911 2198 igitur
956 2131 1262 2199 quempiam
1310 2133 1510 2188 videris
1546 2134 1612 2189 de
1654 2149 1714 2190 se
1757 2136 1925 2190 altum

371 2212 703 2282 sapientem,
755 2230 968 2271 amteno
1023 2219 1274 2289 pictoque
1321 2220 1563 2287 amictu,
1620 2224 1927 2293 splendenti

369 2301 595 2368 annulo,
640 2304 838 2373 pallam
882 2315 1181 2377 gestantem
1236 2310 1467 2380 ingentis
1511 2314 1668 2381 pretii
1696 2354 1712 2378 ,
1747 2330 1930 2384 super-

368 2388 531 2446 fluam
585 2394 887 2449 trahentem
938 2397 1144 2451 servitii
1193 2401 1425 2468 turbam,
1471 2403 1736 2471 promissa
1775 2419 1927 2459 coma

370 2493 534 2554 atque
559 2484 732 2540 soluta
753 2526 769 2551 ,
800 2500 973 2556 eaque
1006 2488 1141 2543 flava
1171 2505 1234 2545 ac
1267 2500 1430 2558 torta,
1463 2495 1700 2565 artisque
1731 2496 1932 2552 lenoci-

375 2576 470 2632 nio
510 2576 565 2631 in
615 2593 775 2633 auras
808 2594 1031 2649 sparsa,
1077 2597 1273 2638 aureos
1310 2584 1783 2642 circumferentem
1817 2598 1929 2644 tor-

371 2682 527 2738 ques,
563 2684 725 2724 aurea
759 2671 892 2725 sella
930 2672 1142 2739 curuli,
1171 2674 1359 2739 vultu,
1392 2690 1644 2733 sermone
1675 2677 1931 2746 majesta-

375 2761 448 2815 tis
476 2759 651 2830 pleno,
686 2762 958 2817 tollentem
988 2764 1218 2831 animos,
1245 2781 1355 2836 pra:
1385 2767 1731 2823 multitudine
1764 2771 1931 2825 dedu-

372 2853 643 2919 centium,
690 2855 1100 2923 comitantium,
1147 2857 1486 2913 adulatorum
1513 2900 1529 2923 ,
1574 2858 1931 2927 famulorum,

371 2959 508 3014 quos
555 2946 759 3012 trahit,
811 2946 1023 3001 turbam
1069 2947 1512 3016 submoventem;
1578 2951 1931 3020 parasitorum

370 3036 535 3094 lautis
566 3040 765 3094 mensis
798 3054 861 3095 ac
898 3038 1195 3109 Splendidis
1230 3040 1553 3095 inhiantium
1588 3061 1600 3097 :
1634 3041 1700 3096 ad
1728 3042 1934 3098 faustas

372 3129 790 3186 acclamationes
816 3130 1275 3201 salutationesque
1300 3132 1354 3187 in
1389 3133 1507 3188 foro
1527 3174 1542 3199 ,
1572 3148 1709 3204 quas
1741 3148 1931 3189 omnes

373 3216 667 3285 deferunt,
720 3220 814 3275 alii
854 3235 885 3276 e
918 3222 1189 3277 subselliis
1236 3231 1521 3293 surgentes
1547 3262 1565 3289 ,
1599 3222 1691 3278 alii
1718 3224 1931 3279 obviam

370 3310 748 3381 procedentes,
769 3312 860 3367 alii
890 3313 1241 3379 deducentes,
1267 3325 1432 3384 atque
1454 3315 1593 3371 alius
1613 3316 1757 3371 aliud
1783 3315 1930 3386 quid,

373 3403 489 3472 ejus
546 3404 767 3458 honoris
824 3404 1106 3474 laudisque
1163 3420 1333 3461 causa
1404 3406 1745 3463 exhibentes.
1800 3407 1933 3462 Cum

376 3500 537 3553 hosce
577 3499 926 3569 magistratus
964 3498 1328 3569 praesidesque
1377 3499 1613 3565 Videris,
1659 3512 1935 3569 praeeunte

376 3586 483 3642 alta
513 3602 643 3644 voce
670 3603 919 3658 prtecone
944 3587 1320 3658 procedentes,
1347 3597 1511 3661 atque
1531 3590 1696 3646 alium
1727 3595 1936 3647 submo-

375 3687 602 3745 ventes,
645 3679 807 3734 alium
838 3680 1126 3745 caedentes,
1171 3680 1336 3738 alium
1370 3682 1742 3753 publicantes,
1773 3683 1934 3738 alium

377 3771 494 3825 neci
529 3770 877 3836 addicentes;
910 3786 979 3827 ne
1009 3786 1071 3825 ea
1101 3786 1224 3842 quae
1263 3776 1513 3829 videntur
1555 3790 1747 3845 magna
1782 3785 1938 3846 puta-

378 3863 559 3928 veris,
613 3877 683 3918 ne
734 3863 913 3917 animo
954 3863 1289 3932 concideris,
1338 3880 1405 3921 ne
1457 3880 1649 3936 pompa
1691 3866 1939 3937 fastuque

378 3946 690 4008 offendaris.
725 3951 927 4007 Tecum
966 3967 1193 4022 reputa,
1220 3955 1415 4011 fecisse
1453 3956 1617 4012 Deum
1662 3957 1935 4011 hominem

377 4051 594 4110 sumpto
635 4051 836 4097 eterra
868 4043 1107 4111 pulvere.
1138 4046 1215 4100 Ac
1256 4047 1301 4100 si
1340 4046 1556 4115 quidem
1609 4046 1749 4100 aliud
1778 4048 1937 4116 quid-

381 4132 521 4199 piam
562 4141 681 4198 est,
710 4133 853 4202 quod
888 4132 940 4185 in
979 4132 1197 4191 homine
1227 4140 1487 4203 cernitur,
1522 4138 1649 4192 time
1672 4177 1688 4202 ,
1731 4154 1794 4193 ac
1822 4154 1940 4209 quae

380 4234 641 4293 geruntur
669 4224 938 4283 miraculo
970 4229 1107 4283 habe
1135 4248 1148 4285 :
1180 4229 1262 4282 sin
1308 4237 1483 4283 autem
1530 4230 1703 4298 pulvis
1730 4246 1759 4284 e
1796 4240 1939 4286 terra

380 4326 486 4381 est,
531 4315 622 4385 qui
663 4330 723 4370 se
770 4315 856 4374 his
893 4318 1262 4388 laetabundus
1296 4318 1493 4385 effert,
1526 4331 1829 4378 contemne.
1870 4323 1940 4376 Et

380 4405 625 4469 {orntavit
662 4403 804 4463 Deus
843 4409 1121 4463 hominem.
1152 4408 1265 4464 Vox
1303 4410 1414 4477 ipsa
1434 4452 1450 4476 ,
1480 4410 1744 4479 formavit,
1774 4413 1942 4467 artifi-

2096 2131 2184 2185 12.
2246 2130 2476 2185 Ὅπόταν
2513 2123 2607 2184 οῦν
2654 2129 2768 2201 ῐδῃς
2822 2128 2944 2183 τινα
2977 2129 3120 2200 μέγα
3172 2127 3475 2201 φρονοῦντα
3506 2127 3596 2198 ἐφ’

2028 2223 2223 2295 ἐαυτῷ,
2261 2222 2465 2293 ἐσθῆτα
2510 2221 2749 2295 ἀνθηράν
2784 2220 3243 2293 περιϐεϐλημένον
3273 2263 3289 2287 ,
3328 2220 3601 2291 δακτυλίῳ

2026 2317 2125 2389 τὴν
2160 2320 2317 2389 χεῖρα
2348 2316 2844 2389 περιλαμπόμενον,
2870 2314 3160 2385 σφενδόνην
3178 2313 3274 2383 τὴν
3292 2312 3401 2365 τῶν
3442 2309 3600 2365 πολυ-

2029 2409 2202 2479 τίμων
2263 2409 2538 2479 φέροντα,
2582 2409 2797 2471 οἰκέτας
2844 2407 3203 2477 ἐφελκόμενον
3268 2404 3597 2476 περισσοὺς,

2030 2504 2209 2572 κόμην
2240 2500 2703 2573 περιὸεόλημένον
2742 2500 3006 2572 μεγάλην,
3035 2498 3131 2552 καὶ
3156 2496 3468 2567 ἀνειμένην,
3503 2495 3601 2548 καὶ

2029 2591 2233 2662 ταύτην
2276 2590 2471 2663 ξανθήν
2512 2608 2571 2646 τε
2605 2592 2699 2645 καὶ
2734 2591 2948 2662 ἐλικτὴν
2972 2630 2988 2655 ,
3046 2590 3139 2644 καὶ
3187 2587 3445 2642 σοϐοῦντα
3485 2591 3602 2652 τοῖς

2032 2684 2447 2754 ἐπιτηδεύμασι,
2502 2683 2771 2754 μανιάκας
2818 2681 3051 2753 χρυσοῦς
3085 2682 3469 2753 περιφέροντα,
3505 2682 3600 2733 ἐπὶ

2032 2781 2240 2848 χρυσῆς
2287 2775 2555 2847 καθέδρας
2596 2775 2986 2846 ὲνιδρυόμενον,
3015 2773 3600 2848 σεμνοπροσωποῦντα,

2035 2866 2556 2937 σεμνολογούμενον,
2614 2865 3085 2937 ύψηλοφρονοῦντα
3112 2906 3127 2932 ,
3177 2865 3601 2937 σοϐαρευόμενον

2034 2955 2126 3009 ἐπὶ
2155 2956 2231 3026 τῷ
2257 2956 2449 3026 πλήθει
2478 2955 2588 3008 τῶν
2616 2955 2975 3027 προπομπῶν,
3014 2955 3123 3008 τῶν
3147 2955 3471 3025 ἀκολούθων,
3493 2954 3605 3009 τῶν

2034 3048 2300 3111 κολάκων,
2336 3048 2443 3101 τῶν
2492 3047 2737 3111 οἰκετῶν,
2764 3046 2857 3111 οὒς
2897 3047 3265 3117 ἐπισύρονται,
3312 3046 3420 3100 τῶν
3470 3047 3602 3112 περὶ

2035 3138 2135 3202 τὰς
2168 3138 2475 3201 πολυτελεῖς
2507 3138 2782 3210 τραπέζας
2816 3139 3148 3210 παρασίτων,
3179 3139 3271 3192 ἐπὶ
3284 3141 3403 3202 ταῖς
3434 3139 3603 3210 εύφη-

2039 3225 2187 3297 μίαις
2229 3226 2321 3279 καὶ
2368 3228 2672 3297 ἀσπασμοῖς
2725 3226 2817 3290 οὓς
2851 3228 3052 3291 πάντες
3076 3226 3224 3298 αὐτῷ
3266 3228 3605 3297 προσάγουσι

2036 3333 2163 3387 περι
2189 3317 2286 3386 τὴν
2309 3316 2533 3388 ἀγορὰν,
2564 3318 2615 3369 oi
2648 3316 2746 3387 μὲν
2775 3316 3183 3387 ἐξανιστάμενοι
3229 3316 3335 3370 τῶν
3360 3316 3601 3388 βάθρων,

2032 3407 2081 3457 οἱ
2121 3405 2178 3458 δὲ
2220 3405 2687 3479 προῦπαντῶντες,
2718 3410 2766 3461 οἱ
2794 3412 2852 3462 δέ
2891 3405 3395 3479 προπομπεύοντες,
3443 3406 3603 3471 ἄλλος

2035 3498 2161 3553 ἄλλο
2183 3516 2237 3552 τι
2287 3500 2367 3563 είς
2414 3499 2579 3571 τιμὴν
2629 3500 2723 3553 καὶ
2751 3498 2906 3564 δόξαν
2934 3499 3140 3553 ἐκείνου
3184 3498 3602 3569 ἐνδεικνύμενοι.

2037 3590 2203 3645 Ὅταν
2233 3590 2347 3663 ίδῃς
2376 3592 2502 3654 τοὺς
2546 3591 2813 3662 ἄρχοντας
2836 3591 3076 3657 τούτους,
3102 3592 3229 3654 τοὺς
3265 3591 3370 3645 ὑπὸ
3403 3593 3604 3661 κήρυκι

2035 3684 2459 3754 προαγομένους,
2488 3682 2666 3754 ὑψηλῇ
2689 3700 2749 3736 τε
2775 3685 2923 3754 φωνῇ
2952 3682 3220 3736 τὸν-δεῖνα
3245 3683 3341 3753 μὲν
3381 3680 3603 3735 σοϐοῦν-

2034 3791 2154 3838 τας,
2183 3774 2274 3827 τὸν
2300 3774 2447 3827 δεῖνα
2477 3774 2535 3827 δὲ
2571 3773 2806 3841 ξέοντας,
2833 3775 2989 3829 ἄλλον
3030 3773 3382 3845 δημεύοντας,
3413 3774 3605 3826 κάκεῖ-

2036 3882 2125 3920 νον
2164 3865 2375 3937 θανάτῳ
2423 3864 2809 3936 παραδιδόντας
2840 3906 2855 3931 ,
2894 3864 2969 3936 μὴ
3024 3864 3236 3935 μεγάλα
3294 3866 3478 3937 ἡγήσῃ
3534 3863 3606 3918 τὰ

2036 3955 2307 4028 ὁρώμενα,
2335 3957 2409 4028 μὴ
2428 3956 2738 4028 καταπέσῃς
2764 3958 2862 4028 τὴν
2891 3955 3147 4019 διάνοιαν,
3180 3954 3313 4026 μηδὲ
3335 3953 3515 4027 ξενίσῃ
3540 3970 3606 4008 σε

2037 4048 2071 4117 ἡ
2124 4046 2421 4115 φαντασίασ
2493 4046 2827 4118 ἐνθυμήθητι
2885 4046 2967 4099 ὅτι
3018 4044 3251 4098 ἔπλασεν
3286 4043 3470 4109 όΘεδς
3512 4044 3607 4099 τὸν

2038 4135 2347 4210 ἄνθρωπον,
2384 4136 2513 4210 χοῦν
2540 4136 2716 4191 λαϐὼν
2746 4136 2853 4191 ἀπὸ
2871 4138 2973 4207 τῆς
3014 4137 3140 4206 γῆς.
3166 4136 3286 4191 Κᾶν
3334 4138 3432 4207 μὲν
3475 4136 3603 4190 ἄλλο

2035 4229 2090 4282 τί
2113 4231 2227 4282 ἐστι
2251 4230 2312 4283 τὸ
2337 4229 2611 4302 ὁρώμενον
2650 4228 2778 4299 περὶ
2833 4229 2923 4282 τὸν
2963 4229 3271 4301 ἄνθρωπον,
3318 4229 3608 4301 φοϐήθητι,

2038 4320 2134 4373 καὶ
2182 4320 2457 4391 θαύμασον
2510 4321 2578 4373 τὰ
2621 4318 3000 4391 πραττόμενα·
3070 4321 3119 4372 εί
3180 4318 3237 4371 δὲ
3302 4318 3432 4389 χοῦς
3499 4314 3611 4371 ἀπὸ

2037 4410 2139 4481 τῆς
2167 4411 2291 4481 γῆς,
2313 4411 2341 4464 ό
2365 4410 2537 4462 ταῦτα
2560 4409 3022 4480 ἐπιδεικνύμενος,
3044 4410 3471 4481 καταφρόνησον.
3496 4408 3611 4463 Καὶ

380 4496 583 4556 cicsam
611 4502 896 4570 quamdam
934 4499 1027 4554 Dei
1055 4500 1200 4554 circa
1245 4501 1519 4556 hominem
1571 4504 1933 4571 operationem

2041 4498 2315 4552 ἔπλασεν
2346 4501 2379 4552 ό
2413 4498 2552 4563 Θεὸς
2582 4496 2692 4551 τὸν
2720 4497 3052 4567 ἄνθρωπον.
3092 4498 3153 4551 Ἢ
3209 4499 3305 4568 μὲν
3339 4496 3488 4567 φωνὴ
3513 4495 3609 4550 τοῦ

383 4592 639 4646 continuo
662 4590 857 4646 innuit.
898 4591 1150 4662 Nunquid
1179 4607 1306 4647 vero
1341 4593 1421 4646 sic
1464 4601 1519 4647 et
1547 4594 1663 4663 ipse
1695 4604 1933 4650 nostram

2040 4590 2270 4643 ἔπλασε
2290 4590 2537 4660 τεχνικήν
2579 4605 2696 4642 τινα
2722 4562 3003 4658 ὑποφαίνει
3034 4590 3193 4653 εὐθὺς
3209 4562 3491 4660 ἐνέργειαν
3513 4588 3610 4642 τοῦ

385 4691 504 4737 arte
525 4682 729 4737 eﬂinxit
752 4681 1152 4749 formationem,
1171 4683 1332 4737 veluti
1353 4683 1441 4753 qui
1464 4683 1641 4754 figlina
1664 4685 1939 4753 effingunt,

383 4773 545 4842 quive
562 4787 759 4843 gypsea
777 4774 1131 4840 fabricantur,
1150 4783 1241 4829 aut
1262 4776 1350 4845 qui
1370 4790 1478 4829 tere
1495 4785 1699 4829 statuas
1714 4778 1941 4841 cudunt,

382 4878 477 4919 seu
502 4863 642 4918 aliud
671 4864 797 4930 quid
821 4865 952 4919 artis
974 4880 1108 4935 opus
1127 4865 1382 4931 efﬁciunt,
1406 4867 1601 4936 quibus
1627 4868 1692 4920 ad
1719 4868 1944 4934 superfi-

382 4955 519 5011 ciem
578 4955 739 5029 35.5
792 4973 962 5028 usque
1016 4959 1394 5039 simulacrum,
1445 4959 1941 5025 circumscribitur;

383 5050 680 5105 sicuthattd
713 5065 836 5105 raro
861 5051 1126 5117 videmus,
1153 5052 1203 5106 in
1225 5066 1346 5107 eum
1373 5053 1586 5106 modum
1609 5051 1942 5108 efformatum

382 5140 581 5203 virum,
613 5148 673 5193 ttt
704 5149 926 5195 externa
976 5142 1155 5209 specie
1208 5150 1370 5210 atque
1420 5140 1597 5194 indole
1640 5141 1774 5194 iram
1815 5152 1944 5211 puta

385 5247 447 5287 ac
492 5231 885 5298 fortitudinem,
924 5247 1020 5289 seu
1072 5243 1272 5287 metum
1323 5246 1387 5284 ac
1428 5231 1769 5286 formidinem
1808 5248 1945 5301 prae-

384 5322 543 5389 ferat,
578 5340 868 5394 rursusque
915 5324 1215 5390 mulierem,
1256 5338 1375 5392 quae
1422 5322 1507 5375 vel
1556 5338 1740 5377 amore
1795 5324 1943 5377 insa-

386 5415 519 5480 niat,
539 5416 625 5470 vel
654 5416 958 5485 pudibunda
990 5415 1234 5478 exsistat,
1258 5421 1351 5466 aut
1381 5412 1424 5466 si
1455 5412 1583 5481 quid
1617 5412 1759 5467 aliud
1792 5414 1944 5467 sexui

384 5519 568 5560 comes
615 5521 679 5559 ac
727 5515 1083 5576 opportunum
1131 5506 1186 5559 in
1233 5505 1515 5559 affectibus
1567 5503 1731 5556 animi
1777 5502 1947 5558 solers

384 5593 588 5666 plastes
623 5595 840 5652 effecit?
874 5597 1024 5651 llaud
1061 5597 1204 5651 enim
1248 5610 1380 5651 vero
1417 5594 1675 5664 ejusmodi
1710 5593 1801 5650 Dei
1836 5592 1946 5650 for-

454 5775 763 5847 (α)Αὺτοῦ.
784 5777 944 5834 Forte
979 5777 1134 5833 αὐτά.
1173 5776 1329 5835 Ευιτ.

2035 4680 2169 4735 Θεοῦ
2207 4680 2336 4753 περὶ
2369 4680 2463 4734 τὸν
2488 4680 2584 4734 ἄνθ
2595 4678 2943 4754 ρωπονῘΑρα
2964 4682 3020 4735 δὲ
3046 4682 3189 4735 οὕτω
3220 4683 3313 4736 καὶ
3331 4681 3491 4744 αὐτὸς
3511 4680 3611 4752 τὴν

2038 4774 2311 4846 ἡμετέραν
2340 4774 2667 4844 ἐτεχνήσατο
2694 4773 2908 4837 πλάσιν,
2936 4773 3012 4836 ὡς
3046 4776 3093 4826 oi
3129 4773 3195 4826 τὰ
3224 4772 3419 4844 πήλινα
3435 4772 3611 4825 πλάσ-

2041 4882 2244 4929 σοντες,
2276 4864 2310 4936 ἢ
2342 4864 2411 4918 τὰ
2439 4865 2641 4934 γύψινα
2660 4864 3124 4927 διασκευάζοντες,
3159 4865 3192 4935 ἢ
3219 4865 3343 4927 τοὺς
3364 4864 3612 4935 ἀνδριάν-

2039 4973 2137 5020 τας
2153 4955 2570 5026 χαλκεύοντες,ἢ
2589 4955 2715 5009 ἄλλο
2730 4973 2780 5008 τι
2799 4956 2903 5009 τῶν
2925 4955 3183 5025 τεχνιτῶν
3201 4954 3609 5019 ἀποτελοῦντες,

2042 5043 2123 5112 οἷς
2154 5050 2282 5119 ἄχρι
2310 5048 2411 5118 τῆς
2442 5049 2759 5117 ἐπιφανείας
2781 5047 2847 5100 τὰ
2893 5048 2991 5118 τῆς
3014 5049 3296 5119 μιμήσεως
3326 5048 3613 5118 περιΐστα-

2040 5158 2153 5207 ται,
2184 5141 2372 5212 ὥσπερ
2400 5140 2615 5212 ὁρῶμεν
2643 5139 2904 5203 πολλάκις
2936 5140 3103 5211 ἄνδρα
3156 5140 3252 5210 μὲν
3290 5139 3612 5209 πεπλασμέ-

2041 5250 2151 5297 νον,
2177 5233 2274 5287 καὶ
2304 5229 2436 5303 ἦθος
2489 5232 2593 5297 ἔξω
2635 5234 2990 5304 ἐμφαίνοντα,
3023 5232 3056 5301 ἢ
3105 5229 3276 5301 θυμοῦ
3310 5230 3470 5300 τυχὸν
3517 5234 3613 5284 καὶ

2042 5325 2313 5395 ἀνδρείας,
2342 5324 2375 5395 ἢ
2404 5323 2571 5392 φόϐου
2606 5325 2699 5377 καὶ
2728 5324 2947 5387 δειλίας,
2991 5325 3224 5391 γυναῖκα
3271 5321 3327 5374 δέ
3368 5321 3534 5376 πάλιν
3577 5322 3610 5393 ἢ

2050 5414 2421 5487 ἐρωτιῶσανῆ
2453 5414 2794 5485 αἰδουμένην,
2823 5414 2855 5484 ἢ
2888 5414 3015 5468 ἄλλο
3044 5431 3097 5466 τι
3140 5412 3520 5482 παρεπόμενον
3546 5416 3611 5481 τῇ

2049 5505 2254 5577 ταύτης
2302 5504 2461 5579 φύσει
2503 5505 2673 5569 πάθος
2701 5506 2730 5557 ό
2762 5505 3000 5577 πλάστης
3053 5505 3332 5578 γνωρίζων
3366 5505 3615 5576 ἐξειργά-

2056 5612 2215 5663 σατο;
2248 5595 2381 5650 Θεοῦ
2431 5596 2488 5650 δέ
2539 5596 2733 5660 πλάσις
2762 5596 2824 5650 οὐ
2863 5595 3114 5667 τοιαύτη·
3173 5596 3288 5649 ἀλλ’
3331 5595 3500 5650 αὑτοῦ
3536 5595 3613 5668 (η)
