3838 6214
191 347 255 403 57
1174 353 1268 408 DE
1301 354 1586 414 HOMINIS
1627 358 2059 420 STRUC'IURA
2096 366 2354 424 ORATIO
2389 369 2455 424 Π.
3349 383 3420 443 58

190 462 363 516 ἐκεῖνα
392 460 465 516 τὰ
492 480 831 535 πρωτοτυπα
856 466 962 539 ἤθη
978 466 1074 522 τοῦ
1095 469 1405 546 ἀνθρώπου,
1435 476 1469 544 ἡ
1497 475 1756 550 δημιουρ-

1862 483 2027 537 matio
2054 500 2070 538 :
2099 486 2192 540 sed
2223 486 2392 556 ipsam
2424 487 2650 556 primam
2696 503 2762 543 ac
2787 492 3147 563 exemplarem
3182 496 3421 555 hominis

188 554 309 625 γικὴ
335 554 587 624 ἐνέργεια
611 557 706 610 ἐπὶ
742 557 803 610 τὸ
836 558 1000 629 βάθος
1030 564 1350 633 χωρήσασα,
1376 564 1525 620 ἔνδον
1552 568 1757 622 ἕκαστα

187 643 553 713 ἂωργάνωσε,
580 645 792 701 πολλῶν
838 650 933 702 καὶ
971 652 1329 708 παντοδαπῶν
1366 656 1463 708 καὶ
1487 656 1757 730 διαφόρων

188 734 367 789 παθῶν
391 736 487 788 καὶ
516 736 749 808 γνωμῶν
800 741 883 803 εἰς
910 741 1108 796 ταύτὸν
1151 741 1295 813 μίξιν
1328 746 1423 798 καὶ
1457 747 1756 821 σύγκρασιν

188 824 358 913 ακαρῆ
403 825 784 880 ὲκτελέσαντα.
816 828 944 883 Εῖθε
987 849 1078 902 μοι
1130 834 1382 893 τοσοῦτον
1430 837 1622 910 σχολῆς
1656 839 1754 913 (α),

186 911 317 966 ὥστε
356 914 499 967 κατὰ
524 914 718 970 λεπτὸν
756 920 851 972 καὶ
881 921 1447 994 ἀκριϐολογουμένως,
1482 911 1757 996 ὑποδεῖξαί

188 1021 263 1057 σοι
288 1006 383 1077 τὴν
416 1006 513 1059 τοῦ
541 1007 830 1079 ἀνθρώπου
875 1017 1222 1086 κατασκευήν
1245 1032 1258 1046 ⁸
1319 1018 1522 1088 ἔμαθες
1555 1021 1664 1093 γὰρ
1690 1021 1757 1077 ἂν

185 1092 286 1148 ἀπὸ
311 1094 539 1148 σεαυτοῦ
568 1096 667 1165 τὴν
699 1099 828 1169 περὶ
860 1099 918 1151 σὲ
963 1101 1154 1170 σοφίαν
1190 1101 1286 1155 τοῦ
1314 1103 1449 1157 Θεοῦ
1476 1107 1570 1160 καὶ
1603 1092 1751 1161 οίκο-

186 1185 384 1254 νομίαν.
435 1186 527 1256 Τῷ
568 1187 682 1240 ὄντι
714 1188 824 1259 γὰρ
856 1190 1050 1260 μικρὸς
1080 1191 1376 1262 διάκοσμος
1416 1198 1564 1250 ἐστιν
1610 1200 1638 1251 ὁ
1662 1198 1756 1252 ἄν·

186 1276 415 1348 θρωπος,
447 1279 543 1331 καὶ
575 1279 751 1349 ὀρθῶς
794 1283 1177 1353 ἐστοχάσαντο,
1227 1287 1277 1337 οἱ
1321 1286 1496 1358 τούτῳ
1523 1288 1601 1359 τῷ
1645 1291 1759 1344 ὀνό-

188 1368 491 1437 ματιαύτὸν
522 1370 1018 1440 ἁποσεμνύναντες.
1053 1374 1224 1427 Πόσαι
1270 1377 1422 1445 γοῦν,
1472 1380 1565 1432 καὶ
1607 1381 1758 1452 παρὰ

186 1457 358 1509 πόσων
378 1458 443 1508 ὲκ
466 1456 701 1510 παλαιοῦ
733 1459 860 1529 περὶ
889 1460 948 1511 τὸ
979 1459 1292 1529 θαυμαστὸν
1328 1463 1487 1516 τοῦτο
1536 1465 1759 1536 πλάσμα

186 1550 561 1618 πραγματεῖαι
615 1547 1119 1619 καταναλώθησανῐ
1176 1553 1234 1604 αἱ
1274 1554 1611 1623 φυσιολογίαι
1651 1557 1758 1610 τῶν

185 1638 501 1707 φιλοσόφων,
537 1641 592 1692 αί
642 1639 978 1709 τεχνολογξαι
1006 1641 1116 1694 τῶν
1160 1644 1378 1715 ἰατρῶν,
1411 1646 1519 1698 τῶν
1544 1664 1757 1717 γυμνα-

187 1728 317 1780 στῶν
343 1729 398 1780 αἱ
434 1732 868 1799 παρατηρήσεις,
897 1731 952 1782 αἱ
1009 1731 1138 1803 περὶ
1185 1733 1494 1801 ἀναλογίας,
1542 1737 1599 1790 αἱ
1634 1737 1760 1808 περὶ

1857 573 2095 629 indolem
2133 580 2353 632 creandi
2386 580 2464 634 vis
2497 581 2562 634 ad
2596 582 2700 635 ima
2730 583 2840 652 ipsa
2868 587 3183 653 pervadens,
3214 589 3421 658 singula

1857 665 2003 720 intus
2056 669 2299 723 articulis
2344 672 2666 739 organisque
2699 674 2959 740 distinxit,
2998 678 3192 746 quibus
3228 682 3422 735 multo-

1858 771 1977 810 rum
2038 759 2322 825 omnisque
2371 765 2584 829 generis
2639 778 2702 818 ac
2751 765 3084 821 diversorum
3138 768 3421 825 aﬂ'ectuum

1858 861 2221 919 sensuumque
2254 851 2305 904 in
2341 852 2477 905 idem
2504 855 2681 909 mistio
2716 859 3134 927 temperatioqne
3157 873 3424 919 momento

1855 938 2098 992 emersit.
2137 940 2313 1009 Atque
2340 943 2544 996 utinam
2576 945 2782 999 tantum
2811 948 2940 1000 mihi
2973 961 3278 1017 suppeteret
3307 955 3423 1021 otii,

1856 1036 1916 1080 ut
1948 1028 2132 1082 subtili
2181 1045 2246 1082 ac
2289 1043 2544 1087 accurata
2574 1034 2941 1102 disputatione
2976 1040 3205 1093 hominis
3243 1041 3427 1097 liceret

1856 1115 2115 1172 fabricam
2149 1121 2671 1178 submonstrare.Dei
2700 1136 2846 1180 certe
2876 1142 3001 1196 erga
3033 1138 3083 1182 te
3108 1132 3425 1198 sapientiam

1861 1220 2158 1276 rarumque
2206 1211 2490 1265 consilium
2526 1228 2592 1267 ex
2630 1223 2681 1268 te
2716 1216 2827 1284 ipse
2866 1218 3223 1274 condisceres.
3265 1221 3428 1277 Plane

1858 1298 2001 1351 enim
2051 1298 2215 1354 homo
2266 1302 2445 1356 minor
2490 1306 2723 1359 mundus
2752 1322 2815 1360 ac
2845 1318 3065 1362 ornatus
3106 1320 3207 1375 est,
3250 1324 3428 1365 recta-

1857 1401 1962 1455 que
2001 1388 2148 1442 ducti
2196 1389 2506 1455 c0njeclura
2556 1404 2702 1460 sunt,
2735 1397 2824 1464 qui
2862 1398 2964 1452 hoc
3004 1400 3173 1467 ipsum
3216 1402 3431 1455 nomine

1859 1474 2247 1533 honestarunt.
2286 1478 2457 1546 Quam
2506 1485 2686 1538 multa:
2726 1485 2928 1555 itaque,
2958 1497 3011 1540 et
3036 1503 3066 1540 a
3103 1503 3261 1556 quam
3296 1488 3431 1541 mut.-

1859 1568 1951 1633 tis,
1985 1569 2113 1622 olim
2151 1570 2262 1639 jam
2315 1570 2419 1626 hoc
2473 1573 2527 1627 in
2563 1576 2778 1643 negotio
2824 1577 3174 1646 mirandoque
3217 1578 3430 1646 opiﬁcio

1861 1669 2010 1713 artes
2059 1669 2189 1715 tota:
2234 1676 2456 1730 operam
2500 1665 2841 1734 impendere!
2880 1668 3150 1722 naturales
3193 1669 3430 1739 philoso-

1860 1751 2092 1817 phorum
2144 1753 2630 1820 considerationcs,
2671 1757 2999 1810 medicorum
3050 1761 3179 1812 artis
3225 1759 3428 1828 disqui-

184 1819 274 1889 τῆς
312 1819 418 1872 τῶν
464 1819 644 1890 μελῶν
684 1819 820 1892 πρὸς
859 1820 1063 1891 ἄλληλα
1111 1826 1471 1897 συμμετρίας,
1516 1828 1576 1880 αί
1629 1829 1759 1899 περὶ

1863 1839 2124 1906 sitiones,
2205 1853 2609 1911 gymnastarum
2685 1846 3118 1914 observationes;
3188 1864 3304 1918 quae
3363 1847 3430 1902 ad

186 1910 426 1981 σώματος
455 1911 830 1984 πολυσαρκίας
857 1928 872 1943 ο
935 1912 1107 1966 ταῦτα
1141 1915 1319 1968 πάντα
1366 1918 1495 1988 περὶ
1537 1917 1636 1989 τὴν
1663 1918 1756 1971 τοῦ

183 2000 460 2072 ἀνθρώπου
496 2002 790 2056 διάπλασιν
825 2005 1252 2076 συνεισέρχεται.
1296 2009 1407 2062 Καὶ
1441 2008 1606 2062 πόθεν
1633 2009 1759 2076 ἐμοὶ
1794 2056 1803 2063 .

183 2091 330 2161 λόγος
353 2094 633 2159 τοσοῦτος,
673 2092 815 2148 ὥστε
846 2094 1140 2166 δυνηθῆναι
1186 2098 1363 2152 εἰπεῖν
1413 2098 1546 2169 μετὰ
1594 2101 1756 2171 ἀκρι-

183 2183 344 2249 ϐείας,
373 2186 477 2239 ὅσα
500 2188 559 2238 ὲν
592 2188 692 2257 μιᾷ
722 2190 873 2259 φωνῇ
907 2186 999 2242 τοῦ
1038 2190 1310 2244 ἔπλασεν
1337 2192 1751 2263 ἐμπεριέχεται;

183 2276 256 2329 Τὰ
281 2276 461 2346 μέντοι
501 2278 792 2349 πρόχειρα,
848 2280 953 2333 κᾶν
986 2280 1098 2349 ἐγὼ
1143 2281 1218 2353 μὴ
1262 2281 1424 2351 λέγω,
1466 2284 1530 2336 σὺ
1578 2279 1748 2349 οἶδας.

185 2367 417 2421 Ἐπλασέ
450 2385 511 2421 σε
541 2368 651 2440 γὰρ
671 2372 699 2423 ὁ
726 2369 877 2437 Θεὸς,
908 2370 982 2434 ὡς
1013 2373 1165 2445 ὁρᾷς,
1204 2372 1404 2444 δρθιον,
1426 2375 1521 2428 καὶ
1551 2376 1754 2448 ταύτην

184 2478 259 2515 σοι
284 2463 381 2534 τὴν
426 2462 716 2517 διάπλασιν
768 2463 1049 2536 ἐξαίρετον
1081 2466 1279 2519 δέδωκε
1314 2467 1464 2537 παρὰ
1490 2467 1560 2522 τὰ
1588 2468 1753 2523 λοιπὰ

183 2554 351 2608 πάντα
407 2555 542 2621 ζῶα.
619 2555 718 2609 Διὰ
778 2556 866 2620 τί;
945 2557 1132 2628 ἐπειδὴ
1190 2557 1464 2629 ἐξαίρετόν
1518 2575 1600 2611 σοι
1660 2558 1754 2612 καὶ

182 2645 272 2715 τὴν
306 2645 666 2718 ὀφειλομένην
706 2647 802 2702 καὶ
846 2648 1148 2716 ἀναγκαίαν
1181 2649 1461 2721 ἐνέργειαν
1488 2665 1754 2720 προσεπι-

182 2735 351 2790 δοῦναι
374 2737 593 2809 ἔμελλε.

1864 1931 2169 2000 analogiam
2210 1942 2493 2001 spectant;
2534 1936 2600 1988 ad
2636 1936 2996 1991 membrorum
3030 1939 3166 1992 inter
3198 1954 3254 1993 se
3283 1948 3430 1993 certa

1862 2021 2070 2073 ratione
2129 2023 2344 2074 modum
2399 2037 2463 2076 ac
2521 2027 2999 2092 compositionem,
3061 2032 3127 2080 ad
3187 2029 3432 2097 corporis

1857 2108 2202 2167 obesitatem.
2257 2112 2459 2166 Cuncta
2503 2112 2635 2175 haec,
2679 2115 2730 2166 in
2782 2112 2998 2168 formati
3052 2116 3286 2172 hominis
3325 2131 3432 2170 uno

1854 2201 2068 2266 agmine
2130 2202 2355 2254 veniunt
2417 2205 2930 2270 considerationem,
2985 2206 3054 2260 Et
3105 2211 3245 2261 unde
3299 2207 3429 2262 mihi

1856 2298 2007 2343 tanta
2047 2291 2255 2346 dicendi
2292 2293 2394 2358 vis,
2435 2303 2493 2349 ut
2543 2306 2800 2350 accurate
2844 2298 2977 2351 satis
3029 2299 3207 2352 omnia
3251 2299 3431 2369 eloqui

1857 2381 2093 2447 valeam,
2123 2398 2245 2452 quae
2283 2385 2385 2440 bac
2435 2401 2541 2439 una
2589 2402 2740 2452 voce,
2774 2387 3057 2457 formavit,
3095 2404 3247 2444 sacer
3278 2406 3430 2443 eum-

1854 2468 2112 2539 plectitur
2160 2476 2377 2529 textus?
2417 2475 2610 2541 Porro,
2644 2493 2761 2546 quae
2803 2479 2856 2533 in
2900 2489 3150 2549 promptu
3200 2490 3328 2535 sunt
3366 2486 3433 2537 ac

1857 2562 2062 2629 facilia,
2096 2566 2179 2621 vel
2211 2568 2256 2621 si
2291 2584 2391 2639 ego
2423 2585 2529 2624 non
2575 2572 2784 2638 dixero,
2818 2582 2872 2626 tu
2903 2588 2999 2642 per
3032 2582 3084 2628 te
3123 2574 3235 2642 ipse
3268 2575 3431 2628 nosti.

1855 2652 2138 2712 Formavit
2169 2675 2403 2730 namque
2438 2671 2489 2715 te
2519 2661 2679 2726 Deus,
2713 2673 2771 2716 ut
2805 2664 2976 2729 vides,
3017 2674 3223 2719 statum
3264 2677 3433 2731 recta,

1855 2744 2102 2817 hancque
2157 2751 2253 2804 tibi
2283 2752 2613 2819 singularem
2646 2769 2756 2822 prae
2786 2754 3012 2824 reliquis
3043 2756 3295 2810 omnibus
3324 2757 3437 2810 ani-

183 2825 451 2880 mantibus
475 2826 702 2895 praebuit
733 2824 985 2884 formam.
1010 2827 1146 2894 Quid
1169 2827 1279 2882 ita?
1310 2827 1452 2898 quod
1476 2828 1729 2883 nimirum
1752 2829 2077 2904 singularem
2104 2842 2270 2895 etiam
2301 2843 2537 2898 debitam
2569 2847 3045 2915 necessariatnque
3077 2848 3289 2901 abunde
3319 2857 3437 2902 erat

184 2917 282 2971 vim
318 2920 508 2987 agendi
532 2933 911 2973 concessurus.

251 3012 334 3066 15.
359 3012 441 3065 Τὰ
467 3012 569 3083 μὲν
593 3012 762 3080 ἄλογα
785 3013 961 3067 πάντα
999 3010 1114 3076 ζῶα
1143 3011 1461 3084 βοσκήματὰ
1503 3014 1620 3068 ἐστι
1670 3014 1759 3086 μό·

1943 3020 2034 3075 15.
2075 3018 2209 3075 Nam
2246 3022 2419 3076 brutze
2454 3023 2671 3093 quidem
2716 3038 2906 3080 omnes
2948 3024 3265 3091 animantes,
3301 3023 3437 3079 dun'

184 3120 287 3167 vov,
316 3105 411 3157 καὶ
444 3105 586 3176 πρὸς
616 3104 645 3157 ὃ
683 3105 918 3175 πέφυκε,
940 3104 1080 3175 πρὸς
1101 3104 1258 3157 τοῦτο
1278 3104 1392 3175 ἔχει
1416 3106 1511 3158 καὶ
1536 3107 1636 3177 τὴν
1656 3122 1757 3160 κα·-

184 3199 446 3269 τασκευήν
467 3215 480 3228 ³
515 3197 701 3253 ὁποῖόν
729 3197 846 3250 ἐστι
874 3197 1050 3251 καὶτὸ
1077 3197 1367 3268 πρόϐατον.
1406 3198 1624 3269 Ἐπειδὴ
1650 3198 1759 3271 γὰρ

189 3285 443 3359 ἐγεννήθη
495 3286 788 3358 νέμεσθαι,
820 3288 970 3342 κάτω
996 3287 1107 3358 ἔχει
1143 3288 1501 3343 συννεύουσαν
1530 3291 1626 3343 καὶ
1652 3292 1752 3362 τὴν

190 3378 446 3451 κεφαλὴν,
469 3379 613 3433 ὥστε
656 3383 723 3452 τῇ
757 3380 960 3451 γαστρὶ
980 3381 1173 3451 ὲνορᾷν
1201 3382 1296 3434 καὶ
1344 3383 1459 3444 τοῖς
1508 3381 1613 3434 ὑπὸ
1654 3398 1758 3451 γα-

192 3469 346 3540 στέρα
365 3487 379 3501 ·
412 3471 570 3535 τέλος
596 3470 705 3542 γὰρ
733 3471 917 3533 αὐτοῖς
949 3468 1182 3536 εὐεξίας,
1219 3469 1499 3543 πλήρωσις
1526 3471 1763 3543 γαστρὸς

192 3562 281 3614 καὶ
327 3562 633 3625 ἀπόλαυσις
665 3561 875 3633 ἡδονῆς.
913 3552 1215 3632 Ἄνθρώπῳ
1260 3561 1318 3614 δὲ
1360 3565 1393 3633 ἡ
1423 3561 1641 3635 κεφαλὴ
1669 3563 1764 3617 ἐπὶ

191 3652 256 3704 τὰ
280 3651 389 3706 ἄνω
428 3653 491 3718 eg
523 3653 695 3721 αὐτῆς
721 3653 821 3723 τῆς
870 3651 1119 3715 πλάσεως
1158 3652 1626 3724 ἀναδεδράμηκεν,
1675 3655 1763 3708 ἵνα

191 3744 283 3815 τὴν
314 3745 424 3800 ἅνω
458 3746 636 3819 βλέπῃ
653 3745 995 3814 συγγένειαν,
1015 3744 1107 3798 καὶ
1129 3744 1435 3816 ὑψηλοτέρα
1458 3747 1567 3800 τῶν
1589 3747 1763 3803 ἄλλων

195 3837 435 3891 ἁπάντων
464 3838 559 3892 τοῦ
596 3836 846 3907 σώματος
878 3835 1059 3908 μερῶν
1103 3835 1427 3907 καθέστηκε.
1458 3837 1549 3908 Μὴ
1577 3837 1761 3892 τοίνυν

198 3930 467 3998 μεταποίει
499 3928 727 3982 σεαυτὸν
756 3930 837 3992 είς
858 3928 925 3982 τὰ
948 3928 1102 4001 παρὰ
1130 3928 1311 3997 φύσιν,
1345 3928 1479 4001 μηδὲ
1513 3929 1582 3983 τὰ
1601 3930 1766 4001 γήϊνα

195 4021 361 4091 κύψας
417 4022 771 4094 περισκόπει’
831 4020 966 4074 ἀλλὰ
1021 4021 1247 4093 οὐράνια
1300 4020 1560 4091 διηνεκῶς
1627 4038 1754 4075 κατ-

194 4112 398 4180 όπτευε,
431 4115 528 4169 καὶ
576 4114 918 4185 ὲνοπτρίζου,
952 4112 1080 4167 ἔνθα
1107 4130 1199 4166 σου
1242 4112 1339 4166 καὶ
1363 4113 1425 4165 τὸ
1467 4112 1769 4183 πολίτευμα

197 4206 680 4276 προηυτρέπισται.
712 4203 870 4258 Οὕτω
919 4221 1000 4258 σοι
1031 4204 1090 4258 τὸ
1144 4204 1302 4276 σῶμα
1342 4203 1764 4269 διαπέπλασται,

197 4297 283 4348 καὶ
305 4296 369 4350 τὸ
397 4297 718 4367 διάπλασμα
750 4296 1119 4350 διδασκαλεῖον
1150 4296 1267 4348 ἐστι
1291 4294 1386 4348 τοῦ
1412 4295 1599 4358 τέλους
1630 4294 1767 4365 πρὸς

1868 3118 2018 3165 taxat
2050 3114 2319 3181 pecuariae
2346 3123 2493 3177 sunt,
2518 3122 2573 3168 et
2611 3116 2677 3168 ad
2711 3115 2852 3185 quod
2884 3125 3021 3169 natae
3051 3124 3193 3180 sunt,
3224 3115 3289 3168 ad
3334 3115 3437 3170 hoc

1862 3221 2077 3275 quoque
2104 3208 2351 3277 corporis
2377 3218 2706 3262 structuram
2735 3217 3097 3276 acceperunt;
3130 3205 3437 3277 cujusmodi

1862 3297 2023 3350 etiam
2054 3298 2170 3351 ovis
2205 3312 2268 3352 ac
2301 3313 2485 3367 pecus.
2523 3298 2656 3364 Quia
2691 3300 2831 3352 enim
2871 3300 2921 3353 in
2952 3299 3055 3352 hoc
3103 3300 3315 3352 condita
3352 3307 3436 3352 est

1863 3396 2098 3457 ut-pastu
2152 3388 2318 3452 vivat,
2369 3390 2531 3445 etiam
2596 3390 2772 3461 capite
2821 3389 2968 3445 humi
3022 3389 3320 3460 vergit-,ut
3369 3387 3435 3443 ad

1861 3485 2109 3529 ventrem
2166 3491 2230 3533 ac
2275 3492 2507 3534 venerea
2565 3495 2748 3534 versos
2801 3480 2986 3534 oculos
3028 3479 3241 3533 habeat.
3283 3477 3436 3532 Finis

1866 3567 2011 3622 enim
2044 3568 2150 3623 illis
2179 3569 2335 3623 bona:
2364 3570 2719 3634 habitudinis,
2751 3569 2957 3623 ventris
2994 3567 3223 3635 expletio
3256 3576 3340 3620 est
3373 3580 3437 3621 ac

1868 3657 2398 3733 fruiliovoluptatis.
2432 3659 2646 3713 Homini
2681 3675 2809 3714 vero
2857 3669 3018 3728 caput
3061 3674 3123 3712 ex
3176 3657 3287 3728 ipsa
3327 3657 3437 3710 for-

1867 3758 2108 3803 matione
2143 3765 2355 3804 sursum
2392 3751 2654 3815 excurrit,
2683 3760 2741 3803 ut
2774 3764 2931 3818 quam
2968 3750 3033 3801 ad
3063 3763 3292 3816 superna
3323 3745 3439 3801 atii-

1866 3841 2089 3895 nitatem
2124 3840 2310 3906 habet,
2339 3841 2680 3909 conspiciat;
2729 3840 3104 3909 superiorique
3148 3838 3263 3892 loco
3309 3838 3437 3891 reli-

1867 3931 1989 3999 quis
2023 3930 2276 3983 omnibus
2308 3931 2554 3999 partibus
2587 3931 2829 3998 corporis
2864 3928 3134 3983 consistit.
3169 3926 3285 3980 Noli
3334 3926 3439 3979 ita-

1867 4036 1972 4091 que
1999 4030 2050 4075 te
2077 4033 2445 4076 transmutare
2482 4024 2532 4076 in
2564 4023 2637 4087 id,
2665 4022 2806 4092 quod
2843 4031 2927 4075 est
2953 4030 3146 4090 praeter
3167 4028 3437 4081 naturam,

1867 4127 1969 4166 nec
2000 4126 2096 4166 ore
2131 4127 2301 4181 prono
2341 4121 2554 4167 terrena
2601 4112 3035 4180 circumspicias;
3068 4110 3159 4164 sed
3196 4109 3438 4163 cmlestia

1863 4199 2064 4271 iugiter
2095 4210 2376 4264 contuere,
2407 4216 2471 4254 ac
2514 4202 2663 4254 velut
2697 4201 2748 4253 in
2785 4199 3003 4268 speculo
3031 4199 3240 4266 objecta
3278 4195 3434 4254 habe,

1869 4291 1957 4345 ubi
2005 4300 2058 4346 et
2105 4300 2228 4345 tuus
2272 4292 2367 4345 tibi
2407 4291 2771 4359 municipatus
2819 4290 2942 4345 olim
2990 4298 3208 4357 paratus
3241 4299 3343 4344 est.
3377 4285 3438 4341 In

197 4385 481 4457 ὃγέγονας.
525 4390 601 4442 Οὐ
624 4362 733 4460 γὰρ
760 4389 848 4441 ἵνα
876 4388 968 4441 ἐπὶ
994 4389 1099 4458 γῆς
1135 4387 1367 4459 σύρηταί
1404 4404 1498 4441 σου
1550 4389 1582 4457 ή
1627 4362 1759 4457 ζωὴ,

1870 4380 2011 4434 hunc
2048 4381 2264 4435 modum
2321 4382 2417 4436 tibi
2467 4397 2682 4449 quoque
2722 4396 2918 4450 corpus
2951 4380 3286 4435 ell‘ormatum
3335 4387 3436 4446 est,

196 4475 267 4540 ὼς
311 4478 419 4533 τῶν
465 4476 734 4550 ἑρπετῶν,
786 4475 1231 4546 κατεσκευάσθης
1274 4476 1477 4548 ὄρθιος,
1508 4475 1623 4528 ἀλλ’
1678 4475 1764 4528 ἵνα

198 4568 412 4640 οὐρανὸν
453 4570 682 4641 βλέπῃς,
722 4569 817 4623 καὶ
870 4569 963 4623 τὸν
1004 4571 1063 4621 ἐν
1092 4567 1241 4639 αὐτῷ
1289 4567 1449 4620 Θεὸνο
1506 4566 1628 4619 οὐδὲ
1675 4565 1763 4620 ἴνα

199 4658 289 4727 τὴν
305 4660 550 4732 κτηνώδη
578 4659 915 4731 μεταδιώκῃς
932 4659 1140 4713 ἀπόλαυ
1150 4674 1234 4711 σιν
1250 4697 1265 4721 ,
1286 4657 1400 4711 ἀλλ’
1418 4656 1505 4709 ἵνα
1523 4657 1623 4727 τὴν
1641 4656 1764 4728 οὑρι

200 4747 357 4815 άνιον,
376 4751 698 4824 ἐνδιδομένῃ
727 4749 800 4821 (b)
829 4768 911 4804 σοι
931 4749 1158 4820 διανοίᾳ,
1187 4747 1439 4820 ὲπιτελῇς
1468 4747 1762 4801 πολιτείαν.

201 4841 293 4894 Διὰ
327 4843 504 4907 τοῦτο,
539 4844 649 4899 Τοῦ
672 4842 875 4912 σοφοῦ
900 4845 954 4896 οι
989 4841 1283 4911 ὀφθαλμοὶ
1317 4839 1388 4893 ἐν
1425 4837 1501 4907 τῇ
1528 4836 1765 4908 κεφαλῇ’

200 4934 397 4999 αὐτοῦ,
422 4936 451 4987 ὁ
486 4935 650 5003 σοφός
685 4951 849 5004 φησιν
887 4932 1338 5003 Ἐκκλησιαστής.
1385 4928 1542 4992 Τίνος
1569 4929 1625 4981 δὲ
1651 4928 1766 4981 ἓνε-

201 5038 310 5086 κεν,
344 5025 404 5077 οὐ
456 5026 587 5096 περ)⁷
630 5024 701 5078 τὰ
743 5024 893 5077 κάτω
920 5022 1015 5076 τοῦ
1059 5021 1312 5092 σώματος
1371 5020 1423 5072 οἱ
1473 5018 1763 5090 ὀφθαλμοὶ,

201 5113 306 5167 ἀλλ’
334 5118 390 5169 ὲν
407 5120 474 5187 τῇ
501 5116 744 5187 κεφαλῇς
783 5117 900 5169 Ἵνα
924 5113 993 5168 τὰ
1015 5115 1072 5167 ὲν
1095 5113 1218 5183 ὕψει
1246 5109 1654 5182 περισκοπῶσιν
1680 5127 1693 5141 ⁸
1737 5111 1768 5164 ὁ

202 5204 255 5258 δὲ
276 5209 353 5271 εἰς
379 5207 447 5261 τὰ
481 5208 661 5279 ὑψηλὰ
700 5208 774 5279 μὴ
827 5207 1062 5278 βλέπων,
1091 5205 1205 5260 ἀλλ’
1236 5206 1317 5267 είς
1350 5203 1420 5256 τὰ
1449 5204 1615 5273 γήϊνα
1642 5203 1764 5255 ὲπι-

152 5330 157 5336 ο
203 5296 436 5364 κύπτων,
495 5301 776 5371 κατήγαγε
803 5302 884 5363 εἰς
916 5297 1146 5369 ἑρπετοῦ
1198 5295 1360 5366 φύσιν
1391 5294 1519 5356 τοὺς
1560 5291 1763 5363 ὀφθαλ-

208 5392 355 5459 μοὺς,
387 5395 479 5448 ἐπὶ
499 5397 597 5466 τῆς
617 5396 721 5466 γῆς
758 5393 833 5457 ὡς
864 5395 1046 5446 ἐκεῖνα
1072 5390 1391 5461 συρόμενος.

1869 4485 1933 4526 ac
1970 4486 2076 4540 qua
2118 4473 2376 4542 praeditus
2430 4472 2601 4526 forma
2630 4488 2709 4537 es,
2742 4474 2902 4527 tinem
2938 4482 2991 4526 te
3018 4473 3172 4526 docet
3199 4472 3251 4523 in
3279 4484 3437 4538 quem

1869 4562 2117 4615 conditus
2161 4576 2241 4616 es.
2290 4560 2406 4615 Non
2438 4563 2583 4616 enim
2622 4572 2683 4616 ut
2725 4563 2873 4616 humi
2913 4562 3077 4614 vitam
3110 4562 3293 4614 trahas
3322 4573 3439 4612 ser-

1869 4662 2089 4722 pentum
2139 4669 2313 4720 more,
2348 4664 2500 4709 recta
2559 4663 2765 4708 statura
2818 4653 3066 4708 conditus
3115 4669 3194 4718 es,
3238 4653 3330 4707 sed
3379 4660 3438 4707 ut

1876 4746 2077 4800 caalum
2111 4748 2436 4815 conspicias,
2458 4748 2733 4815 Deumque
2762 4746 2917 4816 cujus
2952 4748 3002 4798 in
3035 4761 3098 4799 eo
3126 4745 3281 4798 sedes
3306 4753 3388 4797 est
3419 4759 3439 4797 :

1870 4848 2048 4904 neque
2075 4845 2133 4889 ut
2162 4835 2470 4904 pecuariam
2500 4833 2842 4903 persequaris
2872 4833 3215 4900 voluptatem,
3247 4830 3340 4883 sed
3380 4838 3440 4881 ut

1869 4927 2407 4988 cmlestem,‘indulta
2452 4926 2544 4979 tibi
2585 4937 2782 4989 mente,
2812 4923 2935 4977 vitae
2966 4923 3227 4976 rationem
3264 4921 3435 4975 ineas.

1869 5017 2000 5071 Eam
2036 5017 2105 5072 ob
2140 5033 2272 5083 rem,
2311 5016 2464 5070 Oculi
2495 5017 2744 5085 sapientis
2774 5017 2829 5068 in
2860 5015 3024 5083 capite
3063 5013 3198 5082 ejus,
3234 5012 3311 5064 ait
3348 5026 3441 5064 sa-

1867 5110 2022 5178 piens
2073 5109 2426 5164 Ecclesiastes
2462 5109 2555 5163 ⁸⁵⁵.
2583 5109 2848 5174 Quorsum
2897 5121 3027 5159 vero
3073 5120 3176 5157 non
3207 5104 3260 5156 iu
3299 5101 3437 5158 infe-

1867 5201 2013 5255 riore
2045 5200 2148 5253 ulla
2180 5202 2423 5271 corporis
2458 5211 2633 5269 parte,
2669 5200 2765 5254 sed
2807 5199 2861 5252 in
2901 5197 3073 5267 capite
3101 5203 3228 5250 sunt
3255 5194 3445 5251 oculi?

1867 5290 2135 5345 Nimirum
2168 5303 2226 5347 ut
2252 5308 2314 5347 ea
2343 5293 2569 5347 lustrcnt
2597 5308 2718 5362 quae
2748 5293 2799 5345 in
2832 5290 3048 5345 sublimi
3080 5288 3254 5358 posita
3287 5294 3436 5342 sunt.

1866 5383 1968 5449 Qui
1995 5393 2171 5438 autem
2206 5400 2311 5438 non
2358 5384 2424 5437 ad
2460 5385 2677 5438 excelsa
2720 5382 2962 5450 respicit,
2996 5383 3089 5434 sed
3113 5380 3180 5433 ad
3222 5389 3438 5432 terrena

211 5487 547 5555 procumbit,
598 5487 667 5541 ad
737 5484 905 5556 346
957 5492 1267 5553 serpentum
1329 5477 1565 5537 indolem
1610 5478 1797 5537 oculos
1857 5474 2062 5545 dejicit,
2113 5474 2204 5543 qui
2265 5488 2450 5527 eorum
2506 5475 2679 5527 instar
2742 5481 2980 5526 venirent
3032 5469 3210 5523 trahat
3266 5468 3436 5524 bum't.

274 5577 338 5610 ⁸³⁴
364 5578 544 5636 Ecele.
575 5596 636 5646 ll,
669 5579 758 5634 M.

276 5669 350 5742 (ιι)
373 5672 719 5729 Desideratur
741 5669 829 5743 εἴη
851 5669 938 5727 vei
960 5668 1196 5742 περιείη.
1220 5668 1376 5726 Enn.

1943 5662 2017 5735 (ὁ)
2075 5659 2480 5732 Ἐνδιδομένῃ.
2511 5656 2648 5715 Editi
2679 5655 3021 5730 ἐνδεχομένῃ.
3062 5653 3227 5711 Enn.
