3838 6214
345 290 417 350 59
1301 284 1646 340 APPENDIX
1670 252 1982 343 Iuvenum
2007 286 2080 338 δ.
2116 282 2362 338 essu."
2400 282 2636 341 MAGNI.

3519 285 3604 343 ΒΩ

428 409 511 465 14.
548 406 724 480 Caput
753 406 935 476 itaque
976 405 1073 461 toti
1120 405 1337 474 corpori
1383 404 1649 473 eminens,
1681 405 1925 460 humeris

2102 402 2191 457 ﬂ.
2234 404 2303 456 Ἦ
2335 403 2434 474 μὲν
2489 398 2584 457 οῦν
2630 401 2838 474 κεφαλὴ
2863 401 2957 456 τοῦ
2989 403 3110 456 ὅλου
3146 401 3393 473 σώματος
3419 401 3607 473 ὕπερ-

350 499 650 564 incumbit;
697 513 802 551 non
842 496 953 550 illis
1005 496 1342 562 immersum,
1375 510 1442 549 ne
1490 494 1792 565 obtegatur,
1827 496 1922 550 sed

353 588 693 643 convenienti
728 586 1042 642 fulcimento
1074 601 1138 641 ac
1167 585 1313 640 velut
1360 587 1487 640 sede
1529 585 1761 655 quadarn
1803 602 1925 655 gra-

351 682 531 746 duque
580 678 635 732 in
677 684 930 733 exstante
976 677 1187 731 cervice
1232 676 1482 730 locatum.
1522 675 1580 729 ln
1625 675 1714 729 illo
1759 675 1923 730 inﬁxa

350 770 631 823 oculorum
662 768 873 839 gemina
904 767 1106 822 lumina
1139 767 1404 836 radiique.
1435 766 1551 820 Non
1586 768 1728 821 enim
1757 783 1923 820 unum

355 862 488 916 satis
513 868 668 915 erat:
703 871 763 914 ut
790 859 834 915 si
866 858 1006 913 forte
1031 874 1159 913 casu
1189 861 1413 911 alterum
1458 858 1782 922 concideret,
1810 858 1926 927 ejus

353 953 493 1020 quod
537 951 775 1004 immune
809 965 839 1003 a
870 950 991 1005 labe
1025 959 1193 1014 esset,
1258 950 1510 1003 solatium
1545 964 1653 1003 non
1688 948 1921 1003 deesset.

353 1040 624 1095 Praeterea
650 1055 782 1095 vero
811 1040 998 1104 etiam,
1028 1039 1096 1093 ab
1144 1054 1252 1093 uno
1298 1040 1489 1093 borum
1531 1037 1928 1107 profectusobr

354 1143 521 1198 tutus,
549 1146 771 1203 prorsus
808 1130 1128 1185 imbecillior
1154 1138 1267 1196 est;
1295 1144 1364 1183 ex
1394 1129 1590 1198 duplici
1623 1144 1761 1184 vero.
1780 1128 1927 1183 fonte

353 1222 630 1278 conﬂuens
677 1223 849 1286 rivus,
883 1221 1153 1276 valentior
1195 1222 1327 1276 exit.
1368 1221 1668 1275 Procedens
1699 1234 1928 1290 namque

355 1315 609 1383 utrinque
636 1329 703 1367 ex
732 1313 900 1367 altera
933 1312 1212 1381 alteraque
1242 1327 1373 1367 nare
1400 1312 1662 1367 obtuendi
1687 1312 1789 1376 vis,
1814 1322 1924 1367 tum

362 1405 437 1460 ibi
476 1405 834 1474 conquiescit,
870 1414 1090 1473 tumque
1140 1418 1244 1456 una
1291 1403 1357 1457 ad
1403 1404 1674 1457 anteriora
1706 1406 1928 1458 tendens

360 1495 537 1564 iisque
594 1495 933 1561 incumbens,
966 1509 1108 1550 unus
1155 1494 1313 1549 alteri
1371 1494 1648 1564 copulatur
1697 1495 1929 1551 visorius

356 1586 561 1650 radius,
592 1583 738 1639 velut
797 1597 865 1639 ex
918 1584 1035 1640 rivo
1088 1584 1309 1654 duplici,
1341 1599 1408 1644 ex
1440 1593 1673 1654 utraque
1722 1585 1927 1639 visoria

354 1675 642 1742 facultate,
676 1675 834 1745 quasi
892 1689 962 1730 ex
1018 1676 1220 1745 duplici
1257 1677 1560 1746 prodeunte
1585 1677 1753 1741 fonte,
1786 1687 1929 1731 tum-

2024 494 2315 565 ανέχουσα,
2345 496 2458 558 τοῖς
2485 492 2655 565 ὤμοις
2681 493 2972 547 ἐπίκειται*
2999 495 3099 547 οὐκ
3128 492 3435 546 ἐνδεδυκυῖα
3462 493 3604 545 τού-

2024 602 2156 649 τοις,
2176 584 2265 637 ἵνα
2289 584 2363 653 μὴ
2386 583 2716 654 κρύπτηται,
2742 582 2857 635 ἀλλ’
2881 583 3162 653 ἐρείσματι
3193 580 3474 651 ἀξιολόγῳ,
3499 581 3606 634 καὶ

2025 671 2140 729 οἷον
2171 674 2457 746 ὑποϐάθρᾳ
2485 676 2590 727 τινὶ
2622 673 2699 744 τῷ
2729 673 2822 726 τοῦ
2868 674 3094 745 αὐχένος
3113 675 3450 744 ἀνεστηκότι,
3499 675 3607 725 ἑπ-

2027 765 2437 835 αναπαυομένη.
2483 764 2570 816 Ἐν
2596 765 2767 836 ταύτῃ
2794 764 2852 817 δὲ
2881 764 2987 818 τῶν
3019 764 3308 834 ὀφθαλμῶν
3342 765 3608 835 ἑμπεπή-

2025 875 2155 926 γασι
2189 857 2399 928 δίδυμοι
2419 856 2591 926 βολαί.
2613 857 2726 911 Οὐκ
2760 858 2920 927 ἤρκει
2946 855 3063 928 γὰρ
3106 860 3133 910 6
3163 851 3264 921 εἷς,
3314 856 3451 910 ἀλλὰ
3502 856 3606 909 δύο

2027 945 2338 1016 ἐγενέσθην,
2391 946 2640 1018 ἀλλήλοις
2690 944 2894 1017 βοηθώ·
2944 947 3029 999 ἵνα
3059 949 3093 1019 ἡ
3136 946 3229 1000 τοῦ
3284 947 3402 1011 ἑνὸς
3452 945 3606 1000 κατὰ

2028 1038 2198 1108 τύχην
2230 1037 2490 1101 διάλυσις,
2521 1037 2617 1108 τὴν
2647 1037 2742 1090 τοῦ
2791 1038 3061 1102 ἀϐλαϐοῦς
3107 1039 3294 1109 ἑτέρου
3343 1054 3607 1109 παραμυ-

2028 1129 2152 1184 θίαν
2168 1129 2286 1203 ἔχῃ.
2318 1131 2427 1184 Καὶ
2470 1129 2644 1192 ἄλλως
2663 1129 2720 1182 δὲ
2745 1129 2851 1183 ἀπὸ
2884 1130 3004 1194 ἑνὸς
3030 1129 3231 1185 τούτων
3260 1130 3607 1201 προερχόμε-

2026 1240 2120 1276 νον
2149 1223 2210 1276 τὸ
2254 1222 2526 1295 ὁρατικὸν,
2569 1222 2955 1294 ἀσθενέστερον
3004 1222 3256 1286 πάντως·
3312 1224 3376 1274 ἑκ
3405 1221 3461 1273 δὲ
3505 1220 3607 1274 δύο

2028 1312 2218 1385 πηγῶν
2245 1312 2683 1384 συμϐαλλόμενος
2723 1314 2751 1365 6
2792 1312 2947 1374 ὁλκὸς
2978 1311 3335 1382 εὐτονώτερος
3363 1311 3601 1380 γίνεται.

2028 1401 2300 1474 Προῖοῦσα
2338 1402 2447 1474 γάρ
2489 1401 2825 1471 ἑκατέρωθεν
2865 1402 2965 1471 τῆς
3010 1401 3155 1473 ῥινὸς
3192 1403 3226 1472 ἡ
3267 1400 3411 1470 ὄψις,
3460 1400 3604 1471 ὁμοῦ

2033 1493 2134 1564 μὲν
2161 1492 2667 1564 προσαναπαύεται,
2708 1491 2844 1563 ὁμοῦ
2890 1492 2947 1545 δὲ
2985 1489 3375 1564 προκύπτουσα
3407 1492 3503 1545 ἐπὶ
3539 1490 3606 1544 τὸ

2029 1582 2359 1655 ἔμπροσθεν,
2390 1582 2605 1636 ἑνοῦται
2639 1584 2672 1653 ή
2704 1582 2800 1652 μία
2849 1585 2915 1654 τῇ
2953 1582 3135 1653 ἑτέρᾳ,
3165 1576 3274 1635 οἷον
3308 1584 3372 1635 ἑκ
3399 1581 3494 1635 δύο
3519 1599 3608 1635 τι-

2029 1675 2135 1728 νῶν
2161 1674 2363 1745 ὀχετῶν
2396 1675 2489 1744 ἀφ’
2533 1674 2799 1746 ἑκατέρας
2822 1674 2996 1745 ὅψεως
3015 1674 3200 1745 ὥσπερ
3229 1674 3412 1746 πηγῆς
3433 1672 3611 1741 ἐξιόν-

359 1778 468 1833 que
496 1763 644 1818 brevi
682 1778 851 1833 aquas
882 1765 1290 1831 commiscente,
1321 1780 1461 1820 unus
1491 1766 1753 1836 quispiam
1791 1765 1925 1819 vali-

2040 1780 2156 1827 των,
2184 1764 2280 1817 καὶ
2315 1764 2452 1833 μετά
2475 1762 2647 1835 βραχὺ
2680 1764 3045 1835 μιγνυμένων,
3068 1759 3150 1829 εἷς
3174 1763 3609 1836 ἀποτελούμενος

360 1857 483 1909 dior
530 1852 762 1910 efﬁcitur
811 1853 1041 1923 ﬂuvius;
1090 1857 1244 1925 cujus
1288 1856 1494 1912 scilicet
1534 1856 1707 1925 major
1744 1856 1825 1912 vis
1863 1872 1929 1911 ae

357 1946 631 2002 elIlcacior
663 1946 754 2001 sit.
784 1945 1027 2016 Remque
1073 1956 1226 2001 certe
1254 1948 1484 2016 probant
1524 1947 1625 2002 viri
1669 1963 1847 2003 senes.
1886 1945 1927 2002 li

361 2053 614 2107 namque,
647 2052 764 2107 quae
791 2047 919 2092 sunt
948 2037 1105 2092 valde
1134 2054 1323 2108 prope,
1355 2038 1769 2108 haudquaquam
1808 2054 1931 2094 cer-

361 2136 530 2195 ttunt;
565 2142 685 2199 quae
726 2143 856 2183 vero
900 2129 1060 2198 paulo
1108 2129 1177 2183 ab
1223 2129 1395 2184 oculis
1449 2130 1735 2184 remotiora
1779 2138 1927 2195 sunt,

360 2217 566 2272 clarius
611 2225 963 2282 contuentur.
997 2217 1204 2272 Idcirco
1240 2217 1497 2270 nimirum
1546 2217 1689 2286 quod
1732 2218 1933 2273 visorio

365 2306 523 2361 radio
548 2305 803 2361 dissectis
836 2307 1081 2376 partibus
1107 2321 1136 2359 a
1167 2306 1435 2375 principio
1476 2321 1782 2377 progresso,
1826 2307 1933 2361 im-

360 2399 609 2457 becillior
639 2399 710 2453 ab
738 2407 971 2468 utroque
1014 2398 1235 2453 obtutus
1265 2398 1337 2453 sit
1370 2415 1385 2452 :
1421 2399 1511 2453 ubi
1553 2407 1732 2454 autem
1776 2401 1935 2456 ambo

362 2486 727 2542 conﬂuxerint
755 2502 821 2542 ac
859 2487 1183 2555 coaluerint,
1209 2487 1357 2543 velut
1389 2488 1672 2559 multiplici
1702 2490 1933 2560 quadam

362 2580 694 2634 exundantia
734 2590 898 2648 atque
940 2579 1119 2648 copia,
1149 2578 1417 2653 valentior
1451 2578 1825 2648 eﬂicaciorque
1867 2580 1937 2635 ad

363 2669 762 2739 perspiCienda,
796 2685 915 2740 quae
957 2672 1013 2724 in
1055 2678 1327 2740 aspectum
1384 2670 1606 2737 cadunt,
1639 2669 1932 2739 consurgit.

362 2760 481 2816 Non
533 2775 701 2827 pauca
747 2775 875 2816 vero
926 2770 1086 2825 sunt,
1136 2759 1334 2830 quibus
1382 2760 1526 2815 oculi
1578 2761 1935 2816 incolumitati

366 2852 717 2922 prospicitur.
763 2852 971 2907 Tunica
1005 2851 1256 2919 interior,
1287 2866 1407 2921 quae
1438 2866 1538 2906 nec
1573 2852 1685 2920 ipsa
1718 2851 1935 2907 sullicit'.

362 2942 482 2999 Non
523 2944 667 2997 enim
706 2958 796 2998 res
839 2942 1045 2997 ferebat
1075 2951 1132 2996 ut
1160 2943 1398 2998 crassior
1425 2951 1761 3009 strueretur;
1801 2942 1938 2998 alio-

365 3035 460 3104 qui
508 3035 645 3090 visui
695 3035 1184 3103 ineommodasset;
1231 3048 1454 3090 necesse
1495 3042 1673 3089 autem
1712 3043 1851 3097 erat,
1882 3041 1941 3088 ut

368 3125 717 3197 perspicuum
765 3125 990 3195 leveque
1036 3135 1202 3193 esset,
1235 3125 1378 3193 quod
1416 3124 1719 3194 obtegebat.
1754 3124 1933 3183 Altera

365 3217 553 3289 itaque
613 3216 924 3288 pellucida,
981 3217 1151 3272 altera
1208 3216 1423 3275 tenuior
1480 3216 1797 3285 rariorque;
1845 3215 1934 3270 illa

368 3309 591 3378 quidem
642 3309 974 3380 crystallina,
1014 3308 1129 3363 base
1164 3321 1383 3362 cornea.
1434 3305 1729 3377 Obtegendi
1773 3321 1937 3365 causa

370 3399 592 3455 obtenta
636 3398 817 3459 tunica
857 3411 919 3451 ac
954 3397 1212 3461 exterior,
1253 3394 1460 3450 lirmtor
1506 3406 1591 3451 est
1637 3406 1799 3467 atque
1839 3396 1937 3450 du-

369 3491 518 3557 rior;
574 3489 820 3555 interior,
875 3487 1052 3545 rarior
1100 3493 1156 3539 et
1212 3485 1446 3551 tenuior,
1505 3499 1575 3540 ne
1624 3485 1937 3541 immeantia

373 3576 705 3645 prohibeat;
738 3575 894 3629 tertia
928 3589 1121 3635 rursus
1157 3574 1476 3642 crystallum
1502 3573 1770 3639 referens,
1800 3584 1859 3629 ut
1886 3575 1939 3630 in

2027 1856 2290 1926 ποταμὸς,
2319 1855 2479 1908 ὁπότε
2510 1856 2574 1927 δὴ
2625 1857 2719 1910 καὶ
2770 1856 3116 1928 ἰσχυρότερος
3160 1858 3392 1927 γίνεται,
3420 1857 3604 1911 εῖτουν

2028 1945 2427 2017 ὲνεργέστερος.
2462 1945 2571 1999 Καὶ
2597 1946 2786 1999 τούτου
2820 1947 3112 2014 ἀπόδειξις,
3136 1950 3184 2000 οἱ
3213 1948 3467 2020 γέροντες
3488 1946 3601 2001 τῶν

2029 2034 2358 2106 ἀνθρώπων·
2394 2037 2445 2089 οἳ
2474 2037 2543 2090 τὰ
2573 2039 2671 2109 μὲν
2697 2040 2864 2108 ἐγγὺς
2878 2041 3041 2106 πάνυ,
3070 2042 3270 2113 ἥκιστα
3317 2041 3600 2112 βλέπουσι,

2029 2123 2099 2176 τά
2150 2124 2208 2177 δὲ
2269 2125 2615 2199 πορρώτερον
2672 2129 3096 2202 ἀποδιϊστάμενα
3152 2131 3261 2185 τῶν
3308 2131 3608 2203 ὀφθαλμῶν

2032 2214 2425 2289 ἐναργέστερον
2473 2218 2809 2290 καθορῶσιν
2871 2221 3056 2294 ἐπειδὴ
3105 2222 3447 2295 διῃρημένως
3502 2222 3607 2294 μὲν

2032 2305 2125 2359 τοῦ
2157 2306 2414 2378 ὁρατικοῦ
2443 2310 2722 2381 προϊόντος
2756 2311 2816 2376 ἐξ
2852 2313 3047 2385 ἀρχῆς,
3081 2313 3312 2385 ἀσθενὴς
3352 2315 3386 2385 ἡ
3418 2313 3615 2368 ἑκατέο

2036 2415 2131 2469 ρου
2190 2399 2343 2468 ὀψις·
2404 2400 2542 2472 μετὰ
2571 2401 2627 2455 δὲ
2667 2403 2768 2474 τὴν
2808 2405 3082 2478 συμϐολὴν
3136 2404 3460 2479 ἀμφοτέρων
3512 2406 3613 2469 καὶ

2034 2489 2246 2556 ἕνωσιν,
2274 2485 2387 2545 οἷον
2410 2492 2503 2546 ἐπὶ
2536 2493 2872 2567 πλημμύρας
2919 2497 3063 2561 τινὸς
3089 2495 3607 2568 πολυπλασιαςομέτ

2034 2599 2121 2650 νη,
2152 2582 2485 2655 εύτονωτέρα
2520 2585 2729 2652 γίνεται
2759 2587 2854 2640 καὶ
2889 2586 3293 2658 δραστικωτέρα
3330 2588 3457 2658 περί¹
3506 2586 3611 2657 τὴν

2035 2669 2143 2723 τῶν
2170 2671 2379 2742 ὁρατῶν
2404 2672 2690 2744 ἀνάληψιν.
2720 2674 2960 2728 Φυλακαὶ
2984 2674 3049 2741 δὲ,
3070 2676 3198 2747 περὶ
3224 2662 3313 2728 τὸν
3335 2672 3625 2744 ὀφθαλμὸν,

2036 2763 2136 2815 οὐκ
2158 2761 2355 2830 ὀλίγαι.
2387 2762 2564 2816 Χιτὼν
2608 2764 2857 2821 ἐντεῦθεν
2883 2805 2898 2829 ,
2959 2765 3053 2819 καὶ
3086 2766 3185 2819 οὐκ
3227 2766 3391 2836 ἀρκεῖ
3416 2759 3611 2826 οὗτοςο

2036 2852 2097 2905 οὐ
2134 2852 2243 2925 γάρ
2287 2853 2564 2924 ἐνεδέχετο
2612 2858 2788 2926 παχὺς
2833 2856 3381 2925 κατασκευασθῆναι·
3429 2851 3466 2926 ἦ
3501 2854 3612 2925 γὰρ

2038 2941 2350 3013 ἐμπόδισμα
2376 2943 2727 3015 καθειστήκει
2758 2945 2860 3017 τῆς
2891 2946 3095 3015 ὅψεως·
3142 2945 3249 2998 ἔδει
3278 2944 3334 2998 δὲ
3354 2944 3615 3012 διαφανὲς
3672 3020 3675 3021 ν

2041 3029 2179 3087 εἶναι
2212 3035 2306 3087 καὶ
2327 3033 2564 3108 ἐλαφρὸν
2604 3036 2666 3089 τὸ
2704 3037 3107 3109 προκάλυμμα.
3134 3036 3347 3090 Οὐκοῦν
3384 3030 3473 3100 εἷς
3512 3028 3618 3107 uti;

2039 3127 2285 3200 διαυγὴς,
2318 3123 2397 3192 εἷς
2426 3130 2482 3182 δὲ
2512 3131 2701 3201 ἀραιός
2724 3148 2739 3161 ·
2777 3133 2806 3184 ὀ
2841 3131 2939 3201 μὲν
2978 3129 3445 3201 κρυσταλλοειδὴς,
3495 3131 3525 3182 6
3554 3127 3612 3182 δὲ

2039 3218 2420 3289 κερατοειδήςο
2469 3220 2498 3273 6
2547 3221 3086 3293 προκεκαλυμμένος,
3132 3220 3528 3293 στερεώτεροςο
3583 3219 3616 3272 6

2039 3309 2271 3376 ἔνδοθεν,
2309 3312 2647 3385 ἀραιότερος,
2698 3314 2786 3367 ἵνα
2817 3312 2891 3384 μὴ
2935 3312 3116 3385 κωλύῃ
3144 3312 3243 3383 τὴν
3286 3310 3550 3383 πάροδον’
3583 3310 3616 3365 ὁ

2039 3399 2222 3470 τρίτος
2240 3400 2402 3455 πάλιν
2419 3401 2889 3474 κρυσταλλοειδὴς,
2910 3401 2996 3455 ἵνα
3021 3404 3077 3455 ἑν
3098 3400 3244 3471 αὐτῷ
3260 3398 3358 3472 τὴν
3380 3398 3621 3470 ἔμφασιν

2044 3491 2138 3544 καὶ
2170 3492 2269 3564 τὴν
2294 3491 2572 3562 διαύγειαν
2601 3493 2838 3565 ἑκάτερα
2860 3493 2979 3565 ἔχῃ.

371 3683 440 3725 ea
466 3669 637 3722 ambae
662 3666 881 3735 reliquas
901 3664 1319 3734 reprmsentandi
1347 3665 1456 3718 vim
1488 3679 1553 3719 ac
1579 3668 2013 3736 perspicuitatem
2038 3672 2336 3727 obtineant.

451 3764 543 3819 15.
580 3762 855 3833 Palpebrae
908 3758 1217 3830 projectura
1269 3768 1437 3826 sunt,
1485 3760 1625 3815 oculi
1688 3762 1943 3819 nimirum

382 3855 778 3926 operimentum
808 3867 871 3907 ac
897 3852 1562 3921 umbraculumﬂelutque
1592 3853 1942 3910 domicilium.

378 3944 606 4001 Poterat
651 3943 866 4013 quidem
909 3951 964 3996 et
1007 3957 1201 4000 manus
1247 3942 1537 4012 obtegere;
1588 3944 1680 3999 sed
1730 3946 1945 4001 interim

380 4039 509 4091 dum
567 4050 632 4091 ea
686 4036 1082 4098 admoveretur,
1137 4033 1277 4087 haud
1339 4049 1471 4089 raro.
1523 4036 1672 4104 prius
1732 4037 1945 4092 oculum

379 4125 578 4182 oblaedi
620 4124 984 4195 contingeret.
1015 4122 1171 4178 Nunc
1202 4137 1330 4178 vero
1369 4138 1535 4195 prope
1567 4126 1775 4195 adjacet
1803 4127 1947 4196 quod

382 4226 614 4274 tueatur.
662 4216 784 4271 Mox
837 4216 980 4269 enim
1031 4229 1096 4269 ac
1142 4224 1521 4269 noeumentum
1576 4219 1945 4284 praesentiunt,

376 4309 772 4380 operimentum
816 4307 1135 4360 obtendunt.
1183 4303 1239 4358 ld
1286 4320 1517 4374 namque
1545 4305 1597 4360 in
1637 4322 1798 4361 causa
1843 4318 1945 4372 est,

379 4410 440 4455 ut
478 4400 795 4471 plerumque
820 4399 1019 4468 pupula
1049 4397 1215 4464 oculi,
1246 4397 1336 4463 iis,
1358 4413 1478 4466 qua;
1509 4401 1747 4455 exterius
1775 4415 1961 4456 nocu»

2119 3768 2207 3823 15.
2246 3765 2492 3839 Προϐολὴ
2520 3765 2581 3819 τὸ
2614 3763 2907 3836 βλέφαρονο
2938 3760 3093 3816 τοῦτο
3112 3760 3220 3832 γὰρ
3249 3759 3621 3833 προκάλυμμα

2049 3855 2144 3909 τοῦ
2196 3853 2479 3926 ὀφθαλμοῦ
2503 3854 2598 3907 καὶ
2656 3851 2969 3921 σκέπασμα,
3014 3851 3109 3903 καὶ
3155 3845 3267 3903 οἷον
3308 3847 3619 3920 οἰκητήριόν

2052 3944 2218 3998 ἐστιν.
2251 3944 2507 3998 ’Πδύνατο
2542 3943 2639 4013 μὲν
2664 3940 2773 4010 γὰρ
2806 3942 3026 3992 σκοπεῖν
3066 3939 3138 4009 (ιι)
3184 3939 3279 3992 καὶ
3302 3938 3452 4010 χείρ·
3490 3937 3625 3990 ἀλλ*

2050 4035 2155 4098 ἕως
2185 4036 2368 4107 ἐκείνη
2395 4036 2681 4105 ἀνήρχετο,
2711 4031 2910 4101 ἔφθανε
2941 4029 3198 4092 πολλάκις
3224 4027 3619 4103 ἀμαυρωθῆναι

2051 4127 2080 4179 6
2110 4127 2405 4197 ὀφθαλμός,
2446 4126 2561 4178 Νῦν
2592 4126 2649 4178 δὲ
2682 4124 2889 4178 ἐκεῖθεν
2911 4121 3236 4191 παράκειται
3261 4120 3579 4193 προφυλακή
3601 4137 3614 4150 ·

2051 4220 2189 4292 ὁμοῦ
2220 4237 2279 4273 τε
2308 4220 2416 4292 γὰρ
2445 4218 2640 4289 ᾔσθετο
2674 4216 2774 4287 τῆς
2819 4214 3042 4285 βλάϐης,
3072 4213 3167 4266 καὶ
3199 4210 3529 4283 προεϐάλετο
3560 4212 3620 4264 τὸ

2051 4312 2442 4383 προκάλυμμα.
2473 4309 2572 4362 Διά
2611 4308 2719 4380 γὰρ
2765 4307 2923 4360 τοῦτο
2948 4305 3045 4358 καὶ
3079 4307 3114 4375 ἡ
3144 4304 3276 4375 κόρη
3301 4302 3396 4356 τοῦ
3423 4303 3622 4371 ὀφθαλ-

2056 4405 2156 4476 μοῦ
2183 4403 2595 4474 ἀνεπιχείρητος
2618 4400 2694 4464 ὡς
2718 4399 2786 4454 τὰ
2810 4397 2981 4453 πολλὰ
3005 4400 3124 4461 ταῖς
3162 4394 3361 4460 ἔξωθεν
3392 4397 3489 4448 ἑπε
3499 4412 3620 4465 ρχο-

379 4500 622 4547 mentum
663 4490 909 4553 afferant,
953 4489 1279 4545 inviolabilis
1321 4491 1414 4554 sit,
1447 4498 1505 4544 ut
1548 4505 1668 4559 qua:
1700 4492 1799 4547 sub
1833 4493 1936 4560 pal-

2055 4474 2242 4568 μέναις
2267 4495 2513 4566 βλάϐαις,
2545 4493 2641 4547 ἅτε
2666 4491 2772 4545 ὑπὸ
2799 4491 3261 4562 παραπετάσμασι
3280 4487 3617 4559 καθεζομένη

378 4581 671 4652 pebrarum
709 4589 1017 4651 legumento
1044 4580 1311 4636 desideat.
1339 4580 1565 4652 Unaque
1591 4582 1704 4638 fere
1732 4599 1797 4639 ex
1828 4600 1950 4641 om-

380 4673 544 4728 nibus
575 4673 819 4741 corporis
852 4672 1109 4727 membris
1141 4673 1213 4726 ita
1249 4680 1516 4738 servatur,
1555 4683 1614 4729 ut
1646 4684 1951 4729 contactum

380 4778 596 4825 omnem
658 4769 894 4829 respuat.
942 4761 1256 4818 Prominent
1309 4762 1582 4832 palpebris
1622 4772 1679 4817 et
1722 4763 1951 4832 pilorum

381 4855 651 4924 cuspides.
686 4853 824 4921 Quid
874 4853 991 4907 ita?
1021 4862 1080 4908 ut
1125 4853 1378 4908 nimirum
1408 4854 1713 4909 accuratior
1752 4854 1949 4909 harum

308 4946 312 4949 ’
383 4943 727 5013 complicatio
775 4943 870 5008 sit,
918 4943 1043 4998 dum
1097 4939 1668 5014 superior'palpebra,
1709 4944 1952 5000 inferiori

385 5051 484 5105 per
516 5034 780 5106 ejusmodi
819 5034 957 5104 pilos
990 5042 1274 5104 coaptatur
1310 5050 1375 5090 ae
1405 5036 1778 5091 committitur.
1816 5035 1955 5091 Sunt

383 5129 527 5183 enim
558 5127 647 5198 pili
685 5125 831 5181 velut
873 5125 1109 5191 vincula,
1137 5128 1277 5182 inter
1316 5143 1374 5183 se
1405 5129 1638 5183 conserti
1689 5144 1755 5183 ac
1801 5143 1952 5183 com-

383 5217 589 5285 plicati.
636 5215 861 5272 Accedit
905 5218 1047 5287 quod
1100 5226 1156 5272 et
1206 5218 1501 5273 minuscula
1557 5218 1809 5273 animalia
1858 5233 1949 5272 ar-

272 5334 275 5335 ν
384 5317 565 5373 ceant,
608 5324 709 5365 nec
754 5309 1040 5379 lanugines
1078 5310 1291 5380 pupilla:
1339 5310 1704 5381 propinquare
1751 5311 1950 5376 sinant,

386 5415 507 5466 quae
555 5400 714 5455 facile
745 5402 956 5471 injuriae
996 5402 1226 5457 obnoxia
1271 5404 1362 5471 sit,
1390 5419 1455 5460 ac
1484 5403 1573 5462 cui
1600 5404 1827 5476 quodvis
1858 5406 1956 5460 ob.

387 5487 536 5549 vium
565 5487 739 5544 labem
770 5490 964 5547 afferre
989 5501 1170 5560 queat.

463 5684 543 5774 (ο)
566 5689 841 5757 mortem
867 5690 1008 5764 Lege
1026 5690 1263 5749 σκέπειν.
1290 5690 1452 5749 Eutr.

2049 4588 2129 4659 τῷ
2164 4588 2433 4660 βλεφάρῳ,
2464 4586 2559 4640 καὶ
2589 4584 2722 4655 μόνη
2778 4582 2965 4655 σχεδὸν
3003 4580 3113 4635 τῶν
3158 4581 3216 4632 ἑν
3244 4581 3378 4650 ἡμῖν
3403 4579 3617 4632 πάντων

2055 4678 2230 4750 μελῶν
2257 4679 2512 4750 διατηρου
2522 4676 2655 4748 μένη
2680 4675 2975 4743 ἀνέπαφος.
3001 4671 3406 4743 Προϐέϐληνται
3432 4669 3487 4723 δὲ
3508 4672 3617 4732 τοῖς

2056 4764 2344 4837 βλεφάροις
2404 4765 2501 4817 καλ¹
2541 4763 2724 4825 ἀκίδες
2754 4761 2978 4834 τριχῶν.
3010 4760 3110 4813 Διὰ
3140 4759 3228 4825 τί;
3277 4760 3364 4814 ἵνα
3409 4760 3616 4832 ἀκριϐε-

2055 4856 2221 4927 στέρα
2256 4856 2480 4926 γένηται
2523 4856 2558 4925 ἡ
2607 4852 2811 4907 τούτων
2848 4850 3172 4924 περιπλοκὴ,
3207 4850 3301 4904 τοῦ
3343 4850 3454 4905 ἄνω
3486 4851 3615 4923 πρὸς

2054 4947 2117 5000 τὸ
2142 4946 2292 5000 κάτω
2317 4946 2405 4998 διὰ
2423 4944 2530 5001 τῶν
2566 4943 2821 4997 τοιούτων
2850 4942 3364 5015 προσαρμοζομένου
3398 4942 3614 5014 τριχῶν.

2057 5035 2180 5093 Οἷον
2205 5037 2314 5109 γὰρ
2367 5037 2653 5108 σύνδεσμοι
2700 5035 3027 5089 καθεστᾶσιν
3055 5036 3111 5089 αἱ
3141 5035 3326 5105 τρίχες
3364 5034 3612 5104 ἀλλήλαις

2055 5129 2518 5201 περιπλεκόμεναι
2538 5145 2552 5159 ο
2577 5124 2716 5191 εἶτα,
2755 5127 2853 5180 καὶ
2893 5125 2962 5180 τὰ
2986 5125 3161 5180 λεπτά
3184 5127 3294 5179 τῶν
3315 5124 3469 5190 ζώων
3498 5125 3611 5196 1:66-

2058 5221 2233 5294 ῥωθεν
2256 5220 2596 5293 ἀπείργουσι,
2620 5220 2713 5274 καὶ
2736 5219 2807 5272 τὰ
2834 5217 3035 5290 χνοώδη
3058 5219 3158 5272 οὐκ
3178 5217 3308 5272 ἑῶσι
3329 5216 3610 5290 πλησιάσαι

2057 5316 2126 5385 τῇ
2152 5313 2312 5385 κόρῃ,
2344 5313 2585 5385 ἑμπαθεῖ
2613 5311 2766 5389 οὔσῃ,
2816 5311 2912 5368 καὶ
2942 5310 3021 5383 τῷ
3065 5309 3430 5383 παρατυχόντι
3456 5310 3625 5384 ἀμαυι.

2064 5404 2285 5477 ροῦσθαι
2311 5403 2603 5479 δυναμένῃ.
