3838 6214
201 319 262 376 st
1320 318 1407 373 ns
1448 317 1814 386 PARADISO,
1861 317 2122 374 ORATIO
2160 316 2246 373 ιιι.
2768 280 2769 283 γ
3354 314 3426 369 ss

264 433 345 490 16.
405 430 598 502 Ἑτέρα
655 430 712 484 δὲ
761 429 924 500 πάλιν
972 431 1091 485 ἐστί
1130 448 1215 496 τις
1266 432 1484 505 φυλακὴ
1546 432 1755 487 ἀνωθεν

1936 433 2026 488 16.
2066 432 2247 488 Altera
2277 445 2408 486 vero
2439 444 2627 485 rursus
2674 428 2921 499 superius
2968 426 3258 483 imminens
3290 427 3427 481 utri-

201 524 510 595 ἐπικειμένη
554 522 799 593 ἐκατέρῳ
849 522 960 576 τῶν
1007 522 1302 594 ὀφθαλμῶν
1352 523 1442 579 διὰ
1482 523 1592 579 τῶν
1637 541 1757 597 τρι-

200 617 321 688 χῶν,
368 612 503 685 ὁμοῦ
554 612 651 684 μὲν
708 615 775 683 τῇ
834 615 1149 684 περιγραφῇ
1204 613 1539 685 εὐπρέπειαν
1597 630 1755 693 χαρι-

202 701 575 774 ζομένη,ὀμοῦ
625 702 681 754 δέ
721 702 816 756 καὶ
870 702 968 773 τὴν
1016 702 1312 773 ἀσφάλειαν
1360 703 1745 775 παρεχομένη·

199 795 309 864 ἣτις
356 794 504 847 ἐστὶν
564 794 598 864 ἡ
654 794 846 865 ὀφρὺς,
892 792 1099 847 ἀνωθεν
1152 794 1566 866 προϐεϐλημένη
1591 834 1608 859 ,
1670 795 1757 848 ἵνα

200 883 491 955 κατευθύνῃ
523 883 585 937 τδ
624 884 899 956 ὁρατικόν.
932 886 1043 938 Καὶ
1072 884 1261 938 τούτου
1297 884 1589 951 ἀπόδειξις,
1625 885 1754 939 ὅταν

202 975 451 1047 βουληθῇς
473 975 759 1047 πόρρωθέν
791 994 844 1030 τι
872 976 1336 1040 κατασκοπεῦσαι,
1379 976 1472 1028 καὶ
1503 975 1758 1040 κοιλάνας

198 1065 289 1137 τὴν
317 1068 496 1137 χεῖρα,
530 1067 852 1141 ύπερτείνῃς
878 1068 985 1123 τῶν
1010 1068 1245 1140 ὀφρύων.
1268 1069 1363 1131 Εἰς
1387 1068 1440 1120 τί
1463 1067 1570 1139 γὰρ
1601 1067 1759 1121 τοῦτο

200 1159 393 1222 music;
422 1158 510 1209 ἵνα
542 1157 603 1210 τὸ
633 1159 726 1211 ἐπὶ
757 1158 820 1211 τὸ
850 1159 964 1213 ἀνω
994 1159 1423 1231 διαφορούμενον
1455 1159 1556 1229 τῆς
1583 1158 1760 1229 ὅψεως

201 1245 270 1317 μὴ
289 1245 408 1316 εἰκῆ
435 1246 807 1310 σκεδάννυται,
828 1246 906 1318 τῷ
933 1248 1123 1302 πλάτει
1144 1249 1239 1302 τοῦ
1255 1250 1414 1321 ἀέρος
1436 1250 1760 1321 ἐγκαταχεό-

202 1354 383 1406 μενον·
412 1338 530 1391 ἀλλ’
566 1338 634 1391 ἐκ
665 1355 726 1391 τε
759 1340 859 1410 τῆς
887 1339 1092 1394 ἀνωθεν
1116 1340 1316 1410 ἀνοχῆς
1334 1342 1433 1411 τῆς
1464 1340 1665 1412 χειρὸς,
1696 1339 1761 1395 ἔκ

197 1445 250 1481 τε
280 1428 376 1498 τῆς
405 1430 613 1484 ἄνωθεν
662 1430 932 1502 προϐολῆς
961 1431 1073 1486 τῶν
1106 1430 1324 1503 ὀφρύων
1355 1429 1758 1499 κατευθυνόμε-

196 1534 297 1583 νον,
329 1518 715 1592 ἀκριϐέστερον
740 1520 893 1592 σχοίη
931 1519 1028 1574 τοῦ
1068 1520 1265 1592 ὀρατοῦ
1306 1519 1405 1591 τὴν
1437 1518 1756 1591 μετάληψιν.

196 1608 288 1662 Διά
314 1608 467 1663 τοῦτο
495 1609 719 1681 ὀφρύες,
767 1610 902 1681 ὀμοῦ
940 1611 1041 1682 μὲν
1066 1611 1132 1664 τὸ
1176 1610 1398 1664 ὀπτικδν
1426 1610 1534 1666 τῶν
1561 1610 1760 1679 ὀφθαλ-

1860 543 1965 595 que
2011 526 2194 590 oculo,
2223 524 2452 594 pilorum
2501 521 2711 577 exsistit
2762 520 2946 586 tuitio;
2996 534 3117 589 qua:
3166 527 3279 573 tum
3335 519 3427 573 de-

1859 633 2041 675 corem
2106 619 2311 671 ambitu
2370 615 2655 677 conciliet,
2710 623 2820 667 tum
2874 627 3005 667 vero
3057 612 3216 667 etiam
3266 625 3427 665 secti-

1858 712 2072 764 ritatem
2104 717 2355 780 prazstet;
2404 706 2751 776 supercilium
2788 704 2994 759 scilicet
3039 719 3270 773 superne
3300 719 3427 772 pro-

1860 804 2082 856 ductum
2164 808 2223 855 ut
2294 799 2570 855 oculorum
2646 798 2818 851 aciem
2895 795 3109 866 dirigat.
3185 794 3428 863 Iluicque

1874 893 2035 965 347
2065 892 2142 946 rei
2178 899 2498 959 argumento
2539 897 2659 951 est,
2687 888 2827 956 quod
2857 902 2979 941 cum
3007 887 3187 939 animo
3227 886 3430 939 consli-

1861 993 2037 1039 tutum
2078 983 2171 1048 sit,
2203 990 2262 1035 ut
2295 996 2409 1035 rem
2445 978 2604 1047 longe
2639 980 2931 1034 distantem
2955 977 3275 1048 speculeris,
3305 993 3429 1032 cur-

1859 1083 2035 1129 vatam
2065 1090 2281 1128 manum
2304 1072 2611 1143 superciliis
2631 1070 2902 1126 obtendis.
2925 1069 3065 1137 Quid
3085 1069 3227 1124 enim
3252 1083 3428 1124 causa

1859 1176 1921 1223 ut
1953 1167 2006 1222 id
2039 1165 2244 1220 facias?
2286 1164 2357 1219 Ut
2382 1164 2636 1217 nimirum
2674 1162 2816 1230 quod
2844 1162 3055 1217 videndi
3098 1161 3180 1215 vis
3213 1176 3426 1215 sursum

1858 1272 2051 1312 versus
2083 1255 2377 1325 disjicitur,
2421 1253 2563 1307 haud
2596 1252 2797 1306 frustra
2824 1252 3137 1319 dissipetur,
3168 1260 3430 1318 vastoque

1860 1363 1987 1403 aere
2021 1347 2389 1411 diﬂ'uudatur;
2426 1344 2520 1400 sed
2568 1352 2715 1398 tenta
2756 1344 3005 1411 superius
3034 1358 3226 1405 manu,
3261 1343 3426 1396 desu-

1860 1457 2069 1513 perque
2100 1440 2375 1509 protensis
2411 1438 2718 1508 superciliis
2757 1437 2960 1491 directa
2983 1475 3001 1503 ,
3028 1451 3143 1490 rem
3186 1436 3238 1490 in
3266 1451 3427 1505 aspe-

1861 1543 2009 1588 ctum
2043 1532 2334 1587 cadentem
2366 1530 2683 1583 accuratius
2736 1526 3022 1597 percipiat.
3078 1526 3203 1580 Haec
3236 1542 3428 1596 super-

1862 1622 2109 1676 ciliorum
2163 1619 2333 1684 ratio,
2386 1633 2507 1689 quas
2545 1627 2657 1671 tum
2704 1616 2985 1672 oculorum
3031 1615 3288 1670 obtuendi
3319 1614 3427 1668 vim

202 1700 307 1770 μῶν
341 1702 788 1769 κατευθύνουσαι,
827 1703 963 1773 ὁμοῦ
991 1702 1048 1755 δὲ
1083 1703 1292 1757 καὶτὸν
1317 1702 1522 1757 ἀνωθεν
1555 1704 1761 1775 καταρ-

1867 1713 2129 1782 dirigant,
2172 1720 2398 1781 tumque
2432 1709 2600 1763 etiam
2649 1708 2884 1778 desuper
2913 1704 3230 1761 deﬂuentem
3262 1705 3427 1760 sudo-

200 1792 375 1861 ῥέοντα
411 1793 613 1865 ἰδρῶτα
643 1793 953 1864 ἐπέχουσαι,
977 1794 1069 1847 καὶ
1090 1794 1189 1847 ούκ
1214 1793 1382 1847 ἐῶσαι
1404 1793 1758 1863 καταχεῖσθαι

198 1883 294 1939 τῶν
318 1885 685 1959 αἰσθητηρίων
721 1886 816 1939 καὶ
846 1885 1160 1958 ἐμποδίζειν
1185 1889 1304 1949 ταῖς
1334 1885 1539 1956 ὄψεσιν,
1570 1881 1682 1938 οἶόν
1705 1902 1758 1939 τι

194 1976 528 2049 διατείχισμα
562 1977 744 2031 ἰκανὸν
787 1977 924 2049 πρὸς
966 1978 1064 2050 τὴν
1110 1979 1207 2051 τῆς
1249 1977 1445 2045 ἔξωθεν
1502 1976 1761 2049 ἐπιούσης

196 2066 388 2139 βλάϐης
414 2069 754 2142 ἀποτροπήν.

257 2160 340 2215 17.
373 2162 530 2226 Ποῖος
552 2161 934 2234 ἀμπελουργὸς
958 2161 1100 2215 οὕτω
1127 2160 1349 2215 δύναται
1380 2160 1635 2230 ἀσφαλῶς
1660 2159 1761 2231 τὴν

193 2254 385 2308 οἰκείαν
411 2254 659 2325 ἄμπελον
682 2253 1043 2326 περικλεῖσαι,
1059 2254 1153 2306 καὶ
1173 2252 1397 2324 θριγκὸν
1427 2254 1564 2325 αὐτῇ
1589 2251 1764 2305 τοιοῦ-

192 2360 276 2397 τον
314 2344 645 2416 περιϐαλεῖν,
696 2344 772 2409 ὡς
805 2344 1129 2399 ἀνεπίϐατον
1173 2345 1392 2407 πάντως
1433 2343 1763 2398 καθεστάναι

192 2433 275 2488 τδν
297 2436 491 2508 χῶρον,
519 2436 598 2500 ὡς
623 2437 653 2489 ὀ
673 2436 803 2500 Θεὸς
827 2436 1181 2507 ἐξειργάσατο
1206 2436 1305 2508 τὴν
1333 2435 1441 2489 τῶν
1470 2434 1763 2505 ὀφθαλμῶν

193 2526 491 2598 περιϐολὴν,
534 2527 640 2597 τὴν
679 2526 788 2581 τῶν
821 2526 1038 2598 ὀφρύων
1080 2524 1374 2596 περιϐολὴν
1416 2526 1498 2589 εἰς
1527 2525 1628 2596 τὴν
1656 2525 1763 2577 τῶν

191 2616 471 2690 ὀφθαλμῶν
499 2618 768 2695 φυλακὴν,
801 2617 1095 2690 μηνοειδῶς
1122 2619 1254 2688 ἡμῖν
1282 2616 1452 2680 αύτάς
1494 2609 1765 2688 περιγρά-

191 2706 308 2776 φας,
353 2708 462 2762 ἀπὸ
513 2709 645 2779 μιᾶς
697 2707 971 2778 συμϐολῆς
1013 2706 1110 2777 τῆς
1154 2705 1296 2759 κατά
1334 2704 1433 2776 τὴν
1480 2707 1623 2776 ῥῖνα,
1676 2705 1762 2780 ἐφ’

193 2798 418 2871 ἑκάτερα
460 2798 531 2852 τά
580 2799 720 2870 μέρη
758 2798 1201 2869 διατεινομένας·
1249 2797 1335 2851 ἵνα
1377 2798 1405 2851 ὀ
1438 2795 1598 2869 ίδρὼς
1635 2798 1762 2869 τῇδε

192 2896 402 2949 κάκεῖσε
449 2895 781 2967 περιρρέων,
830 2893 1100 2965 μηδεμίαν
1139 2891 1395 2964 ἀσχολίαν
1440 2892 1651 2964 παρέχῃ
1684 2891 1763 2964 τῷ

195 2986 433 3041 πονοῦντι
472 2987 749 3058 ἀνθρώπῳ
791 2986 919 3056 περὶ
957 2984 1018 3038 τὸ
1060 2983 1421 3056 προκείμενον
1454 2982 1633 3055 ἔργον,
1668 2983 1763 3036 καὶ

1861 1819 1976 1860 rem
2017 1804 2326 1867 retineant,
2374 1815 2476 1856 nec
2522 1798 2697 1855 oculis
2727 1797 2929 1852 oﬂ‘undi
2963 1798 3147 1851 sinant
3181 1795 3430 1865 visuique

1860 1893 2095 1961 oﬂicere,
2126 1894 2274 1947 velut
2306 1893 2580 1962 quoddam
2606 1892 3131 1961 intersepimentum,
3158 1903 3188 1942 a
3221 1903 3280 1943 se
3308 1888 3428 1942 ido-

1860 2000 2021 2041 neum
2054 1982 2439 2054 suﬂiciensque
2472 1982 2541 2039 ad
2571 1982 2886 2049 arcendam,
2917 1996 3038 2052 qua:
3068 1980 3138 2036 ab
3170 1980 3428 2036 exteriori

1859 2085 1965 2142 est,
1989 2075 2265 2146 iniuriam.

1935 2168 2026 2224 17.
2067 2166 2198 2234 Quis
2224 2174 2355 2233 rogo
2375 2163 2577 2220 vinitor
2598 2164 2678 2219 sic
2705 2171 2820 2218 tuto
2846 2163 3059 2218 vineam
3087 2178 3240 2218 suam
3266 2170 3431 2232 queat

1861 2259 2168 2325 occludere,
2200 2257 2663 2328 circumjectaque
2697 2257 3037 2311 communire
3066 2256 3300 2310 maceria
3321 2294 3337 2320 ,
3369 2263 3431 2309 ut

1861 2351 2011 2406 locus
2056 2364 2283 2420 prorsus
2313 2349 2627 2407 iuaccessus
2669 2349 2939 2411 exsistat,
2970 2345 3425 2416 quemadmodqu

1861 2444 2005 2499 Deus
2054 2443 2335 2497 oculorum
2383 2442 2539 2497 nobis
2585 2440 2849 2495 ambitum
2893 2438 3109 2502 eﬂecit,
3140 2439 3341 2507 quibus
3370 2444 3432 2491 ut

1863 2543 2118 2593 caveatur
2154 2533 2567 2604 superciliorum
2607 2531 2795 2588 orbem
2831 2528 3228 2586 semicirculari
3261 2529 3428 2583 ductu

1861 2641 1968 2681 uno
1998 2626 2067 2682 ad
2100 2640 2295 2680 nasum
2343 2623 2597 2680 conﬂuxu
2636 2622 2891 2691 utrinque
2935 2631 3193 2691 protensa
3243 2620 3424 2685 linea,

1861 2716 2095 2783 elliuxit,
2124 2730 2232 2785 quo
2260 2716 2447 2779 sudor,
2482 2715 2608 2771 hinc
2642 2713 2767 2767 inde
2795 2710 3070 2773 deﬂuens.
3102 2711 3240 2767 nihil
3271 2711 3428 2765 labo-

1861 2810 2003 2865 ranti
2037 2809 2242 2864 homini
2274 2808 2476 2878 negotii
2511 2808 2695 2876 faciat,
2723 2808 2776 2863 in
2809 2807 3037 2877 quodvis
3063 2821 3198 2875 opus
3225 2805 3431 2875 impen-

1863 2901 2030 2963 ditur,
2059 2913 2360 2967 manusque
2392 2898 2561 2952 libera
2597 2899 2689 2961 sit,
2728 2912 2826 2951 nec
2864 2897 2931 2950 ad
2965 2895 3151 2951 oculos
3172 2896 3432 2949 continue

1862 2989 2060 3056 levari,
2092 2998 2253 3057 atque
2283 2988 2407 3043 inde
2436 2988 2756 3043 deﬂuentem
2799 2987 3080 3042 humorem
3114 2988 3430 3055 abstergere

193 3080 254 3149 τῇ
290 3079 473 3132 τούτου
513 3077 663 3149 χειρί
701 3075 925 3148 ἀνιούσῃ
978 3074 1217 3147 συνεχῶς
1260 3074 1352 3127 ἐπὶ
1391 3075 1517 3138 τοὺς
1559 3073 1762 3144 ὀφθαλ-

1867 3081 2078 3137 debeat.
2132 3079 2239 3136 Sed
2296 3079 2458 3135 simul
2512 3080 2728 3149 quidem
2774 3079 2841 3134 ad
2900 3087 3192 3149 utrumque
3240 3086 3431 3146 sponte

197 3170 340 3240 μοὺς,
382 3171 479 3223 καὶ
530 3168 635 3232 τὰς
685 3167 1135 3238 καταφερομένας
1183 3166 1395 3229 νοτίδας
1448 3167 1765 3237 ἀπομασσο-

198 3258 355 3329 μένῃ·
406 3257 520 3312 ἀλλ’
567 3255 703 3328 ὁμοῦ
754 3257 853 3328 μὲν
900 3256 1123 3328 διαρρέῃ
1177 3255 1501 3328 αὐτομάτως
1550 3255 1645 3308 ἐπὶ
1694 3255 1764 3310 τὰ

195 3349 521 3422 ἑκατέρωθεν
564 3348 794 3417 πλάγια,
845 3349 1282 3420 μεταφερόμενος
1334 3348 1421 3402 διὰ
1468 3347 1579 3401 τῶν
1622 3347 1766 3401 ἰδίων

196 3438 386 3511 ὀχετῶν
414 3439 623 3497 ἀνωθεν
651 3438 759 3493 τῶν
788 3438 1029 3511 ὀφρύων,
1064 3438 1199 3509 ὀμοῦ
1230 3455 1288 3490 τε
1308 3437 1382 3509 (a)
1413 3438 1463 3490 oi
1499 3436 1767 3508 ὀφθαλμοὶ

196 3529 551 3603 ἀνενοχλήτως
584 3532 684 3602 τὴν
720 3530 854 3584 ἰδίαν
896 3530 1195 3584 ἐπιτελοῖεν
1225 3530 1541 3601 ἐνέργειαν;
1572 3530 1636 3582 Εἰ
1668 3530 1766 3600 μὲν

196 3617 281 3675 οὖν
307 3623 441 3676 κατά
476 3623 643 3695 μέρος
675 3624 771 3676 κτιιί¹
800 3623 929 3695 περί
953 3622 1063 3675 τῶν
1085 3622 1288 3676 λοιπῶν
1319 3622 1497 3693 μελῶν
1523 3622 1618 3675 τοῦ
1654 3621 1764 3675 σώ-

201 3726 357 3792 ματος
410 3713 805 3784 βουληθείημεν
827 3711 1179 3791 λογίσασθαι,
1203 3713 1298 3765 καί
1315 3711 1411 3783 τὴν
1438 3712 1522 3783 ἐφ’
1551 3713 1767 3784 ἑκάστῳ

200 3805 377 3875 σοφίαν
400 3805 494 3858 τοῦ
525 3804 662 3857 Θεοῦ
686 3804 1049 3876 διατρανῶσαι
1078 3804 1171 3857 καὶ
1222 3803 1540 3876 ἐξυμνῆσαι,
1568 3805 1769 3858 ἐπιλεί-

198 3894 280 3965 ψει
323 3898 539 3961 πάντως
578 3897 726 3967 ἡμᾶς
766 3896 800 3967 ἡ
848 3896 1052 3968 ἡμέρα.
1095 3896 1286 3966 Ὑμεῖς
1324 3897 1380 3950 δὲ
1414 3898 1507 3951 καὶ
1540 3896 1601 3961 ἐξ
1648 3896 1766 3960 ἐνὸς

206 3988 353 4055 μόνου
385 3989 572 4064 μορίου
604 3989 974 4060 κατανοήσατε
999 3985 1215 4051 πάντως
1243 3987 1305 4040 τὸ
1336 3990 1434 4059 τῆς
1456 3987 1606 4051 θείας
1626 4003 1765 4058 προ-

201 4079 337 4142 νοίας
385 4068 515 4151 περὶ
565 4081 657 4132 τὸν
702 4075 984 4151 ἄνθρωπον
1029 4078 1123 4131 καὶ
1171 4078 1427 4149 τεχνικῆς
1462 4077 1767 4149 οἰκονομίας

201 4170 652 4244 ἀπειροδύναμον·
686 4173 835 4243 ἡμᾶς
869 4169 915 4223 δ’
943 4170 1333 4241 ἐπειγομένους
1364 4171 1456 4226 ἐπί
1493 4170 1765 4224 τιναόδὸν

201 4262 509 4331 ἀναγκαίαν,
560 4263 677 4334 μετ’
724 4262 897 4332 εὐχῶν
938 4261 1325 4333 προπέμψατε,
1372 4262 1461 4315 ἵνα
1508 4264 1567 4316 ὲν
1611 4260 1766 4331 τάχει

200 4351 585 4417 ἀποσωθέντες,
623 4352 719 4405 καὶ
766 4351 876 4406 τῶν
925 4350 1260 4421 λειπομένων
1301 4350 1672 4419 ἀποδώσωμεν
1704 4348 1767 4401 τὸ

1864 3170 2007 3226 latus
2053 3187 2151 3241 per
2193 3186 2323 3226 suos
2370 3170 2587 3226 canales
2636 3185 2799 3240 super
2848 3168 3138 3240 supercilia
3190 3167 3427 3235 deﬂuat,

1864 3256 2135 3326 simulque
2180 3258 2321 3312 oculi
2373 3258 2517 3311 nulla
2559 3258 2807 3313 molestia
2850 3272 3005 3312 suam
3055 3257 3426 3326 operationem

1864 3347 2181 3419 perﬁciant.
2213 3349 2356 3403 Sane
2385 3348 2572 3419 igitur,
2603 3350 2649 3404 si
2680 3349 2899 3418 quidem
2925 3347 3199 3418 sigillatim
3233 3361 3430 3417 corpo—

1867 3443 1953 3497 ris
2002 3444 2241 3496 membra
2280 3441 2488 3511 reliqua
2520 3442 2749 3497 rationis
2784 3442 2921 3495 libra
2955 3441 3185 3494 velimus
3227 3454 3433 3509 expen-

1866 3533 2027 3599 dere,
2087 3533 2291 3603 Deique
2347 3534 2401 3588 in
2456 3532 2684 3604 singulis
2731 3532 3049 3602 sapientiam
3099 3529 3436 3595 enucleatius

1866 3626 2086 3681 tradere
2117 3640 2180 3679 ac
2212 3625 2493 3680 dilaudare
2515 3665 2531 3691 ,
2560 3624 2786 3679 omnino
2815 3623 3027 3677 deﬁciet
3055 3636 3154 3676 nos
3192 3631 3428 3690 tempus.

1872 3713 1977 3768 Vos
2005 3716 2188 3783 itaque
2215 3713 2299 3768 vel
2329 3730 2396 3768 ex
2428 3729 2533 3768 uno
2564 3713 2828 3777 membro,
2860 3722 2915 3766 et
2945 3712 3165 3781 quidem
3206 3710 3429 3781 exiguo,

1865 3819 2090 3875 prorsus
2120 3815 2345 3874 peusate
2374 3806 2569 3859 divinze
2600 3821 2727 3876 erga
2761 3806 3032 3860 hominem
3080 3803 3433 3874 providentia

1868 3893 2110 3961 artisque
2154 3893 2527 3962 dispositionis
2548 3894 2658 3973 vim
2688 3895 2988 3961 inﬁnitam;
3018 3909 3224 3965 nosque
3252 3895 3387 3949 adeo
3409 3931 3428 3959 ,

1866 3985 1960 4053 qui
1993 3986 2058 4037 ad
2086 3987 2450 4040 necessarium
2479 3987 2750 4056 quoddam
2776 3988 2880 4043 iter
2902 4001 3276 4057 properemus,
3308 3999 3434 4056 pre-

1866 4073 2020 4128 cibus
2045 4074 2315 4143 deducite,
2341 4084 2399 4129 ut
2422 4090 2488 4130 ex
2517 4076 2608 4131 illo
2635 4092 2795 4145 quam
2826 4077 2935 4131 cito
2966 4076 3281 4140 incolumes,
3312 4089 3434 4143 qua:

1867 4173 1993 4219 sunt
2048 4166 2258 4235 reliqua
2309 4166 2479 4221 debiti
2526 4167 2905 4242 exsolvamus;
2958 4166 3167 4220 Domini
3219 4165 3431 4234 gratia,

1867 4256 1959 4324 qui
1989 4271 2118 4327 erga
2151 4273 2251 4313 nos
2288 4259 2540 4329 prudenti
2568 4258 2800 4312 consilio
2829 4258 3068 4327 disponit
3094 4257 3299 4322 omnia,
3334 4256 3429 4326 qui

1866 4362 1969 4402 nos
1994 4351 2199 4404 creavit
2227 4365 2323 4405 sua
2353 4351 2525 4422 gratia
2550 4366 2564 4415 ;
2595 4351 2682 4404 cui
2712 4350 2884 4421 gloria
2907 4359 2960 4403 et
2981 4358 3222 4420 potestas
3254 4349 3308 4402 in
3337 4362 3435 4403 sae.

200 4443 374 4513 χρέος·
418 4445 603 4530 χάριτι
630 4443 724 4496 τοῦ
759 4443 933 4497 πάντα
967 4444 1420 4514 οἰκονομήσαντος
1463 4442 1592 4512 περί
1622 4441 1762 4513 ἡμᾶς

1872 4436 1988 4491 cula
2020 4440 2362 4496 smculorum.
2395 4442 2586 4495 Amen.

201 4531 415 4605 Κυρίου,
447 4527 544 4589 τόὖ
590 4536 870 4607 κτίσαντος
913 4536 1062 4607 ἡμᾶς
1107 4538 1172 4608 τῇ
1225 4533 1391 4589 αὐτοῦ
1426 4535 1648 4608 χάριτι·
1679 4534 1763 4587 ὅτι
1799 4527 2006 4603 αύτῷὴ
2036 4532 2162 4599 δόξα
2188 4534 2283 4590 καὶ
2339 4534 2403 4588 τὸ
2466 4533 2668 4597 κοάτος
2695 4534 2775 4597 εἰς
2796 4533 2923 4597 τοὺς
2945 4532 3146 4599 αἰῶνας
3172 4532 3277 4587 τῶν
3306 4530 3436 4599 alti»

201 4640 316 4680 νων.
342 4626 534 4701 Ἀμήν.

504 4848 617 4905 Τοῦ
644 4847 833 4903 αὑτοῦ
871 4847 1006 4916 περὶ
1047 4846 1437 4917 παραδείσου.

610 4954 613 4955 ⁷
813 4939 1030 4992 ΛΟΓΟΣ
1067 4939 1141 4994 Ρ.

267 5029 318 5084 1.
343 5031 453 5086 Καὶ
478 5032 816 5103 ἐφύτευσεν
842 5034 875 5085 ό
909 5029 1050 5097 Θεὸς
1082 5030 1452 5099 παράδεισον
1478 5029 1549 5083 ἐν
1594 5026 1768 5097 Ἐδὲμ

2332 4840 2580 4913 Ejusdem
2609 4842 2673 4893 de
2702 4838 2969 4909 paradiso.

2455 4930 2715 4988 ORATIO
2751 4929 2840 4983 Ill.

1941 5030 1995 5084 1.
2053 5025 2126 5082 Et
2176 5025 2439 5098 plantavit
2488 5024 2630 5078 Deus
2678 5023 2987 5092 paradisum
3032 5023 3088 5075 in
3138 5017 3305 5074 Edam
3365 5023 3451 5073 ad»

202 5123 343 5176 κατὰ
366 5124 683 5191 ἀνατολὰς,
724 5122 823 5178 καὶ
856 5122 1022 5177 ἔθετο
1045 5122 1176 5176 ἐκεῖ
1200 5121 1307 5176 τὸν
1337 5121 1668 5189 ἄνθρωπον,
1697 5119 1762 5173 ὃν

1871 5119 2155 5177 orientales
2175 5118 2378 5188 plagas,
2405 5128 2451 5171 et
2479 5116 2653 5185 posuit
2685 5115 2757 5167 ibi
2784 5112 3043 5166 Immineat
3065 5126 3215 5180 quem
3239 5109 3437 5178 forma.

204 5211 443 5268 ἔπλασε.
477 5215 803 5285 Νοήσωμεν,
835 5213 1125 5286 ἀκροαταὶ,
1165 5213 1320 5278 ἀξίαν
1358 5210 1494 5265 Θεοῦ
1525 5211 1768 5280 φυτείαν,

206 5302 294 5356 καὶ
320 5305 646 5377 παράδεισον
677 5305 957 5376 πρέποντα
981 5307 1050 5375 τῇ
1082 5302 1370 5374 φιλοκαλίᾳ
1401 5300 1496 5356 τοῦ
1526 5300 1767 5353 τοιούτου

209 5399 297 5454 καὶ
328 5401 644 5472 τηλικούτου
690 5400 1046 5473 δημιουργοῦ.
1100 5398 1188 5453 Ἐν
1242 5397 1342 5469 μὲν
1389 5398 1503 5461 τοῖς
1544 5394 1771 5450 κατόπιν

272 5557 317 5589 ³⁸
351 5556 484 5614 Gen.
515 5572 575 5624 ιι,
600 5558 654 5614 8.

279 5731 348 5804 (α)
378 5732 463 5790 Τέ.
493 5732 650 5791 Forte
677 5731 755 5787 δέ.
782 5732 940 5789 Eutr.

1871 5223 2015 5265 verat
2045 5210 2114 5267 ³⁸.
2153 5210 2235 5265 Ad
2278 5219 2515 5263 mentem
2552 5219 2872 5261 revocemus
2897 5243 2913 5270 ,
2951 5204 3245 5266 auditores,
3287 5200 3436 5270 ejus-

1874 5302 2018 5358 modi
2052 5300 2442 5369 plantationem
2486 5314 2608 5369 qua:
2644 5298 2752 5351 Deo
2795 5297 2953 5365 digua
2995 5296 3095 5359 sit,
3127 5308 3191 5349 ac
3219 5292 3439 5363 paradi-

1878 5409 2022 5458 sum,
2052 5392 2144 5463 qui
2178 5390 2305 5448 talis
2342 5390 2588 5460 tantique
2612 5387 2823 5458 opiﬁcis
2858 5386 2992 5442 artis
3018 5384 3299 5442 solertiam
3329 5382 3444 5438 elev.
