3838 6214
356 296 427 355 65

1301 304 1661 361 ἈΡΡΕΝΒΙΧ
1699 303 1983 360 OPEBUM
2025 303 2373 374 SIBASlLll
2415 302 2650 361 MAGNI.

3537 293 3620 349 64

360 416 708 488 gantiamque
734 417 868 474 nihil
895 419 1173 475 dedeceat.
1200 419 1259 475 ln
1300 420 1673 491 superioribus
1706 419 1923 488 quidem

2050 418 2242 490 ιῖρηται
2262 435 2277 450 ·
2315 416 2725 487 Βλαστησάτω
2753 415 2792 483 ὴ
2828 412 2903 485 τῆ
2935 411 3208 480 βοτάνην
3232 411 3473 479 χόρτου,
3506 414 3617 462 καὶ

358 507 562 562 dictum
590 519 672 563 est
701 527 715 563 :
750 508 1014 563 Germt‘net
1056 522 1196 565 terra
1219 511 1434 564 herbam
1473 513 1744 575 virentem,
1786 520 1833 564 et
1865 509 1933 563 li-

358 614 517 667 gnum
543 599 874 668 lructiferum
903 601 1172 655 seminans
1204 618 1400 665 semen,
1428 602 1627 671 faciens
1657 601 1887 668 fructum
1912 617 1930 655 :

364 700 414 741 et
446 689 643 757 factum
670 700 743 743 est
770 691 847 743 ita
872 690 938 743 ³⁷.
974 690 1073 744 Hic
1102 704 1231 744 vero
1271 705 1460 744 rursus
1482 693 1557 744 ait
1584 710 1597 745 :
1633 690 1698 745 Et
1724 691 1935 759 planta-

364 781 433 832 vit
470 780 609 833 Deus
643 782 950 847 paradisum
981 783 1037 835 in
1077 780 1260 836 Edem.
1308 782 1365 835 Si
1404 783 1621 851 quidem
1654 783 1935 853 paradisus

370 873 750 925 communibus
784 872 945 941 lignis
977 884 1140 941 atque
1170 873 1430 941 stirpibus
1458 871 1747 927 confertus
1793 881 1931 938 erat,

367 976 397 1013 a
427 960 599 1026 prima
632 964 886 1015 arborum
933 964 1171 1017 editione
1208 973 1405 1016 statum
1442 978 1600 1015 suum
1632 978 1697 1017 ac
1726 962 1938 1017 consti-

367 1051 628 1105 tutionem
675 1052 940 1118 habebat,
999 1067 1098 1105 nec
1151 1052 1409 1120 singulari
1460 1051 1553 1106 Dei
1601 1052 1936 1121 plantatione

367 1155 487 1208 quae
514 1151 700 1210 postea
742 1142 792 1195 in
824 1157 889 1195 eo
911 1152 1084 1195 enatae
1111 1154 1258 1204 sunt,
1296 1144 1552 1206 arbores,
1593 1157 1728 1210 opus
1764 1143 1935 1196 habe-

366 1228 515 1283 bant.
566 1229 715 1283 Nunc
767 1245 932 1295 vero,
978 1232 1122 1300 quod
1161 1232 1282 1286 alia;
1329 1232 1486 1302 longe
1525 1234 1933 1301 prmstantiores

371 1332 568 1386 genere
595 1319 799 1388 pariter
839 1328 1137 1388 gustuque,
1178 1321 1244 1374 iis
1267 1361 1283 1385 ,
1311 1337 1431 1391 quae
1462 1323 1710 1390 superius
1739 1333 1932 1390 sponte

370 1423 402 1462 e
442 1418 586 1463 terra
612 1420 968 1474 emerserant,
1000 1410 1052 1463 in
1086 1411 1343 1478 paradiso
1379 1411 1722 1479 postmodum
1758 1424 1933 1467 enatae

372 1511 500 1553 sunt
526 1501 702 1555 omnis
728 1502 943 1571 generis
985 1501 1210 1556 arbores
1233 1540 1250 1567 ,
1283 1504 1366 1557 vel
1400 1518 1467 1557 ex
1499 1503 1619 1572 ipsa
1655 1502 1939 1573 Scriptura

373 1593 718 1648 manifestum
749 1603 851 1647 est.

442 1682 607 1755 348
641 1683 695 1738 2.
737 1682 805 1736 Et
827 1682 1094 1751 produxit,
1120 1681 1317 1750 inquit,
1349 1681 1488 1737 Deus
1509 1683 1682 1737 adhuc
1709 1685 1773 1738 de
1801 1694 1940 1739 terra

2034 511 2226 574 ξύλον
2246 508 2543 578 κάρπιμον
2564 507 2813 577 σπεῖρον
2832 504 3086 573 σπέρμα,
3113 501 3326 556 ποιοῦν
3346 502 3612 568 καρπόν-ο

2032 602 2132 654 καὶ
2163 601 2398 671 ἐγένετο
2435 600 2641 665 οὕτως.
2688 598 2951 652 Ἐνταῦθα
2981 597 3036 650 δὲ
3064 596 3227 650 πάλιν
3274 594 3424 662 λέγει
3445 610 3460 624 °
3492 592 3613 648 Kal

2033 692 2367 761 ἐφύτευσεν
2400 695 2433 746 ὁ
2483 692 2627 759 Θεὸς
2662 689 3029 758 παράδεισον
3056 689 3125 742 ἐν
3173 685 3366 757 Ἔδέμ.
3395 686 3461 739 Ei
3494 684 3614 739 ἀπὸ

2033 782 2143 834 τῶν
2174 782 2369 835 κοινῶν
2412 781 2582 848 ξύλων
2614 781 2981 851 ἐνεπέπληστο
3022 780 3050 832 ὁ
3083 779 3426 850 παράδεισος,
3459 773 3614 847 εἶχεν

2037 873 2104 927 ἂν
2126 873 2223 945 τὴν
2256 874 2390 927 ίδίαν
2424 873 2682 927 σύστασιν
2713 872 2821 925 ἀπὸ
2849 872 2946 941 τῆς
2973 870 3192 941 πρώτης
3214 869 3477 938 γενέσεως
3496 869 3615 920 τῶν

2037 964 2241 1033 φυτῶν,
2294 965 2386 1017 καὶ
2431 966 2531 1017 οὐκ
2579 964 2748 1016 ἐδεῖτο
2786 962 3060 1033 ἐξαιρέτου
3102 962 3323 1029 φυτείας
3352 959 3444 1012 τοῦ
3469 959 3612 1013 Θεοῦ

2036 1056 2105 1111 τὰ
2131 1058 2187 1109 ὲν
2222 1056 2370 1126 αὐτῷ
2400 1055 2623 1127 ὕστερον
2657 1055 2967 1125 ἀναφυέντα
3009 1053 3219 1125 δένδρα.
3265 1051 3379 1105 Νῦν
3413 1051 3494 1116 δὲ,
3525 1052 3615 1104 ὅτι

2038 1148 2200 1219 ἕτερα
2223 1148 2355 1201 πολὺ
2384 1147 2775 1219 διαφορώτερα,
2811 1147 2905 1201 καὶ
2934 1144 3012 1216 τῷ
3035 1144 3162 1197 εῖδει
3189 1145 3280 1197 καὶ
3305 1146 3370 1214 τῇ
3399 1142 3614 1211 γεύσει,

2037 1238 2147 1291 τῶν
2185 1237 2652 1308 προαναδοθέντων
2694 1236 3014 1307 αὐτομάτως
3057 1236 3121 1287 ἐκ
3154 1233 3252 1303 τῆς
3283 1233 3405 1302 γῆς,
3439 1232 3510 1284 τὰ
3554 1234 3618 1284 ὲν

2037 1326 2115 1396 τῷ
2162 1327 2474 1398 παραδείσῳ
2518 1325 2745 1397 ὓστερον
2796 1325 2886 1378 ὑπ’
2928 1322 3092 1376 αὐτοῦ
3138 1322 3234 1375 τοῦ
3278 1321 3412 1375 Θεοῦ
3457 1320 3617 1389 φιλο-

2040 1419 2365 1489 τεχνηθέντα
2410 1419 2637 1470 παντοῖα
2684 1416 2814 1486 γένη
2855 1414 2964 1468 τῶν
3014 1411 3196 1482 φυτῶν
3243 1412 3616 1482 καθειστήκει,

2040 1508 2136 1560 καὶ
2162 1510 2257 1562 ἀπ’
2295 1508 2463 1580 αὐτῆς
2494 1508 2856 1579 δηλοποιεῖται
2888 1506 2987 1577 τῆς
3018 1504 3260 1577 Γραφῆς.

2109 1680 2164 1734 2.
2191 1679 2302 1733 Καὶ
2328 1680 2663 1746 ἐξανέτειλε
2693 1680 2822 1752 γὰρ,
2854 1682 3040 1751 φησιν,
3062 1682 3095 1733 ό
3119 1679 3261 1745 Θεὸς
3292 1678 3376 1733 ἔτι
3406 1678 3476 1733 ἐκ
3503 1677 3623 1748 τῆς

374 1791 523 1829 omne
549 1776 746 1843 lignum
769 1775 1040 1845 pulchrum
1064 1776 1179 1831 visu
1205 1785 1251 1828 et
1273 1792 1430 1830 suave
1457 1781 1527 1830 ad
1551 1777 1853 1831 vescendum
1870 1778 1934 1830 ³⁸.

2050 1770 2153 1840 Γῆς
2183 1772 2307 1825 πᾶν
2336 1772 2527 1836 ξύλον
2556 1776 2642 1839 εὶς
2675 1773 2887 1841 ὅρασιν
2923 1771 3156 1840 ὡραῖον,
3186 1771 3283 1823 καὶ
3312 1771 3503 1825 καλὸν
3527 1773 3623 1837 είς

375 1864 842 1931 Quemadmodum
871 1867 1014 1919 enim
1045 1866 1316 1919 hominem
1352 1866 1551 1920 eximia
1580 1881 1643 1921 ac
1673 1866 1939 1936 singulari

375 1957 700 2012 formatione
738 1973 851 2025 prae
883 1957 1107 2026 reliquis
1143 1957 1515 2015 animantibus
1548 1958 1798 2031 dignatus
1827 1967 1938 2023 est,

375 2047 454 2102 sic
477 2055 530 2099 et
555 2046 786 2100 hominis
809 2045 1139 2102 domicilium
1169 2062 1281 2101 suae
1306 2062 1444 2116 opus
1465 2048 1707 2103 dextera!
1729 2050 1936 2115 voluit;

375 2138 582 2193 delecto
603 2137 724 2193 loco
755 2138 971 2206 idoneo,
1005 2140 1151 2193 omni
1182 2148 1493 2193 creatorum
1524 2149 1818 2208 praestante
1842 2155 1942 2194 na-

379 2239 517 2296 tnra,
549 2232 636 2287 cui
663 2232 732 2286 ob
775 2231 1080 2286 celsitatem
1112 2230 1274 2285 nullae
1317 2231 1526 2286 umbra:
1557 2232 1944 2299 obtunderent,

377 2321 572 2375 decore
600 2319 857 2386 mirabili,
889 2329 1007 2375 tuto
1037 2320 1167 2382 situ,
1207 2322 1351 2390 quod
1394 2321 1607 2375 cunctis
1645 2322 1944 2389 emineret,

377 2412 678 2480 splendido,
705 2427 769 2467 ac
798 2412 938 2482 quod
969 2413 1116 2466 omni
1149 2413 1387 2467 siderum
1420 2422 1545 2469 ortu
1590 2414 1947 2469 collustrare-

379 2512 468 2557 tur
512 2502 891 2572 limpidissimo
947 2504 1279 2558 circumfuso
1327 2519 1485 2571 aere;
1533 2505 1765 2573 partium
1820 2506 1947 2561 anni

379 2592 770 2660 temperatione
812 2591 1214 2659 iucundissima
1269 2592 1433 2646 simul
1486 2594 1820 2663 Optimaque.
1872 2594 1946 2648 lbi

379 2681 545 2750 igitur
569 2682 707 2735 Deus
740 2683 1046 2751 paradisum
1080 2684 1416 2752 plantaverat
1440 2724 1454 2748 ,
1492 2684 1563 2738 ibi
1617 2698 1721 2738 non
1753 2692 1946 2738 vento-

381 2787 503 2828 rum
534 2774 637 2839 vis,
687 2789 794 2828 non
837 2776 967 2828 anni
1000 2783 1377 2845 tempestatum
1422 2774 1791 2843 intemperies,
1842 2788 1948 2828 non

382 2865 611 2932 grando,
646 2879 750 2918 non
778 2864 917 2933 ignei
952 2865 1216 2928 turbines,
1247 2879 1352 2918 non
1376 2863 1651 2932 procellae,
1684 2878 1790 2917 non
1815 2877 1950 2917 con-

382 2967 529 3013 torta
551 2972 615 3013 ac
638 2957 873 3011 violenta
903 2956 1146 3020 fulmina,
1175 2970 1281 3009 non
1321 2955 1520 3024 glacies
1547 2955 1814 3020 hiemalis,
1841 2969 1949 3009 non

382 3050 529 3106 veris
556 3049 881 3113 humiditas,
917 3063 1020 3103 non
1055 3049 1261 3102 azstatis
1307 3047 1471 3101 ardor
1511 3063 1575 3101 ac
1603 3058 1769 3101 aestus
1791 3088 1806 3114 ,
1841 3062 1946 3101 non

384 3141 626 3195 autumni
670 3141 927 3207 siccitas;
979 3140 1073 3195 sed
1133 3147 1431 3208 temperata
1475 3148 1777 3208 pacataque
1822 3139 1950 3193 anni

383 3239 689 3301 temporum
733 3240 917 3285 mutua
966 3230 1289 3298 concordia,
1321 3229 1533 3299 singulo
1577 3244 1792 3298 quoque
1822 3244 1951 3298 pro-

386 3324 510 3395 prio
542 3323 844 3377 convestito
875 3322 1103 3386 decore,
1139 3329 1194 3375 et
1224 3321 1369 3389 quod
1401 3336 1431 3374 a
1464 3320 1643 3375 vicino
1687 3319 1821 3373 nihil
1851 3319 1953 3375 sibi

388 3416 706 3471 insidiarum
736 3414 970 3468 timeret.
1004 3411 1139 3466 Nam
1166 3427 1339 3483 neque
1360 3427 1558 3467 vernos
1582 3411 1740 3467 ﬂores
1769 3422 1952 3477 aestas,

387 3507 620 3563 forsitan
661 3522 816 3561 suum
852 3517 1176 3575 praemature
1211 3513 1425 3574 tempus
1459 3519 1731 3573 occupans
1758 3542 1774 3569 ,
1810 3504 1958 3559 labe-

388 3597 660 3664 factaret;
711 3614 816 3651 non
851 3596 1022 3651 :estivi
1072 3610 1137 3650 ac
1186 3594 1531 3649 autumnales
1565 3593 1771 3649 fructus
1815 3595 1957 3651 aeris

391 3687 535 3743 haud
567 3701 692 3741 raro
720 3685 1120 3741 inordinatione
1147 3685 1324 3741 adusti
1349 3682 1655 3765 difﬂuerent
1676 3699 1740 3739 ac
1767 3684 1958 3740 interi-

389 3784 550 3844 rent;
575 3783 786 3830 cuncta:
813 3789 944 3829 vero
963 3775 1210 3829 ordinate
1233 3781 1582 3842 tempestates
1604 3772 1782 3828 locum
1808 3773 1954 3827 illum

390 3867 541 3924 velut
571 3868 741 3923 choro
768 3866 1084 3930 circuirent,
1125 3867 1266 3920 inter
1295 3879 1355 3920 se
1395 3864 1629 3934 placide,
1674 3865 1819 3920 nulla
1858 3881 1952 3920 cu-

388 3959 584 4029 jusque
625 3956 746 4012 labe
779 3971 840 4011 ac
875 3957 1125 4011 molestia
1157 3954 1406 4023 implexae
1439 3969 1502 4007 ac
1548 3956 1847 4023 cupulatae;
1893 3969 1957 4009 ac

391 4062 501 4118 quo
537 4048 760 4117 singula:
788 4062 885 4101 suo
916 4057 1178 4115 tempore,
1203 4045 1346 4112 quod
1389 4059 1419 4097 a
1451 4058 1509 4098 se
1547 4044 1821 4113 singulare
1850 4045 1958 4097 exi-

392 4137 670 4205 tniumque
711 4145 889 4201 esset,
934 4135 1070 4190 nihil
1108 4134 1369 4203 cujusque
1419 4132 1635 4200 injuria
1661 4135 1954 4202 oblacsnm,

390 4229 536 4284 dono
563 4230 989 4283 contribuerent.
1022 4226 1198 4282 Terra
1229 4228 1321 4281 illa
1347 4227 1525 4295 opima
1554 4225 1864 4295 mollisque,
1894 4242 1959 4281 ac

392 4333 511 4387 quae
536 4334 756 4388 prorsus
782 4317 940 4370 melle
963 4327 1207 4374 manaret
1236 4332 1300 4370 ac
1331 4316 1493 4381 lacte,
1524 4325 1684 4386 atque
1709 4318 1775 4370 ad
1798 4333 1958 4373 omne

2035 1863 2292 1931 βρῶσιν,
2331 1865 2540 1936 Ὥσπερ
2584 1863 2694 1935 γὰρ
2737 1864 2828 1916 τὸν
2879 1862 3163 1933 ἄνθρωπον
3198 1860 3471 1931 ἐξαιρέτου
3516 1862 3622 1931 τῆς

2042 1955 2292 2018 πλάσεως
2324 1955 2476 2026 παρά
2509 1955 2576 2010 τὰ
2621 1954 2785 2009 λοιπὰ
2817 1954 2929 2019 ζῶα
2967 1954 3219 2024 ἠξίωσεν,
3256 1953 3398 2006 οὑτω
3427 1952 3524 2006 καὶ
3554 1951 3622 2006 τὸ

2014 2044 2362 2118 Ἕνδιαέτημα
2405 2043 2497 2096 τοῦ
2546 2042 2829 2113 ἀνθρώπου
2879 2043 2977 2114 τῆς
3022 2043 3158 2106 ἰδίας
3211 2041 3376 2095 αὐτοῦ
3435 2041 3621 2113 χειρὸς

2044 2138 2202 2209 ἔργον
2227 2142 2465 2210 ἐποίησε,
2484 2139 2647 2192 τόπον
2672 2134 3060 2209 ὲπίλεξάμενδζ
3088 2132 3411 2209 ὲπιτήὲειον,
3444 2135 3623 2205 ὑπερ-

2046 2230 2277 2300 φέροντα
2308 2230 2406 2299 τῆς
2434 2230 2560 2301 ὅλης
2584 2230 2813 2293 κτίσεως
2838 2230 2933 2283 καὶ
2960 2229 3046 2283 διὰ
3079 2229 3140 2282 τὸ
3165 2228 3297 2298 ὕψος
3322 2224 3624 2282 ἀνεπισκὸο

2045 2337 2225 2390 τητον,
2258 2319 2564 2389 θαυμαστὸν
2591 2318 2669 2388 τῷ
2706 2317 2911 2382 κάλλει,
2946 2317 3159 2388 ἀσφαλῆ
3186 2320 3251 2388 τῇ
3284 2316 3450 2381 θέσει,
3474 2317 3623 2388 λαμ-

2048 2413 2184 2482 πρὸν
2202 2414 2266 2482 τῇ
2290 2410 2431 2463 κατά
2453 2410 2669 2463 πάντων
2694 2411 2932 2480 ὑπεροχῇ
2958 2408 3145 2478 καὶτῷ
3162 2406 3622 2477 καταλάμπεσθαι.

2048 2503 2249 2564 πάσαις
2276 2503 2392 2565 ταῖς
2412 2500 2519 2553 τῶν
2538 2500 2751 2571 ἄστρων
2774 2500 3074 2566 ἀνατολαῖς,
3106 2500 3227 2570 ἀέρι
3249 2498 3623 2570 διαυγεστάτῳ

2049 2591 2429 2662 περιεχόμενον
2473 2590 2566 2643 κα)⁵
2609 2589 2715 2643 τῶν
2752 2590 2907 2659 ὡρῶν
2955 2591 3249 2660 εὐκρασίαν
3300 2591 3522 2661 ἡδίστην
3559 2607 3624 2644 τε

2049 2678 2167 2748 ἅμα
2216 2679 2308 2731 καὶ
2355 2677 2634 2749 βελτίστην
2668 2677 2879 2749 έχοντα.
2924 2680 3071 2731 Ἐκεῖ
3113 2675 3205 2733 οὑν
3252 2679 3546 2749 ἐφύτευσεν
3592 2683 3624 2734 ὁ

2050 2773 2182 2837 Θεὸς
2229 2773 2321 2826 τὸν
2370 2772 2721 2846 παράδεισον,
2776 2773 2908 2825 ὅπου
2955 2773 3054 2825 οὐκ
3105 2773 3319 2843 ἀνέμων
3367 2773 3478 2843 βία,
3521 2775 3627 2829 οὐκ

2051 2865 2286 2936 ἀμετρία
2322 2863 2505 2936 ὡρῶν,
2531 2865 2591 2918 οὐ
2620 2864 2848 2935 χάλαζα,
2874 2865 2935 2917 οὐ
2977 2865 3313 2936 πρηστῆρες,
3343 2867 3405 2919 οὐ
3431 2866 3625 2920 λαίλα-

2052 2974 2172 3024 πες,
2217 2958 2276 3011 οὐ
2319 2958 2572 3028 σκηπτοὶ,
2615 2958 2674 3010 οὐ
2718 2958 3003 3029 χειμερινὴ
3037 2957 3220 3027 πῆξις,
3262 2959 3361 3028 οὐχ
3389 2959 3629 3032 ὑγρότης

1976 3092 2020 3150 C
2052 3048 2234 3121 ῆρινὴ,
2260 3050 2320 3101 οὐ
2350 3048 2537 3122 θερινὴ
2564 3047 2829 3120 πύρωσις,
2875 3048 2935 3101 οὑ
2978 3048 3344 3121 φθινοπωρινὴ
3371 3048 3622 3120 ξηρότης·

2054 3143 2168 3196 ἀλλ’
2210 3140 2476 3213 εὔκρατος
2513 3141 2606 3195 καὶ
2649 3141 2897 3213 εἰρηνικὴ
2949 3141 3237 3212 συμφωνία
3286 3142 3396 3195 τῶν
3443 3142 3626 3213 ὡρῶν,

2052 3235 2289 3306 ἑκάστης
2318 3233 2397 3305 τῷ
2433 3233 2546 3305 ἰδίῳ
2577 3233 2761 3287 κάλλει
2789 3234 3229 3305 κεκοσμημένης,
3261 3233 3357 3287 καὶ
3404 3235 3477 3305 μὴ
3509 3236 3631 3288 ὲπι-

2053 3324 2444 3396 ϐουλευομένης
2469 3324 2619 3396 παρά
2648 3324 2746 3395 τῆς
2771 3324 3027 3393 γείτονος.
3060 3323 3197 3377 Οὑτε
3229 3323 3339 3395 γὰρ
3366 3326 3480 3386 τοῖς
3506 3326 3631 3395 ἠρι-

2051 3420 2163 3481 νοῖς
2192 3416 2376 3471 ἄνθεσι
2401 3417 2464 3470 τὸ
2487 3416 2665 3488 θέρος,
2700 3416 2995 3488 προτρέχον
3023 3416 3187 3486 τυχὸν
3218 3416 3312 3468 τοῦ
3340 3415 3469 3467 ἰδίου
3505 3432 3631 3468 και-

2056 3507 2171 3579 ροῦ,
2218 3506 2555 3579 ἐλυμαίνετο,
2593 3503 2717 3558 οὔτε
2755 3505 2917 3558 πάλιν
2948 3503 3151 3575 θερινοὶ
3189 3502 3283 3556 καὶ
3323 3517 3631 3572 μετοπωρι-

2052 3601 2133 3653 vol
2159 3599 2381 3671 καρποὶ,
2421 3601 2488 3669 τῇ
2515 3597 2608 3650 τοῦ
2638 3595 2798 3668 ἀέρος
2838 3594 3036 3665 ἀταξίᾳ
3077 3593 3335 3656 πολλάκις
3359 3593 3632 3661 καταφλε-

2053 3691 2292 3762 χθέντες,
2322 3691 2677 3763 ὲρρυἲσκοντο
2699 3688 2794 3742 καὶ
2824 3686 3101 3742 ἀπώλοντο
3123 3687 3198 3760 (a)
3218 3704 3232 3717 ο
3261 3688 3430 3740 πᾶσαι
3454 3686 3511 3738 δὲ
3537 3687 3637 3740 τὸν

2052 3783 2216 3835 τόπον
2247 3784 2452 3835 ἐκεῖνον
2496 3780 2771 3842 εὐτάκτως
2791 3780 2847 3832 αἱ
2876 3772 3016 3849 ὧραι
3043 3776 3442 3847 περιεχόρευον,
3468 3775 3635 3844 ἀλλή-

2052 3872 2172 3937 λαις
2192 3872 2408 3945 ὁμαλῶς
2430 3873 2523 3926 καὶ
2547 3871 2767 3934 ἀλύπως
2794 3887 2857 3922 συ
2865 3867 3361 3940 μπεριπλεκόμεναι
3383 3867 3478 3921 καὶ
3502 3885 3629 3922 συνο

2053 3965 2333 4036 δούμεναι,
2355 3965 2451 4018 καὶ
2474 3964 2542 4017 τὰ
2572 3964 2700 4035 παρ’
2735 3962 2934 4031 ἑαυτῆς
2958 3961 3184 4029 ἑκάστη,
3218 3958 3358 4012 κατά
3377 3960 3469 4013 τὸν
3500 3959 3629 4013 ἴδιον

2054 4059 2262 4130 καιρὸν,
2308 4056 2690 4128 δωροφοροῦσα
2738 4054 2992 4124 ἐξαίρετα
3038 4052 3133 4105 καὶ
3186 4049 3625 4104 ἀνεπιϐούλευτα.

2048 4149 2164 4203 ’Καὶ
2185 4150 2218 4219 ἡ
2242 4149 2312 4219 γῆ
2329 4149 2384 4200 δὲ
2410 4148 2592 4218 ἐκείνη
2620 4147 2758 4199 πίων
2779 4145 2873 4198 καὶ
2900 4143 3139 4214 μαλακὴ,
3161 4142 3258 4194 καὶ
3277 4142 3412 4204 ὅλως
3433 4142 3629 4212 ῥέουσα

2058 4240 2179 4311 μέλι
2208 4240 2301 4292 καὶ
2332 4239 2492 4307 γάλα,
2519 4238 2614 4292 καὶ
2642 4238 2778 4309 πρὸς
2826 4237 3004 4289 πᾶσαν
3049 4234 3415 4306 καρπογονίαν
3441 4236 3630 4304 ἐπιτη-

2055 4331 2204 4385 δείαο
2259 4330 2413 4384 ὕδασι
2461 4329 2853 4400 γονιμωτάτοις
2905 4326 3276 4397 κατάρρυτοςο
3330 4325 3626 4396 περικαλλῆ

393 4408 662 4464 fructuum
701 4424 868 4479 genus
916 4411 1181 4464 edendum
1225 4420 1371 4466 esset
1417 4412 1645 4478 idonea,
1680 4402 1946 4468 fertilissi-

2055 4424 2151 4477 καὶ⁸
2176 4422 2307 4494 ἡδέα
2339 4424 2405 4475 τὰ
2447 4421 2634 4484 ὕδατα,
2671 4422 2766 4474 καὶ
2792 4419 2995 4489 σφόδρα
3037 4416 3210 4470 λεπτά
3252 4417 3347 4469 καὶ⁹
3371 4417 3626 4487 διαφανῆ,

393 4502 610 4571 tuisque
640 4503 794 4571 aquis
820 4502 1157 4558 circumﬂua.
1188 4503 1356 4572 Aquae
1379 4505 1509 4574 ipsa:
1532 4504 1865 4575 perpulchra:
1891 4520 1957 4561 ac

394 4591 596 4659 dulces,
628 4594 890 4664 valdeque
922 4604 1113 4650 tenues
1139 4610 1203 4651 ac
1233 4596 1489 4664 limpidaa,
1514 4611 1634 4665 quae
1655 4606 1708 4651 et
1734 4606 1957 4667 aspectu

392 4685 685 4757 plurimum
719 4696 1064 4755 recrearent,
1096 4702 1161 4741 ac
1200 4702 1362 4757 quam
1399 4687 1733 4744 oblectarent
1780 4687 1953 4758 majo-

393 4792 509 4832 rem
538 4793 751 4848 quoque
783 4779 1069 4833 utilitatem
1095 4780 1425 4845 praeberent.

466 4868 519 4923 5.
555 4868 712 4924 Prius
743 4871 924 4939 itaque
954 4871 1128 4941 ipsum
1171 4871 1414 4926 condidit
1454 4871 1654 4936 locum,
1690 4870 1956 4941 ejusmodi

396 4960 603 5014 scilicet
651 4968 710 5013 ut
751 4960 948 5014 divinae
998 4968 1156 5028 aptus
1204 4959 1402 5014 sationi
1438 4967 1602 5025 esset,
1649 4973 1749 5013 nec
1791 4960 1859 5013 ab
1893 4975 1956 5013 ea

393 5052 689 5120 quidquam
716 5050 1054 5104 abhorreret.
1084 5048 1293 5104 Exinde
1321 5049 1375 5103 in
1403 5062 1469 5104 eo
1501 5047 1763 5117 plantavit
1784 5062 1956 5118 genus

394 5157 555 5197 omne
594 5141 1082 5211 pulcherrimarum
1127 5140 1415 5210 stirpium,
1462 5153 1584 5208 quae
1628 5148 1685 5192 et
1731 5149 1955 5206 aspectu

395 5249 661 5287 summam
696 5233 928 5304 gratiam
957 5234 1239 5298 haberent,
1269 5241 1325 5286 et
1363 5245 1634 5287 summam
1673 5240 1830 5298 gusm
1857 5229 1959 5283 ho-

395 5324 524 5377 mini
573 5323 908 5379 dulcedinem
953 5325 1274 5394 praeberent.
1318 5323 1433 5391 Qua
1487 5322 1584 5377 tibi
1629 5322 1844 5376 ratione
1884 5322 1955 5377 ob

393 5414 581 5470 oculos
602 5415 748 5470 clare
771 5414 983 5485 patriae,
1008 5429 1076 5471 ex
1097 5430 1204 5487 qua
1226 5413 1500 5480 excidisti,
1528 5414 1724 5471 decora
1749 5425 1949 5483 reprae-

466 5567 513 5601 "’
532 5566 671 5627 Gen.
695 5585 735 5640 ι,
767 5570 857 5628 ll.
930 5571 978 5604 ³⁸
1007 5570 1145 5640 Gen.
1172 5588 1235 5639 ll,
1265 5572 1318 5628 9.

467 5722 545 5798 (a)
570 5726 915 5786 Ἁπώλοντο.
952 5729 1113 5787 Forte
1140 5726 1473 5785 ἀπώλλυντο.
1505 5726 1662 5784 Εοιτ.

2062 4514 2196 4567 πολὺ
2230 4514 2327 4584 μὲν
2356 4510 2415 4576 ἐξ
2442 4511 2617 4582 ὅψεως
2643 4510 2833 4581 έχοντα
2870 4510 2931 4563 τὸ
2972 4507 3221 4580 τερπνὸν,
3268 4506 3429 4562 πλέον
3455 4507 3511 4561 δὲ
3536 4508 3627 4562 τοῦ

2061 4602 2293 4677 τερπνοῦ
2317 4603 2379 4657 τὸ
2403 4601 2677 4673 ὠφέλιμον
2709 4602 3099 4674 παρεχόμενα-

2125 4862 2178 4917 5.
2213 4861 2483 4936 Πρότερον
2533 4861 2632 4934 μὲν
2668 4856 2762 4916 οὗν
2802 4862 2964 4915 αὐτὸν
3001 4860 3399 4932 ἐδημιούργησε
3420 4858 3510 4912 τὸν
3540 4859 3624 4912 τό·

2056 4972 2177 5019 πον,
2211 4954 2358 5021 ἀξιον
2383 4955 2482 5027 τῆς
2511 4954 2781 5025 ὑποδοχῆς
2820 4953 2927 5009 τῶν
2950 4952 3043 5006 τοῦ
3069 4952 3205 5006 Θεοῦ
3234 4949 3622 5021 φυτευμάτων’

2056 5047 2246 5100 ἔπειτα
2273 5046 2333 5099 δὲ
2367 5046 2721 5115 ὲνεφύτευσεν
2760 5044 2909 5116 αὐτῷ
2948 5042 3262 5098 παντοδαπά
3303 5041 3473 5111 κάλλη
3519 5041 3629 5094 δέν-

2055 5138 2217 5209 δρων,
2246 5138 2368 5207 ὄψιν
2397 5154 2457 5191 τε
2481 5136 2843 5209 χαριεστάτην
2868 5134 2962 5187 καὶ
2990 5133 3286 5187 ἀπόλαυσιν
3315 5130 3537 5201 ἡδίστην
3555 5129 3629 5200 τῷ

2056 5228 2328 5301 ἀνθρώπῳ
2353 5230 2703 5301 χαριζόμενά.
2724 5228 2850 5292 Πῶς
2876 5244 2958 5280 σοι
2979 5225 3189 5296 δυνηθῶ
3215 5224 3305 5277 ὑπ’
3327 5222 3448 5292 ὄψιν
3473 5224 3625 5293 ὲναρ-

2057 5320 2173 5390 γῶς
2201 5322 2428 5391 ἀγαγεῖν
2453 5320 2521 5375 τὰ
2554 5321 2723 5392 κάλλη
2757 5321 2855 5383 τῆς
2889 5316 3166 5390 πατρίδος,
3195 5314 3319 5368 ὅθεν
3347 5313 3609 5368 ὲκπέπτω

2055 5430 2181 5481 κας,
2207 5414 2293 5469 ἵνα
2315 5412 2693 5486 περιαλγήσας
2714 5411 2876 5479 ἀξίως
2909 5411 3003 5465 ἐπὶ
3022 5413 3088 5483 τῇ
3113 5407 3320 5463 τούτων
3353 5406 3624 5478 στερήσει,
