3838 6214
160 284 222 344 55
1296 279 1387 334 DE
1420 279 1785 348 PARADISO,
1823 279 2079 337 ORATIO
2113 279 2205 336 III.
2378 304 2387 323 ι
3320 279 3391 336 66

160 394 375 471 δυνηθῇς
413 398 515 469 ὀψέ
542 414 671 451 ποτε
701 398 800 469 τῆς
827 395 1040 469 ὲξορίας
1077 398 1516 453 ἀνακαλέσασθαι
1557 416 1717 452 σεαυ-

1838 408 2038 455 lentare
2070 396 2328 454 suﬂiciam
2351 435 2367 461 ,
2413 403 2474 450 ut
2509 407 2701 451 eorum
2743 393 2937 450 merito
2963 394 3205 451 carentia
3248 408 3389 450 mte-

159 493 260 559 τὸν,
285 491 377 545 καὶ
407 490 546 561 πρὸς
576 491 756 577 ἐκεῖνα
793 488 1226 561 παλινδρομῆσαι
1260 491 1329 545 τὰ
1356 490 1547 560 βέϐαια
1577 491 1718 546 καλά

158 584 243 636 καὶ
268 579 492 653 τερπνὰ,
521 579 612 634 καὶ
637 580 812 651 ἀμιγῆ
832 580 939 635 τῶν
959 580 1179 649 φαύλων
1200 580 1294 634 καὶ
1316 580 1576 653 λυπηρῶν
1597 598 1623 647 ;·

1824 505 1981 557 rens,
2023 490 2238 545 tandem
2286 488 2578 557 aliquando
2626 488 2694 543 ab
2739 486 2929 542 exsilio
2976 494 3082 541 tete
3128 499 3388 541 revocare

1828 582 2045 647 valeas,
2093 589 2259 649 alque
2291 579 2359 634 ad
2407 578 2496 633 illa
2540 579 2696 633 firma
2734 578 2879 632 bona
2923 591 2989 632 ac
3019 575 3389 641 delectabilia,

162 674 419 744 nullisque
442 673 601 727 malis
628 688 689 727 ac
726 673 980 728 tristibus
1005 673 1292 728 commista
1310 713 1324 738 ,
1356 673 1688 742 postliminio
1714 673 1927 730 redire!

221 765 273 816 Δ.
302 762 422 815 Εἰσὶ
456 761 557 832 μὲν
587 761 695 833 γὰρ
722 760 1000 815 κάνταῦθα
1031 761 1296 833 λειμῶνες
1336 760 1600 826 εὐανθεῖς,
1624 762 1720 815 καὶ⁹

159 856 248 927 τὴν
292 854 416 908 θέαν
467 854 811 925 περικαλλεῖς
834 872 849 886 °
896 855 1032 910 ἀλλά
1070 855 1322 909 τοσοῦτον
1365 853 1720 926 χαριέστατον

158 950 217 1017 τῇ
241 946 444 1017 διανοίᾳ
482 945 852 1017 φαντάσθητισ
883 946 1000 1011 πῶς
1037 947 1095 1000 τὸ
1123 947 1277 1019 ῥόδον
1308 949 1405 1018 μὲν
1447 948 1586 1019 μετά
1621 949 1723 1020 τῆς

161 1036 386 1105 ἀκάνθης
407 1031 513 1091 ὧδε
540 1038 942 1110 κεκρυμμένον,
971 1038 1094 1109 ἔχον
1114 1040 1213 1112 τὴν
1235 1040 1427 1111 ἀηδίαν
1447 1043 1513 1112 τῇ
1539 1040 1723 1113 χάριτι

162 1127 463 1199 σύνδρομον,
489 1129 587 1181 καὶ
616 1129 896 1199 μονονουχὶ
935 1129 1435 1202 διαμαρτυράμενον
1464 1134 1620 1202 ἡμῖν,
1642 1132 1725 1184 ὅτι

160 1219 220 1271 τά
236 1218 439 1290 τερπνά
473 1219 654 1273 πάντα
677 1217 772 1273 τοῦ
797 1219 921 1289 τῇδε
954 1219 1067 1290 βίου
1095 1223 1207 1284 τοῖς
1228 1220 1491 1292 λυπηροῖς
1521 1221 1725 1292 ἀναμέ-

164 1326 354 1379 μικται.
392 1307 483 1379 Τῷ
508 1311 624 1362 δντι
651 1310 759 1382 γάρ
789 1310 941 1364 οὐδὲν
983 1311 1092 1365 τῶν
1125 1310 1480 1383 ἀνθρωπίνων
1501 1313 1724 1381 ἀγαθῶν

160 1402 467 1471 ἀκραιφνές·
508 1402 647 1456 ἀλλά
684 1402 830 1473 πάσῃ
879 1404 1117 1474 κοσμικῇ
1160 1402 1469 1475 εὐφροσύνῃ
1500 1403 1661 1468 εὐθὺς
1686 1406 1739 1476 ήλ

159 1492 289 1563 λύπη
315 1494 799 1565 συμπαραπέπηγε
818 1510 832 1524 ’
862 1492 941 1565 τῷ
977 1493 1143 1564 γάμῳ
1176 1495 1209 1565 ἡ
1247 1494 1466 1565 χηρεία,
1499 1496 1566 1565 τῇ
1593 1512 1722 1548 παι-

160 1586 398 1657 δοτροφίᾳ
429 1588 464 1657 ἡ
518 1586 779 1657 μέριμνα,
819 1587 888 1658 τῇ
931 1586 1185 1656 εὐτεκνίᾳ
1221 1588 1255 1657 ἡ
1301 1586 1561 1658 ἀποϐολὴ,
1605 1590 1725 1651 ταῖς

1894 761 1950 817 4.
1992 761 2136 818 Sane
2183 762 2400 833 quidem
2448 774 2551 815 nec
2600 759 2690 814 hic
2732 760 2926 813 desunt
2967 770 3120 827 prata
3165 756 3391 825 ﬂorida,

1827 864 2153 925 aspectuque
2200 853 2524 924 perpulchra
2570 868 2635 908 ac
2683 862 2837 922 grata
2872 865 2887 904 :
2927 853 3071 921 quod
3112 852 3393 909 enimvero

1827 946 1917 1000 illa
1946 947 2182 1000 maxime
2212 946 2507 1014 gratiarum
2535 943 2759 1009 habent,
2789 944 2970 997 animo
3000 953 3187 1011 reputa
3212 961 3226 1009 ;
3259 959 3392 1012 quo-

1827 1053 1952 1093 nam
1976 1038 2138 1092 modo
2166 1052 2288 1091 rosa
2311 1051 2433 1091 cum
2461 1035 2617 1104 spina
2645 1035 2736 1089 hic
2760 1034 3000 1099 deliteat,
3028 1033 3182 1101 cujus
3202 1036 3393 1104 gratiae

1827 1128 2130 1183 insuavitas
2159 1125 2364 1180 assecla
2400 1125 2650 1187 exsistat,
2681 1137 2957 1193 pr0peque
2986 1124 3144 1177 nobis
3173 1132 3395 1179 contes-

1828 1229 1991 1282 tetur,
2018 1218 2282 1288 quidquid
2317 1218 2441 1271 vita:
2468 1216 2628 1287 hujus
2659 1215 3055 1270 delectabilium
3083 1225 3186 1281 est,
3216 1216 3394 1271 tristi-

1827 1312 1934 1366 bus
1997 1325 2061 1364 ac
2108 1308 2352 1363 molestis
2393 1322 2517 1362 esse
2572 1308 2935 1361 commistum.
2991 1306 3199 1362 Revera
3246 1306 3392 1361 enim

1828 1403 1973 1463 nulla
2010 1402 2063 1456 in
2096 1402 2251 1456 bonis
2290 1401 2543 1455 humanis
2588 1401 2796 1454 sincera
2838 1406 2961 1454 sunt
2994 1414 3059 1453 ac
3096 1414 3250 1469 pura,
3296 1399 3396 1454 sed

1828 1491 2012 1546 saeculi
2050 1490 2198 1544 omni
2237 1489 2451 1558 laetitiae
2493 1488 2780 1543 confestim
2828 1488 3085 1543 maestitia
3132 1487 3393 1558 dolorque

1830 1582 2095 1646 cohaeret;
2132 1556 2368 1650 nupiiis,
2403 1579 2677 1641 viduitas;
2714 1578 3005 1634 liberorum
3045 1556 3394 1642 educatioui,

160 1676 527 1746 περιφανείαις
561 1677 618 1729 al
657 1676 892 1747 ἀτιμίαι,
931 1678 1048 1741 ταῖς
1091 1679 1335 1746 τρυφαῖς·
1360 1680 1417 1731 αί
1451 1678 1729 1750 παρέσεις,

1838 1672 2145 1730 sollicitudo
2171 1687 2235 1726 ac
2265 1686 2434 1736 cura;
2461 1671 2694 1739 copiosa:
2723 1673 3009 1739 probreque
3035 1669 3194 1739 proli,
3225 1669 3397 1724 amis-

160 1768 267 1828 ταῖς
304 1766 535 1834 ὑγιείαις
569 1767 626 1819 αί
661 1766 995 1838 ἀρρωστίαι·
1044 1766 1280 1838 ἀνθηρὸν
1308 1767 1370 1820 τὸ
1398 1767 1572 1839 ῥόδον,
1611 1767 1727 1822 ἀλλ’

162 1855 271 1925 ἐμοὶ
304 1857 610 1926 κατήφειαν
636 1860 851 1927 ἐμποιεῖ
867 1873 881 1887 ο
905 1858 1097 1922 ὁσάκις
1122 1857 1231 1930 γάρ
1255 1857 1320 1912 ἂν
1344 1857 1438 1912 ἴδω
1459 1859 1522 1912 τὸ
1544 1860 1728 1927 ἄνθος,

160 1946 249 2016 τῆς
301 1946 581 2018 ἁμαρτίας
641 1948 1125 2020 ἀναμιμνήσκομαι
1183 1949 1284 2019 τῆς
1330 1949 1507 2021 ὲμῆς,
1551 1950 1620 2004 δι’
1662 1945 1732 2023 ἦς

160 2036 384 2099 ἀκάνθας
410 2038 445 2107 ἡ
476 2036 554 2107 γῆ
597 2037 692 2090 καὶ
734 2037 1013 2109 τριϐόλους
1038 2037 1343 2092 ἀνατέλλειν
1370 2039 1731 2113 κατεδικάσθη

164 2146 263 2200 μοι.
297 2130 406 2183 Καὶ
436 2130 678 2183 ἐνταῦθα
720 2130 819 2200 μὲν
856 2125 950 2183 οῦν
995 2129 1357 2203 ὀλιγοχρόνιος
1380 2130 1489 2184 τῶν
1526 2130 1731 2204 ἡρινῶν

159 2220 349 2275 ἀνθέων
374 2223 408 2293 ἡ
438 2221 627 2294 χάρις,
651 2220 733 2274 ἔτι
765 2220 1060 2285 ποθοῦντας
1085 2222 1232 2292 ἡμᾶς
1271 2221 1598 2277 ὲπιλιποῦσα
1617 2239 1633 2254 °
1668 2223 1730 2277 οὐ

160 2313 258 2384 γὰρ
287 2314 532 2386 ἐφθημεν
578 2314 926 2386 δρεψάμενοι,
967 2315 1059 2369 καὶ
1094 2316 1153 2367 ὲν
1192 2317 1314 2378 ταῖς
1356 2317 1543 2386 χερσὶν
1575 2316 1733 2388 ἡμῶν

161 2406 529 2477 ἀπεμαράνθη.
580 2406 728 2459 Ἐκεῖ
753 2406 810 2459 δὲ
841 2406 902 2459 τὸ
926 2405 1084 2469 ἄνθος
1115 2407 1177 2460 οὐ
1222 2407 1360 2477 πρὸς
1407 2407 1580 2479 βραχὺ
1613 2407 1733 2461 δια-

162 2498 380 2569 λάμπον,
405 2495 525 2553 εἶτα
547 2498 818 2563 ἐκλεῖπον,
852 2499 990 2554 ἀλλά
1015 2500 1235 2572 διαρκὲς
1265 2500 1324 2553 τὸ
1350 2501 1581 2573 τερπνὸν
1608 2500 1731 2571 ἔχον

164 2589 247 2642 καὶ
274 2590 461 2655 ἀΐδιον,
502 2590 892 2645 ἀσυντέλεστον
935 2591 1034 2661 τὴν
1082 2592 1408 2645 ἀπόλαυσινο
1456 2593 1489 2663 ή
1538 2592 1733 2646 εὐωδία

164 2682 464 2753 ἀκόρεστος,
505 2685 540 2752 ἡ
587 2682 809 2755 εὐχροια
855 2682 1120 2756 διηνεκῶς
1152 2683 1625 2756 ὲξαστράπτουσα.
1654 2685 1730 2738 Uti

166 2772 267 2842 βίαι
302 2775 518 2846 ἀνέμων
544 2774 974 2847 παραλυποῦσιν,
1012 2775 1074 2828 οὐ
1121 2775 1374 2848 νηνεμίαι
1419 2775 1733 2846 ἀπομαραί-

165 2879 360 2928 νουσιν,
395 2866 456 2917 οὐ
501 2864 730 2934 παγετοὶ
757 2865 1169 2934 ἀποπνίγουσιν,
1209 2865 1308 2935 οὐχ
1342 2863 1496 2936 ἡλίου
1527 2864 1734 2933 φλόγω-

1831 1762 2295 1831 sio;'conspicuis
2336 1760 2654 1824 honoribus,
2690 1758 2929 1813 infamiae
2958 1759 3261 1824 dedecora;
3297 1773 3399 1814 vo-

1831 1853 2149 1925 luptatibus,
2177 1854 2543 1907 membrorum
2574 1851 2807 1918 solutio;
2834 1849 3075 1916 sanitati,
3109 1849 3394 1920 aegritudo.

1828 1945 2045 2002 Florida
2076 1959 2198 2000 rosa
2225 1954 2329 2009 est,
2350 1951 2406 1996 at
2424 1951 2619 1998 maesto
2650 1958 2736 1996 me
2763 1942 2945 1996 animo
2966 1939 3113 1994 facit.
3145 1939 3399 2006 Quoties-

1831 2051 2044 2107 cunque
2079 2037 2223 2091 enim
2258 2034 2442 2090 ﬂorem
2484 2034 2796 2104 conspicio,
2850 2034 2903 2088 in
2942 2033 3047 2088 mei
3081 2034 3397 2088 memoriam

1831 2128 2039 2199 peccati
2074 2127 2257 2191 redeo,
2290 2126 2449 2197 cujus
2474 2134 2627 2180 reatu
2659 2126 2920 2180 indictum
2954 2137 3110 2182 terra;
3130 2166 3145 2191 ,
3175 2135 3235 2179 ut
3265 2125 3400 2180 mihi

1832 2220 2014 2289 spinas
2054 2234 2119 2275 ac
2165 2218 2394 2274 tribulos
2446 2217 2715 2287 germinet
2741 2217 2808 2270 ”.
2858 2217 2923 2271 Et
2971 2216 3065 2273 hic
3109 2231 3240 2272 sane
3271 2217 3400 2271 bre-

1831 2308 2043 2364 vissimi
2084 2308 2345 2378 temporis
2373 2306 2537 2379 35,9
2558 2305 2748 2360 ﬂorum
2774 2308 2947 2378 gratia
2970 2314 3072 2371 est,
3100 2307 3192 2377 qui
3224 2307 3402 2361 adhuc

1832 2402 2108 2471 cupientes
2137 2400 2417 2455 deserant.
2447 2398 2689 2452 Necdum
2722 2397 2866 2452 enim
2899 2397 3156 2467 legimus,
3191 2412 3314 2452 cum
3344 2396 3402 2450 in

1833 2492 2084 2546 ntanibus
2115 2491 2314 2546 nostris
2360 2504 2698 2544 emarcuere.
2733 2489 2845 2543 lllic
2872 2503 3000 2543 vero
3028 2487 3161 2554 ﬂos,
3198 2502 3303 2542 uon
3331 2487 3403 2542 ad

1832 2585 1994 2640 breve
2021 2583 2278 2654 effulgens
2316 2594 2552 2652 tempus,
2584 2592 2803 2652 tumque
2836 2582 3126 2648 deficiens,
3152 2582 3246 2636 sed
3276 2595 3400 2650 per-

1832 2691 2022 2731 ennem
2091 2674 2482 2743 jucunditntem
2555 2688 2620 2728 ac
2687 2674 3070 2743 sempiternam
3156 2671 3401 2737 habens;

1834 2780 2108 2839 aspectum
2138 2778 2348 2853 gratum
2385 2783 2449 2823 ac
2476 2767 2876 2835 immortalem,
2913 2767 3222 2822 fruitiouem
3248 2765 3404 2819 inde.

1835 2861 2071 2916 lebilem.
2115 2861 2472 2930 Fragrantia,
2507 2859 2685 2914 onmis
2736 2859 2876 2913 Iaedii
2919 2873 3148 2927 expers;
3198 2856 3402 2913 coloris

167 2970 242 3017 σις
263 2956 635 3027 καταφρύσσει
653 2973 668 2987 ο
697 2956 834 3010 ἀλλά
862 2956 1081 3028 πνεῦμα
1107 2955 1345 3028 μέτριον,
1377 2955 1579 3026 λεπτήν
1611 2972 1729 3011 τινα

1838 2953 2074 3008 suavitas
2114 2951 2314 3021 iugiter
2346 2951 2628 3022 eﬂulgens.
2673 2950 2816 3005 Nihil
2851 2961 3134 3006 ventorum
3166 2951 3402 3019 impetus

166 3047 252 3100 xui.
275 3017 457 3119 ἡδεῖαν
499 3049 877 3120 παρεχόμενον
907 3017 1119 3120 cup-av;
1152 3017 1248 3101 καὶ
1290 3017 1508 3116 κούφως
1535 3017 1729 3109 ἀὐτοῖς

1838 3059 1901 3099 ac
1930 3017 2419 3108 turbines‘nocent,
2452 3017 2559 3097 non
2593 3043 2784 3096 sudum
2813 3051 3023 3112 tempus
3063 3041 3221 3096 nullis
3247 3017 3398 3097 auris

165 3138 253 3191 καὶ
287 3140 570 3210 προσηνῶς
598 3139 875 3206 ὲπιπνέον,
906 3140 1216 3210 ἀδάμαστον
1246 3138 1423 3211 χρόνῳ
1448 3138 1541 3191 καὶ
1585 3137 1734 3208 ἀμά-

170 3247 347 3301 ραντον
381 3232 481 3303 τὴν
507 3232 670 3303 χάριν
697 3230 876 3285 αὐτῶν
905 3230 1179 3297 διασώζει.

1838 3150 2207 3191 emarcescere
2245 3136 2405 3199 facit;
2455 3150 2562 3189 non
2611 3133 2815 3204 glacies
2864 3134 3087 3188 horrida
3117 3132 3401 3200 congelat;

1840 3243 1947 3282 non
1975 3229 2104 3282 solis
2127 3229 2288 3282 ardor
2310 3236 2443 3281 aestu
2481 3235 2687 3291 torret;
2719 3226 2811 3282 sed
2839 3226 3150 3279 moderatus
3180 3224 3401 3293 quidam

167 3329 365 3385 ventus,
407 3331 627 3376 tenuem
662 3321 949 3391 quamdam
988 3321 1308 3392 dulcemque
1346 3319 1592 3392 praabens
1624 3334 1835 3387 auram,
1867 3330 2107 3390 tempore
2140 3317 2520 3374 indomabilem
2559 3331 2623 3371 ac
2648 3314 3155 3371 immarcescibilem
3186 3314 3401 3368 illorum

171 3419 335 3465 servat
357 3412 610 3481 gratiam.

228 3500 281 3555 5.
320 3502 398 3556 Τὰ
439 3503 499 3557 δὲ
545 3502 657 3557 τῶν
703 3503 884 3573 φυτῶν
917 3502 1122 3574 κάλλη,
1150 3503 1277 3569 ἀξια
1320 3504 1417 3559 καὶ
1454 3505 1624 3576 αὐτῆς
1654 3503 1732 3575 (a)

168 3588 256 3660 τῆς
278 3590 633 3665 δημιουργίας
658 3595 751 3647 καὶ
770 3594 997 3664 φυτείας
1016 3594 1108 3647 τοῦ
1130 3595 1413 3658 κτίσαντος
1431 3610 1446 3627 ⁸
1476 3595 1576 3647 ὅσα
1600 3611 1737 3666 φρυ-

170 3682 352 3747 γανικά
402 3687 498 3738 καὶ
526 3687 631 3740 ὅσα
669 3685 927 3756 ἔνθαμνα,
961 3686 1029 3741 τὰ
1061 3686 1441 3757 μονοστέλεχα,
1470 3685 1541 3738 τὰ
1571 3684 1736 3739 πολύ-

172 3771 325 3826 κλαδα
344 3815 359 3841 ,
383 3776 453 3828 τὰ
478 3776 725 3846 ὑψίκομα
743 3818 757 3842 ,
784 3777 854 3830 τὰ
880 3776 1182 3848 ἀμφιθαλῆ,
1213 3776 1283 3831 τά
1311 3774 1635 3847 φυλλοϐόλα,
1667 3773 1738 3828 τά

172 3862 436 3933 ἀείφυλλα,
471 3866 541 3920 τά
573 3867 942 3938 γυμνούμενα,
968 3867 1039 3921 τά
1063 3866 1290 3936 ἀειθαλῆ
1312 3907 1327 3932 ,
1350 3865 1421 3919 τὰ
1450 3864 1726 3935 κάρπιμα,

172 3952 236 4006 τά
258 3953 508 4028 ἀκαρπαο
550 3957 622 4011 τά
666 3957 764 4028 μὲν
802 3961 869 4030 τῇ
899 3958 1058 4031 χρεία
1106 3956 1552 4029 ὑπηρετούμενα,
1584 3956 1652 4009 τὰ
1675 3955 1732 4009 δὲ

174 4046 297 4116 πρὸς
315 4049 614 4104 ἀπόλαυσιν
657 4050 1100 4121 συμϐαλλόμενα·
1149 4049 1330 4104 πάντα
1370 4047 1588 4119 μεγέθει
1637 4047 1734 4100 καὶ

174 4135 345 4191 κάλλει
368 4139 716 4211 διαφέροντα,
744 4140 1017 4196 κατάσκια
1045 4142 1159 4204 τοῖς
1185 4139 1419 4202 κλάδοις,
1454 4136 1731 4209 ἀμφιθαλῆ

173 4232 282 4293 ταῖς
329 4233 521 4302 κόμαις
542 4271 557 4297 ,
607 4231 836 4303 βρύοντα
873 4235 987 4296 τοῖς
1029 4234 1284 4302 καρποῖς,
1338 4230 1519 4293 ἀλλοις
1566 4227 1734 4298 ἀλλην

1902 3498 1955 3554 5.
1988 3498 2107 3569 lpsa
2157 3512 2372 3568 quoque
2418 3495 2668 3566 stirpium
2715 3502 2972 3549 venustas
2996 3535 3011 3560 ,
3042 3507 3162 3560 quae
3203 3500 3259 3547 et
3290 3491 3406 3559 ipsa

1830 3591 2127 3647 conditoris
2153 3589 2426 3658 opificium
2468 3602 2533 3641 ac
2570 3572 2962 3655 plantatione'm
2992 3584 3182 3637 deceat
3214 3601 3228 3647 ;
3258 3596 3407 3651 quae-

1833 3695 2045 3750 cunque
2096 3678 2447 3736 sarmentitiae
2496 3684 2623 3732 sunt
2661 3683 2716 3730 et
2764 3689 2883 3743 qua:
2937 3673 3241 3739 fruticosa),
3284 3687 3407 3742 quae

1834 3769 2146 3839 unistirpes,
2179 3767 2522 3830 multiramaa,
2568 3764 2858 3829 alticomte,
2886 3777 3059 3831 opaca
3106 3760 3405 3827 viriditate,

1836 3861 1979 3916 foliis
2012 3858 2280 3924 decidnae,
2317 3872 2531 3925 semper
2576 3855 2805 3920 foliatae,
2838 3867 2957 3922 quae
3004 3851 3131 3906 folia
3180 3861 3405 3916 exuant,

1835 3964 2050 4018 semper
2081 3948 2317 4002 virentes
2367 3957 2530 4016 atque
2568 3944 2770 3999 ﬂorida!
2796 3984 2812 4006 ,
2845 3943 3146 4013 frugiferae,
3179 3942 3408 4010 infrugi-

1838 4038 2001 4105 ferte;
2036 4052 2264 4107 quarum
2299 4035 2420 4090 alire
2461 4036 2583 4090 usui
2611 4034 2895 4090 destinatae
2928 4035 3192 4101 sint,alize
3225 4033 3409 4089 confe-

1839 4137 1962 4183 rant
1990 4130 2057 4183 ad
2081 4127 2477 4197 iucunditatem
2509 4126 2831 4191 fruendam;
2863 4134 3179 4195 praestantes
3218 4139 3409 4181 omnes

1839 4218 2167 4289 proceritate
2196 4229 2252 4273 et
2302 4227 2619 4285 venustate,
2654 4232 2836 4288 Opacae
2887 4218 3072 4283 ramis,
3115 4217 3285 4272 comis
3320 4218 3407 4271 vi-

176 4320 348 4388 χρείαν
395 4322 533 4392 ὁμοῦ
591 4323 686 4376 καὶ
739 4322 930 4393 τέρψιν
985 4322 1232 4391 ἀφθόνως
1285 4318 1695 4391 ἀποπληροῦσιν
1715 4335 1728 4350 ⁸

1838 4322 2020 4368 rentes
2064 4328 2127 4368 ac
2172 4311 2409 4375 ﬂoridae,
2440 4310 2707 4366 fructibus
2760 4318 3051 4375 scatentes,
3094 4323 3214 4378 quae
3244 4309 3406 4365 aliam

178 4408 391 4464 ἑκάστου
415 4412 522 4483 γὰρ
544 4410 656 4464 τῶν
676 4411 904 4484 καρπῶν
923 4411 1129 4466 τούτων
1150 4410 1283 4463 πολὺ
1314 4410 1411 4480 μὲν
1434 4410 1497 4463 τὸ
1523 4409 1730 4481 χάριεν,

178 4501 323 4556 πλέον
344 4503 401 4557 δὲ
428 4504 594 4558 πάλιν
622 4503 717 4557 τοῦ
746 4504 979 4575 τερπνοῦ
1011 4503 1074 4558 τὸ
1101 4502 1378 4574 χρειῶδες.

240 4591 288 4646 6.
316 4595 472 4658 Ποῖος
500 4594 660 4662 λόγος
684 4597 1024 4666 παραστήσει
1056 4594 1157 4664 τῆς
1186 4594 1379 4665 ἡδονῆς
1419 4591 1636 4663 ἐκείνης
1674 4590 1737 4643 τὸ

181 4681 533 4755 ὑπερϐάλλονς
576 4686 701 4740 Ἑάν
719 4687 826 4758 γὰρ
848 4686 1116 4758 συγκρίνῃ
1141 4702 1226 4749 τις
1244 4689 1357 4748 τοῖς
1377 4678 1478 4738 ὦδε
1502 4683 1571 4737 τά
1598 4685 1736 4748 ἐκεῖ,

182 4775 481 4850 καθυϐρίζει
533 4778 730 4849 μᾶλλον
774 4780 838 4849 τῇ
881 4776 1216 4850 παραθέσει,
1247 4776 1281 4847 ἦ
1313 4775 1437 4828 τινά
1470 4791 1550 4826 σοι
1583 4774 1741 4845 ὲνάρο

181 4878 319 4929 γειαν
366 4866 431 4920 ὲκ
476 4868 576 4937 τῆς
628 4867 835 4930 εἰκόνος
893 4860 1265 4938 παρίστησιν’,
1325 4863 1740 4933 ἀποπιπτούσης

183 4955 303 5009 πολύ
324 4958 421 5028 τῆς
444 4958 651 5022 εἰκόνος
678 4958 815 5027 πρὸς
842 4957 938 5029 τὴν
960 4957 1055 5011 τοῦ
1083 4954 1440 5027 πρωτοτύπου
1462 4953 1740 5025 ἀλήθειαν.

182 5047 354 5103 Πάντα
382 5050 593 5115 τέλεια,
629 5051 808 5104 πάντα
833 5049 1048 5121 ὥριμα,
1083 5050 1144 5102 οὐ
1177 5047 1319 5102 κατὰ
1351 5046 1544 5118 μικρὸν
1576 5046 1742 5119 αὐξη-

183 5136 328 5193 θέντα
356 5141 439 5211 (οὐ
470 5141 581 5213 γὰρ
612 5141 720 5195 ἀπὸ
751 5140 945 5205 ἄνθους
975 5140 1069 5193 ἐπὶ
1099 5139 1198 5211 τὴν
1228 5139 1413 5210 ἀκμὴν
1458 5137 1536 5209 τῷ
1564 5139 1741 5210 χρόνῳ

183 5228 534 5301 προέρχεται),
582 5231 700 5285 ἀλλ’
742 5231 963 5284 αὐτόθεν
1015 5230 1151 5302 μετά
1195 5229 1296 5300 τῆς
1325 5228 1531 5291 οἰκείας
1557 5229 1742 5300 ἀκμῆς

182 5314 464 5385 ὲκφυέντα,
497 5321 592 5374 καὶ
623 5321 1038 5393 ἀποτελέσματα
1065 5318 1280 5390 φύσεως
1341 5318 1440 5374 οὐκ
1465 5318 1739 5391 ἀνθρωπι.

183 5419 272 5477 νης
297 5410 720 5486 ὲπιχειρήσεως.ξ

250 5587 294 5621 ⁸⁸
320 5590 453 5645 Gen.
493 5609 577 5663 Ill,
602 5594 689 5649 18.
770 5560 775 5567 Ι

1835 4414 1997 4476 atque
2026 4406 2184 4459 aliam
2207 4420 2328 4459 cum
2355 4404 2641 4459 utilitatem
2664 4411 2775 4458 tum
2800 4401 3216 4458 oblectationem
3247 4403 3407 4458 uber-

1837 4499 1931 4554 tim
1987 4500 2279 4568 praebeant.

1910 4588 1963 4644 6.
2000 4588 2256 4654 Quaenam
2311 4588 2525 4644 dicendi
2568 4586 2653 4644 vis
2688 4585 2981 4655 voluptatis
3027 4587 3172 4643 illius
3208 4599 3404 4655 reprae-

1839 4687 2014 4732 sentet
2048 4678 2417 4747 prazstantiam
2450 4678 2473 4732 ἲ
2517 4678 2574 4733 Si
2616 4680 2739 4749 quis
2786 4692 3019 4745 namque
3051 4694 3172 4732 cum
3197 4678 3263 4731 iis
3288 4691 3405 4746 qua:

1840 4778 1968 4824 sunt
1987 4769 2111 4825 vitae
2136 4769 2295 4838 hujus
2325 4770 2734 4840 comparaverit,
2763 4769 3010 4838 injuriam
3042 4769 3213 4838 potius
3245 4767 3405 4823 faciet

1845 4862 2231 4930 comparando,
2261 4876 2422 4931 quam
2460 4875 2527 4915 ex
2555 4861 2849 4915 simulacro
2882 4859 3043 4913 ullam
3070 4859 3160 4913 tibi
3184 4858 3260 4911 rei
3295 4858 3391 4911 evi-

1842 4952 2082 5007 dentiam
2109 4954 2420 5023 prtestabit,
2455 4952 2599 5022 quod
2638 4950 2794 5021 longe
2832 4950 3015 5020 procul
3057 4964 3086 5003 a
3116 4949 3286 5019 prima
3313 4962 3403 5001 ve-

1840 5043 2002 5098 ritate
2048 5057 2114 5106 ac
2167 5043 2459 5113 exemplari
2522 5041 2820 5097 similitudo
2875 5041 3111 5095 excidat.
3165 5038 3404 5093 Perfecta

1840 5133 2044 5198 omnia,
2067 5143 2258 5189 cuncta
2285 5144 2515 5201 matura,
2535 5149 2641 5187 non
2671 5130 2926 5202 paulatim
2953 5130 3099 5184 facto
3133 5140 3405 5183 cremento

1841 5230 2071 5284 adaucta
2105 5229 2238 5301 (non
2269 5230 2414 5284 enim
2459 5243 2490 5282 a
2536 5226 2670 5282 ﬂore
2698 5228 2767 5283 ad
2809 5239 3076 5281 summum
3108 5223 3394 5276 incremen-

1845 5328 1955 5375 tum
1993 5321 2296 5389 provehunt
2325 5335 2388 5376 ac
2417 5316 2826 5389 maturitatem),
2860 5317 2954 5372 sed
2989 5317 3056 5371 ab
3082 5316 3196 5385 ipso
3221 5314 3407 5371 statim

1842 5418 1964 5461 ortu
2006 5422 2128 5464 cum
2162 5423 2260 5464 sua
2294 5417 2451 5462 enata
2506 5421 2715 5462 summa
2747 5404 3076 5475 perfectione
3107 5420 3169 5460 ac
3203 5405 3386 5476 vigore

1845 5507 2006 5568 atque
2041 5508 2250 5557 naturae
2275 5497 2521 5568 eﬂ‘ectus,
2552 5512 2659 5555 non
2687 5496 2967 5555 industriae
2996 5497 3267 5553 humanm.

255 5701 326 5773 (ο)
356 5703 572 5776 Αίτῆς.
600 5710 763 5767 Forte
795 5708 954 5779 αὐτά,
983 5714 1044 5765 ut
1071 5715 1126 5766 et
1157 5703 1643 5781 interpresjegisse
1672 5703 1722 5760 vi

1838 5717 1905 5759 tr.
1935 5700 2096 5758 Eutr.
