3838 6214
395 278 463 334 67
1344 273 1691 330 APPENDIX
1727 272 2013 332 OPERUM
2049 275 2110 330 S.
2151 272 2400 333 BASILII
2438 271 2677 330 MAGNI.
2986 288 2991 295 '
3564 277 3641 334 68

463 397 519 451 7.
562 394 637 450 Ibi
679 403 736 450 et
791 408 1119 451 avrcularum
1171 394 1520 464 omnigenum
1575 410 1803 464 genera,
1849 406 1960 450 tum

2135 393 2190 447 7.
2238 394 2386 447 Ἐκεῖ
2432 394 2528 448 καὶ
2556 392 2786 465 ὀρνίθων
2840 391 3198 447 παντοδαπῶν
3245 391 3402 466 γένη,
3452 393 3533 464 τῷ
3582 413 3646 448 τε

392 502 691 556 pennarum
712 486 863 550 ﬂore,
887 495 997 540 tum
1031 486 1210 541 nativo
1237 496 1500 541 caneentu
1546 497 1708 555 atque
1737 487 1965 557 garritu,

395 579 592 632 miram
650 578 937 647 quamdam
973 592 1003 631 a
1042 592 1103 632 se
1141 577 1542 647 iucunditatem
1597 578 1968 647 spectantibus

394 668 712 735 oﬂ‘erentia;
741 679 802 723 ut
837 669 987 723 nullo
1043 685 1151 723 non
1189 685 1354 724 sensu
1394 669 1559 723 homo
1600 669 1971 727 liberalissime

397 772 676 826 acceptus,
708 773 813 826 qua
846 758 988 818 visu,
1010 771 1115 825 qua
1166 757 1372 821 auditu,
1408 771 1512 825 qua
1555 765 1722 818 tactu,
1754 772 1855 825 qua
1884 757 1968 808 ol-

395 845 540 900 iaetu
571 862 634 901 ac
661 858 838 917 gustu,
866 845 1069 900 aﬂ‘atim
1110 846 1474 901 deliciaretur.
1501 846 1634 901 Cum
1667 847 1972 902 volucribus

396 946 554 991 erant
590 947 644 992 et
679 940 1014 993 terrestrium
1068 938 1382 993 animalium
1408 940 1719 1008 'omnigena
1760 948 1969 1007 speeta-

397 1028 542 1095 cula,
569 1029 752 1084 cicura
778 1031 960 1083 omnia
989 1039 1040 1084 et
1064 1041 1347 1084 mansueta
1375 1045 1390 1093 ;
1417 1031 1530 1097 pari
1562 1030 1769 1085 cunctis
1787 1044 1969 1085 secum

396 1120 578 1176 indole
625 1137 687 1175 ac
724 1122 961 1192 ingenio,
1009 1123 1089 1176 sic
1143 1121 1419 1175 audientia
1456 1136 1520 1175 ac
1574 1121 1876 1189 loquentia,
1913 1131 1970 1174 ut

397 1212 547 1266 nullo
579 1213 796 1282 negotio
822 1212 1268 1282 intelligerentur.
1293 1212 1436 1267 Nihil
1465 1220 1575 1266 tum
1600 1228 1821 1280 serpens
1847 1213 1974 1266 hor-

398 1301 543 1357 roris
598 1301 862 1368 iaciebat,
896 1304 990 1358 sed
1035 1304 1183 1356 mitis
1217 1318 1280 1355 ac
1317 1312 1632 1357 mansuetus
1681 1315 1830 1368 erat;
1868 1320 1972 1357 non

400 1394 598 1462 agresti
641 1409 890 1463 saevoque
931 1394 1089 1448 modo
1124 1394 1329 1447 undose
1371 1394 1423 1447 in
1463 1402 1618 1448 terra:
1663 1393 1853 1449 faciem
1888 1410 1974 1447 re.

399 1495 559 1554 ptans
587 1497 937 1554 ventremque
971 1488 1213 1549 trahens,
1245 1486 1337 1538 sed
1364 1495 1576 1540 erectus
1609 1485 1888 1553 celsusque
1919 1487 1973 1539 in

400 1577 565 1647 pedes
600 1578 888 1631 incedens.
934 1577 1027 1632 Sic
1070 1588 1125 1631 et
1172 1587 1382 1630 caetera;
1418 1554 1602 1631 bestia:
1643 1592 1975 1645 quaecunque

400 1682 546 1723 nunc
573 1669 847 1723 indomita:
877 1678 931 1722 et
977 1668 1104 1723 fera:
1126 1678 1270 1732 sunt,
1300 1678 1425 1721 tunc
1456 1678 1750 1723 mansueta:
1796 1677 1972 1722 erant.

399 1757 711 1829 lllicitaque
742 1761 882 1815 Deus
911 1760 1181 1813 hominem
1206 1760 1404 1829 posuit,
1431 1774 1587 1829 quem
1625 1760 1971 1813 formaverat.
2003 1747 2046 1800 Β

397 1851 542 1906 Alibi
583 1851 899 1916 formatum,
933 1851 1060 1905 illuc
1086 1849 1793 1916 induxit.Quemadmodum
1830 1851 1973 1904 enim

400 1940 544 1997 Deus
575 1942 859 1996 luminaria
905 1943 1138 2011 primum
1174 1941 1439 2005 condidit,
1465 1950 1519 1995 et
1552 1941 1603 1995 in
1638 1940 1975 1996 ﬁrmamento

397 2031 675 2099 posuit”;
713 2033 784 2085 ita
814 2042 870 2086 et
906 2033 1176 2085 hominem
1205 2031 1456 2085 formavit
1483 2031 1697 2100 quidem
1729 2031 1914 2085 limum
1945 2048 1976 2087 e

401 2131 568 2190 terra,
592 2132 814 2193 tumque
843 2125 1021 2192 posuit
1049 2124 1103 2178 in
1127 2126 1378 2193 paradiso
1394 2124 1464 2178 “.
1494 2122 1731 2179 Observa
1768 2139 1972 2191 autem,

399 2213 544 2268 haud
578 2212 778 2267 dictum
801 2229 940 2278 esse,
969 2212 1140 2279 Quem
1170 2214 1391 2278 fecerat,
1428 2214 1544 2277 sed,
1583 2213 1747 2280 Quem
1776 2216 1976 2284 forma-

398 2314 564 2359 uerat.
594 2305 819 2360 Fecerat
861 2320 1115 2374 namque,
1163 2306 1216 2360 id
1244 2315 1352 2370 est,
1380 2307 1522 2376 quod
1563 2317 1647 2361 est
1683 2308 1749 2361 ad
1782 2308 1973 2376 imagi-

338 2408 343 2413 '
398 2409 545 2460 nem,
574 2395 706 2451 illud
743 2411 873 2451 vero
905 2396 1283 2465 incorporeum
1313 2405 1429 2463 est;
1462 2398 1604 2467 quod
1651 2413 1781 2453 vero
1819 2407 1978 2453 vacat

400 2499 653 2555 corpore,
684 2501 783 2542 nec
818 2488 938 2543 loco
976 2491 1444 2558 circumscriptum
1487 2497 1591 2545 est.
1634 2490 1730 2544 Est
1761 2491 1972 2559 quidem

400 2574 545 2642 quod
575 2574 776 2631 factum
802 2587 904 2641 est,
938 2578 1192 2646 ﬁgmento
1214 2581 1519 2635 necessario
1540 2595 1758 2646 comes;
1797 2582 1975 2636 anima

401 2665 608 2721 scilicet
635 2669 869 2736 corpori.
894 2667 1126 2724 Necesse
1171 2671 1313 2724 enim
1342 2679 1428 2725 est
1476 2684 1596 2726 esse
1639 2671 1799 2726 simul
1834 2671 1975 2741 quod

402 2758 757 2827 compositum
809 2769 911 2815 est.
948 2761 1240 2816 Enimvero
1280 2763 1537 2831 primaria
1587 2763 1797 2818 ratione
1828 2763 1977 2819 locus

402 2851 646 2917 corporis
670 2860 774 2915 est,
803 2853 984 2905 anima
1014 2868 1143 2908 vero
1185 2869 1256 2908 ex
1294 2855 1646 2922 consequenti
1675 2855 1839 2926 350
1858 2854 1976 2910 loco

401 2940 757 3004 concluditur,
787 2957 892 3012 qua
919 2943 1232 2999 habitudine
1262 2958 1320 2999 se
1338 2936 1404 2998 ad
1436 2958 1635 3014 corpus
1661 2947 1842 3012 habet,
1875 2947 1978 3001 illi-

402 3045 509 3098 que
537 3034 955 3089 commiscetur:
989 3036 1127 3089 haud
1164 3043 1346 3091 tamen
1388 3051 1456 3091 ex
1490 3052 1586 3092 sua
1610 3037 1723 3107 ipsa
1777 3039 1974 3104 indole,

403 3121 458 3176 id
504 3129 606 3188 est,
646 3137 750 3191 qua
789 3132 943 3192 parte
991 3124 1289 3181 substantia
1350 3135 1531 3182 mente
1589 3127 1813 3197 praedita
1868 3138 1972 3184 est.

401 3211 563 3281 Num,
602 3232 802 3287 quarso,
827 3226 880 3272 te
901 3217 1512 3285 exhilaravi,narrando
1547 3221 1781 3288 paradisi
1810 3235 1978 3276 amm-

402 3308 648 3373 nitatem,
676 3308 762 3363 vel
808 3310 1029 3376 majoris
1075 3311 1353 3381 quidpiam
1395 3312 1623 3379 doloris,
1646 3326 1833 3367 eorum
1856 3329 1978 3384 quae

402 3401 751 3470 corruptione
774 3402 1041 3457 intereunt
1061 3403 1466 3472 comparatione
1489 3403 1727 3458 conscivi
1750 3403 1773 3457 ‘!
1793 3402 1980 3458 Omni-

404 3508 475 3547 no
500 3501 681 3547 autem
719 3506 873 3548 mens
902 3500 992 3546 tua
1030 3502 1086 3548 et
1117 3494 1358 3559 animus,
1395 3509 1516 3562 quae
1560 3493 1773 3549 excelsa
1803 3493 1979 3563 sapiat

405 3584 714 3653 mundoque
751 3584 1048 3654 superiora,
1088 3594 1148 3638 ut
1177 3584 1334 3653 cujus
1364 3585 1418 3640 in
1453 3572 1606 3641 cmlis
1637 3586 1979 3641 conversatio

404 3672 560 3739 sit“,
587 3684 749 3744 atque
783 3689 845 3730 ea
887 3689 1008 3745 qua
1045 3690 1259 3731 sursum
1292 3675 1494 3731 lumina
1542 3685 1726 3731 erecta
1756 3676 1978 3741 habeat,

404 3777 524 3832 qua
567 3765 940 3832 promissionis
971 3775 1099 3821 sunt
1142 3766 1437 3836 cogitabat,
1466 3781 1763 3838 eorumque
1806 3769 1980 3823 bono-

404 3863 669 3922 rumque:
708 3864 833 3908 sunt
863 3856 1021 3910 nobis
1055 3856 1345 3926 promissa,
1376 3856 1647 3926 quidpiam
1673 3856 1861 3911 audire
1886 3858 1981 3912 ob-

403 3948 689 4004 servabat:
714 3947 844 4013 Quae
865 3949 1100 4004 videlicet
1145 3966 1238 4005 nec
1290 3952 1474 4006 oculus
1515 3952 1678 4018 vidit,
1708 3969 1801 4006 nec
1834 3953 1980 4007 auris

403 4038 628 4103 audivit,
666 4055 760 4092 nec
808 4040 864 4093 in
911 4056 1002 4093 cor
1050 4039 1275 4095 hominis
1331 4044 1608 4097 ascendere
1628 4042 1695 4096 ".
1723 4042 1979 4110 Quisnam

403 4129 573 4201 igitur
602 4140 687 4185 est
719 4133 810 4200 qui
842 4139 1081 4197 enarret,
1107 4132 1152 4186 si
1188 4133 1378 4188 oculus
1411 4149 1516 4187 non
1543 4133 1718 4188 vidit?
1749 4135 1806 4189 Si
1833 4133 1982 4188 auris

402 4235 512 4275 non
561 4220 787 4285 audivit,
827 4222 917 4290 qui
961 4221 1056 4276 ﬂat
1100 4233 1161 4277 ut
1203 4233 1294 4278 tua
1344 4223 1646 4292 suscipiat?
1675 4222 1733 4279 Si
1782 4226 1835 4278 in
1887 4239 1983 4280 cor

403 4310 638 4366 hominis
667 4326 774 4366 non
826 4314 1227 4380 ascenderunt,
1258 4316 1527 4383 quomodo
1573 4326 1758 4370 noster
1802 4317 1984 4386 capiet

2067 486 2176 540 τῶν
2220 485 2436 558 πτερῶν
2479 485 2628 540 ἄνθει
2657 487 2750 539 καί⁵
2792 485 2872 557 τῷ
2903 486 3003 556 τῆς
3041 487 3226 557 φωνῆς
3256 484 3466 557 λιγυρῷ
3508 487 3648 540 ἀπόι

2068 578 2257 631 λαυσίν
2285 594 2407 632 τινα
2451 577 2769 648 θαυμαστὴν
2801 577 3127 648 προτιθέντα
3163 581 3275 641 τοῖς
3309 577 3645 648 ὁρωμένοις·

2068 670 2208 724 ὥστε
2246 669 2335 723 διά
2369 669 2558 724 πασῶν
2585 669 2694 723 τῶν
2740 670 3043 740 αἰσθήσεων
3070 668 3392 740 εὐωχεῖσθαι
3417 670 3509 724 τὸν
3553 671 3651 725 ἆν-

2072 762 2310 834 θρωπον,
2346 761 2415 814 τά
2470 760 2569 831 μέν
2616 759 2846 830 ὁρῶντα,
2897 760 2966 813 τὰ
3008 761 3065 814 δὲ
3116 759 3416 814 ἀκούονταο
3470 760 3651 814 ἄλλων

2070 853 2399 923 ἀπτόμενον,
2448 852 2624 905 ἄλλων
2663 852 3112 923 όσφραινόμενον,
3166 851 3368 921 ἐτέρων
3414 852 3653 920 ἀπογευ-

2070 943 2282 1015 όμενον.
2317 944 2423 996 Σὺν
2452 946 2567 1006 τοῖς
2598 942 2773 1015 ὄρνισι
2807 943 2865 996 δὲ
2896 944 2991 996 καὶ
3017 942 3290 1014 χερσαίων
3322 942 3476 1007 ζώων
3510 960 3653 996 παν-

2071 1035 2317 1088 τοδαπῶν
2344 1034 2609 1105 θεάματα,
2638 1033 2855 1087 πάντων
2880 1034 3126 1105 ἡμέρων,
3153 1033 3372 1088 πάντων
3396 1033 3652 1104 συνήθως

2072 1127 2323 1198 ἀλλήλοις
2337 1126 2432 1180 καὶ
2454 1125 2760 1180 ἀκουόντων
2793 1125 2887 1178 καὶ⁹
2912 1124 3297 1195 φθεγγομένων
3324 1125 3649 1180 εὐσύνοπτα.

2073 1220 2147 1275 Οὐ
2194 1218 2421 1290 φρικτὸς
2462 1218 2586 1288 ὄφις
2628 1219 2771 1281 τότε,
2805 1217 2943 1270 ἀλλά
2973 1218 3251 1289 προσηνὴς
3289 1219 3383 1272 καὶ
3409 1219 3647 1289 ἥμερος·

2073 1316 2176 1368 οὐκ
2207 1313 2397 1383 ἄγριον
2436 1312 2811 1382 ἐπικυμαίνων
2839 1312 2931 1365 καὶ
2971 1311 3156 1383 ἕρπων
3188 1312 3330 1366 κατά
3358 1313 3651 1386 προσώπου

2072 1406 2171 1476 τῆς
2198 1406 2322 1475 γῆς,
2367 1404 2480 1457 ἀλλ’
2513 1403 2714 1475 ὐψηλὸς
2744 1404 2836 1456 ἐπὶ⁵
2888 1403 3065 1456 ποδῶν
3112 1403 3381 1474 βεϐηκώς.
3411 1405 3654 1459 Τοιαῦτα

2077 1495 2317 1568 μειλίχια
2360 1495 2457 1548 καὶ
2499 1495 2568 1547 τὰ
2616 1494 2777 1547 λοιπά
2819 1493 2997 1547 πάντα
3038 1494 3207 1562 ἄλογα
3240 1494 3392 1561 ζῶα,
3426 1496 3527 1549 ὃσα
3556 1497 3653 1550 νῦν

2074 1587 2340 1641 ἀτίθασσα
2365 1585 2644 1650 παντελῶς
2672 1587 2767 1639 καὶ
2790 1586 3104 1656 ἀμείλικτα.
3144 1586 3293 1639 Ἐκεῖ
3311 1583 3404 1641 οὖν
3436 1587 3592 1642 ἔθετο
3623 1590 3653 1642 ό

2075 1679 2208 1742 Θεὸς
2255 1679 2347 1732 τὸν
2381 1678 2667 1749 ἄνθρωπον
2715 1678 2775 1731 ὃν
2818 1677 3081 1731 ἔπλασενο
3144 1679 3377 1749 ἀλλαχοῦ
3426 1679 3653 1746 ἔπλασε,

2075 1772 2239 1823 κάκεῖ
2277 1771 2591 1840 εἰσήγαγεν.
2633 1770 2841 1840 Ὥσπερ
2869 1770 2978 1841 γὰρ
3015 1769 3144 1833 τοὺς
3179 1770 3473 1841 φωστῆρας
3501 1771 3659 1844 πρῶ-ί

2073 1875 2164 1913 τον
2210 1860 2305 1930 μὲν
2348 1859 2603 1927 ἐποίησεν
2636 1861 2665 1912 ό
2710 1859 2862 1925 Θεὸς,
2899 1859 2993 1912 καὶ
3039 1859 3193 1913 ἔθετο
3219 1862 3275 1912 ἐν
3302 1861 3381 1931 τῷ
3414 1861 3652 1932 στερεώ-

2077 1970 2208 2024 ματι
2228 1966 2241 1981 ⁸
2276 1951 2418 2006 οὕτω
2447 1952 2544 2005 καὶ
2576 1951 2668 2004 τὸν
2699 1949 2984 2023 ἄνθρωπον
3017 1950 3217 2004 ἔπλασε
3255 1952 3353 2022 μὲν
3382 1951 3510 2022 χοῦν
3545 1951 3659 2005 ἀπὸ

2073 2043 2177 2112 γῆς
2198 2080 2213 2105 ,
2248 2040 2438 2093 ἔπειτα
2475 2040 2534 2093 δέ
2584 2038 2736 2093 έθετο
2768 2041 2826 2092 ἐν
2857 2038 2936 2110 τῷ
2974 2040 3306 2111 παραδείσῳ.
3343 2040 3657 2110 Σημείωσαι

2072 2134 2151 2198 δέ,
2175 2134 2257 2186 ὅτι
2281 2133 2383 2186 οὐκ
2403 2132 2639 2203 εἴρηται,
2669 2133 2764 2185 Ὃν
2786 2131 3059 2201 ἐποίησεν,
3080 2131 3335 2194 ἀλλ’,Ὂν
3355 2130 3651 2186 ἔπλασεν.

2083 2227 2150 2278 Ὃ
2184 2224 2295 2296 γὰρ
2324 2224 2571 2294 ἐποίησε,
2602 2223 2662 2275 τὸ
2688 2225 2808 2276 κατ’
2849 2223 3034 2276 εἰκόνα
3061 2222 3176 2274 ἐστί
3200 2239 3214 2252 ·
3239 2221 3397 2274 τοῦτο
3426 2220 3484 2273 δὲ
3503 2219 3659 2273 ἀσώ-

2077 2333 2245 2388 ματον
2265 2332 2279 2345 ⁸
2310 2316 2371 2368 τὸ
2398 2315 2455 2367 δέ
2483 2312 2790 2385 ἀσώματον,
2820 2313 2971 2384 τόπῳ
3001 2313 3436 2384 ἀπερίγραπτον.
3465 2312 3658 2382 Ὅμως

2078 2408 2263 2478 μέντοι
2292 2404 2636 2471 ἐξακολουθεῖ
2658 2405 2718 2470 ἐξ
2757 2405 2999 2475 ἀνάγκης
3027 2403 3106 2474 τῷ
3134 2403 3409 2473 πλάσματι
3436 2402 3497 2454 τδ
3530 2402 3655 2454 ποί-

2074 2516 2214 2569 ημα,
2265 2498 2508 2551 τουτέστι
2556 2496 2634 2567 τῷ
2682 2495 2895 2567 σώματι
2937 2497 2971 2566 ή
2998 2494 3175 2566 ψυχή·
3208 2492 3343 2565 όμοῦ
3374 2494 3483 2564 γὰρ
3509 2489 3656 2546 εἶναι

2078 2592 2158 2644 δεῖ
2185 2591 2245 2644 τὸ
2288 2589 2559 2643 σύνθετον.
2608 2588 2771 2641 Ἀλλὰ
2811 2588 3235 2659 προηγουμένως
3282 2587 3379 2655 μὲν
3419 2586 3514 2639 τοῦ
3546 2584 3655 2638 σώ-

2079 2696 2248 2751 ματος
2276 2682 2304 2732 ὁ
2330 2678 2515 2742 τόπος,
2543 2679 2577 2749 ὴ
2604 2678 2750 2749 ψυχὴ
2785 2677 2843 2731 δέ
2870 2678 2988 2731 κατ’
3032 2676 3458 2746 ἐπακολούθησιν
3496 2692 3653 2747 περι-

2075 2773 2315 2825 κλείεται
2338 2771 2489 2840 τόπῳ
2517 2770 2605 2823 διά
2633 2770 2732 2841 τῆς
2764 2768 2900 2840 πρὸς
2917 2767 2979 2820 τὸ
3005 2767 3164 2838 σῶμα
3197 2767 3434 2836 σχέσεως
3463 2766 3499 2836 ἦ
3522 2767 3656 2820 ἀνα-

2077 2863 2331 2936 κράσεως
2356 2902 2371 2926 ,
2419 2862 2532 2916 ἀλλ’
2570 2863 2671 2915 οὐκ
2726 2863 2790 2914 ἐκ
2832 2861 2932 2932 τῆς
2968 2859 3175 2923 οἰκείας
3208 2859 3443 2929 φύσεως,
3474 2859 3656 2914 εἵτουν

2074 2955 2176 3025 τῆς
2219 2955 2409 3025 νοερᾶς
2457 2953 2660 3017 οὐσίας.
2695 2949 2844 3023 ῗΑρά
2890 2970 2950 3005 σε
3001 2952 3246 3023 εὔφρανα
3300 2955 3364 3023 τῇ
3400 2952 3656 3023 διηγήσει

2075 3050 2188 3104 τῶν
2218 3048 2310 3102 τοῦ
2337 3047 2666 3118 παραδείσου
2714 3044 2984 3117 τερπνῶν,
3023 3044 3058 3115 ἢ
3104 3044 3265 3097 πλέον
3308 3043 3556 3115 ἐλύπησα
3585 3045 3657 3116 τῇ

2077 3143 2186 3197 τῶν
2221 3141 2478 3213 φθαρτῶν
2502 3138 2803 3211 παραθέσει
2827 3154 2842 3204 ;
2869 3138 3093 3202 Πάντως
3112 3122 3221 3210 γάρ
3248 3155 3343 3191 σου
3367 3141 3400 3210 ἡ
3424 3139 3657 3205 διάνοια,

2079 3232 2261 3304 ὑψηλά
2320 3231 2413 3285 καὶ
2456 3228 2802 3300 ὑπερκόσμια
2848 3228 3139 3300 φρονοῦσα,
3187 3224 3276 3282 οἷα
3321 3229 3385 3300 δὴ
3416 3230 3477 3283 τὸ
3504 3229 3663 3284 πολί-

2077 3340 2254 3394 τευμα
2285 3321 2486 3393 ἔχουσα
2517 3323 2576 3374 ἐν
2620 3321 2870 3390 οὐρανοῖς
2916 3321 3010 3373 καὶ
3036 3320 3172 3391 πρὸς
3217 3320 3317 3392 τὴν
3341 3320 3455 3375 ἄνω
3498 3322 3663 3389 ἀξίαν

2078 3413 2362 3485 ἀφορῶσα,
2401 3411 2470 3465 τὰ
2501 3411 2601 3482 τῆς
2631 3409 2965 3479 ἐπαγγελίας
2988 3410 3208 3476 ἐνενόει,
3242 3412 3339 3464 καὶ
3366 3413 3661 3483 περιεσκόο

2079 3523 2171 3561 πει
2197 3503 2533 3558 ἀκούσασθαί
2578 3521 2633 3557 τι
2661 3501 2770 3555 τῶν
2799 3502 3225 3574 ἐπηγγελμένων
3253 3505 3385 3574 ἡμῖν
3416 3504 3662 3573 ἀγαθῶν,

2085 3602 2154 3652 "A
2184 3599 2320 3652 οὔτε
2349 3596 2656 3666 ὀφθαλμὸς
2683 3591 2863 3659 εἶδεν,
2893 3596 3032 3648 οὔτε
3063 3591 3173 3661 οὖς
3194 3595 3494 3664 ἤκουσεν.
3521 3597 3665 3653 οὔτε

2080 3691 2182 3745 ἐπὶ
2212 3688 2467 3758 καρδίαν
2495 3687 2812 3757 ἀνθρώπου
2854 3685 3059 3755 ἀνέϐη.
3108 3687 3206 3750 Τίς
3251 3685 3347 3766 οῦν
3376 3688 3405 3740 ό
3446 3687 3670 3759 διηγού-

2084 3799 2264 3853 μενος,
2292 3781 2342 3832 εἰ
2366 3780 2396 3832 ό
2429 3778 2708 3850 ὀφθαλμὸς
2736 3779 2839 3832 οὐκ
2870 3774 3047 3845 side»);
3075 3779 3138 3832 Εί
3161 3774 3254 3842 οὖς
3279 3779 3377 3833 οὐκ
3402 3780 3664 3851 ἤκουσεν,

2082 3873 2199 3938 πῶς
2223 3874 2282 3927 τὸ
2329 3873 2421 3926 σὺν
2470 3871 2811 3939 ὑποδέξεται;
2841 3871 2906 3924 Ei
2954 3871 3047 3924 ἐπὶ
3095 3871 3324 3942 καρδίαν
3367 3870 3663 3943 ἀνθρώπου

2081 3967 2182 4020 οὐκ
2214 3964 2419 4033 ὰνέόη,
2453 3962 2570 4026 πῶς
2603 3965 2636 4032 ἡ
2669 3963 2917 4034 ἡμετέρα
2958 3963 3200 4034 χωρήσει
3244 3962 3489 4027 διάνοια;
3523 3961 3667 4019 Οὔτε

2081 4053 2173 4112 οὖν
2219 4056 2288 4111 τὰ
2326 4053 2616 4126 σωματικά
2662 4053 3027 4125 ἐκϐάλλομεν,
3072 4055 3169 4108 καὶ
3208 4054 3276 4108 τὰ
3316 4056 3666 4125 πνευματικά

2081 4150 2467 4221 ἐπιζητοῦμεν.
2506 4149 2595 4212 Ὧς
2645 4147 2753 4219 γὰρ
2781 4147 2875 4200 ἐπὶ
2918 4146 3013 4199 τοῦ
3037 4145 3203 4216 νόμου
3236 4141 3306 4216 ἦν
3348 4146 3446 4216 μὲν
3473 4145 3572 4200 καὶ
3601 4146 3668 4200 τὸ

2083 4241 2359 4313 αἰσθητὸν,
2394 4239 2530 4294 ἀλλὰ
2565 4240 2657 4294 καὶ
2696 4238 2865 4291 τύπον
2905 4237 3078 4291 ἐποίει
3125 4235 3220 4290 τοῦ
3250 4236 3440 4308 νοητοῦ
3465 4254 3482 4270 ο
3517 4237 3668 4291 οὕτω

2083 4333 2178 4386 καὶ
2229 4331 2320 4387 τὸν
2367 4330 2689 4401 παράδεισον
2738 4327 2966 4398 νοοῦμεν
3017 4328 3114 4399 μὲν
3160 4329 3257 4381 καὶ
3308 4328 3666 4398 σωματικῶς,

403 4405 617 4458 aluimus
644 4403 667 4456 ?
694 4402 879 4474 Neque
916 4404 1080 4472 igitur
1106 4407 1409 4475 corporalia
1439 4408 1760 4478 respuimus,
1781 4417 1837 4462 et
1866 4409 1974 4477 spi-

2081 4420 2487 4492 ἀλληγοροῦμεν
2538 4419 2597 4471 δὲ
2651 4417 2746 4471 καὶ
2813 4416 3217 4489 πνευματικῶς.
3295 4418 3353 4469 Ἐ
3355 4417 3670 4486 φύτευσεν

404 4513 582 4567 ritalia
608 4515 952 4584 requirimus.
972 4516 1107 4571 Nam
1143 4519 1593 4587 quemadmodum
1623 4521 1674 4575 in
1706 4521 1824 4592 lege
1853 4530 1972 4576 erat

2077 4510 2170 4565 οῦν
2209 4515 2241 4566 ό
2268 4510 2415 4575 Θεὸς
2448 4508 2820 4578 παράδεισον
2849 4509 2920 4562 ἐν
2956 4507 3125 4576 Ἐδέμ
3158 4507 3307 4562 κατὰ
3337 4506 3665 4573 ἀνατολάς.

404 4603 546 4671 quod
576 4612 630 4657 et
652 4604 707 4657 in
729 4619 944 4658 sensum
975 4606 1214 4675 caderet,
1244 4623 1365 4663 cum
1388 4619 1443 4664 et
1472 4608 1588 4677 ejus
1610 4612 1751 4680 quod
1788 4620 1971 4666 mente

2077 4604 2160 4658 Τά
2194 4605 2292 4674 μὲν
2320 4603 2562 4672 ὀνόματα
2585 4600 2692 4654 τῶν
2721 4600 2904 4670 φυτῶν
2934 4599 3269 4671 σεσιώπηται
3295 4613 3310 4628 ⁶
3336 4601 3365 4653 ὁ
3391 4600 3448 4652 δέ
3470 4600 3665 4662 τόπος,

405 4694 722 4765 intelligitur
770 4696 1117 4753 nihilominus
1170 4699 1399 4769 ﬁguram
1439 4712 1754 4771 praestaret;
1801 4704 1880 4757 sic
1918 4712 1973 4757 et

2077 4698 2135 4750 ἐν
2159 4688 2204 4762 ᾧ
2236 4693 2519 4763 ἐφύτευσε,
2572 4692 2864 4764 δεδήλωται
2883 4709 2898 4722 ο
2949 4692 3248 4758 τουτέστιν,
3274 4695 3332 4749 ἐν
3362 4694 3429 4763 τῇ
3458 4695 3665 4764 τρυφῇ-

405 4787 730 4853 paradisum,
757 4795 866 4840 tum
895 4789 1160 4858 corporali
1199 4792 1410 4846 ratione
1441 4793 1822 4863 intelligimds,
1858 4803 1968 4847 tum

2090 4789 2254 4860 Ἐδέμ
2279 4787 2388 4858 γὰρ
2413 4787 2590 4859 τρυφὴ
2621 4785 3005 4857 ἑρμηνεύεται.

403 4888 461 4936 et
486 4877 713 4946 spiritali
742 4893 955 4947 quoque
1011 4897 1105 4949 per
1167 4881 1475 4953 allegoriam
1517 4884 1856 4954 exponimus.
1880 4881 2150 4937 Plantavit
2187 4879 2355 4945 igitur
2399 4877 2541 4930 Deus
2589 4877 2896 4944 paradisum
2934 4875 2987 4928 in
3039 4874 3206 4928 Edem
3254 4875 3325 4927 a'd
3369 4874 3667 4929 orientales

402 4967 928 5039 plagasJ’lantarum
952 4972 1166 5042 quidem
1224 4977 1577 5044 stirpiumque’
1638 4978 1856 5032 nomina
1912 4986 2098 5046 pressa
2158 4970 2373 5026 silentio
2419 4976 2585 5033 sunt;
2621 4968 2771 5023 locus
2816 4982 2968 5029 vero,
3004 4968 3056 5022 in
3095 4983 3202 5037 quo
3243 4956 3668 5037 pl:mtavit,'de-

402 5064 639 5120 claratus
673 5072 793 5130 est;
826 5066 928 5120 hoc
954 5078 1057 5132 est,
1088 5068 1142 5121 in
1197 5070 1492 5141 voluptate.
1550 5072 1714 5127 Edem
1768 5072 1912 5127 enim
1966 5068 2207 5124 nominis
2241 5077 2420 5135 etymo
2470 5063 2716 5132 voluptas
2747 5062 3056 5128 deliciaeque
3092 5061 3401 5128 exponitur.

472 5154 525 5209 8.
567 5153 703 5209 Num
736 5156 899 5225 igitur
931 5171 1024 5211 eas
1069 5169 1224 5213 vocat
1262 5161 1502 5226 delicias,
1536 5177 1655 5231 qua:
1696 5177 1793 5232 per
1818 5177 1879 5216 os
1910 5161 1963 5214 in

403 5255 645 5299 ventrem
677 5246 1005 5317 immigrant,
1026 5263 1090 5303 ac
1111 5258 1337 5319 quarum
1367 5254 1487 5308 linis
1512 5269 1753 5310 secessus
1780 5255 1804 5307 ?
1830 5254 1969 5321 ejus-

2147 5156 2201 5211 8.
2240 5152 2391 5226 ’Λρα
2440 5149 2532 5207 οῦν
2572 5153 2784 5225 τρυφὴν
2817 5151 2913 5222 τὴν
2963 5151 3051 5204 διὰ
3091 5151 3356 5221 στόματος
3383 5148 3668 5220 ὀνομάζει.

2070 5249 2169 5320 τὴν
2195 5250 2261 5319 τῇ
2304 5246 2482 5317 κοιλίᾳ
2538 5244 2988 5315 παραδιδομένην,
3029 5242 3123 5295 καὶ
3156 5236 3222 5312 ἧς
3256 5240 3406 5301 τέλος
3449 5243 3478 5293 ό
3525 5241 3670 5309 ἀφε-

404 5336 547 5389 modi
581 5336 799 5391 tradidit
827 5339 1067 5406 delicias,
1105 5356 1223 5409 quae
1250 5343 1520 5398 intereunt
1541 5347 1564 5397 7
1587 5346 1639 5399 in
1671 5360 1842 5415 eoque
1869 5344 1966 5399 Dei

2077 5339 2254 5410 δρών;
2285 5337 2380 5390 καὶ
2412 5335 2624 5406 τρυφὴν
2655 5335 2938 5405 παρέδωκε
2966 5332 3065 5402 τὴν
3113 5330 3491 5402 ἀπολλυμένην
3519 5347 3535 5396 ;
3569 5333 3671 5383 καὶ

403 5438 531 5494 erga
580 5425 849 5480 hominem
890 5426 1209 5485 beneﬁcium
1255 5435 1493 5501 positum
1547 5445 1649 5499 est,
1697 5445 1756 5488 ut
1786 5445 1977 5489 venter

403 5512 763 5584 sull‘arciatur,
796 5516 1045 5590 bonaque
1076 5520 1148 5575 sit
1188 5526 1429 5595 corporis
1458 5524 1746 5589 habitudo,
1778 5539 1840 5578 ac
1878 5538 1977 5578 cu-

2079 5428 2238 5482 τοῦτό
2267 5429 2413 5479 ἐστιν
2439 5428 2472 5496 ἡ
2509 5425 2660 5496 παρὰ
2698 5423 2833 5477 Θεοῦ
2881 5423 3042 5493 χάρις
3072 5421 3204 5492 περὶ
3226 5420 3322 5475 τὸν
3350 5421 3669 5493 ἄνθρωπον,

2084 5517 2325 5591 γαστρὸς
2348 5517 2644 5588 πλήρωσις,
2679 5516 2773 5572 καὶ
2799 5514 3004 5586 σαρκὸς
3034 5509 3321 5578 εὐπάθεια,
3353 5513 3448 5567 καὶ
3478 5510 3674 5582 διάχυ-

477 5688 526 5724 ⁸⁰
554 5688 755 5762 Genui,
788 5694 875 5751 l6.
950 5695 994 5730 ι’
1029 5694 1165 5753 Gen.
1195 5712 1256 5765 ιι,
1282 5696 1369 5753 l3.
1446 5700 1489 5731 δ’
1511 5697 1744 5768 Philipp.
1773 5711 1854 5764 Ill,
1885 5696 1974 5752 9.0.

2077 5693 2143 5751 ³1
2170 5693 2296 5751 Cor.
2335 5708 2395 5760 ιι,
2417 5693 2472 5749 9.
