3838 6214
162 252 239 311 69
1342 250 1431 309 DE
1466 252 1720 310 PARADI

1830 304 1831 313 ,
1872 255 2133 315 ORATIO
2171 257 2259 315 Ill.
3364 271 3441 331 πο,

162 389 251 436 σις
278 368 478 443 ἡδονὴν
497 369 837 443 ἐμποιοῦσα;
868 370 940 424 Ἣ
966 369 1127 425 τοῦτο
1153 372 1252 443 μὲν
1285 373 1461 427 εἰπεῖν
1492 373 1615 427 οὐδὲ

1850 376 2009 431 ticula
2064 388 2287 433 curetur
2309 416 2325 442 ,
2357 391 2529 449 eaque
2561 378 2779 437 diffusio
2808 380 2915 450 sit',
2946 397 3057 453 qua
3085 385 3338 458 voluptas
3367 403 3431 443 ac

159 462 345 527 σεσές.
385 462 706 527 ’Δκολασίας
729 463 838 535 γάρ
866 479 972 516 που
997 462 1092 517 καὶ
1136 463 1369 536 ὕϐρεως,
1401 465 1497 519 καὶ
1529 465 1749 521 πάντων

156 554 298 624 ὁμοῦ
329 553 441 609 τῶν
472 554 939 626 ἀπηγορευμένων
990 554 1233 625 ἐφόδιον,
1274 555 1655 628 ὐπερπιαίνειν
1686 558 1748 610 τὸ

159 648 347 717 σῶμα,
377 648 473 700 καὶ
499 647 927 712 καταϐαπτίζειν
959 647 1037 718 τῷ
1066 648 1262 720 πλήθει
1291 648 1401 702 τῶν
1441 648 1746 721 βρωμάτων

154 739 258 810 τὴν
307 738 625 792 ἐνοικοῦσαν
670 739 871 813 ψυχὴν,
898 740 1269 813 εὐκατάφορον
1311 741 1568 795 ποιοῦντα
1609 741 1746 813 πρὸς

156 834 346 885 πᾶσαν
372 831 671 904 ἁμαρτίαν.

228 1012 288 1067 9.
313 1008 525 1066 Οὐκοῦν
552 1008 720 1080 ἀλλην
769 1006 877 1079 χρὴ
908 1008 1098 1078 νοῆσαι
1135 1008 1368 1081 τρυφὴν,
1398 1008 1553 1074 ἀξίαν
1583 1009 1740 1079 Θεοῦ,

157 1100 250 1154 ἶνα
300 1101 393 1154 καὶ
449 1102 484 1171 ἡ
529 1099 728 1169 φυτεία
764 1098 1052 1169 πρέπουσα
1098 1101 1163 1168 τῇ
1194 1099 1441 1171 γεωργίᾳ
1482 1096 1573 1152 τοῦ
1605 1100 1740 1153 Θεοῦ

155 1191 411 1261 λογισθῇ.
457 1188 555 1253 Τίς
594 1184 690 1241 οὖν
736 1186 964 1240 δύναται
1029 1187 1281 1256 γενέσθαι
1331 1190 1512 1261 τρυφὴ
1568 1190 1741 1258 ἁγίοις

155 1283 540 1355 ἀρμόττουσα;
567 1282 832 1334 ¹Ἄκουσον
846 1279 939 1333 τοῦ
960 1279 1213 1348 λέγοντος
1235 1298 1247 1312 ·
1268 1283 1742 1351 Κατατρύφησον

155 1374 268 1429 τοῦ
297 1373 543 1442 Κυρίου,
572 1372 672 1426 καί
701 1368 883 1427 δώσει
911 1387 1012 1426 σοι
1037 1373 1111 1426 τὰ
1133 1370 1427 1443 αἰτήματα
1453 1371 1564 1442 τῆς
1598 1389 1741 1443 καρ-

155 1468 294 1533 δίας
326 1483 466 1521 σου.
942 1476 948 1482 ’

226 1555 319 1611 10.
364 1555 519 1608 Ἑπεί
548 1548 642 1607 οῦν
667 1552 893 1624 ἄπειρον
920 1553 982 1606 τὸ
1003 1552 1248 1607 ποικίλον
1269 1553 1367 1625 τῆς
1393 1555 1612 1627 ἀρετῆς,
1645 1556 1739 1608 καὶ

1850 465 2017 522 libido
2053 479 2270 524 creatur
2299 468 2539 527 ?Athoc
2567 486 2636 526 ne
2683 472 2831 527 dictu
2873 474 3094 544 quidem
3138 477 3284 547 pium
3324 492 3427 533 est.

1849 556 2057 624 Corpus
2100 560 2245 614 enim
2291 561 2504 617 abunde
2556 565 2829 635 saginare,
2856 567 3020 637 inque
3046 583 3112 625 eo
3141 571 3428 641 degentem

1848 649 2091 705 animum
2127 652 2368 707 ciborum
2406 654 2557 724 c0pia
2581 657 2834 722 obruere,
2863 659 3122 714 viaticum
3154 663 3426 730 quoddam

1845 748 1930 794 est
1966 742 2032 795 ad
2063 741 2341 798 lasciviam
2369 755 2724 817 stuprumque
2759 764 2824 803 ac
2862 752 3271 820 procacitatem,
3300 753 3427 808 etsi

1845 829 1973 898 quid
2021 830 2167 886 aliud
2215 832 2270 887 in
2300 834 2483 889 vetitis
2513 845 2618 901 est,
2655 845 2820 906 atque
2847 838 2901 893 in
2941 854 3101 895 omne
3136 851 3422 911 peccatum

1845 935 2073 990 pronum
2104 924 2279 978 reddit
2314 940 2376 980 ac
2404 927 2756 997 praecipitem.

1914 1013 1969 1069 9.
1991 1014 2125 1069 Aliae
2174 1016 2336 1085 igitur
2384 1018 2747 1089 intelligentiae
2792 1019 2999 1077 delicite
3064 1032 3224 1089 sunt,
3258 1032 3320 1079 ut
3363 1034 3421 1080 et

1842 1101 2129 1170 plantatio,
2172 1121 2292 1175 qua:
2324 1108 2420 1162 Dei
2459 1110 2729 1163 culturam
2763 1112 2984 1175 deceat,
3021 1125 3204 1170 mente
3246 1117 3419 1185 perci-

1842 1194 2041 1262 piatur.
2076 1195 2334 1262 Qumnam
2386 1199 2549 1268 igitur
2597 1200 2866 1271 voluptas,
2903 1218 3024 1272 quae
3051 1205 3256 1261 delicia:
3297 1221 3418 1262 esse

1843 1286 2074 1354 possint,
2124 1302 2243 1356 qua:
2278 1290 2482 1344 sanctis
2520 1291 2866 1361 congruant?
2902 1291 3175 1349 Delectare
3208 1294 3263 1349 in
3310 1293 3416 1348 Do-

1839 1374 2002 1443 mino,
2033 1385 2082 1430 et
2106 1376 2249 1431 dabit
2281 1378 2374 1432 tibi
2405 1379 2680 1448 petitiones
2708 1381 2882 1436 cordis
2908 1383 2991 1436 tui
3011 1381 3080 1437 ιδ.

1914 1549 2003 1605 10.
2033 1550 2296 1615 Quoniam
2350 1554 2511 1625 igitur
2545 1556 2753 1613 inﬁnita
2774 1566 2861 1614 est
2888 1545 3104 1617 virtutis
3153 1560 3412 1626 varietas,

153 1645 217 1700 τὺ
238 1644 435 1708 κάλλος
467 1644 768 1715 ἀμήχανον,
797 1643 904 1696 ἀπὸ
929 1644 1030 1714 τῆς
1060 1643 1403 1715 πολυτρόπου
1431 1645 1620 1715 σοφίας
1639 1646 1724 1699 τοῦ

1840 1655 1904 1697 ac
1930 1658 2089 1713 quam
2110 1660 2269 1699 nemo
2291 1648 2424 1701 satis
2460 1648 2654 1717 sapiat,
2678 1651 3043 1720 pulchritudo,
3070 1666 3101 1705 a
3129 1652 3411 1723 multiplici

153 1734 293 1792 θεοῦ
326 1735 428 1808 τὴν
460 1734 633 1807 ἀρχὴν
660 1735 949 1806 εἰληφότα,
977 1736 1066 1789 διὰ
1090 1735 1248 1790 τοῦτο
1287 1736 1625 1808 γέγραπται,
1656 1739 1724 1792 ὅτι

1841 1733 1934 1788 Dei
1961 1735 2222 1804 sapientia
2254 1736 2448 1792 horum
2493 1741 2657 1795 ducta
2688 1741 2923 1812 origine,
2954 1752 3239 1813 propterea
3267 1747 3409 1799 scri-

166 1830 535 1899 Ἐφύτευσεν
566 1831 600 1882 ό
646 1827 789 1894 Θεὸς
832 1827 1233 1896 παράδεισον,
1281 1830 1400 1900 οὐχί
1432 1829 1576 1884 κατὰ
1602 1830 1724 1884 ἀνα-

1838 1836 1987 1894 ptum
2014 1838 2118 1893 est,
2143 1826 2415 1884 Plantauit
2442 1830 2583 1886 Deus
2623 1835 2954 1902 paradisum,
2985 1850 3092 1890 non
3126 1837 3194 1890 ad
3230 1837 3411 1891 orien-

152 1920 335 1992 τολὴν,
383 1920 519 1974 ἀλλά
564 1914 730 1973 Κατὰ
781 1918 1103 1985 ἀνατολάς.
1159 1920 1430 1975 Ἕκαστον
1473 1921 1582 1993 γάρ
1625 1921 1724 1975 τῶν

1836 1906 1966 1983 tem,
1996 1919 2090 1974 sed
2128 1921 2199 1973 ad
2225 1922 2440 1976 orientis
2464 1924 2665 1994 plagas.
2696 1926 2932 1995 Quaeque
2960 1927 3103 1982 enim
3129 1944 3158 1980 a
3182 1926 3409 1983 Domino

152 2011 579 2082 πεφυτευμένων
623 2010 774 2083 παρά
823 2010 1028 2081 Κυρίου
1085 2010 1298 2080 φυτῶν,
1332 2013 1391 2064 ἐν
1440 2013 1555 2083 ἰδίῳ
1595 2013 1724 2081 φωτί

1834 2017 2072 2063 satarum
2104 2009 2379 2080 stirpium,
2413 2012 2466 2067 in
2519 2014 2735 2084 propria
2779 2014 2897 2068 luce
2925 2015 3125 2070 eximio
3150 2016 3293 2070 cultu
3318 2025 3406 2070 at-

150 2105 355 2177 ἀρετῆς
380 2101 894 2172 κεκαλλωπισμένον
921 2101 1313 2173 ἐξήστραπτεν.
1332 2104 1477 2156 Ἐκεῖ
1496 2103 1606 2158 Τοῦ
1628 2119 1724 2158 πο-

1833 2114 1939 2170 que
1969 2109 2161 2155 ornatu
2210 2101 2643 2171 perSplendebat.
2692 2103 2805 2158 Illic
2849 2103 3113 2159 Fluminis
3162 2108 3403 2176 impetus,

149 2194 341 2264 τημοῦ
366 2194 439 2247 τὰ
468 2190 777 2262 ὀρμήματα
799 2230 814 2256 ,
857 2190 964 2245 τοῦ
1003 2193 1434 2260 εὐφραίνοντος
1466 2192 1583 2263 τὴν
1621 2195 1730 2248 πό·-

149 2290 256 2342 llr
281 2286 391 2341 τοῦ
430 2284 598 2339 Θεοῦ.
665 2281 923 2354 Ἀλλαχοῦ
968 2283 1026 2337 δὲ
1057 2284 1425 2354 Χειμάρῤους
1448 2285 1559 2355 τῆς
1590 2305 1730 2356 τρυ-

147 2376 275 2447 φῆς
328 2374 695 2446 ὀνομάζεται,
736 2373 954 2445 τρέφων
1000 2372 1097 2427 καὶ
1139 2371 1319 2438 αὔξων
1367 2373 1476 2428 τῶν
1524 2376 1730 2447 νοητῶν

147 2470 377 2523 ἐκείνων
426 2466 609 2537 φυτῶν
655 2465 726 2519 τὰ
771 2464 976 2535 κάλλῃο
1013 2466 1163 2529 ὅστις
1217 2466 1311 2519 καὶ
1365 2467 1424 2519 ἐν
1458 2468 1573 2530 τοῖς
1601 2466 1729 2539 ἑξῆς

145 2562 248 2633 τῆς
282 2559 652 2632 προκειμένης
688 2556 913 2629 Γραφῆς
938 2556 1156 2625 λέγεται
1187 2555 1430 2622 ποταμὸς
1467 2559 1496 2610 ὁ
1531 2575 1731 2629 πορευ-

145 2654 341 2725 όμενος
388 2651 449 2718 ἐξ
495 2650 654 2723 Ἑδὲμ
700 2649 941 2714 ποτίζειν
981 2649 1071 2703 τὸν
1118 2649 1464 2721 παράδεισον.
1508 2651 1596 2703 Ἐν
1627 2651 1727 2722 μὲν

145 2743 240 2802 οὖν
260 2750 373 2809 τοῖς
402 2744 630 2799 κατόπιν
660 2743 986 2814 ἐγέγραπτο,
1018 2743 1101 2796 ὅτι
1127 2742 1390 2814 πρότερον
1417 2742 1516 2814 τὴν
1548 2743 1727 2799 κτίσιν

144 2834 465 2908 πληρώσας,
515 2832 688 2896 οὕτως
720 2833 1083 2903 ἐπεισήγαγεν
1113 2834 1194 2896 εἰς
1223 2832 1398 2904 ἀρχὴν
1427 2833 1590 2886 οἱονεὶ¹
1632 2835 1726 2888 καὶ

145 2927 449 3000 κυριότητα
472 2924 677 2995 ταύτην
694 2922 769 2995 (a)
785 2923 876 2977 τὸν
900 2922 1184 2995 ἄνθρωπον
1206 2939 1218 2952 ·
1237 2922 1330 2976 νῦν
1345 2923 1421 2989 δὲ,
1435 2923 1497 2977 τὸ
1516 2924 1726 2978 ἀνάπα-

143 3020 250 3086 λιν,
298 3018 565 3090 πρότερον
606 3015 810 3069 ἔπλασε
850 3014 942 3068 τὸν
970 3013 1276 3087 ἄνθρωπον,
1306 3015 1400 3068 καὶ
1433 3015 1554 3068 τότε
1587 3014 1722 3085 ἐφύ-

141 3128 305 3166 τευσε
359 3109 452 3163 τὸν
496 3108 843 3180 παράδεισον.
884 3106 950 3160 Ἦ
988 3106 1045 3160 δὲ
1091 3107 1260 3171 αἰτία,
1307 3108 1389 3161 ὅτι
1431 3109 1549 3161 ἐκεῖ
1599 3109 1720 3180 μὲν,

143 3204 235 3258 ἶνα
274 3200 544 3274 πληρώσῃ
596 3198 689 3252 τὸν
728 3195 932 3274 οἷκον,
960 3197 1053 3251 τὸν
1122 3198 1508 3271 οἰκοδεσπότην
1560 3200 1723 3265 εὐθὺς

143 3293 482 3363 ἐπεισήγαγε
508 3306 525 3322 ο
549 3289 644 3343 καὶ
671 3288 757 3341 ἵνα
786 3287 861 3359 μὴ
882 3286 1090 3359 πένητα
1117 3288 1330 3355 κτίσας,
1367 3288 1594 3361 ὕστερον
1621 3290 1722 3362 τὴν

140 3383 405 3456 εὐπορίαν
434 3380 584 3452 αὐτῷ
606 3380 918 3452 χαρίσηται.
961 3378 1225 3432 Ἐνταῦθα
1248 3378 1306 3432 δὲ
1325 3419 1340 3445 ,
1364 3378 1463 3452 τὴν
1492 3383 1558 3435 ἐκ
1580 3397 1719 3452 προ-

140 3480 319 3549 κοπῆς
351 3474 628 3529 τελείωσιν
671 3471 1059 3543 χαρισάμενος,
1102 3470 1335 3543 ἀλλαχοῦ
1376 3470 1555 3525 ἔκτισε
1578 3510 1593 3535 ,
1624 3473 1719 3527 καὶ

141 3569 369 3641 ὕστερον
396 3565 759 3636 ὲγκατοικίζει
776 3563 854 3635 τῷ
881 3562 1195 3636 παραδείσῳ
1218 3580 1233 3595 ο
1261 3563 1349 3617 ἵνα
1372 3563 1433 3617 τὸ
1463 3563 1718 3635 διάφορον

138 3656 477 3731 καταμαθὼν
501 3657 604 3728 τῆς
635 3674 695 3710 τε
745 3656 851 3723 ἔξω
880 3656 1025 3728 ζωῆς
1068 3657 1164 3710 καί¹
1198 3655 1295 3727 τῆς
1319 3656 1378 3709 ἐν
1405 3657 1718 3728 παραδείσῳ

135 3751 435 3823 διαγωγῆς,
463 3750 528 3804 ὲκ
573 3749 673 3820 τῆς
705 3749 1044 3821 συγκρίσεως
1078 3746 1374 3820 ἑκατέρων,
1408 3748 1507 3803 καὶ
1544 3749 1717 3820 αὐτῆς

134 3845 234 3917 τῆς
276 3843 496 3916 πείρας,
526 3841 770 3915 γνωρίσῃ
803 3841 902 3913 μὲν
928 3840 1028 3913 τὴν
1057 3840 1332 3913 ὑπεροχὴν
1352 3839 1447 3893 τοῦ
1480 3841 1538 3894 ὲν
1566 3841 1716 3913 αὐτῷ

135 3936 398 4001 κάλλους,
450 3931 662 4005 φοϐηθῇ
718 3932 776 3987 δὲ
819 3931 916 3986 καὶ
965 3932 1067 4005 τῆς
1113 3929 1442 3997 ἐκπτώσεως
1481 3931 1582 4004 τὴν
1617 3930 1715 4005 ζη-

137 4029 287 4100 μίαν.

200 4205 293 4261 11.
334 4206 455 4259 Ἵνα
474 4204 532 4259 δὲ
560 4205 761 4277 νοήσῃς
781 4203 1001 4276 φυτείαν
1029 4203 1187 4272 ἀξίαν
1211 4203 1362 4269 θείας
1398 4203 1583 4277 χειρὸς
1618 4206 1713 4260 καὶ

132 4296 428 4368 ἐργασίας,
461 4295 725 4369 μνήσθητι
757 4295 870 4349 τῶν
895 4298 953 4349 ὲν
976 4295 1053 4367 τῷ
1094 4296 1410 4367 Εὐαγγελίῳ
1440 4296 1591 4368 παρά
1613 4296 1710 4351 τοῦ

1827 2189 1945 2258 ejus
1966 2190 2104 2257 quod
2139 2189 2372 2258 laetiﬁcat
2404 2192 2661 2246 civitatem
2692 2191 2791 2245 Dei
2814 2192 2883 2248 ⁸⁸.
2901 2193 3023 2248 Alio
3063 2203 3242 2248 autem
3285 2193 3405 2248 loco

1839 2276 2136 2349 Voluptatis
2181 2290 2389 2335 torrens
2413 2280 2459 2313 “
2490 2292 2855 2352 nuncupatur,
2896 2283 3081 2350 alens,
3116 2296 3170 2338 et
3216 2285 3282 2339 ad
3310 2286 3402 2355 ju-

1829 2379 1975 2424 stum
2010 2380 2349 2427 crementum
2381 2373 2604 2428 trahens
2628 2373 2988 2442 spiritualium
3030 2367 3241 2430 illarum
3274 2378 3403 2431 stir-

1829 2458 1977 2528 pium
2016 2466 2353 2517 venustatem
2402 2472 2566 2532 atque
2616 2466 2890 2520 decorem.
2930 2465 3000 2534 ls,
3044 2466 3098 2521 in
3151 2470 3399 2537 sequenti

1831 2548 2122 2621 Scriptura:
2149 2560 2320 2620 textu,
2350 2551 2543 2608 ﬂuvius
2572 2554 2770 2610 dicitur
2796 2570 2863 2612 ex
2893 2557 3057 2613 Edem
3095 2559 3399 2629 egrediens,

1827 2641 1897 2696 ad
1948 2641 2284 2712 irrigandum
2322 2643 2655 2712 paradisum.
2698 2643 2841 2700 Sane
2873 2647 3089 2717 quidem
3131 2648 3186 2703 in
3241 2663 3402 2720 supe-

1827 2731 2061 2786 rioribus
2083 2731 2286 2787 dictum
2311 2743 2413 2796 est,
2454 2735 2601 2803 quod
2649 2736 2900 2791 absoluta
2940 2739 3090 2807 prius
3122 2741 3400 2794 creatione

1826 2823 2135 2893 mundoque
2170 2825 2502 2891 constituto,
2540 2825 2619 2881 sic
2657 2826 2930 2881 induxerit
2982 2828 3273 2894 hominem,
3306 2833 3395 2900 qui

1824 2923 2084 2982 praeesset
2111 2914 2341 2982 imperio
2380 2928 2445 2969 ac
2488 2914 2724 2969 dominio
2752 2916 2997 2985 polleret.
3027 2908 3126 2972 Hic
3153 2927 3332 2974 autem
3366 2936 3398 2974 ο

1826 3020 2089 3061 converso
2114 3047 2130 3073 ,
2160 3006 2315 3076 prius
2359 3005 2619 3061 formavit
2667 3007 2967 3073 hominem,
3012 3009 3209 3066 deinde
3240 3027 3397 3082 para-

1826 3098 2001 3153 disum
2052 3098 2333 3167 plantavit.
2374 3098 2548 3168 Hujus
2602 3113 2767 3169 porro
2810 3101 2950 3157 ratio
2980 3110 3083 3167 cst,
3119 3105 3263 3173 quod
3286 3104 3395 3159 illic

1796 3190 2040 3259 ‘quidem
2086 3190 2228 3245 istud
2255 3189 2467 3244 consilii
2497 3190 2686 3257 fuerit,
2715 3192 2794 3262 [ut
2840 3193 2894 3246 in
2926 3192 3138 3262 plenam
3174 3194 3391 3249 domum

1822 3279 2269 3348 patremfamilias
2319 3281 2501 3336 statim
2557 3281 2865 3350 induceret;
2917 3299 3019 3340 nec
3044 3284 3203 3356 351
3230 3302 3391 3355 quem

1820 3384 2110 3439 pauperem
2142 3379 2405 3436 creasset,
2444 3371 2790 3441 postmodum
2828 3389 3009 3430 rerum
3051 3377 3205 3445 copia
3242 3377 3392 3432 locu-

1819 3461 2072 3532 pletaret.
2118 3460 2218 3517 llic
2270 3476 2423 3527 vero,
2448 3462 2539 3531 qui
2572 3478 2691 3517 eam
2733 3463 3142 3533 perfectionem,
3175 3481 3293 3535 quae
3322 3481 3392 3522 ex

1817 3552 2065 3623 profectu
2111 3562 2215 3620 est,
2260 3554 2540 3619 tribueret,
2570 3553 2696 3608 alibi
2739 3565 3001 3623 creatum,
3041 3555 3094 3610 in
3132 3557 3388 3626 paradiso

1817 3646 2156 3717 postmodum
2187 3645 2436 3701 colonum
2483 3645 2799 3713 collocavit;
2831 3656 2890 3701 ut
2936 3645 3216 3718 explorato
3256 3648 3388 3718 quid

1816 3737 2103 3793 interesset
2133 3737 2273 3791 inter
2300 3737 2470 3791 vitam
2504 3752 2665 3807 quam
2698 3736 2832 3793 loris
2854 3748 3117 3808 gesserat,
3141 3748 3197 3795 et
3221 3755 3387 3811 para-

1814 3828 1917 3883 disi
1951 3828 2343 3884 institutionem
2375 3842 2440 3882 ac
2468 3828 2828 3899 disciplinam,
2864 3844 2932 3884 ex
2958 3831 3245 3904 utriusque
3274 3833 3391 3887 θοις

1802 3906 2041 3993 εΙιιιίοηιι.
2074 3930 2186 3976 tum
2235 3920 2658 3991 pulchritudinis
2699 3921 3075 3978 excellentiam
3106 3924 3389 3980 condisce-

1813 4023 1918 4081 ret,
1947 4023 2058 4068 tum
2085 4028 2245 4083 quam
2266 4012 2506 4068 facturus
2531 4020 2678 4068 esset
2698 4012 2993 4091 iacturam,
3024 4015 3072 4071 si
3096 4015 3221 4097 inde
3247 4017 3388 4071 exci-

1814 4111 1986 4175 deret,
2015 4119 2302 4166 metueret.

1884 4203 1973 4258 11.
2014 4201 2084 4258 Ut
2111 4218 2239 4259 vero
2266 4201 2657 4273 plantationem
2683 4201 2775 4257 Dei
2798 4217 2961 4258 manu
2988 4202 3205 4276 dignam
3232 4202 3387 4259 intel-

1812 4293 1981 4364 ligas,
2015 4294 2068 4347 in
2110 4293 2425 4349 memoriam
2477 4293 2659 4348 veniat
2708 4308 2896 4348 eorum
2944 4310 3063 4365 qua:
3094 4310 3125 4350 a
3158 4294 3384 4350 Domino

131 4390 337 4463 Κυρίου
388 4388 525 4461 πρὸς
562 4389 689 4452 τοὺς
733 4386 985 4460 μαθητὰς
1034 4388 1363 4458 εἰρημένων,
1394 4387 1710 4458 ὄτι,Ὑμεῖς

1830 4388 1957 4442 licta
1990 4395 2117 4441 sunt
2142 4386 2208 4441 ad
2239 4384 2576 4455 discipulos:
2615 4382 2712 4440 Vos
2752 4386 2874 4439 estis
2904 4386 3165 4457 palmites,
3194 4397 3241 4442 et
3271 4385 3380 4439 Pa-

130 4483 271 4537 ἑστε
312 4480 389 4535 τὰ
432 4480 731 4550 κλήματα,
776 4478 878 4533 καί
923 4482 956 4533 ό
1006 4478 1209 4548 Πατήρ
1231 4498 1350 4549 μου
1379 4481 1413 4532 ὀ
1457 4482 1712 4549 γεωργός

1830 4490 1897 4534 ιον
1923 4496 2068 4534 meus
2106 4477 2343 4548 agricola
2374 4487 2450 4531 est
2466 4478 2531 4541 ⁵⁷,
2571 4488 2632 4532 ut
2668 4478 2761 4546 qui
2796 4478 3050 4533 nimirum
3081 4478 3186 4534 sati
3224 4480 3291 4533 ab
3316 4494 3384 4535 eo

127 4572 293 4627 ἐστι’
324 4571 600 4642 δηλονότι,
624 4570 698 4634 ὡς
732 4572 862 4643 παρ’
896 4568 1061 4623 αὐτοῦ
1089 4570 1464 4641 φυτευθέντες.
1494 4572 1710 4644 Ταύτης

125 4664 237 4717 εἰσί
266 4665 370 4733 τῆς
395 4662 619 4732 φυτείας
643 4662 738 4715 καὶ
771 4664 820 4715 οἱ
852 4662 909 4715 ἐν
933 4661 1011 4733 τῷ
1036 4661 1170 4732 οἴκῳ
1204 4663 1409 4733 Κυρίου
1436 4682 1708 4734 πεφυτευ-

128 4756 305 4827 μένοι,
343 4754 419 4817 ὡς
459 4753 788 4824 γέγραπται,
832 4752 930 4806 καὶ
970 4753 1028 4805 ἐν
1065 4754 1185 4815 ταῖς
1229 4752 1419 4816 αὐλαῖς
1449 4752 1543 4805 τοῦ
1572 4753 1707 4807 Θεοῦ

123 4846 285 4919 ἡμῶν
310 4845 679 4909 ὲξανθουντες.
714 4845 788 4897 Τὸ
813 4844 856 4897 δ’
891 4844 1022 4897 αὐτὸ
1055 4847 1149 4897 καὶ
1181 4846 1239 4897 ἐν
1283 4844 1362 4915 τῷ
1411 4847 1664 4919 προφήτῃ
1689 4862 1703 4878 ο

138 4934 283 5006 Ἐγὼ
325 4936 634 5004 ἐφύτευσα
686 4933 959 5004 ἄμπελον
1024 4935 1441 5003 καρποφόρον,
1498 4933 1707 4990 πᾶσαν

126 5026 449 5095 ἀληθινήν.
500 5028 557 5080 '0
580 5027 639 5080 δὲ
668 5025 913 5097 μιμητὴς
938 5024 1033 5079 τοῦ
1056 5027 1295 5098 Χριστοῦ
1326 5026 1538 5091 Παῦλος
1570 5029 1704 5081 ἀπο·-

133 5117 298 5190 πολμᾷ
344 5118 441 5172 καὶ
477 5117 750 5188 λέγειὸτι,
787 5117 936 5172 Θεοῦ
982 5119 1267 5188 συνεργοί
1304 5116 1524 5188 ἐσμεν⁴
1554 5118 1702 5173 Θεοῦ

131 5209 410 5283 ιεώρτιόν
434 5206 593 5265 ἐστε.
637 5208 778 5280 Ἐγὼ
807 5210 1131 5280 ἐφύτευσα,
1180 5202 1488 5278 Ἀπολλὼς
1515 5204 1703 5265 ἐπότι-

190 5410 239 5442 “
267 5408 415 5465 Psal.
460 5425 647 5476 xxxvr,
679 5410 731 5465 4.
805 5413 851 5446 ⁸⁸
874 5409 1019 5468 Psal.
1046 5426 1170 5477 uv,
1204 5410 1260 5467 5.

126 5496 178 5549 tl,
201 5482 295 5535 21.
370 5477 417 5512 ⁸⁹
442 5479 465 5534 ι
493 5481 616 5536 Cor.
655 5497 737 5547 Ill,
767 5483 821 5548 9,
856 5483 909 5538 6.

1358 5410 1404 5445 ιε
1435 5409 1578 5468 Psal.
1607 5425 1780 5481 xxxv,
1809 5416 1863 5471 9.

1817 4582 2018 4628 essent.
2052 4571 2131 4625 Ex
2186 4567 2275 4625 illa
2331 4580 2457 4625 sunt
2502 4569 2855 4640 plantatione,
2894 4578 2949 4625 et
3000 4571 3093 4641 qui
3133 4572 3187 4627 in
3223 4572 3384 4628 domo

1813 4664 2022 4718 Domini
2073 4662 2296 4733 plantati
2347 4672 2472 4716 sunt
2500 4660 2567 4717 ⁸⁸.
2616 4660 2683 4714 Et
2729 4676 2919 4716 rursus
2970 4661 3025 4716 in
3066 4662 3380 4733 propheta:

1811 4753 1924 4823 Ego
1972 4753 2203 4822 plantavi
2239 4753 2438 4805 vineam
2477 4750 2834 4820 fructiferam.
2868 4768 3072 4807 omnem
3108 4769 3284 4807 veram
3311 4756 3380 4810 ‘9.

1808 4844 2088 4915 Audctquc
2114 4856 2173 4898 et
2198 4845 2487 4899 aitChristi
2506 4843 2728 4898 tumulus
2757 4843 2969 4910 Paulus,
2992 4844 3088 4899 Dei
3113 4847 3383 4917 adjutores

1810 4955 2031 5003 sumus;
2067 4937 2168 4992 Dei
2216 4937 2545 5007 agricultura
2581 4937 2725 4990 estis.
2757 4935 2868 5006 Ego
2905 4939 3165 5007 plantavi,
3195 4939 3381 5008 Apollo

1810 5031 2020 5095 rigavit,
2077 5029 2211 5088 Deus
2265 5040 2441 5083 autem
2489 5029 2868 5082 incrementum
2910 5030 3055 5083 dedit
3080 5029 3149 5082 '°.
3195 5027 3381 5084 Justus

1809 5136 2021 5190 quoque
2053 5122 2102 5173 in
2137 5120 2340 5175 Davide
2372 5120 2563 5175 similis
2600 5119 2777 5174 dictus
2812 5128 2895 5175 est
2938 5119 3122 5176 arbori
3160 5120 3381 5175 consita:

1807 5226 1966 5267 secus
2005 5212 2265 5268 decursus
2297 5226 2581 5282 aquarum,
2623 5208 2755 5276 Quae
2794 5211 3024 5280 fructum
3051 5226 3205 5266 suum
3233 5210 3379 5264 dabit

1966 5418 2009 5449 "
2043 5416 2177 5474 Joan
2235 5435 2318 5483 xv,
2360 5419 2411 5476 l.
2506 5419 2551 5454 ⁸⁸
2579 5418 2722 5477 Psal.
2766 5433 2875 5484 κει,
2914 5417 3001 5473 il.
3092 5415 3138 5449 "
3173 5415 3374 5473 Jercm.

179 5684 267 5762 ’(α)
312 5689 565 5762 Ταύτην.
622 5690 782 5751 Forte
827 5694 1108 5781 tegendum
1137 5712 1372 5769 ταυτης,
1408 5708 1600 5769 nempe
1642 5694 1724 5751 κτξ

1830 5708 1891 5757 ις.
1920 5691 2080 5750 Ευιτ.
