3838 6214
418 220 481 275 τι
1362 212 1714 269 APPENDIX
1752 212 2041 271 OPERUM
2085 212 2145 268 S.
2195 212 2445 271 BASILII
2485 215 2721 275 MAG-NI.

3601 225 3678 284 72

415 344 473 399 in
492 353 721 412 tempore
758 356 878 405 suo,
907 348 953 394 et
980 337 1164 408 folium
1185 337 1303 407 ejus
1336 353 1439 391 non
1464 337 1657 407 deﬂuat
1684 335 1763 401 ἰς
1799 352 1862 391 ac
1884 353 1987 392 rur-

2098 354 2229 401 σεν,
2248 341 2281 392 ὁ
2308 337 2377 392 δὲ
2402 337 2546 404 Θεὸς
2574 337 2829 407 ηὔξησε.
2861 338 2973 393 Καὶ
3000 339 3029 392 6
3048 339 3254 405 δίκαιος
3274 339 3352 405 δὲ,
3369 341 3400 394 6
3419 341 3574 415 παρά
3597 342 3678 416 τῷ

417 450 513 489 rus
554 430 792 489 :Justur
836 439 890 484 ut
943 428 1120 498 palma
1171 427 1379 493 flurebit
1407 427 1453 459 δ’
1483 440 1500 492 ;
1531 436 1629 480 et:
1672 424 1887 479 Vineam
1932 442 1999 481 ea:

423 524 646 593 Egypto
668 519 979 575 transtulisti
996 533 1015 579 ;
1030 519 1227 585 ejecisti
1243 526 1441 585 gentes,
1460 527 1506 569 et
1530 516 1782 583 plantasti
1799 534 1911 570 eam
1928 517 1997 574 ".

420 614 494 667 Da
529 615 691 683 igitur
722 626 961 678 operam,
983 619 1036 662 ut
1074 624 1170 678 per
1202 607 1507 662 istiusmodi
1533 606 1857 661 documenta
1897 624 1995 677 pa-

418 707 656 759 radisum
705 702 850 756 illum
910 708 1089 754 mente
1130 699 1459 767 assequaris,
1509 701 1898 767 perveniasque
1941 708 1997 752 et

418 800 532 869 ipse
576 800 641 852 ad
675 799 867 850 divinae
900 795 1039 848 lueis
1072 793 1340 862 fulgores;
1374 791 1466 845 ubi
1523 791 1702 845 lumen
1758 791 1997 846 scientia:

418 892 622 950 oritur;
652 890 739 942 ubi
767 889 1004 941 consitus
1029 894 1113 939 est
1153 882 1435 953 paradisus
1455 881 1793 935 deliciarum.
1820 883 2000 945 Quan-

418 998 576 1049 quam
609 994 737 1033 vero
769 978 930 1032 etiam
956 976 1129 1029 locum
1164 987 1483 1041 corporeum
1521 971 1704 1024 animo
1735 970 1998 1024 informa-

2101 430 2286 493 Δαὸὶδ,
2333 429 2610 501 ὡμοίωται
2662 430 2740 501 τῷ
2774 430 2913 501 ξύλῳ
2953 430 3032 502 τῷ
3081 433 3473 505 πεφυτευμένῳ
3524 433 3679 506 παρά

2101 521 2198 583 τὰς
2226 519 2489 585 διεξόδους
2519 521 2628 575 τῶν
2678 522 2904 585 ὑδάτων,
2951 524 3010 575 Ὃ
3055 523 3163 577 τὸν
3211 522 3443 592 καρπόν
3488 524 3678 578 αὑτοῦ

2101 612 2279 668 δώσει
2304 616 2373 668 ἐν
2403 614 2584 682 καιρῷ
2613 615 2821 677 αὐτοῦ,
2854 615 2950 669 καὶ
2979 614 3045 668 τὸ
3076 616 3316 684 φύλλον
3344 614 3677 671 αὑτοῦ-οὔκ

2103 709 2547 778 ἀπορῤυήσεται
2565 727 2579 740 ⁸
2614 711 2707 764 καὶ
2732 711 2891 764 πάλιν
2911 729 2924 742 ·
2952 712 3187 777 Δίκαιος
3217 712 3296 778 ὡς
3320 712 3522 780 φοίνιξ
3566 712 3677 766 ἀν·-

2104 797 2308 863 θήσει’
2353 800 2467 864 καὶ,
2545 801 2840 869 Ἄμπελον
2903 801 2972 865 ἐξ
3022 803 3323 871 Αἰγύπτου
3382 799 3672 871 μετῆρας·

2102 888 2386 956 ἐξέϐαλες
2413 892 2581 959 ἔθνη,
2615 893 2712 944 καί
2747 893 3194 960 κατεφύτευσας
3229 892 3439 958 αὐτήν.
3471 891 3676 961 Πειρά-

2105 978 2227 1048 θητι
2258 980 2434 1033 τοίνυν
2478 980 2565 1033 διὰ
2593 981 2700 1034 τῶν
2750 982 3003 1034 τοιούτων
3034 981 3377 1052 διδαγμάτων
3416 984 3474 1034 ὲν
3518 998 3676 1051 περι-

418 1075 580 1137 veris,
615 1071 704 1139 qui
750 1078 1057 1123 sanctorum
1120 1066 1272 1119 sedes
1313 1065 1405 1125 sit,
1436 1064 1487 1116 in
1536 1077 1642 1132 quo
1676 1076 1865 1116 omnes
1896 1061 1987 1129 qui

2097 1067 2214 1140 νοίᾳ
2241 1070 2490 1137 γενέσθαι
2519 1072 2612 1125 τοῦ
2662 1073 2992 1143 παραδείσου
3039 1073 3246 1126 ἐκείνου
3272 1113 3287 1137 ,
3344 1073 3437 1127 καὶ
3468 1072 3672 1141 φθάσαι

416 1181 578 1235 super
599 1173 798 1218 terram
833 1160 986 1214 bouis
1016 1159 1267 1227 operibus
1299 1155 1632 1216 claruerunt,
1673 1152 1766 1206 Dei
1802 1151 1987 1220 gratiae

2096 1160 2189 1212 καὶ
2221 1160 2379 1224 αὐτὸς
2413 1164 2490 1223 εἰς
2518 1161 2616 1226 τὰς
2643 1163 2819 1231 αὑγὲις
2863 1164 2956 1217 τοῦ
2996 1163 3138 1218 θείου
3192 1163 3369 1233 φωτός
3393 1179 3407 1195 ο
3444 1163 3572 1216 ἔνθα
3612 1163 3673 1215 τὸ

416 1267 689 1324 comp0tes
720 1252 916 1314 effecti,
949 1264 1199 1317 veraeque
1234 1262 1298 1300 ac
1332 1245 1589 1314 spiritalis
1608 1243 1987 1313 jucunditatis,

2097 1251 2212 1320 φῶς
2240 1252 2338 1322 τῆς
2363 1251 2631 1319 γνώσεως
2660 1254 2960 1317 ἀνατέλλει,
3000 1254 3127 1307 ἔνθα
3156 1258 3184 1308 6
3217 1255 3544 1325 παράδεισος
3568 1253 3673 1322 τῆς

414 1348 581 1401 vitam
614 1353 790 1413 agant,
817 1342 948 1396 nihil
984 1342 1051 1394 ab
1083 1354 1166 1403 ea,
1205 1352 1325 1406 qua!
1356 1337 1565 1400 deceat,
1596 1335 1825 1403 paradisi
1855 1350 1985 1389 con-

2094 1342 2307 1414 τρυιρῆς
2352 1343 2702 1412 πεφύτευται.
2738 1345 2858 1398 Κᾶν
2899 1346 3095 1417 χωρίον
3116 1346 3173 1400 δέ
3195 1364 3247 1399 τι
3268 1349 3392 1416 νοῇς
3424 1362 3671 1415 σώματι-

414 1439 620 1508 jeetura
645 1451 707 1489 ac
730 1433 1017 1488 simulacro
1042 1431 1264 1485 forsitan
1307 1428 1599 1482 erraveris.

2094 1430 2207 1494 κὸν,
2254 1431 2497 1485 δεκτικὸν
2534 1433 2641 1486 τῶν
2696 1434 2887 1502 ἁγίων,
2942 1437 2999 1487 ὲν
3039 1428 3083 1502 ᾧ
3115 1436 3315 1498 πάντες
3356 1436 3404 1486 οἱ
3442 1435 3535 1486 ἐπὶ
3560 1434 3667 1504 γῆς

414 1520 812 1599 διαλάμψαντες
841 1526 899 1578 ἐν
932 1523 1115 1595 ἔργοις
1139 1519 1362 1589 ἀγαθοῖς
1395 1517 1704 1572 διαιτῶνται
1723 1557 1737 1581 ,
1762 1516 1863 1586 τῆς
1922 1515 2016 1569 τοῦ
2091 1518 2226 1574 Θεοῦ
2276 1522 2639 1587 ἀπολαύοντες
2680 1525 2899 1595 χάριτος
2920 1565 2934 1590 ,
2958 1525 3078 1579 κατ’
3107 1524 3263 1591 ἀξίαν
3289 1525 3542 1597 ἀμοιϐὴν,
3574 1524 3672 1579 καὶ

414 1622 514 1691 τῆς
546 1619 803 1691 ἀληθινῆς
839 1616 933 1670 καὶ
973 1614 1247 1684 μακαρίας
1284 1610 1669 1681 τερπνότητος,
1716 1608 1818 1662 οὑκ
1863 1608 2197 1675 ἀποπίπτεις
2248 1612 2391 1685 τάχα
2438 1614 2548 1669 οὐδ’
2590 1614 2733 1669 οὕτω
2776 1616 2877 1687 τῆς
2938 1617 3256 1691 πρεπούσης
3317 1617 3445 1689 περὶ
3499 1617 3670 1672 αὑτοῦ

415 1712 681 1774 εἰκασίας.

485 1804 572 1858 12.
605 1802 715 1855 Illic
741 1800 919 1866 itaque
955 1795 1108 1850 bonae
1149 1794 1394 1862 quasdam
1437 1792 1664 1845 virtutes
1690 1790 1868 1846 missis
1907 1805 1987 1845 ra-

2170 1792 2254 1847 12.
2310 1793 2458 1847 Ἐκεῖ
2501 1791 2594 1849 οὖν
2630 1795 2992 1867 ὲῤῥιζωμέναι
3030 1797 3136 1850 εἰσὶ
3162 1796 3257 1850 καὶ
3297 1796 3509 1865 παγίως
3540 1798 3675 1870 ἐρη-

416 1919 624 1975 dieilms
658 1915 884 1970 ﬁrmiter
924 1910 1176 1966 stabilita:
1225 1917 1351 1962 sunt
1402 1914 1712 1960 sanctorum
1760 1906 1991 1960 admini-

414 2021 561 2073 stne,
590 2021 814 2078 quarum
860 2003 983 2058 fidei
1038 2016 1101 2055 ac
1156 2013 1305 2079 curta
1358 1998 1518 2051 homo
1579 2011 1766 2051 recens
1816 2008 1987 2061 ortus,

415 2101 690 2168 multaque
741 2101 807 2149 ad
847 2093 1234 2163 perfectionem
1298 2090 1544 2158 indigens
1599 2088 1989 2143 exercitatione

413 2193 630 2246 virtutis
668 2187 915 2257 palaastra
954 2184 1182 2237 traditus
1211 2189 1317 2234 est.
1345 2179 1443 2235 Ubi
1475 2189 1786 2233 sanctorum
1816 2190 1990 2233 caatus

414 2290 531 2346 est;
568 2278 659 2332 ubi
713 2275 849 2329 lucis
894 2281 1155 2336 exortus;
1197 2270 1287 2323 ubi
1346 2267 1553 2322 delicia:
1603 2270 1795 2322 anima!
1826 2286 1841 2322 :
1878 2269 1990 2324 illic

414 2374 555 2427 Deus
585 2370 762 2440 posuit
797 2365 1087 2420 hominem.
1126 2361 1183 2415 Si
1215 2361 1447 2414 carnalis
1475 2375 1556 2421 es,
1589 2360 1753 2414 babes
1794 2376 1991 2431 corpo-

414 2463 545 2516 ralis
566 2455 801 2528 paradisi
833 2453 1275 2518 delineationem,
1315 2450 1867 2518 delicatissimamqne
1895 2466 1985 2514 9.x-

415 2549 725 2621 pletionem.
752 2546 830 2598 Ad
864 2545 983 2607 haec
1011 2555 1259 2611 prnpera,
1280 2539 1428 2594 velut
1449 2540 1843 2595 indelicieutem
1867 2542 1994 2596 sub.

415 2638 833 2696 ministraudam
868 2635 977 2687 illic
997 2632 1327 2701 voluptatem
1358 2640 1633 2686 nacturus.
1677 2632 1783 2687 Seu
1828 2633 1993 2702 Spiri-

417 2732 540 2788 talis
565 2737 718 2797 es,et
751 2727 1058 2782 sublimiora
1088 2726 1230 2793 sapis
1257 2739 1417 2792 quam
1450 2736 1547 2791 pro
1576 2737 1755 2776 rerum
1787 2722 1841 2777 in
1865 2738 1994 2779 sen-

318 2838 319 2841 ‘
416 2840 539 2879 sum
574 2818 883 2877 cadentium
925 2815 1301 2879 oblectatione,
1333 2812 1562 2868 ascende
1591 2813 1771 2867 animo
1798 2813 1866 2867 ad
1896 2813 1993 2867 de-

415 2931 545 2971 cora
602 2911 937 2981 angelorum,
985 2908 1241 2963 condisce
1273 2906 1365 2975 qui
1421 2905 1474 2959 in
1513 2905 1594 2959 eis
1624 2904 1996 2974 suntjustititn

415 3006 644 3060 fructus.
674 3003 944 3056 Contuere
970 2999 1065 3053 Dei
1105 2997 1304 3051 flumen
1330 2994 1487 3063 aquis
1520 2995 1807 3062 repletum,
1828 2993 1994 3062 Cujus

2096 1880 2376 1954 ρεισμέναι
2403 1882 2461 1935 αἱ
2488 1881 2688 1951 ἀγαθαὶ
2708 1884 2982 1954 δυνάμεις,
3004 1883 3306 1956 λειτουργοὶ
3332 1884 3439 1938 τῶν
3474 1886 3669 1953 ἁγίων,

2095 1961 2184 2036 αἷς
2211 1976 2239 2026 6
2262 1973 2545 2045 ἄνθρωπος
2579 1975 2845 2047 παρεδόθη
2886 1976 3178 2047 ἀρτιγενὴς
3219 1974 3294 2029 ὢν
3336 1976 3432 2029 καὶ
3465 1973 3670 2045 πολλῆς

2094 2064 2346 2135 δεόμενος
2376 2067 2784 2136 συγγυμνασίας
2825 2066 2961 2138 πρὸς
3003 2067 3102 2137 τὴν
3142 2066 3437 2119 τελείωσιν.
3501 2067 3590 2120 Ἑν
3625 2060 3671 2133 ᾧ

2094 2154 2156 2208 τὸ
2186 2155 2438 2227 σύστημα
2464 2156 2571 2209 τῶν
2599 2157 2768 2227 ἁγίων
2785 2196 2798 2221 ,
2828 2151 2943 2225 ὲνῷ
2967 2160 3022 2212 αἱ
3055 2159 3307 2212 ἀνατολαὶ
3335 2155 3429 2211 τοῦ
3466 2158 3669 2227 φωτὸς,

2096 2246 2153 2299 ὲν
2182 2239 2227 2315 ᾧ
2257 2248 2290 2319 ἡ
2322 2247 2499 2319 τρυφὴ
2537 2249 2636 2319 τῆς
2679 2249 2857 2319 ψυχῆς
2880 2266 2893 2279 ·
2931 2251 3047 2303 ἐκεῖ
3078 2250 3227 2303 ἔθετο
3257 2250 3348 2326 τον
3381 2250 3672 2320 ἄνθρωπον

2095 2338 2125 2391 6
2151 2336 2304 2402 Θεός.
2340 2339 2438 2392 Ἂν
2462 2338 2561 2409 μὲν
2602 2334 2695 2394 οῦν
2736 2340 2990 2412 σάρκινος
3023 2337 3101 2407 εἴ,
3134 2342 3228 2395 καὶ
3275 2342 3516 2413 μεγάλην
3558 2345 3670 2413 ἡγῇ

2096 2429 2195 2499 τὴν
2229 2428 2337 2483 τῶν
2380 2429 2652 2501 αἰσθητῶν
2692 2430 3008 2495 ἀπόλαυσιν,
3045 2432 3188 2504 ἔχεις
3215 2433 3312 2504 τὴν
3343 2435 3671 2505 ὑπογραφὴν

2098 2518 2311 2591 ἐκείνην
2333 2519 2426 2574 τοῦ
2455 2523 2766 2593 σωματικοῦ
2805 2524 3163 2595 παραδείσου,
3189 2525 3285 2578 καὶ
3318 2526 3417 2596 τὴν
3445 2525 3674 2596 ἡδίστην

2098 2610 2402 2681 ὲμφόρησιν
2422 2629 2436 2641 ’
2473 2614 2565 2666 καὶ
2594 2613 2730 2684 πρὸς
2760 2614 2934 2670 ταῦτα
2958 2616 3178 2684 ἐπείγου
3199 2655 3213 2679 ,
3248 2617 3324 2679 ὡς
3355 2618 3471 2669 ἐκεῖ
3498 2618 3671 2688 εὑρή-

2100 2717 2209 2754 σων
2264 2702 2526 2774 χορηγίας
2571 2706 2782 2776 τρυφὴν
2811 2706 3171 2761 ἀδιάλειπτον.
3213 2708 3276 2760 Εἰ
3321 2708 3378 2760 δὲ
3420 2724 3670 2777 πνευμα-

2097 2793 2245 2858 τικὸς
2268 2790 2352 2860 εἴ,
2391 2795 2485 2849 καὶ
2525 2796 2768 2869 ἀνώτερα
2804 2802 3019 2869 φρονεῖς
3058 2798 3165 2851 τῶν
3206 2797 3481 2870 σαρκικῶν
3527 2799 3669 2851 ἀπο-

2098 2885 2362 2950 λαύσεων,
2394 2888 2569 2942 ἀνάϐα
2593 2891 2658 2960 τῇ
2693 2889 2899 2960 διανοίᾳ
2942 2890 3077 2961 πρὸς
3117 2890 3185 2943 τὰ
3221 2889 3389 2961 κάλλη
3421 2889 3529 2943 τῶν
3566 2892 3665 2959 ἀγα

2099 2977 2304 3047 γέλων,
2359 2980 2645 3051 κατάμαθε
2686 2982 2813 3044 τοὺς
2843 2983 2900 3035 ἐν
2945 2984 3128 3046 αὑτοῖς
3176 2982 3275 3052 τῆς
3322 2981 3670 3052 δικαιοσύνης

414 3099 636 3164 impetus
674 3093 939 3161 thiﬁcant
983 3090 1246 3143 civitatem
1287 3086 1383 3140 Dei
1410 3086 1491 3152 “;
1518 3084 1683 3153 Cujus
1707 3085 1900 3153 artifex
1931 3101 1987 3138 ac

2100 3070 2345 3140 καρπούς
2365 3088 2380 3102 ·
2421 3072 2799 3144 ἐνοπτρίσθητι
2832 3073 2924 3127 τὸν
2973 3074 3210 3144 ποταμὸν
3248 3073 3341 3126 τοῦ
3373 3073 3541 3137 Θεοῦ,
3572 3075 3668 3130 τὸν

412 3160 654 3240 conditor
690 3160 829 3236 Deus
864 3181 932 3236 ⁵⁸.
966 3179 1067 3233 Per
1096 3180 1237 3233 hanc
1264 3176 1380 3230 ﬂuit
1411 3176 1501 3231 ille
1524 3174 1743 3240 ﬂuvius,
1778 3177 1869 3245 qui
1891 3177 1987 3230 du-

2094 3162 2520 3233 πεπληρωμένον
2556 3164 2780 3230 ὑδάτων,
2841 3160 2922 3220 Οὗ
2970 3166 3041 3220 τὰ
3081 3166 3389 3234 ὀρμήματα
3420 3167 3669 3234 εὐφραί-

414 3286 498 3331 cla
526 3278 593 3329 ab
616 3275 780 3327 Edem
803 3271 1032 3340 origine,
1062 3269 1254 3338 irrigat
1283 3267 1611 3338 paradisum.
1644 3264 1846 3320 Cuncta
1874 3266 1990 3320 haec

412 3377 598 3421 mente
632 3372 905 3432 reputans,
962 3361 1155 3415 horum
1191 3358 1349 3412 lauda
1383 3358 1743 3422 conditorem,
1783 3356 1873 3426 qui
1911 3363 1990 3410 tot

414 3466 671 3525 tantaque
699 3457 835 3508 bona
857 3454 933 3507 tui
954 3467 1115 3508 causa
1146 3449 1429 3515 fecerit,et
1450 3459 1507 3503 ut
1532 3461 1583 3504 tu
1602 3444 1986 3513 eisfruereris,

414 3556 669 3615 tantaque
694 3554 746 3599 te
781 3545 1028 3598 claritate
1050 3544 1301 3612 dignatus
1333 3542 1425 3607 sit,
1461 3541 1506 3595 si
1545 3541 1704 3595 modo
1742 3540 1979 3594 ad-eum

413 3651 626 3705 semper
671 3636 850 3688 animo
894 3632 1259 3697 convertaris,
1313 3630 1755 3699 intellexerisque
1805 3644 1836 3683 a
1877 3642 1984 3697 quo

411 3736 468 3781 et
491 3740 647 3796 quem
681 3725 734 3778 in
765 3727 922 3777 tinem
959 3722 1012 3776 in
1047 3735 1224 3775 rerum
1267 3729 1517 3774 naturam
1566 3718 1825 3772 fuerimus
1853 3730 1982 3787 pro—

411 3816 579 3873 ducti.
612 3814 713 3884 Ipsi
746 3815 913 3885 gloria
939 3813 994 3867 in
1028 3811 1222 3867 saecula
1246 3811 1587 3866 saeculorum.
1614 3811 1806 3864 Amen.

2086 3270 2178 3308 νει
2202 3252 2319 3323 τὴν
2349 3255 2531 3309 πόλιν
2563 3255 2669 3310 τοῦ
2709 3256 2878 3320 Θεοῦ,
2905 3250 3011 3324 Ἥς
3053 3254 3332 3326 τεχνίτης
3363 3259 3461 3313 καὶ
3494 3259 3668 3330 δημι-

2086 3344 2302 3415 ουργὸς
2331 3348 2365 3399 ὁ
2390 3348 2554 3412 Θεός.
2593 3348 2840 3419 Ἐκείνην
2873 3350 2972 3419 τὴν
2995 3350 3145 3402 πόλιν
3167 3350 3403 3422 διαρρέει
3433 3354 3462 3405 6
3494 3369 3662 3405 7:01a-

2092 3436 2189 3510 μδς
2219 3432 2390 3503 οὗτος,
2408 3442 2436 3493 6
2461 3438 2758 3512 ἀρχόμενος
2780 3439 2840 3507 ἐξ
2866 3441 3023 3507 Ὲδὲμ
3042 3481 3057 3499 ,
3082 3443 3110 3493 6
3132 3444 3365 3506 ποτίζων
3383 3443 3470 3496 τὸν
3492 3444 3671 3516 παρά.-

2088 3532 2283 3609 δεισον.
2322 3533 2509 3587 Πάντα
2553 3533 2728 3587 ταῦτα
2758 3538 2823 3606 τῇ
2860 3535 3066 3606 διανοίᾳ
3088 3535 3438 3607 καταμαθὼν,
3470 3536 3669 3603 δόξαζε

2087 3624 2179 3679 τὸν
2221 3624 2427 3679 τούτων
2469 3625 2836 3697 δημιουργὸν,
2861 3626 2952 3681 τὸν
2998 3627 3067 3680 τὰ
3111 3628 3343 3681 τοσαῦτα
3372 3628 3465 3681 καὶ
3501 3628 3665 3699 τηλι-

2090 3715 2265 3769 καῦτα
2305 3717 2485 3784 ἀγαθά
2519 3717 2606 3772 διὰ
2636 3718 2697 3772 σὲ
2721 3719 2817 3772 καὶ
2856 3719 2953 3789 τὴν
2984 3719 3081 3789 σὴν
3104 3719 3400 3772 ἀπόλαυσιν
3430 3735 3669 3789 πεποιη-

2090 3807 2244 3873 κότα,
2267 3809 2360 3861 καὶ
2377 3808 2630 3879 τοιαύτης
2648 3808 2805 3879 δόξης
2829 3825 2888 3862 σε
2909 3808 3231 3874 ἀξιώσαντα,
3251 3810 3300 3861 εί
3330 3808 3464 3881 πρὸς
3495 3809 3666 3862 αὑτὸν

411 3907 500 3962 diei.
540 3907 886 3979 ὲπιστρέφοις
933 3908 1000 3979 τῇ
1027 3904 1270 3977 διανοίᾳ,
1295 3904 1389 3960 καὶ
1410 3904 1600 3977 συνίῃς
1643 3903 1772 3972 παρ’
1819 3893 1881 3956 οῦ
1935 3898 2033 3954 καὶ
2094 3893 2250 3972 ὲφίἶ)
2299 3903 2379 3966 εἰς
2412 3901 2473 3955 τὸ
2528 3896 2665 3955 εἶναι
2704 3900 3098 3974 παρήχθημεν’
3146 3901 3229 3955 ὅτι
3279 3898 3426 3972 αὑτῷ
3468 3899 3503 3970 ἡ
3529 3898 3665 3963 δόξα

410 4002 492 4065 είς
521 4000 645 4065 τοὺς
670 4000 871 4063 αἰῶνας
889 3999 998 4053 τῶν
1029 3996 1262 4055 αἰώνων.
1304 3997 1497 4069 Ἀμήν.

1195 4288 1547 4361 352-357
1583 4287 1877 4344 HOMILIA
1916 4286 1985 4344 ιΝ
2022 4286 2307 4343 PARTEM
2341 4288 2365 4343 1
2408 4286 2668 4343 PSALMI
2707 4285 2849 4342 XIV.

554 4450 733 4527 .Hanc
760 4479 816 4525 ut
854 4471 1132 4541 genuinam
1156 4470 1512 4540 prwmisimus
1547 4469 1778 4540 ejusdem
1811 4469 2001 4537 psalmi
2032 4471 2199 4537 partis
2234 4470 2647 4541 It-.expositioni.
2688 4468 2821 4524 Vide
2851 4478 3047 4523 tomum
3078 4466 3472 4536 praecedentem,

1794 4566 1902 4623 col.
1930 4566 2059 4623 250.
2091 4568 2252 4623 EDIT.

642 4900 653 4912 .
736 4853 902 4925 358
935 4853 1005 4908 ῐΝ
1041 4853 1374 4911 PSALMUM
1409 4854 1644 4911 XXVIII.

612 4942 842 4996 Adorate
870 4943 1146 4997 Dominum
1184 4944 1238 4997 in
1274 4944 1399 4998 aula
1427 4954 1612 4999 sancta
1638 4944 1773 5014 ejus.

481 5033 529 5087 ι.
570 5031 687 5088 Non
723 5042 937 5102 oportet
966 5048 1291 5103 quemquam
1330 5042 1484 5088 extra
1514 5044 1759 5088 sanctam
1794 5034 1974 5089 aulam

406 5124 690 5179 Dominum
739 5124 969 5179 adorare
1013 5124 1156 5179 :sed
1206 5124 1352 5178 intra
1397 5139 1516 5179 eam
1573 5126 1961 5191 constitutum;

476 5274 519 5306 "
547 5275 688 5330 Psal.
722 5292 760 5342 ι,
789 5276 845 5332 5.
918 5275 964 5308 ⁸⁷⁵
1001 5275 1144 5333 Psal.
1177 5292 1282 5345 τοι,
1316 5278 1406 5336 15.
1479 5274 1527 5311 ⁸³
1558 5278 1700 5336 Psal.
1726 5296 1912 5349 Lxxix,
1948 5278 2002 5336 6.

450 5409 556 5499 ΑΙ)
589 5411 689 5467 llic
709 5413 1000 5499 est_titulus
1027 5414 1181 5499 (Eolb'1
1206 5417 1366 5471 sexti.
1385 5415 1585 5499 .Editio‘
1584 5416 1756 5472 Paris.
1789 5418 1870 5499 εἰς
1894 5417 1963 5499 τὰ

405 5483 696 5569 λειπόμενα
723 5483 941 5569 τοῦ-κη’,
972 5485 1218 5569 ψαλμοῦ,
1254 5486 1508 5569 pessime.
1543 5486 1672 5567 Quae
1709 5490 1866 5569 enim
1910 5489 1964 5541 in

405 5553 510 5607 hac
541 5553 776 5606 secunda
808 5553 1052 5608 oratione
1082 5553 1439 5623 explicantur,
1465 5571 1527 5609 ea
1561 5557 1673 5623 jam
1708 5560 1762 5610 in
1787 5558 1965 5626 priore

404 5622 565 5693 longe
589 5621 788 5693 clarius
816 5623 1203 5693 dilueidiusque
1232 5626 1472 5691 exposita
1520 5626 1787 5680 videmus.
1835 5624 1965 5679 Nul-

404 5689 708 5750 institutus
738 5701 820 5751 est
842 5693 895 5749 in
922 5694 1054 5762 Reg.
1082 5689 1314 5762 q’uarto;
1349 5697 1445 5751 sed
1480 5694 1725 5751 relictum
1762 5704 1845 5753 est
1869 5710 1981 5778 va-.

2502 4859 2607 4912 ΕΙΣ
2650 4859 2765 4911 KH’
2809 4858 3109 4911 ΨΑΛΜΟΝ
3139 4856 3237 4928 (ι).

2080 4950 2551 5019 Προσκυνήσατε
2596 4948 2674 5013 τῷ
2720 4949 2913 5015 Κυρίῳ
2953 4948 3023 5001 ἐν
3066 4946 3227 5015 αὐλῇ
3259 4945 3398 5014 ἁγίᾳ
3438 4943 3653 5004 αὐτοῦ.

2155 5041 2204 5094 1.
2239 5040 2383 5105 ’Ἐξω
2421 5041 2520 5111 τῆς
2554 5041 2712 5109 ἁγίας
2748 5040 2914 5110 αὐλῆς
2963 5041 3025 5092 οὐ
3068 5040 3173 5111 χρὴ
3212 5040 3537 5110 προσκυνεῖν
3575 5040 3657 5111 τῷ

2080 5130 2290 5202 Κυρίῳ,
2321 5130 2433 5184 ἀλλ’
2465 5130 2610 5183 ἔνδον
2635 5131 2919 5202 γενόμενον
2939 5148 2951 5163 ³
2982 5131 3245 5198 τουτέστι,
3281 5130 3354 5202 μὴ
3379 5130 3659 5184 ἐκϐαίνειν

2074 5282 2122 5315 ⁵⁵
2145 5282 2415 5350 Psal.:cv,
2447 5284 2500 5339 5.
2573 5286 2618 5317 ”
2645 5285 2808 5341 Hebr.
2842 5301 2916 5349 XI,
2954 5285 3042 5340 10.

2068 5431 2226 5472 cuum
2262 5418 2494 5486 spatium
2526 5417 2871 5489 tituli,quasi
2916 5420 3195 5474 librarium
3235 5422 3492 5489 puduerit
3524 5436 3658 5474 ora-

2070 5488 2267 5540 tionem
2301 5498 2408 5558 tam
2440 5490 2676 5554 ineptam
2706 5488 2906 5544 Basilio
2934 5489 3126 5558 Magno
3167 5488 3428 5544 tribuere.
3475 5490 3659 5558 Opus-

2069 5558 2246 5631 gutum
2282 5557 2410 5609 illud
2437 5561 2841 5631 non‘reperitur
2863 5557 3046 5631 neque
3078 5562 3133 5617 iu
3167 5560 3334 5616 Coisl.
3375 5557 3557 5631 neque
3592 5563 3652 5615 in

2069 5623 2210 5694 Qli'v.
2232 5639 2414 5692 ,ueuue
2448 5626 2501 5695 in
2527 5623 2662 5695 Rea}
2693 5623 2971 5701 secundo.)
