3838 6214
244 301 307 357 7'5
1317 295 1606 355 HOMILIA
1646 292 1712 352 IN
1752 293 2085 351 PSALMUM
2126 292 2364 351 XXVIII.
3403 297 3473 350 Ἠ

242 415 326 470 τοῦ
378 414 721 486 συστήματος
767 413 864 483 τῆς
905 410 1250 483 Ἐκκλησίας,
1293 411 1389 465 καὶ
1448 411 1569 465 καθ’
1616 408 1806 463 ἑαυτὸν

1921 408 2011 463 hoc
2055 414 2162 475 est,
2204 407 2295 478 qui
2352 419 2477 460 vere
2526 404 2691 460 Deum
2751 406 2929 462 colere
2981 406 3161 475 debet,
3193 421 3316 464 eum
3366 423 3474 465 non

241 506 521 577 κατάρχειν
554 505 1026 576 παρασυναγωγῆς
1053 503 1147 556 καὶ
1177 503 1511 574 σχισμάτων,
1541 501 1630 554 τὸν
1657 500 1807 569 ὀφεί-

241 598 389 651 λοντα
408 597 673 668 ἀληθινῶς
700 596 770 667 τῷ
793 595 910 665 Θεῷ
931 593 1231 665 λατρεύειν.
1255 596 1328 648 Οὐ
1354 593 1461 665 γὰρ
1478 593 1616 664 (4-5)
1639 608 1808 664 προσ-

240 687 387 756 ῆκεν.
421 687 631 756 ’Ὥσπερ
659 686 716 738 δὲ
759 681 904 738 οἶκόν
940 702 1023 747 τις
1061 684 1252 737 ἑαυτὸν
1288 683 1681 747 κατασκευάζει
1715 679 1808 734 τοῦ

238 777 456 848 Κυρίου,
506 776 600 830 τοῦ
639 778 895 846 γενέσθαι
923 777 1048 841 ναὸς
1103 775 1236 829 Θεοῦ
1259 792 1273 806 ⁸
1310 775 1453 829 οὕτω
1496 775 1590 828 καὶ
1641 772 1810 844 αὐλὴν

234 868 623 943 ⁵περιϐαλέσθαι
660 868 900 933 δύναται,
941 867 1316 940 περιτειχίζων
1358 866 1548 919 ἑαυτὸν
1573 864 1652 935 τῷ
1690 864 1807 934 βίῳ,

239 959 436 1031 καὶτῷ
489 960 650 1030 λόγῳ,
702 961 795 1012 καὶ
836 963 948 1024 τοῖς
1002 959 1167 1023 θείοις
1212 959 1496 1029 νοήμασιν,
1530 957 1589 1010 ὲν
1635 953 1811 1025 ἑαυτῷ

240 1050 554 1122 προσκυνῶν
576 1050 667 1103 τὸν
691 1050 821 1103 Θεὸν
851 1049 946 1121 (6),
976 1047 1246 1122 ἀρκοῦσαν
1271 1047 1522 1119 ἀφορμὴν
1545 1049 1624 1110 εἰς
1645 1063 1812 1116 προσ-

239 1140 466 1211 κύνησιν
494 1142 593 1213 τὴν
619 1141 1030 1211 ἐνυπάρχουσαν
1063 1140 1231 1211 αὐτῷ,
1263 1139 1327 1193 ἔκ
1351 1157 1411 1192 τε
1443 1139 1811 1209 τῆςσωματι-

239 1236 339 1305 κῆς
368 1234 734 1303 κατασκευῆς,
764 1234 854 1286 καὶ
891 1234 956 1286 ἐκ
1001 1233 1100 1302 τῆς
1131 1231 1260 1302 περὶ
1298 1230 1476 1301 ψυχὴν
1504 1229 1812 1299 οἰκονομίας

242 1324 486 1388 συνέντος
512 1322 605 1377 τοῦ
648 1323 930 1386 κτίσαντος
952 1322 1131 1375 αὐτόν.
1170 1322 1310 1393 Ἤδη
1342 1320 1399 1374 δὲ
1435 1319 1527 1374 καὶ
1550 1322 1578 1373 ὁ
1610 1317 1813 1390 Κύριος

239 1414 404 1484 αὐλὴν
445 1409 597 1466 εἶπεν
627 1413 725 1485 τὴν
772 1412 1060 1477 Ἰουδαίων,
1107 1410 1276 1464 εἰπών
1299 1427 1313 1440 ·
1349 1410 1465 1464 Καὶ
1488 1409 1648 1465 ἄλλα
1674 1402 1815 1478 πρό-

240 1507 386 1559 ϐατα
416 1504 535 1573 ἔχω
563 1503 603 1557 ἃ
638 1506 749 1558 οὐκ
775 1503 945 1557 ἔστιν
978 1504 1047 1556 ἐκ
1078 1500 1188 1569 τῆς
1222 1499 1416 1569 αὐλῆς
1447 1502 1686 1568 ταύτης,
1724 1501 1812 1554 ὲν-

238 1594 583 1663 δεικνύμενος
625 1592 864 1664 δηλονότι
904 1591 998 1645 καὶ
1044 1590 1209 1662 ἄλλην
1238 1586 1375 1643 εἶναι
1398 1590 1566 1661 αὐλὴν
1600 1588 1698 1661 τὴν
1727 1589 1814 1643 δν-

240 1699 344 1746 τως
371 1682 556 1751 ἁγίαν,
581 1682 680 1752 τὴν
716 1682 1012 1753 μέλλουσαν
1042 1682 1291 1750 συνάγειν
1312 1681 1381 1735 τὰ
1412 1681 1648 1753 Χριστοῦ
1676 1681 1812 1753 πρό-

1908 507 2123 568 Oportet
2161 513 2193 554 e
2232 506 2373 553 coctu
2418 497 2671 552 Ecclesiae
2721 500 2926 568 egredi,
2973 514 3147 570 neque
3192 514 3475 571 synagogas

1909 587 2059 642 falsa:
2108 597 2200 641 aut
2247 587 2599 641 scliismatum
2653 597 2928 643 auctorem
2985 602 3125 645 esse.
3173 588 3283 645 Nec
3330 591 3475 645 enim

1911 679 2186 734 convenit.
2214 679 2670 745 Quemadmodum
2701 689 2876 736 autem
2928 682 3195 751 quispiam
3219 697 3277 738 se
3298 683 3475 754 ipsum

1910 767 2126 821 domum
2161 768 2373 823 Domini
2409 769 2705 835 constituit,
2741 780 2797 823 ut
2828 770 2918 825 Dei
2952 773 3021 826 sit
3054 774 3309 843 templum
3343 792 3358 829 :
3400 776 3476 831 ita

1909 868 1965 913 et
1996 859 2219 914 induere
2248 869 2426 929 potest
2462 860 2598 915 aulae
2636 861 3043 931 proprietatem,
3075 864 3121 919 si
3154 866 3311 920 modo
3342 866 3476 933 vita,

1912 965 2290 1021 sermoneque,
2317 960 2373 1007 et
2401 953 2597 1007 divinis
2639 954 3070 1022 cogitationibus,
3101 970 3197 1011 ceu
3229 973 3383 1013 muro
3419 972 3480 1014 se

1913 1042 2086 1111 ipsum
2138 1043 2464 1112 praecingat,
2518 1045 2683 1098 Deum
2739 1046 2967 1101 adorans
3021 1048 3074 1101 in
3130 1050 3478 1120 semetipso:

1911 1134 2107 1205 quippe
2145 1133 2496 1189 suilicientem
2549 1138 2614 1190 ad
2673 1137 3002 1192 adorandum
3049 1142 3390 1196 occasionem
3423 1142 3479 1197 in

1913 1225 2031 1293 ipso
2067 1225 2437 1290 exsistenlem,
2471 1234 2580 1279 tum
2629 1241 2695 1280 ex
2745 1228 2990 1296 corporis
3035 1238 3477 1297 structura,‘tum

1911 1332 1981 1371 ex
2016 1318 2209 1373 animae
2243 1318 2629 1374 constitutione
2676 1319 2923 1374 conditor
2970 1320 3142 1388 ipsius
3179 1325 3478 1392 cognoscit.

1912 1407 2029 1463 Jam
2066 1423 2192 1463 vero
2234 1409 2397 1463 etiam
2442 1408 2701 1464 Dominus
2749 1410 2926 1464 aulam
2972 1411 3104 1466 dixit
3148 1411 3477 1481 Iudaeorum,

1912 1500 2001 1554 ubi
2048 1500 2168 1556 ait:
2201 1500 2271 1554 Et
2316 1501 2450 1555 alias
2490 1517 2605 1556 oves
2648 1502 2810 1555 habeo
2852 1517 2967 1571 qua:
3006 1519 3109 1557 non
3149 1515 3266 1558 sunt
3294 1522 3361 1559 ex
3385 1507 3482 1562 hoc

1916 1590 2040 1644 ovili
2067 1590 2136 1643 ⁸⁸.
2164 1589 2409 1646 Ostendit
2453 1602 2631 1645 autem
2676 1601 2733 1646 et
2772 1593 2929 1645 aliam
2979 1592 3156 1646 aulam
3196 1609 3316 1650 esse
3355 1611 3483 1652 vere

1901 1691 2155 1734 sanctam
2207 1696 2326 1749 quae
2369 1696 2498 1737 oves
2545 1680 2744 1737 Christi
2796 1694 3184 1754 congregatura
3242 1687 3341 1755 sit,
3385 1702 3481 1744 eos

240 1775 399 1838 ϐατα,
422 1776 550 1837 τοὺς
594 1775 702 1827 άπὸ
726 1774 834 1828 τῶν
862 1773 1028 1827 ἐθνῶν
1058 1771 1501 1844 προωρισμένους
1531 1772 1611 1835 είς
1639 1788 1814 1843 σωτη-

1921 1773 2160 1828 videlicet
2193 1774 2284 1842 qui
2321 1789 2386 1828 ex
2420 1773 2670 1844 gentibus
2716 1775 2783 1828 ad
2832 1753 3058 1829 salutem
3111 1753 3479 1845 praedestinati

240 1869 357 1940 ρίαν
377 1885 392 1899 ⁸
437 1870 702 1932 τουτέστι,
733 1869 829 1939 τὴν
861 1866 1182 1939 Ἐκκλησίαν
1205 1868 1429 1937 ταύτην,
1464 1860 1576 1939 ὲνῇ
1605 1867 1654 1920 οἱ
1680 1865 1816 1937 άλη-

240 1959 374 2012 θινοὶ
422 1958 793 2029 προσκυνηταὶ
835 1956 1295 2026 προσκυνοῦσιν
1325 1956 1401 2029 (7)
1433 1955 1503 2010 ἐν
1525 1955 1815 2027 πνεύματι

239 2050 335 2101 καὶ
367 2051 640 2117 ἀληθείᾳ.
679 2049 869 2112 Οὐδεὶς
917 2049 973 2102 δὲ
1007 2048 1267 2102 θεοποιῶν
1309 2065 1362 2101 τι
1387 2047 1514 2102 ἄλλο
1547 2046 1699 2118 παρὰ
1724 2047 1815 2101 τὸν

239 2140 369 2193 Θεὸν
392 2141 617 2193 δύναται
647 2140 1015 2231 προσκυνῆσαι
1041 2138 1117 2210 τῷ
1144 2137 1263 2210 Θεῷ
1296 2140 1353 2193 ὲν
1382 2138 1518 2231 αὐλῇ
1563 2138 1695 2209 ἁγίᾳ
1720 2139 1816 2192 αὐ·-

237 2230 350 2287 τοῦ.
405 2222 726 2285 Θεοποιοῦέι
764 2231 844 2298 δὲ,
877 2232 923 2284 οἱ
983 2231 1103 2301 μὲν,
1146 2229 1355 2284 κοιλίαν
1378 2248 1391 2263 ·
1443 2222 1517 2284 ὧν
1555 2228 1811 2300 ὀΘεὸςή

236 2322 417 2376 κοιλία
443 2338 456 2351 ·
483 2321 632 2387 οϊδὲ,
659 2320 919 2393 ἀργύριον
944 2337 956 2350 ·
990 2322 1038 2374 οἱ
1067 2323 1131 2392 τῇ
1170 2318 1472 2391 πλεονεξίᾳ,
1521 2319 1644 2390 ἥτις
1671 2318 1818 2372 ἐστὶν

237 2412 672 2484 εἰδωλολατρεία,
695 2412 1098 2482 προσκείμενοι,
1117 2411 1211 2465 καὶ
1229 2410 1459 2474 ἕκαστός
1473 2426 1536 2480 γε
1559 2408 1588 2462 ὃ
1601 2409 1816 2463 πάντων

238 2504 444 2574 μᾶλλον
476 2504 759 2574 τετίμηκε,
788 2502 962 2572 τούτῳ
1021 2501 1117 2571 τὴν
1164 2500 1260 2554 τοῦ
1313 2499 1446 2553 Θεοῦ
1508 2498 1817 2570 περιτίθησι

233 2596 416 2660 δόξαν.
486 2593 544 2648 Ὀ
564 2594 622 2646 δὲ
652 2593 891 2656 τοιοῦτος
931 2593 1030 2645 οὐκ
1072 2592 1218 2645 ἐστιν
1257 2592 1315 2644 ἐν
1361 2592 1427 2661 τῇ
1470 2589 1602 2660 ἁγίᾳ
1656 2589 1814 2660 αὐλῇ,

233 2684 359 2739 οὔτε
394 2687 697 2756 προσκυνεῖ
725 2683 803 2755 τῷ
832 2684 971 2755 Θεῷ,
1016 2683 1117 2738 κᾶν
1141 2682 1442 2755 ἀχώριστος
1480 2682 1587 2736 τῶν
1626 2682 1816 2754 αἰσθη-

235 2775 342 2828 τῶν
375 2775 657 2841 συνάξεων
687 2770 826 2828 εἶναι
855 2776 1005 2846 δοκῇ.

302 2864 359 2918 2.
394 2864 572 2933 Φωνὴ
602 2865 822 2934 Κυρίου
865 2864 964 2918 ἐπὶ
1014 2862 1133 2917 τῶν
1160 2863 1416 2918 ὑδάτων.
1452 2862 1632 2929 Ἄξιον
1679 2861 1818 2933 ὑπὲρ

232 2956 326 3009 τοῦ
352 2958 549 3028 νοῆσαι
577 2958 630 3011 τί
659 2960 806 3011 ἐστιν
841 2959 874 3028 ἡ
907 2956 1058 3027 φωνὴ
1089 2956 1183 3009 τοῦ
1229 2955 1459 3027 Κυρίου,
1496 2957 1818 3025 συναγαγεῖν

1914 1873 2040 1918 sunt
2072 1884 2086 1919 :
2118 1865 2220 1920 hoc
2248 1874 2350 1930 est,
2376 1865 2670 1920 Eeclesiam
2698 1865 2858 1933 hanc,
2888 1866 2942 1920 in
2972 1882 3074 1936 qua
3105 1869 3214 1923 veri
3245 1869 3482 1925 cultores

1913 1957 1970 2009 in
1997 1957 2185 2025 spiritu
2219 1967 2265 2010 et
2294 1959 2504 2010 veritate
2533 1956 2757 2011 adorant
2786 1959 2853 2011 ".
2900 1958 3067 2015 Nemo
3101 1970 3280 2016 autem
3313 1962 3480 2017 Deum

1917 2045 1970 2100 in
2023 2046 2144 2100 aula
2194 2054 2378 2102 sancta
2410 2045 2528 2115 ejus
2557 2049 2786 2103 adorare
2813 2057 3010 2118 potest,
3040 2051 3130 2118 qui
3174 2050 3317 2105 aliud
3352 2054 3482 2122 quid

1913 2147 2110 2208 prmter
2145 2137 2334 2204 Deum,
2390 2139 2555 2193 Deum
2603 2138 2780 2197 faciat.
2836 2140 3004 2195 Deum
3054 2149 3233 2197 autem
3277 2142 3484 2198 faciunt

1918 2230 2006 2286 alii
2053 2240 2322 2297 ventrem,
2357 2246 2582 2300 quorum
2620 2231 2760 2287 Deus
2787 2243 2974 2288 venter
3005 2243 3087 2288 est
3115 2234 3163 2266 ⁸³
3194 2251 3209 2287 :
3251 2234 3341 2289 alii
3389 2250 3476 2290 ar—

1917 2330 2154 2392 gentum,
2204 2323 2294 2392 qui
2349 2325 2609 2389 avaritia,
2645 2338 2763 2392 qua:
2813 2324 3113 2379 idololatria
3155 2334 3239 2381 est
3270 2327 3340 2393 ⁵⁸,
3389 2329 3485 2381 ad-

1916 2413 2048 2467 dicti
2105 2423 2251 2467 sunt.
2311 2413 2489 2483 Atque
2538 2415 2679 2483 quod
2738 2414 2969 2484 quisque
3014 2416 3183 2485 pluris
3236 2419 3485 2475 omnibus

1916 2505 2174 2571 aestimat,
2203 2506 2253 2560 ei
2303 2505 2398 2560 Dei
2451 2506 2639 2561 tribuit
2668 2506 2914 2577 gloriam.
2954 2507 3100 2563 Talis
3144 2518 3324 2566 autem
3375 2526 3483 2566 non

1916 2604 1999 2651 est
2049 2596 2101 2651 in
2147 2595 2270 2651 aula
2298 2603 2510 2661 sancta,
2541 2611 2719 2666 neque
2766 2597 2955 2652 adorat
2984 2598 3177 2665 Deum,
3206 2601 3418 2656 etiamsi
3452 2617 3484 2656 a

1921 2686 2263 2742 sensibilibus
2293 2688 2644 2744 conventibus
2677 2701 3014 2759 nequaquam
3046 2700 3329 2761 separatus
3362 2707 3486 2750 esse

1916 2775 2183 2832 videatur.
2406 2830 2415 2838 ,
3298 2804 3301 2809 ·

1985 2865 2041 2922 2.
2083 2867 2246 2923 Vens.
2285 2869 2338 2923 5.
2397 2868 2507 2924 Vox
2538 2869 2751 2927 Domini
2782 2888 2938 2942 super
2963 2889 3149 2943 aquas.
3183 2874 3256 2931 Ut
3283 2875 3481 2932 intelli-

1917 2970 2106 3026 gamus
2139 2958 2265 3027 quid
2295 2958 2366 3013 sit
2396 2974 2497 3014 vox
2529 2960 2763 3026 Domini,
2795 2976 2855 3017 ea
2884 2977 3004 3032 quae
3032 2965 3098 3019 de
3126 2980 3256 3021 voce
3283 2967 3480 3037 scripta

234 3050 385 3121 ἡμᾶς
418 3050 563 3105 κατὰ
608 3050 669 3103 τδ
707 3049 925 3104 δυνατὸν
963 3051 1026 3102 ὲκ
1058 3050 1157 3119 τῆς
1185 3047 1335 3112 θείας
1363 3046 1587 3117 Γραφῆς
1628 3046 1695 3100 τὰ
1727 3062 1815 3114 γε·

1921 3056 2071 3114 sunt,
2095 3060 2164 3102 ex
2191 3048 2374 3104 divina
2402 3049 2682 3119 Scriptura
2713 3066 2810 3122 pro
2833 3053 3037 3108 viribus
3068 3054 3320 3124 colligere
3351 3072 3483 3128 ope-

235 3142 542 3212 γραμμένα
587 3140 718 3211 περὶ
761 3141 966 3210 φωνῆς.
1015 3138 1268 3212 Εὕραμεν
1313 3138 1390 3209 (8)
1424 3138 1598 3192 τοίνυν
1648 3139 1707 3191 ὲν
1748 3140 1816 3209 τῇ

234 3233 457 3287 Γενέσει
498 3231 879 3303 γεγραμμένον
911 3232 1061 3303 ῥῆμα
1097 3230 1305 3303 Κυρίου
1352 3229 1489 3302 πρὸς
1547 3228 1815 3300 Ἀϐραὰμ,

234 3328 293 3380 ὲν
339 3325 584 3397 ὁράματι
625 3322 908 3391 λέγοντος·
967 3320 1065 3388 Μὴ
1111 3321 1318 3390 φοϐοῦ,
1369 3319 1652 3388 Ἀϐραάμ·
1707 3317 1821 3388 ἐγὼ

233 3412 621 3486 ὐπερασπίζω
650 3427 788 3475 σου,
824 3414 858 3466 ὁ
884 3412 1102 3481 μισθός
1140 3425 1256 3464 σου
1300 3410 1496 3475 πολύς
1521 3425 1535 3439 ο
1570 3407 1667 3461 καὶ
1704 3408 1820 3461 ἁπ-

233 3509 518 3576 εκρίνατο
553 3503 831 3574 Ἁϐραάμ·
858 3502 1149 3569 Δέσποτα,
1173 3503 1231 3556 τι
1246 3520 1350 3571 μοι
1392 3500 1605 3566 δώσεις
1617 3516 1637 3565 ;
1675 3497 1823 3569 Ἐγὼ

233 3598 304 3654 δὲ
329 3597 675 3666 ἀπολύομαι
702 3595 972 3660 ἄτεκνος.
1000 3595 1111 3647 Kal
1137 3594 1253 3664 μετ’
1283 3591 1439 3660 ὀλίγα
1457 3608 1470 3621 ·
1502 3592 1612 3646 Καὶ
1642 3590 1823 3657 εὐθὺς

233 3687 408 3758 φωνὴ
444 3684 680 3754 ἐγένετο
708 3683 869 3751 πρὸς
896 3684 1106 3737 αὐτόν.
1165 3683 1277 3735 Kal
1316 3680 1478 3736 πάλιν
1508 3681 1568 3733 ὲν
1600 3682 1666 3751 τῇ
1709 3679 1824 3744 Ἐξ-

234 3774 339 3847 όόῲ
361 3775 532 3844 φησιν
551 3790 565 3803 ο
597 3774 919 3826 Ἔστωσαν
941 3771 1160 3839 ἕτοιμοι
1187 3772 1272 3836 εὶς
1303 3768 1419 3838 τὴν
1454 3768 1682 3838 ἡμέραν
1709 3766 1825 3835 τὴν

235 3869 467 3937 τρίτην.
505 3864 635 3929 Καὶ,
676 3864 859 3917 Ὅταν
903 3866 964 3916 at
1007 3860 1084 3934 (9)
1117 3860 1308 3931 φωναὶ
1339 3861 1439 3914 καὶ
1472 3864 1533 3914 ἀἱ
1555 3859 1826 3930 σάλπιγξ

234 3975 337 4029 τες
365 3957 470 4011 καὶ
495 3958 535 4025 ἡ
576 3955 799 4025 νεφέλη
838 3954 1068 4023 ἀπέλθῃ
1090 3953 1210 4013 ἀπὸ
1236 3952 1339 4007 τοῦ
1378 3951 1576 4021 ὅρους,
1609 3951 1827 4005 ἐκεῖνοι

234 4047 652 4117 ἀναϐήσονται
692 4045 792 4100 ἐπὶ
839 4046 905 4100 τὸ
949 4045 1104 4113 ὅρος.
1135 4044 1247 4099 Καὶ
1289 4044 1428 4116 μετὰ
1465 4043 1563 4115 τὴν
1596 4042 1826 4097 Δεκάλο-

233 4158 365 4210 γονο
422 4140 537 4195 Καὶ
567 4138 686 4205 πᾶς
736 4142 768 4193 ό
798 4137 951 4205 λαὸς
986 4137 1140 4206 ἐώρα
1176 4138 1294 4205 τὴν
1331 4136 1540 4207 φωνὴν
1590 4135 1691 4190 καὶ
1720 4135 1827 4203 τὰς

231 4233 582 4305 λαμπάδας,
633 4232 734 4286 καὶ
774 4232 890 4301 τὴν
927 4233 1137 4302 φωνὴν
1163 4232 1273 4302 τῆς
1309 4232 1670 4303 σάλπιγγος.
1715 4234 1827 4287 Καὶ

232 4330 293 4382 ιν
318 4327 403 4398 τῷ
440 4325 636 4397 Ἡσαΐᾳ
662 4325 972 4397 γέγραπται
991 4342 1004 4356 ·
1030 4326 1200 4394 Φωνὴ
1226 4324 1532 4395 λέγοντος·
1562 4326 1821 4394 Βόησον.

1921 3150 1995 3191 τω
2040 3137 2272 3206 pretium
2324 3148 2427 3194 est.
2466 3140 2598 3195 Illud
2643 3141 2808 3211 igitur
2854 3143 3065 3199 Domini
3114 3146 3179 3200 ad
3216 3147 3484 3204 Abraham

1922 3226 2124 3283 dictum
2168 3229 2220 3284 in
2265 3228 2463 3286 Genesi
2498 3232 2760 3301 scriptum
2795 3233 3119 3303 invenimus,
3153 3238 3380 3297 dicentis
3430 3241 3486 3297 in

1921 3318 2128 3375 visione
2167 3338 2181 3374 :
2218 3320 2348 3375 Noli
2405 3323 2603 3387 timere,
2637 3323 2903 3378 Abraham
2945 3340 2965 3378 :
3009 3344 3100 3396 ego
3151 3338 3363 3399 protego
3416 3341 3486 3399 te,

1920 3425 2115 3464 merces
2148 3421 2237 3464 tua
2271 3412 2460 3467 multa.
2504 3413 2572 3466 Et
2596 3414 2865 3483 respondit
2902 3414 3167 3472 Abraltam
3193 3433 3213 3472 .'
3246 3419 3487 3487 Domine,

1922 3503 2048 3569 quid
2078 3501 2207 3555 mihi
2234 3501 2424 3557 dabis?
2450 3500 2564 3573 Ego
2608 3514 2781 3557 autem
2805 3505 3179 3562 dimittor‘sine
3213 3508 3392 3564 liberis
3419 3511 3486 3564 ‘°.

1922 3595 1990 3651 Et
2018 3596 2176 3665 paulo
2206 3606 2326 3666 post
2359 3618 2372 3651 :
2408 3593 2477 3648 Et
2528 3597 2702 3649 statim
2733 3612 2832 3650 vox
2861 3597 3002 3666 facta
3047 3609 3122 3654 est
3163 3601 3232 3654 ad
3278 3618 3395 3655 eum
3419 3602 3488 3657 ⁶¹.

1923 3685 1992 3741 Ει
2038 3702 2228 3741 rursus
2270 3686 2322 3740 in
2363 3684 2549 3740 Exodo
2594 3685 2710 3740 ait:
2741 3685 2861 3741 Sint
2906 3690 3081 3755 parati
3115 3691 3171 3744 in
3207 3691 3342 3746 diem
3385 3702 3490 3747 ter-

1925 3778 2053 3830 tiam
2084 3776 2147 3829 “.
2177 3775 2246 3830 Et
2280 3792 2294 3829 ε
2326 3775 2457 3830 Cum
2495 3793 2661 3841 voces,
2692 3788 2738 3830 et
2779 3777 2936 3845 tubte,
2968 3789 3016 3833 et
3052 3782 3209 3837 nubes
3240 3784 3492 3840 discute.

1925 3868 2031 3920 rint
2061 3884 2094 3920 a
2129 3878 2301 3921 monte
2321 3907 2337 3935 ,
2368 3866 2451 3920 iui
2494 3869 2768 3922 ascendant
2814 3869 2870 3923 in
2916 3882 3139 3926 montem
3167 3872 3232 3928 ⁸⁸.
3265 3874 3332 3930 Ει
3371 3885 3493 3945 post

1926 3954 2249 4025 Decalogum
2297 3973 2311 4009 :
2358 3954 2427 4008 Et
2476 3957 2642 4009 omnis
2692 3956 2913 4025 populus
2957 3958 3163 4013 videbat
3216 3977 3389 4015 vocem
3442 3974 3490 4016 et

1926 4046 2194 4115 lampades
2220 4054 2268 4100 et
2293 4062 2468 4100 vocem
2500 4047 2636 4101 tuba:
2665 4047 2730 4100 “.
2764 4047 3035 4119 Scriptum
3075 4065 3289 4121 quoque
3319 4060 3402 4107 est
3436 4054 3489 4107 iu

1926 4139 2108 4195 Isaia:
2149 4137 2266 4193 Vox
2304 4139 2530 4193 dicentis
2555 4155 2575 4193 :
2618 4136 2801 4193 Clama
2834 4139 2900 4193 “.
2953 4139 3068 4196 Vox
3115 4143 3297 4212 itaque
3350 4146 3492 4199 aeris

1927 4241 2012 4286 est
2036 4231 2333 4301 percussio,
2361 4238 2452 4285 aut
2477 4230 2684 4297 species
2706 4232 2949 4300 quaedam
2978 4232 3029 4286 in
3051 4247 3177 4288 aere
3208 4235 3489 4303 impressa,

1929 4323 1994 4376 ad
2039 4336 2199 4390 quam
2253 4320 2588 4374 formandam
2637 4335 2814 4388 aerem
2843 4331 3125 4391 percutere
3152 4323 3259 4377 vult
3297 4325 3386 4394 qui
3419 4327 3495 4379 lo-

237 4420 438 4473 Ἕστιν
464 4412 557 4471 οὖν
579 4417 752 4487 φωνὴ,
782 4416 962 4489 πληγὴ
987 4416 1165 4491 ἀέρος,
1199 4417 1233 4487 ἦ
1270 4433 1323 4469 τι
1350 4417 1412 4470 τὸ
1432 4416 1717 4489 γινόμενον
1738 4414 1815 4470 εῑ-

1924 4412 2123 4481 quitur.
2157 4408 2259 4476 Qui
2303 4410 2480 4477 itaque
2524 4410 2703 4465 carnis
2750 4410 2988 4466 subsidio
3027 4412 3169 4466 inter
3220 4427 3278 4469 se
3311 4415 3495 4470 confa-

231 4510 323 4574 δος
354 4506 490 4577 περὶ
528 4507 619 4559 τὸν
651 4507 810 4578 ἀέρα,
858 4506 993 4577 πρὸς
1029 4507 1057 4559 ὃ
1085 4506 1330 4577 βούλεται
1367 4506 1480 4578 (10)
1525 4504 1728 4559 τυποῦν
1763 4505 1823 4559 τὸ

233 4599 475 4670 φωνοῦν.
527 4598 592 4651 Οἱ
647 4599 745 4669 μὲν
801 4599 889 4653 διὰ
939 4599 1139 4670 σαρκὸς
1185 4598 1500 4670 ὁμιλοῦντες
1552 4596 1821 4670 ἀλλήλοις,

233 4692 572 4762 πλήττοντες
594 4686 685 4742 τὸν
711 4688 867 4760 ἀέρα,
902 4690 995 4742 καὶ
1018 4690 1182 4744 οἱονεὶ
1213 4688 1384 4743 τύπον
1417 4687 1540 4744 τινὰ
1563 4688 1659 4742 καὶ
1683 4683 1823 4751 εϊδος

306 4815 357 4845 ⁸⁸
384 4811 546 4866 Joau.
580 4826 635 4873 κ,
667 4807 752 4863 16,
829 4807 874 4838 ⁸⁷
902 4804 1056 4861 Joan.
1084 4822 1158 4871 tv,
1202 4804 1294 4861 25.

200 4881 280 4973 “’
306 4883 485 4937 Exod.
516 4897 626 4943 xu,
657 4879 749 4933 11.
848 4876 894 4908 ⁸⁸
923 4877 1049 4930 ibid.
1080 4876 1168 4932 15.
1263 4874 1311 4908 ⁸⁸
1338 4874 1508 4930 Exod.
1536 4891 1627 4941 xx,
1664 4877 1752 4929 18.

307 4975 457 5047 (ti-.5)
491 4975 650 5047 Deest
687 4971 811 5047 γάρ-
833 4970 886 5047 in
919 4970 1117 5047 nostris
1151 4984 1283 5024 mss.
1331 4967 1452 5021 Mox
1487 4967 1574 5047 illa
1630 4966 1817 5047 ὥσπερ

272 5036 371 5117 ἀρ,
398 5036 635 5117 etc.,_sic
666 5036 1259 5117 reddideratinterpres
1288 5050 1443 5117 vetus
1477 5055 1491 5091 :
1526 5036 1818 5117 Itauetau-

272 5064 371 5117 αρ,
398 5064 531 5107 etc.,
556 5064 635 5098 Stc
667 5064 971 5095 reuulum'al.
996 5064 1259 5109 Ilttcrprcs
1292 5064 1443 5092 vmua
1478 5064 1491 5091 ;
1526 5064 1614 5090 uu
1645 5064 1693 5090 ει
1718 5064 1818 5089 uu-

232 5064 346 5170 Iam
370 5115 483 5183 ejus
510 5115 614 5167 sive
642 5113 839 5183 atrium
881 5111 1106 5178 undique
1146 5116 1308 5178 potest
1351 5109 1575 5183 cingere.
1617 5108 1722 5183 sed
1754 5119 1821 5161 ne

234 5178 476 5240 accessit
510 5183 726 5251 quidem
775 5180 841 5251 ad
890 5192 1130 5251 mentem
1170 5179 1428 5232 auctoris.
1462 5178 1541 5230 Ad
1573 5179 1821 5251 verbum,

232 5257 314 5309 sic
337 5263 391 5306 et
424 5245 601 5305 aulam
629 5258 794 5316 potest
822 5248 1037 5301 induere
1068 5266 1082 5302 :
1120 5249 1220 5303 hoc
1248 5256 1348 5310 est,
1374 5255 1533 5310 potest
1555 5247 1691 5299 aula:
1707 5245 1821 5313 for-

233 5341 383 5377 mam
412 5322 674 5384 exhibere,
707 5334 823 5384 seu,
850 5320 957 5372 vice
973 5318 1112 5372 aula:
1141 5327 1301 5387 potest
1332 5316 1504 5385 fungi,
1531 5324 1698 5385 potest
1715 5330 1824 5368 esse

233 5396 354 5448 loco
383 5393 543 5445 aulw.

310 5463 394 5532 (6)
425 5452 556 5529 Reg.
579 5468 827 5532 quartus,
871 5457 948 5529 τῷ
983 5456 1121 5528 Θεῷ.
1158 5455 1279 5511 Mox
1316 5457 1470 5529 Regii
1517 5463 1741 5526 quartus
1771 5461 1825 5509 ει

231 5531 467 5604 quintu_s
491 5531 786 5592 συνιέντος.
1131 5599 1144 5604 _
1412 5596 1453 5604 _
1476 5581 1493 5604 _.

309 5603 396 5683 (7)
422 5601 555 5669 Reg.
597 5612 824 5669 quartus
875 5599 1363 5678 προσκυνήσουσιν.
1412 5594 1727 5651 Editi'vero
1770 5600 1825 5649 ει

233 5669 331 5727 alii
353 5669 485 5725 “tres
514 5686 643 5724 mss.
671 5669 1085 5739 προσκυνοῦσιν.

310 5740 402 5812 (8)
432 5741 523 5797 Sic
543 5748 654 5794 tres
670 5733 801 5794 m'ss.
819 5742 890 5793 At
907 5739 1034 5792 editi
1058 5752 1179 5792 cum
1199 5737 1330 5807 Reg.
1350 5745 1544 5807 quarto
1562 5733 1818 5808 εὕρομεν.

603 5833 872 5898 ΡΛι-ειοι.
921 5833 1038 5896 Gn.
1086 5833 1293 5896 XXX.

1930 4501 2218 4565 bulantur,
2281 4500 2642 4569 percutientes
2687 4513 2904 4563 aerem,
2961 4510 3016 4555 et
3073 4501 3215 4555 velut
3265 4500 3493 4557 formam

1930 4591 2218 4660 quamdam
2285 4605 2349 4644 ac
2407 4590 2642 4659 speciem
2701 4589 2751 4643 ei
2828 4589 3239 4658 imprimentes,
3305 4593 3497 4661 spiritu

1929 4683 2073 4738 hunc
2119 4695 2299 4736 aerem
2343 4681 2642 4751 impellunt,
2675 4692 2734 4735 ut
2780 4680 2846 4734 ad
2891 4693 3048 4735 aures
3077 4679 3194 4749 ejus
3222 4683 3290 4736 ad
3330 4699 3489 4753 quem

1397 4805 1442 4838 ⁵⁸
1466 4805 1696 4874 Philipp.
1728 4819 1812 4869 ιιι,

1397 4876 1508 4926 md.
1536 4891 1627 4926 xx.
1664 4877 1752 4926 18.

1921 4841 1933 4855 .
2010 4800 2056 4833 "
2088 4797 2291 4854 Coloss.
2331 4816 2414 4863 ιιι,
2444 4799 2497 4853 5.
2586 4799 2630 4830 ⁸ο
2659 4798 2795 4854 Gen.
2854 4817 2922 4855 xv
2977 4801 2999 4855 1
3058 4801 3112 4855 2.
3204 4803 3247 4834 ⁸¹
3281 4803 3411 4858 ibid.
3440 4804 3495 4857 4.

1921 4870 2022 4926 lsa.
2051 4885 2143 4926 xu.
2172 4870 2225 4923 6.
3086 4898 3093 4899 κ

1990 4962 2068 5033 (9)
2097 4962 2213 5025 illa,
2264 4961 2521 5033 καὶὸταν
2572 4963 2647 5025 αἱ,
2714 4971 2846 5033 etc.,
2909 4964 3154 5033 restituta
3210 4963 3378 5019 fuisse
3430 4980 3496 5020 ex

1922 5031 2221 5100 Scriptura:
2264 5032 2442 5085 verbis
2495 5041 2675 5085 monet
2716 5031 2959 5086 Ducmus.
3010 5032 3120 5086 Nec
3173 5033 3329 5086 aliter
3378 5035 3495 5089 fieri

1920 5104 2117 5173 potuit,
2150 5116 2271 5173 cum
2304 5103 2407 5154 hoc
2433 5100 2552 5173 loco
2591 5104 2833 5155 mendosi
2875 5104 2985 5173 sint
3010 5112 3220 5173 veteres
3255 5111 3363 5173 tum
3390 5120 3499 5156 ma-

1920 5171 1991 5227 iiu
2034 5172 2261 5234 exarati,
2297 5179 2406 5222 tum
2441 5172 2580 5240 typis
2605 5173 2846 5239 impressi
2874 5172 3015 5227 libri.
3059 5172 3149 5226 Sic
3191 5171 3333 5225 enim
3368 5173 3497 5240 legi-

1923 5251 2011 5295 tur
2054 5241 2105 5294 in
2143 5241 2322 5310 Regiis
2356 5251 2550 5306 quarto
2601 5250 2652 5295 et
2707 5242 2914 5310 quinto,
2967 5242 3265 5309 σάλπιγγες
3312 5243 3408 5296 καὶ
3439 5245 3497 5295 αξ

1923 5311 2141 5434 νεφὲιλαι
2192 5309 2556 5382 ἀναϐήσονται.
2608 5310 2716 5364 ἀπὸ
2775 5309 2868 5365 τοῦ
2916 5311 3077 5385 ὅρους
3123 5314 3349 5379 ἐκεῖνοι,
3403 5314 3498 5367 καὶ

1923 5399 2019 5434 μετ
2069 5420 2082 5434 .

1963 5399 2082 5434 ετα.

1921 5399 2106 5522 uitali)
2125 5450 2480 5522 ‘Sicquatuor
2526 5451 2719 5522 nostri
2744 5466 2875 5506 mss.
2910 5468 3033 5507 cum
3063 5452 3302 5508 editione
3328 5451 3494 5509 Basil.

1922 5519 2096 5575 suum
2123 5519 2326 5592 Paris,
2347 5522 2494 5592 πρὸς
2522 5520 2580 5575 ὃν
2613 5520 2879 5592 βούλεται.
2910 5523 3049 5579 Infra
3092 5524 3258 5579 editio
3294 5523 3499 5586 Paris.,

1922 5539 2095 5575 bﬂlllo
2123 5539 2319 5579 ναι-ιε..
2357 5539 2398 5572 π
2436 5539 2494 5583 ος
2522 5539 2580 5575 ον
2613 5539 2879 5592 ρουΛεται.
2911 5539 3049 5579 Intra
3092 5539 3258 5579 editio
3296 5539 3496 5586 rarts"

1918 5592 2222 5671 γινομένην.
2246 5539 2522 5671 πολλάοκις.
2555 5592 2715 5649 Deest
2738 5592 3002 5659 πολλάκις
3033 5595 3086 5651 in
3127 5594 3329 5652 nostris
3363 5604 3496 5649 mss.

1919 5672 1974 5718 et
2012 5661 2065 5718 in
2095 5661 2331 5717 editione
2352 5661 2494 5717 Bas-il
2514 5698 2532 5712 .

3109 5829 3151 5881 Β
