3838 6214
353 299 420 354 75
1309 295 1647 350 APPENDIX
1694 294 1978 350 OPERUM
2019 294 2076 349 S.
2121 293 2360 349 BASILII
2403 293 2638 351 MAGNI.
3521 296 3590 350 76

350 415 516 488 359
545 414 810 492 dirigitur,
845 413 1139 484 perveniat.
1169 411 1280 467 Vox
1320 429 1446 468 vero
1477 412 1684 466 Domini
1708 411 1906 465 alterius

2029 410 2407 474 ἐπιϐάλλοντες
2433 411 2600 481 αὐτῷ,
2629 411 2827 466 ὠθοῦσι
2867 411 2954 468 διά
2994 411 3089 468 τοῦ
3125 415 3431 487 πνεύματος
3451 417 3591 488 πρὸς

350 515 433 560 est
452 505 683 575 generis,
704 503 810 558 Deo
828 505 1264 571 imaginationem
1281 519 1464 557 eorum
1483 518 1617 570 quos
1645 519 1797 556 suam
1820 519 1913 555 vo-

353 613 470 652 cem
498 597 684 652 audire
705 596 816 649 vult
837 605 1230 658 commovente,
1265 607 1425 664 atque
1448 596 1748 660 excitante;
1784 594 1917 648 adeo

354 699 414 745 ut
459 689 773 758 imaginatio
816 689 1003 742 isthmc
1038 702 1156 742 cum
1185 702 1245 741 ea
1274 703 1393 756 quae
1423 687 1473 741 in
1501 689 1704 742 somnis
1731 687 1790 739 lit
1818 686 1914 740 ha-

354 783 480 837 heat
533 781 929 848 cognationem.
980 778 1096 832 Non
1152 778 1293 834 enim
1346 779 1474 843 illic,
1511 788 1738 833 externo
1791 792 1917 831 aere

352 889 630 943 percusso,
665 874 941 942 perceptio
967 888 1150 926 eorum
1178 871 1302 942 'qum
1328 874 1603 938 dicuntur,
1634 888 1731 941 per
1759 888 1915 926 aures

351 967 636 1020 illabitur:
671 965 764 1018 sed
818 979 906 1028 ea,
957 964 1068 1032 ipsa
1126 973 1307 1018 mente
1358 964 1710 1033 cogitationes
1765 964 1914 1016 exci-

351 1060 554 1130 piente,
585 1057 636 1111 in
669 1057 926 1111 memoria
957 1071 1143 1110 eorum
1177 1055 1270 1124 qui
1298 1055 1568 1117 viderunt,
1599 1070 1916 1122 permanere

349 1151 504 1205 solet.
538 1146 696 1202 Facta
727 1158 809 1201 est
842 1148 1024 1214 itaque
1049 1162 1149 1198 vox
1182 1147 1246 1198 ad
1269 1145 1565 1208 Abraham,
1587 1147 1728 1215 quod
1757 1161 1916 1201 aures

350 1255 470 1310 quae
503 1239 596 1293 Dei
644 1240 892 1291 mandata
943 1236 1134 1290 audire
1183 1245 1423 1304 possent,
1462 1237 1702 1301 haberet,
1736 1237 1913 1291 divina

351 1333 467 1402 ipsa
501 1331 773 1386 voluntate
805 1331 851 1383 ei
885 1330 1118 1383 latenter
1165 1329 1469 1383 insonante.
1512 1330 1622 1383 Vox
1654 1345 1781 1384 vero
1825 1331 1913 1383 illa

349 1439 469 1494 qtne
497 1423 562 1477 ad
591 1421 842 1490 populum
879 1421 1059 1484 flebat,
1089 1429 1204 1474 erat
1230 1419 1535 1483 visibilis“,
1567 1422 1666 1474 hoc
1690 1430 1792 1487 est,
1823 1437 1915 1476 co-

353 1513 504 1581 gnitu
572 1510 766 1575 facilis,
829 1523 894 1564 ac
935 1508 1182 1562 omnibus
1227 1509 1741 1576 comprehensibilis.
1798 1507 1912 1568 Non

353 1607 496 1660 enim
551 1603 792 1675 profecto
841 1603 1024 1658 colore
1073 1603 1253 1670 aliquo
1296 1601 1533 1656 colorata
1565 1614 1678 1657 erat
1713 1618 1775 1658 ac
1804 1603 1913 1656 cir-

351 1697 702 1764 cumscripta,
737 1695 814 1748 sic
855 1702 913 1746 ut
963 1691 1166 1760 prolata
1213 1705 1307 1745 ore
1355 1707 1456 1746 vox
1503 1693 1702 1761 percipi
1746 1693 1914 1748 oculis

353 1795 532 1856 posset
577 1805 592 1842 :

349 1879 492 1949 quod
552 1877 784 1932 lucidum
828 1883 903 1928 est
951 1873 1165 1926 Domini
1217 1883 1564 1941 praeceptum,
1613 1873 1917 1926 illuminnna

349 1970 528 2026 oculos
562 1970 627 2034 ⁸⁷,
663 1966 880 2022 exclusa
923 1980 951 2017 a
999 1963 1158 2019 dictis
1206 1963 1536 2017 obscuritate
1569 1965 1734 2017 omni.
1779 1964 1916 2028 Quin

349 2073 404 2117 et
430 2063 496 2115 ad
527 2059 716 2114 Isaiam
755 2057 915 2110 (iebat
944 2069 1068 2119 vox,
1103 2055 1441 2122 praecipiens,
1471 2052 1696 2118 Clama;
1730 2055 1781 2108 id
1811 2063 1913 2119 est,

350 2167 502 2206 mens
532 2149 807 2220 propheta:
834 2147 900 2201 ab
931 2147 1100 2200 indita
1131 2146 1232 2199 sibi
1268 2160 1298 2198 a
1332 2146 1438 2199 Deo
1467 2145 1708 2212 potentia
1741 2143 1914 2198 infor-

349 2244 618 2298 mabatur.
661 2237 776 2295 Vox
820 2238 1027 2290 Domini
1066 2253 1220 2304 super
1247 2252 1431 2304 aquas.
1469 2235 1598 2303 Qum
1625 2237 1766 2291 vox?
1811 2234 1916 2289 su-

346 2344 445 2398 per
489 2343 625 2398 quas
673 2327 881 2396 aquas?
929 2325 1163 2389 Dictum,
1195 2333 1255 2378 ut
1301 2325 1633 2394 prophetiam
1685 2325 1918 2394 accipia-

350 2435 490 2475 mus.
527 2417 834 2473 Memineris
867 2413 1113 2476 Joannis,
1140 2415 1230 2482 qui
1265 2430 1387 2469 cum
1422 2415 1854 2485 interrogaretur
1885 2432 1913 2468 a

347 2506 587 2562 Iudaeis:
625 2505 756 2572 Quis
787 2522 840 2558 es
882 2504 979 2556 tu?
1023 2506 1161 2572 quod
1207 2520 1509 2570 responsum
1557 2504 1799 2558 dabimus
1852 2508 1915 2560 iis

344 2598 434 2667 qui
462 2597 711 2650 miserunt
743 2595 876 2648 nos?
909 2594 1183 2663 respondit
1213 2607 1228 2646 :
1265 2591 1374 2661 Ego
1406 2609 1505 2647 vox
1540 2595 1816 2648 clamantis
1858 2597 1915 2650 in

346 2688 548 2743 deserto
583 2688 648 2741 ⁸³.
680 2686 915 2742 Joannes
963 2701 1092 2754 ergo
1141 2701 1240 2740 vox
1289 2693 1372 2739 est
1418 2685 1649 2751 Domini,
1696 2687 1914 2757 angelus

347 2789 472 2833 ante
515 2779 704 2834 faciem
735 2777 942 2832 Domini
973 2794 1002 2832 a
1035 2779 1140 2831 Deo
1176 2778 1394 2842 missus,
1427 2779 1518 2848 qui
1559 2777 1786 2833 Domino
1821 2795 1914 2847 po-

347 2873 528 2942 pulum
560 2871 866 2941 expeditum
913 2877 1132 2940 pararet
1161 2870 1226 2922 ".
1280 2869 1403 2924 llaec
1435 2870 1596 2940 igitur
1623 2886 1721 2924 vox
1755 2887 1915 2940 super

347 2977 516 3030 aquas
552 2972 689 3026 erat,
721 2961 772 3014 in
819 2959 1070 3024 Jordane,
1105 2959 1158 3014 in
1203 2974 1312 3029 quo
1365 2960 1692 3029 baptizabat,
1741 2960 1914 3028 bapti-

345 3067 520 3107 smum
548 3050 848 3121 praedicans
879 3050 1210 3120 paenitentia:
1243 3067 1258 3104 :
1293 3064 1390 3104 nec
1414 3050 1466 3104 in
1495 3047 1730 3104 Jordane
1775 3050 1908 3114 solo,

345 3143 438 3198 sed
467 3152 518 3196 ct
545 3142 596 3196 in
628 3142 776 3196 Enon
806 3156 970 3211 prope
1007 3140 1208 3204 Salem,
1229 3142 1372 3210 quod
1393 3131 1503 3196 illic
1542 3141 1764 3195 multum
1795 3152 1909 3196 erat

2019 501 2081 553 τὸ
2113 500 2335 568 φθάνειν
2360 501 2519 572 μέχρι
2551 502 2650 572 τῆς
2689 502 2856 571 ἀκοῆς
2890 503 2980 557 τοῦ
3011 506 3146 576 πρὸς
3178 505 3238 559 ὃν
3269 506 3505 572 γίνεται·

2019 593 2075 646 δὲ
2109 593 2200 646 τοῦ
2231 595 2433 665 Κυρίου
2495 593 2664 665 φωνὴ,
2705 596 3025 666 έτερογενής
3066 597 3150 661 τίς
3207 600 3345 666 ἐστι,
3387 616 3593 667 φαντα-

2024 683 2261 748 σιοῦντος
2279 684 2371 737 τοῦ
2389 685 2521 738 Θεοῦ
2547 680 2627 749 οἷς
2648 687 2864 740 ἀκούειν
2895 687 3141 757 βούλεται
3161 689 3262 759 τῆς
3279 691 3465 760 φωνῆς
3485 691 3588 744 αὑ·-

2019 775 2133 839 τοῦ,
2156 774 2294 829 ὥστε
2320 776 2605 844 ἀναλογίαν
2621 775 2764 846 ἔχειν
2780 777 2874 847 τὴν
2902 778 3198 846 φαντασίαν
3229 779 3432 850 ταύτην
3454 778 3592 850 πρὸς

2019 867 2117 936 τὴν
2152 869 2207 919 ὲν
2246 871 2352 932 τοῖς
2395 867 2624 938 ὀνείροις
2665 870 2973 939 γινομένην.
3012 870 3122 923 Καὶ
3160 869 3268 941 γάρ
3305 871 3436 932 ἐκεῖ,
3469 871 3590 940 οὑχὶ

2019 959 2115 1012 τού
2145 960 2342 1026 ἔξωθεν
2375 962 2535 1032 ἀέρος
2561 961 2876 1032 πληγέντος,
2904 962 3149 1016 εἰσέπεσε
3176 962 3262 1016 διὰ
3287 963 3386 1032 τῆς
3419 964 3590 1034 ἀκοῆς

2021 1052 2128 1104 τῶν
2153 1052 2457 1122 λεγομένων
2489 1054 2522 1123 ἡ
2556 1053 2825 1124 αἴσθησις,
2858 1053 2971 1107 ἀλλ’
3001 1053 3164 1107 αὑτοῦ
3206 1054 3299 1109 τοῦ
3327 1057 3588 1126 ἡγεμονι-

2021 1142 2118 1196 κοῦ
2173 1143 2618 1215 παραδεξαμένου
2675 1145 2744 1198 τὰ
2800 1146 3067 1216 νοήματα,
3121 1147 3186 1218 τῇ
3244 1148 3434 1218 μνήμῃ
3480 1146 3591 1200 τῶν

2021 1234 2368 1304 θεασαμένων
2399 1236 2607 1303 πέφυκε
2641 1236 2994 1306 παραμένειν.
3035 1237 3279 1305 Ἐγένετο
3311 1235 3404 1290 οὖν
3453 1238 3590 1308 πρὸς

2019 1325 2108 1378 τὸν
2153 1325 2402 1396 ’Λϐραάμ
2443 1327 2616 1396 φωνὴ,
2659 1323 2976 1397 διότιᾼεῖχεν
3010 1322 3123 1382 ὦτα
3166 1327 3384 1381 ἀκούειν
3427 1328 3588 1382 δυνά-

2023 1432 2158 1485 μενα
2197 1416 2303 1468 τῶν
2343 1411 2568 1468 ἐντολῶν
2609 1415 2702 1468 τοῦ
2742 1390 2897 1480 Θεοῦ,
2950 1417 3094 1470 κατὰ
3143 1417 3204 1470 τὸ
3253 1418 3455 1485 ἀφανὲς
3503 1419 3587 1469 ὲνο

2020 1507 2274 1578 ηχοῦντος
2305 1507 2451 1577 αὑτῷ
2503 1507 2594 1560 τοῦ
2621 1507 2760 1560 θείου
2805 1507 3154 1578 βουλήματος.
3189 1509 3332 1579 Πρὸς
3385 1510 3442 1563 δὲ
3495 1509 3590 1562 τὸν

2019 1596 2144 1650 λαὸν
2177 1599 2210 1668 ἡ
2248 1598 2398 1669 φωνὴ
2432 1601 2686 1669 γινομένη
2725 1600 2891 1671 ὁρατὴ
2937 1595 3036 1670 ἦν·
3071 1602 3345 1653 τουτέστιν
3383 1599 3593 1670 εὖγνωο

2021 1705 2163 1752 στος,
2199 1691 2390 1760 συνετὴ
2425 1691 2608 1743 πᾶσιν.
2639 1691 2712 1743 Οὑ
2752 1689 2860 1761 γὰρ
2891 1691 2954 1760 δὴ
2987 1691 3092 1744 ὑπὸ
3127 1691 3413 1763 χρώματός
3441 1710 3587 1757 τινος

643 1785 738 1840 sed
796 1782 1010 1837 videbat
1057 1781 1282 1850 populus
1347 1797 1572 1846 vocem,
1627 1794 1906 1850 pr0pterea

2015 1779 2314 1851 ὲχρώννυτο
2345 1784 2438 1835 καὶ
2482 1781 2902 1854 περιεγράφετο,
2940 1782 3080 1835 ὥστε
3118 1782 3347 1854 αἰσθητὴ
3387 1783 3589 1852 660a).-

2022 1875 2145 1941 μοῖς
2171 1872 2427 1941 γενέσθαι
2459 1876 2492 1946 ἠ
2526 1874 2828 1946 λαλουμένη
2864 1873 3035 1945 φωνὴ,
3064 1874 3178 1926 ἀλλ’
3223 1873 3367 1946 ὲὼρα
3395 1875 3424 1926 ὁ
3457 1875 3588 1938 λαὸς

2016 1963 2119 2033 τὴν
2144 1964 2324 2034 φωνήν
2349 1981 2362 1993 ·
2389 1964 2521 2017 διότι
2553 1966 2591 2032 ἡ
2635 1963 2852 2032 ἐντολὴ
2880 1964 2985 2018 τοῦ
3022 1963 3246 2031 Κυρίου
3275 1963 3590 2034 τηλαυγὴς

2016 2053 2346 2122 φωτίζουσα
2381 2056 2743 2124 ὀφθαλμοὺς,
2774 2056 3024 2126 οὐδεμιᾶς
3052 2055 3313 2123 ἀσαφείας
3342 2072 3587 2125 περικει-

2021 2147 2186 2217 μένης
2219 2149 2330 2210 τοῖς
2357 2147 2720 2217 λαλουμένοις.
2748 2148 2854 2200 Καὶ
2875 2147 2952 2218 τῷ
2990 2147 3184 2236 Ἡσαΐᾳ
3213 2146 3269 2198 δὲ
3297 2146 3447 2224 φωνὴ
3473 2145 3591 2214 ἐγι-

2016 2253 2136 2288 νετο
2159 2236 2268 2306 (Η)
2303 2237 2715 2306 προστάσσουσα
2734 2254 2746 2267 ο
2773 2238 3012 2304 Βόησον
3029 2252 3042 2266 ·
3076 2235 3197 2288 ἀντὶ
3224 2235 3338 2300 τοῦ,
3375 2236 3434 2289 τὸ
3459 2237 3590 2306 ἡγε-

2019 2328 2236 2397 μονικὸν
2287 2327 2382 2380 τοῦ
2411 2329 2686 2398 προφήτου
2745 2325 2852 2379 ἀπὸ
2890 2327 2986 2396 τῆς
3039 2327 3393 2396 ἐγγινομένης
3436 2327 3588 2397 αὑτῷ

2017 2414 2167 2485 παρά
2200 2414 2334 2467 Θεοῦ
2371 2415 2651 2484 δυνάμεως
2694 2414 2975 2468 ὲτυποῦτο.
3012 2415 3183 2484 Φωνὴ
3218 2419 3440 2483 Κυρίου
3480 2418 3585 2472 ἐπὶ

2013 2503 2133 2558 τῶν
2165 2503 2418 2558 ὑδάτων.
2472 2505 2608 2558 Ποία
2644 2507 2834 2576 φωνή;
2868 2506 2959 2558 ἐπὶ
2998 2507 3166 2558 ποίων
3215 2507 3458 2572 ὑδάτων;
3496 2508 3587 2570 Ὠς

2016 2597 2349 2667 προφητείαν
2374 2595 2627 2666 λάϐωμεν
2651 2597 2712 2650 τὸ
2744 2597 2925 2668 ῥητόν.
2959 2597 3241 2668 Μνήσθητι
3265 2599 3357 2651 τοῦ
3405 2599 3586 2652 Ἰωάνο

2013 2704 2124 2747 νου,
2150 2688 2228 2750 ὃς,
2264 2687 2556 2758 ἐρωτηθεὶς
2583 2688 2732 2759 παρά
2779 2688 2886 2741 τῶν
2928 2689 3211 2752 Ἰουδαίων,
3254 2690 3350 2754 Τίς
3377 2685 3435 2743 ετ
3456 2692 3537 2744 σύ
3561 2705 3583 2752 ,°

2014 2776 2148 2828 τίνα
2204 2777 2526 2843 ἀπόκρισιν
2563 2775 2757 2844 δῶμεν
2805 2776 2929 2842 τοῖς
2977 2779 3412 2831 ἀποστείλασιν
3468 2779 3583 2847 (Ii)

2013 2866 2204 2935 ἢμᾶς;
2229 2867 2582 2937 ἀπεκρίνατοο
2620 2867 2761 2937 Ἐγὼ
2789 2867 2955 2936 φωνὴ
2981 2869 3200 2936 Κυρίου
3215 2870 3484 2936 ,ϐοῶντος
3515 2871 3588 2923 ἐν

2014 2957 2088 3024 τῇ
2112 2958 2325 3026 ἐρήμῳ.
2357 2957 2564 3011 Οὐκοῦν
2586 2959 2734 3030 φωνὴ
2765 2957 2970 3030 Κυρίου
2988 2962 3016 3012 6
3055 2960 3326 3030 Ἰωάννης,
3353 2959 3585 3029 ἄγγελος

2013 3047 2120 3101 ἀπὸ
2143 3049 2278 3102 Θεοῦ
2315 3048 2720 3120 ἀπεσταλμένος
2756 3050 2860 3122 πρὸ
2893 3049 3182 3122 προσώπου
3212 3051 3437 3122 Κυρίου,
3487 3051 3582 3105 τοῦ

2011 3140 2296 3210 ἑτοιμάσαι
2327 3141 2515 3210 Κυρίῳ
2540 3139 2665 3194 λαὸν
2690 3142 3208 3212 κατεσκευασμένον.
3245 3142 3389 3213 Αὕτη
3431 3138 3523 3198 οὖν
3546 3145 3581 3214 ἡ

344 3233 691 3302 aquarum".
723 3231 836 3288 Vox
865 3234 1026 3302 igitur
1045 3233 1252 3287 Domini
1278 3247 1441 3301 super
1465 3247 1656 3300 aquas,
1675 3231 1906 3288 Joannes

2015 3231 2158 3300 φωνὴ
2195 3231 2286 3282 ἐπὶ
2331 3229 2438 3284 τῶν
2467 3230 2675 3284 ὑδάτων
2727 3227 2815 3301 ἦν,
2867 3232 2956 3285 ἐπὶ
2998 3232 3076 3302 τῷ
3116 3233 3377 3304 Ἰορδάνῃ,
3427 3235 3484 3286 ἐν

285 3356 290 3360 -
343 3334 448 3388 est,
477 3325 571 3394 qui
601 3324 812 3380 confert
840 3324 1184 3393 baptismum.
1218 3323 1330 3378 Illic
1357 3333 1412 3378 et
1440 3324 1584 3378 Deus
1614 3324 1906 3392 maiestatis

2015 3321 2266 3374 ἑϐἀπτισε
2289 3321 2578 3392 κηρύσσων
2605 3322 2669 3375 τὸ
2687 3322 2786 3392 τῆς
2816 3324 3100 3392 μετανοίας
3127 3323 3408 3394 βάπτισμα
3433 3340 3448 3355 ⁸
3484 3325 3581 3377 καὶ

343 3415 594 3470 intonuit.
639 3414 800 3470 Venit
839 3415 982 3468 enim
1014 3430 1118 3472 vox
1167 3428 1198 3468 e
1246 3415 1404 3480 coelo,
1447 3415 1631 3468 dicens
1661 3433 1674 3470 :
1707 3413 1808 3468 llic
1837 3425 1906 3469 est

2015 3413 2107 3465 οὑκ
2133 3414 2190 3466 ὲν
2221 3411 2299 3482 τῷ
2337 3412 2571 3483 Ἰορδάνῃ
2601 3414 2745 3483 μόνῳ
2777 3413 2910 3483 (15),
2939 3414 3071 3466 ἀλλὰ
3098 3414 3190 3466 καὶ
3221 3416 3277 3466 έν
3305 3415 3383 3485 τῷ
3415 3415 3584 3468 Ἐνὼν

341 3503 520 3559 Filius
567 3519 731 3565 meus
763 3503 1024 3570 dilectus,
1074 3504 1128 3556 in
1186 3518 1286 3571 quo
1343 3502 1470 3554 mihi
1523 3501 1810 3569 complacui
1843 3501 1906 3554 τί.

2015 3503 2177 3571 ἐγγυς
2218 3501 2311 3556 τοῦ
2348 3503 2560 3574 Σαλήμ,
2589 3504 2672 3557 ὅτι
2707 3503 2872 3556 ὕδατα
2914 3504 3082 3558 πολλά
3114 3501 3180 3575 ἦν
3207 3507 3342 3575 έκεῖ.
3373 3505 3582 3559 Οὐκοῦν

340 3595 492 3651 Tunc
509 3596 670 3652 etiam
699 3595 951 3649 Dominus
981 3609 1144 3664 super
1174 3609 1341 3663 aquas
1372 3591 1568 3646 multas
1592 3601 1728 3656 erat,
1761 3607 1903 3654 cum,

2015 3595 2162 3666 φωνὴ
2189 3596 2391 3666 Κυρίου
2435 3573 2527 3648 ἐπὶ
2559 3596 2666 3649 τῶν
2701 3597 2926 3661 ὑδάτων,
2957 3600 2986 3650 6
3023 3573 3273 3669 Ἰωάννης
3306 3599 3450 3652 ἐστὶν
3487 3599 3583 3651 ἐπὶ

339 3697 402 3741 ιιι.
445 3701 658 3741 omnem
708 3686 842 3755 legis
885 3687 1152 3753 justitiam
1209 3684 1546 3754 adimpleret,
1574 3683 1640 3736 ad
1686 3681 1906 3738 Joannis

2015 3684 2102 3736 τοῦ
2137 3684 2528 3754 βαπτίσματος.
2581 3686 2726 3739 Ἐκεῖ
2752 3688 2845 3740 καὶ
2869 3689 2898 3740 6
2919 3686 3050 3750 Θεὸς
3074 3687 3172 3756 τῆς
3201 3687 3358 3758 δόξης
3395 3688 3586 3758 ἐϐρόν-

338 3774 661 3843 baptismum
693 3774 1016 3829 descendere
1048 3774 1298 3843 dignatus
1329 3783 1431 3826 est.

2008 3790 2192 3842 τησεν.
2215 3770 2388 3826 ’Ἦλθε
2427 3775 2538 3846 γάρ
2567 3777 2716 3847 φωνὴ
2750 3777 2808 3841 ἐξ
2833 3777 3061 3848 ούρανοῦ
3091 3777 3321 3846 λέγουσα
3344 3794 3356 3806 °
3392 3776 3581 3844 Οὗτός

335 3867 507 3920 ἐστιν
548 3867 582 3918 ὀ
626 3865 752 3930 Υίός
795 3883 914 3934 μου
949 3866 980 3917 ό
1021 3864 1346 3933 ἀγαπητὸς,
1391 3865 1460 3917 ἐν
1493 3857 1542 3930 ᾧ
1573 3861 1899 3929 εὐδόκησα.
1943 3865 2074 3916 Τότε
2107 3867 2200 3919 καὶ
2229 3868 2257 3918 6
2315 3867 2516 3938 Κύριος
2555 3869 2647 3921 ἐπὶ
2708 3867 2818 3920 τῶν
2857 3868 3064 3921 ὑδάτων
3097 3869 3325 3933 πολλῶν,
3353 3871 3581 3936 καταξι-

335 3957 484 4022 ώσας
510 3957 810 4027 καταϐῆναι
843 3958 932 4009 ἐπὶ
958 3957 1016 4009 τὸ
1053 3957 1294 4010 Ἰωάννου
1321 3957 1621 4028 βάπτισμα,
1657 3957 1745 4031 ἵνα
1775 3957 2034 4029 πληρώσῃ
2074 3961 2253 4011 πᾶσαν
2279 3959 2624 4032 δικαιοσύνην
2656 3962 2753 4031 τὴν
2785 3964 2842 4013 ὲν
2867 3962 2944 4031 τῷ
2966 3962 3132 4032 νόμῳ.
3523 3983 3527 3986 ·

405 4051 460 4104 5.
498 4047 661 4102 Vsus.
692 4047 745 4101 4.
791 4047 898 4102 V0.1:
935 4048 1144 4101 Domini
1174 4049 1228 4099 in
1260 4048 1472 4102 uirtute.
1518 4048 1710 4102 Aufert
1750 4048 1893 4100 enim

2068 4048 2122 4101 3.
2147 4047 2318 4116 Φωνὴ
2339 4051 2560 4117 Kvpt’ov
2585 4050 2653 4102 ἐν
2675 4051 2861 4119 ἰσχύϊ.
2899 4053 3147 4120 Ἀφαιρεῖ
3166 4051 3273 4122 γάρ
3294 4053 3390 4117 τὰς
3418 4054 3582 4106 ἀσθε-

336 4141 679 4196 inﬁrmitates
719 4139 895 4211 populi
937 4155 1033 4210 per
1082 4139 1415 4207 poenitentiae
1474 4138 1763 4206 baptisma,
1807 4153 1904 4206 per

336 4233 510 4300 ipsum
542 4231 823 4300 baptizans
854 4231 904 4284 in
952 4246 1090 4298 aqua
1121 4231 1186 4282 ad
1216 4228 1616 4297 pmnitentiam.
1650 4227 1802 4290 Illud,
1835 4225 1899 4278 In

334 4323 543 4387 uirtute,
587 4337 689 4378 vox
733 4331 816 4375 est
865 4321 1052 4376 dicens
1079 4339 1092 4374 :
1122 4318 1484 4372 Paenitentiam
1526 4318 1682 4386 agite,
1714 4332 1902 4382 appro-

332 4414 599 4484 pinquavit
651 4412 786 4467 enim
839 4427 1054 4479 regnum
1114 4411 1466 4473 caelorum";
1517 4405 1900 4460 item:lt'acite

333 4507 536 4575 fructus
559 4506 741 4576 dignos
765 4505 1076 4574 ptem‘tentiw
1093 4503 1159 4556 ⁷³.
1185 4505 1293 4565 Aut
1318 4501 1457 4556 forte
1483 4517 1584 4554 vox
1607 4502 1659 4554 in
1691 4501 1897 4564 uirtute,

333 4599 456 4666 quia
489 4597 714 4650 Domino
749 4609 874 4649 vere
907 4594 1033 4649 forti
1080 4591 1322 4650 Joannes
1365 4593 1458 4647 dat
1503 4591 1896 4653 testimonium,

331 4685 696 4756 dicens:Ego
729 4685 935 4756 baptiza
986 4686 1041 4738 in
1089 4684 1381 4753 aqua:qui
1433 4698 1605 4736 autem
1655 4691 1771 4750 post
1822 4697 1901 4734 me

331 4788 576 4835 venturus
597 4788 691 4840 est,
717 4778 906 4855 {artior
933 4794 1014 4834 me
1045 4786 1119 4830 est
1143 4776 1208 4827 ⁷³.
1238 4775 1363 4829 [lare
1395 4775 1555 4844 igitur
1580 4789 1681 4827 vox
1709 4773 1899 4827 virtuti

333 4870 695 4926 testimonium
731 4869 912 4923 dabat.
958 4867 1068 4921 Vox
1120 4867 1330 4922 Domini
1379 4870 1432 4920 in
1483 4867 1897 4936 magniﬁcentia.

330 4960 594 5016 Nimirum
638 4975 762 5015 cum
811 4961 1070 5031 mysteria
1125 4975 1319 5026 magna
1365 4960 1430 5013 de
1474 4957 1602 5014 Jesu
1655 4969 1904 5015 narraret

2009 4139 2156 4202 νείας
2186 4139 2278 4192 τοῦ
2311 4139 2438 4194 λαοῦ
2470 4141 2558 4195 διὰ
2603 4139 2698 4193 τοῦ
2742 4141 3111 4212 βαπτίσματος
3136 4146 3232 4214 τῆς
3267 4145 3574 4214 μετανοίας,

2007 4230 2074 4283 δι’
2105 4229 2272 4284 αὑτοῦ
2304 4231 2576 4302 βαπτίζων
2615 4235 2669 4286 ὲν
2704 4233 2853 4286 ὕδατι
2893 4235 2971 4297 εἰς
3005 4237 3307 4304 μετάνοιαν.
3349 4235 3441 4298 Τὸ,
3482 4237 3580 4288 Ἐν

2009 4323 2197 4392 ίσχύϊ,
2237 4325 2269 4394 ἡ
2298 4324 2446 4394 φωνὴ
2474 4325 2506 4394 ή
2532 4323 2761 4392 λέγουσα
2785 4342 2799 4356 °
2835 4327 3206 4390 Μετανοεῖτε,
3238 4326 3446 4395 ἧγιγιικε
3467 4327 3580 4396 γὰρ

2007 4417 2348 4483 ἢβασιλεία
2374 4409 2493 4471 τῶν
2513 4416 2781 4484 οίιρανών
2808 4432 2821 4446 ⁸
2849 4419 2960 4481 καὶ,
2991 4419 3288 4485 Ποιήσατε
3311 4418 3582 4485 καρποὺς

2005 4507 2214 4573 ἀξίους
2239 4506 2348 4573 τῆς
2371 4508 2713 4576 μετανοίας.
2747 4511 2819 4562 ’Ἡ
2846 4509 3050 4581 μήποτε
3071 4510 3139 4562 ἐν
3163 4512 3332 4578 ἰσχύϊ
3347 4511 3378 4580 ἡ
3404 4512 3576 4582 φωνὴν

2004 4597 2135 4653 διότι
2163 4602 2429 4669 μαρτυρεί
2451 4598 2529 4668 τῷ
2553 4599 2663 4652 δντι
2692 4598 2769 4670 τῷ
2801 4600 3002 4675 ίσχυρῴ
3023 4599 3208 4670 Κυρίῳ
3237 4601 3265 4652 6
3303 4598 3577 4671 Ἰωάννης,

2005 4690 2178 4759 λέγων
2201 4708 2213 4720 ·
2263 4690 2404 4759 Ἐγὼ
2433 4690 2696 4756 ,ϐαπτίζω
2729 4692 2800 4745 ὲν
2841 4691 3009 4744 ὕδατι
3035 4709 3048 4721 ·
3093 4695 3126 4745 ό
3151 4691 3218 4744 δὲ
3244 4691 3435 4744 ὀπίσω
3456 4709 3581 4760 μου

2005 4780 2323 4850 ἐρχόμενος
2364 4783 2746 4850 ἰσχυρότερός
2787 4781 2906 4850 μού
2947 4782 3134 4834 ἐστιν.
3185 4782 3247 4834 Ἡ
3291 4783 3441 4852 φωνὴ
3484 4777 3580 4834 οὖν

2007 4871 2144 4941 αὕτη
2178 4871 2474 4944 ἐμαρτύρει
2505 4876 2570 4944 τῇ
2609 4873 2772 4944 ἰσχύϊ.
2814 4872 2986 4939 Φωνὴ
3017 4874 3240 4940 Κυρίου
3283 4873 3353 4928 ἐν
3395 4890 3579 4942 μεγα-

2007 4963 2360 5030 λοπρεπείᾳ·
2391 4962 2461 5015 τὰ
2485 4963 2696 5033 μεγάλα
2724 4963 2853 5034 περὶ
2874 4963 2966 5018 τοῦ
2997 4964 3169 5034 Ἰησοῦ
3195 4964 3578 5035 διαλεγομένου

401 5115 445 5187 ff
469 5113 636 5166 Exod.
666 5111 916 5187 ιιιεὶδκ⁸
944 5113 986 5187 ξτ
1014 5111 1154 5166 PSaI.
1181 5115 1455 5187 κνιιιη9ᾏ
1501 5115 1544 5145 ⁸⁸
1573 5113 1726 5169 Joan.
1754 5132 1791 5174 ι.
1824 5115 1906 5181 22,

2017 5157 2032 5170 .
2110 5119 2153 5150 “
2176 5119 2306 5174 Luc.
2341 5135 2380 5185 ι,
2401 5120 2487 5177 17.
2562 5120 2609 5152 ὀ
2637 5118 2792 5176 Joan.
2821 5137 2900 5187 ιιι,
2931 5121 3026 5176 23.
3084 5123 3127 5154 ἰ
3159 5121 3450 5185 Matth.ttt,
3485 5121 3570 5175 I7.

329 5185 374 5214 ⁷¹
404 5185 588 5239 Matth.
631 5199 712 5249 ιιι,
741 5182 797 5236 2.
872 5184 918 5214 ⁷³
948 5181 1074 5236 an.
1106 5199 1188 5244 ιιι,
1219 5184 1270 5237 8.
1341 5186 1386 5214 ⁷⁵
1407 5183 1600 5237 Matth.
1629 5202 1709 5249 ιιι,
1747 5187 1830 5238 ll.

399 5298 512 5370 (Il)
545 5297 621 5351 Ita
661 5308 771 5370 tres
801 5311 932 5370 mss.
953 5297 1020 5370 _At
1039 5297 1210 5370 editio
1228 5297 1400 5354 Paris.
1425 5314 1547 5352 cum
1577 5299 1708 5370 Reg.
1737 5301 1896 5369 quin-

333 5379 384 5439 to
416 5369 800 5439 éygvsro._hlox
837 5366 1002 5439 editio
1037 5365 1209 5439 Daris.
1251 5384 1372 5422 cum
1411 5371 1540 5439 Reg.
1570 5365 1769 5439 quarto
1798 5371 1892 5424 άν-

327 5438 382 5490 τὶ
415 5437 508 5490 τοῦ
545 5437 623 5490 τό.
660 5436 819 5492 Deest
843 5434 904 5488 τό
935 5437 986 5489 in
1014 5436 1132 5488 aliis
1160 5452 1289 5492 mss.
1492 5434 1515 5439 ’
1587 5434 1602 5439 -
1692 5448 1700 5456 ’

399 5508 512 5574 (12)
544 5506 678 5576 Reg.
717 5507 907 5561 tertius
953 5503 1252 5576 πέμψασιν.
1305 5507 1435 5563 Illud
1466 5509 1605 5576 quod
1649 5523 1773 5561 mox
1809 5523 1896 5563 se-

326 5579 531 5645 quitur,
581 5575 709 5630 λαὸν
748 5575 1276 5646 κατεσκευασμένον,
1327 5579 1402 5630 sic
1435 5575 1766 5646 interpretati
1801 5595 1892 5630 su—

327 5662 471 5716 mus,
491 5647 738 5718 populant
771 5645 1164 5713 cxveditum,’id
1184 5657 1287 5712 est,
1310 5647 1384 5702 ita
1411 5645 1681 5712 allectum,
1725 5658 1778 5700 ut
1807 5663 1894 5702 ve-

1999 5303 2232 5354 nientem
2289 5297 2568 5352 Dominum
2619 5306 2868 5368 prompto
2898 5298 3078 5352 animo
3110 5307 3162 5352 et
3208 5299 3373 5354 alacri
3401 5303 3578 5357 susci-

1996 5374 2127 5435 piat.
2165 5370 2274 5424 Nec
2304 5369 2446 5422 enim
2477 5367 2762 5434 alinsejus
2788 5369 2889 5422 loci
2924 5369 3135 5422 videtur
3182 5385 3306 5424 esse
3355 5386 3569 5428 sensus.

1999 5440 2244 5508 Vulgata.
2271 5437 2466 5503 plebem
2494 5439 2798 5504 perfectam.

2065 5507 2178 5583 (ίῦ)
2210 5508 2489 5583 Duo_3nss.
2541 5509 2721 5576 μόνον.
2759 5507 2860 5583 _Alii
2903 5510 3008 5583 duo
3034 5523 3155 5565 cum
3192 5508 3352 5565 editis
3397 5509 3568 5583 μόνῳ.

1996 5577 2169 5636 Paulo
2190 5588 2309 5650 post
2340 5577 2469 5647 Reg.
2504 5577 2780 5647 Quartusl)
2807 5581 2983 5649 φωνή.
