3838 6214
193 374 259 437 71
1273 367 1561 434 uouiLiA
1602 375 1668 431 IN
1707 366 2047 434 PSALMUM
2088 331 2325 433 xxiiu.
3351 376 3424 433 is

197 493 457 568 μυστήρια
476 485 573 548 τοῦ
605 489 851 549 Ἰωάννου
867 536 882 562 ,
909 487 1190 566 λὲγοντοςδ
1219 491 1402 552 Εἶδον
1427 493 1494 550 τό
1513 495 1759 565 Πνεῦμα

1873 493 2115 561 Ioannes,
2152 496 2382 553 dicens:
2422 494 2546 551 Vidi
2585 493 2847 565 Spiritum
2887 500 3128 550 sanctum
3166 491 3298 547 sicut
3332 509 3424 546 co-

192 585 254 641 τό
275 586 441 655 ἄτιον
468 585 550 653 ὡς
583 586 695 657 (14)
727 587 1087 656 περιστερὰν
1128 587 1488 642 καταϐαῖνον
1517 586 1618 641 καὶ
1647 585 1755 656 μέ-

192 692 295 729 νον
313 676 404 730 ἐπ’
426 677 610 729 αὐτόν
632 693 647 708 ο
683 677 777 731 καὶ
804 678 966 732 πάλιν
989 694 1003 709 ’
1044 679 1174 733 Ὀτι
1206 679 1276 733 ἐκ
1298 679 1405 737 τοῦ
1437 676 1757 747 πληρώμα-

192 780 288 831 τος
309 766 494 823 αὑτοῦ
517 766 688 836 ἡμεῖς
716 767 938 835 πάντες
962 768 1278 837 ἐλάϐομεν,
1302 769 1400 824 καὶ
1417 768 1595 839 χάριν
1622 767 1758 823 ἀντὶ

192 857 440 927 χάριτος.
469 858 679 931 Ὑψηλὰ
711 860 821 931 γὰρ
850 860 919 915 τὰ
944 861 1112 915 ὕδατα
1138 860 1232 914 καὶ
1255 861 1350 914 τοῦ
1379 860 1640 932 μεγέθους
1660 862 1759 933 τῆς

190 947 336 1020 δόξης
362 949 460 1021 τῆς
481 951 611 1021 περὶ
633 951 722 1004 τὸν
743 951 1020 1022 Μονογενῆ
1050 950 1451 1022 παραστατικά»
1472 950 1563 1003 Διὸ
1585 949 1756 1019 Φωνὴ

190 1040 402 1107 Κυρίου
445 1041 517 1095 ὲν
546 1042 1054 1111 μεγαλοπρεπείᾳ.
1093 1042 1524 1113 Μεγαλοπρεπὲς
1570 1041 1626 1094 δὲ
1664 1041 1760 1095 καὶ

188 1130 246 1184 τὺ
275 1131 486 1198 λέγειν·
520 1131 668 1185 Θεὸν
714 1132 911 1199 οὐδεὶς
953 1131 1175 1202 ἑώρακε
1209 1132 1476 1185 πώποτε·
1508 1133 1541 1185 ό
1575 1148 1759 1201 μονοα-

191 1222 366 1291 reth
390 1222 540 1288 Υἱός,
586 1227 620 1277 ό
666 1221 751 1277 ὢν
784 1223 855 1278 ἐν
901 1225 1022 1290 τοῖς
1071 1224 1319 1290 κόλποις
1364 1224 1471 1278 τοῦ
1509 1223 1757 1291 Πατρός,

186 1313 412 1381 ἐκεῖνος
455 1315 816 1385 ἐξηγήσατο.
862 1317 972 1370 Καὶ
1012 1316 1185 1370 πολλὰ
1225 1314 1658 1388 μεγαλοπρεπῶς
1692 1314 1762 1368 τὰ

191 1402 425 1475 περὶτοῦ
448 1403 655 1475 Κυρίου
686 1404 934 1473 φαίνεται
957 1404 1333 1477 διηγούμενος,
1365 1406 1422 1457 ὲν
1453 1403 1532 1474 τῷ
1560 1403 1759 1470 λέγειν’

192 1496 271 1547 οὐ
290 1494 539 1548 δύναται
563 1493 873 1565 ἅνθρωπος
896 1495 1228 1565 λαμϐάνειν
1252 1495 1453 1559 οὐδὲν,
1482 1494 1592 1548 ἐὰν
1607 1494 1695 1565 μὴ
1720 1485 1766 1567 ᾖ

188 1583 505 1653 δεδομένον
528 1584 688 1651 αὐτῷ
712 1585 780 1639 ὲκ
803 1585 911 1639 τοῦ
939 1585 1221 1654 οὐρανοῦ.
1255 1584 1686 1656 Μεγαλοπρεπὲς
1706 1582 1764 1637 δὲ

192 1675 380 1739 καὶτὸ,
422 1676 489 1730 Ὃ
519 1676 750 1731 ἀνωθεν
777 1677 1102 1747 ἐρχόμενος
1125 1675 1325 1731 ἐπάνω
1345 1677 1587 1730 ,πάντων
1607 1676 1761 1731 ἐστί.

194 1766 295 1819 Καὶ
320 1767 399 1831 τὸ,
441 1766 499 1820 '0
522 1766 727 1821 λαϐὼν
756 1767 943 1821 αὐτοῦ
965 1767 1081 1837 τὴν
1105 1768 1458 1837 μαρτυρίαν,
1481 1766 1767 1837 ἐσφράγι-

1857 584 2088 640 lumbam
2118 586 2508 641 descendentem
2532 601 2597 639 ac
2619 592 2915 640 manentem
2936 600 3093 653 super
3117 599 3234 638 eum
3252 582 3334 649 7';
3372 590 3429 636 et

1858 675 2054 730 iterum
2082 694 2100 730 -:
2134 673 2213 730 De
2248 674 2572 746 plenitudine
2597 676 2712 746 ejus
2758 691 2853 730 nos
2897 689 3073 730 omnes
3111 674 3427 743 accepimus,

1857 775 1904 820 et
1926 766 2149 836 gratiam
2169 783 2263 837 pro
2289 766 2543 836 gratia".
2576 766 2847 822 Sublimes
2873 780 3105 837 namque
3125 771 3253 821 sunt
3276 779 3433 835 aquai

1857 858 2004 926 istm,
2036 869 2093 914 et.
2130 859 2317 930 gloria:
2344 858 2620 927 Unigeniti
2654 860 3080 930 magnitudinem
3127 858 3431 915 declarant.

1859 947 1987 1016 ldeo
2021 947 2137 1002 Vox
2179 949 2391 1003 Domini
2418 952 2473 1003 in
2500 948 2909 1019 magniﬁcentia.
2943 948 3083 1016 Quin
3113 949 3278 1005 etiam
3312 957 3433 1004 erat

1861 1039 2205 1110 magniﬁcum
2239 1039 2457 1096 dicere:
2487 1039 2652 1094 Deum
2676 1055 2824 1095 nemo
2860 1041 2992 1095 vidit
3019 1055 3286 1112 unquam;
3314 1041 3433 1094 uni-

1860 1132 2064 1200 genitus
2099 1130 2299 1198 Filius,
2331 1133 2423 1204 qui
2455 1142 2533 1188 est
2578 1135 2635 1187 in
2677 1134 2801 1188 sinu
2853 1131 3057 1201 Patris,
3090 1134 3177 1189 ille
3205 1149 3430 1189 enarra-

1861 1225 1930 1279 oit
1949 1218 2016 1278 τ’.
2042 1224 2218 1294 Atque
2240 1225 2392 1294 plura
2418 1225 2703 1293 magniﬁce
2727 1227 2794 1281 de
2820 1226 3046 1282 Domino
3075 1226 3221 1296 loqui
3245 1227 3434 1297 depre-

1865 1315 2138 1381 henditur,
2171 1316 2335 1387 360
2368 1318 2457 1372 ubi
2508 1320 2624 1374 ait:
2658 1316 2780 1373 Non
2826 1328 2991 1387 potest
3020 1319 3174 1374 homo
3201 1322 3437 1389 accipere

1861 1406 2173 1476 quidquam,
2207 1408 2309 1461 nisi
2339 1407 2502 1477 fuerit
2532 1410 2582 1462 ei
2626 1408 2810 1462 datum
2849 1409 2913 1462 de
2942 1408 3151 1467 calo".
3187 1410 3436 1481 Magniﬁ-

1864 1511 1989 1550 cum
2030 1511 2248 1567 quoque
2284 1507 2341 1553 et
2383 1497 2551 1554 illud:
2580 1496 2683 1563 Qui
2732 1500 3009 1554 desursum
3072 1501 3231 1566 venit,
3284 1517 3440 1573 super

1865 1604 2044 1644 omnes
2078 1599 2153 1643 est
2169 1589 2234 1643 "'.
2255 1589 2322 1643 Et
2350 1589 2493 1645 istud
2522 1608 2536 1644 :
2566 1590 2672 1657 Qui
2695 1591 2888 1659 accepit
2913 1592 3025 1661 ejus
3057 1594 3435 1660 testimonium,

1864 1679 2088 1750 signavit
2121 1681 2244 1751 quia
2274 1680 2414 1735 Deus
2442 1698 2598 1736 corax
2620 1693 2719 1737 est.
2753 1682 2919 1747 Quem
2943 1685 3082 1739 enim
3110 1688 3251 1742 misit
3277 1687 3438 1752 Deus,

1865 1771 2021 1825 verba
2076 1771 2174 1826 Dei
2223 1772 2533 1843 loquitur”.
2572 1772 2701 1827 lllud
2749 1787 2963 1843 quoque
2992 1791 3009 1831 :
3040 1776 3145 1841 Qui
3176 1777 3340 1833 credit
3383 1779 3440 1834 in

188 1873 316 1922 σεν,
367 1857 457 1912 ὅτι
496 1861 531 1913 ὁ
568 1858 712 1926 Θεὸς
771 1859 1057 1928 ἀληθινός
1095 1860 1287 1913 ἐστιν.
1335 1860 1437 1912 "Or
1481 1858 1591 1928 γὰρ
1649 1859 1762 1913 ἀπο

1873 1860 1917 1916 F
1921 1864 2089 1928 ilium,
2117 1865 2269 1919 liabet
2299 1866 2457 1920 vitam
2480 1867 2823 1932 trternam“;
2856 1877 2912 1923 et
2941 1869 3145 1940 reliqua
3198 1872 3437 1937 ejusdem

189 1945 454 2004 ἔστειλεν
494 1952 527 2005 ὁ
563 1950 727 2017 Θεὸς,
757 1950 830 2004 τὰ
844 1950 1085 2021 ῥήματα
1111 1950 1216 2004 τοῦ
1247 1949 1394 2004 Θεοῦ
1424 1948 1617 2004 λαλεῖ.
1652 1950 1765 2004 Καὶ

190 2038 264 2104 τὸ,
298 2042 351 2095 '0
379 2043 683 2097 πιστεύων
709 2043 797 2109 εὶς
824 2042 931 2097 τόν
963 2042 1119 2104 Υίόν,
1151 2042 1277 2113 ἔχει
1305 2039 1459 2110 ζωὴν
1487 2039 1759 2095 αἰώνιονδ

191 2135 278 2188 καὶ
309 2136 406 2189 ὅσα
445 2135 695 2190 τοιαῦτα.
745 2135 910 2189 Οὐδὲν
954 2130 1048 2189 οὖν
1087 2134 1364 2198 ταπεινὸν,
1415 2133 1535 2187 οὐδὲ
1577 2150 1767 2205 μικρο-

191 2228 407 2298 πρεπὲς,
452 2227 592 2283 ἀλλὰ
636 2228 811 2281 πάντα
842 2226 1200 2298 μεγαλοφυῶς
1245 2225 1383 2298 μετὰ
1418 2224 1512 2279 τοῦ
1543 2226 1767 2280 ἐπιϐάλ-

1870 1941 2106 2025 gencris.
2160 1954 2308 2010 Nihil
2356 1956 2520 2027 igitur
2562 1958 2784 2024 humile,
2822 1958 3089 2027 abiectum
3136 1962 3268 2016 nihil
3298 1984 3311 2019 :
3341 1964 3440 2019 sed

1864 2032 2049 2099 omnia
2091 2045 2375 2115 magniﬁce
2430 2061 2550 2101 cum
2588 2047 2934 2104 convenienti
2978 2052 3350 2120 magnitudine
3376 2056 3442 2109 de

1869 2133 2098 2192 Domino
2123 2137 2262 2191 dicta
2287 2145 2432 2201 sunt,
2458 2146 2644 2208 utpote
2676 2153 2707 2193 a
2728 2138 2934 2195 Joanne
2969 2142 3225 2199 decenter
3264 2160 3443 2201 enuno

1870 2227 2023 2282 tiata.
2060 2226 2267 2284 Idcirco
2301 2222 2415 2283 Vos:
2442 2226 2653 2283 Domini
2681 2229 2734 2283 in
2769 2231 3176 2301 magniﬁcentia.

189 2319 359 2388 λοντος
408 2323 676 2395 μεγέθους
711 2322 1027 2395 πρεπόντως
1071 2312 1430 2392 ἀποδιδόμενα
1471 2322 1623 2393 παρά
1675 2321 1767 2375 τοῦ
1814 2322 2061 2377 Ἰωάννου
2085 2322 2220 2394 (l5),
2242 2324 2369 2395 περὶ
2388 2323 2482 2377 τοῦ
2505 2323 2711 2396 Κυρίου
2731 2323 3040 2397 λελάληται.
3100 2327 3201 2382 Διά
3257 2330 3444 2387 τοῦτο’

190 2413 353 2483 Φωνὴ
378 2415 606 2483 Κυρίου
631 2415 701 2469 ἐν
732 2415 1232 2485 μεγαλοπρεπείᾳ.

255 2505 306 2560 4.
347 2506 523 2576 Φωνὴ
566 2508 790 2575 Κυρίου
825 2508 1254 2577 συντρίϐοντος
1282 2507 1553 2577 κέδρους.
1598 2511 1770 2562 Δυνα-

191 2597 274 2653 τδν
302 2602 496 2665 εἰπεῖν,
519 2602 601 2655 ὅτι
623 2599 927 2672 ἑτοιμάξων
953 2600 1143 2673 Κυρίῳ
1172 2600 1300 2655 λαὸν
1325 2602 1771 2673 κατεσκευασμέ-

192 2707 295 2757 νον,
324 2692 421 2757 τὰς
454 2692 827 2764 ἐπαιρομένας
865 2690 1121 2755 ἀσεϐείας
1154 2691 1249 2746 καὶ
1287 2691 1599 2764 ύψουμένας
1627 2691 1771 2747 κατά

192 2786 283 2856 τῆς
332 2784 589 2854 γνώσεως
636 2782 730 2837 τοῦ
777 2783 913 2837 Θεοῦ
964 2782 1264 2856 συντρίϐων
1320 2785 1417 2839 καὶ
1465 2783 1767 2856 καθαιρῶν,

193 2875 355 2930 ἐποίει
383 2876 452 2931 τὰ
484 2875 674 2930 σκολιὰ
703 2878 781 2940 εἰς
820 2874 1055 2930 εὐθεῖαν.
1113 2875 1175 2928 '0
1219 2873 1329 2947 γὰρ
1366 2875 1542 2929 πάντα
1586 2876 1771 2947 βουνὸν

194 2969 282 3022 καὶ
311 2970 417 3024 πᾶν
448 2968 576 3039 ὅρος
626 2966 922 3034 ταπεινῶν,
967 2962 1122 3031 οὗτος
1154 2961 1223 3037 ἦν
1272 2968 1301 3020 6
1334 2966 1633 3038 συντρίϐων
1668 2965 1768 3030 τὰς

1940 2507 1995 2565 4.
2027 2508 2193 2563 Vsus.
2222 2504 2275 2561 ὅ.
2320 2502 2433 2559 Vox
2465 2504 2677 2561 Domini
2696 2503 3074 2576 confringentis
3098 2506 3301 2563 cedros.
3342 2506 3448 2564 Pc-

1874 2610 1981 2657 test
2010 2601 2138 2666 dici,
2174 2599 2317 2670 quod
2340 2614 2539 2668 parans
2566 2598 2797 2653 Domino
2833 2598 3088 2669 populum
3107 2600 3443 2671 expeditum,

1873 2692 2182 2764 impietates
2210 2693 2471 2748 adversus
2503 2690 2599 2745 Dei
2628 2691 2994 2761 cognitionem
3019 2691 3192 2747 elatas
3218 2708 3284 2749 ac
3317 2707 3440 2750 eve-

1874 2795 1992 2842 ctas
2035 2794 2348 2849 conterens,
2410 2792 2803 2853 evertensque,
2858 2783 3072 2853 obliqua
3128 2784 3183 2839 in
3241 2794 3446 2842 reetam

1874 2878 2017 2930 viam
2059 2882 2468 2930 transmutaret.
2501 2873 2604 2942 Qui
2630 2888 2866 2944 namque
2894 2875 3091 2931 collem
3121 2890 3364 2943 omnem,
3391 2889 3450 2934 et

1879 2976 2120 3023 montem
2164 2979 2381 3020 omnem
2435 2964 2690 3035 deprimit
2708 2966 2779 3031 ",
2812 2966 2860 3022 is
2902 2975 3041 3033 erat,
3075 2968 3171 3038 qui
3206 2968 3451 3024 confrin-

193 3060 425 3134 κέδρους,
460 3061 559 3116 καὶ
594 3057 928 3131 ὲξομαλίζων
968 3060 1067 3131 τὴν
1116 3056 1412 3129 ἐπιδημίαν
1449 3055 1527 3127 τῷ
1563 3056 1769 3129 Κυρίῳ,

1879 3058 2042 3128 gebat
2074 3057 2291 3122 cedros,
2318 3070 2383 3112 ac
2416 3055 2646 3111 Domino
2686 3056 2983 3112 adventum
3032 3058 3449 3130 complanabat;

194 3149 276 3203 διὰ
305 3151 395 3204 τοῦ
425 3151 642 3219 ἐνάγειν
671 3152 751 3214 εἰς
786 3148 1073 3222 μετάνοιαν
1103 3148 1203 3220 τὴν
1238 3147 1448 3219 ὑψηλὴν
1474 3146 1572 3201 καὶ
1598 3149 1776 3219 ἐπηρ-

200 3242 357 3312 μένην
387 3242 482 3295 καὶ
509 3242 880 3296 ἀταπείνωτον
904 3239 1131 3314 καρδίαν
1156 3237 1250 3293 τοῦ
1281 3238 1435 3297 λαοῦ.
1468 3238 1632 3292 Ὅθεν
1659 3239 1775 3292 δια-

196 3333 472 3405 δεχόμενος
500 3332 666 3387 aiat-06
696 3332 793 3405 τὴν
823 3333 1159 3405 ἐτοιμασίαν,
1190 3330 1468 3405 συντρίϐει
1492 3332 1521 3385 ό
1545 3330 1773 3402 Κύριος,

198 3424 277 3478 διὰ
300 3426 396 3498 τῆς
425 3425 624 3480 ἑαυτοῦ
667 3425 997 3497 ἐπιδημίας,
1045 3426 1145 3490 τὰς
1193 3424 1577 3497 ἀντικειμένας
1614 3423 1775 3479 δυνάφ

201 3534 333 3584 μεις,
374 3519 603 3591 κέδρους
631 3517 726 3571 τοῦ
754 3517 989 3573 Λιϐάνου
1022 3516 1303 3590 τροπικῶς
1343 3516 1771 3588 ὀνομαζομένας.

199 3607 285 3659 Δεῖ
308 3608 412 3680 γὰρ
433 3609 529 3661 τὸν
551 3607 755 3679 Κύριον
798 3607 1123 3679 βασιλεύειν,
1151 3608 1312 3679 ἄχρις
1339 3602 1401 3662 οὗ
1431 3607 1497 3678 θῇ
1522 3607 1650 3671 τοὺς
1681 3608 1775 3677 ὲχ-

200 3696 354 3769 Θροὺς
390 3700 498 3755 ὑπὸ
532 3702 657 3764 τοὺς
691 3700 857 3762 πόδας
886 3697 1072 3753 αὐτοῦ.
1125 3699 1235 3753 Καὶ
1277 3698 1499 3764 ταύτας
1527 3697 1635 3763 τὰς
1681 3696 1778 3753 κέ-

202 3787 368 3857 δρους
395 3791 690 3847 λεπτυνεῖ
710 3791 843 3863 (16),
867 3791 948 3857 ὡς
974 3789 1082 3844 τὸν
1102 3793 1351 3860 μόσχον
1364 3790 1473 3844 τὸν
1492 3790 1773 3844 Λίϐανον.

203 3883 263 3935 Τί
287 3881 374 3938 οὖν
403 3888 554 3940 ἐστιν
574 3887 602 3938 ό
626 3883 824 3955 μόσχος
859 3882 1125 3947 Λίϐανος;
1159 3883 1347 3948 Φασὶν,
1380 3883 1461 3936 ὅτι
1491 3883 1605 3955 (17)
1634 3880 1775 3936 κατά

205 3975 389 4049 πολλὴν
420 3977 742 4050 περιεργίαν
777 3978 825 4031 οἱ
860 3979 973 4041 τοῖς
1000 3975 1239 4040 εἰδώλοις
1275 3974 1653 4047 λατρεύοντες,
1685 3973 1777 4028 διὰ

204 4066 289 4119 τοῦ
310 4068 540 4122 Λιϐάνου
580 4066 911 4140 μορφοῶτες
947 4068 1163 4138 μόσχων
1195 4066 1654 4137 ἀπεικονίσματα,
1687 4065 1779 4120 οὖ-

204 4174 303 4223 τως
327 4160 500 4216 ταῦτα
552 4160 883 4232 κατήγγιζον
929 4161 1023 4215 ἐπὶ
1069 4160 1162 4214 τοῦ
1206 4159 1399 4230 πυρός.
1446 4157 1634 4223 Οὕτως
1684 4154 1777 4214 οὖν

208 4266 328 4321 φησι
358 4253 455 4317 τὰς
486 4253 870 4321 ἀντικειμένας
893 4250 1150 4321 δυνάμεις
1177 4252 1257 4313 είς
1278 4249 1584 4320 ἀφανισμὸν
1612 4246 1778 4315 ἀξίως

1875 3165 1999 3205 cum
2056 3148 2253 3215 altum,
2303 3148 2636 3217 elatumque,
2678 3158 2732 3205 et
2784 3149 3109 3206 humilitatis
3158 3150 3452 3221 impatiens

1875 3256 1971 3298 cor
2003 3240 2187 3313 populi
2227 3240 2519 3297 deduceret
2556 3240 2624 3296 ad
2653 3240 3051 3311 pmnitentiam.
3091 3228 3457 3299 Unde‘Domi.

1877 3352 1981 3393 nus
2009 3334 2399 3408 praeparationi
2454 3334 2624 3415 ipsius
2673 3335 3001 3403 succedens,
3033 3342 3335 3405 potestates
3363 3336 3454 3391 ad-

1875 3443 2087 3495 versas,
2119 3426 2313 3485 cedros
2338 3425 2533 3484 Libani
2564 3442 2662 3497 per
2702 3426 3080 3499 metaphoram
3104 3435 3327 3484 vocatas
3357 3427 3453 3482 ad.

1876 3528 2038 3577 ventu
2064 3534 2165 3577 suo
2198 3519 2515 3590 confringit.
2552 3518 2779 3589 Oportet
2828 3533 3062 3589 namque
3090 3534 3316 3590 regnare
3344 3520 3453 3575 Do.

1876 3614 2105 3679 minuin,
2141 3612 2313 3668 donec
2369 3611 2471 3667 sub
2540 3626 2669 3667 suos
2727 3609 2892 3681 pedes
2946 3618 3114 3679 ponat
3177 3610 3452 3668 inimicos.

1878 3704 2042 3762 Vsus.
2067 3705 2122 3760 6.
2147 3703 2218 3758 Et
2244 3704 2339 3759 lias
2366 3705 2559 3759 cedros
2585 3705 2921 3767 comminuet,
2955 3711 3204 3773 tanquam
3229 3702 3453 3760 vitulum

1877 3794 2158 3851 Libanum.
2174 3793 2311 3860 Quid
2330 3793 2491 3863 igitur
2503 3802 2588 3848 est
2602 3791 2803 3847 vitulus
2820 3789 3060 3849 Libanus
3074 3794 3096 3846 ?
3112 3788 3314 3848 Ferunt
3333 3793 3453 3849 ido-

1879 3885 2053 3940 lorum
2096 3883 2333 3940 cultores
2380 3882 2551 3939 multa
2581 3882 2804 3941 solertia
2833 3869 3451 3940 simulacra'vitulorum

1878 3991 1945 4032 ex
1982 3976 2141 4032 thure
2181 3973 2460 4048 ellingere,
2485 3990 2660 4046 eaque
2694 3985 2809 4030 tum
2852 3978 3068 4032 demum
3117 3976 3222 4047 igni
3259 3976 3453 4031 admoo

1879 4079 2027 4120 vere.
2067 4062 2255 4134 itaque
2300 4066 2551 4121 eumdem
2606 4066 2675 4121 ad
2730 4065 2949 4122 modum
3000 4068 3262 4137 propheta
3320 4066 3453 4122 dicit

1880 4155 2220 4212 adversariae
2254 4165 2549 4225 potestates
2580 4171 2612 4212 e
2641 4157 2818 4213 medio
2842 4173 2963 4213 esse
3005 4158 3130 4228 jure
3168 4157 3451 4214 tollendas.

1880 4247 1989 4303 Aut
2014 4246 2219 4303 vitulus
2252 4247 2364 4314 ille,
2391 4247 2483 4316 qui
2520 4262 2587 4303 ex
2628 4247 2785 4302 thure
2831 4246 3086 4313 ell'ectus,
3117 4247 3241 4315 igne
3275 4248 3454 4318 tique-

208 4339 631 4412 ὲξαφανίσεσθαι.
668 4344 737 4396 Ἦ
768 4342 968 4413 μόσχος
993 4343 1023 4395 6
1043 4341 1133 4396 διὰ
1160 4340 1253 4396 τοῦ
1281 4341 1517 4396 Λιϐάνου
1539 4341 1645 4395 ὑπὸ
1681 4340 1769 4396 τοῦ

1883 4340 2007 4406 scit,
2026 4336 2184 4407 juxta
2212 4338 2264 4393 id
2299 4338 2442 4407 quod
2477 4337 2679 4393 dictum
2706 4344 2794 4393 est
2819 4352 2833 4392 :
2869 4337 3023 4394 Sicut
3045 4321 3248 4408 liqueft
3277 4354 3397 4392 cera
3422 4355 3454 4392 ιι

405 4404 805 4507 συντηκόμενος
1009 4434 1072 4497 τὸ
1108 4432 1398 4505 εἰρημένον
1425 4446 1438 4460 ⁸
1483 4433 1579 4499 Ὠς
1601 4432 1769 4502 τήκε-

1882 4404 2219 4500 faciedgnis,
2265 4404 2342 4485 sic
2388 4429 2634 4498 peribunt
2673 4439 2970 4498 peccatores
2988 4430 3055 4485 ⁸³.
3086 4404 3455 4501 Similiterque

211 4536 295 4577 ται
323 4525 505 4594 κηρὸς
528 4524 645 4579 ἀπό
675 4523 999 4593 προσώπου
1023 4523 1235 4593 πυρός,
1265 4523 1455 4590 οὕτως
1477 4522 1769 4579 ἀπολοῦν·

1885 4522 2113 4594 intelligi
2150 4531 2355 4593 potest,
2384 4523 2579 4580 cedros
2604 4531 2660 4579 et
2697 4523 2871 4593 ipsum
2905 4521 3170 4578 Libanum
3210 4522 3460 4581 elationis

276 4681 491 4751 Y‘Joan.
527 4699 569 4746 ι,
599 4682 690 4737 52.
764 4683 811 4715 "
836 4680 963 4736 ibid.
1010 4681 1092 4738 l6.
1184 4682 1389 4738 "ibid.
1427 4682 1514 4738 18.
1565 4682 1568 4686 λ
1602 4682 1649 4713 ’⁸
1670 4680 1768 4736 .loa

1873 4698 1954 4751 ιιι,
1989 4679 2081 4738 27.

213 4749 370 4808 “lsa.
405 4769 494 4823 ιιι,
534 4752 586 4807 4.
663 4752 710 4785 ⁸³
735 4752 878 4807 Psal.
906 4767 1074 4817 vaii,
1104 4753 1159 4807 5.

280 4886 386 4960 (14)
405 4887 542 4960 Bes-

279 4955 385 5031 (l_5)
414 4955 748 5031 111ιῖί1,’παρὰ
774 4958 870 5013 τοῦ
891 4958 1162 5031 Ἰωάννου,
1186 4956 1339 5031 deest
1364 4956 1418 5031 in
1438 4955 1575 5031 [ζέε.
1607 4971 1774 5031 quar-

217 5025 472 5083 to.’l’aulo
506 5038 625 5098 post
650 5025 793 5083 idem
831 5031 997 5083 codex
1024 5025 1493 5098 ézotpdtCm~t6stp
1535 5025 1777 5098 Subinde

218 5097 370 5169 editio
412 5095 593 5169 Pariis.
633 5114 758 5153 cum
811 5098 1020 5153 duobus
1075 5095 1205 5169 mss.
1256 5095 1558 5169 καθαίρων,
1610 5097 1772 5151 male.

220 5163 380 5238 Editio
409 5168 571 5223 Basil.
606 5176 661 5223 et
692 5169 824 5236 Reg.
854 5178 1084 5238 quartus
1105 5166 1404 5238 καθαιρῶν,
1424 5163 1603 5238 'bene.

284 5235 489 5309 (l6)_lta
518 5240 645 5309 Reg.
682 5232 931 5309 quartus.
964 5236 1143 5309 Eilitio
1195 5232 1325 5291 vei-0
1372 5235 1545 5290 Paris.
1576 5232 1778 5289 λεπτύ-

221 5317 341 5377 νειν.
362 5305 513 5377 qub.
547 5305 811 5377 εεβιὶἶιιιις
834 5305 1105 5377 λεπτύνει.

284 5376 386 5447 (ιι)
412 5376 501 5432 Sic
527 5373 654 5433 editi
684 5378 783 5432 :Tl
809 5373 901 5430 οὖν
930 5378 1120 5430 ἐστινὸ
1139 5377 1365 5447 μόσχος;
1388 5375 1641 5447 Λίϐανος,
1676 5391 1780 5443 φα-

222 5444 317 5515 σὶν,
345 5445 400 5498 όν
435 5460 561 5510 etc.,
595 5449 789 5515 quibus
823 5448 877 5500 in
902 5448 1083 5502 verbis
1115 5444 1395 5500 c'um'insit
1431 5446 1777 5509 vitinui,enm

222 5514 382 5568 locum
408 5517 508 5571 viri
548 5514 843 5572 doetissimi
874 5515 1233 5572 Combel‘isius
1263 5527 1316 5571 et
1341 5517 1561 5570 Ducmus
1588 5528 1777 5568 emen-

224 5585 341 5638 dare
368 5586 669 5651 voluerunt,
712 5589 872 5642 docte
913 5586 1131 5655 quidem
1174 5594 1435 5655 uterque,
1469 5586 1563 5639 sed
1594 5584 1776 5655 divers

2188 4681 2389 4738 "ibid.
2414 4679 2503 4736 ιιι.
2580 4681 2627 4714 ιο
2654 4680 2783 4737 ibid.
2813 4680 2903 4747 εδ,
2935 4680 3025 4735 st.
3131 4678 3173 4712 οι
3203 4677 3333 4733 ibid.
3365 4679 3456 4734 εδ.

564 4898 792 4959 quartus
820 4888 975 4959 ὡσεί.
1000 4958 1005 4959 ν
1203 4956 1218 4959 _
1367 4956 1378 4959 _
1442 4955 1473 4959 _

1885 4904 2015 4959 σχος
2041 4886 2133 4940 τοῦ
2160 4885 2426 4959 Λιϐάνου;
2447 4886 2589 4951 Quid
2606 4902 2727 4956 ergo
2748 4897 2821 4941 est
2845 4885 3039 4959 vitulus
3058 4886 3245 4943 Libani
3263 4886 3458 4943 iCom-

1884 4957 2106 5029 belisius
2128 4957 2442 5029 vero_alit§r
2478 4959 2771 5029 emendare
2803 4958 3147 5029 aggreditur;
3201 4968 3459 5029 putatque

1880 5028 2191 5094 legendum,
2246 5026 2312 5079 Τί
2357 5021 2452 5080 οὖν
2489 5027 2641 5080 ἐστιν
2682 5028 2740 5098 6_
2762 5021 2962 5098 μόᾶᾖος
2988 5021 3247 5098 Λίϐανοςς
3290 5021 3459 5098 Φασὶν

1879 5098 1983 5162 ὅτι,
2013 5106 2117 5153 etc.
2144 5097 2283 5161 Quid
2305 5097 2467 5166 igitur
2491 5097 2683 5150 vitulus
2707 5094 2942 5150 Libaiius
2962 5098 2988 5152 ?
3011 5096 3171 5151 Aiunt
3195 5096 3458 5151 idolorum

1880 5169 2128 5230 cultores,
2184 5176 2290 5222 etc.
2330 5165 2446 5221 Nec
2484 5168 2708 5220 dubium
2758 5170 2887 5235 quin
2930 5168 3031 5219 hoc
3081 5181 3182 5220 suo
3235 5166 3457 5220 invento

1883 5237 2111 5290 multum
2142 5237 2439 5290 delectatus
2468 5236 2558 5298 sit,
2590 5250 2713 5290 cum
2754 5236 3090 5289 confidenter
3118 5235 3282 5289 addat
3308 5251 3323 5289 ι
3366 5236 3458 5290 Sis

1881 5306 2028 5377 legit,
2052 5307 2361 5376 scripsitque
2385 5304 2638 5361 Basilius.
2677 5306 2793 5371 Quo
2813 5306 3039 5377 quidem
3067 5312 3225 5359 modo
3270 5316 3459 5360 auctor

1882 5374 2001 5443 ejus
2028 5374 2284 5445 Opustmli
2305 5377 2586 5443 scripserit
2606 5415 2620 5435 .
2666 5390 2770 5428 non
2796 5376 2970 5428 dicam
3006 5374 3140 5445 (nec
3168 5390 3299 5445 vero
3322 5378 3458 5429 tanti

1881 5448 2039 5500 nobis
2068 5444 2283 5499 ’videtur
2309 5446 2505 5513 scire):
2538 5445 2663 5510 quia
2692 5454 2867 5499 tamen
2897 5444 3205 5512 conjectura
3227 5444 3460 5499 Combe-

1882 5517 1986 5570 lisii
2018 5516 2147 5569 nihil
2180 5518 2372 5569 melius
2393 5516 2654 5577 occurrit,
2687 5528 2806 5567 eam
2835 5514 3266 5583 amplectendam
3295 5516 3456 5569 duxi-

1879 5601 2019 5641 mus.
2054 5584 2166 5641 Nec
2210 5586 2337 5640 illud
2368 5585 2763 5655 omittendum,
2813 5584 2914 5655 legi
2952 5586 3003 5638 in
3043 5583 3175 5655 Reg.
3214 5589 3372 5638 tertio
3406 5593 3459 5637 et

224 5665 296 5726 ες.
342 5658 428 5726 Ait
476 5658 635 5725 igitur
666 5658 909 5721 Ducaius,
934 5654 1175 5726 initiasse
1214 5654 1497 5724 legendum
1524 5667 1665 5719 esse,
1708 5654 1769 5707 Ti

1876 5655 2029 5711 tlolb.
2069 5665 2225 5710 sexto
2250 5655 2417 5708 Φασὶν
2447 5656 2475 5707 ό
2515 5654 2659 5708 κατά
2699 5664 2831 5725 etc.,
2872 5654 3021 5726 quod
3050 5656 3179 5726 quin
3231 5656 3458 5711 mendo-

224 5717 306 5797 οὖν
337 5717 533 5797 tactv?)
559 5727 787 5797 μόσχος;
819 5727 869 5779 τι
960 5725 1187 5788 Λίδανος
1205 5743 1220 5788 ;
1248 5717 1399 5797 il!“
1421 5739 1555 5797 ,ενθο
1592 5717 1667 5797 ξεί
1700 5726 1769 5797 vi‘

1877 5741 1997 5781 sum
2027 5726 2099 5782 sit
2143 5726 2380 5782 dubitari
2415 5739 2523 5780 non
2551 5734 2749 5790 potest.

226 5792 393 5849 talus!
413 5796 538 5864 quid
561 5791 831 5851 Libiinus?
856 5796 938 5852 vel
975 5805 1144 5862 certe,
1193 5794 1258 5849 Τί
1284 5791 1377 5849 οὖν
1417 5794 1565 5847 ἐστιν
1600 5793 1630 5844 ό
1669 5794 1769 5863 μό-
