3838 6214
341 337 411 393 79

1198 276 1205 284 .
1286 318 1630 378 APPENDIX
1667 313 1957 373 OPEBUM
2000 312 2057 369 S.
2100 308 2350 366 BASILII
2388 304 2632 364 MAGNI.

3510 299 3583 357 80

343 457 626 512 cedroram
674 461 950 509 auctorem
1002 448 1318 505 comminui.
1370 442 1749 500 Comminutus
1802 439 1938 500 ali-.

2048 454 2099 491 αι
2128 434 2147 504 (_
2157 433 2237 503 l8)
2267 435 2321 486 ot
2349 426 2705 502 ἁμαρτωλοί.
2743 425 2854 480 Καὶ
2874 422 3046 486 οὕτως
3067 421 3127 475 δὲ
3150 421 3372 476 δυνατὸν
3394 422 3584 491 νοῆσαι

347 545 562 615 quando
589 552 672 599 est
695 542 891 598 vitulus
922 539 1012 594 ille
1045 537 1098 593 in
1129 535 1339 602 Exodo,
1377 533 1467 602 qui
1506 531 1680 586 factus
1722 528 1902 584 fuerat

348 652 446 707 per
474 635 785 699 Aaronem;
835 646 957 686 cum
1005 628 1259 684 videlicet
1311 624 1539 696 populus
1578 638 1608 676 a
1640 623 1751 676 Deo
1780 619 1916 674 deti-

351 729 520 795 ciens,
564 735 618 782 et
662 727 714 780 in
750 723 1104 779 idololatriam
1152 720 1426 788 delapsus,
1483 730 1605 770 eum
1664 711 1913 768 efﬁnxit:

353 828 511 884 quem
550 821 851 880 correptum
885 808 1097 881 Moyses
1122 806 1429 861 minutatim
1462 802 1739 865 contrivit,
1767 809 1821 852 et
1853 798 1908 851 in

354 921 547 976 aquam
580 902 892 974 coniecit“.
928 900 1113 969 Itaque
1136 897 1202 953 ad
1226 899 1371 952 hunc
1400 894 1617 950 modum
1653 890 1913 946 Dominus

356 1005 524 1052 totum
561 995 845 1058 Libanum,
882 992 937 1046 id
980 999 1084 1059 est,
1121 989 1361 1057 primam,
1404 985 1622 1040 malitia:
1653 981 1918 1051 originem

355 1090 702 1150 comminuet,
735 1085 877 1140 sicut
903 1081 1103 1136 vitulus
1130 1079 1219 1134 ille
1260 1093 1291 1133 a
1326 1075 1512 1147 Moyse
1550 1073 1921 1130 comminatus

354 1189 455 1235 est.
488 1176 555 1234 Et
584 1176 895 1232 comminuet
915 1190 1004 1228 eas
1025 1182 1274 1241 tanquam
1313 1169 1534 1224 vitulum
1561 1164 1840 1219 Libanum.

430 1447 481 1501 5.
530 1443 591 1497 Et
620 1442 844 1496 dilectus
884 1436 1324 1509 quemadmodum
1366 1433 1510 1503 ﬁlius
1563 1430 1918 1485 unicornium.

357 1538 486 1593 Post
519 1535 756 1589 sublatas
790 1528 1129 1586 adversarias
1164 1534 1458 1598 potestates
1480 1535 1608 1578 tunc
1645 1538 1800 1577 amor
1832 1536 1922 1575 er-

360 1644 424 1701 ga
457 1625 738 1680 Dominum
780 1622 1069 1685 elucescet,
1097 1634 1162 1673 ac
1196 1618 1365 1687 ipsius
1399 1614 1677 1678 fortitudo,
1710 1612 1924 1667 nemine

361 1715 794 1774 adversariorum
854 1726 973 1765 eam
1028 1711 1402 1775 obscurante,
1464 1702 1752 1759 manifesta
1806 1702 1921 1757 fiet.

2013 524 2362 587 λεπτύνεσθαι
2391 522 2489 586 τὰς
2538 518 2761 590 κέδρους
2792 515 2885 570 nati.
2916 515 3076 567 αὐτὸν
3108 513 3198 568 τὸν
3235 512 3466 567 Λίϐανον
3493 511 3587 568 τὸν

2014 612 2253 686 ἀρχηγὸν
2268 612 2364 683 τῆς
2378 613 2485 663 τῶν
2501 608 2706 678 κέδρων
2726 604 3031 676 ἐπάρσεως.
3051 602 3379 673 Ἐλεπτύνθη
3404 602 3536 656 ποτὲ
3559 604 3589 656 ὁ

2020 705 2217 777 μόσχος
2243 700 2335 755 ἐπὶ
2356 701 2457 772 τῆς
2476 696 2653 765 ἐξόδου
2685 697 2772 751 διὰ
2800 696 2894 750 τοῦ
2930 694 3159 769 Ἀαρὼν,
3190 696 3280 749 ὅτε
3311 695 3421 766 (19)
3447 696 3586 749 ἀπο-

2021 797 2293 867 στατήσας
2330 792 2424 847 τοῦ
2453 792 2588 846 Θεοῦ
2626 791 2720 845 καὶ
2767 791 2847 853 εἰς
2900 788 3347 859 είδωλολατρείαν
3388 789 3586 856 ἐκτρα-

2020 888 2140 951 πεὶς
2171 885 2470 939 ἀνέπλασεν
2496 886 2525 937 ὁ
2556 881 2682 945 λαός
2703 898 2716 911 ·
2767 880 2825 933 ὃν
2851 877 3031 933 λαϐὼν
3053 879 3293 948 Μωῦσῆς
3311 918 3326 942 ,
3360 878 3593 948 κατήλε-

2022 994 2112 1030 σεν
2142 976 2253 1044 (20)
2292 977 2371 1039 είς
2402 973 2595 1037 λεπτὰ,
2641 972 2735 1026 καὶ
2774 970 2965 1025 ἔϐαλεν
2991 971 3070 1033 εἰς
3108 970 3170 1022 τὸ
3206 968 3369 1039 ὕδωρ.
3405 967 3594 1031 Οὕτως

2020 1060 2111 1119 οῦν
2140 1064 2390 1117 λεπτυνεί
2422 1062 2541 1115 ὅλον
2562 1060 2653 1114 τὸν
2673 1059 2921 1124 Λίϐανον,
2957 1058 3205 1110 τουτέστι
3234 1058 3333 1129 τὴν
3370 1056 3594 1128 πρώτην

2021 1158 2115 1228 τῆς
2145 1154 2340 1219 κακίας
2368 1154 2560 1226 ἀρχὴν,
2588 1155 2617 1207 ὁ
2647 1151 2869 1223 Κύριος,
2900 1150 2975 1213 ὡς
3006 1148 3307 1220 ἐλεπτύνθη
3333 1151 3361 1202 6
3398 1149 3596 1219 μόσχος

2022 1248 2227 1311 ἐκεῖνος
2254 1245 2359 1299 ὑπὸ
2400 1243 2494 1298 τοῦ
2524 1243 2821 1306 Μωῦσέως.
2851 1241 2962 1296 Καὶ
2981 1239 3272 1296 λεπτυνεῖ
3299 1239 3483 1305 αὑτὰς
3514 1240 3597 1306 ὡς

2022 1339 2131 1393 τὸν
2151 1341 2346 1408 μόχον
2368 1336 2476 1390 τὸν
2497 1336 2775 1390 Λίϐανον.

2095 1431 2149 1485 5.
2178 1430 2287 1484 Καὶ
2311 1429 2382 1498 όή
2404 1426 2745 1499 γαπημένος
2761 1427 2841 1492 ὡς
2855 1427 2984 1493 υἱὸς
2992 1425 3431 1495 μονοκερώτων.
3443 1421 3601 1477 Μετά

2023 1521 2084 1574 τὸ
2115 1520 2212 1584 τὰς
2235 1521 2611 1590 ἀντικειμένας
2632 1518 2887 1588 δυνάμεις
2920 1515 3292 1586 ἀναιρεθῆναι,
3318 1513 3441 1567 τότε
3470 1514 3602 1568 ἀνα-

2028 1613 2321 1683 φανήσεται
2356 1613 2390 1682 ή
2418 1611 2550 1682 πρὸς
2572 1609 2776 1681 Κύριον
2812 1608 3021 1677 ἀγάπη,
3062 1607 3156 1660 καὶ
3182 1608 3216 1676 ἡ
3261 1606 3413 1676 ἰσχὺς
3437 1603 3602 1658 αὐτοῦ

2027 1704 2234 1776 φανερὰ
2264 1706 2578 1775 γενήσεται,
2622 1700 2835 1763 οὐδενὸς
2860 1697 3273 1759 ἐπισκοτοῦν-τος
3311 1694 3417 1757 τῷν
3449 1695 3605 1748 ἐναν-

362 1812 649 1879 Propterea
694 1814 813 1875 post
855 1804 1002 1857 illam
1062 1800 1500 1855 imminutionem
1531 1796 1604 1850 ait
1639 1811 1652 1847 :
1687 1793 1926 1847 Dilectus

2048 1797 2177 1851 τίων.
2228 1799 2318 1849 Διό
2348 1813 2478 1866 φησι
2515 1793 2652 1866 μετὰ
2686 1793 2745 1846 τὸ
2777 1790 3172 1860 λεπτυνθῆναιο
3214 1789 3267 1841 '0
3301 1786 3606 1857 ὴγαπημέο

363 1905 457 1958 erit
501 1901 634 1955 sicut
662 1896 804 1965 ﬁlius
854 1892 1208 1947 unicornium.
1250 1887 1538 1944 Unicornis
1591 1897 1769 1940 autem
1810 1886 1927 1939 ani-

362 1994 472 2049 mal
511 2003 593 2046 est
633 1987 1002 2056 imperiosum,
1034 1981 1237 2037 homini
1282 1996 1388 2035 non
1429 1978 1725 2041 subditum,
1783 1975 1929 2046 quod

364 2084 473 2137 vim
506 2082 669 2137 habet
710 2077 1043 2139 indomitam,
1073 2072 1216 2140 quod
1254 2074 1307 2125 in
1352 2069 1732 2125 solitudinibus
1780 2081 1927 2121 sem-

362 2188 463 2243 per
518 2183 879 2232 commorans,
917 2166 971 2219 in
1031 2179 1138 2217 uno
1180 2178 1347 2217 cornu
1396 2161 1644 2215 ﬁduciam
1694 2157 1927 2228 reponit.

365 2262 700 2330 Quapropter
752 2254 1133 2325 insuperabilis
1164 2253 1322 2324 361
1353 2252 1558 2307 Domini
1584 2261 1777 2305 natura
1812 2250 1936 2303 uni-

367 2353 516 2409 corni
543 2358 854 2419 comparata
881 2354 984 2409 est,
1015 2352 1126 2399 tum
1148 2346 1293 2414 quod
1320 2343 1574 2398 omnibus
1601 2341 1929 2406 dominatur,

367 2456 480 2499 tum
516 2443 658 2513 quod
690 2455 854 2494 unum
903 2439 1065 2493 habet
1118 2438 1203 2491 sui
1235 2437 1407 2505 ipsius
1458 2435 1805 2505 principium,
1838 2433 1935 2487 Pa-

368 2547 527 2591 trem.
556 2532 765 2587 Etenim
794 2529 965 2598 Caput
1014 2526 1233 2591 Christi,
1270 2525 1489 2579 Deus“.
1534 2524 1691 2579 Vens.
1724 2525 1779 2581 7.
1824 2523 1935 2578 Vox

366 2628 579 2683 Domini
600 2621 955 2678 intercidentis
980 2620 1225 2690 ﬂammas
1251 2619 1406 2688 ignis.
1442 2617 1754 2683 Peccatum,
1790 2618 1933 2687 quod

367 2719 543 2773 instar
586 2715 724 2786 ignis
778 2709 945 2766 Israel
974 2708 1318 2778 depascebat,
1352 2706 1595 2762 Joannes
1639 2707 1938 2761 intercide-

366 2811 482 2875 bat,
509 2808 691 2863 dicens
716 2801 1120 2857 :Paznitentiam
1150 2801 1316 2870 agite,
1344 2799 1776 2867 appropinquavit
1795 2799 1933 2851 enim

369 2915 582 2971 regnum
626 2894 872 2950 metarum
893 2893 959 2946 ⁸⁸.
996 2891 1299 2945 Flammam
1353 2887 1516 2958 igitur
1558 2887 1933 2956 cupiditatum,

370 3008 436 3049 ex
465 2997 689 3062 peccato
741 2984 1025 3039 animabus
1072 2983 1443 3045 accedentem,
1468 2978 1803 3033 annuntiatis
1839 2976 1937 3030 Ju-

372 3087 511 3141 datis”
531 3083 673 3153 ignis
709 3079 895 3136 aeterni
945 3075 1147 3146 poenis,
1188 3071 1568 3135 intercidebat,
1598 3085 1721 3125 cum
1749 3067 1935 3138 judicii

372 3176 603 3232 referret
628 3172 1049 3234 vehementiam,
1080 3168 1267 3223 dicens
1295 3182 1308 3218 :
1345 3163 1709 3218 Ventilabrum
1747 3162 1802 3215 in
1827 3177 1941 3214 ma-
1965 3143 2007 3202 (ἶ

374 3284 446 3321 nu
476 3265 709 3330 Domini,
762 3272 809 3316 et
845 3276 1027 3314 aream
1054 3257 1327 3311 mundabit
1354 3270 1370 3307 .'
1397 3268 1445 3310 et
1474 3255 1707 3307 triticum
1734 3250 1942 3323 quidem

373 3360 431 3413 in
460 3358 658 3412 horreis
691 3354 933 3424 deponet,
976 3349 1155 3419 paleas
1206 3364 1322 3402 vero
1378 3346 1488 3417 igni
1537 3344 1629 3415 qui
1676 3343 1942 3412 exstingui

375 3467 478 3505 non
510 3455 697 3518 potest,
733 3443 996 3498 comburet
1019 3442 1087 3494 ⁸⁷.
1115 3438 1264 3493 illam
1296 3450 1423 3508 ergo
1461 3435 1730 3490 ﬂammam
1779 3435 1946 3488 inter-

377 3540 610 3603 cidebat,
644 3537 788 3607 quod
834 3532 1103 3589 horrenda
1134 3530 1331 3601 populo
1360 3528 1430 3583 ob
1464 3526 1650 3583 oculos
1679 3525 1942 3595 posuerit.

448 3630 501 3685 6.
542 3630 707 3684 Vens.
735 3626 789 3681 8.
819 3622 885 3678 Et
908 3622 1240 3677 commovebit
1271 3619 1522 3674 Dominus
1548 3618 1807 3671 desertum
1839 3614 1947 3670 Ca-

378 3728 489 3779 dcs.
525 3717 842 3789 Baptizabat
865 3715 1008 3772 enim
1047 3711 1283 3767 Joannes
1314 3712 1366 3765 in
1398 3711 1634 3764 deserto.
1664 3709 1947 3763 Desertum

381 3817 546 3886 igitur
583 3813 712 3866 illud
762 3805 1056 3863 commovit
1089 3819 1188 3874 per
1230 3804 1550 3874 p0pulorum
1586 3801 1824 3869 undique
1855 3813 1951 3854 ac-

382 3905 715 3963 currentium
747 3900 1057 3955 adventum.
1087 3894 1245 3961 Quod
1276 3895 1575 3957 deserlum,
1605 3899 1828 3962 propter
1853 3903 1947 3945 eo—

383 4012 504 4053 rum
546 3993 636 4064 qui
668 3990 960 4046 veniebant
993 3982 1399 4056 pmnitentiam,
1429 3991 1679 4036 sanctum
1712 3975 1948 4047 appella-

386 4101 500 4144 tum
526 4095 631 4143 est.
665 4081 841 4138 Cades
863 4081 1031 4141 enim,
1063 4076 1109 4131 si
1153 4072 1556 4144 interpreteris,
1587 4078 1830 4124 sanctum
1865 4066 1953 4121 di—

384 4182 549 4239 citur.
579 4175 706 4232 llzec
735 4187 840 4228 vox
890 4174 1161 4239 praeparat
1192 4178 1381 4220 cervos
1422 4162 1608 4234 (Vitas.
1633 4160 1712 4231 9),
1744 4158 1955 4213 animas

386 4271 640 4329 videlicet
680 4274 921 4329 sanctas,
968 4275 1089 4331 quae
1128 4257 1423 4329 exquirunt
1468 4252 1742 4315 sublimia,
1788 4250 1955 4305 absu-

389 4375 651 4434 muntque
684 4365 982 4429 serpentes,
1022 4360 1079 4408 et
1116 4350 1172 4405 in
1227 4349 1350 4404 altis
1398 4345 1674 4404 montibus
1719 4354 1957 4397 commo-

2030 1905 2136 1955 νος
2169 1889 2340 1941 ἔσται
2390 1886 2470 1952 ὡς
2513 1885 2643 1950 υἱὸς
2688 1880 3127 1953 μονοκερὼτων.
3177 1879 3501 1948 Μονόκερως
3548 1876 3609 1930 δὲ

2020 1979 2169 2046 -ζῶον
2201 1979 2444 2050 ἀρχικὸν,
2472 1977 2841 2032 ἀνυπότακτον
2863 1972 3153 2045 ἀνθρώπῳ,
3183 1971 3283 2042 τὴν
3309 1971 3461 2040 ἰσχὺν
3478 1969 3610 2022 ἀκα-

2029 2071 2378 2142 ταμάχητον,
2411 2067 2665 2139 ἐρημίαις
2706 2067 2793 2120 ἀεὶ
2825 2063 3208 2133 διαιτώμενον,
3252 2062 3333 2115 ἐνὶ
3372 2059 3610 2131 κερατίῳ

2033 2161 2309 2225 πεποιθὸς.
2364 2160 2463 2214 Διὰ
2504 2160 2662 2213 τοῦτο
2701 2160 2736 2229 ἡ
2781 2153 3226 2224 ἁκαταγώνιστος
3268 2152 3363 2213 τοῦ
3401 2148 3609 2222 Κυρίου

2034 2250 2192 2322 φύσις
2227 2249 2505 2321 μονοκέρῳ
2546 2246 2658 2319 (21)
2700 2245 3066 2320 παρεικάσθη,
3103 2243 3193 2298 διά
3223 2260 3283 2296 τε
3320 2240 3417 2313 τὴν
3466 2239 3615 2294 κατά

2036 2343 2251 2396 πάντων
2285 2341 2481 2412 ἀρχὴν,
2517 2338 2611 2392 καὶ
2637 2338 2727 2392 διὰ
2755 2337 2818 2391 τὸ
2856 2337 2985 2407 μίαν
3009 2335 3154 2407 ἔχειν
3187 2334 3380 2388 ἑαυτοῦ
3413 2333 3612 2405 ἀρχὴν,

2033 2431 2124 2484 τὸν
2152 2430 2373 2501 Πατέρα
2393 2445 2405 2458 ⁸
2437 2427 2682 2497 Κεφαλὴ
2727 2426 2835 2498 γὰρ
2866 2426 3123 2494 Χριστοῦ
3167 2428 3200 2479 ό
3243 2425 3406 2488 Θεός.
3438 2423 3614 2492 Φωνὴ

2034 2523 2252 2591 Κυρίου
2278 2521 2703 2586 διακόπτοντος
2727 2520 2922 2589 φλόγα
2947 2518 3156 2586 πυρός.
3186 2516 3295 2587 Τὴν
3318 2516 3614 2586 ἁμαρτίαν,

2034 2613 2109 2678 ὡς
2163 2612 2274 2684 πῦρ
2321 2612 2717 2683 ἐπινεμομένην
2776 2610 2865 2663 τὸν
2906 2608 3150 2680 Ἰσραὴλ,
3184 2609 3213 2660 ὁ
3250 2607 3502 2677 Ἰωάννης
3538 2606 3620 2659 δι-

2037 2704 2252 2769 έκοπτε,
2299 2702 2500 2771 λέγων’
2546 2701 2928 2757 Μετανοεῖτε·
2977 2701 3187 2770 ἥγγικε
3232 2698 3398 2768 γὰρὴ
3432 2699 3619 2762 βασι-

2037 2796 2171 2850 λεία
2200 2794 2317 2848 τῶν
2344 2794 2634 2862 οὐρανῶν.
2668 2795 2780 2865 Τὴν
2811 2788 2905 2846 οῦν
2936 2792 3110 2861 φλόγα
3136 2790 3244 2844 τῶν
3278 2790 3490 2855 παθῶν,
3518 2791 3622 2863 τὴν

2038 2886 2096 2954 ἐξ
2144 2886 2416 2957 ἁμαρτίας
2446 2885 2800 2956 ἐγγινομένην
2841 2886 2959 2947 ταῖς
2979 2883 3199 2954 ψυχαῖς,
3234 2881 3512 2948 διέκοπτε,
3543 2881 3623 2935 δι-

2037 2979 2339 3050 ηγούμενος
2362 2977 2431 3030 τὰ
2458 2978 2586 3050 περὶ
2610 2977 2702 3030 τοῦ
2733 2975 2952 3029 αἰωνίου
2983 2976 3152 3047 πυρὸς
3183 2977 3294 3038 τοῖς
3323 2974 3623 3039 Ἰουδαίοις,

2041 3075 2097 3125 ἐν
2121 3070 2198 3142 τῷ
2225 3070 2403 3139 λέγειν
2442 3068 2511 3122 τὰ
2549 3069 2648 3139 τῆς
2678 3068 2910 3140 κρίσεως
2954 3068 3184 3140 σφοδρὰ,
3220 3068 3304 3121 ὅτι
3334 3067 3404 3121 Τὸ
3431 3068 3627 3121 πτύον

2039 3163 2109 3217 ἐν
2158 3161 2233 3231 τῇ
2288 3162 2438 3230 χειρὶ
2490 3158 2581 3213 τοῦ
2635 3160 2841 3231 Κυρίου
2863 3200 2878 3225 ,
2935 3158 3034 3212 καὶ
3088 3158 3457 3227 διακαθαριεῖ
3508 3157 3627 3226 τὴν

2042 3255 2277 3310 ἅλωναο
2320 3253 2416 3306 καὶ
2461 3251 2569 3305 τὸν
2609 3249 2725 3321 μὲν
2758 3249 2935 3304 σῖτον
2979 3250 3345 3318 ἀποϐήσεται
3385 3251 3501 3323 (22)
3539 3255 3630 3317 είς

2042 3345 2149 3412 τὰς
2184 3342 2526 3410 ἀποθήκας,
2578 3339 2647 3394 τὸ
2685 3340 2753 3394 δὲ
2794 3339 3025 3409 ἄχυρον
3067 3343 3430 3395 κατακαύσει
3482 3343 3629 3409 πυρὶ

2043 3436 2337 3502 ἀσϐέστῳ.
2390 3433 2638 3503 Ἐκείνην
2671 3427 2765 3486 οῦν
2796 3432 2894 3504 τὴν
2933 3432 3104 3501 φλόγα
3133 3431 3382 3485 διέκοπτε
3424 3432 3501 3503 τῷ
3536 3434 3629 3486 ὑπ’

2044 3527 2166 3598 ϐψιν
2197 3526 2350 3595 ἄγειν
2378 3523 2447 3581 τά
2482 3522 2689 3594 φοϐερὰ
2718 3519 2794 3590 τῷ
2822 3519 2957 3592 λαῷ.

2117 3618 2168 3673 6.
2205 3618 2315 3673 Καὶ
2364 3616 2690 3671 συσσείσει
2727 3615 2945 3681 Κύριος
2981 3612 3098 3681 τὴν
3134 3614 3357 3683 ἔρημον
3403 3612 3632 3680 Κὰδης.

2045 3707 2155 3765 Ἦν
2206 3709 2315 3781 γὰρ
2363 3708 2616 3778 Ἰωάννης
2672 3705 2945 3777 βαπτίζων
2994 3706 3052 3760 ὲν
3113 3708 3178 3775 τῇ
3248 3705 3460 3776 ἐρήμῳ.
3518 3706 3636 3777 Τὴν

2049 3802 2252 3875 ἔρημον
2277 3794 2368 3853 οῦν
2396 3797 2609 3868 ἐκείνην
2640 3792 2917 3849 συνέσεισε
2955 3796 3023 3865 τῇ
3059 3792 3323 3864 ἐπιδημίᾳ
3357 3792 3467 3845 τῶν
3496 3809 3639 3846 παν-

2048 3894 2274 3966 ταχόθεν
2312 3892 2457 3947 λαῶν
2485 3909 2498 3922 ’
2538 3891 2681 3962 ἥτις,
2717 3888 2807 3942 διὰ
2833 3888 2895 3941 τὸ
2916 3888 3213 3959 ’μετανοεῖν
3244 3887 3371 3949 τοὺς
3399 3887 3638 3958 ἐρχομέ-

2051 4003 2194 4052 νους,
2223 3985 2429 4057 ἔρημος
2470 3983 2600 4053 ἁγία
2627 3980 3052 4053 προσηγόρευτο.
3089 3977 3275 4049 Κάδης
3317 3977 3425 4048 γὰρ
3457 3977 3639 4050 ἑρμη-

2051 4079 2266 4135 νεύεται
2297 4078 2334 4145 ἠ
2364 4076 2521 4145 ἁγία.
2565 4072 2712 4145 Αῦτη
2754 4074 2788 4144 ὴ
2822 4071 2974 4143 φωνὴ
3013 4066 3328 4141 καταρτίζει
3370 4069 3467 4121 καὶ
3512 4068 3643 4123 ἐλά-

2055 4185 2207 4239 φους,
2241 4166 2340 4230 τὰς
2369 4163 2529 4234 ἁγίας
2558 4162 2756 4234 ψυχὰς,
2786 4162 2885 4225 τὰς
2911 4161 2980 4215 τὰ
3009 4159 3189 4230 ὑψηλὰ
3221 4158 3508 4230 ζητούσας,
3536 4159 3643 4223 τὰς

2053 4257 2162 4311 τῶν
2193 4255 2368 4327 δφεων
2395 4253 2795 4325 δαπανητικάς,
2826 4251 2927 4315 τὰς
2952 4250 3046 4303 ἐπὶ
3074 4250 3182 4303 τῶν
3216 4249 3437 4320 ὑψηλῶν
3464 4251 3643 4322 ὀρέων

2054 4348 2153 4417 τὴν
2197 4344 2475 4417 διατριϐὴν
2522 4342 2868 4414 ποιουμένας.
2908 4332 3077 4393 Αῦται
3122 4339 3168 4392 δ’
3205 4339 3271 4393 ἂν
3313 4334 3423 4392 εἷεν
3469 4339 3648 4410 ψυχαὶ

388 4427 598 4517 rantur.
630 4452 724 4509 lia;
760 4427 939 4507 autem
989 4446 1193 4502 fuerint
1232 4442 1427 4496 animae
1479 4435 1806 4508 magniﬁcae,
1836 4447 1938 4503 qua

2063 4434 2455 4507 μεγαλοφυείς,
2495 4432 2590 4485 ἐπὶ
2637 4430 2703 4485 τὰ
2747 4428 2926 4500 ὑψηλά
2956 4431 3055 4499 τῆς
3082 4429 3203 4482 κατ’
3232 4427 3461 4499 οὐρανὸν
3491 4428 3650 4481 πολι-

390 4495 598 4517 ..ι-..μη
630 4495 724 4509 ...η
760 4495 939 4507 νην...
990 4495 1190 4502 -_-_-__-
1239 4495 1244 4496 ν
1571 4495 1601 4508 ν
1792 4495 1798 4496 ί
1852 4495 1871 4503 _

387 4550 457 4604 ad
490 4522 730 4603 caelestis
758 4535 1186 4597 conversationis
1214 4529 1485 4601 fastigium
1507 4526 1577 4582 ab
1608 4524 1734 4580 imis
1769 4536 1938 4578 ascen

2066 4527 2217 4589 τείας
2260 4528 2327 4579 ἐκ
2363 4524 2472 4578 τῶν
2511 4521 2785 4577 ταπεινῶν
2838 4520 3256 4592 ἀνατρέχουσαι,
3303 4518 3506 4589 κοῦφαι
3547 4519 3650 4573 καὶ

391 4644 545 4705 dunt,
575 4643 763 4707 utpote
811 4631 961 4687 leves
990 4636 1047 4685 et
1079 4625 1235 4682 elata:
1260 4639 1276 4679 :
1302 4621 1499 4693 quibus
1528 4633 1653 4674 cum
1705 4615 1965 4671 adversa-

390 4732 492 4789 riis
528 4724 910 4802 potestatibus,
942 4714 1399 4792 quemadmodum
1438 4708 1619 4767 cervis
1666 4721 1791 4764 cum
1842 4719 1961 4760 ser-

393 4798 669 4896 pentibus,
697 4815 901 4902 b_ellum
946 4819 1050 4869 est.
1108 4808 1218 4865 Sed
1260 4804 1329 4860 Et
1357 4801 1551 4858 revelat
1598 4798 1859 4855 condensa
1903 4805 1967 4852 ut

2068 4617 2353 4690 διηρμέναι
2376 4632 2391 4647 ⁸
2424 4615 2658 4688 πόλεμον
2689 4613 2907 4683 ἔχουσαι
2945 4612 3081 4683 πρὸς
3124 4611 3224 4675 τὰς
3264 4610 3652 4682 ἀντικειμένας

2069 4705 2348 4776 δυνάμεις,
2379 4701 2455 4767 ὡς
2497 4702 2631 4774 πρὸς
2662 4703 2790 4764 τοὺς
2825 4699 2976 4769 ὄφεις
3006 4701 3063 4753 αἱ
3099 4699 3307 4766 ἔλαφοι.
3348 4699 3509 4753 Ἀλλὰ
3534 4700 3651 4754 Καὶ

2071 4795 2484 4852 ἀποκαλύπτει
2513 4792 2624 4865 (25)
2663 4791 2950 4862 δρυμοὺς,
2999 4792 3087 4846 ἵνα
3133 4794 3183 4845 οἱ
3229 4792 3381 4861 δφεις
3423 4790 3656 4862 φανεροὶ

462 5017 515 5052 ⁸⁸
536 5014 706 5073 Exod.
734 5024 908 5077 nm,
943 5008 978 5064 4
1008 5021 1163 5077 seqq.
1236 5004 1285 5038 ”
1307 5002 1328 5058 ι
1350 5001 1474 5058 Cor.
1503 5016 1580 5068 ιι,
1608 4999 1664 5056 5.
1737 4997 1784 5029 ⁸⁸
1807 4994 1938 5051 Matt

2048 4993 2181 5060 ",2.
2248 4992 2447 5049 "ibid.
2476 5007 2560 5056 nt,
2592 4990 2679 5045 12.

495 5156 581 5226 18)
600 5154 745 5226 Beg.
766 5154 990 5226 quartus
1012 5143 1344 5226 ἀπώλλυντο.
1362 5140 1501 5226 “Nec
1519 5225 1522 5226 ν
1542 5129 1629 5194 ita‘
1653 5125 1968 5226 mtélt‘opost

396 5205 857 5283 etlitio'lsaris.'6v
891 5216 1328 5285 ἀποστήσαντας.
1361 5212 1535 5265 Editio
1567 5223 1694 5263 vero
1720 5205 1882 5260 Basil.
1915 5215 1970 5258 et

400 5297 572 5353 nostri
599 5303 845 5363 quatuor_
858 5284 1563 5363 mss._6':t¥:_dmoo~rﬁcatwa;.

474 5363 586 5438 (l9)
614 5354 778 5438 ξρτε.
806 5358 967 5413 Forte
985 5354 1253 5438 ὃνλΕυιτ.

614 5414 742 5490 M—ss.
774 5439 887 5507 tres
908 5422 1258 5507 κατείλησεν,
1276 5421 1443 5507 male;
1480 5417 1618 5507 Editi
1649 5414 1968 5507 κατήλεσεν,

404 5521 437 5562 a
467 5487 917 5570 νει-ὓομκατηλεῖν
947 5495 1078 5566 (imo
1102 5487 1372 5552 καταλεῖν.
1403 5491 1612 5560 Εοιτ.),
1643 5487 1780 5541 mola
1801 5524 1817 5550 ,
1858 5500 1972 5536 mo-

486 5585 715 5630 contero.

403 5575 751 5721 “(Wigh-
770 5634 1378 5721 ρυαι-ιιιεμονοκέιρωτι»
1402 5631 1495 5721 sed
1519 5630 1770 5721 "cur
1795 5636 1984 5721 23:”??-

406 5703 646 5774 additum
689 5703 760 5772 sit
787 5703 1070 5771 'secundis
1116 5703 1285 5774 curis,
1317 5703 1505 5761 eadem
1563 5707 1743 5754 tamen
1794 5708 1977 5750 manu.

2076 5131 2227 5233 iiaud
2283 5129 2442 5250 longe
2491 5125 2658 5183 nostri
2702 5132 2936 5196 quatuor
2970 5138 3098 5179 mss.
3133 5122 3210 5193 τῷ
3246 5119 3479 5193 Ἰσραήλ.
3511 5119 3660 5175 Editi

2076 5218 2166 5255 τον
2198 5201 2381 5269 Ἰσραή
2423 5237 2437 5250 .
2660 5268 2667 5269 7
3393 5260 3425 5269 ﬂ
3456 5256 3469 5269 .
3529 5260 3542 5269 ι

2075 5203 2166 5255 τὶν
2198 5203 2437 5255 Ἰσραήλ.

2151 5217 2525 5340 ἳίεε.
2552 5268 2760 5324 tertius.
2781 5265 3019 5340 Alii‘tres
3043 5278 3176 5340 t_nss_.
3195 5277 3321 5340 cunt
3342 5256 3660 5340 edit-is

2079 5328 2303 5393 τίσεται.
2334 5328 2625 5406 ΑΙίίιιῘιιηιο
2664 5347 2783 5405 post
2827 5337 2990 5389 editio
3040 5329 3330 5406 Paris._c§t
3509 5328 3660 5398 ὄψιν.

2079 5411 2257 5464 Editio
2288 5399 2455 5461 Basil.
2475 5418 2529 5462 et
2558 5399 2725 5462 nostri
2760 5417 2994 5475 quatuor
3021 5418 3155 5475 mss.
3186 5402 3247 5454 τὸ
3405 5399 3550 5467 ὄψιν.

2154 5478 2265 5549 (25)
2297 5478 2523 5549 Ειιὶιίᾲει-
2541 5488 2649 5549 tres
2675 5469 2809 5549 mss.
2834 5472 3233 5549 ἀποκαλύπτει..
3251 5469 3400 5549 _lie_g.
3426 5484 3530 5549 qua
3541 5477 3662 5549 rtus

2081 5536 2185 5603 una
2226 5536 2345 5601 c'nm
2390 5545 2528 5600 LXX
2570 5543 2931 5614 ἀποκαλύψει.
2982 5545 3101 5597 Mox
3135 5536 3508 5614 editio_Paris.

2081 5616 2445 5698 συσκιασμοῦ.
2483 5615 2660 5672 Editio
2685 5606 2844 5671 Basili
2872 5629 3027 5684 teque
3053 5627 3118 5668 ac
3157 5609 3350 5682 nostri.
3374 5622 3507 5665 mss.
3553 5606 3666 5660 ὑπὸ

2079 5705 2172 5745 του
2205 5704 2328 5742 συσ.
