3838 6214
180 375 237 433 ﬂ
1253 371 1541 429 HOMILIA
1580 372 1648 428 IN
1686 370 2017 429 PSALMUM
2054 370 2317 432 XXXVII.
3341 373 3407 429 8!

181 490 454 556 γένωνται,
498 488 545 541 οἰ
598 487 706 541 ὑπὸ
730 487 823 541 τοῦ
867 487 1203 558 συσκιασμοῦ
1247 489 1356 543 τῶν
1398 490 1619 562 δρυμῶν
1649 508 1697 543 xc

1893 497 2133 558 arpentes
2184 502 2284 544 sun
2331 487 2731 543 condensarum
2787 486 3049 543 silvarum
3096 485 3409 544 umbraculo

178 577 511 650 λυπτόμενοι,
554 579 692 650 πρὸς
735 579 796 632 τὺ
848 578 1190 651 ἀπονώτερον
1238 581 1436 645 αὐτοὺς
1484 581 1585 635 ὑπὸ
1639 582 1694 633 τι]

1872 580 2228 635 lelitescentes
2251 578 2593 646 detegantur,
2631 585 2691 633 ut
2740 579 2949 634 minore
2977 579 3195 647 negotio
3234 594 3263 633 a
3295 594 3388 633 cer

178 669 381 739 ὲλάφων
403 669 918 725 καταναλίσκεσθαι.
953 670 1109 741 Τάχα
1130 667 1224 724 οὖν
1254 673 1282 725 6
1310 671 1547 741 ἐλέγχων
1569 671 1694 735 τὰςέ

1892 672 1933 725 is
1962 670 2336 727 absumantur.
2364 670 2619 725 Fortasse
2643 670 2826 741 igitur,
2853 670 2946 740 qui
2974 671 3290 725 abscondita
3331 670 3408 722 vi-

178 758 251 831 τῷ
272 758 496 831 κρυπτῷ
519 758 731 822 κακίας,
758 759 1132 814 ἀποκαλύπτει
1152 760 1387 832 δρυμούς
1404 778 1419 791 ·
1446 762 1694 815 τουτέστι

1898 779 1925 815 a
1967 761 2163 832 arguit,
2195 761 2243 816 is
2288 760 2494 816 revelat
2529 762 2799 817 condensa
2827 777 2841 813 :
2875 763 2978 816 hoc
3003 769 3109 829 est,
3144 761 3407 816 latitantia

179 852 254 913 είς
286 850 524 921 ἐμφανὲς
565 849 688 918 ἀγει
718 849 817 913 τὰς
850 851 1272 921 ὲμφωλευούσας
1295 854 1361 923 τῇ
1392 852 1549 923 ύλικῇ
1586 852 1695 922 φύσ

1891 869 1904 907 I
1954 852 2220 908 materiali
2255 861 2448 908 natura
2499 862 2720 924 peccata
2755 854 2809 908 in
2863 864 3110 924 apertum
3161 853 3407 923 profert:

182 940 462 1011 ἁμαρτίας,
488 940 640 1009 δφεις
669 940 966 1011 λεγομένας
996 941 1085 996 διὰ
1113 942 1174 996 τὺ
1209 943 1450 996 ποικίλον
1492 944 1589 1013 τῆς
1622 943 1698 1015 ήδι

1893 956 1971 997 um
2004 943 2073 997 ob
2120 941 2414 1011 voluptatis
2442 942 2762 997 varietatem
2807 949 3085 1009 serpentes
3129 941 3405 997 dicuntur.

179 1030 286 1101 γῆς.
332 1030 694 1101 ’Δποκαλύψει
730 1031 787 1085 δὲ
833 1033 892 1085 ὲν
935 1033 1147 1105 ἡμέρᾳ,
1185 1034 1274 1088 ὅτε
1306 1033 1642 1103 ἀποκαλύψει
1676 1052 1695 1087 τ

1892 1031 2132 1087 .evelabit
2147 1041 2327 1086 autem
2361 1031 2416 1085 in
2433 1030 2523 1085 illa
2543 1031 2651 1098 die,
2672 1045 2792 1086 cum
2811 1031 3074 1087 revelabit
3090 1032 3408 1107 abscondita

181 1121 385 1193 κρυπτά
423 1121 519 1175 τοῦ
559 1123 804 1188 σκότους,
839 1124 934 1177 καὶ
973 1124 1073 1187 τὰς
1120 1123 1316 1195 βουλὰς
1356 1125 1465 1179 τῶν
1509 1124 1697 1197 καρδιᾶ

1895 1125 2191 1177 :nebrarum
2215 1132 2270 1178 et
2302 1123 2528 1178 consilia
2565 1124 2810 1178 cordium
2835 1125 3072 1193 ipsorum
3090 1124 3160 1179 ⁸⁸.
3199 1125 3411 1180 Fortas-

180 1210 366 1265 αὐτῶν.
414 1212 569 1283 Τάχα
600 1212 660 1266 δὲ
704 1215 800 1267 καὶ
838 1213 869 1265 6
905 1215 1174 1287 Ἰωάννης,
1223 1217 1375 1287 φωνὴ
1404 1216 1479 1270 ὢν
1505 1217 1599 1270 τοῦ
1629 1219 1696 1270 Κι

1892 1229 1926 1267 :s
1958 1221 2135 1266 autem
2152 1221 2207 1267 et
2221 1210 2477 1280 Joannes,
2509 1227 2631 1267 cum
2657 1213 2866 1268 Domini
2890 1223 3036 1269 esset
3051 1230 3176 1282 vox,
3196 1215 3248 1269 in
3276 1216 3408 1269 aeni-

183 1301 314 1373 ρίου,
350 1303 410 1355 ὲν
456 1302 740 1374 αἰνίγματι
789 1303 898 1375 (26)
950 1305 1029 1374 τῷ
1069 1306 1283 1378 Ἰσραὴλ
1330 1307 1617 1377 διελέγετο,
1662 1309 1699 1362 δ’

1896 1310 2028 1357 mate
2056 1301 2224 1357 Israel
2253 1302 2335 1359 sic
2360 1302 2733 1374 alloquebatur
2761 1323 2775 1359 :
2801 1303 2926 1359 lam
2942 1307 3140 1360 securis
3168 1306 3237 1359 ad
3265 1304 3412 1360 radi-

185 1392 316 1461 Ἤδη
335 1394 374 1461 ἠ
397 1393 576 1462 ἀξίνη
604 1394 754 1463 πρὸς
777 1395 892 1463 τὴν
910 1395 1082 1464 ῥίζαν
1109 1395 1228 1450 τῶν
1253 1397 1349 1452 δέν
1359 1397 1515 1467 δρων
1536 1398 1701 1452 κεῖταη

1894 1410 1959 1446 2m
1995 1393 2242 1448 arborum
2269 1395 2444 1461 posita
2470 1402 2569 1450 est.
2601 1393 2784 1449 Omnis
2826 1411 2947 1465 ergo
2974 1396 3131 1449 arbor
3156 1412 3274 1466 quae
3308 1413 3410 1449 non

182 1482 302 1540 Πᾶν
322 1480 434 1540 οὖν
472 1485 725 1555 δένδρον
753 1487 840 1557 μὴ
874 1488 1089 1543 ποιοῦν
1125 1489 1355 1558 καρπὸν
1392 1490 1605 1555 καλὸν,
1649 1491 1698 1544 ἐν

1896 1485 1979 1539 tcit
2009 1485 2241 1553 fructum
2272 1485 2484 1551 bonum,
2520 1487 2800 1553 exciditur,
2826 1497 2874 1541 et
2912 1489 2967 1540 in
3003 1491 3167 1557 ignem
3194 1487 3412 1557 conjici-

183 1579 478 1641 κόπτεται,
537 1579 637 1633 καί
694 1582 782 1647 εις
840 1581 961 1650 πῦρ
1005 1581 1318 1646 βάλλεται.
1369 1584 1699 1638 Ἀπεκάλυπτ

1894 1590 1937 1627 tr
1957 1576 2025 1628 δ’.
2056 1573 2350 1630 Revelabat
2382 1577 2680 1641 condensa,
2716 1575 2768 1629 id
2804 1584 2910 1642 est,
2939 1576 3212 1632 fructuum
3246 1578 3410 1631 inuti-

178 1666 299 1731 τοῦς
340 1667 598 1741 δρυμοὺς,
659 1670 905 1725 τουτέστι
949 1671 1059 1725 τῶν
1099 1672 1326 1746 καρπῶν
1366 1673 1430 1726 τὸ
1474 1673 1694 1745 ἄχρηστι

1894 1675 2056 1721 tatem
2082 1665 2257 1737 palam
2277 1666 2529 1723 faciebat.
2555 1667 2689 1722 Nam
2710 1668 2977 1723 condensa
3004 1667 3158 1733 silva,
3186 1669 3410 1723 materia

183 1755 432 1828 ἐφανέρου
453 1774 469 1789 ·
502 1758 750 1831 ἄκαρπος
776 1760 886 1833 γὰρ
914 1762 1014 1834 ὕλη
1041 1763 1070 1815 6
1100 1763 1326 1835 δρυμός.
1360 1758 1435 1818 Ob
1463 1766 1523 1819 τὸ
1551 1765 1699 1836 βλασε

1896 1757 2184 1834 tfructuosa
2230 1767 2332 1815 est.
2365 1759 2529 1831 Cujus
2555 1760 2635 1815 eis
2667 1760 3048 1815 detrimentum
3077 1775 3197 1815 cum
3225 1770 3412 1816 osten-

190 1846 270 1917 ρὺν
296 1848 646 1904 ἐπιδεικνύων
672 1852 872 1916 αὐτοῖς,
918 1855 999 1917 εἰς
1035 1854 1135 1926 τὴν
1180 1853 1572 1908 ἐπιϐάλλουσαν
1616 1873 1706 1928 καί

1894 1860 2028 1914 eret,
2064 1851 2130 1905 ad
2159 1864 2451 1919 congruam
2484 1851 2865 1907 fecunditatem
2912 1851 3030 1907 illos
3062 1854 3410 1923 provocabat,

187 1937 425 2004 πογονίαν
462 1941 874 2011 προσεκαλεῖτο,
893 1942 1069 2013 λέγων
1084 1960 1098 1974 ’
1122 1945 1420 2012 Ποιήσατε
1445 1946 1586 2012 τοὺς
1611 1963 1703 2015 και

1896 1939 2293 1997 icenstacite
2352 1942 2555 2011 fructus
2607 1944 2791 2013 dignos
2838 1945 3148 2013 paenitentia:
3168 1944 3236 1997 ’°.
3284 1945 3412 2011 Quae

186 2024 328 2091 ποὺς
354 2026 566 2095 ἀξίους
591 2028 703 2098 τῆς
720 2033 1055 2100 μετανοίας.
1092 2034 1179 2101 Ἐξ
1196 2028 1270 2089 ὧν
1287 2034 1501 2089 πάντων
1521 2036 1578 2089 ἒν
1605 2038 1699 2089 ὲστ

1894 2034 2030 2087 mnia
2077 2049 2239 2088 unum
2283 2034 2540 2099 eﬂiciunt,
2573 2049 2783 2105 nempe,
2810 2043 2867 2088 ut
2901 2034 3157 2104 templum
3197 2033 3410 2090 Domini

186 2114 543 2189 ἀποτέλεσμα,
573 2120 637 2173 τὸ
659 2122 1075 2194 οἰκοδομηθῆναι
1099 2124 1190 2179 τὸν
1215 2127 1342 2179 ναὸν
1369 2127 1594 2197 Κυρίου,
1624 2127 1702 2180 ἔνε

1893 2123 2150 2178 εάίίίοειυι·
2182 2139 2195 2177 :
2231 2125 2283 2178 in
2309 2140 2415 2193 quo
2444 2126 2685 2194 quisquis
2712 2125 3042 2182 constitutus
3068 2124 3253 2193 fuerit,
3294 2125 3409 2196 glo—

186 2207 287 2271 πᾶς
306 2210 335 2261 ό
359 2211 652 2283 γενόμενος
683 2213 908 2270 δύναται
947 2215 1160 2288 ἀληθῶς
1189 2217 1430 2288 ἐνεγκεῖν
1456 2218 1532 2291 τῷ
1563 2220 1702 2292 Κυρί

1336 2221 1430 2272 ιεῖν
1456 2218 1532 2291 τῷ
1563 2220 1751 2292 Κυρίῳ
1853 2218 1989 2271 riam
2022 2216 2246 2272 Domino
2269 2231 2396 2272 vere
2430 2215 2624 2272 afferre
2657 2226 2852 2287 potest.

186 2296 351 2363 δόξαν.

253 2387 302 2442 7.
348 2390 508 2448 Ἀλλά
542 2395 641 2450 καί
667 2399 701 2451 ὁ
726 2397 942 2466 Κύριος
968 2399 1078 2455 τὸν
1106 2402 1535 2471 κατακλυσμὸν
1559 2418 1752 2457 κατοι-

1924 2395 1978 2450 7.
2012 2395 2117 2451 Sed
2168 2404 2223 2452 et
2279 2397 2532 2452 Dominus
2591 2396 2844 2452 diluvium
2885 2397 3182 2454 inhabitare
3230 2398 3410 2467 faciet.

187 2477 306 2532 κιεῖ.
339 2481 438 2536 Διά
466 2485 579 2557 γὰρ
621 2486 716 2540 τοῦ
757 2488 1129 2561 βαπτίσματος
1155 2493 1188 2563 ή
1216 2495 1293 2556 εἰς
1320 2493 1418 2556 τὰς
1445 2492 1622 2563 ψυχὰς
1643 2493 1703 2546 τᾶ

1901 2504 1986 2541 am
2025 2504 2122 2557 per
2168 2488 2493 2557 baptismum
2543 2489 2595 2543 in
2627 2489 2912 2545 animabus
2945 2490 3415 2548 sanctificatorum

188 2566 522 2640 ἡγιασμένων
565 2573 661 2627 τοῦ
696 2576 899 2647 Κυρίου
950 2580 1285 2651 κατοίκησις.
1334 2580 1443 2651 Τὴν
1486 2576 1578 2633 οὖν
1620 2581 1704 2634 ἀπε

1903 2579 2115 2634 abitatio
2145 2580 2204 2633 lit
2242 2579 2474 2635 Domini.
2499 2579 2745 2633 Animam
2765 2579 2930 2650 igitur
2961 2596 2989 2634 a
3019 2590 3239 2651 peccato
3264 2583 3419 2638 ablu-

189 2656 470 2734 λουομένην
508 2665 611 2735 τὴν
646 2667 915 2738 ἁμαρτίαν
946 2670 1157 2742 ψυχὴν,
1191 2671 1393 2744 ταύτην
1447 2675 1690 2726 κατοικεῖ

1900 2686 1961 2725 im
2018 2670 2224 2726 habitat
2269 2670 2432 2726 Deus.
2481 2670 2820 2741 Quapropter
2856 2672 3056 2728 dicitur
3106 2674 3416 2731 inhabitare

188 2746 326 2814 Θεός.
367 2753 464 2807 Διά
491 2758 653 2810 τοῦτο
697 2757 915 2827 λέγεται
934 2760 1025 2813 τὸν
1058 2762 1439 2834 κατακλυσμὸν
1483 2768 1704 2817 κατοικε

1901 2762 2132 2815 tluvium.
2172 2760 2325 2827 Quod
2357 2761 2502 2815 enim
2535 2761 2751 2816 veniam
2804 2776 2900 2831 per
2951 2762 3279 2832 baptismum
3319 2762 3417 2819 ob-

191 2838 313 2909 (2⁵)-
342 2843 464 2898 Ὀτι
491 2847 604 2919 γάρ
633 2848 733 2919 τὴν
774 2850 839 2903 ὲκ
882 2850 975 2903 τοῦ
1025 2851 1398 2923 βαπτίσματος
1438 2854 1629 2923 ἄφεσιν
1658 2870 1707 2907 κι

1903 2863 2055 2906 :ntam
2084 2851 2339 2906 diluvium
2380 2853 2677 2917 vocaverit,
2708 2854 2869 2908 etiam
2897 2870 2966 2909 ex
2997 2855 3273 2910 tricesimo
3303 2857 3384 2926 pri
3403 2883 3419 2896 -

191 2931 486 3005 τακλυσμὸν
534 2940 984 3012 προσηγόρευσε,
1037 2945 1132 2997 καὶ
1176 2945 1241 2997 ἐκ
1290 2944 1383 2998 τοῦ
1434 2962 1707 3017 τριακοστι

1902 2959 1943 2999 ιο
1970 2945 2176 3013 psalmo
2220 2943 2528 3009 didicimus,
2575 2944 2700 2997 dum
2750 2945 2922 2999 dicit:
2966 2943 3329 3001 Verumtamen
3365 2950 3418 3001 in

192 3022 395 3095 πρώτου
425 3028 646 3100 ψαλμοῦ
682 3033 1096 3104 μεμαθήκαμεν,
1133 3035 1191 3088 ὲν
1222 3036 1300 3107 τῷ
1335 3038 1541 3090 εἰπεῖν·
1580 3037 1708 3105 Πλὴ

1904 3036 2049 3089 ῖΙιιυίο
2100 3051 2359 3106 aquarum
2405 3035 2693 3088 multarum
2735 3036 2805 3088 ad
2841 3051 2958 3089 eum
2983 3035 3145 3108 362
3183 3054 3287 3091 non
3325 3053 3420 3102 ap-

188 3114 255 3167 ὲν
274 3121 678 3189 κατακλυσμῷ
707 3122 942 3177 ὑδάτων
973 3126 1219 3181 πολλῶν
1250 3127 1400 3196 πρὸς
1428 3127 1615 3182 αὑτὸν
1642 3131 1704 3183 οἱ

1905 3127 2299 3197 Ρορὶηιμιαιηιηι.
2352 3125 2487 3180 Nam
2539 3126 2597 3180 in
2637 3140 2701 3181 ea
2733 3126 3104 3196 redemptione
3156 3143 3275 3196 qua:
3326 3142 3421 3195 per

189 3204 503 3274 ἐγῖιοῦσιν.
551 3186 622 3265 Ai
668 3212 778 3284 γάρ
834 3215 1098 3288 ἁμαρτίαι
1137 3219 1246 3271 τῶν
1288 3186 1645 3289 ἀμαρτωλῶν,
1694 3222 1705 3273 ἑ

1905 3186 2184 3283 aptismum
2230 3214 2312 3280 fit,
2346 3224 2691 3284 peccatorum
2722 3186 2942 3283 peccata
2990 3186 3421 3285 appropinquare

191 3298 252 3365 τῇ
282 3296 368 3352 διὰ
404 3301 498 3354 τοῦ
543 3301 911 3375 βαπτίσματος
959 3307 1351 3379 ἀπολυτρώσει,
1401 3310 1477 3373 ὡς
1515 3328 1707 3381 προσεγ

1905 3322 1964 3361 on
1994 3307 2225 3378 amplius
2266 3318 2541 3379 poterunt.
2581 3307 2649 3361 Et
2698 3309 2892 3363 sedebit
2928 3309 3183 3364 Dominus
3233 3325 3327 3364 rex
3365 3312 3421 3364 in

194 3385 354 3453 γίζειν
382 3391 564 3444 οὐκέτι
607 3394 1141 3467 συγχωρηθήσονται.
1175 3398 1283 3451 Καὶ
1318 3398 1601 3453 καθιεῖται
1644 3403 1710 3454 Κι

1906 3408 2129 3455 ternum.
2159 3399 2363 3455 Praater
2412 3399 2528 3455 haec
2562 3401 2742 3455 omnia
2787 3402 2840 3454 id
2884 3401 3211 3455 concedetur
3241 3401 3422 3466 nobis,

187 3492 309 3546 ριος
347 3482 653 3551 ,βασιλεὺς
698 3488 783 3551 εὶς
840 3487 947 3541 τὸν
968 3487 1171 3546 αἰῶνα.
1215 3490 1338 3543 Ἐπὶ
1379 3492 1511 3544 πᾶσι
1544 3491 1699 3545 τούτο

1906 3500 1917 3543 t
1952 3488 2166 3544 Domini
2193 3489 2248 3545 in
2272 3505 2461 3546 omnes
2491 3492 2852 3561 principatum
2903 3507 3258 3562 agnoscamus
3288 3510 3301 3548 :
3329 3494 3422 3561 qui

198 3569 410 3643 ὑπάρξει
442 3576 577 3647 ἡμῖν
609 3579 872 3649 γνωρίσαι
899 3581 998 3651 τὴν
1029 3581 1122 3634 ἐπὶ
1174 3582 1389 3636 πάντων
1436 3582 1609 3654 ἀρχὴν
1656 3600 1714 3636 το

1906 3589 1949 3634 ιι
1979 3581 2173 3652 populo
2204 3596 2302 3637 suo
2325 3581 2523 3649 robur;
2559 3590 2617 3635 ut
2662 3582 2876 3637 devicto
2913 3583 3170 3654 maligno,
3200 3584 3422 3639 benedi-

196 3661 471 3733 Δεσπότου,
506 3666 604 3720 τοῦ
634 3668 866 3735 διδόντος
902 3671 1053 3740 ἰσχὺν
1084 3670 1162 3743 τῷ
1191 3671 1304 3743 λαῷ
1349 3672 1534 3737 αὐτοῦ,
1564 3672 1652 3726 ἵνα
1678 3690 1706 3724 ν

1905 3669 2092 3724 tionem
2118 3670 2472 3741 accipiamus,
2512 3685 2633 3739 qum
2663 3671 2822 3726 datur
2853 3686 2883 3725 a
2916 3672 3142 3728 Domino
3185 3674 3241 3728 in
3268 3684 3421 3743 pace.

196 3750 446 3818 κήσαντες
475 3756 573 3810 τδν
604 3758 856 3830 πονηρὸν,
887 3759 985 3830 τὴν
1011 3759 1259 3829 εὐλογίαν
1296 3762 1634 3833 χωρήσωμεν
1661 3762 1712 3815 τί

1926 3776 1948 3814 s
1978 3761 2071 3829 qui
2102 3761 2218 3829 ipso
2249 3753 2394 3833 digni
2422 3771 2567 3817 sunt.
2598 3761 2701 3833 Ipsi
2732 3762 2902 3834 gloria
2942 3764 2996 3820 in
3027 3763 3222 3820 saecula
3254 3778 3442 3820 saeua

193 3838 457 3916 διδομένην
480 3848 596 3920 (26)
629 3851 734 3903 ὑπὸ
766 3851 971 3923 Κυρίου
1009 3855 1068 3907 ἐν
1092 3855 1279 3925 εἰρήνῃ
1308 3856 1420 3918 τοῖς
1472 3853 1641 3919 ἀξίοις
1664 3858 1709 3906 αι

766 3851 971 3923 Κυρίου
1009 3855 1068 3907 ἐν
1092 3855 1279 3925 εἰρήνῃ
1308 3856 1420 3918 τοῖς
1472 3853 1641 3919 ἀξίοις
1664 3854 1761 3906 αύ-
1864 3853 2058 3906 lorum.
2086 3852 2276 3909 Amen.

196 3932 282 3987 τοῦ
304 3951 319 3967 ο
349 3938 429 3993 ὅτι
473 3940 631 4012 αὐτῷ
658 3944 693 4013 ἡ
719 3941 848 4009 δόξα
873 3945 953 4007 εἰς
996 3944 1124 4008 τοὺς
1165 3944 1365 4009 αἰῶνας
1399 3943 1507 3998 τῶν
1530 3944 1761 3999 αἰώνων.
1810 3942 2002 4014 Ἀμήν.

680 4130 789 4183 ΕΙΣ
827 4132 930 4186 ΛΖ¹
967 4128 1284 4186 ΨΑΛΜΟΝ.
1790 4137 1832 4191 D

1790 4137 1832 4191 ι)
2255 4126 2324 4181 1N
2356 4124 2681 4184 PSALMUM
2728 4128 2990 4186 XXXVII.

534 4220 903 4277 Διδασκαλίαι
926 4222 1434 4293 ἐξομολογήσεως.

2290 4215 2549 4271 Doctrina
2602 4219 2966 4299 confessionis.

364 4313 613 4383 Ψαλμὸς
644 4313 725 4379 τῷ
748 4316 928 4369 Δαὸἰδ
949 4319 1037 4381 εὶς
1065 4302 1410 4386 ἀνάμνησιν
1443 4315 1579 4386 (Ἦ).

2104 4306 2350 4363 Psalmus
2406 4306 2599 4363 Davidi
2646 4311 2702 4363 in
2757 4309 3190 4364 recordationem.

267 4403 313 4458 1.
345 4407 406 4461 Οἰ
426 4408 532 4478 τῆς
560 4406 917 4462 θεοπνεύστου
944 4408 1165 4480 Γραφῆς
1184 4408 1330 4476 λόγοι
1358 4409 1644 4478 στήσονται
1668 4406 1783 4459 ἐπι

1937 4401 1987 4453 1.
2020 4398 2193 4454 Verba
2220 4397 2513 4464 Scriptura:
2542 4398 2800 4455 divinitus
2833 4400 3109 4469 inspirata:
3136 4411 3233 4468 pro
3262 4397 3432 4453 tribu-

204 4492 289 4546 τοῦ
328 4496 570 4569 βήματος
612 4497 703 4551 τοῦ
729 4498 988 4571 Χριστοῦ.
1037 4498 1291 4569 Ἐλέγξω
1318 4498 1447 4569 γὰρ,
1472 4497 1625 4567 φησὶ,
1665 4513 1720 4550 xc

1918 4491 1975 4545 ili
2008 4490 2210 4546 Christi
2246 4489 2524 4545 sistentur.
2551 4488 2788 4559 Arguam
2817 4491 2983 4556 enim,
3015 4490 3211 4561 inquit,
3236 4497 3286 4545 et
3325 4499 3434 4543 sta-

206 4589 560 4659 παραστήσω
610 4589 760 4644 κατὰ
801 4590 1125 4658 πρόσωπόν
1152 4606 1268 4644 σου
1321 4588 1428 4655 τὰς
1475 4588 1722 4657 ἁμαρτία

1918 4601 2013 4639 tam
2043 4593 2224 4638 contra
2261 4582 2449 4650 faciem
2489 4589 2634 4634 tuam
2673 4590 2887 4651 peccata
2920 4595 3012 4634 tua
3039 4581 3105 4633 θί.
3149 4580 3333 4649 Itaque
3367 4580 3434 4634 iis

208 4690 313 4731 σου
325 4680 454 4750 (28).
469 4680 629 4736 Οὕτω
653 4682 747 4735 καὶ
775 4681 1104 4752 πρόσχωμεν
1121 4680 1398 4751 νηφόντως
1413 4682 1525 4743 τοῖς
1538 4679 1724 4750 λεγομέ

1917 4691 1987 4730 nte
2017 4691 2046 4729 a
2089 4675 2367 4743 Scriptura
2419 4672 2706 4736 dicuntur,
2738 4670 3018 4740 diligenter
3070 4670 3433 4732 attendamus,

210 4782 310 4832 νοις
322 4772 458 4826 κατά
483 4772 586 4845 τὴν
612 4772 857 4845 Γραφὴν,
879 4773 974 4826 καὶ
992 4773 1073 4835 εἰς
1088 4771 1250 4844 ἔργον
1276 4770 1538 4843 προάγειν
1553 4771 1650 4835 τὰς
1673 4772 1726 4825 ὲν

1919 4781 2239 4838 memorque
2266 4781 2331 4822 ac
2360 4766 2674 4822 studeamus
2715 4763 2927 4820 Domini
2976 4771 3242 4834 praecepta
3270 4761 3435 4832 perti-

273 4925 355 4979 "l
378 4926 504 4982 Cor.
536 4943 616 4992 tv,
643 4926 698 4981 5.
745 4926 791 4960 ⁸⁹
819 4923 1006 4981 Matth.
1036 4941 1120 4990 ut,
1152 4925 1241 4979 10.
1280 4924 1326 4957 ³⁸
1358 4924 1487 4979 ibid.
1523 4924 1579 4980 8.
1653 4923 1697 4955 ⁹¹
1726 4922 1789 4980 Ps

664 4926 698 4981 ἲ.
745 4926 791 4960 ⁸⁹
819 4923 1006 4981 Matth.
1036 4941 1120 4990 ut,
1152 4925 1241 4979 10.
1280 4924 1326 4957 ³⁸
1358 4924 1487 4979 ibid.
1523 4924 1579 4980 8.
1653 4923 1697 4955 ⁹¹
1726 4922 1868 4980 Psal.
1906 4939 2062 4988 χιιι,
2088 4924 2180 4977 2|.

275 5038 379 5112 (‘24)
410 5042 549 5122 Editi
574 5058 695 5122 cum
719 5041 855 5122 Reg.
891 5042 1174 5122 quarto_év
1223 5039 1305 5122 ενι
1339 5039 1640 5122 αἰνίγματι.
1666 5039 1791 5122 alii

1948 5040 2059 5122 (27)
2093 5040 2270 5122 Egilio
2302 5038 2483 5122 Paris.
2497 5046 2634 5122 post
2667 5034 3440 5122 inscriptionempsalmiprae:

218 5103 313 5162 tre's
336 5103 459 5192 mss.
496 5115 554 5192 ἓν
580 5113 663 5171 ἐνὶ
691 5103 996 5184 πράγματι.
1031 5111 1173 5166 Infra
1238 5110 1371 5179 Reg.
1420 5103 1646 5180 quartus
1678 5111 1734 5164 du

1922 5103 1978 5165 rt
2006 5103 2115 5192 illa,
2139 5111 2330 5182 Κύριε,
2353 5109 2428 5181 μὴ
2456 5103 2533 5192 τῷ
2563 5107 2719 5192 θυμῷ
2748 5103 2875 5192 σουλ-
2890 5107 2984 5192 sed
3011 5103 3124 5192 haec
3148 5103 3311 5192 verba
3334 5116 3438 5192 non

215 5183 554 5253 ενεϊξεῖντῷ-
620 5251 637 5253 _
735 5173 748 5253 Ϊ
819 5173 887 5253 ξ’-
1532 5249 1545 5253 -

1922 5173 2431 5253 gperiunt‘ur'neq'ue
2460 5173 2516 5234 iii
2542 5173 2743 5233 nostris
2765 5186 2969 5248 septem
3014 5191 3143 5231 mss.
3176 5188 3352 5243 neque
3385 5173 3438 5227 iu

281 5249 387 5317 (25)
418 5248 571 5320 Legit
602 5251 981 5315 Combeilsius,
1013 5251 1301 5315 κατοικιεῖ,
1336 5248 1423 5303 ubi
1449 5258 1503 5303 et
1532 5249 1595 5320 in_
1610 5250 1770 5320 editis

788 5251 981 5315 :ilsius,
1013 5251 1301 5315 κατοικιεῖ,
1336 5248 1423 5303 ubi
1449 5258 1503 5303 et
1532 5249 1595 5320 in_
1610 5250 1770 5320 editis
1870 5250 2107 5320 editione
2145 5250 2304 5304 Basil.

217 5310 341 5400 et
372 5310 837 5400 nostrisqtlgtuur
867 5310 1006 5400 mss;
1030 5321 1226 5400 legitur
1261 5310 1552 5400 κατοικεῖν.
1579 5318 1733 5399 Meliu

1942 5318 2057 5400 (⁸28),
2082 5319 2194 5400 Illa,
2230 5320 2330 5400 τὰς
2356 5317 2631 5400 ἀμαρτίας
2649 5333 2784 5400 σου,
2807 5315 3016 5400 desunt.
3035 5316 3089 5370 in
3385 5311 3440 5400 in

219 5387 416 5461 quidem
458 5382 812 5461 Combeﬁsius
845 5409 858 5444 :
900 5391 1006 5446 sed‘
1032 5382 1346 5457 si'scriptor
1382 5390 1454 5442 ita
1500 5389 1640 5457 loqui
1673 5402 1770 5439 νο-
1873 5382 2119 5461 Vulgata.
2147 5382 2251 5443 Sed
2280 5382 2341 5443 ea
2376 5382 2430 5442 in
2461 5382 2661 5461 aliquot
2683 5382 3104 5461 exemplaribus
3151 5382 3443 5461 Graecis-et

218 5451 329 5523 luit,
354 5460 469 5528 ejus
493 5460 656 5516 verba
693 5471 906 5516 mutare
935 5468 1028 5514 aut
1052 5451 1364 5524 emendare,
1398 5451 1641 5514 nostrum
1665 5474 1769 5511 non
1883 5451 2021 5526 apu'd
2047 5459 2441 5513 'lncodoretum
2468 5451 2695 5528 inveniri
2711 5451 3195 5528 _n_ionet_Nn_bilius.
3226 5451 3334 5506 Nec
3356 5451 3439 5528 ita

1926 5520 2047 5583 iulto
2069 5540 2188 5598 post
2215 5529 2347 5597 Reg.
2381 5527 2569 5598 tertius
2591 5523 2809 5598 ἐντολὰς
2850 5522 2943 5598 τοῦ
2977 5524 3184 5597 Κυρίου
3214 5520 3442 5598 σπουδά-

280 5596 386 5669 (26)
407 5598 536 5668 Reg.
569 5599 1064 5671 tertittsA6LSopév'q‘i
1090 5599 1238 5670 ἡμῖν.
1273 5596 1425 5671 Ιιολιάί
1450 5595 1773 5671 procultres

1927 5592 2083 5671 υμενῖ
2118 5592 2338 5656 Rectius
2370 5595 2586 5667 quidem
2613 5614 2627 5650 :
2661 5597 2753 5650 sed
2787 5592 3123 5666 refragantur
3154 5604 3208 5649 et
3238 5593 3363 5648 editi
3392 5598 3443 5644 et

280 5617 386 5669 μυ)
408 5617 536 5668 neg.
569 5617 760 5653 ιοτιιυδ
784 5617 892 5652 οιοο
940 5617 1064 5668 ενην
1090 5617 1238 5670 ημιν.
1273 5617 1420 5651 uauu
1450 5617 1631 5666 procm
1663 5617 1773 5650 "'88
1880 5617 2079 5671 σωμεν.
2119 5617 2128 5651 l

220 5679 337 5738 mss.
362 5684 481 5722 cum
510 5671 742 5723 editione
772 5617 934 5723 Basili
962 5679 1013 5721 ut
1049 5670 1099 5721 in
1130 5679 1300 5722 textu.
1334 5669 1507 5721 Etlllio
1528 5667 1700 5723 Paris.
1736 5667 1768 5738 ἡ
1877 5669 1965 5724 alii
2000 5684 2128 5724 mss.

217 5732 334 5803 δόξα
365 5738 454 5793 καί¹
478 5738 538 5793 τὸ
564 5740 761 5811 κράτος
784 5739 878 5796 νῦν
901 5738 991 5794 καὶ
1020 5739 1105 5792 ἀεὶ
1132 5738 1231 5797 καὶ,
1263 5739 1362 5802 εἰς,
1391 5747 1493 5793 etc.
