3838 6214
234 343 295 397 85
1288 342 1681 416 HOMILIA_1N
1720 342 2053 402 PSALMUM
2094 340 2358 401 XXXVII.

3369 346 3445 425 sa.

234 463 281 515 δὲ
306 459 459 532 ὀργῆς
485 459 584 531 τῆς
607 458 856 523 παιδείας
878 461 1061 531 τυχεῖν
1088 460 1254 525 ἀξιοῖ·
1287 462 1362 526 ὼς
1399 464 1448 515 εί
1475 463 1568 516 καὶ
1603 463 1763 536 ίατρῷ

1875 464 2019 534 piam
2067 465 2311 519 morbum
2353 463 2649 518 curandum
2701 459 2947 518 on‘erenti
2986 461 3169 517 dicat:
3203 459 3278 536 με
3308 462 3437 515 mihi

233 568 322 614 τις,
361 550 425 603 τὰ
455 549 541 603 διὰ
581 549 856 622 καυτῆρος
893 552 988 604 καὶ
1009 549 1229 623 σιδήρου
1259 553 1351 606 καὶ
1386 553 1597 624 πικρῶν
1622 555 1770 607 ἀντι-

229 640 374 693 δότων
405 639 763 711 προσφέροντι
796 639 1114 711 βοηθήματα
1148 640 1240 694 ἐπὶ
1268 642 1532 715 θεραπείᾳ
1565 643 1770 706 πάθους

232 728 588 797 ὑποκειμένου,
625 728 805 797 λέγοι·
853 730 945 800 Μὴ
985 730 1074 785 διὰ
1118 732 1288 801 πυρός
1313 749 1380 803 με
1406 732 1766 804 θεραπεύσῃς,

232 819 350 890 μηδὲ
375 820 456 873 διὰ
482 820 701 893 σιδήρου
729 822 822 874 καὶ
842 821 1046 893 τομῶν,
1073 822 1163 876 διὰ
1188 824 1246 878 δὲ
1267 824 1445 893 ἠπίων
1477 827 1572 878 καὶ
1598 840 1770 896 πραο-

226 912 380 981 τέρων
404 913 708 984 φαρμάκων
727 931 741 944 ·
770 914 798 966 ὁ
828 912 938 985 γὰρ
969 913 1210 979 τοιοῦτος
1258 917 1317 968 οὐ
1344 915 1442 987 τὴν
1474 915 1767 987 θεραπείαν

226 1002 467 1069 ἀρνεῖται,
517 1002 655 1055 ἀλλὰ
679 1003 741 1056 τδ
769 1004 1024 1058 ἐπίπονον
1061 1003 1168 1058 τῶν
1215 1004 1591 1075 βοηθημάτων.
1632 1004 1769 1059 Πολ-

226 1093 363 1156 λάκις
385 1092 438 1146 δὲ
472 1093 707 1165 εἴρηται,
729 1095 802 1159 ὡς
825 1096 961 1168 ὀργὴ
998 1098 1090 1151 καὶ
1114 1097 1283 1168 θυμὸς
1316 1097 1407 1151 τοῦ
1447 1098 1579 1151 Θεοῦ
1614 1097 1768 1166 λεγό-

227 1200 347 1253 μενα
386 1184 492 1254 (57)
540 1186 597 1238 έν
638 1188 756 1249 ταῖς
800 1187 1176 1248 θεοπνεύστοις
1222 1189 1483 1260 Γραφαῖς,
1518 1192 1578 1242 οὐ
1619 1190 1763 1262 πάθη

226 1276 485 1345 σημαίνει·
516 1277 713 1340 παντὸς
753 1278 861 1349 γὰρ
908 1278 1112 1343 πάθους
1152 1277 1427 1352 ἀλλότριον
1471 1281 1533 1334 τὸ
1582 1281 1721 1335 θεῖον
1747 1299 1761 1313 ·

222 1365 346 1418 κατὰ
394 1366 703 1439 μεταφορὰν
734 1368 790 1421 δὲ
824 1368 893 1421 τὰ
921 1368 1144 1424 τοιαῦτα
1185 1370 1375 1425 εἴωθεν
1420 1371 1706 1443 ὀνομάζειν
1736 1374 1765 1426 ὀ

220 1457 307 1524 τῆς
328 1457 542 1527 Γραφῆς
571 1458 746 1526 λόγος,
775 1458 849 1521 ὡς
877 1459 968 1512 καὶ
985 1460 1297 1532 ὀφθαλμοὺς
1321 1461 1477 1525 Θεοῦ,
1510 1463 1604 1515 καί⁵
1628 1456 1762 1529 ὦτα,

219 1545 301 1597 καὶ
326 1548 529 1617 χεῖρας,
554 1548 649 1599 καὶ
678 1547 994 1611 δακτύλους,
1032 1550 1126 1602 καὶ
1154 1551 1340 1615 πόδας,
1383 1553 1479 1605 καὶ
1511 1552 1580 1607 τά
1604 1552 1764 1605 λοιπὰ

222 1631 369 1702 μέλη·
399 1634 541 1706 ειπερ
585 1635 660 1698 ὡς
702 1637 841 1706 πρὸς
883 1636 1199 1709 ἀνθρώπους
1231 1641 1517 1711 χρησίμως
1561 1642 1763 1694 οἰκονο-

220 1727 401 1794 μεῖται,
437 1725 747 1794 συγκατιὼν
770 1730 837 1798 τῇ
870 1727 979 1780 τῶν
995 1729 1356 1800 ἀκροωμένων
1370 1731 1613 1803 ποιότητι
1628 1732 1758 1806 (58).

216 1812 383 1879 οὕτως
409 1811 503 1869 οὖν
534 1815 746 1880 καὶτὰς
769 1819 1114 1890 ἐπαγομένας
1144 1821 1415 1892 τιμωρίας
1452 1801 1566 1886 τοῖς
1594 1801 1764 1897 ἁμαρ·
1795 1801 1835 1856 Β

212 1909 413 1964 τάνουσι
457 1911 603 1965 κατὰ
638 1911 774 1965 Θεοῦ
819 1913 1031 1983 κρίσιν,
1086 1913 1418 1985 σκυθρωπάς
1463 1914 1626 1981 οὔσας
1671 1917 1763 1970 καὶ

214 1999 447 2068 ἀλγεινὰς
469 2003 583 2065 τοῖς
609 2001 932 2071 πάσχουσιν,
967 2001 1167 2055 ὡσανεὶ
1191 2003 1250 2066 ἐξ
1277 2004 1445 2076 ὀργῆς
1473 2006 1566 2059 καὶ
1591 2005 1760 2076 θυμοῦ

213 2089 544 2160 ἐπαγομένας
583 2090 972 2146 ὐποτυποῦται.
1023 2090 1194 2144 Τοῦτο
1225 2093 1282 2145 δὲ
1327 2093 1567 2149 διδάσκει
1612 2097 1703 2150 καὶ
1734 2097 1762 2149 ὁ

211 2178 342 2250 ἱερὸς
377 2181 714 2247 ’Δπόστολος,
734 2181 907 2250 λέγων
929 2199 942 2214 ·
970 2181 1135 2237 Κατὰ
1156 2183 1224 2237 δὲ
1249 2185 1363 2254 τὴν
1383 2187 1763 2256 σκληρότητά

207 2286 315 2325 σου
339 2271 435 2325 καὶ
448 2272 857 2341 ἀμετανόητον
881 2273 1130 2342 καρδίαν
1144 2277 1517 2345 θησαυρίζεις
1532 2279 1763 2346 σεαυτῷ

208 2362 381 2432 ὀργὴν
418 2365 493 2418 ἐν
537 2364 730 2433 ἡμέρᾳ
769 2364 981 2435 ὀργῆς,
1030 2366 1132 2420 καί
1179 2368 1620 2438 ἀποκαλύψεως
1665 2372 1763 2425 καί

206 2451 626 2522 δικαιοκρισίας
670 2456 778 2510 τοῦ
835 2456 1004 2523 Θεοῦ,
1061 2456 1131 2525 ὃς
1182 2458 1484 2514 ἀποδώσει
1529 2461 1764 2531 ἑκάστῳ

207 2552 343 2600 κατὰ
369 2552 438 2602 τὰ
455 2549 603 2619 ἔργα
633 2552 840 2607 αὐτοῦ.
873 2553 962 2616 Ὧς
988 2553 1044 2607 εί
1065 2572 1147 2618 τις
1170 2554 1377 2619 καὶτὰς
1393 2559 1457 2610 ὲκ
1483 2555 1575 2611 τοῦ
1598 2559 1760 2629 νόμου

205 2635 276 2705 τῷ
304 2639 612 2712 ἀνδροφόνῳ
638 2643 1025 2715 ὲπηρτημένας
1051 2646 1321 2712 κολάσεις,
1351 2649 1521 2720 ὀργὴν
1544 2649 1639 2703 καὶ
1670 2649 1755 2703 θυ-

208 2727 296 2796 μδν
325 2728 601 2799 ὀνομάζοι,
629 2732 728 2786 οὐκ
743 2733 955 2805 ἀληθῶς
981 2736 1076 2788 τοῦ
1105 2736 1269 2806 νόμου
1294 2736 1632 2809 θυμουμένου
1667 2739 1763 2793 καὶ

202 2819 574 2893 ὀργιζομένου,
615 2822 710 2876 τοῦ
754 2824 810 2879 δὲ
847 2823 1215 2896 κολαζομένου
1258 2828 1426 2900 ὀργὴν
1454 2829 1549 2882 τοῦ
1596 2829 1760 2900 νόμου

202 2912 292 2983 τὴν
315 2915 585 2987 τιμωρίαν
624 2917 1002 2989 ὑπειληφότος.
1042 2919 1179 2989 Ἤδη
1213 2920 1384 2974 δὲκαὶ
1414 2922 1464 2974 οί
1488 2901 1585 2985 τάς
1603 2922 1760 2976 κολάο

204 3013 305 3060 est;
346 2999 718 3067 διακονοῦντες
754 3006 893 3057 κατὰ
920 3005 1029 3060 τῶν
1067 3006 1278 3061 ἀσεϐῶν
1319 3009 1544 3079 πονηροὶ
1569 3009 1748 3081 δαίμο-

1871 531 2072 624 ignem,
2095 568 2163 608 ne
2197 553 2427 620 ferrum,
2462 569 2529 608 ne
2551 553 2822 609 sectiones
2852 553 2918 605 ad
2957 531 3222 607 medelam
3252 552 3440 606 admo-

1870 661 2016 712 veas,
2054 647 2151 702 sed
2199 646 2375 702 dulcia
2439 646 2761 715 mitioraque
2811 645 3070 699 remedia.
3103 643 3247 698 Talis
3295 644 3437 695 enim

1869 754 1978 793 non
2010 737 2274 795 medelam
2318 739 2527 803 abnuit,
2577 739 2670 793 sed
2722 736 3019 791 curationis
3063 734 3437 789 acerbitatem.

1870 826 2024 898 Saepe
2058 837 2237 883 autem
2265 828 2516 896 diximus,
2554 829 2692 883 iram
2733 841 2788 883 et
2819 826 3054 882 furorem
3091 826 3183 881 Dei
3216 827 3267 880 in
3298 825 3436 878 divi-

1867 921 2012 974 nitus
2044 920 2255 974 traditis
2299 916 2597 990 Scripturis
2646 936 2750 973 nou
2793 919 3180 985 animi.motus
3234 916 3436 986 signili~

1867 1025 2027 1075 care;
2061 1025 2183 1065 nam
2215 1012 2283 1066 ab
2323 1012 2468 1067 omni
2512 1011 2918 1079 perturbatione
2970 1008 3204 1061 alienum
3238 1020 3434 1060 numen

1869 1111 1988 1165 est;
2023 1103 2115 1157 sed
2147 1118 2244 1173 per
2272 1103 2679 1157 translationem
2718 1104 2832 1157 lta-c
2872 1102 3044 1155 solent
3068 1102 3121 1155 in
3155 1100 3432 1169 Scriptura

1868 1192 2159 1261 nominari,
2217 1193 2669 1262 quemadmodum
2695 1191 2835 1246 oculi
2872 1192 2987 1256 Dei,
3013 1206 3189 1255 aures,
3222 1205 3432 1252 manus.

1867 1285 2037 1353 digiti,
2053 1284 2217 1354 pedes
2238 1292 2293 1339 et
2315 1283 2518 1352 reliqua
2540 1285 2781 1338 membra
2808 1298 2960 1352 :quac
2986 1283 3099 1351 ipse
3125 1282 3433 1337 hominibus

1867 1374 2075 1429 utiliter
2125 1374 2423 1443 dispensat,
2469 1373 2773 1426 auditorum
2827 1371 3072 1441 qualitati
3129 1385 3188 1425 se
3240 1379 3436 1424 attem-

1861 1475 2080 1530 peraus.
2129 1461 2221 1515 Sic
2258 1460 2422 1529 igitur
2468 1459 2630 1514 etiam
2687 1458 2918 1514 inﬂictas
2967 1473 3031 1512 ex
3087 1458 3181 1512 Dei
3232 1459 3435 1526 judicio

1864 1548 2206 1618 peccantibus
2255 1562 2472 1616 poenas,
2511 1561 2631 1617 qua:
2674 1562 2803 1602 sane
2833 1548 3070 1603 molesta:
3118 1546 3433 1617 acerbmque

1864 1639 2192 1709 patientibus
2251 1648 2397 1704 sunt,
2441 1639 2592 1709 quasi
2632 1654 2699 1694 ex
2755 1640 2833 1693 ira
2886 1648 2939 1694 et
2978 1639 3158 1693 lurore
3194 1641 3432 1694 invectas

1865 1731 2164 1785 adumbrat.
2206 1729 2317 1786 Hoc
2350 1741 2530 1786 autem
2560 1739 2614 1785 et
2648 1745 2801 1785 sacer
2824 1730 3110 1800 Apostolus
3141 1732 3318 1795 docet,
3348 1732 3431 1785 di-

1863 1839 1991 1879 cens
2022 1841 2037 1878 :
2074 1823 2372 1878 Secundum
2423 1831 2595 1877 autem
2626 1824 2881 1876 duritiam
2911 1833 3053 1876 tuam
3099 1831 3147 1876 et
3196 1825 3431 1892 impaui-

1862 1926 1974 1970 tens
2002 1916 2443 1970 corthesaurizas
2492 1916 2585 1968 tibi
2627 1916 2763 1968 iram
2789 1915 2842 1968 in
2887 1914 2970 1968 die
3012 1915 3124 1977 ἕνα,
3155 1921 3203 1968 et
3241 1914 3432 1968 revela-

1863 2007 2021 2060 tionis
2037 2006 2171 2076 justi
2176 2007 2368 2076 judicii
2395 2006 2616 2073 Dei,qui
2645 2006 2824 2059 reddet
2855 2005 3134 2074 unicuique
3150 2005 3432 2058 secundum

1863 2113 2017 2165 Opera
2045 2096 2157 2164 eius
2186 2096 2252 2151 ⁸³.
2283 2098 2359 2151 Ac
2389 2100 2434 2149 si
2467 2097 2588 2165 quis
2627 2109 2811 2164 pcenas
2839 2109 2960 2164 qua:
2993 2109 3056 2147 ex
3088 2093 3202 2164 lege
3228 2093 3432 2162 impen-

1834 2194 1837 2197 ’
1864 2192 1989 2244 dent
2014 2189 2314 2252 homicidae,
2346 2190 2478 2243 iram
2505 2203 2567 2243 ac
2601 2186 2835 2241 furorem
2862 2185 3122 2254 appellet,
3152 2199 3256 2238 non
3287 2184 3430 2253 quod

1862 2293 2048 2335 revera
2076 2279 2157 2333 lex
2182 2279 2259 2333 ira
2276 2288 2330 2334 et
2347 2279 2525 2334 lurore
2551 2278 2894 2348 corripiatur,
2927 2278 3019 2332 sed
3046 2277 3188 2347 quod
3216 2277 3308 2347 qui
3332 2291 3430 2345 pu-

1862 2370 2028 2436 nitur,
2066 2369 2199 2440 legis
2253 2369 2572 2440 supplicium
2621 2369 2756 2423 iram
2801 2382 2920 2423 esse
2952 2377 3126 2436 putet.
3153 2365 3271 2421 Iam
3299 2382 3428 2423 vero

1864 2462 2082 2533 maligni
2113 2475 2327 2532 quoque
2371 2461 2641 2516 daemones
2687 2460 2777 2529 qui
2831 2459 3215 2530 suppliciorum
3251 2460 3431 2529 impiis
3490 2450 3499 2457 ’

1865 2554 2133 2609 illatornm
2166 2552 2400 2609 ministri
2435 2562 2578 2607 sunt.
2617 2568 2681 2606 ac
2707 2553 2930 2607 virtutes
2955 2550 3046 2606 Dei
3078 2551 3429 2617 administras,

1865 2644 1943 2698 ira
1965 2653 2019 2698 et
2055 2644 2206 2699 furor
2228 2655 2509 2699 vocantur.
2535 2641 2634 2696 Ubi
2672 2640 2853 2697 itidem
2889 2658 3069 2698 sermo
3104 2642 3336 2697 habetur
3365 2643 3429 2697 de

1863 2736 2048 2790 decem
2077 2734 2245 2805 plagis
2274 2744 2458 2791 contra
2482 2733 2765 2805 Egyptios
2795 2734 3054 2790 immissis
3073 2775 3088 2799 ,
3117 2736 3322 2790 dictum
3347 2744 3432 2788 est

1863 2824 2111 2881 similiter
2143 2840 2158 2879 :
2190 2823 2339 2907 Δζὶδὶι
2381 2826 2435 2879 in
2484 2841 2570 2879 eos
2601 2826 2739 2879 iram
2771 2833 2819 2879 et
2850 2823 3102 2894 furorem,
3156 2824 3435 2878 immissio-

1863 2933 1979 2972 nem
2030 2932 2123 2983 per
2157 2916 2369 2987 angelos
2422 2916 2590 2970 malos
2624 2915 2691 2969 “.
2736 2915 2828 2970 Sic
2877 2918 3097 2971 dextera
3146 2914 3238 2970 Dei
3289 2914 3430 2969 dicta

1863 3020 1987 3064 sunt
2014 3024 2098 3073 ea,
2144 3024 2263 3078 quae
2293 3023 2389 3078 per
2421 3011 2673 3065 dexteras
2716 3019 2769 3065 et
2801 3009 2970 3064 bonas
3018 3018 3309 3079 potestates
3358 3010 3436 3065 di-

200 3103 301 3186 νξς,
330 3091 390 3144 ατ
410 3109 471 3147 τε
503 3091 613 3164 (59)
649 3095 975 3166 ὑπηρετικαὶ
995 3098 1250 3169 δυνάμεις
1274 3099 1368 3152 τοῦ
1389 3098 1545 3168 Θεοῦ,
1574 3103 1631 3155 αί
1652 3103 1761 3155 10!-

1867 3100 1981 3171 gnis
2033 3099 2528 3155 subministrantur.
2567 3099 2843 3170 Supplicat
2882 3100 3046 3170 igitur
3087 3100 3252 3153 David
3298 3114 3368 3153 ne
3400 3114 3430 3153 a

201 3176 348 3234 αὗται
376 3184 471 3236 καὶ
507 3185 644 3257 ὀργὴ
678 3187 772 3239 καὶ
798 3188 968 3259 θυμὸς
1003 3188 1418 3260 ὠνομάσθησαν.
1452 3190 1607 3245 Οὕτω
1631 3191 1760 3262 γοῦν

200 3268 403 3340 εἴρηται
445 3274 509 3327 ὲν
542 3274 619 3346 τῷ
654 3277 783 3347 περὶ
830 3278 930 3348 τῆς
984 3278 1326 3351 δεκαπλήγου
1361 3280 1471 3352 (40)
1514 3285 1612 3353 τῆς
1643 3285 1764 3336 κατ’

201 3360 506 3428 Αἰγυπτίων
552 3366 885 3440 ἐπαχθείσης
932 3369 1075 3441 λόγῳ
1107 3371 1188 3437 τὸ,
1250 3372 1637 3427 Ἀπέστειλεν
1670 3375 1763 3427 ἐπ’

199 3453 406 3522 αὐτοὺς
437 3457 629 3526 ὁρτὴν
651 3458 749 3513 καί
783 3461 993 3529 θυμὸν,
1017 3463 1287 3517 ἁποστολ
1298 3462 1372 3531 ὴν
1394 3463 1466 3517 δι’
1496 3465 1766 3535 ἀγγέλων

200 3546 490 3615 πονηρῶν.
540 3548 726 3614 Οὕτως
765 3550 914 3617 δεξιὰ
959 3552 1205 3607 λέλεκται
1248 3553 1341 3607 τοῦ
1379 3554 1536 3619 Θεοῦ,
1578 3555 1646 3609 τὰ
1677 3553 1763 3610 διά

198 3634 298 3688 τῶν
330 3637 522 3705 δεξιῶν
552 3641 647 3695 καὶ
676 3642 895 3712 ἀγαθῶν
921 3642 1205 3714 δυνάμεων
1233 3646 1348 3708 τοῖς
1383 3644 1555 3713 ἀξίοις
1591 3662 1760 3717 χορησ

198 3729 447 3801 γούμενα.
495 3732 747 3787 Ἰκετεύει
804 3735 981 3790 τοίνυν
1012 3735 1040 3786 ὁ
1068 3735 1234 3790 Δαϐὶδ
1266 3738 1339 3808 μὴ
1378 3737 1469 3791 διὰ
1511 3737 1762 3808 πονηρῶν

197 3818 468 3894 δυνάμεων
516 3825 861 3897 ἐλεγχθῆναι,
899 3828 1033 3899 μηδὲ
1070 3830 1137 3883 δι’
1163 3829 1467 3900 ἀποστολῆς
1511 3829 1762 3899 ἀγγέλων

201 3916 441 3986 πονηρῶν
489 3918 866 3989 παιδευθῆναι,
923 3920 1011 3974 διά
1039 3920 1214 3989 λόγων
1264 3920 1320 3975 δὲ
1353 3922 1635 3993 σωτηρίων
1668 3924 1763 3976 καὶ

203 4009 535 4079 μαθημάτων
562 4010 870 4082 ὠφελίμων.
919 4013 1029 4066 Καὶ
1079 4013 1253 4077 ἄλλως
1289 4013 1344 4066 δὲ
1377 4012 1647 4067 ἀντιϐολεῖ
1686 4014 1760 4084 μὴ

1866 3189 2114 3259 malignis
2140 3189 2496 3260 potestatibus
2534 3200 2856 3260 coarguatur
2879 3230 2894 3258 ,
2930 3204 3065 3245 neve
3102 3189 3433 3243 immissione

1864 3282 2175 3351 angelorum
2231 3281 2497 3337 malorum
2554 3282 2912 3351 corripiatur;
2956 3280 3048 3335 sed
3106 3279 3433 3335 salutaribus

1864 3375 2063 3442 verbis,
2083 3373 2412 3445 utilibusque
2433 3371 2754 3442 disciplinis.
2781 3374 2954 3440 Atque
2972 3386 3160 3424 rursus
3181 3376 3336 3440 rogat
3365 3385 3432 3424 ne

1864 3477 2112 3522 servetur
2139 3467 2206 3522 ad
2233 3466 2373 3521 diem
2404 3465 2520 3529 irae,
2556 3463 3024 3529 revelationisque,
3057 3472 3110 3516 et
3136 3461 3264 3531 justi
3296 3459 3432 3530 judi-

1864 3556 1931 3610 cii
1966 3554 2325 3626 Dei,sedjam
2359 3555 2446 3608 hic
2481 3552 2534 3607 in
2564 3551 2811 3623 praesenti
2845 3551 2952 3603 vita
2979 3559 3034 3604 et
3061 3557 3184 3604 aute
3205 3557 3428 3604 mortem

1867 3657 2085 3716 peccata
2109 3646 2275 3701 eluat.
2303 3646 2370 3700 Et
2394 3658 2523 3700 sane
2554 3644 2659 3699 voti
2690 3643 2791 3697 fuit
2821 3656 3061 3712 compos.
3082 3641 3211 3694 Nam
3247 3656 3435 3712 pmnas

1866 3740 2079 3794 dedisse
2129 3737 2306 3807 palam
2360 3745 2479 3803 est;
2524 3749 2619 3805 per
2651 3750 2712 3790 ea
2759 3750 2877 3805 quae
2921 3749 3110 3805 passus
3155 3742 3274 3798 est,
3309 3741 3433 3785 ante

1866 3832 2092 3884 obitum.
2132 3829 2273 3895 Quin
2311 3840 2366 3883 et
2390 3829 2504 3897 ipse
2543 3828 2610 3883 de
2645 3842 2703 3882 se
2740 3824 2904 3898 36h.
2946 3839 3132 3896 poenas
3183 3823 3430 3891 sumpsit,

1868 3924 1992 3975 dum
2017 3935 2075 3976 se
2097 3935 2191 3990 per
2219 3917 2573 3975 confessionis
2596 3918 2784 3975 modus
2820 3918 3101 3988 suppliciis
3122 3917 3284 3971 variis
3302 3917 3436 3969 sub!

1853 4010 2004 4080 'jecit.

198 4103 490 4176 τηρηθῆναι
522 4107 602 4169 είς
627 4106 840 4178 ἡμέραν
879 4107 1066 4179 ὀργῆς,
1096 4108 1191 4162 καὶ
1212 4108 1629 4177 ἀποκαλύψεως,
1663 4108 1760 4161 καὶ
1798 4105 2192 4177 δικαιοκρισίας
2254 4104 2348 4160 τοῦ
2402 4104 2564 4159 Θεοῦ·
2601 4104 2701 4177 ἤδη
2746 4102 2803 4158 δὲ
2842 4101 3089 4157 ἐντεῦθεν
3153 4101 3246 4155 καὶ
3294 4100 3437 4157 κατὰ

199 4192 281 4247 τὸν
314 4197 561 4267 παρόντα
611 4198 759 4269 βίον,
805 4199 910 4270 πρὸ
949 4200 1048 4271 τῆς
1079 4200 1358 4272 τελευτῆς,
1388 4200 1758 4273 ἀπολήψεσθαι
1793 4200 1861 4253 τά
1893 4199 2284 4271 ἁμαρτήματα.
2327 4197 2436 4251 Καὶ
2480 4197 2639 4267 ἔτυχέ
2701 4213 2764 4264 γε
2827 4196 2920 4251 τοῦ
2971 4193 3171 4249 σκοποῦ
3195 4210 3208 4225 ·
3250 4193 3434 4264 φαίνε-

198 4301 281 4339 ται
305 4289 435 4356 γοῦν
468 4288 627 4362 δίκην
663 4291 930 4356 δεδωκὼς,
971 4291 1039 4344 δι’
1067 4283 1142 4347 ὧν
1192 4291 1382 4356 ἔπαθε,
1410 4292 1515 4363 πρὸ
1575 4292 1674 4362 τῆς
1710 4289 1992 4361 τελευτῆς.
2033 4289 2142 4347 Καὶ
2203 4288 2376 4354 ἄλλως
2398 4289 2454 4342 δὲ
2479 4288 2638 4353 αὐτὸς
2679 4289 2870 4342 ἑαυτὸν
2926 4289 3243 4359 ἐτιμωρεῖτο
3308 4301 3436 4340 παν-

206 4379 360 4446 τοίαις
392 4384 714 4438 ὐποδάλλων
743 4386 1026 4439 κολάσεσιν
1064 4387 1120 4438 ἑν
1157 4390 1269 4449 τοῖς
1300 4386 1400 4458 τῆς
1428 4386 1865 4458 ὲξομολογήσεως
1886 4385 2132 4457 τρόποιςι

261 4479 312 4532 2.
348 4478 479 4533 Ὀτι
505 4479 579 4533 τὰ
597 4478 755 4548 ,βέλη
790 4493 907 4533 σου
947 4478 1334 4549 ἐνεπάγησάν
1360 4498 1459 4551 μοι
1481 4521 1495 4546 ,
1529 4481 1626 4534 καί
1662 4481 1763 4534 ἐπ-

1941 4478 1994 4532 9..
2024 4476 2189 4534 VERS.
2219 4478 2273 4541 5,
2318 4479 2375 4535 4.,
2402 4476 2662 4543 Quoniam
2706 4479 2914 4547 sagitta:
2956 4486 3062 4531 ture
3105 4476 3283 4546 inﬁxa:
3313 4487 3434 4531 sunt

201 4571 516 4641 ⁸ιιστήριξας·
538 4574 628 4626 ἐπ’
642 4573 747 4642 ἐμὲ
773 4573 888 4642 τὴν
911 4573 1079 4642 χεῖρά
1103 4589 1237 4627 σου.
1263 4576 1381 4628 Οὐκ
1400 4573 1572 4628 ἔστιν
1600 4573 1763 4641 ἴασις

197 4671 261 4717 er
290 4664 363 4732 τῇ
397 4665 584 4733 σαρκί
615 4682 734 4734 μου
773 4665 890 4719 ἀπὸ
912 4664 1234 4733 προσώπου
1258 4665 1370 4733 τῆς
1408 4664 1591 4735 ὀργῆς
1621 4679 1757 4719 σου.

201 4754 315 4808 Οὐκ
342 4755 520 4809 ἐστιν
532 4753 738 4821 εἰρήνη
764 4753 833 4806 ἐν
859 4752 982 4818 τοῖς
1002 4751 1234 4817 ὀστέοις
1248 4770 1367 4822 μου
1418 4753 1533 4807 ἀπὸ
1580 4767 1765 4820 προσ-

196 4842 351 4898 ώπου
365 4843 485 4898 τῶν
500 4843 797 4913 ἁμαρτιῶν
810 4861 950 4913 μου.
978 4845 1035 4897 'O
1054 4845 1153 4915 μὲν
1170 4845 1341 4915 μέγας
1364 4843 1598 4915 ἀθλητὴς
1625 4843 1764 4908 Ἰὼϐ,

201 4934 480 4999 παντοίους
514 4936 813 5006 ὑπομείνας
853 4936 1221 5007 πειρασμοὺς,
1261 4936 1361 4988 οὐκ
1386 4935 1573 5004 ἠγνόει
1603 4935 1764 4988 πόθεν

197 5024 341 5096 αὐτῷ
374 5025 538 5079 τοῦτο
583 5026 832 5094 ἐγένετο·
860 5024 941 5079 διὸ
963 5025 1148 5094 ἔλεγε·
1182 5024 1342 5092 Βέλη
1387 5024 1499 5108 γὰρ
1545 5026 1764 5094 Κυρίου

266 5204 312 5237 ³⁸
347 5204 509 5262 Rom.
553 5192 696 5273 tt,'5,
731 5204 785 5261 6.
861 5205 909 5238 “
934 5204 1076 5260 Psal.
1114 5220 1318 5273 Lxxvn,
1344 5204 1437 5261 49.

198 5472 210 5487 .
262 5406 378 5487 (57)
403 5406 516 5462 Sex
542 5422 710 5474 mss.,
740 5406 1050 5478 λεγόμενον.
1095 5404 1236 5461 Editi
1272 5422 1392 5463 cum
1438 5405 1672 5462 Eusebio
1714 5414 1774 5459 ut

199 5484 523 5620 ω
552 5547 703 5620 editi.
735 5547 888 5620 Apud
930 5546 1224 5620 Eusebium
1273 5561 1430 5620 vero,
1464 5545 1772 5620 νηπιότητι,

196 5616 545 5685 simplicitati,
574 5626 624 5671 et
656 5617 729 5671 ita
762 5617 1039 5685 legendum
1079 5631 1197 5670 esse
1222 5616 1569 5670 arbitramur.

274 5684 389 5753 (39)
421 5683 644 5757 Legitur
670 5688 728 5757 in
757 5683 987 5757 quatuor
1023 5703 1152 5743 mss.
1200 5687 1258 5740 αί
1306 5684 1384 5741 δέ.
1430 5687 1629 5743 Ibidem
1668 5685 1772 5742 duo

202 5768 350 5816 mss..
386 5754 631 5811 τοιαῦται
661 5756 737 5810 δέ.

1867 4566 2016 4633 mihi,
2056 4578 2100 4620 et
2126 4567 2448 4636 conﬁrmasti
2479 4583 2633 4635 super
2664 4583 2744 4619 me
2770 4583 2982 4620 manum
3009 4578 3173 4620 luant.
3208 4566 3330 4621 Non
3361 4578 3433 4619 est

1867 4659 2068 4710 sanitas
2101 4658 2155 4711 in
2203 4674 2359 4711 carne
2394 4674 2506 4712 mea
2533 4674 2566 4711 α
2601 4656 2736 4726 facie
2768 4656 2863 4710 ira:
2903 4667 3027 4709 tum.
3063 4655 3185 4710 Non
3223 4667 3295 4710 est
3330 4672 3435 4725 prta:

1868 4750 2070 4801 ossibus
2101 4750 2225 4803 meis
2246 4766 2276 4802 α
2308 4749 2444 4818 facie
2490 4760 2823 4819 peccatorum
2855 4764 3109 4803 meorum.
3138 4746 3282 4802 Sane
3318 4763 3433 4800 ma-

1873 4854 2011 4907 gnus
2041 4839 2128 4895 ille
2156 4840 2353 4895 athleta
2381 4839 2482 4894 Job
2512 4840 2835 4894 tentationes
2868 4839 3043 4893 omnis
3069 4837 3283 4908 generis
3314 4852 3436 4906 per-

1872 4947 2090 5002 pessus,
2126 4948 2230 4986 non
2267 4932 2549 5000 ignorabat
2582 4932 2846 4985 nudeuam
2884 4929 2985 4983 hoc
3023 4928 3123 4983 sibi
3170 4929 3432 4983 eveniret.

1872 5026 2210 5094 Quapropter
2254 5024 2512 5080 dicebat:
2543 5023 2767 5094 Sagitta:
2801 5024 2938 5077 enim
2978 5019 3194 5075 Domini
3238 5020 3291 5073 iu
3320 5033 3437 5072 cor-

1942 5404 2052 5475 (40)
2088 5403 2264 5459 Editio
2296 5403 2492 5472 Paris.,
2549 5403 2642 5475 τοῦ
2689 5402 2998 5475 δεκαλργου,
3043 5400 3200 5457 male.
3258 5400 3435 5475 Editio

1873 5472 2042 5529 Basil.
2065 5484 2120 5527 et
2142 5486 2374 5545 quatuor
2398 5474 2678 5545 mss.,¢ﬁg
2722 5472 3010 5541 δεκαλὸγου
3035 5514 3049 5537 ,
3088 5487 3192 5545 non
3220 5472 3431 5545 melius,

1867 5546 1969 5600 nisi
2016 5540 2174 5613 quod'
2202 5544 2252 5607 id
2284 5545 2350 5597 ad
2383 5559 2564 5598 veram
2609 5540 2941 5613 scripturam
2987 5543 3157 5613 magis
3187 5540 3430 5596 accedat.

1869 5612 2133 5669 Eusebius
2162 5613 2425 5685 denique,
2458 5614 2557 5685 τῆς
2598 5612 2959 5684 δεκαπλήγου,
2988 5612 3127 5668 bene
3166 5621 3435 5685 et‘emeuo

1870 5685 1994 5738 date
2026 5703 2040 5737 -.
2073 5698 2233 5751 quam
2265 5681 2548 5738 lectionem
2578 5694 2636 5738 ut
2664 5681 2871 5744 cerufn
2901 5684 2955 5739 itt
2994 5693 3194 5739 testum
3224 5681 3438 5735 insere.

1871 5769 1928 5809 re
1952 5769 2056 5809 non
2089 5752 2468 5808 dubitavimus.
