  <div class='ocr_page' id='page_1' title='image "/cluster/home/n/w/nwhite01/storage/ocr_20150623/30/nnc1.0046978810/051.png"; bbox 0 0 3838 6214; ppageno 0'>
   <div class='ocr_carea' id='block_1_1' title="bbox 389 313 3642 395">
    <p class='ocr_par' dir='ltr' id='par_1_1' title="bbox 389 313 3642 395">
     <span class='ocr_line' id='line_1_1' title="bbox 389 313 3642 395; baseline 0.008 -25"><span class='ocrx_word' id='word_1_1' title='bbox 389 313 457 370; x_wconf 78' lang='grc'><strong>8⁸1</strong></span> <span class='ocrx_word' id='word_1_2' title='bbox 1347 319 1694 378; x_wconf 79' lang='lat' dir='ltr'><strong>APPENDIX</strong></span> <span class='ocrx_word' id='word_1_3' title='bbox 1736 322 2025 382; x_wconf 77' lang='lat' dir='ltr'><strong>OPERUM</strong></span> <span class='ocrx_word' id='word_1_4' title='bbox 2064 326 2118 382; x_wconf 90' lang='lat' dir='ltr'><strong>S.</strong></span> <span class='ocrx_word' id='word_1_5' title='bbox 2169 329 2411 385; x_wconf 81' lang='lat' dir='ltr'><strong>BASlLll</strong></span> <span class='ocrx_word' id='word_1_6' title='bbox 2449 330 2681 389; x_wconf 65' lang='lat' dir='ltr'><strong>LIAGM.</strong></span> <span class='ocrx_word' id='word_1_7' title='bbox 2820 390 2825 394; x_wconf 84' lang='lat'><strong>.</strong></span> <span class='ocrx_word' id='word_1_8' title='bbox 3572 338 3642 395; x_wconf 85' lang='lat'><strong>83</strong></span> 
     </span>
    </p>
   </div>
   <div class='ocr_carea' id='block_1_2' title="bbox 394 431 1963 523">
    <p class='ocr_par' dir='ltr' id='par_1_2' title="bbox 394 431 1963 510">
     <span class='ocr_line' id='line_1_2' title="bbox 394 431 1963 510; baseline 0.008 -30"><span class='ocrx_word' id='word_1_9' title='bbox 394 442 521 493; x_wconf 84' lang='lat' dir='ltr'><strong>pore</strong></span> <span class='ocrx_word' id='word_1_10' title='bbox 542 443 654 482; x_wconf 83' lang='lat' dir='ltr'><strong>meo</strong></span> <span class='ocrx_word' id='word_1_11' title='bbox 683 435 830 496; x_wconf 83' lang='lat' dir='ltr'><strong>sunt,</strong></span> <span class='ocrx_word' id='word_1_12' title='bbox 849 445 1073 500; x_wconf 84' lang='lat' dir='ltr'><strong>quarunt</strong></span> <span class='ocrx_word' id='word_1_13' title='bbox 1102 431 1181 485; x_wconf 86' lang='lat' dir='ltr'><strong>ira</strong></span> <span class='ocrx_word' id='word_1_14' title='bbox 1208 449 1377 487; x_wconf 84' lang='lat' dir='ltr'><strong>meum</strong></span> <span class='ocrx_word' id='word_1_15' title='bbox 1406 436 1562 491; x_wconf 87' lang='lat' dir='ltr'><strong>ebibit</strong></span> <span class='ocrx_word' id='word_1_16' title='bbox 1582 442 1887 510; x_wconf 87' lang='lat' dir='ltr'><strong>sanguinem</strong></span> <span class='ocrx_word' id='word_1_17' title='bbox 1900 444 1963 492; x_wconf 74' lang='grc'><strong>⁸⁵.</strong></span> 
     </span>
    </p>
   </div>
   <div class='ocr_carea' id='block_1_3' title="bbox 2068 431 3642 523">
    <p class='ocr_par' dir='ltr' id='par_1_3' title="bbox 2073 446 3642 523">
     <span class='ocr_line' id='line_1_3' title="bbox 2073 446 3642 523; baseline 0.009 -23"><span class='ocrx_word' id='word_1_18' title='bbox 2073 446 2143 500; x_wconf 66' lang='grc' dir='ltr'><strong>ἐν·</strong></span> <span class='ocrx_word' id='word_1_19' title='bbox 2174 447 2250 514; x_wconf 85' lang='grc' dir='ltr'>τῷ</span> <span class='ocrx_word' id='word_1_20' title='bbox 2275 448 2502 519; x_wconf 80' lang='grc' dir='ltr'>σώματί</span> <span class='ocrx_word' id='word_1_21' title='bbox 2524 452 2641 520; x_wconf 86' lang='grc' dir='ltr'>μού</span> <span class='ocrx_word' id='word_1_22' title='bbox 2660 453 2848 518; x_wconf 77' lang='grc' dir='ltr'>ἐστιν,</span> <span class='ocrx_word' id='word_1_23' title='bbox 2872 446 2960 507; x_wconf 80' lang='grc' dir='ltr'><strong>ὧν</strong></span> <span class='ocrx_word' id='word_1_24' title='bbox 2979 456 3012 508; x_wconf 84' lang='grc' dir='ltr'><strong>ό</strong></span> <span class='ocrx_word' id='word_1_25' title='bbox 3035 456 3219 523; x_wconf 81' lang='grc' dir='ltr'>θυμὸς</span> <span class='ocrx_word' id='word_1_26' title='bbox 3256 454 3453 511; x_wconf 76' lang='grc' dir='ltr'>αὐτῶν</span> <span class='ocrx_word' id='word_1_27' title='bbox 3468 458 3642 514; x_wconf 80' lang='grc' dir='ltr'>ἐκπί-</span> 
     </span>
    </p>
   </div>
   <div class='ocr_carea' id='block_1_4' title="bbox 400 519 1967 598">
    <p class='ocr_par' dir='ltr' id='par_1_4' title="bbox 400 519 1967 598">
     <span class='ocr_line' id='line_1_4' title="bbox 400 519 1967 598; baseline 0.009 -27"><span class='ocrx_word' id='word_1_28' title='bbox 400 519 568 573; x_wconf 81' lang='lat' dir='ltr'><strong>David</strong></span> <span class='ocrx_word' id='word_1_29' title='bbox 599 531 799 587; x_wconf 85' lang='lat' dir='ltr'><strong>autetn,</strong></span> <span class='ocrx_word' id='word_1_30' title='bbox 838 536 942 575; x_wconf 92' lang='lat' dir='ltr'><strong>non</strong></span> <span class='ocrx_word' id='word_1_31' title='bbox 981 522 1035 576; x_wconf 92' lang='lat' dir='ltr'><strong>in</strong></span> <span class='ocrx_word' id='word_1_32' title='bbox 1068 537 1293 594; x_wconf 88' lang='lat' dir='ltr'><strong>corpore</strong></span> <span class='ocrx_word' id='word_1_33' title='bbox 1337 526 1485 579; x_wconf 90' lang='lat' dir='ltr'><strong>velut</strong></span> <span class='ocrx_word' id='word_1_34' title='bbox 1531 526 1632 582; x_wconf 81' lang='lat' dir='ltr'><strong>Job</strong></span> <span class='ocrx_word' id='word_1_35' title='bbox 1661 546 1967 598; x_wconf 84' lang='lat' dir='ltr'><strong>percussus,</strong></span> 
     </span>
    </p>
   </div>
   <div class='ocr_carea' id='block_1_5' title="bbox 399 608 1971 685">
    <p class='ocr_par' dir='ltr' id='par_1_5' title="bbox 399 608 1971 685">
     <span class='ocr_line' id='line_1_5' title="bbox 399 608 1971 685; baseline 0.009 -24"><span class='ocrx_word' id='word_1_36' title='bbox 399 608 492 662; x_wconf 85' lang='lat' dir='ltr'><strong>sed</strong></span> <span class='ocrx_word' id='word_1_37' title='bbox 521 608 573 661; x_wconf 93' lang='lat' dir='ltr'><strong>in</strong></span> <span class='ocrx_word' id='word_1_38' title='bbox 612 609 725 677; x_wconf 89' lang='lat' dir='ltr'><strong>ipsa</strong></span> <span class='ocrx_word' id='word_1_39' title='bbox 768 610 944 663; x_wconf 90' lang='lat' dir='ltr'><strong>anima</strong></span> <span class='ocrx_word' id='word_1_40' title='bbox 982 611 1205 666; x_wconf 97' lang='lat' dir='ltr'><strong>vulnere</strong></span> <span class='ocrx_word' id='word_1_41' title='bbox 1236 612 1377 667; x_wconf 89' lang='lat' dir='ltr'><strong>letali</strong></span> <span class='ocrx_word' id='word_1_42' title='bbox 1419 616 1721 685; x_wconf 81' lang='lat' dir='ltr'><strong>confossus,</strong></span> <span class='ocrx_word' id='word_1_43' title='bbox 1758 635 1863 674; x_wconf 90' lang='lat' dir='ltr'><strong>non</strong></span> <span class='ocrx_word' id='word_1_44' title='bbox 1896 622 1971 675; x_wconf 89' lang='lat' dir='ltr'><strong>ait</strong></span> 
     </span>
    </p>
   </div>
   <div class='ocr_carea' id='block_1_6' title="bbox 398 698 1970 771">
    <p class='ocr_par' dir='ltr' id='par_1_6' title="bbox 398 698 1970 771">
     <span class='ocr_line' id='line_1_6' title="bbox 398 698 1970 771; baseline 0.01 -23"><span class='ocrx_word' id='word_1_45' title='bbox 398 698 847 765; x_wconf 84' lang='lat' dir='ltr'><strong>quemadmodum</strong></span> <span class='ocrx_word' id='word_1_46' title='bbox 901 698 1022 765; x_wconf 87' lang='grc'><strong>101),</strong></span> <span class='ocrx_word' id='word_1_47' title='bbox 1061 701 1286 771; x_wconf 75' lang='lat' dir='ltr'><strong>Sagitta:</strong></span> <span class='ocrx_word' id='word_1_48' title='bbox 1329 705 1466 758; x_wconf 88' lang='lat' dir='ltr'><strong>enim</strong></span> <span class='ocrx_word' id='word_1_49' title='bbox 1497 706 1706 762; x_wconf 88' lang='lat' dir='ltr'><strong>Domini</strong></span> <span class='ocrx_word' id='word_1_50' title='bbox 1754 711 1807 762; x_wconf 86' lang='lat' dir='ltr'><strong>in</strong></span> <span class='ocrx_word' id='word_1_51' title='bbox 1854 728 1970 764; x_wconf 86' lang='lat' dir='ltr'><strong>cor-</strong></span> 
     </span>
    </p>
   </div>
   <div class='ocr_carea' id='block_1_7' title="bbox 397 793 1970 869">
    <p class='ocr_par' dir='ltr' id='par_1_7' title="bbox 397 793 1970 869">
     <span class='ocr_line' id='line_1_7' title="bbox 397 793 1970 869; baseline 0.01 -29"><span class='ocrx_word' id='word_1_52' title='bbox 397 805 524 856; x_wconf 79' lang='lat' dir='ltr'><strong>pore</strong></span> <span class='ocrx_word' id='word_1_53' title='bbox 566 806 676 842; x_wconf 87' lang='lat' dir='ltr'><strong>meo</strong></span> <span class='ocrx_word' id='word_1_54' title='bbox 714 799 833 843; x_wconf 89' lang='lat' dir='ltr'><strong>sunt</strong></span> <span class='ocrx_word' id='word_1_55' title='bbox 864 807 884 855; x_wconf 88' lang='lat'><strong><em>;</em></strong></span> <span class='ocrx_word' id='word_1_56' title='bbox 916 794 1042 857; x_wconf 88' lang='lat' dir='ltr'><strong>sed,</strong></span> <span class='ocrx_word' id='word_1_57' title='bbox 1074 793 1334 859; x_wconf 77' lang='lat' dir='ltr'><strong>Quoniam</strong></span> <span class='ocrx_word' id='word_1_58' title='bbox 1374 799 1580 867; x_wconf 81' lang='lat' dir='ltr'><strong>sagitta:</strong></span> <span class='ocrx_word' id='word_1_59' title='bbox 1634 810 1740 854; x_wconf 73' lang='lat' dir='ltr'><strong>tua:</strong></span> <span class='ocrx_word' id='word_1_60' title='bbox 1792 802 1970 869; x_wconf 70' lang='lat' dir='ltr'><strong>infixa:</strong></span> 
     </span>
    </p>
   </div>
   <div class='ocr_carea' id='block_1_8' title="bbox 398 880 1970 951">
    <p class='ocr_par' dir='ltr' id='par_1_8' title="bbox 398 880 1970 951">
     <span class='ocr_line' id='line_1_8' title="bbox 398 880 1970 951; baseline 0.01 -20"><span class='ocrx_word' id='word_1_61' title='bbox 398 888 519 931; x_wconf 87' lang='lat' dir='ltr'><strong>sunt</strong></span> <span class='ocrx_word' id='word_1_62' title='bbox 547 880 695 946; x_wconf 82' lang='lat' dir='ltr'><strong>mihi,</strong></span> <span class='ocrx_word' id='word_1_63' title='bbox 729 890 775 933; x_wconf 84' lang='lat' dir='ltr'><strong>et</strong></span> <span class='ocrx_word' id='word_1_64' title='bbox 803 883 1126 951; x_wconf 85' lang='lat' dir='ltr'><strong>conﬁrmasti</strong></span> <span class='ocrx_word' id='word_1_65' title='bbox 1145 901 1299 944; x_wconf 74' lang='lat' dir='ltr'><strong>super</strong></span> <span class='ocrx_word' id='word_1_66' title='bbox 1327 903 1407 940; x_wconf 90' lang='lat' dir='ltr'><strong>me</strong></span> <span class='ocrx_word' id='word_1_67' title='bbox 1434 904 1646 943; x_wconf 82' lang='lat' dir='ltr'><strong>manum</strong></span> <span class='ocrx_word' id='word_1_68' title='bbox 1677 899 1840 946; x_wconf 87' lang='lat' dir='ltr'><strong>tuam.</strong></span> <span class='ocrx_word' id='word_1_69' title='bbox 1869 891 1970 947; x_wconf 82' lang='lat' dir='ltr'><strong>Job</strong></span> 
     </span>
    </p>
   </div>
   <div class='ocr_carea' id='block_1_9' title="bbox 404 971 1969 1039">
    <p class='ocr_par' dir='ltr' id='par_1_9' title="bbox 404 971 1969 1039">
     <span class='ocr_line' id='line_1_9' title="bbox 404 971 1969 1039; baseline 0.009 -18"><span class='ocrx_word' id='word_1_70' title='bbox 404 983 529 1023; x_wconf 85' lang='lat' dir='ltr'><strong>vero</strong></span> <span class='ocrx_word' id='word_1_71' title='bbox 565 985 782 1024; x_wconf 90' lang='lat' dir='ltr'><strong>manum</strong></span> <span class='ocrx_word' id='word_1_72' title='bbox 827 971 1037 1027; x_wconf 90' lang='lat' dir='ltr'><strong>Domini</strong></span> <span class='ocrx_word' id='word_1_73' title='bbox 1077 986 1360 1039; x_wconf 88' lang='lat' dir='ltr'><strong>memorat,</strong></span> <span class='ocrx_word' id='word_1_74' title='bbox 1401 978 1485 1032; x_wconf 89' lang='lat' dir='ltr'><strong>his</strong></span> <span class='ocrx_word' id='word_1_75' title='bbox 1526 981 1709 1035; x_wconf 79' lang='lat' dir='ltr'><strong>verbis</strong></span> <span class='ocrx_word' id='word_1_76' title='bbox 1737 999 1749 1034; x_wconf 75' lang='grc' dir='ltr'>ε</span> <span class='ocrx_word' id='word_1_77' title='bbox 1777 981 1969 1036; x_wconf 80' lang='lat' dir='ltr'><strong>Manus</strong></span> 
     </span>
    </p>
   </div>
   <div class='ocr_carea' id='block_1_10' title="bbox 398 1060 1971 1136">
    <p class='ocr_par' dir='ltr' id='par_1_10' title="bbox 398 1060 1971 1136">
     <span class='ocr_line' id='line_1_10' title="bbox 398 1060 1971 1136; baseline 0.01 -24"><span class='ocrx_word' id='word_1_78' title='bbox 398 1060 534 1113; x_wconf 88' lang='lat' dir='ltr'><strong>enim</strong></span> <span class='ocrx_word' id='word_1_79' title='bbox 570 1061 778 1115; x_wconf 79' lang='lat' dir='ltr'><strong>Domini</strong></span> <span class='ocrx_word' id='word_1_80' title='bbox 811 1075 886 1116; x_wconf 87' lang='lat' dir='ltr'><strong>est</strong></span> <span class='ocrx_word' id='word_1_81' title='bbox 914 1081 1030 1127; x_wconf 70' lang='lat' dir='ltr'><strong>qum</strong></span> <span class='ocrx_word' id='word_1_82' title='bbox 1057 1068 1224 1136; x_wconf 89' lang='lat' dir='ltr'><strong>tetigit</strong></span> <span class='ocrx_word' id='word_1_83' title='bbox 1267 1085 1346 1121; x_wconf 88' lang='lat' dir='ltr'><strong>me</strong></span> <span class='ocrx_word' id='word_1_84' title='bbox 1370 1070 1435 1121; x_wconf 79' lang='grc'><strong>’⁸.</strong></span> <span class='ocrx_word' id='word_1_85' title='bbox 1484 1069 1621 1124; x_wconf 92' lang='lat' dir='ltr'><strong>Dicit</strong></span> <span class='ocrx_word' id='word_1_86' title='bbox 1649 1072 1808 1126; x_wconf 88' lang='lat' dir='ltr'><strong>etiam</strong></span> <span class='ocrx_word' id='word_1_87' title='bbox 1870 1073 1971 1127; x_wconf 88' lang='lat' dir='ltr'><strong>Do-</strong></span> 
     </span>
    </p>
   </div>
   <div class='ocr_carea' id='block_1_11' title="bbox 402 1151 1968 1233">
    <p class='ocr_par' dir='ltr' id='par_1_11' title="bbox 402 1151 1968 1233">
     <span class='ocr_line' id='line_1_11' title="bbox 402 1151 1968 1233; baseline 0.01 -30"><span class='ocrx_word' id='word_1_88' title='bbox 402 1152 547 1205; x_wconf 87' lang='lat' dir='ltr'><strong>mino</strong></span> <span class='ocrx_word' id='word_1_89' title='bbox 578 1151 823 1207; x_wconf 84' lang='lat' dir='ltr'><strong>diabolus</strong></span> <span class='ocrx_word' id='word_1_90' title='bbox 855 1171 870 1207; x_wconf 90' lang='lat'><strong>:</strong></span> <span class='ocrx_word' id='word_1_91' title='bbox 906 1155 1057 1209; x_wconf 79' lang='lat' dir='ltr'><strong>Mitte</strong></span> <span class='ocrx_word' id='word_1_92' title='bbox 1087 1174 1297 1212; x_wconf 89' lang='lat' dir='ltr'><strong>manum</strong></span> <span class='ocrx_word' id='word_1_93' title='bbox 1332 1169 1498 1225; x_wconf 88' lang='lat' dir='ltr'><strong>luam,</strong></span> <span class='ocrx_word' id='word_1_94' title='bbox 1527 1173 1572 1215; x_wconf 85' lang='lat' dir='ltr'><strong>et</strong></span> <span class='ocrx_word' id='word_1_95' title='bbox 1612 1172 1766 1233; x_wconf 84' lang='lat' dir='ltr'><strong>tange</strong></span> <span class='ocrx_word' id='word_1_96' title='bbox 1794 1167 1968 1219; x_wconf 82' lang='lat' dir='ltr'><strong>omnia</strong></span> 
     </span>
    </p>
   </div>
   <div class='ocr_carea' id='block_1_12' title="bbox 397 1243 1969 1322">
    <p class='ocr_par' dir='ltr' id='par_1_12' title="bbox 397 1243 1969 1322">
     <span class='ocr_line' id='line_1_12' title="bbox 397 1243 1969 1322; baseline 0.01 -27"><span class='ocrx_word' id='word_1_97' title='bbox 397 1257 515 1310; x_wconf 65' lang='lat' dir='ltr'><strong>quia</strong></span> <span class='ocrx_word' id='word_1_98' title='bbox 561 1243 715 1296; x_wconf 81' lang='lat' dir='ltr'><strong>habet</strong></span> <span class='ocrx_word' id='word_1_99' title='bbox 738 1244 803 1297; x_wconf 76' lang='grc'><strong>’⁷.</strong></span> <span class='ocrx_word' id='word_1_100' title='bbox 846 1245 910 1300; x_wconf 88' lang='lat' dir='ltr'><strong>Et</strong></span> <span class='ocrx_word' id='word_1_101' title='bbox 958 1262 1168 1302; x_wconf 90' lang='lat' dir='ltr'><strong>rursum</strong></span> <span class='ocrx_word' id='word_1_102' title='bbox 1209 1266 1223 1303; x_wconf 89' lang='lat'><strong>:</strong></span> <span class='ocrx_word' id='word_1_103' title='bbox 1267 1249 1421 1303; x_wconf 80' lang='lat' dir='ltr'><strong>Mitte</strong></span> <span class='ocrx_word' id='word_1_104' title='bbox 1465 1267 1678 1306; x_wconf 87' lang='lat' dir='ltr'><strong>manum</strong></span> <span class='ocrx_word' id='word_1_105' title='bbox 1724 1264 1890 1322; x_wconf 86' lang='lat' dir='ltr'><strong>tuam,</strong></span> <span class='ocrx_word' id='word_1_106' title='bbox 1920 1268 1969 1310; x_wconf 87' lang='lat' dir='ltr'><strong>et</strong></span> 
     </span>
    </p>
   </div>
   <div class='ocr_carea' id='block_1_13' title="bbox 397 1337 1969 1416">
    <p class='ocr_par' dir='ltr' id='par_1_13' title="bbox 397 1337 1969 1416">
     <span class='ocr_line' id='line_1_13' title="bbox 397 1337 1969 1416; baseline 0.01 -29"><span class='ocrx_word' id='word_1_107' title='bbox 397 1342 555 1405; x_wconf 79' lang='lat' dir='ltr'><strong>tange</strong></span> <span class='ocrx_word' id='word_1_108' title='bbox 581 1351 763 1391; x_wconf 84' lang='lat' dir='ltr'><strong>carnes</strong></span> <span class='ocrx_word' id='word_1_109' title='bbox 790 1337 903 1405; x_wconf 88' lang='lat' dir='ltr'><strong>ejus</strong></span> <span class='ocrx_word' id='word_1_110' title='bbox 929 1347 979 1393; x_wconf 87' lang='lat' dir='ltr'><strong>et</strong></span> <span class='ocrx_word' id='word_1_111' title='bbox 1006 1356 1124 1395; x_wconf 81' lang='lat' dir='ltr'><strong>ossa</strong></span> <span class='ocrx_word' id='word_1_112' title='bbox 1155 1345 1269 1409; x_wconf 84' lang='lat' dir='ltr'><strong>eius</strong></span> <span class='ocrx_word' id='word_1_113' title='bbox 1285 1344 1352 1396; x_wconf 67' lang='lat'><strong>‘8.</strong></span> <span class='ocrx_word' id='word_1_114' title='bbox 1371 1342 1569 1399; x_wconf 78' lang='lat' dir='ltr'><strong>Verum</strong></span> <span class='ocrx_word' id='word_1_115' title='bbox 1593 1345 1696 1399; x_wconf 92' lang='lat' dir='ltr'><strong>alia</strong></span> <span class='ocrx_word' id='word_1_116' title='bbox 1725 1350 1969 1416; x_wconf 67' lang='lat' dir='ltr'><strong>quaedam</strong></span> 
     </span>
    </p>
   </div>
   <div class='ocr_carea' id='block_1_14' title="bbox 403 1430 1970 1506">
    <p class='ocr_par' dir='ltr' id='par_1_14' title="bbox 403 1430 1970 1506">
     <span class='ocr_line' id='line_1_14' title="bbox 403 1430 1970 1506; baseline 0.011 -30"><span class='ocrx_word' id='word_1_117' title='bbox 403 1438 595 1480; x_wconf 85' lang='lat' dir='ltr'><strong>manus</strong></span> <span class='ocrx_word' id='word_1_118' title='bbox 624 1434 760 1489; x_wconf 86' lang='lat' dir='ltr'><strong>erat,</strong></span> <span class='ocrx_word' id='word_1_119' title='bbox 803 1436 858 1481; x_wconf 92' lang='lat' dir='ltr'><strong>et</strong></span> <span class='ocrx_word' id='word_1_120' title='bbox 896 1430 1016 1484; x_wconf 64' lang='lat' dir='ltr'><strong>alia:</strong></span> <span class='ocrx_word' id='word_1_121' title='bbox 1068 1432 1276 1501; x_wconf 85' lang='lat' dir='ltr'><strong>sagittae</strong></span> <span class='ocrx_word' id='word_1_122' title='bbox 1314 1449 1433 1502; x_wconf 86' lang='lat' dir='ltr'><strong>quae</strong></span> <span class='ocrx_word' id='word_1_123' title='bbox 1463 1436 1629 1506; x_wconf 89' lang='lat' dir='ltr'><strong>ipsius</strong></span> <span class='ocrx_word' id='word_1_124' title='bbox 1656 1452 1870 1493; x_wconf 91' lang='lat' dir='ltr'><strong>carnem</strong></span> <span class='ocrx_word' id='word_1_125' title='bbox 1905 1454 1970 1494; x_wconf 93' lang='lat' dir='ltr'><strong>ac</strong></span> 
     </span>
    </p>
   </div>
   <div class='ocr_carea' id='block_1_15' title="bbox 401 1517 1969 1597">
    <p class='ocr_par' dir='ltr' id='par_1_15' title="bbox 401 1517 1969 1597">
     <span class='ocr_line' id='line_1_15' title="bbox 401 1517 1969 1597; baseline 0.008 -27"><span class='ocrx_word' id='word_1_126' title='bbox 401 1517 541 1571; x_wconf 90' lang='lat' dir='ltr'><strong>bona</strong></span> <span class='ocrx_word' id='word_1_127' title='bbox 577 1530 838 1588; x_wconf 90' lang='lat' dir='ltr'><strong>corporea</strong></span> <span class='ocrx_word' id='word_1_128' title='bbox 871 1522 1210 1592; x_wconf 89' lang='lat' dir='ltr'><strong>attingebant</strong></span> <span class='ocrx_word' id='word_1_129' title='bbox 1246 1542 1258 1578; x_wconf 90' lang='lat'><strong>:</strong></span> <span class='ocrx_word' id='word_1_130' title='bbox 1290 1525 1379 1580; x_wconf 91' lang='lat' dir='ltr'><strong>hic</strong></span> <span class='ocrx_word' id='word_1_131' title='bbox 1414 1535 1613 1592; x_wconf 89' lang='lat' dir='ltr'><strong>autem,</strong></span> <span class='ocrx_word' id='word_1_132' title='bbox 1644 1528 1770 1597; x_wconf 86' lang='lat' dir='ltr'><strong>quia</strong></span> <span class='ocrx_word' id='word_1_133' title='bbox 1802 1527 1969 1585; x_wconf 85' lang='lat' dir='ltr'><strong>David</strong></span> 
     </span>
    </p>
   </div>
   <div class='ocr_carea' id='block_1_16' title="bbox 400 1608 1968 1689">
    <p class='ocr_par' dir='ltr' id='par_1_16' title="bbox 400 1608 1968 1689">
     <span class='ocr_line' id='line_1_16' title="bbox 400 1608 1968 1689; baseline 0.008 -25"><span class='ocrx_word' id='word_1_134' title='bbox 400 1608 579 1664; x_wconf 84' lang='lat' dir='ltr'><strong>anima</strong></span> <span class='ocrx_word' id='word_1_135' title='bbox 611 1612 927 1681; x_wconf 68' lang='lat' dir='ltr'><strong>aegrotabat,</strong></span> <span class='ocrx_word' id='word_1_136' title='bbox 963 1628 1021 1669; x_wconf 91' lang='lat' dir='ltr'><strong>se</strong></span> <span class='ocrx_word' id='word_1_137' title='bbox 1051 1616 1173 1671; x_wconf 87' lang='lat' dir='ltr'><strong>telis</strong></span> <span class='ocrx_word' id='word_1_138' title='bbox 1194 1616 1314 1673; x_wconf 89' lang='lat' dir='ltr'><strong>aliis</strong></span> <span class='ocrx_word' id='word_1_139' title='bbox 1342 1619 1674 1689; x_wconf 80' lang='lat' dir='ltr'><strong>confossum,</strong></span> <span class='ocrx_word' id='word_1_140' title='bbox 1711 1631 1768 1677; x_wconf 89' lang='lat' dir='ltr'><strong>et</strong></span> <span class='ocrx_word' id='word_1_141' title='bbox 1806 1638 1968 1677; x_wconf 89' lang='lat' dir='ltr'><strong>manu</strong></span> 
     </span>
    </p>
   </div>
   <div class='ocr_carea' id='block_1_17' title="bbox 401 1700 1968 1780">
    <p class='ocr_par' dir='ltr' id='par_1_17' title="bbox 401 1700 1968 1780">
     <span class='ocr_line' id='line_1_17' title="bbox 401 1700 1968 1780; baseline 0.01 -26"><span class='ocrx_word' id='word_1_142' title='bbox 401 1700 503 1755; x_wconf 90' lang='lat' dir='ltr'><strong>alia</strong></span> <span class='ocrx_word' id='word_1_143' title='bbox 524 1709 781 1757; x_wconf 90' lang='lat' dir='ltr'><strong>attactum</strong></span> <span class='ocrx_word' id='word_1_144' title='bbox 819 1705 1106 1774; x_wconf 78' lang='lat' dir='ltr'><strong>significat.</strong></span> <span class='ocrx_word' id='word_1_145' title='bbox 1142 1708 1311 1764; x_wconf 88' lang='lat' dir='ltr'><strong>Porro</strong></span> <span class='ocrx_word' id='word_1_146' title='bbox 1339 1711 1551 1780; x_wconf 80' lang='lat' dir='ltr'><strong>sagittae</strong></span> <span class='ocrx_word' id='word_1_147' title='bbox 1577 1712 1664 1767; x_wconf 88' lang='lat' dir='ltr'><strong>hic</strong></span> <span class='ocrx_word' id='word_1_148' title='bbox 1702 1729 1968 1770; x_wconf 90' lang='lat' dir='ltr'><strong>memora-</strong></span> 
     </span>
    </p>
   </div>
   <div class='ocr_carea' id='block_1_18' title="bbox 2070 539 3643 622">
    <p class='ocr_par' dir='ltr' id='par_1_18' title="bbox 2070 539 3643 622">
     <span class='ocr_line' id='line_1_18' title="bbox 2070 539 3643 622; baseline 0.008 -31"><span class='ocrx_word' id='word_1_149' title='bbox 2070 555 2161 592; x_wconf 79' lang='grc' dir='ltr'>νει</span> <span class='ocrx_word' id='word_1_150' title='bbox 2182 557 2301 607; x_wconf 83' lang='grc' dir='ltr'><strong>μου</strong></span> <span class='ocrx_word' id='word_1_151' title='bbox 2332 543 2401 594; x_wconf 84' lang='grc' dir='ltr'>τὸ</span> <span class='ocrx_word' id='word_1_152' title='bbox 2437 539 2598 612; x_wconf 52' lang='lat' dir='ltr'><strong>uiua.</strong></span> <span class='ocrx_word' id='word_1_153' title='bbox 2646 545 2704 598; x_wconf 79' lang='grc'><strong>’0</strong></span> <span class='ocrx_word' id='word_1_154' title='bbox 2732 546 2787 598; x_wconf 84' lang='grc' dir='ltr'>δὲ</span> <span class='ocrx_word' id='word_1_155' title='bbox 2816 546 2998 609; x_wconf 72' lang='grc' dir='ltr'>Δαϐὶδ,</span> <span class='ocrx_word' id='word_1_156' title='bbox 3027 547 3084 598; x_wconf 85' lang='grc' dir='ltr'><strong>οὐ</strong></span> <span class='ocrx_word' id='word_1_157' title='bbox 3115 548 3175 600; x_wconf 79' lang='grc' dir='ltr'><strong>τὸ</strong></span> <span class='ocrx_word' id='word_1_158' title='bbox 3205 549 3363 618; x_wconf 86' lang='grc' dir='ltr'>σῶμα</span> <span class='ocrx_word' id='word_1_159' title='bbox 3412 550 3643 622; x_wconf 80' lang='grc' dir='ltr'>πληγεὶς</span> 
     </span>
    </p>
   </div>
   <div class='ocr_carea' id='block_1_19' title="bbox 2070 629 3641 711">
    <p class='ocr_par' dir='ltr' id='par_1_19' title="bbox 2070 629 3641 711">
     <span class='ocr_line' id='line_1_19' title="bbox 2070 629 3641 711; baseline 0.01 -32"><span class='ocrx_word' id='word_1_160' title='bbox 2070 629 2270 697; x_wconf 84' lang='grc' dir='ltr'>ὁμοίως</span> <span class='ocrx_word' id='word_1_161' title='bbox 2299 631 2375 701; x_wconf 82' lang='grc' dir='ltr'><strong>τῷ</strong></span> <span class='ocrx_word' id='word_1_162' title='bbox 2424 632 2562 697; x_wconf 87' lang='grc' dir='ltr'>Ἰὼϐ,</span> <span class='ocrx_word' id='word_1_163' title='bbox 2600 635 2769 704; x_wconf 82' lang='grc' dir='ltr'>αὐτὴν</span> <span class='ocrx_word' id='word_1_164' title='bbox 2798 635 2855 687; x_wconf 84' lang='grc' dir='ltr'><strong>δὲ</strong></span> <span class='ocrx_word' id='word_1_165' title='bbox 2886 636 2985 706; x_wconf 82' lang='grc' dir='ltr'>τὴν</span> <span class='ocrx_word' id='word_1_166' title='bbox 3026 637 3202 706; x_wconf 75' lang='grc' dir='ltr'>ψυχὴν</span> <span class='ocrx_word' id='word_1_167' title='bbox 3244 639 3461 705; x_wconf 81' lang='grc' dir='ltr'><strong>καιρίαν</strong></span> <span class='ocrx_word' id='word_1_168' title='bbox 3495 657 3641 711; x_wconf 87' lang='grc' dir='ltr'>τρω-</span> 
     </span>
    </p>
   </div>
   <div class='ocr_carea' id='block_1_20' title="bbox 2071 715 3642 794">
    <p class='ocr_par' dir='ltr' id='par_1_20' title="bbox 2071 715 3642 794">
     <span class='ocr_line' id='line_1_20' title="bbox 2071 715 3642 794; baseline 0.01 -27"><span class='ocrx_word' id='word_1_169' title='bbox 2071 715 2203 781; x_wconf 75' lang='grc' dir='ltr'>θεὶς,</span> <span class='ocrx_word' id='word_1_170' title='bbox 2227 720 2324 790; x_wconf 81' lang='grc' dir='ltr'><strong>οὐχ</strong></span> <span class='ocrx_word' id='word_1_171' title='bbox 2349 722 2550 791; x_wconf 86' lang='grc' dir='ltr'>ὁμοίως</span> <span class='ocrx_word' id='word_1_172' title='bbox 2576 722 2655 793; x_wconf 83' lang='grc' dir='ltr'>τῷ</span> <span class='ocrx_word' id='word_1_173' title='bbox 2690 723 2807 776; x_wconf 88' lang='grc' dir='ltr'><strong>Ἰὼϐ</strong></span> <span class='ocrx_word' id='word_1_174' title='bbox 2837 725 3064 792; x_wconf 77' lang='grc' dir='ltr'>φάσκει·</span> <span class='ocrx_word' id='word_1_175' title='bbox 3090 726 3246 792; x_wconf 76' lang='grc' dir='ltr'><strong>Βέλη</strong></span> <span class='ocrx_word' id='word_1_176' title='bbox 3280 728 3389 794; x_wconf 73' lang='grc' dir='ltr'>γὰρ</span> <span class='ocrx_word' id='word_1_177' title='bbox 3418 730 3642 794; x_wconf 72' lang='grc' dir='ltr'>Κυρίου</span> 
     </span>
    </p>
   </div>
   <div class='ocr_carea' id='block_1_21' title="bbox 2069 807 3637 891">
    <p class='ocr_par' dir='ltr' id='par_1_21' title="bbox 2069 807 3637 891">
     <span class='ocr_line' id='line_1_21' title="bbox 2069 807 3637 891; baseline 0.008 -32"><span class='ocrx_word' id='word_1_178' title='bbox 2069 807 2138 860; x_wconf 83' lang='grc' dir='ltr'><strong>ἐν</strong></span> <span class='ocrx_word' id='word_1_179' title='bbox 2170 807 2250 873; x_wconf 85' lang='grc' dir='ltr'>τῷ</span> <span class='ocrx_word' id='word_1_180' title='bbox 2280 809 2506 879; x_wconf 82' lang='grc' dir='ltr'>σώματί</span> <span class='ocrx_word' id='word_1_181' title='bbox 2530 814 2649 881; x_wconf 84' lang='grc' dir='ltr'>μού</span> <span class='ocrx_word' id='word_1_182' title='bbox 2697 817 2855 868; x_wconf 74' lang='grc' dir='ltr'>εἰσιν·</span> <span class='ocrx_word' id='word_1_183' title='bbox 2888 815 3022 883; x_wconf 65' lang='grc' dir='ltr'><strong>(ΗΥ</strong></span> <span class='ocrx_word' id='word_1_184' title='bbox 3056 815 3190 879; x_wconf 88' lang='grc' dir='ltr'>ἀλλ’,</span> <span class='ocrx_word' id='word_1_185' title='bbox 3224 818 3343 869; x_wconf 83' lang='grc' dir='ltr'>Ὅτι</span> <span class='ocrx_word' id='word_1_186' title='bbox 3394 817 3463 871; x_wconf 78' lang='grc' dir='ltr'><strong>τά</strong></span> <span class='ocrx_word' id='word_1_187' title='bbox 3510 820 3637 891; x_wconf 85' lang='grc' dir='ltr'>βέλη</span> 
     </span>
    </p>
   </div>
   <div class='ocr_carea' id='block_1_22' title="bbox 2072 900 3640 980">
    <p class='ocr_par' dir='ltr' id='par_1_22' title="bbox 2072 900 3640 980">
     <span class='ocr_line' id='line_1_22' title="bbox 2072 900 3640 980; baseline 0.007 -29"><span class='ocrx_word' id='word_1_188' title='bbox 2072 915 2164 951; x_wconf 89' lang='grc' dir='ltr'><strong>σου</strong></span> <span class='ocrx_word' id='word_1_189' title='bbox 2204 900 2545 970; x_wconf 82' lang='grc' dir='ltr'>ὲνεπάγησάν</span> <span class='ocrx_word' id='word_1_190' title='bbox 2588 921 2699 973; x_wconf 89' lang='grc' dir='ltr'>μοι,</span> <span class='ocrx_word' id='word_1_191' title='bbox 2748 905 2841 957; x_wconf 74' lang='grc' dir='ltr'><strong>καὶ</strong></span> <span class='ocrx_word' id='word_1_192' title='bbox 2881 905 3247 976; x_wconf 82' lang='grc' dir='ltr'>ἐπεστήριξας</span> <span class='ocrx_word' id='word_1_193' title='bbox 3288 907 3372 959; x_wconf 77' lang='grc' dir='ltr'>ἐπ’</span> <span class='ocrx_word' id='word_1_194' title='bbox 3405 910 3506 977; x_wconf 78' lang='grc' dir='ltr'>ἐμὲ</span> <span class='ocrx_word' id='word_1_195' title='bbox 3540 913 3640 980; x_wconf 79' lang='grc' dir='ltr'>τὴν</span> 
     </span>
    </p>
   </div>
   <div class='ocr_carea' id='block_1_23' title="bbox 2070 991 3641 1068">
    <p class='ocr_par' dir='ltr' id='par_1_23' title="bbox 2070 991 3641 1068">
     <span class='ocr_line' id='line_1_23' title="bbox 2070 991 3641 1068; baseline 0.006 -26"><span class='ocrx_word' id='word_1_196' title='bbox 2070 991 2227 1061; x_wconf 86' lang='grc' dir='ltr'>χεῖρά</span> <span class='ocrx_word' id='word_1_197' title='bbox 2259 1009 2373 1047; x_wconf 87' lang='grc' dir='ltr'>σου.</span> <span class='ocrx_word' id='word_1_198' title='bbox 2414 995 2473 1046; x_wconf 85' lang='lat'><strong>&#39;0</strong></span> <span class='ocrx_word' id='word_1_199' title='bbox 2501 994 2559 1046; x_wconf 82' lang='grc' dir='ltr'>δὲ</span> <span class='ocrx_word' id='word_1_200' title='bbox 2603 994 2722 1047; x_wconf 85' lang='grc' dir='ltr'>Ἰὼϐ</span> <span class='ocrx_word' id='word_1_201' title='bbox 2784 996 3110 1066; x_wconf 76' lang='grc' dir='ltr'>μνημονεύει</span> <span class='ocrx_word' id='word_1_202' title='bbox 3160 999 3261 1068; x_wconf 77' lang='grc' dir='ltr'>τῆς</span> <span class='ocrx_word' id='word_1_203' title='bbox 3314 1000 3494 1068; x_wconf 83' lang='grc' dir='ltr'>χειρὸς</span> <span class='ocrx_word' id='word_1_204' title='bbox 3524 1002 3641 1051; x_wconf 83' lang='grc' dir='ltr'>Κυ-</span> 
     </span>
    </p>
   </div>
   <div class='ocr_carea' id='block_1_24' title="bbox 2070 1080 3636 1158">
    <p class='ocr_par' dir='ltr' id='par_1_24' title="bbox 2070 1080 3636 1158">
     <span class='ocr_line' id='line_1_24' title="bbox 2070 1080 3636 1158; baseline 0.007 -26"><span class='ocrx_word' id='word_1_205' title='bbox 2070 1080 2208 1151; x_wconf 90' lang='grc' dir='ltr'>ρίου,</span> <span class='ocrx_word' id='word_1_206' title='bbox 2245 1082 2436 1151; x_wconf 86' lang='grc' dir='ltr'>λέγων·</span> <span class='ocrx_word' id='word_1_207' title='bbox 2480 1084 2616 1152; x_wconf 73' lang='grc' dir='ltr'>Χεὶρ</span> <span class='ocrx_word' id='word_1_208' title='bbox 2655 1088 2875 1153; x_wconf 80' lang='grc' dir='ltr'>Κυρίου</span> <span class='ocrx_word' id='word_1_209' title='bbox 2913 1087 3086 1141; x_wconf 78' lang='grc' dir='ltr'>ἐστὶν</span> <span class='ocrx_word' id='word_1_210' title='bbox 3124 1090 3161 1155; x_wconf 75' lang='grc' dir='ltr'>ἡ</span> <span class='ocrx_word' id='word_1_211' title='bbox 3192 1088 3467 1157; x_wconf 72' lang='grc' dir='ltr'>ἁψαμένη</span> <span class='ocrx_word' id='word_1_212' title='bbox 3495 1108 3636 1158; x_wconf 77' lang='grc' dir='ltr'>μου.</span> 
     </span>
    </p>
   </div>
   <div class='ocr_carea' id='block_1_25' title="bbox 2069 1173 3643 1248">
    <p class='ocr_par' dir='ltr' id='par_1_25' title="bbox 2069 1173 3643 1248">
     <span class='ocr_line' id='line_1_25' title="bbox 2069 1173 3643 1248; baseline 0.005 -24"><span class='ocrx_word' id='word_1_213' title='bbox 2069 1173 2178 1225; x_wconf 81' lang='grc' dir='ltr'><strong>Καὶ</strong></span> <span class='ocrx_word' id='word_1_214' title='bbox 2211 1176 2239 1226; x_wconf 88' lang='lat'><strong>6</strong></span> <span class='ocrx_word' id='word_1_215' title='bbox 2270 1174 2511 1238; x_wconf 90' lang='grc' dir='ltr'>διάϐολος</span> <span class='ocrx_word' id='word_1_216' title='bbox 2538 1175 2615 1246; x_wconf 81' lang='grc' dir='ltr'>τῷ</span> <span class='ocrx_word' id='word_1_217' title='bbox 2651 1176 2840 1247; x_wconf 83' lang='grc' dir='ltr'>Κυρίῳ</span> <span class='ocrx_word' id='word_1_218' title='bbox 2883 1176 3078 1245; x_wconf 87' lang='grc' dir='ltr'>λέγων,</span> <span class='ocrx_word' id='word_1_219' title='bbox 3118 1179 3501 1233; x_wconf 74' lang='grc' dir='ltr'><strong>Ἀπόστειλον</strong></span> <span class='ocrx_word' id='word_1_220' title='bbox 3523 1180 3643 1248; x_wconf 75' lang='grc' dir='ltr'><strong>τὴν</strong></span> 
     </span>
    </p>
   </div>
   <div class='ocr_carea' id='block_1_26' title="bbox 2069 1263 3634 1339">
    <p class='ocr_par' dir='ltr' id='par_1_26' title="bbox 2069 1263 3634 1339">
     <span class='ocr_line' id='line_1_26' title="bbox 2069 1263 3634 1339; baseline 0.006 -24"><span class='ocrx_word' id='word_1_221' title='bbox 2069 1263 2237 1331; x_wconf 66' lang='grc' dir='ltr'>χεῖρά</span> <span class='ocrx_word' id='word_1_222' title='bbox 2265 1279 2401 1329; x_wconf 89' lang='grc' dir='ltr'>σου,</span> <span class='ocrx_word' id='word_1_223' title='bbox 2425 1266 2523 1319; x_wconf 77' lang='grc' dir='ltr'>καὶ</span> <span class='ocrx_word' id='word_1_224' title='bbox 2551 1266 2700 1334; x_wconf 73' lang='grc' dir='ltr'>ἅψαι</span> <span class='ocrx_word' id='word_1_225' title='bbox 2728 1267 2968 1320; x_wconf 81' lang='grc' dir='ltr'>πάντων</span> <span class='ocrx_word' id='word_1_226' title='bbox 2987 1263 3074 1321; x_wconf 83' lang='grc' dir='ltr'><strong>ὧν</strong></span> <span class='ocrx_word' id='word_1_227' title='bbox 3090 1270 3234 1336; x_wconf 84' lang='grc' dir='ltr'>ἕχει,</span> <span class='ocrx_word' id='word_1_228' title='bbox 3261 1270 3465 1338; x_wconf 78' lang='grc' dir='ltr'>ἔφασκε</span> <span class='ocrx_word' id='word_1_229' title='bbox 3500 1272 3634 1339; x_wconf 67' lang='grc'><strong>(42).</strong></span> 
     </span>
    </p>
   </div>
   <div class='ocr_carea' id='block_1_27' title="bbox 2068 1354 3641 1427">
    <p class='ocr_par' dir='ltr' id='par_1_27' title="bbox 2068 1354 3641 1427">
     <span class='ocr_line' id='line_1_27' title="bbox 2068 1354 3641 1427; baseline 0.004 -20"><span class='ocrx_word' id='word_1_230' title='bbox 2068 1354 2177 1413; x_wconf 75' lang='grc' dir='ltr'>Καὶ</span> <span class='ocrx_word' id='word_1_231' title='bbox 2212 1354 2399 1408; x_wconf 87' lang='grc' dir='ltr'>πάλιν·</span> <span class='ocrx_word' id='word_1_232' title='bbox 2444 1356 2834 1409; x_wconf 82' lang='grc' dir='ltr'><strong>Ἀπόστειλον</strong></span> <span class='ocrx_word' id='word_1_233' title='bbox 2861 1356 2975 1423; x_wconf 80' lang='grc' dir='ltr'><strong>τὴν</strong></span> <span class='ocrx_word' id='word_1_234' title='bbox 2997 1357 3165 1425; x_wconf 81' lang='grc' dir='ltr'>χεῖρά</span> <span class='ocrx_word' id='word_1_235' title='bbox 3197 1374 3335 1421; x_wconf 91' lang='grc' dir='ltr'>σου,</span> <span class='ocrx_word' id='word_1_236' title='bbox 3359 1359 3455 1412; x_wconf 76' lang='grc' dir='ltr'>καὶ</span> <span class='ocrx_word' id='word_1_237' title='bbox 3488 1360 3641 1427; x_wconf 73' lang='grc' dir='ltr'>ἅψαι</span> 
     </span>
    </p>
   </div>
   <div class='ocr_carea' id='block_1_28' title="bbox 2066 1438 3635 1509">
    <p class='ocr_par' dir='ltr' id='par_1_28' title="bbox 2066 1438 3635 1509">
     <span class='ocr_line' id='line_1_28' title="bbox 2066 1438 3635 1509; baseline 0.006 -17"><span class='ocrx_word' id='word_1_238' title='bbox 2066 1438 2186 1492; x_wconf 77' lang='grc' dir='ltr'>τῶν</span> <span class='ocrx_word' id='word_1_239' title='bbox 2207 1439 2445 1509; x_wconf 82' lang='grc' dir='ltr'><strong>σαρκῶν</strong></span> <span class='ocrx_word' id='word_1_240' title='bbox 2471 1442 2655 1496; x_wconf 79' lang='grc' dir='ltr'>αὑτοῦ</span> <span class='ocrx_word' id='word_1_241' title='bbox 2689 1442 2788 1496; x_wconf 79' lang='grc' dir='ltr'>καὶ</span> <span class='ocrx_word' id='word_1_242' title='bbox 2828 1443 2947 1496; x_wconf 86' lang='grc' dir='ltr'>τῶν</span> <span class='ocrx_word' id='word_1_243' title='bbox 2975 1445 3202 1498; x_wconf 77' lang='grc' dir='ltr'><strong>ὀστέων</strong></span> <span class='ocrx_word' id='word_1_244' title='bbox 3242 1447 3449 1502; x_wconf 87' lang='grc' dir='ltr'>αὐτοῦ.</span> <span class='ocrx_word' id='word_1_245' title='bbox 3503 1449 3635 1502; x_wconf 73' lang='grc' dir='ltr'>Ἀλλ’</span> 
     </span>
    </p>
   </div>
   <div class='ocr_carea' id='block_1_29' title="bbox 2069 1526 3638 1608">
    <p class='ocr_par' dir='ltr' id='par_1_29' title="bbox 2069 1526 3638 1608">
     <span class='ocr_line' id='line_1_29' title="bbox 2069 1526 3638 1608; baseline 0.006 -25"><span class='ocrx_word' id='word_1_246' title='bbox 2069 1531 2229 1599; x_wconf 82' lang='grc' dir='ltr'>ἑτέρα</span> <span class='ocrx_word' id='word_1_247' title='bbox 2257 1547 2341 1593; x_wconf 90' lang='grc' dir='ltr'><strong>τις</strong></span> <span class='ocrx_word' id='word_1_248' title='bbox 2367 1526 2434 1602; x_wconf 83' lang='grc' dir='ltr'>ἦν</span> <span class='ocrx_word' id='word_1_249' title='bbox 2457 1531 2598 1603; x_wconf 75' lang='grc' dir='ltr'>χεὶρ,</span> <span class='ocrx_word' id='word_1_250' title='bbox 2632 1534 2724 1586; x_wconf 75' lang='grc' dir='ltr'><strong>καὶ</strong></span> <span class='ocrx_word' id='word_1_251' title='bbox 2739 1533 2902 1604; x_wconf 71' lang='grc' dir='ltr'>ἕτερα</span> <span class='ocrx_word' id='word_1_252' title='bbox 2932 1535 3059 1606; x_wconf 84' lang='grc' dir='ltr'><strong>βέλη</strong></span> <span class='ocrx_word' id='word_1_253' title='bbox 3087 1537 3196 1589; x_wconf 89' lang='grc' dir='ltr'><strong>τῶν</strong></span> <span class='ocrx_word' id='word_1_254' title='bbox 3225 1537 3442 1608; x_wconf 85' lang='grc' dir='ltr'>σαρκῶν</span> <span class='ocrx_word' id='word_1_255' title='bbox 3471 1538 3638 1593; x_wconf 87' lang='grc' dir='ltr'>αὑτοῦ</span> 
     </span>
    </p>
   </div>
   <div class='ocr_carea' id='block_1_30' title="bbox 2068 1620 3633 1699">
    <p class='ocr_par' dir='ltr' id='par_1_30' title="bbox 2068 1620 3633 1699">
     <span class='ocr_line' id='line_1_30' title="bbox 2068 1620 3633 1699; baseline 0.006 -25"><span class='ocrx_word' id='word_1_256' title='bbox 2068 1620 2466 1692; x_wconf 82' lang='grc' dir='ltr'>καθικνούμενα</span> <span class='ocrx_word' id='word_1_257' title='bbox 2493 1624 2586 1676; x_wconf 81' lang='grc' dir='ltr'><strong>καὶ</strong></span> <span class='ocrx_word' id='word_1_258' title='bbox 2623 1623 2730 1677; x_wconf 89' lang='grc' dir='ltr'><strong>τῶν</strong></span> <span class='ocrx_word' id='word_1_259' title='bbox 2754 1626 3080 1695; x_wconf 81' lang='grc' dir='ltr'><strong>σωματικῶν</strong></span> <span class='ocrx_word' id='word_1_260' title='bbox 3110 1627 3222 1697; x_wconf 75' lang='grc'><strong>(45)</strong></span> <span class='ocrx_word' id='word_1_261' title='bbox 3256 1628 3633 1699; x_wconf 77' lang='grc' dir='ltr'>ὑπαρχόντων.</span> 
     </span>
    </p>
   </div>
   <div class='ocr_carea' id='block_1_31' title="bbox 2079 1712 3641 1790">
    <p class='ocr_par' dir='ltr' id='par_1_31' title="bbox 2079 1712 3641 1790">
     <span class='ocr_line' id='line_1_31' title="bbox 2079 1712 3641 1790; baseline 0.006 -25"><span class='ocrx_word' id='word_1_262' title='bbox 2079 1712 2342 1766; x_wconf 80' lang='grc' dir='ltr'>Ἐνταῦθα</span> <span class='ocrx_word' id='word_1_263' title='bbox 2370 1714 2449 1777; x_wconf 82' lang='grc' dir='ltr'>δὲ,</span> <span class='ocrx_word' id='word_1_264' title='bbox 2496 1714 2792 1786; x_wconf 80' lang='grc' dir='ltr'><strong>ἐπειδήπερ</strong></span> <span class='ocrx_word' id='word_1_265' title='bbox 2830 1715 2928 1786; x_wconf 81' lang='grc' dir='ltr'>τὴν</span> <span class='ocrx_word' id='word_1_266' title='bbox 2964 1717 3136 1788; x_wconf 74' lang='grc' dir='ltr'>ψυχὴν</span> <span class='ocrx_word' id='word_1_267' title='bbox 3160 1719 3328 1789; x_wconf 79' lang='grc' dir='ltr'>αὐτὴν</span> <span class='ocrx_word' id='word_1_268' title='bbox 3356 1721 3641 1790; x_wconf 82' lang='grc' dir='ltr'>νενοσήκει</span> 
     </span>
    </p>
   </div>
   <div class='ocr_carea' id='block_1_32' title="bbox 403 1779 1963 1879">
    <p class='ocr_par' dir='ltr' id='par_1_32' title="bbox 403 1779 1963 1875">
     <span class='ocr_line' id='line_1_32' title="bbox 403 1779 1963 1875; baseline 0.012 -31"><span class='ocrx_word' id='word_1_269' title='bbox 403 1799 470 1845; x_wconf 76' lang='lat' dir='ltr'><strong>ta:</strong></span> <span class='ocrx_word' id='word_1_270' title='bbox 494 1792 625 1847; x_wconf 89' lang='lat' dir='ltr'><strong>mihi</strong></span> <span class='ocrx_word' id='word_1_271' title='bbox 657 1794 907 1850; x_wconf 82' lang='lat' dir='ltr'><strong>videntur</strong></span> <span class='ocrx_word' id='word_1_272' title='bbox 933 1812 1052 1854; x_wconf 87' lang='lat' dir='ltr'><strong>esse</strong></span> <span class='ocrx_word' id='word_1_273' title='bbox 1085 1779 1418 1868; x_wconf 73' lang='lat' dir='ltr'><strong>spirituales,</strong></span> <span class='ocrx_word' id='word_1_274' title='bbox 1440 1803 1548 1858; x_wconf 90' lang='lat' dir='ltr'><strong>imo</strong></span> <span class='ocrx_word' id='word_1_275' title='bbox 1571 1818 1700 1859; x_wconf 91' lang='lat' dir='ltr'><strong>vero</strong></span> <span class='ocrx_word' id='word_1_276' title='bbox 1727 1806 1843 1875; x_wconf 90' lang='lat' dir='ltr'><strong>ipsa</strong></span> <span class='ocrx_word' id='word_1_277' title='bbox 1868 1806 1963 1862; x_wconf 90' lang='lat' dir='ltr'><strong>Dei</strong></span> 
     </span>
    </p>
   </div>
   <div class='ocr_carea' id='block_1_33' title="bbox 2068 1779 3641 1879">
    <p class='ocr_par' dir='ltr' id='par_1_33' title="bbox 2068 1779 3641 1879">
     <span class='ocr_line' id='line_1_33' title="bbox 2068 1779 3641 1879; baseline 0.006 -24"><span class='ocrx_word' id='word_1_278' title='bbox 2068 1804 2095 1855; x_wconf 85' lang='lat'><strong>6</strong></span> <span class='ocrx_word' id='word_1_279' title='bbox 2122 1802 2303 1867; x_wconf 67' lang='grc' dir='ltr'>Δαϐὶδ,</span> <span class='ocrx_word' id='word_1_280' title='bbox 2331 1804 2490 1878; x_wconf 71' lang='grc' dir='ltr'>ἕτερα</span> <span class='ocrx_word' id='word_1_281' title='bbox 2520 1804 2646 1876; x_wconf 87' lang='grc' dir='ltr'>βέλη</span> <span class='ocrx_word' id='word_1_282' title='bbox 2670 1779 2996 1860; x_wconf 75' lang='grc' dir='ltr'>καθικέσθαι</span> <span class='ocrx_word' id='word_1_283' title='bbox 3027 1779 3190 1861; x_wconf 65' lang='grc' dir='ltr'>αὐτοῦ</span> <span class='ocrx_word' id='word_1_284' title='bbox 3222 1779 3478 1879; x_wconf 80' lang='grc' dir='ltr'>σημαίνει</span> <span class='ocrx_word' id='word_1_285' title='bbox 3495 1850 3510 1875; x_wconf 95' lang='grc'><strong>,</strong></span> <span class='ocrx_word' id='word_1_286' title='bbox 3534 1779 3641 1865; x_wconf 52' lang='grc' dir='ltr'>’καὶ</span> 
     </span>
    </p>
   </div>
   <div class='ocr_carea' id='block_1_34' title="bbox 401 1882 1955 1966">
    <p class='ocr_par' dir='ltr' id='par_1_34' title="bbox 401 1882 1955 1966">
     <span class='ocr_line' id='line_1_34' title="bbox 401 1882 1955 1966; baseline 0.011 -30"><span class='ocrx_word' id='word_1_287' title='bbox 401 1882 586 1949; x_wconf 83' lang='lat' dir='ltr'><strong>verba,</strong></span> <span class='ocrx_word' id='word_1_288' title='bbox 616 1899 736 1956; x_wconf 70' lang='lat' dir='ltr'><strong>qua:</strong></span> <span class='ocrx_word' id='word_1_289' title='bbox 779 1888 1106 1957; x_wconf 74' lang='lat' dir='ltr'><strong>pungebant,</strong></span> <span class='ocrx_word' id='word_1_290' title='bbox 1151 1906 1215 1946; x_wconf 88' lang='lat' dir='ltr'><strong>ac</strong></span> <span class='ocrx_word' id='word_1_291' title='bbox 1246 1892 1605 1949; x_wconf 85' lang='lat' dir='ltr'><strong>vulnerabant</strong></span> <span class='ocrx_word' id='word_1_292' title='bbox 1645 1896 1815 1966; x_wconf 89' lang='lat' dir='ltr'><strong>ipsius</strong></span> <span class='ocrx_word' id='word_1_293' title='bbox 1846 1899 1955 1953; x_wconf 87' lang='lat' dir='ltr'><strong>ani-</strong></span> 
     </span>
    </p>
   </div>
   <div class='ocr_carea' id='block_1_35' title="bbox 402 1976 1966 2054">
    <p class='ocr_par' dir='ltr' id='par_1_35' title="bbox 402 1976 1966 2054">
     <span class='ocr_line' id='line_1_35' title="bbox 402 1976 1966 2054; baseline 0.008 -29"><span class='ocrx_word' id='word_1_294' title='bbox 402 1987 567 2039; x_wconf 90' lang='lat' dir='ltr'><strong>mam,</strong></span> <span class='ocrx_word' id='word_1_295' title='bbox 596 1984 651 2028; x_wconf 92' lang='lat' dir='ltr'><strong>et</strong></span> <span class='ocrx_word' id='word_1_296' title='bbox 683 1976 749 2030; x_wconf 91' lang='lat' dir='ltr'><strong>de</strong></span> <span class='ocrx_word' id='word_1_297' title='bbox 786 1977 1113 2033; x_wconf 89' lang='lat' dir='ltr'><strong>conscientia</strong></span> <span class='ocrx_word' id='word_1_298' title='bbox 1143 1994 1257 2049; x_wconf 83' lang='lat' dir='ltr'><strong>Ipsa</strong></span> <span class='ocrx_word' id='word_1_299' title='bbox 1300 1989 1585 2037; x_wconf 87' lang='lat' dir='ltr'><strong>sumebant</strong></span> <span class='ocrx_word' id='word_1_300' title='bbox 1625 1985 1966 2054; x_wconf 87' lang='lat' dir='ltr'><strong>supplicium,</strong></span> 
     </span>
    </p>
   </div>
   <div class='ocr_carea' id='block_1_36' title="bbox 399 2068 1965 2146">
    <p class='ocr_par' dir='ltr' id='par_1_36' title="bbox 399 2068 1965 2146">
     <span class='ocr_line' id='line_1_36' title="bbox 399 2068 1965 2146; baseline 0.006 -27"><span class='ocrx_word' id='word_1_301' title='bbox 399 2079 629 2137; x_wconf 90' lang='lat' dir='ltr'><strong>eamque</strong></span> <span class='ocrx_word' id='word_1_302' title='bbox 663 2068 1017 2139; x_wconf 89' lang='lat' dir='ltr'><strong>castigabant.</strong></span> <span class='ocrx_word' id='word_1_303' title='bbox 1051 2069 1146 2124; x_wconf 84' lang='lat' dir='ltr'><strong>Vir</strong></span> <span class='ocrx_word' id='word_1_304' title='bbox 1176 2071 1319 2126; x_wconf 89' lang='lat' dir='ltr'><strong>enim</strong></span> <span class='ocrx_word' id='word_1_305' title='bbox 1346 2072 1435 2128; x_wconf 90' lang='lat' dir='ltr'><strong>hic</strong></span> <span class='ocrx_word' id='word_1_306' title='bbox 1454 2081 1633 2128; x_wconf 81' lang='lat' dir='ltr'><strong>tantus</strong></span> <span class='ocrx_word' id='word_1_307' title='bbox 1652 2088 1776 2129; x_wconf 91' lang='lat' dir='ltr'><strong>cum</strong></span> <span class='ocrx_word' id='word_1_308' title='bbox 1801 2085 1965 2146; x_wconf 71' lang='lat' dir='ltr'><strong>esset,</strong></span> 
     </span>
    </p>
   </div>
   <div class='ocr_carea' id='block_1_37' title="bbox 403 2159 1966 2235">
    <p class='ocr_par' dir='ltr' id='par_1_37' title="bbox 403 2159 1966 2235">
     <span class='ocr_line' id='line_1_37' title="bbox 403 2159 1966 2235; baseline 0.006 -21"><span class='ocrx_word' id='word_1_309' title='bbox 403 2167 589 2229; x_wconf 85' lang='lat' dir='ltr'><strong>totque</strong></span> <span class='ocrx_word' id='word_1_310' title='bbox 620 2174 651 2214; x_wconf 90' lang='lat' dir='ltr'><strong>a</strong></span> <span class='ocrx_word' id='word_1_311' title='bbox 677 2159 787 2216; x_wconf 90' lang='lat' dir='ltr'><strong>Deo</strong></span> <span class='ocrx_word' id='word_1_312' title='bbox 815 2162 953 2217; x_wconf 91' lang='lat' dir='ltr'><strong>bona</strong></span> <span class='ocrx_word' id='word_1_313' title='bbox 985 2171 1328 2228; x_wconf 88' lang='lat' dir='ltr'><strong>consecutus,</strong></span> <span class='ocrx_word' id='word_1_314' title='bbox 1374 2172 1552 2218; x_wconf 89' lang='lat' dir='ltr'><strong>tamen</strong></span> <span class='ocrx_word' id='word_1_315' title='bbox 1587 2172 1741 2235; x_wconf 91' lang='lat' dir='ltr'><strong>turpe</strong></span> <span class='ocrx_word' id='word_1_316' title='bbox 1768 2165 1966 2222; x_wconf 84' lang='lat' dir='ltr'><strong>factum</strong></span> 
     </span>
    </p>
   </div>
   <div class='ocr_carea' id='block_1_38' title="bbox 400 2249 1970 2325">
    <p class='ocr_par' dir='ltr' id='par_1_38' title="bbox 400 2249 1970 2325">
     <span class='ocr_line' id='line_1_38' title="bbox 400 2249 1970 2325; baseline 0.006 -21"><span class='ocrx_word' id='word_1_317' title='bbox 400 2250 654 2320; x_wconf 82' lang='lat' dir='ltr'><strong>patravit.</strong></span> <span class='ocrx_word' id='word_1_318' title='bbox 688 2249 943 2308; x_wconf 86' lang='lat' dir='ltr'><strong>Fortasse</strong></span> <span class='ocrx_word' id='word_1_319' title='bbox 982 2262 1161 2308; x_wconf 89' lang='lat' dir='ltr'><strong>autem</strong></span> <span class='ocrx_word' id='word_1_320' title='bbox 1197 2254 1358 2309; x_wconf 89' lang='lat' dir='ltr'><strong>etiam</strong></span> <span class='ocrx_word' id='word_1_321' title='bbox 1396 2258 1567 2323; x_wconf 92' lang='lat' dir='ltr'><strong>ipsum</strong></span> <span class='ocrx_word' id='word_1_322' title='bbox 1596 2255 1887 2325; x_wconf 89' lang='lat' dir='ltr'><strong>diabolum,</strong></span> <span class='ocrx_word' id='word_1_323' title='bbox 1914 2268 1970 2314; x_wconf 90' lang='lat' dir='ltr'><strong>et</strong></span> 
     </span>
    </p>
   </div>
   <div class='ocr_carea' id='block_1_39' title="bbox 399 2341 1969 2414">
    <p class='ocr_par' dir='ltr' id='par_1_39' title="bbox 399 2341 1969 2414">
     <span class='ocr_line' id='line_1_39' title="bbox 399 2341 1969 2414; baseline 0.005 -19"><span class='ocrx_word' id='word_1_324' title='bbox 399 2341 565 2411; x_wconf 84' lang='lat' dir='ltr'><strong>ignita</strong></span> <span class='ocrx_word' id='word_1_325' title='bbox 615 2342 761 2397; x_wconf 86' lang='lat' dir='ltr'><strong>illius</strong></span> <span class='ocrx_word' id='word_1_326' title='bbox 803 2343 1025 2414; x_wconf 86' lang='lat' dir='ltr'><strong>maligni</strong></span> <span class='ocrx_word' id='word_1_327' title='bbox 1077 2345 1205 2413; x_wconf 90' lang='lat' dir='ltr'><strong>tela,</strong></span> <span class='ocrx_word' id='word_1_328' title='bbox 1262 2345 1514 2400; x_wconf 77' lang='lat' dir='ltr'><strong>affectum</strong></span> <span class='ocrx_word' id='word_1_329' title='bbox 1573 2347 1866 2402; x_wconf 72' lang='lat' dir='ltr'><strong>excitantia</strong></span> <span class='ocrx_word' id='word_1_330' title='bbox 1914 2360 1969 2404; x_wconf 90' lang='lat' dir='ltr'><strong>et</strong></span> 
     </span>
    </p>
   </div>
   <div class='ocr_carea' id='block_1_40' title="bbox 326 2433 1968 2506">
    <p class='ocr_par' dir='ltr' id='par_1_40' title="bbox 326 2433 1968 2506">
     <span class='ocr_line' id='line_1_40' title="bbox 326 2433 1968 2506; baseline 0.007 -21"><span class='ocrx_word' id='word_1_331' title='bbox 326 2447 338 2459; x_wconf 93' lang='grc'><strong>·</strong></span> <span class='ocrx_word' id='word_1_332' title='bbox 397 2433 688 2498; x_wconf 82' lang='lat' dir='ltr'><strong>amatoria,</strong></span> <span class='ocrx_word' id='word_1_333' title='bbox 726 2448 845 2503; x_wconf 64' lang='lat' dir='ltr'><strong>qua!</strong></span> <span class='ocrx_word' id='word_1_334' title='bbox 891 2434 1066 2504; x_wconf 91' lang='lat' dir='ltr'><strong>ipsum</strong></span> <span class='ocrx_word' id='word_1_335' title='bbox 1124 2436 1191 2490; x_wconf 89' lang='lat' dir='ltr'><strong>ad</strong></span> <span class='ocrx_word' id='word_1_336' title='bbox 1248 2438 1737 2506; x_wconf 90' lang='lat' dir='ltr'><strong>concupiscentiam</strong></span> <span class='ocrx_word' id='word_1_337' title='bbox 1786 2441 1968 2497; x_wconf 80' lang='lat' dir='ltr'><strong>uxoris</strong></span> 
     </span>
    </p>
   </div>
   <div class='ocr_carea' id='block_1_41' title="bbox 404 2523 1966 2597">
    <p class='ocr_par' dir='ltr' id='par_1_41' title="bbox 404 2523 1966 2597">
     <span class='ocr_line' id='line_1_41' title="bbox 404 2523 1966 2597; baseline 0.003 -17"><span class='ocrx_word' id='word_1_338' title='bbox 404 2523 545 2580; x_wconf 68' lang='lat' dir='ltr'><strong>Uria:</strong></span> <span class='ocrx_word' id='word_1_339' title='bbox 574 2524 947 2590; x_wconf 86' lang='lat' dir='ltr'><strong>incenderunt,</strong></span> <span class='ocrx_word' id='word_1_340' title='bbox 982 2526 1245 2595; x_wconf 84' lang='lat' dir='ltr'><strong>significat</strong></span> <span class='ocrx_word' id='word_1_341' title='bbox 1273 2546 1287 2582; x_wconf 94' lang='lat'><strong>:</strong></span> <span class='ocrx_word' id='word_1_342' title='bbox 1315 2527 1380 2582; x_wconf 92' lang='lat' dir='ltr'><strong>de</strong></span> <span class='ocrx_word' id='word_1_343' title='bbox 1400 2528 1595 2597; x_wconf 87' lang='lat' dir='ltr'><strong>quibus</strong></span> <span class='ocrx_word' id='word_1_344' title='bbox 1632 2529 1744 2584; x_wconf 79' lang='lat' dir='ltr'><strong>haec</strong></span> <span class='ocrx_word' id='word_1_345' title='bbox 1767 2532 1966 2585; x_wconf 89' lang='lat' dir='ltr'><strong>monita</strong></span> 
     </span>
    </p>
   </div>
   <div class='ocr_carea' id='block_1_42' title="bbox 400 2614 1968 2690">
    <p class='ocr_par' dir='ltr' id='par_1_42' title="bbox 400 2614 1968 2690">
     <span class='ocr_line' id='line_1_42' title="bbox 400 2614 1968 2690; baseline 0.006 -23"><span class='ocrx_word' id='word_1_346' title='bbox 400 2615 491 2667; x_wconf 89' lang='lat' dir='ltr'><strong>dat</strong></span> <span class='ocrx_word' id='word_1_347' title='bbox 518 2614 809 2685; x_wconf 84' lang='lat' dir='ltr'><strong>Apostolus</strong></span> <span class='ocrx_word' id='word_1_348' title='bbox 840 2633 853 2669; x_wconf 92' lang='lat'>:</span> <span class='ocrx_word' id='word_1_349' title='bbox 886 2616 1119 2685; x_wconf 81' lang='lat' dir='ltr'><strong>Accipite</strong></span> <span class='ocrx_word' id='word_1_350' title='bbox 1148 2628 1475 2672; x_wconf 86' lang='lat' dir='ltr'><strong>armaturam</strong></span> <span class='ocrx_word' id='word_1_351' title='bbox 1520 2618 1638 2686; x_wconf 89' lang='lat' dir='ltr'><strong>Dei,</strong></span> <span class='ocrx_word' id='word_1_352' title='bbox 1669 2628 1725 2674; x_wconf 88' lang='lat' dir='ltr'><strong>ut</strong></span> <span class='ocrx_word' id='word_1_353' title='bbox 1758 2622 1968 2690; x_wconf 76' lang='lat' dir='ltr'><strong>possitis</strong></span> 
     </span>
    </p>
   </div>
   <div class='ocr_carea' id='block_1_43' title="bbox 400 2704 1964 2780">
    <p class='ocr_par' dir='ltr' id='par_1_43' title="bbox 400 2704 1964 2780">
     <span class='ocr_line' id='line_1_43' title="bbox 400 2704 1964 2780; baseline 0.008 -24"><span class='ocrx_word' id='word_1_354' title='bbox 400 2704 554 2773; x_wconf 89' lang='lat' dir='ltr'><strong>ignea</strong></span> <span class='ocrx_word' id='word_1_355' title='bbox 604 2707 777 2760; x_wconf 86' lang='lat' dir='ltr'><strong>omnia</strong></span> <span class='ocrx_word' id='word_1_356' title='bbox 830 2706 1053 2777; x_wconf 84' lang='lat' dir='ltr'><strong>maligni</strong></span> <span class='ocrx_word' id='word_1_357' title='bbox 1082 2708 1185 2763; x_wconf 85' lang='lat' dir='ltr'><strong>tela</strong></span> <span class='ocrx_word' id='word_1_358' title='bbox 1238 2711 1568 2780; x_wconf 75' lang='lat' dir='ltr'><strong>exstinguere</strong></span> <span class='ocrx_word' id='word_1_359' title='bbox 1599 2712 1665 2766; x_wconf 82' lang='lat'><strong>&quot;.</strong></span> <span class='ocrx_word' id='word_1_360' title='bbox 1703 2711 1964 2779; x_wconf 85' lang='lat' dir='ltr'><strong>Quoniam</strong></span> 
     </span>
    </p>
   </div>
   <div class='ocr_carea' id='block_1_44' title="bbox 399 2796 1969 2872">
    <p class='ocr_par' dir='ltr' id='par_1_44' title="bbox 399 2796 1969 2872">
     <span class='ocr_line' id='line_1_44' title="bbox 399 2796 1969 2872; baseline 0.006 -24"><span class='ocrx_word' id='word_1_361' title='bbox 399 2796 542 2850; x_wconf 72' lang='lat' dir='ltr'><strong>extim</strong></span> <span class='ocrx_word' id='word_1_362' title='bbox 597 2796 819 2853; x_wconf 88' lang='lat' dir='ltr'><strong>inermis</strong></span> <span class='ocrx_word' id='word_1_363' title='bbox 867 2810 1114 2856; x_wconf 80' lang='lat' dir='ltr'><strong>inventus</strong></span> <span class='ocrx_word' id='word_1_364' title='bbox 1152 2799 1353 2867; x_wconf 70' lang='lat' dir='ltr'><strong>David,</strong></span> <span class='ocrx_word' id='word_1_365' title='bbox 1386 2801 1568 2870; x_wconf 90' lang='lat' dir='ltr'><strong>ignitis</strong></span> <span class='ocrx_word' id='word_1_366' title='bbox 1603 2803 1820 2872; x_wconf 85' lang='lat' dir='ltr'><strong>maligni</strong></span> <span class='ocrx_word' id='word_1_367' title='bbox 1849 2803 1969 2859; x_wconf 89' lang='lat' dir='ltr'><strong>telis</strong></span> 
     </span>
    </p>
   </div>
   <div class='ocr_carea' id='block_1_45' title="bbox 400 2887 1969 2963">
    <p class='ocr_par' dir='ltr' id='par_1_45' title="bbox 400 2887 1969 2963">
     <span class='ocr_line' id='line_1_45' title="bbox 400 2887 1969 2963; baseline 0.006 -24"><span class='ocrx_word' id='word_1_368' title='bbox 400 2899 507 2939; x_wconf 89' lang='lat' dir='ltr'><strong>non</strong></span> <span class='ocrx_word' id='word_1_369' title='bbox 562 2888 869 2952; x_wconf 85' lang='lat' dir='ltr'><strong>resistebat,</strong></span> <span class='ocrx_word' id='word_1_370' title='bbox 896 2887 1018 2956; x_wconf 83' lang='lat' dir='ltr'><strong>jure</strong></span> <span class='ocrx_word' id='word_1_371' title='bbox 1062 2890 1117 2944; x_wconf 93' lang='lat' dir='ltr'><strong>in</strong></span> <span class='ocrx_word' id='word_1_372' title='bbox 1158 2891 1337 2946; x_wconf 83' lang='lat' dir='ltr'><strong>anima</strong></span> <span class='ocrx_word' id='word_1_373' title='bbox 1390 2891 1686 2961; x_wconf 71' lang='lat' dir='ltr'><strong>sauciatus,</strong></span> <span class='ocrx_word' id='word_1_374' title='bbox 1716 2894 1969 2963; x_wconf 90' lang='lat' dir='ltr'><strong>concupi-</strong></span> 
     </span>
    </p>
   </div>
   <div class='ocr_carea' id='block_1_46' title="bbox 398 2975 1963 3049">
    <p class='ocr_par' dir='ltr' id='par_1_46' title="bbox 398 2975 1963 3049">
     <span class='ocr_line' id='line_1_46' title="bbox 398 2975 1963 3049; baseline 0.01 -20"><span class='ocrx_word' id='word_1_375' title='bbox 398 2975 609 3031; x_wconf 75' lang='lat' dir='ltr'><strong>scentia</strong></span> <span class='ocrx_word' id='word_1_376' title='bbox 665 2988 945 3048; x_wconf 86' lang='lat' dir='ltr'><strong>correptus</strong></span> <span class='ocrx_word' id='word_1_377' title='bbox 996 2989 1099 3036; x_wconf 92' lang='lat' dir='ltr'><strong>est.</strong></span> <span class='ocrx_word' id='word_1_378' title='bbox 1149 2981 1612 3049; x_wconf 85' lang='lat' dir='ltr'><strong>Quemadmodum</strong></span> <span class='ocrx_word' id='word_1_379' title='bbox 1644 2996 1822 3043; x_wconf 91' lang='lat' dir='ltr'><strong>autem</strong></span> <span class='ocrx_word' id='word_1_380' title='bbox 1867 2985 1963 3044; x_wconf 79' lang='lat' dir='ltr'><strong>Job</strong></span> 
     </span>
    </p>
   </div>
   <div class='ocr_carea' id='block_1_47' title="bbox 400 3066 2034 3168">
    <p class='ocr_par' dir='ltr' id='par_1_47' title="bbox 400 3066 2034 3168">
     <span class='ocr_line' id='line_1_47' title="bbox 400 3066 2034 3168; baseline 0.01 -47"><span class='ocrx_word' id='word_1_381' title='bbox 400 3066 597 3123; x_wconf 89' lang='lat' dir='ltr'><strong>diaboli</strong></span> <span class='ocrx_word' id='word_1_382' title='bbox 633 3070 877 3140; x_wconf 87' lang='lat' dir='ltr'><strong>sagittas,</strong></span> <span class='ocrx_word' id='word_1_383' title='bbox 909 3071 1147 3128; x_wconf 88' lang='lat' dir='ltr'><strong>immissa</strong></span> <span class='ocrx_word' id='word_1_384' title='bbox 1196 3075 1447 3132; x_wconf 86' lang='lat' dir='ltr'><strong>videlicet</strong></span> <span class='ocrx_word' id='word_1_385' title='bbox 1492 3080 1706 3160; x_wconf 85' lang='lat' dir='ltr'><strong>corpori</strong></span> <span class='ocrx_word' id='word_1_386' title='bbox 1756 3097 1855 3136; x_wconf 89' lang='lat' dir='ltr'><strong>suo</strong></span> <span class='ocrx_word' id='word_1_387' title='bbox 1884 3082 1966 3135; x_wconf 83' lang='grc' dir='ltr'>ιιι-</span> <span class='ocrx_word' id='word_1_388' title='bbox 1991 3111 2034 3168; x_wconf 73' lang='lat' dir='ltr'>c</span> 
     </span>
    </p>
   </div>
   <div class='ocr_carea' id='block_1_48' title="bbox 401 3159 1965 3237">
    <p class='ocr_par' dir='ltr' id='par_1_48' title="bbox 401 3159 1965 3237">
     <span class='ocr_line' id='line_1_48' title="bbox 401 3159 1965 3237; baseline 0.008 -24"><span class='ocrx_word' id='word_1_389' title='bbox 401 3172 546 3222; x_wconf 89' lang='lat' dir='ltr'><strong>cera,</strong></span> <span class='ocrx_word' id='word_1_390' title='bbox 573 3159 696 3228; x_wconf 85' lang='lat' dir='ltr'><strong>quia</strong></span> <span class='ocrx_word' id='word_1_391' title='bbox 726 3162 990 3230; x_wconf 89' lang='lat' dir='ltr'><strong>permissu</strong></span> <span class='ocrx_word' id='word_1_392' title='bbox 1028 3162 1122 3217; x_wconf 91' lang='lat' dir='ltr'><strong>Dei</strong></span> <span class='ocrx_word' id='word_1_393' title='bbox 1162 3165 1491 3231; x_wconf 88' lang='lat' dir='ltr'><strong>acciderant,</strong></span> <span class='ocrx_word' id='word_1_394' title='bbox 1509 3159 1733 3237; x_wconf 78' lang='lat' dir='ltr'><strong>Sagittas</strong></span> <span class='ocrx_word' id='word_1_395' title='bbox 1756 3170 1965 3226; x_wconf 91' lang='lat' dir='ltr'><strong>Domini</strong></span> 
     </span>
    </p>
   </div>
   <div class='ocr_carea' id='block_1_49' title="bbox 402 3250 1968 3330">
    <p class='ocr_par' dir='ltr' id='par_1_49' title="bbox 402 3250 1968 3330">
     <span class='ocr_line' id='line_1_49' title="bbox 402 3250 1968 3330; baseline 0.008 -27"><span class='ocrx_word' id='word_1_396' title='bbox 402 3250 650 3317; x_wconf 84' lang='lat' dir='ltr'><strong>vocavit,</strong></span> <span class='ocrx_word' id='word_1_397' title='bbox 697 3252 929 3307; x_wconf 83' lang='lat' dir='ltr'><strong>dicens:</strong></span> <span class='ocrx_word' id='word_1_398' title='bbox 966 3251 1108 3307; x_wconf 86' lang='lat' dir='ltr'><strong>Nam</strong></span> <span class='ocrx_word' id='word_1_399' title='bbox 1153 3256 1357 3324; x_wconf 73' lang='lat' dir='ltr'><strong>sagitta:</strong></span> <span class='ocrx_word' id='word_1_400' title='bbox 1397 3256 1608 3312; x_wconf 89' lang='lat' dir='ltr'><strong>Domini</strong></span> <span class='ocrx_word' id='word_1_401' title='bbox 1651 3259 1707 3314; x_wconf 85' lang='lat' dir='ltr'><strong>in</strong></span> <span class='ocrx_word' id='word_1_402' title='bbox 1755 3276 1968 3330; x_wconf 87' lang='lat' dir='ltr'><strong>corpore</strong></span> 
     </span>
    </p>
   </div>
   <div class='ocr_carea' id='block_1_50' title="bbox 399 3342 1963 3423">
    <p class='ocr_par' dir='ltr' id='par_1_50' title="bbox 399 3342 1963 3423">
     <span class='ocr_line' id='line_1_50' title="bbox 399 3342 1963 3423; baseline 0.007 -27"><span class='ocrx_word' id='word_1_403' title='bbox 399 3354 515 3396; x_wconf 85' lang='lat' dir='ltr'><strong>meo</strong></span> <span class='ocrx_word' id='word_1_404' title='bbox 555 3351 697 3407; x_wconf 88' lang='lat' dir='ltr'><strong>sunt,</strong></span> <span class='ocrx_word' id='word_1_405' title='bbox 742 3357 963 3411; x_wconf 77' lang='lat' dir='ltr'><strong>quarunt</strong></span> <span class='ocrx_word' id='word_1_406' title='bbox 996 3342 1149 3412; x_wconf 74' lang='lat' dir='ltr'><strong>furor</strong></span> <span class='ocrx_word' id='word_1_407' title='bbox 1174 3345 1333 3399; x_wconf 86' lang='lat' dir='ltr'><strong>ebibit</strong></span> <span class='ocrx_word' id='word_1_408' title='bbox 1365 3362 1539 3400; x_wconf 88' lang='lat' dir='ltr'><strong>meum</strong></span> <span class='ocrx_word' id='word_1_409' title='bbox 1565 3350 1870 3418; x_wconf 84' lang='lat' dir='ltr'><strong>sanguinem</strong></span> <span class='ocrx_word' id='word_1_410' title='bbox 1898 3351 1918 3423; x_wconf 30' lang='grc' dir='ltr'><strong>,ί</strong></span> <span class='ocrx_word' id='word_1_411' title='bbox 1949 3370 1963 3407; x_wconf 88' lang='lat'><strong>:</strong></span> 
     </span>
    </p>
   </div>
   <div class='ocr_carea' id='block_1_51' title="bbox 400 3429 1967 3507">
    <p class='ocr_par' dir='ltr' id='par_1_51' title="bbox 400 3429 1967 3507">
     <span class='ocr_line' id='line_1_51' title="bbox 400 3429 1967 3507; baseline 0.008 -24"><span class='ocrx_word' id='word_1_412' title='bbox 400 3429 472 3483; x_wconf 90' lang='lat' dir='ltr'><strong>ita</strong></span> <span class='ocrx_word' id='word_1_413' title='bbox 499 3431 790 3486; x_wconf 88' lang='lat' dir='ltr'><strong>verisimile</strong></span> <span class='ocrx_word' id='word_1_414' title='bbox 823 3441 906 3487; x_wconf 90' lang='lat' dir='ltr'><strong>est</strong></span> <span class='ocrx_word' id='word_1_415' title='bbox 938 3432 1057 3488; x_wconf 90' lang='lat' dir='ltr'><strong>ideo</strong></span> <span class='ocrx_word' id='word_1_416' title='bbox 1093 3434 1348 3489; x_wconf 90' lang='lat' dir='ltr'><strong>Davidem</strong></span> <span class='ocrx_word' id='word_1_417' title='bbox 1382 3436 1470 3492; x_wconf 89' lang='lat' dir='ltr'><strong>hic</strong></span> <span class='ocrx_word' id='word_1_418' title='bbox 1508 3438 1734 3507; x_wconf 88' lang='lat' dir='ltr'><strong>sagittas</strong></span> <span class='ocrx_word' id='word_1_419' title='bbox 1759 3441 1967 3496; x_wconf 91' lang='lat' dir='ltr'><strong>Domini</strong></span> 
     </span>
    </p>
   </div>
   <div class='ocr_carea' id='block_1_52' title="bbox 400 3521 1964 3593">
    <p class='ocr_par' dir='ltr' id='par_1_52' title="bbox 400 3521 1964 3593">
     <span class='ocr_line' id='line_1_52' title="bbox 400 3521 1964 3593; baseline 0.008 -19"><span class='ocrx_word' id='word_1_420' title='bbox 400 3521 732 3587; x_wconf 89' lang='lat' dir='ltr'><strong>nominasse,</strong></span> <span class='ocrx_word' id='word_1_421' title='bbox 766 3523 889 3593; x_wconf 84' lang='lat' dir='ltr'><strong>quia</strong></span> <span class='ocrx_word' id='word_1_422' title='bbox 929 3538 995 3577; x_wconf 83' lang='lat' dir='ltr'><strong>ex</strong></span> <span class='ocrx_word' id='word_1_423' title='bbox 1021 3523 1233 3579; x_wconf 92' lang='lat' dir='ltr'><strong>Domini</strong></span> <span class='ocrx_word' id='word_1_424' title='bbox 1273 3541 1533 3582; x_wconf 89' lang='lat' dir='ltr'><strong>concessu</strong></span> <span class='ocrx_word' id='word_1_425' title='bbox 1562 3529 1812 3586; x_wconf 91' lang='lat' dir='ltr'><strong>inimicus</strong></span> <span class='ocrx_word' id='word_1_426' title='bbox 1843 3547 1964 3586; x_wconf 89' lang='lat' dir='ltr'><strong>cum</strong></span> 
     </span>
    </p>
   </div>
   <div class='ocr_carea' id='block_1_53' title="bbox 398 3615 1967 3684">
    <p class='ocr_par' dir='ltr' id='par_1_53' title="bbox 398 3615 1967 3684">
     <span class='ocr_line' id='line_1_53' title="bbox 398 3615 1967 3684; baseline 0.007 -19"><span class='ocrx_word' id='word_1_427' title='bbox 398 3615 760 3684; x_wconf 84' lang='lat' dir='ltr'><strong>oppugnabat,</strong></span> <span class='ocrx_word' id='word_1_428' title='bbox 793 3623 853 3668; x_wconf 90' lang='lat' dir='ltr'><strong>ut</strong></span> <span class='ocrx_word' id='word_1_429' title='bbox 882 3615 1145 3670; x_wconf 86' lang='lat' dir='ltr'><strong>edisceret</strong></span> <span class='ocrx_word' id='word_1_430' title='bbox 1172 3631 1277 3671; x_wconf 89' lang='lat' dir='ltr'><strong>non</strong></span> <span class='ocrx_word' id='word_1_431' title='bbox 1322 3617 1503 3673; x_wconf 86' lang='lat' dir='ltr'><strong>dicere</strong></span> <span class='ocrx_word' id='word_1_432' title='bbox 1535 3636 1549 3673; x_wconf 91' lang='lat'>:</span> <span class='ocrx_word' id='word_1_433' title='bbox 1580 3617 1703 3675; x_wconf 90' lang='lat' dir='ltr'><strong>Non</strong></span> <span class='ocrx_word' id='word_1_434' title='bbox 1729 3621 1967 3676; x_wconf 84' lang='lat' dir='ltr'><strong>movebar</strong></span> 
     </span>
    </p>
   </div>
   <div class='ocr_carea' id='block_1_54' title="bbox 397 3705 1964 3784">
    <p class='ocr_par' dir='ltr' id='par_1_54' title="bbox 397 3705 1964 3784">
     <span class='ocr_line' id='line_1_54' title="bbox 397 3705 1964 3784; baseline 0.01 -29"><span class='ocrx_word' id='word_1_435' title='bbox 397 3705 455 3759; x_wconf 85' lang='lat' dir='ltr'><strong>in</strong></span> <span class='ocrx_word' id='word_1_436' title='bbox 491 3714 765 3761; x_wconf 73' lang='lat' dir='ltr'><strong>a&#39;ternum.</strong></span> <span class='ocrx_word' id='word_1_437' title='bbox 809 3706 944 3774; x_wconf 85' lang='lat' dir='ltr'><strong>Quia</strong></span> <span class='ocrx_word' id='word_1_438' title='bbox 1003 3708 1146 3763; x_wconf 88' lang='lat' dir='ltr'><strong>enim</strong></span> <span class='ocrx_word' id='word_1_439' title='bbox 1198 3709 1292 3763; x_wconf 89' lang='lat' dir='ltr'><strong>Dei</strong></span> <span class='ocrx_word' id='word_1_440' title='bbox 1336 3711 1508 3780; x_wconf 89' lang='lat' dir='ltr'><strong>gratia</strong></span> <span class='ocrx_word' id='word_1_441' title='bbox 1545 3710 1740 3778; x_wconf 85' lang='lat' dir='ltr'><strong>fultus,</strong></span> <span class='ocrx_word' id='word_1_442' title='bbox 1772 3729 1964 3784; x_wconf 88' lang='lat' dir='ltr'><strong>magna</strong></span> 
     </span>
    </p>
   </div>
   <div class='ocr_carea' id='block_1_55' title="bbox 398 3798 1965 3874">
    <p class='ocr_par' dir='ltr' id='par_1_55' title="bbox 398 3798 1965 3874">
     <span class='ocr_line' id='line_1_55' title="bbox 398 3798 1965 3874; baseline 0.007 -25"><span class='ocrx_word' id='word_1_443' title='bbox 398 3798 690 3868; x_wconf 77' lang='lat' dir='ltr'><strong>aliquando</strong></span> <span class='ocrx_word' id='word_1_444' title='bbox 733 3800 798 3853; x_wconf 86' lang='lat' dir='ltr'><strong>de</strong></span> <span class='ocrx_word' id='word_1_445' title='bbox 853 3813 913 3853; x_wconf 85' lang='lat' dir='ltr'><strong>se</strong></span> <span class='ocrx_word' id='word_1_446' title='bbox 959 3808 1236 3866; x_wconf 78' lang='lat' dir='ltr'><strong>senserat,</strong></span> <span class='ocrx_word' id='word_1_447' title='bbox 1268 3800 1342 3855; x_wconf 90' lang='lat' dir='ltr'><strong>ita</strong></span> <span class='ocrx_word' id='word_1_448' title='bbox 1381 3811 1439 3856; x_wconf 92' lang='lat' dir='ltr'><strong>ut</strong></span> <span class='ocrx_word' id='word_1_449' title='bbox 1470 3813 1788 3874; x_wconf 83' lang='lat' dir='ltr'><strong>arroganter</strong></span> <span class='ocrx_word' id='word_1_450' title='bbox 1819 3805 1965 3861; x_wconf 90' lang='lat' dir='ltr'><strong>dice-</strong></span> 
     </span>
    </p>
   </div>
   <div class='ocr_carea' id='block_1_56' title="bbox 398 3888 1966 3959">
    <p class='ocr_par' dir='ltr' id='par_1_56' title="bbox 398 3888 1966 3959">
     <span class='ocr_line' id='line_1_56' title="bbox 398 3888 1966 3959; baseline 0.006 -17"><span class='ocrx_word' id='word_1_451' title='bbox 398 3897 483 3943; x_wconf 86' lang='lat' dir='ltr'><strong>ret</strong></span> <span class='ocrx_word' id='word_1_452' title='bbox 514 3902 529 3942; x_wconf 90' lang='lat'><strong>:</strong></span> <span class='ocrx_word' id='word_1_453' title='bbox 558 3888 667 3959; x_wconf 84' lang='lat' dir='ltr'><strong>Ego</strong></span> <span class='ocrx_word' id='word_1_454' title='bbox 686 3896 861 3943; x_wconf 90' lang='lat' dir='ltr'><strong>autem</strong></span> <span class='ocrx_word' id='word_1_455' title='bbox 890 3890 1003 3944; x_wconf 73' lang='lat' dir='ltr'><strong>dixi</strong></span> <span class='ocrx_word' id='word_1_456' title='bbox 1036 3893 1089 3945; x_wconf 88' lang='lat' dir='ltr'><strong>in</strong></span> <span class='ocrx_word' id='word_1_457' title='bbox 1116 3891 1442 3949; x_wconf 85' lang='lat' dir='ltr'><strong>abundantia</strong></span> <span class='ocrx_word' id='word_1_458' title='bbox 1465 3904 1582 3949; x_wconf 86' lang='lat' dir='ltr'><strong>mea</strong></span> <span class='ocrx_word' id='word_1_459' title='bbox 1604 3912 1623 3951; x_wconf 89' lang='lat'><strong><em>:</em></strong></span> <span class='ocrx_word' id='word_1_460' title='bbox 1653 3895 1777 3952; x_wconf 88' lang='lat' dir='ltr'><strong>Non</strong></span> <span class='ocrx_word' id='word_1_461' title='bbox 1799 3914 1966 3952; x_wconf 86' lang='lat' dir='ltr'><strong>move-</strong></span> 
     </span>
    </p>
   </div>
   <div class='ocr_carea' id='block_1_57' title="bbox 398 3980 1963 4056">
    <p class='ocr_par' dir='ltr' id='par_1_57' title="bbox 398 3980 1963 4056">
     <span class='ocr_line' id='line_1_57' title="bbox 398 3980 1963 4056; baseline 0.008 -23"><span class='ocrx_word' id='word_1_462' title='bbox 398 3980 491 4034; x_wconf 93' lang='lat' dir='ltr'><strong>bor</strong></span> <span class='ocrx_word' id='word_1_463' title='bbox 529 3980 584 4034; x_wconf 87' lang='lat' dir='ltr'><strong>in</strong></span> <span class='ocrx_word' id='word_1_464' title='bbox 616 3988 870 4035; x_wconf 62' lang='lat' dir='ltr'><strong>aeternum</strong></span> <span class='ocrx_word' id='word_1_465' title='bbox 893 3983 949 4049; x_wconf 82' lang='grc'><strong>²;</strong></span> <span class='ocrx_word' id='word_1_466' title='bbox 980 3982 1097 4037; x_wconf 89' lang='lat' dir='ltr'><strong>ideo</strong></span> <span class='ocrx_word' id='word_1_467' title='bbox 1135 3981 1260 4051; x_wconf 85' lang='lat' dir='ltr'><strong>jure</strong></span> <span class='ocrx_word' id='word_1_468' title='bbox 1300 3987 1552 4042; x_wconf 87' lang='lat' dir='ltr'><strong>tentatori</strong></span> <span class='ocrx_word' id='word_1_469' title='bbox 1588 3989 1815 4044; x_wconf 89' lang='lat' dir='ltr'><strong>traditus</strong></span> <span class='ocrx_word' id='word_1_470' title='bbox 1859 4000 1963 4056; x_wconf 90' lang='lat' dir='ltr'><strong>est,</strong></span> 
     </span>
    </p>
   </div>
   <div class='ocr_carea' id='block_1_58' title="bbox 397 4071 1965 4147">
    <p class='ocr_par' dir='ltr' id='par_1_58' title="bbox 397 4071 1965 4147">
     <span class='ocr_line' id='line_1_58' title="bbox 397 4071 1965 4147; baseline 0.006 -22"><span class='ocrx_word' id='word_1_471' title='bbox 397 4071 490 4139; x_wconf 90' lang='lat' dir='ltr'><strong>qui</strong></span> <span class='ocrx_word' id='word_1_472' title='bbox 515 4071 750 4126; x_wconf 90' lang='lat' dir='ltr'><strong>animam</strong></span> <span class='ocrx_word' id='word_1_473' title='bbox 778 4071 893 4141; x_wconf 83' lang='lat' dir='ltr'><strong>ejus</strong></span> <span class='ocrx_word' id='word_1_474' title='bbox 920 4073 1349 4143; x_wconf 89' lang='lat' dir='ltr'><strong>adortus,majus</strong></span> <span class='ocrx_word' id='word_1_475' title='bbox 1373 4078 1422 4131; x_wconf 91' lang='lat' dir='ltr'><strong>ei</strong></span> <span class='ocrx_word' id='word_1_476' title='bbox 1457 4092 1615 4147; x_wconf 87' lang='lat' dir='ltr'><strong>quam</strong></span> <span class='ocrx_word' id='word_1_477' title='bbox 1645 4077 1781 4133; x_wconf 83' lang='lat' dir='ltr'><strong>Jobo</strong></span> <span class='ocrx_word' id='word_1_478' title='bbox 1812 4080 1965 4133; x_wconf 91' lang='lat' dir='ltr'><strong>dam-</strong></span> 
     </span>
    </p>
   </div>
   <div class='ocr_carea' id='block_1_59' title="bbox 398 4162 1965 4237">
    <p class='ocr_par' dir='ltr' id='par_1_59' title="bbox 398 4162 1965 4237">
     <span class='ocr_line' id='line_1_59' title="bbox 398 4162 1965 4237; baseline 0.005 -20"><span class='ocrx_word' id='word_1_479' title='bbox 398 4177 525 4219; x_wconf 85' lang='lat' dir='ltr'><strong>num</strong></span> <span class='ocrx_word' id='word_1_480' title='bbox 571 4162 770 4217; x_wconf 89' lang='lat' dir='ltr'><strong>intulit.</strong></span> <span class='ocrx_word' id='word_1_481' title='bbox 827 4163 1118 4220; x_wconf 86' lang='lat' dir='ltr'><strong>Sermones</strong></span> <span class='ocrx_word' id='word_1_482' title='bbox 1173 4176 1351 4220; x_wconf 90' lang='lat' dir='ltr'><strong>autem</strong></span> <span class='ocrx_word' id='word_1_483' title='bbox 1397 4169 1591 4237; x_wconf 90' lang='lat' dir='ltr'><strong>quibus</strong></span> <span class='ocrx_word' id='word_1_484' title='bbox 1637 4170 1703 4224; x_wconf 89' lang='lat' dir='ltr'><strong>ad</strong></span> <span class='ocrx_word' id='word_1_485' title='bbox 1761 4186 1965 4225; x_wconf 92' lang='lat' dir='ltr'><strong>memo-</strong></span> 
     </span>
    </p>
   </div>
   <div class='ocr_carea' id='block_1_60' title="bbox 398 4252 1961 4327">
    <p class='ocr_par' dir='ltr' id='par_1_60' title="bbox 398 4252 1961 4327">
     <span class='ocr_line' id='line_1_60' title="bbox 398 4252 1961 4327; baseline 0.005 -22"><span class='ocrx_word' id='word_1_486' title='bbox 398 4252 532 4307; x_wconf 90' lang='lat' dir='ltr'><strong>riam</strong></span> <span class='ocrx_word' id='word_1_487' title='bbox 584 4262 868 4307; x_wconf 90' lang='lat' dir='ltr'><strong>revocatur</strong></span> <span class='ocrx_word' id='word_1_488' title='bbox 889 4252 1090 4323; x_wconf 87' lang='lat' dir='ltr'><strong>justum</strong></span> <span class='ocrx_word' id='word_1_489' title='bbox 1128 4254 1223 4311; x_wconf 92' lang='lat' dir='ltr'><strong>Dei</strong></span> <span class='ocrx_word' id='word_1_490' title='bbox 1252 4255 1539 4325; x_wconf 87' lang='lat' dir='ltr'><strong>judicium,</strong></span> <span class='ocrx_word' id='word_1_491' title='bbox 1567 4267 1621 4313; x_wconf 91' lang='lat' dir='ltr'><strong>et</strong></span> <span class='ocrx_word' id='word_1_492' title='bbox 1660 4258 1854 4327; x_wconf 91' lang='lat' dir='ltr'><strong>quibus</strong></span> <span class='ocrx_word' id='word_1_493' title='bbox 1883 4260 1961 4313; x_wconf 89' lang='lat' dir='ltr'><strong>ira</strong></span> 
     </span>
    </p>
   </div>
   <div class='ocr_carea' id='block_1_61' title="bbox 396 4344 1964 4417">
    <p class='ocr_par' dir='ltr' id='par_1_61' title="bbox 396 4344 1964 4417">
     <span class='ocr_line' id='line_1_61' title="bbox 396 4344 1964 4417; baseline 0.004 -18"><span class='ocrx_word' id='word_1_494' title='bbox 396 4344 742 4414; x_wconf 87' lang='lat' dir='ltr'><strong>peccantibus</strong></span> <span class='ocrx_word' id='word_1_495' title='bbox 762 4345 1073 4414; x_wconf 90' lang='lat' dir='ltr'><strong>impendens</strong></span> <span class='ocrx_word' id='word_1_496' title='bbox 1094 4348 1369 4412; x_wconf 90' lang='lat' dir='ltr'><strong>edocetur,</strong></span> <span class='ocrx_word' id='word_1_497' title='bbox 1388 4348 1597 4417; x_wconf 86' lang='lat' dir='ltr'><strong>sagittis</strong></span> <span class='ocrx_word' id='word_1_498' title='bbox 1610 4363 1734 4403; x_wconf 88' lang='lat' dir='ltr'><strong>sunt</strong></span> <span class='ocrx_word' id='word_1_499' title='bbox 1756 4349 1964 4405; x_wconf 86' lang='lat' dir='ltr'><strong>auctio-</strong></span> 
     </span>
    </p>
   </div>
   <div class='ocr_carea' id='block_1_62' title="bbox 2067 1888 3640 1965">
    <p class='ocr_par' dir='ltr' id='par_1_62' title="bbox 2067 1888 3640 1965">
     <span class='ocr_line' id='line_1_62' title="bbox 2067 1888 3640 1965; baseline 0.003 -21"><span class='ocrx_word' id='word_1_500' title='bbox 2067 1892 2256 1963; x_wconf 77' lang='grc' dir='ltr'>ἑτέραν</span> <span class='ocrx_word' id='word_1_501' title='bbox 2284 1895 2442 1963; x_wconf 84' lang='grc' dir='ltr'>χεῖρα</span> <span class='ocrx_word' id='word_1_502' title='bbox 2462 1888 2632 1965; x_wconf 77' lang='grc' dir='ltr'>ἧφθαι</span> <span class='ocrx_word' id='word_1_503' title='bbox 2659 1893 2846 1947; x_wconf 82' lang='grc' dir='ltr'>αὐτοῦ.</span> <span class='ocrx_word' id='word_1_504' title='bbox 2880 1895 2988 1947; x_wconf 88' lang='grc' dir='ltr'><strong>Καί</strong></span> <span class='ocrx_word' id='word_1_505' title='bbox 3023 1912 3111 1965; x_wconf 88' lang='grc' dir='ltr'><strong>μοι</strong></span> <span class='ocrx_word' id='word_1_506' title='bbox 3140 1894 3285 1947; x_wconf 87' lang='grc' dir='ltr'>δοκεῖ</span> <span class='ocrx_word' id='word_1_507' title='bbox 3310 1895 3376 1948; x_wconf 83' lang='grc' dir='ltr'><strong>τά</strong></span> <span class='ocrx_word' id='word_1_508' title='bbox 3406 1896 3640 1950; x_wconf 78' lang='grc' dir='ltr'>ἐνταῦθα</span> 
     </span>
    </p>
   </div>
   <div class='ocr_carea' id='block_1_63' title="bbox 2065 1979 3641 2056">
    <p class='ocr_par' dir='ltr' id='par_1_63' title="bbox 2065 1979 3641 2056">
     <span class='ocr_line' id='line_1_63' title="bbox 2065 1979 3641 2056; baseline 0.001 -18"><span class='ocrx_word' id='word_1_509' title='bbox 2065 1985 2334 2055; x_wconf 87' lang='grc' dir='ltr'>λεγόμενα</span> <span class='ocrx_word' id='word_1_510' title='bbox 2371 1984 2523 2055; x_wconf 83' lang='grc' dir='ltr'>βέλη,</span> <span class='ocrx_word' id='word_1_511' title='bbox 2558 1985 2752 2053; x_wconf 86' lang='grc' dir='ltr'>λογικά</span> <span class='ocrx_word' id='word_1_512' title='bbox 2779 1979 2938 2050; x_wconf 73' lang='grc' dir='ltr'>εἶναι,</span> <span class='ocrx_word' id='word_1_513' title='bbox 2977 1986 3175 2056; x_wconf 84' lang='grc' dir='ltr'>μᾶλλον</span> <span class='ocrx_word' id='word_1_514' title='bbox 3198 1986 3254 2038; x_wconf 82' lang='grc' dir='ltr'><strong>δὲ</strong></span> <span class='ocrx_word' id='word_1_515' title='bbox 3283 1987 3480 2050; x_wconf 80' lang='grc' dir='ltr'>αὐτοὺς</span> <span class='ocrx_word' id='word_1_516' title='bbox 3513 1987 3641 2049; x_wconf 80' lang='grc' dir='ltr'>τοὺς</span> 
     </span>
    </p>
   </div>
   <div class='ocr_carea' id='block_1_64' title="bbox 2066 2073 3639 2145">
    <p class='ocr_par' dir='ltr' id='par_1_64' title="bbox 2066 2073 3639 2145">
     <span class='ocr_line' id='line_1_64' title="bbox 2066 2073 3639 2145; baseline 0.001 -18"><span class='ocrx_word' id='word_1_517' title='bbox 2066 2074 2159 2127; x_wconf 85' lang='grc' dir='ltr'><strong>τοῦ</strong></span> <span class='ocrx_word' id='word_1_518' title='bbox 2186 2073 2318 2127; x_wconf 91' lang='grc' dir='ltr'>Θεοῦ</span> <span class='ocrx_word' id='word_1_519' title='bbox 2347 2074 2560 2144; x_wconf 87' lang='grc' dir='ltr'>λόγους,</span> <span class='ocrx_word' id='word_1_520' title='bbox 2605 2075 2894 2137; x_wconf 78' lang='grc' dir='ltr'>νύττοντας</span> <span class='ocrx_word' id='word_1_521' title='bbox 2919 2075 3014 2128; x_wconf 79' lang='grc' dir='ltr'><strong>καὶ</strong></span> <span class='ocrx_word' id='word_1_522' title='bbox 3050 2074 3449 2145; x_wconf 82' lang='grc' dir='ltr'>τιτρώσκοντας</span> <span class='ocrx_word' id='word_1_523' title='bbox 3474 2073 3639 2129; x_wconf 75' lang='grc' dir='ltr'>αὐτοῦ</span> 
     </span>
    </p>
   </div>
   <div class='ocr_carea' id='block_1_65' title="bbox 2064 2162 3637 2235">
    <p class='ocr_par' dir='ltr' id='par_1_65' title="bbox 2064 2162 3637 2235">
     <span class='ocr_line' id='line_1_65' title="bbox 2064 2162 3637 2235; baseline -0.001 -19"><span class='ocrx_word' id='word_1_524' title='bbox 2064 2162 2162 2233; x_wconf 83' lang='grc' dir='ltr'>τὴν</span> <span class='ocrx_word' id='word_1_525' title='bbox 2189 2162 2385 2233; x_wconf 77' lang='grc' dir='ltr'>ψυχὴν,</span> <span class='ocrx_word' id='word_1_526' title='bbox 2422 2164 2519 2217; x_wconf 73' lang='grc' dir='ltr'><strong>καὶ</strong></span> <span class='ocrx_word' id='word_1_527' title='bbox 2550 2162 2649 2235; x_wconf 87' lang='grc' dir='ltr'>τὴν</span> <span class='ocrx_word' id='word_1_528' title='bbox 2678 2163 2982 2233; x_wconf 84' lang='grc' dir='ltr'>συνείδησιν</span> <span class='ocrx_word' id='word_1_529' title='bbox 3028 2162 3194 2233; x_wconf 77' lang='grc' dir='ltr'>αὐτὴν</span> <span class='ocrx_word' id='word_1_530' title='bbox 3217 2162 3328 2231; x_wconf 70' lang='grc'><strong>(44)</strong></span> <span class='ocrx_word' id='word_1_531' title='bbox 3362 2179 3637 2235; x_wconf 83' lang='grc' dir='ltr'>τιμωρου-</span> 
     </span>
    </p>
   </div>
   <div class='ocr_carea' id='block_1_66' title="bbox 2071 2238 3641 2325">
    <p class='ocr_par' dir='ltr' id='par_1_66' title="bbox 2071 2238 3641 2325">
     <span class='ocr_line' id='line_1_66' title="bbox 2071 2238 3641 2325; baseline -0.001 -17"><span class='ocrx_word' id='word_1_532' title='bbox 2071 2254 2265 2325; x_wconf 84' lang='grc' dir='ltr'>μένους</span> <span class='ocrx_word' id='word_1_533' title='bbox 2285 2256 2378 2309; x_wconf 64' lang='grc' dir='ltr'><strong>καὶ⁹</strong></span> <span class='ocrx_word' id='word_1_534' title='bbox 2406 2253 2752 2319; x_wconf 78' lang='grc' dir='ltr'>κολάζοντας·</span> <span class='ocrx_word' id='word_1_535' title='bbox 2778 2254 2900 2308; x_wconf 74' lang='grc' dir='ltr'>ἐπεὶ</span> <span class='ocrx_word' id='word_1_536' title='bbox 2926 2238 3175 2317; x_wconf 80' lang='grc' dir='ltr'>τοσοῦτος</span> <span class='ocrx_word' id='word_1_537' title='bbox 3200 2254 3273 2307; x_wconf 81' lang='grc' dir='ltr'><strong>ὢν</strong></span> <span class='ocrx_word' id='word_1_538' title='bbox 3305 2256 3333 2307; x_wconf 98' lang='lat'><strong>6</strong></span> <span class='ocrx_word' id='word_1_539' title='bbox 3361 2256 3521 2325; x_wconf 82' lang='grc' dir='ltr'>ἀνὴρ,</span> <span class='ocrx_word' id='word_1_540' title='bbox 3546 2254 3641 2308; x_wconf 67' lang='grc' dir='ltr'><strong>καὶ</strong></span> 
     </span>
    </p>
   </div>
   <div class='ocr_carea' id='block_1_67' title="bbox 2066 2345 3638 2418">
    <p class='ocr_par' dir='ltr' id='par_1_67' title="bbox 2066 2345 3638 2418">
     <span class='ocr_line' id='line_1_67' title="bbox 2066 2345 3638 2418; baseline 0 -19"><span class='ocrx_word' id='word_1_541' title='bbox 2066 2346 2333 2399; x_wconf 80' lang='grc' dir='ltr'>τοσούτων</span> <span class='ocrx_word' id='word_1_542' title='bbox 2360 2345 2673 2418; x_wconf 85' lang='grc' dir='ltr'>τετυχηκὼς</span> <span class='ocrx_word' id='word_1_543' title='bbox 2719 2345 2943 2414; x_wconf 82' lang='grc' dir='ltr'>ἀγαθῶν</span> <span class='ocrx_word' id='word_1_544' title='bbox 2974 2346 3078 2398; x_wconf 85' lang='grc' dir='ltr'>ὑπὸ</span> <span class='ocrx_word' id='word_1_545' title='bbox 3105 2346 3197 2399; x_wconf 88' lang='grc' dir='ltr'><strong>τοῦ</strong></span> <span class='ocrx_word' id='word_1_546' title='bbox 3238 2345 3396 2407; x_wconf 90' lang='grc' dir='ltr'>Θεοῦ,</span> <span class='ocrx_word' id='word_1_547' title='bbox 3436 2347 3638 2416; x_wconf 81' lang='grc' dir='ltr'>αἰσχρᾷ</span> 
     </span>
    </p>
   </div>
   <div class='ocr_carea' id='block_1_68' title="bbox 2067 2433 3640 2507">
    <p class='ocr_par' dir='ltr' id='par_1_68' title="bbox 2067 2433 3640 2507">
     <span class='ocr_line' id='line_1_68' title="bbox 2067 2433 3640 2507; baseline 0.001 -22"><span class='ocrx_word' id='word_1_548' title='bbox 2067 2434 2262 2507; x_wconf 78' lang='grc' dir='ltr'>πράξει</span> <span class='ocrx_word' id='word_1_549' title='bbox 2291 2433 2482 2488; x_wconf 81' lang='grc' dir='ltr'>ἑαυτὸν</span> <span class='ocrx_word' id='word_1_550' title='bbox 2514 2434 2764 2500; x_wconf 80' lang='grc' dir='ltr'>ἐξέδωκε.</span> <span class='ocrx_word' id='word_1_551' title='bbox 2816 2435 3043 2505; x_wconf 84' lang='grc' dir='ltr'>Μήποτε</span> <span class='ocrx_word' id='word_1_552' title='bbox 3085 2434 3142 2486; x_wconf 83' lang='grc' dir='ltr'><strong>δὲ</strong></span> <span class='ocrx_word' id='word_1_553' title='bbox 3191 2434 3285 2487; x_wconf 72' lang='grc' dir='ltr'>καὶ</span> <span class='ocrx_word' id='word_1_554' title='bbox 3336 2433 3496 2487; x_wconf 77' lang='grc' dir='ltr'>αὐτὸν</span> <span class='ocrx_word' id='word_1_555' title='bbox 3545 2433 3640 2487; x_wconf 79' lang='grc' dir='ltr'><strong>τὸν</strong></span> 
     </span>
    </p>
   </div>
   <div class='ocr_carea' id='block_1_69' title="bbox 2065 2523 3641 2596">
    <p class='ocr_par' dir='ltr' id='par_1_69' title="bbox 2065 2523 3641 2596">
     <span class='ocr_line' id='line_1_69' title="bbox 2065 2523 3641 2596; baseline 0.001 -18"><span class='ocrx_word' id='word_1_556' title='bbox 2065 2524 2326 2590; x_wconf 90' lang='grc' dir='ltr'>διάϐολον,</span> <span class='ocrx_word' id='word_1_557' title='bbox 2357 2525 2453 2579; x_wconf 79' lang='grc' dir='ltr'><strong>καὶ</strong></span> <span class='ocrx_word' id='word_1_558' title='bbox 2486 2524 2555 2578; x_wconf 82' lang='grc' dir='ltr'><strong>τά</strong></span> <span class='ocrx_word' id='word_1_559' title='bbox 2578 2524 2672 2578; x_wconf 89' lang='grc' dir='ltr'><strong>τοῦ</strong></span> <span class='ocrx_word' id='word_1_560' title='bbox 2708 2524 2946 2596; x_wconf 86' lang='grc' dir='ltr'>πονηροῦ</span> <span class='ocrx_word' id='word_1_561' title='bbox 2986 2525 3357 2594; x_wconf 81' lang='grc' dir='ltr'>πεπυρωμένα</span> <span class='ocrx_word' id='word_1_562' title='bbox 3387 2524 3540 2595; x_wconf 90' lang='grc' dir='ltr'>βέλη,</span> <span class='ocrx_word' id='word_1_563' title='bbox 3570 2523 3641 2581; x_wconf 84' lang='grc' dir='ltr'><strong>τά</strong></span> 
     </span>
    </p>
   </div>
   <div class='ocr_carea' id='block_1_70' title="bbox 2067 2613 3639 2687">
    <p class='ocr_par' dir='ltr' id='par_1_70' title="bbox 2067 2613 3639 2687">
     <span class='ocr_line' id='line_1_70' title="bbox 2067 2613 3639 2687; baseline -0.001 -19"><span class='ocrx_word' id='word_1_564' title='bbox 2067 2614 2343 2684; x_wconf 86' lang='grc' dir='ltr'>παθητικά</span> <span class='ocrx_word' id='word_1_565' title='bbox 2378 2616 2472 2669; x_wconf 73' lang='grc' dir='ltr'>καὶ</span> <span class='ocrx_word' id='word_1_566' title='bbox 2507 2617 2766 2687; x_wconf 79' lang='grc' dir='ltr'>ἐρωτικὰ,</span> <span class='ocrx_word' id='word_1_567' title='bbox 2805 2617 2886 2679; x_wconf 84' lang='grc' dir='ltr'>εἰς</span> <span class='ocrx_word' id='word_1_568' title='bbox 2911 2615 3205 2684; x_wconf 75' lang='grc' dir='ltr'>ἐπιθυμίαν</span> <span class='ocrx_word' id='word_1_569' title='bbox 3238 2614 3511 2682; x_wconf 65' lang='grc' dir='ltr'>ἑξάψαντα</span> <span class='ocrx_word' id='word_1_570' title='bbox 3538 2613 3639 2683; x_wconf 84' lang='grc' dir='ltr'><strong>τῆς</strong></span> 
     </span>
    </p>
   </div>
   <div class='ocr_carea' id='block_1_71' title="bbox 2066 2698 3637 2777">
    <p class='ocr_par' dir='ltr' id='par_1_71' title="bbox 2066 2698 3637 2777">
     <span class='ocr_line' id='line_1_71' title="bbox 2066 2698 3637 2777; baseline -0.001 -18"><span class='ocrx_word' id='word_1_571' title='bbox 2066 2705 2157 2759; x_wconf 85' lang='grc' dir='ltr'><strong>τοῦ</strong></span> <span class='ocrx_word' id='word_1_572' title='bbox 2180 2707 2378 2777; x_wconf 80' lang='grc' dir='ltr'>Οὐρίου</span> <span class='ocrx_word' id='word_1_573' title='bbox 2410 2706 2688 2775; x_wconf 81' lang='grc' dir='ltr'>γυναικὸς,</span> <span class='ocrx_word' id='word_1_574' title='bbox 2722 2706 3004 2777; x_wconf 79' lang='grc' dir='ltr'>σημαίνειο</span> <span class='ocrx_word' id='word_1_575' title='bbox 3043 2705 3172 2775; x_wconf 71' lang='grc' dir='ltr'>περὶ</span> <span class='ocrx_word' id='word_1_576' title='bbox 3199 2698 3272 2758; x_wconf 84' lang='grc' dir='ltr'>ὧν</span> <span class='ocrx_word' id='word_1_577' title='bbox 3302 2706 3394 2758; x_wconf 74' lang='grc' dir='ltr'>καὶ</span> <span class='ocrx_word' id='word_1_578' title='bbox 3413 2706 3441 2757; x_wconf 89' lang='grc' dir='ltr'>ὁ</span> <span class='ocrx_word' id='word_1_579' title='bbox 3474 2703 3637 2758; x_wconf 83' lang='grc' dir='ltr'>Ἀπό-</span> 
     </span>
    </p>
   </div>
   <div class='ocr_carea' id='block_1_72' title="bbox 2069 2795 3639 2871">
    <p class='ocr_par' dir='ltr' id='par_1_72' title="bbox 2069 2795 3639 2871">
     <span class='ocr_line' id='line_1_72' title="bbox 2069 2795 3639 2871; baseline 0 -22"><span class='ocrx_word' id='word_1_580' title='bbox 2069 2796 2250 2861; x_wconf 86' lang='grc' dir='ltr'>στολος</span> <span class='ocrx_word' id='word_1_581' title='bbox 2273 2797 2532 2861; x_wconf 85' lang='grc' dir='ltr'>διδάσκει,</span> <span class='ocrx_word' id='word_1_582' title='bbox 2554 2796 2746 2866; x_wconf 89' lang='grc' dir='ltr'>λέγων·</span> <span class='ocrx_word' id='word_1_583' title='bbox 2778 2796 3128 2871; x_wconf 76' lang='grc' dir='ltr'>Ἀναλάϐετε</span> <span class='ocrx_word' id='word_1_584' title='bbox 3152 2795 3265 2863; x_wconf 77' lang='grc' dir='ltr'><strong>τὴν</strong></span> <span class='ocrx_word' id='word_1_585' title='bbox 3290 2797 3639 2852; x_wconf 72' lang='grc' dir='ltr'>πανοπλίαν</span> 
     </span>
    </p>
   </div>
   <div class='ocr_carea' id='block_1_73' title="bbox 2067 2885 3636 2961">
    <p class='ocr_par' dir='ltr' id='par_1_73' title="bbox 2067 2885 3636 2961">
     <span class='ocr_line' id='line_1_73' title="bbox 2067 2885 3636 2961; baseline 0.001 -21"><span class='ocrx_word' id='word_1_586' title='bbox 2067 2887 2173 2941; x_wconf 85' lang='grc' dir='ltr'><strong>τοῦ</strong></span> <span class='ocrx_word' id='word_1_587' title='bbox 2196 2885 2364 2952; x_wconf 86' lang='grc' dir='ltr'>Θεοῦ,</span> <span class='ocrx_word' id='word_1_588' title='bbox 2389 2887 2539 2956; x_wconf 80' lang='grc' dir='ltr'>πρὸς</span> <span class='ocrx_word' id='word_1_589' title='bbox 2566 2888 2635 2942; x_wconf 82' lang='grc' dir='ltr'>τὸ</span> <span class='ocrx_word' id='word_1_590' title='bbox 2663 2888 2957 2942; x_wconf 81' lang='grc' dir='ltr'>δύνασθαι</span> <span class='ocrx_word' id='word_1_591' title='bbox 2988 2887 3183 2940; x_wconf 79' lang='grc' dir='ltr'>πάντα</span> <span class='ocrx_word' id='word_1_592' title='bbox 3232 2888 3305 2941; x_wconf 83' lang='grc' dir='ltr'>τὰ</span> <span class='ocrx_word' id='word_1_593' title='bbox 3327 2886 3496 2961; x_wconf 67' lang='grc' dir='ltr'>,βέλη</span> <span class='ocrx_word' id='word_1_594' title='bbox 3527 2887 3636 2942; x_wconf 83' lang='grc' dir='ltr'><strong>τοῦ</strong></span> 
     </span>
    </p>
   </div>
   <div class='ocr_carea' id='block_1_74' title="bbox 2068 2977 3636 3054">
    <p class='ocr_par' dir='ltr' id='par_1_74' title="bbox 2068 2977 3636 3054">
     <span class='ocr_line' id='line_1_74' title="bbox 2068 2977 3636 3054; baseline 0.002 -21"><span class='ocrx_word' id='word_1_595' title='bbox 2068 2978 2332 3047; x_wconf 73' lang='grc' dir='ltr'>πονηροῦ</span> <span class='ocrx_word' id='word_1_596' title='bbox 2396 2977 2468 3046; x_wconf 74' lang='grc' dir='ltr'>τὰ</span> <span class='ocrx_word' id='word_1_597' title='bbox 2524 2978 2915 3050; x_wconf 46' lang='grc' dir='ltr'>πεπαιδευμένα</span> <span class='ocrx_word' id='word_1_598' title='bbox 2966 2980 3178 3036; x_wconf 77' lang='grc' dir='ltr'>σϐέσαι</span> <span class='ocrx_word' id='word_1_599' title='bbox 3210 2998 3225 3012; x_wconf 90' lang='grc'><strong>·</strong></span> <span class='ocrx_word' id='word_1_600' title='bbox 3281 2983 3469 3054; x_wconf 78' lang='grc' dir='ltr'>ἐπειδὴ</span> <span class='ocrx_word' id='word_1_601' title='bbox 3526 2983 3636 3054; x_wconf 83' lang='grc' dir='ltr'>γὰρ</span> 
     </span>
    </p>
   </div>
   <div class='ocr_carea' id='block_1_75' title="bbox 2066 3071 3638 3145">
    <p class='ocr_par' dir='ltr' id='par_1_75' title="bbox 2066 3071 3638 3145">
     <span class='ocr_line' id='line_1_75' title="bbox 2066 3071 3638 3145; baseline -0.001 -17"><span class='ocrx_word' id='word_1_602' title='bbox 2066 3072 2341 3142; x_wconf 75' lang='grc' dir='ltr'>ἄφρακτος</span> <span class='ocrx_word' id='word_1_603' title='bbox 2368 3071 2631 3142; x_wconf 78' lang='grc' dir='ltr'>εὑρεθεὶς,</span> <span class='ocrx_word' id='word_1_604' title='bbox 2682 3072 2783 3126; x_wconf 81' lang='grc' dir='ltr'><strong>οὐκ</strong></span> <span class='ocrx_word' id='word_1_605' title='bbox 2824 3072 3046 3143; x_wconf 80' lang='grc' dir='ltr'>ἀντέσχε</span> <span class='ocrx_word' id='word_1_606' title='bbox 3091 3074 3227 3145; x_wconf 82' lang='grc' dir='ltr'>πρὸς</span> <span class='ocrx_word' id='word_1_607' title='bbox 3251 3072 3319 3127; x_wconf 83' lang='grc' dir='ltr'>τὰ</span> <span class='ocrx_word' id='word_1_608' title='bbox 3345 3072 3440 3126; x_wconf 89' lang='grc' dir='ltr'><strong>τοῦ</strong></span> <span class='ocrx_word' id='word_1_609' title='bbox 3470 3090 3638 3145; x_wconf 86' lang='grc' dir='ltr'>πονη-</span> 
     </span>
    </p>
   </div>
   <div class='ocr_carea' id='block_1_76' title="bbox 2072 3161 3632 3236">
    <p class='ocr_par' dir='ltr' id='par_1_76' title="bbox 2072 3161 3632 3236">
     <span class='ocr_line' id='line_1_76' title="bbox 2072 3161 3632 3236; baseline 0.001 -21"><span class='ocrx_word' id='word_1_610' title='bbox 2072 3161 2165 3233; x_wconf 89' lang='grc' dir='ltr'><strong>ροῦ</strong></span> <span class='ocrx_word' id='word_1_611' title='bbox 2193 3163 2563 3235; x_wconf 86' lang='grc' dir='ltr'>πεπυρωμένα</span> <span class='ocrx_word' id='word_1_612' title='bbox 2604 3162 2753 3233; x_wconf 85' lang='grc' dir='ltr'>βέλη,</span> <span class='ocrx_word' id='word_1_613' title='bbox 2784 3165 3008 3227; x_wconf 78' lang='grc' dir='ltr'>εἰκότως</span> <span class='ocrx_word' id='word_1_614' title='bbox 3036 3164 3133 3234; x_wconf 86' lang='grc' dir='ltr'>τὴν</span> <span class='ocrx_word' id='word_1_615' title='bbox 3161 3165 3335 3236; x_wconf 69' lang='grc' dir='ltr'>ψυχὴν</span> <span class='ocrx_word' id='word_1_616' title='bbox 3369 3164 3632 3235; x_wconf 73' lang='grc' dir='ltr'>τρωθεὶς,</span> 
     </span>
    </p>
   </div>
   <div class='ocr_carea' id='block_1_77' title="bbox 2066 3253 3637 3326">
    <p class='ocr_par' dir='ltr' id='par_1_77' title="bbox 2066 3253 3637 3326">
     <span class='ocr_line' id='line_1_77' title="bbox 2066 3253 3637 3326; baseline 0.002 -20"><span class='ocrx_word' id='word_1_617' title='bbox 2066 3253 2180 3324; x_wconf 74' lang='grc' dir='ltr'>ἥλω</span> <span class='ocrx_word' id='word_1_618' title='bbox 2194 3257 2257 3326; x_wconf 76' lang='grc' dir='ltr'>τῇ</span> <span class='ocrx_word' id='word_1_619' title='bbox 2274 3254 2431 3307; x_wconf 77' lang='grc' dir='ltr'>ἐπιθυ</span> <span class='ocrx_word' id='word_1_620' title='bbox 2439 3254 2734 3324; x_wconf 77' lang='grc' dir='ltr'>μίᾳ.”Ωσπε</span> <span class='ocrx_word' id='word_1_621' title='bbox 2742 3272 2772 3326; x_wconf 89' lang='grc' dir='ltr'><strong>ρ</strong></span> <span class='ocrx_word' id='word_1_622' title='bbox 2788 3254 2844 3307; x_wconf 83' lang='grc' dir='ltr'>δὲ</span> <span class='ocrx_word' id='word_1_623' title='bbox 2860 3257 2886 3308; x_wconf 88' lang='grc' dir='ltr'>ὁ</span> <span class='ocrx_word' id='word_1_624' title='bbox 2916 3254 3032 3308; x_wconf 88' lang='grc' dir='ltr'>Ἰὼϐ</span> <span class='ocrx_word' id='word_1_625' title='bbox 3052 3255 3159 3325; x_wconf 74' lang='grc'>(45)</span> <span class='ocrx_word' id='word_1_626' title='bbox 3180 3256 3249 3309; x_wconf 83' lang='grc' dir='ltr'>τὰ</span> <span class='ocrx_word' id='word_1_627' title='bbox 3264 3255 3357 3309; x_wconf 87' lang='grc' dir='ltr'><strong>τοῦ</strong></span> <span class='ocrx_word' id='word_1_628' title='bbox 3387 3255 3637 3310; x_wconf 73' lang='grc' dir='ltr'>διαϐόλου</span> 
     </span>
    </p>
   </div>
   <div class='ocr_carea' id='block_1_78' title="bbox 2068 3344 3635 3418">
    <p class='ocr_par' dir='ltr' id='par_1_78' title="bbox 2068 3344 3635 3418">
     <span class='ocr_line' id='line_1_78' title="bbox 2068 3344 3635 3418; baseline 0.002 -21"><span class='ocrx_word' id='word_1_629' title='bbox 2068 3344 2219 3415; x_wconf 87' lang='grc' dir='ltr'>βέλη,</span> <span class='ocrx_word' id='word_1_630' title='bbox 2244 3346 2311 3398; x_wconf 77' lang='grc' dir='ltr'>τὰ</span> <span class='ocrx_word' id='word_1_631' title='bbox 2331 3346 2463 3416; x_wconf 79' lang='grc' dir='ltr'>έλκη</span> <span class='ocrx_word' id='word_1_632' title='bbox 2482 3347 2549 3400; x_wconf 80' lang='grc' dir='ltr'>τὰ</span> <span class='ocrx_word' id='word_1_633' title='bbox 2562 3347 2877 3401; x_wconf 76' lang='grc' dir='ltr'>ἐπιτεθέντα</span> <span class='ocrx_word' id='word_1_634' title='bbox 2906 3346 3053 3417; x_wconf 79' lang='grc' dir='ltr'>αὑτῷ</span> <span class='ocrx_word' id='word_1_635' title='bbox 3082 3347 3224 3400; x_wconf 85' lang='grc' dir='ltr'>κατά</span> <span class='ocrx_word' id='word_1_636' title='bbox 3238 3347 3330 3400; x_wconf 90' lang='grc' dir='ltr'><strong>τοῦ</strong></span> <span class='ocrx_word' id='word_1_637' title='bbox 3362 3346 3635 3418; x_wconf 86' lang='grc' dir='ltr'>σώματος,</span> 
     </span>
    </p>
   </div>
   <div class='ocr_carea' id='block_1_79' title="bbox 2065 3437 3638 3511">
    <p class='ocr_par' dir='ltr' id='par_1_79' title="bbox 2065 3437 3638 3511">
     <span class='ocr_line' id='line_1_79' title="bbox 2065 3437 3638 3511; baseline -0.001 -20"><span class='ocrx_word' id='word_1_638' title='bbox 2065 3438 2252 3509; x_wconf 81' lang='grc' dir='ltr'>ἐπειδὴ</span> <span class='ocrx_word' id='word_1_639' title='bbox 2306 3439 2447 3493; x_wconf 87' lang='grc' dir='ltr'><strong>κατά</strong></span> <span class='ocrx_word' id='word_1_640' title='bbox 2494 3438 2839 3511; x_wconf 81' lang='grc' dir='ltr'>συγχώρησιν</span> <span class='ocrx_word' id='word_1_641' title='bbox 2885 3439 3129 3507; x_wconf 80' lang='grc' dir='ltr'>ἐγίγνετο</span> <span class='ocrx_word' id='word_1_642' title='bbox 3156 3438 3249 3490; x_wconf 86' lang='grc' dir='ltr'><strong>τοῦ</strong></span> <span class='ocrx_word' id='word_1_643' title='bbox 3297 3437 3455 3501; x_wconf 85' lang='grc' dir='ltr'>Θεοῦ,</span> <span class='ocrx_word' id='word_1_644' title='bbox 3505 3438 3638 3510; x_wconf 83' lang='grc' dir='ltr'>βέλη</span> 
     </span>
    </p>
   </div>
   <div class='ocr_carea' id='block_1_80' title="bbox 2064 3529 3639 3601">
    <p class='ocr_par' dir='ltr' id='par_1_80' title="bbox 2064 3529 3639 3601">
     <span class='ocr_line' id='line_1_80' title="bbox 2064 3529 3639 3601; baseline 0 -19"><span class='ocrx_word' id='word_1_645' title='bbox 2064 3530 2270 3600; x_wconf 87' lang='grc' dir='ltr'>Κυρίου</span> <span class='ocrx_word' id='word_1_646' title='bbox 2301 3530 2606 3601; x_wconf 85' lang='grc' dir='ltr'>ὠνόμασεν,</span> <span class='ocrx_word' id='word_1_647' title='bbox 2639 3531 2837 3584; x_wconf 76' lang='grc' dir='ltr'>εἰπών’</span> <span class='ocrx_word' id='word_1_648' title='bbox 2862 3530 3020 3597; x_wconf 79' lang='grc' dir='ltr'><strong>Βέλη</strong></span> <span class='ocrx_word' id='word_1_649' title='bbox 3052 3530 3159 3600; x_wconf 70' lang='grc' dir='ltr'>γὰρ</span> <span class='ocrx_word' id='word_1_650' title='bbox 3182 3529 3292 3601; x_wconf 72' lang='grc'><strong>(46)</strong></span> <span class='ocrx_word' id='word_1_651' title='bbox 3316 3531 3539 3597; x_wconf 77' lang='lat' dir='ltr'><strong>Kvplov</strong></span> <span class='ocrx_word' id='word_1_652' title='bbox 3566 3530 3639 3582; x_wconf 78' lang='grc' dir='ltr'><strong>ἐν</strong></span> 
     </span>
    </p>
   </div>
   <div class='ocr_carea' id='block_1_81' title="bbox 2064 3615 3638 3691">
    <p class='ocr_par' dir='ltr' id='par_1_81' title="bbox 2064 3615 3638 3691">
     <span class='ocr_line' id='line_1_81' title="bbox 2064 3615 3638 3691; baseline 0.002 -17"><span class='ocrx_word' id='word_1_653' title='bbox 2064 3620 2144 3686; x_wconf 83' lang='grc' dir='ltr'>τῷ</span> <span class='ocrx_word' id='word_1_654' title='bbox 2173 3620 2400 3690; x_wconf 80' lang='grc' dir='ltr'>σώματί</span> <span class='ocrx_word' id='word_1_655' title='bbox 2419 3623 2537 3691; x_wconf 81' lang='grc' dir='ltr'>μού</span> <span class='ocrx_word' id='word_1_656' title='bbox 2569 3623 2758 3685; x_wconf 86' lang='grc' dir='ltr'>ἐστιν,</span> <span class='ocrx_word' id='word_1_657' title='bbox 2779 3615 2866 3675; x_wconf 80' lang='grc' dir='ltr'><strong>ὧν</strong></span> <span class='ocrx_word' id='word_1_658' title='bbox 2895 3625 2927 3675; x_wconf 86' lang='lat' dir='ltr'><strong>d</strong></span> <span class='ocrx_word' id='word_1_659' title='bbox 2960 3621 3145 3690; x_wconf 82' lang='grc' dir='ltr'>θυμὸς</span> <span class='ocrx_word' id='word_1_660' title='bbox 3174 3619 3373 3679; x_wconf 76' lang='grc' dir='ltr'>αὐτῶν</span> <span class='ocrx_word' id='word_1_661' title='bbox 3402 3620 3638 3677; x_wconf 78' lang='grc' dir='ltr'>ἐκπίνει</span> 
     </span>
    </p>
   </div>
   <div class='ocr_carea' id='block_1_82' title="bbox 2057 3708 3636 3781">
    <p class='ocr_par' dir='ltr' id='par_1_82' title="bbox 2057 3708 3636 3781">
     <span class='ocr_line' id='line_1_82' title="bbox 2057 3708 3636 3781; baseline -0.003 -16"><span class='ocrx_word' id='word_1_662' title='bbox 2057 3729 2176 3781; x_wconf 81' lang='grc' dir='ltr'><strong>μου</strong></span> <span class='ocrx_word' id='word_1_663' title='bbox 2201 3712 2269 3765; x_wconf 82' lang='grc' dir='ltr'>τὸ</span> <span class='ocrx_word' id='word_1_664' title='bbox 2288 3708 2447 3781; x_wconf 77' lang='grc' dir='ltr'>αἵμαο</span> <span class='ocrx_word' id='word_1_665' title='bbox 2476 3711 2648 3776; x_wconf 75' lang='grc' dir='ltr'>οὕτως</span> <span class='ocrx_word' id='word_1_666' title='bbox 2668 3713 2815 3776; x_wconf 78' lang='grc' dir='ltr'>εἰκὸς</span> <span class='ocrx_word' id='word_1_667' title='bbox 2830 3713 2923 3765; x_wconf 75' lang='grc' dir='ltr'><strong>καὶ</strong></span> <span class='ocrx_word' id='word_1_668' title='bbox 2950 3713 3039 3764; x_wconf 80' lang='grc' dir='ltr'><strong>τὸν</strong></span> <span class='ocrx_word' id='word_1_669' title='bbox 3067 3711 3228 3764; x_wconf 76' lang='grc' dir='ltr'>Δαϐὶδ</span> <span class='ocrx_word' id='word_1_670' title='bbox 3250 3709 3479 3763; x_wconf 78' lang='grc' dir='ltr'>ἐνταῦθα</span> <span class='ocrx_word' id='word_1_671' title='bbox 3506 3710 3636 3781; x_wconf 82' lang='grc' dir='ltr'>βέλη</span> 
     </span>
    </p>
   </div>
   <div class='ocr_carea' id='block_1_83' title="bbox 2063 3801 3636 3874">
    <p class='ocr_par' dir='ltr' id='par_1_83' title="bbox 2063 3801 3636 3874">
     <span class='ocr_line' id='line_1_83' title="bbox 2063 3801 3636 3874; baseline -0.002 -17"><span class='ocrx_word' id='word_1_672' title='bbox 2063 3803 2267 3874; x_wconf 84' lang='grc' dir='ltr'>Κυρίου</span> <span class='ocrx_word' id='word_1_673' title='bbox 2300 3804 2596 3874; x_wconf 80' lang='grc' dir='ltr'>εἰρηκέναι,</span> <span class='ocrx_word' id='word_1_674' title='bbox 2622 3804 2743 3856; x_wconf 75' lang='grc' dir='ltr'>ἐπεὶ</span> <span class='ocrx_word' id='word_1_675' title='bbox 2766 3802 2908 3856; x_wconf 83' lang='grc' dir='ltr'>κατά</span> <span class='ocrx_word' id='word_1_676' title='bbox 2943 3801 3282 3873; x_wconf 80' lang='grc' dir='ltr'>συγχώρησιν</span> <span class='ocrx_word' id='word_1_677' title='bbox 3308 3801 3398 3855; x_wconf 89' lang='grc' dir='ltr'><strong>τοῦ</strong></span> <span class='ocrx_word' id='word_1_678' title='bbox 3427 3802 3636 3873; x_wconf 89' lang='grc' dir='ltr'>Κυρίου</span> 
     </span>
    </p>
   </div>
   <div class='ocr_carea' id='block_1_84' title="bbox 2062 3891 3637 3965">
    <p class='ocr_par' dir='ltr' id='par_1_84' title="bbox 2062 3891 3637 3965">
     <span class='ocr_line' id='line_1_84' title="bbox 2062 3891 3637 3965; baseline -0.003 -18"><span class='ocrx_word' id='word_1_679' title='bbox 2062 3895 2567 3965; x_wconf 84' lang='grc' dir='ltr'>κατεστρατεύσατο</span> <span class='ocrx_word' id='word_1_680' title='bbox 2601 3893 2765 3953; x_wconf 75' lang='grc' dir='ltr'>αὐτοῦ</span> <span class='ocrx_word' id='word_1_681' title='bbox 2795 3897 2823 3948; x_wconf 89' lang='lat'><strong>6</strong></span> <span class='ocrx_word' id='word_1_682' title='bbox 2870 3893 3187 3956; x_wconf 80' lang='grc' dir='ltr'>ἀντίπαλος,</span> <span class='ocrx_word' id='word_1_683' title='bbox 3224 3892 3310 3946; x_wconf 81' lang='grc' dir='ltr'><strong>ἵνα</strong></span> <span class='ocrx_word' id='word_1_684' title='bbox 3355 3892 3500 3961; x_wconf 84' lang='grc' dir='ltr'>μάθῃ</span> <span class='ocrx_word' id='word_1_685' title='bbox 3559 3891 3637 3963; x_wconf 81' lang='grc' dir='ltr'>μὴ</span> 
     </span>
    </p>
   </div>
   <div class='ocr_carea' id='block_1_85' title="bbox 2062 3984 3635 4056">
    <p class='ocr_par' dir='ltr' id='par_1_85' title="bbox 2062 3984 3635 4056">
     <span class='ocr_line' id='line_1_85' title="bbox 2062 3984 3635 4056; baseline -0.001 -19"><span class='ocrx_word' id='word_1_686' title='bbox 2062 3985 2239 4055; x_wconf 88' lang='grc' dir='ltr'>λέγειν</span> <span class='ocrx_word' id='word_1_687' title='bbox 2259 4002 2272 4017; x_wconf 77' lang='grc' dir='ltr'><strong>ο</strong></span> <span class='ocrx_word' id='word_1_688' title='bbox 2299 3989 2380 4040; x_wconf 81' lang='grc' dir='ltr'><strong>Οὐ</strong></span> <span class='ocrx_word' id='word_1_689' title='bbox 2417 3987 2504 4056; x_wconf 76' lang='grc' dir='ltr'>μὴ</span> <span class='ocrx_word' id='word_1_690' title='bbox 2539 3986 2815 4041; x_wconf 68' lang='grc' dir='ltr'>σαλευθῶ</span> <span class='ocrx_word' id='word_1_691' title='bbox 2839 3990 2926 4051; x_wconf 72' lang='grc' dir='ltr'>εἰς</span> <span class='ocrx_word' id='word_1_692' title='bbox 2966 3984 3071 4038; x_wconf 80' lang='grc' dir='ltr'><strong>τὸν</strong></span> <span class='ocrx_word' id='word_1_693' title='bbox 3102 3984 3305 4038; x_wconf 77' lang='grc' dir='ltr'>αἰῶνα.</span> <span class='ocrx_word' id='word_1_694' title='bbox 3349 3984 3498 4037; x_wconf 79' lang='grc' dir='ltr'>Ἐπεὶ</span> <span class='ocrx_word' id='word_1_695' title='bbox 3524 3984 3635 4055; x_wconf 80' lang='grc' dir='ltr'>γὰρ</span> 
     </span>
    </p>
   </div>
   <div class='ocr_carea' id='block_1_86' title="bbox 2061 4073 3636 4149">
    <p class='ocr_par' dir='ltr' id='par_1_86' title="bbox 2061 4073 3636 4149">
     <span class='ocr_line' id='line_1_86' title="bbox 2061 4073 3636 4149; baseline -0.004 -18"><span class='ocrx_word' id='word_1_696' title='bbox 2061 4079 2128 4148; x_wconf 79' lang='grc' dir='ltr'>τῇ</span> <span class='ocrx_word' id='word_1_697' title='bbox 2166 4077 2354 4148; x_wconf 74' lang='grc' dir='ltr'>χάριτι)</span> <span class='ocrx_word' id='word_1_698' title='bbox 2382 4077 2474 4131; x_wconf 88' lang='grc' dir='ltr'><strong>τοῦ</strong></span> <span class='ocrx_word' id='word_1_699' title='bbox 2516 4077 2649 4131; x_wconf 85' lang='grc' dir='ltr'>Θεοῦ</span> <span class='ocrx_word' id='word_1_700' title='bbox 2689 4077 3108 4149; x_wconf 75' lang='grc' dir='ltr'>δυναμούμενος,</span> <span class='ocrx_word' id='word_1_701' title='bbox 3156 4076 3296 4146; x_wconf 82' lang='grc' dir='ltr'>μέγα</span> <span class='ocrx_word' id='word_1_702' title='bbox 3339 4076 3423 4144; x_wconf 81' lang='grc' dir='ltr'><strong>ἐφ’</strong></span> <span class='ocrx_word' id='word_1_703' title='bbox 3455 4073 3636 4145; x_wconf 78' lang='grc' dir='ltr'>ἐαυτῷ</span> 
     </span>
    </p>
   </div>
   <div class='ocr_carea' id='block_1_87' title="bbox 2061 4162 3631 4237">
    <p class='ocr_par' dir='ltr' id='par_1_87' title="bbox 2061 4162 3631 4237">
     <span class='ocr_line' id='line_1_87' title="bbox 2061 4162 3631 4237; baseline -0.002 -20"><span class='ocrx_word' id='word_1_704' title='bbox 2061 4165 2327 4237; x_wconf 78' lang='grc' dir='ltr'>ὲφρόνησέ</span> <span class='ocrx_word' id='word_1_705' title='bbox 2374 4184 2523 4228; x_wconf 85' lang='grc' dir='ltr'>ποτε,</span> <span class='ocrx_word' id='word_1_706' title='bbox 2579 4166 2653 4229; x_wconf 84' lang='grc' dir='ltr'>ὼς</span> <span class='ocrx_word' id='word_1_707' title='bbox 2704 4164 3212 4221; x_wconf 84' lang='grc' dir='ltr'>ἀπαυθαδιάσασθαι</span> <span class='ocrx_word' id='word_1_708' title='bbox 3268 4162 3361 4215; x_wconf 72' lang='grc' dir='ltr'><strong>καὶ</strong></span> <span class='ocrx_word' id='word_1_709' title='bbox 3412 4163 3631 4214; x_wconf 76' lang='grc' dir='ltr'>εἰπεῖν·</span> 
     </span>
    </p>
   </div>
   <div class='ocr_carea' id='block_1_88' title="bbox 2074 4249 3638 4328">
    <p class='ocr_par' dir='ltr' id='par_1_88' title="bbox 2074 4249 3638 4328">
     <span class='ocr_line' id='line_1_88' title="bbox 2074 4249 3638 4328; baseline -0.004 -18"><span class='ocrx_word' id='word_1_710' title='bbox 2074 4258 2220 4328; x_wconf 75' lang='grc' dir='ltr'><strong>Ἐγὼ</strong></span> <span class='ocrx_word' id='word_1_711' title='bbox 2238 4257 2305 4310; x_wconf 84' lang='grc' dir='ltr'>δὲ</span> <span class='ocrx_word' id='word_1_712' title='bbox 2323 4254 2493 4312; x_wconf 77' lang='grc' dir='ltr'>εἷπον</span> <span class='ocrx_word' id='word_1_713' title='bbox 2512 4259 2579 4311; x_wconf 80' lang='grc' dir='ltr'><em>ἐν</em></span> <span class='ocrx_word' id='word_1_714' title='bbox 2605 4256 2678 4325; x_wconf 73' lang='grc' dir='ltr'>τῇ</span> <span class='ocrx_word' id='word_1_715' title='bbox 2704 4258 2950 4324; x_wconf 80' lang='grc' dir='ltr'>εὐθηνίᾳ</span> <span class='ocrx_word' id='word_1_716' title='bbox 2972 4273 3105 4325; x_wconf 85' lang='grc' dir='ltr'>μου·</span> <span class='ocrx_word' id='word_1_717' title='bbox 3136 4256 3216 4307; x_wconf 76' lang='lat' dir='ltr'><strong>Ob</strong></span> <span class='ocrx_word' id='word_1_718' title='bbox 3238 4252 3322 4322; x_wconf 82' lang='grc' dir='ltr'>μὴ</span> <span class='ocrx_word' id='word_1_719' title='bbox 3354 4249 3638 4305; x_wconf 63' lang='grc' dir='ltr'>σαλευθῶ</span> 
     </span>
    </p>
   </div>
   <div class='ocr_carea' id='block_1_89' title="bbox 2061 4341 3635 4417">
    <p class='ocr_par' dir='ltr' id='par_1_89' title="bbox 2061 4341 3635 4417">
     <span class='ocr_line' id='line_1_89' title="bbox 2061 4341 3635 4417; baseline -0.005 -17"><span class='ocrx_word' id='word_1_720' title='bbox 2061 4349 2149 4411; x_wconf 88' lang='grc' dir='ltr'>εὶς</span> <span class='ocrx_word' id='word_1_721' title='bbox 2193 4346 2298 4398; x_wconf 81' lang='grc' dir='ltr'><strong>τὸν</strong></span> <span class='ocrx_word' id='word_1_722' title='bbox 2319 4345 2503 4399; x_wconf 77' lang='grc' dir='ltr'>αἰῶνα</span> <span class='ocrx_word' id='word_1_723' title='bbox 2529 4364 2543 4377; x_wconf 74' lang='grc' dir='ltr'><strong>ο</strong></span> <span class='ocrx_word' id='word_1_724' title='bbox 2585 4346 2773 4400; x_wconf 75' lang='grc' dir='ltr'>τούτου</span> <span class='ocrx_word' id='word_1_725' title='bbox 2802 4347 2960 4417; x_wconf 86' lang='grc' dir='ltr'>χάριν</span> <span class='ocrx_word' id='word_1_726' title='bbox 2989 4345 3213 4406; x_wconf 77' lang='grc' dir='ltr'>εἰκότως</span> <span class='ocrx_word' id='word_1_727' title='bbox 3252 4341 3523 4413; x_wconf 81' lang='grc' dir='ltr'>παρεδόθη</span> <span class='ocrx_word' id='word_1_728' title='bbox 3555 4341 3635 4412; x_wconf 82' lang='grc' dir='ltr'><strong>τῷ</strong></span> 
     </span>
    </p>
   </div>
   <div class='ocr_carea' id='block_1_90' title="bbox 395 4434 1963 4523">
    <p class='ocr_par' dir='ltr' id='par_1_90' title="bbox 395 4434 1957 4507">
     <span class='ocr_line' id='line_1_90' title="bbox 395 4434 1957 4507; baseline 0.001 -17"><span class='ocrx_word' id='word_1_729' title='bbox 395 4434 706 4504; x_wconf 80' lang='lat' dir='ltr'><strong>reszquippe</strong></span> <span class='ocrx_word' id='word_1_730' title='bbox 722 4443 964 4504; x_wconf 88' lang='lat' dir='ltr'><strong>pungunt</strong></span> <span class='ocrx_word' id='word_1_731' title='bbox 980 4435 1390 4501; x_wconf 91' lang='lat' dir='ltr'><strong>conscientiam,</strong></span> <span class='ocrx_word' id='word_1_732' title='bbox 1402 4438 1751 4507; x_wconf 89' lang='lat' dir='ltr'><strong>sauciantque</strong></span> <span class='ocrx_word' id='word_1_733' title='bbox 1765 4438 1957 4507; x_wconf 90' lang='lat' dir='ltr'><strong>ipsam,</strong></span> 
     </span>
    </p>
   </div>
   <div class='ocr_carea' id='block_1_91' title="bbox 2068 4434 3636 4523">
    <p class='ocr_par' dir='ltr' id='par_1_91' title="bbox 2068 4435 3636 4509">
     <span class='ocr_line' id='line_1_91' title="bbox 2068 4435 3636 4509; baseline -0.004 -19"><span class='ocrx_word' id='word_1_734' title='bbox 2068 4437 2393 4509; x_wconf 76' lang='grc' dir='ltr'>πειράζοντι,</span> <span class='ocrx_word' id='word_1_735' title='bbox 2428 4438 2486 4501; x_wconf 80' lang='grc' dir='ltr'>ὃς</span> <span class='ocrx_word' id='word_1_736' title='bbox 2517 4439 2617 4508; x_wconf 80' lang='grc' dir='ltr'><strong>τῆς</strong></span> <span class='ocrx_word' id='word_1_737' title='bbox 2654 4440 2830 4509; x_wconf 77' lang='grc' dir='ltr'>ψυχῆς</span> <span class='ocrx_word' id='word_1_738' title='bbox 2863 4437 3026 4491; x_wconf 77' lang='grc' dir='ltr'>αὑτοῦ</span> <span class='ocrx_word' id='word_1_739' title='bbox 3058 4435 3459 4504; x_wconf 65' lang='grc' dir='ltr'>καθαψάμενος,</span> <span class='ocrx_word' id='word_1_740' title='bbox 3508 4450 3636 4503; x_wconf 84' lang='grc' dir='ltr'>μει-</span> 
     </span>
    </p>
   </div>
   <div class='ocr_carea' id='block_1_92' title="bbox 394 4524 1963 4600">
    <p class='ocr_par' dir='ltr' id='par_1_92' title="bbox 394 4525 1957 4597">
     <span class='ocr_line' id='line_1_92' title="bbox 394 4525 1957 4597; baseline 0.003 -16"><span class='ocrx_word' id='word_1_741' title='bbox 394 4526 767 4582; x_wconf 90' lang='lat' dir='ltr'><strong>etstimulant.</strong></span> <span class='ocrx_word' id='word_1_742' title='bbox 800 4525 960 4597; x_wconf 79' lang='lat'><strong>365</strong></span> <span class='ocrx_word' id='word_1_743' title='bbox 995 4527 1136 4581; x_wconf 85' lang='lat' dir='ltr'><strong>Sane</strong></span> <span class='ocrx_word' id='word_1_744' title='bbox 1161 4528 1239 4581; x_wconf 91' lang='lat' dir='ltr'><strong>sic</strong></span> <span class='ocrx_word' id='word_1_745' title='bbox 1270 4527 1470 4582; x_wconf 83' lang='lat' dir='ltr'><strong>dixeris</strong></span> <span class='ocrx_word' id='word_1_746' title='bbox 1498 4528 1749 4582; x_wconf 88' lang='lat' dir='ltr'><strong>Davidem</strong></span> <span class='ocrx_word' id='word_1_747' title='bbox 1788 4530 1957 4585; x_wconf 88' lang='lat' dir='ltr'><strong>sacris</strong></span> 
     </span>
    </p>
   </div>
   <div class='ocr_carea' id='block_1_93' title="bbox 2068 4524 3636 4600">
    <p class='ocr_par' dir='ltr' id='par_1_93' title="bbox 2068 4524 3636 4600">
     <span class='ocr_line' id='line_1_93' title="bbox 2068 4524 3636 4600; baseline -0.006 -17"><span class='ocrx_word' id='word_1_748' title='bbox 2068 4530 2230 4593; x_wconf 78' lang='grc' dir='ltr'>ζόνως</span> <span class='ocrx_word' id='word_1_749' title='bbox 2263 4529 2474 4600; x_wconf 82' lang='grc' dir='ltr'>αὑτὸνῆ</span> <span class='ocrx_word' id='word_1_750' title='bbox 2504 4530 2594 4582; x_wconf 85' lang='grc' dir='ltr'><strong>τὸν</strong></span> <span class='ocrx_word' id='word_1_751' title='bbox 2636 4529 2755 4583; x_wconf 88' lang='grc' dir='ltr'>Ἰὼϐ</span> <span class='ocrx_word' id='word_1_752' title='bbox 2782 4529 3107 4599; x_wconf 77' lang='grc' dir='ltr'>ἐζημίωσεν.</span> <span class='ocrx_word' id='word_1_753' title='bbox 3144 4527 3208 4578; x_wconf 86' lang='grc' dir='ltr'><strong>Οἱ</strong></span> <span class='ocrx_word' id='word_1_754' title='bbox 3245 4526 3301 4578; x_wconf 85' lang='grc' dir='ltr'>δὲ</span> <span class='ocrx_word' id='word_1_755' title='bbox 3326 4524 3498 4590; x_wconf 86' lang='grc' dir='ltr'>λόγοι,</span> <span class='ocrx_word' id='word_1_756' title='bbox 3532 4524 3636 4593; x_wconf 81' lang='grc' dir='ltr'>τῆς</span> 
     </span>
    </p>
   </div>
   <div class='ocr_carea' id='block_1_94' title="bbox 390 4617 1958 4689">
    <p class='ocr_par' dir='ltr' id='par_1_94' title="bbox 390 4617 1958 4689">
     <span class='ocr_line' id='line_1_94' title="bbox 390 4617 1958 4689; baseline -0.001 -14"><span class='ocrx_word' id='word_1_757' title='bbox 390 4619 543 4675; x_wconf 86' lang='lat' dir='ltr'><strong>hisce</strong></span> <span class='ocrx_word' id='word_1_758' title='bbox 573 4633 637 4674; x_wconf 87' lang='lat' dir='ltr'><strong>ac</strong></span> <span class='ocrx_word' id='word_1_759' title='bbox 674 4617 871 4673; x_wconf 88' lang='lat' dir='ltr'><strong>divinis</strong></span> <span class='ocrx_word' id='word_1_760' title='bbox 897 4618 1108 4689; x_wconf 87' lang='lat' dir='ltr'><strong>sagittis</strong></span> <span class='ocrx_word' id='word_1_761' title='bbox 1138 4618 1467 4687; x_wconf 78' lang='lat' dir='ltr'><strong>confossum,</strong></span> <span class='ocrx_word' id='word_1_762' title='bbox 1487 4619 1958 4688; x_wconf 86' lang='lat' dir='ltr'><strong>reprehensionem</strong></span> 
     </span>
    </p>
   </div>
   <div class='ocr_carea' id='block_1_95' title="bbox 391 4710 1962 4782">
    <p class='ocr_par' dir='ltr' id='par_1_95' title="bbox 391 4710 1962 4782">
     <span class='ocr_line' id='line_1_95' title="bbox 391 4710 1962 4782; baseline -0.001 -15"><span class='ocrx_word' id='word_1_763' title='bbox 391 4729 460 4767; x_wconf 80' lang='lat' dir='ltr'><strong>cx</strong></span> <span class='ocrx_word' id='word_1_764' title='bbox 490 4712 670 4767; x_wconf 91' lang='lat' dir='ltr'><strong>furore</strong></span> <span class='ocrx_word' id='word_1_765' title='bbox 702 4710 1018 4776; x_wconf 89' lang='lat' dir='ltr'><strong>adhibitam,</strong></span> <span class='ocrx_word' id='word_1_766' title='bbox 1044 4719 1099 4765; x_wconf 91' lang='lat' dir='ltr'><strong>et</strong></span> <span class='ocrx_word' id='word_1_767' title='bbox 1119 4712 1523 4782; x_wconf 89' lang='lat' dir='ltr'><strong>castigationem</strong></span> <span class='ocrx_word' id='word_1_768' title='bbox 1539 4726 1607 4767; x_wconf 75' lang='lat' dir='ltr'><strong>es</strong></span> <span class='ocrx_word' id='word_1_769' title='bbox 1634 4715 1709 4766; x_wconf 91' lang='lat' dir='ltr'><strong>ira</strong></span> <span class='ocrx_word' id='word_1_770' title='bbox 1737 4712 1826 4767; x_wconf 93' lang='lat' dir='ltr'><strong>Dei</strong></span> <span class='ocrx_word' id='word_1_771' title='bbox 1848 4710 1962 4766; x_wconf 86' lang='lat' dir='ltr'><strong>illa-</strong></span> 
     </span>
    </p>
   </div>
   <div class='ocr_carea' id='block_1_96' title="bbox 463 4826 1922 4896">
    <p class='ocr_par' dir='ltr' id='par_1_96' title="bbox 463 4826 1922 4896">
     <span class='ocr_line' id='line_1_96' title="bbox 463 4826 1922 4896; baseline 0.001 -14"><span class='ocrx_word' id='word_1_772' title='bbox 463 4829 509 4863; x_wconf 78' lang='grc'><strong>³⁸</strong></span> <span class='ocrx_word' id='word_1_773' title='bbox 539 4828 639 4882; x_wconf 85' lang='grc'><strong>101)</strong></span> <span class='ocrx_word' id='word_1_774' title='bbox 672 4842 743 4890; x_wconf 80' lang='grc' dir='ltr'>ν),</span> <span class='ocrx_word' id='word_1_775' title='bbox 780 4827 834 4880; x_wconf 72' lang='grc'><strong>4.</strong></span> <span class='ocrx_word' id='word_1_776' title='bbox 942 4827 988 4860; x_wconf 78' lang='grc'><strong>’⁸</strong></span> <span class='ocrx_word' id='word_1_777' title='bbox 1018 4826 1117 4883; x_wconf 90' lang='grc'><strong>101)</strong></span> <span class='ocrx_word' id='word_1_778' title='bbox 1158 4844 1270 4894; x_wconf 77' lang='lat' dir='ltr'><strong>xix,</strong></span> <span class='ocrx_word' id='word_1_779' title='bbox 1319 4828 1410 4882; x_wconf 72' lang='lat'><strong>2|.</strong></span> <span class='ocrx_word' id='word_1_780' title='bbox 1504 4828 1547 4863; x_wconf 78' lang='grc'><strong>⁸⁷</strong></span> <span class='ocrx_word' id='word_1_781' title='bbox 1580 4826 1679 4883; x_wconf 89' lang='grc'><strong>101)</strong></span> <span class='ocrx_word' id='word_1_782' title='bbox 1735 4845 1773 4896; x_wconf 89' lang='grc' dir='ltr'><strong>ι,</strong></span> <span class='ocrx_word' id='word_1_783' title='bbox 1834 4828 1922 4884; x_wconf 80' lang='grc' dir='ltr'><strong>Η.</strong></span> 
     </span>
    </p>
   </div>
   <div class='ocr_carea' id='block_1_97' title="bbox 392 4898 840 4962">
    <p class='ocr_par' dir='ltr' id='par_1_97' title="bbox 392 4898 840 4962">
     <span class='ocr_line' id='line_1_97' title="bbox 392 4898 840 4962; baseline 0 -10"><span class='ocrx_word' id='word_1_784' title='bbox 392 4900 412 4932; x_wconf 79' lang='lat'>&#39;</span> <span class='ocrx_word' id='word_1_785' title='bbox 442 4899 581 4954; x_wconf 81' lang='lat' dir='ltr'><strong>Psal.</strong></span> <span class='ocrx_word' id='word_1_786' title='bbox 618 4913 764 4962; x_wconf 68' lang='grc' dir='ltr'>χχιχ,</span> <span class='ocrx_word' id='word_1_787' title='bbox 786 4898 840 4952; x_wconf 91' lang='grc'><strong>7.</strong></span> 
     </span>
    </p>
   </div>
   <div class='ocr_carea' id='block_1_98' title="bbox 484 5012 1953 5085">
    <p class='ocr_par' dir='ltr' id='par_1_98' title="bbox 484 5012 1953 5085">
     <span class='ocr_line' id='line_1_98' title="bbox 484 5012 1953 5085; baseline 0 -16"><span class='ocrx_word' id='word_1_788' title='bbox 484 5012 574 5083; x_wconf 74' lang='grc'><strong>41)</strong></span> <span class='ocrx_word' id='word_1_789' title='bbox 607 5016 801 5085; x_wconf 60' lang='grc' dir='ltr'>εἰσιν.</span> <span class='ocrx_word' id='word_1_790' title='bbox 828 5012 991 5085; x_wconf 72' lang='lat' dir='ltr'><strong>Forte</strong></span> <span class='ocrx_word' id='word_1_791' title='bbox 1018 5014 1454 5085; x_wconf 59' lang='lat' dir='ltr'><strong>enimutpaulo</strong></span> <span class='ocrx_word' id='word_1_792' title='bbox 1491 5016 1760 5085; x_wconf 84' lang='lat' dir='ltr'><strong>superius.</strong></span> <span class='ocrx_word' id='word_1_793' title='bbox 1795 5014 1953 5070; x_wconf 77' lang='lat' dir='ltr'><strong>Eutr.</strong></span> 
     </span>
    </p>
   </div>
   <div class='ocr_carea' id='block_1_99' title="bbox 461 5016 1959 5158">
    <p class='ocr_par' dir='ltr' id='par_1_99' title="bbox 461 5016 1959 5158">
     <span class='ocr_line' id='line_1_99' title="bbox 484 5016 1953 5085; baseline 0 -16"><span class='ocrx_word' id='word_1_794' title='bbox 484 5016 574 5083; x_wconf 76' lang='lat' dir='ltr'><strong>M)</strong></span> <span class='ocrx_word' id='word_1_795' title='bbox 607 5016 801 5068; x_wconf 81' lang='grc' dir='ltr'>Εὶσιν.</span> <span class='ocrx_word' id='word_1_796' title='bbox 828 5016 991 5067; x_wconf 87' lang='lat' dir='ltr'><strong>Forte</strong></span> <span class='ocrx_word' id='word_1_797' title='bbox 1018 5016 1184 5078; x_wconf 79' lang='grc' dir='ltr'>ἐστιν,</span> <span class='ocrx_word' id='word_1_798' title='bbox 1218 5016 1454 5083; x_wconf 90' lang='lat' dir='ltr'><strong>utpaqu</strong></span> <span class='ocrx_word' id='word_1_799' title='bbox 1491 5016 1760 5085; x_wconf 84' lang='lat' dir='ltr'><strong>superius.</strong></span> <span class='ocrx_word' id='word_1_800' title='bbox 1795 5016 1953 5070; x_wconf 77' lang='lat' dir='ltr'><strong>Eutr.</strong></span> 
     </span>
     <span class='ocr_line' id='line_1_100' title="bbox 461 5016 1959 5158; baseline -0.001 -18"><span class='ocrx_word' id='word_1_801' title='bbox 461 5016 575 5158; x_wconf 47' lang='grc'><strong>112.)</strong></span> <span class='ocrx_word' id='word_1_802' title='bbox 604 5082 695 5140; x_wconf 88' lang='lat' dir='ltr'><strong>Sic</strong></span> <span class='ocrx_word' id='word_1_803' title='bbox 726 5084 878 5139; x_wconf 84' lang='lat' dir='ltr'><strong>editi.</strong></span> <span class='ocrx_word' id='word_1_804' title='bbox 916 5082 1154 5139; x_wconf 80' lang='lat' dir='ltr'><strong>Verbum</strong></span> <span class='ocrx_word' id='word_1_805' title='bbox 1186 5084 1392 5153; x_wconf 74' lang='grc' dir='ltr'>ἔφασκε</span> <span class='ocrx_word' id='word_1_806' title='bbox 1421 5086 1574 5139; x_wconf 90' lang='lat' dir='ltr'><strong>deest</strong></span> <span class='ocrx_word' id='word_1_807' title='bbox 1608 5086 1659 5138; x_wconf 91' lang='lat' dir='ltr'><strong>in</strong></span> <span class='ocrx_word' id='word_1_808' title='bbox 1691 5085 1823 5153; x_wconf 80' lang='lat' dir='ltr'><strong>Reg.</strong></span> <span class='ocrx_word' id='word_1_809' title='bbox 1851 5096 1959 5138; x_wconf 86' lang='lat' dir='ltr'><strong>lcr-</strong></span> 
     </span>
    </p>
   </div>
   <div class='ocr_carea' id='block_1_100' title="bbox 393 5157 486 5210">
    <p class='ocr_par' dir='ltr' id='par_1_100' title="bbox 393 5157 486 5210">
     <span class='ocr_line' id='line_1_101' title="bbox 393 5157 486 5210; baseline -0.011 0"><span class='ocrx_word' id='word_1_810' title='bbox 393 5157 486 5210; x_wconf 82' lang='lat' dir='ltr'><strong>tio.</strong></span> 
     </span>
    </p>
   </div>
   <div class='ocr_carea' id='block_1_101' title="bbox 433 5171 1956 5297">
    <p class='ocr_par' dir='ltr' id='par_1_101' title="bbox 433 5171 1956 5297">
     <span class='ocr_line' id='line_1_102' title="bbox 433 5171 1956 5297; baseline -0.004 -15"><span class='ocrx_word' id='word_1_811' title='bbox 433 5171 577 5297; x_wconf 63' lang='grc' dir='ltr'><strong>οξιό)</strong></span> <span class='ocrx_word' id='word_1_812' title='bbox 609 5226 685 5281; x_wconf 89' lang='lat' dir='ltr'><strong>[ta</strong></span> <span class='ocrx_word' id='word_1_813' title='bbox 720 5233 1116 5297; x_wconf 75' lang='lat' dir='ltr'><strong>quatuor_mss.</strong></span> <span class='ocrx_word' id='word_1_814' title='bbox 1147 5238 1268 5297; x_wconf 67' lang='lat' dir='ltr'><strong>cum</strong></span> <span class='ocrx_word' id='word_1_815' title='bbox 1293 5224 1528 5279; x_wconf 90' lang='lat' dir='ltr'><strong>editione</strong></span> <span class='ocrx_word' id='word_1_816' title='bbox 1566 5223 1729 5278; x_wconf 89' lang='lat' dir='ltr'><strong>Basil.</strong></span> <span class='ocrx_word' id='word_1_817' title='bbox 1753 5232 1801 5278; x_wconf 88' lang='lat' dir='ltr'><strong>et</strong></span> <span class='ocrx_word' id='word_1_818' title='bbox 1836 5239 1956 5277; x_wconf 88' lang='lat' dir='ltr'><strong>cum</strong></span> 
     </span>
    </p>
   </div>
   <div class='ocr_carea' id='block_1_102' title="bbox 390 5292 1928 5374">
    <p class='ocr_par' dir='ltr' id='par_1_102' title="bbox 390 5292 1928 5374">
     <span class='ocr_line' id='line_1_103' title="bbox 390 5292 1928 5374; baseline -0.005 -26"><span class='ocrx_word' id='word_1_819' title='bbox 390 5292 639 5374; x_wconf 67' lang='lat' dir='ltr'><strong>Eusebio.</strong></span> <span class='ocrx_word' id='word_1_820' title='bbox 671 5292 752 5350; x_wconf 76' lang='grc' dir='ltr'><strong>Δι’</strong></span> <span class='ocrx_word' id='word_1_821' title='bbox 772 5295 922 5358; x_wconf 88' lang='lat' dir='ltr'><strong>editi,</strong></span> <span class='ocrx_word' id='word_1_822' title='bbox 956 5292 1244 5374; x_wconf 64' lang='grc' dir='ltr'>βιωτικῶν.</span> <span class='ocrx_word' id='word_1_823' title='bbox 1308 5363 1319 5374; x_wconf 36' lang='grc' dir='ltr'>θ</span> <span class='ocrx_word' id='word_1_824' title='bbox 1422 5372 1427 5374; x_wconf 15' lang='grc' dir='ltr'><strong>Α</strong></span> <span class='ocrx_word' id='word_1_825' title='bbox 1903 5360 1928 5371; x_wconf 53' lang='lat'><strong>~</strong></span> 
     </span>
    </p>
   </div>
   <div class='ocr_carea' id='block_1_103' title="bbox 459 5362 1958 5435">
    <p class='ocr_par' dir='ltr' id='par_1_103' title="bbox 459 5362 1958 5435">
     <span class='ocr_line' id='line_1_104' title="bbox 459 5362 1958 5435; baseline -0.002 -18"><span class='ocrx_word' id='word_1_826' title='bbox 459 5366 569 5435; x_wconf 62' lang='grc' dir='ltr'>(ιι)</span> <span class='ocrx_word' id='word_1_827' title='bbox 599 5368 712 5421; x_wconf 90' lang='lat' dir='ltr'><strong>Duo</strong></span> <span class='ocrx_word' id='word_1_828' title='bbox 754 5381 909 5427; x_wconf 88' lang='lat' dir='ltr'><strong>mss.,</strong></span> <span class='ocrx_word' id='word_1_829' title='bbox 948 5363 1147 5435; x_wconf 82' lang='grc' dir='ltr'>αὐτῶν.</span> <span class='ocrx_word' id='word_1_830' title='bbox 1186 5362 1377 5435; x_wconf 83' lang='lat' dir='ltr'><strong>Statim</strong></span> <span class='ocrx_word' id='word_1_831' title='bbox 1417 5372 1726 5435; x_wconf 78' lang='lat' dir='ltr'><strong>tres_t_nss.,</strong></span> <span class='ocrx_word' id='word_1_832' title='bbox 1772 5362 1958 5415; x_wconf 84' lang='grc' dir='ltr'>τοσοῦ-</span> 
     </span>
    </p>
   </div>
   <div class='ocr_carea' id='block_1_104' title="bbox 387 5430 1956 5505">
    <p class='ocr_par' dir='ltr' id='par_1_104' title="bbox 387 5430 1956 5505">
     <span class='ocr_line' id='line_1_105' title="bbox 387 5430 1956 5505; baseline 0 -20"><span class='ocrx_word' id='word_1_833' title='bbox 387 5430 480 5496; x_wconf 79' lang='grc' dir='ltr'><strong>τος</strong></span> <span class='ocrx_word' id='word_1_834' title='bbox 633 5435 870 5488; x_wconf 83' lang='lat' dir='ltr'><strong>Subinde</strong></span> <span class='ocrx_word' id='word_1_835' title='bbox 898 5430 1387 5505; x_wconf 14' lang='grc' dir='ltr'>εάὶιί,ντετυχηκὼς</span> <span class='ocrx_word' id='word_1_836' title='bbox 1424 5432 1659 5500; x_wconf 74' lang='grc' dir='ltr'>ἀγαθῶψ</span> <span class='ocrx_word' id='word_1_837' title='bbox 1710 5437 1802 5487; x_wconf 82' lang='lat' dir='ltr'><strong>sed</strong></span> <span class='ocrx_word' id='word_1_838' title='bbox 1853 5448 1956 5485; x_wconf 74' lang='lat' dir='ltr'><strong>vox</strong></span> 
     </span>
    </p>
   </div>
   <div class='ocr_carea' id='block_1_105' title="bbox 387 5503 1520 5572">
    <p class='ocr_par' dir='ltr' id='par_1_105' title="bbox 387 5503 1520 5572">
     <span class='ocr_line' id='line_1_106' title="bbox 387 5503 1520 5572; baseline 0 -16"><span class='ocrx_word' id='word_1_839' title='bbox 387 5503 784 5572; x_wconf 20' lang='lat' dir='ltr'><strong>dvaGCwideest</strong></span> <span class='ocrx_word' id='word_1_840' title='bbox 822 5504 871 5555; x_wconf 93' lang='lat' dir='ltr'><strong>iu</strong></span> <span class='ocrx_word' id='word_1_841' title='bbox 904 5504 1103 5556; x_wconf 87' lang='lat' dir='ltr'><strong>nostris</strong></span> <span class='ocrx_word' id='word_1_842' title='bbox 1130 5514 1361 5572; x_wconf 77' lang='lat' dir='ltr'><strong>quatuor</strong></span> <span class='ocrx_word' id='word_1_843' title='bbox 1382 5518 1520 5572; x_wconf 83' lang='lat' dir='ltr'><strong>mss.</strong></span> 
     </span>
    </p>
   </div>
   <div class='ocr_carea' id='block_1_106' title="bbox 460 5570 1955 5643">
    <p class='ocr_par' dir='ltr' id='par_1_106' title="bbox 460 5570 1955 5643">
     <span class='ocr_line' id='line_1_107' title="bbox 460 5570 1955 5643; baseline -0.003 -18"><span class='ocrx_word' id='word_1_844' title='bbox 460 5572 572 5643; x_wconf 69' lang='grc'><strong>(45)</strong></span> <span class='ocrx_word' id='word_1_845' title='bbox 610 5571 879 5643; x_wconf 78' lang='lat' dir='ltr'><strong>haedili.</strong></span> <span class='ocrx_word' id='word_1_846' title='bbox 913 5572 1075 5643; x_wconf 83' lang='lat' dir='ltr'><strong>Illud,</strong></span> <span class='ocrx_word' id='word_1_847' title='bbox 1110 5572 1138 5622; x_wconf 89' lang='lat'><strong>6</strong></span> <span class='ocrx_word' id='word_1_848' title='bbox 1172 5570 1325 5643; x_wconf 77' lang='grc' dir='ltr'>Ἰὼϐ,</span> <span class='ocrx_word' id='word_1_849' title='bbox 1378 5571 1432 5625; x_wconf 92' lang='lat' dir='ltr'><strong>in</strong></span> <span class='ocrx_word' id='word_1_850' title='bbox 1476 5572 1673 5626; x_wconf 83' lang='lat' dir='ltr'><strong>nostris</strong></span> <span class='ocrx_word' id='word_1_851' title='bbox 1722 5579 1955 5643; x_wconf 78' lang='lat' dir='ltr'><strong>quatuor</strong></span> 
     </span>
    </p>
   </div>
   <div class='ocr_carea' id='block_1_107' title="bbox 390 5639 1953 5715">
    <p class='ocr_par' dir='ltr' id='par_1_107' title="bbox 390 5639 1953 5715">
     <span class='ocr_line' id='line_1_108' title="bbox 390 5639 1953 5715; baseline -0.001 -21"><span class='ocrx_word' id='word_1_852' title='bbox 390 5639 522 5715; x_wconf 9' lang='lat' dir='ltr'><strong>tusis.</strong></span> <span class='ocrx_word' id='word_1_853' title='bbox 550 5639 660 5715; x_wconf 56' lang='lat' dir='ltr'><strong>non</strong></span> <span class='ocrx_word' id='word_1_854' title='bbox 702 5641 1163 5715; x_wconf 35' lang='lat' dir='ltr'><strong>legitttr.‘lbidean</strong></span> <span class='ocrx_word' id='word_1_855' title='bbox 1207 5642 1337 5712; x_wconf 77' lang='lat' dir='ltr'><strong>Reg.</strong></span> <span class='ocrx_word' id='word_1_856' title='bbox 1380 5645 1668 5708; x_wconf 86' lang='lat' dir='ltr'><strong>secundus,</strong></span> <span class='ocrx_word' id='word_1_857' title='bbox 1716 5640 1841 5715; x_wconf 87' lang='grc' dir='ltr'>βέλη</span> <span class='ocrx_word' id='word_1_858' title='bbox 1885 5639 1953 5692; x_wconf 76' lang='grc' dir='ltr'>τὰ</span> 
     </span>
    </p>
   </div>
   <div class='ocr_carea' id='block_1_108' title="bbox 389 5708 1274 5781">
    <p class='ocr_par' dir='ltr' id='par_1_108' title="bbox 389 5708 1274 5781">
     <span class='ocr_line' id='line_1_109' title="bbox 389 5708 1274 5781; baseline 0.002 -18"><span class='ocrx_word' id='word_1_859' title='bbox 389 5710 705 5767; x_wconf 78' lang='grc' dir='ltr'>ἐπιτεθέντα</span> <span class='ocrx_word' id='word_1_860' title='bbox 734 5708 812 5781; x_wconf 72' lang='grc' dir='ltr'><strong>τῷ</strong></span> <span class='ocrx_word' id='word_1_861' title='bbox 834 5708 955 5766; x_wconf 85' lang='grc' dir='ltr'><strong>Ἰὼϐ</strong></span> <span class='ocrx_word' id='word_1_862' title='bbox 982 5709 1142 5777; x_wconf 87' lang='grc' dir='ltr'>κατά,</span> <span class='ocrx_word' id='word_1_863' title='bbox 1169 5719 1274 5767; x_wconf 90' lang='lat' dir='ltr'><strong>ctc.</strong></span> 
     </span>
    </p>
   </div>
   <div class='ocr_carea' id='block_1_109' title="bbox 2040 4827 2423 4891">
    <p class='ocr_par' dir='ltr' id='par_1_109' title="bbox 2040 4827 2423 4891">
     <span class='ocr_line' id='line_1_110' title="bbox 2040 4827 2423 4891; baseline -0.008 -7"><span class='ocrx_word' id='word_1_864' title='bbox 2040 4828 2085 4861; x_wconf 77' lang='grc'><strong>⁸⁸</strong></span> <span class='ocrx_word' id='word_1_865' title='bbox 2109 4827 2211 4883; x_wconf 90' lang='grc'><strong>101)</strong></span> <span class='ocrx_word' id='word_1_866' title='bbox 2262 4842 2324 4891; x_wconf 84' lang='lat' dir='ltr'><strong>n,</strong></span> <span class='ocrx_word' id='word_1_867' title='bbox 2371 4827 2423 4881; x_wconf 85' lang='lat'><strong>5.</strong></span> 
     </span>
    </p>
   </div>
   <div class='ocr_carea' id='block_1_110' title="bbox 2063 4614 3634 4691">
    <p class='ocr_par' dir='ltr' id='par_1_110' title="bbox 2063 4614 3634 4691">
     <span class='ocr_line' id='line_1_111' title="bbox 2063 4614 3634 4691; baseline -0.004 -17"><span class='ocrx_word' id='word_1_868' title='bbox 2063 4620 2454 4691; x_wconf 85' lang='grc' dir='ltr'>δικαιοκρισίας</span> <span class='ocrx_word' id='word_1_869' title='bbox 2474 4620 2635 4673; x_wconf 77' lang='grc' dir='ltr'>αὐτοῦ</span> <span class='ocrx_word' id='word_1_870' title='bbox 2665 4619 3080 4691; x_wconf 67' lang='grc' dir='ltr'>ὑπομνηστικοὶ,</span> <span class='ocrx_word' id='word_1_871' title='bbox 3098 4617 3190 4670; x_wconf 64' lang='grc' dir='ltr'><strong>καὶ</strong></span> <span class='ocrx_word' id='word_1_872' title='bbox 3212 4616 3308 4685; x_wconf 78' lang='grc' dir='ltr'>τῆς</span> <span class='ocrx_word' id='word_1_873' title='bbox 3334 4614 3504 4684; x_wconf 80' lang='grc' dir='ltr'>ὀργῆς</span> <span class='ocrx_word' id='word_1_874' title='bbox 3532 4617 3634 4683; x_wconf 82' lang='grc' dir='ltr'><strong>τῆς</strong></span> 
     </span>
    </p>
   </div>
   <div class='ocr_carea' id='block_1_111' title="bbox 2063 4705 3630 4783">
    <p class='ocr_par' dir='ltr' id='par_1_111' title="bbox 2063 4705 3630 4783">
     <span class='ocr_line' id='line_1_112' title="bbox 2063 4705 3630 4783; baseline -0.006 -18"><span class='ocrx_word' id='word_1_875' title='bbox 2063 4716 2174 4775; x_wconf 89' lang='grc' dir='ltr'>τοῖς</span> <span class='ocrx_word' id='word_1_876' title='bbox 2206 4711 2606 4783; x_wconf 82' lang='grc' dir='ltr'>ἁμαρτάνουσιν</span> <span class='ocrx_word' id='word_1_877' title='bbox 2658 4711 3047 4782; x_wconf 79' lang='grc' dir='ltr'>ὲπηρτημένης</span> <span class='ocrx_word' id='word_1_878' title='bbox 3095 4705 3461 4761; x_wconf 77' lang='grc' dir='ltr'>διδασκαλικοὶ</span> <span class='ocrx_word' id='word_1_879' title='bbox 3494 4706 3630 4775; x_wconf 64' lang='grc' dir='ltr'><strong>(Η),</strong></span> 
     </span>
    </p>
   </div>
   <div class='ocr_carea' id='block_1_112' title="bbox 2526 4818 3628 4898">
    <p class='ocr_par' dir='ltr' id='par_1_112' title="bbox 2526 4818 3628 4898">
     <span class='ocr_line' id='line_1_113' title="bbox 2526 4818 3628 4898; baseline -0.007 -16"><span class='ocrx_word' id='word_1_880' title='bbox 2526 4827 2572 4860; x_wconf 85' lang='grc'><strong>⁹⁹</strong></span> <span class='ocrx_word' id='word_1_881' title='bbox 2596 4826 2793 4898; x_wconf 89' lang='lat' dir='ltr'><strong>Ephes.</strong></span> <span class='ocrx_word' id='word_1_882' title='bbox 2842 4842 2919 4894; x_wconf 80' lang='lat' dir='ltr'><strong>v1,</strong></span> <span class='ocrx_word' id='word_1_883' title='bbox 2957 4827 3044 4892; x_wconf 79' lang='grc'><strong>15,</strong></span> <span class='ocrx_word' id='word_1_884' title='bbox 3094 4825 3183 4880; x_wconf 81' lang='grc'><strong>16.</strong></span> <span class='ocrx_word' id='word_1_885' title='bbox 3291 4825 3307 4855; x_wconf 76' lang='grc'>⁸</span> <span class='ocrx_word' id='word_1_886' title='bbox 3340 4818 3442 4874; x_wconf 84' lang='grc'><strong>101)</strong></span> <span class='ocrx_word' id='word_1_887' title='bbox 3466 4834 3543 4886; x_wconf 82' lang='grc' dir='ltr'><strong>νι,</strong></span> <span class='ocrx_word' id='word_1_888' title='bbox 3571 4819 3628 4874; x_wconf 72' lang='grc'><strong>4.</strong></span> 
     </span>
    </p>
   </div>
   <div class='ocr_carea' id='block_1_113' title="bbox 2135 5013 3636 5090">
    <p class='ocr_par' dir='ltr' id='par_1_113' title="bbox 2135 5013 3636 5090">
     <span class='ocr_line' id='line_1_114' title="bbox 2135 5013 3636 5090; baseline -0.004 -17"><span class='ocrx_word' id='word_1_889' title='bbox 2135 5019 2245 5090; x_wconf 68' lang='grc'><strong>(46)</strong></span> <span class='ocrx_word' id='word_1_890' title='bbox 2276 5018 2367 5075; x_wconf 92' lang='lat' dir='ltr'><strong>Sic</strong></span> <span class='ocrx_word' id='word_1_891' title='bbox 2396 5018 2545 5090; x_wconf 79' lang='lat' dir='ltr'><strong>Coll).</strong></span> <span class='ocrx_word' id='word_1_892' title='bbox 2579 5017 2786 5090; x_wconf 82' lang='lat' dir='ltr'><strong>primus</strong></span> <span class='ocrx_word' id='word_1_893' title='bbox 2821 5023 2874 5066; x_wconf 89' lang='lat' dir='ltr'><strong>et</strong></span> <span class='ocrx_word' id='word_1_894' title='bbox 2907 5013 3035 5082; x_wconf 76' lang='lat' dir='ltr'><strong>Reg.</strong></span> <span class='ocrx_word' id='word_1_895' title='bbox 3085 5013 3296 5069; x_wconf 92' lang='lat' dir='ltr'><strong>tertius.</strong></span> <span class='ocrx_word' id='word_1_896' title='bbox 3335 5015 3493 5070; x_wconf 83' lang='lat' dir='ltr'><strong>Deest</strong></span> <span class='ocrx_word' id='word_1_897' title='bbox 3521 5016 3636 5090; x_wconf 69' lang='grc' dir='ltr'><strong>γάρ</strong></span> 
     </span>
    </p>
   </div>
   <div class='ocr_carea' id='block_1_114' title="bbox 2066 5084 3638 5157">
    <p class='ocr_par' dir='ltr' id='par_1_114' title="bbox 2066 5084 3638 5157">
     <span class='ocr_line' id='line_1_115' title="bbox 2066 5084 3638 5157; baseline -0.001 -17"><span class='ocrx_word' id='word_1_898' title='bbox 2066 5089 2114 5140; x_wconf 90' lang='lat' dir='ltr'><strong>iu</strong></span> <span class='ocrx_word' id='word_1_899' title='bbox 2146 5084 2321 5143; x_wconf 78' lang='lat' dir='ltr'><strong>editis.</strong></span> <span class='ocrx_word' id='word_1_900' title='bbox 2358 5089 2466 5143; x_wconf 88' lang='lat' dir='ltr'><strong>Nec</strong></span> <span class='ocrx_word' id='word_1_901' title='bbox 2497 5084 2781 5157; x_wconf 43' lang='lat' dir='ltr'><strong>ita—multo</strong></span> <span class='ocrx_word' id='word_1_902' title='bbox 2826 5094 2946 5151; x_wconf 88' lang='lat' dir='ltr'><strong>post</strong></span> <span class='ocrx_word' id='word_1_903' title='bbox 2979 5093 3211 5157; x_wconf 75' lang='lat' dir='ltr'><strong>quatuor</strong></span> <span class='ocrx_word' id='word_1_904' title='bbox 3249 5084 3638 5157; x_wconf 46' lang='grc' dir='ltr'>πιθα-συγχώ-</span> 
     </span>
    </p>
   </div>
   <div class='ocr_carea' id='block_1_115' title="bbox 2066 5152 3429 5229">
    <p class='ocr_par' dir='ltr' id='par_1_115' title="bbox 2066 5152 3429 5229">
     <span class='ocr_line' id='line_1_116' title="bbox 2066 5152 3429 5229; baseline -0.004 -18"><span class='ocrx_word' id='word_1_905' title='bbox 2066 5158 2337 5229; x_wconf 19' lang='grc' dir='ltr'>ρησινλτοῦ</span> <span class='ocrx_word' id='word_1_906' title='bbox 2355 5158 2583 5229; x_wconf 84' lang='grc' dir='ltr'>Κυρίου.</span> <span class='ocrx_word' id='word_1_907' title='bbox 2606 5155 2747 5229; x_wconf 76' lang='lat' dir='ltr'><strong>Editi</strong></span> <span class='ocrx_word' id='word_1_908' title='bbox 2759 5168 2885 5229; x_wconf 82' lang='lat' dir='ltr'><strong>_\&#39;ero</strong></span> <span class='ocrx_word' id='word_1_909' title='bbox 2905 5152 3429 5229; x_wconf 50' lang='lat' dir='ltr'><strong>cuptbpnatvﬂeog.</strong></span> 
     </span>
    </p>
   </div>
   <div class='ocr_carea' id='block_1_116' title="bbox 2133 5222 3634 5297">
    <p class='ocr_par' dir='ltr' id='par_1_116' title="bbox 2133 5222 3634 5297">
     <span class='ocr_line' id='line_1_117' title="bbox 2133 5222 3634 5297; baseline -0.001 -16"><span class='ocrx_word' id='word_1_910' title='bbox 2133 5227 2245 5297; x_wconf 72' lang='grc'><strong>(47)</strong></span> <span class='ocrx_word' id='word_1_911' title='bbox 2278 5229 2418 5282; x_wconf 85' lang='lat' dir='ltr'><strong>Editi</strong></span> <span class='ocrx_word' id='word_1_912' title='bbox 2442 5222 2496 5280; x_wconf 76' lang='lat' dir='ltr'><strong>et</strong></span> <span class='ocrx_word' id='word_1_913' title='bbox 2534 5224 2769 5297; x_wconf 84' lang='lat' dir='ltr'><strong>nonnulli</strong></span> <span class='ocrx_word' id='word_1_914' title='bbox 2801 5222 3320 5297; x_wconf 30' lang='lat' dir='ltr'><strong>tnss.,‘6tf3_ateica).£at,</strong></span> <span class='ocrx_word' id='word_1_915' title='bbox 3351 5222 3421 5274; x_wconf 74' lang='grc' dir='ltr'><strong>οἵ.</strong></span> <span class='ocrx_word' id='word_1_916' title='bbox 3474 5223 3634 5297; x_wconf 59' lang='grc' dir='ltr'>ῌιιιιιί</span> 
     </span>
    </p>
   </div>
   <div class='ocr_carea' id='block_1_117' title="bbox 2061 5292 3636 5362">
    <p class='ocr_par' dir='ltr' id='par_1_117' title="bbox 2061 5292 3636 5362">
     <span class='ocr_line' id='line_1_118' title="bbox 2061 5292 3636 5362; baseline -0.003 -12"><span class='ocrx_word' id='word_1_917' title='bbox 2061 5292 2358 5350; x_wconf 84' lang='lat' dir='ltr'><strong>emendate.</strong></span> <span class='ocrx_word' id='word_1_918' title='bbox 2390 5297 2519 5362; x_wconf 70' lang='lat' dir='ltr'><strong>Reg.</strong></span> <span class='ocrx_word' id='word_1_919' title='bbox 2561 5296 2749 5347; x_wconf 78' lang='lat' dir='ltr'><strong>tertius</strong></span> <span class='ocrx_word' id='word_1_920' title='bbox 2806 5307 2924 5343; x_wconf 91' lang='lat' dir='ltr'><strong>cum</strong></span> <span class='ocrx_word' id='word_1_921' title='bbox 2958 5292 3103 5362; x_wconf 73' lang='lat' dir='ltr'><strong>Colb.</strong></span> <span class='ocrx_word' id='word_1_922' title='bbox 3138 5305 3312 5362; x_wconf 85' lang='lat' dir='ltr'><strong>sexto,</strong></span> <span class='ocrx_word' id='word_1_923' title='bbox 3344 5306 3441 5359; x_wconf 86' lang='lat' dir='ltr'><strong>pro</strong></span> <span class='ocrx_word' id='word_1_924' title='bbox 3477 5293 3636 5346; x_wconf 83' lang='grc' dir='ltr'>διδα-</span> 
     </span>
    </p>
   </div>
   <div class='ocr_carea' id='block_1_118' title="bbox 2065 5361 3635 5431">
    <p class='ocr_par' dir='ltr' id='par_1_118' title="bbox 2065 5361 3635 5431">
     <span class='ocr_line' id='line_1_119' title="bbox 2065 5361 3635 5431; baseline -0.003 -13"><span class='ocrx_word' id='word_1_925' title='bbox 2065 5366 2278 5431; x_wconf 87' lang='grc' dir='ltr'>σκαλία,</span> <span class='ocrx_word' id='word_1_926' title='bbox 2315 5361 2479 5420; x_wconf 86' lang='lat' dir='ltr'><strong>habet</strong></span> <span class='ocrx_word' id='word_1_927' title='bbox 2503 5361 2863 5422; x_wconf 64' lang='grc' dir='ltr'>διδασκαλίας</span> <span class='ocrx_word' id='word_1_928' title='bbox 2896 5361 2989 5412; x_wconf 85' lang='lat' dir='ltr'><strong>sed</strong></span> <span class='ocrx_word' id='word_1_929' title='bbox 3020 5361 3148 5414; x_wconf 89' lang='lat' dir='ltr'><strong>nihil</strong></span> <span class='ocrx_word' id='word_1_930' title='bbox 3182 5362 3305 5414; x_wconf 90' lang='lat' dir='ltr'><strong>inde</strong></span> <span class='ocrx_word' id='word_1_931' title='bbox 3327 5362 3444 5428; x_wconf 86' lang='lat' dir='ltr'><strong>opis</strong></span> <span class='ocrx_word' id='word_1_932' title='bbox 3468 5362 3635 5416; x_wconf 64' lang='lat' dir='ltr'><strong>alier-</strong></span> 
     </span>
    </p>
   </div>
   <div class='ocr_carea' id='block_1_119' title="bbox 2066 5431 3635 5503">
    <p class='ocr_par' dir='ltr' id='par_1_119' title="bbox 2066 5431 3635 5503">
     <span class='ocr_line' id='line_1_120' title="bbox 2066 5431 3635 5503; baseline -0.003 -14"><span class='ocrx_word' id='word_1_933' title='bbox 2066 5445 2169 5489; x_wconf 90' lang='lat' dir='ltr'><strong>tur.</strong></span> <span class='ocrx_word' id='word_1_934' title='bbox 2203 5436 2399 5489; x_wconf 83' lang='lat' dir='ltr'><strong>Horum</strong></span> <span class='ocrx_word' id='word_1_935' title='bbox 2468 5435 2767 5503; x_wconf 76' lang='lat' dir='ltr'><strong>genuinum</strong></span> <span class='ocrx_word' id='word_1_936' title='bbox 2801 5441 3097 5503; x_wconf 70' lang='lat' dir='ltr'><strong>parentem</strong></span> <span class='ocrx_word' id='word_1_937' title='bbox 3120 5431 3407 5503; x_wconf 78' lang='lat' dir='ltr'><strong>Eusebium</strong></span> <span class='ocrx_word' id='word_1_938' title='bbox 3454 5434 3635 5503; x_wconf 76' lang='lat' dir='ltr'><strong>secuti</strong></span> 
     </span>
    </p>
   </div>
   <div class='ocr_carea' id='block_1_120' title="bbox 2063 5499 3636 5572">
    <p class='ocr_par' dir='ltr' id='par_1_120' title="bbox 2063 5499 3636 5572">
     <span class='ocr_line' id='line_1_121' title="bbox 2063 5499 3636 5572; baseline -0.003 -15"><span class='ocrx_word' id='word_1_939' title='bbox 2063 5521 2268 5568; x_wconf 86' lang='lat' dir='ltr'><strong>sumus,</strong></span> <span class='ocrx_word' id='word_1_940' title='bbox 2310 5504 2446 5572; x_wconf 89' lang='lat' dir='ltr'><strong>apud</strong></span> <span class='ocrx_word' id='word_1_941' title='bbox 2473 5499 2636 5571; x_wconf 73' lang='lat' dir='ltr'><strong>quem</strong></span> <span class='ocrx_word' id='word_1_942' title='bbox 2671 5500 2863 5567; x_wconf 85' lang='lat' dir='ltr'><strong>legitur</strong></span> <span class='ocrx_word' id='word_1_943' title='bbox 2894 5499 2987 5572; x_wconf 82' lang='lat' dir='ltr'><strong>ita,</strong></span> <span class='ocrx_word' id='word_1_944' title='bbox 3024 5499 3418 5572; x_wconf 11' lang='lat' dir='ltr'><strong>utigedidimus.</strong></span> <span class='ocrx_word' id='word_1_945' title='bbox 3454 5501 3510 5553; x_wconf 91' lang='lat' dir='ltr'><strong>lu</strong></span> <span class='ocrx_word' id='word_1_946' title='bbox 3537 5502 3636 5572; x_wconf 81' lang='lat' dir='ltr'><strong>tle-</strong></span> 
     </span>
    </p>
   </div>
   <div class='ocr_carea' id='block_1_121' title="bbox 2063 5568 3631 5638">
    <p class='ocr_par' dir='ltr' id='par_1_121' title="bbox 2063 5568 3631 5638">
     <span class='ocr_line' id='line_1_122' title="bbox 2063 5568 3631 5638; baseline -0.003 -11"><span class='ocrx_word' id='word_1_947' title='bbox 2063 5576 2300 5638; x_wconf 78' lang='lat' dir='ltr'><strong>tegendis</strong></span> <span class='ocrx_word' id='word_1_948' title='bbox 2332 5568 2512 5626; x_wconf 80' lang='lat' dir='ltr'><strong>autem</strong></span> <span class='ocrx_word' id='word_1_949' title='bbox 2543 5585 2787 5626; x_wconf 90' lang='lat' dir='ltr'><strong>errorum</strong></span> <span class='ocrx_word' id='word_1_950' title='bbox 2826 5568 3001 5621; x_wconf 90' lang='lat' dir='ltr'><strong>causis</strong></span> <span class='ocrx_word' id='word_1_951' title='bbox 3035 5569 3125 5636; x_wconf 91' lang='lat' dir='ltr'><strong>qui</strong></span> <span class='ocrx_word' id='word_1_952' title='bbox 3156 5568 3523 5632; x_wconf 82' lang='lat' dir='ltr'><strong>delectantur,</strong></span> <span class='ocrx_word' id='word_1_953' title='bbox 3573 5571 3631 5623; x_wconf 91' lang='lat' dir='ltr'><strong>in</strong></span> 
     </span>
    </p>
   </div>
   <div class='ocr_carea' id='block_1_122' title="bbox 2060 5637 3636 5705">
    <p class='ocr_par' dir='ltr' id='par_1_122' title="bbox 2060 5637 3636 5705">
     <span class='ocr_line' id='line_1_123' title="bbox 2060 5637 3636 5705; baseline -0.003 -9"><span class='ocrx_word' id='word_1_954' title='bbox 2060 5637 2127 5696; x_wconf 86' lang='lat' dir='ltr'><strong>eo</strong></span> <span class='ocrx_word' id='word_1_955' title='bbox 2158 5645 2243 5696; x_wconf 90' lang='lat' dir='ltr'><strong>hic</strong></span> <span class='ocrx_word' id='word_1_956' title='bbox 2268 5652 2505 5697; x_wconf 88' lang='lat' dir='ltr'><strong>erratum</strong></span> <span class='ocrx_word' id='word_1_957' title='bbox 2536 5654 2656 5695; x_wconf 85' lang='lat' dir='ltr'><strong>esse</strong></span> <span class='ocrx_word' id='word_1_958' title='bbox 2692 5639 2970 5696; x_wconf 75' lang='lat' dir='ltr'><strong>videbunt,</strong></span> <span class='ocrx_word' id='word_1_959' title='bbox 3017 5639 3159 5705; x_wconf 90' lang='lat' dir='ltr'><strong>quod</strong></span> <span class='ocrx_word' id='word_1_960' title='bbox 3205 5652 3269 5689; x_wconf 80' lang='lat' dir='ltr'><strong>ex</strong></span> <span class='ocrx_word' id='word_1_961' title='bbox 3315 5637 3636 5696; x_wconf 72' lang='grc' dir='ltr'>διδασκαλιο</span> 
     </span>
    </p>
   </div>
   <div class='ocr_carea' id='block_1_123' title="bbox 2009 5705 3306 5776">
    <p class='ocr_par' dir='ltr' id='par_1_123' title="bbox 2009 5705 3306 5776">
     <span class='ocr_line' id='line_1_124' title="bbox 2009 5705 3306 5776; baseline -0.005 -8"><span class='ocrx_word' id='word_1_962' title='bbox 2009 5723 2014 5732; x_wconf 92' lang='grc'>·</span> <span class='ocrx_word' id='word_1_963' title='bbox 2061 5712 2145 5767; x_wconf 77' lang='grc' dir='ltr'><strong>κοί</strong></span> <span class='ocrx_word' id='word_1_964' title='bbox 2172 5730 2198 5766; x_wconf 91' lang='lat' dir='ltr'><strong>a</strong></span> <span class='ocrx_word' id='word_1_965' title='bbox 2232 5713 2463 5769; x_wconf 87' lang='lat' dir='ltr'><strong>librariis</strong></span> <span class='ocrx_word' id='word_1_966' title='bbox 2492 5710 2741 5766; x_wconf 79' lang='lat' dir='ltr'><strong>eiiectum</strong></span> <span class='ocrx_word' id='word_1_967' title='bbox 2769 5709 2838 5763; x_wconf 85' lang='lat' dir='ltr'><strong>sit</strong></span> <span class='ocrx_word' id='word_1_968' title='bbox 2861 5706 3195 5776; x_wconf 81' lang='grc' dir='ltr'>διδασκαλία,</span> <span class='ocrx_word' id='word_1_969' title='bbox 3233 5705 3306 5762; x_wconf 75' lang='lat' dir='ltr'><strong>ot.</strong></span> 
     </span>
    </p>
   </div>
  </div>
