3838 6214
206 311 270 367 89
1288 322 1577 383 HOMlLlA
1614 328 1683 385 IN
1722 330 2055 388 PSALMUM
2088 308 2377 393 xXxvnft
3353 337 3427 393 ao.

206 421 361 493 βελῶν
392 426 529 482 εἰσιν
554 427 826 500 ὀξύτεροι,
860 432 958 504 τὴν
994 435 1296 508 συνείδησιν
1328 439 1629 506 νύττοντες,
1674 460 1745 497 τι·

1861 448 2098 517 tamjure
2119 462 2420 505 recusasse.
2449 448 2701 515 Neenim,
2722 451 2914 521 inquit,
2945 453 3000 506 in
3021 452 3306 521 [uroretuo
3332 439 3447 506 ar?

203 513 523 587 τρώσκοντές
562 537 623 572 τε
681 524 776 575 καὶ
814 524 1127 590 κεντοῦντες
1173 530 1361 600 αὐτήν.
1421 534 1530 585 Καὶ
1577 533 1752 599 οὕτως

203 604 362 670 εἴποις
400 608 468 663 ἂν
510 610 599 664 τὸν
636 614 801 667 Δαόὶδ
846 618 959 680 τοῖς
998 618 1160 689 ἱεροῖς
1200 620 1411 685 τούτοις
1444 625 1538 676 καὶ
1591 624 1753 689 θείοις

203 698 559 769 κεντούμενον,
604 704 840 769 εὐλόγως
883 710 1263 777 παραιτεῖσθαι
1310 712 1402 767 τὸν
1451 714 1538 767 διὰ
1583 716 1753 787 θυμοῦ

203 786 439 877 ἔλεγχον,
491 796 586 846 καὶ
614 796 714 862 τὴν
748 797 797 848 δι
844 797 1017 868 ὀργῆς
1047 800 1140 853 τοῦ
1180 801 1314 855 Θεοῦ
1342 804 1608 859 παιδείαν.
1657 786 1753 877 Μὴ

201 876 299 948 γὰρ
328 878 406 944 τῷ
421 879 582 951 θυμῷ
610 900 747 950 σου,
772 887 960 957 φησιν,
988 890 1244 960 ἐλέγξῃς
1259 909 1355 960 με,
1381 895 1576 961 Κύριε,
1601 895 1755 964 μηδὲ

202 966 271 1035 τῇ
296 969 437 1040 ὀργῆ
455 989 571 1027 σου
598 978 936 1047 παιδεύσῃς
963 998 1057 1049 με.
1107 982 1204 1034 Διὰ
1229 983 1315 1048 τί;
1343 985 1469 1037 Ὅτι
1494 988 1566 1038 τὰ
1588 986 1746 1055 βέλη

202 1073 307 1112 σου
346 1061 729 1133 ἐνεπάγιησάν
777 1087 892 1135 μοι.
943 1072 1319 1142 Προσλαϐόντα
1365 1075 1475 1143 (48)
1520 1077 1628 1148 γὰρ
1652 1078 1748 1148 τὴν

200 1148 354 1222 ὀργὴν
403 1153 496 1206 καὶ
526 1156 617 1210 τὸν
650 1159 817 1229 θυμὸν
843 1160 911 1214 τὰ
938 1162 1087 1232 παρὰ
1133 1163 1224 1215 σοῦ
1262 1163 1593 1234 καθικόμενοι
1621 1167 1745 1237 βέλη

1849 554 1976 606 guns
1994 556 2093 603 me,
2115 539 2354 605 Domine,
2370 557 2535 611 neque
2548 543 2605 595 in
2632 543 2715 595 ira
2735 553 2822 596 tua
2839 545 3096 612 corripias
3109 559 3208 597 me.
3224 544 3423 609 Quam-

1850 629 2034 682 obrem
2049 630 2071 682 i
2088 629 2347 694 Quoniam
2372 634 2578 700 sagitta:
2592 643 2696 686 tua:
2711 634 2888 700 inﬁxa:
2903 646 3023 687 sunt
3040 635 3185 686 mihi.
3208 633 3337 687 Nam
3354 644 3426 688 te-

1851 717 1898 771 la
1921 720 2015 773 abs
2036 732 2087 774 te
2109 721 2370 787 immissa,
2386 736 2505 791 quae
2524 723 2658 776 iram
2678 734 2731 778 et
2748 723 2983 779 furorem
3009 734 3421 793 pra-verterunt,

1852 810 2183 866 suﬂicienter
2206 813 2274 867 de
2313 828 2396 867 me
2431 815 2749 882 supplicium
2780 825 3020 881 sumunt,
3058 832 3122 871 ac
3172 817 3303 871 satis
3337 831 3425 872 me

1860 901 2146 970 castigant.
2178 902 2357 970 Quare
2399 905 2624 975 supplex
2672 908 2825 973 petit,
2854 922 2920 960 ne
2966 908 3123 961 aliam
3163 909 3298 962 iram
3331 920 3423 963 aut

1853 992 2088 1047 furorem
2144 994 2488 1063 experiatur,
2542 996 2802 1061 Quoniam
2851 999 3194 1065 sagittarium
3242 999 3422 1066 inﬁxa:

1852 1091 1976 1134 sunt
2018 1082 2181 1147 mihi;
2223 1093 2317 1139 aut
2343 1086 2637 1141 secundum
2699 1087 3105 1158 Symmachum,
3149 1089 3420 1159 Attingunt

1851 1187 1952 1225 me.

202 1244 384 1308 ἱκανῶς
415 1265 481 1317 με
506 1254 848 1321 τιμωρεῖται,
874 1255 967 1308 καὶ
989 1255 1278 1327 αὐτάρκως
1311 1274 1378 1327 με
1400 1258 1637 1323 κολάζει.
1665 1260 1757 1313 Διὸ
1795 1263 2048 1328 ἱκετεύει,
2125 1267 2199 1338 μὴ
2260 1269 2430 1340 ὀργῆς
2469 1270 2665 1343 ἐτέρας
2710 1270 2843 1342 μηδὲ
2875 1270 3046 1342 θυμοῦ
3075 1273 3420 1344 πειραθῆναι,

201 1338 315 1401 Ὀτι
335 1341 407 1394 τὰ
428 1342 587 1411 βέλη
610 1361 725 1399 σου
746 1347 1133 1418 ἑνεπάγησάν
1153 1368 1254 1420 μοι
1273 1392 1288 1415 ,
1327 1352 1359 1424 ἢ
1386 1392 1401 1417 ,
1443 1355 1749 1409 καθίκεταί
1778 1373 1919 1426 μου,
1941 1359 2083 1413 κατὰ
2116 1360 2210 1414 τὸν
2243 1338 2556 1434 Σύμμαχον.

258 1431 307 1484 3.
344 1434 449 1486 Kal
502 1434 901 1505 ἐπεστήριξας
948 1440 1041 1492 ἐπ’
1068 1441 1175 1509 ἐμὲ
1232 1442 1347 1509 τὴν
1402 1444 1571 1512 χεῖρά
1608 1462 1745 1501 σου.

197 1521 354 1593 Χεῖρα
399 1524 455 1577 δὲ
487 1526 692 1597 Κυρίου
727 1529 1121 1603 καθαψαμένην
1177 1533 1340 1587 αὐτοῦ
1398 1536 1589 1606 νόησον
1612 1537 1747 1605 (49),

198 1611 283 1663 καὶ
307 1612 402 1683 τὴν
435 1616 530 1668 ἐπὶ
562 1614 658 1669 τοῦ
702 1616 821 1670 Ἰὼϐ
872 1620 1269 1692 δεδηλωμένην.
1307 1624 1454 1693 Αῦτη
1492 1625 1604 1695 δὲή
1631 1629 1749 1698 χεὶρ

195 1702 280 1756 τοῦ
330 1706 530 1778 Κυρίου
575 1709 753 1763 πάντα
786 1710 887 1773 κτὸν
934 1707 1082 1766 οἷκον
1134 1713 1229 1766 τοῦ
1254 1714 1414 1768 Δασιδ
1439 1718 1503 1768 ὲκ
1537 1716 1750 1788 βάθρων

197 1793 378 1860 ἔσεισε,
413 1798 504 1851 τὸν
537 1800 637 1870 μὲν
671 1802 1014 1873 πρωτότοκον
1045 1805 1209 1858 αὐτοῦ
1264 1808 1372 1861 τῶν
1428 1809 1631 1862 παίδων
1663 1809 1754 1863 τὸν

209 1886 402 1956 Ἀμνὼν
429 1889 595 1961 ἔρωτι
622 1893 724 1962 τῆς
746 1893 979 1963 ἀδελφῆς
1010 1898 1317 1966 ὲκμήνασα,
1350 1899 1650 1971 πυρώσασα
1696 1901 1755 1954 δὲ
1788 1952 1797 1958 ,

194 1977 276 2030 τὸν
307 1979 660 2053 Ἀὃεσσαλὼμ
697 1987 763 2056 τῇ
819 1985 962 2039 κατὰ
982 1986 1075 2039 τοῦ
1097 1986 1326 2057 ἀδελφοῦ
1357 1991 1515 2060 ὀργῇ,
1550 1991 1624 2055 ὡς
1658 1993 1753 2044 άν-

194 2066 323 2122 ελείν
346 2071 434 2124 τὸν
468 2072 705 2144 Ἀμνὼν,
735 2075 926 2131 ἔπειτα
948 2078 1043 2131 καλ⁵
1066 2079 1216 2148 αὐτῷ
1249 2078 1358 2150 (50)
1393 2082 1754 2152 ἐπαναστῆναι

192 2159 263 2228 τῷ
285 2163 476 2232 πατρί’
507 2166 605 2218 καὶ
635 2167 707 2219 τὰ
741 2166 904 2221 λοιπὰ
927 2168 986 2223 δὲ
1020 2172 1196 2224 πάντα
1226 2171 1314 2225 διὰ
1359 2171 1462 2241 τῆς
1515 2173 1755 2245 ἱστορίας

193 2255 579 2325 παριστάμενα,
607 2259 639 2328 ἡ
670 2257 971 2328 δηλωθεῖσα
991 2260 1130 2331 χείρ.
1185 2262 1321 2334 Χείρ
1351 2280 1443 2316 σου
1471 2264 1754 2335 καθήψατό

193 2355 283 2408 μου
310 2341 394 2395 διὰ
421 2344 530 2397 τῶν
565 2345 885 2417 ἐπαλλήλων
921 2348 1233 2420 συμφορῶν.
1289 2351 1554 2418 Ἰκετεύω,
1596 2354 1750 2423 φησὶ,

191 2430 259 2503 μὴ
290 2432 428 2503 ἄλλῳ
453 2434 614 2506 θυμῷ
638 2436 978 2509 ἐλεγχθῆναι,
1029 2440 1166 2511 μηδὲ
1221 2442 1424 2512 χείρονι
1465 2443 1599 2513 ὀργῇ
1630 2460 1755 2496 παι-

195 2520 447 2594 δευθῆναι.
482 2527 595 2579 Καὶ
624 2529 686 2581 οὐ
714 2529 873 2598 μόνον
906 2529 1097 2595 ταῦτα,
1120 2531 1255 2584 ἀλλὰ
1285 2534 1379 2586 καὶ¹
1397 2534 1508 2603 (51)
1540 2536 1609 2588 τὰ
1633 2538 1754 2588 ἐπι-

196 2609 466 2684 λεγόμενα,
496 2616 533 2671 ἃ
551 2617 789 2672 διδάσκει
812 2610 939 2690 ἑξῆς
969 2619 1139 2690 λέγων
1160 2640 1175 2654 ο
1216 2625 1337 2677 Οὐκ
1391 2625 1562 2679 ἔστιν
1591 2626 1754 2692 ἴασις

190 2700 253 2753 ἐν
280 2701 350 2772 τῇ
380 2707 563 2773 σαρκί
591 2726 711 2776 μου
749 2709 869 2763 ἀπὸ
900 2711 1224 2780 προσώπου
1258 2713 1362 2783 τῆς
1397 2715 1581 2785 ὀργῆς
1603 2733 1749 2770 σου·

189 2793 290 2846 οὐκ
315 2794 483 2850 ἔστιν
511 2798 723 2868 εἰρήνη
753 2800 824 2853 ἐν
850 2801 974 2867 τοῖς
1000 2802 1233 2870 ὀστέοις
1267 2822 1385 2874 μου
1427 2808 1543 2861 ἀπὸ
1565 2822 1751 2875 προσ-

187 2881 337 2939 ώπου
367 2887 486 2942 τῶν
516 2890 818 2959 ἁμαρτιῶν
854 2911 993 2962 μου,
1038 2895 1198 2963 Ἐγὼ,
1248 2880 1401 2968 φησὶ,
1447 2882 1749 2967 προλαϐὼν,

186 2972 307 3060 οὐδὲ.
326 2980 648 3048 περιμείνας
699 2983 786 3035 ς’να
823 2983 923 3054 μού
960 3002 1048 3048 τις
1095 2986 1294 3050 ἔξωθεν
1322 2988 1384 3041 τὸ
1406 2989 1562 3060 σῶμα
1598 2990 1755 3045 κολά-

1922 1450 1976 1503 5.
2018 1449 2086 1503 Et
2117 1453 2440 1521 conﬁrmasti
2471 1469 2627 1521 super
2650 1471 2730 1509 me
2753 1471 2965 1509 manum
2999 1463 3168 1512 tuam.
3203 1455 3420 1513 Manum

1855 1549 2034 1597 autem
2069 1541 2281 1598 Domini
2318 1546 2491 1614 ipsum
2520 1546 2841 1611 ferientem,
2876 1563 2997 1602 eam
3033 1562 3154 1617 qua:
3197 1547 3250 1600 in
3284 1546 3421 1602 Jobo

1856 1631 2126 1687 declarata
2167 1644 2250 1688 est
2282 1635 2543 1707 intelligo.
2589 1637 2713 1692 Haec
2748 1648 2930 1693 autem
2967 1639 3181 1694 Domini
3226 1652 3420 1694 manus

1854 1739 1885 1779 e
1931 1725 2294 1784 fundamentis
2341 1732 2585 1786 excussit
2624 1747 2841 1787 omnem
2893 1733 3111 1788 Davidis
3162 1736 3417 1799 domum,

1855 1834 1976 1872 cum
2007 1819 2324 1876 Ammonem
2355 1824 2570 1892 quidem
2597 1864 2612 1889 ,
2648 1825 2885 1880 ﬁliorum
2923 1836 3052 1880 natu
3094 1827 3416 1894 maximum,

1855 1912 2058 1996 sorpris
2117 1928 2304 1969 amore
2350 1916 2711 1971 insanientem
2769 1920 3036 1985 reddidit,
3089 1919 3416 1974 Absalonem

1854 2016 1982 2056 vero
2016 2003 2068 2056 in
2104 2005 2325 2059 l'ratrem
2361 2007 2441 2060 ira
2479 2010 2762 2077 accendit,
2801 2012 2936 2063 adeo
2991 2020 3050 2065 ut
3097 2012 3419 2065 Ammonem

1853 2094 1971 2147 neci
2001 2095 2259 2159 traderet,
2294 2108 2349 2151 et
2380 2100 2609 2167 posthac
2642 2102 2693 2155 in
2724 2111 2935 2170 patrem
2972 2104 3142 2171 ipsum
3184 2104 3417 2158 rebella-

1851 2193 1954 2240 ret.
1988 2186 2093 2240 Sed
2123 2198 2178 2241 et
2216 2189 2421 2258 reliqua
2455 2193 2635 2246 omnia
2677 2193 2729 2246 in
2764 2193 2988 2247 historia
3021 2194 3265 2263 prodita,
3302 2210 3419 2248 ma-

1853 2291 1954 2331 nus
2000 2286 2128 2332 sunt
2173 2294 2293 2347 quae
2339 2281 2429 2334 hic
2475 2282 2711 2336 indicata
2742 2294 2845 2337 est.
2885 2284 3072 2337 Manus
3113 2295 3201 2338 tua
3241 2285 3419 2352 tetigit

1852 2380 1938 2418 me
1978 2381 2075 2434 per
2114 2367 2456 2423 calamitates
2515 2369 2653 2423 alias
2694 2371 2817 2425 aliis
2859 2372 3232 2425 succedentes.
3273 2371 3417 2439 Sup-

1853 2455 2014 2524 plico,
2054 2456 2247 2525 inquit,
2282 2467 2335 2511 ut
2365 2474 2430 2513 ne
2459 2458 2565 2512 alio
2596 2459 2776 2513 furore
2802 2475 3021 2527 arguar,
3051 2474 3186 2513 neve
3217 2461 3292 2512 ira
3323 2475 3418 2528 pe-

1848 2545 1951 2615 jori
1983 2548 2273 2615 corripiar.
2315 2547 2424 2603 Nec
2458 2550 2571 2603 haec
2611 2550 2821 2614 solum,
2868 2553 2963 2605 sed
2999 2566 3062 2605 ea
3103 2553 3264 2606 etiam
3300 2567 3419 2620 qua:

1853 2636 2270 2704 subjuuguutur,
2319 2647 2372 2691 et
2402 2654 2520 2707 quas
2553 2641 2744 2703 docet,
2779 2643 2975 2696 exinde
3021 2644 3207 2698 dicens
3237 2661 3250 2697 :
3289 2641 3414 2698 Non

1850 2737 1923 2778 est
1955 2729 2156 2781 sanitas
2196 2729 2252 2781 in
2291 2746 2449 2784 carne
2482 2747 2600 2783 mea
2641 2749 2673 2784 a
2721 2733 2856 2799 facie
2898 2734 2993 2787 ira:
3024 2745 3128 2787 tua:
3150 2750 3169 2788 :
3203 2750 3306 2788 non
3340 2745 3415 2789 est

1849 2834 1954 2886 pax
1993 2819 2194 2873 ossibus
2225 2822 2350 2874 meis
2384 2839 2415 2875 ιι
2453 2822 2589 2891 [acie
2622 2835 2950 2891 peccatorum
2985 2841 3238 2880 meorum.
3272 2826 3412 2893 Ego,

1857 2909 2050 2977 inquit,
2084 2913 2332 2978 praeverti
2357 2952 2373 2977 ,
2418 2928 2517 2967 nec
2559 2916 2868 2982 exspectavi
2914 2924 2974 2969 ut
3015 2917 3135 2983 quis
3162 2927 3417 2972 externus

1852 3015 2029 3053 meum
2063 3017 2261 3070 corpus
2294 3004 2550 3072 castiget,
2596 3005 2774 3060 ulcere
2814 3005 2953 3061 malo
2992 3008 3299 3062 excruciavi
3329 3023 3416 3062 me

189 3080 267 3137 σῃ,
292 3066 433 3122 ἕλκει
468 3072 693 3143 πονηρῷ
744 3075 978 3144 ἐμαυτὸν
1010 3078 1460 3149 ἐτιμωρησάμην,
1511 3081 1605 3133 καὶ
1652 3082 1744 3151 τὴν

1852 3090 1998 3160 ipse,
2027 3108 2315 3164 meamque
2347 3112 2569 3151 carnem
2612 3115 2707 3169 per
2734 3115 2894 3169 quam
2926 3116 2953 3153 a
3004 3112 3088 3153 me
3117 3099 3412 3154 admissum

188 3159 350 3228 σάρκα
377 3179 498 3231 μου,
530 3164 599 3216 δι’
623 3159 691 3237 ἧς
720 3168 1033 3239 πέπρακταί
1081 3186 1171 3239 μοι
1210 3171 1270 3222 τὸ
1297 3171 1635 3243 ἁμάρτημανν
1662 3191 1745 3225 κο-

1848 3159 2131 3251 peccatum
2175 3159 2293 3251 est,
2332 3159 2627 3258 suppliciis.
2657 3159 2886 3256 tradidi,
2932 3191 3189 3244 ultionem
3230 3192 3296 3244 de
3328 3205 3415 3244 me

184 3247 356 3304 λάσεσι
389 3255 499 3327 (52)
543 3260 858 3330 παρέδωκα,
906 3263 1318 3334 τιμωρούμενος
1372 3267 1605 3336 ἐμαυτὸν
1652 3269 1745 3321 καὶ

1847 3287 2085 3340 sumens,
2115 3290 2180 3330 ac
2216 3292 2303 3332 me
2333 3281 2512 3334 omnis
2548 3281 2764 3350 generis
2790 3280 3121 3335 cruciatibus
3152 3280 3402 3349 puniens.

185 3342 409 3439 κολάζων
448 3352 738 3413 παντοίαις
770 3352 1046 3411 κολάσεσι.
1082 3355 1252 3409 Τοῦτο
1294 3357 1402 3429 γάρ
1432 3358 1616 3430 ἐδήλου
1653 3361 1745 3414 καὶ

1847 3363 1957 3418 Hoc
2002 3368 2147 3419 enim
2193 3368 2315 3423 aliis
2358 3342 2578 3439 quoque
2613 3372 2795 3426 verbis
2843 3342 3407 3434 iudicabam-dicens:

184 3427 241 3481 δι’
284 3433 501 3506 ἑτέρων,
558 3438 732 3507 λέγων
756 3458 770 3472 ·
816 3442 1202 3498 Ἑταπείνουν
1246 3446 1317 3498 ἐν
1355 3427 1607 3516 νηστείᾳ
1630 3449 1745 3515 τὴν

1847 3453 2211 3511 Humiliabam
2246 3459 2303 3512 in
2340 3460 2548 3529 jejunio
2581 3461 2810 3513 animam
2848 3460 3093 3524 meam”;
3136 3468 3229 3513 et:
3273 3457 3411 3512 Caro

183 3520 378 3590 ψυχήν
397 3543 540 3593 μου,
564 3530 663 3581 καὶ
689 3529 728 3597 ή
760 3529 917 3599 σάρξ
941 3551 1060 3602 μου
1081 3536 1381 3605 ἠλλοιώθη
1406 3539 1479 3592 δι’
1513 3541 1738 3608 ἔλαιον,

183 3612 270 3665 καὶ
297 3615 675 3689 ἐπελαθόμην
701 3623 806 3677 τοῦ
834 3625 1046 3694 φαγεῖν
1076 3627 1184 3680 τὸν
1207 3627 1389 3697 ἄρτον
1420 3649 1538 3699 μου
1565 3648 1579 3661 ·
1622 3634 1741 3687 ἀπὸ

183 3703 370 3774 φωνῆς
422 3708 532 3762 τοῦ
590 3714 926 3782 στεναγμοῦ
977 3733 1096 3784 μου
1128 3717 1429 3787 ἐκολλήθη
1470 3720 1542 3774 τὰ
1590 3722 1741 3778 ὀστᾶ

177 3808 285 3862 μου
329 3795 404 3867 τῇ
445 3801 630 3868 σαρκί
680 3820 821 3870 μου.
886 3806 1016 3871 Καὶ,
1061 3808 1275 3861 Λούσω
1314 3811 1442 3864 καθ’
1471 3812 1740 3882 ἑκάστην

182 3882 354 3938 νύκτα
407 3888 523 3957 τὴν
574 3892 798 3961 κλίνην
845 3913 979 3963 μου,
1040 3897 1110 3951 ἐν
1149 3898 1412 3968 δάκρυσι
1446 3920 1565 3971 μου
1624 3904 1740 3973 τὴν

182 3975 480 4065 στρωμνήν
517 3997 639 4048 μου
669 3982 890 4049 βρέξω.
927 3984 1113 4051 Οὕτως
1143 3984 1236 4043 οὖν
1273 3992 1367 4044 καὶ¹
1412 3992 1509 4045 νῦν
1539 4010 1735 4065 φησιν’

179 4062 284 4117 Οὐκ
306 4065 472 4123 ἐστιν
497 4071 664 4138 ἴασις
682 4074 754 4127 ἐν
784 4074 860 4143 τῇ
891 4078 1072 4145 σαρκί
1106 4097 1226 4149 μου
1258 4081 1379 4137 ἀπὸ
1415 4062 1737 4150 προσώπου

183 4150 281 4220 τῆς
299 4156 475 4229 ὀργῆς
525 4175 666 4216 σου.
719 4164 863 4218 Ἀντὶ
893 4167 971 4234 δὲ,
1006 4167 1115 4238 τῆς
1139 4170 1341 4240 ὀργῆς,
1376 4173 1679 4244 συμφώνως
1710 4176 1737 4229 ὃ

183 4259 235 4336 τε
267 4248 485 4316 ’Δκύλας
520 4254 616 4306 καὶ⁸
662 4255 690 4306 ὁ
737 4256 1048 4330 Σύμμαχος,
1083 4261 1203 4314 ἀπὸ
1257 4263 1579 4331 προσώπου
1633 4266 1737 4336 ἐμ-

184 4335 493 4410 ϐριμήσεώς
538 4362 678 4411 σου,
726 4350 1098 4420 ἡρμήνευσαν.
1156 4355 1416 4428 Ἀπήρκει
1458 4360 1566 4429 γάρ
1622 4335 1732 4430 μοι,

1841 3564 1956 3600 mea
1982 3548 2258 3602 immutata
2286 3558 2360 3602 est
2396 3560 2608 3616 prapter
2634 3549 2807 3603 oleum
2833 3547 2886 3612 ‘;
2918 3558 2974 3602 et
3000 3566 3013 3602 :
3058 3548 3266 3603 Oblitus
3295 3566 3412 3602 sum

1841 3640 2107 3692 comedere
2143 3656 2331 3706 panem
2375 3656 2581 3704 meum;
2613 3657 2642 3692 ιι
2674 3656 2794 3693 uoce
2833 3641 3055 3709 gemitus
3094 3642 3194 3694 mei
3232 3641 3412 3694 adita:-

1839 3740 2013 3782 serunt
2040 3745 2157 3783 ossa
2185 3746 2296 3783 mea
2319 3732 2464 3783 carni
2492 3746 2616 3783 mea:
2634 3730 2655 3761 ⁸
2680 3747 2696 3797 ;
2722 3739 2776 3784 et
2798 3749 2810 3783 :
2835 3728 3042 3783 Lavabo
3064 3746 3154 3799 per
3176 3731 3410 3800 singulas

1840 3830 2015 3874 noctes
2045 3820 2238 3874 lectum
2288 3836 2497 3886 nteant,
2529 3822 2776 3890 lacrymis
2812 3821 2939 3875 meis
2969 3830 3196 3874 stratum
3238 3837 3412 3875 meum

1840 3911 2020 3979 rigabo
2044 3912 2084 3964 ⁵.
2120 3910 2215 3966 Sic
2247 3913 2427 3980 itaque
2452 3921 2505 3966 et
2539 3928 2680 3967 nunc
2708 3914 2821 3966 ait:
2854 3912 2978 3965 Non
3010 3920 3086 3966 est
3125 3911 3327 3966 sanitas
3355 3913 3410 3965 in

1838 4018 1995 4057 carne
2020 4020 2134 4056 mea
2161 4021 2192 4056 a
2234 4004 2369 4072 [acie
2399 4006 2493 4059 ira:
2525 4015 2649 4058 tute.
2683 4005 2849 4059 Porro
2877 4019 3000 4073 pro,
3048 4003 3142 4055 Ira
3166 4043 3183 4068 ,
3212 4002 3407 4071 Aquila

1840 4105 1894 4148 et
1918 4094 2298 4164 Symmachus,
2330 4097 2372 4148 Α
2397 4095 2534 4164 facie
2554 4096 2795 4166 fremitus
2825 4098 2925 4163 tui,
2950 4095 3202 4149 similiter
3232 4094 3408 4147 inter-

1838 4185 2034 4251 pretati
2070 4193 2213 4239 sunt.
2244 4186 2390 4239 Satis
2418 4188 2586 4251 enim,
2619 4188 2818 4256 inquit,
2851 4187 2982 4241 mihi
3013 4194 3130 4239 erat
3157 4184 3405 4239 fremitus

1840 4273 1927 4326 ille
1971 4275 2063 4342 qui
2098 4275 2297 4329 divinis
2327 4277 2431 4332 tuis
2460 4277 2759 4346 Scripturis
2787 4276 3120 4338 enuntiatur,
3157 4284 3210 4327 et
3245 4289 3400 4327 com-

1839 4366 2061 4421 minatio
2108 4381 2203 4435 per
2238 4373 2553 4437 prophetam
2592 4377 2744 4423 tuum
2776 4368 2990 4423 Nathan
3035 4368 3194 4421 facta.
3229 4366 3409 4433 Quare

182 4430 350 4528 φησὶν,
395 4436 427 4504 ἡ
460 4437 567 4489 ἀπὸ
616 4438 726 4491 τῶν
760 4441 868 4496 σῶν
911 4443 1070 4498 θείων
1109 4445 1339 4517 Γραφῶν
1380 4449 1735 4521 ἐμϐρίμησις,

1847 4470 1870 4507 a
1902 4454 2041 4510 facie
2089 4458 2341 4511 fremitus
2370 4462 2441 4512 tui
2476 4459 2546 4512 ita
2579 4460 2798 4513 multavi
2837 4474 2925 4512 me
2964 4461 3135 4528 ipsum
3157 4498 3171 4522 ,
3203 4466 3263 4511 ut
3287 4472 3408 4511 car-

182 4520 317 4592 καὶή
344 4524 429 4578 διὰ
455 4527 551 4581 τοῦ
585 4530 680 4583 σοῦ
709 4535 990 4604 προφήτου
1019 4536 1204 4590 Νάθαν
1234 4538 1450 4609 ἀπειλή.
1500 4539 1593 4592 Διὸ
1617 4520 1738 4595 άπὸ

182 4612 453 4681 προσώπου
480 4619 583 4688 τῆς
617 4621 1006 4695 ὲμϐριμήσεώς
1032 4644 1123 4680 σου
1151 4629 1385 4699 ἐμαυτὸν
1420 4630 1592 4695 οὕτως
1625 4633 1737 4685 ἐτι-

185 4708 528 4793 μωρησάμην,
553 4711 629 4775 ὡς
656 4713 879 4768 κολάσαι
906 4716 1004 4789 τὴν
1033 4719 1271 4790 ἐμαυτοῦ
1302 4721 1500 4793 σάρκα,
1551 4722 1645 4776 καὶ
1668 4722 1738 4776 τὰ

181 4789 301 4845 ὀστᾶ
351 4814 450 4866 μου
488 4801 564 4871 μὴ
621 4801 765 4873 ἔχειν
809 4806 1033 4877 εἰρήνην
1071 4789 1208 4862 Ἇπό
1253 4789 1574 4878 προσώπου
1619 4811 1739 4865 τῶν

182 4880 611 4960 ἁμοιρῑίῶνμου.
640 4893 781 4949 Ἀνθ’
812 4888 874 4948 οῦ
903 4897 931 4949 ὁ
961 4897 1278 4971 Σύμμαχος,
1296 4901 1398 4955 Διὰ
1424 4901 1534 4969 τὰς
1555 4903 1739 4973 ἁμαρ-
1778 4984 1781 4987 γ

244 5224 347 5309 (48)
375 5229 510 5309 ἰξιίίιί
551 5242 610 5309 et1
650 5250 778 5309 mss.
821 5237 1221 5309 παραλαϐόντα.
1263 5239 1367 5295 Sed
1414 5256 1535 5295 cum
1578 5242 1729 5308 illud,

180 5299 575 5380 ξηαραλαὸόντα,
597 5305 723 5380 huic
746 5307 861 5380 loco
883 5299 1175 5380 convenire
1196 5311 1293 5380 ,vix
1324 5313 1511 5380 possit,
1545 5299 1729 5366 enian

182 5364 261 5449 dat
300 5364 669 5449 Combelisius,
701 5376 937 5445 legitque
968 5364 1337 5449 προλαϐόντα·’
1358 5364 1511 5446 cujus
1542 5364 1729 5449 conje—

181 5442 406 5518 5W9").
441 5443 503 5518 _s_i
549 5443 634 5518 vel
686 5442 969 5518 unus—ms.
998 5442 1242 5515 faveret,
1274 5442 1727 5518 amplecterentur

182 5499 307 5585 haud
350 5507 653 5585 inviti.”th
665 5499 968 5585 edidimus,
999 5499 1723 5577 uti

179 5566 476 5631 Commenta
487 5580 578 5636 riis
615 5566 851 5638 Eusehii:

247 5642 351 5786 (ιη
381 5646 776 5732 Colb._primus
809 5668 929 5709 cum
954 5655 1086 5725 Reg.
1112 5659 1365 5723 secundo,
1400 5660 1531 5716 νόει.

248 5713 330 5783 (50
374 5714 448 5773 Ita
475 5721 598 5778 edlli
632 5737 751 5779 cum
791 5722 923 5786 Reg.
946 5736 1156 5786 quarto.
1196 5728 1300 5785 Alii
1334 5744 1444 5786 tres
1469 5747 1531 5786 m:

248 5713 351 5786 (50)
374 5714 448 5773 Ita
475 5713 598 5778 editi
632 5737 751 5779 cum
791 5722 923 5796 Reg.
946 5713 1156 5797 quarto.
1196 5728 1300 5785 Alii
1325 5713 1444 5788 tres
1469 5713 1598 5802 ὡς,
1630 5731 1727 5788 αὐ-

1841 4562 1963 4601 ncm
1997 4563 2169 4601 meam
2193 4550 2595 4618 castigaverim,
2621 4560 2677 4603 et
2715 4565 2839 4603 ossa
2892 4564 3008 4603 mea
3036 4565 3140 4603 non
3171 4551 3406 4602 habeant

1840 4652 2050 4706 pacem,
2081 4638 2125 4690 Α
2157 4638 2294 4706 [acie
2322 4650 2652 4708 peccatorum
2678 4656 2910 4693 meorum
2935 4656 2955 4694 :
2986 4656 3081 4710 pro
3110 4655 3216 4709 quo
3244 4638 3406 4709 Sym-

1842 4728 2096 4789 machus.
2152 4729 2372 4798 Propter
2412 4742 2627 4800 peccata
2668 4747 2816 4796 mea,
2866 4733 3250 4800 interpretatus
3297 4740 3402 4784 est.

1844 4818 2004 4871 \it-zns.
2057 4819 2195 4875 5-7.
2249 4822 2511 4887 Quoniam
2546 4823 2847 4891 iniquitates
2887 4838 3016 4876 mea:
3059 4837 3406 4892 supergressw

1841 4918 1963 4961 sunt
1992 4922 2152 4979 caput
2187 4929 2380 4980 nteant,
2415 4923 2467 4967 et
2509 4914 2646 4967 sicut
2685 4927 2816 4966 onus
2841 4928 2995 4982 graue
3023 4921 3253 4982 grauata:
3283 4918 3405 4965 sunt

790 5120 806 5135 .
900 5081 926 5114 '*
961 5081 1102 5140 Psal.
1147 5101 1297 5150 cvm,
1355 5087 1445 5142 24.
1517 5088 1540 5120 ⁸
1582 5089 1721 5145 Psal.
1757 5105 1830 5157 ct,
1854 5091 1910 5158 5,
1935 5092 1988 5150 6.
2065 5093 2086 5125 ⁸
2110 5093 2251 5150 Psal.
2280 5111 2354 5161 vr,
2379 5096 2431 5151 7.

1832 5246 1947 5322 τόν.
1981 5246 2178 5306 Statim
2210 5249 2345 5322 Reg.
2380 5252 2569 5306 tertius
2608 5265 2729 5305 cum
2751 5248 2900 5307 Colb.
2924 5257 3102 5315 sexto,
3127 5265 3408 5320 παρεστα-

1835 5318 2137 5478 μῗέἕίῌέθ,
2170 5393 2304 5463 Reg.
2361 5391 2654 5448 secundus.
2707 5390 2847 5446 Editi
2889 5404 3010 5444 cum
3034 5387 3240 5460 aliquot
3271 5404 3404 5444 mss.

1832 5458 2164 5516 adduntﬁta't.
2254 5458 2278 5463 ⁷
3126 5458 3142 5460 “

1837 5597 1851 5601 Α
1885 5529 2014 5601 Δ(59)
2051 5532 2177 5601 lteg.
2215 5532 2428 5594 tertius,
2478 5528 2718 5601 κολάσει.
2762 5529 2885 5601 Mox
2930 5528 3060 5601 Reg.
3089 5529 3404 5601 secundus,

1830 5597 2152 5674 δι”ὲτέρων”
2172 5603 2346 5674 λόγων
2401 5599 2731 5659 ὲταπείνουν.
2763 5600 2964 5658 Ibidem
3009 5599 3161 5658 Coll).
3198 5611 3404 5666 sextus,

1831 5671 1891 5725 ὲν
1918 5672 2208 5743 νηστείαις.
2248 5671 2258 5674 ⁷
3306 5675 3316 5685 ’
