3838 6214
1382 299 1725 357 ΑΡΡΕΝΒῘΧ
1765 298 2052 357 OPERUM
2090 301 2149 356 S.
2190 297 2434 354 BASILH
2473 298 2706 354 MAGNI.

3595 304 3675 357 93

427 429 587 482 super
635 427 735 466 me.
784 412 1105 468 Putrnernnt
1156 426 1202 469 et
1250 429 1516 486 corruptae
1560 429 1678 473 sunt
1728 420 1976 473 cicatrice.

2101 418 2230 482 τίας
2260 434 2401 486 μου.
2434 418 2556 470 Ὅτι
2587 419 2645 470 al
2681 417 2917 485 ἀνομίαι
2941 435 3060 487 μου
3087 415 3396 485 ὐπερῆραν
3426 414 3543 484 τὴν
3572 435 3678 471 κε-

428 519 579 569 mece,
612 520 644 557 a
680 504 817 568 [acie
858 506 1174 574 insipientia
1207 525 1355 562 mea'.
1394 509 1560 563 Miser
1589 509 1757 577 factus
1787 526 1922 575 sum,
1945 520 1993 564 et

426 602 673 649 curvatus
712 612 826 650 sum
856 612 1018 666 usque
1045 600 1095 650 in
1120 598 1277 666 ﬁnem
1306 599 1476 653 valde.
1509 599 1949 669 Quandoquidem
1977 640 1993 664 ,

425 687 535 752 ait,
562 687 676 742 haec
704 702 733 741 a
772 703 857 742 me
903 698 1210 756 perpetrata
1239 700 1399 754 sunt,
1433 692 1500 747 ob
1530 693 1583 746 id
1627 691 1791 745 Miser
1820 693 1992 760 factus

424 793 565 844 sum,
593 787 638 832 et
667 787 914 833 curvatus
943 796 1061 833 sum
1090 797 1251 850 usque
1275 781 1331 834 in
1357 782 1537 850 ﬁnem,
1566 793 1609 836 et
1635 794 1746 836 tota
1765 784 1849 836 die
1868 800 1993 836 con-

425 870 668 923 tristatus
693 870 1042 941 ingrediebar.
1067 871 1187 927 Jam
1205 887 1333 927 vero
1357 888 1450 942 per
1475 874 1588 927 lucc
1611 874 1853 928 declarat
1872 888 1992 941 qua:

425 975 614 1029 passus
640 963 734 1028 sit,
765 972 820 1017 et
846 965 1116 1033 quomodo
1146 965 1212 1020 de
1237 965 1417 1033 seipse
1441 979 1631 1034 pinnas
1652 966 1945 1034 sumpserit
1969 1004 1984 1030 ,

424 1069 527 1107 non
573 1054 640 1108 de
670 1070 776 1108 uno
818 1064 1038 1123 peccato
1082 1070 1344 1109 accusans
1395 1072 1493 1119 se,
1535 1057 1627 1110 sed
1681 1060 1747 1109 de
1804 1055 1987 1109 multis

423 1144 757 1210 acervatim,
814 1138 989 1214 iisque
1041 1148 1242 1211 lamis,
1287 1156 1347 1199 ut
1407 1162 1580 1215 neque
1635 1146 1798 1219 366
1843 1149 1989 1202 intus

421 1238 826 1290 abscondantur
873 1239 926 1291 in
968 1238 1148 1291 anima
1195 1252 1330 1301 sua,
1381 1253 1555 1307 neque
1602 1239 1740 1292 intra
1791 1254 1988 1306 corpus

423 1324 648 1393 lateant,
666 1326 757 1381 sed
777 1327 946 1397 ipsum
971 1342 1320 1397 supergressa
1338 1329 1465 1393 sint,
1495 1329 1630 1383 adeo
1653 1338 1710 1383 ut
1730 1331 1985 1385 omnibus

419 1417 527 1486 iam
564 1427 687 1471 nota
731 1418 841 1471 sint
866 1432 931 1472 ac
958 1428 1263 1488 perspecta.
1298 1419 1462 1488 lgitur
1490 1421 1542 1473 in
1575 1420 1838 1489 principio
1868 1436 1986 1475 ser-

424 1510 621 1574 monis,
652 1510 765 1578 ipse
795 1511 876 1565 sui
917 1511 1088 1578 ipsius
1117 1522 1235 1564 erat
1258 1520 1578 1577 accusator;
1619 1513 1778 1582 idque
1800 1529 1983 1568 coram

422 1602 697 1664 omnibus,
744 1610 802 1655 ut
851 1602 904 1655 in
952 1604 1069 1669 ipso
1114 1603 1241 1656 illud
1292 1604 1501 1672 impleri
1534 1615 1713 1672 posset
1748 1624 1761 1660 :
1798 1605 1985 1662 Justus

422 1702 707 1746 accusator
730 1702 814 1747 est
842 1693 923 1748 sui
954 1694 1124 1761 ipsius
1154 1694 1199 1757 ⁷,
1231 1695 1571 1762 praeveniens
1603 1710 1984 1767 quemcunque

421 1784 690 1838 hominem
716 1796 1111 1841 accusatorem.
1143 1786 1257 1855 lpse
1278 1788 1496 1856 quidem
1521 1803 1640 1842 sese
1662 1789 1981 1844 condemna-

421 1875 538 1938 vit,
572 1874 665 1929 sed
693 1890 852 1929 omne
883 1876 1225 1930 inimicorum
1275 1892 1334 1931 os
1364 1877 1650 1946 oppilavit,
1695 1892 1816 1933 cum
1846 1879 1981 1933 nihil

420 1965 564 2019 aliud
587 1967 844 2020 adversus
868 1981 988 2020 eum
1017 1967 1198 2022 dicere
1225 1978 1459 2036 possent.
1489 1969 1653 2025 Docet
1675 1979 1855 2025 autem
1882 1986 1980 2026 nos

419 2056 507 2110 hic
532 2072 730 2123 sermo,
761 2066 819 2111 ut
847 2072 913 2112 ne
952 2066 1140 2112 nostra
1174 2059 1409 2128 ipsorum
1445 2061 1581 2113 mala
1609 2062 1976 2132 obtegamus:

416 2165 592 2218 neque
625 2159 846 2219 peccata
896 2161 1151 2219 tauquam
1203 2151 1538 2220 nigredinem
1577 2153 1865 2222 quamdam
1916 2168 1980 2208 ac

414 2243 752 2309 putredinem
803 2240 857 2295 in
909 2241 1019 2295 imo
1064 2241 1256 2295 anima:
1304 2256 1520 2297 recessu
1569 2245 1979 2311 contineamus,

415 2333 656 2388 cauterio
690 2342 871 2387 notam
905 2333 1249 2389 conscientia:
1283 2332 1578 2388 inureutes.
1612 2335 1971 2401 Quemadnio-

414 2424 540 2478 dum
579 2425 632 2478 in
677 2423 941 2480 febribus.
994 2426 1060 2479 Et
1099 2441 1226 2479 vero
1260 2425 1427 2480 febris
1451 2465 1467 2491 ,
1502 2425 1629 2481 dum
1665 2428 1805 2481 intro
1836 2439 1890 2482 et
1920 2429 1971 2482 in

415 2515 769 2583 penitissimis
830 2518 1079 2584 partibus
1124 2517 1325 2585 serpit,
1382 2518 1625 2573 morbum
1674 2519 1974 2587 graviorem

412 2606 577 2660 emt-it
604 2622 617 2658 :
649 2606 695 2660 si
737 2620 862 2661 vero
890 2608 941 2661 in
969 2617 1213 2675 apertum
1243 2609 1443 2677 prodit,
1474 2623 1622 2677 spem
1653 2609 1975 2664 declinatio-

415 2698 501 2751 nis
538 2697 812 2753 ostendit:
856 2699 935 2753 sic
975 2707 1030 2754 et
1076 2700 1270 2754 animm
1322 2701 1608 2769 contingit.
1641 2699 1781 2765 Quin
1810 2700 1974 2754 etiam

411 2787 556 2840 aliud
586 2787 712 2856 quid
732 2798 1009 2857 expertum
1044 2804 1103 2843 se
1133 2789 1298 2843 fuisse
1327 2790 1485 2844 docet
1520 2790 1710 2858 David,
1739 2791 1927 2845 dicens
1955 2810 1971 2845 :

411 2878 564 2933 Sicut
596 2895 726 2932 onus
763 2895 917 2949 grave
940 2890 1168 2949 gravata:
1202 2890 1322 2933 sunt
1360 2896 1518 2951 super
1554 2898 1655 2935 me.
1687 2879 1819 2934 Nam
1858 2882 1975 2952 ejus

2097 506 2302 577 φαλήν
2325 524 2463 576 μου,
2494 507 2636 561 ὡσεί
2667 509 2912 576 φορτίον
2938 507 3099 576 ,ϐαρὺ
3131 508 3548 575 ἐϐιιρύνθησαν
3572 510 3673 561 ἐπ’

2094 597 2217 667 ἐμέ.
2248 597 2638 666 Προσώζεσαν
2663 600 2759 652 καὶ
2788 598 3114 667 ἐσάπησαν
3132 604 3186 653 oi
3215 600 3503 670 μωωπές
3522 618 3670 670 μου,

2094 690 2211 742 ἀπὸ
2242 689 2563 755 προσώπου
2600 689 2712 756 τῆς
2736 690 3088 757 ἀφροσύνης
3121 707 3259 758 μου.
3308 690 3669 742 Ὲιηλαιπώ-

2084 793 2271 845 mea,
2304 779 2401 831 καὶ
2427 778 2847 847 κατεκάμφθην
2873 779 2983 843 ἕως
3021 778 3237 843 τέλους
3259 780 3497 847 σφόδρα
3527 778 3666 848 (53).

2105 867 2320 937 Ἐπειδὴ
2351 866 2479 920 τάδε
2505 886 2616 938 μοι,
2640 870 2794 939 φησι,
2826 868 3262 939 πέπρακται,διὰ
3289 867 3449 921 τοῦτο
3498 870 3667 922 Ἑτα-

2089 957 2460 1026 λαιπώρησα,
2491 959 2588 1012 καὶ
2636 959 3058 1029 κατεκάμφθην
3092 961 3203 1025 ἕως
3248 951 3463 1025 τέλους
3492 1000 3507 1024 ,
3561 962 3665 1013 καὶ

2090 1055 2242 1124 ὅλην
2279 1058 2395 1125 τὴν
2420 1057 2649 1127 ἡμέραν
2677 1058 3112 1127 σκυθρωπάζων
3137 1059 3532 1127 ἐπορευόμην.
3563 1055 3667 1107 Διὰ

2088 1147 2290 1200 τούτων
2333 1148 2390 1201 δὲ
2445 1150 2772 1220 παρίστησιν
2803 1151 2839 1204 ἃ
2876 1151 3131 1214 πέπονθε,
3163 1151 3257 1204 καὶ
3289 1151 3437 1212 ὅπως
3466 1146 3666 1199 ἐαυτὸν

2088 1238 2426 1306 ἐτιμωρεῖτο,
2484 1238 2544 1290 οὐ
2589 1239 2716 1308 μίαν
2758 1239 2935 1310 ἐαυτῷ
2993 1238 3312 1311 κατηγορῶν
3362 1238 3664 1308 ἁμαρτίαν,

2086 1325 2201 1379 ἀλλ’
2257 1327 2468 1398 ἁθρόως
2519 1328 2741 1396 πολλὰς,
2765 1330 2859 1383 καὶ
2894 1330 3179 1393 τοσαύτας,
3206 1330 3283 1393 ώς
3333 1329 3467 1399 μηδὲ
3510 1327 3664 1380 ἔνδον

2087 1415 2420 1487 κρύπτεσθαι
2454 1419 2511 1470 ἐν
2544 1421 2607 1489 τῇ
2637 1420 2828 1473 ἐαυτοῦ
2858 1420 3025 1491 ψυχῇ,
3071 1421 3203 1491 μηδὲ
3230 1419 3357 1474 εἴσω
3402 1419 3497 1472 τοῦ
3558 1417 3665 1470 σώ-

2090 1524 2256 1577 ματος
2293 1509 2605 1575 λανθάνειν,
2669 1512 2784 1565 ἀλλ’
2827 1513 3260 1585 ὑπερϐεϐηκέναι
3306 1512 3471 1566 αὐτοῦ
3519 1511 3658 1582 (54),

2085 1600 2226 1653 ὥστε
2261 1601 2354 1653 καὶ
2398 1602 2565 1654 πᾶσιν
2611 1602 2782 1667 αὑτὰς
2821 1604 3199 1676 γνωρίζεσθαι,
3231 1606 3400 1668 Αὐτὸς
3438 1604 3570 1674 γοῦν
3587 1601 3660 1675 ἦν

2086 1695 2384 1766 κατήγορος
2414 1696 2603 1749 ἑαυτςῦ
2634 1698 2691 1749 ἐν
2722 1695 3079 1770 πρωτολογίᾳ,
3106 1701 3200 1754 καὶ
3239 1701 3388 1773 παρὰ
3413 1704 3525 1765 τοῖς
3551 1702 3661 1756 πᾶ·-

2085 1800 2190 1848 σιν,
2215 1785 2290 1848 ὡς
2317 1787 2381 1839 ἂν
2415 1787 2721 1859 πληρωθείη
2748 1790 2832 1842 ἐπ’
2859 1791 3027 1861 αύτῷ⁸
3044 1791 3260 1857 Δίκαιος
3285 1793 3474 1846 ἐαυτοῦ
3509 1811 3616 1847 κατ
3633 1825 3657 1835 -

2083 1872 2300 1941 ήγορος,
2331 1875 2545 1942 φθάνων
2609 1879 2790 1932 πάντα
2816 1878 3098 1950 ἄνθρωπον
3129 1884 3451 1955 κατήγορον.
3484 1885 3659 1950 Αὐτὸς

2085 1966 2180 2036 μὲν
2240 1968 2426 2021 ἐαυτὸν
2481 1970 2786 2042 κατέκρινε,
2838 1975 2944 2026 πᾶν
2988 1973 3043 2025 δὲ
3080 1973 3288 2045 ἐχθρῶν
3337 1975 3654 2046 ἀπέφραττε

2082 2059 2275 2130 στόμα,
2331 2062 2403 2133 μὴ
2459 2064 2688 2132 ἐχόντων
2745 2063 2931 2135 ἕτερόν
2974 2082 3027 2119 τι
3085 2069 3205 2120 κατ’
3236 2066 3401 2121 αὑτοῦ
3452 2067 3653 2137 λέγειν.

2078 2149 2330 2205 Διδάσκει
2363 2153 2421 2206 δὲ
2457 2155 2602 2223 ἡμᾶς
2624 2156 2653 2206 ό
2689 2154 2846 2223 λόγος
2882 2156 2956 2227 μὴ
2995 2156 3260 2227 κρύπτειν
3318 2156 3388 2211 τὰ
3441 2159 3653 2214 ἐαυτῶν

2080 2240 2247 2304 κακὰ,
2291 2242 2446 2312 μηδὲ,
2480 2242 2668 2314 ὥσπερ
2712 2246 2832 2298 τινὰ
2873 2245 3130 2315 μελανίαν
3154 2248 3247 2300 καὶ
3287 2246 3470 2317 σῆψιν,
3506 2248 3654 2303 κατὰ

2081 2328 2274 2398 βάθους
2334 2332 2434 2402 τῆς
2478 2332 2652 2404 ψυχῆς
2711 2334 2951 2404 συνέχειν
3003 2336 3070 2390 τά
3132 2338 3522 2408 ἁμαρτήματα,
3552 2338 3653 2408 τὴν

2081 2424 2379 2495 συνείδησιν
2416 2427 2964 2497 καυτηριαζομένους.
3000 2428 3212 2500 Ὥσπερ
3263 2429 3353 2482 ἐπὶ
3396 2430 3503 2484 τῶν
3543 2448 3649 2483 nu-

2081 2513 2267 2584 ρετῶν,
2298 2513 2428 2566 εἵσω
2472 2513 2571 2584 μὲν
2610 2516 2705 2567 καὶ
2735 2516 2875 2569 κατὰ
2904 2515 3100 2586 βάθους
3129 2518 3322 2587 χωρῶν
3342 2520 3370 2571 ὁ
3397 2517 3652 2589 πυρετὸς.

2080 2603 2300 2674 μείζονα
2324 2604 2423 2674 τὴν
2458 2603 2612 2657 νόσον
2641 2606 2955 2677 ἐργάζεται,
2987 2608 3265 2679 προκόψας
3288 2608 3345 2661 δὲ
3378 2611 3460 2673 εἰς
3481 2611 3651 2680 τρύμη

2075 2695 2261 2763 φανὲς,
2308 2694 2497 2747 ἐλπίδα
2553 2698 2851 2768 παρακμῆς
2899 2699 3221 2767 ὑποφαίνει·
3261 2699 3403 2752 οὕτω
3430 2702 3526 2753 καὶ
3557 2702 3650 2754 ἐπὶ

2073 2787 2172 2855 τῆς
2200 2787 2377 2857 ψυχῆς
2409 2788 2475 2841 ἂν
2506 2787 2735 2857 γένοιτο.
2758 2791 2869 2842 Καὶ
2904 2791 3029 2845 ἄλλο
3055 2792 3112 2844 δέ
3139 2809 3191 2845 τι
3230 2791 3468 2845 διδάσκει
3524 2793 3650 2863 ’περί¹

2073 2880 2263 2933 ἐαυτὸν
2319 2878 2539 2948 γεγονὸς
2580 2879 2609 2931 ὁ
2667 2879 2864 2942 Δαϐὶδ,
2926 2881 3137 2948 λέγων’
3192 2881 3346 2935 Ὠσεὶ
3405 2881 3652 2949 φορτίον

408 2969 651 3024 facinora
687 2971 986 3040 gravabant
1027 2971 1191 3040 ipsius
1236 2972 1627 3026 conscientiam
1655 3013 1669 3037 ,
1707 2973 1778 3026 ita
1817 2982 1874 3026 ut
1904 2974 1972 3027 ob

2080 2971 2227 3039 βαρὺ
2256 2974 2672 3040 ἐϐαρύνθησαν
2693 2973 2785 3024 ἐπ’
2810 2971 2933 3041 ἐμέ.
2972 2973 3188 3044 Ἐϐάρει
3222 2974 3328 3044 γὰρ
3358 2974 3524 3027 αὑτοῦ
3550 2975 3649 3044 τὴν

409 3060 571 3114 animi
605 3062 1024 3130 generositatem
1070 3076 1133 3115 ac
1169 3063 1495 3130 candorem,
1541 3062 1628 3116 illa
1677 3062 1823 3118 ferre
1864 3078 1969 3118 non

2080 3065 2379 3133 συνείδησιν
2405 3064 2474 3117 τὰ
2519 3063 2894 3134 τετολμημένα
2923 3063 3072 3128 αὐτῷ
3096 3104 3111 3127 ,
3143 3064 3218 3127 ὡς
3270 3065 3343 3135 μὴ
3391 3062 3648 3118 δύνασθαι

406 3163 609 3225 posset.
644 3152 745 3219 Qui
774 3154 920 3207 enim
953 3151 1272 3223 praefractus
1304 3164 1409 3220 est,
1442 3165 1498 3210 et
1523 3155 1839 3222 induratus,
1875 3170 1968 3209 se-

406 3249 639 3303 cundum
668 3245 917 3301 duritiam
936 3262 1114 3307 suam,
1140 3257 1195 3300 et
1214 3247 1562 3317 impmuiteus
1584 3264 1700 3313 cor,
1727 3248 1971 3318 congerit

405 3340 509 3393 sibi
553 3339 668 3408 ipse
715 3338 849 3391 iram
887 3338 939 3392 in
986 3338 1074 3392 die
1106 3338 1199 3392 ira:
1220 3338 1267 3403 ⁸,
1315 3340 1512 3408 quippe
1552 3339 1645 3408 qui
1687 3350 1968 3408 peccatum

406 3439 628 3497 peccato
685 3428 981 3498 adjnngat,
1038 3443 1245 3498 suaque
1296 3430 1559 3499 adaugent
1611 3430 1773 3485 mala.
1838 3431 1971 3485 Cum

402 3521 545 3575 enim
568 3521 757 3574 venerit
778 3528 1020 3590 peccator
1039 3520 1092 3575 in
1114 3520 1433 3590 profundunt
1450 3520 1727 3585 malorum.
1744 3531 1973 3576 contento

406 3612 477 3665 nit
504 3610 559 3665 ἐ
602 3618 813 3676 contra,
863 3610 946 3664 vir
974 3614 1175 3679 probus
1222 3612 1437 3665 etiamsi
1477 3613 1641 3666 semel
1678 3612 1970 3681 aliquando

405 3701 590 3772 lapsus
620 3701 781 3757 fuerit
817 3716 914 3771 per
962 3702 1250 3770 quamdam
1291 3702 1489 3757 diaboli
1525 3703 1929 3774 subreptiouem
1953 3745 1969 3771 ,

405 3789 771 3857 maximopere
818 3797 1081 3858 gravatur
1123 3790 1243 3859 ejus
1313 3792 1684 3856 conscientia,
1751 3801 1811 3846 ut
1873 3808 1972 3847 nec

408 3888 623 3943 tacere,
687 3893 787 3933 nec
843 3894 998 3933 suum
1053 3880 1254 3934 malum
1309 3880 1582 3935 occultare
1627 3882 1825 3937 valeat.
1890 3881 1974 3935 Ea:

404 3970 729 4024 abundantia
763 3971 901 4023 enim
931 3973 1103 4024 cordis
1138 3988 1195 4025 os
1225 3970 1456 4039 loquitur
1488 3972 1554 4025 ιο.
1588 3971 1724 4027 Hinc
1751 3988 1873 4027 cum
1899 3973 1972 4027 si-

405 4061 629 4114 lentiqu
668 4063 717 4117 ei
753 4062 1147 4116 intolerandum
1177 4073 1353 4130 esset,
1386 4080 1449 4119 ea
1487 4079 1606 4134 qua:
1642 4066 1815 4134 ipsum
1845 4078 1969 4134 pre-

406 4152 645 4219 mebant,
667 4150 946 4222 patefecit,
975 4154 1162 4209 dicens
1187 4172 1201 4208 :
1233 4153 1376 4210 Sicut
1403 4172 1534 4210 onus
1560 4172 1715 4225 grave
1743 4165 1972 4224 gravatis

404 4254 525 4299 sunt
556 4261 711 4311 super
744 4261 825 4298 me
846 4282 862 4309 ,
907 4245 1159 4300 videlicet
1189 4245 1511 4315 iniquitates
1550 4261 1703 4301 mete.
1737 4247 1803 4300 Et
1845 4262 1972 4301 rurs-

403 4349 535 4389 sus:
577 4333 906 4389 Putruerunt
951 4336 1223 4391 cicatrices
1260 4353 1388 4391 mea:
1418 4356 1449 4391 a
1480 4338 1616 4405 [acie
1649 4337 1964 4404 insipientia!

2078 3156 2363 3226 βαστάζειν
2393 3155 2532 3207 αὐτὰ
2560 3155 2627 3207 δι’
2664 3154 2940 3223 εὐγένειαν
2981 3155 3077 3208 καὶ
3104 3155 3525 3227 εὐγνωμοσύνην
3549 3156 3650 3224 ψυ-

2070 3248 2191 3318 χῆς.
2238 3248 2294 3300 '0
2338 3248 2433 3317 μὲν
2466 3246 2574 3318 γὰρ
2605 3246 2925 3318 ἁτεράμνων
2977 3247 3071 3300 καὶ
3103 3246 3469 3317 ἁπόσκληρος,
3508 3246 3650 3300 κατὰ

2070 3339 2169 3407 τὴν
2231 3338 2575 3407 σκληρότητα
2620 3336 2811 3389 ἑαυτοῦ
2837 3336 2947 3406 (55)
2998 3338 3092 3389 καὶ
3125 3337 3493 3408 ἀμετανόητον
3515 3354 3649 3408 καρ-

2070 3427 2208 3489 δίαν,
2244 3428 2560 3498 θησαυρίζει
2594 3428 2767 3497 ἐαυτῷ
2799 3428 2967 3498 ὀργὴν
3001 3429 3058 3480 ἐν
3088 3428 3270 3499 ἡμέρᾳ
3298 3430 3490 3497 ὀργῆς,
3535 3430 3648 3480 ἐπι-

2073 3515 2356 3586 σπώμενος
2386 3516 2658 3587 ἁμαρτίαν
2689 3516 2773 3585 ἐφ⁹
2808 3517 3099 3587 ἁμαρτίας,
3130 3515 3307 3583 αὔξων
3342 3516 3409 3568 τά
3450 3514 3644 3568 ἐαυτοῦ

2070 3610 2247 3662 κακά’
2302 3610 2486 3662 “Orar-
2532 3608 2641 3680 γὰρ
2693 3608 2839 3675 ἔλθῃ
2914 3609 3259 3677 ἁμαρτωλὸς
3315 3610 3404 3674 είς
3451 3607 3649 3673 ,βάθος

2070 3700 2289 3763 κακῶν,
2337 3699 2724 3769 καταφρονεῐ’
2755 3701 2783 3752 ό
2814 3699 2872 3752 δὲ
2897 3700 3215 3770 εὐγνώμων,
3254 3701 3303 3753 εἰ
3352 3700 3446 3753 καὶ
3500 3698 3649 3765 ἅπαξ

2072 3791 2203 3843 ποτὲ
2239 3790 2538 3863 ὀλισθήσειε
2568 3791 2709 3845 κατά
2730 3808 2850 3846 τινα
2877 3791 2969 3844 τοῦ
2993 3791 3238 3844 διαϐόλου
3269 3790 3645 3862 συναρπαγὴν,

2071 3886 2258 3948 δεινῶς
2298 3884 2543 3955 βαρεῖται
2586 3886 2684 3954 τὴν
2742 3884 3091 3954 συνείδησιν,
3137 3882 3213 3945 ὡς
3258 3883 3331 3954 μὴ
3385 3882 3649 3937 δύνασθαι

2073 3979 2251 4048 σιγᾷν,
2286 3977 2419 4048 μηδὲ
2458 3978 2719 4048 κρύπτειν
2757 3977 2818 4028 τὸ
2854 3975 3048 4028 ἐαυτοῦ
3086 3975 3273 4028 κακόν.
3326 3976 3418 4028 Ἐκ
3450 3991 3652 4043 ncepta.

2071 4071 2364 4138 σεύματος
2395 4068 2527 4137 γοῦν
2549 4068 2797 4136 καρδίας
2816 4067 2883 4121 τὸ
2918 4067 3112 4136 στόμα
3142 4066 3337 4120 λαλεῖ.
3371 4066 3535 4120 Ὅθεν
3573 4068 3648 4138 μὴ

2072 4161 2251 4231 φέρων
2278 4160 2507 4229 σιωπᾷν,
2538 4157 2763 4228 ἐξέφηνε
2795 4155 2865 4210 τὰ
2904 4156 3192 4225 συνέχοντα
3223 4154 3405 4219 αὐτὸν,
3432 4154 3608 4223 λέγων
3629 4168 3645 4186 ⁸

2083 4257 2238 4311 Ὠσεὶ
2270 4256 2515 4324 φορτίον
2538 4254 2697 4321 βαρὺ
2732 4254 3151 4321 ἐϐαρύνθησιιν
3183 4251 3276 4304 ἐπ’
3311 4250 3414 4320 ἐμέ
3437 4262 3452 4281 δ
3485 4250 3647 4321 δῆλον

2073 4349 2152 4412 δὲ,
2178 4349 2258 4401 ὅτι
2287 4348 2340 4399 αἱ
2372 4345 2592 4416 ἀνομίαι
2625 4362 2744 4415 μου.
2792 4345 2898 4398 Καὶ
2938 4343 3099 4397 πάλιν
3118 4359 3132 4373 ο
3164 4340 3559 4410 Προσώζεσαν
3590 4343 3649 4395 οι

402 4442 551 4485 mete.
588 4427 954 4496 lnsipientiam
985 4439 1192 4492 autem,
1221 4430 1571 4497 insipientem
1602 4429 1869 4482 actionem
1900 4429 1969 4485 ab

2080 4438 2353 4506 μώλωπές
2370 4456 2488 4507 μου
2511 4438 2628 4491 ἀπὸ
2659 4435 2978 4507 προσώπου
2994 4434 3103 4503 τῆς
3126 4435 3476 4503 ἀφροσύνης
3498 4450 3643 4502 μου.

403 4519 713 4587 insipientia
748 4529 923 4574 ortam
976 4521 1241 4574 nominat.
1292 4519 1466 4575 Omne
1495 4521 1640 4575 enim
1685 4530 1968 4589 peccatum

402 4624 498 4680 per
528 4609 891 4678 insipientiam
938 4611 1276 4676 admittitur;
1314 4612 1489 4666 virtus
1522 4621 1702 4666 autem
1732 4627 1855 4666 cum
1901 4614 1973 4667 sit

403 4703 515 4770 ipsa
549 4703 830 4771 prudentia
854 4743 870 4768 ,
902 4718 1237 4772 qumcunque
1268 4704 1565 4758 secundum
1596 4705 1767 4772 ipsam
1802 4705 1968 4770 ﬁunt,

402 4793 517 4851 lucc
545 4794 704 4851 laude
730 4811 792 4850 ac
826 4797 1026 4851 virtute
1047 4798 1208 4867 digna
1235 4797 1497 4853 declarat.
1536 4797 1643 4853 Sed
1679 4807 1733 4852 et
1757 4813 1821 4852 ea
1852 4813 1970 4867 qua:

400 4899 466 4938 ex
506 4887 794 4954 prudentia
827 4887 982 4954 ﬁunt,
1010 4890 1230 4957 pariunt
1260 4890 1455 4944 anima:
1479 4891 1806 4953 sanitatem;
1834 4888 1968 4943 insi-

400 4979 601 5047 picntia
637 4995 763 5034 vero
793 4981 1015 5035 vulnera
1045 4996 1109 5036 ac
1134 4981 1341 5036 vibices
1370 4981 1555 5036 infert.
1590 4983 1690 5048 Qui
1724 4982 1888 5052 igitur
1912 4981 1966 5035 in

397 5069 638 5140 peccatis
674 5082 1028 5143 perseverant
1056 5113 1072 5141 ,
1103 5075 1444 5145 gaudentque
1482 5075 1533 5128 in
1566 5074 1701 5143 ipsis
1730 5083 1785 5129 et
1821 5073 1967 5128 dele-

529 5228 882 5318 Prov.'xvm,
910 5249 997 5304 17.
1072 5249 1095 5282 ⁸
1125 5249 1284 5306 Rom.
1321 5265 1384 5317 ιι,
1413 5250 1468 5306 5.
1541 5250 1563 5282 ⁹
1589 5250 1751 5308 Prov.
1780 5264 1934 5318 xvtu,
1955 5251 2010 5307 5.

470 5424 585 5497 (5⁸5)
623 5423 695 5481 lla
724 5426 1020 5482 Colbertini
1051 5427 1258 5497 primus
1287 5436 1341 5481 et
1366 5435 1551 5497 sextus
1572 5437 1626 5481 et
1655 5426 1784 5496 Reg.
1809 5427 1970 5495 quin-

402 5496 489 5569 tus
513 5496 634 5550 cum
661 5498 899 5569 editione
927 5497 1091 5551 Basil.
1121 5497 1190 5550 At
1224 5496 1602 5569 deestggpdépa
1634 5497 1687 5551 in
1726 5497 1886 5553 editis
1914 5505 1970 5550 et

400 5566 454 5621 in
486 5581 591 5619 uno
622 5577 715 5619 aut
742 5566 912 5621 altero
938 5582 1041 5622 ms.
1072 5576 1121 5620 et
1147 5567 1285 5631 apud
1309 5565 1475 5623 LXX.
1540 5565 1556 5605 ί

472 5634 745 5705 (54)lleg.
802 5637 1094 5697 secundus,
1144 5635 1332 5699 αὐτάς.
1377 5635 1498 5690 Mox
1553 5647 1782 5705 quatuor
1810 5652 1967 5703 mss.,

402 5704 704 5787 παράτοῖς
735 5706 899 5760 πᾶσιν
923 5705 1131 5760 ἑαυτόν.
1168 5705 1282 5763 Vox
1310 5705 1499 5761 ἑαυτόν
1536 5704 1717 5764 dccsso
1754 5707 1967 5778 quidem

2083 4531 2416 4603 Ἀφροσύνην
2464 4531 2522 4584 δὲ
2589 4530 2844 4601 ὀνομάζει
2898 4527 2996 4600 τὴν
3054 4528 3261 4598 ἄφρονα
3324 4524 3523 4599 πρᾶξιν
3582 4525 3643 4591 ἐξ

2069 4620 2379 4693 ἀφροσύνης
2428 4619 2745 4691 γενομένην.
2802 4619 2918 4672 Πᾶν
2975 4617 3085 4688 γὰρ
3134 4618 3436 4689 ἁμάρτημα
3504 4617 3649 4672 κατὰ

2071 4709 2381 4780 ἀφροσύνην
2400 4708 2609 4777 γίνεται
2633 4724 2646 4738 ·
2695 4708 2864 4778 ἁρετὴ
2902 4707 2960 4761 δὲ
2990 4703 3122 4760 οὖσα
3144 4707 3177 4778 ὴ
3201 4706 3481 4777 φρόνησις,
3510 4706 3650 4759 πάν·

2069 4815 2137 4852 τα
2169 4799 2237 4852 τὰ
2285 4798 2406 4853 καθ’
2439 4797 2638 4869 ἑαυτὴν
2681 4797 3029 4869 πραττόμενα
3062 4796 3283 4849 ἐπαίνου
3317 4795 3411 4849 καὶ
3444 4795 3649 4867 ἀρετῆς

2071 4891 2198 4958 ἄξια
2225 4891 2531 4961 ἀποφαίνει.
2566 4889 2729 4965 Ἀλλὰ
2751 4889 2845 4942 καὶ⁸
2873 4888 3063 4957 ὑγείας
3088 4888 3204 4941 ἐστι
3239 4889 3303 4958 τῇ
3327 4886 3471 4958 ψυχῇ
3489 4904 3651 4959 ποιη-

2070 4983 2199 5036 τικά
2256 4982 2325 5035 τά
2375 4981 2516 5035 κατὰ
2567 4980 2828 5052 φρόνησιν
2875 4978 3227 5050 γινόμενα·ή
3273 4977 3329 5031 δὲ
3366 4976 3648 5050 ἀφροσύνη

2074 5073 2363 5147 τραύματα
2410 5074 2504 5127 κα)⁵
2555 5071 2829 5146 μώλωπας
2876 5069 3266 5143 ἀπεργάζεται.
3300 5069 3365 5123 Οἱ
3403 5067 3503 5140 μὲν
3554 5061 3650 5121 οὖν

2088 5252 2132 5284 ¹⁰
2155 5251 2344 5307 Matth.
2371 5268 2471 5321 xu,
2499 5251 2590 5307 34.

2075 5430 2165 5484 hic
2206 5429 2406 5497 aliquid
2455 5438 2604 5484 certo
2647 5429 2850 5483 indicat
2878 5443 2892 5480 :
2924 5426 3021 5483 sed
3069 5427 3196 5497 quid
3228 5425 3386 5489 desit,
3413 5439 3541 5481 cum
3581 5438 3649 5479 ex

2076 5515 2207 5554 mss.
2234 5501 2364 5552 nihil
2397 5498 2731 5567 adjuvcmur,
2758 5501 2939 5553 dicere
2964 5513 3069 5551 non
3100 5511 3404 5565 possumus.

2148 5568 2259 5637 (55)
2290 5568 2424 5638 Reg.
2453 5563 2675 5638 riertius,
2705 5566 2891 5622 αὐτοῦ.
2936 5563 3127 5622 Statim
3154 5568 3293 5638 idem
3327 5565 3528 5638 codex,
3564 5563 3655 5638 ἐφ’

2076 5634 2398 5710 ᾁμαρτίαιςῖ
2439 5637 2680 5693 Subinde
2722 5648 2834 5693 tres
2877 5653 3007 5695 mss.
3053 5639 3133 5702 είς
3177 5635 3335 5708 βάθη.
3377 5636 3517 5691 Editi
3557 5634 3658 5707 βάς

2074 5706 2184 5773 θος.
