3838 6214
190 299 250 355 95
1253 311 1561 383 [HOMILIA
1597 313 1667 370 ΙΝ
1701 314 2036 375 PSALMUM
2071 318 2333 377 XXXVII.
3350 336 3416 394 94

188 414 268 510 ὲτὶ
301 415 414 510 τοῖς
443 414 863 510 ⁸ἀμιιρτίηιασιν
913 420 1287 492 ἐπιμένοντες,
1332 428 1615 501 χαίροντες
1654 433 1704 485 ἐς

1903 445 2089 503 antur,
2114 438 2297 505 porcis
2319 451 2436 493 sese
2465 437 2519 493 in
2545 440 2657 495 luto
2681 443 3122 510 provolventibus
3142 454 3269 501 sunt
3295 462 3416 502 cou-

186 505 353 605 αὐτοῖς
373 505 482 605 καλ.
506 508 838 579 ὲνηδόμενοι.
875 512 1081 585 χοίροις
1119 516 1364 572 ἐοίκασιν
1414 522 1702 593 ὲγκυλιομέ

1904 529 2059 582 miles
2094 545 2110 584 :
2145 531 2240 600 qui
2272 545 2404 587 vero
2438 534 2606 588 semel
2650 534 2867 605 lapsus,
2901 547 3087 605 postea
3122 541 3188 593 ad
3228 555 3288 594 se
3333 557 3417 595 re-

185 611 286 691 νοις
329 594 672 691 θορϐόρῳίό
715 599 772 653 δὲ
823 603 905 666 είς
969 603 1117 673 ἅπαξ
1170 608 1497 681 ὀλισθήσας,
1551 612 1701 667 ἔπειτ

1898 635 2034 674 :rsus
2054 629 2161 686 est,
2180 621 2292 691 jam
2318 621 2619 691 improbam
2646 625 2792 681 illam
2822 629 3087 683 actionem
3116 643 3173 685 nt
3196 633 3414 687 fetidum

184 685 441 788 αναλριϐἐον
468 688 679 788 ἑιαυτὸν,
713 693 805 746 καὶ
840 693 949 765 (56)
986 697 1086 768 τὴν
1120 701 1323 771 μιαρὰν
1356 703 1569 773 ἐκείνην
1595 707 1700 776 πρᾱ

1934 685 2202 779 impuram
2246 685 2612 768 aboniinatur.
2645 715 2775 770 Tale
2809 718 2938 786 quid
2975 735 3166 788 passus
3208 685 3414 788 David,

185 776 254 841 ξιν
282 777 351 839 ὡς
376 777 578 850 δυσώδη
600 782 693 835 καὶ
727 783 1037 858 ἀκάθαρτον
1069 788 1436 859 βδελύσσεται.
1486 795 1701 850 Τοιοῦτό

1900 817 1905 853 L
1939 816 2071 855 sana
2106 803 2442 858 conscientia
2478 805 2790 872 conﬁtetur,
2823 810 3009 864 dicens
3038 828 3051 865 :
3089 812 3416 868 Pttlruerunt

183 881 228 921 τι
252 869 520 935 πεπονθὼς
543 873 570 924 ὁ
593 874 779 938 Δαίῖιδ,
808 877 914 931 ὑπὸ
944 880 1347 952 συναισθήσεως
1377 884 1563 953 ὑγιοῦς
1605 889 1699 958 ὁμο

1929 902 2192 961 corruptae
2231 904 2351 947 sunt
2392 895 2669 951 cicatrices
2699 914 2829 953 mete
2860 917 2891 952 a
2927 900 3064 969 [acie
3094 903 3414 971 insipientia:

182 958 330 1060 1015?,
367 961 533 1031 λέγων
553 981 567 996 ·
604 966 1000 1035 Προσώζεσαν
1027 971 1127 1024 καὶ
1177 963 1503 1042 ἐσὰπὴσαν
1536 980 1590 1031 ol
1612 977 1698 1047 μώ

1896 997 1988 1036 ραι.
2018 981 2151 1037 Cum
2187 983 2352 1053 igitur
2382 1001 2515 1041 mea:
2548 988 2860 1057 iniquitates
2893 993 3282 1060 tnultiplicatzo,
3318 1011 3412 1048 su-

180 1050 355 1153 ἐιυπές
399 1072 519 1123 μου
558 1058 676 1111 ἀπὸ
710 1060 1035 1127 προσώπου
1065 1063 1175 1132 τῆς
1201 1066 1554 1138 ἀφροσύνης
1593 1087 1696 1139 μοι

1895 1087 2137 1139 :rgressa:
2171 1075 2304 1141 sint,
2336 1091 2401 1130 ac
2428 1078 2604 1147 capite
2639 1082 2947 1149 superiores
2976 1083 3147 1147 factm,
3178 1098 3411 1153 gravata:

191 1141 323 1195 Ἐπεὶ
351 1144 526 1198 τοίνυν
560 1147 950 1221 ὑπερήρθησαν
995 1155 1050 1205 αἱ
1085 1154 1304 1225 ἀνομίαι
1355 1175 1456 1228 μου
1499 1159 1707 1231 πληθυν

1895 1173 1946 1216 ιιι
1973 1179 2137 1233 super
2165 1182 2270 1232 me,
2308 1179 2363 1221 et
2393 1171 2701 1236 putrueriut
2731 1181 2783 1225 et
2811 1186 3082 1243 corrupta:
3107 1177 3248 1240 sint;
3289 1193 3411 1246 pro-

181 1229 355 1295 θεῖσαι,
379 1234 469 1286 καὶ
522 1237 622 1307 τῆς
674 1239 917 1311 κεφαλῆς
974 1242 1242 1317 ἀνώτεραι
1294 1249 1580 1319 γενόμεναι
1621 1251 1697 1324 (5'1

1895 1267 2021 1307 erea
2063 1256 2283 1310 medens
2314 1257 2443 1310 mihi
2481 1258 2603 1326 ipsi,
2641 1258 2804 1312 Miser
2836 1261 3008 1326 [actus
3044 1280 3181 1327 sum,
3213 1274 3258 1316 et
3284 1279 3410 1317 cur-

178 1322 527 1396 ὲὸαρύνθησαν
555 1330 640 1381 ἐπ’
667 1331 785 1401 ἐμὲ,
808 1333 903 1386 καὶ
932 1335 1285 1406 προσῶζεσαν
1311 1340 1406 1392 καὶ
1428 1322 1694 1412 ἐσάπησαι

1894 1352 1985 1398 tus
2013 1362 2131 1399 sum
2176 1363 2335 1417 usque
2383 1350 2436 1401 in
2470 1349 2649 1417 liuent.
2698 1351 2872 1420 Atque
2920 1370 3095 1419 neque
3136 1356 3201 1407 ad
3245 1371 3410 1409 unum

177 1413 343 1507 τοὺ-του
384 1419 539 1490 χάριν
593 1422 857 1492 ἰατρεύων
912 1428 1172 1496 ἐμαυτὸν,
1218 1431 1693 1502 Ἐταλιιιπώρησι

1893 1450 2000 1502 em,
2034 1452 2210 1507 neque
2233 1441 2298 1493 ad
2333 1439 2550 1494 brevem
2583 1441 2771 1495 horam
2793 1481 2809 1506 ,
2841 1445 2933 1497 sed
2980 1443 3136 1497 Omni
3170 1446 3254 1498 die
3281 1463 3409 1499 con-

178 1504 269 1604 rtal
289 1511 702 1581 κατεκάμερθην
729 1513 842 1580 ἕως
863 1516 1078 1583 τέλους
1097 1535 1111 1548 ·
1148 1519 1242 1572 καὶ¹
1284 1522 1407 1575 οὐδὲ
1438 1524 1574 1594 πρὸς
1607 1526 1694 1594 μία

1896 1527 2081 1582 istatus
2119 1532 2471 1598 ingrediebar.
2505 1533 2611 1587 Attt
2637 1534 2790 1601 juxta
2828 1536 3252 1604 Symmachum,
3291 1536 3412 1590 Tt‘ic

176 1595 385 1693 ήμεραν,
429 1601 551 1654 οὑδὲ
596 1604 732 1674 πρὸς
790 1604 1051 1677 βραχεῖαν
1100 1607 1271 1681 ὤραν,
1331 1612 1468 1666 ἀλλὰ
1518 1613 1692 1670 Πᾶσα

1895 1617 1929 1670 is
1963 1620 2398 1689 obambulabant,
2453 1624 2648 1691 quippe
2693 1624 2783 1692 qui
2818 1625 2962 1679 circa
2992 1639 3054 1678 ea
3098 1641 3217 1693 qua:
3248 1641 3278 1679 ιι
3327 1641 3411 1680 me

174 1687 380 1757 ἡμέραν
434 1694 871 1763 σκυθρωπάζων
902 1698 1297 1770 ἐπορευόμην,
1355 1704 1421 1775 ἢ,
1459 1705 1600 1759 κατὰ
1640 1709 1690 1761 τὶ

1895 1717 2047 1763 ttrata
2094 1720 2254 1768 sunt.
2304 1728 2410 1766 non
2460 1727 2634 1766 essent
2686 1713 3034 1774 intlillercns,
3093 1730 3194 1769 nec
3238 1715 3411 1769 elatus

173 1786 463 1860 Σύμμαχον,
508 1795 865 1862 σκυθρωπὸς
890 1797 1322 1865 περιεπάτουν·
1365 1801 1464 1853 οὑκ
1500 1801 1689 1871 ἀδιαφο

1888 1816 2010 1856 ssem
2041 1810 2098 1855 ut
2124 1816 2242 1862 rex,
2270 1813 2553 1872 propterea
2580 1807 2720 1875 quod
2742 1806 2910 1876 judici
2936 1807 3067 1861 nulli
3090 1810 3404 1875 subessem;

175 1879 268 1950 ρῶν
296 1882 384 1934 ἐπὶ
430 1883 538 1939 τῶν
579 1888 985 1958 πεπραγμένων
1016 1904 1144 1959 μοι,
1171 1889 1280 1941 οὐδ’
1336 1885 1426 1944 οἷα
1473 1890 1691 1961 βασιλεὺ

1920 1907 2048 1947 vero
2088 1894 2157 1948 ob
2202 1905 2351 1948 tuum
2391 1897 2639 1950 timorem
2678 1906 2733 1951 et
2776 1909 2922 1951 tuam
2959 1900 3411 1970 indignationemII

171 1972 520 2045 ἐπαιρόμενος,
554 1977 643 2031 διὰ
680 1978 740 2031 τὸ
774 1980 962 2051 μηδενὶ
984 1983 1144 2052 κριτῇ
1185 1982 1531 2037 ὑποκεῖσθαι·
1567 1985 1687 2039 διὰέ

1367 1983 1531 2037 εσθαι·
1567 1985 1654 2038 διὰ
1669 1986 1727 2040 δὲ
1838 1991 1947 2036 tota
1982 1985 2068 2039 die
2098 1987 2482 2042 constristatus
2518 1987 2883 2058 ingrediebar.

168 2063 246 2119 τὸν
301 2068 385 2121 σὺν
413 2069 578 2139 φόϐον
621 2072 716 2125 καὶ
764 2071 862 2143 τὴν
918 2072 1018 2144 σὴν
1076 2074 1583 2149 ὲμὸρίμησιν,ὅλην
1627 2078 1726 2150 τὴν

168 2158 358 2230 ἡμέραν
385 2162 795 2235 σκυθρωπάζων
829 2165 1193 2236 ἐπορευόμην.

225 2251 274 2304 4.
302 2252 425 2307 Ὅτι
458 2258 517 2309 αὶ
546 2256 692 2324 ψόαι
706 2274 826 2326 μου
854 2257 1261 2326 ἐπλήσθησαν
1279 2259 1724 2331 ἐμπαιγμάτων,

1906 2256 2068 2327 367
2106 2255 2160 2309 4.
2204 2257 2370 2311 Vens.
2417 2257 2568 2312 8-!0.
2602 2257 2863 2323 Quoniam
2891 2259 3054 2315 lumbi
3081 2262 3181 2315 mei
3215 2264 3414 2330 impleti

166 2341 250 2395 καὶ
278 2345 382 2397 οὐκ
402 2343 579 2398 ἔστιν
607 2345 772 2413 ἴασις
795 2346 865 2400 ἐν
893 2345 967 2415 τῇ
998 2348 1180 2417 σαρκί
1202 2366 1346 2417 μου.
1388 2350 1682 2420 Ἐκακώθη

1895 2359 1953 2401 nt
2003 2349 2336 2403 illusionibus
2360 2387 2375 2413 ,
2412 2358 2461 2403 et
2496 2366 2599 2404 non
2639 2360 2714 2404 est
2759 2354 2959 2406 sanitas
3005 2354 3057 2406 in
3084 2369 3241 2406 carne
3272 2371 3410 2411 mea.

163 2432 248 2486 καὶ
269 2434 667 2505 ἐταπεινώθην
692 2438 804 2505 ἓως
836 2440 1072 2509 σφόδρα
1088 2481 1110 2515 ,_
1134 2441 1417 2510 ὠρυόμην
1442 2443 1561 2496 ἀπὸ
1590 2460 1679 2499 στι

1895 2441 2068 2510 ﬂictus
2108 2457 2223 2493 sum
2263 2452 2311 2494 et
2342 2440 2653 2496 humiliatus
2683 2459 2800 2496 sum
2833 2444 2991 2497 nimis
3017 2483 3032 2507 ,
3082 2446 3349 2512 rugiebam
3379 2464 3411 2499 a

164 2527 371 2594 νιιγμοῦ
417 2527 529 2596 τῆς
580 2529 831 2598 καρδίας
872 2549 1015 2601 μου.
1040 2533 1252 2600 Κύριε,
1281 2534 1563 2589 ἐναντίον
1610 2552 1680 2591 σε

1890 2534 2027 2585 rutila
2058 2534 2232 2586 cordis
2267 2535 2388 2589 mei.
2423 2533 2663 2598 Domine,
2696 2549 2816 2589 ante
2839 2547 2886 2588 te
2909 2552 3061 2590 omne
3088 2537 3406 2591 desiderium

163 2616 314 2674 πᾶσα
337 2620 373 2688 ἠ
405 2621 691 2690 ἐπιθυμία
708 2640 849 2691 μου,
888 2624 986 2677 καὶ
1016 2629 1048 2679 ό
1094 2628 1434 2696 στεναγμός
1460 2646 1577 2698 μου
1607 2631 1679 2684 da

1892 2640 2029 2688 eum,
2055 2633 2101 2676 et
2128 2624 2350 2692 gemitus
2374 2641 2517 2678 meus
2544 2644 2570 2681 tt
2596 2636 2644 2680 te
2674 2642 2778 2680 non
2806 2638 2881 2680 est
2911 2625 3269 2685 absconditus.
3303 2627 3408 2681 Pro

162 2710 279 2779 σαὶ
318 2715 428 2767 οὐκ
475 2714 804 2783 ἀπεκρύϐη.
848 2716 995 2770 Ἀντὶ
1046 2717 1162 2779 τοῦ.
1192 2722 1252 2773 αἱ
1301 2722 1448 2788 ψόαι
1475 2739 1595 2789 μου
1627 2723 1678 2775 ἐν

1895 2728 1957 2773 te,
2013 2712 2198 2766 Lumbi
2238 2715 2339 2767 mei
2384 2715 2583 2784 impleti
2631 2726 2750 2771 sunt
2792 2717 3166 2783 illusionibus,
3219 2718 3411 2786 Aquila

161 2808 544 2879 επλήσθησαν
578 2806 1020 2882 ἐμπαιγμάτων,
1045 2811 1074 2867 ὁ
1117 2811 1371 2878 Ἀκύλας,
1418 2811 1508 2869 ὅτι
1539 2813 1677 2869 ἐπλτ

1897 2805 2075 2869 tidem,
2111 2803 2370 2870 Quoniam
2407 2807 2623 2874 impleta
2665 2816 2786 2861 sunt
2812 2807 2906 2861 ilia
2951 2825 3067 2862 mca
3100 2808 3413 2878 ignominia,

161 2899 419 2970 ρώθησαν
448 2906 508 2957 αἱ
531 2904 789 2974 λαγόνες
820 2905 1055 2974 ἀτιμίας
1081 2905 1218 2978 (58),
1252 2909 1280 2961 ὁ
1313 2907 1370 2960 δὲ
1405 2906 1672 2978 Σύμμαχο

1893 2903 2200 2966 ῑιηιῐιεοιιιιε
2227 2914 2385 2965 vero,
2424 2898 2690 2964 Quoniam
2720 2896 2883 2953 lumbi
2915 2899 3016 2954 mei
3056 2901 3255 2969 impleti
3286 2909 3409 2956 sunt

162 2989 244 3052 ὅτι
275 2994 331 3046 al
362 2993 506 3061 ψόαι
544 3011 666 3062 μου
700 2992 1109 3063 ἐπλήσθησαν
1137 2996 1396 3064 ἀτιμίας,
1428 2996 1678 3051 ἐκδεδὼκι

1906 2989 2147 3054 wminia,
2190 2990 2529 3058 interpretati
2570 3000 2716 3044 sunt.
2758 2991 2825 3043 Et
2870 3006 2989 3045 eam
3034 2991 3104 3046 ob
3148 3007 3366 3046 causam
3390 2988 3422 3058 ,'

162 3098 253 3136 σιν.
281 3084 387 3136 Καὶ
419 3084 506 3138 διὰ
532 3084 692 3138 τοῦτο
718 3086 799 3149 εἰς
836 3086 1144 3159 ὑπόμνησιν
1171 3086 1343 3140 ἐλθὼν
1373 3088 1475 3159 τῆς
1497 3089 1678 3159 αἰσχρέ

1893 3080 2012 3149 rpis
2046 3095 2111 3134 ac
2139 3080 2483 3152 ignominiosi
2533 3080 2794 3137 facinoris
2836 3083 3188 3147 recordatus,
3238 3081 3409 3136 obﬁr-

161 3174 245 3227 καὶ
272 3175 461 3247 ἀτίμου
485 3177 762 3248 πράξεως,
782 3178 862 3248 τῷ
887 3133 1162 3250 ἐρρῶσθαι
1185 3179 1335 3249 αὐτῷ
1355 3179 1417 3233 τὸ
1432 3133 1534 3251 ἶττῆς

1897 3182 1984 3228 ato
2024 3174 2219 3228 anima:
2250 3188 2362 3229 sua:
2389 3188 2580 3242 sensu,
2621 3175 2735 3231 haec
2779 3175 3036 3230 dicebat:
3086 3173 3413 3227 Putruerunt

160 3266 512 3340 αἰσθητήριον,
565 3270 736 3324 ταῦτα
779 3270 965 3340 ἔλεγε·
1021 3269 1417 3338 Προσώζεσαν
1454 3271 1553 3325 καὶ
1576 3270 1676 3325 ⁴ἐσι

1917 3277 2176 3332 corrupta:
2211 3277 2331 3320 sunt
2371 3268 2651 3337 cicatrices.
2684 3283 2813 3321 mea:
2853 3284 2885 3320 a
2923 3266 3057 3336 facie
3099 3267 3416 3336 insipientia

161 3372 350 3426 πησαν
376 3364 427 3415 ol
450 3361 748 3432 μώλι-ιπές
767 3380 887 3431 μου
908 3361 1027 3416 ἀπὸ
1050 3361 1379 3431 προσώπου
1406 3361 1518 3431 τῆς
1552 3362 1677 3432 ἀφρς

1900 3374 1985 3412 etc.
2017 3358 2127 3412 Cur
2168 3368 2349 3413 autem
2397 3360 2727 3428 putruerint,
2763 3358 2946 3422 addit,
2985 3359 3172 3413 dicens
3205 3377 3219 3412 :
3273 3358 3416 3423 Quo~

161 3452 337 3520 σύνης
353 3472 494 3523 μου.
531 3454 634 3507 Διὰ
661 3454 713 3507 τί
758 3454 818 3507 δὲ
865 3453 1241 3526 προσώςεσαν,
1272 3455 1492 3523 ἐπάγει,
1521 3453 1677 3523 λέγω·

1901 3465 1981 3502 am
2012 3449 2174 3503 lumbi
2217 3452 2319 3504 mei
2360 3451 2561 3519 impleti
2601 3461 2721 3504 sunt
2763 3450 3131 3516 illusionibus,
3165 3450 3278 3513 vel,
3311 3449 3417 3504 Ilia

163 3542 277 3597 Ὀτι
307 3548 364 3598 al
396 3548 547 3614 ψόαι
581 3564 702 3615 μου
746 3523 1155 3614 ἐπλήσθησαν
1192 3546 1634 3618 ἐμπαιγμιίτων,
1675 3566 1679 3576 ι

1892 3557 1952 3595 ea
1995 3542 2308 3612 ignominia.
2355 3542 2460 3597 Per
2500 3545 2612 3598 bare
2647 3553 2827 3597 autem
2868 3543 3047 3596 innuit
3078 3545 3250 3612 turpis
3282 3544 3408 3598 lacti

162 3638 214 3690 al
248 3639 495 3707 λαγόνες
515 3656 640 3709 μου
684 3639 921 3708 ἀτιμίας
945 3656 958 3670 ·
991 3639 1214 3711 ᾐνίξατο
1240 3640 1297 3694 δὲ
1325 3640 1416 3694 διὰ
1441 3641 1646 3694 τούτων
1672 3659 1678 3676 σ

1903 3633 2095 3691 eciem.
2126 3634 2329 3690 Deinde
2360 3636 2671 3690 resarciens
2707 3650 2862 3700 sese,
2899 3635 3080 3689 aiebat
3123 3654 3137 3690 :
3177 3633 3301 3689 Non
3339 3645 3418 3689 est

161 3722 283 3792 εἶδος
309 3730 407 3797 τῆς
438 3732 677 3802 αἰσχρᾶς
709 3730 985 3803 πράξεως.
1027 3727 1162 3785 Εἶτα
1191 3733 1384 3786 ἑαυτὸν
1411 3731 1675 3803 ἀνακτώμ

1901 3726 2037 3781 nitas
2060 3727 2116 3781 in
2148 3743 2307 3781 carne
2335 3744 2472 3782 mea.
2504 3726 2770 3794 Quoniam
2802 3728 2948 3782 enim
2978 3727 3148 3782 lumbi
3182 3729 3285 3782 tnei
3310 3727 3416 3782 im-

162 3833 239 3881 νος
271 3819 448 3890 ἔλεγεν
473 3838 488 3857 ·
528 3822 654 3874 Οὐκ
700 3821 874 3874 ἐστιν
915 3821 1081 3886 ἴασις
1123 3821 1194 3874 ἐν
1241 3821 1317 3890 τῇ
1367 3822 1550 3890 σαρκί
1591 3839 1678 3891 μοε

1909 3819 1967 3873 eti
2011 3828 2136 3873 sunt
2185 3819 2565 3883 illusionibus,
2602 3818 2840 3886 idcirco,
2887 3819 3097 3889 inquit,
3144 3819 3425 3889 paenitens

174 3910 372 3983 Ἐπειδὴ
406 3913 517 3987 γὰρ
551 3914 607 3969 αἱ
628 3912 758 3983 ψόαι
792 3930 893 3985 μου
920 3912 1274 3986 ἐπλήσθησαν
1308 3914 1690 3986 ὲμπαιγμάτω·

1898 3910 1992 3977 cti,
2029 3911 2242 3981 castigo
2271 3910 2559 3981 plectoque
2589 3926 2810 3966 carnem
2843 3927 3040 3967 meam.
3074 3911 3414 3981 Quapropter

161 4001 240 4056 διὰ
268 4005 442 4070 τοῦτο,
483 4007 675 4076 φησὶν,
720 4006 801 4069 εἰς
853 4005 1143 4076 μετάνοιαν
1176 4005 1287 4061 τῶν
1327 4006 1677 4079 πεπραγμένι

1916 4020 1962 4060 :o
1995 4025 2006 4060 :
2049 4002 2173 4058 Non
2203 4015 2277 4058 est
2309 4006 2515 4059 sanitas
2549 4005 2604 4059 in
2633 4021 2790 4059 carne
2834 4021 2970 4058 mea.
3024 4001 3096 4058 Ut
3131 4004 3432 4073 aliquando

164 4090 337 4161 ἐλθὼν,
369 4094 467 4166 τὴν
501 4093 745 4165 ἐμαυτοῦ
787 4094 968 4165 σάρκα
995 4094 1210 4159 κολάζω
1238 4097 1334 4150 καὶ
1360 4097 1680 4168 τιμωροῦμα

1916 4104 2004 4150 eat
2023 4095 2344 4151 emendatus
2367 4097 2579 4150 dicere:
2610 4094 2754 4150 Licet
2779 4097 2847 4160 is,
2869 4097 2957 4160 qui
2977 4093 3108 4163 foris
3130 4106 3225 4160 est,
3249 4104 3428 4149 noster-

163 4181 234 4236 διό
272 4201 439 4258 φημι·
482 4187 601 4241 Οὐκ
625 4184 775 4239 ἔστιν
818 4185 960 4250 ἴασις
1002 4187 1059 4239 ὲν
1087 4189 1152 4258 τῇ
1190 4186 1355 4257 σαρκί
1393 4203 1526 4257 μου·
1563 4186 1679 4255 ὠςὶ

1912 4205 1994 4242 mo
2037 4201 2432 4254 corrumpatur;
2465 4200 2639 4243 tamen
2667 4189 2713 4242 is
2744 4189 2832 4254 qui
2873 4189 3016 4241 intus
3046 4195 3124 4241 est
3148 4226 3163 4250 ,
3208 4202 3428 4240 renova.

163 4273 395 4350 δυνηθείη
429 4280 562 4334 ποτὲ
610 4277 965 4350 κατορθώσας
1014 4280 1222 4332 εἰπεῖν·
1272 4280 1341 4333 El
1387 4278 1489 4332 καὶ
1539 4281 1572 4333 ὁ
1621 4279 1679 4343 ἐξ

1914 4297 1931 4330 r
1960 4281 2026 4337 ¹¹.
2076 4280 2183 4336 Sed
2219 4290 2273 4336 ct
2304 4284 2555 4351 superius
2589 4282 2808 4335 aiebat:
2860 4279 2981 4333 Non
3023 4289 3102 4333 est
3141 4279 3343 4331 sanitas
3368 4279 3430 4339 in

163 4364 318 4434 ἡμῶν
358 4368 674 4440 ἅνθρωπος
703 4369 1002 4438 φθείρεται
1024 4368 1158 4441 (59),
1192 4369 1331 4424 ἀλλ’
1374 4372 1407 4424 ό
1444 4370 1568 4424 ἔσω
1595 4370 1679 4423 ἀνι

1915 4389 2005 4426 rne
2040 4389 2177 4436 mea,
2201 4384 2247 4426 et
2278 4390 2379 4427 non
2408 4384 2483 4425 est
2516 4388 2621 4440 pax
2648 4373 2850 4426 ossibus
2875 4372 3022 4425 meis.
3057 4371 3257 4424 Deinde
3289 4370 3421 4422 sub-

164 4460 472 4517 καινοῦται.
523 4461 638 4516 Καὶ
677 4460 935 4532 ἀνωτέρω
977 4461 1035 4514 δὲ
1082 4461 1302 4531 ἔλεγεν·
1379 4464 1502 4516 Οὐκ
1563 4461 1680 4515 ἔστη

1913 4476 1925 4518 L
1955 4485 1968 4519 :
1999 4465 2235 4537 Aﬁlictus
2267 4482 2384 4519 sum
2409 4475 2455 4519 et
2485 4465 2796 4517 humiliatus
2826 4481 2941 4517 sum
2973 4462 3145 4517 valde.
3192 4462 3301 4516 lloc
3331 4478 3429 4515 au.

165 4547 309 4618 lucra;
330 4553 399 4607 ἐν
432 4552 512 4623 τῇ
558 4553 742 4623 σαρκί
762 4571 904 4622 μου,
940 4552 1040 4606 καὶ
1069 4555 1181 4608 οὐκ
1217 4553 1390 4608 ἐστιν
1425 4553 1633 4623 εἰρήνη
1666 4555 1681 4606 l

1920 4573 1952 4611 η
1981 4557 2139 4626 paulo
2183 4567 2309 4612 ante
2353 4556 2513 4609 aliter
2537 4556 2829 4624 expressit,
2863 4556 2948 4609 bis
2986 4556 3168 4608 verbis
3202 4572 3217 4607 :
3254 4552 3432 4607 Miser

163 4641 274 4709 τοῖς
303 4645 536 4712 ὀστέοις
584 4663 723 4715 μου.
776 4641 911 4699 Εἶτα
954 4644 1186 4713 ἐπάγει·
1252 4644 1589 4712 Ἐκακώθην
1634 4662 1679 4697 κ.

1911 4658 2017 4700 ctus
2041 4663 2155 4700 sum
2178 4691 2193 4714 ,
2221 4658 2267 4700 et
2291 4654 2540 4700 curvatus
2563 4661 2678 4698 sum
2698 4660 2857 4714 usque
2883 4644 2938 4697 in
2962 4643 3139 4712 ﬁnem.
3169 4643 3427 4699 Virorum

163 4732 547 4807 ἑταπεινώθην
578 4737 687 4803 ἕως
719 4737 975 4809 σφόδρα.
1012 4736 1183 4791 Τοῦτο
1213 4736 1270 4790 δὲ
1301 4737 1502 4810 ἑτέρως
1533 4739 1592 4794 ἐν
1622 4757 1679 4794 το

1913 4738 2192 4793 udentium
2238 4740 2516 4810 preprium
2558 4747 2638 4793 est
2662 4778 2677 4802 ,
2721 4738 2788 4791 de
2819 4739 3058 4805 peccatis
3094 4752 3188 4807 per
3217 4752 3424 4805 ιη·ωοοη

165 4825 455 4898 ἔμπροσθεν
515 4829 731 4901 ἐδήλου,
785 4831 995 4901 φήσας·
1057 4828 1568 4899 Ἐταλαιπὼρησα,
1632 4850 1681 4885 act

1917 4833 2187 4900 pationem
2230 4841 2286 4885 et
2332 4830 2741 4900 subreptiouem
2783 4828 3036 4884 admissis
3069 4844 3175 4882 non
3214 4828 3426 4893 efferri,

165 4920 574 4990 κατεκάμφθην
616 4920 728 4987 ἕως
766 4920 1005 4987 τέλους.
1040 4921 1200 4975 Ἴδιον
1230 4920 1440 4992 ἀνδρῶν
1475 4922 1680 4975 συνετῶ

1907 4924 1932 4975 tl
1956 4923 2160 4991 pudore
2184 4923 2344 4985 allici,
2371 4930 2424 4976 et
2444 4922 2788 4983 erubescere,
2807 4929 2861 4974 et
2883 4918 3210 4972 conscientia
3238 4919 3423 4988 pungi,

164 5008 218 5060 τὸ
248 5010 318 5082 μὴ
344 5012 671 5085 ἐπαίρεσθαι
719 5012 814 5066 ἐπὶ
855 5015 969 5075 τοῖς
1003 5012 1145 5066 κατὰ
1181 5011 1452 5083 πρόληψιν
1488 5013 1581 5065 καὶ
1612 5029 1677 5065 συ

1936 5014 2238 5068 humiliari.
2270 5014 2363 5068 llis
2397 5015 2561 5084 igitur
2585 5013 2749 5066 David
2781 5013 3056 5082 subiungit
3091 5029 3104 5065 :
3135 5009 3425 5081 Rugiebam

166 5104 400 5176 αρπαγὴν
448 5105 944 5177 ἁμαρτανομένοις,
994 5104 1110 5158 ἀλλ’
1151 5102 1418 5158 αἰδεῖσθαι
1471 5105 1564 5158 καὶ
1613 5106 1682 5176 ἐρ

1911 5107 2102 5175 gemitu
2133 5108 2309 5161 cordis
2334 5108 2454 5161 mei.
2489 5109 2596 5160 Aut
2632 5106 2927 5160 secundum
2959 5104 3211 5172 Aquilam
3244 5122 3256 5158 :
3294 5099 3427 5155 Fre-

168 5190 333 5266 θριᾷν,
375 5200 470 5251 καὶ
524 5198 625 5270 τὴν
675 5197 982 5269 συνείδησιν
1025 5196 1384 5267 πλήττεσθαι,
1425 5197 1519 5252 καὶ
1552 5214 1684 5250 ταπε

1911 5196 2049 5251 ebant
2093 5214 2125 5251 a
2164 5197 2379 5267 fremitu
2412 5197 2586 5251 cordis
2616 5196 2739 5250 mei.
2780 5192 2899 5249 Non
2946 5194 3107 5264 enim
3142 5202 3200 5245 ut
3243 5192 3427 5246 multis

167 5285 394 5344 νοῦσθαι.
433 5290 492 5346 '0
523 5291 623 5362 μὲν
651 5288 763 5364 γὰρ
802 5289 971 5345 Δαόὶδ
1019 5289 1157 5360 πρὸς
1198 5288 1411 5353 τούτοις
1455 5289 1683 5359 ἐπιλέγει

1914 5298 2008 5342 »ωε
2039 5288 2201 5355 (iam,
2231 5287 2390 5344 labiis
2428 5287 2694 5343 conﬁteor
2727 5304 2742 5340 :
2785 5300 2974 5340 verum
3022 5284 3169 5338 intus
3211 5282 3264 5336 in
3310 5283 3430 5350 ipso

233 5398 270 5430 ¹¹
293 5399 335 5455 ll
353 5400 479 5461 Cor.
505 5418 581 5472 tv,
610 5401 698 5458 16.

233 5559 339 5632 (⁵6)
364 5564 501 5635 “es.
535 5571 825 5627 secundus.
854 5565 1066 5632 ἑαυτόν,
1095 5555 1271 5630 οὗτος.
1624 5633 1632 5635 _

1912 5578 1976 5625 ας
2017 5559 2463 5635 ἐκδέδωκε..Καὶι
2499 5555 2608 5612 διὰ.
2659 5554 2792 5626 Reg.
2831 5551 3098 5610 secundus
3144 5567 3267 5607 cum
3312 5553 3428 5608 edi-

235 5629 339 5709 (57)
377 5629 537 5707 Editi,
567 5642 874 5717 γινόμεναι.
921 5638 992 5693 At
1037 5629 1272 5711 quatuor
1320 5650 1454 5692 mss.
1509 5633 1739 5705 γενόμε-

1591 5633 1739 5705 ιόμε-
1851 5629 2600 5717 ἰίοξὶέωιξξὶδῇιηδ,ιὰ,τοῷτων⁹
2637 5707 2727 5717 ,μ
2775 5706 2787 5717 ,
2897 5695 2921 5717 ρ
3001 5692 3107 5717 ,ιι-ο

169 5691 269 5759 ναί.
319 5691 336 5709 ι
579 5691 874 5717 -"'r"'""
923 5691 935 5692 ’
977 5691 987 5693 ‘
1046 5691 1165 5711 ³““”
1217 5691 1227 5693 ’
1521 5691 1534 5703 ”
1641 5691 1663 5705 ⁷
1925 5691 2356 5772 (59)Colbertin_i
2376 5692 3282 5772 ριίιηιιεοιεειιυεβιαφθείρεται.
3313 5691 3427 5749 Μοι

235 5774 342 5848 (58)
378 5776 456 5835 lla
474 5791 706 5851 quatuor
731 5798 866 5842 mss.
893 5780 964 5838 At
984 5778 1140 5852 editi,
1160 5780 1221 5838 ait
1244 5778 1468 5850 λαγόνες
1481 5795 1589 5852 μου
1629 5779 1746 5834 ἀτι-

1207 5778 1589 5852 ιλαγόνεςμου
1629 5779 1746 5834 ἀτι-
1855 5765 2089 5847 quatuor
2118 5787 2272 5840 tnss.,
2305 5765 2424 5824 εἶτα
2460 5767 2723 5839 ἐπιλέγει.
