3838 6214
388 288 458 346 95
1336 289 1684 349 APPENDIX
1721 290 2010 349 Opuntii:
2052 302 2110 347 δ.
2155 283 2401 347 BASIth
2439 291 2681 349 MAGNI.
3567 282 3638 351 σι

394 399 580 466 corde,
611 400 786 457 oculis
815 401 1014 460 clausis
1035 443 1052 470 ,
1086 405 1181 462 tibi
1232 407 1333 462 soli
1380 406 1697 465 abscondita
1741 420 1910 474 eonsp

2118 405 2368 474 ιρυόμην
2406 403 2526 460 ἀπὸ
2564 403 2902 473 στεναγμοῦ
2946 403 3057 473 τῆς
3103 402 3352 471 καρδίας
3392 419 3534 473 μου,
3579 404 3634 476 ἢ,

394 489 557 544 cienli
574 493 801 548 ostendo
826 507 977 548 meos
996 497 1251 565 gemitus,
1275 509 1436 568 atque
1462 499 1514 552 in
1556 497 1763 568 meipso
1787 497 1910 568 ωεςῇ

2121 495 2206 549 ιτὰ
2252 495 2350 549 τὸν
2405 494 2657 560 ’Δκύλαν,
2716 494 3055 566 Ἐδρυχόμην
3101 494 3209 548 ἀπὸ
3254 494 3501 567 βρυγμοῦ
3539 498 3637 566 τῆς

393 577 584 649 Neque
622 583 765 637 enim
813 583 986 654 longis
1017 590 1359 644 sermonibus
1396 590 1527 644 mihi
1563 604 1700 658 opus
1733 598 1853 643 eral.
1897 604 1909 642 ε

2121 587 2293 658 ιρδίας
2328 604 2451 658 μου.
2502 588 2578 642 Ού
2626 586 2735 658 γὰρ
2767 587 2853 641 ἵνα
2893 590 3005 651 τοῖς
3035 587 3248 651 πολλοῖς
3276 587 3508 659 φανερὸς
3543 586 3637 655 γέ-

396 671 841 730 confessionem:
891 677 1159 746 siquidem
1214 681 1396 735 cordis
1444 682 1549 735 mei
1597 680 1868 750 gemitus,
1909 705 1912 725 ι

2122 694 2265 746 attat,
2320 679 2436 739 τοῖς
2485 676 2718 747 χείλεσιν
2773 674 3197 747 ὲξομολογοῦμαι
3221 692 3235 705 ·
3281 675 3430 729 ἔνδον
3477 676 3535 728 δὲ
3581 676 3638 729 ὲν

399 764 701 819 transmissi
735 781 799 821 ex
840 768 1030 825 intimo
1054 771 1217 825 animi
1253 788 1413 828 sensu
1451 772 1519 826 ad
1553 781 1605 825 te
1641 773 1807 827 Deum
1837 788 1915 842 qui

2123 767 2203 834 itii
2233 766 2298 835 τῇ
2331 764 2549 836 καρδίᾳ,
2597 764 2657 818 τὸ
2692 764 2846 835 ὄμμα
2893 764 3065 836 μύων,
3102 765 3184 817 σοὶ
3232 765 3377 835 μόνῳ
3407 763 3486 834 τῷ
3518 763 3639 834 βλέ-

398 861 515 907 stus
537 854 603 908 ad
632 856 1028 913 confessionem
1068 861 1430 917 suliiciebant.
1468 861 1610 929 Quin
1636 863 1801 917 etiam
1824 861 1914 917 des

2126 872 2222 907 ›ντι
2252 855 2321 908 τὰ
2365 857 2421 909 ἐν
2460 854 2687 926 κρυπτῷ
2732 855 2860 919 τοὺς
2891 854 3129 926 ἐμαυτοῦ
3157 854 3269 923 (60)
3306 855 3642 925 στεναγμοὺς

398 942 605 998 derium
628 962 809 1003 coram
832 958 902 1017 te,
928 952 1171 1018 Domine,
1199 955 1399 1008 bonum
1424 963 1564 1022 erat,
1588 954 1768 1008 ethoc
1792 954 1907 1023 ipsu

2126 946 2488 1013 ιιδεικνύω,ὲν
2519 945 2738 1018 ἐμαυτῷ
2763 946 3090 1017 ὠρυόμενος.
3121 946 3256 999 Ούδὲ
3281 945 3390 1017 γὰρ
3417 945 3642 1016 μακρῶν

399 1047 573 1086 meam
625 1034 856 1091 salutem
903 1040 1200 1107 spectabat.
1260 1041 1509 1110 Etenim,
1568 1057 1693 1097 cum
1743 1042 1915 1112 cupidi

2129 1057 2163 1092 it
2199 1039 2373 1107 λόγων
2413 1039 2571 1111 χρεία
2602 1034 2670 1110 ἦν
2713 1038 2849 1111 πρὸς
2878 1039 2975 1109 τὴν
3009 1036 3422 1108 ἐξομολόγησιν*
3464 1036 3645 1108 ἀπήρ-

397 1136 575 1177 essem
609 1125 896 1192 malorum,
920 1112 1039 1184 tum
1079 1146 1266 1186 coram
1319 1142 1373 1189 te
1402 1150 1583 1188 meum
1631 1133 1913 1189 desilierint

2129 1148 2197 1184 »υν
2226 1131 2334 1202 γὰρ
2365 1131 2417 1184 οἱ
2446 1131 2741 1201 στεναγμοὶ
2782 1130 2880 1202 τῆς
2909 1129 3134 1201 καρδίας
3164 1146 3265 1200 μου
3294 1128 3429 1199 πρὸς
3454 1127 3645 1198 ἐξομο-

398 1228 507 1267 nou
534 1225 689 1283 erat;
724 1218 817 1272 sed
841 1219 943 1275 boc
974 1230 1237 1291 tempore,
1270 1239 1377 1294 quo
1403 1226 1586 1280 omnia
1612 1224 1752 1279 facio
1784 1224 1912 1278 bum

2130 1239 2309 1293 γησιν,
2337 1222 2431 1277 καὶ
2462 1223 2511 1275 ot
2556 1222 2662 1275 ἀπὸ
2691 1220 2888 1291 βάθους
2918 1220 3099 1291 ψυχῆς
3130 1220 3267 1292 πρὸς
3295 1220 3355 1273 σὲ
3395 1219 3485 1272 τὸν
3512 1218 3646 1273 Θεὸν

399 1299 581 1368 liatus,
611 1314 665 1360 et
692 1308 913 1378 rugiens
939 1325 969 1363 a
995 1315 1196 1380 gemitu
1223 1316 1405 1370 cordis
1439 1315 1543 1370 mei
1567 1354 1582 1381 ,
1619 1324 1777 1384 teque
1802 1314 1911 1368 Deu

2130 1313 2523 1383 ναπεμπόμενοι
2544 1312 2785 1383 όδυρμοί.
2833 1311 2993 1366 Ἀλλὰ
3026 1311 3119 1366 καὶ
3152 1313 3185 1383 ἡ
3213 1310 3476 1381 ἐπιθυμία
3508 1309 3646 1381 καλὴ

401 1404 738 1451 servatorem
774 1412 839 1451 ac
870 1400 1138 1456 medicum
1175 1405 1392 1474 assequi
1423 1404 1760 1472 desiderans,
1784 1419 1913 1460 cora

2138 1422 2204 1458 σα
2233 1404 2473 1458 ἐναντίον
2507 1421 2600 1458 σου
2638 1401 2728 1475 ἦν,
2757 1403 2953 1475 Κύριε,
2988 1403 3084 1458 καὶ
3110 1403 3248 1475 αὕτη
3284 1402 3343 1456 δὲ
3365 1398 3433 1473 ἦν
3456 1403 3491 1473 ἡ
3520 1400 3648 1473 περὶ

403 1493 455 1540 le
487 1495 568 1542 est
594 1488 920 1546 desiderium
951 1508 1128 1549 meum
1149 1535 1164 1561 ,
1202 1511 1303 1552 nec
1328 1498 1688 1567 suspiriorum
1724 1513 1919 1554 meorul

2133 1514 2172 1566 ις
2200 1495 2437 1566 ἐμαυτοῦ
2472 1497 2769 1567 σωτηρίας.
2799 1496 2929 1550 Ὅτε
2960 1495 3060 1567 μὲν
3101 1495 3209 1566 γὰρ
3241 1493 3424 1547 κακῶν
3448 1492 3649 1561 γέγονα

401 1590 620 1632 causam
670 1580 906 1650 ignoras.
948 1582 1295 1655 Compertum
1333 1588 1478 1643 enim
1514 1603 1579 1644 ac
1626 1598 1911 1659 perspecta

2132 1586 2432 1658 ςιθυμητὴς,
2476 1588 2576 1640 ούκ
2626 1586 2866 1642 ὲναντίον
2905 1603 3000 1640 σου
3033 1582 3103 1658 ἦν
3132 1588 3166 1657 ἡ
3220 1583 3483 1656 ἐπιθυμία
3514 1599 3648 1654 μουο

403 1675 486 1721 est
517 1667 643 1737 tibi,
691 1685 779 1726 me
808 1674 1040 1742 suspiria
1084 1676 1475 1734 humanitatem
1523 1690 1669 1734 tuam
1724 1680 1909 1736 decent

2137 1680 2187 1731 vl.
2214 1678 2291 1740 δὲ,
2320 1679 2408 1731 ὅτε
2435 1678 2613 1733 πάντα
2638 1678 2864 1750 πράττω
2891 1677 3315 1748 ταπεινούμενος
3344 1677 3439 1730 καὶ
3476 1675 3652 1747 ὠρυό-

405 1758 683 1828 emittere;
739 1765 1172 1835 quandoquidem
1216 1771 1518 1839 peccatoris
1569 1780 1798 1827 mortem
1853 1785 1921 1826 no

2138 1787 2233 1832 ,νος
2262 1770 2373 1823 ἀπὸ
2404 1770 2713 1841 στεναγμοῦ
2756 1771 2856 1841 τῆς
2888 1770 3115 1842 καρδίας
3150 1788 3273 1841 μου,
3308 1770 3402 1823 καὶ
3433 1769 3527 1823 σοῦ
3557 1767 3654 1822 τού

408 1854 511 1918 Vis,
544 1856 639 1910 sed
667 1860 1047 1925 paenitentiam
1081 1864 1273 1934 ipsius.

2139 1864 2220 1917 εοῦ
2248 1864 2493 1935 σωτῆρος
2520 1864 2616 1918 καὶ
2651 1865 3049 1936 ίατροῦ,τυχεῖν
3086 1865 3387 1936 ἐπιθυμῶν,
3417 1862 3655 1917 ἐναντίον

409 1966 503 2002 σου
535 1956 680 2006 εστιν
707 1955 739 2023 ή
766 1955 1030 2029 ἐπιθυμία
1060 1976 1182 2030 μου,
1215 1962 1307 2015 καὶ
1327 1961 1426 2033 τὴν
1454 1962 1633 2017 αἰτίαν
1668 1962 1777 2017 τῶν
1804 1960 1955 2033 ἐμῶν
1981 1960 2296 2029 στεναγμῶν
2316 1960 2415 2013 οὐκ
2440 1961 2672 2028 ἀγνοεῖς.
2700 1957 2870 2014 Οἶσθα
2895 1960 3026 2032 γὰρ,
3050 1961 3131 2013 ὅτι
3163 1961 3442 2033 πρέποντα
3466 1962 3532 2029 τῇ
3558 1975 3655 2013 σου

409 2036 523 2110 (61)
549 2040 923 2116 φιλανθρωπίᾳ
944 2049 1244 2119 στεναγμὸν
1262 2051 1587 2121 ἀναπέμπω-
1617 2052 1741 2105 ἐπεὶ
1768 2051 1842 2123 μὴ
1868 2050 2029 2121 βούλῃ
2051 2050 2140 2103 τὸν
2168 2048 2394 2102 θάνατον
2426 2048 2519 2102 τοῦ
2546 2048 2892 2121 ἁμαρτωλοῦ,
2915 2051 2990 2114 ὼς
3012 2050 3109 2121 τὴν
3132 2050 3417 2121 μετάνοιαν
3457 2047 3647 2103 αὐτοῦ.

480 2133 533 2190 5.
577 2136 920 2208 Quapropter
969 2143 1135 2198 dico:
1165 2143 1233 2197 Et
1282 2148 1507 2215 gemitus
1565 2162 1708 2201 meus
1738 2164 1769 2200 a
1796 2154 1844 2200 te
1868 2162 1972 2199 non

2144 2143 2197 2198 5.
2250 2144 2341 2196 Διό
2395 2161 2558 2215 φημι·
2594 2144 2705 2201 Καὶ
2761 2149 2794 2199 ό
2841 2148 3176 2216 στεναγμός
3222 2163 3342 2215 μου
3393 2146 3514 2200 ἀπὸ
3536 2143 3656 2198 σοῦ

405 2236 482 2280 est
526 2226 882 2287 absconditus.
910 2230 1070 2287 Vnus.
1119 2235 1306 2290 1115.
1342 2236 1446 2289 Cor
1488 2236 1921 2293 meumconturbl

2143 2249 2185 2285 ’κ
2197 2233 2521 2300 ἀπεκρύϐη.
2539 2234 2609 2287 Ἰι
2619 2233 2831 2301 καρδία
2841 2252 2959 2303 μου
2972 2233 3289 2303 ἐταράχθη,
3302 2231 3659 2303 ἐγκατέλιπέ

408 2331 521 2372 tum
555 2328 653 2384 est,
696 2322 973 2392 dereliquit
1007 2340 1086 2378 me
1131 2327 1294 2380 virtus
1322 2342 1456 2391 mea,
1498 2337 1545 2380 et
1576 2328 1753 2382 lumen
1797 2326 1924 2380 ocull

2142 2345 2147 2375 τ
2185 2326 2224 2393 ή
2258 2328 2436 2394 ἰσχύς
2457 2344 2598 2394 μου,
2640 2327 2735 2379 καὶ
2763 2328 2829 2380 τὸ
2868 2328 2993 2395 φῶς
3020 2326 3141 2381 τῶν
3163 2325 3486 2396 ὀφθαλμῶν
3512 2343 3658 2394 μου,

408 2424 525 2462 rum
552 2425 802 2476 meorum,
832 2422 879 2465 et
919 2413 1091 2481 ipsum
1142 2430 1246 2469 non
1293 2425 1369 2469 est
1417 2432 1637 2471 mecum.
1679 2417 1846 2471 Amici
1879 2435 1924 2470 m

2143 2417 2175 2470 ιί
2203 2415 2350 2469 αὐτὸ
2380 2418 2491 2470 οὐκ
2519 2416 2651 2469 ἔστι
2672 2417 2802 2485 μετ’
2829 2417 2997 2485 ἐμοῦ.
3027 2420 3092 2471 Ol
3123 2419 3288 2486 φίλοι
3311 2434 3432 2486 μου
3462 2417 3564 2470 καὶ
3604 2420 3659 2471 ot

408 2511 455 2556 st
485 2503 714 2571 proximi
743 2504 843 2557 mei
874 2504 1148 2557 adversum
1201 2521 1279 2558 me
1325 2507 1893 2577 appropinquacerunt,

2144 2509 2345 2574 ῑησίον
2372 2526 2491 2575 μου
2512 2508 2581 2571 ἐξ
2611 2508 2890 2573 ἐναντίας
2909 2527 3029 2577 μου
3069 2509 3331 2579 ἤγγισαν
3360 2507 3660 2574 καὶὲστη-

410 2602 687 2648 steterunt.
724 2592 791 2647 Et
826 2594 914 2664 qui
943 2594 1103 2664 juxta
1154 2610 1236 2648 me
1294 2606 1466 2662 erant,
1522 2599 1586 2651 de
1632 2598 1782 2667 longe
1821 2605 1926 2650 stetl

2143 2613 2217 2651 ιν.
2244 2596 2353 2650 Καὶ
2388 2598 2442 2649 οἱ
2469 2595 2718 2665 ἔγγιστά
2748 2614 2868 2664 μου
2896 2596 3012 2649 ἀπὸ
3030 2597 3333 2665 μακρόθεν
3358 2597 3659 2662 ἔστησαν·

414 2693 534 2735 runt
555 2699 576 2748 ;
599 2693 645 2737 et
677 2685 777 2738 vim
802 2684 1061 2752 faciebant
1080 2688 1169 2755 qui
1196 2687 1499 2754 quwrebant
1519 2689 1754 2741 animum
1786 2704 1930 2742 mean

2146 2687 2178 2740 tl
2207 2684 2572 2751 ἑξεϐιάζοντο
2595 2685 2703 2755 (62)
2727 2690 2780 2740 ol
2812 2686 3124 2754 ζητοῦντες
3141 2686 3256 2753 τὴν
3283 2686 3495 2753 ψυχήν
3517 2699 3662 2754 μοι»

408 2775 483 2828 Et
528 2775 618 2843 qui
673 2775 1002 2844 inquirebant
1044 2776 1183 2830 mala
1229 2777 1380 2843 milii,
1420 2778 1582 2833 locuti
1616 2790 1733 2833 sunt
1775 2781 1924 2834 uanitl

2147 2779 2179 2832 tl
2210 2781 2264 2832 οὶ
2286 2778 2599 2846 ζητοῦντες
2621 2782 2693 2831 τὰ
2713 2777 2871 2831 κακά
2889 2796 2992 2847 μοι
3014 2777 3327 2844 ἐλάλησαν
3344 2777 3663 2845 ματαιότη-

414 2875 512 2931 tes,
557 2877 606 2920 et
649 2866 797 2921 dolos
834 2874 945 2921 tota
986 2868 1072 2921 die
1117 2869 1527 2925 meditabantur.
1567 2872 1733 2943 368
1760 2872 1930 2928 Cumi

2150 2887 2210 2936 ις,
2241 2870 2341 2923 καὶ
2380 2869 2737 2937 δολιότητας
2784 2868 2939 2936 ὅλην
2975 2866 3091 2934 τὴν
3130 2867 3359 2936 ἡμέραν
3382 2864 3666 2933 ἐμελέτηη

424 2954 584 3010 titulo
608 2956 1018 3025 signiﬁcaverit,
1044 2958 1309 3028 psalmum
1335 2959 1389 3011 in
1413 2963 1820 3015 recordationem
1841 2978 1940 3018 eset

2147 2978 2224 3015 ιν.
2273 2960 2870 3031 Προεπισημηνάμενος
2897 2960 2954 3011 ὲν
2988 2961 3054 3027 τῇ
3086 2959 3403 3027 προγραφῇ,
3440 2956 3518 3019 ὡς
3555 2955 3663 3025 ἄρα

411 3045 536 3113 jure
570 3046 844 3116 prarlerita
877 3057 1113 3117 reputat,
1144 3060 1200 3102 et
1223 3063 1345 3118 quae
1373 3049 1474 3104 sibi
1505 3051 1617 3120 jam
1643 3051 1771 3105 olim
1806 3062 1927 3105 conl

2147 3069 2168 3119 η
2202 3051 2290 3115 εὶς
2322 3048 2688 3119 ἀνάμνησιν,
2733 3049 2956 3111 εἰκότως
3002 3047 3453 3117 ἀναπεμπὰζεται
3509 3045 3624 3115 (65)
3650 3085 3663 3105 ,

416 3146 631 3205 gerant,
660 3137 713 3191 iu
738 3139 1052 3192 memoriam
1086 3148 1325 3193 revocat.
1359 3140 1526 3195 Docet
1555 3152 1733 3195 autem
1770 3141 1927 3209 quale

2154 3143 2179 3195 η).
2213 3144 2279 3212 τῇ
2318 3143 2506 3212 μνήμῃ
2535 3141 2604 3195 τὰ
2635 3141 2800 3194 πάλαι
2833 3139 2981 3210 αύτῷ
3029 3138 3415 3209 συμϐεϐηκότα
3461 3140 3670 3192 ὲπαναο

417 3228 475 3282 in
505 3229 867 3283 conditionem
898 3244 995 3299 per
1028 3231 1239 3299 peccati
1289 3231 1501 3300 lapsura
1542 3232 1849 3297 devenerit,
1888 3248 1933 3286 Cl

2153 3233 2375 3305 p6dv5t.
2424 3234 2679 3287 Διδάσκει
2727 3233 2784 3286 δὲ
2819 3234 2877 3284 ὲν
2922 3226 3004 3294 οἷς
3052 3232 3296 3299 γέγονεν,
3353 3232 3411 3283 ἐν
3450 3229 3531 3300 τῷ
3564 3230 3669 3300 τῆς

411 3319 501 3390 jus
545 3320 720 3390 gratia
773 3328 939 3374 totam
999 3321 1141 3375 hanc
1180 3320 1583 3377 confessionem
1627 3323 1760 3377 edit.
1822 3322 1927 3377 illis

2155 3327 2361 3396 ιαρτίας
2399 3325 2726 3395 όλισθήματι
2758 3322 3072 3394 περιπεσών
3092 3340 3103 3350 ·
3134 3318 3195 3374 οὗ
3225 3322 3384 3393 χάριν
3429 3322 3527 3375 κα)⁵
3567 3322 3671 3393 τὴν

416 3413 578 3482 igitur
611 3412 781 3481 {actus
820 3429 955 3476 sum,
987 3422 1034 3467 et
1079 3425 1328 3469 curvatus
1372 3431 1512 3482 sum,
1559 3424 1608 3469 et
1650 3417 1932 3470 contristat:

2254 3433 2267 3469 θ
2301 3419 2536 3470 ποιεῖται
2563 3414 2972 3486 ἐξομολόγησιν.
3008 3413 3500 3481 Ἐταλαιπώρησα
3526 3408 3669 3473 οὖν,
3766 3482 3770 3485 Δ

416 3501 767 3569 ingrediebar,
792 3510 839 3555 et
871 3502 1182 3556 humiliatus
1205 3519 1346 3568 sum,
1370 3513 1417 3557 et
1444 3505 1708 3572 rugiebam
1738 3522 1770 3559 a
1795 3507 1932 3575 genti.

2155 3509 2185 3560 tl
2212 3506 2653 3575 κατεκάμςρθην,
2684 3505 2784 3558 καὶ
2810 3503 3245 3573 σκυθρωπάζων
3270 3504 3671 3571 ἐπορευόμην,

418 3593 591 3645 ccrdis
612 3593 736 3646 mei.
757 3591 816 3646 in
837 3593 951 3648 llaec
973 3594 1156 3647 omnia
1188 3594 1354 3648 incidi
1381 3609 1394 3644 :
1423 3596 1623 3665 quippe
1651 3610 1746 3665 per
1769 3597 1934 3666 aliqut

2158 3597 2187 3650 εὶ
2219 3594 2619 3663 ἐταπεινώθην
2654 3595 2788 3666 (64),
2819 3594 2916 3647 καὶ
2957 3593 3236 3661 ὠρυόμην
3280 3591 3398 3645 ἀπὸ
3451 3606 3674 3643 στενα-

426 3690 639 3750 tempus
679 3681 784 3736 Cor
822 3701 994 3738 meum
1016 3685 1384 3738 conturbatum
1416 3696 1513 3751 est,
1544 3698 1591 3740 et
1614 3688 1885 3758 dereliquit
1908 3707 1942 3743 η

2156 3688 2244 3741 ιοῦ
2276 3688 2386 3755 τῆς
2419 3686 2666 3754 καρδίας
2687 3702 2827 3753 μου.
2860 3686 2950 3746 Εἰς
2995 3683 3171 3735 πάντα
3191 3681 3362 3734 ταῦτα
3394 3679 3634 3751 ἐλήλυθα
3660 3699 3672 3712 ο

423 3772 585 3826 uirtus
638 3790 770 3837 mea,
812 3784 860 3828 et
891 3775 1069 3829 lumen
1115 3776 1391 3837 oculorum
1438 3794 1691 3844 meorum,
1730 3788 1776 3833 et
1818 3781 1939 3849 ipsu:

2163 3778 2275 3849 ειδὴ
2306 3779 2415 3849 γὰρ
2459 3775 2638 3848 καιρῷ
2682 3792 2788 3828 τινι
2833 3777 2892 3829 Ἠ
2920 3775 3132 3841 καρδία
3176 3791 3296 3843 μου
3345 3772 3675 3842 ἐταράχθη.

423 3880 525 3917 non
563 3875 638 3918 est
682 3880 907 3919 mecum.
936 3864 1071 3920 Nam
1122 3869 1330 3935 peccati
1361 3878 1622 3937 tempore,
1655 3869 1939 3940 intelligeul

2162 3870 2191 3923 Li
2215 3868 2568 3939 ἐγκατέλιπέ
2588 3886 2665 3939 με
2698 3871 2735 3936 ἡ
2772 3868 2950 3934 ἰσχύς
2970 3883 3110 3936 μου,
3156 3865 3255 3918 καὶ
3297 3864 3364 3918 τὸ
3388 3863 3518 3933 φῶς
3554 3863 3678 3918 τῶν

425 3958 505 4012 vis
536 3973 639 4026 qua
686 3958 942 4026 praeditus
996 3969 1133 4024 erat,
1182 3974 1289 4014 non
1335 3975 1557 4029 parvam
1608 3977 1865 4031 perpessa
1909 3978 1940 4018 e

2162 3961 2412 4031 νθαλμῶν
2448 3978 2588 4030 μου,
2641 3960 2740 4013 καὶ
2785 3957 2932 4011 αὐτὸ
2990 3961 3104 4010 οὐκ
3145 3956 3318 4010 ἔστιν
3337 3956 3463 4025 μετ’
3500 3955 3678 4025 ἐμοῦ.

424 4048 912 4117 perturbationem,
950 4050 1173 4105 confusa
1208 4063 1260 4104 et
1309 4052 1597 4107 obscurata
1632 4055 1699 4109 ab
1727 4069 1792 4109 eo
1823 4056 1913 4123 qui

2166 4054 2249 4107 ιτα
2278 4053 2387 4123 γὰρ
2415 4053 2504 4105 τὸν
2534 4053 2631 4122 τῆς
2669 4051 2941 4121 ἁμαρτίας
2976 4049 3187 4120 καιρὸν,
3218 4048 3277 4100 οὐ
3310 4046 3511 4118 μικρὰν
3573 4048 3682 4100 ὑπ-

425 4139 635 4208 peccati
672 4148 862 4193 auctor
906 4138 1108 4205 fuerat,
1150 4141 1290 4196 adeo
1336 4151 1393 4196 ut
1435 4144 1600 4199 etiam
1645 4144 1699 4198 in
1737 4145 1941 4214 insipiel

2164 4160 2313 4197 ;stvsv
2351 4142 2514 4196 αὑτοῦ
2538 4143 2782 4212 ταραχὴν
2807 4142 2866 4194 τὸ
2891 4140 3247 4211 διανοητικὸν,
3281 4136 3549 4207 συγχυθὲν
3581 4138 3680 4191 καὶ

430 4231 558 4282 tiam
594 4228 959 4285 delaberetur.
990 4229 1331 4300 Quapropter
1364 4235 1619 4301 superius
1662 4236 1799 4289 dixit
1828 4213 1853 4288 ξ
1878 4234 1946 4289 Pi

2167 4234 2364 4287 οτωθὲν
2387 4234 2492 4287 ὑπὸ
2511 4232 2604 4287 τοῦ
2633 4234 2730 4304 τὴν
2759 4234 3033 4303 ἁμαρτίαν
3081 4230 3455 4303 ἐνεργοῦντος,
3480 4229 3558 4293 ὡς
3581 4229 3683 4283 καὶ

428 4329 666 4373 truerunt
698 4330 747 4374 et
785 4330 1043 4387 corrupta:
1097 4331 1219 4375 sunt
1243 4324 1510 4379 cicatrices
1536 4341 1662 4378 mea:
1684 4343 1715 4379 α
1753 4325 1890 4394 [acie
1913 4328 1944 4379 it

2169 4347 2173 4383 τ
2198 4327 2508 4399 ἀφροσύνην
2526 4332 2731 4381 πεσεῖν.
2772 4327 2865 4380 Διὸ
2897 4327 2992 4378 καὶ
3007 4326 3262 4395 ἀνωτέρω
3288 4323 3464 4390 ἔλεγε
3487 4326 3685 4390 Προσ-

428 4411 682 4478 sipientia:
719 4426 865 4463 mete.
906 4408 1300 4464 Conturbatum
1368 4421 1452 4467 est
1495 4413 1678 4480 itaque
1720 4429 1815 4468 cor
1857 4413 1939 4481 eju

2169 4420 2321 4473 Isoar
2342 4418 2440 4473 καὶ
2462 4418 2787 4486 ἐσαπησαν
2815 4421 2869 4471 ol
2890 4416 3180 4486 μώλωπές
3204 4432 3322 4483 μου
3346 4412 3464 4467 ἀπὸ
3487 4428 3684 4481 προσ-

429 4503 644 4569 quando
691 4504 744 4556 in
784 4501 1096 4570 insipientia
1148 4500 1270 4567 fuit,
1308 4512 1362 4555 et
1389 4518 1420 4556 a
1458 4503 1658 4555 virtute
1699 4503 1945 4571 prudenti

2166 4529 2261 4565 του
2312 4510 2423 4579 τῆς
2475 4512 2830 4580 ἀφροσύνης
2875 4527 3013 4578 μου.
3054 4506 3360 4576 Ἐταράχθη
3405 4505 3589 4560 τοίνυν
3646 4505 3682 4577 ἡ

429 4593 651 4661 excidit,
682 4602 845 4661 atque
873 4592 1196 4659 insipientia:
1226 4606 1388 4660 opera
1425 4593 1681 4661 patravit.
1717 4592 1868 4647 Tunc
1900 4608 1945 4646 at

2168 4599 2295 4669 ,pala
2327 4600 2512 4664 αὐτοῦ,
2545 4600 2634 4652 ὅτε
2650 4601 2708 4652 ἐν
2733 4599 3009 4670 ἀφροσύνῃ
3037 4596 3297 4665 ἐγεγόνει,
3330 4595 3547 4666 καὶτῆς
3582 4596 3684 4666 μὲν

432 4696 538 4741 tem
564 4693 614 4740 et
646 4685 935 4754 dereliquit
966 4699 1090 4738 eum
1119 4684 1292 4738 virtus
1317 4683 1505 4751 ipsius.
1548 4683 1666 4738 Non
1697 4685 1843 4738 enim
1878 4701 1947 4738 an

2167 4693 2247 4746 ιτὰ
2270 4694 2370 4763 τὴν
2394 4693 2655 4764 φρόνησιν
2699 4691 2901 4763 ἀρετῆς
2929 4689 3240 4754 ἐξέπιπτεν,
3271 4686 3407 4757 ἔργα
3429 4685 3488 4738 δὲ
3510 4685 3683 4754 ἀφρο-

428 4780 573 4850 plius
611 4779 794 4834 dicere
834 4787 1085 4847 poterat:
1117 4776 1308 4831 Omnia
1344 4794 1557 4844 possum
1598 4778 1655 4832 in
1691 4794 1751 4833 eo
1791 4780 1881 4850 qui
1919 4797 1944 4833 τι

2165 4786 2271 4855 βνης
2313 4785 2572 4855 ἔπραττε.
2627 4784 2761 4835 Τότε
2801 4782 2858 4835 δὲ
2911 4782 3006 4835 καὶ
3052 4780 3407 4849 ἐγκατέλιπεν
3443 4776 3609 4830 αὑτὸν
3647 4777 3681 4845 ἠ

432 4872 697 4942 confortut
721 4870 938 4925 Christo
962 4870 1026 4938 ι’,
1063 4870 1238 4925 victus
1276 4870 1488 4926 scilicet
1519 4885 1551 4925 a
1587 4871 1905 4941 cupiditate,
1934 4888 1948 4926 ε

2172 4877 2261 4947 χὺς
2290 4876 2485 4931 αὐτοῦ·
2519 4875 2702 4930 οὐκέτι
2737 4873 2846 4947 γὰρ
2880 4868 2990 4938 οἷός
3027 4890 3087 4925 τε
3116 4869 3183 4943 ἦν
3221 4872 3433 4940 λέγειν’
3474 4866 3688 4923 Πάντα

505 5014 550 5044 ¹²
570 5011 767 5081 Philip.
794 5023 867 5076 tv,
894 5008 977 5063 15.

508 5132 635 5206 (filii
654 5129 747 5184 Sic
780 5135 1012 5206 quatuor
1038 5124 1279 5206 russam
1312 5123 1464 5206 editi,
1510 5123 1569 5176 ὲν
1601 5120 1844 5206 εμηαυτῷ.
1891 5121 2015 5175 Sta-
2110 5127 2364 5206 ‘poncnda
2401 5126 2492 5206 sit.
2536 5126 2942 5206 ilesliluendnm
2994 5125 3154 5206 igitur
3184 5122 3493 5206 censuimus
3539 5122 3692 5206 huuc

430 5192 529 5260 tini
566 5192 724 5254 iidem
761 5192 916 5260 mss.,
940 5196 1281 5250 ἐπιδεικνύω.
1312 5194 1480 5249 Paulo
1503 5192 1783 5262 postReg.
1811 5208 1946 5248 secu‘

2174 5211 2287 5249 cum
2317 5213 2383 5250 ex
2411 5197 2661 5252 Eusebio.
2704 5196 2843 5266 apud
2877 5192 3039 5264 queui
3066 5192 3690 5266 avanspstaCstat_edi-

432 5275 551 5333 dus,
587 5271 646 5323 ὲν
669 5269 792 5340 ἐμοὶ
818 5267 1146 5340 ὠρυόμενος.
1175 5333 1217 5340 __
1342 5334 1354 5340 _
1505 5260 1518 5262 “
1666 5330 1690 5340 _

2176 5267 2589 5340 m_invenin_t_us.
2625 5260 2753 5340 Hoc'
2793 5260 3199 5340 est,’__pra'ler_ita
3249 5260 3476 5340 reputat.
3506 5260 3692 5340 _Cerle

506 5330 619 5410 (61)
658 5330 884 5410 Codices
917 5330 1024 5391 tres
1049 5338 1136 5410 σῇ.
1169 5333 1290 5410 illex
1325 5334 1429 5388 duo
1464 5347 1618 5399 mss.,
1663 5330 1862 5401 βούλει.
2112 5336 2344 5410 nominis
2376 5336 2674 5410 similitudo
2699 5344 2759 5410 ut
2790 5330 3055 5410 [el‘ellerat
3081 5333 3329 5410 librarios
3355 5372 3369 5395 ,
3398 5332 3472 5410 ita
3505 5330 3689 5410 ipsum

529 5400 621 5477 62)
650 5408 806 5462 Colb.
834 5416 1041 5471 sextus,
1069 5400 1465 5477 EEe6tdtcav-co._
1666 5400 1673 5401 ί
2112 5404 2477 5477 interpretem
2519 5405 2731 5477 Eusebii
2784 5403 3158 5477 fefellil,_qni_
3188 5401 3269 5477 sic
3320 5402 3503 5477 v_ertit,
3554 5400 3691 5477 illuc

529 5411 621 5477 62)
650 5411 806 5462 Colb.
834 5416 1041 5471 sextus,
1069 5411 1436 5469 ὲξεὸιάσαντο.

506 5411 622 5550 165)
647 5478 786 5550 Editi
818 5486 873 5550 et
902 5476 1069 5530 nostri
1112 5490 1264 5550 ηις-5.,
1292 5471 1716 5550 ἀναπέμπεται,
1742 5471 1875 5550 illuc
1917 5486 2001 5523 re—

2176 5414 2461 5473 terpretem
2519 5411 2731 5459 Eusebii
2784 5411 2992 5466 fefellit,
3037 5411 3128 5470 qui
3188 5411 3269 5455 sic
3320 5411 3503 5464 vertit,
3554 5411 3691 5450 illus

2176 5476 2410 5550 mittitur.
2442 5475 2642 5550 Ibidem
2666 5476 2769 5528 duo
2789 5488 2941 5550 mss.,
2970 5470 3039 5550 τὰ
3070 5470 3538 5550 παλαιά;.ῐίιιτευε
3580 5468 3692 5522 hoc

437 5540 683 5604 miltititr.
726 5548 830 5599 Sed
862 5561 984 5601 cum
1014 5560 1118 5599 non
1152 5545 1429 5598 videamus
1460 5540 1658 5597 remitti
1704 5542 1793 5612 hic
1832 5542 2003 5612 lecto-
2112 5543 2225 5612 ipso
2256 5545 2307 5596 in
2345 5545 2463 5599 loco
2496 5545 2627 5612 lleg.
2654 5543 2942 5604 secundus,
2979 5540 3468 5612 ἐπαναλαμϐἀνων.

440 5634 555 5673 rem
584 5617 653 5672 ad
682 5616 1083 5687 inscriptionem
1114 5613 1331 5681 psalmi,
1353 5614 1487 5687 _vix,
1520 5626 1641 5687 meo
1661 5610 1885 5687 quidem
1910 5611 1956 5687 ξι

2130 5607 2143 5612 ’
2180 5613 2293 5679 ίϐ-ι)
2314 5617 2445 5684 lteg.
2479 5607 2763 5684 secundus,
2790 5611 3159 5684 ὲταπεινὼθην
3185 5607 3290 5676 ἕως
3313 5607 3544 5683 σφόδρα.

438 5687 604 5756 dicio,
634 5679 867 5744 dubium'
899 5699 1020 5742 esse
1049 5679 1243 5756 potest,
1275 5682 1405 5754 quin
1458 5697 1520 5739 ea
1551 5681 1711 5739 lectio
1755 5680 1809 5736 in
1854 5679 2005 5737 falsis
