3838 6214
167 291 230 345 97
1180 284 1183 287 ’
1259 290 1546 347 HOMILIA
1590 289 1656 344 IN
1695 287 2025 346 PSALMUM
2064 289 2328 347 XXXVII.
3344 295 3412 351 98

166 402 346 471 ἰσχύω
390 402 466 457 ἐν
502 402 586 470 τῷ
619 403 1057 475 ἐνδυναμοῦντί
1080 423 1157 476 με
1201 405 1453 478 Χριστῷ,
1514 405 1741 477 νικηθεὶς

1858 403 2065 460 viribus
2110 405 2424 461 destitutus.
2465 405 2680 463 Etenim
2731 407 2787 463 in
2829 406 2917 472 iis,
2956 407 3049 479 qui
3097 422 3164 463 ex
3195 411 3408 464 Virtutis

165 495 261 548 ὑπὸ
299 494 394 548 τοῦ
426 497 641 562 πάθους
667 498 760 551 καὶ
790 496 1138 569 ὲξατονήσας.
1187 499 1312 553 Ἐπὶ
1364 500 1462 569 μὲν
1487 498 1596 568 γὰρ
1628 496 1738 550 τῶν

164 587 572 658 κατορθούντων
595 600 609 616 ·
650 589 720 643 Τὸ
762 590 999 658 πνεῦμα
1030 592 1357 659 πρόθυμον,
1408 593 1448 659 ἠ
1477 591 1545 643 δὲ
1582 589 1738 660 σὰρξ

162 679 424 748 ἀσθενής
444 697 460 711 ·
498 679 594 734 ἐπὶ
624 680 680 733 δὲ
702 679 810 733 τῶν
836 681 1152 752 νικωμένων
1185 683 1217 752 ἡ
1243 680 1379 753 σὰρξ
1406 682 1738 751 κατεπαίρε-

160 786 243 823 ται
285 770 380 824 καὶ
427 771 739 842 κατισχύει,
773 774 956 826 ἀτονεῖ
986 772 1043 826 δὲ
1078 774 1172 826 καὶ
1205 772 1536 845 ἐξασθενεῖὴ
1566 774 1731 844 ψυχή.

162 857 286 909 Τότε
305 853 421 924 οὖν,
459 858 652 929 φησὶν,
683 860 772 911 ὅτε
801 859 1117 930 ἡμάρτανον
1136 902 1149 926 ,
1187 861 1220 930 ὴ
1250 860 1448 932 καρδία
1478 877 1578 932 μου
1611 862 1735 913 ἐτα-

163 946 355 1019 ράχθη,
387 949 487 1001 καὶ
536 949 863 1017 ἐγκατέλιπέ
898 966 965 1019 με
1006 950 1039 1021 ὴ
1078 950 1230 1019 ἰσχύς
1260 968 1381 1022 μου,
1410 951 1505 1004 καὶ
1532 951 1662 1006 ἄλλο
1685 970 1739 1005 τι

162 1039 389 1110 χαλεπὸν
420 1041 557 1111 περὶ⁵
606 1042 707 1112 ὲμὲ
758 1042 949 1109 γέγονε
992 1042 1125 1112 (65).
1180 1044 1252 1098 Τὸ
1299 1043 1409 1115 γάρ
1457 1043 1584 1113 φῶς
1623 1044 1740 1098 τῶν

162 1131 485 1200 ὀφθαλμῶν
513 1150 635 1202 μου
659 1133 838 1204 (τοῦτο
859 1134 914 1187 δὲ
946 1131 1013 1206 ἦν
1028 1136 1090 1188 τὸ
1119 1137 1459 1208 προφητικὸν
1489 1137 1735 1208 Πνεῦμα,

160 1222 216 1276 τὸ
235 1224 470 1292 φωτίζον
500 1224 667 1278 αὑτοῦ
694 1226 794 1296 τῆς
819 1226 998 1297 ψυχῆς
1032 1227 1131 1299 τὴν
1169 1229 1379 1299 ὅρασιν)
1403 1269 1417 1292 ,
1460 1229 1559 1282 καὶ
1591 1230 1737 1283 αὐτὸ

161 1315 267 1366 οὐκ
298 1310 378 1383 ἦν
396 1314 533 1383 μετ’
557 1314 725 1385 ἐμοῦ,
752 1316 1085 1386 καταλείψάν
1123 1335 1189 1389 με
1224 1319 1317 1372 καὶ
1347 1320 1734 1390 ἁναχωρῆσαν,

172 1402 335 1456 Ἐπεὶ
372 1408 465 1471 εὶς
509 1409 885 1475 κακότεχνον
921 1408 1133 1477 ψυχὴν
1165 1411 1277 1463 οὐκ
1328 1411 1737 1464 εἰσελεύσεται

161 1496 377 1563 σοφία,
428 1497 577 1550 οὐδὲ
626 1498 973 1568 κατοικήσει
1026 1502 1096 1554 ἐν
1143 1500 1370 1571 σώματι
1429 1502 1738 1571 κατάχρεῳ

160 1587 460 1655 ἁμαρτίας.
497 1591 695 1659 Ἃγιον
718 1591 827 1659 γὰρ
867 1591 1110 1661 Πνεῦμα
1142 1592 1413 1659 παιδείας
1457 1593 1736 1662 φεύξεται

160 1675 356 1740 δόλον,
398 1679 499 1731 καὶ
552 1679 1041 1746 (ἐπαναστήσεται
1092 1682 1204 1753 (66)
1261 1682 1379 1736 ἀπὸ
1430 1682 1737 1751 λογισμῶν

160 1767 484 1822 ἀσυνέτων.
519 1772 907 1842 Ἀναχωρῆσαν
936 1773 1113 1826 τοίνυν
1142 1773 1234 1826 ἀπ’
1252 1773 1414 1826 αὑτοῦ
1437 1774 1495 1826 τὸ
1509 1773 1733 1845 Πνεῦμα

160 1860 217 1911 τὸ
242 1859 418 1928 ἅγιον,
442 1861 652 1932 ἔρημον
685 1864 845 1916 αὐτὸν
871 1863 1162 1919 κατέλιπεν
1189 1864 1327 1935 μετὰ
1350 1865 1410 1918 τὸ
1455 1866 1733 1937 ταραχθῆ-

159 1967 239 2004 ναι
278 1952 442 2005 αὑτοῦ
495 1954 598 2025 τὴν
639 1955 886 2024 καρδίαν,
929 1958 1023 2010 καὶ
1064 1956 1381 2027 ἐξατονῆσαι
1417 1956 1581 2009 αὐτοῦ
1634 1958 1731 2028 τὴν

164 2041 329 2111 ίσχὺν.
360 2043 498 2096 Τότε
531 2044 639 2114 γὰρ
686 2046 782 2098 καὶ
817 2046 878 2098 τὸ
911 2046 1029 2116 φῶς
1078 2046 1186 2099 τῶν
1234 2046 1526 2117 ὀφθαλμῶν
1565 2045 1730 2100 αὑτοῦ

160 2128 357 2202 ἔρημον
394 2132 564 2186 αὐτὸν
602 2134 806 2189 εἴασεν.
855 2135 1016 2190 Ἀλλὰ
1057 2137 1224 2189 κοιὶοὶ
1256 2136 1518 2207 πρότερον
1565 2136 1729 2190 αὐτοῦ

162 2223 314 2291 φίλοι,
349 2226 445 2278 καὶ
480 2228 534 2279 οἱ
580 2227 808 2297 πλησίον
846 2226 1013 2281 αὐτοῦ
1036 2269 1049 2292 ,
1097 2229 1147 2281 οἱ
1190 2227 1281 2281 τὸν
1313 2227 1492 2281 πάντα
1541 2228 1730 2300 χρόνον

158 2315 297 2385 αὒτῷ
316 2318 595 2382 συνόντες,
618 2308 876 2383 ἐάσαντες
901 2319 1084 2384 αὐτὸν,
1102 2318 1419 2388 Μακρόθεν
1437 2319 1730 2387 ἔστησαν,

160 2407 331 2461 οὐκέτι
381 2410 538 2481 αὐτῷ
583 2413 818 2466 συνεῖναι
871 2411 1218 2482 βουλόμενοι,
1268 2410 1549 2484 πόρρωθεν
1591 2412 1729 2464 ἁπο-

160 2505 488 2577 κλαιόμενοι,
539 2509 616 2572 ὡς
672 2508 837 2576 ἔοικε,
896 2510 1049 2579 φίλου
1106 2511 1412 2581 συμφοράν.
1461 2510 1617 2574 Τίνες
1673 2510 1730 2563 δὲ

160 2591 308 2666 ἦσαν,
341 2599 458 2653 ἀλλ’
495 2599 530 2670 ἢ
568 2602 616 2653 οἱ
667 2602 760 2654 ἐπὶ
802 2604 917 2666 τοῖς
959 2602 1245 2673 προτέροις
1293 2601 1457 2655 αὐτοῦ
1510 2603 1731 2671 ἀγαθοῖς

161 2688 457 2759 χαίροντες,
513 2692 733 2761 ἄγγελοι
782 2693 982 2764 δηλαδὴ
1040 2692 1237 2762 ἀγαθοὶ
1285 2694 1378 2746 καὶ
1429 2693 1730 2766 λειτουργοὶ

162 2776 306 2845 Θεοῦ,
340 2783 407 2851 τῇ
451 2780 563 2835 τῶν
598 2781 900 2854 ἀνθρώπων
931 2783 1246 2856 συγχαίρειν
1281 2783 1530 2848 εἰωθότες
1564 2801 1733 2856 σωτη-

164 2867 247 2939 ρίᾳ
262 2886 279 2935 ;
298 2871 349 2924 si
371 2889 458 2940 γε,
493 2874 589 2926 ἐπὶ
615 2873 923 2945 ἁμαρτωλῷ
956 2875 1324 2945 μετανοοῦντι,
1352 2875 1409 2928 ὲν
1435 2878 1548 2938 τοῖς
1566 2877 1728 2948 οὐρα*

160 2960 262 3021 νοῖς
284 2961 424 3032 χαρά
443 2961 676 3031 γίνεται·
707 2962 816 3017 Καὶ
841 2963 1206 3034 παρεμϐαλεῖ
1227 2963 1480 3035 ἅγγελος
1504 2966 1727 3035 Κυρίου

162 3047 353 3116 κύκλῳ
375 3050 501 3104 τῶν
531 3052 917 3122 φοϐουμένων
939 3056 1146 3111 αὐτόν.
1174 3055 1285 3108 Καὶ
1313 3049 1460 3109 οὗτοι
1478 3051 1570 3109 οὖν
1598 3057 1728 3111 πάν-

1841 499 2159 570 ιιηεεοτῖριο
2218 507 2404 568 agunt,
2458 498 2693 567 Spiritus
2730 500 2938 570 quidem
2983 507 3257 569 promptus
3312 512 3410 568 est,

1838 607 1962 644 caro
1990 601 2166 643 tamen
2211 589 2521 657 inﬁrma“;
2564 591 2616 644 in
2667 591 2734 645 iis
2784 605 2932 657 vero,
2966 591 3057 659 qui
3089 592 3410 655 vincuntur,

1837 680 2061 735 e‘ﬂ‘ertur
2107 694 2260 746 caro,
2288 690 2344 734 et
2373 681 2678 747 invalescit,
2724 683 2905 736 anima
2935 697 3064 736 vero
3094 682 3314 752 languet
3349 696 3409 734 ac

1838 775 2168 829 debilitatur.
2194 772 2346 829 Tunc
2372 774 2557 845 igitur,
2585 775 2682 840 ait,
2702 790 2822 829 cum
2847 776 3087 845 peccavi,
3114 791 3209 830 cor
3232 790 3407 829 meum

1838 870 2221 924 conturbatum
2263 877 2366 931 est,
2403 868 2803 937 dereliquilque
2847 882 2932 921 me
2979 868 3157 922 virtus
3188 882 3330 932 mea,
3356 878 3406 922 e3

1837 960 1982 1014 aliud
2033 960 2310 1029 quidpiam
2357 975 2523 1029 grave
2579 960 2711 1015 mihi
2774 960 2987 1014 accidit.
3026 959 3406 1013 Lumen‘enim

1837 1053 2108 1107 oculorum
2132 1068 2364 1105 meorum
2398 1052 2526 1121 (hoc
2552 1060 2732 1106 autem
2761 1060 2879 1105 erat
2908 1051 3258 1119 propheticus
3288 1048 3380 1118 Spi

1837 1145 1999 1210 ritus,
2034 1144 2124 1213 qui
2160 1144 2334 1198 visum
2367 1144 2561 1197 animae
2593 1143 2763 1210 ipsius
2794 1141 3141 1213 illuStrabat),
3168 1150 3213 1194 et
3239 1142 3404 1209 ipsum

1837 1253 1939 1290 non
1969 1244 2084 1290 erat
2116 1253 2317 1290 mecum
2337 1250 2356 1288 :
2378 1250 2462 1289 me
2486 1233 2689 1303 quippe
2724 1233 3094 1302 dereliquerat
3127 1248 3190 1286 ac
3220 1246 3375 1286 reces

1838 1337 2005 1391 serat,
2042 1326 2181 1392 Quia
2218 1329 2272 1381 in
2319 1326 2629 1379 malevolam
2670 1325 2900 1400 animam
2933 1341 3035 1377 non
3068 1323 3300 1376 introibit
3322 1339 3405 1375 sac

1834 1420 2055 1488 pientia,
2088 1435 2179 1472 nec
2212 1416 2470 1471 habitabit
2525 1417 2580 1470 in
2640 1431 2857 1482 corpore
2895 1414 3102 1467 subdito
3158 1413 3406 1481 peccatis.

1837 1510 2066 1578 Spiritus
2109 1512 2245 1564 enim
2275 1517 2488 1562 sanctus
2527 1506 2824 1574 disciplinae
2857 1507 3071 1575 e/Tugiet
3113 1505 3314 1570 dolum,
3361 1514 3407 1558 et

1836 1602 2040 1672 auferet
2062 1619 2116 1657 se
2141 1619 2169 1655 a
2189 1600 2613 1668 cogitationibus,
2637 1615 2754 1669 qua:
2777 1609 2898 1652 sunt
2930 1600 3043 1652 sine
3061 1598 3323 1651 intellectu
3342 1596 3407 1651 ³⁸.

1837 1696 2023 1763 Itaque
2068 1691 2228 1747 simul
2262 1703 2320 1746 ut
2363 1690 2599 1761 Spiritus
2657 1699 2881 1745 sanctus
2925 1690 2993 1744 ab
3031 1690 3123 1744 illo
3162 1690 3408 1755 recessit,

1766 1774 1804 1827 Β
1836 1787 2054 1855 reliquit
2099 1800 2224 1840 eum
2265 1783 2590 1846 desolatam,
2625 1792 2976 1852 posteaquam
3029 1783 3408 1836 conturbatum

1834 1877 2011 1933 fuerat
2039 1894 2138 1934 cor
2168 1877 2303 1948 ejus,
2336 1891 2400 1931 ac
2429 1876 2613 1930 fractae
2638 1875 2851 1929 fuerant
2885 1876 3027 1929 illius
3064 1874 3226 1929 vires.
3259 1873 3408 1928 Tunc

1831 1968 1978 2023 enim
2019 1976 2074 2021 et
2120 1966 2299 2022 lumen
2328 1963 2608 2019 oculorum
2636 1960 2750 2034 ejus
2780 1964 2954 2033 ipsum
2984 1962 3277 2032 dereliquit
3311 1962 3409 2016 de-

1832 2056 2216 2115 solatum.lmo
2236 2055 2401 2112 etiam
2429 2056 2521 2124 qui
2558 2065 2719 2111 antea
2750 2054 2910 2109 amici
2947 2063 2999 2109 et
3023 2054 3257 2123 proximi
3286 2051 3405 2121 ejus

1831 2159 2009 2214 erant,
2057 2149 2152 2218 qui
2197 2161 2321 2202 cum
2372 2148 2491 2215 ipso
2533 2145 2685 2201 omni
2738 2154 2982 2215 tempore
3029 2145 3304 2209 vixerant,
3340 2157 3408 2198 eo

1833 2241 2041 2306 relicto,
2082 2239 2158 2293 De
2189 2238 2338 2308 longe
2375 2246 2654 2302 steterunt,
2685 2252 2807 2292 cum
2864 2220 3069 2291 nollent
3111 2235 3252 2290 ultra
3281 2250 3405 2291 cum

1830 2330 1948 2399 ipso
1980 2331 2197 2400 degere,
2230 2329 2325 2384 sed
2364 2327 2575 2398 procul,
2605 2336 2665 2382 ut
2711 2327 2949 2391 videtur,
2981 2326 3142 2381 amici
3187 2325 3409 2381 calami-

1834 2430 1997 2475 tatem
2037 2420 2417 2490 deplorabant.
2451 2418 2682 2486 Quinam
2717 2428 2903 2474 autem
2938 2418 3032 2481 illi,
3069 2417 3173 2473 nisi
3213 2417 3306 2486 qui
3340 2417 3409 2472 de

1831 2512 2100 2581 prioribus
2153 2511 2270 2580 ejus
2316 2510 2473 2564 bonis
2522 2507 2865 2573 laetabantur,
2936 2506 3190 2561 videlicet
3232 2502 3406 2574 angeli

1830 2602 1958 2657 boni
2004 2615 2068 2655 ac
2111 2601 2347 2654 ministri
2390 2598 2507 2663 Dei,
2540 2598 2633 2667 qui
2684 2598 2751 2654 de
2787 2597 3065 2652 hominum
3099 2597 3272 2651 salute
3300 2608 3406 2648 una

1831 2691 2070 2762 gaudere
2100 2689 2307 2746 solent?
2329 2689 2538 2760 Quippe
2576 2688 2647 2743 ob
2684 2697 3026 2757 peccatorem
3051 2688 3404 2758 pmnitentem

1831 2784 2084 2852 gaudium
2130 2784 2183 2837 in
2225 2782 2377 2837 caelis
2425 2781 2670 2836 exoritur
2691 2780 2732 2811 ³⁵
2752 2766 2778 2834 ἐ
2808 2772 3092 2834 Et‘castra
3125 2776 3407 2832 metabitur

1830 2874 2046 2946 angelus
2079 2873 2294 2928 Domini
2329 2873 2385 2927 in
2417 2873 2640 2927 circuitu
2676 2870 2971 2926 timentium
3013 2885 3131 2923 eum
3151 2868 3216 2923 ¹⁶.
3245 2867 3312 2922 Et
3344 2867 3402 2921 hi

1829 2967 1993 3036 igitur
2023 2980 2210 3021 omnes
2236 2965 2455 3020 Davidis
2484 2962 2660 3028 amici,
2700 2963 2905 3031 peccati
2926 2963 3120 3031 .ipsius
3157 2971 3404 3030 tempore

1830 3062 2176 3112 recesserunt
2213 3062 2563 3119 aversantes;
2613 3067 2719 3106 non
2755 3061 2937 3108 tamen
2981 3052 3202 3122 penitus
3248 3052 3396 3106 illum

162 3153 246 3201 τες
272 3141 320 3192 οἱ
338 3140 431 3195 τοῦ
456 3119 629 3196 Δαήὸὶδ
665 3119 831 3213 φίλοι,
857 3145 1000 3199 κατὰ
1024 3147 1114 3199 τὸν
1135 3147 1234 3217 τῆς
1267 3146 1541 3217 ἁμαρτίας
1559 3147 1724 3201 αὐτοῦ

1834 3151 2207 3212 deseruerunt,
2239 3156 2295 3203 at
2321 3146 2481 3218 longe
2518 3156 2726 3203 stantes
2747 3119 3018 3217 lugebant.
3057 3145 3222 3201 Docet
3270 3159 3403 3200 sane

164 3230 340 3301 καιρὸν
380 3230 698 3304 ἀνεχώρουν
744 3235 1246 3307 ἀποστρεφόμενοι⁸
1295 3236 1354 3288 οὐ
1392 3236 1498 3307 μὴν
1551 3237 1728 3307 πάντη

165 3321 313 3376 αὑτὸν
339 3324 767 3397 κατελίμπανον,
797 3326 1016 3398 μακρὰν
1052 3327 1110 3380 δὲ
1149 3327 1383 3391 ἑστῶτες
1408 3327 1693 3380 ὲπέστενον
1711 3341 1725 3357 ·

164 3411 190 3465 ὃ
207 3412 267 3484 δὴ
289 3417 379 3469 καὶ
405 3417 542 3470 αὐτὸ
564 3418 676 3488 (67)
704 3418 965 3484 διδάσκει,
990 3419 1164 3488 λέγων
1183 3436 1197 3450 ·
1219 3421 1284 3472 Οἱ
1306 3419 1470 3488 φίλοι
1488 3436 1607 3488 μου
1630 3420 1727 3473 καὶ

165 3505 214 3557 oi
246 3509 513 3575 πλησίον
554 3526 677 3578 μου
723 3509 793 3574 ἐξ
825 3509 1106 3578 ἐναντίας
1130 3528 1250 3581 μου
1278 3510 1573 3581 ἤγγισαν,
1627 3509 1726 3564 καὶ

165 3592 566 3663 ἐστησαν.Καὶ
590 3600 646 3651 οἱ
667 3597 912 3669 ἔγγιστά
933 3616 1072 3669 μου,
1103 3600 1222 3654 ἀπὸ
1239 3600 1536 3669 μακρόθεν
1553 3599 1730 3666 ἕστη-

167 3698 294 3740 σαν.
321 3682 420 3741 ’Ὧν
456 3689 677 3760 μακράν
711 3706 811 3761 μου
842 3690 1174 3761 γενομένων,
1205 3689 1353 3745 ἄλλοι
1383 3690 1528 3754 τινὲς
1554 3692 1602 3743 οἱ
1627 3691 1727 3761 τὴν

168 3773 423 3845 ἁμαρτίαν
457 3777 811 3850 ἐνεργοῦντες
843 3779 1070 3851 πλησίον
1124 3796 1224 3852 μου
1269 3778 1572 3851 γενόμενοι,
1637 3779 1723 3843 ὲξυ

168 3863 449 3934 εὸιάζοντο,
488 3870 583 3923 καὶ
617 3870 718 3940 τῆς
749 3871 891 3941 ὲμῆς
919 3871 1100 3942 ψυχῆς
1127 3870 1479 3935 κατέπαιζον.
1512 3869 1602 3923 Διὸ
1628 3872 1728 3924 e1:-

169 3953 296 4024 άγει,
322 3958 517 4029 λέγων’
536 3958 927 4026 Ἐεεϐιάζοντο
948 3963 1004 4015 οἱ
1035 3958 1350 4031 ζητοῦντες
1368 3958 1485 4027 τὴν
1512 3958 1726 4029 ψυχήν

162 4060 270 4113 μου
287 4065 301 4079 ·
335 4051 431 4104 καὶ
453 4052 511 4105 οἱ
538 4048 852 4119 ζητοῦντες
875 4050 946 4105 τὰ
981 4050 1138 4103 κακά
1150 4067 1252 4120 μοι
1279 4049 1390 4120 (68)
1411 4048 1726 4117 ἐλάλησαν

165 4144 543 4213 ματαιότητος
562 4183 577 4210 ,
623 4141 725 4197 καὶ
769 4142 1123 4211 δολιότητας
1162 4143 1318 4212 ὅλην
1348 4141 1465 4211 τὴν
1494 4141 1725 4211 ἡμέραν

169 4226 540 4303 ἐμελέτησαν.
586 4234 762 4289 Πάλαι
798 4234 907 4306 γὰρ
951 4227 1096 4289 οὗτοι
1150 4235 1411 4305 διψῶντες
1456 4235 1550 4289 τοῦ
1588 4235 1721 4307 ἐμοῦ

172 4322 400 4393 αἵματος,
420 4328 519 4381 καὶ
538 4328 604 4380 ὲκ
631 4326 861 4399 μακρῶν
880 4327 1089 4399 χρόνων
1114 4328 1398 4399 εὐχόμενοι
1422 4327 1720 4382 θεάσασθαί

1828 3240 2082 3309 idipsum,
2120 3240 2345 3294 dicens:
2378 3238 2550 3292 Amici
2587 3239 2687 3292 mei
2726 3248 2774 3292 et
2822 3236 3046 3307 proximi
3088 3237 3185 3289 mei
3222 3235 3404 3288 adver-

1827 3346 1945 3383 sum
1963 3345 2045 3383 me
2059 3329 2620 3399 appropinquaverunt,
2651 3338 2698 3382 et
2731 3335 3005 3383 steterunt.
3034 3326 3103 3380 Et
3133 3325 3223 3396 qui
3242 3328 3401 3394 juxta

1828 3435 1910 3474 me
1940 3429 2110 3485 erant,
2135 3420 2200 3473 de
2244 3418 2396 3489 longe
2421 3427 2693 3473 steterunt.
2719 3418 2925 3484 Quibus
2964 3415 3156 3486 procul
3191 3430 3279 3471 me
3298 3429 3399 3486 ρο-

1827 3512 1972 3576 sitis,
2006 3511 2099 3565 alii
2138 3511 2358 3580 quidam
2389 3511 2599 3579 peccati
2646 3507 3079 3577 auctoresjuxta
3119 3521 3207 3564 me
3246 3516 3401 3563 stan-

1829 3610 1932 3669 tes,
1956 3600 2064 3657 vim
2093 3600 2386 3666 i‘aciebant,
2417 3611 2473 3656 et
2505 3601 2698 3656 animae
2725 3598 2890 3671 369
2918 3599 3217 3655 illudebant
3242 3612 3398 3654 meae.

1825 3691 1952 3749 Ideo
1983 3692 2165 3748 subdit
2193 3709 2208 3745 :
2251 3690 2364 3745 Vim
2403 3691 2667 3760 faciebant
2695 3692 2800 3761 qui
2831 3690 3134 3761 quierebant
3164 3689 3398 3743 animam

1826 3800 1995 3838 meam
2024 3796 2044 3835 :
2071 3792 2123 3836 et
2167 3783 2255 3853 qui
2300 3782 2631 3851 inquirebant
2684 3781 2826 3837 mala
2864 3782 3015 3847 mihi,
3063 3781 3227 3836 locuti
3272 3788 3396 3835 sunt

1824 3874 2099 3939 vanitates,
2142 3883 2189 3927 et
2230 3872 2379 3926 dolos
2412 3881 2522 3926 tota
2567 3873 2653 3928 die
2691 3873 3099 3928 meditabantur.
3145 3871 3210 3927 Hi
3242 3886 3399 3926 nam-

1826 3979 1931 4034 que
1947 3964 2076 4018 olim
2108 3963 2357 4019 sitientes
2381 3964 2700 4031 sanguinem
2736 3979 2939 4034 meum,
2975 3972 3138 4035 atque
3161 3979 3193 4019 a
3219 3961 3396 4034 longis

1826 4066 1975 4111 retro
2001 4054 2335 4124 temporibus
2360 4063 2710 4124 per0ptantes
2740 4056 2949 4111 ruinam
2974 4056 3161 4112 videre
3189 4070 3393 4125 meam,

1827 4146 1981 4217 quasi
2009 4146 2471 4216 opportunitatem
2499 4147 2668 4209 nacti.
2691 4162 2813 4201 cum
2841 4148 3092 4204 viderent
3125 4148 3384 4203 virtutem

1825 4250 1999 4292 meam
2026 4250 2112 4291 me
2140 4235 2514 4305 dereliquisse,
2549 4249 2603 4291 et
2631 4236 2811 4291 lumen
2840 4237 3118 4293 oculorum
3148 4252 3390 4293 meorum

1823 4341 1854 4379 a
1890 4340 1978 4380 me
2008 4325 2319 4389 recessisse,
2353 4326 2557 4380 amicos
2584 4339 2803 4394 quoque
2830 4339 2980 4381 meos
3005 4334 3061 4382 et
3090 4342 3240 4382 meos
3263 4341 3392 4397 pro-

173 4426 261 4480 μου
286 4416 380 4486 τὴν
411 4417 642 4484 πτῶσιν,
664 4418 866 4472 ὡσανεὶ
895 4418 1089 4490 καιροῦ
1118 4419 1429 4489 λαϐόμενοι,
1459 4419 1549 4472 ὅτε
1577 4415 1719 4473 εἶδον

1834 4419 2001 4472 ximos
2041 4417 2230 4488 procul
2278 4432 2311 4472 a
2347 4432 2432 4472 me
2481 4429 2744 4480 remotos,
2793 4417 3078 4475 confestim
3119 4419 3392 4475 irruentes

169 4505 551 4580 καταλείψασαν
578 4526 651 4589 με⁶
671 4509 782 4581 (69)
814 4510 913 4581 τὴν
945 4509 1098 4580 ἰσχύν
1124 4512 1359 4581 μου,κα“ι
1376 4510 1439 4564 τὸ
1469 4509 1583 4578 φῶς
1613 4509 1721 4564 τῶν

1834 4512 1932 4564 vim
1961 4509 2233 4566 faciebant
2262 4510 2454 4565 anima:
2483 4525 2648 4575 mete;
2685 4520 2869 4580 atque,
2897 4519 3082 4581 utpote
3106 4511 3382 4577 malevoli,

168 4592 437 4671 ὀφθαλμῶν
471 4618 571 4672 μου
605 4602 967 4674 ἀναχωρῆσάν
997 4619 1121 4672 μου,
1155 4602 1281 4666 τούς
1309 4620 1370 4656 τε
1403 4603 1590 4672 φίλους
1619 4620 1721 4674 μου

1834 4600 2008 4655 Locuti
2041 4609 2166 4656 sunt
2203 4602 2481 4669 vanitates,
2517 4602 2662 4656 intus
2693 4616 2974 4657 sermones
2995 4616 3163 4657 vanos
3191 4603 3389 4657 animae

171 4688 254 4741 καὶ
280 4682 396 4757 τοὺς
438 4694 667 4764 πλησίον
699 4711 801 4765 μου
846 4693 1064 4765 μακράν
1093 4711 1195 4765 μου
1226 4695 1580 4766 γενομένους·
1619 4713 1724 4749 πα-

173 4782 408 4855 ραχρῆμα
440 4785 878 4857 ἐπιπηδήσαντες
910 4783 1250 4865 ὲξεὸιάζοντο
1264 4785 1362 4858 τὴν
1382 4787 1563 4858 ψυχήν
1595 4805 1718 4858 μου,

172 4870 251 4923 καὶ
295 4874 366 4938 ὡς
414 4876 482 4930 ἂν
509 4874 841 4944 ὲθελόκακοι,
902 4875 1245 4944 Ἐλάλησαν
1279 4878 1715 4946 ματαιότητας,

170 4959 297 5018 ἔνδον
326 4967 712 5033 ὑποϐάλλοντές
755 4986 856 5039 μου
898 4970 965 5042 τῇ
1012 4969 1155 5039 ψυχῇ
1192 4968 1462 5039 ματαίους
1496 4965 1687 5036 λόγους
1714 4982 1727 4997 ·

1821 4705 1953 4745 mea:
1981 4698 2356 4760 suggerentes,
2401 4691 2509 4746 imo
2542 4691 2707 4745 etiam
2755 4690 2944 4746 dolose
2992 4690 3385 4755 demulcentes,

1817 4796 1882 4836 ac
1906 4781 2258 4850 decipientes,
2289 4780 2448 4849 quasi
2486 4795 2573 4835 me
2603 4782 2669 4835 ad
2707 4780 2848 4836 bona
2884 4781 3223 4847 inescabant,
3258 4783 3386 4837 dum

1818 4873 1869 4927 in
1904 4880 2183 4941 peccatqu
2223 4883 2307 4923 me
2333 4871 2633 4926 traherent.
2666 4870 2874 4926 Idcirco
2905 4870 3125 4941 subjicit
3153 4888 3166 4925 :
3198 4869 3387 4925 [ἐι-ὀο-

1813 4966 1891 5018 los
1924 4975 2032 5017 tota
2066 4964 2153 5017 die
2186 4965 2602 5021 meditabantur.

171 5055 286 5113 ἀλλὰ
310 5066 399 5118 καὶ
431 5067 527 5119 σὺν
550 5061 683 5138 δόλῳ
714 5066 993 5134 θέλγοντες
1022 5066 1115 5118 καὶ
1138 5065 1471 5130 ἀπατῶντες,
1500 5066 1575 5128 ὼς
1612 5064 1704 5117 ἐπὶ
1741 5062 1963 5131 ἀγαθοῖς
1993 5061 2289 5127 ὲδελέαζον,
2317 5060 2671 5127 καθέλκοντές
2732 5079 2801 5134 με
2864 5063 2944 5126 εἰς
2965 5060 3066 5134 τὴν
3095 5061 3386 5133 ἁμαρτίαν.

170 5151 248 5205 Διὸ
266 5155 450 5226 ἐπάγει
481 5158 613 5230 (70)·
643 5160 755 5215 Καὶ
786 5159 1132 5227 δολιότητας
1165 5157 1316 5225 ὅλην
1337 5156 1452 5225 τὴν
1484 5156 1712 5226 ἡμέραν
1744 5154 2138 5225 ἐμελέτησαν.

232 5285 271 5317 “
296 5287 475 5344 Matth.
504 5308 654 5360 xxvi,
679 5293 771 5348 41.

233 5392 334 5468 (65)
356 5398 506 5453 Colb.
537 5401 764 5468 primus,
798 5399 1032 5467 ἐγένετο.

231 5464 330 5538 (αἱ)
356 5464 580 5523 Codices
615 5479 743 5534 tres,
772 5464 1222 5538 ἐπαναστήσεται.
1255 5466 1374 5523 Mox
1414 5468 1561 5538 editi.
1593 5468 1707 5521 τοί-

170 5546 251 5608 γρν
278 5537 449 5608 αὑτοῦ.
485 5540 619 5608 Ileg.
660 5542 960 5601 secundus,
991 5537 1168 5591 τοίνυν
1194 5540 1288 5592 ἀπ’
1315 5537 1501 5604 αὑτοῦ,
1549 5541 1704 5593 bene.

172 5599 302 5680 liaud
331 5607 479 5680 longe
507 5599 616 5680 tres
657 5624 820 5680 mss,
861 5599 1244 5680 καταλέλοιπε.
1292 5599 1531 5666 Subinde
1570 5609 1703 5680 Reg.

174 5674 696 5751 κιξῇρβηᾷξατονῆσαι
723 5678 886 5751 αὐτοῦ
911 5680 1009 5751 τὴν
1036 5678 1233 5749 ψυχήν.

229 5740 327 5811 (67)
361 5740 504 5806 Urius
541 5740 669 5816 m's.,
704 5749 883 5811 αὑτός.

874 5291 918 5324 ³⁸
948 5290 1073 5361 Sap.
1103 5307 1143 5356 ι,
1168 5291 1221 5359 4,
1250 5290 1303 5345 5.
1379 5290 1423 5322 ¹⁸
1449 5290 1583 5346 Luc.
1608 5305 1696 5355 xv,
1727 5288 1778 5341 7.
1857 5287 1903 5320 “
1938 5288 2080 5343 Psal.
2112 5304 2307 5354 xxxul,
2339 5289 2393 5345 8.

1884 5397 1998 5467 (68)
2038 5400 2114 5453 ita
2148 5384 2296 5454 ηίῐιιιε
2335 5417 2463 5457 mss.
2500 5398 2739 5462 Atediti,
2771 5398 2850 5452 διὸ
2880 5398 3138 5467 ἐπιλέγει,
3169 5396 3379 5464 ἐξεϐιά-

1811 5468 1964 5532 ζοντο
1995 5470 2353 5540 οἱνζητοῦντες
2384 5479 2451 5526 τα
2476 5471 2622 5525 κακά
2649 5486 2759 5540 μοι,
2788 5474 2925 5523 haud
2944 5473 3182 5537 'iuteg‘l'e.

1883 5540 1996 5607 (69)
2036 5539 2126 5621 _S_Ic
2151 5543 2305 5598 Golh.
2344 5544 2551 5621 primus
2578 5539 2697 5595 cum
2727 5541 2859 5610 lteg.
2898 5546 3156 5595 secundo.
3180 5539 3383 5596 Deerat

1811 5611 1879 5681 μέ
1909 5628 1958 5681 ψ
1977 5611 2162 5681 editis.

1882 5679 1992 5752 (70)
2009 5677 2107 5752 _l_ta
2132 5695 2262 5739 mss.
2285 5681 2426 5740 Editi
2449 5696 2594 5752 vero,
2623 5680 2703 5736 διό
2734 5681 2826 5736 καὶ
2847 5682 2935 5736 ὲπ.
2953 5678 3089 5752 Reg.
3109 5680 3407 5751 secundus

1808 5749 1886 5803 διὸ
1916 5749 2173 5817 ἐπιλέγει.
