  <div class='ocr_page' id='page_1' title='image "/cluster/home/n/w/nwhite01/storage/ocr_20150623/30/nnc1.0046978810/057.png"; bbox 0 0 3838 6214; ppageno 0'>
   <div class='ocr_carea' id='block_1_1' title="bbox 428 312 1985 378">
    <p class='ocr_par' dir='ltr' id='par_1_1' title="bbox 428 313 1985 375">
     <span class='ocr_line' id='line_1_1' title="bbox 428 313 1985 375; baseline 0.001 -2"><span class='ocrx_word' id='word_1_1' title='bbox 428 319 498 375; x_wconf 83' lang='grc'><strong>99</strong></span> <span class='ocrx_word' id='word_1_2' title='bbox 1387 313 1728 372; x_wconf 74' lang='lat' dir='ltr'><strong>APPE‘NDIX</strong></span> <span class='ocrx_word' id='word_1_3' title='bbox 1770 316 1985 374; x_wconf 77' lang='lat' dir='ltr'><strong>OPERI</strong></span> 
     </span>
    </p>
   </div>
   <div class='ocr_carea' id='block_1_2' title="bbox 2094 312 2715 378">
    <p class='ocr_par' dir='ltr' id='par_1_2' title="bbox 2101 318 2715 378">
     <span class='ocr_line' id='line_1_2' title="bbox 2101 318 2715 378; baseline 0 -4"><span class='ocrx_word' id='word_1_4' title='bbox 2101 318 2161 374; x_wconf 85' lang='lat' dir='ltr'><strong>S.</strong></span> <span class='ocrx_word' id='word_1_5' title='bbox 2195 318 2438 374; x_wconf 75' lang='lat' dir='ltr'><strong>BASlLll</strong></span> <span class='ocrx_word' id='word_1_6' title='bbox 2477 318 2715 378; x_wconf 73' lang='lat' dir='ltr'><strong>MAGNI.</strong></span> 
     </span>
    </p>
   </div>
   <div class='ocr_carea' id='block_1_3' title="bbox 3576 321 3681 376">
    <p class='ocr_par' dir='ltr' id='par_1_3' title="bbox 3576 321 3681 376">
     <span class='ocr_line' id='line_1_3' title="bbox 3576 321 3681 376; baseline 0.019 -2"><span class='ocrx_word' id='word_1_7' title='bbox 3576 321 3681 376; x_wconf 71' lang='lat'><strong>£0)</strong></span> 
     </span>
    </p>
   </div>
   <div class='ocr_carea' id='block_1_4' title="bbox 502 425 1985 503">
    <p class='ocr_par' dir='ltr' id='par_1_4' title="bbox 502 425 1985 498">
     <span class='ocr_line' id='line_1_4' title="bbox 502 425 1985 498; baseline -0.003 -12"><span class='ocrx_word' id='word_1_8' title='bbox 502 432 554 486; x_wconf 91' lang='lat'><strong>6.</strong></span> <span class='ocrx_word' id='word_1_9' title='bbox 582 430 745 486; x_wconf 73' lang='lat' dir='ltr'><strong>Vens.</strong></span> <span class='ocrx_word' id='word_1_10' title='bbox 782 428 870 493; x_wconf 77' lang='lat' dir='ltr'><strong>M,</strong></span> <span class='ocrx_word' id='word_1_11' title='bbox 904 427 988 482; x_wconf 82' lang='lat' dir='ltr'><strong>l5.</strong></span> <span class='ocrx_word' id='word_1_12' title='bbox 1022 425 1132 498; x_wconf 82' lang='lat' dir='ltr'><strong>Ego</strong></span> <span class='ocrx_word' id='word_1_13' title='bbox 1164 436 1340 481; x_wconf 84' lang='lat' dir='ltr'><strong>autem</strong></span> <span class='ocrx_word' id='word_1_14' title='bbox 1372 435 1624 497; x_wconf 81' lang='lat' dir='ltr'><strong>tanquam</strong></span> <span class='ocrx_word' id='word_1_15' title='bbox 1661 429 1856 482; x_wconf 72' lang='lat' dir='ltr'><strong>surdus</strong></span> <span class='ocrx_word' id='word_1_16' title='bbox 1896 445 1985 482; x_wconf 74' lang='lat' dir='ltr'><strong>nor</strong></span> 
     </span>
    </p>
   </div>
   <div class='ocr_carea' id='block_1_5' title="bbox 2094 425 3683 503">
    <p class='ocr_par' dir='ltr' id='par_1_5' title="bbox 2171 428 3683 503">
     <span class='ocr_line' id='line_1_5' title="bbox 2171 428 3683 503; baseline 0.005 -19"><span class='ocrx_word' id='word_1_17' title='bbox 2171 428 2226 484; x_wconf 87' lang='grc'><strong>6.</strong></span> <span class='ocrx_word' id='word_1_18' title='bbox 2270 431 2415 500; x_wconf 78' lang='grc' dir='ltr'><strong>Ἐγὼ</strong></span> <span class='ocrx_word' id='word_1_19' title='bbox 2440 430 2509 485; x_wconf 79' lang='grc' dir='ltr'>δὲ</span> <span class='ocrx_word' id='word_1_20' title='bbox 2543 432 2688 486; x_wconf 69' lang='grc' dir='ltr'>ὡσεὶ</span> <span class='ocrx_word' id='word_1_21' title='bbox 2723 432 2921 502; x_wconf 72' lang='grc' dir='ltr'>κωφὸς</span> <span class='ocrx_word' id='word_1_22' title='bbox 2949 435 3059 488; x_wconf 83' lang='grc' dir='ltr'>οὐκ</span> <span class='ocrx_word' id='word_1_23' title='bbox 3096 433 3344 503; x_wconf 73' lang='grc' dir='ltr'>ἤκουον,</span> <span class='ocrx_word' id='word_1_24' title='bbox 3379 434 3481 491; x_wconf 77' lang='grc' dir='ltr'>καὶ</span> <span class='ocrx_word' id='word_1_25' title='bbox 3532 436 3683 492; x_wconf 78' lang='grc' dir='ltr'>ὠσει</span> 
     </span>
    </p>
   </div>
   <div class='ocr_carea' id='block_1_6' title="bbox 429 521 1998 588">
    <p class='ocr_par' dir='ltr' id='par_1_6' title="bbox 429 521 1998 588">
     <span class='ocr_line' id='line_1_6' title="bbox 429 521 1998 588; baseline -0.002 -10"><span class='ocrx_word' id='word_1_26' title='bbox 429 524 728 585; x_wconf 81' lang='lat' dir='ltr'><strong>audiebam,</strong></span> <span class='ocrx_word' id='word_1_27' title='bbox 758 530 808 574; x_wconf 83' lang='lat' dir='ltr'><strong>et</strong></span> <span class='ocrx_word' id='word_1_28' title='bbox 853 521 987 574; x_wconf 80' lang='lat' dir='ltr'><strong>sicut</strong></span> <span class='ocrx_word' id='word_1_29' title='bbox 1060 529 1236 573; x_wconf 79' lang='lat' dir='ltr'><strong>mutus</strong></span> <span class='ocrx_word' id='word_1_30' title='bbox 1290 535 1394 573; x_wconf 88' lang='lat' dir='ltr'><strong>non</strong></span> <span class='ocrx_word' id='word_1_31' title='bbox 1438 521 1678 588; x_wconf 84' lang='lat' dir='ltr'><strong>aperiens</strong></span> <span class='ocrx_word' id='word_1_32' title='bbox 1732 538 1790 575; x_wconf 75' lang='grc' dir='ltr'><strong>οε</strong></span> <span class='ocrx_word' id='word_1_33' title='bbox 1821 537 1998 575; x_wconf 72' lang='lat' dir='ltr'><strong>suum.</strong></span> 
     </span>
    </p>
   </div>
   <div class='ocr_carea' id='block_1_7' title="bbox 427 612 2002 683">
    <p class='ocr_par' dir='ltr' id='par_1_7' title="bbox 427 612 2002 683">
     <span class='ocr_line' id='line_1_7' title="bbox 427 612 2002 683; baseline -0.003 -14"><span class='ocrx_word' id='word_1_34' title='bbox 427 616 497 670; x_wconf 85' lang='lat' dir='ltr'><strong>Et</strong></span> <span class='ocrx_word' id='word_1_35' title='bbox 520 616 837 683; x_wconf 48' lang='lat' dir='ltr'><strong>[actugsam</strong></span> <span class='ocrx_word' id='word_1_36' title='bbox 870 614 1005 666; x_wconf 80' lang='lat' dir='ltr'><strong>sicut</strong></span> <span class='ocrx_word' id='word_1_37' title='bbox 1034 612 1190 665; x_wconf 70' lang='lat' dir='ltr'><strong>horno</strong></span> <span class='ocrx_word' id='word_1_38' title='bbox 1242 629 1345 665; x_wconf 89' lang='lat' dir='ltr'><strong>non</strong></span> <span class='ocrx_word' id='word_1_39' title='bbox 1403 612 1648 677; x_wconf 79' lang='lat' dir='ltr'><strong>audiens,</strong></span> <span class='ocrx_word' id='word_1_40' title='bbox 1680 620 1732 666; x_wconf 78' lang='lat' dir='ltr'><strong>et</strong></span> <span class='ocrx_word' id='word_1_41' title='bbox 1767 628 1874 666; x_wconf 86' lang='lat' dir='ltr'><strong>non</strong></span> <span class='ocrx_word' id='word_1_42' title='bbox 1904 613 2002 665; x_wconf 79' lang='lat' dir='ltr'><strong>Ita-</strong></span> 
     </span>
    </p>
   </div>
   <div class='ocr_carea' id='block_1_8' title="bbox 427 704 1996 775">
    <p class='ocr_par' dir='ltr' id='par_1_8' title="bbox 427 704 1996 775">
     <span class='ocr_line' id='line_1_8' title="bbox 427 704 1996 775; baseline -0.001 -15"><span class='ocrx_word' id='word_1_43' title='bbox 427 710 547 762; x_wconf 80' lang='lat' dir='ltr'><strong>bens</strong></span> <span class='ocrx_word' id='word_1_44' title='bbox 591 711 644 761; x_wconf 88' lang='lat' dir='ltr'><strong>in</strong></span> <span class='ocrx_word' id='word_1_45' title='bbox 684 723 772 761; x_wconf 88' lang='lat' dir='ltr'><strong>ore</strong></span> <span class='ocrx_word' id='word_1_46' title='bbox 801 722 897 760; x_wconf 76' lang='lat' dir='ltr'><strong>suo</strong></span> <span class='ocrx_word' id='word_1_47' title='bbox 926 705 1350 773; x_wconf 78' lang='lat' dir='ltr'><strong>redargutiones.</strong></span> <span class='ocrx_word' id='word_1_48' title='bbox 1389 705 1682 771; x_wconf 79' lang='lat' dir='ltr'><strong>Postquam</strong></span> <span class='ocrx_word' id='word_1_49' title='bbox 1713 704 1808 775; x_wconf 78' lang='lat' dir='ltr'><strong>qui</strong></span> <span class='ocrx_word' id='word_1_50' title='bbox 1844 719 1996 774; x_wconf 73' lang='lat' dir='ltr'><strong>qua:-</strong></span> 
     </span>
    </p>
   </div>
   <div class='ocr_carea' id='block_1_9' title="bbox 425 798 1998 867">
    <p class='ocr_par' dir='ltr' id='par_1_9' title="bbox 425 798 1998 867">
     <span class='ocr_line' id='line_1_9' title="bbox 425 798 1998 867; baseline -0.001 -13"><span class='ocrx_word' id='word_1_51' title='bbox 425 801 610 854; x_wconf 82' lang='lat' dir='ltr'><strong>rebunt</strong></span> <span class='ocrx_word' id='word_1_52' title='bbox 660 800 893 851; x_wconf 80' lang='lat' dir='ltr'><strong>animam</strong></span> <span class='ocrx_word' id='word_1_53' title='bbox 939 814 1137 863; x_wconf 87' lang='lat' dir='ltr'><strong>meam,</strong></span> <span class='ocrx_word' id='word_1_54' title='bbox 1170 799 1497 851; x_wconf 87' lang='lat' dir='ltr'><strong>invenerunt</strong></span> <span class='ocrx_word' id='word_1_55' title='bbox 1528 798 1724 867; x_wconf 88' lang='lat' dir='ltr'><strong>ipsam,</strong></span> <span class='ocrx_word' id='word_1_56' title='bbox 1759 806 1870 852; x_wconf 90' lang='lat' dir='ltr'><strong>tum</strong></span> <span class='ocrx_word' id='word_1_57' title='bbox 1901 799 1998 852; x_wconf 84' lang='lat' dir='ltr'><strong>de-</strong></span> 
     </span>
    </p>
   </div>
   <div class='ocr_carea' id='block_1_10' title="bbox 424 891 1998 954">
    <p class='ocr_par' dir='ltr' id='par_1_10' title="bbox 424 891 1998 954">
     <span class='ocr_line' id='line_1_10' title="bbox 424 891 1998 954; baseline -0.001 -8"><span class='ocrx_word' id='word_1_58' title='bbox 424 909 569 946; x_wconf 88' lang='lat' dir='ltr'><strong>mum</strong></span> <span class='ocrx_word' id='word_1_59' title='bbox 607 894 838 946; x_wconf 66' lang='lat' dir='ltr'><strong>inventae</strong></span> <span class='ocrx_word' id='word_1_60' title='bbox 864 892 1174 954; x_wconf 85' lang='lat' dir='ltr'><strong>iilnserunt,</strong></span> <span class='ocrx_word' id='word_1_61' title='bbox 1209 906 1272 945; x_wconf 87' lang='lat' dir='ltr'><strong>ac</strong></span> <span class='ocrx_word' id='word_1_62' title='bbox 1304 894 1439 944; x_wconf 80' lang='lat' dir='ltr'><strong>meis</strong></span> <span class='ocrx_word' id='word_1_63' title='bbox 1477 891 1634 944; x_wconf 88' lang='lat' dir='ltr'><strong>malis</strong></span> <span class='ocrx_word' id='word_1_64' title='bbox 1671 891 1998 945; x_wconf 74' lang='lat' dir='ltr'><strong>insultantes</strong></span> 
     </span>
    </p>
   </div>
   <div class='ocr_carea' id='block_1_11' title="bbox 424 983 1994 1052">
    <p class='ocr_par' dir='ltr' id='par_1_11' title="bbox 424 983 1994 1052">
     <span class='ocr_line' id='line_1_11' title="bbox 424 983 1994 1052; baseline 0.001 -14"><span class='ocrx_word' id='word_1_65' title='bbox 424 983 730 1047; x_wconf 84' lang='lat' dir='ltr'><strong>irruerunt;</strong></span> <span class='ocrx_word' id='word_1_66' title='bbox 782 992 967 1052; x_wconf 85' lang='lat' dir='ltr'><strong>postea</strong></span> <span class='ocrx_word' id='word_1_67' title='bbox 1014 984 1285 1037; x_wconf 85' lang='lat' dir='ltr'><strong>vanitates</strong></span> <span class='ocrx_word' id='word_1_68' title='bbox 1339 992 1392 1038; x_wconf 92' lang='lat' dir='ltr'><strong>et</strong></span> <span class='ocrx_word' id='word_1_69' title='bbox 1426 983 1576 1037; x_wconf 85' lang='lat' dir='ltr'><strong>dolos</strong></span> <span class='ocrx_word' id='word_1_70' title='bbox 1614 992 1723 1038; x_wconf 90' lang='lat' dir='ltr'><strong>tota</strong></span> <span class='ocrx_word' id='word_1_71' title='bbox 1777 983 1864 1037; x_wconf 91' lang='lat' dir='ltr'><strong>die</strong></span> <span class='ocrx_word' id='word_1_72' title='bbox 1914 986 1994 1039; x_wconf 91' lang='lat' dir='ltr'><strong>lo-</strong></span> 
     </span>
    </p>
   </div>
   <div class='ocr_carea' id='block_1_12' title="bbox 420 1074 1993 1143">
    <p class='ocr_par' dir='ltr' id='par_1_12' title="bbox 420 1074 1993 1143">
     <span class='ocr_line' id='line_1_12' title="bbox 420 1074 1993 1143; baseline 0.003 -18"><span class='ocrx_word' id='word_1_73' title='bbox 420 1076 744 1143; x_wconf 87' lang='lat' dir='ltr'><strong>quebantur.</strong></span> <span class='ocrx_word' id='word_1_74' title='bbox 790 1074 872 1128; x_wconf 84' lang='lat' dir='ltr'><strong>Ad</strong></span> <span class='ocrx_word' id='word_1_75' title='bbox 920 1074 1037 1128; x_wconf 62' lang='lat' dir='ltr'><strong>haec</strong></span> <span class='ocrx_word' id='word_1_76' title='bbox 1083 1075 1237 1141; x_wconf 90' lang='lat' dir='ltr'><strong>mihi,</strong></span> <span class='ocrx_word' id='word_1_77' title='bbox 1295 1075 1432 1129; x_wconf 83' lang='lat' dir='ltr'><strong>meis</strong></span> <span class='ocrx_word' id='word_1_78' title='bbox 1483 1076 1678 1130; x_wconf 80' lang='lat' dir='ltr'><strong>amicis</strong></span> <span class='ocrx_word' id='word_1_79' title='bbox 1730 1074 1993 1139; x_wconf 88' lang='lat' dir='ltr'><strong>desolato,</strong></span> 
     </span>
    </p>
   </div>
   <div class='ocr_carea' id='block_1_13' title="bbox 418 1167 2036 1236">
    <p class='ocr_par' dir='ltr' id='par_1_13' title="bbox 418 1167 2036 1236">
     <span class='ocr_line' id='line_1_13' title="bbox 418 1167 2036 1236; baseline 0.001 -16"><span class='ocrx_word' id='word_1_80' title='bbox 418 1168 553 1220; x_wconf 80' lang='lat' dir='ltr'><strong>nihil</strong></span> <span class='ocrx_word' id='word_1_81' title='bbox 595 1167 916 1236; x_wconf 85' lang='lat' dir='ltr'><strong>suppetebat</strong></span> <span class='ocrx_word' id='word_1_82' title='bbox 950 1168 1092 1235; x_wconf 88' lang='lat' dir='ltr'><strong>quod</strong></span> <span class='ocrx_word' id='word_1_83' title='bbox 1129 1167 1391 1231; x_wconf 86' lang='lat' dir='ltr'><strong>dicerem,</strong></span> <span class='ocrx_word' id='word_1_84' title='bbox 1426 1168 1624 1236; x_wconf 89' lang='lat' dir='ltr'><strong>quippe</strong></span> <span class='ocrx_word' id='word_1_85' title='bbox 1671 1167 1765 1235; x_wconf 89' lang='lat' dir='ltr'><strong>qui</strong></span> <span class='ocrx_word' id='word_1_86' title='bbox 1814 1182 1992 1222; x_wconf 86' lang='lat' dir='ltr'><strong>essem</strong></span> <span class='ocrx_word' id='word_1_87' title='bbox 2028 1226 2036 1233; x_wconf 87' lang='lat'>_</span> 
     </span>
    </p>
   </div>
   <div class='ocr_carea' id='block_1_14' title="bbox 417 1260 1976 1328">
    <p class='ocr_par' dir='ltr' id='par_1_14' title="bbox 417 1260 1976 1328">
     <span class='ocr_line' id='line_1_14' title="bbox 417 1260 1976 1328; baseline 0 -16"><span class='ocrx_word' id='word_1_88' title='bbox 417 1260 622 1328; x_wconf 83' lang='lat' dir='ltr'><strong>pudore</strong></span> <span class='ocrx_word' id='word_1_89' title='bbox 660 1261 925 1327; x_wconf 85' lang='lat' dir='ltr'><strong>repletus;</strong></span> <span class='ocrx_word' id='word_1_90' title='bbox 964 1269 1295 1328; x_wconf 85' lang='lat' dir='ltr'><strong>quapropter</strong></span> <span class='ocrx_word' id='word_1_91' title='bbox 1320 1270 1577 1326; x_wconf 83' lang='lat' dir='ltr'><strong>tanquam</strong></span> <span class='ocrx_word' id='word_1_92' title='bbox 1630 1261 1828 1314; x_wconf 86' lang='lat' dir='ltr'><strong>surdus</strong></span> <span class='ocrx_word' id='word_1_93' title='bbox 1873 1273 1976 1312; x_wconf 89' lang='lat' dir='ltr'><strong>non</strong></span> 
     </span>
    </p>
   </div>
   <div class='ocr_carea' id='block_1_15' title="bbox 415 1351 1993 1420">
    <p class='ocr_par' dir='ltr' id='par_1_15' title="bbox 415 1351 1993 1420">
     <span class='ocr_line' id='line_1_15' title="bbox 415 1351 1993 1420; baseline -0.001 -15"><span class='ocrx_word' id='word_1_94' title='bbox 415 1352 717 1407; x_wconf 78' lang='lat' dir='ltr'><strong>audiebam.</strong></span> <span class='ocrx_word' id='word_1_95' title='bbox 748 1351 965 1405; x_wconf 90' lang='lat' dir='ltr'><strong>lmoille</strong></span> <span class='ocrx_word' id='word_1_96' title='bbox 989 1366 1089 1419; x_wconf 80' lang='lat' dir='ltr'><strong>ego</strong></span> <span class='ocrx_word' id='word_1_97' title='bbox 1123 1351 1213 1419; x_wconf 89' lang='lat' dir='ltr'><strong>qui</strong></span> <span class='ocrx_word' id='word_1_98' title='bbox 1250 1351 1521 1419; x_wconf 85' lang='lat' dir='ltr'><strong>quondam</strong></span> <span class='ocrx_word' id='word_1_99' title='bbox 1550 1365 1698 1404; x_wconf 87' lang='lat' dir='ltr'><strong>eram</strong></span> <span class='ocrx_word' id='word_1_100' title='bbox 1730 1351 1993 1420; x_wconf 73' lang='lat' dir='ltr'><strong>cloquen-</strong></span> 
     </span>
    </p>
   </div>
   <div class='ocr_carea' id='block_1_16' title="bbox 416 1442 1992 1512">
    <p class='ocr_par' dir='ltr' id='par_1_16' title="bbox 416 1442 1992 1512">
     <span class='ocr_line' id='line_1_16' title="bbox 416 1442 1992 1512; baseline 0.001 -16"><span class='ocrx_word' id='word_1_101' title='bbox 416 1445 679 1507; x_wconf 86' lang='lat' dir='ltr'><strong>tissinms,</strong></span> <span class='ocrx_word' id='word_1_102' title='bbox 717 1453 771 1499; x_wconf 84' lang='lat' dir='ltr'><strong>et</strong></span> <span class='ocrx_word' id='word_1_103' title='bbox 808 1453 1073 1512; x_wconf 67' lang='lat' dir='ltr'><strong>praesente</strong></span> <span class='ocrx_word' id='word_1_104' title='bbox 1127 1443 1399 1512; x_wconf 90' lang='lat' dir='ltr'><strong>sapientia</strong></span> <span class='ocrx_word' id='word_1_105' title='bbox 1456 1442 1776 1507; x_wconf 84' lang='lat' dir='ltr'><strong>instructus,</strong></span> <span class='ocrx_word' id='word_1_106' title='bbox 1819 1443 1992 1498; x_wconf 80' lang='lat' dir='ltr'><strong>factus</strong></span> 
     </span>
    </p>
   </div>
   <div class='ocr_carea' id='block_1_17' title="bbox 414 1534 1993 1602">
    <p class='ocr_par' dir='ltr' id='par_1_17' title="bbox 414 1534 1993 1602">
     <span class='ocr_line' id='line_1_17' title="bbox 414 1534 1993 1602; baseline 0 -13"><span class='ocrx_word' id='word_1_107' title='bbox 414 1549 532 1589; x_wconf 85' lang='lat' dir='ltr'><strong>sum</strong></span> <span class='ocrx_word' id='word_1_108' title='bbox 563 1542 817 1601; x_wconf 84' lang='lat' dir='ltr'><strong>tanquam</strong></span> <span class='ocrx_word' id='word_1_109' title='bbox 862 1535 1061 1587; x_wconf 89' lang='lat' dir='ltr'><strong>surdus</strong></span> <span class='ocrx_word' id='word_1_110' title='bbox 1111 1547 1452 1602; x_wconf 85' lang='lat' dir='ltr'><strong>nequaquam</strong></span> <span class='ocrx_word' id='word_1_111' title='bbox 1488 1534 1734 1598; x_wconf 84' lang='lat' dir='ltr'><strong>audiens,</strong></span> <span class='ocrx_word' id='word_1_112' title='bbox 1767 1543 1821 1588; x_wconf 90' lang='lat' dir='ltr'><strong>et</strong></span> <span class='ocrx_word' id='word_1_113' title='bbox 1852 1535 1993 1589; x_wconf 85' lang='lat' dir='ltr'><strong>sicut</strong></span> 
     </span>
    </p>
   </div>
   <div class='ocr_carea' id='block_1_18' title="bbox 417 1624 1992 1693">
    <p class='ocr_par' dir='ltr' id='par_1_18' title="bbox 417 1624 1992 1693">
     <span class='ocr_line' id='line_1_18' title="bbox 417 1624 1992 1693; baseline 0.001 -14"><span class='ocrx_word' id='word_1_114' title='bbox 417 1636 598 1679; x_wconf 87' lang='lat' dir='ltr'><strong>mutus</strong></span> <span class='ocrx_word' id='word_1_115' title='bbox 640 1641 745 1678; x_wconf 91' lang='lat' dir='ltr'><strong>non</strong></span> <span class='ocrx_word' id='word_1_116' title='bbox 803 1625 1051 1693; x_wconf 87' lang='lat' dir='ltr'><strong>aperiens</strong></span> <span class='ocrx_word' id='word_1_117' title='bbox 1093 1640 1154 1678; x_wconf 91' lang='lat' dir='ltr'><strong>os</strong></span> <span class='ocrx_word' id='word_1_118' title='bbox 1200 1639 1380 1679; x_wconf 86' lang='lat' dir='ltr'><strong>suum.</strong></span> <span class='ocrx_word' id='word_1_119' title='bbox 1437 1624 1495 1677; x_wconf 87' lang='lat' dir='ltr'><strong>Si</strong></span> <span class='ocrx_word' id='word_1_120' title='bbox 1553 1624 1771 1693; x_wconf 87' lang='lat' dir='ltr'><strong>quidem</strong></span> <span class='ocrx_word' id='word_1_121' title='bbox 1813 1626 1992 1681; x_wconf 80' lang='lat' dir='ltr'><strong>nullus</strong></span> 
     </span>
    </p>
   </div>
   <div class='ocr_carea' id='block_1_19' title="bbox 416 1716 1989 1787">
    <p class='ocr_par' dir='ltr' id='par_1_19' title="bbox 416 1716 1989 1787">
     <span class='ocr_line' id='line_1_19' title="bbox 416 1716 1989 1787; baseline 0.002 -16"><span class='ocrx_word' id='word_1_122' title='bbox 416 1718 547 1771; x_wconf 90' lang='lat' dir='ltr'><strong>mihi</strong></span> <span class='ocrx_word' id='word_1_123' title='bbox 579 1732 762 1771; x_wconf 82' lang='lat' dir='ltr'><strong>sermo</strong></span> <span class='ocrx_word' id='word_1_124' title='bbox 802 1718 867 1770; x_wconf 87' lang='lat' dir='ltr'><strong>ad</strong></span> <span class='ocrx_word' id='word_1_125' title='bbox 911 1716 1282 1772; x_wconf 80' lang='lat' dir='ltr'><strong>defensionem</strong></span> <span class='ocrx_word' id='word_1_126' title='bbox 1328 1723 1717 1787; x_wconf 79' lang='lat' dir='ltr'><strong>succurrebat,</strong></span> <span class='ocrx_word' id='word_1_127' title='bbox 1753 1734 1853 1774; x_wconf 92' lang='lat' dir='ltr'><strong>nec</strong></span> <span class='ocrx_word' id='word_1_128' title='bbox 1881 1720 1989 1774; x_wconf 93' lang='lat' dir='ltr'><strong>ullo</strong></span> 
     </span>
    </p>
   </div>
   <div class='ocr_carea' id='block_1_20' title="bbox 416 1809 1987 1881">
    <p class='ocr_par' dir='ltr' id='par_1_20' title="bbox 416 1809 1987 1881">
     <span class='ocr_line' id='line_1_20' title="bbox 416 1809 1987 1881; baseline 0.003 -18"><span class='ocrx_word' id='word_1_129' title='bbox 416 1819 574 1879; x_wconf 90' lang='lat' dir='ltr'><strong>pacto</strong></span> <span class='ocrx_word' id='word_1_130' title='bbox 601 1810 870 1877; x_wconf 87' lang='lat' dir='ltr'><strong>inimicos,</strong></span> <span class='ocrx_word' id='word_1_131' title='bbox 913 1809 1079 1864; x_wconf 83' lang='lat' dir='ltr'><strong>semel</strong></span> <span class='ocrx_word' id='word_1_132' title='bbox 1113 1811 1179 1864; x_wconf 91' lang='lat' dir='ltr'><strong>ab</strong></span> <span class='ocrx_word' id='word_1_133' title='bbox 1216 1810 1346 1879; x_wconf 88' lang='lat' dir='ltr'><strong>ipsis</strong></span> <span class='ocrx_word' id='word_1_134' title='bbox 1374 1811 1569 1874; x_wconf 88' lang='lat' dir='ltr'><strong>victus,</strong></span> <span class='ocrx_word' id='word_1_135' title='bbox 1605 1811 1803 1881; x_wconf 85' lang='lat' dir='ltr'><strong>alloqui</strong></span> <span class='ocrx_word' id='word_1_136' title='bbox 1836 1813 1987 1868; x_wconf 80' lang='lat' dir='ltr'><strong>vale-</strong></span> 
     </span>
    </p>
   </div>
   <div class='ocr_carea' id='block_1_21' title="bbox 414 1901 1990 1971">
    <p class='ocr_par' dir='ltr' id='par_1_21' title="bbox 414 1901 1990 1971">
     <span class='ocr_line' id='line_1_21' title="bbox 414 1901 1990 1971; baseline 0.001 -14"><span class='ocrx_word' id='word_1_137' title='bbox 414 1904 568 1966; x_wconf 86' lang='lat' dir='ltr'><strong>bam;</strong></span> <span class='ocrx_word' id='word_1_138' title='bbox 624 1904 717 1956; x_wconf 87' lang='lat' dir='ltr'><strong>sed</strong></span> <span class='ocrx_word' id='word_1_139' title='bbox 756 1917 904 1957; x_wconf 86' lang='lat' dir='ltr'><strong>eram</strong></span> <span class='ocrx_word' id='word_1_140' title='bbox 942 1901 1011 1956; x_wconf 87' lang='lat' dir='ltr'><strong>Ut</strong></span> <span class='ocrx_word' id='word_1_141' title='bbox 1051 1903 1207 1956; x_wconf 78' lang='lat' dir='ltr'><strong>homo</strong></span> <span class='ocrx_word' id='word_1_142' title='bbox 1247 1920 1351 1957; x_wconf 87' lang='lat' dir='ltr'><strong>non</strong></span> <span class='ocrx_word' id='word_1_143' title='bbox 1404 1905 1645 1971; x_wconf 78' lang='lat' dir='ltr'><strong>audiens,</strong></span> <span class='ocrx_word' id='word_1_144' title='bbox 1683 1914 1864 1958; x_wconf 85' lang='lat' dir='ltr'><strong>etnon</strong></span> <span class='ocrx_word' id='word_1_145' title='bbox 1891 1909 1990 1958; x_wconf 79' lang='lat' dir='ltr'><strong>Ita-</strong></span> 
     </span>
    </p>
   </div>
   <div class='ocr_carea' id='block_1_22' title="bbox 413 1973 1984 2067">
    <p class='ocr_par' dir='ltr' id='par_1_22' title="bbox 413 1973 1984 2067">
     <span class='ocr_line' id='line_1_22' title="bbox 413 1973 1984 2067; baseline 0.004 -21"><span class='ocrx_word' id='word_1_146' title='bbox 413 1996 535 2047; x_wconf 83' lang='lat' dir='ltr'><strong>bem</strong></span> <span class='ocrx_word' id='word_1_147' title='bbox 566 1995 619 2048; x_wconf 88' lang='lat' dir='ltr'><strong>in</strong></span> <span class='ocrx_word' id='word_1_148' title='bbox 645 2010 733 2048; x_wconf 84' lang='lat' dir='ltr'><strong>ore</strong></span> <span class='ocrx_word' id='word_1_149' title='bbox 765 2011 859 2048; x_wconf 78' lang='lat' dir='ltr'><strong>suo</strong></span> <span class='ocrx_word' id='word_1_150' title='bbox 892 1973 1315 2063; x_wconf 57' lang='lat' dir='ltr'><strong>redargunones.</strong></span> <span class='ocrx_word' id='word_1_151' title='bbox 1348 1996 1630 2065; x_wconf 82' lang='lat' dir='ltr'><strong>Arguebar</strong></span> <span class='ocrx_word' id='word_1_152' title='bbox 1671 1998 1815 2051; x_wconf 91' lang='lat' dir='ltr'><strong>enim</strong></span> <span class='ocrx_word' id='word_1_153' title='bbox 1849 1998 1984 2067; x_wconf 84' lang='lat' dir='ltr'><strong>ipse,</strong></span> 
     </span>
    </p>
   </div>
   <div class='ocr_carea' id='block_1_23' title="bbox 414 2086 1987 2155">
    <p class='ocr_par' dir='ltr' id='par_1_23' title="bbox 414 2086 1987 2155">
     <span class='ocr_line' id='line_1_23' title="bbox 414 2086 1987 2155; baseline 0.004 -17"><span class='ocrx_word' id='word_1_154' title='bbox 414 2100 520 2138; x_wconf 90' lang='lat' dir='ltr'><strong>non</strong></span> <span class='ocrx_word' id='word_1_155' title='bbox 558 2092 736 2138; x_wconf 87' lang='lat' dir='ltr'><strong>autem</strong></span> <span class='ocrx_word' id='word_1_156' title='bbox 807 2086 1133 2155; x_wconf 80' lang='lat' dir='ltr'><strong>arguebam,</strong></span> <span class='ocrx_word' id='word_1_157' title='bbox 1175 2102 1275 2141; x_wconf 87' lang='lat' dir='ltr'><strong>nec</strong></span> <span class='ocrx_word' id='word_1_158' title='bbox 1328 2087 1458 2140; x_wconf 89' lang='lat' dir='ltr'><strong>mihi</strong></span> <span class='ocrx_word' id='word_1_159' title='bbox 1522 2089 1845 2143; x_wconf 84' lang='lat' dir='ltr'><strong>verecundia</strong></span> <span class='ocrx_word' id='word_1_160' title='bbox 1893 2104 1987 2144; x_wconf 91' lang='lat' dir='ltr'><strong>co-</strong></span> 
     </span>
    </p>
   </div>
   <div class='ocr_carea' id='block_1_24' title="bbox 412 2176 1986 2247">
    <p class='ocr_par' dir='ltr' id='par_1_24' title="bbox 412 2176 1986 2247">
     <span class='ocr_line' id='line_1_24' title="bbox 412 2176 1986 2247; baseline 0.001 -16"><span class='ocrx_word' id='word_1_161' title='bbox 412 2186 601 2247; x_wconf 89' lang='lat' dir='ltr'><strong>operto</strong></span> <span class='ocrx_word' id='word_1_162' title='bbox 647 2177 821 2233; x_wconf 84' lang='lat' dir='ltr'><strong>inerat</strong></span> <span class='ocrx_word' id='word_1_163' title='bbox 849 2177 1099 2247; x_wconf 85' lang='lat' dir='ltr'><strong>loquendi</strong></span> <span class='ocrx_word' id='word_1_164' title='bbox 1134 2177 1380 2232; x_wconf 89' lang='lat' dir='ltr'><strong>libertas.</strong></span> <span class='ocrx_word' id='word_1_165' title='bbox 1412 2176 1577 2233; x_wconf 79' lang='lat' dir='ltr'><strong>Vens.</strong></span> <span class='ocrx_word' id='word_1_166' title='bbox 1610 2178 1698 2243; x_wconf 75' lang='grc'>16,</span> <span class='ocrx_word' id='word_1_167' title='bbox 1725 2180 1809 2233; x_wconf 88' lang='lat' dir='ltr'><strong>l7.</strong></span> <span class='ocrx_word' id='word_1_168' title='bbox 1841 2178 1986 2245; x_wconf 78' lang='lat' dir='ltr'><strong>Quo-</strong></span> 
     </span>
    </p>
   </div>
   <div class='ocr_carea' id='block_1_25' title="bbox 410 2268 1984 2337">
    <p class='ocr_par' dir='ltr' id='par_1_25' title="bbox 410 2268 1984 2337">
     <span class='ocr_line' id='line_1_25' title="bbox 410 2268 1984 2337; baseline 0.001 -14"><span class='ocrx_word' id='word_1_169' title='bbox 410 2273 554 2324; x_wconf 85' lang='lat' dir='ltr'><strong>niam</strong></span> <span class='ocrx_word' id='word_1_170' title='bbox 603 2269 658 2323; x_wconf 88' lang='lat' dir='ltr'><strong>in</strong></span> <span class='ocrx_word' id='word_1_171' title='bbox 710 2279 778 2333; x_wconf 89' lang='lat' dir='ltr'><strong>te,</strong></span> <span class='ocrx_word' id='word_1_172' title='bbox 811 2268 1058 2332; x_wconf 83' lang='lat' dir='ltr'><strong>Domine,</strong></span> <span class='ocrx_word' id='word_1_173' title='bbox 1096 2269 1321 2337; x_wconf 76' lang='lat' dir='ltr'><strong>speravi,</strong></span> <span class='ocrx_word' id='word_1_174' title='bbox 1350 2278 1406 2321; x_wconf 86' lang='lat' dir='ltr'><strong>tu</strong></span> <span class='ocrx_word' id='word_1_175' title='bbox 1441 2270 1712 2334; x_wconf 76' lang='lat' dir='ltr'><strong>exaudies,</strong></span> <span class='ocrx_word' id='word_1_176' title='bbox 1762 2269 1984 2324; x_wconf 73' lang='lat' dir='ltr'><strong>Domine</strong></span> 
     </span>
    </p>
   </div>
   <div class='ocr_carea' id='block_1_26' title="bbox 410 2357 1982 2430">
    <p class='ocr_par' dir='ltr' id='par_1_26' title="bbox 410 2357 1982 2430">
     <span class='ocr_line' id='line_1_26' title="bbox 410 2357 1982 2430; baseline 0.001 -17"><span class='ocrx_word' id='word_1_177' title='bbox 410 2361 551 2414; x_wconf 76' lang='lat' dir='ltr'><strong>Deus</strong></span> <span class='ocrx_word' id='word_1_178' title='bbox 603 2376 769 2416; x_wconf 76' lang='lat' dir='ltr'><strong>meus.</strong></span> <span class='ocrx_word' id='word_1_179' title='bbox 809 2357 947 2423; x_wconf 87' lang='lat' dir='ltr'><strong>Quia</strong></span> <span class='ocrx_word' id='word_1_180' title='bbox 1002 2360 1155 2415; x_wconf 76' lang='lat' dir='ltr'><strong>dixi:</strong></span> <span class='ocrx_word' id='word_1_181' title='bbox 1183 2358 1266 2413; x_wconf 85' lang='lat' dir='ltr'><strong>Ne</strong></span> <span class='ocrx_word' id='word_1_182' title='bbox 1314 2360 1525 2430; x_wconf 83' lang='lat' dir='ltr'><strong>quando</strong></span> <span class='ocrx_word' id='word_1_183' title='bbox 1563 2364 1982 2429; x_wconf 75' lang='lat' dir='ltr'><strong>supergaudeam</strong></span> 
     </span>
    </p>
   </div>
   <div class='ocr_carea' id='block_1_27' title="bbox 410 2451 1981 2521">
    <p class='ocr_par' dir='ltr' id='par_1_27' title="bbox 410 2451 1981 2521">
     <span class='ocr_line' id='line_1_27' title="bbox 410 2451 1981 2521; baseline -0.001 -15"><span class='ocrx_word' id='word_1_184' title='bbox 410 2453 536 2506; x_wconf 84' lang='lat' dir='ltr'><strong>mihi</strong></span> <span class='ocrx_word' id='word_1_185' title='bbox 568 2451 768 2506; x_wconf 76' lang='lat' dir='ltr'><strong>inimici</strong></span> <span class='ocrx_word' id='word_1_186' title='bbox 798 2451 899 2505; x_wconf 86' lang='lat' dir='ltr'><strong>mei</strong></span> <span class='ocrx_word' id='word_1_187' title='bbox 926 2467 943 2506; x_wconf 91' lang='lat'><strong><em>:</em></strong></span> <span class='ocrx_word' id='word_1_188' title='bbox 975 2461 1021 2505; x_wconf 87' lang='lat' dir='ltr'><strong>et</strong></span> <span class='ocrx_word' id='word_1_189' title='bbox 1051 2453 1177 2505; x_wconf 86' lang='lat' dir='ltr'><strong>dum</strong></span> <span class='ocrx_word' id='word_1_190' title='bbox 1224 2463 1611 2506; x_wconf 81' lang='lat' dir='ltr'><strong>commoventur</strong></span> <span class='ocrx_word' id='word_1_191' title='bbox 1655 2454 1808 2521; x_wconf 80' lang='lat' dir='ltr'><strong>pedes</strong></span> <span class='ocrx_word' id='word_1_192' title='bbox 1856 2454 1981 2520; x_wconf 87' lang='lat' dir='ltr'><strong>mei,</strong></span> 
     </span>
    </p>
   </div>
   <div class='ocr_carea' id='block_1_28' title="bbox 408 2543 1985 2614">
    <p class='ocr_par' dir='ltr' id='par_1_28' title="bbox 408 2543 1985 2614">
     <span class='ocr_line' id='line_1_28' title="bbox 408 2543 1985 2614; baseline 0.002 -17"><span class='ocrx_word' id='word_1_193' title='bbox 408 2559 565 2612; x_wconf 77' lang='lat' dir='ltr'><strong>super</strong></span> <span class='ocrx_word' id='word_1_194' title='bbox 603 2560 684 2596; x_wconf 88' lang='lat' dir='ltr'><strong>me</strong></span> <span class='ocrx_word' id='word_1_195' title='bbox 724 2560 912 2614; x_wconf 87' lang='lat' dir='ltr'><strong>magna</strong></span> <span class='ocrx_word' id='word_1_196' title='bbox 939 2543 1101 2598; x_wconf 86' lang='lat' dir='ltr'><strong>locuti</strong></span> <span class='ocrx_word' id='word_1_197' title='bbox 1129 2557 1272 2599; x_wconf 83' lang='lat' dir='ltr'><strong>sunt.</strong></span> <span class='ocrx_word' id='word_1_198' title='bbox 1304 2545 1430 2598; x_wconf 67' lang='lat' dir='ltr'><strong>llrec</strong></span> <span class='ocrx_word' id='word_1_199' title='bbox 1461 2544 1648 2613; x_wconf 89' lang='lat' dir='ltr'><strong>utique</strong></span> <span class='ocrx_word' id='word_1_200' title='bbox 1674 2545 1806 2599; x_wconf 92' lang='lat' dir='ltr'><strong>mihi</strong></span> <span class='ocrx_word' id='word_1_201' title='bbox 1836 2547 1985 2600; x_wconf 72' lang='lat' dir='ltr'><strong>acci~</strong></span> 
     </span>
    </p>
   </div>
   <div class='ocr_carea' id='block_1_29' title="bbox 409 2629 1984 2703">
    <p class='ocr_par' dir='ltr' id='par_1_29' title="bbox 409 2629 1984 2703">
     <span class='ocr_line' id='line_1_29' title="bbox 409 2629 1984 2703; baseline 0.005 -20"><span class='ocrx_word' id='word_1_202' title='bbox 409 2630 625 2683; x_wconf 87' lang='lat' dir='ltr'><strong>derunt.</strong></span> <span class='ocrx_word' id='word_1_203' title='bbox 676 2629 1015 2702; x_wconf 87' lang='lat' dir='ltr'><strong>Quapropter</strong></span> <span class='ocrx_word' id='word_1_204' title='bbox 1058 2631 1234 2687; x_wconf 83' lang='lat' dir='ltr'><strong>lactus</strong></span> <span class='ocrx_word' id='word_1_205' title='bbox 1295 2648 1414 2688; x_wconf 89' lang='lat' dir='ltr'><strong>sum</strong></span> <span class='ocrx_word' id='word_1_206' title='bbox 1482 2643 1738 2703; x_wconf 88' lang='lat' dir='ltr'><strong>tanquam</strong></span> <span class='ocrx_word' id='word_1_207' title='bbox 1787 2637 1984 2691; x_wconf 86' lang='lat' dir='ltr'><strong>surdus</strong></span> 
     </span>
    </p>
   </div>
   <div class='ocr_carea' id='block_1_30' title="bbox 409 2720 1972 2790">
    <p class='ocr_par' dir='ltr' id='par_1_30' title="bbox 409 2720 1972 2790">
     <span class='ocr_line' id='line_1_30' title="bbox 409 2720 1972 2790; baseline 0.001 -17"><span class='ocrx_word' id='word_1_208' title='bbox 409 2734 517 2773; x_wconf 90' lang='lat' dir='ltr'><strong>non</strong></span> <span class='ocrx_word' id='word_1_209' title='bbox 549 2720 796 2785; x_wconf 84' lang='lat' dir='ltr'><strong>audiens,</strong></span> <span class='ocrx_word' id='word_1_210' title='bbox 824 2729 880 2774; x_wconf 89' lang='lat' dir='ltr'><strong>et</strong></span> <span class='ocrx_word' id='word_1_211' title='bbox 904 2721 1043 2775; x_wconf 88' lang='lat' dir='ltr'><strong>sicut</strong></span> <span class='ocrx_word' id='word_1_212' title='bbox 1069 2732 1249 2775; x_wconf 91' lang='lat' dir='ltr'><strong>mutus</strong></span> <span class='ocrx_word' id='word_1_213' title='bbox 1276 2736 1382 2775; x_wconf 91' lang='lat' dir='ltr'><strong>non</strong></span> <span class='ocrx_word' id='word_1_214' title='bbox 1413 2723 1664 2790; x_wconf 84' lang='lat' dir='ltr'><strong>aperiens</strong></span> <span class='ocrx_word' id='word_1_215' title='bbox 1688 2737 1750 2777; x_wconf 84' lang='lat' dir='ltr'><strong>os</strong></span> <span class='ocrx_word' id='word_1_216' title='bbox 1775 2738 1929 2777; x_wconf 85' lang='lat' dir='ltr'><strong>suum</strong></span> <span class='ocrx_word' id='word_1_217' title='bbox 1960 2741 1972 2775; x_wconf 92' lang='lat'><strong>:</strong></span> 
     </span>
    </p>
   </div>
   <div class='ocr_carea' id='block_1_31' title="bbox 409 2811 1978 2883">
    <p class='ocr_par' dir='ltr' id='par_1_31' title="bbox 409 2811 1978 2883">
     <span class='ocr_line' id='line_1_31' title="bbox 409 2811 1978 2883; baseline 0.004 -20"><span class='ocrx_word' id='word_1_218' title='bbox 409 2818 465 2863; x_wconf 93' lang='lat' dir='ltr'><strong>et</strong></span> <span class='ocrx_word' id='word_1_219' title='bbox 501 2813 642 2864; x_wconf 86' lang='lat' dir='ltr'><strong>sicut</strong></span> <span class='ocrx_word' id='word_1_220' title='bbox 671 2811 830 2865; x_wconf 91' lang='lat' dir='ltr'><strong>homo</strong></span> <span class='ocrx_word' id='word_1_221' title='bbox 859 2827 963 2866; x_wconf 90' lang='lat' dir='ltr'><strong>non</strong></span> <span class='ocrx_word' id='word_1_222' title='bbox 998 2812 1205 2868; x_wconf 83' lang='lat' dir='ltr'><strong>habens</strong></span> <span class='ocrx_word' id='word_1_223' title='bbox 1231 2814 1680 2883; x_wconf 81' lang='lat' dir='ltr'><strong>redargutiones;</strong></span> <span class='ocrx_word' id='word_1_224' title='bbox 1710 2830 1879 2883; x_wconf 91' lang='lat' dir='ltr'><strong>quare</strong></span> <span class='ocrx_word' id='word_1_225' title='bbox 1911 2816 1978 2870; x_wconf 89' lang='lat' dir='ltr'><strong>ad</strong></span> 
     </span>
    </p>
   </div>
   <div class='ocr_carea' id='block_1_32' title="bbox 412 2901 1980 2972">
    <p class='ocr_par' dir='ltr' id='par_1_32' title="bbox 412 2901 1980 2972">
     <span class='ocr_line' id='line_1_32' title="bbox 412 2901 1980 2972; baseline 0.002 -16"><span class='ocrx_word' id='word_1_226' title='bbox 412 2901 687 2967; x_wconf 89' lang='lat' dir='ltr'><strong>inimicos,</strong></span> <span class='ocrx_word' id='word_1_227' title='bbox 736 2912 991 2972; x_wconf 89' lang='lat' dir='ltr'><strong>tanquam</strong></span> <span class='ocrx_word' id='word_1_228' title='bbox 1038 2904 1106 2957; x_wconf 91' lang='lat' dir='ltr'><strong>ab</strong></span> <span class='ocrx_word' id='word_1_229' title='bbox 1138 2903 1223 2959; x_wconf 86' lang='lat' dir='ltr'><strong>his</strong></span> <span class='ocrx_word' id='word_1_230' title='bbox 1273 2904 1468 2971; x_wconf 82' lang='lat' dir='ltr'><strong>victus,</strong></span> <span class='ocrx_word' id='word_1_231' title='bbox 1525 2903 1661 2959; x_wconf 90' lang='lat' dir='ltr'><strong>nihil</strong></span> <span class='ocrx_word' id='word_1_232' title='bbox 1713 2905 1980 2960; x_wconf 68' lang='lat' dir='ltr'><strong>dicebam.</strong></span> 
     </span>
    </p>
   </div>
   <div class='ocr_carea' id='block_1_33' title="bbox 411 2991 1986 3067">
    <p class='ocr_par' dir='ltr' id='par_1_33' title="bbox 411 2991 1986 3067">
     <span class='ocr_line' id='line_1_33' title="bbox 411 2991 1986 3067; baseline 0.003 -20"><span class='ocrx_word' id='word_1_233' title='bbox 411 2991 611 3047; x_wconf 84' lang='lat' dir='ltr'><strong>Verum</strong></span> <span class='ocrx_word' id='word_1_234' title='bbox 639 3009 743 3048; x_wconf 93' lang='lat' dir='ltr'><strong>non</strong></span> <span class='ocrx_word' id='word_1_235' title='bbox 780 3003 1061 3063; x_wconf 84' lang='lat' dir='ltr'><strong>propterea</strong></span> <span class='ocrx_word' id='word_1_236' title='bbox 1094 2994 1162 3050; x_wconf 87' lang='lat' dir='ltr'><strong>de</strong></span> <span class='ocrx_word' id='word_1_237' title='bbox 1210 2996 1418 3065; x_wconf 88' lang='lat' dir='ltr'><strong>meipso</strong></span> <span class='ocrx_word' id='word_1_238' title='bbox 1456 2995 1759 3067; x_wconf 87' lang='lat' dir='ltr'><strong>desperavi,</strong></span> <span class='ocrx_word' id='word_1_239' title='bbox 1792 3005 1852 3052; x_wconf 86' lang='lat' dir='ltr'><strong>at</strong></span> <span class='ocrx_word' id='word_1_240' title='bbox 1890 2996 1986 3051; x_wconf 85' lang='lat' dir='ltr'><strong>ite-</strong></span> 
     </span>
    </p>
   </div>
   <div class='ocr_carea' id='block_1_34' title="bbox 411 3085 1984 3157">
    <p class='ocr_par' dir='ltr' id='par_1_34' title="bbox 411 3085 1984 3157">
     <span class='ocr_line' id='line_1_34' title="bbox 411 3085 1984 3157; baseline 0 -16"><span class='ocrx_word' id='word_1_241' title='bbox 411 3101 531 3141; x_wconf 85' lang='lat' dir='ltr'><strong>rum</strong></span> <span class='ocrx_word' id='word_1_242' title='bbox 577 3085 764 3156; x_wconf 81' lang='lat' dir='ltr'><strong>collegi</strong></span> <span class='ocrx_word' id='word_1_243' title='bbox 807 3101 893 3140; x_wconf 89' lang='lat' dir='ltr'><strong>me</strong></span> <span class='ocrx_word' id='word_1_244' title='bbox 926 3087 1082 3156; x_wconf 85' lang='lat' dir='ltr'><strong>ipse:</strong></span> <span class='ocrx_word' id='word_1_245' title='bbox 1110 3088 1201 3155; x_wconf 88' lang='lat' dir='ltr'><strong>qui</strong></span> <span class='ocrx_word' id='word_1_246' title='bbox 1240 3101 1271 3139; x_wconf 91' lang='lat' dir='ltr'><strong>a</strong></span> <span class='ocrx_word' id='word_1_247' title='bbox 1317 3095 1540 3156; x_wconf 86' lang='lat' dir='ltr'><strong>peccato</strong></span> <span class='ocrx_word' id='word_1_248' title='bbox 1588 3087 1804 3157; x_wconf 84' lang='lat' dir='ltr'><strong>quidem</strong></span> <span class='ocrx_word' id='word_1_249' title='bbox 1837 3088 1984 3142; x_wconf 88' lang='lat' dir='ltr'><strong>velut</strong></span> 
     </span>
    </p>
   </div>
   <div class='ocr_carea' id='block_1_35' title="bbox 411 3175 1988 3238">
    <p class='ocr_par' dir='ltr' id='par_1_35' title="bbox 411 3175 1988 3238">
     <span class='ocr_line' id='line_1_35' title="bbox 411 3175 1988 3238; baseline 0.002 -9"><span class='ocrx_word' id='word_1_250' title='bbox 411 3190 443 3229; x_wconf 87' lang='lat' dir='ltr'><strong>a</strong></span> <span class='ocrx_word' id='word_1_251' title='bbox 473 3185 645 3230; x_wconf 88' lang='lat' dir='ltr'><strong>morte</strong></span> <span class='ocrx_word' id='word_1_252' title='bbox 679 3175 1010 3238; x_wconf 85' lang='lat' dir='ltr'><strong>resiluerim,</strong></span> <span class='ocrx_word' id='word_1_253' title='bbox 1041 3190 1103 3229; x_wconf 89' lang='lat' dir='ltr'><strong>ac</strong></span> <span class='ocrx_word' id='word_1_254' title='bbox 1141 3175 1504 3231; x_wconf 83' lang='lat' dir='ltr'><strong>confessionis</strong></span> <span class='ocrx_word' id='word_1_255' title='bbox 1531 3177 1790 3231; x_wconf 90' lang='lat' dir='ltr'><strong>remediis</strong></span> <span class='ocrx_word' id='word_1_256' title='bbox 1830 3177 1988 3232; x_wconf 88' lang='lat' dir='ltr'><strong>ulcus</strong></span> 
     </span>
    </p>
   </div>
   <div class='ocr_carea' id='block_1_36' title="bbox 412 3267 1990 3334">
    <p class='ocr_par' dir='ltr' id='par_1_36' title="bbox 412 3267 1990 3334">
     <span class='ocr_line' id='line_1_36' title="bbox 412 3267 1990 3334; baseline 0 -13"><span class='ocrx_word' id='word_1_257' title='bbox 412 3283 592 3322; x_wconf 91' lang='lat' dir='ltr'><strong>meum</strong></span> <span class='ocrx_word' id='word_1_258' title='bbox 620 3269 950 3323; x_wconf 88' lang='lat' dir='ltr'><strong>sanaverim.</strong></span> <span class='ocrx_word' id='word_1_259' title='bbox 982 3268 1124 3334; x_wconf 83' lang='lat' dir='ltr'><strong>Quin</strong></span> <span class='ocrx_word' id='word_1_260' title='bbox 1155 3277 1211 3321; x_wconf 88' lang='lat' dir='ltr'><strong>et</strong></span> <span class='ocrx_word' id='word_1_261' title='bbox 1241 3282 1391 3322; x_wconf 87' lang='lat' dir='ltr'><strong>meas</strong></span> <span class='ocrx_word' id='word_1_262' title='bbox 1429 3267 1716 3322; x_wconf 82' lang='lat' dir='ltr'><strong>cicatrices</strong></span> <span class='ocrx_word' id='word_1_263' title='bbox 1748 3268 1816 3321; x_wconf 91' lang='lat' dir='ltr'><strong>ab</strong></span> <span class='ocrx_word' id='word_1_264' title='bbox 1861 3269 1990 3322; x_wconf 80' lang='lat' dir='ltr'><strong>insi-</strong></span> 
     </span>
    </p>
   </div>
   <div class='ocr_carea' id='block_1_37' title="bbox 412 3355 1971 3426">
    <p class='ocr_par' dir='ltr' id='par_1_37' title="bbox 412 3355 1971 3426">
     <span class='ocr_line' id='line_1_37' title="bbox 412 3355 1971 3426; baseline 0 -16"><span class='ocrx_word' id='word_1_265' title='bbox 412 3356 614 3426; x_wconf 88' lang='lat' dir='ltr'><strong>pientia</strong></span> <span class='ocrx_word' id='word_1_266' title='bbox 648 3370 767 3411; x_wconf 89' lang='lat' dir='ltr'><strong>mea</strong></span> <span class='ocrx_word' id='word_1_267' title='bbox 804 3355 1139 3424; x_wconf 79' lang='lat' dir='ltr'><strong>putrefactas</strong></span> <span class='ocrx_word' id='word_1_268' title='bbox 1178 3357 1392 3426; x_wconf 88' lang='lat' dir='ltr'><strong>postulo</strong></span> <span class='ocrx_word' id='word_1_269' title='bbox 1418 3356 1623 3412; x_wconf 89' lang='lat' dir='ltr'><strong>curari.</strong></span> <span class='ocrx_word' id='word_1_270' title='bbox 1657 3356 1782 3410; x_wconf 86' lang='lat' dir='ltr'><strong>Ideo</strong></span> <span class='ocrx_word' id='word_1_271' title='bbox 1804 3355 1872 3411; x_wconf 83' lang='lat' dir='ltr'><strong>In</strong></span> <span class='ocrx_word' id='word_1_272' title='bbox 1900 3367 1971 3421; x_wconf 85' lang='lat' dir='ltr'><strong>te,</strong></span> 
     </span>
    </p>
   </div>
   <div class='ocr_carea' id='block_1_38' title="bbox 411 3447 1983 3518">
    <p class='ocr_par' dir='ltr' id='par_1_38' title="bbox 411 3447 1983 3518">
     <span class='ocr_line' id='line_1_38' title="bbox 411 3447 1983 3518; baseline 0.001 -17"><span class='ocrx_word' id='word_1_273' title='bbox 411 3448 651 3517; x_wconf 79' lang='lat' dir='ltr'><strong>Domine,</strong></span> <span class='ocrx_word' id='word_1_274' title='bbox 697 3449 934 3518; x_wconf 79' lang='lat' dir='ltr'><strong>speravi:</strong></span> <span class='ocrx_word' id='word_1_275' title='bbox 960 3448 1089 3502; x_wconf 89' lang='lat' dir='ltr'><strong>mihi</strong></span> <span class='ocrx_word' id='word_1_276' title='bbox 1141 3448 1340 3517; x_wconf 86' lang='lat' dir='ltr'><strong>quippe</strong></span> <span class='ocrx_word' id='word_1_277' title='bbox 1397 3462 1505 3502; x_wconf 92' lang='lat' dir='ltr'><strong>non</strong></span> <span class='ocrx_word' id='word_1_278' title='bbox 1559 3447 1754 3513; x_wconf 82' lang='lat' dir='ltr'><strong>ﬁdens,</strong></span> <span class='ocrx_word' id='word_1_279' title='bbox 1807 3463 1983 3517; x_wconf 78' lang='lat' dir='ltr'><strong>neque</strong></span> 
     </span>
    </p>
   </div>
   <div class='ocr_carea' id='block_1_39' title="bbox 410 3541 1987 3610">
    <p class='ocr_par' dir='ltr' id='par_1_39' title="bbox 410 3541 1987 3610">
     <span class='ocr_line' id='line_1_39' title="bbox 410 3541 1987 3610; baseline -0.002 -11"><span class='ocrx_word' id='word_1_280' title='bbox 410 3545 572 3599; x_wconf 88' lang='lat' dir='ltr'><strong>ullam</strong></span> <span class='ocrx_word' id='word_1_281' title='bbox 600 3541 761 3595; x_wconf 88' lang='lat' dir='ltr'><strong>aliam</strong></span> <span class='ocrx_word' id='word_1_282' title='bbox 786 3550 982 3609; x_wconf 85' lang='lat' dir='ltr'><strong>praeter</strong></span> <span class='ocrx_word' id='word_1_283' title='bbox 1009 3548 1062 3595; x_wconf 87' lang='lat' dir='ltr'><strong>te</strong></span> <span class='ocrx_word' id='word_1_284' title='bbox 1088 3556 1237 3610; x_wconf 91' lang='lat' dir='ltr'><strong>spem</strong></span> <span class='ocrx_word' id='word_1_285' title='bbox 1261 3556 1370 3610; x_wconf 72' lang='lat' dir='ltr'><strong>pra:</strong></span> <span class='ocrx_word' id='word_1_286' title='bbox 1391 3541 1563 3594; x_wconf 90' lang='lat' dir='ltr'><strong>oculis</strong></span> <span class='ocrx_word' id='word_1_287' title='bbox 1586 3542 1813 3605; x_wconf 84' lang='lat' dir='ltr'><strong>habens,</strong></span> <span class='ocrx_word' id='word_1_288' title='bbox 1842 3543 1987 3596; x_wconf 84' lang='lat' dir='ltr'><strong>hunc</strong></span> 
     </span>
    </p>
   </div>
   <div class='ocr_carea' id='block_1_40' title="bbox 409 3631 1988 3704">
    <p class='ocr_par' dir='ltr' id='par_1_40' title="bbox 409 3631 1988 3704">
     <span class='ocr_line' id='line_1_40' title="bbox 409 3631 1988 3704; baseline -0.001 -14"><span class='ocrx_word' id='word_1_289' title='bbox 409 3634 708 3691; x_wconf 89' lang='lat' dir='ltr'><strong>curationis</strong></span> <span class='ocrx_word' id='word_1_290' title='bbox 734 3633 955 3687; x_wconf 87' lang='lat' dir='ltr'><strong>modum</strong></span> <span class='ocrx_word' id='word_1_291' title='bbox 991 3632 1121 3686; x_wconf 89' lang='lat' dir='ltr'><strong>mihi</strong></span> <span class='ocrx_word' id='word_1_292' title='bbox 1157 3632 1481 3702; x_wconf 69' lang='lat' dir='ltr'><strong>praescripsi.</strong></span> <span class='ocrx_word' id='word_1_293' title='bbox 1509 3631 1642 3687; x_wconf 88' lang='lat' dir='ltr'><strong>Cum</strong></span> <span class='ocrx_word' id='word_1_294' title='bbox 1679 3633 1844 3704; x_wconf 80' lang='lat' dir='ltr'><strong>igitur</strong></span> <span class='ocrx_word' id='word_1_295' title='bbox 1865 3649 1988 3701; x_wconf 84' lang='lat' dir='ltr'><strong>spe-</strong></span> 
     </span>
    </p>
   </div>
   <div class='ocr_carea' id='block_1_41' title="bbox 410 3724 1979 3792">
    <p class='ocr_par' dir='ltr' id='par_1_41' title="bbox 410 3724 1979 3792">
     <span class='ocr_line' id='line_1_41' title="bbox 410 3724 1979 3792; baseline -0.001 -12"><span class='ocrx_word' id='word_1_296' title='bbox 410 3728 662 3792; x_wconf 74' lang='lat' dir='ltr'><strong>raverim,</strong></span> <span class='ocrx_word' id='word_1_297' title='bbox 710 3726 960 3789; x_wconf 89' lang='lat' dir='ltr'><strong>Domine,</strong></span> <span class='ocrx_word' id='word_1_298' title='bbox 1007 3739 1131 3792; x_wconf 88' lang='lat' dir='ltr'><strong>spes</strong></span> <span class='ocrx_word' id='word_1_299' title='bbox 1190 3734 1371 3778; x_wconf 89' lang='lat' dir='ltr'><strong>autem</strong></span> <span class='ocrx_word' id='word_1_300' title='bbox 1426 3738 1531 3777; x_wconf 90' lang='lat' dir='ltr'><strong>non</strong></span> <span class='ocrx_word' id='word_1_301' title='bbox 1575 3724 1979 3789; x_wconf 79' lang='lat' dir='ltr'><strong>contundat&quot;;</strong></span> 
     </span>
    </p>
   </div>
   <div class='ocr_carea' id='block_1_42' title="bbox 411 3814 1983 3884">
    <p class='ocr_par' dir='ltr' id='par_1_42' title="bbox 411 3814 1983 3884">
     <span class='ocr_line' id='line_1_42' title="bbox 411 3814 1983 3884; baseline 0 -14"><span class='ocrx_word' id='word_1_302' title='bbox 411 3818 534 3870; x_wconf 82' lang='lat' dir='ltr'><strong>ideo</strong></span> <span class='ocrx_word' id='word_1_303' title='bbox 567 3817 786 3880; x_wconf 76' lang='lat' dir='ltr'><strong>exaudi,</strong></span> <span class='ocrx_word' id='word_1_304' title='bbox 831 3816 956 3884; x_wconf 88' lang='lat' dir='ltr'><strong>quia</strong></span> <span class='ocrx_word' id='word_1_305' title='bbox 997 3814 1077 3869; x_wconf 86' lang='lat' dir='ltr'><strong>vis</strong></span> <span class='ocrx_word' id='word_1_306' title='bbox 1107 3822 1161 3866; x_wconf 91' lang='lat' dir='ltr'><strong>tu</strong></span> <span class='ocrx_word' id='word_1_307' title='bbox 1199 3814 1652 3880; x_wconf 89' lang='lat' dir='ltr'><strong>misericordiam,</strong></span> <span class='ocrx_word' id='word_1_308' title='bbox 1684 3829 1860 3884; x_wconf 90' lang='lat' dir='ltr'><strong>neque</strong></span> <span class='ocrx_word' id='word_1_309' title='bbox 1900 3815 1983 3870; x_wconf 90' lang='lat' dir='ltr'><strong>vis</strong></span> 
     </span>
    </p>
   </div>
   <div class='ocr_carea' id='block_1_43' title="bbox 412 3905 1984 3976">
    <p class='ocr_par' dir='ltr' id='par_1_43' title="bbox 412 3905 1984 3976">
     <span class='ocr_line' id='line_1_43' title="bbox 412 3905 1984 3976; baseline -0.003 -14"><span class='ocrx_word' id='word_1_310' title='bbox 412 3917 636 3962; x_wconf 84' lang='lat' dir='ltr'><strong>mortem</strong></span> <span class='ocrx_word' id='word_1_311' title='bbox 669 3907 993 3976; x_wconf 86' lang='lat' dir='ltr'><strong>peccatoris,</strong></span> <span class='ocrx_word' id='word_1_312' title='bbox 1018 3905 1112 3960; x_wconf 88' lang='lat' dir='ltr'><strong>sed</strong></span> <span class='ocrx_word' id='word_1_313' title='bbox 1146 3906 1523 3974; x_wconf 64' lang='lat' dir='ltr'><strong>paenitentiam</strong></span> <span class='ocrx_word' id='word_1_314' title='bbox 1554 3907 1722 3974; x_wconf 89' lang='lat' dir='ltr'><strong>ipsius</strong></span> <span class='ocrx_word' id='word_1_315' title='bbox 1742 3907 1805 3961; x_wconf 77' lang='grc'>⁸⁸.</span> <span class='ocrx_word' id='word_1_316' title='bbox 1848 3906 1984 3972; x_wconf 85' lang='lat' dir='ltr'><strong>Quia</strong></span> 
     </span>
    </p>
   </div>
   <div class='ocr_carea' id='block_1_44' title="bbox 411 3996 1983 4065">
    <p class='ocr_par' dir='ltr' id='par_1_44' title="bbox 411 3996 1983 4065">
     <span class='ocr_line' id='line_1_44' title="bbox 411 3996 1983 4065; baseline -0.001 -13"><span class='ocrx_word' id='word_1_317' title='bbox 411 3998 625 4065; x_wconf 87' lang='lat' dir='ltr'><strong>speravi</strong></span> <span class='ocrx_word' id='word_1_318' title='bbox 671 3997 725 4051; x_wconf 91' lang='lat' dir='ltr'><strong>in</strong></span> <span class='ocrx_word' id='word_1_319' title='bbox 769 4005 841 4059; x_wconf 87' lang='lat' dir='ltr'><strong>te,</strong></span> <span class='ocrx_word' id='word_1_320' title='bbox 879 3996 1111 4050; x_wconf 90' lang='lat' dir='ltr'><strong>obsecro</strong></span> <span class='ocrx_word' id='word_1_321' title='bbox 1159 3996 1435 4050; x_wconf 88' lang='lat' dir='ltr'><strong>obtineam</strong></span> <span class='ocrx_word' id='word_1_322' title='bbox 1474 4005 1622 4049; x_wconf 89' lang='lat' dir='ltr'><strong>tuum</strong></span> <span class='ocrx_word' id='word_1_323' title='bbox 1667 3996 1931 4050; x_wconf 81' lang='lat' dir='ltr'><strong>auxilium</strong></span> <span class='ocrx_word' id='word_1_324' title='bbox 1967 4013 1983 4050; x_wconf 90' lang='lat'><strong>:</strong></span> 
     </span>
    </p>
   </div>
   <div class='ocr_carea' id='block_1_45' title="bbox 414 4086 1989 4160">
    <p class='ocr_par' dir='ltr' id='par_1_45' title="bbox 414 4086 1989 4160">
     <span class='ocr_line' id='line_1_45' title="bbox 414 4086 1989 4160; baseline 0 -18"><span class='ocrx_word' id='word_1_325' title='bbox 414 4088 707 4160; x_wconf 86' lang='lat' dir='ltr'><strong>Nequando</strong></span> <span class='ocrx_word' id='word_1_326' title='bbox 768 4088 1183 4156; x_wconf 68' lang='lat' dir='ltr'><strong>super-gaudeant</strong></span> <span class='ocrx_word' id='word_1_327' title='bbox 1227 4088 1357 4140; x_wconf 81' lang='lat' dir='ltr'><strong>mihi</strong></span> <span class='ocrx_word' id='word_1_328' title='bbox 1412 4086 1613 4141; x_wconf 86' lang='lat' dir='ltr'><strong>inimici</strong></span> <span class='ocrx_word' id='word_1_329' title='bbox 1662 4089 1784 4141; x_wconf 89' lang='lat' dir='ltr'><strong>mei.</strong></span> <span class='ocrx_word' id='word_1_330' title='bbox 1843 4087 1989 4142; x_wconf 85' lang='lat' dir='ltr'><strong>Non-</strong></span> 
     </span>
    </p>
   </div>
   <div class='ocr_carea' id='block_1_46' title="bbox 411 4178 1988 4249">
    <p class='ocr_par' dir='ltr' id='par_1_46' title="bbox 411 4178 1988 4249">
     <span class='ocr_line' id='line_1_46' title="bbox 411 4178 1988 4249; baseline -0.003 -12"><span class='ocrx_word' id='word_1_331' title='bbox 411 4183 536 4237; x_wconf 87' lang='lat' dir='ltr'><strong>dum</strong></span> <span class='ocrx_word' id='word_1_332' title='bbox 587 4181 732 4235; x_wconf 90' lang='lat' dir='ltr'><strong>enim</strong></span> <span class='ocrx_word' id='word_1_333' title='bbox 791 4179 1010 4234; x_wconf 89' lang='lat' dir='ltr'><strong>omnino</strong></span> <span class='ocrx_word' id='word_1_334' title='bbox 1064 4178 1235 4248; x_wconf 83' lang='lat' dir='ltr'><strong>gavisi</strong></span> <span class='ocrx_word' id='word_1_335' title='bbox 1295 4187 1456 4246; x_wconf 90' lang='lat' dir='ltr'><strong>sunt;</strong></span> <span class='ocrx_word' id='word_1_336' title='bbox 1512 4178 1988 4249; x_wconf 76' lang='lat' dir='ltr'><strong>supergnudebunt</strong></span> 
     </span>
    </p>
   </div>
   <div class='ocr_carea' id='block_1_47' title="bbox 2101 522 3682 598">
    <p class='ocr_par' dir='ltr' id='par_1_47' title="bbox 2101 522 3682 598">
     <span class='ocr_line' id='line_1_47' title="bbox 2101 522 3682 598; baseline 0.004 -22"><span class='ocrx_word' id='word_1_337' title='bbox 2101 522 2330 590; x_wconf 76' lang='grc' dir='ltr'>ἅλαλος</span> <span class='ocrx_word' id='word_1_338' title='bbox 2357 528 2468 578; x_wconf 81' lang='grc' dir='ltr'>οὐκ</span> <span class='ocrx_word' id='word_1_339' title='bbox 2487 526 2746 595; x_wconf 76' lang='grc' dir='ltr'>ἀνοίγων</span> <span class='ocrx_word' id='word_1_340' title='bbox 2770 525 2836 579; x_wconf 82' lang='grc' dir='ltr'>τὸ</span> <span class='ocrx_word' id='word_1_341' title='bbox 2870 527 3064 595; x_wconf 84' lang='grc' dir='ltr'><em>στόμα</em></span> <span class='ocrx_word' id='word_1_342' title='bbox 3098 527 3286 581; x_wconf 84' lang='grc' dir='ltr'>αὑτοῦ</span> <span class='ocrx_word' id='word_1_343' title='bbox 3309 545 3323 558; x_wconf 90' lang='grc'>·</span> <span class='ocrx_word' id='word_1_344' title='bbox 3352 528 3453 582; x_wconf 81' lang='grc' dir='ltr'>καὶ</span> <span class='ocrx_word' id='word_1_345' title='bbox 3471 529 3682 598; x_wconf 75' lang='grc' dir='ltr'>ἐγενό-</span> 
     </span>
    </p>
   </div>
   <div class='ocr_carea' id='block_1_48' title="bbox 2093 616 3681 693">
    <p class='ocr_par' dir='ltr' id='par_1_48' title="bbox 2093 616 3681 693">
     <span class='ocr_line' id='line_1_48' title="bbox 2093 616 3681 693; baseline 0.004 -25"><span class='ocrx_word' id='word_1_346' title='bbox 2093 632 2220 683; x_wconf 81' lang='grc' dir='ltr'><strong>μην</strong></span> <span class='ocrx_word' id='word_1_347' title='bbox 2232 616 2374 669; x_wconf 83' lang='grc' dir='ltr'>ὡσεὶ</span> <span class='ocrx_word' id='word_1_348' title='bbox 2396 617 2707 687; x_wconf 77' lang='grc' dir='ltr'>ἄνθρωπος</span> <span class='ocrx_word' id='word_1_349' title='bbox 2727 620 2837 672; x_wconf 81' lang='grc' dir='ltr'>οὐκ</span> <span class='ocrx_word' id='word_1_350' title='bbox 2859 619 3115 682; x_wconf 83' lang='grc' dir='ltr'>ἀκούων,</span> <span class='ocrx_word' id='word_1_351' title='bbox 3138 619 3239 673; x_wconf 76' lang='grc' dir='ltr'>καὶ</span> <span class='ocrx_word' id='word_1_352' title='bbox 3263 622 3375 673; x_wconf 76' lang='grc' dir='ltr'>οὐκ</span> <span class='ocrx_word' id='word_1_353' title='bbox 3391 621 3681 693; x_wconf 77' lang='grc' dir='ltr'><strong>ἑχων(71)</strong></span> 
     </span>
    </p>
   </div>
   <div class='ocr_carea' id='block_1_49' title="bbox 2097 704 3683 783">
    <p class='ocr_par' dir='ltr' id='par_1_49' title="bbox 2097 704 3683 783">
     <span class='ocr_line' id='line_1_49' title="bbox 2097 704 3683 783; baseline 0.004 -24"><span class='ocrx_word' id='word_1_354' title='bbox 2097 707 2167 760; x_wconf 80' lang='grc' dir='ltr'>ἐν</span> <span class='ocrx_word' id='word_1_355' title='bbox 2197 704 2276 771; x_wconf 83' lang='grc' dir='ltr'>τῷ</span> <span class='ocrx_word' id='word_1_356' title='bbox 2305 709 2553 776; x_wconf 80' lang='grc' dir='ltr'>στόματι</span> <span class='ocrx_word' id='word_1_357' title='bbox 2581 709 2769 763; x_wconf 84' lang='grc' dir='ltr'>αὐτοῦ</span> <span class='ocrx_word' id='word_1_358' title='bbox 2791 710 3103 778; x_wconf 76' lang='grc' dir='ltr'>ἐλεγμούς.</span> <span class='ocrx_word' id='word_1_359' title='bbox 3138 711 3355 782; x_wconf 76' lang='grc' dir='ltr'>Ἐπειδὴ</span> <span class='ocrx_word' id='word_1_360' title='bbox 3376 712 3426 763; x_wconf 82' lang='grc' dir='ltr'>οἱ</span> <span class='ocrx_word' id='word_1_361' title='bbox 3447 712 3683 783; x_wconf 76' lang='grc' dir='ltr'><strong>ζητοῦν-</strong></span> 
     </span>
    </p>
   </div>
   <div class='ocr_carea' id='block_1_50' title="bbox 2096 798 3680 875">
    <p class='ocr_par' dir='ltr' id='par_1_50' title="bbox 2096 798 3680 875">
     <span class='ocr_line' id='line_1_50' title="bbox 2096 798 3680 875; baseline 0.003 -21"><span class='ocrx_word' id='word_1_362' title='bbox 2096 815 2188 862; x_wconf 84' lang='grc' dir='ltr'><strong>τες</strong></span> <span class='ocrx_word' id='word_1_363' title='bbox 2219 800 2317 868; x_wconf 82' lang='grc' dir='ltr'>τὴν</span> <span class='ocrx_word' id='word_1_364' title='bbox 2337 800 2515 871; x_wconf 77' lang='grc' dir='ltr'>ψυχήν</span> <span class='ocrx_word' id='word_1_365' title='bbox 2547 818 2670 871; x_wconf 87' lang='grc' dir='ltr'>μου,</span> <span class='ocrx_word' id='word_1_366' title='bbox 2700 798 2857 874; x_wconf 75' lang='grc' dir='ltr'>εὗρον</span> <span class='ocrx_word' id='word_1_367' title='bbox 2887 803 3058 873; x_wconf 80' lang='grc' dir='ltr'>αὐτὴν</span> <span class='ocrx_word' id='word_1_368' title='bbox 3077 844 3092 867; x_wconf 93' lang='grc'><strong>,</strong></span> <span class='ocrx_word' id='word_1_369' title='bbox 3128 799 3226 857; x_wconf 79' lang='grc' dir='ltr'>εἷθ’</span> <span class='ocrx_word' id='word_1_370' title='bbox 3258 803 3511 875; x_wconf 83' lang='grc' dir='ltr'><strong>εὑρόντες</strong></span> <span class='ocrx_word' id='word_1_371' title='bbox 3542 823 3680 858; x_wconf 84' lang='grc' dir='ltr'>κατ-</span> 
     </span>
    </p>
   </div>
   <div class='ocr_carea' id='block_1_51' title="bbox 2098 886 3679 964">
    <p class='ocr_par' dir='ltr' id='par_1_51' title="bbox 2098 886 3679 964">
     <span class='ocr_line' id='line_1_51' title="bbox 2098 886 3679 964; baseline 0.005 -24"><span class='ocrx_word' id='word_1_372' title='bbox 2098 886 2341 952; x_wconf 74' lang='grc' dir='ltr'>ἐπαιζον,</span> <span class='ocrx_word' id='word_1_373' title='bbox 2360 891 2533 963; x_wconf 74' lang='grc' dir='ltr'>ἐπέϐη</span> <span class='ocrx_word' id='word_1_374' title='bbox 2542 909 2639 945; x_wconf 88' lang='grc' dir='ltr'><strong>σαν</strong></span> <span class='ocrx_word' id='word_1_375' title='bbox 2655 893 2710 945; x_wconf 84' lang='grc' dir='ltr'>δὲ</span> <span class='ocrx_word' id='word_1_376' title='bbox 2729 893 3154 958; x_wconf 80' lang='grc' dir='ltr'>ἐπιτωθάζοντες</span> <span class='ocrx_word' id='word_1_377' title='bbox 3168 897 3280 956; x_wconf 82' lang='grc' dir='ltr'>τοῖς</span> <span class='ocrx_word' id='word_1_378' title='bbox 3295 895 3447 964; x_wconf 80' lang='grc' dir='ltr'><strong>ἐμοῖς</strong></span> <span class='ocrx_word' id='word_1_379' title='bbox 3462 898 3679 959; x_wconf 85' lang='grc' dir='ltr'>κακοῖς·</span> 
     </span>
    </p>
   </div>
   <div class='ocr_carea' id='block_1_52' title="bbox 2097 975 3683 1056">
    <p class='ocr_par' dir='ltr' id='par_1_52' title="bbox 2097 975 3683 1056">
     <span class='ocr_line' id='line_1_52' title="bbox 2097 975 3683 1056; baseline 0.004 -24"><span class='ocrx_word' id='word_1_380' title='bbox 2097 975 2215 1033; x_wconf 76' lang='grc' dir='ltr'>εἶτα</span> <span class='ocrx_word' id='word_1_381' title='bbox 2249 981 2469 1036; x_wconf 80' lang='grc' dir='ltr'><strong>ἐλάλουν</strong></span> <span class='ocrx_word' id='word_1_382' title='bbox 2510 984 2881 1054; x_wconf 85' lang='grc' dir='ltr'>ματαιότητας</span> <span class='ocrx_word' id='word_1_383' title='bbox 2913 986 3008 1038; x_wconf 75' lang='grc' dir='ltr'><strong>καὶ</strong></span> <span class='ocrx_word' id='word_1_384' title='bbox 3037 985 3351 1051; x_wconf 85' lang='grc' dir='ltr'>δολιότητας</span> <span class='ocrx_word' id='word_1_385' title='bbox 3397 986 3528 1056; x_wconf 81' lang='grc' dir='ltr'>ὅλην</span> <span class='ocrx_word' id='word_1_386' title='bbox 3576 986 3683 1056; x_wconf 80' lang='grc' dir='ltr'>τὴν</span> 
     </span>
    </p>
   </div>
   <div class='ocr_carea' id='block_1_53' title="bbox 2094 1072 3678 1146">
    <p class='ocr_par' dir='ltr' id='par_1_53' title="bbox 2094 1072 3678 1146">
     <span class='ocr_line' id='line_1_53' title="bbox 2094 1072 3678 1146; baseline 0.001 -22"><span class='ocrx_word' id='word_1_387' title='bbox 2094 1072 2326 1143; x_wconf 78' lang='grc' dir='ltr'>ἡμέραν.</span> <span class='ocrx_word' id='word_1_388' title='bbox 2353 1074 2477 1126; x_wconf 81' lang='grc' dir='ltr'><strong>Ἐπὶ</strong></span> <span class='ocrx_word' id='word_1_389' title='bbox 2507 1072 2718 1137; x_wconf 78' lang='grc' dir='ltr'><strong>τούτοις</strong></span> <span class='ocrx_word' id='word_1_390' title='bbox 2746 1073 2857 1143; x_wconf 88' lang='grc' dir='ltr'>ἐγὼ</span> <span class='ocrx_word' id='word_1_391' title='bbox 2879 1074 2975 1146; x_wconf 79' lang='grc' dir='ltr'><strong>ἐρη</strong></span> <span class='ocrx_word' id='word_1_392' title='bbox 2985 1091 3081 1145; x_wconf 88' lang='grc' dir='ltr'><strong>μος</strong></span> <span class='ocrx_word' id='word_1_393' title='bbox 3103 1072 3341 1143; x_wconf 78' lang='grc' dir='ltr'>γεγονὼς</span> <span class='ocrx_word' id='word_1_394' title='bbox 3370 1074 3481 1128; x_wconf 85' lang='grc' dir='ltr'>τῶν</span> <span class='ocrx_word' id='word_1_395' title='bbox 3497 1076 3678 1145; x_wconf 86' lang='grc' dir='ltr'>ἐμαυ-</span> 
     </span>
    </p>
   </div>
   <div class='ocr_carea' id='block_1_54' title="bbox 2094 1160 3683 1236">
    <p class='ocr_par' dir='ltr' id='par_1_54' title="bbox 2094 1160 3683 1236">
     <span class='ocr_line' id='line_1_54' title="bbox 2094 1160 3683 1236; baseline 0.021 -21"><span class='ocrx_word' id='word_1_396' title='bbox 2094 1162 2185 1216; x_wconf 78' lang='grc' dir='ltr'>τοῦ</span> <span class='ocrx_word' id='word_1_397' title='bbox 2218 1164 2404 1231; x_wconf 76' lang='grc' dir='ltr'>φίλων,</span> <span class='ocrx_word' id='word_1_398' title='bbox 2440 1164 2592 1218; x_wconf 82' lang='grc' dir='ltr'>οὐδὲν</span> <span class='ocrx_word' id='word_1_399' title='bbox 2626 1160 2769 1236; x_wconf 82' lang='grc' dir='ltr'>εἶχον</span> <span class='ocrx_word' id='word_1_400' title='bbox 2825 1164 3025 1234; x_wconf 72' lang='grc' dir='ltr'>λέγειν,</span> <span class='ocrx_word' id='word_1_401' title='bbox 3072 1165 3333 1236; x_wconf 78' lang='grc' dir='ltr'>αἰσχύνης</span> <span class='ocrx_word' id='word_1_402' title='bbox 3380 1164 3683 1235; x_wconf 74' lang='grc' dir='ltr'><strong>πεπληρω⁶</strong></span> 
     </span>
    </p>
   </div>
   <div class='ocr_carea' id='block_1_55' title="bbox 2098 1254 3679 1327">
    <p class='ocr_par' dir='ltr' id='par_1_55' title="bbox 2098 1254 3679 1327">
     <span class='ocr_line' id='line_1_55' title="bbox 2098 1254 3679 1327; baseline 0.001 -21"><span class='ocrx_word' id='word_1_403' title='bbox 2098 1254 2256 1325; x_wconf 83' lang='grc' dir='ltr'>μένος</span> <span class='ocrx_word' id='word_1_404' title='bbox 2282 1270 2298 1285; x_wconf 76' lang='grc' dir='ltr'><strong>ο</strong></span> <span class='ocrx_word' id='word_1_405' title='bbox 2343 1255 2423 1308; x_wconf 82' lang='grc' dir='ltr'><strong>διὸ</strong></span> <span class='ocrx_word' id='word_1_406' title='bbox 2474 1256 2606 1309; x_wconf 73' lang='grc' dir='ltr'>ὡσεὶ</span> <span class='ocrx_word' id='word_1_407' title='bbox 2651 1256 2832 1326; x_wconf 70' lang='grc' dir='ltr'>κωφὸς</span> <span class='ocrx_word' id='word_1_408' title='bbox 2862 1258 2963 1310; x_wconf 77' lang='grc' dir='ltr'>οὐκ</span> <span class='ocrx_word' id='word_1_409' title='bbox 3006 1257 3237 1327; x_wconf 74' lang='grc' dir='ltr'>ἢκουον·</span> <span class='ocrx_word' id='word_1_410' title='bbox 3279 1255 3394 1309; x_wconf 83' lang='grc' dir='ltr'>ἀλλ’</span> <span class='ocrx_word' id='word_1_411' title='bbox 3420 1256 3450 1307; x_wconf 84' lang='grc' dir='ltr'>ὁ</span> <span class='ocrx_word' id='word_1_412' title='bbox 3502 1256 3679 1309; x_wconf 84' lang='grc' dir='ltr'>πάλαι</span> 
     </span>
    </p>
   </div>
   <div class='ocr_carea' id='block_1_56' title="bbox 2092 1338 3679 1419">
    <p class='ocr_par' dir='ltr' id='par_1_56' title="bbox 2092 1338 3679 1419">
     <span class='ocr_line' id='line_1_56' title="bbox 2092 1338 3679 1419; baseline 0.004 -26"><span class='ocrx_word' id='word_1_413' title='bbox 2092 1341 2439 1409; x_wconf 79' lang='grc' dir='ltr'>λογιώτατος,</span> <span class='ocrx_word' id='word_1_414' title='bbox 2492 1345 2588 1398; x_wconf 78' lang='grc' dir='ltr'>καὶ</span> <span class='ocrx_word' id='word_1_415' title='bbox 2632 1347 2703 1416; x_wconf 79' lang='grc' dir='ltr'>τῇ</span> <span class='ocrx_word' id='word_1_416' title='bbox 2759 1338 3012 1419; x_wconf 59' lang='grc' dir='ltr'>παρούσῃ</span> <span class='ocrx_word' id='word_1_417' title='bbox 3072 1344 3233 1416; x_wconf 76' lang='grc' dir='ltr'>σοφίᾳ</span> <span class='ocrx_word' id='word_1_418' title='bbox 3282 1345 3679 1416; x_wconf 79' lang='grc' dir='ltr'>σεσοφισμένος</span> 
     </span>
    </p>
   </div>
   <div class='ocr_carea' id='block_1_57' title="bbox 2092 1434 3678 1507">
    <p class='ocr_par' dir='ltr' id='par_1_57' title="bbox 2092 1434 3678 1507">
     <span class='ocr_line' id='line_1_57' title="bbox 2092 1434 3678 1507; baseline 0.002 -20"><span class='ocrx_word' id='word_1_419' title='bbox 2092 1435 2293 1502; x_wconf 82' lang='grc' dir='ltr'>γέγονα</span> <span class='ocrx_word' id='word_1_420' title='bbox 2322 1434 2454 1488; x_wconf 74' lang='grc' dir='ltr'>ὡσεὶ</span> <span class='ocrx_word' id='word_1_421' title='bbox 2487 1437 2671 1506; x_wconf 81' lang='grc' dir='ltr'>κωφὸς</span> <span class='ocrx_word' id='word_1_422' title='bbox 2698 1436 2808 1507; x_wconf 70' lang='grc'><strong>(72)</strong></span> <span class='ocrx_word' id='word_1_423' title='bbox 2836 1438 2936 1490; x_wconf 83' lang='grc' dir='ltr'><strong>οὐκ</strong></span> <span class='ocrx_word' id='word_1_424' title='bbox 2966 1436 3202 1501; x_wconf 89' lang='grc' dir='ltr'>ἀκούων,</span> <span class='ocrx_word' id='word_1_425' title='bbox 3236 1437 3331 1490; x_wconf 72' lang='grc' dir='ltr'>καὶ</span> <span class='ocrx_word' id='word_1_426' title='bbox 3360 1436 3435 1500; x_wconf 84' lang='grc' dir='ltr'>ὡς</span> <span class='ocrx_word' id='word_1_427' title='bbox 3473 1436 3678 1500; x_wconf 80' lang='grc' dir='ltr'>ἄλαλος</span> 
     </span>
    </p>
   </div>
   <div class='ocr_carea' id='block_1_58' title="bbox 2091 1526 3678 1600">
    <p class='ocr_par' dir='ltr' id='par_1_58' title="bbox 2091 1526 3678 1600">
     <span class='ocr_line' id='line_1_58' title="bbox 2091 1526 3678 1600; baseline 0.001 -22"><span class='ocrx_word' id='word_1_428' title='bbox 2091 1526 2192 1580; x_wconf 77' lang='grc' dir='ltr'><strong>οὐκ</strong></span> <span class='ocrx_word' id='word_1_429' title='bbox 2219 1527 2448 1595; x_wconf 80' lang='grc' dir='ltr'>ἀνοίγων</span> <span class='ocrx_word' id='word_1_430' title='bbox 2474 1528 2536 1580; x_wconf 86' lang='grc' dir='ltr'><strong>τὸ</strong></span> <span class='ocrx_word' id='word_1_431' title='bbox 2576 1529 2749 1599; x_wconf 80' lang='grc' dir='ltr'>στόμα</span> <span class='ocrx_word' id='word_1_432' title='bbox 2784 1528 2972 1584; x_wconf 81' lang='grc' dir='ltr'>αὐτοῦ.</span> <span class='ocrx_word' id='word_1_433' title='bbox 3018 1529 3207 1592; x_wconf 70' lang='grc' dir='ltr'>Οὐδεὶς</span> <span class='ocrx_word' id='word_1_434' title='bbox 3237 1529 3346 1600; x_wconf 78' lang='grc' dir='ltr'><strong>γάρ</strong></span> <span class='ocrx_word' id='word_1_435' title='bbox 3392 1546 3479 1600; x_wconf 86' lang='grc' dir='ltr'><strong>μοι</strong></span> <span class='ocrx_word' id='word_1_436' title='bbox 3514 1529 3678 1597; x_wconf 80' lang='grc' dir='ltr'>λόγος</span> 
     </span>
    </p>
   </div>
   <div class='ocr_carea' id='block_1_59' title="bbox 2089 1613 3679 1692">
    <p class='ocr_par' dir='ltr' id='par_1_59' title="bbox 2089 1613 3679 1692">
     <span class='ocr_line' id='line_1_59' title="bbox 2089 1613 3679 1692; baseline 0.001 -21"><span class='ocrx_word' id='word_1_437' title='bbox 2089 1613 2158 1688; x_wconf 85' lang='grc' dir='ltr'>ἦν</span> <span class='ocrx_word' id='word_1_438' title='bbox 2199 1618 2337 1689; x_wconf 79' lang='grc' dir='ltr'>πρὸς</span> <span class='ocrx_word' id='word_1_439' title='bbox 2391 1618 2687 1689; x_wconf 81' lang='grc' dir='ltr'>ἀπολογίαν</span> <span class='ocrx_word' id='word_1_440' title='bbox 2710 1631 2724 1651; x_wconf 76' lang='grc' dir='ltr'><strong>δ</strong></span> <span class='ocrx_word' id='word_1_441' title='bbox 2776 1621 2886 1673; x_wconf 81' lang='grc' dir='ltr'>οὐδ’</span> <span class='ocrx_word' id='word_1_442' title='bbox 2935 1615 3080 1690; x_wconf 73' lang='grc' dir='ltr'>εἶχόν</span> <span class='ocrx_word' id='word_1_443' title='bbox 3133 1637 3257 1673; x_wconf 84' lang='grc' dir='ltr'>τινα</span> <span class='ocrx_word' id='word_1_444' title='bbox 3284 1623 3399 1684; x_wconf 81' lang='grc' dir='ltr'>τοῖς</span> <span class='ocrx_word' id='word_1_445' title='bbox 3450 1620 3679 1692; x_wconf 81' lang='grc' dir='ltr'>ἐχθροῖς</span> 
     </span>
    </p>
   </div>
   <div class='ocr_carea' id='block_1_60' title="bbox 2093 1702 3676 1784">
    <p class='ocr_par' dir='ltr' id='par_1_60' title="bbox 2093 1702 3676 1784">
     <span class='ocr_line' id='line_1_60' title="bbox 2093 1702 3676 1784; baseline 0.003 -22"><span class='ocrx_word' id='word_1_446' title='bbox 2093 1710 2589 1780; x_wconf 76' lang='grc' dir='ltr'>προσ-φθέγγεσθαι,</span> <span class='ocrx_word' id='word_1_447' title='bbox 2622 1710 2769 1777; x_wconf 78' lang='grc' dir='ltr'>ἅπαξ</span> <span class='ocrx_word' id='word_1_448' title='bbox 2797 1711 2889 1766; x_wconf 79' lang='grc' dir='ltr'>ὑπ’</span> <span class='ocrx_word' id='word_1_449' title='bbox 2921 1712 3101 1767; x_wconf 82' lang='grc' dir='ltr'>αὐτῶν</span> <span class='ocrx_word' id='word_1_450' title='bbox 3133 1702 3516 1784; x_wconf 76' lang='grc' dir='ltr'>νενικημένοςο</span> <span class='ocrx_word' id='word_1_451' title='bbox 3552 1714 3676 1768; x_wconf 81' lang='grc' dir='ltr'>ἀλλ’</span> 
     </span>
    </p>
   </div>
   <div class='ocr_carea' id='block_1_61' title="bbox 2096 1800 3678 1872">
    <p class='ocr_par' dir='ltr' id='par_1_61' title="bbox 2096 1800 3678 1872">
     <span class='ocr_line' id='line_1_61' title="bbox 2096 1800 3678 1872; baseline 0.004 -20"><span class='ocrx_word' id='word_1_452' title='bbox 2096 1800 2244 1871; x_wconf 74' lang='grc' dir='ltr'>ήμην</span> <span class='ocrx_word' id='word_1_453' title='bbox 2286 1800 2380 1866; x_wconf 83' lang='grc' dir='ltr'>Ὦς</span> <span class='ocrx_word' id='word_1_454' title='bbox 2398 1801 2706 1867; x_wconf 75' lang='grc' dir='ltr'>ἅνθρωπος</span> <span class='ocrx_word' id='word_1_455' title='bbox 2730 1803 2841 1855; x_wconf 86' lang='grc' dir='ltr'>οὐκ</span> <span class='ocrx_word' id='word_1_456' title='bbox 2869 1802 3125 1866; x_wconf 76' lang='grc' dir='ltr'>ἀκούων,</span> <span class='ocrx_word' id='word_1_457' title='bbox 3161 1804 3258 1857; x_wconf 76' lang='grc' dir='ltr'>καὶ</span> <span class='ocrx_word' id='word_1_458' title='bbox 3283 1806 3396 1857; x_wconf 82' lang='grc' dir='ltr'>οὐκ</span> <span class='ocrx_word' id='word_1_459' title='bbox 3415 1804 3574 1872; x_wconf 80' lang='grc' dir='ltr'>ἔχων</span> <span class='ocrx_word' id='word_1_460' title='bbox 3603 1803 3678 1857; x_wconf 74' lang='grc' dir='ltr'>ἐν</span> 
     </span>
    </p>
   </div>
   <div class='ocr_carea' id='block_1_62' title="bbox 2094 1889 3679 1967">
    <p class='ocr_par' dir='ltr' id='par_1_62' title="bbox 2094 1889 3679 1967">
     <span class='ocr_line' id='line_1_62' title="bbox 2094 1889 3679 1967; baseline 0.004 -24"><span class='ocrx_word' id='word_1_461' title='bbox 2094 1889 2175 1956; x_wconf 81' lang='grc' dir='ltr'>τῷ</span> <span class='ocrx_word' id='word_1_462' title='bbox 2202 1892 2452 1960; x_wconf 81' lang='grc' dir='ltr'>στόματι</span> <span class='ocrx_word' id='word_1_463' title='bbox 2484 1893 2670 1947; x_wconf 85' lang='grc' dir='ltr'>αὑτοῦ</span> <span class='ocrx_word' id='word_1_464' title='bbox 2714 1893 3024 1963; x_wconf 75' lang='grc' dir='ltr'>ἐλεγμούς.</span> <span class='ocrx_word' id='word_1_465' title='bbox 3067 1895 3405 1967; x_wconf 82' lang='grc' dir='ltr'>Ἦλεγχόμην</span> <span class='ocrx_word' id='word_1_466' title='bbox 3430 1894 3537 1967; x_wconf 79' lang='grc' dir='ltr'>γὰρ</span> <span class='ocrx_word' id='word_1_467' title='bbox 3571 1896 3679 1949; x_wconf 62' lang='grc' dir='ltr'><strong>αὐέ-</strong></span> 
     </span>
    </p>
   </div>
   <div class='ocr_carea' id='block_1_63' title="bbox 2093 1982 3677 2061">
    <p class='ocr_par' dir='ltr' id='par_1_63' title="bbox 2093 1982 3677 2061">
     <span class='ocr_line' id='line_1_63' title="bbox 2093 1982 3677 2061; baseline 0.002 -24"><span class='ocrx_word' id='word_1_468' title='bbox 2093 1984 2204 2048; x_wconf 79' lang='grc' dir='ltr'>τὸς,</span> <span class='ocrx_word' id='word_1_469' title='bbox 2233 1984 2347 2037; x_wconf 70' lang='grc' dir='ltr'>ἀλλ’</span> <span class='ocrx_word' id='word_1_470' title='bbox 2374 1986 2473 2038; x_wconf 85' lang='grc' dir='ltr'><strong>οὐκ</strong></span> <span class='ocrx_word' id='word_1_471' title='bbox 2493 1986 2739 2057; x_wconf 75' lang='grc' dir='ltr'>ἤλεγχον,</span> <span class='ocrx_word' id='word_1_472' title='bbox 2775 1987 2891 2040; x_wconf 80' lang='grc' dir='ltr'>οὐδὲ</span> <span class='ocrx_word' id='word_1_473' title='bbox 2914 1982 3058 2059; x_wconf 80' lang='grc' dir='ltr'>εἶχον</span> <span class='ocrx_word' id='word_1_474' title='bbox 3080 1987 3411 2059; x_wconf 78' lang='grc' dir='ltr'>παρῤησὶαν,</span> <span class='ocrx_word' id='word_1_475' title='bbox 3438 1986 3677 2061; x_wconf 66' lang='grc' dir='ltr'>αἰσχύνῃ</span> 
     </span>
    </p>
   </div>
   <div class='ocr_carea' id='block_1_64' title="bbox 2094 2075 3674 2147">
    <p class='ocr_par' dir='ltr' id='par_1_64' title="bbox 2094 2075 3674 2147">
     <span class='ocr_line' id='line_1_64' title="bbox 2094 2075 3674 2147; baseline 0.003 -20"><span class='ocrx_word' id='word_1_476' title='bbox 2094 2075 2525 2147; x_wconf 80' lang='grc' dir='ltr'><strong>κεκαλυμμένος.</strong></span> <span class='ocrx_word' id='word_1_477' title='bbox 2582 2078 2704 2131; x_wconf 86' lang='grc' dir='ltr'>Ὅτι</span> <span class='ocrx_word' id='word_1_478' title='bbox 2751 2078 2851 2131; x_wconf 80' lang='grc' dir='ltr'>ἐπὶ</span> <span class='ocrx_word' id='word_1_479' title='bbox 2884 2079 3006 2143; x_wconf 75' lang='grc' dir='ltr'>σοὶ,</span> <span class='ocrx_word' id='word_1_480' title='bbox 3050 2080 3252 2147; x_wconf 79' lang='grc' dir='ltr'>Κύριε,</span> <span class='ocrx_word' id='word_1_481' title='bbox 3293 2076 3550 2147; x_wconf 74' lang='grc' dir='ltr'>ἤλπισα,</span> <span class='ocrx_word' id='word_1_482' title='bbox 3584 2079 3674 2131; x_wconf 86' lang='grc' dir='ltr'>σὺ</span> 
     </span>
    </p>
   </div>
   <div class='ocr_carea' id='block_1_65' title="bbox 2092 2167 3678 2240">
    <p class='ocr_par' dir='ltr' id='par_1_65' title="bbox 2092 2167 3678 2240">
     <span class='ocr_line' id='line_1_65' title="bbox 2092 2167 3678 2240; baseline 0.003 -20"><span class='ocrx_word' id='word_1_483' title='bbox 2092 2169 2449 2236; x_wconf 75' lang='grc' dir='ltr'>εὶσακούσῃ,</span> <span class='ocrx_word' id='word_1_484' title='bbox 2475 2170 2654 2237; x_wconf 75' lang='grc' dir='ltr'>Κύριε</span> <span class='ocrx_word' id='word_1_485' title='bbox 2680 2172 2711 2223; x_wconf 86' lang='grc' dir='ltr'><em>ὁ</em></span> <span class='ocrx_word' id='word_1_486' title='bbox 2736 2169 2880 2236; x_wconf 82' lang='grc' dir='ltr'>Θεός</span> <span class='ocrx_word' id='word_1_487' title='bbox 2895 2187 3034 2239; x_wconf 85' lang='grc' dir='ltr'>μου.</span> <span class='ocrx_word' id='word_1_488' title='bbox 3065 2172 3185 2224; x_wconf 86' lang='grc' dir='ltr'>Ὅτι</span> <span class='ocrx_word' id='word_1_489' title='bbox 3216 2167 3411 2237; x_wconf 80' lang='grc' dir='ltr'>εἷπον,</span> <span class='ocrx_word' id='word_1_490' title='bbox 3435 2169 3678 2240; x_wconf 74' lang='grc' dir='ltr'>μήποτε</span> 
     </span>
    </p>
   </div>
   <div class='ocr_carea' id='block_1_66' title="bbox 2090 2259 3678 2331">
    <p class='ocr_par' dir='ltr' id='par_1_66' title="bbox 2090 2259 3678 2331">
     <span class='ocr_line' id='line_1_66' title="bbox 2090 2259 3678 2331; baseline 0.001 -19"><span class='ocrx_word' id='word_1_491' title='bbox 2090 2259 2419 2328; x_wconf 74' lang='grc' dir='ltr'>ἐπιχειρῶσι</span> <span class='ocrx_word' id='word_1_492' title='bbox 2443 2278 2543 2329; x_wconf 83' lang='grc' dir='ltr'><strong>μοι</strong></span> <span class='ocrx_word' id='word_1_493' title='bbox 2574 2260 2686 2331; x_wconf 80' lang='lat'><strong>(73)</strong></span> <span class='ocrx_word' id='word_1_494' title='bbox 2716 2264 2770 2316; x_wconf 83' lang='grc' dir='ltr'>οἱ</span> <span class='ocrx_word' id='word_1_495' title='bbox 2793 2261 2997 2329; x_wconf 83' lang='grc' dir='ltr'>ἐχθροί</span> <span class='ocrx_word' id='word_1_496' title='bbox 3017 2279 3135 2331; x_wconf 83' lang='grc' dir='ltr'><strong>μου</strong></span> <span class='ocrx_word' id='word_1_497' title='bbox 3157 2278 3171 2293; x_wconf 88' lang='grc'><strong>·</strong></span> <span class='ocrx_word' id='word_1_498' title='bbox 3205 2262 3304 2316; x_wconf 77' lang='grc' dir='ltr'>καὶ</span> <span class='ocrx_word' id='word_1_499' title='bbox 3335 2262 3405 2315; x_wconf 79' lang='grc' dir='ltr'>ἐν</span> <span class='ocrx_word' id='word_1_500' title='bbox 3436 2259 3519 2326; x_wconf 80' lang='grc' dir='ltr'>τῷ</span> <span class='ocrx_word' id='word_1_501' title='bbox 3558 2275 3678 2315; x_wconf 68' lang='grc' dir='ltr'>σαι</span> 
     </span>
    </p>
   </div>
   <div class='ocr_carea' id='block_1_67' title="bbox 2090 2350 3672 2421">
    <p class='ocr_par' dir='ltr' id='par_1_67' title="bbox 2090 2350 3672 2421">
     <span class='ocr_line' id='line_1_67' title="bbox 2090 2350 3672 2421; baseline 0.002 -18"><span class='ocrx_word' id='word_1_502' title='bbox 2090 2350 2381 2418; x_wconf 47' lang='lat' dir='ltr'><strong>lavdi-(rat</strong></span> <span class='ocrx_word' id='word_1_503' title='bbox 2407 2350 2595 2413; x_wconf 82' lang='grc' dir='ltr'>πόδας</span> <span class='ocrx_word' id='word_1_504' title='bbox 2605 2368 2746 2419; x_wconf 85' lang='grc' dir='ltr'>μου,</span> <span class='ocrx_word' id='word_1_505' title='bbox 2764 2350 2856 2404; x_wconf 76' lang='grc' dir='ltr'>ἐπ’</span> <span class='ocrx_word' id='word_1_506' title='bbox 2876 2351 2982 2421; x_wconf 82' lang='grc' dir='ltr'>ἐμὲ</span> <span class='ocrx_word' id='word_1_507' title='bbox 2995 2351 3672 2421; x_wconf 61' lang='grc' dir='ltr'>ἐμεγαλορῤημόιησαν.</span> 
     </span>
    </p>
   </div>
   <div class='ocr_carea' id='block_1_68' title="bbox 2092 2443 3678 2516">
    <p class='ocr_par' dir='ltr' id='par_1_68' title="bbox 2092 2443 3678 2516">
     <span class='ocr_line' id='line_1_68' title="bbox 2092 2443 3678 2516; baseline 0 -20"><span class='ocrx_word' id='word_1_508' title='bbox 2092 2443 2171 2496; x_wconf 79' lang='grc' dir='ltr'><strong>Τὰ</strong></span> <span class='ocrx_word' id='word_1_509' title='bbox 2203 2444 2267 2514; x_wconf 84' lang='grc' dir='ltr'>δὴ</span> <span class='ocrx_word' id='word_1_510' title='bbox 2293 2443 2401 2514; x_wconf 73' lang='grc'><strong>(74)</strong></span> <span class='ocrx_word' id='word_1_511' title='bbox 2441 2444 2825 2516; x_wconf 76' lang='grc' dir='ltr'>συμϐεϐηκότα</span> <span class='ocrx_word' id='word_1_512' title='bbox 2856 2461 2948 2514; x_wconf 91' lang='grc' dir='ltr'><strong>μοι</strong></span> <span class='ocrx_word' id='word_1_513' title='bbox 2973 2444 3165 2499; x_wconf 77' lang='grc' dir='ltr'>ταῦτα.</span> <span class='ocrx_word' id='word_1_514' title='bbox 3197 2445 3287 2498; x_wconf 82' lang='grc' dir='ltr'>Διὸ</span> <span class='ocrx_word' id='word_1_515' title='bbox 3311 2445 3513 2514; x_wconf 79' lang='grc' dir='ltr'><strong>γέγονα</strong></span> <span class='ocrx_word' id='word_1_516' title='bbox 3535 2443 3678 2498; x_wconf 79' lang='grc' dir='ltr'>ὡσεὶ</span> 
     </span>
    </p>
   </div>
   <div class='ocr_carea' id='block_1_69' title="bbox 2092 2535 3673 2605">
    <p class='ocr_par' dir='ltr' id='par_1_69' title="bbox 2092 2535 3673 2605">
     <span class='ocr_line' id='line_1_69' title="bbox 2092 2535 3673 2605; baseline 0.001 -18"><span class='ocrx_word' id='word_1_517' title='bbox 2092 2535 2273 2603; x_wconf 65' lang='grc' dir='ltr'>κωφὸς</span> <span class='ocrx_word' id='word_1_518' title='bbox 2301 2536 2399 2588; x_wconf 76' lang='grc' dir='ltr'>οὐκ</span> <span class='ocrx_word' id='word_1_519' title='bbox 2445 2535 2681 2598; x_wconf 84' lang='grc' dir='ltr'>ἀκούων,</span> <span class='ocrx_word' id='word_1_520' title='bbox 2728 2536 2823 2589; x_wconf 82' lang='grc' dir='ltr'><strong>καὶ</strong></span> <span class='ocrx_word' id='word_1_521' title='bbox 2867 2536 2943 2599; x_wconf 85' lang='grc' dir='ltr'>ὡς</span> <span class='ocrx_word' id='word_1_522' title='bbox 2970 2536 3165 2601; x_wconf 83' lang='grc' dir='ltr'>ἄλαλος</span> <span class='ocrx_word' id='word_1_523' title='bbox 3198 2538 3299 2590; x_wconf 88' lang='grc' dir='ltr'><strong>ούκ</strong></span> <span class='ocrx_word' id='word_1_524' title='bbox 3337 2536 3572 2605; x_wconf 83' lang='grc' dir='ltr'>ἀνοίγων</span> <span class='ocrx_word' id='word_1_525' title='bbox 3607 2537 3673 2589; x_wconf 82' lang='grc' dir='ltr'><strong>τὸ</strong></span> 
     </span>
    </p>
   </div>
   <div class='ocr_carea' id='block_1_70' title="bbox 2092 2624 3667 2699">
    <p class='ocr_par' dir='ltr' id='par_1_70' title="bbox 2092 2624 3667 2699">
     <span class='ocr_line' id='line_1_70' title="bbox 2092 2624 3667 2699; baseline 0.002 -22"><span class='ocrx_word' id='word_1_526' title='bbox 2092 2626 2266 2695; x_wconf 82' lang='grc' dir='ltr'>στόμα</span> <span class='ocrx_word' id='word_1_527' title='bbox 2288 2624 2476 2688; x_wconf 73' lang='grc' dir='ltr'>αὑτοῦ,</span> <span class='ocrx_word' id='word_1_528' title='bbox 2503 2626 2596 2679; x_wconf 71' lang='grc' dir='ltr'><strong>καὶ</strong></span> <span class='ocrx_word' id='word_1_529' title='bbox 2614 2626 2746 2679; x_wconf 67' lang='grc' dir='ltr'>ὡσεὶ</span> <span class='ocrx_word' id='word_1_530' title='bbox 2777 2626 3060 2698; x_wconf 83' lang='grc' dir='ltr'>ἄνθρωπος</span> <span class='ocrx_word' id='word_1_531' title='bbox 3088 2627 3189 2680; x_wconf 82' lang='grc' dir='ltr'><strong>οὐκ</strong></span> <span class='ocrx_word' id='word_1_532' title='bbox 3215 2627 3355 2697; x_wconf 74' lang='grc' dir='ltr'>ἔχων</span> <span class='ocrx_word' id='word_1_533' title='bbox 3376 2626 3667 2699; x_wconf 64' lang='grc' dir='ltr'>ἐλεγμούςο</span> 
     </span>
    </p>
   </div>
   <div class='ocr_carea' id='block_1_71' title="bbox 2088 2717 3671 2790">
    <p class='ocr_par' dir='ltr' id='par_1_71' title="bbox 2088 2717 3671 2790">
     <span class='ocr_line' id='line_1_71' title="bbox 2088 2717 3671 2790; baseline 0.002 -20"><span class='ocrx_word' id='word_1_534' title='bbox 2088 2717 2168 2771; x_wconf 79' lang='grc' dir='ltr'><strong>διὸ</strong></span> <span class='ocrx_word' id='word_1_535' title='bbox 2197 2717 2350 2770; x_wconf 72' lang='grc' dir='ltr'>οὐδὲν</span> <span class='ocrx_word' id='word_1_536' title='bbox 2396 2717 2531 2790; x_wconf 68' lang='grc' dir='ltr'>προς</span> <span class='ocrx_word' id='word_1_537' title='bbox 2567 2719 2694 2782; x_wconf 75' lang='grc' dir='ltr'>τοὺς</span> <span class='ocrx_word' id='word_1_538' title='bbox 2728 2719 2956 2789; x_wconf 81' lang='grc' dir='ltr'>ἐχθροὺς</span> <span class='ocrx_word' id='word_1_539' title='bbox 2985 2719 3191 2788; x_wconf 77' lang='grc' dir='ltr'>ἔλεγον,</span> <span class='ocrx_word' id='word_1_540' title='bbox 3221 2719 3299 2782; x_wconf 78' lang='grc' dir='ltr'>ὡς</span> <span class='ocrx_word' id='word_1_541' title='bbox 3332 2719 3398 2773; x_wconf 85' lang='grc' dir='ltr'>ἂν</span> <span class='ocrx_word' id='word_1_542' title='bbox 3447 2720 3671 2773; x_wconf 77' lang='grc' dir='ltr'>ὑπ’.αύο</span> 
     </span>
    </p>
   </div>
   <div class='ocr_carea' id='block_1_72' title="bbox 2088 2808 3670 2884">
    <p class='ocr_par' dir='ltr' id='par_1_72' title="bbox 2088 2808 3670 2884">
     <span class='ocr_line' id='line_1_72' title="bbox 2088 2808 3670 2884; baseline 0.003 -22"><span class='ocrx_word' id='word_1_543' title='bbox 2088 2808 2195 2862; x_wconf 80' lang='grc' dir='ltr'>τῶν</span> <span class='ocrx_word' id='word_1_544' title='bbox 2236 2809 2607 2881; x_wconf 81' lang='grc' dir='ltr'><strong>νενικημένος.</strong></span> <span class='ocrx_word' id='word_1_545' title='bbox 2652 2811 2727 2863; x_wconf 87' lang='grc' dir='ltr'><strong>Οὐ</strong></span> <span class='ocrx_word' id='word_1_546' title='bbox 2775 2811 2880 2882; x_wconf 84' lang='grc' dir='ltr'><strong>μὴν</strong></span> <span class='ocrx_word' id='word_1_547' title='bbox 2912 2811 3000 2865; x_wconf 75' lang='grc' dir='ltr'>διὰ</span> <span class='ocrx_word' id='word_1_548' title='bbox 3029 2811 3187 2865; x_wconf 76' lang='grc' dir='ltr'>τοῦτο</span> <span class='ocrx_word' id='word_1_549' title='bbox 3215 2812 3465 2882; x_wconf 81' lang='grc' dir='ltr'>ἀπέγνων</span> <span class='ocrx_word' id='word_1_550' title='bbox 3493 2816 3670 2884; x_wconf 75' lang='grc' dir='ltr'>ἐμαυο</span> 
     </span>
    </p>
   </div>
   <div class='ocr_carea' id='block_1_73' title="bbox 2087 2900 3668 2976">
    <p class='ocr_par' dir='ltr' id='par_1_73' title="bbox 2087 2900 3668 2976">
     <span class='ocr_line' id='line_1_73' title="bbox 2087 2900 3668 2976; baseline 0.004 -22"><span class='ocrx_word' id='word_1_551' title='bbox 2087 2900 2218 2955; x_wconf 77' lang='grc' dir='ltr'><strong>τοῦο</strong></span> <span class='ocrx_word' id='word_1_552' title='bbox 2251 2905 2478 2973; x_wconf 81' lang='grc' dir='ltr'>συνῆγον</span> <span class='ocrx_word' id='word_1_553' title='bbox 2526 2902 2584 2955; x_wconf 85' lang='grc' dir='ltr'><strong>δέ</strong></span> <span class='ocrx_word' id='word_1_554' title='bbox 2632 2902 2795 2957; x_wconf 84' lang='grc' dir='ltr'>πάλιν</span> <span class='ocrx_word' id='word_1_555' title='bbox 2829 2903 3084 2973; x_wconf 79' lang='grc' dir='ltr'>ἐμαυτὸν,</span> <span class='ocrx_word' id='word_1_556' title='bbox 3119 2906 3218 2975; x_wconf 81' lang='grc' dir='ltr'>τῆς</span> <span class='ocrx_word' id='word_1_557' title='bbox 3253 2904 3352 2975; x_wconf 84' lang='grc' dir='ltr'><strong>μὲν</strong></span> <span class='ocrx_word' id='word_1_558' title='bbox 3389 2906 3668 2976; x_wconf 68' lang='grc' dir='ltr'>ἁμαρτιας</span> 
     </span>
    </p>
   </div>
   <div class='ocr_carea' id='block_1_74' title="bbox 2088 2992 3669 3068">
    <p class='ocr_par' dir='ltr' id='par_1_74' title="bbox 2088 2992 3669 3068">
     <span class='ocr_line' id='line_1_74' title="bbox 2088 2992 3669 3068; baseline 0.004 -24"><span class='ocrx_word' id='word_1_559' title='bbox 2088 2992 2165 3056; x_wconf 86' lang='grc' dir='ltr'><strong>ὡς</strong></span> <span class='ocrx_word' id='word_1_560' title='bbox 2197 2992 2426 3046; x_wconf 85' lang='grc' dir='ltr'>Θανάτου</span> <span class='ocrx_word' id='word_1_561' title='bbox 2448 2994 2828 3065; x_wconf 76' lang='grc' dir='ltr'><strong>ἀποπηδήσας,</strong></span> <span class='ocrx_word' id='word_1_562' title='bbox 2859 2999 2975 3059; x_wconf 87' lang='grc' dir='ltr'>τοῖς</span> <span class='ocrx_word' id='word_1_563' title='bbox 2998 2995 3057 3049; x_wconf 84' lang='grc' dir='ltr'>δὲ</span> <span class='ocrx_word' id='word_1_564' title='bbox 3084 2996 3185 3066; x_wconf 82' lang='grc' dir='ltr'>τῆς</span> <span class='ocrx_word' id='word_1_565' title='bbox 3222 2996 3669 3068; x_wconf 75' lang='grc' dir='ltr'>ἐξομολογήσεως</span> 
     </span>
    </p>
   </div>
   <div class='ocr_carea' id='block_1_75' title="bbox 2091 3084 3672 3158">
    <p class='ocr_par' dir='ltr' id='par_1_75' title="bbox 2091 3084 3672 3158">
     <span class='ocr_line' id='line_1_75' title="bbox 2091 3084 3672 3158; baseline 0.004 -22"><span class='ocrx_word' id='word_1_566' title='bbox 2091 3084 2402 3155; x_wconf 81' lang='grc' dir='ltr'>φαρμάκοις</span> <span class='ocrx_word' id='word_1_567' title='bbox 2426 3084 2489 3137; x_wconf 84' lang='grc' dir='ltr'>τὸ</span> <span class='ocrx_word' id='word_1_568' title='bbox 2515 3085 2754 3155; x_wconf 79' lang='grc' dir='ltr'>ἐμαυτοῦ</span> <span class='ocrx_word' id='word_1_569' title='bbox 2781 3085 2891 3157; x_wconf 76' lang='lat'><strong>(75)</strong></span> <span class='ocrx_word' id='word_1_570' title='bbox 2927 3086 3083 3150; x_wconf 75' lang='grc' dir='ltr'>ἕλκος</span> <span class='ocrx_word' id='word_1_571' title='bbox 3120 3087 3367 3158; x_wconf 85' lang='grc' dir='ltr'>ἰώμενος.</span> <span class='ocrx_word' id='word_1_572' title='bbox 3401 3089 3512 3141; x_wconf 72' lang='grc' dir='ltr'><strong>Καὶ</strong></span> <span class='ocrx_word' id='word_1_573' title='bbox 3536 3091 3672 3153; x_wconf 81' lang='grc' dir='ltr'>τοὺς</span> 
     </span>
    </p>
   </div>
   <div class='ocr_carea' id='block_1_76' title="bbox 2093 3173 3673 3249">
    <p class='ocr_par' dir='ltr' id='par_1_76' title="bbox 2093 3173 3673 3249">
     <span class='ocr_line' id='line_1_76' title="bbox 2093 3173 3673 3249; baseline 0.004 -23"><span class='ocrx_word' id='word_1_574' title='bbox 2093 3174 2530 3245; x_wconf 78' lang='grc' dir='ltr'>προσοζέσαντάς</span> <span class='ocrx_word' id='word_1_575' title='bbox 2568 3192 2659 3245; x_wconf 87' lang='grc' dir='ltr'><strong>μοι</strong></span> <span class='ocrx_word' id='word_1_576' title='bbox 2717 3173 2991 3247; x_wconf 84' lang='grc' dir='ltr'>μώλωπας</span> <span class='ocrx_word' id='word_1_577' title='bbox 3046 3177 3155 3231; x_wconf 85' lang='grc' dir='ltr'>ἀπὸ</span> <span class='ocrx_word' id='word_1_578' title='bbox 3200 3178 3303 3249; x_wconf 84' lang='grc' dir='ltr'>τῆς</span> <span class='ocrx_word' id='word_1_579' title='bbox 3353 3178 3673 3249; x_wconf 76' lang='grc' dir='ltr'>ἀφροσύνης</span> 
     </span>
    </p>
   </div>
   <div class='ocr_carea' id='block_1_77' title="bbox 2093 3264 3667 3337">
    <p class='ocr_par' dir='ltr' id='par_1_77' title="bbox 2093 3264 3667 3337">
     <span class='ocr_line' id='line_1_77' title="bbox 2093 3264 3667 3337; baseline 0.003 -19"><span class='ocrx_word' id='word_1_580' title='bbox 2093 3282 2216 3335; x_wconf 90' lang='grc' dir='ltr'>μου,</span> <span class='ocrx_word' id='word_1_581' title='bbox 2243 3264 2538 3335; x_wconf 80' lang='grc' dir='ltr'>θεραπείας</span> <span class='ocrx_word' id='word_1_582' title='bbox 2581 3269 2764 3336; x_wconf 88' lang='grc' dir='ltr'>τυχεῖν</span> <span class='ocrx_word' id='word_1_583' title='bbox 2808 3265 2963 3331; x_wconf 83' lang='grc' dir='ltr'>ἀξιῶ.</span> <span class='ocrx_word' id='word_1_584' title='bbox 3000 3268 3090 3320; x_wconf 85' lang='grc' dir='ltr'>Διὸ</span> <span class='ocrx_word' id='word_1_585' title='bbox 3139 3267 3270 3323; x_wconf 74' lang='grc' dir='ltr'><strong>Ἐπὶ</strong></span> <span class='ocrx_word' id='word_1_586' title='bbox 3296 3269 3418 3332; x_wconf 70' lang='grc' dir='ltr'>σοι,</span> <span class='ocrx_word' id='word_1_587' title='bbox 3449 3271 3667 3337; x_wconf 83' lang='grc' dir='ltr'>Κύριε,</span> 
     </span>
    </p>
   </div>
   <div class='ocr_carea' id='block_1_78' title="bbox 2087 3353 3671 3429">
    <p class='ocr_par' dir='ltr' id='par_1_78' title="bbox 2087 3353 3671 3429">
     <span class='ocr_line' id='line_1_78' title="bbox 2087 3353 3671 3429; baseline 0.003 -20"><span class='ocrx_word' id='word_1_588' title='bbox 2087 3353 2353 3423; x_wconf 71' lang='grc' dir='ltr'>ἤλπισα²</span> <span class='ocrx_word' id='word_1_589' title='bbox 2405 3355 2466 3408; x_wconf 84' lang='grc' dir='ltr'><strong>οὐ</strong></span> <span class='ocrx_word' id='word_1_590' title='bbox 2513 3354 2624 3426; x_wconf 75' lang='grc' dir='ltr'>γὰρ</span> <span class='ocrx_word' id='word_1_591' title='bbox 2669 3356 2887 3427; x_wconf 79' lang='grc' dir='ltr'>ἐμαυτῷ</span> <span class='ocrx_word' id='word_1_592' title='bbox 2933 3356 3173 3428; x_wconf 78' lang='grc' dir='ltr'>θαρῤῶν,</span> <span class='ocrx_word' id='word_1_593' title='bbox 3204 3358 3324 3410; x_wconf 71' lang='grc' dir='ltr'>οὐδὲ</span> <span class='ocrx_word' id='word_1_594' title='bbox 3352 3357 3519 3429; x_wconf 81' lang='grc' dir='ltr'>ἄλλην</span> <span class='ocrx_word' id='word_1_595' title='bbox 3542 3362 3671 3413; x_wconf 71' lang='grc' dir='ltr'>τινὰ</span> 
     </span>
    </p>
   </div>
   <div class='ocr_carea' id='block_1_79' title="bbox 2088 3446 3672 3525">
    <p class='ocr_par' dir='ltr' id='par_1_79' title="bbox 2088 3446 3672 3525">
     <span class='ocr_line' id='line_1_79' title="bbox 2088 3446 3672 3525; baseline 0.005 -26"><span class='ocrx_word' id='word_1_596' title='bbox 2088 3446 2278 3500; x_wconf 80' lang='grc' dir='ltr'>ἐλπίδα</span> <span class='ocrx_word' id='word_1_597' title='bbox 2325 3446 2552 3517; x_wconf 82' lang='grc' dir='ltr'>θέμενος</span> <span class='ocrx_word' id='word_1_598' title='bbox 2598 3447 2709 3520; x_wconf 87' lang='grc'><strong>(76)</strong></span> <span class='ocrx_word' id='word_1_599' title='bbox 2752 3449 2859 3521; x_wconf 80' lang='grc' dir='ltr'>πρὸ</span> <span class='ocrx_word' id='word_1_600' title='bbox 2906 3448 3200 3520; x_wconf 77' lang='grc' dir='ltr'><strong>ὀφθαλμῶν</strong></span> <span class='ocrx_word' id='word_1_601' title='bbox 3246 3449 3279 3520; x_wconf 80' lang='grc' dir='ltr'>ἢ</span> <span class='ocrx_word' id='word_1_602' title='bbox 3327 3451 3408 3515; x_wconf 81' lang='grc' dir='ltr'>σὲ,</span> <span class='ocrx_word' id='word_1_603' title='bbox 3451 3451 3522 3505; x_wconf 85' lang='grc' dir='ltr'>τὰ</span> <span class='ocrx_word' id='word_1_604' title='bbox 3563 3454 3672 3525; x_wconf 72' lang='grc' dir='ltr'>τῆς</span> 
     </span>
    </p>
   </div>
   <div class='ocr_carea' id='block_1_80' title="bbox 2091 3532 3660 3613">
    <p class='ocr_par' dir='ltr' id='par_1_80' title="bbox 2091 3532 3660 3613">
     <span class='ocr_line' id='line_1_80' title="bbox 2091 3532 3660 3613; baseline 0.004 -22"><span class='ocrx_word' id='word_1_605' title='bbox 2091 3536 2285 3600; x_wconf 80' lang='grc' dir='ltr'>ἰάσεως</span> <span class='ocrx_word' id='word_1_606' title='bbox 2332 3532 2654 3610; x_wconf 79' lang='grc' dir='ltr'>’ὑπέγραφον</span> <span class='ocrx_word' id='word_1_607' title='bbox 2713 3538 2954 3610; x_wconf 81' lang='grc' dir='ltr'>ἐμαυτῷ.</span> <span class='ocrx_word' id='word_1_608' title='bbox 3006 3539 3225 3612; x_wconf 79' lang='grc' dir='ltr'>Ἐπειδὴ</span> <span class='ocrx_word' id='word_1_609' title='bbox 3268 3536 3361 3595; x_wconf 80' lang='grc' dir='ltr'>οὖν</span> <span class='ocrx_word' id='word_1_610' title='bbox 3426 3543 3660 3613; x_wconf 74' lang='grc' dir='ltr'>ἤλπισα,</span> 
     </span>
    </p>
   </div>
   <div class='ocr_carea' id='block_1_81' title="bbox 2088 3630 3679 3704">
    <p class='ocr_par' dir='ltr' id='par_1_81' title="bbox 2088 3630 3679 3704">
     <span class='ocr_line' id='line_1_81' title="bbox 2088 3630 3679 3704; baseline 0.003 -21"><span class='ocrx_word' id='word_1_611' title='bbox 2088 3630 2282 3702; x_wconf 85' lang='grc' dir='ltr'>Κύριε,</span> <span class='ocrx_word' id='word_1_612' title='bbox 2318 3633 2351 3702; x_wconf 85' lang='grc' dir='ltr'>ἡ</span> <span class='ocrx_word' id='word_1_613' title='bbox 2379 3631 2435 3684; x_wconf 81' lang='grc' dir='ltr'>δὲ</span> <span class='ocrx_word' id='word_1_614' title='bbox 2455 3630 2610 3696; x_wconf 74' lang='grc' dir='ltr'>ἐλπὶς</span> <span class='ocrx_word' id='word_1_615' title='bbox 2634 3632 2695 3683; x_wconf 81' lang='grc' dir='ltr'>οὐ</span> <span class='ocrx_word' id='word_1_616' title='bbox 2722 3630 3090 3701; x_wconf 82' lang='grc' dir='ltr'>καταισχύνει,</span> <span class='ocrx_word' id='word_1_617' title='bbox 3124 3631 3395 3687; x_wconf 78' lang='grc' dir='ltr'>διὰιτοῦτο</span> <span class='ocrx_word' id='word_1_618' title='bbox 3421 3633 3679 3704; x_wconf 57' lang='grc' dir='ltr'>εἰσάκουτ</span> 
     </span>
    </p>
   </div>
   <div class='ocr_carea' id='block_1_82' title="bbox 2089 3721 3671 3794">
    <p class='ocr_par' dir='ltr' id='par_1_82' title="bbox 2089 3721 3671 3794">
     <span class='ocr_line' id='line_1_82' title="bbox 2089 3721 3671 3794; baseline 0.003 -18"><span class='ocrx_word' id='word_1_619' title='bbox 2089 3739 2201 3789; x_wconf 90' lang='grc' dir='ltr'>σον,</span> <span class='ocrx_word' id='word_1_620' title='bbox 2231 3724 2312 3777; x_wconf 83' lang='grc' dir='ltr'><strong>ὅτι</strong></span> <span class='ocrx_word' id='word_1_621' title='bbox 2334 3722 2563 3794; x_wconf 82' lang='grc' dir='ltr'>θελητὴς</span> <span class='ocrx_word' id='word_1_622' title='bbox 2592 3723 2774 3786; x_wconf 75' lang='grc' dir='ltr'>ἐλέους</span> <span class='ocrx_word' id='word_1_623' title='bbox 2807 3721 2859 3777; x_wconf 71' lang='lat' dir='ltr'><strong>ei</strong></span> <span class='ocrx_word' id='word_1_624' title='bbox 2892 3726 2978 3788; x_wconf 83' lang='grc' dir='ltr'><strong>σὺ,</strong></span> <span class='ocrx_word' id='word_1_625' title='bbox 3010 3723 3105 3777; x_wconf 75' lang='grc' dir='ltr'>καὶ</span> <span class='ocrx_word' id='word_1_626' title='bbox 3138 3724 3198 3777; x_wconf 81' lang='grc' dir='ltr'>οὐ</span> <span class='ocrx_word' id='word_1_627' title='bbox 3240 3723 3418 3794; x_wconf 82' lang='grc' dir='ltr'>βούλει</span> <span class='ocrx_word' id='word_1_628' title='bbox 3447 3726 3538 3779; x_wconf 82' lang='grc' dir='ltr'><strong>τὸν</strong></span> <span class='ocrx_word' id='word_1_629' title='bbox 3566 3726 3671 3780; x_wconf 76' lang='lat' dir='ltr'><strong>Oci-</strong></span> 
     </span>
    </p>
   </div>
   <div class='ocr_carea' id='block_1_83' title="bbox 2086 3815 3673 3887">
    <p class='ocr_par' dir='ltr' id='par_1_83' title="bbox 2086 3815 3673 3887">
     <span class='ocr_line' id='line_1_83' title="bbox 2086 3815 3673 3887; baseline 0.003 -18"><span class='ocrx_word' id='word_1_630' title='bbox 2086 3832 2246 3869; x_wconf 87' lang='grc' dir='ltr'>νατον</span> <span class='ocrx_word' id='word_1_631' title='bbox 2274 3815 2368 3869; x_wconf 79' lang='grc' dir='ltr'>τοῦ</span> <span class='ocrx_word' id='word_1_632' title='bbox 2396 3815 2742 3887; x_wconf 82' lang='grc' dir='ltr'>ἁμαρτωλοῦ,</span> <span class='ocrx_word' id='word_1_633' title='bbox 2761 3815 2837 3879; x_wconf 86' lang='grc' dir='ltr'>ὡς</span> <span class='ocrx_word' id='word_1_634' title='bbox 2866 3815 2965 3887; x_wconf 84' lang='grc' dir='ltr'>τὴν</span> <span class='ocrx_word' id='word_1_635' title='bbox 2989 3816 3277 3886; x_wconf 78' lang='grc' dir='ltr'>μετάνοιαν</span> <span class='ocrx_word' id='word_1_636' title='bbox 3305 3817 3492 3872; x_wconf 79' lang='grc' dir='ltr'>αὑτοῦ.</span> <span class='ocrx_word' id='word_1_637' title='bbox 3520 3820 3673 3874; x_wconf 77' lang='grc' dir='ltr'>Διότι</span> 
     </span>
    </p>
   </div>
   <div class='ocr_carea' id='block_1_84' title="bbox 2087 3906 3673 3981">
    <p class='ocr_par' dir='ltr' id='par_1_84' title="bbox 2087 3906 3673 3981">
     <span class='ocr_line' id='line_1_84' title="bbox 2087 3906 3673 3981; baseline 0.003 -21"><span class='ocrx_word' id='word_1_638' title='bbox 2087 3907 2294 3979; x_wconf 73' lang='grc' dir='ltr'>ἤλπισα</span> <span class='ocrx_word' id='word_1_639' title='bbox 2350 3908 2444 3960; x_wconf 75' lang='grc' dir='ltr'><strong>ἐπὶ</strong></span> <span class='ocrx_word' id='word_1_640' title='bbox 2483 3908 2564 3970; x_wconf 84' lang='grc' dir='ltr'>σὲ,</span> <span class='ocrx_word' id='word_1_641' title='bbox 2628 3906 2855 3960; x_wconf 74' lang='grc' dir='ltr'>ἱκετεύω</span> <span class='ocrx_word' id='word_1_642' title='bbox 2901 3908 3002 3978; x_wconf 86' lang='grc' dir='ltr'>τῆς</span> <span class='ocrx_word' id='word_1_643' title='bbox 3053 3907 3205 3980; x_wconf 84' lang='grc' dir='ltr'>παρὰ</span> <span class='ocrx_word' id='word_1_644' title='bbox 3276 3908 3368 3962; x_wconf 79' lang='grc' dir='ltr'>σοῦ</span> <span class='ocrx_word' id='word_1_645' title='bbox 3413 3909 3673 3981; x_wconf 79' lang='grc' dir='ltr'>βοηθείας</span> 
     </span>
    </p>
   </div>
   <div class='ocr_carea' id='block_1_85' title="bbox 2087 3999 3667 4073">
    <p class='ocr_par' dir='ltr' id='par_1_85' title="bbox 2087 3999 3667 4073">
     <span class='ocr_line' id='line_1_85' title="bbox 2087 3999 3667 4073; baseline 0.003 -20"><span class='ocrx_word' id='word_1_646' title='bbox 2087 4002 2384 4072; x_wconf 82' lang='grc' dir='ltr'>ἐπιτυχεῖν,</span> <span class='ocrx_word' id='word_1_647' title='bbox 2418 4000 2515 4067; x_wconf 84' lang='grc' dir='ltr'><strong>Μή</strong></span> <span class='ocrx_word' id='word_1_648' title='bbox 2546 4014 2690 4053; x_wconf 75' lang='grc' dir='ltr'>ποτε</span> <span class='ocrx_word' id='word_1_649' title='bbox 2710 3999 3045 4068; x_wconf 81' lang='grc' dir='ltr'>ἐπιχαρῶσί</span> <span class='ocrx_word' id='word_1_650' title='bbox 3061 4019 3165 4070; x_wconf 82' lang='grc' dir='ltr'><strong>μοι</strong></span> <span class='ocrx_word' id='word_1_651' title='bbox 3210 4004 3265 4056; x_wconf 81' lang='grc' dir='ltr'>οἱ</span> <span class='ocrx_word' id='word_1_652' title='bbox 3292 4003 3494 4073; x_wconf 81' lang='grc' dir='ltr'>ἐχθροί</span> <span class='ocrx_word' id='word_1_653' title='bbox 3517 4021 3667 4073; x_wconf 84' lang='grc' dir='ltr'>μου.</span> 
     </span>
    </p>
   </div>
   <div class='ocr_carea' id='block_1_86' title="bbox 2088 4088 3671 4163">
    <p class='ocr_par' dir='ltr' id='par_1_86' title="bbox 2088 4088 3671 4163">
     <span class='ocr_line' id='line_1_86' title="bbox 2088 4088 3671 4163; baseline 0.003 -20"><span class='ocrx_word' id='word_1_654' title='bbox 2088 4089 2255 4144; x_wconf 78' lang='grc' dir='ltr'>Οὔπω</span> <span class='ocrx_word' id='word_1_655' title='bbox 2304 4090 2401 4159; x_wconf 86' lang='grc' dir='ltr'>μὲν</span> <span class='ocrx_word' id='word_1_656' title='bbox 2450 4090 2558 4161; x_wconf 82' lang='grc' dir='ltr'>γὰρ</span> <span class='ocrx_word' id='word_1_657' title='bbox 2606 4088 2884 4153; x_wconf 85' lang='grc' dir='ltr'>παντελῶς</span> <span class='ocrx_word' id='word_1_658' title='bbox 2937 4092 3245 4163; x_wconf 77' lang='grc' dir='ltr'>ἐχάρησαν·</span> <span class='ocrx_word' id='word_1_659' title='bbox 3277 4093 3671 4163; x_wconf 80' lang='grc' dir='ltr'>ἐπιχαροῦνται</span> 
     </span>
    </p>
   </div>
   <div class='ocr_carea' id='block_1_87' title="bbox 2087 4181 3670 4257">
    <p class='ocr_par' dir='ltr' id='par_1_87' title="bbox 2087 4181 3670 4257">
     <span class='ocr_line' id='line_1_87' title="bbox 2087 4181 3670 4257; baseline 0.003 -22"><span class='ocrx_word' id='word_1_660' title='bbox 2087 4183 2166 4245; x_wconf 85' lang='grc' dir='ltr'><strong>δέ,</strong></span> <span class='ocrx_word' id='word_1_661' title='bbox 2196 4185 2246 4236; x_wconf 78' lang='grc' dir='ltr'><strong>ει</strong></span> <span class='ocrx_word' id='word_1_662' title='bbox 2278 4182 2351 4254; x_wconf 84' lang='grc' dir='ltr'>μὴ</span> <span class='ocrx_word' id='word_1_663' title='bbox 2375 4182 2594 4253; x_wconf 86' lang='grc' dir='ltr'>τύχοιμι</span> <span class='ocrx_word' id='word_1_664' title='bbox 2625 4182 2719 4235; x_wconf 82' lang='grc' dir='ltr'><strong>τοῦ</strong></span> <span class='ocrx_word' id='word_1_665' title='bbox 2745 4181 2837 4236; x_wconf 79' lang='grc' dir='ltr'>σοῦ</span> <span class='ocrx_word' id='word_1_666' title='bbox 2861 4183 3044 4247; x_wconf 81' lang='grc' dir='ltr'>ἐλέους</span> <span class='ocrx_word' id='word_1_667' title='bbox 3067 4200 3080 4211; x_wconf 79' lang='grc'><strong><em>-</em></strong></span> <span class='ocrx_word' id='word_1_668' title='bbox 3109 4183 3225 4237; x_wconf 82' lang='grc' dir='ltr'>ἀλλ’</span> <span class='ocrx_word' id='word_1_669' title='bbox 3252 4185 3337 4239; x_wconf 78' lang='grc' dir='ltr'><strong>ἵνα</strong></span> <span class='ocrx_word' id='word_1_670' title='bbox 3371 4184 3444 4256; x_wconf 84' lang='grc' dir='ltr'>μὴ</span> <span class='ocrx_word' id='word_1_671' title='bbox 3470 4187 3670 4257; x_wconf 67' lang='grc' dir='ltr'>ἐπιχαι-</span> 
     </span>
    </p>
   </div>
   <div class='ocr_carea' id='block_1_88' title="bbox 410 4269 1985 4349">
    <p class='ocr_par' dir='ltr' id='par_1_88' title="bbox 410 4269 1985 4339">
     <span class='ocr_line' id='line_1_88' title="bbox 410 4269 1985 4339; baseline -0.001 -13"><span class='ocrx_word' id='word_1_672' title='bbox 410 4282 619 4337; x_wconf 85' lang='lat' dir='ltr'><strong>autem,</strong></span> <span class='ocrx_word' id='word_1_673' title='bbox 669 4271 770 4327; x_wconf 93' lang='lat' dir='ltr'><strong>nisi</strong></span> <span class='ocrx_word' id='word_1_674' title='bbox 822 4280 969 4324; x_wconf 88' lang='lat' dir='ltr'><strong>tuam</strong></span> <span class='ocrx_word' id='word_1_675' title='bbox 1019 4284 1323 4339; x_wconf 86' lang='lat' dir='ltr'><strong>consequar</strong></span> <span class='ocrx_word' id='word_1_676' title='bbox 1381 4269 1985 4324; x_wconf 84' lang='lat' dir='ltr'><strong>misericordiam:sed</strong></span> 
     </span>
    </p>
   </div>
   <div class='ocr_carea' id='block_1_89' title="bbox 2094 4269 3670 4349">
    <p class='ocr_par' dir='ltr' id='par_1_89' title="bbox 2094 4273 3670 4349">
     <span class='ocr_line' id='line_1_89' title="bbox 2094 4273 3670 4349; baseline 0.003 -23"><span class='ocrx_word' id='word_1_677' title='bbox 2094 4275 2313 4346; x_wconf 81' lang='grc' dir='ltr'>ρείησάν</span> <span class='ocrx_word' id='word_1_678' title='bbox 2339 4290 2427 4345; x_wconf 90' lang='grc' dir='ltr'><strong>μοι</strong></span> <span class='ocrx_word' id='word_1_679' title='bbox 2451 4276 2498 4326; x_wconf 86' lang='grc' dir='ltr'>οἱ</span> <span class='ocrx_word' id='word_1_680' title='bbox 2526 4273 2711 4346; x_wconf 79' lang='grc' dir='ltr'>ἐχθροί</span> <span class='ocrx_word' id='word_1_681' title='bbox 2736 4292 2859 4346; x_wconf 89' lang='grc' dir='ltr'>μου,</span> <span class='ocrx_word' id='word_1_682' title='bbox 2884 4276 2934 4329; x_wconf 80' lang='lat' dir='ltr'><strong>oi</strong></span> <span class='ocrx_word' id='word_1_683' title='bbox 2957 4275 3059 4347; x_wconf 70' lang='grc' dir='ltr'><strong>ἤδη</strong></span> <span class='ocrx_word' id='word_1_684' title='bbox 3082 4277 3177 4330; x_wconf 75' lang='grc' dir='ltr'><strong>καὶ</strong></span> <span class='ocrx_word' id='word_1_685' title='bbox 3200 4277 3462 4348; x_wconf 89' lang='grc' dir='ltr'>πρότερον</span> <span class='ocrx_word' id='word_1_686' title='bbox 3495 4278 3554 4331; x_wconf 89' lang='grc' dir='ltr'><strong>ἐν</strong></span> <span class='ocrx_word' id='word_1_687' title='bbox 3589 4279 3670 4349; x_wconf 84' lang='grc' dir='ltr'>τῷ</span> 
     </span>
    </p>
   </div>
   <div class='ocr_carea' id='block_1_90' title="bbox 414 4359 1985 4437">
    <p class='ocr_par' dir='ltr' id='par_1_90' title="bbox 414 4359 1985 4431">
     <span class='ocr_line' id='line_1_90' title="bbox 414 4359 1985 4431; baseline -0.001 -16"><span class='ocrx_word' id='word_1_688' title='bbox 414 4377 480 4417; x_wconf 89' lang='lat' dir='ltr'><strong>ne</strong></span> <span class='ocrx_word' id='word_1_689' title='bbox 503 4360 931 4431; x_wconf 82' lang='lat' dir='ltr'><strong>supergaudeant</strong></span> <span class='ocrx_word' id='word_1_690' title='bbox 960 4359 1091 4414; x_wconf 91' lang='lat' dir='ltr'><strong>mihi</strong></span> <span class='ocrx_word' id='word_1_691' title='bbox 1139 4359 1339 4413; x_wconf 88' lang='lat' dir='ltr'><strong>inimici</strong></span> <span class='ocrx_word' id='word_1_692' title='bbox 1372 4359 1472 4413; x_wconf 88' lang='lat' dir='ltr'><strong>mei</strong></span> <span class='ocrx_word' id='word_1_693' title='bbox 1499 4399 1515 4425; x_wconf 96' lang='lat'><strong>,</strong></span> <span class='ocrx_word' id='word_1_694' title='bbox 1545 4359 1710 4429; x_wconf 81' lang='lat'><strong>370</strong></span> <span class='ocrx_word' id='word_1_695' title='bbox 1743 4360 1833 4428; x_wconf 90' lang='lat' dir='ltr'><strong>qui</strong></span> <span class='ocrx_word' id='word_1_696' title='bbox 1871 4359 1985 4429; x_wconf 86' lang='lat' dir='ltr'><strong>jam</strong></span> 
     </span>
    </p>
   </div>
   <div class='ocr_carea' id='block_1_91' title="bbox 2094 4359 3667 4437">
    <p class='ocr_par' dir='ltr' id='par_1_91' title="bbox 2094 4362 3667 4437">
     <span class='ocr_line' id='line_1_91' title="bbox 2094 4362 3667 4437; baseline 0.004 -22"><span class='ocrx_word' id='word_1_697' title='bbox 2094 4362 2411 4433; x_wconf 80' lang='grc' dir='ltr'>σαλευθῆναι</span> <span class='ocrx_word' id='word_1_698' title='bbox 2435 4362 2600 4426; x_wconf 82' lang='grc' dir='ltr'>πόδας</span> <span class='ocrx_word' id='word_1_699' title='bbox 2632 4380 2733 4434; x_wconf 87' lang='grc' dir='ltr'><strong>μου</strong></span> <span class='ocrx_word' id='word_1_700' title='bbox 2766 4362 3074 4437; x_wconf 79' lang='grc' dir='ltr'>μεγαλοῤῥη</span> <span class='ocrx_word' id='word_1_701' title='bbox 3085 4366 3415 4437; x_wconf 86' lang='grc' dir='ltr'>μονήσαντες</span> <span class='ocrx_word' id='word_1_702' title='bbox 3438 4408 3451 4428; x_wconf 89' lang='grc'><strong>,</strong></span> <span class='ocrx_word' id='word_1_703' title='bbox 3477 4367 3571 4421; x_wconf 75' lang='grc' dir='ltr'><strong>ἐπὶ</strong></span> <span class='ocrx_word' id='word_1_704' title='bbox 3606 4370 3667 4422; x_wconf 68' lang='grc' dir='ltr'>σὲ</span> 
     </span>
    </p>
   </div>
   <div class='ocr_carea' id='block_1_92' title="bbox 411 4450 1985 4541">
    <p class='ocr_par' dir='ltr' id='par_1_92' title="bbox 411 4450 1982 4521">
     <span class='ocr_line' id='line_1_92' title="bbox 411 4450 1982 4521; baseline -0.001 -15"><span class='ocrx_word' id='word_1_705' title='bbox 411 4464 568 4509; x_wconf 82' lang='lat' dir='ltr'><strong>antea</strong></span> <span class='ocrx_word' id='word_1_706' title='bbox 589 4469 708 4507; x_wconf 87' lang='lat' dir='ltr'><strong>cum</strong></span> <span class='ocrx_word' id='word_1_707' title='bbox 742 4460 1216 4507; x_wconf 84' lang='lat' dir='ltr'><strong>commoverentur</strong></span> <span class='ocrx_word' id='word_1_708' title='bbox 1241 4451 1404 4521; x_wconf 86' lang='lat' dir='ltr'><strong>pedes</strong></span> <span class='ocrx_word' id='word_1_709' title='bbox 1442 4452 1568 4510; x_wconf 88' lang='lat' dir='ltr'><strong>mei.</strong></span> <span class='ocrx_word' id='word_1_710' title='bbox 1598 4465 1792 4519; x_wconf 83' lang='lat' dir='ltr'><strong>magna</strong></span> <span class='ocrx_word' id='word_1_711' title='bbox 1823 4450 1982 4505; x_wconf 89' lang='lat' dir='ltr'><strong>locuti</strong></span> 
     </span>
    </p>
   </div>
   <div class='ocr_carea' id='block_1_93' title="bbox 2094 4450 3670 4541">
    <p class='ocr_par' dir='ltr' id='par_1_93' title="bbox 2094 4454 3670 4527">
     <span class='ocr_line' id='line_1_93' title="bbox 2094 4454 3670 4527; baseline 0.005 -20"><span class='ocrx_word' id='word_1_712' title='bbox 2094 4455 2414 4522; x_wconf 80' lang='grc' dir='ltr'>κατέφυγον,</span> <span class='ocrx_word' id='word_1_713' title='bbox 2446 4454 2536 4507; x_wconf 86' lang='grc' dir='ltr'><strong>καί</strong></span> <span class='ocrx_word' id='word_1_714' title='bbox 2570 4471 2743 4525; x_wconf 85' lang='grc' dir='ltr'>φημι·</span> <span class='ocrx_word' id='word_1_715' title='bbox 2773 4455 2869 4523; x_wconf 81' lang='grc' dir='ltr'><strong>Μὴ</strong></span> <span class='ocrx_word' id='word_1_716' title='bbox 2901 4459 3410 4527; x_wconf 79' lang='grc' dir='ltr'>καταισχυνθείην</span> <span class='ocrx_word' id='word_1_717' title='bbox 3434 4462 3524 4525; x_wconf 82' lang='grc' dir='ltr'>εις</span> <span class='ocrx_word' id='word_1_718' title='bbox 3554 4461 3670 4515; x_wconf 77' lang='grc' dir='ltr'><strong>τὸν</strong></span> 
     </span>
    </p>
   </div>
   <div class='ocr_carea' id='block_1_94' title="bbox 412 4541 1985 4623">
    <p class='ocr_par' dir='ltr' id='par_1_94' title="bbox 412 4541 1984 4612">
     <span class='ocr_line' id='line_1_94' title="bbox 412 4541 1984 4612; baseline -0.005 -12"><span class='ocrx_word' id='word_1_719' title='bbox 412 4553 536 4600; x_wconf 89' lang='lat' dir='ltr'><strong>sunt</strong></span> <span class='ocrx_word' id='word_1_720' title='bbox 557 4560 571 4598; x_wconf 91' lang='lat'><strong>:</strong></span> <span class='ocrx_word' id='word_1_721' title='bbox 597 4545 662 4598; x_wconf 89' lang='lat' dir='ltr'><strong>ad</strong></span> <span class='ocrx_word' id='word_1_722' title='bbox 686 4552 736 4598; x_wconf 90' lang='lat' dir='ltr'><strong>te</strong></span> <span class='ocrx_word' id='word_1_723' title='bbox 755 4541 995 4612; x_wconf 69' lang='lat' dir='ltr'><strong>confugi,</strong></span> <span class='ocrx_word' id='word_1_724' title='bbox 1022 4542 1222 4596; x_wconf 83' lang='lat' dir='ltr'><strong>acdico</strong></span> <span class='ocrx_word' id='word_1_725' title='bbox 1247 4560 1260 4594; x_wconf 86' lang='lat'><strong>:</strong></span> <span class='ocrx_word' id='word_1_726' title='bbox 1291 4541 1413 4594; x_wconf 83' lang='lat' dir='ltr'><strong>Non</strong></span> <span class='ocrx_word' id='word_1_727' title='bbox 1435 4541 1736 4608; x_wconf 77' lang='lat' dir='ltr'><strong>confundor</strong></span> <span class='ocrx_word' id='word_1_728' title='bbox 1757 4541 1809 4592; x_wconf 86' lang='lat' dir='ltr'><strong>in</strong></span> <span class='ocrx_word' id='word_1_729' title='bbox 1831 4550 1984 4593; x_wconf 72' lang='lat' dir='ltr'><strong>(Pler-</strong></span> 
     </span>
    </p>
   </div>
   <div class='ocr_carea' id='block_1_95' title="bbox 2094 4541 3669 4623">
    <p class='ocr_par' dir='ltr' id='par_1_95' title="bbox 2094 4544 3669 4623">
     <span class='ocr_line' id='line_1_95' title="bbox 2094 4544 3669 4623; baseline 0.006 -27"><span class='ocrx_word' id='word_1_730' title='bbox 2094 4544 2290 4606; x_wconf 78' lang='grc' dir='ltr'>αὶῶνα,</span> <span class='ocrx_word' id='word_1_731' title='bbox 2317 4544 2473 4613; x_wconf 83' lang='grc' dir='ltr'>μηδὲ</span> <span class='ocrx_word' id='word_1_732' title='bbox 2508 4546 3092 4616; x_wconf 72' lang='grc' dir='ltr'>καταγελασάτωσάν</span> <span class='ocrx_word' id='word_1_733' title='bbox 3109 4567 3229 4618; x_wconf 80' lang='grc' dir='ltr'><strong>μου</strong></span> <span class='ocrx_word' id='word_1_734' title='bbox 3253 4550 3365 4623; x_wconf 88' lang='lat'><strong>(77)</strong></span> <span class='ocrx_word' id='word_1_735' title='bbox 3388 4552 3443 4608; x_wconf 82' lang='grc' dir='ltr'><strong>οι</strong></span> <span class='ocrx_word' id='word_1_736' title='bbox 3460 4551 3669 4621; x_wconf 70' lang='grc' dir='ltr'>ἐχθροί</span> 
     </span>
    </p>
   </div>
   <div class='ocr_carea' id='block_1_96' title="bbox 413 4628 1985 4711">
    <p class='ocr_par' dir='ltr' id='par_1_96' title="bbox 413 4631 1983 4703">
     <span class='ocr_line' id='line_1_96' title="bbox 413 4631 1983 4703; baseline -0.004 -13"><span class='ocrx_word' id='word_1_737' title='bbox 413 4637 618 4700; x_wconf 81' lang='lat' dir='ltr'><strong>nam&quot;,</strong></span> <span class='ocrx_word' id='word_1_738' title='bbox 650 4652 811 4703; x_wconf 84' lang='lat' dir='ltr'><strong>neque</strong></span> <span class='ocrx_word' id='word_1_739' title='bbox 834 4635 1088 4688; x_wconf 81' lang='lat' dir='ltr'><strong>irrideant</strong></span> <span class='ocrx_word' id='word_1_740' title='bbox 1115 4650 1197 4687; x_wconf 86' lang='lat' dir='ltr'><strong>me</strong></span> <span class='ocrx_word' id='word_1_741' title='bbox 1228 4633 1431 4686; x_wconf 86' lang='lat' dir='ltr'><strong>inimici</strong></span> <span class='ocrx_word' id='word_1_742' title='bbox 1458 4633 1558 4685; x_wconf 86' lang='lat' dir='ltr'><strong>mei</strong></span> <span class='ocrx_word' id='word_1_743' title='bbox 1574 4632 1644 4688; x_wconf 80' lang='lat'><strong>&#39;°.</strong></span> <span class='ocrx_word' id='word_1_744' title='bbox 1680 4631 1747 4685; x_wconf 84' lang='lat' dir='ltr'><strong>Et</strong></span> <span class='ocrx_word' id='word_1_745' title='bbox 1792 4646 1983 4687; x_wconf 87' lang='lat' dir='ltr'><strong>rursus</strong></span> 
     </span>
    </p>
   </div>
   <div class='ocr_carea' id='block_1_97' title="bbox 2094 4628 3655 4711">
    <p class='ocr_par' dir='ltr' id='par_1_97' title="bbox 2094 4628 3655 4711">
     <span class='ocr_line' id='line_1_97' title="bbox 2094 4628 3655 4711; baseline 0.006 -23"><span class='ocrx_word' id='word_1_746' title='bbox 2094 4651 2223 4701; x_wconf 83' lang='grc' dir='ltr'>μου.</span> <span class='ocrx_word' id='word_1_747' title='bbox 2259 4635 2369 4689; x_wconf 76' lang='grc' dir='ltr'>Καὶ</span> <span class='ocrx_word' id='word_1_748' title='bbox 2401 4634 2564 4688; x_wconf 81' lang='grc' dir='ltr'>πάλιν</span> <span class='ocrx_word' id='word_1_749' title='bbox 2593 4639 2768 4707; x_wconf 83' lang='grc' dir='ltr'><strong>φημί·</strong></span> <span class='ocrx_word' id='word_1_750' title='bbox 2805 4638 2962 4708; x_wconf 83' lang='grc' dir='ltr'><strong>Πρὸς</strong></span> <span class='ocrx_word' id='word_1_751' title='bbox 3003 4639 3100 4705; x_wconf 82' lang='grc' dir='ltr'>σὲ,</span> <span class='ocrx_word' id='word_1_752' title='bbox 3132 4628 3329 4709; x_wconf 71' lang='grc' dir='ltr'>Κύριε,</span> <span class='ocrx_word' id='word_1_753' title='bbox 3375 4641 3655 4711; x_wconf 74' lang='grc' dir='ltr'>κεκράξο-</span> 
     </span>
    </p>
   </div>
   <div class='ocr_carea' id='block_1_98' title="bbox 411 4723 1981 4792">
    <p class='ocr_par' dir='ltr' id='par_1_98' title="bbox 411 4723 1981 4792">
     <span class='ocr_line' id='line_1_98' title="bbox 411 4723 1981 4792; baseline -0.004 -9"><span class='ocrx_word' id='word_1_754' title='bbox 411 4729 675 4783; x_wconf 81' lang='lat' dir='ltr'><strong>dico:Ad</strong></span> <span class='ocrx_word' id='word_1_755' title='bbox 698 4739 767 4792; x_wconf 86' lang='lat' dir='ltr'><strong>te,</strong></span> <span class='ocrx_word' id='word_1_756' title='bbox 812 4726 1052 4790; x_wconf 87' lang='lat' dir='ltr'><strong>Domine,</strong></span> <span class='ocrx_word' id='word_1_757' title='bbox 1100 4725 1365 4789; x_wconf 84' lang='lat' dir='ltr'><strong>clamabo,</strong></span> <span class='ocrx_word' id='word_1_758' title='bbox 1415 4723 1716 4777; x_wconf 68' lang='lat' dir='ltr'><strong>nesileasa</strong></span> <span class='ocrx_word' id='word_1_759' title='bbox 1743 4739 1844 4789; x_wconf 89' lang='lat' dir='ltr'><strong>me,</strong></span> <span class='ocrx_word' id='word_1_760' title='bbox 1891 4738 1981 4776; x_wconf 85' lang='lat' dir='ltr'><strong>ne-</strong></span> 
     </span>
    </p>
   </div>
   <div class='ocr_carea' id='block_1_99' title="bbox 409 4812 1968 4888">
    <p class='ocr_par' dir='ltr' id='par_1_99' title="bbox 409 4812 1968 4888">
     <span class='ocr_line' id='line_1_99' title="bbox 409 4812 1968 4888; baseline -0.004 -17"><span class='ocrx_word' id='word_1_761' title='bbox 409 4818 620 4888; x_wconf 82' lang='lat' dir='ltr'><strong>quando</strong></span> <span class='ocrx_word' id='word_1_762' title='bbox 644 4828 817 4871; x_wconf 78' lang='lat' dir='ltr'><strong>taceas</strong></span> <span class='ocrx_word' id='word_1_763' title='bbox 839 4833 871 4869; x_wconf 90' lang='lat' dir='ltr'><strong><em>a</em></strong></span> <span class='ocrx_word' id='word_1_764' title='bbox 900 4824 1064 4882; x_wconf 87' lang='lat' dir='ltr'><strong>me,et</strong></span> <span class='ocrx_word' id='word_1_765' title='bbox 1088 4813 1428 4868; x_wconf 81' lang='lat' dir='ltr'><strong>assimilabor</strong></span> <span class='ocrx_word' id='word_1_766' title='bbox 1447 4812 1884 4866; x_wconf 76' lang='lat' dir='ltr'><strong>descendentibus</strong></span> <span class='ocrx_word' id='word_1_767' title='bbox 1916 4813 1968 4866; x_wconf 89' lang='lat' dir='ltr'><strong>in</strong></span> 
     </span>
    </p>
   </div>
   <div class='ocr_carea' id='block_1_100' title="bbox 410 4903 1978 4974">
    <p class='ocr_par' dir='ltr' id='par_1_100' title="bbox 410 4903 1978 4974">
     <span class='ocr_line' id='line_1_100' title="bbox 410 4903 1978 4974; baseline -0.002 -13"><span class='ocrx_word' id='word_1_768' title='bbox 410 4908 585 4961; x_wconf 64' lang='lat' dir='ltr'><strong>lucum</strong></span> <span class='ocrx_word' id='word_1_769' title='bbox 607 4908 670 4963; x_wconf 78' lang='lat'><strong>“.</strong></span> <span class='ocrx_word' id='word_1_770' title='bbox 702 4906 769 4962; x_wconf 88' lang='lat' dir='ltr'><strong>Et</strong></span> <span class='ocrx_word' id='word_1_771' title='bbox 801 4905 1006 4973; x_wconf 86' lang='lat' dir='ltr'><strong>reliqua</strong></span> <span class='ocrx_word' id='word_1_772' title='bbox 1037 4920 1157 4974; x_wconf 66' lang='lat' dir='ltr'><strong>quae</strong></span> <span class='ocrx_word' id='word_1_773' title='bbox 1192 4906 1245 4959; x_wconf 94' lang='lat' dir='ltr'><strong>in</strong></span> <span class='ocrx_word' id='word_1_774' title='bbox 1293 4904 1414 4958; x_wconf 86' lang='lat' dir='ltr'><strong>aliis</strong></span> <span class='ocrx_word' id='word_1_775' title='bbox 1443 4903 1665 4973; x_wconf 90' lang='lat' dir='ltr'><strong>psalmis</strong></span> <span class='ocrx_word' id='word_1_776' title='bbox 1703 4919 1733 4957; x_wconf 87' lang='lat' dir='ltr'><strong>a</strong></span> <span class='ocrx_word' id='word_1_777' title='bbox 1767 4919 1850 4958; x_wconf 90' lang='lat' dir='ltr'><strong>me</strong></span> <span class='ocrx_word' id='word_1_778' title='bbox 1884 4919 1978 4958; x_wconf 82' lang='lat' dir='ltr'><strong>va-</strong></span> 
     </span>
    </p>
   </div>
   <div class='ocr_carea' id='block_1_101' title="bbox 2078 4725 3668 4803">
    <p class='ocr_par' dir='ltr' id='par_1_101' title="bbox 2078 4725 3668 4803">
     <span class='ocr_line' id='line_1_101' title="bbox 2078 4725 3668 4803; baseline 0.006 -24"><span class='ocrx_word' id='word_1_779' title='bbox 2078 4743 2206 4796; x_wconf 83' lang='grc' dir='ltr'>μαι,</span> <span class='ocrx_word' id='word_1_780' title='bbox 2228 4725 2316 4796; x_wconf 78' lang='grc' dir='ltr'>μὴ</span> <span class='ocrx_word' id='word_1_781' title='bbox 2346 4727 2826 4798; x_wconf 76' lang='grc' dir='ltr'>παρασιωπήσῃς</span> <span class='ocrx_word' id='word_1_782' title='bbox 2848 4730 2952 4785; x_wconf 76' lang='grc' dir='ltr'><strong>ἀπ’</strong></span> <span class='ocrx_word' id='word_1_783' title='bbox 2985 4731 3152 4800; x_wconf 83' lang='grc' dir='ltr'>ἐμοῦ,</span> <span class='ocrx_word' id='word_1_784' title='bbox 3179 4731 3267 4801; x_wconf 85' lang='grc' dir='ltr'>μή</span> <span class='ocrx_word' id='word_1_785' title='bbox 3307 4744 3453 4788; x_wconf 72' lang='grc' dir='ltr'>ποτε</span> <span class='ocrx_word' id='word_1_786' title='bbox 3479 4750 3668 4803; x_wconf 56' lang='grc' dir='ltr'>παροδ</span> 
     </span>
    </p>
   </div>
   <div class='ocr_carea' id='block_1_102' title="bbox 2085 4817 3665 4894">
    <p class='ocr_par' dir='ltr' id='par_1_102' title="bbox 2085 4817 3665 4894">
     <span class='ocr_line' id='line_1_102' title="bbox 2085 4817 3665 4894; baseline 0.007 -25"><span class='ocrx_word' id='word_1_787' title='bbox 2085 4817 2405 4887; x_wconf 77' lang='grc' dir='ltr'>σιωπήσῃς</span> <span class='ocrx_word' id='word_1_788' title='bbox 2425 4818 2526 4872; x_wconf 80' lang='grc' dir='ltr'><strong>ἀπ’</strong></span> <span class='ocrx_word' id='word_1_789' title='bbox 2555 4819 2723 4888; x_wconf 78' lang='grc' dir='ltr'>ἐμοῦ,</span> <span class='ocrx_word' id='word_1_790' title='bbox 2756 4821 2854 4874; x_wconf 78' lang='grc' dir='ltr'>καὶ</span> <span class='ocrx_word' id='word_1_791' title='bbox 2882 4821 3319 4894; x_wconf 83' lang='grc' dir='ltr'>όμοιωθήσομαι</span> <span class='ocrx_word' id='word_1_792' title='bbox 3345 4824 3472 4893; x_wconf 82' lang='grc' dir='ltr'>τοῖς</span> <span class='ocrx_word' id='word_1_793' title='bbox 3491 4842 3665 4880; x_wconf 81' lang='grc' dir='ltr'>κατα-</span> 
     </span>
    </p>
   </div>
   <div class='ocr_carea' id='block_1_103' title="bbox 2088 4909 3669 4990">
    <p class='ocr_par' dir='ltr' id='par_1_103' title="bbox 2088 4909 3669 4990">
     <span class='ocr_line' id='line_1_103' title="bbox 2088 4909 3669 4990; baseline 0.006 -29"><span class='ocrx_word' id='word_1_794' title='bbox 2088 4909 2400 4963; x_wconf 74' lang='grc' dir='ltr'>ϐαίνουσιν</span> <span class='ocrx_word' id='word_1_795' title='bbox 2422 4911 2508 4975; x_wconf 79' lang='grc' dir='ltr'>εὶς</span> <span class='ocrx_word' id='word_1_796' title='bbox 2532 4909 2780 4965; x_wconf 77' lang='grc' dir='ltr'>λάκκον.</span> <span class='ocrx_word' id='word_1_797' title='bbox 2798 4913 2910 4966; x_wconf 78' lang='grc' dir='ltr'><strong>Καὶ</strong></span> <span class='ocrx_word' id='word_1_798' title='bbox 2940 4914 3011 4968; x_wconf 75' lang='grc' dir='ltr'>τὰ</span> <span class='ocrx_word' id='word_1_799' title='bbox 3038 4914 3201 4970; x_wconf 75' lang='grc' dir='ltr'>λοιπὰ</span> <span class='ocrx_word' id='word_1_800' title='bbox 3232 4918 3290 4972; x_wconf 85' lang='grc' dir='ltr'><strong>ἐν</strong></span> <span class='ocrx_word' id='word_1_801' title='bbox 3319 4919 3429 4981; x_wconf 84' lang='grc' dir='ltr'>τοῖς</span> <span class='ocrx_word' id='word_1_802' title='bbox 3457 4916 3669 4990; x_wconf 77' lang='grc' dir='ltr'>ἑτέροις</span> 
     </span>
    </p>
   </div>
   <div class='ocr_carea' id='block_1_104' title="bbox 492 5070 1985 5175">
    <p class='ocr_par' dir='ltr' id='par_1_104' title="bbox 492 5070 1985 5175">
     <span class='ocr_line' id='line_1_104' title="bbox 492 5070 1985 5175; baseline -0.002 -15"><span class='ocrx_word' id='word_1_803' title='bbox 492 5108 526 5139; x_wconf 82' lang='grc'><strong>⁸⁷</strong></span> <span class='ocrx_word' id='word_1_804' title='bbox 549 5106 707 5162; x_wconf 78' lang='lat' dir='ltr'><strong>Rom.</strong></span> <span class='ocrx_word' id='word_1_805' title='bbox 730 5122 784 5175; x_wconf 76' lang='grc' dir='ltr'><strong>ν,</strong></span> <span class='ocrx_word' id='word_1_806' title='bbox 811 5107 865 5162; x_wconf 82' lang='grc'>5.</span> <span class='ocrx_word' id='word_1_807' title='bbox 955 5106 999 5138; x_wconf 80' lang='grc'><strong>⁸⁸</strong></span> <span class='ocrx_word' id='word_1_808' title='bbox 1030 5106 1224 5162; x_wconf 79' lang='lat' dir='ltr'><strong>Ezech.</strong></span> <span class='ocrx_word' id='word_1_809' title='bbox 1263 5120 1418 5169; x_wconf 81' lang='lat' dir='ltr'><strong>xvm,</strong></span> <span class='ocrx_word' id='word_1_810' title='bbox 1447 5070 1654 5171; x_wconf 73' lang='lat'><strong>25,52.</strong></span> <span class='ocrx_word' id='word_1_811' title='bbox 1732 5102 1776 5133; x_wconf 68' lang='grc' dir='ltr'><strong>ι’</strong></span> <span class='ocrx_word' id='word_1_812' title='bbox 1805 5100 1949 5157; x_wconf 81' lang='lat' dir='ltr'><strong>Psal.</strong></span> <span class='ocrx_word' id='word_1_813' title='bbox 1980 5120 1985 5157; x_wconf 72' lang='lat'>1</span> 
     </span>
    </p>
   </div>
   <div class='ocr_carea' id='block_1_105' title="bbox 2094 5070 3375 5175">
    <p class='ocr_par' dir='ltr' id='par_1_105' title="bbox 2094 5102 3375 5170">
     <span class='ocr_line' id='line_1_105' title="bbox 2094 5102 3375 5170; baseline 0.007 -14"><span class='ocrx_word' id='word_1_814' title='bbox 2094 5145 2108 5169; x_wconf 94' lang='lat'><strong>,</strong></span> <span class='ocrx_word' id='word_1_815' title='bbox 2141 5105 2188 5157; x_wconf 86' lang='lat' dir='ltr'><strong>l.</strong></span> <span class='ocrx_word' id='word_1_816' title='bbox 2264 5104 2310 5136; x_wconf 78' lang='lat'><strong>&#39;°</strong></span> <span class='ocrx_word' id='word_1_817' title='bbox 2348 5102 2492 5158; x_wconf 86' lang='lat' dir='ltr'><strong>Psal.</strong></span> <span class='ocrx_word' id='word_1_818' title='bbox 2525 5118 2674 5170; x_wconf 77' lang='lat' dir='ltr'><strong>xxiv,</strong></span> <span class='ocrx_word' id='word_1_819' title='bbox 2702 5104 2757 5160; x_wconf 82' lang='grc'>5.</span> <span class='ocrx_word' id='word_1_820' title='bbox 2853 5107 2898 5137; x_wconf 76' lang='grc'><strong>’³</strong></span> <span class='ocrx_word' id='word_1_821' title='bbox 2934 5107 3080 5164; x_wconf 87' lang='lat' dir='ltr'><strong>Psal.</strong></span> <span class='ocrx_word' id='word_1_822' title='bbox 3112 5123 3265 5165; x_wconf 81' lang='lat' dir='ltr'><strong>xxvn</strong></span> <span class='ocrx_word' id='word_1_823' title='bbox 3320 5110 3375 5165; x_wconf 78' lang='lat' dir='ltr'><strong>l.</strong></span> 
     </span>
    </p>
   </div>
   <div class='ocr_carea' id='block_1_106' title="bbox 494 5304 1986 5378">
    <p class='ocr_par' dir='ltr' id='par_1_106' title="bbox 494 5304 1986 5378">
     <span class='ocr_line' id='line_1_106' title="bbox 494 5304 1986 5378; baseline -0.001 -20"><span class='ocrx_word' id='word_1_824' title='bbox 494 5304 597 5378; x_wconf 79' lang='grc' dir='ltr'><strong>Ἢ)</strong></span> <span class='ocrx_word' id='word_1_825' title='bbox 625 5306 699 5361; x_wconf 88' lang='lat' dir='ltr'><strong>lta</strong></span> <span class='ocrx_word' id='word_1_826' title='bbox 735 5304 890 5378; x_wconf 71' lang='lat' dir='ltr'><strong>(loli).</strong></span> <span class='ocrx_word' id='word_1_827' title='bbox 920 5313 1105 5378; x_wconf 58' lang='lat' dir='ltr'><strong>segtns</strong></span> <span class='ocrx_word' id='word_1_828' title='bbox 1133 5320 1254 5378; x_wconf 79' lang='lat' dir='ltr'><strong>cum</strong></span> <span class='ocrx_word' id='word_1_829' title='bbox 1286 5304 1535 5378; x_wconf 82' lang='lat' dir='ltr'><strong>editione</strong></span> <span class='ocrx_word' id='word_1_830' title='bbox 1564 5304 1735 5378; x_wconf 87' lang='lat' dir='ltr'><strong>Basil.</strong></span> <span class='ocrx_word' id='word_1_831' title='bbox 1786 5305 1856 5359; x_wconf 83' lang='lat' dir='ltr'><strong>At</strong></span> <span class='ocrx_word' id='word_1_832' title='bbox 1888 5319 1986 5358; x_wconf 88' lang='lat' dir='ltr'><strong>no-</strong></span> 
     </span>
    </p>
   </div>
   <div class='ocr_carea' id='block_1_107' title="bbox 411 5374 1992 5509">
    <p class='ocr_par' dir='ltr' id='par_1_107' title="bbox 411 5374 1992 5509">
     <span class='ocr_line' id='line_1_107' title="bbox 411 5374 1992 5509; baseline 0 -81"><span class='ocrx_word' id='word_1_833' title='bbox 411 5385 524 5499; x_wconf 61' lang='lat' dir='ltr'><strong>:tra</strong></span> <span class='ocrx_word' id='word_1_834' title='bbox 544 5374 715 5509; x_wconf 61' lang='lat' dir='ltr'><strong>g&#39;tlitio</strong></span> <span class='ocrx_word' id='word_1_835' title='bbox 748 5377 918 5431; x_wconf 83' lang='lat' dir='ltr'><strong>Paris.</strong></span> <span class='ocrx_word' id='word_1_836' title='bbox 940 5414 957 5441; x_wconf 86' lang='lat'><strong>,</strong></span> <span class='ocrx_word' id='word_1_837' title='bbox 990 5374 1120 5445; x_wconf 80' lang='grc' dir='ltr'>ἐχω.</span> <span class='ocrx_word' id='word_1_838' title='bbox 1158 5376 1354 5431; x_wconf 89' lang='lat' dir='ltr'><strong>Statim</strong></span> <span class='ocrx_word' id='word_1_839' title='bbox 1402 5376 1544 5430; x_wconf 91' lang='lat' dir='ltr'><strong>idem</strong></span> <span class='ocrx_word' id='word_1_840' title='bbox 1612 5377 1806 5442; x_wconf 84' lang='lat' dir='ltr'><strong>codex,</strong></span> <span class='ocrx_word' id='word_1_841' title='bbox 1853 5390 1992 5428; x_wconf 86' lang='grc' dir='ltr'>κοιτ-</span> 
     </span>
     <span class='ocr_line' id='line_1_108' title="bbox 443 5462 658 5500; baseline 0.005 -1"><span class='ocrx_word' id='word_1_842' title='bbox 443 5462 538 5499; x_wconf 85' lang='grc' dir='ltr'><strong>παι</strong></span> <span class='ocrx_word' id='word_1_843' title='bbox 573 5463 658 5500; x_wconf 89' lang='grc' dir='ltr'><strong>αν.</strong></span> 
     </span>
    </p>
   </div>
   <div class='ocr_carea' id='block_1_108' title="bbox 443 5462 658 5500">
    <p class='ocr_par' dir='ltr' id='par_1_108' title="bbox 443 5462 658 5500">
     <span class='ocr_line' id='line_1_109' title="bbox 443 5462 658 5500; baseline 0 -1"><span class='ocrx_word' id='word_1_844' title='bbox 443 5462 658 5500; x_wconf 69' lang='grc' dir='ltr'>παιεαν.</span> 
     </span>
    </p>
   </div>
   <div class='ocr_carea' id='block_1_109' title="bbox 485 5513 1987 5587">
    <p class='ocr_par' dir='ltr' id='par_1_109' title="bbox 485 5513 1987 5587">
     <span class='ocr_line' id='line_1_110' title="bbox 485 5513 1987 5587; baseline 0 -19"><span class='ocrx_word' id='word_1_845' title='bbox 485 5517 596 5587; x_wconf 69' lang='lat'><strong>(7‘2)</strong></span> <span class='ocrx_word' id='word_1_846' title='bbox 633 5516 772 5572; x_wconf 84' lang='lat' dir='ltr'><strong>Edili</strong></span> <span class='ocrx_word' id='word_1_847' title='bbox 812 5525 867 5573; x_wconf 88' lang='lat' dir='ltr'><strong>et</strong></span> <span class='ocrx_word' id='word_1_848' title='bbox 909 5532 1043 5573; x_wconf 81' lang='lat' dir='ltr'><strong>mss.</strong></span> <span class='ocrx_word' id='word_1_849' title='bbox 1075 5515 1335 5581; x_wconf 86' lang='lat' dir='ltr'><strong>nonnulli,</strong></span> <span class='ocrx_word' id='word_1_850' title='bbox 1374 5514 1507 5568; x_wconf 74' lang='grc' dir='ltr'>ὡσεὶ</span> <span class='ocrx_word' id='word_1_851' title='bbox 1554 5515 1739 5584; x_wconf 80' lang='grc' dir='ltr'>κωφὸς</span> <span class='ocrx_word' id='word_1_852' title='bbox 1764 5513 1858 5568; x_wconf 72' lang='grc' dir='ltr'><strong>καὶ</strong></span> <span class='ocrx_word' id='word_1_853' title='bbox 1890 5515 1987 5579; x_wconf 84' lang='grc' dir='ltr'><strong>ὡς,</strong></span> 
     </span>
    </p>
   </div>
   <div class='ocr_carea' id='block_1_110' title="bbox 415 5587 1947 5656">
    <p class='ocr_par' dir='ltr' id='par_1_110' title="bbox 415 5587 1947 5656">
     <span class='ocr_line' id='line_1_111' title="bbox 415 5587 1947 5656; baseline -0.003 -14"><span class='ocrx_word' id='word_1_854' title='bbox 415 5602 520 5642; x_wconf 89' lang='lat' dir='ltr'><strong>non</strong></span> <span class='ocrx_word' id='word_1_855' title='bbox 560 5587 787 5656; x_wconf 78' lang='lat' dir='ltr'><strong>integre.</strong></span> <span class='ocrx_word' id='word_1_856' title='bbox 821 5589 891 5642; x_wconf 85' lang='lat' dir='ltr'><strong>At</strong></span> <span class='ocrx_word' id='word_1_857' title='bbox 917 5588 1049 5656; x_wconf 74' lang='lat' dir='ltr'><strong>lteg.</strong></span> <span class='ocrx_word' id='word_1_858' title='bbox 1086 5588 1277 5641; x_wconf 89' lang='lat' dir='ltr'><strong>tertius</strong></span> <span class='ocrx_word' id='word_1_859' title='bbox 1307 5596 1366 5640; x_wconf 91' lang='lat' dir='ltr'><strong>ut</strong></span> <span class='ocrx_word' id='word_1_860' title='bbox 1395 5588 1449 5642; x_wconf 90' lang='lat' dir='ltr'><strong>in</strong></span> <span class='ocrx_word' id='word_1_861' title='bbox 1476 5597 1758 5654; x_wconf 80' lang='lat' dir='ltr'><strong>contextu,</strong></span> <span class='ocrx_word' id='word_1_862' title='bbox 1792 5587 1947 5642; x_wconf 90' lang='lat' dir='ltr'><strong>bene.</strong></span> 
     </span>
    </p>
   </div>
   <div class='ocr_carea' id='block_1_111' title="bbox 486 5655 1352 5729">
    <p class='ocr_par' dir='ltr' id='par_1_111' title="bbox 486 5655 1352 5729">
     <span class='ocr_line' id='line_1_112' title="bbox 486 5655 1352 5729; baseline -0.001 -19"><span class='ocrx_word' id='word_1_863' title='bbox 486 5656 598 5729; x_wconf 69' lang='lat'><strong>(75)</strong></span> <span class='ocrx_word' id='word_1_864' title='bbox 627 5659 716 5729; x_wconf 70' lang='lat' dir='ltr'><strong>§ic</strong></span> <span class='ocrx_word' id='word_1_865' title='bbox 744 5655 1037 5729; x_wconf 73' lang='lat' dir='ltr'><strong>mss._tres_._</strong></span> <span class='ocrx_word' id='word_1_866' title='bbox 1063 5655 1226 5727; x_wconf 86' lang='lat' dir='ltr'><strong>Editi,</strong></span> <span class='ocrx_word' id='word_1_867' title='bbox 1263 5673 1352 5729; x_wconf 84' lang='grc' dir='ltr'><strong>με.</strong></span> 
     </span>
    </p>
   </div>
   <div class='ocr_carea' id='block_1_112' title="bbox 486 5726 1098 5799">
    <p class='ocr_par' dir='ltr' id='par_1_112' title="bbox 486 5726 1098 5799">
     <span class='ocr_line' id='line_1_113' title="bbox 486 5726 1098 5799; baseline 0.002 -19"><span class='ocrx_word' id='word_1_868' title='bbox 486 5727 596 5799; x_wconf 75' lang='lat' dir='ltr'><strong>(7t)</strong></span> <span class='ocrx_word' id='word_1_869' title='bbox 627 5728 758 5786; x_wconf 86' lang='lat' dir='ltr'><strong>Cod.</strong></span> <span class='ocrx_word' id='word_1_870' title='bbox 788 5727 919 5796; x_wconf 73' lang='lat' dir='ltr'><strong>ne,</strong></span> <span class='ocrx_word' id='word_1_871' title='bbox 946 5726 1098 5781; x_wconf 79' lang='grc' dir='ltr'>τάδε.</span> 
     </span>
    </p>
   </div>
   <div class='ocr_carea' id='block_1_113' title="bbox 2174 5306 2857 5376">
    <p class='ocr_par' dir='ltr' id='par_1_113' title="bbox 2174 5306 2857 5376">
     <span class='ocr_line' id='line_1_114' title="bbox 2174 5306 2857 5376; baseline 0.007 -17"><span class='ocrx_word' id='word_1_872' title='bbox 2174 5306 2287 5376; x_wconf 78' lang='grc'><strong>(75)</strong></span> <span class='ocrx_word' id='word_1_873' title='bbox 2312 5307 2426 5362; x_wconf 79' lang='lat' dir='ltr'><strong>Duo</strong></span> <span class='ocrx_word' id='word_1_874' title='bbox 2459 5323 2613 5376; x_wconf 89' lang='lat' dir='ltr'><strong>mss.,</strong></span> <span class='ocrx_word' id='word_1_875' title='bbox 2645 5308 2857 5367; x_wconf 79' lang='grc' dir='ltr'>ἐαυτοῦ.</span> 
     </span>
    </p>
   </div>
   <div class='ocr_carea' id='block_1_114' title="bbox 2172 5377 3667 5450">
    <p class='ocr_par' dir='ltr' id='par_1_114' title="bbox 2172 5377 3667 5450">
     <span class='ocr_line' id='line_1_115' title="bbox 2172 5377 3667 5450; baseline 0.009 -21"><span class='ocrx_word' id='word_1_876' title='bbox 2172 5377 2285 5450; x_wconf 88' lang='lat'><strong>(76)</strong></span> <span class='ocrx_word' id='word_1_877' title='bbox 2315 5378 2442 5448; x_wconf 77' lang='lat' dir='ltr'><strong>Reg.</strong></span> <span class='ocrx_word' id='word_1_878' title='bbox 2475 5380 2762 5445; x_wconf 88' lang='lat' dir='ltr'><strong>secundus,</strong></span> <span class='ocrx_word' id='word_1_879' title='bbox 2796 5377 3086 5450; x_wconf 85' lang='grc' dir='ltr'>θεώμενος.</span> <span class='ocrx_word' id='word_1_880' title='bbox 3129 5381 3325 5437; x_wconf 84' lang='lat' dir='ltr'><strong>Statim</strong></span> <span class='ocrx_word' id='word_1_881' title='bbox 3365 5381 3667 5442; x_wconf 86' lang='lat' dir='ltr'><strong>Colbertini</strong></span> 
     </span>
    </p>
   </div>
   <div class='ocr_carea' id='block_1_115' title="bbox 2099 5448 3604 5523">
    <p class='ocr_par' dir='ltr' id='par_1_115' title="bbox 2099 5448 3604 5523">
     <span class='ocr_line' id='line_1_116' title="bbox 2099 5448 3604 5523; baseline 0.007 -24"><span class='ocrx_word' id='word_1_882' title='bbox 2099 5448 2387 5523; x_wconf 32' lang='lat' dir='ltr'><strong>primlts‘et</strong></span> <span class='ocrx_word' id='word_1_883' title='bbox 2415 5458 2600 5523; x_wconf 49' lang='lat' dir='ltr'><strong>sextus</strong></span> <span class='ocrx_word' id='word_1_884' title='bbox 2630 5448 2936 5523; x_wconf 23' lang='lat' dir='ltr'><strong>cumAReg;</strong></span> <span class='ocrx_word' id='word_1_885' title='bbox 2948 5456 3128 5523; x_wconf 79' lang='lat' dir='ltr'><strong>tertio,</strong></span> <span class='ocrx_word' id='word_1_886' title='bbox 3158 5454 3604 5523; x_wconf 86' lang='grc' dir='ltr'>καταισχύνεται.</span> 
     </span>
    </p>
   </div>
   <div class='ocr_carea' id='block_1_116' title="bbox 2170 5516 3664 5596">
    <p class='ocr_par' dir='ltr' id='par_1_116' title="bbox 2170 5516 3664 5596">
     <span class='ocr_line' id='line_1_117' title="bbox 2170 5516 3664 5596; baseline 0.008 -29"><span class='ocrx_word' id='word_1_887' title='bbox 2170 5517 2282 5596; x_wconf 76' lang='lat'><strong>(77)</strong></span> <span class='ocrx_word' id='word_1_888' title='bbox 2314 5516 2556 5596; x_wconf 79' lang='lat' dir='ltr'><strong>Sic_Reg.</strong></span> <span class='ocrx_word' id='word_1_889' title='bbox 2575 5516 2881 5596; x_wconf 45' lang='lat' dir='ltr'><strong>secundus:</strong></span> <span class='ocrx_word' id='word_1_890' title='bbox 2896 5520 3035 5596; x_wconf 79' lang='lat' dir='ltr'><strong>Editi</strong></span> <span class='ocrx_word' id='word_1_891' title='bbox 3058 5532 3111 5576; x_wconf 81' lang='lat' dir='ltr'><strong>et</strong></span> <span class='ocrx_word' id='word_1_892' title='bbox 3133 5539 3261 5578; x_wconf 90' lang='lat' dir='ltr'><strong>mss.</strong></span> <span class='ocrx_word' id='word_1_893' title='bbox 3284 5516 3543 5589; x_wconf 69' lang='lat' dir='ltr'><strong>nonnulli,</strong></span> <span class='ocrx_word' id='word_1_894' title='bbox 3568 5543 3664 5596; x_wconf 76' lang='grc' dir='ltr'><strong>με.</strong></span> 
     </span>
    </p>
   </div>
   <div class='ocr_carea' id='block_1_117' title="bbox 2096 5583 3665 5666">
    <p class='ocr_par' dir='ltr' id='par_1_117' title="bbox 2096 5583 3665 5666">
     <span class='ocr_line' id='line_1_118' title="bbox 2096 5583 3665 5666; baseline 0.009 -30"><span class='ocrx_word' id='word_1_895' title='bbox 2096 5583 2590 5666; x_wconf 45' lang='grc' dir='ltr'>[Ηιξιι.’ίιι]οι1.ιιῖοκ</span> <span class='ocrx_word' id='word_1_896' title='bbox 2635 5591 2897 5666; x_wconf 76' lang='lat' dir='ltr'><strong>sequitur,</strong></span> <span class='ocrx_word' id='word_1_897' title='bbox 2949 5592 3159 5666; x_wconf 74' lang='grc' dir='ltr'>μήποτε</span> <span class='ocrx_word' id='word_1_898' title='bbox 3201 5583 3665 5666; x_wconf 11' lang='grc' dir='ltr'>κπαρασιωπῆσῃς</span> 
     </span>
    </p>
   </div>
   <div class='ocr_carea' id='block_1_118' title="bbox 2095 5654 3666 5779">
    <p class='ocr_par' dir='ltr' id='par_1_118' title="bbox 2095 5654 3666 5779">
     <span class='ocr_line' id='line_1_119' title="bbox 2095 5654 3666 5779; baseline 0.013 -75"><span class='ocrx_word' id='word_1_899' title='bbox 2095 5654 2377 5779; x_wconf 42' lang='lat' dir='ltr'><strong>falsitati,</strong></span> <span class='ocrx_word' id='word_1_900' title='bbox 2412 5657 2562 5714; x_wconf 86' lang='lat' dir='ltr'><strong>deest</strong></span> <span class='ocrx_word' id='word_1_901' title='bbox 2581 5654 2796 5728; x_wconf 67' lang='lat' dir='ltr'><strong>quidem</strong></span> <span class='ocrx_word' id='word_1_902' title='bbox 2829 5654 2890 5716; x_wconf 85' lang='lat' dir='ltr'><strong>in</strong></span> <span class='ocrx_word' id='word_1_903' title='bbox 2912 5654 3091 5730; x_wconf 76' lang='lat' dir='ltr'><strong>editis,</strong></span> <span class='ocrx_word' id='word_1_904' title='bbox 3116 5665 3211 5720; x_wconf 86' lang='lat' dir='ltr'><strong>sed</strong></span> <span class='ocrx_word' id='word_1_905' title='bbox 3240 5654 3465 5725; x_wconf 72' lang='lat' dir='ltr'><strong>in&#39;mss.</strong></span> <span class='ocrx_word' id='word_1_906' title='bbox 3504 5654 3666 5737; x_wconf 54' lang='lat' dir='ltr'><strong>repel</strong></span> 
     </span>
    </p>
   </div>
   <div class='ocr_carea' id='block_1_119' title="bbox 2093 5739 2253 5785">
    <p class='ocr_par' dir='ltr' id='par_1_119' title="bbox 2093 5739 2253 5785">
     <span class='ocr_line' id='line_1_120' title="bbox 2093 5739 2253 5785; baseline 0 -6"><span class='ocrx_word' id='word_1_907' title='bbox 2093 5739 2253 5785; x_wconf 77' lang='lat' dir='ltr'><strong>l&#39;lllll&#39;.</strong></span> 
     </span>
    </p>
   </div>
  </div>
