3838 6214
157 310 232 366 illi

1160 292 1446 350 HOMILIA
1482 288 1552 346 1N
1590 285 1922 342 PSALMUM
1958 287 2222 346 XXXVII.

3248 291 3352 348 102

151 423 349 497 ψαλμοῖς
369 416 629 487 διαφόρως
662 427 754 483 μοι
776 408 1075 481 λελεγμένα
1096 407 1232 478 (78),
1263 407 1323 497 ὲν
1343 406 1409 497 τῇ
1444 400 1582 475 πρὸς
1621 398 1682 497 σὲ

1789 400 1885 456 riis
1916 402 2093 456 modis
2141 401 2308 458 relata
2361 409 2511 465 sunt,
2539 402 2595 457 in
2631 402 2734 457 hac
2764 402 3160 473 supplicatione
3194 405 3262 460 ad
3293 415 3349 461 te

154 494 366 585 ίκετηρίᾳ
408 507 670 574 συνάγων,
717 501 818 571 τῆς
869 498 1151 572 παρούσης
1203 494 1455 567 βοηθείας
1497 495 1679 563 τυχεῖν

153 584 293 671 ἀξιῶ.
314 603 372 655 El
397 598 501 670 γὰρ
538 594 722 650 καὶτὰ
749 592 982 663 μάλιστα
1005 584 1329 658 σαλευθῆναι
1357 604 1457 657 μου
1483 584 1679 655 συνέϐη

152 697 259 758 τοὺς
296 692 468 753 πόδας,
512 688 632 742 καθ’
655 685 714 738 δν
740 683 929 755 καιρὸν
955 683 989 752 ἡ
1028 678 1224 750 καρδία
1254 693 1356 748 μου
1383 675 1677 747 ἐταράχθη,

152 789 227 843 καὶ
259 780 558 853 ἐγκατέλιπε
603 795 670 851 με
710 778 744 847 ή
792 772 944 846 ἰσχύς
999 786 1122 843 μου,
1164 770 1262 824 καὶ
1307 769 1368 821 τὸ
1406 767 1521 837 φῶς
1571 764 1680 819 τῶν

151 874 406 946 ὀφθαλμῶν
450 889 547 943 μου
582 871 683 923 οὐκ
704 864 772 939 ἦν
802 868 917 936 μετ’
939 862 1101 935 ἐμοῦ,
1129 861 1244 915 ἀλλ’
1269 860 1329 912 οὐ
1361 858 1537 928 πάντη
1579 873 1680 910 πε-

153 969 436 1041 ριετράπην,
481 961 602 1016 οὐδὲ
657 958 857 1029 πτῶμα
912 955 1104 1008 ἔπεσον
1151 952 1414 1014 τοιοῦτον,
1469 945 1581 1003 οἷον
1632 949 1681 1003 οι

152 1040 416 1112 ἀποστάται
454 1053 565 1123 (79)
605 1051 906 1121 γενόμενοι.
949 1045 1169 1116 Ἐπειδὴ
1207 1044 1265 1097 ὲν
1307 1040 1456 1112 αὑτῷ
1488 1040 1681 1110 ἐκείνῳ

153 1145 219 1216 τῷ
241 1147 418 1215 καιρῷ,
461 1146 517 1196 ὲν
552 1141 632 1211 τῷ
675 1137 1004 1207 σαλευθῆναι
1051 1136 1180 1197 τοὺς
1217 1132 1382 1196 πόδας
1433 1147 1555 1202 μου,
1594 1130 1681 1184 ἐπ’

155 1240 241 1313 ἐμὲ
260 1229 835 1310 ἐμεγαλορρημὸνησαν
879 1227 930 1280 οἱ
966 1223 1151 1296 ἐχθροί
1183 1239 1304 1293 μου,
1342 1222 1428 1275 ἴνα
1464 1220 1537 1292 μὴ
1567 1236 1683 1290 μει-

153 1323 293 1388 ζόνως
329 1324 720 1393 ὲπικροτήοωσι
762 1322 883 1373 κατ’
909 1317 1080 1389 ἐμοῦ,
1129 1318 1220 1369 ἐπὶ
1264 1314 1327 1367 σὲ
1374 1314 1682 1382 κατέφυγον

147 1418 210 1480 ib;
235 1417 318 1469 ἐπὶ
354 1415 540 1487 λιμένα
586 1413 882 1485 σωτηρίας,
929 1411 1019 1465 τὸν
1059 1409 1157 1463 καὶ
1193 1408 1264 1462 τὰ
1301 1408 1495 1461 ἀνίατα
1533 1405 1682 1476 παρά

146 1506 415 1580 ἀνθρώποις
444 1507 542 1576 τῆς
573 1506 753 1576 ψυχῆς
786 1505 933 1575 πάθη
977 1501 1230 1557 ἰάσασθαι
1258 1500 1572 1570 δυνάμενον.

202 1600 249 1654 7.
278 1600 395 1653 ὀτι
416 1598 529 1668 ἐγὼ
565 1600 654 1663 είς
692 1596 989 1666 μάστιγας
1013 1595 1264 1662 ἕτοιμος.
1300 1591 1400 1645 καὶ
1435 1590 1473 1656 ή
1500 1590 1683 1657 ἀλγη-

144 1687 247 1742 δών
270 1705 378 1757 μου
408 1687 665 1740 enimth
698 1686 816 1754 μού
863 1685 995 1738 ἐστι
1032 1681 1376 1745 διαπαντός.
1414 1680 1541 1732 ’Ότι
1569 1676 1683 1744 τὴν

143 1779 367 1847 ἀνομίαν
394 1795 512 1846 μου
540 1775 656 1846 ἐγὼ
679 1773 989 1843 τίνας-γελῶ
1017 1772 1116 1827 καὶ
1148 1769 1494 1841 μεριμνήσω
1533 1768 1680 1835 ὑπὲρ

141 1869 236 1941 τῆς
264 1871 540 1939 ἁμαρτίας
575 1887 717 1939 μου.
768 1867 1062 1938 Καταρχὰς
1088 1864 1259 1919 εἰπὼν
1301 1864 1438 1937 (80),
1472 1862 1569 1929 Μὴ
1603 1860 1683 1927 τῷ

142 1960 282 2030 θυμῷ
302 1977 412 2015 σου
432 1960 689 2032 ἐλέγξῃς
701 1976 799 2029 με,
825 1958 919 2012 ἐπὶ
939 1956 1033 2011 τοῦ
1064 1956 1329 2027 παρόντος
1348 1955 1530 2025 φησίν·
1553 1953 1682 2006 Ὅτι

139 2052 236 2125 ἐγὼ
260 2055 342 2120 είς
361 2050 659 2123 μάστιγας
690 2051 943 2120 ἕτοιμος.
978 2047 1187 2102 Οὐκοῦν
1227 2047 1324 2119 τὴν
1370 2046 1466 2115 μὲν
1513 2044 1683 2115 ὀργὴν

138 2149 450 2215 παραιτεῖται
482 2145 581 2198 καὶ
609 2143 700 2196 τὸν
747 2140 942 2211 θυμὸν,
983 2139 1200 2209 ἕτοιμος
1227 2138 1283 2190 δὲ
1328 2135 1683 2207 μαστίζεσθαι

138 2228 257 2289 εἶναι
282 2235 453 2305 λέγει·
495 2232 605 2289 οἶδε
647 2233 777 2303 γὰρ,
811 2232 895 2284 ὅτι
934 2232 1033 2284 Ὃν
1069 2228 1270 2297 ἀγαπᾷ
1302 2229 1519 2295 Κύριος
1550 2241 1685 2279 παι-

137 2324 293 2392 δεύει,
329 2318 615 2398 μαστιγιοῐ
647 2325 717 2379 δὲ
763 2323 959 2378 πάντα
988 2323 1123 2377 υἱὸν
1162 2321 1235 2375 ὃν
1262 2319 1678 2390 παραδέχεται.

136 2417 215 2472 Διὸ
250 2419 338 2471 καὶ
373 2418 484 2488 (81)
528 2418 691 2490 ἔφερε
734 2415 998 2485 γενναίως
1026 2413 1124 2477 τὰς
1168 2414 1438 2484 μάστιγας
1469 2410 1568 2473 τὰς
1596 2409 1684 2463 διά

134 2508 230 2562 τῶν
265 2510 577 2581 ἐπαλλήλων
625 2507 922 2578 συμφορῶν
958 2504 1095 2577 μετὰ
1123 2505 1184 2558 τὸ
1212 2504 1517 2575 ἁμάρτημα
1547 2518 1686 2571 συμ-

135 2598 400 2670 ϐεϐηκυίας
421 2600 593 2670 αὐτῷ,
612 2598 677 2662 ἃς
690 2603 723 2669 ή
742 2597 949 2667 ἱστορία
966 2597 1073 2650 τῶν
1102 2595 1397 2649 Βασιλειῶν
1419 2593 1681 2665 περιέχει.

135 2693 230 2745 Kal
256 2694 293 2762 ή
318 2691 599 2762 ἀλγηδών
613 2709 733 2760 μου
755 2690 1013 2744 ἐνώπιόν
1035 2689 1153 2758 μού
1181 2688 1315 2742 ἐστι
1335 2686 1679 2748 διαπαντός.

136 2781 190 2834 Ol
221 2782 312 2852 μὲν
333 2782 439 2855 γάρ
474 2780 664 2835 πολλοὶ
704 2780 874 2852 λήθην
928 2778 1209 2833 ποιοῦνται
1254 2776 1362 2829 τῶν
1400 2774 1682 2845 προτέρων

133 2874 544 2947 ἁμαρτημάτων,
581 2873 999 2944 ὰδιαφοροῦντες
1032 2873 1117 2925 ἐπ’
1146 2872 1352 2933 αὐτοῖς,
1391 2869 1485 2922 καὶ
1510 2884 1683 2921 κατα-

134 2966 444 3035 φρονοῦντες,
472 2969 552 3031 ὼς
587 2967 857 3038 μηδεμιᾶς
896 2965 1227 3035 ἐκδικήσεως
1266 2962 1633 3033 γενησομένης
1660 2977 1677 2993 ο

1781 493 1985 549 directa
2028 494 2305 562 colligens,
2335 494 2594 548 auxilium
2635 509 2872 563 praesens
2919 497 3135 564 assequi
3164 497 3342 564 cupio.

1779 582 1915 638 Nam
1945 585 2160 639 tametsi
2202 586 2450 655 contigit,
2488 598 2546 640 ut
2587 586 2823 640 maxime
2851 588 3107 641 commoti
3148 587 3349 642 fuerint

1780 678 1943 748 pedes
1976 677 2081 731 mei
2115 691 2182 731 eo
2218 686 2460 747 tempore
2489 692 2597 746 quo
2621 693 2717 734 cor
2744 693 2921 732 meum
2967 681 3348 733 conturbatum

1781 760 1884 835 est,
1918 779 1973 824 ct
2019 770 2312 839 dereliquit
2357 786 2442 824 me
2477 770 2647 825 virtus
2699 784 2839 835 mea,
2868 784 2923 825 et
2954 770 3133 825 lumen
3167 768 3353 825 oculo-

1780 878 1900 917 rum
1938 878 2180 917 meorum
2233 879 2338 918 non
2380 871 2499 917 erat
2550 878 2797 928 mecum;
2840 877 2944 916 nou
2985 872 3162 916 tamen
3198 863 3351 930 peni-

1784 964 1868 1009 tus
1899 969 2122 1009 eversus
2157 970 2301 1017 smn,
2329 967 2505 1024 neque
2540 955 2593 1008 in
2641 955 2802 1008 talem
2836 953 3048 1007 ruinam
3098 953 3351 1023 delapsus

1782 1060 1926 1110 sum,
1964 1048 2017 1099 in
2050 1046 2263 1114 qualem
2298 1046 2357 1110 ii,
2387 1047 2476 1115 qui
2512 1048 2608 1101 abs
2652 1054 2708 1101 te
2752 1061 2970 1115 prorsus
3011 1045 3346 1100 defecvruut.

1783 1137 1915 1205 Quia
1947 1153 2013 1193 eo
2055 1139 2170 1207 ipso
2215 1147 2478 1207 tempore,
2510 1153 2630 1193 cum
2678 1145 3152 1193 commoverentur
3180 1137 3347 1205 pedes

1785 1230 1913 1297 mei,
1963 1231 2225 1284 adversus
2264 1244 2350 1283 me
2385 1245 2576 1299 magna
2610 1229 2770 1286 locuti
2829 1238 2955 1284 sunt
2998 1229 3199 1285 inimici
3234 1230 3340 1283 mei

1782 1337 1852 1376 ne
1885 1320 2139 1389 majorem
2172 1323 2226 1376 in
2252 1323 2472 1378 modum
2505 1331 2692 1377 contra
2724 1337 2811 1376 me
2838 1332 3164 1391 streperent,
3198 1321 3264 1376 ad
3297 1332 3350 1377 te

1790 1422 2045 1480 tanquam
2072 1415 2139 1468 ad
2171 1415 2362 1469 salutis
2412 1423 2625 1484 portum
2666 1413 2904 1484 confugi,
2935 1413 3027 1484 qui
3072 1414 3126 1468 in
3169 1413 3349 1468 ltomi-

1790 1505 1949 1559 nibus
1979 1504 2060 1559 vel
2087 1504 2414 1559 insanabiles
2438 1505 2604 1559 animi
2633 1505 2849 1560 morbos
2880 1519 3076 1559 curare
3111 1505 3274 1560 vales.

1856 1604 1908 1658 7.
1940 1603 2100 1659 VIus.
2142 1603 2231 1671 l8,
2272 1604 2352 1659 19.
2392 1604 2653 1670 Quoniam
2684 1621 2780 1673 ego
2806 1606 2860 1658 in
2884 1603 3097 1675 ﬂagella
3134 1605 3381 1672 paratus

1716 1729 1758 1785 Β
1785 1712 1920 1759 sum,
1942 1705 1988 1747 et
2027 1695 2178 1748 dolor
2204 1711 2348 1756 meus
2384 1695 2439 1748 in
2484 1706 2762 1762 conspectu
2791 1712 2906 1749 meo
2942 1709 3162 1761 semper.
3207 1690 3351 1756 Quo-

1785 1786 1923 1837 niam
1964 1784 2296 1854 iniquitatem
2328 1800 2496 1836 meam
2530 1801 2622 1854 ego
2663 1785 3007 1847 annuntiabo,
3035 1795 3085 1837 et
3113 1779 3353 1852 cogitabo

1782 1891 1876 1942 pro
1899 1885 2108 1940 peccato
2144 1890 2278 1926 meo.
2320 1872 2612 1942 Postquam
2646 1873 2803 1928 initio
2836 1874 3011 1928 dixit:
3046 1873 3128 1928 Ne
3173 1873 3231 1926 in
3263 1871 3352 1941 fu-

1785 1980 1901 2016 rore
1929 1973 2017 2016 tuo
2062 1978 2256 2032 arguas
2307 1978 2413 2025 me,
2442 1978 2589 2017 nunc
2618 1962 2692 2015 ait
2722 1980 2736 2015 :
2772 1962 3032 2027 Quoniam
3056 1977 3148 2029 ego
3178 1961 3230 2013 iu
3253 1961 3353 2030 ﬂa-

1783 2054 1917 2122 gella
1943 2063 2161 2123 paratus
2187 2070 2325 2107 sum.
2359 2052 2546 2122 Itaque
2575 2054 2713 2108 iram
2755 2053 2973 2123 quidem
3010 2068 3075 2107 ac
3112 2051 3351 2106 furorem

1785 2148 2126 2213 deprecatur,
2159 2153 2406 2215 paratum
2441 2160 2569 2200 vero
2594 2160 2654 2200 se
2684 2159 2806 2200 esse
2837 2146 2902 2198 ad
2953 2143 3163 2216 ﬂagella
3195 2143 3349 2197 dicit.

1784 2236 1940 2292 Novit
1974 2238 2117 2291 enim
2160 2238 2301 2305 quod
2341 2237 2507 2302 Quem
2550 2236 2719 2307 diligit
2769 2235 3049 2301 Dominus,
3068 2234 3352 2302 i’corripit,

1782 2327 2014 2397 ﬂagellat
2049 2339 2222 2382 autem
2260 2344 2460 2382 omnem
2484 2326 2657 2395 ﬁlium
2681 2342 2830 2389 quem
2857 2327 3035 2397 recipit
3053 2327 3120 2381 “.
3153 2324 3354 2391 Quam-

1785 2421 1968 2474 obrem
2000 2420 2164 2475 etiam
2195 2428 2416 2473 strenue
2450 2420 2671 2488 pertulit
2711 2417 2939 2489 ﬂagella,
2965 2431 3088 2488 quas
3121 2431 3219 2485 per
3254 2429 3352 2470 ca-

1786 2512 2052 2565 lamitates
2086 2512 2221 2567 alias
2254 2513 2376 2566 aliis
2409 2512 2767 2567 succedentes
2789 2519 2911 2580 post
2936 2517 3216 2579 peccatum
3248 2505 3352 2576 ipsi

1785 2602 2118 2662 acciderunt.
2153 2616 2380 2671 qumque
2410 2601 2789 2669 complectitur
2827 2599 3139 2672 Regnorum
3177 2598 3351 2653 histo-

1785 2693 1886 2748 ria.
1911 2690 1978 2745 Et
2004 2692 2157 2746 dolor
2177 2709 2321 2746 meus
2337 2694 2388 2746 in
2417 2703 2690 2758 conspectu
2708 2708 2819 2745 meo
2845 2701 2917 2745 est
2949 2706 3169 2759 semper.
3198 2689 3349 2744 Multi

1784 2784 1999 2853 quidem
2032 2783 2271 2851 priorum
2304 2792 2654 2852 peccatorum
2691 2781 3111 2846 obliviscuntur,
3143 2780 3349 2835 nullam

1784 2888 1970 2928 eorum
2024 2873 2286 2928 habentes
2334 2874 2623 2936 rationem,
2671 2886 2736 2927 ac
2790 2887 2854 2927 ea
2916 2881 3351 2935 contemnentes,

1793 2963 1946 3031 quasi
2003 2962 2146 3016 nulla
2188 2961 2366 3016 futura
2416 2963 2487 3015 sit
2539 2961 2710 3027 ultio;
2752 2961 2843 3031 qui
2903 2975 3035 3016 vero
3084 2961 3350 3032 judicium

131 3056 156 3107 ὁ
172 3057 224 3110 δὲ
246 3057 303 3111 τὸ
326 3058 677 3130 δικαστήριον
698 3056 795 3111 τοῦ
821 3054 957 3110 Θεοῦ
992 3055 1098 3127 πρὸ
1121 3053 1413 3125 ὀφθαλμῶν
1453 3052 1680 3106 διαπαν-

1788 3055 1876 3109 Dei
1918 3054 2119 3125 jugiter
2166 3054 2327 3109 habet
2377 3054 2446 3107 ob
2475 3052 2686 3117 oculos,
2714 3053 2997 3122 creditque
3031 3063 3179 3109 certo
3210 3052 3348 3116 fore,

132 3146 209 3210 τὸς
251 3149 404 3219 ἔχων,
456 3149 558 3204 καὶ
610 3148 996 3218 πεπεισμένος,
1027 3148 1108 3200 ὅτι
1157 3147 1360 3208 πάντες
1400 3161 1682 3216 παραστη-

132 3236 313 3308 σόμεθα
355 3239 432 3310 τῷ
485 3238 693 3311 βήματι
741 3236 839 3292 τοῦ
899 3236 1140 3306 Χριστοῦ
1169 3275 1183 3299 ,
1243 3235 1330 3287 ἵνα
1387 3234 1681 3303 κομίσηται

130 3326 334 3392 ἕκαστος
363 3329 432 3382 τὰ
461 3328 552 3383 διά
586 3327 680 3383 τοῦ
729 3327 979 3396 σώματος
1020 3325 1155 3396 πρὸς
1198 3324 1227 3377 ὃ
1261 3322 1373 3392 (8‘2)
1411 3322 1645 3394 ἔπραξεν
1665 3363 1679 3387 ,

130 3417 225 3471 εἴτε
264 3420 483 3489 ἀγαθὸν,
549 3421 661 3474 εἶτε
703 3418 904 3487 φαῦλον
936 3434 952 3449 ·
1007 3419 1065 3470 ὲν
1120 3415 1328 3488 ἀγωνίᾳ
1379 3413 1683 3484 καθέστηκε

132 3507 361 3575 πάντοτε,
393 3510 488 3565 καὶ
513 3508 615 3579 τὴν
650 3507 920 3578 ἀλγηδόνα
955 3507 1056 3578 τὴν
1094 3508 1153 3559 ὲν
1183 3508 1248 3578 τῇ
1280 3504 1472 3557 ἑαυτοῦ
1512 3503 1680 3575 ψυχῇν

132 3596 312 3669 ταύτην
385 3598 644 3655 ίάσασθαι
694 3596 993 3671 φροντίζων
1015 3640 1031 3665 ,
1101 3598 1258 3659 αὐτὸς
1312 3596 1504 3649 ἑαυτοῦ
1556 3613 1684 3649 κατ-

133 3695 301 3763 ηγορεῖ
319 3692 406 3747 διὰ
423 3693 536 3747 τῶν
562 3691 699 3763 πρὸς
720 3692 809 3744 τὸν
828 3691 958 3745 Θεὸν
988 3688 1449 3760 ὲξομολογήσεων.
1479 3690 1570 3741 Διὸ
1590 3704 1686 3758 φη-

133 3796 241 3837 σιν·
277 3784 337 3840 Ἠ
357 3783 640 3855 ἀλγηδών
673 3801 792 3852 μου
825 3782 1083 3837 ἐνώπιόν
1113 3785 1233 3853 μού
1261 3784 1394 3837 ἐστι
1436 3782 1685 3836 διαπαν-

129 3875 238 3940 τὸς,
259 3875 342 3930 ὅτι
370 3877 485 3945 τὴν
511 3878 770 3946 ἀνομίαν
795 3893 914 3946 μου
943 3875 1059 3945 ἐγὼ
1089 3873 1419 3945 ἀναΠελῶ,
1451 3875 1549 3929 καὶ
1574 3890 1684 3943 με-

128 3968 374 4037 ριμνήσω
399 3969 557 4038 ὑπὲρ
589 3969 699 4036 τῆς
726 3967 1015 4037 ἁμαρτίας
1037 3985 1178 4037 μου.
1210 3967 1415 4036 Πιστῆς
1435 3967 1492 4020 δὲ
1508 3965 1686 4037 ψυχῆς

132 4059 215 4111 καὶ
232 4060 466 4132 ἀκριϐῶς
494 4059 870 4130 πεπεισμένης
899 4060 1149 4132 περὶτῆς
1174 4059 1407 4131 κρίσεως
1433 4059 1526 4112 τοῦ
1547 4055 1684 4112 Θεοῦ

129 4152 462 4222 τυγχάνουσιν
511 4154 574 4208 αἱ
611 4151 855 4207 τοιαῦται
905 4152 1097 4222 φωναί.
1147 4155 1211 4206 Oi
1238 4150 1308 4205 δὲ
1337 4152 1539 4221 ἐχθροί
1563 4170 1685 4222 μου

132 4236 271 4307 (ὦσι,
317 4245 414 4299 καὶ
460 4243 923 4313 κεκρατιιὼνται
968 4243 1122 4312 ὑπὲρ
1165 4243 1270 4313 ἐμέ
1294 4260 1308 4275 ο
1364 4244 1463 4299 καί
1501 4244 1687 4313 ἐπλη-

131 4330 419 4399 θύνθησαν
447 4338 501 4390 oi
526 4332 851 4405 μισοῦντές
881 4351 957 4402 με
988 4334 1228 4400 ἀδίκως.
1264 4336 1330 4388 Οἱ
1367 4334 1686 4389 ἀνταποδι-

130 4418 318 4489 δόντες
354 4442 458 4494 μοι
490 4424 650 4479 κακὰ
686 4425 800 4496 (85)
838 4425 972 4479 ἀντὶ
999 4425 1257 4493 ἀγαθῶν,
1291 4425 1688 4481 ὲνδιέϐαλλόν

126 4526 212 4577 με,
236 4512 356 4568 ἐπεὶ
388 4514 753 4569 κατεδίωκον
778 4515 1196 4583 ἀγαθωσύνην.
1243 4515 1339 4584 Μὴ
1372 4516 1688 4585 ἐγκαταλι-

131 4614 237 4668 ειῃς
254 4619 347 4671 με,
367 4605 547 4671 Κύριε
570 4606 601 4657 d
632 4604 774 4671 Θεός
792 4621 934 4673 μου,
964 4603 1049 4671 μὴ
1083 4604 1359 4673 ἀποστῇς
1392 4607 1494 4659 ἀπ’
1518 4607 1686 4676 ἐμοῦ.

132 4688 382 4760 Πρόσχες
410 4697 499 4759 εὶς
530 4691 648 4760 τὴν
671 4691 962 4760 βοήθειάν
982 4710 1122 4761 μου,
1153 4694 1327 4762 Κύριε
1359 4694 1469 4761 τῆς
1496 4711 1691 4763 σωτη-

126 4777 247 4845 plac
275 4798 409 4849 μου.
436 4783 663 4838 Πάντων
690 4782 797 4835 τῶν
824 4782 1032 4853 ἐχθρῶν
1062 4782 1226 4836 αὐτοῦ
1257 4784 1552 4856 μέμνηται,
1581 4787 1689 4840 τῶν

132 4866 212 4920 ἐπὶ
248 4871 341 4942 τήν
371 4874 651 4946 ἁμαρτίαν
691 4874 853 4927 αὐτὸν
893 4875 1338 4942 κατασυράντων,
1369 4876 1600 4930 ἱκετεύει
1627 4894 1689 4930 τε

131 4959 214 5011 καὶ
231 4965 535 5032 παρακαλεῖ
557 4964 631 5036 μὴ
649 4965 949 5035 ἀποστῆναι
970 4965 1134 5019 αὑτοῦ
1151 4966 1240 5019 τὸν
1258 4966 1482 5037 Κύριον.
1511 4967 1688 5039 Ἐώρα

131 5048 228 5119 γὰρ
255 5054 373 5119 τοὺς
416 5055 646 5128 ἐχθροὺς
679 5054 758 5109 ἔτι
804 5058 899 5109 καὶ
930 5055 1026 5111 νῦν
1064 5057 1193 5128 περὶ
1234 5058 1398 5112 αὑτὸν
1442 5059 1685 5124 ἑστῶτας

191 5209 232 5239 ³²
257 5210 413 5269 Prov.
453 5229 537 5280 ιιι,
576 5215 677 5281 ης
711 5212 874 5270 Hebr.
907 5189 1007 5283 su,
1040 5216 1090 5271 6.
1167 5216 1216 5250 ³³
1245 5216 1287 5272 ιι
1313 5217 1437 5272 Cor.
1478 5235 1528 5284 v,
1565 5219 1651 5275 10.

130 5368 312 5510 συξῖἓέ
326 5371 557 5429 Codices
583 5374 709 5439 duo,
733 5348 1021 5445 λεγόμενα.
1048 5373 1241 5429 Statim
1268 5392 1408 5431 unus
1435 5392 1568 5433 mss.
1593 5395 1685 5449 μοι

192 5480 464 5587 ζξῧῖἰίῖες.
512 5513 782 5587 secundus
824 5514 999 5587 addit,
1049 5530 1181 5587 μου.
1229 5514 1517 5587 Aliquanto
1568 5526 1688 5585 post

131 5577 290 5655 editio
317 5577 521 5643 Paris..
557 5582 723 5655 πόδας
761 5600 886 5654 μου,
916 5584 1012 5637 καὶ
1047 5577 1133 5637 ἐπ’
1168 5584 1289 5655 ἐμέ.
1334 5577 1491 5655 Deest
1512 5577 1609 5641 καί
1633 5588 1687 5643 in

135 5647 291 5721 tribus
315 5665 475 5721 mss"
516 5667 610 5705 nec
633 5647 853 5707 dubium
872 5647 1012 5721 quin
1052 5647 1242 5710 abesse
1269 5654 1483 5712 debeat.

193 5713 297 5778 (80)
332 5717 463 5784 Reg.
497 5725 703 5785 tertius.
735 5713 1124 5778 ιίπὼν’Κύοιε.

1785 3156 1844 3203 ut
1899 3163 2087 3203 omnes
2134 3161 2319 3202 coram
2367 3144 2573 3199 Christi
2631 3144 2883 3199 tribunali
2942 3144 3221 3211 sistamur,
3295 3153 3356 3198 ut

1786 3248 2024 3307 reportet
2076 3241 2448 3307 unusquisque
2491 3251 2586 3300 ea,
2645 3250 2767 3304 qua:
2807 3236 2940 3290 ﬁunt
2986 3250 3082 3306 per
3128 3249 3351 3304 corpus,

1780 3332 1933 3399 juxta
1982 3330 2034 3385 id
2077 3331 2218 3398 quod
2255 3328 2403 3391 fecit,
2436 3328 2551 3383 sive
2579 3327 2804 3393 bonum,
2827 3326 2946 3383 sive
2979 3325 3177 3380 malum
3203 3325 3275 3389 ³⁸,
3306 3326 3353 3379 is

1784 3422 1837 3475 in
1876 3421 2153 3475 anxietate
2203 3420 2464 3475 continuo
2519 3427 2790 3483 versatur,
2842 3423 2898 3474 et
2956 3417 3099 3472 hunc
3155 3417 3356 3473 anima

1784 3526 1894 3566 sua:
1932 3512 2171 3567 dolorem
2225 3527 2422 3567 sanare
2485 3510 2730 3573 studens,
2762 3524 2862 3580 per
2903 3522 3029 3564 suas
3059 3508 3127 3561 ad
3178 3508 3346 3561 Deum

1784 3601 2150 3657 confessiones
2215 3617 2275 3657 se
2346 3603 2457 3671 ipse
2515 3607 2758 3655 accusat.
2814 3599 2939 3654 ideo
2991 3600 3069 3654 ait
3126 3597 3353 3652 :Dolor

1782 3709 1927 3746 meus
1978 3695 2032 3745 in
2078 3702 2353 3759 conspectu
2406 3707 2519 3745 meo
2566 3698 2645 3744 est
2694 3705 2914 3758 semper,
2947 3690 3197 3760 quoniam
3240 3689 3348 3743 iui-

1782 3788 2029 3856 quitatem
2060 3801 2226 3838 meum
2254 3781 2348 3854 ego
2365 3783 2710 3850 aunuutiabo,
2744 3791 2795 3836 et
2844 3782 3077 3851 cogitabo
3098 3797 3193 3851 pro
3217 3799 3356 3850 pec-

1785 3887 1900 3931 cato
1933 3891 2066 3929 meo.
2098 3874 2258 3928 Tales
2310 3889 2471 3944 porro
2522 3884 2650 3929 sunt
2701 3888 2862 3928 voces
2896 3874 3091 3928 animze
3132 3874 3272 3936 tiliae,
3297 3884 3354 3928 et

1786 3984 1903 4038 quae
1931 3969 2031 4023 sibi
2058 3968 2364 4023 certissime
2405 3968 2735 4035 persuaserit
2768 3965 3028 4035 judicium
3073 3964 3169 4021 Dei
3208 3966 3355 4020 futut-

1788 4076 1927 4115 rmu.
1962 4058 2123 4114 Vens.
2148 4059 2343 4113 ’ΞΟ-25.
2376 4058 2589 4113 Inimici
2611 4069 2788 4112 autem
2809 4057 2909 4111 mei
2927 4058 3120 4124 uiuunt,
3152 4064 3202 4112 et
3224 4073 3352 4111 eon-

1783 4151 1984 4218 ﬁrmati
2010 4159 2134 4205 sunt
2182 4167 2337 4219 super
2365 4166 2445 4204 me
2465 4166 2484 4205 :
2505 4160 2552 4204 et
2587 4149 2922 4219 multiplicati
2956 4159 3077 4204 sunt
3106 4151 3194 4218 qui
3223 4152 3349 4203 ode-

1786 4252 1907 4295 runt
1933 4259 2015 4295 me
2040 4243 2233 4311 inique.
2269 4242 2374 4305 Qui
2405 4242 2694 4295 retribuunt
2736 4242 2864 4294 milii
2894 4241 3034 4294 mala
3056 4257 3151 4308 pro
3182 4240 3351 4301 bouis.

1787 4333 2125 4387 detrahebant
2152 4336 2303 4397 milii,
2334 4337 2585 4404 quoniam
2645 4334 2900 4405 sequebar
2937 4334 3244 4389 bonitatem.
3271 4332 3355 4388 Ne

1789 4426 2122 4495 derelinquas
2153 4441 2254 4491 me,
2288 4425 2509 4480 Domine
2537 4425 2675 4480 Deus
2701 4443 2844 4480 meus
2865 4442 2885 4481 :
2904 4443 2966 4481 ne
2994 4428 3292 4481 discesseris
3322 4444 3354 4479 a

1790 4532 1890 4570 me.
1930 4514 2147 4569 Intende
2180 4519 2236 4569 in
2288 4515 2614 4585 adjutorium
2657 4532 2851 4583 meum,
2899 4516 3121 4571 Domine
3166 4515 3354 4570 salutis

1789 4623 1939 4661 meae.
1995 4607 2245 4661 Omnium
2292 4606 2636 4662 inimicorum
2699 4623 2918 4663 suorum
2963 4608 3354 4673 reminiscitur,

1790 4698 1881 4765 qui
1910 4711 2033 4750 eum
2067 4699 2135 4750 ad
2176 4705 2452 4766 peccatum
2483 4704 2903 4764 pertraxerunt:
2943 4705 2998 4751 et
3026 4697 3357 4767 supplicibus

1792 4788 1971 4844 verbis
2018 4796 2139 4844 orat
2184 4803 2249 4843 ac
2292 4796 2544 4857 precatur
2592 4786 2915 4854 Dominum,
2946 4797 3006 4843 ut
3050 4804 3119 4844 ne
3145 4790 3214 4843 ab
3238 4789 3355 4859 ipso

1793 4881 2051 4935 discedat.
2086 4879 2310 4935 Videbat
2341 4879 2487 4934 enim
2541 4878 2790 4933 inimicos
2828 4879 2988 4933 etiam
3031 4894 3176 4935 nunc
3208 4881 3352 4934 circa

1792 4988 1850 5028 se
1875 4981 2104 5035 stantes,
2140 4971 2594 5039 imminentesque
2616 4971 2751 5037 sibi;
2777 4985 2876 5025 nec
2917 4971 3094 5040 priore
3119 4971 3280 5042 371
3306 4973 3355 5024 in

1793 5064 1964 5134 ipsum
1992 5061 2216 5116 audacia
2260 5070 2569 5118 contentos.
2609 5060 2948 5132 Quapropter
2988 5060 3251 5116 sollicitus
3293 5078 3359 5114 ne

1859 5379 1974 5450 (81)
2008 5380 2098 5436 Sic
2123 5381 2173 5433 in
2204 5380 2411 5450 duobus
2440 5396 2569 5433 mss.
2610 5379 2799 5450 Deerat
2832 5377 2927 5450 καί
2964 5378 3037 5450 in_
3051 5375 3229 5430 editis.
3255 5374 3360 5450 Ibi.

1790 5445 1908 5504 dem
1947 5445 2075 5519 Reg.
2109 5452 2322 5514 tertius,
2358 5449 2519 5520 ἔφερε
2551 5449 2814 5518 γενναίως
2859 5447 2958 5519 τὴν
3007 5447 3216 5517 ἄμυναν
3269 5445 3361 5499 καὶ

1790 5521 1887 5582 τὰς
1923 5520 2209 5587 μάστιγας·
2247 5521 2468 5573 Strenue
2500 5519 2697 5587 ferebat
2735 5519 3017 5571 vindictam
3048 5516 3357 5587 etjlagellu.

3167 5533 3357 5574 aaetm.

1788 5521 1887 5582 τὰς
1923 5520 2209 5590 μάστιγας·
2247 5519 2468 5573 Strenue
2500 5519 2697 5587 ferebat
2718 5519 3095 5590 Arindictamet

1863 5585 1975 5660 (ὃὲ)
2002 5590 2073 5643 ita
2100 5585 2230 5660 Reg.
2260 5585 2529 5643 secundus
2560 5604 2680 5660 cum
2703 5588 2869 5645 Coisl.
2896 5589 3058 5654 Editi,
3088 5585 3126 5641 ὅ.

1863 5659 1978 5715 18$
2006 5659 2230 5716 Codices
2258 5670 2387 5726 tres,
2423 5659 2655 5730 πονηρά.
