3838 6214
418 300 525 357 “.3
1363 289 1710 347 APPENDIX
1749 288 2035 347 OPERUM
2077 292 2138 348 S.
2177 289 2426 345 BASILll
2463 290 2698 347 MAGNI.
3569 292 3683 351 {04

419 421 616 476 iterum
647 417 701 473 in
727 417 944 472 eosdem
982 412 1200 477 incidat,
1228 410 1515 483 vigilanter
1545 412 1833 467 admodum
1858 414 1934 467 ait
1972 431 1985 467 :

2101 414 2184 467 καὶ
2213 410 2612 483 ἐπικειμένους,
2653 410 2787 482 μηδὲ
2812 410 2926 479 (84)
2964 413 3307 481 τῃ“προ²ἔερα
3347 412 3466 464 κατ’
3505 410 3680 465 αὐτοῦ

420 511 635 567 Inimici
666 520 841 563 autem
870 507 972 561 mei
996 508 1193 561 vivunt.
1247 504 1363 559 Non
1416 506 1560 560 enim
1596 505 1793 560 mortui
1842 515 1987 572 sunt,

2101 506 2265 575 τόλμῃ
2314 505 2706 576 ἀρκουμένους.
2753 504 2843 555 Διὸ
2878 502 3127 570 ἀγωνιῶν
3178 502 3252 573 μὴ
3297 503 3390 555 καὶ
3421 502 3681 573 δεύτερον

421 616 595 669 neque
640 601 727 654 ubi
774 598 939 653 semel
998 598 1053 651 in
1113 610 1199 651 me
1249 595 1461 665 quidvis
1496 596 1666 651 moliti
1717 605 1863 661 sunt,
1897 597 1991 649 ab-

2101 599 2204 659 τοῖς
2233 597 2415 659 αὐτοῖς
2465 596 2759 667 περιπέσῃ,
2809 594 3014 666 σφόδρα
3055 595 3432 664 ἐγρηγορότως
3471 595 3677 665 φησίν·

419 692 614 747 ierunt.
649 693 988 761 Quapropter
1020 689 1281 755 scriptum
1316 697 1435 742 est:
1469 687 1552 741 Ne
1568 688 1773 741 beatum
1791 688 1991 741 dixeris

2101 690 2159 739 Οἱ
2195 686 2263 739 δὲ
2300 688 2502 755 ἐχθροί
2537 704 2657 755 μου
2702 684 2901 746 ζῶσιν.
2935 687 3010 737 Οὐ
3040 684 3147 754 γάρ
3173 684 3520 755 τεθνήκασιν,
3556 685 3681 739 οὐδὲ

418 786 584 838 virum
612 794 732 836 ante
763 790 983 835 mortem
1029 780 1191 848 ipsius
1223 779 1290 832 “.
1327 777 1558 845 Vivuut;
1594 779 1702 832 imo
1736 793 1863 831 vero
1891 793 1995 830 nu-

2101 776 2241 840 ἱπαξ
2266 778 2661 847 ὲνεργήσαντες
2700 775 2974 846 παρῆλθον
2998 791 3013 807 ·
3056 775 3136 827 διὸ
3184 775 3530 844 γέγραπται·
3574 774 3678 843 Μὴ

419 891 569 929 mero
604 874 772 937 aucti,
808 872 1111 928 conﬁrmati
1151 878 1277 926 sunt
1318 884 1481 938 super
1509 886 1614 923 me.
1659 869 1992 939 Multiplicati

2101 869 2437 936 μακαρίσῃς
2485 867 2673 935 ἄνδρα
2717 869 2827 934 πρὸ
2878 866 3166 933 τελευτῆς
3204 867 3408 920 αὑτοῦ.
3461 867 3678 920 Ζῶσινο

418 973 545 1018 sunt
573 963 716 1016 enim
749 962 839 1031 qui
872 960 1104 1015 oderunt
1132 973 1238 1021 me,
1270 966 1325 1012 et
1352 958 1441 1026 qui
1471 940 1990 1013 retribuebantmihi

2101 960 2235 1013 ἀλλὰ
2281 962 2373 1013 καὶ
2421 961 2849 1031 κεκραταίωνται
2903 959 3119 1021 πλείους
3160 958 3312 1021 ὄντες
3358 959 3500 1029 ὑπὲρ
3551 960 3676 1029 ἐμέ.

418 1053 558 1106 mala
593 1068 688 1121 pro
721 1051 913 1106 bonis:
950 1051 1042 1120 qui
1091 1050 1319 1103 necdum
1371 1049 1625 1103 desinunt
1658 1064 1744 1102 me
1782 1049 1989 1103 calum-

2109 1052 2551 1124 Ἐπληθύνθησαν
2584 1053 2694 1125 γὰρ
2721 1053 2769 1104 οἱ
2801 1051 3084 1122 μισοῦντές
3116 1068 3204 1121 με,
3234 1050 3330 1103 καὶ
3355 1052 3404 1103 οἱ
3432 1052 3680 1104 ἀνταπο-

421 1145 579 1208 niari,
609 1144 750 1212 quod
784 1143 979 1196 bonam
1026 1141 1431 1210 salutaremque
1487 1142 1629 1194 viam
1666 1156 1987 1210 persequar,

2101 1142 2331 1207 διδόντες
2370 1162 2457 1214 μοι
2506 1145 2651 1198 κακά
2690 1145 2809 1197 ἀντὶ
2852 1143 3101 1211 ἀγαθῶνο
3145 1144 3341 1207 οἵτινες
3389 1144 3543 1197 οῦπω
3580 1146 3680 1198 καὶ

420 1247 552 1285 mea:
581 1232 881 1286 invidentes
909 1231 1092 1285 saluti.
1116 1229 1482 1296 Quamobrem
1502 1232 1746 1300 supplico
1775 1247 1837 1287 ac
1862 1247 1992 1302 rogo

2101 1235 2192 1288 νῦν
2241 1235 2502 1289 παύονται
2547 1235 2980 1298 ὲνδιαὸἀλ).οντές
3016 1253 3103 1304 με,
3149 1235 3272 1287 ἐπεὶ
3319 1233 3418 1305 τὴν
3464 1235 3681 1306 ἀγαθὴν

421 1338 491 1378 ne
522 1324 862 1391 derelinquas
896 1337 1000 1386 me,
1027 1323 1275 1377 Domine.
1313 1320 1499 1390 Neque
1526 1324 1669 1376 enim
1700 1322 1845 1378 solus
1868 1338 1991 1392 pos-

421 1416 523 1469 sim
555 1415 815 1469 adversus
849 1422 928 1468 tot
979 1429 1044 1468 ac
1107 1421 1285 1467 tantos
1341 1413 1617 1468 resistere.
1668 1412 1747 1465 Tu
1803 1413 1989 1483 igitur,

422 1509 564 1562 Deus
595 1521 766 1568 meus,
797 1520 862 1559 ne
893 1505 1144 1559 discedas
1175 1521 1204 1558 a
1237 1518 1344 1558 me.
1373 1503 1468 1559 sed
1497 1503 1646 1560 adsis
1680 1504 1813 1558 mihi
1839 1505 1992 1575 adju-

426 1612 508 1663 ιοι·
526 1610 761 1664 memque
783 1594 974 1649 salutis
1005 1604 1211 1649 custos.

2094 1327 2190 1380 καὶ
2212 1329 2475 1398 σωτήριον
2494 1328 2611 1380 ὁδὸν
2635 1327 2968 1398 μεταδιώκω,
2985 1326 3425 1397 διαφθονούμενοί
3444 1345 3546 1397 μου
3562 1329 3678 1397 (85)

2096 1420 2161 1488 τῇ
2193 1419 2457 1488 σωτηρία.
2508 1418 2709 1471 Τούτου
2753 1420 2912 1491 χάριν
2957 1421 3183 1473 ἱκετεύω
3216 1423 3310 1474 καὶ
3348 1422 3563 1492 δέομαι,
3598 1425 3677 1493 μὴ

2097 1509 2467 1580 ἐγκαταλίπῃς
2520 1528 2607 1579 με,
2638 1510 2837 1581 Κύριε·
2873 1512 3032 1580 μόνος
3066 1512 3174 1584 γάρ
3206 1513 3341 1583 πρὸς
3384 1513 3680 1578 τοσούτους

2099 1599 2197 1669 οὐχ
2226 1596 2336 1661 οἷός
2380 1600 2426 1651 τ’
2459 1600 2523 1653 ἂν
2552 1602 2668 1670 εἴην
2696 1601 2957 1672 ἀντέχειν.
2985 1604 3057 1655 Σὺ
3082 1601 3195 1666 οῦν,
3226 1606 3255 1657 ὁ
3283 1604 3416 1667 Θεός
3441 1622 3565 1675 μου,
3601 1605 3677 1677 μὴ

420 1685 663 1756 ἀποστῇς
688 1684 781 1738 ἀπ’
815 1683 970 1755 ἐμοῦ,
998 1683 1203 1755 πάρεσο
1244 1685 1301 1738 δέ
1326 1703 1417 1756 μοι
1450 1685 1660 1756 βοηθὸς,
1691 1686 1786 1740 καὶ
1816 1684 1990 1755 φύλαξ
2027 1686 2123 1757 τῆς
2155 1690 2294 1759 ἐμῆς
2320 1691 2611 1762 σωτηρίας.

905 1862 971 1916 ΙΝ
1008 1862 1339 1919 PSALMUM
1370 1863 1530 1920 CXV.

494 1976 549 2029 1.
579 1973 743 2029 Vens.
770 1974 825 2039 1,
853 1973 909 2030 2.
939 1972 1177 2040 Credidi,
1206 1982 1419 2042 propter
1444 1976 1583 2045 quod
1625 1976 1827 2032 locutus
1847 1995 1994 2045 sum;

422 2083 515 2136 ego
564 2077 735 2120 autem
786 2065 1093 2118 humiliatus
1125 2081 1240 2118 sum
1283 2066 1459 2120 nimis.
1519 2064 1633 2135 Ego
1665 2080 1838 2121 autem
1886 2070 1997 2123 dixi

423 2158 480 2212 in
504 2172 718 2211 excessu
748 2172 859 2209 meo
879 2170 897 2207 :
929 2153 1115 2210 Omnis
1148 2157 1301 2209 homo
1328 2157 1573 2211 mendax.
1604 2158 1764 2214 Fides
1786 2175 1996 2217 sermo-

423 2250 581 2303 nibus
610 2248 699 2319 qui
734 2248 800 2303 de
836 2249 944 2303 Deo
973 2248 1105 2301 ﬁunt
1133 2286 1148 2311 ,
1183 2257 1382 2317 praseat
1414 2267 1427 2302 :
1460 2248 1611 2314 ﬁdes,
1643 2264 1748 2304 non
1778 2252 1998 2307 demon—

423 2344 634 2398 stratio.
684 2341 870 2406 Fides,
912 2355 1031 2410 qua:
1073 2342 1311 2395 animum
1344 2341 1410 2395 ad
1439 2344 1805 2397 assensionem
1831 2346 1998 2399 trahit

426 2434 621 2502 magis,
647 2448 809 2499 quam
836 2414 1117 2493 methodi:
1145 2430 1356 2485 ratione
1396 2431 1596 2485 innixa:
1626 2449 1639 2485 :
1681 2432 1835 2497 ﬁdes,
1878 2448 1997 2502 qua:

426 2538 535 2577 non
564 2520 889 2575 necessariis
920 2520 1226 2590 geometriae
1255 2519 1608 2584 illationibus,
1639 2524 1731 2574 sed
1764 2520 1997 2588 Spiritus

427 2614 599 2668 sancti
643 2628 806 2682 opera
839 2612 1093 2682 gignitur.
1135 2610 1204 2664 In
1236 2612 1442 2665 nomine
1481 2610 1611 2665 Jesu
1652 2611 1847 2667 Christi
1879 2613 1996 2667 Να-

428 2704 628 2769 ιαηηί,
683 2719 835 2773 surge
864 2711 914 2756 et
948 2702 1159 2755 ambula
1186 2702 1253 2756 ”.
1292 2701 1442 2757 Hanc
1478 2718 1663 2757 vocem
1702 2718 1997 2773 conseque-

430 2794 589 2847 batur
622 2806 769 2861 0pusr
799 2806 895 2861 per
925 2790 1210 2861 Spiritum.
1262 2789 1337 2843 Ex
1373 2790 1477 2845 boc
1516 2791 1780 2845 miraculo
1814 2807 1842 2844 a
1876 2807 1996 2859 spe-

426 2884 725 2941 ctatoribus
772 2882 1080 2936 necessario
1128 2880 1364 2935 admissa
1412 2889 1496 2934 est
1539 2880 1811 2951 Unigeniti
1855 2881 1993 2935 divi-

428 2976 587 3030 nitas.
619 2974 750 3029 Utra
786 2988 894 3036 res,
926 2973 1015 3027 dic
1048 2972 1202 3037 mibi,
1235 2972 1491 3041 magis'ad
1521 2987 1802 3027 assensum
1831 2974 1990 3042 cogit,

428 3065 925 3135 propositionumne
991 3077 1163 3118 nexus
1234 3076 1526 3132 congruam
1595 3061 1994 3117 conclusionem

2476 1872 2586 1924 ΕΙΣ
2633 1872 2770 1925 ΤΟΝ
2807 1874 2931 1925 PIE'
2969 1874 3288 1928 ΨΑΛΜΟΝ.

2171 1964 2223 2017 1.
2270 1964 2655 2029 Ἐπίστευσα,
2706 1965 2797 2017 διὸ
2839 1966 3147 2034 ἐλάλησαο
3182 1966 3297 2037 ἐγὼ
3334 1967 3403 2021 δὲ
3447 1968 3679 2023 ἐταπει-

2095 2054 2295 2122 νώθην
2321 2055 2555 2123 σφόδρα
2572 2073 2586 2086 ο
2616 2055 2731 2124 ἐγὼ
2761 2056 2829 2109 δὲ
2851 2054 2989 2110 εἶπα
3014 2060 3084 2110 ἐν
3108 2058 3184 2128 τῇ
3214 2059 3500 2114 ἐκστάσει
3527 2076 3673 2130 μου*

2096 2143 2222 2211 Πᾶς
2249 2144 2554 2212 ἄνθρωπος
2582 2149 2874 2215 ψεύστης.
2914 2149 3100 2212 Πίστις
3126 2150 3366 2220 ἡγείσθω
3401 2152 3514 2204 τῶν
3545 2154 3678 2223 περὶ

2096 2236 2233 2289 Θεοῦ
2280 2238 2485 2305 λόγων·
2528 2240 2731 2303 πίστις,
2786 2242 2878 2293 καὶ
2915 2241 2988 2312 μὴ
3033 2242 3328 2307 ἀπόδειξις.
3380 2244 3593 2309 Πίστις,
3638 2248 3671 2316 ἡ

2098 2329 2235 2399 ὑπὲρ
2280 2329 2377 2392 τὰς
2405 2329 2628 2397 λογικάς
2672 2331 2924 2400 μεθόδους
2953 2332 3062 2402 (86)
3101 2335 3200 2403 τὴν
3231 2334 3407 2405 ψυχὴν
3435 2337 3517 2397 εἰς
3539 2353 3674 2404 συγ-

2097 2419 2389 2473 κατάθεσιν
2442 2421 2708 2473 ἓλκουσα·
2771 2422 2973 2485 πίστις,
3031 2424 3128 2493 οὐχ
3178 2426 3210 2495 ἡ
3265 2430 3675 2496 γεωμετρικαῖς

2096 2511 2379 2578 ἀνάγκαις,
2411 2512 2522 2564 ἀλλ’
2550 2514 2582 2582 ἡ
2614 2515 2731 2575 ταῖς
2761 2512 2853 2564 τοῦ
2885 2513 3202 2584 Πνεύματος
3234 2518 3541 2587 ἐνεργείαις
3574 2518 3673 2585 ἐγ-

2095 2604 2373 2673 γινομένη.
2438 2605 2539 2656 Ἐν
2586 2604 2665 2669 τῷ
2718 2605 2959 2673 ὀνόματι
3023 2608 3216 2674 Ἰησοῦ
3264 2609 3528 2676 Χριστοῦ
3564 2610 3672 2663 τοῦ

2094 2692 2446 2759 Ναζωραίου,
2487 2694 2703 2763 ἐγείραι
2739 2696 2852 2766 (87)
2882 2695 2980 2749 καὶ
3012 2697 3333 2765 περιπάτει.
3382 2699 3570 2773 Ταύτῃ
3602 2703 3670 2771 τῇ

2097 2790 2246 2857 φωνῇ
2278 2788 2629 2859 ἐπηκολούθει
2666 2790 2727 2843 τὸ
2752 2789 2911 2860 ἔργον
2940 2791 3027 2844 διὰ
3070 2791 3164 2844 τοῦ
3199 2791 3538 2861 Πνεύματος.
3577 2792 3673 2844 Ἐκ

2094 2878 2187 2930 τοῦ
2215 2879 2486 2949 θαύματος
2512 2882 2786 2950 ἀναγκαία
2814 2884 2847 2954 ἡ
2875 2884 3152 2955 παραδοχὴ
3178 2885 3277 2954 τῆς
3301 2883 3557 2955 θεότητος
3577 2884 3672 2938 τοῦ

2095 2968 2432 3035 Μονογενοῦς
2469 2972 2580 3032 τοῖς
2606 2970 2805 3040 ὁρῶσιν
2836 2972 3061 3041 ἐγίνετο.
3099 2972 3163 3025 Τί
3195 2973 3675 3041 ἀναγκαστικώτε-

2098 3075 2189 3132 ρον
2212 3060 2293 3122 είς
2349 3059 2461 3129 (88)
2520 3061 2916 3129 συγκατάθεσιν
2964 3064 3107 3132 (εἰπέ
3163 3064 3307 3135 μοι);
3355 3065 3674 3136 προτάσεων

430 3170 613 3211 secum
669 3155 1028 3219 attrahentes,
1098 3170 1164 3208 an
1211 3154 1394 3223 potius
1434 3162 1640 3207 tantum
1681 3151 1994 3207 miraculum

2101 3151 2297 3204 πλοκαὶ
2344 3151 2405 3203 τὸ
2441 3152 2811 3224 συμπέρασμα
2861 3156 3149 3210 ἀκόλουθον
3180 3158 3402 3220 ἑαυταῖς
3449 3158 3675 3227 ἐφελκό-

428 3249 709 3305 evidenter
740 3256 1117 3317 conspectum,
1170 3261 1387 3301 omnem
1420 3246 1709 3300 humanam
1740 3245 1992 3299 virtutem

2101 3259 2277 3313 μεναι,
2307 3242 2339 3314 ἢ
2378 3222 2561 3313 θαῦμα
2597 3222 2851 3298 τοσοῦτον
2883 3245 3130 3317 ἐναργῶς
3160 3246 3455 3318 ὁρώμενον,
3491 3222 3675 3304 πᾶσαν

428 3339 802 3410 exsuperans?
833 3339 1089 3392 Attamen
1139 3337 1432 3391 etiamnum
1482 3336 1671 3390 isthaec
1725 3349 1832 3389 non
1871 3349 1995 3404 pro-

428 3435 648 3498 bantur,
691 3443 869 3500 neque
922 3428 1157 3498 Spiritus
1204 3441 1368 3497 opera
1404 3427 1641 3482 sermoni
1679 3426 1768 3495 qui
1794 3426 1860 3480 de
1887 3426 1995 3481 Deo

428 3529 513 3579 est
546 3522 705 3577 ﬁdem
746 3522 972 3587 faciunt,
1012 3520 1105 3574 sed
1150 3518 1994 3582 artiﬁciosae.demoustrationes,

363 3655 379 3669 .
431 3629 581 3685 spem
609 3615 663 3668 in
699 3611 983 3667 mundana:
1028 3610 1308 3679 sapientiae
1351 3608 1793 3677 persuasionibus
1829 3608 1996 3663 collo-

432 3714 643 3769 cantes,
677 3718 783 3757 non
818 3702 873 3756 in
908 3700 1034 3755 forti
1080 3709 1137 3755 et
1177 3700 1326 3755 clara
1373 3698 1613 3769 Spiritus
1652 3698 1995 3764 revelatione,

384 3782 617 3867 ’quam,
649 3809 747 3864 per
792 3808 888 3848 eos
923 3793 1014 3861 qui
1052 3793 1104 3847 in
1141 3791 1490 3860 simplicitate
1531 3787 1710 3844 cordis
1738 3788 1872 3843 citra
1903 3802 1998 3842 cu-

436 3886 733 3941 riositatem
752 3884 981 3940 credunt
1004 3885 1130 3946 Deo,
1158 3882 1228 3937 ob
1246 3882 1539 3936 multorum
1569 3879 1794 3935 salutem
1817 3886 1998 3934 osten-

434 3978 535 4032 dit.
563 3976 671 4031 Sed
699 3976 905 4030 utinam
933 3985 987 4030 et
1020 3974 1151 4028 mihi
1184 3972 1464 4043 contingat
1493 3971 1651 4042 digne
1672 3972 1915 4033 credere,
1940 3981 1999 4022 ut

436 4084 581 4126 nunc
612 4083 821 4138 magna:
850 4067 978 4121 huic
1028 4067 1124 4120 Dei
1174 4065 1431 4120 Ecclesiae
1472 4064 1635 4118 verba
1680 4061 1917 4131 quinque
1943 4060 1996 4114 in

436 4168 618 4216 mente
644 4174 761 4215 mea
792 4159 990 4215 dicam.
1018 4157 1197 4227 Atque
1226 4172 1386 4212 nemo
1440 4156 1586 4210 bunc
1633 4154 1857 4208 irrideat
1881 4169 1998 4207 ser-

436 4267 677 4318 monem,
709 4252 859 4322 quasi
882 4266 979 4305 nos
1002 4251 1121 4305 sine
1143 4249 1247 4305 ulla
1277 4248 1593 4317 probatione
1613 4246 1681 4309 ad
1709 4246 2001 4301 assentien-

2097 3333 2381 3404 ἀνθρώπου
2427 3334 2655 3407 δύναμιν
2694 3337 3054 3409 ὑπερϐαἰνον;
3108 3338 3249 3390 Ἀλλ’
3288 3338 3407 3409 οὐχὶ
3450 3340 3548 3393 καὶ
3577 3340 3676 3393 νῦν

2097 3425 2269 3479 ταῦτα
2302 3426 2412 3496 (89)
2460 3428 2755 3500 εὐδοκιμεῖ,
2790 3430 2911 3483 οὐδὲ
2948 3429 3016 3484 τὰ
3056 3431 3152 3484 τοῦ
3188 3431 3503 3502 Πνεύματος
3537 3431 3678 3503 ἔργα

2096 3515 2187 3570 τὸν
2218 3517 2346 3587 περὶ
2378 3516 2512 3569 Θεοῦ
2545 3518 2701 3586 λόγον
2750 3518 3061 3573 πιστοῦται·
3101 3520 3218 3574 ἀλλ’
3264 3520 3500 3592 ἔντεκνοι
3540 3523 3680 3575 ἀπο-

2096 3607 2309 3674 δείξεις,
2346 3611 2402 3663 ὲν
2437 3608 2516 3680 τῷ
2560 3610 2768 3682 πιθανῷ
2797 3612 2895 3683 τῆς
2921 3612 3017 3665 τοῦ
3056 3612 3261 3683 κόσμου
3297 3612 3487 3683 σοφίας
3517 3613 3678 3683 ἐχου-

2099 3718 2187 3754 σαι
2232 3702 2331 3773 τὴν
2360 3702 2567 3769 ἐλπίδα,
2593 3705 2693 3756 οὐκ
2731 3706 2789 3757 ὲν
2825 3703 2904 3775 τῷ
2947 3705 3154 3777 ίσχυρῷ
3182 3707 3277 3759 καὶ
3321 3707 3544 3778 ὲναργεῖ
3578 3709 3679 3777 τῆς

2097 3794 2191 3847 τοῦ
2223 3794 2536 3865 Πνεύματος
2568 3796 2979 3867 ἀποκαλύψεως,
3030 3800 3118 3869 ἣν,
3157 3797 3245 3851 διά
3278 3798 3385 3851 τῶν
3417 3799 3474 3849 ὲν
3507 3796 3680 3851 ἁπλό-

2098 3906 2219 3958 τητι
2265 3891 2492 3961 καρδίας
2535 3890 2985 3961 ἀπεριεργάστως
3033 3890 3370 3944 πεποιθότων
3402 3890 3523 3961 Θεῷ
3540 3890 3678 3959 (90},

2099 3979 2199 4045 τῆς
2232 3981 2503 4051 σωτηρίας
2534 3981 2719 4034 ἕνεκεν
2747 3981 2855 4033 τῶν
2885 3980 3093 4034 πολλῶν
3113 3981 3500 4035 ἐπιδείκνυται.
3538 3981 3680 4034 Ἀλλ’

2100 4070 2212 4122 εἴθε
2252 4071 2419 4141 κάμοὶ
2449 4072 2659 4139 γένοιτο
2692 4072 2980 4126 πιστεῦσαι
3007 4072 3192 4137 ἀξίως,
3224 4073 3312 4125 ἵνα
3342 4071 3562 4142 λαλήσω
3587 4072 3683 4126 νῦν

2099 4162 2165 4230 τῇ
2203 4159 2495 4229 Ἐκκλησία
2541 4160 2635 4213 τοῦ
2667 4160 2801 4214 Θεοῦ
2835 4164 2899 4231 τῇ
2938 4160 3147 4232 μεγάλῃ
3188 4160 3359 4233 ταύτῃ
3398 4160 3562 4214 πέντε
3591 4160 3682 4213 λό-

2101 4264 2231 4317 γους
2258 4252 2313 4302 ὲν
2341 4249 2419 4319 τῷ
2448 4250 2527 4303 νοῒ
2574 4268 2696 4319 μου.
2748 4252 2858 4304 Καὶ
2888 4251 3075 4321 μηδεὶς
3109 4249 3564 4321 καταχλευαζέτω
3591 4251 3686 4304 τὸν

439 4344 564 4398 dum
600 4343 667 4399 iis
694 4358 813 4413 quae
844 4342 1092 4407 dicimus,
1118 4340 1757 4396 audientesinducamus.
1771 4336 1997 4393 Necesse

2102 4340 2277 4409 λόγον,
2329 4341 2404 4404 ὡς
2449 4341 2825 4407 ἀϐασανίστως
2862 4342 3019 4413 ήμῶν
3054 4345 3134 4406 είς
3171 4343 3272 4411 τὴν
3304 4342 3444 4413 ὑπὲρ
3487 4335 3564 4396 ὧν
3598 4342 3688 4395 λέ-

437 4444 521 4489 est
551 4435 695 4490 enim
726 4435 1022 4505 disciplina:
1064 4433 1299 4501 cujusvis
1341 4431 1606 4503 principia
1654 4431 1795 4487 citra
1836 4430 1997 4484 ullam

2104 4453 2270 4506 γομεν
2300 4437 2695 4505 συγκατάθεσιν
2722 4437 2851 4500 τοὺς
2891 4436 3192 4499 ἀκούοντας
3216 4436 3522 4503 ἐναγόντων
3544 4435 3683 4504 (91).

437 4528 813 4598 probationem
846 4528 983 4583 tradi
1008 4526 1370 4590 discentibus;
1395 4540 1517 4580 cum
1541 4523 1657 4580 ﬁeri
1685 4539 1789 4579 non
1808 4524 1997 4595 possit,

2119 4531 2352 4601 Ἀνάγκη
2400 4530 2507 4601 γὰρ
2534 4530 2768 4601 ἑκάστης
2808 4528 3091 4601 μαθήσεως
3133 4528 3522 4595 ἀνεξετάστους
3545 4523 3688 4580 εἶναι

503 4661 550 4695 ³⁸
574 4662 738 4719 Eccli.
767 4678 853 4731 ιι,
883 4662 970 4718 30.
1046 4664 1091 4697 ³⁸
1112 4663 1231 4717 Act.
1265 4676 1322 4718 ιιι
1351 4701 1365 4726 ,
1391 4660 1446 4715 6.

510 4813 621 4896 (8i)
648 4812 827 4896 Editi,
864 4814 958 4867 καὶ
1001 4813 1154 4886 μηδέ.
1187 4813 1390 4870 Vocula
1420 4813 1516 4870 καί
1562 4814 1614 4869 in
1655 4812 1825 4869 tribus
1870 4829 2003 4870 mss.

435 4898 542 4942 nun
585 4895 634 4936 ll]
644 4898 738 4937 ven
747 4902 756 4935 I
766 4895 817 4936 ιιι
827 4900 872 4938 Γ.

508 4954 621 5027 (85)
646 4955 811 5017 Editi,
849 4971 959 5027 μοι.
1006 4955 1074 5007 At
1119 4963 1350 5027 quatuor
1392 4971 1551 5022 mss.,
1588 4971 1712 5025 μου.
1741 4954 1878 5024 Reg.
1922 4970 2007 5010 se-

436 5025 689 5095 cuutiusL
702 5040 803 5093 μου
831 5026 928 5095 τὴν
950 5025 1241 5095 σωτηρίαν.

509 5093 620 5164 (86)
659 5092 791 5159 Reg.
820 5092 1415 5165 Βυὸυιιιίιιεξγδυνάμεις.
1448 5094 1551 5149 Sed
1603 5095 1670 5150 ad
1705 5095 2003 5164 marginem

436 5166 681 5235 apposita
696 5174 787 5235 est
812 5173 866 5235 et
900 5164 1055 5235 lectio
1081 5164 1205 5235 alia,
1241 5164 1514 5235 μεθόδους.

508 5231 619 5303 (87)
649 5231 740 5287 Sic
766 5233 931 5303 editio
971 5233 1131 5286 Basil.
1165 5231 1284 5288 cum
1315 5237 1482 5289 tribus
1517 5249 1647 5289 mss.
1681 5244 1734 5288 ct
1764 5250 1883 5289 cum
1909 5249 1999 5288 sa-

437 5302 534 5358 cro
575 5314 745 5356 textu.
790 5302 968 5356 Editio
997 5317 1124 5355 vero
1163 5303 1333 5358 Paris.
1370 5320 1488 5358 cum
1519 5320 1651 5358 mss.
1712 5305 2002 5368 nonnullis,

436 5372 636 5441 ἔγειρε.
669 5373 786 5444 Mox
813 5373 977 5444 editio
1010 5373 1203 5444 Paris,
1232 5375 1295 5428 ὲκ
1318 5374 1410 5428 τοῦ
1442 5373 1717 5443 θαύματος
1746 5374 1874 5444 γάρ.
1897 5376 2003 5428 Sed

438 5447 586 5512 deest
617 5441 727 5512 γάρ
758 5444 810 5495 in
840 5442 1076 5495 editione
1109 5442 1266 5497 Basil.
1296 5457 1350 5500 et
1380 5446 1433 5499 iu
1465 5441 1649 5498 multis
1687 5441 1818 5499 mss.

508 5510 617 5582 (88)
643 5510 793 5582 con».
822 5523 1065 5580 quartus,
1096 5512 1251 5582 πρός.

532 5580 624 5651 89)
659 5581 789 5649 Reg.
824 5585 1110 5651 secundus,
1144 5580 1213 5634 τὰ
1243 5584 1398 5639 αὐτά.

532 5585 624 5651 89)
659 5585 789 5649 Reg.
824 5585 1110 5646 secundus,
1144 5585 1213 5634 τὰ
1243 5585 1398 5639 αὐτά.

507 5585 619 5723 (90)
658 5650 922 5728 ΙιΙιιιίηδιά
945 5650 1121 5728 τέῦν-ὲν
1144 5653 1402 5728 ἀπλότητι
1432 5655 1657 5728 καρδίας
1672 5653 2003 5726 ἀπεριεργά-

440 5720 580 5783 suo;
600 5720 933 5777 πεποιθότων
957 5720 1094 5780 Θεῶ.
1121 5724 1200 5780 sic
1223 5720 1542 5780 conversum
1582 5728 1720 5779 auud
1763 5720 1997 5779 veterem

2109 4815 2459 4884 interpretem
2477 4815 2720 4870 videmus
2752 4834 2766 4871 ε
2790 4813 2894 4867 Per
2922 4830 3008 4868 eos
3027 4815 3279 4884 quisnam
3303 4828 3509 4866 omnem
3537 4812 3689 4874 ﬁdu-

2108 4889 2239 4938 ciam
2269 4887 2322 4938 in
2353 4886 2683 4953 simplicitate
2710 4887 2882 4938 cordis
2912 4887 2966 4937 in
2996 4885 3160 4937 Deum
3193 4885 3544 4951 projecerunt,
3570 4894 3685 4937 etc.

2110 4956 2237 5019 Sed,
2273 4955 2374 5009 nisi
2409 4971 2493 5009 Ine
2519 4955 2654 5008 fallit
2679 4955 2912 5019 animus,
2946 4956 3137 5008 melius
3162 4956 3229 5005 ad
3260 4964 3494 5006 mentem
3546 4955 3692 5005 scri-

2110 5028 2278 5093 ptoris
2320 5025 2744 5092 interpretabere
2779 5047 2789 5077 :
2824 5021 2931 5077 Per
2972 5040 3058 5076 eos
3105 5024 3194 5091 qui
3242 5024 3295 5093 in
3346 5022 3690 5093 simplicitate

2109 5091 2281 5148 cordis
2303 5095 2437 5146 citra
2462 5091 2819 5147 curiositatem
2845 5094 3059 5146 credunt
3095 5093 3219 5145 Deo.
3247 5091 3457 5143 Etenim
3489 5107 3691 5142 πεποι-

2110 5162 2257 5216 θέναι
2315 5165 2565 5229 scriptori
2622 5166 2757 5219 idem
2811 5178 2929 5217 esse
2986 5164 3127 5230 quod
3173 5160 3482 5225 πιστεῦσαι,
3518 5163 3690 5214 exiis

2108 5248 2226 5300 qua:
2260 5242 2557 5298 sequuntur
2585 5236 2872 5287 obscurum
2913 5250 3017 5285 non
3045 5243 3148 5286 est.
3187 5233 3276 5284 Sul
3296 5233 3469 5297 jungit
3492 5232 3642 5283 enim
3669 5244 3684 5281 :

2101 5302 2242 5355 Ἀλλ’
2290 5303 2399 5355 εἴθε
2440 5303 2606 5373 κάμοὶ
2654 5305 2862 5373 γένοιτο
2894 5303 3183 5355 πιστεῦσαι
3223 5301 3409 5365 ἀξίως·
3436 5301 3551 5373 δεδι(
3583 5303 3690 5352 uti-

2106 5388 2226 5426 nam
2250 5384 2295 5427 el
2328 5375 2455 5426 mihi
2479 5372 2743 5442 cuntingat
2774 5376 2929 5440 digne
2959 5380 3185 5424 credere.
3212 5373 3459 5439 Setnptor
3486 5372 3680 5437 igitur,

2104 5444 2349 5513 quisquis
2372 5455 2473 5508 est,
2509 5444 2609 5497 hoc
2642 5446 2770 5497 dicit
2800 5461 2813 5495 :
2857 5444 3317 5513 Queinadtnmlunt
3361 5457 3459 5493 usu
3513 5442 3688 5513 venit,

2104 5523 2164 5565 ut
2205 5512 2312 5566 nun
2350 5514 2504 5581 pauci
2539 5515 2590 5566 in
2630 5513 2971 5580 simplicitate
2999 5512 3180 5565 cordis
3214 5512 3352 5564 citra
3385 5512 3680 5565 curiosita-

2106 5590 2211 5637 tem
2238 5587 2461 5636 credaut
2486 5583 2592 5639 Deo
2622 5601 2639 5639 :
2671 5583 2873 5636 utinam
2907 5593 2960 5637 et
3001 5582 3130 5636 mibi
3159 5596 3376 5652 quoque
3401 5582 3503 5638 hoc
3537 5581 3687 5635 idem

2104 5653 2400 5721 contingat.
2814 5696 2823 5703 .

2176 5723 2290 5778 (91)
2311 5723 2463 5780 Coll).
2487 5733 2731 5779 uuartus.
2759 5723 3089 5778 ἀναγόντων.
