3838 6214
232 291 325 345 103

1359 296 1648 355 BOMILIA
1688 299 1754 356 ΙΝ
1793 301 2126 364 PSALMUM
2165 304 2328 362 CXV.

3361 320 3463 375 10⁸5

225 405 314 468 τάς
357 403 530 474 ἀρχάς
575 407 689 469 τοῖς
731 407 1128 477 μανθάνουσιν·
1172 411 1294 465 ἐπεὶ
1339 414 1618 486 ἀμήχανον
1661 417 1782 482 τοὺς

1893 429 1949 476 tit
1980 419 2034 484 ii,
2061 421 2150 490 qui
2178 421 2322 477 circa
2345 422 2518 493 prima
2542 425 2804 495 principia
2822 427 3060 498 litigant,
3085 429 3169 485 via
3193 440 3250 488 et
3267 433 3467 490 ordine

227 497 342 567 περὶ
369 496 435 550 τά
482 497 670 568 πρῶτα
711 497 1155 572 ζυγομαχοῦντας
1197 503 1491 576 δυνηθῆναι
1541 507 1644 579 ὁδῷ
1695 509 1792 563 καὶ

224 588 361 654 τάξει
391 588 668 659 προελθεῖν
710 592 792 652 είς
842 591 905 644 τὸ
945 593 1118 658 τέλος.
1166 596 1276 648 Καὶ
1315 597 1474 652 τοῦτο
1502 597 1568 652 ἂν
1596 599 1789 670 μάθοις

225 679 346 748 παρ’
387 679 564 732 αὐτῶν
602 679 714 732 τῶν
762 681 980 748 ἔξωθεν.
1010 685 1072 738 Εί
1115 685 1225 756 γὰρ
1259 687 1336 760 μὴ
1376 693 1789 762 συγχωρήσειας

223 771 313 835 τὰς
353 770 572 842 πρώτας
613 772 787 844 ἀρχάς
828 773 906 844 τῷ
941 776 1254 850 γεωμέτρῃ,
1299 779 1584 850 ἀμήχανον
1627 781 1790 836 αὑτὸν

225 863 286 916 τὰ
313 865 507 936 ἐφεξῆς
535 865 1163 938 (91“)ισυμπεράνασθαι.
1191 869 1303 922 Καὶ
1347 871 1448 940 τῆς
1493 872 1788 944 ἀριθμητι-

225 956 320 1024 κῆς
347 957 374 1008 ὁ
406 958 520 1019 τοῖς
562 955 799 1028 πρώτοις
844 958 938 1011 καὶ
982 957 1378 1030 στοιχειώδεσιν
1420 963 1787 1033 ἐνιστάμενος,

222 1045 313 1116 τήν
339 1047 416 1107 είς
446 1046 509 1098 τὸ
545 1046 733 1118 πρόσω
758 1048 874 1101 ὁδὸν
913 1049 1213 1112 διακόπτει.
1259 1050 1489 1120 Ὁμοίως
1510 1052 1569 1106 δὲ
1591 1054 1685 1107 καὶ
1710 1055 1789 1106 ἰα-

223 1138 394 1206 τρικαὶ
437 1137 605 1208 ἀρχαὶ
656 1139 857 1209 ἰατροῖς
906 1140 1301 1194 ἀναπόδεικτοι.
1361 1144 1473 1197 Καὶ
1514 1144 1672 1209 ὅλως,
1733 1147 1790 1198 ἐν

221 1229 579 1299 ὁποιῳδήποτε
623 1231 1014 1302 ἐπιτηδεύματι
1046 1232 1152 1286 τῶν
1189 1233 1294 1304 όδῷ
1335 1235 1432 1289 καὶ
1476 1237 1629 1304 τάξει
1657 1255 1789 1310 προ-

219 1320 397 1372 ϊόντων
435 1321 528 1373 ἐπὶ
571 1320 633 1374 τὸ
684 1322 856 1389 τέλος,
907 1323 1168 1378 ἀδύνατον
1213 1324 1323 1378 τῶν
1372 1325 1604 1399 πρώτων
1655 1329 1788 1382 ὑπο-

221 1411 410 1465 θέσεων
451 1412 755 1478 ἀποδείξεις
793 1412 1103 1486 ἐπιζητεῖν·
1144 1415 1258 1468 ἀλλ’
1301 1416 1512 1490 ἀνάγκη
1554 1419 1653 1483 τὰς
1677 1419 1788 1473 τῶν

219 1504 438 1573 λογικῶν
464 1505 672 1576 τεχνῶν
706 1506 880 1576 ἀρχὰς
913 1505 1284 1572 ἀνεξετάστως
1324 1508 1787 1581 παραδεξάμενον,

217 1597 275 1650 τὺ
299 1599 359 1650 ἐκ
383 1597 490 1650 τῶν
514 1596 884 1652 ὑποτεθέντων
903 1597 1016 1670 (92)
1043 1598 1333 1653 ἀκόλουθον
1358 1604 1417 1655 ἐν
1437 1603 1550 1665 τοῖς
1592 1603 1789 1676 ἐφεξῆς

219 1689 538 1743 ἐπιϐλέπειν.
574 1687 729 1743 Οῦτω
771 1687 836 1760 δὴ
882 1683 974 1742 οὖν
1007 1690 1102 1744 καὶ
1145 1689 1208 1743 τὸ
1238 1690 1338 1761 τῆς
1378 1691 1658 1762 θεολογίας
1691 1713 1789 1766 μυ-

1893 511 2189 575 procedere
2219 513 2438 568 valeant
2459 516 2524 569 ad
2560 515 2741 573 finem.
2771 518 2935 588 quue
2976 521 3059 576 vel
3091 536 3156 576 ex
3207 524 3344 594 ipsis
3366 539 3464 580 ex-

1893 601 2060 654 ternis
2082 601 2389 672 disciplinis
2416 605 2510 660 tibi
2559 607 2685 662 licet
2725 610 2960 668 discere.
3005 610 3217 687 Etenim
3249 615 3294 671 si
3334 629 3466 684 geo-

1891 700 2078 747 metrae
2128 695 2302 762 prima
2363 711 2472 751 non
2523 701 2861 758 concesseris
2909 703 3195 773 principia,
3254 721 3465 777 eaquae

1891 791 2192 851 sequuntur
2265 784 2588 843 concludere
2649 791 2858 860 nequit.
2922 791 2992 848 Et
3051 795 3143 864 qui
3199 796 3465 854 arithme-

1891 870 2012 927 ticae
2033 872 2313 944 principiis
2335 875 2496 946 372
2534 893 2598 934 ac
2643 880 2926 939 elementis
2951 898 3011 940 se
3041 887 3286 956 opponit,
3319 889 3462 945 viam

1890 962 1960 1021 ad
2003 962 2262 1020 ulteriora
2317 967 2610 1038 intercipit.
2670 970 2935 1030 Similiter
2981 985 3160 1032 autem
3218 994 3396 1051 neque
3426 997 3457 1036 α

1892 1053 2120 1108 medicis
2169 1056 2455 1114 medicinae
2504 1060 2769 1132 principia
2817 1078 3046 1135 possunt
3075 1069 3456 1130 demonstrari.

1890 1143 1957 1196 Et
1989 1144 2042 1198 in
2079 1161 2312 1214 summa,
2356 1149 2408 1204 in
2444 1166 2768 1222 quacunque
2795 1157 3132 1226 professione
3153 1179 3271 1232 quae
3295 1165 3376 1218 via
3404 1175 3461 1220 et

1890 1236 2081 1290 ordine
2103 1239 2168 1290 ad
2191 1239 2354 1294 finem
2378 1242 2657 1310 procedat,
2692 1246 2989 1315 primarum
3027 1254 3458 1321 propositionum

1889 1325 2384 1386 demonstrationes
2431 1348 2538 1388 non
2583 1347 2796 1405 queunt
2841 1337 3204 1409 inquiri;st
3238 1361 3460 1405 necesse

1888 1413 2005 1481 est,
2030 1428 2088 1472 ut
2119 1419 2163 1473 is
2197 1422 2288 1490 qui
2321 1424 2522 1479 artium
2563 1428 2776 1484 ratione
2815 1429 3123 1487 innixarum
3171 1437 3457 1508 principia,

1891 1506 2010 1560 sine
2059 1509 2379 1577 probatione
2429 1515 2686 1580 admisit,
2730 1519 2781 1574 id
2840 1522 2983 1590 quod
3026 1535 3091 1577 ex
3120 1523 3231 1594 jam
3265 1506 3460 1596 positis

1889 1613 2230 1668 consequens
2260 1615 2363 1669 est,
2417 1605 2472 1660 in
2527 1608 2614 1662 his
2649 1625 2768 1677 quae
2814 1612 3008 1668 deinde
3040 1627 3344 1685 sequuntur
3370 1619 3458 1674 in-

1890 1688 2102 1757 spiciat.
2141 1691 2234 1746 Sic
2253 1707 2384 1750 sane
2419 1696 2584 1752 etiam
2629 1700 2912 1774 theologia:
2940 1707 3257 1777 mysterium
3274 1724 3461 1767 assen-

219 1781 446 1852 στήριον,
486 1780 588 1853 τὴν
633 1782 698 1834 ἐκ
737 1779 836 1850 τῆς
881 1779 1241 1834 ἀϐασανίστου
1273 1783 1509 1848 πίστεως
1539 1785 1782 1856 ἐπιζητεί

1889 1791 2009 1830 sum
2042 1794 2108 1832 ex
2143 1781 2246 1835 fide
2288 1781 2625 1850 probationis
2679 1799 2902 1858 experte
2960 1793 3210 1862 requirit.
3237 1792 3462 1854 Credere

219 1871 624 1940 συγκατάθεσιν.
673 1871 1003 1927 Πιστεῦσαι
1035 1872 1148 1942 γὰρ
1174 1863 1284 1938 δεῖ,
1313 1875 1500 1946 φησὶν,
1539 1875 1627 1929 ὅτι
1651 1876 1785 1931 ἐστι

211 1963 358 2025 Θεὸς,
399 1963 520 2032 οὐχὶ
561 1961 814 2034 ζητῆσαι,
854 1963 978 2016 οὐδὲ
1031 1963 1410 2036 ζυγομαχῆσαι
1452 1967 1514 2020 τὸ
1553 1967 1605 2021 τί
1644 1969 1782 2023 ἐστι.

215 2055 317 2110 Καὶ
338 2055 492 2119 ὅλως,
519 2056 569 2108 εἰ
612 2056 644 2124 ἡ
691 2053 874 2118 πίστις
916 2053 1286 2126 ἐλπιζομένων
1312 2059 1459 2112 ἐστὶν
1487 2059 1785 2124 ὑπόστασις

217 2149 568 2220 πραγμάτων,
597 2149 692 2202 καὶ
713 2147 932 2219 ἐλεγχος
959 2149 1020 2201 οὐ
1048 2148 1414 2221 βλεπομένων,
1444 2151 1520 2223 μὴ
1553 2152 1785 2221 φιλονεί-

214 2259 292 2296 κει
317 2241 440 2296 ἰδεῖν
468 2243 574 2313 ήδη
609 2241 678 2295 τά
717 2241 934 2313 μακρὰν
971 2243 1340 2314 ἀποκείμενα,
1369 2244 1504 2317 μηδὲ
1531 2244 1601 2300 τά
1633 2245 1786 2298 ἐλπι-

212 2332 402 2404 ζόμενα
442 2334 725 2405 ἀμφίϐολα
764 2334 1137 2406 καταστήσῃς,
1167 2335 1256 2389 διά
1300 2335 1364 2389 τὸ
1394 2337 1564 2410 μήπω
1603 2336 1784 2393 αὐτῶν

211 2425 462 2484 δύνασθαι
488 2426 632 2482 κατὰ
651 2427 752 2498 τὴν
773 2427 974 2498 γνῶσιν
1000 2425 1359 2496 ἐφάπτεσθαι.

273 2606 327 2660 2.
358 2604 544 2659 Ταῦτα
591 2603 690 2676 μὲν
719 2598 813 2658 οῦν
846 2603 1075 2659 καθόλου
1109 2604 1239 2678 περὶ
1271 2605 1504 2669 πίστεως
1541 2604 1629 2659 διά
1657 2606 1785 2670 τοὺς

210 2694 644 2767 λογομαχοῦντας
690 2694 786 2748 καὶ
828 2695 884 2748 ἐν
934 2695 1145 2766 ῥήμασι
1188 2698 1364 2759 κενοῖς
1412 2695 1636 2766 ἔχοντας
1684 2694 1783 2767 τὴν

211 2785 410 2839 ἐλπίδα.
435 2788 598 2839 Δοκεί
624 2785 681 2839 δέ
724 2787 866 2857 μοιὸ
895 2787 953 2840 ἐν
980 2786 1140 2858 χερσὶ
1167 2785 1381 2856 ψαλμὸς
1405 2785 1482 2850 ὡς
1511 2786 1649 2858 πρὸς
1683 2787 1783 2858 τὴν

211 2878 550 2950 προάγουσαν
595 2879 653 2930 ἐν
694 2877 772 2948 τῷ
800 2878 1031 2932 κατόπιν
1072 2878 1272 2951 ψαλμῷ
1298 2878 1538 2936 διάνοιαν
1565 2881 1785 2935 ἀκολου-

211 2969 324 3024 θίαν
353 2969 520 3041 έχειν.
554 2964 691 3022 Eine
718 2969 826 3041 γάρ
873 2971 1008 3023 ἐκεῖ·
1042 2969 1444 3039 Εὑαρεστήσω
1478 2968 1559 3036 τῷ
1586 2969 1784 3040 Κυρίῳ

209 3062 276 3115 ἐν
311 3063 468 3132 χώρᾳ
499 3060 750 3124 ζώντων.
807 3061 963 3116 Ἐπεὶ
1004 3058 1098 3118 οὖν
1147 3064 1277 3134 περὶ
1321 3063 1396 3136 μὴ
1441 3062 1782 3138 βλεπομένης

210 3153 382 3225 χώρας
406 3153 737 3222 διαλέγεται,
757 3152 834 3216 ὡς
857 3153 1047 3223 σαφῶς
1070 3153 1453 3224 ἐπιστάμενος,
1474 3154 1574 3226 τὴν
1601 3156 1782 3210 αἰτίαν

209 3243 491 3297 ἀποδίδωσι
537 3240 634 3296 τοῦ
691 3241 818 3313 περὶ
848 3240 957 3297 τῶν
989 3242 1200 3314 ἀδήλων
1233 3241 1535 3314 διορισμοῦ,
1568 3243 1742 3312 λέγων
1763 3260 1777 3272 ·

222 3333 606 3398 Ἐπίστευσα,
640 3335 722 3388 ὅτι
754 3331 869 3388 ἐστι
910 3350 996 3398 τις
1032 3333 1186 3407 χώρα
1224 3331 1474 3398 ζώντων·
1521 3333 1612 3388 διὸ
1645 3334 1782 3389 ἑλά-

205 3429 385 3492 λησα,
423 3427 507 3481 ὅτι
539 3425 944 3497 Εὑαρεστήσω
984 3427 1042 3478 ἐν
1083 3427 1222 3497 αὐτῇ
1250 3423 1330 3492 τῷ
1358 3425 1572 3497 Κυρίῳ.
1607 3425 1782 3490 Ὂλως

205 3517 280 3582 δὲ,
303 3520 336 3589 ἡ
364 3517 488 3572 ἄνευ
519 3518 757 3580 πίστεως
786 3517 879 3571 ἐπὶ
901 3517 963 3571 τὸ
986 3516 1165 3573 λαλεῖν
1192 3515 1463 3590 ἐρχομένη
1497 3517 1643 3588 ψυχὴ
1668 3517 1782 3570 δια-

208 3613 362 3682 κενῆς
401 3610 656 3683 ληρήσει,
696 3613 817 3664 κατ’
857 3609 1072 3673 οὐδενὸς
1105 3609 1466 3681 ὑποκειμένου
1494 3609 1585 3662 τὸν
1624 3608 1780 3678 λόγον

209 3704 538 3772 προάγουσα.
597 3701 766 3774 Ἀρχὴ
812 3701 992 3755 τοίνυν
1038 3700 1198 3770 λόγου
1246 3700 1536 3771 ἔμφρονος,
1597 3700 1782 3764 πίστις

209 3790 434 3862 ἰσχυρῶς
459 3793 527 3863 τῇ
559 3789 752 3863 καρδίᾳ
789 3788 883 3843 τοῦ
919 3787 1202 3851 λαλοῦντος
1232 3786 1574 3862 ἐνιδρυμένη.
1595 3787 1782 3840 Ἔπει-

207 3895 292 3944 τα,
316 3881 476 3933 πόθεν
526 3881 658 3952 ήμῖν
701 3877 925 3935 δυνατὸν
964 3877 1025 3930 τὸ
1065 3876 1192 3948 περὶ
1224 3873 1322 3946 τὴν
1361 3875 1543 3929 πίστιν
1575 3876 1779 3929 τέλειον

206 3971 518 4044 κατορθοῦν,
560 3970 756 4040 ἐφεξῆς
795 3968 1012 4039 ἐπάγει,
1045 3968 1248 4038 λέγων·
1293 3967 1434 4037 Ἐγὼ
1461 3966 1528 4020 δὲ
1556 3967 1779 4021 eram-2t-

208 4063 394 4132 νώθην
423 4064 684 4134 σφόδρα.
735 4063 792 4117 '0
827 4063 936 4136 γάρ
980 4061 1054 4134 μή
1077 4061 1418 4126 ταπεινώσας
1459 4059 1652 4113 ἐαυτοῦ
1680 4060 1777 4130 τὴν

205 4153 454 4221 διάνοιαν,
485 4155 622 4228 μηδέ
659 4153 800 4208 κατά
843 4154 1073 4225 μίμησιν
1117 4153 1209 4207 τοῦ
1251 4151 1574 4206 Ἀποστόλου
1602 4151 1776 4220 λέγων

206 4242 278 4306 τὸ,
321 4244 609 4314 Ἀδελφοί,
630 4243 746 4312 ἐγὼ
779 4243 1043 4312 ἐμαυτὸν
1067 4245 1232 4296 οὔπω
1253 4241 1558 4312 λογίζομαι
1593 4259 1778 4296 κατει-

204 4333 470 4401 ληφέναι,
497 4333 638 4388 ἀλλὰ
663 4332 929 4403 περινοῶν
953 4332 1139 4395 οὐσίας
1161 4332 1295 4403 Θεοῦ
1329 4331 1652 4404 κατάληψιν,
1683 4333 1775 4385 καὶ

205 4422 276 4494 τῷ
301 4424 410 4496 ἰδίῳ
432 4424 682 4496 λογισμῷ
698 4425 981 4497 ἐκμετρῶν
1001 4424 1069 4478 τά
1094 4423 1380 4494 ἀνέφικτα,
1405 4423 1500 4482 καὶ
1523 4423 1774 4477 τοσοῦτον

1881 1866 2020 1920 enim
2055 1879 2278 1937 oportet,
2305 1871 2502 1941 inquit,
2531 1875 2655 1942 quia
2677 1885 2752 1929 est
2783 1875 2926 1932 Deus
2946 1877 2993 1909 “
3015 1898 3030 1933 ε
3055 1894 3160 1934 non
3193 1895 3456 1950 quaerere,

1885 1973 2060 2028 neque
2122 1976 2243 2016 cum
2298 1967 2645 2022 contentione
2705 1969 3011 2037 expendere
3050 1972 3180 2041 quid
3232 1975 3321 2030 sit.
3377 1975 3457 2029 Ac

1882 2051 2127 2118 tandem,
2151 2052 2198 2108 si
2217 2053 2352 2109 fides
2373 2071 2550 2112 rerum
2575 2073 2695 2128 quae
2719 2071 3011 2130 sperantur
3031 2065 3334 2120 substantia
3350 2077 3458 2134 est,

1886 2149 1940 2196 et
1973 2157 2161 2199 earum
2212 2161 2335 2216 qua:
2382 2162 2488 2203 non
2551 2150 2803 2206 videntur
2847 2164 3229 2224 argumentum
3267 2160 3344 2227 '7;
3392 2173 3459 2214 ne

1885 2236 2158 2290 contende
2207 2237 2320 2303 jam
2372 2239 2558 2296 videre
2606 2257 2725 2311 quae
2765 2245 2956 2314 procul
3006 2255 3130 2303 Sunt
3181 2249 3456 2316 reposita:

1885 2340 2061 2396 neque
2085 2341 2148 2382 ea
2172 2343 2300 2399 qua:
2337 2343 2644 2400 sperantur,
2667 2336 2914 2405 aliibigua
2937 2345 3166 2405 statuas,
3201 2351 3453 2409 propter-

1885 2433 1948 2473 ea
2026 2421 2170 2490 quod
2228 2425 2466 2480 nondum
2523 2441 2710 2482 eorum
2771 2431 3137 2502 cognitionem
3191 2418 3458 2504 attingere

1884 2511 2124 2577 potuisti.

1954 2601 2008 2655 2.
2035 2602 2100 2657 Et
2135 2605 2352 2674 quidem
2380 2607 2566 2666 isthaac
2594 2611 2660 2666 de
2695 2612 2799 2668 fide
2827 2621 3047 2684 propter
3076 2630 3169 2672 eos
3202 2618 3292 2688 qui
3322 2633 3447 2673 vero

1889 2691 2018 2748 bosa
2048 2706 2104 2750 et
2125 2699 2467 2756 contentiosa
2497 2702 2892 2774 disceptatione
2914 2715 3258 2776 argutantur,
3295 2721 3457 2779 atque

1888 2783 1942 2840 in
1976 2787 2158 2844 verbis
2186 2789 2439 2848 inanibus
2466 2807 2614 2864 spem
2641 2796 2912 2851 collocant
2937 2836 2953 2863 ,
2983 2799 3128 2854 dicta
3156 2804 3456 2870 generatim

1887 2877 2016 2932 sint.
2048 2877 2320 2938 Caeterum
2355 2883 2595 2952 psalmus
2618 2885 2708 2954 qui
2759 2885 2810 2940 in
2849 2888 3099 2943 manibus
3129 2899 3231 2954 est,
3254 2905 3454 2959 cogna-

1887 2969 2089 3026 tionem
2119 2985 2244 3026 cum
2272 2976 2601 3042 praecedenti
2626 2979 2896 3033 sententia
2929 2979 3117 3048 psalmi
3157 2983 3454 3053 superioris

1888 3059 2092 3117 habere
2122 3064 2253 3118 mibi
2286 3065 2522 3121 videtur.
2558 3067 2701 3121 Dixit
2730 3071 2874 3124 enim
2909 3071 3015 3126 illic
3051 3091 3064 3126 :
3097 3070 3322 3129 Placebo
3347 3074 3454 3129 Do-

1889 3153 2030 3205 mina
2062 3153 2118 3207 in
2152 3156 2365 3225 regione
2390 3157 2618 3211 vivorum
2648 3158 2714 3210 ³⁸.
2746 3157 2879 3214 Cum
2928 3161 3090 3232 igitur
3131 3163 3201 3218 de
3233 3166 3456 3233 regione

1887 3257 2008 3309 quae
2036 3258 2143 3298 non
2174 3245 2408 3311 videtur,
2451 3248 2679 3302 disserat
2721 3289 2738 3313 ,
2780 3259 3039 3320 tanquam
3071 3251 3218 3308 clare
3251 3251 3453 3320 sciens,

1887 3345 2000 3386 sua:
2049 3333 2115 3388 de
2145 3335 2395 3390 obscuris
2444 3338 2761 3395 assertionis
2817 3339 3084 3393 rationem
3122 3341 3316 3406 reddit,
3369 3339 3456 3396 di-

1887 3439 2054 3479 cens:
2090 3424 2306 3480 Credidi
2332 3429 2621 3496 quamdam
2655 3445 2775 3484 esse
2822 3428 3117 3486 viventium
3146 3433 3452 3504 regionem:

1885 3526 2094 3586 propter
2113 3518 2256 3589 quod
2282 3520 2436 3592 dixi:
2477 3519 2702 3576 Placebo
2745 3522 2798 3576 in
2832 3523 2944 3592 ipsa
2977 3522 3222 3578 Domino.
3247 3521 3303 3579 In
3334 3525 3459 3580 uni-

1889 3621 2103 3661 versum
2127 3587 2340 3676 autem:
2369 3611 2546 3665 anima
2578 3627 2698 3682 qua:
2727 3613 2861 3666 citra
2894 3612 3051 3667 tidem
3082 3613 3225 3684 loqui
3259 3629 3453 3686 aggre-

1887 3694 2053 3762 ditur,
2095 3695 2330 3751 inaniter
2386 3701 2620 3768 garriet,
2675 3701 3109 3772 quandoquidem
3149 3702 3216 3756 ad
3246 3703 3454 3760 nullum

1887 3781 2300 3839 fundamentum
2332 3786 2501 3841 refert
2530 3803 2859 3844 sermonem.
2879 3790 3064 3862 Itaque
3093 3791 3305 3848 initium
3334 3809 3452 3850 ser-

1888 3874 2066 3929 monis
2097 3878 2382 3944 prudentis
2404 3889 2486 3933 est
2523 3880 2656 3934 fides
2677 3881 2728 3935 in
2744 3881 2907 3938 corde
2925 3881 3194 3952 loquentis
3223 3885 3456 3941 ﬁrmiter

1887 3963 2149 4020 insidens.
2183 3967 2386 4022 Deinde
2417 3970 2766 4027 continenter
2791 3975 3088 4046 subjungit,
3112 3991 3219 4047 qua
3244 3979 3454 4033 ratione

1885 4053 2274 4123 perfectionem
2314 4060 2437 4114 fidei
2479 4064 2695 4132 assequi
2725 4065 3019 4134 possimus,
3049 4067 3174 4122 dum
3209 4065 3454 4137 ait:Ego

1883 4155 2057 4198 autem
2101 4148 2408 4203 humiliatus
2454 4169 2572 4207 sum
2630 4157 2808 4209 armis.
2872 4156 2974 4223 Qui
3021 4157 3167 4210 enim
3215 4168 3451 4213 mentem

1884 4251 2038 4289 suam
2068 4253 2172 4291 non
2211 4239 2480 4308 hnmiliat,
2512 4259 2690 4316 neque
2713 4247 2780 4301 ad
2816 4246 3176 4302 imitationem
3203 4247 3452 4319 Apostoli

1882 4327 2047 4381 dicit:
2075 4325 2318 4396 Fratres,
2351 4348 2445 4402 ego
2477 4351 2556 4389 me
2594 4341 2824 4390 nondum
2849 4338 3082 4392 arbitror
3113 4341 3457 4408 comprehen-

1881 4418 2022 4473 disse
2051 4422 2096 4453 ²⁹
2130 4437 2146 4485 ;
2182 4423 2291 4478 imo
2317 4441 2443 4479 vero
2471 4427 2562 4494 qni
2597 4427 2662 4481 de
2699 4429 2933 4483 essentia
2971 4429 3063 4484 Dei
3093 4431 3451 4502 comprehen-

205 4492 542 4584 λογιζόμενος
579 4492 718 4569 εἶναι
743 4492 833 4569 τὸν
859 4492 1012 4579 Θεὸν,
1053 4515 1177 4568 ὅσον
1207 4492 1379 4580 αὐτὸς
1422 4513 1506 4586 τῷ
1530 4514 1775 4586 λογισμῷ

1887 4509 2062 4566 denda
2091 4515 2316 4584 cogitat,
2360 4531 2424 4571 ac
2455 4492 2673 4587 propria
2711 4519 3124 4577 ratiocinatione
3149 4522 3451 4594 incompre—

203 4605 550 4675 περιέλαϐεν·
605 4605 702 4660 καὶ
751 4605 906 4669 ὅλως,
952 4605 981 4658 ὁ
1017 4605 1107 4658 τὸν
1151 4606 1352 4659 οἰκεῖον
1399 4603 1524 4658 νοῦν
1579 4603 1774 4676 μέτρον

204 4695 304 4749 τῶν
329 4697 496 4754 ὄντων
522 4695 863 4766 ποιούμενος,
896 4696 958 4749 οὐ
986 4694 1352 4766 λογιζόμενος,
1382 4695 1465 4749 ὅτι
1499 4695 1626 4766 ῥᾷόν
1658 4695 1775 4749 ἐστι

206 4789 394 4862 κοτύλῃ
429 4792 604 4862 μικρᾷ
648 4791 746 4862 τὴν
796 4791 977 4843 πᾶσαν
1024 4787 1300 4841 Θάλασσαν
1346 4786 1772 4858 ἐκμετρῆσαι,ἦ

203 4879 275 4949 τῷ
317 4881 642 4954 ἀνθρωπίνῳ
691 4880 768 4953 νῷ
818 4881 919 4952 τῆς
964 4880 1171 4950 ἀφάτου
1229 4879 1643 4951 μεγαλειότητος
1678 4877 1773 4932 τοῦ

204 4969 331 5026 θεοῦ
376 4973 824 5045 περιδράξασθαι,
855 4971 978 5044 εἰκῆ
1016 4971 1375 5043 φυσιούμενος
1418 4970 1511 5024 καὶ
1557 4968 1780 5040 ἐπαιρό-

205 5171 314 5223 γειν
349 5160 428 5223 τὸ,
471 5161 858 5221 Ἐπίστευσα,
887 5156 979 5210 διὸ
1005 5157 1282 5225 ἐλάλησα
1300 5171 1316 5188 ·
1351 5155 1536 5226 ἐπειδὴ
1567 5154 1687 5208 οὑδέ
1715 5152 1776 5207 τὸ

186 5221 392 5320 ’ἐφεξῆς
418 5221 644 5319 ἐπάγειν
676 5247 825 5319 αὐτῷ
853 5248 1095 5313 δυνατὸν,
1128 5221 1209 5310 τό,
1257 5245 1404 5316 Ἐγὼ
1447 5221 1774 5299 δὲ-ἐταπει-

207 5336 394 5406 νώθην
419 5343 688 5410 σφόδρα·
720 5341 875 5410 τύφῳ
903 5341 1013 5414 γὰρ
1042 5339 1136 5395 καὶ
1165 5339 1452 5410 ἀλαζονείᾳ
1489 5336 1648 5408 συζῇ,
1678 5335 1773 5389 καὶ

273 5524 316 5554 ’⁸
353 5524 513 5581 Hebr.
546 5541 624 5592 XI,
647 5525 703 5581 6.
777 5527 824 5561 ³⁷
861 5525 995 5582 ibid.
1028 5526 1079 5580 l.
1179 5525 1224 5560 ³⁸
1245 5523 1389 5580 Psal.
1422 5536 1570 5587 cur,
1597 5521 1653 5577 9.

1879 4599 2170 4657 hensibilia
2231 4607 2472 4674 metitur,
2519 4616 2575 4663 et
2628 4609 2795 4664 Deum
2828 4611 3125 4667 arbitratur
3171 4629 3293 4670 esse
3324 4624 3447 4670 tan-

1880 4699 2016 4760 tum,
2043 4704 2302 4764 quantum
2358 4699 2472 4768 ipse
2519 4700 2731 4757 ratione
2778 4713 3061 4760 assecutus
3089 4714 3202 4761 est:
3259 4716 3314 4762 et
3341 4723 3451 4762 uno

1878 4789 2066 4854 verbo,
2105 4789 2199 4858 qui
2224 4792 2499 4862 pr0priam
2525 4802 2784 4861 mentem,
2823 4794 3200 4852 universorum
3227 4813 3449 4854 mensu-

1879 4892 1994 4932 ram
2022 4879 2237 4948 statuit,
2276 4897 2384 4938 non
2431 4883 2743 4958 intelligens
2778 4885 2994 4943 facilius
3023 4901 3146 4944 esse
3189 4897 3246 4944 ut
3282 4906 3447 4962 parva

1877 4968 2056 5024 cotula
2088 4979 2259 5027 totum
2291 4975 2622 5032 admetiatur
2655 4993 2826 5044 mare,
2865 4993 3026 5048 quam
3059 4989 3118 5035 ut
3145 4990 3326 5036 mente
3350 4983 3450 5036 lm-

1881 5073 2038 5114 mana
2065 5060 2490 5123 inenarrabilem
2530 5069 2625 5124 Dei
2666 5070 3004 5140 maiestatem
3032 5071 3444 5141 complectatur,

1877 5148 2082 5206 frustra
2109 5152 2331 5212 inﬂatus
2370 5167 2424 5214 et
2443 5160 2521 5214 ob
2550 5162 2746 5216 mentis
2776 5176 2887 5216 sua:
2912 5161 3207 5217 vanitatem
3251 5162 3446 5230 elatus,

1875 5255 1980 5294 non
2017 5253 2196 5312 potest
2221 5248 2402 5305 dicere
2441 5250 2608 5306 illud:
2643 5250 2859 5306 Credidi
2887 5263 3097 5324 propter
3124 5252 3266 5323 quod
3295 5252 3447 5312 locu-

1875 5345 1959 5392 tas
1981 5357 2139 5408 tum;
2169 5357 2293 5398 cum
2321 5358 2390 5399 ne
2422 5343 2474 5399 id
2525 5341 2744 5414 quidem
2799 5345 2942 5416 quod
2976 5344 3244 5416 sequitur,
3276 5346 3448 5417 possit

1759 5522 1804 5554 ¹⁹
1833 5521 2030 5589 Philip.
2059 5539 2142 5586 tn.
2180 5526 2241 5579 15

272 5662 400 5733 (9l‘)
421 5665 525 5735 ,Sic
557 5680 687 5721 mss.
724 5676 976 5732 quatuor.
1006 5663 1159 5721 Colh.
1178 5674 1422 5735 quartus,
1452 5660 1780 5734 iEﬁcEditi,
1804 5661 1865 5714 τὸ
1893 5663 2106 5734 ἐφεξῆς.

292 5735 378 5804 92)
402 5734 551 5790 Colb.
583 5745 835 5806 quartus,
859 5735 1189 5791 ὑποθέσεων.

429 5826 698 5887 ΡΑτιιοι.
737 5826 856 5888 Gtt.
900 5826 1107 5888 XXX.
