3838 6214
310 277 412 334 107

1257 275 1599 333 APPENDIX
1637 272 1924 330 OPERUM
1967 272 2026 328 S.
2069 269 2315 328 BASILII
2356 267 2596 324 MAGNI.

3459 263 3554 321 108

306 402 654 472 subjungere,
693 398 822 472 Ego
868 408 1042 454 autem
1081 399 1392 452 humiliatus
1437 413 1552 451 sum
1594 397 1769 449 nimis.
1817 392 1864 448 In

1976 387 2244 458 διακένοις
2289 386 2528 458 ῥήμασιν
2574 379 2956 450 ἐπαγάλλεται,
3002 377 3062 432 τὸ
3092 379 3157 433 ἐκ
3196 377 3296 450 τῆς
3326 378 3556 442 πίστεως

307 490 451 547 fastu
477 494 623 547 enim
656 501 709 547 et
767 493 821 546 in
855 490 1109 560 superbia
1153 489 1320 543 vitam
1365 489 1527 557 degit,
1595 485 1882 553 verbisque

310 586 563 641 inanibus
586 584 844 650 exsultat,
881 582 1221 638 intereadum
1278 581 1402 636 ﬁdei
1452 579 1619 634 robur
1676 591 1882 646 nequa-

307 693 467 746 quam
493 678 756 749 possidet.
789 675 996 731 Deinde
1030 689 1138 729 non
1183 672 1436 742 deprimit
1471 671 1644 727 solum
1677 677 1880 725 semet--

305 772 499 842 ipsum,
533 770 625 825 sed
657 769 820 825 etiam
849 782 1007 823 omne
1057 765 1216 822 simul
1253 766 1532 820 hominum
1565 779 1735 833 genus
1774 762 1878 817 sibi

304 873 560 934 agitatum
593 877 657 915 ac
709 871 919 915 natura:
971 860 1202 914 socium.
1240 858 1403 913 Vsus.
1450 857 1506 910 2.
1547 854 1660 926 Ego
1708 855 1876 921 enim,

304 957 502 1024 inquit,
527 953 714 1008 dixiin
737 969 953 1007 excessu
985 964 1096 1005 meo
1126 966 1144 1004 :
1194 949 1379 1005 Omnis
1421 949 1578 1003 homo
1627 947 1874 1000 mendax.

301 1045 482 1112 Quare
513 1045 604 1115 qui
633 1043 736 1098 fide
760 1059 867 1098 non
899 1042 1135 1111 adjutus,
1199 1043 1294 1095 sed
1352 1052 1418 1094 ex
1461 1055 1520 1094 se
1569 1052 1876 1094 sermonem

303 1153 592 1210 aggressus
627 1146 734 1203 est,
788 1145 974 1206 utpote
1016 1135 1281 1190 industria
1313 1135 1550 1189 humana
1581 1132 1644 1185 ad
1679 1132 1879 1187 verita-

304 1242 408 1285 tem
469 1228 1031 1298 comprehendendam
1093 1227 1408 1288 conlidens,
1458 1225 1700 1284 .mendax
1757 1233 1874 1290 est;

302 1321 502 1392 quippe
529 1320 620 1389 qui
648 1318 875 1373 multum
901 1332 930 1370 a
972 1317 1207 1370 veritate
1251 1318 1486 1370 aberret.

367 1410 530 1483 373
549 1411 601 1465 '5.
637 1408 904 1464 Caterum
931 1407 1003 1461 ait
1023 1406 1227 1461 dixisse
1247 1421 1304 1461 se
1323 1407 1466 1461 hunc
1489 1420 1796 1462 sermonem
1820 1405 1874 1460 in

1985 476 2202 548 ἰσχυρὸν
2240 474 2313 546 μὴ
2346 471 2703 544 κεκτημένος.
2749 467 2881 523 Εἶτα
2928 469 3027 540 οὐχ
3074 468 3267 522 ἐαυτὸν
3315 472 3558 523 ταπεινοί

1984 567 2163 637 μόνον,
2193 564 2327 619 ἀλλά
2360 564 2455 618 καὶ
2479 564 2660 616 πᾶσαν
2684 559 2819 632 ὁμοῦ
2853 559 2948 631 τὴν
2983 561 3219 630 συγγενῆ
3256 561 3436 631 ἐαυτῷ
3469 562 3558 614 καὶ

1981 655 2232 709 κοινωνὸν
2256 658 2355 726 τῆς
2385 653 2599 723 φύσεως
2627 650 3040 720 ἀνθρωπότητα.
3096 648 3235 718 Ἐγὼ
3263 648 3372 721 γὰρ
3398 646 3556 714 εἶπα,

1981 750 2163 822 φησιν,
2178 751 2248 803 ἐν
2261 747 2335 817 τῇ
2349 748 2633 802 ἐκστάσει
2647 761 2787 815 μου·
2803 742 2926 810 Πᾶς
2942 743 3249 811 ἄνθρωπος
3264 744 3554 811 ψεύστης.

1983 840 2143 892 Ὥστε
2189 841 2218 892 6
2267 839 2340 910 μὴ
2384 839 2449 891 ἐκ
2493 837 2728 899 πίστεως
2778 833 3158 905 βοηθούμενος,
3199 833 3312 886 ἀλλ’
3349 833 3558 888 οἴκοθεν

1978 933 2070 986 ἐπὶ
2100 932 2190 992 τὸν
2215 933 2368 1000 λόγον
2399 929 2690 1002 ἐρχόμενος
2717 927 2874 1000 (92‘),
2897 929 3014 990 ταῖς
3059 925 3430 997 ἀνθρωπίναις
3456 942 3556 978 πα-

1981 1027 2274 1097 ρασκευαῖς
2301 1023 2436 1095 πρὸς
2460 1002 2558 1093 την
2582 1019 2886 1089 κατάληψιν
2914 1018 3014 1090 τῆς
3035 1017 3289 1090 ἀληθείας
3317 1017 3556 1089 θαρρῶν,

1977 1117 2217 1189 ψεύστης
2243 1117 2378 1182 ἐστὶ,
2419 1111 2708 1185 παραπολὺ
2733 1111 2834 1182 τῆς
2861 1110 3119 1180 ἀληθείας
3148 1110 3451 1164 ἐκπίπτων.

2047 1422 2099 1476 5.
2125 1419 2323 1474 Τοῦτον
2346 1418 2404 1474 δέ
2432 1437 2594 1491 φησιν
2611 1419 2892 1491 ἐἰρηκέναι
2913 1419 3004 1473 τὸν
3027 1420 3185 1488 λόγον
3203 1421 3262 1474 ἐν
3280 1422 3346 1491 τῇ
3370 1421 3554 1476 ἐκστά-

297 1519 549 1562 excessu.
593 1501 725 1569 Quis
777 1509 959 1556 autem
993 1508 1079 1554 est
1116 1499 1204 1554 hic
1240 1498 1535 1554 excessus?
1592 1499 1718 1553 Sive
1747 1499 1864 1568 quia

1978 1531 2080 1568 σει.
2113 1514 2208 1578 Τίς
2253 1513 2310 1566 δέ
2343 1515 2490 1566 ἐστιν
2522 1515 2556 1584 ἡ
2591 1513 2876 1578 ἐκστασιςς
2924 1514 3081 1566 Ἤτοι
3113 1515 3194 1566 ὅτι
3227 1514 3556 1585 περιϐλεψάο

299 1599 657 1665 undecunque
702 1595 996 1649 humanam
1048 1600 1300 1646 naturam
1351 1591 1782 1655 consideraram,
1820 1598 1864 1644 el

1979 1621 2138 1675 μενος
2161 1603 2261 1675 τὴν
2287 1602 2634 1674 ἀνθρωπίνην
2670 1603 2851 1672 φύσιν,
2899 1603 2994 1655 καὶ
3043 1602 3550 1674 διερευνησάμενος.

299 1689 542 1746 nuncubi
612 1688 758 1742 inter
800 1685 1047 1740 homines
1083 1684 1263 1754 aliqua
1310 1692 1457 1739 esset
1512 1683 1712 1738 veritas
1748 1698 1864 1750 per-

1975 1693 2030 1746 εῖ
2065 1692 2168 1744 πού
2201 1692 2286 1755 τίς
2338 1692 2486 1745 ἐστιν
2533 1692 2589 1744 ἐν
2638 1690 2950 1763 ἀνθρώποις
2996 1690 3244 1761 ἀλήθεια,
3303 1692 3554 1762 μηδαμοῦ

297 1791 570 1838 scrutatus
632 1796 807 1846 eram,
863 1794 985 1834 cum
1047 1788 1226 1833 tamen
1291 1777 1426 1832 citra
1464 1776 1557 1834 Dei
1611 1775 1864 1830 auxilium

1971 1785 2174 1855 ταύτην
2230 1785 2410 1856 εὑρεῖν
2455 1783 2700 1854 δυνηθεὶς
2747 1785 2874 1838 ἄνευ
2921 1783 3023 1854 τῆς
3074 1783 3225 1854 παρὰ
3271 1784 3364 1836 τοῦ
3419 1784 3553 1838 Θεοῦ

298 1888 561 1944 nusquam
590 1887 708 1928 eam
735 1870 994 1940 invenire
1041 1883 1281 1939 possem,
1308 1868 1572 1922 attonitus
1599 1865 1775 1921 factus
1799 1867 1864 1921 ob

1973 1876 2242 1948 βοηθείας,
2277 1875 2551 1946 ἕκθαμϐος
2577 1875 2866 1945 γενόμενος
2894 1876 2987 1928 ἐπὶ
3019 1874 3097 1946 τῷ
3139 1875 3428 1947 παραδόξῳ
3459 1877 3552 1929 τοῦ

296 1983 412 2023 rem
437 1967 792 2037 inepinatam,
827 1963 1123 2019 exclamavi
1155 1980 1168 2016 :
1204 1961 1391 2016 Omnis
1416 1961 1582 2030 ,Itoma
1618 1964 1866 2016 mendam.

295 2062 423 2116 Sive
451 2060 504 2113 in
543 2070 771 2113 excessu
807 2055 898 2110 illo
934 2069 1092 2124 quem
1134 2066 1322 2109 coram
1353 2054 1574 2108 Anchus
1607 2054 1866 2120 conlinxi,

293 2151 619 2209 comitialem
653 2149 904 2205 morbum
952 2145 1332 2214 insaniamque
1367 2145 1633 2199 simulans
1665 2163 1678 2198 :
1716 2155 1866 2215 post-

293 2259 454 2315 quam
485 2242 727 2298 intellexi
761 2254 848 2296 me
875 2254 940 2296 eo
968 2238 1253 2294 devenisse
1281 2237 1564 2307 angustia},
1601 2246 1660 2290 ut
1703 2237 1869 2291 decli-

293 2336 458 2391 nandi
483 2333 713 2406 periculi
735 2333 802 2387 ab
827 2331 1072 2386 hostibus
1094 2328 1460 2400 impendentis
1489 2341 1655 2383 causa
1678 2337 1868 2382 contra

294 2441 473 2482 meam
529 2426 701 2496 ipsius
756 2423 1150 2479 conscientiam
1184 2421 1466 2485 mentirer,
1521 2429 1576 2475 et
1605 2433 1725 2488 quae
1760 2433 1868 2474 non

289 2529 475 2575 essent
504 2519 797 2588 ﬁngerem:
831 2525 960 2571 tunc
1007 2515 1154 2569 dixi:
1193 2512 1377 2568 Omnis
1418 2511 1574 2566 homo
1615 2511 1864 2576 mendax,

289 2614 395 2670 etsi
433 2621 614 2667 tamen
632 2625 737 2664 non
769 2623 834 2663 ex
862 2606 1159 2678 propOsito,
1181 2617 1360 2674 neque
1389 2604 1444 2658 in
1480 2603 1864 2658 detrimentum

289 2706 686 2778 proximorum,
720 2700 813 2756 sed
863 2699 1082 2753 omnino
1121 2697 1191 2753 ob
1221 2696 1567 2778 calamitosas
1602 2695 1865 2765 quasdam

290 2773 485 2854 causas
515 2796 583 2852 ad
613 2793 951 2850 mendacium
983 2790 1221 2861 confugi.
1249 2773 1411 2859 Atqui
1445 2788 1738 2860 pugnantia
1757 2803 1863 2842 non

292 2891 531 2962 loquitur
567 2887 858 2955 Propheta,
897 2885 972 2939 uti
1001 2883 1244 2938 nonnulli
1279 2884 1538 2954 sophista:
1563 2883 1738 2953 ipsum
1774 2897 1867 2954 co-_-

293 2993 526 3053 arguere
551 2987 844 3044 conantur,
898 2977 1022 3032 dum
1064 2976 1250 3031 dicunt
1278 2976 1331 3030 in
1363 2975 1705 3030 circuitionis
1739 2987 1867 3046 pro-

1970 1967 2314 2039 πράγματος,
2349 1965 2611 2036 ἐξεϐόησα
2642 1964 2780 2036 (95),
2812 1965 2894 2016 ὅτι
2927 1962 3054 2030 Πᾶς
3081 1965 3392 2033 ἅνθρωπος
3415 1966 3556 2032 ψεύ-

1951 2075 2152 2127 ¹στης·
2190 2058 2222 2130 ἢ
2263 2061 2320 2112 ἐν
2349 2061 2415 2129 τῇ
2448 2057 2704 2111 ἐκστάσει
2735 2057 2939 2130 ἐκείνῃ,
2975 2057 3039 2127 ἢν
3079 2054 3556 2127 κατεσχηματισάο

1972 2169 2079 2223 μην
2131 2151 2224 2204 ἐπὶ
2269 2151 2364 2204 τοῦ
2425 2150 2674 2221 Ἀγχοὺς,
2732 2149 3022 2221 ἐπιληψίαν
3075 2149 3172 2204 καὶ
3223 2149 3554 2222 παραφορὰν

1953 2242 2405 2315 ὑποκρινάμενος
2421 2243 2577 2312 (95'),
2598 2242 2784 2313 ἐπειδὴ
2797 2237 2936 2294 εἶδον
2959 2243 3039 2305 εἰς
3062 2241 3305 2313 ἀνάγκην
3328 2241 3554 2296 ἐλθόντα

1969 2335 2204 2406 ἐμαυτὸν
2259 2333 2354 2388 τοῦ
2402 2333 2848 2404 καταψεύσασθαι
2879 2334 3136 2405 ἐμαυτοῦ,
3168 2335 3263 2388 καὶ
3309 2334 3554 2388 ἀναπλά-

1970 2428 2167 2482 σασθαι
2221 2427 2292 2481 τὰ
2335 2428 2408 2499 μὴ
2448 2427 2611 2490 δντα,
2654 2428 2797 2499 ὑπὲρ
2831 2426 2929 2480 τοῦ
2967 2427 3058 2480 τὸν
3090 2427 3199 2482 ἀπὸ
3247 2428 3356 2481 τῶν
3395 2429 3554 2481 πολε-

1972 2521 2110 2592 μίων
2136 2521 2379 2574 κίνδυνον
2405 2521 2686 2588 ἐκφυγεῖν,
2716 2520 2836 2573 τότε
2871 2515 3045 2584 εἷπον,
3074 2519 3155 2572 ὅτι
3183 2518 3309 2584 Πᾶς
3335 2518 3551 2588 ἄνθρω-

1967 2629 2082 2679 πος
2110 2614 2416 2681 ψεύστηςν
2470 2611 2570 2666 κᾶν
2606 2612 2679 2683 μὴ
2723 2611 2866 2666 κατὰ
2913 2613 3255 2683 προαίρεσιν,
3306 2611 3430 2682 μηδ’
3459 2611 3552 2663 ἐπὶ

1968 2705 2124 2776 κακῷ
2149 2705 2257 2758 τῶν
2283 2705 2532 2776 πλησίον,
2561 2703 2696 2757 ἀλλά
2736 2704 2952 2767 πάντως
2983 2703 3071 2758 διά
3101 2721 3254 2767 τινας
3289 2720 3552 2774 περιστα-

1965 2799 2126 2859 τικάς
2171 2799 2351 2860 αἰτίας
2385 2797 2742 2867 καταφεύγων
2773 2797 2864 2848 ἐπὶ
2896 2795 2955 2848 τὸ
2985 2795 3275 2865 ψεύδεσθαι
3300 2794 3434 2865 (94).
3471 2796 3551 2848 Οὐ

1971 2890 2074 2962 μὴν
2104 2869 2279 2959 ἐαυτῷ
2309 2887 2629 2960 περιπίπτει
2655 2887 2794 2940 κατὰ
2835 2886 2926 2938 τὸν
2958 2885 3114 2954 λόγον
3161 2887 3189 2940 6
3232 2886 3547 2958 Προφήτης,

1966 2983 2154 3054 ὥσπερ
2182 2983 2324 3045 τινὲς
2352 2981 2460 3035 τῶν
2511 2979 2842 3050 σοφιστικῶν
2877 2978 3240 3051 ἐπιχειροῦσιν
3286 2977 3450 3032 αὑτὸν
3479 2979 3552 3032 διο

292 3075 446 3130 brum
488 3071 819 3140 Prophetam
875 3069 1146 3123 incidisse.
1204 3067 1260 3122 Si
1296 3068 1440 3123 enim
1476 3069 1654 3122 omnis
1699 3068 1862 3122 homo

1970 3076 2228 3146 ελέγχειν,
2278 3073 2356 3144 τῷ
2397 3073 2538 3127 κατὰ
2568 3071 2901 3144 περιτροπὴν
2940 3072 3147 3142 ἐλέγχῳ
3190 3073 3550 3142 ἐμπεπτωκέ-

293 3165 547 3231 mendax,
579 3160 749 3216 David
775 3167 955 3214 autem
981 3159 1052 3213 sit
1073 3173 1289 3228 quoque
1306 3159 1467 3212 homo
1490 3174 1504 3223 ;
1533 3166 1652 3211 erat
1677 3158 1863 3224 utique

289 3264 346 3310 et
381 3257 495 3325 ipse
527 3254 800 3317 mendax;
858 3253 902 3307 si
958 3267 1089 3307 vero
1141 3252 1396 3314 mendax,
1432 3250 1480 3305 ei
1541 3251 1597 3304 in
1629 3251 1714 3305 his
1743 3265 1864 3318 qua:

291 3347 521 3401 aﬂirmat
550 3347 682 3401 lides
708 3344 1014 3400 adhibenda
1044 3357 1151 3398 non
1197 3351 1299 3398 est.
1319 3341 1473 3408 Quod
1501 3341 1548 3396 si
1567 3341 1654 3396 hic
1685 3355 1864 3396 sermo

291 3457 451 3497 verus
489 3456 596 3496 non
635 3451 743 3504 est,
780 3449 943 3510 atque
977 3438 1138 3492 homo
1171 3435 1349 3491 omnis
1369 3450 1474 3490 non
1502 3444 1582 3489 est
1608 3434 1860 3499 mendax,

294 3533 550 3588 Davidem
568 3531 738 3587 etiam
778 3529 1046 3586 mendacii
1094 3527 1322 3582 crimine
1367 3525 1730 3581 absolvemus.
1759 3523 1864 3579 Ve-

291 3639 409 3679 rum
443 3625 486 3678 si
519 3638 623 3678 non
681 3623 968 3686 mentitur,
1027 3619 1317 3675 credamus
1367 3618 1470 3686 ipsi
1525 3618 1579 3671 in
1611 3615 1717 3671 illis
1742 3631 1862 3686 qure

290 3714 536 3770 enuntiat
563 3731 576 3780 ;
601 3713 885 3768 credentes
921 3724 1049 3766 vero
1079 3723 1270 3764 rursus
1317 3722 1571 3776 cogemur
1601 3722 1705 3760 non
1738 3721 1860 3760 cre-

291 3808 438 3860 dere.
465 3802 642 3870 Quare
677 3803 723 3857 si
748 3817 936 3856 verum
969 3801 1114 3854 dicat
1137 3797 1332 3861 David,
1359 3795 1516 3852 solvit
1550 3809 1859 3851 sermonem

288 3910 470 3961 suum,
497 3905 557 3948 ut
581 3894 674 3964 qui
704 3902 759 3948 et
792 3893 951 3947 homo
971 3892 1062 3956 sit,
1087 3901 1262 3946 etnon
1280 3889 1607 3944 mentiatur:
1645 3897 1859 3952 contra,

289 3990 338 4045 si
361 3989 637 4053 mentitur,
669 4001 732 4042 ex
767 4000 824 4040 se
856 3984 1022 4040 habet
1048 3987 1190 4040 unde
1240 3984 1398 4038 ﬁdem
1447 3982 1651 4037 nullam
1711 3981 1861 4035 inve-

287 4084 425 4140 niat.
477 4080 608 4149 Quis
650 4079 796 4133 enim
850 4077 1094 4133 attendet
1139 4075 1462 4132 mentienti?
1515 4073 1694 4140 Quare
1735 4087 1858 4126 cum

286 4174 451 4230 semel
479 4169 846 4243 pronuntiarit
890 4183 1104 4224 omnem
1154 4168 1431 4223 hominem
1484 4180 1605 4221 esse
1638 4163 1860 4218 menda-

285 4281 422 4330 eem,
439 4265 732 4321 mentiatur
750 4261 918 4316 David
938 4271 995 4316 ut
1025 4276 1181 4317 suum
1206 4259 1492 4315 conﬁrmet
1521 4269 1858 4312 sermonem:

284 4367 380 4412 aut
413 4357 460 4412 si
509 4369 698 4410 verum
745 4355 858 4424 ipse
890 4353 1042 4418 dicit,
1081 4351 1328 4408 dissolvit
1375 4351 1752 4405 assertionem.
1791 4347 1859 4401 At

1968 3188 2056 3224 ναι
2083 3169 2217 3240 (υιί)
2251 3167 2502 3236 λέγοντες
2527 3167 2618 3219 τὸν
2632 3167 2941 3237 Προφήτην.
2975 3166 3037 3217 El
3066 3163 3175 3236 γὰρ
3205 3167 3313 3228 πᾶς
3336 3164 3551 3236 ἄνθρω-

1967 3279 2066 3325 πος
2096 3260 2357 3331 ψεύστης,
2393 3257 2676 3329 ἄνθρωπος
2719 3257 2775 3310 δὲ
2819 3259 2912 3310 καὶ
2937 3257 2966 3309 ὁ
2987 3256 3176 3309 Δαϐίδο
3215 3256 3454 3327 ψεύστης
3479 3253 3550 3327 ἦν

1965 3355 2061 3408 καὶ
2086 3353 2247 3417 αὐτὸς
2267 3352 2507 3423 δηλονότι
2528 3368 2542 3381 ο
2573 3352 2622 3403 εί
2653 3351 2708 3403 δέ
2731 3350 2990 3421 ψεύστης,
3018 3349 3079 3402 οὐ
3107 3349 3422 3402 πιστευτέον
3452 3351 3552 3402 αὐ-

1963 3447 2044 3519 τῷ
2091 3447 2218 3519 περὶ
2261 3439 2336 3500 ὧν
2365 3444 2748 3512 ἀποφαίνεται.
2797 3443 2889 3512 Μὴ
2920 3443 3068 3506 ὖντος
3109 3441 3164 3494 δέ
3193 3440 3426 3513 ἀληθοῦς
3451 3442 3550 3494 τοῦ

1963 3537 2122 3606 λόγου
2151 3536 2360 3601 τούτου,
2393 3534 2526 3606 μηδέ
2550 3533 2702 3595 ὄντος
2746 3532 2944 3594 παντὸς
2974 3530 3262 3602 ἀνθρώπου
3286 3529 3548 3599 ψεύστου,

1963 3632 2246 3702 ἀφήσομεν
2271 3628 2366 3682 καὶ
2401 3627 2492 3680 τὸν
2516 3625 2682 3680 Δαὸὶδ
2706 3625 2805 3696 τῆς
2830 3623 2924 3677 τοῦ
2951 3622 3180 3693 ψεύδους
3205 3623 3386 3685 αἰτίας
3409 3622 3545 3692 (95).

1963 3724 2027 3776 Ei
2063 3723 2119 3776 δέ
2151 3723 2211 3775 οὐ
2239 3720 2514 3790 ψεύδεται,
2547 3715 2926 3787 πιστεύσωμεν
2967 3713 3114 3786 αὑτῷ
3137 3715 3268 3786 περὶ
3303 3708 3378 3768 ὧν
3407 3715 3548 3768 ἀπο-

1963 3815 2212 3885 φαίνεται
2231 3830 2244 3844 ’
2277 3811 2622 3874 πιστεύοντες
2642 3809 2719 3876 δὲ,
2748 3809 2910 3862 πάλιν
2939 3809 3018 3872 είς
3048 3807 3145 3879 τὴν
3172 3805 3266 3860 τοῦ
3296 3807 3550 3860 ἀπιστεῖν

1963 3907 2207 3977 ἀνάγκην
2267 3901 2766 3975 περιαχθησόμεθα.
2815 3901 2979 3953 Ὥστε
3032 3901 3082 3953 εί
3135 3900 3234 3970 μὲν
3287 3898 3548 3970 ἀληθεύει

1961 3998 2142 4061 Δασιδ,
2169 3997 2284 4049 λύει
2310 3996 2398 4048 τὸν
2427 3988 2615 4047 ἐαυτοῦ
2645 3992 2820 4061 λόγον,
2850 3993 2944 4045 καὶ
2984 3989 3271 4061 ἄνθρωπος
3307 3989 3402 4054 ὢν,
3445 3991 3547 4044 καὶ

1965 4087 2038 4159 μὴ
2065 4085 2417 4156 ψευδόμενος*
2465 4085 2514 4136 εί
2557 4083 2612 4135 δέ
2644 4081 2918 4151 ψεύδεται,
2966 4080 3188 4134 αὐτόθεν
3219 4080 3333 4152 ἔχει
3376 4081 3438 4134 τὸ
3469 4082 3547 4153 μὴ

1961 4175 2312 4232 πιστεύεσθαι
2331 4193 2344 4206 ⁸
2378 4175 2462 4239 τίς
2487 4174 2596 4246 γὰρ
2627 4173 2880 4246 προσέξει
2906 4172 3346 4242 ψευδολογοῦντι;
3379 4175 3547 4227 ’Ὥστε

1962 4270 2147 4340 ἐπειδὴ
2180 4269 2326 4335 ἅπαξ
2354 4271 2666 4340 ἀπεφήνατο
2695 4266 2872 4320 πάντα
2911 4265 3197 4338 ἄνθρωπον
3247 4263 3386 4319 εἷναι
3412 4266 3550 4336 ψεύ-

1963 4378 2114 4432 στην,
2144 4361 2422 4433 ψευδέσθω
2451 4360 2634 4422 Δαόὶδ,
2673 4359 2759 4412 ἵνα
2787 4359 2876 4412 τὸν
2918 4357 3076 4426 λόγον
3101 4351 3463 4428 πιστῶσηται·
3508 4361 3542 4431 ἢ

285 4451 400 4507 haec
432 4447 650 4518 quidem
689 4445 1080 4502 ludiﬁcantium
1105 4452 1252 4510 sunt,
1293 4451 1347 4498 et
1375 4455 1584 4505 eorum,
1617 4441 1707 4508 qui
1739 4453 1858 4492 ver-

1970 4455 2240 4526 ἀληθεύων
2261 4453 2440 4519 αὐτὸς,
2468 4451 2736 4523 παρέλυσε
2757 4449 2852 4521 τὴν
2873 4451 3163 4519 ἀπόφασιν.
3188 4449 3348 4503 Ἀλλά
3369 4450 3547 4504 ταῦτα

283 4543 474 4595 borum
501 4537 742 4607 strophis
774 4551 838 4592 ac
878 4537 1135 4593 versutiis
1164 4534 1506 4590 obiectantur
1541 4547 1722 4586 coram
1755 4533 1856 4583 im-

281 4629 473 4700 peritis
501 4648 516 4687 :
547 4630 750 4686 veritas
783 4644 910 4684 vero
945 4630 1058 4698 ipsa
1093 4640 1434 4696 nequaquam
1469 4624 1548 4678 sic
1589 4638 1648 4678 se
1671 4622 1853 4678 habet.

281 4723 550 4778 Dicuntur
601 4722 866 4792 siquidem
923 4719 1191 4786 homines,
1249 4719 1339 4788 qui
1375 4717 1628 4772 humanis
1676 4717 1856 4771 adhuc

279 4809 566 4868 affectibus
591 4812 949 4868 distinentur:
977 4811 1070 4865 sed
1105 4809 1196 4879 qui
1226 4808 1440 4864 carneis
1478 4803 1857 4861 affectionibus

279 4904 388 4973 iam
407 4903 688 4959 sublimior
702 4902 924 4958 eﬂectus
939 4911 1045 4968 est,
1057 4911 1110 4956 et
1131 4914 1228 4972 per
1247 4900 1446 4955 mentis
1462 4899 1854 4970 perfectionem

282 4996 352 5050 ad
403 5005 602 5052 statum
639 4996 855 5052 transiit
892 4996 1240 5065 angelorum,
1277 4994 1367 5050 hic
1418 5009 1540 5050 cum
1579 4994 1648 5050 de
1694 4994 1857 5048 rebus

282 5088 535 5144 humanis
569 5089 829 5158 loquitur,
859 5104 889 5143 a
923 5089 1135 5145 caneris
1169 5089 1355 5158 utique
1377 5103 1438 5144 se
1461 5088 1576 5158 ipse
1594 5088 1853 5143 secernit.

351 5285 488 5358 (92‘)
518 5287 712 5358 Nostra
743 5287 910 5342 editio
939 5287 1194 5342 Paris.ex
1231 5287 1685 5358 Iypographorum
1717 5287 1859 5344 osci-

280 5357 474 5428 tantis
491 5373 588 5425 pro
606 5357 905 5428 ἐρχόμενος
933 5358 1092 5411 habet
1130 5357 1450 5428 ἀρχόμενος.

313 5427 461 5512 “(95)
494 5429 569 5482 Ita
599 5427 803 5498 septem
844 5443 970 5483 mss.
1014 5430 1086 5483 At
1137 5427 1288 5495 editi,
1328 5428 1620 5499 ἐξεϐόησε,
1661 5428 1859 5482 clama-

274 5507 370 5555 νει.
922 5513 926 5516 ’

349 5565 483 5637 (93‘)
513 5567 604 5624 Sic
641 5568 806 5622 editio
841 5567 1003 5623 Basil.
1029 5582 1149 5623 cum
1192 5569 1432 5638 quinque
1465 5584 1596 5623 mss.
1633 5569 1700 5620 At
1742 5565 1858 5619 edi-

278 5637 353 5691 tio
403 5637 573 5691 l’aris.
621 5649 676 5692 et
716 5654 853 5693 unus
901 5648 992 5693 aut
1043 5639 1177 5692 alter
1225 5637 1359 5702 ms.,
1405 5638 1852 5707 ὑποκρινόμενος.

278 5707 430 5764 Hunc
469 5707 645 5764 locum
680 5709 904 5774 prolixis
932 5709 1078 5766 notis
1133 5710 1475 5765 illustravere
1525 5708 1750 5764 Duc-deus
1796 5714 1852 5762 et

1969 4545 2066 4617 μὲν
2114 4545 2412 4610 παιζόντων
2461 4542 2598 4605 ἐστὶ,
2643 4542 2738 4594 καὶ
2779 4543 2898 4604 ταῖς
2941 4541 3049 4593 τῶν
3081 4541 3253 4610 λόγων
3283 4543 3549 4609 στροφαῖς

1965 4635 2420 4706 ἐπαγαλλομένων
2463 4633 2600 4706 πρὸς
2627 4635 2756 4696 τοὺς
2797 4631 3088 4703 ἀπείρους’
3138 4631 3199 4684 τὸ
3240 4631 3297 4684 δέ
3345 4631 3550 4702 ἀληθὲς

1964 4728 2063 4797 οὐχ
2106 4725 2277 4789 οὕτως
2316 4725 2449 4796 ἔχει.
2485 4724 2797 4795 Ἄνθρωποι
2822 4723 2929 4796 γὰρ
2961 4722 3208 4791 λέγονται
3235 4723 3284 4776 οἱ
3315 4725 3426 4786 τοῖς
3451 4724 3551 4776 ἀν-

1966 4815 2258 4887 θρωπίνοις
2289 4814 2368 4867 ἔτι
2400 4813 2684 4885 παθήμασι
2709 4811 3088 4882 κατεχόμενοι·
3125 4814 3154 4864 6
3183 4811 3239 4863 δὲ
3285 4809 3548 4880 ὑψηλότε-

1965 4924 2057 4978 ρος
2099 4906 2199 4978 ἠδη
2249 4905 2356 4958 τῶν
2401 4904 2678 4977 σαρκικῶν
2727 4903 3060 4974 παθημάτων
3107 4903 3416 4973 γενόμενος,
3451 4906 3550 4956 καὶ

1961 4996 2049 5051 διά
2087 4998 2186 5068 τὴν
2230 4994 2325 5049 τοῦ
2375 4997 2468 5050 νοῦ
2517 4995 2794 5048 τελείωσιν
2846 4993 2983 5063 πρὸς
3025 4993 3121 5065 τὴν
3161 5011 3268 5046 των
3295 4993 3552 5062 ἀγγέλων

1961 5088 2296 5142 κατάστασιν
2328 5085 2598 5157 μετελθὼν
2631 5086 2787 5157 (93‘),
2815 5080 2968 5149 οὗτος
3009 5086 3136 5139 ὅταν
3171 5085 3299 5155 περὶ
3323 5085 3431 5136 τῶν
3458 5085 3553 5136 ἀν-

1967 5285 2366 5343 Combelisius:
2415 5302 2553 5358 quas
2585 5288 2687 5357 'qui
2727 5289 2925 5344 curiosi
2959 5295 3116 5354 sunt,
3159 5287 3339 5358 legere
3385 5295 3545 5356 pote-

1963 5365 2149 5496 rutéh)
2181 5425 2313 5495 Reg.
2355 5429 2644 5492 secundus,
2674 5427 2995 5496 ψεύσασθαι.

2060 5495 2170 5567 96‘)
2196 5496 2422 5552 Codices
2449 5498 2574 5561 duo,
2607 5495 3022 5552 ἐκπεπτωκέναι

1964 5565 2330 5688 αζὲἓὶαξέριὶεείἰ
2384 5569 2651 5624 secundus
2689 5577 2744 5622 et
2799 5581 3005 5632 sextus,
3055 5568 3154 5640 τὴν
3185 5567 3280 5622 τοῦ
3312 5567 3549 5643 ψεύδους

2200 5707 2272 5764 Ita
2289 5724 2414 5765 mss.
2447 5716 2590 5766 octo.
2628 5708 2789 5776 Editi,
2818 5707 3075 5763 ἀνελθών.
