3838 6214
229 301 336 355 109

1396 317 1688 374 ἯΟΜΙΜΑ
1728 320 1801 376 ΙΝ
1840 321 2176 380 PSALMUM
2217 316 2390 383 CX‘Vv

3394 347 3495 402 HO

229 422 521 488 θρωπίνων
567 426 900 502 διαλέγηται,
946 431 1140 486 ἑαυτὸν
1169 434 1547 507 ὐπεξαιρεῖται
1589 439 1698 493 τῶν
1720 441 1787 493 λο<

1928 442 2194 500 Mendacii
2225 447 2602 518 enim‘expers
2635 459 2739 517 est,
2773 454 2864 522 qui
2893 453 3027 510 dixit
3055 476 3068 511 :
3101 456 3214 529 Ego
3231 462 3379 518 diti:
3407 465 3496 521 Dii

226 512 350 567 πῶν
380 515 647 587 δηλονότι.
705 521 965 593 Ἀψευδὴς
995 525 1104 596 γὰρ
1139 529 1167 578 ὁ
1196 527 1366 580 εἰπών
1391 545 1406 560 ·
1465 530 1606 599 Ἐγὼ
1641 527 1779 586 elata
1799 552 1810 562 ·

227 605 365 658 Θεοί
399 607 562 672 ἐστε,
598 611 698 664 καὶ
737 613 852 666 υἱοὶ
899 613 1193 683 Ὑψίστου
1241 617 1463 686 πάντες
1489 638 1501 649 ο
1548 622 1718 690 ὑμεῖς
1747 622 1816 676 δὲ

224 695 310 761 ὡς
327 697 624 766 ἅνθρωποι
643 702 1077 772 ἀποθνήσκετε.
1097 708 1231 761 Θεοί
1255 709 1412 763 ἐστε.
1439 703 1662 776 Πεῖντως
1685 713 1740 766 δὲ
1764 714 1819 766 εί

223 800 334 836 τινι
358 786 504 858 ἄλλῳ
534 789 668 856 (96),
701 793 792 844 καὶ
818 793 896 864 τῷ
940 794 1104 849 Δαϐὶδ
1137 799 1169 868 ἡ
1206 798 1430 869 τοιαύτη
1472 804 1813 873 προσηγορία

224 878 541 948 πρέπουσα.
588 883 700 934 Καὶ
747 883 853 956 γὰρ
901 887 994 939 καὶ
1033 889 1146 951 υίὸς
1184 889 1457 958 Ὑψίστου,
1499 894 1536 945 ὁ
1579 892 1669 946 διὰ
1711 895 1812 964 τῆς

222 969 432 1039 ἀρετῆς
477 971 818 1044 ᾠκειωμένος
861 976 1002 1047 Θεῷ,
1048 980 1143 1036 καὶ
1185 981 1284 1034 οὐκ
1333 983 1690 1056 ἀποθνήσκων
1736 989 1810 1052 ὡς

223 1060 535 1131 ἄνθρωπος,
562 1064 697 1117 ἀλλά
723 1063 898 1128 ζῶντα
928 1068 1066 1140 ἔχων
1097 1073 1153 1123 ἐν
1183 1073 1358 1145 ἐαυτῷ
1382 1075 1471 1127 τὸν
1493 1076 1624 1131 Θεόν
1653 1077 1806 1151 (96‘).

295 1153 350 1205 4.
395 1154 542 1224 Ἐγὼ
568 1153 660 1209 οὖν
686 1154 878 1224 εἷπον,
912 1163 1093 1231 φησὶν,
1132 1163 1204 1215 ἐν
1221 1164 1297 1233 τῇ
1332 1166 1619 1223 ἐκστάσει
1655 1188 1804 1240 μου⁴

218 1243 352 1310 Πᾶς
399 1245 711 1316 ἄνθρωπος
741 1253 1034 1321 ⁴ερίεύστηᾳ
1085 1255 1454 1310 Ἀκουέτωσαν
1497 1263 1546 1313 οἱ
1589 1265 1655 1334 τῇ
1709 1263 1807 1334 μὲν

222 1339 392 1410 σαρκὶ
439 1341 526 1394 διὰ
567 1342 676 1395 τῶν
724 1345 1060 1415 παθημάτων
1101 1353 1568 1422 συμπεφυρμένα,
1611 1355 1704 1408 τὸν
1746 1357 1802 1409 δὲ

219 1430 350 1482 νοῦν
399 1431 607 1486 ἑαυτῶν
655 1435 1044 1508 ὑπεραίροντες
1090 1439 1199 1494 τῶν
1259 1443 1680 1514 ὐπερκοσμίων·
1731 1443 1806 1502 ὧν

215 1524 349 1586 τοὺς
378 1523 670 1596 λογισμοὺς
692 1528 995 1601 καθαιρεῖν,
1023 1532 1116 1585 καὶ
1139 1533 1198 1585 τὸ
1229 1533 1429 1605 ὕψωμα
1462 1538 1560 1608 τῆς
1581 1541 1806 1611 καρδίας

217 1616 404 1668 αὐτῶν
443 1618 540 1686 τῆς
591 1623 1067 1694 κατεπαιρομένης
1110 1625 1204 1678 τοῦ
1249 1626 1407 1693 Θεοῦ,
1458 1631 1635 1695 κοινὸς
1666 1632 1804 1688 ἔστω

219 1704 426 1768 σκοπὸς
457 1709 590 1759 πᾶσι
618 1712 731 1773 τοῖς
775 1713 1239 1785 ἀντιποιουμένοις
1265 1718 1365 1790 τῆς
1410 1719 1707 1786 εὐσεϐείας.
1745 1725 1806 1778 Τί

1922 537 2066 600 estis,
2101 547 2148 590 et
2178 538 2281 605 ﬁlii
2335 540 2597 595 Altissimi
2636 560 2852 610 omnes;
2896 564 2984 600 vos
3031 564 3205 606 autent
3233 556 3370 608 sicut
3397 558 3494 611 ho-

1921 629 2084 679 mines
2122 630 2420 683 moriemini
2453 631 2520 686 ³⁸.
2552 631 2640 686 Dii
2669 637 2816 690 estis.
2848 636 3080 694 Omnino
3109 653 3287 699 autem
3333 649 3375 700 si
3406 652 3492 704 cui

1924 717 2102 782 alteri,
2139 722 2305 775 etiam
2333 723 2430 791 ipsi
2467 725 2654 779 Davidi
2683 729 2976 797 appellatio
3004 733 3313 803 hujusmodi
3343 754 3493 794 com-

1920 805 2072 871 petit.
2096 804 2230 858 Nam
2257 817 2313 861 et
2339 809 2482 864 ﬁlius
2515 813 2775 868 Altissimi
2807 827 2912 884 est,
2971 822 3062 889 qui
3097 839 3194 893 per
3232 827 3488 884 virtutem

1919 893 2266 965 conjungitur
2299 897 2429 964 Deo,
2468 915 2564 957 nec
2597 906 2827 959 moritur
2857 916 2915 962 ut
2945 911 3150 982 homo,
3185 918 3278 971 sed
3307 921 3491 976 viven-

1918 993 2024 1040 tem
2058 988 2110 1041 in
2142 992 2433 1062 semetipso
2457 995 2615 1050 habet
2646 996 2836 1054 Deum.

1984 1167 2039 1222 4.
2081 1169 2195 1241 Ego
2227 1172 2409 1241 igitur,
2434 1175 2626 1246 inquit,
2651 1180 2763 1235 dixi
2802 1184 2856 1236 in
2884 1202 3095 1241 excessu
3121 1206 3234 1244 meo
3254 1209 3274 1247 :
3301 1192 3484 1251 Omnis

1918 1256 2075 1312 homo
2119 1264 2368 1318 mendax.
2407 1265 2645 1322 Audiant
2686 1270 2741 1335 ii,
2779 1274 2870 1342 qui
2903 1277 3115 1332 etiamsi
3161 1285 3310 1337 carni
3363 1290 3484 1355 qui-

1916 1348 2034 1402 dem
2067 1365 2164 1418 per
2197 1353 2451 1410 libidines
2498 1372 2560 1414 ac
2591 1360 2722 1415 vitia
2763 1366 3029 1420 commisti
3071 1369 3182 1423 sint
3214 1348 3485 1442 atque-af-

1917 1437 2029 1504 ﬁxi,
2067 1449 2246 1498 tamen
2295 1457 2530 1501 mentem
2583 1464 2734 1505 suam
2778 1453 2844 1507 ad
2888 1456 3128 1512 caelestia
3175 1463 3483 1524 extollunt:

1914 1545 2145 1597 quorum
2205 1537 2586 1606 cogitationes,
2625 1557 2690 1596 ac
2728 1545 2910 1601 cordis
2963 1557 3149 1603 contra
3207 1551 3373 1608 Deum
3425 1571 3486 1612 se

1911 1619 2186 1678 eﬂ‘erentis
2221 1625 2566 1684 altitudinem
2598 1632 2841 1688 demoliri
2880 1651 2941 1691 ac
2975 1639 3312 1710 subvertere,
3344 1660 3486 1702 com-

1913 1715 2090 1768 munis
2119 1731 2316 1786 sc0pus
2349 1720 2421 1773 sit
2449 1737 2635 1777 eorum
2669 1726 2931 1794 omnium,
2957 1733 3046 1800 qui
3083 1735 3332 1792 virtutem
3370 1757 3484 1796 am-

213 1795 628 1854 ἀνταποδώσω
655 1801 736 1867 τῷ
768 1806 964 1872 Κυρίῳ
992 1807 1123 1875 περὶ
1166 1808 1408 1864 πάντων
1437 1807 1525 1866 ὧν
1547 1815 1777 1870 ἀνταπέ

1911 1803 2238 1871 plectuntur.
2274 1809 2436 1866 Vsus.
2475 1814 2529 1877 5,
2561 1814 2616 1870 4.
2655 1817 2794 1882 Quid
2822 1795 3107 1876 retribuam
3135 1825 3360 1885 Domino
3388 1845 3482 1900 pro

213 1885 414 1942 ὄωκὲν
443 1908 582 1959 uos;
614 1894 907 1963 Ποτήριον
933 1901 1232 1966 σωτηρίου
1270 1901 1563 1974 λήψομαι.
1600 1907 1694 1971 Εἰς
1721 1909 1809 1962 αἴ-

216 1971 416 2044 σθησιν
447 1976 617 2032 ἐλθὼν
655 1981 761 2035 ἀῖον
813 1985 1021 2054 μυρίων
1070 1989 1222 2060 παρὰ
1261 1991 1355 2044 τοῦ
1395 1971 1530 2046 Θεοῦ
1565 1995 1804 2068 δωρεῶν,

211 2065 299 2118 ὅτι
339 2068 404 2122 ἐκ
442 2071 534 2124 τοῦ
569 2074 642 2144 μὴ
689 2074 842 2141 ὄντος
875 2081 956 2143 εἰς
987 2082 1050 2134 τὸ
1096 2079 1234 2138 εἶναι
1274 2087 1554 2159 παρήχθη·
1584 2091 1665 2144 ὅτι
1697 2093 1808 2147 ἀπὸ

209 2159 320 2241 τῆς
348 2163 451 2234 γῆς
478 2165 850 2236 διαπλασθεὶς,
895 2172 1044 2246 λόγῳ
1078 2178 1386 2250 τετίμηται,
1429 2182 1487 2234 ἐν
1515 2175 1680 2249 tinea).
1706 2185 1806 2257 τὴν

210 2255 402 2308 εἰκόνα
445 2263 632 2330 φορεῖν
673 2261 896 2317 δύναται
935 2267 1030 2320 τοῦ
1078 2270 1404 2342 ἐπουρανίου
1431 2291 1444 2302 ·
1491 2275 1681 2329 ἔπειτα
1712 2279 1806 2331 καὶ

212 2346 358 2415 πρὸς
383 2348 481 2420 τὴν
511 2351 652 2425 ὑπὲρ
678 2354 771 2407 τοῦ
801 2358 992 2425 γένους
1019 2360 1128 2412 τῶν
1163 2362 1467 2434 ἀνθρώπων
1491 2370 1805 2441 οἰκονομίαν

210 2436 457 2499 ἀπιδὼν,
513 2442 594 2495 ὅτι
646 2445 840 2501 ἑαυτὸν
892 2451 920 2503 ὁ
967 2451 1170 2520 Κύριος
1226 2455 1392 2511 ἔδωκε
1453 2459 1646 2533 λύτρον
1675 2436 1805 2517 *ἀντὶ

210 2528 435 2584 πάντων
460 2533 570 2603 (97)
603 2537 781 2606 ἡμῶν,
813 2541 1096 2615 ἐπαπορεί,
1125 2547 1219 2600 καὶ
1251 2549 1405 2620 ζητεί
1436 2554 1493 2608 ἐν
1525 2528 1657 2608 πᾶσι
1693 2559 1805 2620 τοῖς

209 2620 552 2693 ὑπάρχουσιν
579 2629 748 2700 αὐτῷ,
778 2632 832 2684 τί
849 2633 996 2698 ἄξιον
1017 2637 1213 2712 ἐξεύρῃ
1236 2640 1408 2712 δῶρον
1438 2644 1515 2714 τῷ
1532 2647 1800 2720 Δεσπότῃ.

217 2713 282 2766 π
300 2709 416 2781 οὖν,
441 2718 627 2789 φησὶν,
660 2722 1065 2782 ἀνταποδώσω
1093 2709 1447 2800 τῷῂΚιρίῳ;
1486 2709 1559 2790 D6
1590 2709 1800 2805 θυσίας,

205 2805 334 2856 οὐδὲ
358 2807 772 2879 ὁλοκαυτώσεις,
802 2817 922 2871 οὐδὲ
952 2819 1050 2892 τὴν
1072 2824 1136 2876 ὲκ
1161 2824 1263 2896 τῆς
1289 2827 1521 2898 νομικῆς
1548 2829 1803 2902 λατρείας

209 2896 533 2968 θεραπείαν,
558 2904 856 2981 ἀλλ’-αὐτὴν
887 2913 1067 2966 πᾶσαν
1087 2916 1223 2986 (ον)
1248 2896 1604 2990 τὴνὲμαύτοῦ
1632 2896 1797 2996 ζωὴν·

206 2993 305 3045 καὶ
337 2992 426 3046 διὰ
459 2994 637 3062 τοῦτο,
674 3000 826 3070 φησι,
852 3003 1144 3072 Ποτήριον
1174 3012 1474 3078 σωτηρίου
1502 2992 1797 3085 λήψομαι,

203 3083 269 3136 τὸ
297 3087 358 3137 ὲν
406 3089 510 3150 τοῖς
541 3090 718 3158 ἀγῶσι
768 3096 882 3157 τοῖς
934 3096 1074 3169 ὑπὲρ
1129 3100 1226 3172 τῆς
1270 3103 1550 3170 εὐσεϐείας
1603 3083 1797 3173 πάθος,

200 3177 268 3231 τὸ
322 3179 487 3251 μέχρι
541 3181 772 3239 Θανάτου
823 3190 961 3259 πρὸς
1024 3192 1120 3264 τὴν
1169 3195 1445 3267 ἁμαρτίαν
1503 3201 1796 3256 ἀντικατα-

205 3270 428 3340 στῆναι,
462 3277 721 3346 ποτήριον
747 3277 943 3348 λέγων.
971 3282 1142 3338 Τοῦτο
1167 3286 1210 3339 δ’
1237 3287 1302 3340 ἂν
1338 3288 1422 3360 εἴη
1465 3289 1600 3362 ὅπερ
1636 3293 1798 3358 αὐτὸς

199 3360 449 3426 ἱδίδαξεν
479 3365 509 3416 ὁ
563 3366 753 3440 Σωτὴρ
791 3372 849 3423 ἐν
891 3375 1004 3436 τοῖς
1051 3374 1437 3446 Εὐαγγελίοιςσ
1483 3360 1694 3451 Πάτερ,
1744 3387 1796 3440 εί

199 3449 494 3521 δυνατὸν,
511 3460 852 3525 παρελθέτω
887 3463 955 3517 τὸ
983 3465 1270 3535 ποτήριον
1287 3469 1483 3523 τοῦτο·
1515 3473 1608 3526 καὶ
1626 3449 1797 3528 πάλιν

197 3547 318 3607 τοῖς
349 3546 619 3619 μαθηταῖς
641 3569 655 3582 ο
695 3555 965 3610 Δύνασθε
1001 3558 1159 3612 πιεῖν
1195 3561 1261 3613 τὸ
1291 3561 1596 3630 ποτήριον,
1626 3566 1656 3618 ὃ
1681 3566 1796 3636 ἐγὼ

190 3636 410 3703 μέλλω
431 3640 632 3694 πίνειν
653 3642 796 3716 (98);
817 3647 1007 3720 ἐδήλου
1024 3651 1080 3703 δὲ
1102 3649 1192 3706 τὸν
1217 3652 1466 3724 θάνατον,
1488 3656 1546 3711 ὃν
1571 3661 1793 3713 κατεδέ-

196 3741 330 3794 χετο
350 3727 493 3800 ὑπὲρ
511 3730 612 3801 τῆς
637 3734 729 3786 τοῦ
757 3735 961 3809 κόσμου
985 3742 1278 3812 σωτηρίας.
1306 3745 1404 3798 Διὰ
1431 3747 1610 3813 τοῦτο,
1636 3753 1789 3823 φησὶ,

199 3815 502 3884 Ποτήριον
523 3822 821 3889 σωτηρίου
867 3825 1140 3897 λήψομαι
1167 3847 1182 3862 ⁸
1213 3832 1482 3898 τουτέστι,
1511 3815 1676 3906 διψῶν

194 3907 301 3978 τὴν
331 3907 423 3961 διὰ
449 3909 544 3962 τοῦ
576 3915 876 3986 μαρτυρίου
905 3917 1182 3974 τελείωσιν
1212 3920 1462 3994 ἔρχομαι,
1484 3927 1791 3984 ἀνάπαυσιν

196 3998 381 4068 ψυχῆς
407 4002 502 4053 καὶ
538 4002 808 4074 σώματος,
837 4009 936 4062 οὐκ
957 4011 1253 4083 ἀλγηδόνας
1267 4014 1398 4087 (98‘)
1421 4019 1701 4091 τιθέμενος
1721 4023 1791 4077 τὰ

197 4091 257 4141 ἐν
285 4093 400 4154 τοῖς
435 4092 578 4163 ὑπὲρ
605 4095 704 4166 τῆς
743 4100 1027 4166 εὐσεϐείας
1069 4105 1242 4173 ἀγῶσι
1278 4111 1664 4181 προσαγόμενα
1693 4130 1787 4166 κο-

195 4180 489 4254 λαστήρια.
523 4187 791 4257 Ἐμαυτδν
829 4189 941 4257 οὖν,
979 4197 1131 4267 φησι,
1167 4198 1358 4253 θυσίαν
1399 4203 1670 4272 προσοίσω
1695 4205 1789 4257 καὶ

198 4277 523 4348 προσφορὰν
565 4280 644 4350 τῷ
679 4284 890 4355 Κυρίῳ,
940 4289 1125 4361 ἐπειδὴ
1163 4292 1342 4347 πάντα
1379 4296 1677 4368 μικρότερα
1703 4299 1791 4351 ’τί-ι

196 4367 365 4439 θεμαι
386 4371 487 4440 τῆς
515 4370 672 4437 ἀξίας
698 4375 796 4428 τοῦ
829 4379 1312 4453 εὐεργετήσαντος.
1337 4386 1450 4439 Καὶ
1471 4367 1672 4452 ταύτας
1691 4388 1790 4451 τὰς

197 4461 536 4528 ἐπαγγελίας
560 4465 790 4536 ἑτοίμως
816 4469 923 4540 ἔχω
955 4473 1059 4526 ὑπὸ
1096 4475 1334 4548 μάρτυρι
1371 4480 1532 4533 παντὶ
1565 4479 1642 4550 τῷ
1674 4479 1788 4550 λαῷ
1820 4506 1865 4560 D

197 4552 479 4605 ἀποτῖσαι.
519 4555 627 4620 Τὰς
657 4559 765 4628 γὰρ
798 4560 984 4630 εὐχάς
1022 4581 1141 4631 μου
1179 4566 1473 4621 ἀποδώσω
1506 4569 1788 4622 ἐναντίον

195 4643 429 4709 παντὸς
458 4645 564 4699 τοῦ
591 4649 745 4701 λαοῦ
774 4652 980 4705 αὑτοῦ.
1014 4650 1149 4708 Εἶτα
1182 4659 1465 4730 προτροπὴ
1500 4659 1636 4730 πρὸς
1657 4661 1785 4724 τοὺς

193 4735 476 4805 ἀκροατὰς
525 4739 666 4811 ὑπὲρ
697 4741 790 4794 τοῦ
835 4743 908 4814 μὴ
949 4747 1364 4820 καταπλαγῆναι
1399 4750 1489 4803 τὸν
1533 4750 1780 4804 θάνατον.

195 4827 418 4896 Τίμιος,
471 4831 658 4900 φησιν,
706 4833 986 4889 ἐναντίον
1019 4841 1260 4907 Κυρίου,
1297 4845 1330 4894 ό
1370 4841 1626 4907 θάνατος
1665 4841 1784 4894 τῶν

185 4922 382 4974 ὁσίων
412 4923 622 4980 αὐτοῦ.
789 4929 1076 5001 ὀκνήσητε,
1111 4934 1264 5004 φησὶ,
1301 4934 1437 5006 πρὸς
1482 4934 1669 5003 ἀγῶνα
1692 4934 1781 4986 τὸν

183 5012 377 5078 καλὸν,
407 5017 456 5068 οἱ
495 5015 802 5088 ἄνθρωποι,
847 5022 982 5091 μηδὲ
1029 5024 1443 5097 ἀποδειλιάσητε
1489 5027 1627 5096 πρὸς
1669 5025 1758 5096 (99

258 5173 309 5204 ³ο
337 5171 483 5228 Psal.
519 5192 705 5240 Lxxxt,
739 5177 794 5243 6,
822 5177 874 5231 7.

263 5287 378 5366 (9ft)
417 5291 510 5343 Sic
536 5293 664 5346 editi
697 5303 753 5348 et
788 5309 920 5352 mss.
950 5296 1214 5354 nonnulli.
1243 5297 1583 5366 Aliiqnidam
1617 5313 1770 5365 mss.,

177 5357 518 5449 τῶιᾌᾶλλων.
1384 5357 1397 5366 ’
1450 5439 1462 5449 ι
1569 5439 1604 5449 η
1631 5438 1642 5449 υ

258 5428 395 5499 (96’)
431 5431 579 5507 ltcgij
613 5435 884 5490 secundus
928 5445 983 5490 et
1018 5444 1237 5503 sextus,
1260 5439 1515 5507 Χριστόν.
1569 5438 1768 5493 Ibidem

184 5499 294 5554 duo
335 5517 464 5553 mss.
477 5544 491 5567 ,
516 5499 656 5558 εἶτα.

261 5569 375 5639 (97)
405 5571 528 5626 llaec
558 5575 608 5626 in
647 5572 849 5626 Catena
887 5575 1111 5631 Corder.
1143 5574 1357 5646 Origeni
1405 5579 1716 5632 tribuuntur
1752 5601 1763 5634 :

183 5654 240 5692 In
273 5656 380 5730 qu‘a
419 5653 598 5695 tamen
632 5659 728 5712 pro
757 5645 976 5700 πάντων
1010 5648 1205 5716 legitur
1232 5645 1462 5711 πολλῶν,
1505 5667 1598 5730 pro
1627 5651 1765 5730 mul-

184 5712 277 5787 tis.
313 5710 594 5787 Quomodo
626 5710 904 5782 scripserit
932 5710 1139 5782 auctor,
1175 5735 1280 5772 non
1309 5710 1482 5772 dicam
1505 5710 1764 5787 quidem:

181 5778 278 5833 sed
310 5777 581 5837 afﬁrmare
625 5777 840 5851 possum
883 5790 934 5842 in
975 5777 1178 5844 nostris
1213 5804 1341 5845 mss.
1373 5777 1589 5844 πάντων
1637 5805 1765 5844 Con-

1911 1898 2155 1952 omm‘bus
2197 1917 2314 1970 qua:
2341 1906 2583 1959 retribuit
2609 1911 2736 1961 mihi
2756 1913 2780 1965 ?
2804 1910 3034 1968 Calicem
3060 1917 3312 1975 salutaris
3341 1898 3482 1979 aet-iw

1907 1988 2070 2054 piam.
2112 1988 2518 2048 lnnumerorum
2590 1997 2682 2051 Dei
2724 2000 2886 2072 374
2922 2004 3184 2061 donorum
3230 2013 3482 2068 conscius

1911 2077 2102 2144 factus,
2129 2082 2278 2150 quod
2315 2097 2378 2138 ex
2418 2086 2588 2141 nihilo
2620 2100 2766 2144 esset
2815 2092 2870 2146 in
2925 2093 3096 2150 lucem
3145 2102 3475 2169 productus:

1908 2171 2050 2238 quod
2075 2185 2106 2226 e
2141 2179 2283 2227 terra
2325 2173 2614 2241 formatus.
2647 2181 2856 2236 ratione
2887 2185 3152 2253 excultus,
3182 2206 3288 2259 qua
3314 2194 3476 2248 etiam

1908 2259 2026 2329 ejus
2051 2264 2140 2330 qui
2167 2265 2408 2322 caelestis
2430 2277 2516 2323 est
2546 2271 2838 2342 imaginem
2871 2272 3014 2330 ferre
3037 2290 3217 2346 posset
3242 2301 3255 2336 :
3285 2285 3478 2340 deinde

1906 2355 1973 2408 ad
2014 2355 2103 2408 Dei
2135 2371 2349 2426 quoque
2381 2359 2831 2431 dispensationem
2868 2381 2968 2436 pro
3003 2369 3240 2428 humano
3283 2389 3477 2444 genere

1907 2444 2104 2501 factam
2149 2449 2466 2519 respiciens,
2495 2455 2638 2522 quod
2677 2456 2936 2513 Dominus
2989 2464 3340 2535 semetipsum
3381 2469 3476 2525 deo

1906 2539 2043 2593 derit
2070 2541 2456 2612 redemptionis
2476 2546 2706 2613 pretium
2734 2563 2830 2616 pro
2854 2551 3105 2608 omnibus
3127 2556 3302 2624 nobis,
3322 2560 3478 2630 inops

1904 2639 1989 2686 est
2019 2633 2252 2698 consilii,
2283 2643 2340 2688 et
2371 2635 2424 2688 in
2456 2637 2538 2690 his
2559 2639 2814 2695 omnibus
2844 2657 2964 2711 qua).
2994 2645 3091 2714 ipsi
3117 2654 3478 2719 suppetebant

1903 2724 2098 2791 quierit
2123 2725 2392 2791 quodnam
2423 2727 2621 2782 donum
2676 2729 2905 2789 Domino
2943 2736 3160 2807 dignum
3191 2745 3476 2812 reperiret.

1906 2813 2045 2879 Quid
2088 2815 2270 2886 igitur,
2311 2818 2506 2888 inquit,
2543 2821 2828 2878 retribuam
2861 2824 3128 2884 Domino?
3158 2830 3272 2886 Non
3306 2837 3477 2890 sacri-

1905 2906 2047 2974 ﬁcia,
2078 2924 2185 2963 non
2227 2910 2558 2976 holocausta,
2589 2927 2699 2968 non
2758 2914 2945 2984 legalis
2995 2920 3169 2979 cultus
3216 2927 3474 2981 observa-

1905 2998 2127 3064 tionem,
2169 2999 2262 3053 sed
2307 2999 2480 3068 ipsam
2537 3015 2708 3056 meam
2749 3005 2913 3060 vitam
2954 3022 3190 3065 omnem.
3249 3015 3313 3069 Et
3354 3031 3474 3072 eam

1902 3091 1973 3143 ob
2025 3105 2264 3157 causam,
2319 3090 2586 3157 Calicem,
2635 3093 2841 3163 inquit,
2895 3099 3145 3155 salutaris
3196 3107 3472 3175 accipiam,

1901 3180 2138 3236 laborem
2171 3197 2330 3251 quem
2369 3185 2420 3237 in
2456 3187 2671 3255 pietatis
2710 3190 3095 3248 certaminibus
3143 3197 3383 3264 pertulit,
3419 3211 3475 3252 et

1900 3277 2262 3329 constantiam
2297 3292 2402 3346 qua
2435 3279 2501 3332 ad
2533 3291 2761 3334 mortem
2799 3297 2968 3352 usque
2996 3295 3217 3353 peccato
3247 3291 3470 3350 restitit.

1899 3368 2122 3422 calicem
2163 3371 2463 3440 appellans.
2501 3370 2616 3426 Hoc
2661 3373 2834 3440 ipsum
2881 3378 3283 3444 autemluerit,
3325 3385 3469 3450 quod

1900 3459 2151 3516 Salvator
2183 3462 2296 3530 ipse
2329 3463 2384 3516 in
2414 3463 2718 3533 Evangeliis
2747 3465 2927 3520 docuit
2955 3485 2970 3522 :
3006 3469 3188 3535 Pater,
3220 3473 3266 3526 si
3301 3476 3470 3540 possi-

1898 3552 1999 3607 bile
2025 3563 2120 3620 est,
2152 3565 2386 3609 transeat
2413 3557 2555 3612 calix
2583 3558 2680 3613 iste
2701 3560 2767 3614 ⁸¹.
2801 3560 2865 3613 Ει
2909 3576 3102 3616 rursus
3137 3563 3201 3615 ad
3233 3565 3468 3633 discipu-

1898 3645 1977 3699 los
2012 3663 2025 3699 :
2063 3644 2293 3701 Potestis
2333 3647 2505 3702 bibere
2549 3650 2803 3716 calicem,
2861 3669 3012 3720 quem
3063 3672 3154 3726 ego
3206 3658 3466 3713 bibiturus

1896 3752 2012 3789 sum
2033 3737 2112 3790 8"‘2
2139 3737 2490 3808 Signilieabat
2509 3751 2688 3796 autem
2717 3752 2947 3798 mortem
2973 3762 3132 3815 quam
3161 3762 3258 3818 pro
3283 3754 3466 3807 mundi

1896 3827 2071 3881 salute
2119 3842 2310 3896 passus
2357 3839 2460 3886 est.
2511 3831 2654 3895 ldeo,
2700 3833 2893 3903 inquit,
2935 3835 3163 3891 Calicem
3215 3840 3467 3896 salutaris

1894 3918 2184 3985 accipiam;
2236 3919 2339 3973 hoc
2387 3929 2492 3986 est,
2539 3922 2729 3978 sitiens
2777 3924 2845 3978 ad
2902 3929 3148 3999 martyrii
3199 3934 3467 3986 contendo

1893 4010 2441 4078 consummationem,
2478 4015 2912 4084 quandoquidem
2967 4018 3226 4087 supplicia
3264 4021 3317 4074 in
3354 4024 3466 4090 pie-

1895 4100 2021 4152 tatis
2072 4101 2461 4157 certaminibus
2518 4104 2687 4169 illata,
2732 4108 2927 4164 auium
2977 4118 3033 4162 et
3085 4113 3328 4179 corporis
3381 4132 3468 4170 re-

1892 4191 2094 4261 quiem,
2129 4207 2235 4246 non
2271 4193 2510 4248 dolorem
2559 4198 2714 4251 duco.
2753 4196 2838 4253 Me
2883 4200 2998 4268 ipse
3051 4202 3232 4271 igitur,
3266 4204 3460 4274 inquit.

1892 4285 2168 4339 victimam
2204 4295 2260 4341 et
2291 4286 2619 4341 oblationem
2651 4288 2876 4344 oll'eram
2911 4291 3174 4348 Domino:
3205 4298 3460 4363 quoniam

1891 4379 2073 4432 omnia
2124 4378 2514 4435 benefacientis
2555 4381 2818 4452 dignitate
2858 4393 2986 4450 puto
3016 4401 3137 4440 esse
3180 4387 3458 4445 inferiora.

1892 4471 2067 4538 Atque
2107 4469 2270 4524 hasce
2316 4470 2703 4538 promissiones
2747 4481 2883 4526 teste
2925 4477 3071 4528 omni
3115 4477 3309 4546 populo
3341 4494 3464 4544 per-

1891 4561 2100 4614 solvere
2127 4572 2348 4629 paratus
2379 4578 2518 4616 sum.
2559 4564 2719 4617 Vsus.
2746 4563 2798 4618 5.
2849 4563 2983 4618 Vota
3015 4567 3159 4644 enim
3187 4585 3303 4624 mea
3337 4573 3461 4626 red-

1891 4653 2014 4704 dam
2043 4652 2096 4705 in
2137 4663 2413 4722 conspectu
2445 4656 2610 4707 anulis
2640 4655 2822 4723 populi
2864 4657 2998 4724 ejus.
3033 4658 3236 4715 Deinde
3265 4663 3462 4716 adhor-

1896 4752 2039 4797 tatur
2073 4745 2370 4811 auditores,
2404 4756 2462 4800 ut
2493 4761 2559 4801 ne
2603 4745 2892 4802 formident
2923 4759 3170 4804 mortem.
3207 4751 3367 4808 Vens.
3403 4757 3457 4812 6.

1891 4833 2158 4900 Pretiosa,
2187 4837 2378 4905 inquit,
2419 4838 2473 4890 in
2513 4847 2790 4905 conspectu
2843 4837 3054 4892 Domini
3082 4857 3221 4896 mors
3247 4854 3462 4901 sancto--

1892 4943 2006 4979 rum
2021 4928 2158 4996 ejus.
2185 4927 2380 4992 Nolite,
2401 4928 2494 4993 ait,
2517 4944 2706 4997 segnes
2731 4943 2848 4994 esse
2873 4931 2940 4983 ad
2972 4933 3113 4986 hunc
3142 4934 3458 5001 praeclarum

1891 5032 2142 5086 agonem,
2174 5034 2268 5073 vos
2299 5020 2563 5085 homines,
2596 5036 2767 5090 neque
2792 5022 3025 5077 timeatis
3051 5038 3317 5091 mortem,
3351 5043 3458 5083 non

965 5179 1006 5211 ³⁸
1043 5181 1231 5236 Matth.
1267 5197 1415 5246 XXVI,
1453 5181 1541 5236 59.
1621 5183 1666 5214 ³³
1704 5183 1892 5238 Matth.
1927 5193 2019 5242 xx,
2058 5177 2149 5230 9.2.

1884 5295 2240 5376 stanterrsi-
2299 5368 2311 5376 .
2642 5369 2654 5376 -
2702 5369 2710 5376 .

1953 5369 2083 5444 (υἷέ)
2109 5367 2458 5444 Stequinqne
2475 5383 2600 5422 mss.
2625 5369 3049 5444 ᾼίέιίῖιῖλάλλὰ-
3061 5372 3159 5444 τὴν
3185 5372 3387 5428 πᾶσαν.

1951 5438 2062 5524 ςξθ8)
2093 5438 2316 5522 (lodices
2339 5449 2590 5505 quatuor,
2621 5439 2648 5491 ὂ
2673 5439 2784 5507 ἐγὼ
2820 5440 2977 5496 πίνω.
3019 5438 3152 5513 Reg.
3207 5455 3455 5512 quartus,

1879 5510 2370 5653 έέῗέὲῗιιέἒαίιίο
2392 5577 2552 5633 Basil.
2583 5587 2631 5634 et
2657 5591 3028 5653 mss.septem.
3057 5583 3232 5638 Edilio
3257 5583 3457 5648 Paris.,

1874 5649 2162 5720 ἀλγηδόνα.
2862 5649 2877 5653 “
2987 5725 2998 5736 ⁸
3275 5724 3287 5738 ⁹

1953 5721 2065 5776 I99)
2109 5720 2256 5791 ltegii
2295 5720 2563 5778 secundus
2602 5731 2656 5779 et
2679 5731 2864 5780 sextus
2893 5733 3152 5780 omlllllttl
3187 5742 3344 5788 7:00;.
