3838 6214
323 295 416 348 ill

1269 283 1615 341 APPENDIX
1649 282 1942 339 OPERUM
1984 282 2042 338 S.
2085 282 2331 338 BASlLll
2371 282 2610 338 MAG-Nl.

321 411 464 468 enim
501 406 753 462 interitus
799 410 904 466 est,
943 402 1036 457 sed
1073 401 1196 456 vitae
1235 402 1483 466 occasio;
1514 414 1616 459 non
1644 409 1728 453 est
1759 400 1896 453 inte-

2006 398 2085 451 τὸν
2115 398 2340 452 θάνατον
2365 416 2376 428 ·
2411 399 2472 452 οὐ
2502 399 2611 470 γὰρ
2646 397 2821 469 φθορά
2851 399 3025 462 ἐστιν,
3059 394 3194 450 ἀλλὰ
3221 393 3367 463 ζωῆς
3400 393 3565 465 ἀφορ-

321 519 416 574 gra
466 498 684 562 deletio,
730 496 825 549 sed
873 492 1135 548 transitus
1180 489 1245 546 ad
1295 491 1579 545 honorem.
1627 493 1893 545 Caeterum

2006 491 2070 560 μή
2092 507 2106 519 '
2139 492 2238 544 οὐκ
2276 491 2583 561 ἀφανισμός
2621 492 2736 543 ἐστι
2775 487 3071 559 παντελὴς,
3106 485 3242 538 ἀλλὰ
3279 485 3568 556 μετάϐασις

323 592 462 665 apud
497 587 742 646 homines
773 600 964 640 avarus
991 584 1210 654 quidam
1243 581 1428 652 lapilli,
1460 579 1671 636 ﬂoridis
1702 580 1897 634 colori-

327 690 428 742 bus
475 682 761 753 fulgentes,
791 678 974 732 vocari
1016 675 1190 731 solent
1224 675 1453 745 pretiosi
1485 691 1498 728 :
1529 681 1586 728 at
1616 687 1738 727 vere
1765 672 1898 726 Pre-

325 779 458 834 tiosa
486 791 568 830 res
597 782 672 827 est
699 785 840 824 mors
865 777 1164 823 sanctorum
1188 768 1323 836 ejus.
1354 765 1487 822 Cum
1520 767 1700 819 anima
1733 765 1894 818 vitam

325 883 511 939 puram
545 879 730 934 agens,
761 879 790 916 a
824 861 1004 916 carnis
1040 858 1288 914 sordibus
1320 858 1515 920 libera,
1547 855 1770 910 macula:
1806 863 1899 910 ant

328 976 471 1031 rugm
515 971 727 1028 expers,
769 969 832 1009 ex
884 952 1160 1006 laboribus
1211 965 1308 1020 pro
1359 950 1560 1018 pietate
1607 947 1899 1003 exantlmis

325 1053 551 1122 gloriam
602 1049 818 1117 adepta,
854 1043 1076 1116 jnstitia:
1131 1056 1332 1096 corona
1385 1040 1658 1106 redimita,
1695 1055 1758 1095 ac
1801 1055 1899 1109 per

327 1149 440 1202 haec
471 1144 650 1200 omnia
685 1138 902 1195 virtutis
935 1135 1335 1206 pulchritudine
1366 1133 1709 1204 praefulgens,
1747 1131 1898 1188 stite-

327 1241 392 1294 rit
438 1250 556 1291 sese
588 1231 814 1288 Domino
856 1237 1021 1298 atque
1068 1226 1448 1280 universorum
1480 1225 1669 1293 judici,
1711 1223 1898 1294 gratia:

329 1326 666 1398 splendorem
703 1319 942 1391 pretioso
975 1316 1120 1370 omni
1157 1300 1334 1384 lapide
1366 1314 1681 1368 lucidiorem
1723 1313 1898 1381 possi-

331 1425 483 1481 dens,
517 1411 785 1483 quomodo
818 1409 978 1479 hujus
1009 1408 1244 1466 hominis
1275 1421 1422 1462 mors
1452 1420 1636 1460 coram
1674 1404 1899 1458 Domino

328 1526 434 1567 non
470 1507 632 1563 fuerit
669 1501 943 1574 pretiosa?
988 1501 1066 1556 Ne
1103 1501 1265 1570 igitur
1308 1507 1613 1553 sanctorum
1661 1498 1897 1552 virorum

327 1617 393 1655 ex
425 1600 526 1654 hac.
557 1597 668 1652 vita
704 1594 907 1647 exitum
958 1591 1260 1661 lugeamus,
1292 1592 1389 1644 sed
1425 1591 1603 1658 potius
1619 1599 1819 1654 ortum,
1846 1600 1902 1643 et

326 1705 512 1747 eorum
555 1688 607 1742 in
641 1687 782 1742 hanc
815 1683 980 1738 vitam
1020 1683 1347 1752 ingressum.
1379 1679 1512 1735 Nam
1556 1681 1808 1734 introitus
1844 1680 1896 1733 in

1994 582 2129 654 πρὸς
2153 583 2337 654 τιμήν.
2371 583 2529 652 Παρά
2561 583 2659 651 μὲν
2693 578 2784 636 οὖν
2814 583 2925 642 τοῖς
2957 577 3262 650 ἀνθρώποις
3290 579 3402 639 τοῖς
3428 575 3570 644 φιλο-

1995 672 2244 736 πλούτοις
2285 673 2481 726 λεθίδιά
2512 691 2668 738 τινα,
2710 671 2962 742 ἀνθηροῖς
3002 669 3290 741 χρώμασιν
3325 666 3567 736 ὑπολάμ-

1994 781 2182 828 ποντα,
2224 764 2380 834 τίμια
2403 764 2643 833 πέφυκεν
2674 761 3064 834 ὀνομάζεσθαι·
3114 763 3311 829 Τίμιον
3346 758 3482 828 (99*)
3516 757 3569 810 δὲ

1995 855 2211 925 ἀληθῶς
2245 858 2277 910 ὀ
2311 855 2567 920 θάνατος
2608 852 2728 908 τῶν
2767 855 2953 908 ὁσίων
2995 852 3201 906 αὑτοῦ.
3231 853 3396 903 Ὅταν
3429 846 3570 920 ψυχὴ

1997 946 2378 1018 κεκαθαρμένη
2408 946 2488 1017 τῷ
2519 947 2638 1018 βίῳ,
2683 946 2939 1016 ἐλευθέρα
2973 944 3080 997 τῶν
3114 943 3214 1012 τῆς
3247 941 3447 1014 σαρκὸς
3481 958 3572 1012 μο-

1996 1037 2304 1108 λυσμάτων,
2343 1038 2420 1110 μὴ
2451 1039 2648 1109 ἔχουσα
2677 1038 2863 1092 σπῖλον
2895 1038 2926 1108 ἢ
2975 1036 3180 1108 ῥυτίδα,
3205 1037 3270 1088 ἐκ
3303 1034 3410 1087 τῶν
3437 1034 3573 1104 ὑπὲρ

1996 1130 2094 1200 τῆς
2140 1130 2421 1194 εὐσεϐείας
2465 1130 2690 1199 ἀγώνων
2754 1129 3145 1200 δεδοξασμένη,
3207 1129 3300 1182 καὶ
3345 1127 3437 1180 τὸν
3482 1128 3575 1197 τῆς

1996 1221 2340 1294 δικαιοσύνης
2362 1223 2743 1294 ἀναδησαμένη
2777 1224 3060 1292 στέφανον,
3097 1222 3161 1274 ὲκ
3199 1221 3416 1276 πάντων
3451 1219 3574 1272 τού-

1997 1330 2104 1366 των
2131 1313 2566 1386 ὑπερλάμπουσα
2598 1314 2676 1386 τῷ
2718 1315 2902 1369 κάλλει
2934 1316 3032 1388 τῆς
3067 1315 3288 1388 ἀρετῆς,
3325 1315 3573 1385 παραστῇ

1998 1404 2075 1476 τῷ
2104 1406 2347 1478 Δεσπότῃ
2392 1409 2486 1462 καὶ
2519 1412 2678 1480 κριτῇ
2713 1408 2822 1461 τῶν
2860 1409 3019 1472 ὅλων,
3061 1408 3262 1470 παντὸς
3303 1407 3451 1460 λίθου
3483 1423 3578 1460 πο-

1999 1494 2252 1562 λυτελοῦς
2304 1498 2692 1571 διαυγεστέραν
2722 1498 2819 1571 τὴν
2851 1500 2915 1552 ὲκ
2956 1500 3056 1569 τῆς
3097 1499 3317 1570 χάριτος
3362 1497 3578 1567 φαιδρό-

1999 1606 2138 1661 τητα
2165 1589 2499 1661 κεκτημένη,
2520 1590 2638 1654 πῶς
2663 1590 2782 1660 οὐχὶ
2805 1590 2982 1661 τίμιος
3001 1590 3092 1643 τοῦ
3112 1590 3353 1644 τοιουτου
3369 1587 3576 1659 ἀνθρώ-

2001 1697 2101 1733 που
2131 1682 2370 1737 ὲναντίον
2397 1682 2602 1754 Κυρίου
2621 1685 2648 1736 ὁ
2667 1683 2894 1747 Θάνατος
2916 1701 2930 1748 ;
2950 1683 3040 1751 Μὴ
3063 1683 3238 1737 τοίνυν
3261 1680 3578 1753 ὀδυρώμεθα

330 1785 472 1838 hunc
525 1779 783 1832 mundum
830 1777 1136 1844 atljunctam
1183 1775 1346 1833 habet
1385 1772 1737 1842 ignominiam
1782 1785 1896 1826 sor-

2006 1770 2094 1836 τὰς
2123 1771 2372 1828 ἐντεῦθεν
2399 1773 2614 1838 ἐξόδους
2634 1774 2742 1828 τῶν
2770 1773 2933 1828 ὁσίων
2960 1775 3190 1846 ἀνδρῶν,
3215 1774 3350 1829 ἀλλὰ
3379 1773 3579 1845 μᾶλλον

329 1873 475 1926 dium
506 1867 803 1938 fetorisque
833 1875 886 1920 et
912 1880 1098 1920 earum
1133 1879 1337 1929 rerum,
1364 1880 1465 1932 qua
1479 1879 1592 1918 rum
1635 1878 1701 1918 nc
1742 1876 1898 1931 aspoo

327 1978 474 2019 ctum
513 1961 729 2030 quidem
776 1957 937 2012 facile
985 1956 1129 2010 ferre
1167 1966 1349 2025 posset
1390 1957 1532 2010 ullus
1571 1969 1779 2019 eorum,
1810 1953 1901 2023 qui

333 2053 456 2110 vitae
483 2050 640 2106 nobis
667 2057 917 2104 auctores
942 2054 1088 2103 sunt.
1114 2044 1220 2101 Per
1249 2045 1373 2100 talia
1400 2046 1543 2102 enim
1579 2044 1902 2102 necessitate

329 2157 536 2199 naturae
571 2141 898 2197 constitutus
920 2147 1003 2194 est
1025 2152 1234 2192 corneae
1261 2137 1557 2192 nativitatis
1604 2137 1898 2206 ingressus.

331 2235 554 2298 Contra,
582 2233 760 2293 exitus
801 2239 856 2284 ct
892 2229 939 2283 is
973 2228 1064 2297 qui
1093 2228 1217 2282 hinc
1243 2228 1302 2282 lit
1325 2227 1606 2282 abscessus
1635 2227 1901 2295 pretiosus

327 2337 411 2381 est
435 2335 494 2381 et
529 2321 786 2388 illustris;
819 2333 926 2374 non
959 2318 1202 2374 omnium
1240 2317 1536 2383 hominum,
1566 2317 1658 2373 sed
1690 2331 1900 2382 eorum,

327 2418 418 2488 qui
449 2424 639 2472 sancte
678 2421 734 2468 et
766 2411 915 2480 iuste
943 2411 1084 2466 hanc
1138 2409 1306 2463 vitam
1335 2418 1729 2478 transegerunt.
1765 2407 1896 2465 Pre-

333 2513 472 2564 tiosa
504 2507 668 2578 igitur
695 2513 778 2560 est
804 2517 973 2568 mors,
1001 2516 1104 2559 non
1130 2500 1398 2570 pretiosus
1426 2499 1702 2555 hominum
1726 2507 1896 2554 ortus.

328 2601 630 2656 Seminatur
675 2596 833 2662 enim,
888 2593 1089 2668 inquit,
1133 2593 1189 2648 in
1233 2592 1579 2661 ignobilitate,
1636 2591 1806 2661 surgit
1844 2591 1901 2645 iu

328 2691 490 2764 375
536 2690 752 2761 gloria:
796 2687 1086 2741 seminatur
1127 2686 1182 2743 in
1229 2683 1581 2752 corruptione,
1632 2683 1796 2751 surgit
1841 2683 1895 2735 in

327 2781 798 2852 incorruptione”.
825 2781 1088 2849 Compara
1123 2777 1306 2845 itaque
1341 2786 1568 2831 mortem
1597 2775 1898 2837 nativitati;

329 2895 393 2934 ac
418 2880 542 2933 eum
572 2877 664 2944 qui
697 2875 954 2929 liberatus
981 2880 1066 2928 est
1095 2869 1410 2940 ignominia,
1446 2869 1628 2938 lugere
1664 2867 1897 2922 desinas.

330 2971 463 3024 Cum
514 2966 736 3024 Judaice
765 2963 1072 3029 interirent,
1110 2959 1475 3015 abominanda
1529 2965 1687 3011 erant
1735 2958 1898 3012 cada—

329 3074 454 3115 \era
483 3076 496 3112 :
539 3057 628 3112 ubi
663 3053 887 3123 contigit
918 3068 1062 3108 mors
1093 3066 1190 3121 pro
1231 3050 1468 3114 Christo,
1501 3050 1742 3118 reliquiae
1771 3064 1898 3104 san-

328 3161 538 3205 ctorum
573 3145 703 3214 ejus‘
725 3152 848 3202 sunt
886 3142 1154 3211 pretiosae.
1192 3139 1364 3192 Antea
1411 3137 1690 3192 dicebatur
1719 3149 1898 3190 sacer-

328 3241 544 3296 dotibus
575 3248 629 3293 et
657 3234 928 3291 Nazaraais
953 3231 999 3264 ³⁸
1027 3248 1042 3287 :
1074 3229 1199 3285 Non
1229 3229 1718 3284 contaminabimini
1747 3243 1901 3295 super

327 3332 436 3386 ullo
461 3338 705 3394 mortuo;
735 3335 790 3382 et
813 3342 828 3380 :
850 3324 910 3381 Si
934 3323 1052 3394 quis
1116 3322 1343 3392 tetigerit
1378 3321 1624 3384 cadaver,
1675 3321 1903 3372 immun-

326 3424 424 3473 dus
469 3419 570 3473 erit
622 3431 780 3484 usque
821 3413 890 3468 ad
937 3427 1240 3482 uesperam;
1291 3411 1442 3476 item,
1487 3407 1704 3466 Lavabit
1752 3410 1902 3462 resti-

325 3521 496 3567 menta
523 3526 641 3565 sua.
683 3507 837 3562 Nunc
869 3514 1048 3560 autem
1081 3503 1171 3573 qui
1211 3501 1465 3570 martyris
1491 3515 1611 3555 ossa
1643 3499 1899 3569 tetigerit,

326 3620 392 3658 cx
425 3601 693 3658 insidente
720 3598 772 3653 in
808 3611 1035 3665 corpore
1061 3594 1240 3665 gratia
1271 3592 1563 3662 quamdam
1599 3592 1900 3648 sanctitatis

326 3693 796 3764 participationem
840 3687 1055 3757 accipit.
1086 3685 1330 3740 Pretiosa
1373 3695 1445 3737 est
1489 3684 1652 3753 igitur
1690 3685 1744 3736 in
1773 3700 1900 3738 con-

325 3798 502 3857 spectu
529 3784 746 3840 Domini
775 3799 914 3838 mors
943 3791 1246 3836 sanctorum
1279 3779 1414 3848 ejus.
1449 3776 1527 3834 Ne
1571 3777 1900 3848 pretiosissi-

327 3881 431 3936 mis
479 3878 740 3934 vilissima
787 3873 1058 3945 praeferte,
1113 3885 1289 3941 neque
1341 3871 1479 3926 male
1529 3870 1899 3936 commutatis,

325 3974 492 4028 vitam
525 3971 787 4026 caducam
829 3965 992 4022 statui
1019 3962 1398 4033 .corruptionis
1429 3961 1637 4030 experti
1666 3975 1730 4015 ac
1758 3958 1900 4014 felici

327 4071 723 4134 praeponentes.
757 4059 1036 4129 Siquidem
1081 4067 1276 4126 praeter
1313 4054 1621 4123 ignominiae
1660 4049 1903 4106 affectio-

326 4173 445 4221 nes,
470 4155 674 4226 quibus
703 4150 994 4220 voluptarii
1027 4149 1269 4219 pieriqne
1295 4145 1521 4214 subjecti
1553 4153 1701 4209 sunt,
1726 4143 1904 4198 adhuc

324 4249 492 4303 ctiam
537 4246 662 4305 vita:
712 4241 1103 4307 necessitates,
1155 4237 1658 4310 magnanimitatem
1709 4235 1904 4288 animm

326 4342 668 4410 frangentes,
719 4337 892 4405 ipsam
937 4334 1103 4389 veluti
1149 4334 1400 4401 redigunt
1450 4331 1503 4385 in
1553 4329 1902 4394 servitutem,

1997 1865 2097 1928 τὰς
2125 1866 2367 1935 γενέσεις
2399 1866 2493 1920 καὶ
2521 1867 2619 1930 τὰς
2646 1869 2725 1932 είς
2756 1867 2854 1939 τὴν
2885 1867 3028 1940 ζωὴν
3052 1867 3256 1938 ταύτην
3287 1867 3575 1939 παρόδους.

2009 1958 2075 2010 Ἦ
2112 1958 2208 2028 μὲν
2235 1958 2344 2030 γάρ
2375 1960 2455 2021 είς
2497 1958 2587 2012 τὸν
2635 1958 2836 2030 κόσμον
2879 1959 3066 2012 τοῦτον
3111 1960 3335 2024 εἴσοδος,
3365 1959 3430 2012 δι’
3461 1960 3581 2012 ἀτι-

2004 2048 2134 2119 μίας
2159 2049 2276 2102 ὲστὶ
2317 2048 2489 2120 ῥύπου
2530 2049 2623 2102 κα)⁸
2655 2049 2940 2115 δυσωδίας,
2987 2049 3084 2102 καὶ
3128 2043 3203 2103 ὧν
3247 2049 3355 2102 οὐδ’
3392 2049 3458 2102 ἂν
3482 2049 3583 2119 τὴν

2002 2137 2129 2192 θέαν
2181 2139 2416 2201 εὐκόλως
2472 2137 2760 2208 ἀνάσχοιτό
2799 2155 2882 2202 τις
2919 2137 3068 2210 (100)
3094 2139 3194 2209 τῆς
3235 2139 3380 2210 ζωῆς
3425 2137 3584 2209 ἡμῶν

2001 2231 2243 2301 καθηγου
2253 2231 2428 2302 μένων
2447 2247 2462 2262 ·
2501 2230 2589 2284 διὰ
2616 2230 2726 2303 γὰρ
2759 2231 2865 2284 τῶν
2893 2231 3148 2286 τοιούτων
3175 2233 3208 2303 ἡ
3232 2231 3463 2302 πάροδος
3483 2231 3588 2301 τῆς

2002 2319 2266 2392 σαρκίνης
2300 2319 2568 2388 γενέσεως
2598 2317 2676 2388 τῷ
2700 2319 2800 2390 τῆς
2842 2320 3056 2390 φύσεως
3093 2320 3372 2391 ἀναγκαίῳ
3395 2320 3472 2391 (1)
3495 2337 3586 2372 νε-

2001 2410 2379 2482 νομοθέτηται.
2404 2411 2472 2464 Ἦ
2493 2411 2549 2464 δὲ
2575 2409 2754 2475 ἔξοδος
2777 2411 2870 2464 καὶ
2890 2414 2924 2482 ἡ
2948 2411 3237 2483 ἀπαλλαγὴ
3258 2413 3293 2483 ἡ
3308 2410 3585 2476 ἐντεῦθεν,

2001 2503 2156 2573 τιμία
2203 2503 2298 2557 καὶ
2353 2505 2690 2576 περιφανήςο
2738 2505 2798 2557 οὐ
2838 2505 3056 2558 πάντων
3083 2503 3408 2576 ἀνθρώπων,
3445 2503 3582 2558 ἀλλά

2002 2596 2110 2650 τῶν
2133 2596 2294 2660 ὁσίως
2315 2598 2407 2650 καὶ
2428 2596 2650 2661 δικαίως
2671 2595 2760 2651 τὸν
2786 2596 3021 2651 ἐνταῦθα
3040 2596 3152 2667 βίον
3174 2597 3579 2665 διενεγκόντων.

2003 2686 2196 2758 Τίμιος
2222 2684 2314 2741 οὖν
2352 2690 2380 2741 ό
2420 2688 2668 2753 Θάνατος,
2717 2689 2836 2760 οὐχ).
2871 2689 3030 2760 τιμία
3067 2688 3175 2742 τῶν
3217 2687 3521 2760 ἀνθρώπων
3547 2691 3585 2760 ἠ

2002 2780 2236 2850 γένεσις.
2268 2781 2576 2850 Σπείρεται
2609 2782 2739 2851 γὰρ,
2791 2784 2973 2854 φησιν,
3013 2782 3082 2836 ἐν
3117 2783 3338 2850 ἀτιμία,
3368 2781 3589 2851 ἐγείρε-

2001 2891 2095 2927 ται
2137 2873 2207 2926 ἐν
2251 2873 2432 2943 δόξῃ’
2482 2875 2788 2943 σπείρεται
2833 2876 2903 2928 ἐν
2954 2872 3165 2945 φθορᾷ,
3208 2873 3591 2943 ἐτείρεταιέν

2001 2964 2326 3036 ἀφθαρσίᾳ.
2353 2964 2652 3036 Σύγκρινον
2684 2965 2861 3020 τοίνυν
2886 2969 2954 3038 τῇ
2979 2965 3189 3034 γενέσει
3213 2964 3306 3018 τὸν
3329 2963 3584 3028 θάνατον,

2003 3058 2097 3110 καὶ
2141 3054 2347 3108 παῦσαι
2387 3056 2709 3127 ὀδυρόμενος
2753 3056 2845 3110 τὸν
2895 3057 2995 3128 τῆς
3038 3055 3262 3126 ἀτιμίας
3303 3053 3589 3108 ἀπαλλασ-

2004 3147 2250 3218 σύμενον.
2289 3148 2418 3199 Ὅτε
2457 3147 2766 3212 Ἰουδαϊκῶς
2811 3149 3174 3219 ἀπέθνησκον,
3217 3146 3476 3217 βδελυκτά
3515 3141 3589 3217 ἦν

2001 3240 2070 3294 τὰ
2104 3240 2434 3312 θνησιμαῖα·
2477 3241 2564 3295 ὅτε
2615 3241 2754 3314 ὑπὲρ
2796 3241 3031 3314 Χριστοῦ
3076 3243 3104 3295 ὁ
3146 3240 3394 3305 θάνατος,
3427 3240 3590 3310 τίμια

2000 3331 2070 3385 τὰ
2102 3331 2176 3400 (2)
2209 3332 2436 3401 λείψανα
2469 3333 2573 3387 τῶν
2598 3333 2761 3387 ὁσίων
2789 3331 2973 3387 αὐτοῦ.
3008 3331 3122 3405 Πρὸ
3145 3333 3333 3386 τούτου
3361 3333 3589 3401 ἐλέγετο

2000 3425 2115 3487 τοῖς
2149 3424 2352 3496 ἱερεῦσι
2391 3425 2487 3480 καὶ
2533 3429 2644 3490 τοῖς
2695 3425 3036 3498 Ναζωραίοις
3081 3426 3165 3488 τὸ,
3213 3428 3297 3479 Οὐ
3335 3425 3592 3494 μιανθῆ-

2002 3516 2188 3567 σεσθε
2213 3514 2288 3585 (5)
2317 3513 2411 3568 ἐπ’
2441 3515 2639 3570 οὐδενί
2674 3517 3014 3583 τεθνηκότι·
3059 3514 3154 3567 καὶ
3192 3514 3275 3578 τὸ,
3324 3513 3465 3567 Ἐάν
3497 3531 3594 3579 τις

2002 3603 2228 3672 ἅψηται
2279 3607 2520 3674 νεκροῦ,
2560 3607 2893 3676 ἀκάθαρτος
2929 3607 3100 3661 ἔσται
3144 3605 3257 3672 ἕως
3290 3607 3553 3674 ἑσπέρας
3573 3623 3590 3637 ⁸

2002 3698 2096 3750 καὶ
2116 3696 2200 3764 τὸ,
2239 3698 2472 3753 Πλυνεῖ
2493 3700 2707 3754 ἑαυτοῦ
2749 3700 2822 3754 τὰ
2852 3699 3073 3769 ἱμάτια.
3112 3699 3248 3752 Νυνὶ
3297 3699 3353 3752 δὲ
3386 3699 3414 3750 ὁ
3447 3698 3597 3768 ἁψά-

2004 3806 2164 3861 μενος
2195 3791 2396 3845 ὀστέων
2445 3792 2741 3864 μάρτυρος,
2795 3792 3062 3862 λαμϐάνει
3120 3792 3244 3847 τινὰ
3294 3792 3598 3863 μετουσίαν

2003 3881 2276 3954 ἁγιασμοῢ
2311 3885 2376 3938 ὲκ
2395 3884 2497 3954 τῆς
2527 3883 2604 3956 τῷ
2629 3883 2843 3954 σώματι
2873 3883 3314 3963 παρεδρευούσης
3341 3883 3592 3955 χάριτος.

2007 3976 2202 4045 Τίμιος
2229 3972 2320 4031 οὖν
2339 3977 2621 4032 ἐναντίον
2646 3976 2870 4046 Κυρίου
2900 3980 2932 4032 ὁ
2965 3976 3219 4043 θάνατος
3256 3974 3375 4031 τῶν
3400 3976 3602 4030 ὁσίων

2001 4068 2206 4122 αὐτοῦ.
2243 4069 2334 4140 Μὴ
2379 4070 2683 4141 προτιμᾶτε
2723 4069 2831 4123 τῶν
2875 4068 3255 4140 πολυτιμήτων
3298 4066 3367 4124 τὰ
3399 4067 3600 4138 ἀτιμό-

2001 4173 2160 4223 τατα,
2208 4159 2342 4230 μηδὲ
2381 4160 2544 4214 κακοὶ
2587 4159 2948 4214 συναλλόαται
2997 4159 3244 4230 γίνεσθε,
3294 4160 3393 4231 τὴν
3437 4159 3600 4230 φθει-

2007 4249 2239 4322 ρομένην
2295 4249 2440 4324 ζωὴν
2492 4252 2592 4323 τῆς
2631 4252 2911 4323 ἀφθάρτου
2963 4252 3058 4307 καὶ
3103 4251 3379 4323 μακαρίας
3413 4269 3600 4306 κατα-

2007 4339 2249 4404 στάσεως
2293 4342 2688 4413 προτιμῶντες.
2735 4344 2897 4397 ’Ἄνευ
2940 4341 3050 4413 γὰρ
3103 4342 3212 4397 τῶν
3247 4342 3602 4414 παθημάτων

325 4433 451 4486 dum
477 4432 543 4486 ad
573 4429 756 4486 carnis
799 4427 1115 4482 famulatum
1152 4426 1296 4479 illam
1340 4421 1652 4477 detrahunt.
1681 4419 1780 4474 Ubi
1807 4433 1899 4473 an-

2006 4431 2103 4500 τῆς
2148 4425 2523 4501 ἀτιμίας,,οἴς
2559 4432 2610 4483 οἱ
2660 4431 2901 4486 πλεῖστοι
2949 4431 3057 4487 τῶν
3095 4431 3392 4503 φιληδόνων
3451 4432 3598 4485 ὑπό-

327 4532 433 4574 tem
475 4521 732 4586 servitus,
764 4518 873 4573 illic
917 4531 1036 4573 esse
1086 4525 1142 4570 et
1187 4513 1537 4585 ignominiam
1576 4511 1767 4580 liquet.
1803 4509 1900 4564 Fu-

324 4612 518 4680 gienda
569 4612 729 4683 igitur
775 4623 859 4665 est
908 4609 1054 4672 vita,
1114 4607 1201 4663 cui
1264 4604 1560 4676 ignominia
1613 4601 1900 4672 conjuncta

321 4711 424 4762 est.

2007 4536 2235 4582 κεινται,
2268 4521 2348 4575 ἔτι
2374 4522 2468 4576 καὶ
2504 4523 2560 4576 αἱ
2588 4521 2730 4575 κατὰ
2767 4523 2856 4578 τὸν
2891 4523 3002 4594 βίον
3031 4524 3235 4594 χρεῖαι,
3273 4523 3371 4592 τῆς
3404 4521 3594 4593 ψυχῆς

2007 4609 2068 4663 τὺ
2114 4611 2453 4681 μεγαλοφυὲς
2510 4612 3019 4684 κατακάμπτουσαι,
3060 4612 3223 4666 οἱονεὶ
3275 4611 3599 4667 δουλοῦνται

2009 4701 2212 4772 αὐτὴν,
2263 4704 2400 4771 πρὸς
2464 4703 2565 4776 τὴν
2633 4704 2937 4776 ὑπηρεσίαν
2992 4704 3092 4767 τῆς
3161 4701 3362 4774 σαρκὸς
3419 4720 3602 4757 κατα-

325 4799 605 4873 σὺρουσαι.
637 4799 809 4853 Ὅπου
845 4796 904 4851 δὲ
968 4793 1202 4858 δουλεία,
1268 4793 1384 4846 ἐκεῖ
1423 4789 1580 4860 δῆλον
1617 4789 1698 4842 ὅτι
1764 4790 1858 4843 καὶ
1914 4792 2130 4866 ἀτιμία.
2183 4799 2448 4852 Φευκτέον
2499 4795 2594 4852 οὖν
2636 4799 2737 4870 τὴν
2783 4797 2949 4870 ζωὴν,
2990 4791 3024 4872 ᾗ
3069 4797 3131 4852 τὸ
3173 4796 3366 4870 ἄτιμον
3407 4815 3606 4869 παραρ-

324 4905 566 4941 πεφυκεν
573 4927 586 4941 .

367 4889 657 5047 xliii)“,
691 4979 888 5051 inquit,
917 4989 1122 5048 perago
1155 4973 1357 5042 magni,
1395 4973 1522 5028 dum
1554 4971 1648 5027 tibi
1674 4972 1902 5032 Domino

325 5076 568 5132 retribuo
615 5087 702 5129 me
752 5072 952 5142 ipsum.
1001 5066 1139 5123 Nam
1183 5080 1374 5122 servus
1426 5075 1548 5121 tuus
1599 5079 1722 5120 cum
1771 5064 1900 5132 sim,

402 5191 447 5222 ³³
472 5187 493 5242 1
525 5188 652 5244 Cor.
674 5203 768 5254 xv,
787 5186 880 5253 ιδ,
911 5185 1003 5239 42.
1079 5182 1126 5214 ³⁸
1156 5181 1332 5237 Levit.
1361 5197 1442 5248 ιι,
1471 5181 1568 5250 59,
1592 5180 1684 5236 40.

360 5286 529 5406 ί(99·)
554 5285 684 5354 Reg.
704 5291 912 5349 sextus,
936 5283 1136 5352 τίμιος.
1163 5280 1341 5335 Editio
1365 5289 1553 5334 nostra
1566 5277 1726 5332 etalii
1746 5291 1906 5343 mss.,

382 5373 521 5406 μιον.

321 5372 521 5410 τιμιον.

380 5373 538 5496 είίςθθ)
581 5424 928 5481 Desideratur
963 5422 1094 5496 τῶν.
1138 5422 1292 5496 Eorr.

393 5490 469 5564 (1-)
503 5490 654 5565 Colb.
685 5493 1222 5565 quartus,jevécew;
1251 5490 1584 5562 ἀναγκαίως.

392 5555 469 5634 ((2)
494 5555 729 5629 Είίίίίἐ,
760 5555 1036 5636 τίμιαῖά,
1070 5555 1214 5626 θιαξ
1243 5555 1587 5636 occasionem
1639 5557 1904 5636 c93pi_t_li-

321 5630 537 5690 brarius
580 5636 655 5696 ita
702 5630 974 5692 scribendi
1023 5638 1075 5689 in
1120 5635 1365 5702 margine
1390 5631 1525 5702 Beg.
1557 5631 1739 5702 sexti:
1775 5630 1902 5681 Ὀτι

321 5703 404 5758 δεῖ
433 5707 596 5776 τιμᾷν
629 5705 700 5763 τὰ
738 5704 964 5777 λείψανα
999 5706 1108 5761 τῶν
1136 5699 1337 5774 ἁγίων·
1379 5699 1646 5771 Reliquias
1689 5709 1904 5754 sancto-

2080 4976 2131 5031 5.
2174 4977 2338 5030 οὐδὲν
2367 4977 2460 5048 (4),
2484 4979 2638 5049 φησὶ,
2673 4977 2818 5048 μέγα
2844 4977 3002 5042 ποιῶ,
3032 4978 3264 5049 ἐμαυτόν
3288 4993 3370 5030 σοι
3400 4977 3603 5030 ἀποδι-

2007 5067 2130 5131 δοὺς
2153 5067 2233 5138 τῷ
2257 5066 2522 5139 Δεσπότῃ.
2555 5067 2752 5132 Δοῦλος
2791 5068 2901 5138 γὰρ
2929 5067 3002 5121 ὢν
3051 5067 3161 5132 σὸς,
3203 5066 3287 5120 σοὶ
3328 5067 3608 5138 προσάγω

2011 5291 2127 5331 rum
2161 5275 2419 5328 honorare
2441 5284 2667 5341 oportet.

2083 5347 2160 5417 (5)
2194 5347 2304 5417 Sic_
2328 5339 2544 5417 codices
2583 5359 2705 5417 sex.
2741 5343 3207 5417 Editiverocnm
3242 5339 3396 5417 Golb.
3422 5342 3611 5417 septi-

2010 5413 2529 5486 ιιιό,”μιανθήσεται.
2580 5413 2713 5469 Illud
2766 5415 2905 5471 quod
2949 5415 3130 5469 statim
3169 5413 3437 5486 sequitur,
3485 5413 3610 5476 ἓως

2007 5481 2658 5564 ἑσπέραςηοχιψιέιιυοι·
2685 5499 2820 5542 mss.
2862 5486 3184 5540 addidimus.
3224 5481 3426 5538 Ibidem
3457 5499 3609 5541 mss.

2008 5554 2114 5611 non
2144 5554 2321 5625 pauci,
2352 5554 2516 5608 αὐτοῦ
2555 5554 2642 5609 τά.

2083 5619 2160 5698 (4)
2285 5640 2413 5747 ιιὲξβ.
2449 5640 2543 5682 sex
2574 5639 2697 5684 cum
2727 5622 2962 5683 editione
2994 5621 3162 5681 Basil.
3195 5622 3267 5679 At
3295 5619 3462 5678 editio
3489 5621 3613 5679 Pa-

2089 5734 2126 5749 ..
2153 5713 2212 5749 Ου
2273 5713 2301 5749 ν
2351 5712 2435 5749 υν.

2007 5713 2126 5765 rts.,
2153 5711 2301 5749 ουοεν
2322 5711 2435 5750 ουν.
