3838 6214
372 325 474 382 “5

1328 323 1673 383 APPENDIX
1707 317 1998 380 omnem
2038 319 2096 374 s.
2136 280 2394 376 assunt
2422 314 2659 372 MAGNI.

3524 303 3630 358 M6

364 452 685 500 severantes
737 444 791 500 in
846 443 970 509 fide,
1013 442 1240 512 perfecti
1283 443 1337 499 in
1388 443 1670 515 praeceptis
1715 444 1947 511 Domini,

2060 439 2148 493 καὶ
2201 438 2275 510 μὴ
2316 436 2674 509 χωρισθείητε
2724 433 2825 504 τῆς
2873 430 3090 521 μερίδος
3135 426 3242 481 τῶν
3286 423 3629 521 σωζομένων,

368 536 455 589 cui
529 536 703 606 gloria
763 544 817 592 et
885 535 1171 606 imperium
1235 535 1294 590 in
1350 536 1557 593 sacula.
1600 536 1943 593 sacculorum.

368 627 560 683 Amen.

774 955 840 1010 IN
881 943 1213 1015 PSALMU'M
1263 953 1521 1012 cxxxu.

439 1047 576 1102 Audi
627 1049 842 1103 beatum
890 1046 1171 1112 Davidem,
1219 1050 1311 1120 qui
1363 1051 1495 1105 dicit
1535 1065 1633 1119 per
1678 1050 1946 1120 psalmum

369 1137 546 1206 (usus.
582 1139 632 1207 Ι)
666 1158 682 1197 :
716 1138 852 1195 Ecce
896 1158 1034 1195 nunc
1074 1142 1201 1213 quid
1238 1143 1449 1209 bonum,
1478 1141 1554 1196 uel
1582 1143 1710 1208 quid
1745 1141 1949 1212 jucun-

367 1229 514 1294 dum,
546 1233 648 1286 nisi
693 1233 934 1288 habitare
993 1233 1189 1302 fratres
1232 1235 1287 1289 in
1323 1237 1529 1291 unum?
1574 1234 1783 1291 Etenim
1839 1252 1947 1293 non

367 1323 483 1377 suis
525 1323 699 1378 solum
736 1337 885 1380 recte
915 1326 1069 1380 factis
1106 1326 1375 1395 gaudebat
1408 1346 1421 1382 :
1459 1328 1554 1383 sed
1603 1329 1769 1383 etiam
1811 1329 1947 1384 alio-

369 1428 492 1468 rum
569 1417 824 1485 aquitatc
876 1416 1268 1472 oblectabatur.
1312 1417 1506 1484 Quare.
1548 1418 1661 1488 ipse
1714 1419 1948 1489 quodam

368 1503 424 1557 in
478 1503 639 1569 loco,
695 1505 1043 1562 alacritatem
1066 1509 1270 1563 'eorum
1325 1509 1425 1576 qui
1462 1511 1528 1563 ad
1576 1509 1776 1565 cultum
1834 1511 1953 1566 red-

370 1595 601 1650 dendum
678 1594 970 1664 festinant,
1034 1598 1510 1667 circumspiciens,
1565 1614 1663 1669 per
1719 1596 1949 1654 Psalmi-

2052 531 2398 602 διαμένοντες
2421 530 2480 582 ὲν
2507 530 2575 598 τῇ
2612 525 2813 587 πίστει,
2840 520 3204 592 τελειούμενοι
3242 522 3301 572 ἐν
3333 518 3454 579 ταῖς
3487 517 3631 569 ἐντο-

2052 621 2173 686 λαῖς
2194 622 2288 676 τοῦ
2329 619 2556 692 Κυρίου,
2591 611 2636 687 ᾧ
2673 618 2707 688 ἡ
2743 615 2872 680 δόξα
2902 614 2996 668 καὶ
3033 612 3095 666 τὸ
3126 610 3350 682 κράτος,
3384 609 3463 673 είς
3504 608 3632 669 τοὺς

2052 715 2257 779 αἰῶνας
2287 715 2411 767 τῶνα
2425 709 2657 766 αἰώνων.
2702 708 2905 779 Ἀμήν..

2370 957 2483 1012 ΕΙΣ
2508 956 2647 1011 ΤΟΝ
2674 956 2821 1010 PAB'
2852 952 3151 1008 ΨᾹΛΜΟΝ
3180 949 3313 1022 (15).

2129 1053 2326 1105 ’Ἄκουε
2349 1049 2444 1104 τοῦ
2472 1048 2742 1122 μακαρίου
2783 1046 2945 1101 Δαϐὶδ
2978 1045 3225 1113 λέγοντος
3252 1042 3341 1096 διά
3367 1039 3462 1094 τοῦ
3494 1039 3635 1109 ψαλτ

2055 1143 2158 1216 μοῦ
2178 1161 2191 1174 ⁸
2218 1143 2371 1199 Ἰδοὺ
2398 1142 2495 1211 δὴ,
2520 1143 2581 1196 τί
2602 1141 2813 1204 καλὸν,
2836 1138 2875 1208 ἢ
2898 1138 2958 1191 τί
2983 1136 3261 1205 τερπνὸν,
3291 1132 3403 1205 (16)
3433 1147 3635 1186 κατοι-

2051 1236 2182 1292 κεῖν
2207 1235 2512 1305 ἀδελφοὺς
2540 1233 2642 1289 ἐπὶ
2666 1231 2734 1286 τὸ
2758 1231 2909 1287 αὐτό
2921 1247 2942 1294 ;
2968 1231 3043 1283 Οὐ
3070 1229 3230 1299 μόνον
3258 1226 3369 1297 γὰρ
3399 1225 3493 1279 ἐπὶ
3520 1226 3645 1288 τοῖς

2056 1328 2278 1392 οἰκείοις
2302 1324 2725 1400 κατορθώμασιν
2751 1322 2995 1395 ἔχαιρεν,
3023 1320 3159 1374 ἀλλά
3196 1319 3292 1375 καὶ
3316 1321 3379 1390 τῇ
3406 1318 3514 1371 τῶν
3541 1316 3643 1370 ἆ).-

2056 1419 2162 1473 λων
2176 1415 2567 1489 ὲπευφραίνετο
2587 1413 2812 1485 εὐνομίᾳ
2830 1430 2841 1442 ·
2861 1411 2935 1475 ὥς
2958 1429 3062 1465 που
3082 1409 3263 1474 αὐτὸς,
3283 1411 3381 1482 τὴν
3398 1408 3645 1478 σπουδὴν

2057 1509 2165 1565 τῶν
2197 1510 2289 1563 ἐπὶ
2307 1509 2406 1581 τὴν
2423 1508 2678 1580 λατρείαν
2700 1505 3031 1560 σπευδόντων
3059 1504 3412 1573 θεασάμενος,
3433 1500 3522 1554 διὰ
3539 1498 3648 1553 τοῦ.

2056 1600 2365 1673 Ψαλμῳδοῦ
2396 1600 2508 1672 (17)
2548 1600 2734 1669 ἔλεγεν
2753 1616 2766 1630 ’
2799 1597 3162 1667 Εὐφράνθην
3194 1595 3292 1648 ἐπὶ
3315 1594 3439 1659 τοῖς
3478 1595 3639 1661 εἰρη-

371 1696 509 1740 statn
546 1685 758 1741 dicebat
787 1704 799 1740 :
835 1686 1063 1741 Lanatus
1085 1704 1199 1741 sum
1225 1690 1278 1742 in
1300 1690 1369 1742 iis
1392 1692 1480 1759 qui
1505 1692 1750 1744 dixerunt
1771 1691 1935 1745 mihi:

2060 1696 2177 1749 ιόσι
2203 1714 2308 1765 μοι
2326 1712 2340 1727 ·
2369 1697 2472 1761 Είς
2498 1690 2667 1747 οἷκον
2692 1693 2909 1761 Κυρίου
2932 1693 3368 1761 πορευσόμεθα.
3414 1687 3647 1744 Ἕστῶο

371 1774 440 1831 In
460 1777 672 1832 domum
698 1776 909 1832 Domini
942 1780 1151 1833 ibimus.
1179 1777 1393 1834 Stantes
1424 1788 1574 1835 erant
1598 1782 1754 1851 pedes
1782 1783 1946 1836 nostri

370 1869 426 1921 in
448 1869 600 1923 atriis
640 1870 767 1936 tuis,
796 1870 1090 1925 Jerusalem
1120 1871 1186 1926 ³⁸.
1214 1869 1447 1926 Omnino
1479 1873 1641 1943 igitur
1671 1888 1790 1928 eam
1825 1889 1949 1943 qua:

370 1962 427 2015 in
459 1977 624 2015 unum
667 1963 739 2017 sit
767 1966 1110 2033 praesentiam
1157 1981 1277 2021 cum
1329 1966 1546 2033 viderit,
1599 1964 1950 2036 fraternaque

370 2053 564 2109 aﬂ'ectu
597 2054 987 2117 delectaretur,
1020 2057 1312 2125 clamabat,
1351 2058 1539 2114 dicens
1581 2075 1596 2112 :
1634 2056 1771 2113 Ecce
1809 2074 1948 2113 nunc

369 2147 496 2214 quid
527 2147 740 2209 bonum,
776 2148 852 2201 vel
879 2148 1006 2218 quid
1019 2151 1339 2219 jucundum,
1369 2151 1471 2204 nisi
1493 2150 1729 2205 habitare
1757 2151 1950 2219 fratres

369 2237 426 2291 in
452 2253 613 2291 unum
640 2238 667 2292 ?
703 2237 875 2294 Causa
904 2255 1023 2308 quae
1052 2255 1125 2295 ex.
1145 2240 1327 2296 divino
1358 2250 1627 2313 praecepto
1658 2241 1855 2296 fratres
1882 2242 1949 2296 ad

369 2341 693 2383 consensum
718 2338 882 2399 atque
911 2331 1260 2386 concordiam
1289 2332 1530 2396 adducit,
1577 2333 1948 2389 incredibilem

369 2419 533 2475 liabet
566 2421 859 2477 bonitatem
898 2439 911 2475 :
946 2425 1014 2477 ab
1044 2425 1146 2479 hac
1177 2434 1356 2479 autem
1395 2424 1636 2482 bonitate
1662 2441 1727 2481 ne
1754 2426 1953 2496 jucun-

370 2512 511 2567 ditas
536 2513 753 2582 quidem
788 2515 957 2570 divisa
984 2525 1086 2571 est.
1126 2515 1331 2588 Singuli
1369 2520 1511 2573 enim
1552 2520 1641 2590 qui
1676 2520 1950 2588 adsumus,

371 2616 559 2658 amore
589 2606 821 2672 proximi
856 2604 1121 2673 fruentes,
1145 2609 1198 2662 in
1240 2609 1402 2664 multa
1432 2609 1706 2679 voluptate
1752 2613 1954 2668 consti-

374 2694 472 2749 tuti
498 2711 702 2749 sumus.
721 2696 900 2763 Quare
924 2709 979 2754 et
1009 2700 1392 2755 convenienter
1418 2702 1661 2757 dicebat:
1692 2702 1834 2769 Quid
1858 2704 1952 2760 bo-

372 2801 520 2851 num,
570 2787 645 2842 vel
695 2790 821 2859 quid
856 2789 1189 2861 jucundum,
1237 2793 1339 2847 nisi
1376 2795 1614 2849 habitare
1657 2796 1859 2865 fratres
1896 2800 1954 2852 in

372 2895 535 2933 unum
564 2881 589 2937 1
626 2877 786 2937 'v’sns.
805 2882 859 2937 2.
886 2882 1033 2939 Sicut
1056 2896 1371 2955 unguentum
1409 2887 1463 2940 in
1496 2887 1664 2955 capite
1693 2888 1833 2959 quod
1862 2888 1955 2942 de-

373 2972 572 3025 scendit
604 2976 658 3028 in
686 2974 925 3040 barbam,
949 2975 1163 3030 barbam
1189 2977 1386 3031 Aaron.
1406 2978 1613 3047 Quippe
1634 2993 1755 3033 cum
1782 2978 1955 3048 gratia

374 3077 609 3133 superne
637 3078 669 3121 e
687 3066 827 3121 caelo
853 3082 883 3123 a
912 3067 1193 3123 Saluatore
1219 3069 1270 3123 in
1296 3046 1592 3125 Ecclesium
1623 3046 1955 3136 diﬂ’uuditnr,
1986 3046 2028 3104 (ἶ

375 3153 570 3210 anima:
598 3167 906 3214 sanctorum
964 3159 1184 3230 cboragi
1239 3175 1459 3227 munus,
1490 3160 1654 3227 idque
1707 3161 1959 3230 incorpo-

376 3258 529 3300 reum
565 3257 621 3302 et
666 3249 942 3318 spiritale,
969 3251 1096 3322 jure
1138 3250 1664 3305 sortiuntur..\'sns.
1712 3251 1766 3304 5.
1809 3249 1958 3305 Sicut

379 3353 465 3392 ros
497 3336 727 3395 {Ermon
758 3343 847 3411 qui
874 3344 1137 3397 descendit
1158 3360 1313 3412 super
1350 3354 1549 3397 montes
1579 3342 1730 3398 Sion.
1759 3342 1961 3409 Quem-

377 3430 667 3487 admodum
694 3435 839 3488 enim
861 3448 949 3489 ros
969 3435 1060 3505 qui
1084 3435 1361 3491 descendit
1378 3436 1433 3489 in
1455 3442 1693 3489 montem
1710 3432 1959 3500 Ermon,

380 3522 607 3578 multum
638 3522 798 3580 efﬁcit
837 3527 1140 3594 splendoris
1170 3544 1188 3593 ;
1224 3527 1294 3581 ita
1335 3539 1390 3581 et
1427 3524 1726 3596 spiritualis
1757 3539 1846 3579 ros
1872 3524 1959 3579 in-

2048 1808 2149 1857 τες
2190 1786 2353 1861 ἦσαν
2390 1792 2444 1844 οι
2484 1788 2669 1855 πόδες
2719 1786 2890 1856 ἡμῶν
2937 1787 3008 1840 ἐν
3052 1785 3183 1852 ταῖς
3230 1782 3447 1849 αὐλαῖς
3492 1797 3637 1844 σου,

2061 1879 2465 1951 Ἰερουσαλήμ.
2500 1878 2726 1943 Πάντως
2745 1872 2838 1932 οὖν
2862 1878 2955 1930 ἐπὶ
2976 1877 3037 1931 τὸ
3064 1877 3196 1930 αὐτὸ
3223 1875 3321 1945 τὴν
3335 1873 3639 1946 παρουσίαν

2053 1972 2201 2035 ἰδὼν,
2224 1972 2318 2027 καὶ
2331 1975 2397 2043 τῇ
2414 1972 2676 2043 ἀδελφικῇ
2703 1971 2939 2024 διαθέσει
2964 1968 3234 2040 τερφθεὶς,
3262 1966 3409 2030 ἐϐόα,
3438 1965 3635 2034 λέγων’

2060 2064 2219 2119 Ἰδοὺ
2252 2063 2351 2131 δὴ,
2384 2064 2443 2117 τι
2470 2062 2690 2128 καλὸν,
2711 2062 2750 2131 ἣ
2780 2063 2838 2116 τί
2861 2061 3143 2130 τερπνὸν,
3163 2059 3303 2115 ἀλλ’
3346 2058 3385 2127 ἢ
3410 2057 3474 2112 τό
3498 2074 3650 2112 κατ-

2050 2155 2236 2211 οικεῖν
2276 2156 2580 2225 ἀδε.ὶεροῦς
2613 2155 2715 2209 ἐπὶ
2757 2156 2824 2209 τὸ
2874 2155 3057 2217 αὑτό;
3102 2154 3171 2207 Ἠ
3226 2152 3324 2224 μὲν
3381 2139 3645 2215 ὑπόθεσις

2050 2246 2160 2301 τῶν
2202 2247 2445 2317 ἀδελφῶν
2472 2249 2888 2321 συγκροτήσεως
2940 2249 3004 2301 ὲκ
3033 2246 3177 2300 θείου
3214 2243 3652 2317 προστάγματος·

2051 2338 2471 2412 ἀνυπέρϐλητον
2495 2328 2622 2412 εἶχε
2662 2340 2726 2394 τὸ
2769 2338 2964 2395 καλόν·
2999 2337 3191 2392 τούτου
3232 2336 3290 2389 δὲ
3340 2334 3434 2389 τοῦ
3468 2332 3653 2388 καλοῦ

2050 2430 2174 2485 οὐδὲ.
2195 2432 2255 2485 τὸ
2284 2432 2514 2505 τερπνὸν
2556 2432 2904 2505 κεχώρισται.
2938 2432 3198 2484 Ἕκαστοι
3223 2427 3332 2499 γὰρ
3359 2426 3468 2481 τῶν
3493 2442 3643 2496 παρ-

2052 2526 2221 2581 όντων
2263 2525 2625 2590 ἀπολαύοντες
2664 2526 2765 2596 τῆς
2810 2526 2876 2578 ὲκ
2918 2523 3013 2577 τοῦ
3066 2522 3293 2593 πλησίον
3325 2520 3548 2589 ἀγάπης
3582 2521 3655 2572 έν-

2054 2617 2224 2689 πολλῇ
2248 2616 2680 2688 καθεστήκειμεν
2708 2618 2776 2687 τῇ
2812 2615 3069 2687 θυμηδίᾳ.
3104 2614 3265 2666 Ὥστε
3291 2612 3385 2666 καὶ
3407 2610 3643 2665 ἀκολού-

2055 2710 2164 2773 θως
2194 2708 2416 2778 ἔλεγεν⁵
2456 2709 2519 2763 Τί
2544 2707 2757 2773 καλὸν,
2804 2707 2844 2776 ἢ
2895 2708 2950 2760 τί
2995 2703 3274 2774 τερπνὸν,
3306 2704 3447 2757 ἀλλ’
3486 2700 3525 2770 ἢ
3571 2701 3645 2755 τὸ

2054 2800 2357 2865 κατοικεῖν
2391 2799 2696 2870 ἀδελφοὺς
2725 2798 2826 2853 ἐπὶ
2855 2796 2923 2851 τὸ
2952 2798 3141 2863 αὑτό;
3184 2796 3283 2861 Ὠς
3310 2795 3507 2864 μύρον
3540 2792 3646 2860 ἐπὶ

2054 2894 2326 2965 κεφαλῆς
2348 2893 2415 2948 τὸ
2435 2892 2793 2949 καταϐαῖνον
2827 2889 2928 2944 ἐπὶ
2958 2888 3228 2959 πώγωνα,
3254 2887 3361 2940 τὸν
3388 2884 3647 2955 πώγωνα

2059 2990 2169 3044 τὸν
2213 2987 2447 3056 Ἀαρών.
2497 2987 2609 3058 Τῆς
2651 2984 2874 3057 χάριτος
2911 2981 3117 3036 ἀνωθεν
3141 2979 3203 3045 ἐξ
3231 2977 3463 3051 οὐρανοῦ
3488 2977 3659 3050 παρὰ

2061 3078 2155 3135 τοῦ
2185 3079 2439 3151 Σωτῆρος
2468 3078 2569 3132 ἐπὶ
2587 3078 2686 3147 τὴν
2738 3074 3063 3147 Ἐκκλησίαν
3093 3072 3426 3144 ἐκχεομένης
3448 3110 3463 3134 ,
3500 3070 3651 3124 εἰκό-

2058 3189 2167 3236 τως
2197 3169 2675 3243 μεταλαμόἀνουσι
2706 3167 2804 3238 τῆς
2823 3166 3115 3238 ἀσωμάτου
3142 3164 3237 3219 κα)⁵
3267 3163 3652 3233 πνευματικῆς

2061 3260 2341 3333 χωρηγίας
2375 3257 2485 3330 (18)
2523 3259 2587 3311 αἱ
2625 3257 2732 3311 τῶν
2772 3256 2941 3325 ἁγίων
2980 3253 3171 3325 ψυχαί.
3212 3252 3306 3318 Ὠς
3352 3250 3577 3319 δρόσος
3607 3249 3652 3318 ἠ

2073 3351 2350 3422 ’Aspyciw,
2367 3351 2404 3419 ἡ
2436 3350 2885 3405 καταϐαίνουσα
2906 3346 3003 3401 ἐπὶ
3025 3345 3097 3400 τὰ
3121 3345 3226 3415 ὄρη
3243 3342 3416 3399 Σιών.
3434 3343 3653 3415 Ὠσπερ

2061 3445 2170 3520 γὰρ
2227 3444 2262 3515 ἡ
2306 3443 2497 3515 δρόσος
2540 3444 2575 3513 η
2617 3442 2709 3494 em
2750 3440 2841 3493 τὸν
2886 3438 3144 3511 Ἀερμὼν.
3183 3436 3444 3491 κατιοῦσα
3486 3435 3651 3507 ὅρος,

2060 3532 2263 3603 πολλὴν
2298 3532 2431 3586 αὐτὸ
2466 3531 2577 3603 (i9)
2623 3532 2859 3585 ποιεῖται
2899 3529 2998 3600 τὴν
3035 3526 3395 3599 λαμπρότητα
3420 3541 3434 3555 ·
3470 3524 3653 3589 οὕτως

380 3613 580 3670 \‘isibili
619 3618 789 3672 modo
807 3633 969 3688 super
1027 3629 1239 3675 montes
1281 3618 1411 3673 Sion
1442 3617 1807 3681 descendens,
1857 3618 1951 3673 hoc

2060 3624 2157 3677 καὶ
2205 3623 2239 3693 ἡ
2292 3621 2455 3692 νοητὴ
2483 3619 2693 3692 δρόσος,
2722 3618 2971 3691 ἀοράτως
3006 3615 3272 3671 κατιοῦσα
3315 3611 3408 3665 ἐπὶ
3447 3611 3518 3665 τὰ
3543 3610 3653 3681 ὅρη

381 3705 523 3761 item
555 3706 702 3763 facit.
730 3707 830 3763 Hic
862 3709 1135 3765 undelibet
1161 3709 1325 3764 [iebat
1354 3724 1678 3781 congressus
1708 3708 1951 3774 fratrum,

2060 3716 2220 3782 Σιὼν,
2254 3713 2384 3769 ἔνθα
2442 3715 2477 3785 ἡ
2528 3711 2842 3774 συνέλευσις
2877 3708 2987 3763 τῶν
3035 3704 3372 3779 πανταχόθεν
3400 3701 3654 3772 ἀδελφῶν

385 3796 781 3866 utilitatemque
855 3799 1140 3855 animabus
1220 3815 1404 3854 earum
1485 3800 1951 3856 accommodatam

2062 3810 2329 3878 ἐγίγνετο,
2363 3805 2462 3877 τὴν
2488 3803 2749 3872 ἀνάλογον
2765 3802 2883 3865 ταῖς
2906 3801 3115 3871 ψυχαῖς.
3137 3797 3316 3852 αὐτῶν
3341 3794 3654 3865 περιεποίει

383 3886 662 3944 aﬂ'erebat.
680 3891 751 3945 De
767 3890 928 3961 377
957 3892 1077 3959 hoc,
1096 3892 1307 3961 opinor,
1329 3892 1511 3965 divino
1538 3907 1660 3949 rore
1677 3932 1693 3957 ,
1726 3892 1817 3962 qui
1843 3906 1951 3947 sant

2060 3898 2349 3967 ὠφέλειαν.
2392 3896 2528 3967 Περὶ
2553 3894 2758 3964 ταύτης
2790 3890 2945 3963 οἶμαι
2972 3893 3070 3962 τῆς
3096 3891 3247 3953 θείας
3286 3888 3504 3955 δρόσου,
3544 3886 3654 3956 τῆς

382 3981 456 4036 cti
514 3979 747 4051 Spiritus
803 3984 1216 4052 operationibus
1274 3992 1651 4053 comparatur,
1687 3984 1951 4038 disserens

2061 3989 2475 4060 ἀπεικασμένης
2502 3990 2622 4051 ταῖς
2660 3984 2969 4058 ἐνεργείαις
3000 3982 3093 4036 τοῦ
3129 3978 3653 4051 ἁγίουΠνεύματος,

384 4073 569 4135 Isaias.
602 4074 719 4129 ait:
753 4073 855 4128 Ras
893 4077 1030 4129 enim
1068 4085 1189 4129 tuus
1240 4074 1442 4130 medela
1476 4086 1548 4128 est
1588 4075 1713 4143 ipsis
1736 4073 1804 4128 ³⁸.
1858 4071 1951 4127 Rot

2060 4084 2089 4137 ὁ
2126 4082 2353 4145 Ἡσαΐας
2380 4078 2764 4151 διαλεγόμενος
2794 4077 3023 4147 φάσκει·
3086 4076 3148 4130 Ἡ
3192 4073 3304 4143 γὰρ
3352 4071 3579 4140 δρόσος
3612 4072 3655 4138 ἡ

385 4168 552 4236 igitur
598 4166 847 4230 ίΕτηιοη,
889 4170 977 4237 qui
1020 4168 1286 4221 descendit
1330 4182 1486 4235 super
1533 4175 1733 4220 montes
1775 4162 1951 4219 Sion:

2061 4176 2223 4241 παρά
2265 4171 2403 4238 σοῦ,
2451 4171 2594 4241 ἴαμα
2668 4168 2873 4234 αὐτοῖς
2921 4166 3129 4220 ὲστιν.’
3175 4165 3237 4219 Ἠ
3289 4164 3513 4232 δρόσος
3550 4156 3657 4215 οὖν

380 4262 629 4329 quoniam
668 4261 742 4313 ibi
796 4260 1062 4314 mandauit
1101 4259 1362 4313 Dominus
1408 4258 1844 4323 benedictionem,
1881 4255 1951 4309 vi-

2073 4261 2353 4332 Ἀερμὼν,
2396 4263 2436 4331 ἡ
2468 4260 2915 4315 καταϐαίνουσα
2952 4257 3052 4311 ἐπὶ
3078 4256 3151 4310 τὰ
3192 4254 3298 4325 ὅρη
3338 4252 3493 4308 Σιών
3515 4269 3528 4281 ·
3557 4251 3660 4305 ὅτι

384 4364 519 4406 tam.
547 4351 728 4406 Multis
751 4353 803 4406 in
830 4351 969 4407 locis
994 4352 1243 4421 promisit.
1283 4350 1453 4415 Deus,
1473 4350 1615 4404 sicut
1639 4351 1775 4403 dixit
1812 4349 1951 4421 Moy-

2062 4353 2193 4406 ὲκεῖ
2209 4353 2546 4407 ἐνετείλατο
2576 4351 2792 4419 Κύριος
2831 4348 2948 4417 τὴν
2973 4346 3279 4417 εὐλογίαν,
3308 4343 3480 4410 ζωήν.
3511 4343 3658 4397 Πολ-

383 4456 475 4499 ses
508 4460 531 4496 ε’
559 4443 727 4513 Atque
749 4443 1008 4497 custodiet
1040 4441 1293 4495 Dominus
1326 4450 1691 4495 testamentum
1721 4451 1767 4493 et
1803 4441 1951 4494 mise.

2067 4443 2233 4515 λαχοῦ
2262 4442 2679 4513 ὲπηγγείλατοό
2715 4440 2879 4504 Θεὸς,
2920 4438 2997 4503 ὡς
3043 4433 3166 4491 εἷπε
3201 4436 3443 4507 Μωῦσῆς
3464 4452 3478 4465 ·
3535 4435 3659 4489 Καὶ

384 4536 693 4598 ricordiam,
728 4536 860 4589 sicut
892 4534 1094 4604 jurauit
1141 4533 1381 4603 patribus
1432 4534 1558 4597 tttis,
1597 4540 1647 4585 et
1677 4532 1879 4601 diliget,
1910 4542 1951 4585 et

2066 4533 2419 4604 διαφυλάξει
2438 4535 2654 4602 Κύριος
2676 4531 2791 4602 τὴν
2812 4529 3107 4597 διαθήκην
3131 4529 3230 4584 καὶ
3260 4527 3325 4581 τὸ
3354 4527 3550 4594 ἕλεος,
3567 4529 3659 4594 ὡς

384 4627 644 4681 benedicet
677 4635 760 4692 te,
792 4636 841 4680 et
879 4626 1245 4695 multiplicabit
1294 4625 1591 4694 progeniem
1630 4623 1821 4677 ventris
1859 4624 1951 4691 tui,

2067 4629 2277 4699 ὥμωσε
2305 4625 2431 4692 τοῖς
2472 4625 2731 4695 πατράσι
2770 4641 2909 4690 σου,
2943 4623 3045 4677 καὶ
3084 4619 3385 4692 ἀγαπήσει
3412 4634 3509 4686 σε,
3549 4620 3659 4674 καὶ

381 4729 430 4774 et
466 4719 701 4789 [ructuas
735 4729 891 4773 ιιι-ναν
920 4729 1044 4773 ture.
1078 4718 1146 4772 Et
1183 4716 1482 4785 subjunxit,
1518 4715 1706 4769 dicens
1735 4731 1751 4768 :
1788 4712 1951 4767 Vitam

2066 4717 2386 4790 εὐλογήσει
2404 4731 2497 4781 σε,
2516 4717 2615 4772 καὶ
2636 4717 2937 4786 πληθυνεῖ
2949 4716 3020 4770 τὰ
3043 4714 3264 4784 ἔκγονα
3283 4712 3393 4781 τῆς
3413 4714 3660 4781 κοιλίας

383 4828 546 4883 usque
564 4812 623 4867 in
652 4812 903 4867 saeculum
945 4810 1150 4863 ".Eoce
1175 4826 1312 4864 nunc
1334 4809 1457 4879 quid
1489 4806 1701 4871 bonum,
1731 4807 1808 4861 υοι
1837 4809 1951 4879 quid

2068 4826 2208 4877 σου,
2239 4811 2338 4866 καὶ
2368 4807 2476 4879 τὸν
2502 4808 2734 4878 καρπὸν
2762 4808 2873 4876 τῆς
2900 4806 3015 4876 γῆς
3044 4823 3181 4861 σου.
3218 4806 3330 4861 Καὶ
3373 4806 3659 4877 ἐπήνεγκε

378 4905 708 4972 jucundum,
769 4905 873 4959 nisi
915 4902 1156 4957 habitare
1196 4902 1388 4971 fratres
1440 4902 1496 4953 in
1535 4900 1734 4954 unum?
1773 4916 1951 4969 quem

2071 4902 2265 4972 λέγων’
2289 4901 2464 4971 Ζωὴν
2487 4902 2599 4968 ἕως
2629 4900 2738 4954 τοῦ
2767 4900 3000 4967 αἰῶνος.
3039 4899 3191 4955 Ἰδοὺ
3224 4897 3323 4966 δὴ,
3353 4897 3410 4951 τί
3431 4897 3658 4962 καλὸν,

386 4998 681 5051 admodum
712 5005 767 5053 et
801 4996 979 5052 vocati
1001 4996 1153 5051 estis.
1188 4992 1336 5047 Unus
1375 4992 1653 5055 Dominus,
1679 5009 1784 5045 una
1812 4992 1951 5062 ﬁdes,

2074 4993 2112 5063 ἢ
2140 4995 2197 5047 τί
2221 4991 2481 5061 τερπνὸν
2499 5032 2515 5055 ,
2556 4990 2693 5045 ἀλλ’
2715 4990 2754 5058 ἢ
2783 4990 2850 5043 τό
2884 4988 3184 5044 κατοικεῖν
3208 4986 3516 5057 ἀδελφσὺς
3548 4988 3662 5041 ἐπὶ

458 5090 505 5123 ³⁵
537 5089 682 5147 Psal.
727 5105 881 5154 cm,
929 5090 989 5155 1,
1033 5088 1088 5143 2.
1163 5087 1211 5120 “
1241 5085 1346 5143 lsa.
1378 5101 1534 5151 xxvr,
1573 5086 1662 5140 t9.
1737 5085 1782 5117 "'
1811 5085 1947 5141 Deut

2060 5102 2106 5151 ηι,
2136 5087 2224 5153 12,
2258 5087 2346 5142 15.

458 5202 575 5275 (15)
602 5203 728 5259 Haec
748 5202 1140 5275 interpretatio
1165 5200 1661 5275 psalmi‘ofntesimi
1697 5199 1958 5275 tricesimi
2067 5200 2195 5275 beat
2229 5197 2471 5275 ψαλμοῦ,
2503 5213 2596 5270 per
2622 5196 2883 5269 psalmum
2914 5209 2934 5248 :
2968 5201 3023 5250 et
3056 5196 3130 5248 ita
3169 5191 3418 5262 superius
3462 5204 3661 5246 emen-

644 5276 696 5329 in
721 5268 1311 5345 codiceiautiquissimo
1350 5268 1735 5345 RR._Patrnm_
1775 5268 1962 5345 S_.Ba-
2068 5268 2447 5345 dateAl'egitur.
2505 5268 2551 5341 *-
2613 5268 2629 5345 _'
2857 5337 2868 5345 _
3206 5332 3221 5345 _
3295 5329 3309 5345 ο

388 5343 494 5398 sibi
528 5343 784 5399 tribuitur
809 5342 1027 5397 Basilio.
1065 5332 1170 5394 Sed
1196 5349 1456 5411 quantum
1481 5338 1565 5411 fas
1590 5349 1674 5393 est
1716 5338 1963 5411 judicare
2140 5339 2254 5411 (18)
2279 5332 2382 5393 iiro
2411 5337 2695 5411 χωρηγίας
2723 5337 3025 5406 suspicatus
3047 5349 3165 5390 sum
3206 5332 3317 5400 legi
3335 5332 3535 5411 debere
3560 5349 3663 5402 χο-

388 5413 459 5469 de
485 5414 747 5482 opusculo
776 5413 849 5467 ita
878 5412 1049 5485 brevi,
1076 5400 1290 5485 videtur
1327 5408 1681 5485 poti-usitatus
1709 5400 1832 5485 esse
1861 5409 1960 5463 ho-
2071 5400 2269 5485 ρηγίας
2306 5400 2650 5485 μετ’ἐίιὲιριεξι
2686 5424 2736 5470 ο,
2771 5400 3100 5474 quanquam,
3133 5412 3403 5485 never-nm
3447 5400 3659 5485 (alea—.1)

392 5474 588 5556 minis,
632 5485 733 5556 qui
779 5474 1186 5556 eruditioue‘et
1225 5474 1483 5556 facundia
1524 5478 1721 5556 Basilio
1771 5478 1962 5548 Magno
2070 5474 2281 5556 ea'ipsa
2307 5474 2677 5556 :vox_xopr;yia
2712 5491 2816 5556 non
2861 5490 3047 5556 parum
3079 5474 3214 5556 mihi
3256 5481 3506 5554 suspecta
3554 5474 3660 5525 sit.

390 5553 551 5619 longe
577 5548 803 5609 inferior
831 5561 972 5607 erat.
1007 5551 1110 5606 Alii
1137 5550 1329 5604 melius
1344 5549 1681 5619 indicabunt.
2070 5548 2250 5603 Malim
2277 5548 2824 5619 simpliciterxapaq,
2846 5548 3035 5599 animte
3066 5553 3370 5619 sanctorum
3407 5548 3667 5609 incorpo.

462 5613 575 5695 (Ῑό)
606 5623 760 5687 Illud,
795 5624 910 5679 ἀλλ’
952 5623 987 5695 ἢ
1019 5623 1102 5686 τό,
1125 5622 1226 5677 hoc
1254 5613 1369 5675 loco
1393 5618 1746 5690 supplendum
1766 5627 1869 5685 est,
1905 5627 1965 5673 ut
2072 5630 2341 5695 namque
2372 5613 2855 5695 ipirjtuali'gaugio
2872 5621 2998 5685 jure
3022 5613 3385 5695 perfruuntur:

393 5679 639 5765 paiet'ex
662 5679 1140 5764 consequeuiibus.
1201 5763 1207 5765 _
1621 5757 1643 5765 μ
1679 5760 1705 5765 _
1736 5761 1747 5765 _
1822 5759 1834 5765 _
1855 5679 1866 5685 I
1888 5761 1901 5765 _

2068 5759 2109 5765 _
2142 5679 2445 5761 (19)’Δύτό.
2468 5688 2628 5746 Forte
2657 5679 2826 5758 αὐτῷ,
2868 5679 3058 5754 ἱιειιιρό
3098 5679 3174 5753 τῷ
3215 5681 3332 5753 ὄρει
3374 5679 3667 5755 Ἀερμών.

465 5764 576 5838 (17)
615 5757 967 5824 Dubiuui'non
996 5773 1100 5835 est,
1124 5763 1251 5837 quin
1280 5776 1376 5832 pro
1403 5757 1709 5831 Ψαλμῳδοῦ
1734 5759 1835 5831 legi
1871 5761 1951 5818 do-

2068 5757 2244 5817 Εωτ.
2780 5757 2786 5758 “
2843 5785 2850 5792 ·
