3838 6214
305 324 412 380 ΙΠ
1096 321 1453 378 COMMENT.
1497 319 1566 376 IN
1606 318 1856 376 ISAIAM?
1881 321 2334 380 PROPHETAM.
2374 322 2797 383 PROCEMIUM.
3470 321 3575 380 M8

296 439 369 493 τὸ
385 438 557 501 αὺτό;
575 434 758 499 καθὼς
775 435 870 512 καὶ
884 431 1282 506 ἐκλήθητε.Εἷς
1299 436 1646 506 Κύριος,μία
1665 436 1811 489 πίστ

2058 453 2160 490 tum
2193 438 2448 506 baptisma
2479 456 2496 493 :
2535 455 2672 494 unus
2711 436 2952 492 Deusvet.
2977 431 3162 502 Pater,
3189 434 3280 506 qui
3309 434 3383 491 est
3417 452 3574 508 super

293 527 708 598 ἐτ’-,ϐάπτισμα
728 545 740 558 '
774 523 862 594 εἷς
889 527 1035 594 Θεὸς
1067 529 1167 582 καὶ
1199 527 1424 596 Πατὴρ,
1456 532 1488 582 o’
1519 527 1618 580 ἐπὶ
1644 526 1809 581 στάντε

2057 543 2189 594 mes,
2211 537 2258 582 et
2283 544 2376 598 per
2398 529 2596 595 omnia,
2611 537 2660 583 et
2695 529 2759 582 in-
2782 525 3016 580 omnibus
3033 525 3096 580 ³³.
3123 524 3259 580 Ecce
3289 543 3424 581 nunc
3444 528 3573 598 quid

295 613 398 676 mil.
425 621 524 676 διὰ
555 619 798 674 πάντων
824 620 924 674 καὶ
953 620 1024 674 ἐν
1052 619 1265 676 πᾶσιν.
1295 619 1441 674 Ἰδοὺ
1462 619 1561 686 δὴ,
1585 620 1643 672 τί
1669 619 1811 673 καλε

2059 636 2202 685 num,
2234 620 2310 674 vel
2342 621 2470 691 quid
2497 620 2792 691 jucundum
2813 657 2830 683 ,
2862 619 2967 672 nisi
3001 619 3240 672 habitare
3275 617 3466 686 fratres
3516 621 3571 674 in

294 715 339 784 ἣ
373 715 432 770 τί
460 712 741 781 τερπνὸν,
771 712 908 766 ἀλλ’
936 712 972 780 ἢ
1009 712 1074 765 τὸ
1123 712 1427 766 κατοικεῖν
1461 711 1810 780 ἀδελφοὺςέ

2055 729 2154 765 tum
2179 713 2205 767 ε)
2235 728 2341 767 non
2393 717 2444 768 in
2501 726 2760 783 corporea
2797 710 3004 777 solum,
3030 711 3124 766 sed
3154 710 3318 766 etiam
3367 710 3418 765 in
3469 711 3571 766 hac

294 804 367 857 τὸ
389 803 540 857 αὐτό
554 818 572 866 ;
599 802 712 855 οὐκ.
732 803 791 854 ἐν
820 802 954 870 οἴκῳ
987 801 1149 872 μόνον
1174 800 1494 872 σωματικῷ,
1524 800 1660 855 ἀλλὰ
1684 801 1778 855 καὶ

2056 814 2176 860 ncta
2207 814 2368 876 atque
2417 805 2688 877 spirituali
2742 805 2925 860 domo.
2969 802 3175 858 Domus
3223 803 3369 859 enim
3420 820 3569 866 mea,

293 896 474 968 τούτῳ
495 895 734 966 τῷὰγιῳ
767 895 863 948 καὶ
905 894 1285 966 πνευματικῷ.
1325 895 1379 947 Ὁ
1409 893 1518 966 γὰρ
1551 890 1716 960 οἶκός
1739 911 1809 964 με

2053 897 2190 966 quit,
2216 898 2405 952 domus
2431 899 2688 952 orationis
2709 897 2986 953 vocabitur
2998 897 3065 950 9°.
3086 895 3227 962 Quin
3251 903 3306 951 et
3344 909 3443 950 nos
3475 894 3569 965 qui

293 989 656 1062 φησὶνρϊκος
671 987 1020 1058 προσευχῆς
1036 989 1426 1058 κληθήσεται.
1447 987 1605 1041 Ἀλλὰ
1618 989 1712 1041 καὶ
1724 989 1809 1059 iw:

2058 993 2197 1045 imus
2253 989 2528 1057 illostrati,
2574 991 2761 1046 eodem
2816 996 3091 1058 unguento
3139 986 3324 1042 donati
3359 1000 3567 1042 sumus.

289 1083 390 1136 τοῦ
453 1080 619 1136 αὐτοῦ
678 1080 852 1153 μύρου
923 1080 1342 1152 κατηξιώθημεν
1392 1083 1442 1134 οἱ
1495 1079 1805 1150 φωτισθέντι

2053 1097 2128 1135 ιω
2168 1081 2423 1137 Salvator
2479 1090 2666 1137 noster
2703 1080 2956 1136 Christus
2999 1093 3188 1135 omnes
3237 1091 3336 1134 nos
3361 1077 3569 1148 justitia

304 1175 571 1247 Ἐμύρισε
619 1173 728 1245 γὰρ
774 1172 984 1236 πάντας
1028 1174 1174 1243 ἡμᾶς
1225 1176 1291 1244 τῇ
1341 1172 1658 1246 δικαιοσύνῃ
1712 1172 1820 1225 αὐτη

2055 1190 2082 1228 a
2120 1175 2276 1228 unxit
2307 1189 2322 1227 :
2350 1188 2448 1243 per
2495 1188 2666 1244 quem,
2705 1181 2761 1227 et
2812 1187 2931 1226 cum
2969 1185 3076 1240 quo
3115 1168 3261 1224 Patri
3292 1178 3347 1223 et
3381 1177 3571 1226 sancto

289 1266 530 1338 Χριστὸς
552 1267 581 1318 ὁ
619 1264 810 1336 Σωτὴρ
830 1267 862 1335 ή
872 1263 987 1335 μῶν
1005 1281 1020 1294 ·
1051 1265 1119 1317 δι’
1148 1258 1209 1318 οὗ
1239 1265 1334 1318 καὶ
1375 1263 1493 1335 μεθ’
1515 1256 1576 1317 οὗ
1601 1263 1680 1336 τῷ
1704 1265 1805 1317 ﬂat

2050 1263 2215 1318 tiritui
2264 1263 2437 1334 gloria
2485 1273 2541 1320 et
2590 1263 2844 1334 maiestas
2890 1262 2944 1316 in
2991 1259 3185 1317 saecula
3228 1258 3566 1316 saeculorum.

289 1358 391 1411 καὶ
440 1356 518 1429 τῷ
556 1356 698 1426 ἁγίῳ
740 1356 1022 1427 Πνεύματι
1051 1354 1179 1420 δόξα
1209 1357 1304 1410 καὶ
1339 1355 1781 1428 μεγαλοπρέπεια
1801 1356 1882 1418 εἰς
1984 1355 2179 1412 Amen.

286 1451 422 1513 τοὺς
449 1449 653 1514 αἰῶνας
675 1449 784 1502 τῶν
813 1447 1043 1504 αἰώνων.
1094 1449 1290 1518 Ἀμήν.

364 1561 412 1594 ³⁸
437 1561 633 1633 Ephes.
671 1578 746 1628 tv,
779 1562 834 1629 5,
880 1561 934 1617 6.
1010 1562 1054 1595 ³⁹
1080 1561 1270 1617 Matth.
1297 1577 1414 1627 χχι,
1444 1563 1531 1617 15.

1613 1801 2244 1896 MONITUM.

361 2038 800 2096 Commentarios
830 2037 942 2104 ille,
972 2037 1039 2093 de
1071 2052 1179 2109 quo
1203 2035 1360 2092 nobis
1394 2051 1538 2091 nunc
1567 2035 2015 2106 proloquendum,
2041 2035 2087 2092 si
2123 2051 2232 2092 non
2265 2034 2504 2100 aliunde,
2529 2043 2584 2089 at
2612 2035 2810 2091 merito
2842 2043 3028 2092 tamen
3056 2039 3384 2112 antiquitate
3416 2056 3568 2098 com-

291 2140 609 2195 mendatur.
648 2137 785 2192 Nam
824 2136 970 2192 inter
1008 2134 1198 2191 doctos
1228 2133 1364 2189 satis
1391 2134 1646 2189 convenit
1673 2132 1725 2186 id
1759 2147 1895 2204 opus
1938 2141 2034 2188 aut
2063 2135 2132 2188 ad
2171 2140 2424 2204 quartum
2469 2130 2724 2187 saeculum
2752 2131 3052 2202 pertinere,
3086 2143 3180 2190 aut
3205 2137 3273 2192 ad
3307 2136 3364 2192 id
3392 2139 3568 2195 aetatis

286 2237 539 2306 proxime
563 2234 849 2291 accedere.
891 2231 1018 2287 Hmc
1052 2239 1235 2286 autem
1289 2229 1666 2299 interpretatio
1697 2239 1756 2283 ut
1787 2229 1842 2283 in
1873 2228 2130 2300 vulgatis,
2165 2229 2238 2284 ita
2280 2229 2336 2282 in
2371 2242 2502 2283 mss.
2552 2242 2768 2297 quoque
2820 2227 3142 2296 imperfecta
3174 2239 3279 2298 est,
3307 2244 3486 2301 neque
3509 2232 3565 2287 iu

285 2331 401 2394 his,
444 2341 622 2397 neque
655 2327 710 2380 in
746 2325 854 2380 illis
884 2323 1026 2378 ultra
1054 2331 1219 2393 caput
1244 2320 1516 2376 decimum
1549 2329 1762 2376 sextum
1788 2322 1944 2376 Isaiae
1974 2319 2307 2376 extenditur.
2336 2319 2464 2374 Fuit
2497 2326 2681 2373 tamen
2713 2319 3004 2384 aliquando
3031 2327 3264 2390 tempus,
3305 2337 3428 2377 cum
3465 2338 3564 2378 ex-

285 2427 463 2473 staret
495 2418 726 2488 integra,
763 2416 810 2471 si
844 2414 978 2469 ﬁdes
1003 2421 1087 2468 est
1109 2413 1407 2468 Possevino
1433 2431 1448 2468 :
1473 2413 1594 2482 qui,
1627 2427 1751 2468 cum
1787 2421 1998 2468 veteres
2038 2411 2205 2466 libros
2231 2409 2595 2466 Messanensis
2622 2409 2962 2470 bibliothecae
3009 2425 3280 2480 recenset.
3315 2417 3388 2472 ita
3426 2419 3566 2473 scri-

281 2515 368 2570 bit
394 2516 534 2583 App.
563 2528 685 2583 pag.
710 2511 803 2580 '57,
836 2511 906 2566 ad
940 2510 1146 2566 calcem
1177 2507 1397 2578 operis:
1428 2506 1804 2576 Copiosissima
1847 2507 1902 2560 in
1931 2505 2137 2561 Isaiam
2163 2505 2474 2576 prapltetam
2503 2504 2570 2560 D.
2603 2503 2798 2560 Basilii
2834 2508 3217 2578 interpretatio.
3247 2509 3391 2581 Opus
3424 2513 3563 2567 inte-

280 2625 438 2679 grum
489 2617 540 2663 et
588 2625 769 2662 rarum
824 2609 881 2662 in
920 2605 1018 2677 [οι.
1066 2604 1225 2672 Quod
1269 2603 1314 2661 si
1377 2603 1687 2674 explanatio
1719 2604 1773 2658 in
1824 2602 2032 2673 reliqua
2068 2599 2221 2658 Isaias
2265 2602 2441 2671 capita
2474 2601 2546 2656 ita
2589 2609 2706 2656 erat
2749 2603 2972 2674 copiosa
3007 2604 3059 2659 in
3099 2605 3202 2661 hoc
3229 2605 3563 2662 Messanensi

284 2706 464 2770 libro,
497 2714 554 2760 ul
588 2715 673 2761 est
703 2719 831 2775 pars
859 2717 945 2768 ea,
978 2716 1141 2774 quam
1165 2701 1220 2756 in
1243 2699 1426 2770 priora
1454 2699 1730 2755 sexdecim
1756 2698 1939 2768 capita
1972 2697 2274 2764 habemus;
2307 2711 2417 2750 non
2446 2695 2606 2752 video
2643 2696 2735 2765 qui
2766 2695 2884 2752 ﬁeri
2919 2701 3178 2768 potuerit,
3205 2709 3265 2755 ut
3286 2701 3563 2758 volumine

285 2807 398 2847 uno
437 2802 586 2848 tanta
612 2793 1132 2849 commentariorum
1162 2789 1332 2844 moles
1363 2789 1942 2859 comprehenderetur.
1973 2787 2107 2844 Utut
2136 2788 2255 2843 haec
2285 2795 2436 2851 sunt,
2471 2801 2535 2842 ea
2565 2787 2633 2842 de
2658 2802 2720 2842 re
2747 2788 2816 2843 ad
2847 2800 3093 2846 nostrum
3142 2802 3558 2861 procuratorem

280 2883 595 2952 generalem
638 2884 694 2939 in
726 2884 879 2940 curia
908 2883 1154 2941 Romana
1188 2885 1509 2954 scripsimus
1538 2902 1552 2938 :
1587 2885 1682 2940 sed
1711 2883 1844 2938 nihil
1883 2884 2021 2940 certi
2055 2883 2365 2939 didicimus.
2411 2878 2566 2936 Nunc
2601 2881 2768 2952 igitur
2814 2884 3052 2939 rumoris
3096 2887 3282 2950 nescio
3313 2887 3442 2958 quid
3465 2904 3558 2943 suo-

279 2988 465 3048 perest
511 2979 774 3035 duntaxat
823 2979 1109 3045 Messanae,
1140 2981 1540 3036 famosissimos
1591 2988 1705 3035 tres
1748 2979 1968 3035 codices
2012 2993 2177 3033 manu
2227 2985 2484 3034 exaratos
2525 2975 2655 3031 olim
2688 2988 2719 3029 e
2749 2975 3076 3035 bibliotheca
3110 2984 3554 3040 Itevereudorum

283 3077 518 3131 Patrum
545 3076 757 3132 ordinis
780 3074 966 3132 Sancti
995 3075 1180 3132 Basilii
1203 3090 1233 3130 a
1264 3075 1499 3145 quodam
1527 3073 1730 3130 Siciliae
1757 3087 1993 3144 prorege
2021 3073 2132 3128 alio
2169 3080 2490 3143 exportatos
2519 3071 2710 3140 fuisse,
2743 3073 2813 3128 ob
2851 3072 3017 3146 idque
3055 3076 3170 3133 ﬁeri
3196 3081 3460 3150 potuisse,
3498 3093 3557 3137 ut

287 3167 604 3223 Basilianus
625 3167 713 3223 ille
738 3168 912 3224 codex
942 3183 1066 3224 cum
1097 3168 1218 3225 aliis
1245 3168 1456 3224 duobus
1486 3168 1702 3223 ablatus
1729 3167 1822 3222 sit.
1857 3165 1964 3222 Sed
2009 3180 2131 3222 cum
2164 3179 2342 3238 neque
2365 3164 2695 3222 Possevinus
2717 3179 2892 3236 neque
2921 3168 3209 3239 quisquam
3245 3170 3386 3227 alius
3408 3173 3558 3228 dicat

282 3260 432 3315 hunc
459 3273 521 3315 se
562 3259 760 3314 librum
810 3268 902 3316 aut
939 3259 1165 3326 vidisse,
1195 3270 1288 3316 aut
1321 3261 1538 3332 legisse,
1571 3275 1678 3315 non
1716 3268 1800 3315 est
1829 3261 1974 3328 quod
2019 3259 2088 3316 de
2139 3273 2206 3314 eo
2257 3261 2554 3329 quaerendo
2597 3257 2826 3314 multum
2876 3257 3186 3315 laboremus
3218 3277 3233 3315 :
3265 3274 3331 3316 eo
3359 3264 3554 3334 magis,

275 3354 426 3422 quod
467 3352 920 3407 verisimillimum
953 3352 1026 3408 sit
1049 3353 1212 3408 talem
1241 3352 1437 3408 librum
1472 3366 1749 3422 nunquam
1782 3351 2088 3407 exstitisse.

357 3445 742 3515 Imperfectum
780 3447 930 3502 illum
964 3449 1018 3502 in
1046 3448 1242 3504 Isaiam
1268 3447 1731 3502 Commentarium
1761 3447 1875 3515 jam
1905 3461 1935 3501 a
1969 3445 2131 3518 longo
2159 3454 2405 3518 tempore
2447 3446 2647 3503 Basilio
2685 3446 2883 3519 Magno
2930 3449 3190 3506 tributum
3235 3452 3402 3510 fuisse
3425 3467 3556 3508 con-

275 3553 414 3600 stat.
460 3544 608 3598 Inter
660 3544 799 3599 alios
839 3545 1254 3600 numerabimus
1305 3543 1599 3598 Maximum
1655 3552 1984 3614 martyrem,
2015 3539 2281 3596 Joannem
2331 3539 2764 3607 Damascenum,
2799 3544 3122 3612 Symeonem
3163 3545 3554 3618 Logotbetam,

273 3642 574 3697 Antonium
604 3641 900 3708 Melissam,
932 3641 1214 3696 Tarasium
1243 3639 1612 3710 patriarcham
1671 3636 2356 3707 Constantinopolitanum,
2387 3647 2443 3693 et
2463 3647 2740 3693 auctorem
2772 3640 3116 3696 Scholiorum
3154 3643 3465 3703 Graecorum
3500 3649 3556 3707 in

273 3735 562 3804 Epistolas.
603 3733 954 3804 apostolicas.
983 3732 1139 3800 Quod
1170 3730 1214 3785 si
1244 3713 1578 3784 recentiores
1615 3742 1853 3798 quoque,
1888 3730 1977 3795 qui
2011 3727 2130 3795 ejus
2176 3728 2358 3796 operis
2389 3727 2651 3782 Basilium
2701 3727 2955 3802 Magnum
2999 3719 3278 3795 auctorem
3321 3741 3554 3812 faciunt,

273 3844 566 3885 recensere
596 3831 1039 3900 aggrederemur,
1079 3828 1196 3882 dies
1246 3841 1348 3881 nos
1396 3825 1658 3882 deﬁceret
1703 3833 1758 3880 et
1794 3824 2008 3880 charta.
2047 3822 2302 3880 Celebres
2341 3833 2466 3879 sunt
2494 3823 2834 3893 Tiltnannus,
2860 3830 3084 3888 Ducasus
3107 3876 3120 3898 ,
3151 3834 3513 3895 Combeﬁsius
3537 3885 3551 3904 ,

241 3916 243 3918 ’
270 3923 488 3979 Natalis
513 3923 842 3987 Alexander,
875 3921 1136 3991 Dupiuus,
1166 3919 1566 3982 Tillemontius,
1595 3916 1903 3986 Lequienus
1929 3923 1984 3970 et
2006 3914 2096 3968 alii
2119 3929 2293 3989 prope
2321 3915 2615 3969 innumeri.
2657 3916 2886 3987 Contra,
2919 3924 3077 3992 pauci
3110 3936 3237 3982 sunt
3273 3929 3363 3997 qui
3394 3929 3555 3984 aliter

272 4016 547 4077 sentiant,
588 4013 735 4084 iique
761 4014 814 4067 in
852 4013 1050 4067 litteris
1086 4025 1190 4066 non
1227 4011 1302 4065 ita
1333 4024 1543 4077 magna:
1573 4007 1938 4074 auctoritatis,
1963 4016 2191 4075 excepto
2220 4005 2447 4063 Petavio
2480 4009 2597 4063 viro
2638 4009 2800 4082 longe
2829 4016 3187 4075 doctissimo:
3215 4021 3308 4091 qui
3343 4022 3550 4078 nullum

270 4113 494 4181 quidem
547 4118 925 4182 argumentum
972 4108 1038 4164 ad
1079 4124 1234 4164 suam
1277 4109 1591 4186 Opinionem
1643 4104 1976 4175 probandam
2025 4105 2273 4174 protulit,
2308 4107 2403 4162 sed
2447 4119 2830 4166 asseveranter
2860 4119 3042 4167 tamen
3092 4115 3471 4181 pronuntiavit
3499 4115 3553 4171 id

276 4219 418 4271 opus
453 4202 638 4258 Basilii
677 4218 784 4258 non
818 4216 960 4258 esse.
989 4202 1120 4273 Ejus
1161 4215 1342 4256 autem
1380 4202 1546 4257 verba
1580 4201 1696 4256 hate
1729 4207 1856 4254 sunt
1907 4208 2041 4254 tom.
2073 4198 2143 4254 Ill
2179 4197 2360 4254 Theol.
2399 4201 2548 4271 dog.,
2579 4200 2730 4266 lib.t,
2760 4218 2809 4258 c.
2841 4201 2896 4271 2,
2929 4220 2987 4259 n.
3013 4204 3046 4258 4
3075 4222 3089 4259 :
3123 4204 3332 4261 Rursus
3367 4218 3555 4264 auctor

267 4292 792 4348 Commentariorum
816 4293 884 4347 ad
913 4291 1142 4359 Isaiam,
1177 4294 1269 4365 qui
1299 4292 1503 4348 Basilio
1523 4292 1688 4346 solent
1713 4291 1958 4358 inscribi,
1987 4307 2080 4346 nec
2126 4300 2246 4347 sunt
2274 4301 2448 4346 tamen
2477 4293 2622 4348 illius
2643 4333 2659 4360 ,
2689 4294 2895 4349 videtur
2925 4296 3084 4350 etiam
3123 4309 3426 4354 cornoratos
3455 4317 3553 4355 an-

264 4387 412 4441 .elos
440 4386 639 4455 facere.
673 4385 846 4453 Quam
876 4387 1094 4458 quidem
1127 4386 1452 4442 sententiam
1501 4386 1788 4456 amplexus
1823 4385 1949 4455 sim,
1993 4386 2128 4442 satis
2187 4386 2508 4460 intelligitur
2538 4389 2625 4444 vel
2675 4403 2742 4443 ex
2777 4405 2865 4445 ’ρο
2903 4390 3042 4457 Ioco,
3074 4393 3164 4446 ubi
3211 4395 3354 4449 hunc
3388 4395 3552 4453 Com-

263 4479 604 4534 mentariom
625 4479 892 4535 edendum
937 4480 1123 4536 curavi
1149 4481 1225 4552 (a)
1253 4497 1267 4534 :
1300 4481 1397 4537 sed
1449 4489 1770 4552 argumenta
1804 4480 1942 4552 ipsa,
1973 4495 2096 4551 quae
2119 4481 2186 4536 ad
2225 4495 2347 4538 eam
2375 4484 2831 4552 comprobandam
2871 4489 3092 4555 adduxi,
3121 4488 3266 4561 legas
3305 4493 3464 4548 velim
3496 4495 3551 4550 in

261 4576 602 4633 Prml‘atione
629 4593 733 4634 suo
755 4578 948 4633 Ordine
981 4588 1038 4634 et
1063 4579 1206 4635 loco.

324 4702 398 4762 (a)
425 4701 480 4765 Id
507 4707 580 4750 est
603 4703 737 4750 inter
762 4701 928 4753 dubia.
957 4704 1027 4752 Ex
1053 4703 1358 4765 argumentis
1381 4708 1545 4753 tamen
1581 4715 1608 4750 ει
1629 4701 1689 4752 D.
1721 4701 1874 4752 Prud.
1901 4699 2105 4751 Marano
2127 4701 2291 4765 allatis
2311 4703 2364 4750 in
2389 4701 2507 4751 Vita
2544 4699 2738 4765 Basilii,
2763 4704 2894 4752 inter
2916 4701 3131 4765 genuina
3155 4707 3550 4758 annumerandus

256 4772 367 4823 est;
394 4763 483 4826 sed
518 4771 571 4812 ut
595 4765 818 4812 ordinem
841 4779 868 4815 a
909 4765 969 4815 D.
992 4763 1378 4815 JulfGarnerio
1422 4766 1703 4815 institutum
1749 4775 2032 4826 servemus,
2071 4775 2222 4826 quem
2258 4763 2512 4815 inversum
2559 4763 2774 4814 moleste
2799 4763 2988 4815 ferrent
3014 4765 3221 4825 eruditi,
3243 4767 3365 4816 nihil
3391 4776 3548 4821 muta~

253 4841 383 4876 nam.
409 4825 546 4878 Eutr.
570 4825 723 4875 Pun.

772 4977 1338 5110 ΕΡΜΗΝΕΙΑ
1874 5055 1917 5110 Β
2259 4983 2426 5058 378
2458 4987 2586 5064 EN
2601 4989 2647 5062 A
2666 4988 2784 5065 RB
2801 4991 3040 5066 ATIO

505 5113 621 5166 ΕΙΣ
664 5115 805 5166 ΤΟΝ
837 5116 1241 5169 ΠΡΟΦΙΠῊΝ
1273 5118 1574 5171 ΗΣΑΙΑΝ.
2269 5115 2361 5170 ΙΝ
2408 5115 2877 5174 ΡΠΟΡΗΕΤΑΜ
2936 5119 3222 5176 18Α1ΑΜ.

759 5229 1145 5283 ΠΡΟΟΙΜΙΟΝ
1184 5228 1417 5300 (20-21).

2543 5233 2955 5290 PROOEMIUM.

322 5451 378 5505 ἴ.
414 5451 692 5517 Εὔξασθε
717 5453 804 5523 μὴ
834 5455 1115 5522 γενέσθαι
1146 5456 1259 5523 τὴν
1286 5457 1492 5526 φυγὴν
1527 5458 1692 5527 ὑμῶν
1719 5476 1838 5528 χει-

2019 5461 2065 5514 I.
2098 5460 2258 5516 Orate
2283 5478 2344 5515 ne
2369 5461 2464 5530 ﬁat
2501 5461 2626 5529 fuga
2676 5471 2848 5514 t-estra
2897 5461 3065 5517 Itieme
3107 5461 3183 5518 rel
3223 5462 3453 5522 Sabbato
3470 5466 3535 5523 ⁵⁸.

319 5565 369 5597 ⁸⁸
408 5565 600 5622 IIatth.
625 5584 776 5633 xxiv,
809 5569 899 5626 20.

319 5659 538 5745 (29-2”.
558 5662 853 5745 Antiquus
877 5666 1046 5745 codex
1087 5643 1333 5745 Contbef.
1363 5671 1703 5745 Δς--Βοιοιλείου
1742 5671 1835 5745 τοῦ

2022 5675 2256 5745 εοοίμιοη.
2303 5673 2442 5729 Editi
2477 5695 2486 5728 :
2517 5675 2693 5743 Λόγος
2719 5681 2788 5740 α’,
2845 5676 3047 5745 inepte.
3091 5676 3207 5733 Non
3252 5681 3395 5734 enim
3449 5679 3538 5734 hic

241 5730 496 5799 μεγάλου
519 5730 781 5804 ὲξήγηὰις
808 5739 887 5801 εἰς
907 5737 1000 5789 τὸν
1043 5756 1083 5791 π
1119 5755 1188 5809 οφ
1230 5757 1328 5792 ττν
1362 5742 1607 5803 Ἡσαΐαν,
1653 5759 1757 5814 προ

247 5819 400 5864 lit-9‘1.
437 5802 568 5864 “CR-
598 5807 866 5864 secundus
896 5827 910 5864 :
939 5807 1044 5863 Τοῦ
1071 5740 1353 5864 ϐασῖὰείου
1381 5812 1667 5864 ἑρμηνεία.
1699 5823 1752 5864 et

2017 5730 2155 5798 imus
2185 5754 2266 5800 est
2296 5760 2473 5800 sermo
2502 5730 2690 5801 eorum
2728 5730 2863 5814 quos
2897 5730 3110 5812 auctor,
3140 5730 3395 5816 quisquis
3427 5730 3532 5811 est,

2037 5817 2353 5864 nronhetam
2387 5815 2577 5864 Isaiam
2613 5818 2972 5864 consurinsit:
3015 5821 3125 5864 sed-
3155 5820 3421 5864 tmmltlam
3451 5830 3532 5864 est

247 5756 496 5799 μεταλυυ
521 5756 781 5804 εςηγησις
808 5756 887 5801 εις
907 5756 1000 5789 τον
1043 5756 1083 5791 π
1119 5756 1188 5809 οφ
1230 5757 1328 5792 ττν
1379 5756 1607 5803 ιισαϊαν,
1653 5756 1841 5814 προοι-
1949 5759 2155 5816 prtmus
2185 5756 2266 5800 est
2296 5760 2473 5800 sermo
2502 5760 2689 5801 eorum
2728 5761 2863 5814 quos
2897 5758 3110 5812 auctor,
3140 5756 3385 5816 quisquis
3427 5761 3533 5811 est,

247 5819 400 5871 μινιν.
437 5802 568 5873 lieg.
598 5807 866 5865 secundus
896 5827 910 5868 :
939 5807 1044 5863 Τοῦ
1071 5756 1353 5866 ϐασῖὲκείου
1381 5812 1667 5881 ἑρμηνεία,
1699 5823 1834 5882 etc.,
1946 5813 2000 5872 in
2037 5817 2354 5883 prophetam
2385 5815 2579 5873 Isaiam
2613 5818 2934 5888 conscripsit
2959 5835 2972 5872 :
3015 5821 3125 5875 sed-
3155 5820 3422 5890 quoddam
3451 5830 3535 5876 est
