3838 6214
340 309 444 365 illi

1286 309 1629 366 APPENDIX
1670 309 1952 368 OPEliUM
1995 313 2052 370 S.
2092 313 2347 373 ΒΑειιιιι
2380 317 2614 377 MAGNI.

3459 319 3571 376 120

330 432 730 488 Advertendum
753 441 835 488 est
856 429 1019 488 Deum
1043 448 1148 488 non
1177 433 1372 491 fecisse
1396 436 1626 492 hiemem
1645 445 1738 491 aut
1768 435 1901 492 Sab-

2015 441 2196 506 ωῶνος
2223 443 2261 510 ἢ
2291 441 2594 496 Σαϐϐάτου
2626 440 2757 511 (22).
2793 437 3131 511 Σημειωτέον
3172 430 3290 502 οὖν,
3327 437 3410 489 ὅτι
3454 453 3566 506 χει-

329 529 512 581 batum
543 523 996 595 reprehensibile;
1029 526 1288 596 scriptum
1321 536 1404 582 est
1435 528 1586 582 enim
1616 544 1631 581 :
1661 526 1899 582 zEtatem

328 626 377 671 et
405 629 492 670 ver
518 627 574 670 tu
610 617 811 685 [inmitti
841 631 903 671 ea
923 617 990 671 ⁸³.
1026 617 1226 674 Verum
1259 617 1312 672 in
1349 615 1527 674 hieme
1553 630 1761 686 sumus,
1777 634 1898 671 cum

328 707 511 763 carnis
548 708 870 776 cupiditates
904 709 1186 780 imperium
1217 710 1464 765 obtinent
1499 711 1551 765 in
1581 711 1756 765 nobis.
1791 710 1898 764 lt‘a-

327 811 434 869 que
458 800 535 856 sic
565 799 968 871 intelligendum
1003 809 1087 856 est
1119 803 1319 856 dictum
1345 801 1474 856 illud
1509 801 1903 872 evangelicum,

327 889 581 944 nimirum
611 899 670 945 ut
694 905 800 944 non
831 887 925 945 llat
947 889 1070 961 luga
1103 901 1306 954 nostra,
1335 905 1457 946 cum
1499 891 1630 945 vitia
1663 890 1715 944 in
1745 890 1900 946 nobis

327 982 697 1049 dominantur,
738 991 980 1038 autcum
1027 997 1126 1053 per
1170 982 1415 1038 inertiam
1451 985 1614 1038 vitam
1658 993 1896 1039 nostram

329 1071 683 1128 traducimus.
712 1074 847 1129 Nam
878 1075 927 1128 id
957 1072 1114 1128 nobis
1136 1075 1407 1144 signiﬁcat
1435 1090 1532 1144 per
1565 1075 1894 1139 Sabbatum;

327 1173 388 1216 ut
413 1165 832 1219 benedictionem
861 1164 1006 1219 illam
1039 1179 1436 1235 consequamur
1462 1183 1477 1218 :
1507 1165 1703 1219 Beatus
1721 1181 1898 1220 servus

325 1253 438 1318 ille,
463 1269 614 1322 quem
656 1271 772 1308 cum
819 1257 1017 1309 uenerit
1068 1256 1344 1324 Dominus,
1385 1258 1636 1312 invenerit
1679 1258 1900 1327 vigilan-

332 1352 434 1397 tem
451 1344 519 1400 ⁸³.
558 1343 740 1399 Estote
793 1347 1075 1415 prudentes
1108 1349 1250 1404 sicut
1272 1363 1530 1420 serpentes
1551 1352 1634 1416 ⁸³’;
1675 1352 1896 1406 forsitan

330 1433 400 1489 ob
427 1433 500 1499 id,
526 1433 668 1503 quod
703 1435 996 1503 prudenter
1025 1450 1090 1492 ac
1141 1437 1417 1506 sapienter
1462 1438 1714 1494 detrahat
1743 1455 1898 1494 sene-

329 1533 553 1579 ctutem.
593 1524 806 1579 Etenim
856 1526 943 1579 ubi
980 1526 1092 1597 jam
1122 1531 1366 1583 eruenda
1419 1539 1503 1584 est
1534 1531 1707 1598 pellis,
1744 1531 1797 1584 in
1824 1532 1901 1584 lo-

330 1629 452 1669 cum
485 1623 795 1684 angustum,
827 1615 1026 1684 quique
1061 1617 1295 1686 undique
1327 1633 1525 1688 corpus
1552 1634 1774 1687 prorsus
1803 1621 1907 1675 «ιιι-ι

330 1706 578 1776 stringat,
629 1707 871 1761 immittit
913 1709 1190 1778 seipsum,
1227 1719 1388 1780 atque
1421 1709 1497 1765 ad'
1528 1725 1650 1765 eum
1683 1713 1894 1766 modum

333 1799 708 1852 transmittens
737 1813 879 1862 sese,
909 1808 1179 1854 senectam
1209 1802 1378 1858 exuit.
1416 1800 1622 1856 Forsan
1649 1799 1814 1870 igitur
1843 1814 1898 1857 et
1927 1776 1969 1831 Β

332 1903 430 1944 nos
466 1889 578 1943 vult
607 1889 694 1944 hic
721 1905 899 1945 sermo
937 1906 1034 1958 per
1074 1901 1277 1947 arctam
1306 1903 1358 1947 et
1380 1893 1620 1948 strictam
1650 1895 1790 1949 viam
1817 1898 1899 1950 in-

330 1981 636 2050 gredientes
666 1996 864 2037 exuere
889 1992 1125 2038 veterem
1174 1985 1468 2052 hominem,
1496 2001 1556 2040 ac
1585 2001 1780 2041 novum
1814 1989 1898 2043 in-

330 2074 518 2138 duere,
545 2084 600 2129 ut
627 2082 806 2128 nostra
829 2090 1062 2145 quoque,
1087 2075 1230 2130 velut
1252 2077 1466 2146 aquilae,
1491 2078 1710 2148 juventa
1740 2094 1903 2133 reno-

328 2175 502 2220 vetur.
532 2164 717 2236 Magna
747 2167 964 2238 quidem
991 2175 1150 2235 atque
1173 2169 1306 2222 adeo
1335 2169 1506 2235 prima
1535 2168 1653 2236 dos,
1673 2184 1899 2241 quaeque

329 2255 562 2311 animam
591 2273 798 2312 summe
847 2267 1130 2328 purgatam
1190 2259 1451 2328 requirat,
1483 2260 1646 2314 divini
1688 2260 1900 2316 amatus

328 2359 447 2401 esse
481 2361 732 2417 capacem
763 2349 830 2402 ad
863 2349 1288 2417 prophetandum
1323 2349 1579 2420 mysteria
1611 2349 1726 2404 Dei.
1762 2349 1896 2406 Pro-

325 2438 471 2494 xima
498 2451 628 2494 vero
654 2439 949 2497 secundum
984 2438 1149 2503 ili'am,
1179 2448 1233 2493 et
1268 2440 1381 2508 ipsa
1413 2439 1627 2509 quidem
1653 2457 1757 2495 non
1789 2459 1900 2497 me-

329 2531 565 2586 diocrem
601 2540 694 2586 aut
741 2532 1014 2602 vulgarem
1055 2532 1392 2602 diligentiam
1432 2534 1762 2600 desiderans,
1800 2550 1898 2589 an.

329 2624 446 2679 dire
479 2622 604 2693 quid
635 2621 734 2680 sibi
767 2624 935 2679 velint
965 2639 1027 2680 ea
1062 2639 1180 2694 quae
1214 2623 1518 2679 dicuntura
1543 2625 1768 2695 Spiritu,
1801 2643 1901 2682 nec

329 2715 580 2770 aberrare
620 2727 649 2768 a
691 2715 954 2769 dictorum
992 2716 1284 2782 sententia,
1329 2717 1421 2772 sed
1471 2727 1618 2773 recta
1653 2719 1718 2774 ad
1753 2718 1899 2775 illam

331 2802 520 2860 deduci
544 2807 627 2860 via
659 2822 688 2859 a
719 2804 1072 2876 Splritu,quo
1102 2817 1320 2865 anetore
1352 2810 1548 2880 scripta
1571 2819 1654 2865 εει
1674 2813 1903 2882 prophe-

331 2897 427 2963 tia,
457 2898 892 2967 gubernatnrque
935 2899 1240 2956 intellectus
1273 2913 1481 2968 eorum,
1515 2904 1608 2972 qui
1639 2903 1904 2973 cegnitio-

331 2987 417 3041 nis
474 2988 671 3044 donum
718 2998 1061 3058 acceperunt.
1092 2988 1247 3047 Unde
1296 3001 1352 3046 et
1390 2993 1645 3049 Dominus
1675 2993 1899 3060 addidit,

2003 533 2156 604 μῶνα
2194 533 2227 604 ἢ
2271 532 2547 587 Σάϐϐατον
2573 531 2772 602 ψεκτὸν
2809 531 2910 583 οὐκ
2937 529 3192 598 ἐποίησεν
3221 529 3249 581 6
3283 526 3416 590 Θεός
3435 543 3446 556 ·
3473 525 3568 594 γέο

1999 638 2243 694 γραπται
2268 622 2376 693 γάρ
2398 637 2420 651 ⁸·
2459 619 2640 688 Θέρος
2674 619 2770 672 καὶ
2815 619 2921 686 ἔαρ
2960 617 3041 670 σὺ
3079 617 3355 681 ἔπλασας
3389 614 3558 668 αὐτά.

2010 716 2100 768 Ἐν
2147 714 2375 785 χειμῶνι
2419 713 2483 768 δέ’
2529 714 2717 784 ὲσμεν,
2762 713 2890 765 ὅταν
2931 709 3002 763 τὰ
3041 709 3190 778 πάθη
3229 709 3329 778 τῆς
3362 705 3564 777 σαρκὸς

1997 804 2298 876 δυναστεύῃ
2336 805 2395 857 ὲν
2421 805 2572 874 ῆμὶν.
2606 801 2762 855 Οὕτω
2792 800 2972 853 τοίνυν
3003 797 3220 870 νοητέον
3245 796 3308 849 τδ
3336 797 3566 864 εὐαγγε-

1998 896 2149 950 λικδν
2185 895 2365 966 ῥητὸν,
2419 894 2493 964 μὴ
2518 891 2770 961 γενέσθαι
2797 889 2953 961 ἡμῶν
2979 887 3078 958 τὴν
3106 887 3304 956 φυγὴν,
3338 886 3464 940 ὅταν
3496 885 3566 939 τὰ

1999 988 2216 1059 χείρονα
2249 988 2304 1038 ὲν
2337 986 2467 1056 ἡμῖν
2491 986 2689 1054 κρατῇ,
2707 982 2885 1052 ἣδταν
2915 978 3082 1052 ἀργίᾳ
3107 977 3208 1049 τὴν
3235 974 3378 1047 ζωὴν
3408 975 3566 1047 ἡμῶν

1999 1078 2480 1148 παραπέμπωμεν.
2515 1065 2686 1127 Τοῦτο
2724 1071 2831 1143 γὰρ
2858 1069 3150 1124 ὑποϐάλλει
3183 1069 3324 1120 νοεῖν
3352 1065 3438 1118 διά
3469 1063 3570 1118 τοῦ

1999 1167 2298 1234 Σαϐϐάτου,
2329 1168 2417 1220 ἵνα
2444 1165 2698 1236 τύχωμεν
2736 1165 2834 1234 τῆς
2879 1160 3129 1230 εὐλογίας
3168 1158 3413 1228 ἐκείνης·
3447 1160 3567 1211 Ma-

1997 1261 2203 1330 κάριος
2230 1263 2263 1313 ὁ
2289 1258 2509 1323 δοῦλος
2531 1255 2780 1321 ἐκεῖνος,
2801 1253 2872 1306 ὃν
2893 1251 3085 1306 ἐλθὼν
3105 1253 3138 1304 ό
3161 1251 3376 1317 Κύριος
3394 1247 3568 1314 εὐρή-

1997 1371 2092 1410 σει
2106 1353 2528 1425 γρηγοροῦντα*
2544 1351 2799 1404 Γίνεσθε
2812 1343 3174 1416 φρόνιμοιὼς
3187 1345 3241 1396 oi
3253 1341 3416 1409 ὄφεις
3430 1338 3562 1408 (25)’

1995 1451 2137 1519 τάχα
2172 1447 2260 1499 δτά
2299 1445 2360 1498 τὸ
2386 1443 2664 1514 φρονίμως
2693 1439 2787 1493 κα)¹
2819 1435 3054 1498 συνετῶς
3085 1430 3416 1500 ἀποξύεσθαι
3449 1428 3571 1499 (24)

1997 1541 2059 1594 τδ
2088 1539 2286 1608 γῆρας.
2322 1535 2433 1589 Καὶ
2461 1532 2573 1604 γὰρ
2600 1529 2817 1584 ἐπειδάν
2846 1525 3177 1582 ἀποδύεσθαι
3217 1523 3315 1596 δὲῃ
3351 1519 3450 1591 τὴν
3477 1519 3569 1608 λεξ

1997 1631 2064 1702 6η
2073 1607 2217 1702 ρίδα,
2249 1624 2420 1696 στενῷ
2435 1623 2585 1694 τόπῳ
2606 1622 2702 1676 καὶ
2720 1618 2962 1691 ἀκριδῶς
2983 1614 3373 1688 προσφίγγοντι
3399 1607 3573 1702 αὑτοῦ

1997 1701 2082 1776 τὸν
2109 1720 2269 1791 σῶμα
2311 1716 2526 1779 ἐπιδοὺς
2551 1713 2764 1777 ἑαυτὸν,
2790 1710 2932 1764 οὕτω
2962 1708 3176 1779 διείρων
3208 1705 3322 1776 (25)
3352 1701 3567 1763 ἑαυτὸν,

1998 1807 2298 1869 ἀποδύεται
2322 1810 2382 1864 τδ
2419 1808 2616 1878 γῆρας,
2651 1806 2803 1875 Τάχα
2836 1797 2930 1856 οὖν
2962 1801 3059 1855 καὶ
3088 1799 3236 1869 ἡμᾶς
3263 1794 3507 1868 βούλεται
3538 1793 3576 1844 δ

1997 1906 2154 1976 λόγος
2176 1902 2265 1957 διά
2299 1900 2409 1972 (26)
2439 1899 2540 1969 τῆς
2573 1897 2766 1968 στενῆς
2793 1894 2886 1948 καὶ
2925 1889 3290 1961 τεθλιμμένης
3316 1884 3436 1976 δδσῦ
3467 1901 3570 1937 πο-

2001 1974 2324 2066 ρευομένους
2357 1986 2685 2044 ἀποδύεσθαι
2729 1985 2826 2055 μὲν
2861 1982 2953 2036 τδν
2986 1977 3213 2034 παλαιὸν
3247 1974 3529 2066 ἄνθρωπον
3549 2009 3568 2033 ,

1998 2064 2321 2142 ἐνδύσασθαι
2355 2080 2411 2134 δὲ
2443 2079 2536 2134 τδν
2570 2077 2714 2142 νέον,
2747 2075 2886 2128 ὥστε
2917 2071 3011 2126 καὶ
3042 2068 3197 2142 ἡμῶν
3233 2065 3411 2121 αὐτῶν
3438 2064 3577 2118 ἀνα-

2000 2175 2366 2246 καινισθῆναι,
2408 2171 2484 2235 ὡς
2514 2167 2698 2233 ἀετοῦ,
2730 2167 2830 2237 τὴν
2873 2165 3120 2234 νεότητα.
3153 2161 3313 2229 Μέγα
3350 2158 3446 2230 μὲν
3476 2153 3573 2209 καὶ

2000 2271 2215 2343 πρῶτον
2275 2266 2543 2339 χάρισμα,
2579 2263 2673 2317 καῖ
2714 2257 2894 2330 ψυχῆς
2930 2255 3116 2328 ἀκρως
3154 2249 3575 2343 κεκαθαρμένης

1998 2342 2270 2432 δεόμενον,
2300 2355 2550 2430 χωρῆσαι·
2570 2353 2667 2424 τὴν
2696 2351 2846 2406 θείαν
2869 2349 3156 2402 ἐπίπνοιαν
3182 2344 3318 2414 πρὸς
3343 2342 3404 2396 τὸ
3432 2357 3571 2432 προ-Τ

2000 2430 2254 2522 φητεύειν
2283 2447 2354 2501 τὰ
2388 2445 2483 2500 τοῦ
2519 2442 2678 2498 Θεοῦ.
2710 2439 2970 2523 Δεύτερον
2997 2438 3055 2490 δὲ
3100 2437 3222 2508 μετ’
3243 2433 3440 2494 ἐκεῖνο,
3475 2430 3573 2523 παὶ

1998 2539 2122 2597 οὐδὲ
2175 2539 2306 2596 αὐτό
2355 2537 2556 2610 μικρᾶς
2599 2522 2719 2588 ούδέ
2763 2533 2863 2602 τῆς
2917 2529 3185 2601 τυχούσης
3255 2522 3582 2595 ἐπιμελείας

1999 2633 2270 2706 δεόμενον,
2287 2631 2350 2686 τδ
2380 2627 2704 2685 κατακούειν
2727 2625 2818 2680 τοῦ
2853 2623 3190 2696 βουλήματος
3211 2618 3321 2673 τῶν
3349 2612 3574 2706 λεγομὲ-

2000 2705 2106 2783 νων
2154 2724 2260 2780 ὖπδ
2311 2721 2404 2776 τοῦ
2454 2719 2790 2790 Πνεύματος,
2821 2716 2915 2769 καὶ
2955 2714 3029 2785 μὴ
3060 2705 3582 2782 παραστοχάζεσθαι

2000 2819 2104 2888 τῆς
2131 2815 2368 2877 διανοίας
2389 2812 2496 2866 τῶν
2526 2809 2857 2881 λεγομένων,
2889 2805 3002 2860 ἀλλ’
3036 2801 3335 2864 εὖθυόὀλως
3360 2799 3445 2853 ἐπ’
3476 2799 3573 2851 αὑ-

2000 2911 2101 2981 τὴν
2150 2903 2458 2978 emacem
2488 2904 2593 2957 ὑπὸ
2636 2898 2730 2955 τοῦ
2769 2896 3218 2968 οίκονομήσαντος
3255 2892 3584 2961 Πνεύματος·

2001 2998 2278 3073 γραφῆναι
2311 2999 2408 3070 τὴν
2441 2991 2798 3067 προφητείαν,
2846 2987 3164 3058 δδηγοῦντος
3212 2985 3307 3038 καὶ
3333 2983 3431 3073 τὴν
3458 2981 3576 3033 διά-

330 3079 514 3134 dicens
545 3092 560 3130 :
590 3078 701 3145 Qui
731 3081 884 3135 habet
917 3097 1070 3136 aures
1123 3083 1192 3136 ad
1231 3085 1589 3152 audiendum,
1620 3087 1801 3141 audiat
1832 3087 1896 3142 ⁸⁸.

2015 3071 2156 3143 iam
2199 3087 2308 3140 τῶν
2355 3081 2770 3152 ὑποδεξαμένων
2798 3077 2857 3132 τδ
2885 3078 2986 3147 τῆς
3020 3073 3274 3176 γνωσεως
3300 3071 3576 3176 χάριρμα..

329 3171 594 3228 Praeterea
625 3174 884 3243 propheta
917 3189 1128 3244 quoque
1145 3172 1257 3230 Joel
1278 3175 1494 3249 [Osee]:
1518 3175 1644 3243 Quis
1674 3181 1898 3246 sapiens,

331 3272 379 3316 et
423 3263 674 3332 intelliget
707 3263 816 3316 Iuro
840 3265 866 3319 .9
891 3263 1204 3333 intelligens,
1242 3276 1288 3318 et
1337 3278 1607 3336 cognoscet
1629 3281 1689 3322 ea
1719 3270 1766 3302 ⁸⁵
1789 3270 1813 3324 ?
1838 3270 1903 3325 Et

332 3355 620 3422 Apostolus
664 3369 728 3409 co
758 3355 873 3410 loco
915 3372 1020 3425 quo
1067 3357 1133 3411 de
1177 3357 1595 3415 charismatibus
1642 3361 1902 3431 loquitur,

331 3449 597 3515 quoddam
633 3461 755 3502 esse
804 3448 1004 3501 donum
1080 3447 1156 3500 ait
1234 3449 1600 3518 pr0phctiam,
1637 3452 1902 3520 quoddam

335 3541 710 3595 discretionem
727 3540 1011 3608 spirituum
1037 3540 1104 3594 ⁸⁸.
1141 3540 1274 3594 Nam
1307 3543 1396 3611 qui
1417 3557 1535 3597 sese
1559 3543 1776 3613 dignum
1811 3560 1908 3599 ex-

334 3629 481 3683 hibet
509 3631 945 3694 instrumentum,
979 3647 1077 3700 pcr
1101 3631 1242 3699 quod
1273 3631 1509 3702 Spiritus
1549 3643 1828 3703 operetur,
1861 3635 1906 3688 is

286 3724 288 3727 ’
333 3721 592 3790 propheta
623 3731 722 3776 est.
758 3721 926 3776 Porro
960 3723 1049 3790 qui
1077 3722 1182 3777 vim
1215 3737 1402 3779 eorum
1439 3739 1558 3793 qua:
1587 3725 1906 3780 denuntian-

335 3821 424 3864 tur
451 3811 744 3879 prudenter
784 3813 1028 3881 percipit,
1059 3815 1105 3868 is
1151 3815 1346 3868 donum
1393 3815 1556 3870 habet
1607 3818 1910 3874 discernen-

334 3903 525 3958 dornm
576 3903 885 3973 spirituum.
940 3904 1278 3974 Quapropter
1327 3916 1384 3961 et
1425 3907 1720 3965 Corinthiis
1772 3926 1918 3980 prac—

335 3992 582 4048 scribens
609 4009 624 4046 :
665 3993 940 4062 Propheta:
977 4009 1182 4060 autem,
1212 3997 1406 4066 inquit,
1434 3999 1546 4052 duo
1567 4009 1664 4054 aut
1692 4010 1801 4055 tres
1821 4003 1906 4055 di-

334 4093 476 4149 cant,
504 4094 560 4138 et
575 4086 751 4138 ca'teri
779 4086 1065 4153 dijudicent
1085 4089 1148 4140 ⁸τ.

401 4352 457 4408 2.
489 4353 582 4408 Est
604 4362 783 4407 autem
807 4354 1006 4409 donum
1040 4354 1139 4408 hoc
1165 4353 1299 4408 adeo
1335 4369 1610 4423 magnum,
1635 4367 1691 4410 ut
1726 4358 1909 4414 Domi-

2004 3180 2104 3236 Διά
2127 3180 2284 3235 τοῦτο
2321 3178 2416 3232 καὶ
2461 3179 2489 3230 6
2533 3174 2740 3247 Κύριος
2767 3171 3023 3240 ἐπέφερε,
3057 3165 3268 3235 λέγων·
3313 3165 3376 3218 '0
3413 3163 3576 3233 ἔχων

2001 3269 2121 3328 ὦτα
2157 3265 2725 3331 ἁκούειν,ἆκουέτω.
2751 3262 2863 3316 Καὶ
2892 3262 2920 3313 6
2952 3259 3235 3331 προφήτης
3255 3256 3311 3310 δὲ
3330 3257 3358 3308 6
3395 3251 3583 3324 Ἰωήλν

2011 3367 2107 3430 Τίς
2135 3361 2326 3431 σοφὸς
2351 3359 2486 3431 (27),
2517 3358 2616 3413 καὶ
2646 3357 2906 3422 συνήσει
2929 3352 3116 3407 ταῦτα
3132 3367 3151 3414 ;
3173 3349 3273 3404 καὶ
3293 3345 3572 3431 συνετὸς,

2007 3429 2107 3502 καί
2151 3429 2543 3515 ἐπιγνώσεται
2577 3440 2730 3496 αὐτά
2750 3458 2770 3507 ;
2800 3440 2910 3493 Καὶ
2955 3441 2984 3492 6
3034 3435 3354 3496 Ἀπόστολος
3395 3433 3454 3484 ὲν
3495 3429 3587 3500 τῷ

2007 3541 2135 3611 περὶ
2163 3536 2518 3609 χαρισμάτων
2554 3533 2722 3602 τόπῳ,
2757 3531 2818 3585 τὸ
2853 3531 2951 3602 μέν
2979 3546 3034 3583 τι
3066 3527 3314 3599 χάρισμα
3360 3539 3580 3594 προφη-

2007 3627 2156 3686 τείαν
2190 3629 2343 3702 φησὶ,
2385 3627 2446 3681 τὸ
2470 3627 2527 3680 δὲ
2553 3626 2821 3697 διάκρισιν
2851 3620 3197 3692 πνευμάτων.
3248 3617 3306 3670 '0
3341 3613 3436 3685 μὲν
3464 3612 3586 3682 γὰρ

2009 3722 2265 3793 παρέχων
2292 3720 2483 3774 ἑαυτὸν
2508 3717 2657 3782 ἀξιον
2689 3716 2919 3787 ὄργανον
2943 3715 3009 3783 τῇ
3056 3708 3306 3782 ἐνεργείᾳ
3339 3705 3448 3778 (28)
3477 3703 3586 3756 10'3-

2008 3813 2350 3884 Πνεύματος,
2385 3810 2670 3883 προφήτης
2693 3806 2840 3859 ἐστίν
2860 3822 2872 3836 ⁸
2905 3807 2933 3858 6
2967 3803 3024 3856 δὲ
3057 3803 3157 3874 τὴν
3208 3799 3434 3870 δύναμιν
3466 3795 3579 3848 τῶν

2008 3902 2502 3975 ἀπαγγελλομένων
2535 3898 2771 3962 συνετῶς
2803 3895 3155 3967 ἐκδεχόμενος
3176 3931 3192 3957 ,
3229 3892 3290 3946 τὸ
3330 3891 3582 3961 χάρισμα

2011 3997 2126 4068 ἔχει
2171 3995 2273 4065 τῆς
2310 3989 2635 4062 διακρίσεως
2673 3987 2784 4041 τῶν
2833 3983 3177 4055 πνευμάτων.
3221 3979 3311 4032 Διὸ
3338 3978 3432 4032 καὶ
3467 3979 3578 4030 Κο-

2013 4085 2237 4160 ρινθίοις
2287 4081 2623 4145 διατάσσων,
2653 4075 2959 4147 Προφῆται
3016 4073 3122 4136 δὲ,
3168 4071 3336 4142 φησι,
3386 4068 3496 4160 δύο
3539 4068 3583 4135 ἦ

2010 4159 2168 4248 τρεῖς
2228 4173 2646 4239 λαλείτωσαν,
2717 4169 2816 4223 καὶ
2871 4169 2926 4221 oi
2977 4165 3155 4220 ἄλλοι
3203 4159 3591 4230 διακρινέτωο

2011 4290 2132 4328 σαν
2158 4271 2292 4340 (29).

2081 4365 2138 4418 2.
2162 4361 2274 4415 Καὶ
2302 4357 2445 4413 οὕτω
2479 4355 2641 4428 μέγα.
2687 4356 2770 4407 ὅτι
2811 4355 2868 4406 ὲν
2911 4351 3105 4421 ἀπειλῇ
3155 4349 3331 4402 κεῖται
3363 4343 3589 4413 ἀφελεῖν

334 4460 436 4500 nus
458 4446 817 4505 comminetur
844 4459 967 4501 sese
993 4445 1294 4499 ablaturum
1313 4445 1539 4501 eiudaea
1572 4451 1904 4520 prophetam,

2015 4453 2215 4525 Κύριον
2240 4449 2349 4504 ἀπδ
2371 4448 2472 4517 τῆς
2515 4444 2773 4507 Ἰουδαίας
2795 4443 3102 4515 προφήτην,
3137 4439 3233 4492 καὶ
3259 4435 3584 4506 στοχαστὴν,

407 4564 842 4638 ⁸¹Ῥ.ςιι1.μι.ειιῃιι,
877 4562 959 4616 17.
1035 4561 1295 4638 δξῌιιιιιι.
1331 4579 1477 4629 xxxv,
1500 4564 1588 4621 4'6.
1664 4567 1710 4600 ⁸³
1731 4570 1898 4628 Matth

2024 4570 2114 4628 16.
2185 4568 2233 4600 ⁸⁸
2261 4563 2452 4621 Matth.
2503 4577 2583 4628 ιιι,
2615 4561 2702 4616 15.
2776 4559 2824 4592 ⁸⁸
2843 4559 2964 4616 Ose.
3011 4572 3120 4624 xw,
3164 4554 3251 4609 l0.
3326 4554 3374 4585 “
3408 4553 3428 4607 l
3457 4552 3588 4606 Cor.

333 4651 434 4702 ιη,
467 4635 554 4690 10.
631 4633 716 4687 ⁸’⁷1
751 4635 876 4690 Cor.
919 4649 1030 4696 xlv,
1063 4633 1153 4689 29.

332 4771 585 4840 prouemii
608 4785 780 4840 genus
815 4783 920 4824 non
962 4769 1036 4823 ita
1087 4768 1222 4822 scite
1267 4768 1723 4840 consarcinatum.
1777 4771 1913 4826 Sunt

340 4843 430 4910 qui
474 4839 792 4895 existiment
843 4849 1048 4907 partem
1085 4839 1329 4910 prooemii
1379 4839 1522 4892 illius
1547 4843 1612 4892 ad
1656 4841 1908 4894 Basiliam

341 4911 590 4978 Magnum
621 4926 724 4962 non
756 4911 1047 4976 pertinere.
1084 4909 1186 4978 Sed
1222 4919 1424 4961 tantum
1457 4911 1609 4962 abest
1637 4921 1694 4962 ut
1715 4925 1816 4976 ego
1848 4912 1912 4964 de

340 4997 406 5031 νο
433 4977 552 5033 cum
588 4980 694 5034 illis
723 4980 1052 5032 contendere
1080 4977 1262 5040 velim,
1293 4989 1352 5030 ut
1391 4980 1710 5045 prommium
1742 4989 1910 5033 totum

344 5051 458 5112 ejus
504 5065 608 5102 non
653 5063 776 5115 esse
825 5047 983 5101 facile
1015 5049 1332 5101 concedam.
1364 5049 1436 5102 De
1467 5051 1584 5115 ipso
1609 5064 1791 5115 opere,
1843 5065 1911 5102 an

339 5118 522 5173 Basilii
552 5119 643 5182 sit,
670 5119 722 5171 in
749 5113 1072 5172 Prml‘atione
1114 5119 1244 5170 satis
1268 5113 1910 5186 copiose—tlispntavimns.

343 5187 460 5255 ipso
487 5188 642 5241 initio
667 5186 1195 5256 uterqueConibef.,
1244 5187 1318 5256 μὴ
1357 5187 1630 5254 γενέσθαι.
1667 5187 1798 5256 lieg.
1829 5201 1916 5240 se-

341 5259 566 5336 :trndns,
601 5259 673 5330 δὴ,
700 5258 775 5329 μὴ
795 5255 1067 5336 γενέσθαι.
1091 5256 1225 5310 Editi
1247 5255 1506 5326 denique,
1531 5255 1790 5322 εὔξασθαι
1817 5257 1924 5326 μὲν·

339 5325 422 5379 δεῖ
451 5328 546 5388 μή,
570 5325 674 5382 οιοζ

415 5343 690 5465 (£213.32;
728 5396 1034 5460 secundus,
1083 5396 1364 5465 Σαϐϐάτῳ,
1418 5396 1607 5450 Statim
1646 5405 1765 5464 post
1803 5396 1914 5461 illa,

341 5465 596 5536 ἐποίησεν
645 5469 673 5518 ὁ
714 5467 877 5529 Θεός,
928 5467 1142 5519 additur
1181 5469 1230 5518 in
1269 5468 1426 5519 editis
1461 5477 1513 5518 et
1552 5467 1603 5516 in
1657 5465 1785 5535 “t'g.
1825 5481 1912 5518 se-

341 5539 539 5599 cundo,
569 5537 689 5590 οὐδὲ
716 5537 928 5589 ἔκτισε·
960 5539 1054 5590 sed
1089 5537 1216 5603 quin
1251 5536 1361 5590 haec
1387 5538 1619 5603 expungi
1661 5538 1909 5599 debeant,

341 5621 447 5658 non
475 5605 627 5660 valde
650 5607 937 5660 admodum
964 5605 1297 5676 dubitamus,
1325 5621 1449 5676 eum
1470 5620 1689 5672 prorsus
1709 5605 1912 5676 παρέλ-

340 5689 458 5746 artu
481 5677 782 5728 videantur.
816 5677 1039 5731 Accedit
1067 5675 1251 5740 etiam,
1281 5675 1419 5744 quod
1439 5675 1492 5730 in
1512 5686 1738 5746 utroque
1756 5675 1914 5732 Cm!!-

341 5745 451 5800 ΜΓ.
475 5747 659 5801 deesse
685 5755 912 5801 constet.

2094 4767 2206 4837 (25)
2236 4767 2376 4839 lin1
2397 4765 2683 4839 secundus,
2710 4763 2739 4815 6
2766 4761 2907 4832 δφις.
2987 4829 2999 4839 _
3142 4837 3150 4839 _
3182 4837 3192 4839 _
3269 4828 3300 4839 Α
3419 4827 3460 4839 __
3483 4827 3514 4839 η

2093 4827 2205 4905 (21)
2236 4827 2504 4901 ὃίίῖῐὶρκὶἰ
2543 4827 2766 4905 primus,
2801 4827 3068 4905 secundus
3101 4827 3586 4905 et_tertius._l_3d_iti,

2017 4897 2366 4961 ἀποδύεσθαι.
2401 4897 2776 4960 Iliox'codices
2811 4912 2916 4955 tres
2939 4939 2954 4964 ,
3004 4897 3350 4952 ἀποδύεσθαι.
3406 4897 3546 4951 Editi
3570 4937 3584 4959 ,

2018 4976 2405 5031 ἀποδύσασθαι.

2091 5046 2204 5117 (25)
2235 5046 2365 5117 Reg.
2391 5043 2659 5117 secundus
2690 5050 2744 5117 e_t
2776 5040 2985 5117 tertius,
3012 5038 3248 5108 διείρων,
3270 5047 3434 5092 recte.
3453 5036 3584 5106 Reg.

2019 5110 2978 5187 priinns._6teipotg.Editi,_8tslpymv:
3027 5177 3061 5187 η
3253 5179 3276 5187 __
3354 5177 3366 5187 .
3485 5172 3507 5187 ‘

2093 5183 2202 5253 (26)
2239 5184 2329 5238 Sic
2367 5176 2473 5237 tres
2504 5197 2631 5235 mss.
2675 5182 2741 5234 At
2768 5176 2919 5253 editi,
2951 5177 3198 5253 βούλεται
3243 5177 3456 5253 ὁμοίως·Δ
3478 5176 3590 5253 διά,

2023 5247 2128 5308 etc.
2175 5247 2365 5308 Statim
2409 5254 2513 5306 duo
2557 5266 2707 5309 mss..
2756 5247 3102 5302 ἀποδύεσθαι.
3132 5249 3300 5313 Alter,
3323 5247 3591 5300 ἀποδύσε-

2025 5323 2163 5376 σθαι.
2195 5323 2356 5389 Editi,
2385 5321 2777 5376 ἀποδύσασθαι.

2097 5392 2208 5462 (27)
2239 5385 2352 5458 Illa,
2377 5392 2460 5454 τίς
2495 5391 2656 5460 σοφός
2678 5431 2692 5454 ,
2725 5402 2856 5462 οιςη
2893 5403 2997 5462 non
3032 5387 3334 5439 invenimus
3374 5385 3592 5462 quidem

2022 5455 2161 5532 apud
2187 5455 2386 5517 Joelein
2417 5479 2430 5515 :
2466 5455 2956 5532 sed'apudLOseam
2987 5458 3237 5532 leguntur
3267 5471 3376 5532 μιν.
3398 5455 3484 5508 1-0.

2093 5533 2204 5603 (28)
2230 5532 2375 5603 [ἴσως.
2393 5525 2680 5592 secundus,
2704 5527 3115 5603 τῇςὲνεργείας.
3145 5525 3284 5580 Editi
3309 5541 3430 5578 cum
3447 5537 3594 5579 utro-

2021 5599 2135 5672 que
2150 5599 2416 5672 Cromb’ei"
2441 5605 2506 5672 τῇ
2540 5599 2810 5672 ἐνεργείᾳ.

2095 5671 2208 5741 (⁸29)
2235 5671 2368 5741 Reg.
2403 5663 2706 5733 secundus,
2749 5663 2844 5724 διαὶ
2882 5667 3030 5722 ἄλλοι
3065 5664 3436 5736 διακρίνονπς.
3476 5663 3595 5718 δια-

2095 5689 2208 5741 (zv)
2235 5689 2366 5792 neti.

2023 5742 2231 5814 κρίσεις
2253 5758 2324 5794 κα
2352 5780 2366 5795 .
