3838 6214
186 310 273 367 till
956 307 1315 366 COMMENT.
1359 307 1425 363 IN
1465 310 1700 366 ISAIAM
1736 314 2182 375 PROPHETAM.
2222 316 2644 375 PBOCEMIUM.

3312 319 3418 377 19.1

185 425 267 480 καὶ
276 426 371 479 εσυ
379 424 909 497 μαστδνσύμδουλον,
924 426 1015 479 καὶ
1032 425 1251 479 συνετὸν
1264 424 1561 498 ἀκροατήν.
1578 427 1746 498 Ἥμᾶς

1855 445 1908 488 et
1921 436 2303 506 cmijectorem,
2318 445 2372 490 et
2400 434 2773 490 admirandum
2803 432 3422 506 consultorem,379et

181 519 230 574 δὲ
244 516 359 588 εὖχε
368 516 488 572 σθαι
498 518 601 590 χρὴ
618 518 800 572 λαϐεῖν
812 517 872 570 τὸ
886 518 983 589 τῆς
999 534 1058 570 σο
1068 517 1188 587 ⁴ίιίξιις
1204 517 1374 571 καὶτὸ
1386 517 1487 587 τῆς
1498 518 1749 588 γνώσεως

184 608 340 664 καὶτὸ
353 610 450 680 τῆς
463 608 806 673 διδασκαλίας
832 608 1103 681 χάρισμα,
1117 608 1258 662 ὥστε
1286 609 1464 663 πάντα
1473 610 1607 680 ὁμοῦ
1620 627 1737 666 συν-

180 700 533 772 δριμόντα,τῷ
544 701 852 773 ἡγεμονικῷ
864 704 896 770 ή
905 700 1019 772 μῶν
1033 701 1337 755 ἐντυπῶσαι
1347 702 1445 774 τὴν
1458 703 1634 773 πάσης
1647 702 1747 773 τῆς

182 791 645 863 προφητευομένης
660 792 920 863 ἀληθείας
944 793 1244 864 μόρφωσιν.
1272 795 1428 848 Ἔστι
1449 792 1616 848 δὲτοῦ
1644 796 1745 864 μὲν

182 880 326 949 λόγου
340 883 442 952 τῆς
457 880 708 951 γνώσεως
719 883 879 955 χρεία
896 884 1030 955 πρὸς
1050 884 1112 938 τὸ
1123 884 1346 956 θεωρεῖν
1365 883 1463 939 τοῦ
1497 885 1746 955 Πνεύμα-

182 988 264 1036 τος
288 972 355 1027 τὰ
380 972 666 1046 ἀπόρρητα
682 992 696 1005 ·
748 973 849 1028 τοῦ
868 974 926 1027 δέ
953 974 1111 1043 λόγου
1148 975 1249 1047 τῆς
1288 977 1500 1046 σοφίας,
1519 976 1656 1048 πρὸς
1683 976 1745 1030 τὸ

184 1066 579 1121 κατασκευάσαι
604 1067 698 1121 καὶ
730 1067 1130 1138 ἐξεργάσασθαι
1157 1068 1227 1124 τά
1246 1071 1744 1142 συνεστραμμένως

184 1158 236 1210 ὲν
270 1156 649 1228 βραχυλογίαις
677 1159 1002 1231 ἐκδεδομένα
1025 1177 1040 1191 ο
1103 1160 1237 1214 ἴδιον
1277 1161 1386 1233 γὰρ
1411 1163 1510 1233 τῆς
1551 1161 1740 1231 σοφίας

182 1246 441 1302 τὺέκτείνε
450 1268 496 1302 ιν
510 1250 724 1320 λόγους.
737 1250 1027 1317 Ἐξέτεινα
1045 1251 1175 1325 γάρ,
1195 1253 1348 1323 φησὶ,
1363 1256 1586 1323 λόγους
1603 1253 1738 1326 (50),

182 1341 269 1395 καὶ
296 1344 367 1396 οὐ
395 1345 768 1414 προσείχετε.
805 1346 1036 1399 Ἔπειτα
1064 1346 1124 1399 τὸ
1155 1346 1256 1417 τῆς
1277 1346 1627 1411 διδασκαλίας
1646 1348 1740 1418 χά-

182 1448 344 1504 ρισμα
373 1434 455 1498 εἰς
495 1435 787 1507 οἰκοδομὴν
821 1435 929 1489 τῶν
949 1432 1281 1491 ἀκουόντων.
1309 1436 1432 1508 Χρὴ
1461 1437 1643 1491 τοίνυν
1670 1441 1737 1510 τῇ

177 1523 308 1595 ψυχῇ
341 1525 435 1579 τοῦ
466 1526 751 1597 μέλλοντος
781 1528 1146 1599 προφητεύειν
1189 1527 1286 1599 τὴν
1326 1528 1739 1600 ἐπιτηδειότητα

178 1614 592 1685 προϋποκεῖσθαι
627 1617 693 1671 ἐκ
720 1615 820 1670 τοῦ
857 1618 941 1687 ἐφ’
968 1617 1080 1689 (51)
1115 1618 1246 1689 ἡμῖν
1289 1622 1604 1691 κινήματος,
1651 1620 1739 1674 ἴνα

176 1704 205 1757 ό
229 1705 283 1757 ἐν
307 1708 416 1770 τοῖς
434 1706 580 1770 ὅλοις
602 1700 761 1776 λόγος
790 1707 890 1772 τὰς
915 1709 1327 1781 ἁρμονιωτέρας
1368 1708 1543 1781 ψυχάς
1581 1710 1737 1765 ἐκλε-

1855 529 2156 583 auditorem
2200 528 2586 598 intelligentem
2603 526 2673 581 ⁵³.
2706 524 2876 582 Nobis
2918 541 3049 582 vero
3092 529 3420 596 precandum

1854 629 1914 674 ut
1941 620 2269 689 accipiamus
2305 619 2615 690 sapientiae.
2649 634 2715 673 ac
2774 619 3038 684 scientiae,
3079 631 3255 689 neque
3313 636 3420 675 non

1853 710 2115 765 doctrinae
2145 710 2366 772 donum,
2399 719 2458 763 ut
2482 710 2665 764 omnia
2700 709 2857 764 simul
2898 710 3420 765 concurrentialfor-

1851 814 1997 855 mam
2030 800 2209 855 omnis
2239 799 2488 855 veritatis
2518 814 2639 868 quae
2686 798 2962 869 prophetia
3007 801 3335 865 continetur,
3364 802 3419 855 in

1851 892 2135 962 principali
2165 891 2331 947 animi
2379 892 2547 947 nostri
2585 900 2738 963 parte
2777 892 3113 962 imprimant.
3141 891 3288 961 Opus
3336 902 3422 948 est

1848 988 2031 1035 autem
2061 990 2312 1036 sermone
2365 981 2609 1035 scientiae
2652 982 2720 1035 ad
2749 981 3157 1049 contemplanda
3188 980 3422 1051 Spiritus

1848 1086 2047 1129 arcana
2081 1087 2098 1124 :
2127 1085 2379 1128 sermone
2427 1087 2556 1126 vero
2588 1072 2887 1143 sapientiae,
2919 1074 2986 1127 ad
3038 1071 3342 1143 apparanda
3363 1084 3422 1129 et

1846 1162 2140 1218 excolenda
2182 1176 2245 1217 ea
2279 1177 2400 1232 quae
2430 1171 2679 1218 contorto
2711 1178 2776 1219 ac
2808 1165 2995 1234 paucis
3032 1173 3159 1220 sunt
3184 1166 3414 1233 prolata.

1848 1253 2123 1323 Siquidem
2159 1253 2438 1323 sapientia:
2460 1254 2737 1327 proprium
2770 1264 2856 1309 est
2887 1257 3186 1325 producere
3207 1270 3418 1311 sermo-

1846 1360 1992 1399 nem.
2019 1345 2110 1399 Ait
2130 1346 2316 1400 enim:
2354 1343 2595 1400 Produxi
2635 1362 2897 1401 sermones
2920 1387 2938 1411 ,
2967 1356 3016 1401 et
3051 1360 3155 1401 non
3196 1346 3422 1401 attendi—

1845 1436 1940 1491 stis
1974 1436 2041 1489 δ’.
2084 1435 2353 1490 Praeterea
2377 1437 2637 1492 doctrina}
2664 1437 2864 1491 donum
2900 1437 3134 1507 pertinet
3170 1437 3236 1492 ad
3262 1438 3426 1494 mdiﬂ‘

1845 1523 2114 1584 cationem
2137 1528 2494 1583 audientium.
2526 1529 2712 1600 Itaque
2749 1545 2816 1586 ex
2845 1529 2998 1585 liberi
3033 1529 3245 1585 arbitrii
3272 1538 3422 1584 motu

1846 1616 1898 1670 in
1933 1618 2112 1672 anima
2141 1618 2259 1688 ejus
2280 1618 2372 1688 qui
2413 1618 2485 1674 sit
2522 1620 2965 1689 prophetaturus,
2993 1619 3277 1692 pmjaceat
3324 1634 3425 1674 ne-

1844 1721 1996 1762 cesse
2043 1716 2129 1762 est
2160 1710 2405 1777 quaedam
2457 1711 2732 1777 babilitas,
2764 1719 2825 1767 ut
2866 1711 3086 1767 verbum
3116 1710 3244 1766 illud
3275 1710 3418 1781 quod

177 1795 410 1867 γόμενος,
438 1800 499 1852 ἐν
527 1793 615 1863 αἷς
634 1799 755 1853 οὐδὲ
781 1799 1057 1883 μικρόνπι
1083 1800 1292 1873 κίνημα
1317 1801 1411 1854 τοῦ
1433 1800 1738 1873 παθητικοῦ

1854 1807 1924 1853 est
1944 1797 1998 1852 in
2029 1799 2301 1865 omnibus,
2340 1801 2465 1855 dum
2505 1803 2677 1871 magis
2721 1804 3048 1871 compositos
3083 1801 3265 1873 deligit
3304 1804 3424 1858 ani-

175 1886 267 1955 τῆς
311 1886 495 1959 ψυχῆς
536 1886 873 1961 ἀσύμφωνόν
922 1888 1038 1943 ἐστι
1086 1890 1224 1963 πρὸς
1265 1892 1358 1945 τὸν
1395 1891 1554 1962 λόγον
1593 1891 1738 1946 κατὰ

175 1975 263 2048 τὴν
286 1979 581 2048 ἀναλογίαν
626 1981 728 2051 τῆς
776 1980 1192 2054 ἐνυπαρχούσης
1219 1983 1606 2054 εύαρμοστίας,
1640 1983 1738 2054 τὴν

175 2067 233 2119 ἐκ
280 2067 373 2121 τοῦ
422 2066 573 2122 θείου
632 2067 952 2141 Πνεύματος
1005 2070 1288 2143 ἐνέργειαν
1332 2072 1609 2144 ἐπαγάγῃ.
1662 2073 1738 2127 Οὐ

179 2159 324 2229 μόνον
354 2160 412 2216 δὲ
439 2163 475 2233 ἠ
526 2160 635 2215 τῶν
659 2161 853 2216 παθῶν
878 2163 1188 2235 καταστολὴ
1228 2164 1502 2234 ἀναγκαία
1538 2168 1618 2230 εἰς
1646 2165 1740 2220 τὸν

174 2251 528 2324 εὖτρεπισμδν
555 2253 654 2325 τῆς
678 2252 940 2325 ὑποδοχῆς
965 2253 1061 2307 τοῦ
1089 2253 1426 2325 Πνεύματος,
1461 2254 1598 2309 ἀλλὰ
1644 2258 1741 2312 καὶ

173 2338 228 2394 τὸ
255 2341 447 2414 μέτρον
489 2340 590 2414 τῆς
637 2342 765 2416 περὶ
800 2342 901 2416 τὴν
951 2343 1137 2397 πίστιν
1183 2343 1499 2411 διαθέσεως,
1554 2346 1649 2401 καὶ
1679 2347 1741 2401 τὸ

175 2432 438 2504 συμφέρον
469 2431 638 2488 αὑτοῦ
661 2451 723 2487 τε
736 2432 836 2488 τοῦ
859 2433 1260 2506 ὑποδεχομένου
1295 2435 1408 2506 (52)
1438 2436 1538 2509 τὴν
1556 2437 1738 2512 χάριν,

173 2524 259 2574 καὶ
296 2522 405 2578 τῶν
443 2522 588 2576 κατὰ
608 2523 797 2594 καιρὸν
837 2523 1162 2588 ἀκουόντων,
1202 2526 1235 2597 ἢ
1274 2527 1370 2580 καὶ
1398 2528 1477 2590 είς
1517 2527 1741 2599 ὕστερον

174 2610 499 2685 μεθεξόντων
527 2614 627 2687 τῆς
655 2614 719 2669 ἐκ
744 2616 854 2670 τῶν
877 2617 1174 2689 προφητῶν
1197 2617 1485 2688 ὠφελείας.
1507 2619 1740 2674 Δίδοται

177 2704 299 2777 γὶρ,
327 2707 518 2778 φησὶν,
546 2706 784 2776 ἑκάστῳ
812 2707 852 2776 ἡ
878 2708 1219 2778 φανέρωσις
1255 2709 1364 2766 τοῦ
1390 2713 1736 2781 Πνεύματος

73 2805 83 2817 ‘
172 2797 311 2866 πρὸς
327 2799 394 2854 τὸ
428 2797 787 2869 συμφέρονθ’
819 2802 917 2855 καὶ
945 2800 1138 2855 πάλινο
1170 2800 1336 2856 Κατὰ
1370 2802 1486 2871 τὴν
1527 2803 1745 2858 ἀναλο-

172 2887 299 2957 τίαγ
326 2888 440 2958 τῆς
464 2890 749 2956 πίστεως.
796 2889 1111 2958 Ἀνέφικτον
1136 2890 1327 2962 μέντοι
1343 2890 1454 2965 (5⁸5)
1476 2892 1536 2946 τὸ
1563 2895 1630 2964 τῇ
1652 2893 1742 2946 ἀν-

173 2976 406 3052 θρωπίνῃ
436 2980 604 3051 φύσει
648 2982 999 3053 παραστῆσαι
1041 2982 1132 3037 τὸν
1165 2982 1325 3053 λόγον
1355 2986 1455 3056 τῆς
1485 2985 1742 3059 διαφόρου
1788 2978 1793 2981 “

171 3071 441 3141 ἐνεργείας
457 3071 611 3143 παρὰ
629 3071 724 3126 τοῦ
743 3071 885 3126 θείου
897 3073 1038 3127 Πνεύ
1046 3092 1215 3146 ματος
1228 3077 1342 3141 τοῖς
1352 3067 1523 3141 ἀξίοις
1532 3078 1743 3148 ἐγγινο-

1844 1902 1985 1953 mos,
2018 1887 2071 1942 in
2101 1890 2298 1958 quibus
2330 1906 2430 1946 nec
2455 1892 2686 1961 exiguus
2723 1891 3012 1948 all'ectuum
3048 1892 3216 1947 animi
3244 1900 3425 1949 motus

1845 1979 2088 2034 dissonat
2116 1996 2238 2035 cum
2269 1982 2480 2038 ratione
2519 1983 2672 2052 juxta
2718 1982 3018 2053 analogiam
3069 1983 3424 2054 praecedentis

1844 2068 2182 2137 aptiutdinis,
2226 2070 2393 2124 divini
2448 2070 2686 2139 Spiritus
2723 2072 2946 2128 inducat
2974 2070 3292 2128 eﬂicaciam.
3317 2072 3422 2128 Ne-

1845 2175 1952 2230 que
1981 2175 2110 2214 vero
2132 2160 2304 2215 solum
2339 2163 2636 2231 requiritur
2659 2162 2950 2218 aﬂectuum
2977 2164 3279 2231 sedatio,ut
3300 2165 3423 2234 quis

1847 2254 1913 2307 ad
1943 2253 2348 2322 suscipiendum
2381 2254 2641 2323 Spiritum
2691 2263 2911 2325 paratus
2939 2256 3010 2310 sit
3039 2263 3095 2311 et
3120 2267 3294 2325 aptus,
3325 2270 3420 2311 ve-

1848 2360 1967 2399 rum
1997 2345 2157 2399 etiam
2181 2346 2398 2414 quidam
2425 2345 2480 2400 in
2513 2345 2694 2402 animo
2719 2360 2848 2416 erga
2886 2346 3045 2402 ﬁdem
3073 2346 3286 2415 modus,
3318 2346 3424 2401 utl-

1847 2435 2100 2505 litasque,
2132 2447 2244 2491 tum
2302 2437 2459 2506 hujus
2491 2436 2582 2507 qui
2613 2439 2843 2508 gratiam
2892 2438 3118 2508 accipit,
3146 2445 3259 2493 tum
3299 2437 3421 2492 illo-

1849 2541 1966 2580 rum
1992 2527 2084 2597 qui
2114 2526 2168 2580 in
2199 2536 2439 2595 tempore
2486 2527 2711 2581 audiunt
2744 2545 2761 2582 :
2792 2536 2885 2582 aut
2918 2541 3104 2582 eorum
3128 2526 3291 2581 etiam
3329 2527 3419 2596 qui

1849 2616 1903 2669 in
1927 2622 2200 2685 posterum
2232 2631 2298 2671 ex
2331 2617 2610 2687 prophetis
2657 2617 2891 2671 fructum
2935 2616 3239 2686 percepturi
3275 2625 3421 2670 sunt.

1847 2705 2023 2762 Datur
2041 2706 2208 2771 enim,
2244 2707 2439 2777 inquit,
2469 2707 2749 2777 unicuique
2783 2707 3143 2775 manifestatio
3177 2704 3417 2776 Spiritus

1848 2800 1918 2853 ad
1947 2798 2225 2853 utilitatem
2247 2800 2293 2832 '°
2318 2815 2334 2863 ;
2373 2814 2439 2856 ac
2469 2813 2658 2855 rursus
2694 2817 2707 2854 :
2739 2796 3040 2854 Secundum
3071 2799 3327 2853 rationem
3353 2799 3425 2867 ﬁ-

1850 2891 1934 2944 dei
1970 2890 2041 2946 ⁸¹.
2076 2889 2222 2946 Sane
2269 2904 2431 2962 supra
2465 2901 2673 2946 natura:
2707 2890 2852 2946 vires
2893 2898 2999 2953 est,
3038 2889 3293 2946 exhibere
3336 2904 3427 2945 ra-

1852 2982 2052 3036 tioucm
2087 2981 2412 3051 modumque
2439 2982 2669 3037 diversae
2701 2981 3052 3051 operationis,
3082 2995 3202 3050 qua:
3238 2995 3272 3035 a
3302 2978 3429 3050 Spi-

1852 3072 1961 3126 ritu
1987 3072 2172 3128 divino
2196 3073 2396 3128 accidit
2422 3073 2477 3128 in
2524 3073 2611 3128 his
2640 3073 2732 3143 qui
2762 3082 3054 3129 merentur.
3071 3071 3232 3127 Juxta
3262 3085 3426 3141 quam

174 3162 333 3235 μένης
362 3180 377 3193 °
459 3141 585 3219 καθ’
631 3163 692 3217 ὃν
741 3162 771 3217 ό
827 3165 926 3235 μὲν
973 3141 1313 3237 προφητείαν
1376 3141 1742 3233 πιστεύεται,

1854 3161 1977 3217 huic
2004 3161 2286 3231 prOpbetia
2307 3141 2685 3227 committitur,
2711 3169 2767 3216 et
2796 3162 2846 3216 id
2874 3161 3092 3232 quidem
3123 3161 3189 3215 ad
3214 3170 3428 3216 certum

172 3255 261 3308 καὶ
272 3253 478 3327 ταύτην
499 3254 595 3309 ἐπὶ
621 3255 858 3311 τοσόνδε.
873 3255 930 3309 '0
946 3254 1003 3310 δὲ
1017 3258 1332 3329 χαρίσματα
1350 3259 1591 3330 ἰαμάτων
1606 3259 1744 3331 λαμ-

173 3339 336 3410 δόνει,
352 3346 450 3399 καὶ
476 3343 654 3397 ταῦτα
680 3342 935 3415 τηλικάδε
950 3342 1084 3416 (54)τ
1104 3346 1200 3398 καὶ
1217 3343 1376 3409 ἄλλος
1392 3347 1746 3418 ἐνεργήματα

173 3432 444 3506 δυνάμεων
475 3434 748 3508 μειζόνων
777 3435 810 3507 ἦ
835 3436 1192 3509 μικροτέρων.
1223 3435 1411 3490 Ταῦτα
1433 3436 1541 3506 γὰρ
1587 3436 1746 3508 μόνος

173 3522 302 3582 οἶδεν
325 3531 354 3583 ό
386 3532 456 3602 τῇ
489 3528 725 3583 ἑκάστου
753 3528 931 3600 ψυχῆς
957 3528 1086 3601 ἀξίᾳ
1119 3528 1469 3596 ἐνατενίξων,
1498 3529 1595 3583 καὶ
1634 3532 1748 3595 τοῖς

175 3618 500 3695 ἀθεωρήτοις
526 3622 629 3694 τῆς
656 3620 1007 3694 δικαιοσύνης
1030 3620 1253 3694 μέτροις
1279 3621 1514 3695 διαιρῶν
1532 3621 1751 3694 ἑκάστῳ

174 3709 238 3763 τά
264 3712 397 3784 πρὸς
429 3711 612 3778 ἀξίαν.

238 3802 448 3870 ὄρΠῶς
484 3804 865 3878 προεφήτευον
894 3805 952 3860 ei
979 3803 1240 3879 καθαραὶ·
1258 3805 1356 3860 atad.
1383 3804 1626 3875 διαυγεῖς
1649 3803 1755 3875 ψυ-

177 3895 295 3964 χαίς
322 3897 506 3951 υίονεὶ
534 3896 820 3969 κάτοπτρα
844 3896 1108 3968 γινόμενα
1133 3898 1234 3969 τῆς
1265 3897 1415 3961 θείας
1448 3895 1752 3969 ἐνεργείας,

176 3985 264 4059 τὴν
307 3986 549 4061 ἐμφασιν
579 3990 783 4061 τρανὴν
811 3990 907 4043 καὶ
937 3988 1244 4062 άσύγχυτον
1279 3990 1372 4045 καὶ
1392 3988 1545 4044 οὐδὲν
1573 3988 1757 4043 ἐπιθο-

177 4077 433 4152 λουμένην
453 4082 522 4134 ἐκ
543 4079 655 4134 τῶν
678 4079 866 4134 παθῶν
885 4081 984 4152 τῆς
1009 4079 1211 4151 σαρκὸς
1231 4080 1630 4136 ἐπεδείκνυντο.
1650 4080 1759 4133 Πᾶ-

179 4185 228 4223 σι
257 4172 351 4243 μὲν
371 4172 484 4244 (55)
519 4171 630 4244 γὰρ
663 4171 898 4243 πάρεστι
922 4171 983 4225 τὸ
1011 4172 1167 4241 ἅγιον
1191 4170 1416 4242 Πνεῦμα
1435 4188 1450 4202 ·
1485 4170 1621 4245 ἀλλὰ
1645 4175 1757 4235 τοῖς

181 4263 272 4332 μὲν
301 4262 670 4337 καθαρεύουσι
714 4263 824 4318 τῶν
866 4262 1058 4318 παθῶν
1087 4263 1188 4333 τὴν
1215 4262 1353 4317 ἰδίαν
1389 4261 1646 4334 ἐμφαίνει
1668 4261 1759 4314 δύο

178 4371 333 4426 ναμιν
354 4373 371 4389 θ
401 4360 518 4421 τοῖς
549 4356 609 4410 δὲ
631 4356 695 4409 τὸ
722 4355 1050 4428 ἡγεμονικὸν
1100 4355 1509 4426 συγκεχυμένον
1548 4354 1759 4426 ἔχουσιν

1845 3253 2089 3309 modum.
2109 3253 2262 3310 Alius
2282 3253 2484 3324 accipit
2515 3254 2656 3308 dona
2688 3253 3053 3318 sanationum,
3078 3261 3240 3321 atque
3265 3265 3329 3307 ea
3357 3252 3426 3306 ad

1845 3358 2049 3400 certam
2078 3359 2389 3400 mensuram
2420 3362 2435 3412 ;
2464 3343 2601 3399 alius
2630 3356 2759 3399 vero
2782 3342 3124 3415 operationcs
3143 3342 3427 3409 virtutum,

1849 3437 2116 3506 majorum
2145 3446 2240 3492 aut
2291 3438 2583 3493 minorum.
2613 3436 2768 3491 Enim
2797 3451 2932 3491 vero
2962 3434 3111 3491 solus
3147 3435 3248 3490 ista
3279 3434 3429 3489 novit

1847 3528 1941 3598 qui
1981 3528 2244 3599 cujusque
2271 3527 2466 3583 animae
2504 3527 2757 3583 meritum
2798 3526 3010 3596 penitus
3072 3526 3334 3588 intuetur,
3364 3534 3424 3581 et

1851 3619 2223 3677 invisibilibus
2254 3619 2480 3687 iustitia:
2514 3618 2781 3675 mensuris
2811 3632 2933 3689 quae
2958 3631 3026 3673 ex
3059 3617 3251 3672 merito
3277 3626 3426 3679 sunt,

1854 3713 2151 3782 unicuique
2178 3712 2473 3771 distribuit.

1921 3806 1978 3861 5.
2037 3803 2343 3870 Quomodo"
2365 3803 2761 3874 prophetabant
2813 3818 2962 3872 pune
3016 3815 3081 3857 ac
3130 3798 3417 3870 pellucidus

1855 3894 2087 3951 animae?
2115 3893 2319 3963 Nempe
2349 3908 2429 3948 eae
2457 3893 2598 3948 velut
2637 3892 2854 3962 specula
2882 3893 3040 3948 facta:
3068 3891 3267 3947 divina:
3294 3896 3427 3961 ope-

1858 3985 2103 4047 rationis,
2128 3983 2417 4053 imaginem
2443 3983 2706 4053 integram
2741 3982 3188 4052 inconl‘usamque
3208 3990 3264 4036 et
3281 3980 3426 4035 nulla

1857 4092 1923 4132 ex
1972 4086 2123 4145 parte
2177 4074 2459 4129 atl‘ectibus
2506 4075 2689 4129 carnis
2738 4075 3010 4130 turbatam
3064 4082 3423 4144 repraesenta-

1859 4168 2011 4224 baut.
2041 4165 2172 4221 Nam
2200 4166 2448 4221 omnibus
2470 4165 2687 4235 quidem
2716 4167 2869 4222 adest
2890 4165 3129 4237 Spiritus
3158 4174 3379 4221 sanctus
3405 4181 3421 4218 :

1858 4260 1955 4315 sed
1988 4258 2056 4315 iis
2089 4258 2181 4329 qui
2212 4257 2333 4328 puri
2356 4267 2486 4312 sunt
2515 4256 2820 4322 aﬂ‘ectibus,
2855 4255 3180 4327 peculiarem
3206 4253 3430 4310 exhibet

1861 4352 2148 4415 virtutem;
2187 4356 2242 4401 at
2276 4361 2404 4401 vero
2450 4347 2515 4400 iis
2548 4360 2780 4416 quorum
2812 4360 2966 4400 mens
2997 4344 3208 4415 peccati
3241 4343 3418 4399 sordi-

179 4446 282 4501 ἀπὺ
304 4448 412 4502 τῶν
442 4448 549 4519 τῆς
596 4447 875 4520 ἁμαρτίας
918 4446 1147 4511 σπίλων,
1178 4445 1383 4502 οὐκέτι.
1415 4447 1509 4499 Δεῖ
1530 4445 1588 4499 δὲ
1618 4445 1746 4516 πρὸς

1864 4442 1966 4496 bus
2017 4440 2381 4508 perturbatur,
2437 4438 2676 4493 minime.
2725 4435 2950 4506 Oportet
2992 4446 3172 4491 autem
3231 4447 3431 4506 prreter

180 4538 240 4609 τῇ
272 4538 607 4611 καθαρότητι
627 4538 724 4593 καὶ
750 4538 813 4592 τὸ
844 4536 1049 4610 όμαλδν
1071 4538 1174 4608 τῆς
1199 4536 1494 4604 εὐσταθοῦς
1519 4536 1630 4609 (56)
1654 4552 1755 4588 κα-

181 4630 484 4694 ταστάσεως
511 4626 938 4683 ἐπιδείκνυσθαι.
970 4628 1045 4682 Οὐ
1084 4627 1195 4700 γὰρ
1232 4629 1262 4682 ό
1289 4626 1591 4698 ἀνωμάλως
1615 4625 1756 4697 ἔχων

183 4721 300 4791 περὶ
334 4719 708 4793 σωφροσύνην,
755 4719 994 4792 καθαρός
1015 4737 1030 4751 ο
1070 4718 1186 4774 ἀλλ’
1215 4720 1244 4773 ό
1276 4719 1337 4774 τὸ
1372 4719 1627 4792 φρόνημα
1654 4718 1757 4789 τῆς

184 4810 375 4882 σαρκὸς
400 4811 678 4877 ὑποτάξας
711 4810 791 4883 τῷ
843 4810 1143 4882 Πνεύματι.
1176 4811 1390 4881 Ὠσπερ
1419 4809 1529 4881 γὰρ
1555 4810 1614 4864 αἱ
1644 4808 1756 4863 τῶν

185 4898 482 4970 προσώπων
531 4900 801 4972 ἐμφάσεις
838 4900 938 4954 οὐκ
984 4903 1044 4955 ἐν
1082 4898 1284 4964 πάσαις
1325 4901 1448 4963 ταῖς
1491 4897 1644 4962 ὕλαις
1669 4894 1757 4967 γε·

183 5004 411 5056 γνονται,
448 4990 584 5045 άλλά
618 4993 677 5045 ἐν
709 4993 829 5055 ταῖς
862 4989 1115 5062 λειότητά
1148 5005 1272 5044 τινα
1320 4987 1416 5042 καὶ
1441 4987 1756 5057 διαφάνειαν

185 5081 538 5153 κεκτημέναις
561 5095 575 5112 ⁸
614 5080 787 5145 οὕτως
823 5081 924 5134 οὐκ
966 5080 1027 5133 ἐν
1079 5079 1283 5143 πάσαις
1322 5079 1444 5141 ταῖς
1489 5075 1687 5147 ψυχαῖς
1718 5075 1752 5145 ἢ

1861 4531 2186 4602 puritatem,
2225 4529 2524 4586 constantis
2582 4528 2747 4583 animi
2801 4528 3217 4597 aequabilitatem
3275 4526 3431 4595 exhi-

1863 4622 2010 4677 bere.
2047 4620 2231 4690 Neque
2256 4620 2399 4675 enim
2429 4621 2520 4689 qui
2553 4619 2834 4689 inaequalis
2856 4625 2939 4674 est
2960 4617 3126 4672 animi
3155 4610 3303 4672 circa
3334 4631 3431 4670 ca-

1863 4714 2099 4769 stitatem
2129 4752 2146 4778 ,
2185 4728 2353 4784 purus
2389 4723 2470 4770 est
2497 4728 2522 4778 ,λ
2559 4713 2654 4768 sed
2704 4713 2797 4782 qui
2842 4711 3025 4766 carnis
3074 4708 3432 4780 petulantiam

1866 4803 2098 4872 subjecit
2152 4803 2399 4874 Spiritui.
2459 4802 2918 4870 Quemadmodum
2974 4800 3119 4855 enim
3188 4798 3437 4853 vultuum

1866 4893 2133 4963 imagines
2167 4909 2269 4948 non
2304 4895 2357 4947 in
2409 4893 2648 4962 qualibet
2692 4892 2917 4946 materia
2966 4889 3281 4950 redduntur,
3335 4887 3440 4941 sed

1864 4983 1917 5036 in
1970 4983 2057 5039 his
2105 4983 2369 5036 duntaxat
2417 4992 2538 5050 quae
2591 4981 2839 5035 laevorem
2879 4991 2944 5033 ac
2999 4972 3435 5046 perluciditatem

1863 5075 2149 5144 quamdam
2175 5074 2456 5141 obtinent;
2487 5074 2558 5128 ita
2589 5088 2691 5127 non
2719 5071 2773 5127 in
2812 5067 3134 5141 quibuslibet
3160 5062 3438 5122 mentibus

254 5283 297 5315 ⁸⁸
324 5281 425 5338 Isa.
465 5297 546 5349 ut,
581 5282 641 5338 2.
714 5281 760 5315 “
785 5280 946 5340 Prov.
974 5278 1125 5349 1,24.
1200 5278 1297 5334 Iml
1331 5276 1459 5337 Cor.
1500 5294 1600 5346 xu,
1630 5279 1682 5334 7.

1854 5275 2007 5332 Boni.
2047 5290 2144 5341 χιι,
2189 5274 2242 5329 6.

247 5448 363 5531 '(Et‘l
388 5464 604 5534 Aquila.
637 5462 997 5532 Symmachus
1021 5468 1080 5513 et
1109 5457 1413 5514 Theodotio
1439 5472 1535 5528 pro
1563 5456 1755 5525 λόγους

187 5534 484 5604 edmernnt,
513 5534 674 5604 χεῖρά
707 5549 828 5604 μου,
864 5546 1077 5604 manum
1108 5545 1298 5584 nteant.

253 5601 363 5673 (Si)
398 5601 852 5673 chL'secutidtts,
884 5602 963 5673 ἐν.

253 5669 362 5738 (5ιῖ
389 5669 533 5727 idem
558 5672 750 5736 codex,
773 5669 1083 5741 δεχομένου.

256 5736 370 5809 (35)
397 5744 476 5797 ita
502 5752 733 5813 quatuor
759 5736 981 5797 nts's'fAt
1008 5739 1157 5806 editi,
1197 5736 1318 5808 μέν.

1935 5456 2047 5525 (34)
2081 5455 2211 5527 Reg.
2236 5454 2523 5516 secundus,
2547 5455 2604 5527 δὲ
2631 5451 2953 5527 τηλικαῦτα.
2995 5474 3007 5527 ᾖ

1933 5519 2048 5585 (55)
2089 5519 2187 5581 Sic
2213 5543 2340 5578 tns-.
2381 5533 2509 5575 tres.
2548 5519 2704 5577 lit-est
2734 5523 2831 5595 μέν
2863 5527 2913 5575 in
2948 5519 3133 5595 editis.

1932 5599 2047 5664 (56)
2080 5597 2210 5666 lle-3.
2238 5597 2510 5666 secundus
2537 5611 2658 5647 cum
2683 5585 2911 5664 utroque
2937 5588 3203 5654 Counbel.,
3233 5585 3428 5639 εὐστα·

1861 5661 2008 5732 θοῦς.
2030 5661 2192 5734 Ειιὶιῇ
2222 5661 2524 5726 εὐπειθοῦς.
