3838 6214
392 256 499 313 ηδ

1357 244 1704 310 APPENDIX
1744 252 2037 310 OPEBUM‘
2067 256 2128 309 S.
2164 253 2412 309 BA‘SILII
2449 252 2682 311 MAGNT.

3538 247 3643 303 ω

387 377 633 447 operatio
671 375 940 444 Spiritus,
976 375 1077 430 sed
1099 374 1152 429 in
1184 374 1251 429 iis
1274 389 1394 444 quae
1426 375 1555 428 nihil
1588 374 1789 429 habent
1819 374 1954 429 obli-

2083 372 2155 426 τοῦ
2187 372 2500 444 Πνεύματος
2531 374 2800 444 ἐνέργεια,
2832 370 2947 424 ἀλλ’
2977 372 3035 423 ἐν
3061 372 3182 434 ταῖς
3216 368 3381 441 μηδὲν
3429 366 3644 421 σκολιὸν

388 484 578 537 quum,
610 469 743 524 nihil
764 469 1063 523 obtorlnm.
1103 467 1341 523 Candida
1373 466 1592 536 quidem
1621 467 1737 532 nix,
1770 481 1959 521 verum

391 559 652 626 imagines
693 557 1014 612 intuentium
1057 571 1164 611 non
1219 563 1614 624 repraisentat,
1645 563 1960 625 propterea-

390 649 533 717 quod
561 648 836 717 inaequalis
859 657 965 712 est,
990 662 1022 702 e
1043 657 1293 702 concreta
1321 661 1512 715 spuma
1535 655 1813 705 constans.
1846 646 1956 701 Lac

392 738 608 805 albu‘m,
642 750 699 792 at
747 752 856 793 non
897 738 1088 807 recipit
1143 737 1431 807 imagines,
1476 752 1542 793 eo
1583 738 1727 808 quod
1767 747 1839 815 et‘
1860 739 1961 806 ipsi

391 828 599 895 exigua:
622 827 881 894 quapiam
909 827 1076 880 insint
1096 824 1325 880 bullulae.
1347 826 1571 892 Contra,
1596 827 1648 880 in
1671 841 1809 896 aqua
1837 826 1962 882 licet

395 918 544 987 nigra
579 918 780 972 relucet
809 918 981 989 380
997 917 1171 971 forma
1205 921 1275 972 ob
1307 918 1581 973 laevorem.
1617 916 1692 971 Ita
1717 918 1963 977 videlicet

393 1010 516 1062 vitae
542 1008 891 1077 "inaequalitas
929 1022 1273 1078 nequaquam
1311 1008 1505 1062 idonea
1554 1021 1642 1064 est
1686 1008 1752 1063 ad
1785 1010 1961 1064 susci-

392 1100 644 1167 piendam
691 1099 928 1154 divinam
982 1098 1374 1170 operationem.
1426 1099 1569 1169 Ergo
1618 1114 1740 1153 cum
1782 1101 1961 1154 anima

392 1191 538 1244 omni
575 1189 790 1245 virtutis
819 1189 1000 1244 studio
1034 1190 1211 1244 dedita
1253 1204 1322 1243 ex
1353 1189 1663 1244 vehementi
1703 1191 1757 1244 in
1793 1191 1960 1245 Deum

392 1294 603 1348 amore,
655 1290 917 1351 perpetuo
963 1281 1058 1335 Dei
1118 1280 1430 1334 memoriam
1485 1280 1588 1334 sibi
1640 1280 1961 1348 impressam

394 1378 614 1435 servat;
652 1379 815 1439 atque
848 1369 952 1424 hoc
983 1369 1143 1424 modo
1178 1368 1347 1424 Deum
1376 1368 1522 1423 velut
1561 1368 1613 1421 in
1641 1383 1702 1424 se
1735 1370 1848 1439 ipsa
1883 1371 1962 1424 in-

396 1461 728 1515 habitantem
783 1460 991 1525 reddit;
1034 1474 1103 1514 ex
1158 1460 1630 1515 vehementissima
1686 1460 1740 1513 in
1791 1460 1960 1514 Deum

394 1553 697 1606 intentione
727 1559 782 1606 et
826 1566 1026 1607 arcano
1058 1565 1277 1618 amore,
1305 1553 1524 1608 numine
1552 1550 1762 1619 aﬂlata,
1800 1552 1964 1622 digna

2062 462 2334 534 ἐχούσαις,
2396 463 2531 535 μηδέ
2565 461 3020 535 πραγγαλιῶδες.
3095 461 3160 513 Ἠ
3214 458 3345 530 χιὼν
3379 457 3637 529 λαμπρὰ,

2062 555 2178 607 ἀλλ’
2205 554 2419 617 είκόνας
2453 552 2563 607 τῶν
2592 552 2971 622 ἐγκυπτόντων
3001 550 3115 621 (57)
3166 550 3228 602 οὐ
3269 548 3528 610 δείκνυσι,
3561 545 3645 599 δι-

2061 646 2142 699 ότι
2165 647 2396 719 τραχεῖά
2423 648 2571 700 ἐστιν
2611 648 2676 699 ἐκ
2713 645 3035 716 πεπηγότων
3067 640 3254 714 ἁφρῶν
3284 639 3645 711 συγκειμένη.

2062 738 2136 790 Τὸ
2168 738 2307 807 γάλα
2349 738 2560 803 λευκὸν,
2606 736 2719 791 ἀλλ’
2757 737 2816 790 ού
2858 735 3219 808 παραδέχεται
3260 732 3360 797 τὰς
3405 731 3647 797 εἰκόνας,

2060 831 2190 884 διότι
2224 832 2323 885 καὶ
2343 830 2490 901 αὐτῷ
2519 828 2711 901 μικραί
2737 828 2879 893 τινές
2910 831 3015 880 εἰσι
3045 825 3414 898 πομφόλυγες.
3449 823 3649 877 ’Υδατι

2061 925 2118 978 δὲ
2145 925 2238 979 καὶ
2272 924 2462 995 μέλανι
2507 923 2617 992 (58)
2650 921 2833 993 μορφὴ
2868 920 3193 992 ἐμφαίνεται
3237 918 3325 973 διὰ
3368 919 3647 991 λειότητα.

2062 1013 2251 1077 Οὕτως
2282 1013 2388 1086 ἄρα
2441 1013 2502 1066 τὸ
2549 1011 2834 1084 ἀνώμαλον
2881 1012 2975 1065 τοῦ
3027 1011 3140 1082 βίου
3198 1010 3337 1083 πρὸς
3379 1010 3652 1081 ὑποδοχὴν

2063 1102 2213 1164 Θείας
2254 1101 2534 1173 ἐνεργείας
2567 1100 2961 1172 ἀνεπιτήδειον.
2996 1102 3164 1154 Ὅταν
3191 1096 3286 1154 οὖν
3312 1099 3460 1171 ψυχὴ
3496 1098 3650 1169 πάσῃ

2063 1194 2296 1264 ἀσκήσει
2344 1192 2548 1264 ἀρετῆς
2595 1190 2790 1264 ἑαυτὴν
2834 1189 3115 1257 ἐπιδοῦσα,
3144 1190 3223 1262 τῷ
3259 1189 3474 1262 σφοδρῷ
3517 1190 3653 1261 περὶ

2062 1285 2194 1338 Θεδν
2241 1284 2448 1355 φίλτρῳ
2490 1283 2752 1356 διηνεκῶς
2796 1285 3017 1356 μνήμην
3070 1282 3207 1337 Θεοῦ
3246 1281 3653 1336 ἐντυπωθεῖσαν

2065 1378 2201 1449 αὐτῇ
2236 1377 2496 1450 διασὼζῃ,
2530 1377 2626 1430 καὶ
2671 1375 2846 1447 τούτῳ
2881 1375 2959 1446 τῷ
3006 1376 3194 1448 τρόπῳ
3233 1375 3395 1428 οἱονεὶ
3443 1374 3653 1429 ἔνοικον

2064 1468 2202 1539 αὗτῇ
2227 1467 2336 1539 (59)
2369 1466 2460 1521 τὸν
2493 1466 2626 1521 Θεὸν
2674 1463 2813 1520 εἶναι
2853 1468 3277 1538 κατασκευάσῃοΔ
3299 1467 3365 1519 ὲκ
3382 1469 3483 1537 τῆς
3514 1466 3656 1538 πρδς

2064 1559 2156 1612 τὸν
2187 1559 2319 1614 Θεὸν
2347 1558 2715 1630 σφοδροτάτης
2748 1558 3122 1622 ἐνατενίσεως,
3156 1557 3250 1611 καὶ
3285 1556 3380 1610 τοῦ
3406 1557 3661 1630 ἀρρήτου

395 1641 689 1711 prophetiae
714 1642 856 1697 dono
899 1641 1100 1708 evadit,
1140 1643 1249 1697 Deo
1280 1642 1514 1697 divinam
1556 1645 1810 1698 virtutem
1857 1644 1964 1695 im-

2083 1651 2290 1722 ρίλτρου
2334 1650 2760 1722 θεοφορουμένη,
2809 1650 2935 1716 ἀξία
2980 1649 3073 1704 τοῦ
3106 1649 3245 1704 κατὰ
3296 1648 3393 1721 τὴν
3431 1666 3654 1721 προφη-

395 1730 691 1799 pertienle,
739 1732 1015 1801 animique
1062 1732 1249 1787 oculos
1297 1731 1609 1801 aperiente,
1647 1733 1715 1786 ad
1763 1732 1968 1815 intellif

2083 1714 2218 1796 τείαν
2246 1714 2584 1814 χαρίσματος
2602 1714 3103 1810 ’γίνεταιίδιδόντος
3128 1741 3279 1794 θείαν
3309 1714 3538 1812 δύναμιν
3554 1714 3655 1793 τοῦ

394 1822 596 1892 gendas
623 1838 758 1893 quas
786 1823 912 1876 velit
937 1822 1355 1892 spcculationes.
1388 1822 1730 1893 Quapropter
1760 1833 1815 1878 et
1838 1837 1964 1892 pro-

396 1914 569 1981 pheta:
622 1922 745 1967 ante
785 1913 1030 1968 videntes
1074 1915 1412 1969 vocabantur
1461 1929 1475 1966 :
1530 1914 1961 1983 proptereaquod

394 2002 573 2056 futura
609 2003 830 2072 perinde
863 2003 1016 2072 quasi
1053 2003 1338 2070 praesentia
1390 2002 1655 2071 fuissent,
1690 2004 1965 2072 prospice-

396 2104 535 2149 rent.
568 2094 672 2149 Sed
703 2096 875 2164 magis
911 2094 1231 2151 inducemus
1277 2094 1342 2148 ad
1390 2094 1797 2163 intelligendum
1836 2110 1963 2163 pro-

393 2187 665 2254 pheticum
691 2185 927 2241 amatum
954 2201 1021 2242 ex
1046 2186 1197 2251 visis,
1225 2200 1345 2256 qua:
1377 2187 1427 2239 in
1456 2187 1661 2241 somnis
1688 2187 1961 2241 accidunt.

393 2276 850 2343 Quemadmodum
902 2277 1046 2331 enim
1096 2274 1230 2330 visis
1286 2275 1564 2345 principali
1613 2275 1777 2330 animi
1824 2275 1964 2345 parti

392 2368 695 2437 impressis.
729 2369 894 2423 urbes
929 2377 1022 2422 aut
1051 2367 1299 2437 regiones
1341 2366 1711 2435 magnitudine
1747 2381 1812 2422 ac
1843 2366 1966 2437 pul-

392 2461 698 2516 chritudine
727 2469 1068 2531 praestantes,
1105 2469 1198 2515 aut
1227 2458 1480 2513 animalia
1510 2472 1674 2527 supra
1709 2466 1961 2512 naturam

394 2553 759 2621 conspicimus
790 2568 804 2605 :
849 2560 946 2605 aut
976 2551 1139 2605 etiam
1175 2548 1465 2604 verborum
1500 2542 1806 2618 aliquorum
1852 2562 1966 2602 me-

392 2644 661 2708 moriam,
712 2658 833 2713 quae
882 2642 1107 2698 auribus
1158 2641 1355 2697 hausta
1402 2640 1542 2706 sint,
1592 2654 1966 2710 saepenumero

391 2735 734 2801 obtinemus;
769 2748 1002 2802 cumque
1041 2742 1146 2788 tam
1182 2734 1380 2800 multa,
1415 2744 1633 2804 tamque
1665 2745 1804 2788 nova
1835 2746 1965 2800 spe-

393 2837 605 2884 ctemus
632 2826 686 2880 in
716 2826 872 2882 nobis
906 2836 961 2881 et
991 2826 1301 2893 audiamus,
1333 2825 1481 2881 haud
1506 2826 1619 2895 jam
1648 2839 1776 2880 vere
1803 2827 1962 2896 quid-

283 2903 295 2914 ’
394 2931 557 2986 quam
597 2930 864 2987 corporeo
914 2931 1077 2972 sensu
1114 2916 1362 2972 videmus
1385 2955 1401 2981 ,
1448 2931 1627 2986 neque
1656 2917 1908 2972 audimus
1943 2936 1960 2974 :

396 3009 582 3064 itidem
626 3016 683 3065 et
715 3008 1020 3064 divinorum
1073 3023 1140 3063 ac
1176 3009 1454 3063 beatorum
1498 3008 1740 3064 virorum
1773 3023 1964 3076 mens,

395 3101 687 3171 aliquando
715 3100 935 3172 quidem
964 3116 1060 3171 per
1086 3110 1330 3170 apertam
1363 3101 1645 3168 visionem,
1678 3100 1970 3171 aliquando

394 3205 527 3247 vero
579 3206 673 3261 per
717 3193 988 3248 somnium
1035 3191 1319 3260 impressis
1366 3190 1725 3261 imaginibus,
1773 3191 1970 3246 divinis

395 3283 736 3341 sermonibus
761 3282 1292 3354 aeﬁsis'i'mpietur,
1321 3298 1442 3340 cum
1470 3299 1645 3355 neque
1669 3299 1767 3356 per
1786 3285 1971 3340 oculos

394 3378 662 3448 imagines
691 3391 879 3432 eormn
907 3393 1028 3447 quae
1050 3376 1326 3444 videntur,
1350 3377 1641 3444 revocarit,
1672 3390 1848 3447 neque
1871 3391 1973 3447 per

395 3488 558 3528 aures
606 3473 750 3527 aeris
798 3473 987 3538 ictum,
1035 3487 1065 3525 a
1120 3472 1271 3527 vocis
1318 3471 1540 3528 edendae
1596 3470 1971 3527 instrumentis

399 3562 724 3633 profectum,
748 3564 1039 3633 acceperit.
1071 3562 1255 3633 Neque
1279 3563 1424 3619 enim
1450 3561 1695 3617 sublimis
1716 3561 1805 3617 ille
1826 3562 1973 3616 thro-

400 3672 522 3721 nus,
549 3666 605 3713 et
632 3657 904 3723 elevatus,
938 3656 1146 3727 aliquid
1171 3665 1290 3712 erat
1323 3656 1461 3712 foris
1510 3656 1848 3721 subsistens;
1881 3670 1975 3710 ne-

399 3767 507 3823 que
528 3768 718 3810 rursus
739 3754 792 3809 in
809 3768 875 3809 eo
902 3755 1120 3818 sedens,
1148 3766 1309 3822 quem
1334 3750 1656 3808 viditlsaias
1680 3753 1726 3784 “
1753 3769 1767 3807 :
1800 3764 1973 3819 neque

402 3844 492 3901 ille
536 3842 827 3899 electriuus
871 3844 938 3897 ab
969 3841 1138 3897 ilibus
1172 3856 1410 3905 sursum,
1449 3839 1646 3910 igneus
1693 3847 1871 3894 autem
1906 3837 1975 3891 ab

403 3936 567 3991 ilibus
591 3935 869 3999 deorsum,
897 3933 987 4003 qui
1018 3933 1159 4003 apud
1189 3931 1526 3987 Ezeeltielem
1556 3931 1881 3986 describitur
1903 3931 1971 3997 ",

404 4034 525 4080 erat
553 4025 1014 4095 specie'humana.
1052 4022 1157 4078 Sed
1190 4025 1387 4078 borum
1419 4036 1574 4077 mens
1602 4019 1807 4089 majore
1839 4036 1976 4091 qua-

406 4117 531 4171 dam
571 4118 771 4172 virtute
817 4116 870 4171 in
900 4130 1087 4171 earum
1124 4129 1331 4179 rerum,
1370 4113 1821 4183 contemplatione
1859 4126 1978 4167 mo-

409 4209 654 4277 rabatur,
711 4208 919 4279 Spiritu
964 4208 1204 4264 divinam
1257 4215 1507 4261 naturam
1554 4219 1651 4275 per
1687 4204 1978 4274 aenigmata

410 4311 681 4367 repraesen
689 4307 780 4352 tan
788 4307 861 4354 te.
1329 4367 1340 4378 ι

478 4392 536 4445 ι.
580 4391 774 4447 Vident
824 4398 1003 4444 autem
1045 4390 1323 4460 propheta:
1378 4401 1483 4442 non
1531 4385 1710 4445 futura
1761 4384 1977 4453 solum,

409 4498 600 4539 verum
628 4484 791 4538 etiam
821 4497 941 4553 quae
973 4483 1027 4536 in
1054 4481 1217 4536 rebus
1237 4478 1594 4551 praesentibus
1615 4486 1745 4534 sunt
1777 4476 1981 4531 abdita.

410 4575 872 4643 Quemadmodum
902 4574 976 4628 ait
1006 4572 1205 4628 Paulus
1234 4590 1249 4625 :
1279 4571 1338 4626 Si
1374 4587 1492 4625 vero
1522 4570 1862 4640 propheletis,
1899 4570 1985 4622 in-

412 4666 683 4737 grediatur
712 4674 888 4718 autem
923 4663 1117 4733 aliquis
1145 4661 1373 4731 inﬁdelis
1392 4701 1406 4726 ,
1441 4669 1533 4714 aut
1566 4660 1809 4714 indoctus
1834 4698 1849 4725 ,
1893 4675 1985 4712 oc-

413 4758 561 4813 culta
591 4756 766 4811 cordis
806 4756 954 4809 illius
986 4753 1267 4823 manifesta
1292 4752 1429 4821 ﬁunt
1456 4751 1524 4806 ⁸³⁵.
1573 4752 1682 4805 Aut
1724 4750 1987 4822 quemad-

486 4923 532 4954 "
571 4920 676 4979 lsa.
699 4933 777 4985 vt,
803 4919 857 4977 1.
932 4919 979 4953 ⁸³
996 4919 1195 4977 Ezech.
1218 4932 1338 4983 vm,
1360 4916 1417 4973 2.
1493 4915 1540 4948 ⁸⁸
1564 4912 1586 4968 Ι
1612 4913 1738 4970 Cor.
1758 4929 1870 4978 xiv,
1891 4913 1985 4967 94.

484 5041 597 5111 (57)
628 5038 719 5111 Sic
750 5039 961 5111 codices
988 5047 1115 5111 tr_es.
1140 5036 1456 5111 Editivero,
1486 5031 1880 5111 ἐγκοπτόντων.

482 5101 700 5183 illa
727 5110 983 5183 antiquus
1010 5106 1317 5183 Combeiisii
1351 5101 1593 5183 cod-exet
1627 5101 1761 5172 Reg.
1790 5113 1988 5157 secun-

413 5173 531 5239 dus.
563 5173 711 5235 Alter
739 5173 982 5235 Cotti—bet.
1015 5193 1137 5232 cum
1169 5177 1352 5237 editis,
1387 5173 1632 5245 μέλαινα.

484 5250 595 5320 (59)
619 5249 1074 5320 Regasecundns,
1107 5245 1312 5320 ἐνοικον
1339 5246 1398 5320 ἐν
1424 5245 1585 5313 αὐτῇ.
1751 5309 1764 5320 _
1940 5308 1953 5320 ο

485 5309 597 5393 (40)
639 5309 887 5393 Basilius2
917 5319 960 5372 si
988 5309 1166 5393 tamen
1196 5318 1313 5383 ejus
1338 5316 1452 5393 haec
1479 5309 1627 5377 sunt,
1660 5309 1801 5365 male
1841 5309 1987 5364 acci-

415 5384 504 5463 pit'
532 5384 590 5447 id
612 5391 754 5463 quod
784 5387 987 5463 legitur:
1017 5384 1038 5439 1
1078 5387 1324 5463 βοεξκη,
1351 5386 1425 5463 ρ,
1464 5394 1520 5463 u_t
1560 5393 1719 5463 recte
1756 5395 1821 5463 ac
1854 5393 1985 5447 pru-

417 5449 608 5517 denter
628 5449 919 5513 'adnotavvit
948 5449 1326 5512 Combelisius,
1351 5454 1562 5508 Etenim
1595 5450 1743 5515 illud,
1771 5449 1989 5520 ἐμπρο-

419 5531 566 5594 σθεν,
599 5529 716 5584 voci
749 5525 1060 5593 ἐκαλοῦντο,
1098 5540 1203 5580 nou
1249 5527 1366 5579 voci
1415 5522 1724 5594 βλέποντες,
1763 5519 1993 5594 jungen-

420 5587 693 5675 dnmjesse
720 5614 899 5675 nemo,
925 5587 1231 5675 qui_'locut_n
1275 5587 1569 5675 Scriptura:
1615 5587 1837 5675 legerit,
1862 5587 1995 5675 inii-

422 5672 674 5728 ciabitur.
710 5663 894 5737 Quare
938 5663 1140 5738 optime
1192 5667 1577 5734 interpretatus
1615 5669 1697 5718 est
1745 5663 1996 5728 Symma»

2069 1828 2227 1895 Θεοῦ,
2262 1832 2355 1885 καὶ
2383 1834 2507 1896 τοὺς
2528 1833 2838 1903 ὀφθαλμοὺς
2861 1834 2959 1903 τῆς
2991 1831 3169 1904 ψυχῆς
3190 1832 3551 1900 διανοῖγον-τος
3574 1832 3658 1895 είς

2070 1928 2413 1999 κατανόησιν
2442 1922 2518 1981 ὧν
2549 1927 2797 2000 βούλεται
2848 1926 3159 1999 θεαμάτων.
3192 1927 3284 1981 Διδ
3315 1928 3409 1981 καὶ
3441 1928 3491 1980 οἱ
3517 1945 3655 2000 προ-

2071 2023 2237 2092 φῆται
2258 2020 2566 2093 ἔμπροσθεν
2598 2020 2710 2091 (40)
2748 2019 3036 2091 βλέποντες
3063 2018 3373 2084 ἐκαλοῦντο,
3410 2019 3563 2091 παρὰ
3594 2019 3655 2072 τὸ

2070 2111 2147 2175 ὡς
2170 2110 2411 2183 παρόντα
2439 2109 2506 2163 τᾶ
2549 2109 2812 2181 μέλλοντα
2846 2110 3106 2179 προορᾷν.
3150 2105 3657 2180 Προσαχθησόμεθα

2070 2202 2126 2256 δὲ
2150 2202 2351 2274 μᾶλλον
2376 2204 2457 2266 εἰς
2495 2202 2556 2255 τὸ
2586 2202 2715 2256 ἰδεῖν
2744 2201 2806 2255 τδ
2841 2201 3178 2272 προφητικὸν
3220 2198 3429 2271 κίνημα
3456 2200 3522 2251 ἐκ
3548 2196 3671 2251 τῶν

2071 2296 2192 2348 κατ’
2232 2293 2365 2366 ὄναρ
2407 2293 2826 2363 φαντασμάτων.
2863 2293 3074 2363 Ὥσπερ
3109 2290 3219 2363 γὰρ
3262 2293 3319 2344 ἐν
3365 2293 3485 2354 ταῖς
3532 2288 3658 2343 καθ’

2073 2378 2239 2439 ὕπνον
2276 2384 2597 2454 φαντασίαις
2625 2383 2720 2437 τοῦ
2763 2380 3093 2454 ἡγεμονικοῦ
3134 2382 3234 2452 τῆς
3274 2381 3453 2453 ψυχῆς
3495 2380 3673 2453 ἡμῶν¹

2071 2477 2437 2550 τυπουμένου,
2479 2476 2686 2530 πόλεων
2716 2475 2749 2547 ἢ
2784 2475 2965 2528 τόπων
2995 2474 3215 2544 μεγέθει
3255 2473 3365 2545 (nil)
3400 2472 3495 2527 καὶ
3524 2472 3661 2527 κάλ-

2071 2570 2153 2623 λει
2191 2567 2572 2641 διαφερόντων,
2603 2567 2635 2639 ἢ
2684 2565 2837 2631 ζώων
2886 2566 3024 2637 ὑπὲρ
3057 2566 3158 2638 τὴν
3198 2564 3359 2636 φύσιν
3388 2564 3662 2635 γινόμεθα

2073 2660 2293 2715 θεαταίσ
2323 2659 2356 2731 ἢ
2387 2658 2483 2712 καὶ
2527 2658 2702 2727 λόγων
2746 2657 2908 2710 τινῶν
2954 2656 3175 2728 μνήμην
3211 2655 3300 2709 διὰ
3346 2656 3445 2726 τῆς
3488 2654 3665 2727 ἀκοῆς

2073 2751 2446 2823 ἐμπεσόντων,
2491 2749 2750 2812 πολλάκις
2800 2747 3285 2819 παρακατέχομεν·
3337 2747 3432 2800 καὶ
3471 2746 3666 2800 τοσούὲι

2072 2861 2184 2898 των
2234 2843 2361 2914 περὶ
2411 2843 2560 2914 ἡμᾶς
2598 2840 2884 2912 θεαμάτων
2928 2857 2988 2892 τε
3019 2838 3133 2910 (42)
3188 2838 3504 2910 παραδόξων
3565 2840 3673 2893 καὶ

2074 2934 2441 3005 ἀκουσμάτων
2473 2933 2662 2995 ὄντων,
2709 2931 2833 2987 οὔτε
2875 2951 2928 2987 τι
2976 2933 3187 3005 εἴδομεν
3216 2932 3357 2986 κατὰ
3397 2931 3665 3003 ἀλήθειαν

2078 3027 2364 3097 σωματικῇ
2399 3024 2668 3097 αἰσθήσει,
2702 3023 2826 3078 οῦτε
2877 3025 3196 3095 ἠκούσαμεν
3218 3041 3231 3055 ·
3274 3024 3416 3078 οὕτω
3446 3025 3545 3078 καὶ
3570 3025 3667 3078 τὸν

2073 3116 2183 3170 τῶν
2217 3115 2379 3170 θείων
2427 3116 2523 3170 κα)⁹
2569 3117 2856 3190 μακαρίων
2916 3117 3125 3189 ἀνδρῶν
3162 3116 3271 3188 (45)
3330 3117 3478 3182 νοῦν,
3533 3118 3667 3171 ποτὲ

2081 3207 2180 3277 μὲν
2226 3205 2396 3279 ῦπαρ,
2447 3207 2633 3262 ἄλλοτε
2681 3208 2738 3261 δὲ
2788 3207 2922 3280 ὄναρ
2969 3208 3328 3280 τυπούμενον,
3375 3208 3552 3277 λόγων
3604 3226 3666 3263 τε

2077 3295 2239 3350 θείων
2271 3298 2366 3350 καὶ
2396 3295 2682 3367 θεαμάτων
2708 3294 3078 3368 πληροῦσθαι·
3115 3295 3240 3351 οὔτε
3269 3297 3336 3351 δι’
3365 3297 3666 3368 ὀφθαλμῶν

2076 3386 2424 3450 τὰς-εἰκόνας
2466 3384 2576 3438 τῶν
2619 3386 2912 3456 ὁρωμένων
2953 3382 3565 3457 ἀναμαξάμενον,ὀῦτε
3595 3388 3664 3440 δι’

2077 3474 2232 3530 ὢτων
2256 3477 2419 3548 αέρος
2442 3475 2655 3549 πληγὴν
2678 3477 2741 3530 ἐκ
2768 3477 2876 3530 τῶν
2901 3494 3224 3547 φωνητικων
3254 3477 3502 3550 ὀργάνων
3532 3496 3672 3547 προ-

2078 3566 2336 3621 ελθοῦσαν
2375 3569 2792 3641 ὑποδεξάμενον.
2832 3569 2907 3622 Ού
2931 3568 3040 3641 γὰρ
3068 3567 3266 3636 ἔξωθέν
3290 3588 3342 3623 τι
3366 3570 3670 3642 ὑποκείμε-

2079 3675 2170 3711 νον
2212 3654 2281 3729 ἦν
2332 3658 2536 3729 ὑψηλὸς
2569 3659 2759 3732 θρόνος
2795 3660 2890 3715 καὶ
2946 3661 3285 3734 ἐπηρμένος·
3339 3662 3461 3716 ούδὲ
3492 3665 3522 3716 6
3578 3664 3671 3717 ἐπ’

2081 3748 2247 3803 αὐτοῦ
2276 3749 2582 3822 καθήμενος
2622 3751 2756 3823 (44),
2779 3751 2837 3805 ὃν
2870 3746 3010 3806 εἶδεν
3049 3754 3078 3806 6
3111 3752 3338 3817 Ἡσαΐας
3357 3766 3371 3782 ⁸
3409 3752 3531 3806 οὐδὲ
3577 3753 3675 3806 ἀν·-

2081 3839 2436 3911 θρωποειδὴς,
2465 3841 2494 3893 6
2539 3840 2856 3912 ἡλὲκτρινος
2893 3842 2996 3912 μὲν
3046 3842 3114 3897 τὰ
3143 3842 3253 3897 ἀπὸ
3293 3842 3497 3913 ὀσφύος
3530 3844 3671 3909 ἄνω,

2083 3931 2310 4003 πύρινος
2342 3932 2398 3985 δὲ
2425 3932 2532 3986 ἀπὸ
2561 3934 2759 4002 ὀσφύος
2789 3934 2879 3987 ἐπὶ
2905 3935 2976 3988 τὰ
3008 3936 3179 3999 κάτω,
3218 3936 3246 3988 ὀ
3277 3935 3428 4007 παρὰ
3455 3935 3535 4006 τῷ
3577 3937 3676 3990 Ἰε-

2089 4021 2312 4093 ζεκιήλ·
2365 4023 2478 4076 ἀλλ’
2527 4023 2556 4075 ὁ
2618 4023 2717 4094 μὲν
2765 4025 2890 4088 νοῦς
2943 4028 3141 4091 αὐτῶν,
3203 4026 3429 4096 δυνάμει
3488 4029 3676 4099 κρείτ-

2082 4130 2197 4164 τονι
2225 4111 2358 4184 (45),
2391 4114 2449 4166 ἐν
2488 4111 2690 4184 θεωρίᾳ
2722 4114 2924 4167 τούτων
2964 4115 3202 4183 ἐγένετο,
3232 4115 3298 4169 δι’
3327 4117 3676 4189 αἰνιγμάτων

2084 4203 2179 4258 τοῦ
2206 4205 2527 4276 Πνεύματος
2556 4203 2654 4276 τὴν
2677 4204 2827 4259 θείαν
2860 4204 3021 4274 φύσιν
3050 4206 3525 4279 παραδεικνύντος.

2159 4383 2215 4437 4.
2261 4383 2462 4456 Ὀρῶσι
2518 4385 2576 4439 δὲ
2605 4387 2653 4438 oi
2698 4386 2972 4457 προφῆται
3002 4386 3062 4439 οὐ
3090 4385 3159 4439 τὰ
3194 4385 3455 4458 μέλλοντα
3490 4390 3676 4460 μόνον,

2093 4474 2229 4529 ἀλλὰ
2267 4477 2490 4531 καὶτῶν
2510 4476 2790 4548 παρόντων
2810 4477 2881 4530 τὰ
2900 4477 3247 4541 λανθάνοντα,
3269 4477 3344 4541 ὥς
3374 4495 3505 4549 φησι
3530 4480 3680 4534 Παῦ-

2091 4567 2183 4630 λος
2206 4583 2220 4596 ·
2265 4567 2401 4622 Ἐὰν
2439 4567 2508 4621 δὲ
2550 4568 2983 4637 προφητεύητε,
3038 4568 3285 4636 εἰσέλθῃ
3321 4566 3388 4621 δέ
3434 4587 3527 4635 τις
3550 4570 3683 4624 ἄπι-

2092 4675 2242 4727 στος
2279 4660 2317 4729 ἢ
2350 4662 2603 4729 ἰδιώτης,
2636 4661 2708 4715 τὰ
2759 4660 2994 4730 κρυπτὰ
3044 4659 3155 4728 τῆς
3186 4660 3434 4729 καρδίας
3488 4664 3679 4718 αὐτοῦ

2095 4753 2328 4822 φανερὰ
2373 4753 2628 4823 γίνεταιο
2657 4751 2690 4822 ἢ
2724 4751 2799 4815 ὡς
2833 4752 2863 4804 6
2896 4750 3235 4814 Ἐλισσαῖοςο
3272 4751 3420 4821 Οὐχὶ
3469 4751 3507 4819 ἠ
3540 4769 3683 4822 καρ-

2099 5029 2256 5093 rhus,
2289 5029 2413 5082 dum
2445 5026 2517 5081 ila
2560 5026 2798 5094 scripsit,
2830 5026 2925 5079 τὸν
2953 5040 3062 5096 γαρ
3088 5025 3376 5096 προφήτην
3402 5023 3522 5096 τότε
3546 5024 3682 5078 ἐκά-

2096 5098 2219 5153 λουν
2264 5097 2406 5151 κατὰ
2441 5096 2502 5151 τὸ
2538 5099 2784 5169 ἀρχαῖον,
2836 5096 3068 5169 ὁρῶντα,
3100 5095 3243 5169 Nam
3267 5110 3386 5169 eum
3433 5095 3523 5160 qui
3555 5105 3682 5148 tunc

2092 5169 2347 5234 proiilteta
2372 5177 2507 5231 erat,
2537 5162 2792 5221 vocabant
2826 5162 3138 5235 antiquitus,
3181 5162 3472 5235 ﬁdentem,

2164 5231 2276 5306 (ll)
2311 5237 2403 5291 Sic
2441 5248 2552 5290 tres
2585 5252 2711 5291 mss.
2748 5236 2889 5306 Ecliti
2912 5231 3059 5296 vero,
3088 5231 3317 5305 μεγέθη,
3354 5233 3513 5306 male.

2163 5303 2275 5379 (42)
2306 5305 3063 5379 [ιεεὶεεουηάηθθεαμάτων
3093 5319 3153 5356 τε
3201 5303 3305 5379 Δκοιίι
3330 5303 3679 5379 παραδόξων.

2163 5323 2275 5379 (az)
2306 5323 2436 5376 tteg.
2457 5323 2746 5369 secundus,
2773 5323 3063 5428 υεαὲατων
3093 5323 3153 5356 τε
3208 5323 3305 5356 και
3330 5323 3679 5375 παραοοςων.

2162 5379 2278 5459 (45)
2302 5376 2393 5459 S_ic
2414 5376 2548 5446 Reg.
2566 5378 2851 5459 secundus.
2897 5375 3017 5430 ‘diti
3040 5388 3163 5428 cum
3182 5374 3391 5429 duobus
3414 5386 3573 5439 mss...
3593 5377 3684 5428 ἀν-

2087 5445 2229 5520 δρῶν
2257 5445 2358 5520 και,
2382 5445 2689 5518 μακαρίων.

2174 5518 2288 5586 (44)
2329 5514 2461 5587 Reg.
2501 5514 2790 5587 secundus,
2828 5514 3209 5587 καθεζόμενος.

2177 5581 2293 5672 (t5)
2316 5588 2391 5642 lta
2412 5581 2580 5657 ἘρεῙὶ
2602 5587 2829 5657 primus,
2875 5581 3143 5641 secundus
3182 5589 3236 5637 et
3271 5589 3479 5638 ter-tius.
3512 5581 3686 5650 Editi,

2106 5673 2391 5726 apstﬂwv,
