3838 6214
180 295 267 350 {25

923 295 1284 355 COMMENT.
1321 297 1390 351 lN
1433 297 1669 352 [SAL—nl
1707 296 2156 354 PROPHETAM.
2199 297 2624 357 ΡιιοοΕΜιυΜ.

3306 295 3408 350 1'25

178 413 262 465 6ιά
280 429 391 480 μου
421 412 736 481 ἐπορεύετο
760 414 908 483 μετὰ
954 416 1096 478 σοῦ,
1133 417 1318 482 ἡνίκα
1358 418 1735 488 ἀνέστρεψεν

1865 424 2057 476 nodum
2079 421 2340 480 Elisaaus:
2367 423 2560 479 Nonne
2589 439 2680 478 cor
2705 437 2877 477 meum
2894 419 3195 475 ambulabat
3219 428 3410 477 tecum,

181 506 208 556 ὀ
233 501 393 568 ἀνὴρ,
419 503 563 570 μετὰ
592 503 698 556 τοῦ
725 503 984 572 ἅρματος
1009 506 1216 571 αὐτοῦ,
1243 509 1330 573 εἰς
1354 507 1736 576 συνάντησίν

178 610 262 647 σοι
287 592 427 662 (46);
465 591 619 646 Ἐστι
681 594 737 646 δὲ
781 597 1086 666 προφητεία
1147 597 1242 650 καὶ
1299 601 1334 668 ἡ
1393 599 1460 650 δι’
1513 599 1736 670 ὀνείρων

179 687 480 756 πρόγνωσις,
511 685 585 748 ὡς
628 684 708 754 τῷ
751 687 948 756 Ἰωσὴφ
980 690 1038 741 ὲν
1076 689 1358 760 Αἰγύπτῳ,
1388 691 1483 744 καὶ
1523 691 1600 762 τῷ
1641 694 1739 744 Δα-

178 778 282 848 νιὴλ
315 778 403 831 ἐπὶ
444 778 544 847 τῆς
591 776 961 845 Βαϐυλωνίας,
991 780 1282 835 ἐδείκνυτο.
1319 781 1444 846 Πῶς
1490 779 1584 836 οὖν
1645 784 1738 837 καὶ

178 868 373 939 ⁴Ε’τιραὼ,
425 869 515 920 καὶ
555 868 1063 940 Ναϐουχοδονόσορ;
1100 872 1221 924 Ὅτι
1256 873 1519 944 περὶτῶν
1546 892 1740 946 κοσμια

179 959 276 1010 κῶν
305 959 683 1012 καταστάσεων
712 961 840 1023 τοὺς
874 960 1210 1032 κρατοῦντας
1244 963 1350 1016 ἔδει
1384 966 1736 1036 προϐλέπειν,

181 1050 254 1101 ἶνα
283 1049 614 1119 πιστεύηται.
664 1050 789 1114 Πῶς
821 1051 877 1103 δὲ
903 1053 995 1105 καί¹
1036 1053 1263 1125 Βαλαὰμ
1293 1057 1624 1127 προφητεύει
1649 1058 1741 1111 καὶ

181 1141 450 1210 Καῖάφας;
487 1143 607 1194 Ὅτι
644 1144 888 1196 κάκεῖνοι
908 1145 1034 1208 τοὺς
1066 1145 1418 1217 πειθομένους
1447 1144 1621 1219 εἶχον*
1648 1151 1742 1203 καὶ

180 1231 316 1300 όμέν
346 1232 418 1294 ὡς
453 1233 763 1303 ἀρχιερεὺς,
794 1235 822 1285 ὁ
856 1234 913 1287 δὲ
953 1235 1029 1298 ὡς
1070 1236 1282 1306 μάντις.
1323 1239 1398 1292 Οὐ
1425 1239 1532 1310 γὰρ
1566 1240 1742 1310 ψυχῆς

180 1323 466 1394 καθαρότης
514 1324 768 1388 ἐνταῦθα,
819 1325 940 1378 ούδέ
995 1326 1244 1396 διαύγεια
1296 1330 1388 1383 νοῦ
1439 1332 1738 1402 ἐνορῶντος

180 1414 314 1478 Θεὸν,
352 1416 442 1468 καὶ
458 1416 558 1487 τὴν
588 1416 797 1469 ἐκεῖθεν
826 1419 1057 1488 δύναμιν
1091 1421 1435 1486 ὲπισπῶντος
1460 1423 1601 1496 (47)·
1627 1422 1742 1478 ἀλλ’

181 1507 512 1577 οἰκονομικῶς
545 1510 602 1560 ἐν
643 1510 824 1573 αὐτοῖς
868 1511 896 1561 ό
922 1511 1100 1578 λόγος,
1128 1513 1189 1565 ού
1239 1513 1382 1567 κατὰ
1421 1515 1519 1586 τὴν
1563 1516 1740 1582 ἀξίαν,

182 1597 301 1650 ἀλλὰ
332 1600 465 1670 πρὸς
495 1601 587 1653 τὸν
620 1601 829 1672 καιρόν.
874 1603 1138 1673 Ζητήσεις
1180 1603 1236 1658 δὲ
1266 1607 1315 1658 εἰ
1348 1606 1418 1659 τὰ
1450 1605 1602 1678 παρὰ
1633 1606 1743 1678 (48)

180 1687 247 1758 τῷ
274 1689 461 1760 Ἡσαΐᾳ
484 1691 673 1757 καὶτῷ
701 1691 958 1763 Ἰεζεκιὴλ
979 1694 1235 1748 ὀπτασίαι
1253 1696 1381 1760 εἰσὶ,
1404 1697 1491 1749 διὰ
1516 1696 1737 1750 τοιῶνδε

1838 530 1957 567 cum
1987 526 2333 570 reverteretur
2361 519 2442 571 vir
2485 532 2603 570 cum
2639 532 2803 568 curru
2837 529 2932 568 suo
2961 511 3059 565 tibi
3092 511 3299 565 obviam
3327 507 3416 562 "?

1841 606 1937 660 Est
1973 616 2152 662 autem
2185 619 2242 662 et
2287 609 2594 678 prophetia,
2621 623 2741 662 cum
2774 605 2974 674 aliquid
3010 619 3106 675 per
3139 601 3411 657 somnium

1841 697 2146 766 praescitur,
2197 701 2652 767 quemadmodum
2705 697 2906 767 Ioseph
2960 697 3012 749 in
3065 693 3303 765 Egypto
3359 700 3416 746 et

1841 789 2028 844 Daniel
2062 789 2114 844 in
2149 790 2420 861 Babylone
2451 789 2712 844 revelatio
2745 787 2888 842 facta
2911 797 3016 842 est.
3045 785 3118 839 At
3145 783 3416 854 quomodo

1842 882 2005 953 igitur
2032 891 2089 936 et
2111 881 2320 937 Pharao
2345 892 2400 937 et
2427 881 2925 938 Nabuchodonosor
2956 879 3137 933 futura
3163 877 3418 946 praescie-

1844 974 2005 1028 runt?
2033 973 2238 1044 Nempe
2268 977 2333 1029 de
2365 976 2762 1030 mundanarum
2803 988 2985 1028 rerum
3027 979 3170 1026 statu
3200 979 3420 1037 oporte-

1843 1068 1937 1120 bat
1984 1067 2232 1122 dominos
2273 1069 2611 1137 praevidere,
2669 1067 2745 1121 uti
2795 1067 2880 1121 his
2934 1065 3066 1120 ﬁdes
3102 1064 3417 1118 haberetur.

1843 1157 2130 1223 Quomodo
2154 1174 2282 1213 vero
2318 1160 2482 1217 etiam
2512 1158 2730 1212 Balaam
2751 1157 3035 1227 prophetat
3062 1166 3116 1210 et
3140 1153 3420 1221 Caiphae?

1844 1249 2108 1304 Nimirum
2140 1251 2284 1319 quod
2316 1251 2369 1304 hi
2397 1264 2613 1319 quoque
2644 1248 2918 1303 habebant
2947 1248 3142 1318 quibus
3181 1247 3417 1316 impera-

1845 1342 2002 1396 bant:
2024 1343 2111 1398 hic
2139 1344 2359 1411 quidem
2383 1354 2641 1411 tanquam
2659 1342 3000 1406 sacerdotum
3029 1341 3308 1410 princeps,
3333 1339 3424 1392 ille

1845 1434 2004 1505 381
2033 1449 2180 1500 vero,
2216 1445 2470 1504 tanquam
2507 1445 2677 1490 vates.
2737 1434 2920 1502 Neque
2952 1433 3095 1488 enim
3128 1431 3215 1486 hic
3262 1431 3412 1500 puri-

1850 1538 1930 1580 tas
1965 1527 2132 1580 ιιιιῐιιιί
2174 1527 2280 1581 fuit
2327 1529 2380 1582 in
2415 1543 2617 1594 causa,
2666 1543 2842 1597 neque
2889 1527 3088 1582 mentis
3134 1526 3427 1580 illustratio

1849 1617 2016 1670 Deum
2045 1617 2465 1686 contemplantis
2487 1659 2502 1685 ,
2545 1628 2707 1688 atque
2738 1619 2862 1672 inde
2892 1618 3144 1672 virtutem
3173 1616 3430 1669 haurien-

1851 1707 1920 1760 tis
1953 1722 1967 1759 :
2003 1707 2095 1762 sed
2147 1719 2296 1763 certa
2350 1709 2583 1778 quadam
2632 1709 3034 1777 dispensatione
3096 1708 3202 1762 illis
3250 1708 3428 1762 conti-

183 1780 470 1848 φαντασιῶν
519 1783 851 1854 ἐωραμέναι,
895 1786 928 1856 ἢ
963 1785 1252 1856 θεολογίαι,
1300 1787 1368 1841 δι’
1411 1789 1746 1858 αἰνιγμάτων

1865 1798 1930 1868 ;it
1989 1813 2202 1864 sermo,
2249 1815 2356 1854 non
2407 1815 2505 1869 pro
2567 1802 2801 1868 merito,
2850 1801 2943 1855 sed
3009 1815 3106 1870 pro
3173 1799 3431 1868 temporis

182 1871 265 1925 τοῦ
294 1874 607 1946 Πνεύματος
638 1875 706 1929 τὰ
746 1877 846 1948 τῆς
871 1877 1122 1950 θεότητος
1149 1881 1282 1950 ἡμῖν
1311 1879 1577 1951 ἰδιώματα
1609 1897 1745 1935 κατ-

1865 1889 2262 1957 ιρροηιιιιίιοιε.
2311 1888 2533 1956 Quaeres
2581 1900 2790 1954 autem,
2823 1906 2889 1944 an
2941 1906 3004 1945 ea
3032 1889 3429 1960 qnmiegnntnr

182 1965 516 2032 αγγὲλλουσαι
544 1966 652 2038 (49)
683 1984 697 2033 ;

1865 1980 1978 2048 κρυά
2024 1979 2219 2035 Isaiam
2249 1991 2305 2036 et
2346 1983 2841 2046 Ezechielem,sint
2889 1985 3130 2038 visiones
3181 1997 3276 2052 per
3333 1982 3432 2035 hu-

178 2058 388 2125 jnsmodi
450 2061 768 2130 phantasias
826 2075 1146 2132 conspectze,
1213 2081 1279 2119 an
1323 2065 1506 2135 potius
1565 2083 1747 2124 rerum
1799 2071 2109 2128 divinarum
2159 2075 2426 2139 doctrina,
2459 2090 2554 2146 per
2582 2076 2817 2146 Spiritus
2859 2077 3143 2147 aenigmata
3183 2071 3433 2128 divinita-

183 2151 242 2205 tis
265 2153 614 2221 pr0prietates
655 2155 808 2208 nobis
846 2155 1199 2225 signiﬁcans?

240 2244 288 2300 5.
315 2247 448 2300 Φασὶ
473 2247 536 2302 δέ.
565 2265 708 2312 τινες
745 2249 1105 2320 ἐξεστηκότας
1134 2255 1332 2316 αὐτοὺς
1363 2254 1748 2326 προφητεύειν,

181 2341 671 2415 ὲπικαλυπτομένου
729 2344 820 2398 τοῦ
890 2343 1232 2416 ἀνθρωπείου
1288 2345 1381 2400 νοῦ
1444 2346 1598 2416 παρὰ
1651 2345 1748 2399 τοῦ

180 2432 492 2506 Πνεύματος.
531 2436 702 2489 Τοῦτο
731 2436 788 2489 δὲ
824 2436 973 2507 παρὰ
1011 2438 1108 2506 τὴν
1143 2436 1476 2507 ἐπαγγελίαν
1505 2437 1621 2490 ἐστὶ
1653 2439 1752 2508 τῆς

181 2525 316 2590 θείας
346 2530 667 2600 ἐπιδημίας,
710 2528 949 2601 ἔκφρονα
979 2533 1150 2583 ποιεῖν
1195 2531 1284 2583 τὸν
1316 2531 1634 2603 θεόληπτον,
1656 2531 1753 2584 καὶ

181 2617 259 2671 ὅτε
287 2619 500 2692 πλήρης
532 2623 721 2689 γέγονε
750 2620 858 2673 τῶν
883 2621 1042 2674 θείων
1081 2620 1426 2692 διδαγμάτων
1460 2621 1594 2692 (50),
1629 2621 1752 2674 τότε

181 2711 378 2782 καὶτῆς
399 2713 612 2775 οἰκείας
665 2711 980 2775 ἐξίστασθαι
1006 2713 1264 2777 διανοίας,
1309 2713 1402 2766 καὶ
1431 2712 1623 2776 ἄλλους
1655 2713 1752 2783 μὲν

181 2803 478 2871 ὠφελοῦντα
512 2805 582 2858 δι’
616 2805 833 2871 ἑαυτοῦ,
869 2805 1031 2858 αὑτὸν
1059 2804 1117 2856 δὲ
1148 2805 1247 2876 τῆς
1273 2805 1336 2858 ἐκ
1359 2803 1466 2858 τῶν
1500 2805 1645 2858 ἰδίων
1671 2804 1758 2856 λό-

180 2911 282 2960 γων
313 2897 712 2952 ἀπολείπεσθαι
759 2897 1048 2967 ὡφελείας.
1103 2898 1280 2961 Ὂλως
1325 2897 1404 2961 δὲ,
1447 2897 1567 2951 τίνα
1599 2897 1756 2966 λόγον

181 2986 456 3041 ἀκόλουθον
481 2990 622 3060 ἔχει,
662 2991 728 3042 ἐκ
769 2989 862 3043 τοῦ
891 2991 988 3060 τῆς
1019 2991 1210 3060 σοφίας
1235 2989 1554 3061 Πνεύματος
1581 3009 1760 3062 μεμη-

1927 2256 1976 2310 5.
2024 2256 2194 2313 Porro
2241 2266 2371 2312 sunt
2417 2257 2510 2327 qui
2559 2257 2742 2312 dicant
2775 2272 2869 2313 eos
2905 2257 3086 2312 lurore
3125 2273 3189 2313 ac
3223 2259 3431 2314 insania

1859 2359 2143 2418 correptos
2194 2349 2557 2420 prophetare,
2609 2349 2845 2403 humana
2907 2359 3090 2404 mente
3145 2365 3174 2404 a
3228 2350 3431 2419 Spiritu

1857 2441 2137 2510 absorpta.
2173 2441 2372 2496 Verum
2415 2441 2468 2495 id
2509 2440 2769 2495 abhorret
2806 2455 2836 2495 a
2869 2440 3204 2511 professione
3239 2442 3435 2495 divinae

1861 2533 2184 2602 praesentiae,
2213 2542 2276 2586 ut
2305 2540 2580 2587 amentem
2616 2532 2838 2597 reddat,
2884 2533 2974 2604 qui
3010 2547 3040 2587 a
3073 2534 3436 2590 numineeor-

1859 2622 2074 2689 ripitur,
2108 2635 2343 2690 cumque
2383 2622 2577 2690 plenus
2605 2621 2910 2676 divinorum
2943 2625 3282 2678 decretorum
3314 2637 3439 2678 esse

1856 2719 2108 2787 cceperit,
2139 2727 2251 2772 tum
2287 2733 2318 2771 a
2361 2732 2459 2772 sua
2508 2716 2682 2786 ipsius
2734 2725 2917 2770 mente
2965 2715 3208 2781 excidat,
3245 2724 3300 2768 et
3345 2716 3436 2782 qui

1857 2808 1978 2862 aliis
2010 2824 2077 2862 ex
2126 2822 2246 2863 sese
2280 2809 2520 2878 praebeat
2565 2806 2894 2870 utilitatem,
2941 2805 3056 2875 ipse
3095 2821 3161 2859 ex
3205 2805 3438 2874 propriis

1856 2899 2204 2958 sermonibus
2229 2899 2365 2954 nihil
2391 2900 2569 2969 capiat
2588 2899 2960 2955 emolumenti.
2991 2899 3047 2953 In
3076 2914 3310 2964 summa,
3334 2913 3438 2966 qua

1860 2992 2074 3046 ratione
2121 3001 2546 3046 consentaneum
2589 3000 2711 3056 est,
2763 2997 2822 3043 ut
2861 2990 2982 3057 quis
3025 3004 3118 3058 per
3163 2990 3441 3059 sapientiai

181 3076 281 3129 νότι
313 3079 699 3150 παραπλήσιον
725 3079 993 3148 γίνεσθαι,
1028 3081 1122 3134 καὶ
1144 3081 1209 3134 ἐκ
1239 3079 1335 3134 τοῦ
1367 3080 1470 3150 τῆς
1498 3079 1752 3148 γνώσεως

1865 3080 2156 3151 Spiritum,
2195 3081 2505 3136 simillimus
2546 3082 2740 3136 insano
2773 3083 2992 3145 evadat,
3029 3096 3092 3136 ac
3127 3096 3198 3136 ex
3241 3081 3439 3136 intelli-

184 3166 483 3239 Πνεύματος
513 3170 575 3224 τὸ
629 3171 1176 3243 παρακολουθητικδν
1232 3171 1564 3226 ἀποϐάλλειν
1607 3171 1756 3243 (5l);

193 3258 319 3311 Ἀλλ’
343 3259 468 3314 οὔτε
501 3261 564 3316 τὸ
611 3261 728 3331 φῶς
759 3262 1068 3332 τυφλότητα
1113 3264 1354 3333 ἐμποιεῖ,
1388 3262 1528 3318 ἀλλὰ
1567 3262 1667 3334 τὴν
1693 3265 1758 3317 ἐκ

184 3351 384 3419 φύσεως
421 3355 838 3425 ἐνυπάρχουσαν
878 3354 1144 3426 ὁρατικὴν
1193 3354 1421 3425 δύναμιν
1463 3353 1721 3425 διεγείρει
1746 3370 1758 3384 ·

183 3444 296 3498 οὔτε
337 3446 396 3499 τὸ
424 3445 657 3517 Πνεῦμα
689 3447 957 3500 σκότωσιν
982 3448 1201 3518 ἐμποιεῖ
1231 3450 1350 3510 ταῖς
1377 3446 1596 3516 ψυχαῖς,
1629 3445 1765 3499 ἀλλὰ

186 3537 312 3607 πρὸς
355 3539 456 3610 τὴν
502 3539 616 3592 τῶν
677 3539 884 3610 νοητῶν
944 3539 1178 3612 θεωρίαν
1239 3540 1332 3593 τὸν
1377 3539 1485 3593 ἀπὸ
1521 3539 1629 3593 τῶν
1665 3539 1765 3610 τῆς

187 3631 443 3702 ἁμαρτίας
468 3631 710 3703 κηλίδων
741 3631 1116 3705 καθαρεύοντα
1147 3631 1272 3686 νοῦν
1305 3631 1630 3702 διανίστησι.
1664 3632 1768 3684 IIo-

189 3724 346 3795 νηρὰν
389 3725 491 3795 μὲν
528 3721 626 3778 οὖν
663 3725 894 3795 δύναμιν
931 3724 1262 3796 συγχυτικὴν
1311 3719 1450 3778 εἶναι
1506 3723 1763 3786 διανοίας,

190 3817 636 3872 ἐπιϐουλεύουσαν
679 3821 744 3889 τῇ
768 3819 1086 3890 ἀνθρωπίνῃ
1115 3816 1296 3886 φύσει,
1333 3817 1434 3870 οὐκ
1467 3816 1728 3870 ἀπίθανον
1748 3829 1762 3843 ⁸

191 3904 323 3960 θείου
347 3909 405 3962 δέ
446 3909 774 3980 Πνεύματος
825 3910 1128 3981 παρουσίαν
1172 3909 1340 3962 ταυτὸ
1390 3908 1550 3962 τοῦτο
1587 3907 1767 3976 λέγειν

191 3997 438 4069 ἐνεργεῖν,
495 3999 718 4062 ἀσεϐές.
755 4001 1010 4065 Ἔπειτα,
1046 4001 1096 4052 εἰ
1149 4001 1303 4070 σοφοὶ
1337 4001 1387 4053 οἱ
1424 4001 1592 4068 ἆγιοι,
1649 3999 1768 4063 πῶς

191 4087 282 4142 οὐκ
310 4090 710 4158 ἐπηκολούθουν
736 4093 848 4152 τοῖς
871 4089 1367 4160 προφητευομένοις
1389 4105 1403 4153 ;
1425 4087 1622 4157 Σοφὸς
1637 4086 1765 4158 γὰρ,

194 4181 333 4251 φησὶ,
356 4183 570 4252 νοήσει
597 4183 671 4236 τὰ
719 4182 838 4236 ἀπὸ
859 4182 964 4236 τοῦ
992 4181 1146 4234 ἰδίου
1185 4181 1482 4249 στόματος
1506 4196 1520 4211 ⁶
1563 4179 1660 4232 ἐπὶ
1701 4177 1769 4231 δὲ

195 4273 409 4338 χείλεσι
425 4273 607 4342 φορεῖ
620 4273 1140 4342 ἐπιγνωμοσύφην.
1165 4273 1230 4324 Εἰ
1251 4271 1307 4324 δὲ
1327 4272 1408 4325 ὅτι
1432 4270 1622 4342 ἐξέστη
1656 4270 1766 4340 (52)

205 4363 374 4419 Ἰσαὰκ
399 4367 493 4420 ἐπὶ
518 4368 587 4437 τῇ
621 4365 817 4435 εἰσόδῳ,
838 4362 932 4416 τοῦ
960 4363 1077 4416 υἰοῦ
1102 4362 1289 4428 αὐτοῦ,
1319 4364 1412 4416 καὶ
1431 4362 1593 4416 Δαϐὶδ
1615 4359 1768 4415 εἶπεν

193 4458 246 4509 ἐν
272 4461 332 4528 τῇ
363 4460 623 4513 ἐκστάσει
665 4456 852 4519 αὑτοῦ,
876 4455 965 4509 διὰ
990 4454 1150 4508 τοῦτο
1181 4453 1278 4526 τὴν
1315 4452 1640 4524 παραφορὰν
1670 4471 1769 4506 κα-

192 4547 530 4618 ταψεύδονται
559 4547 668 4604 τῶν
699 4549 892 4618 ἁγίων,
927 4547 1346 4617 γινωσκέτωσαν
1377 4546 1477 4617 τὴν
1507 4543 1768 4616 ἔκπληξιν

1862 3172 2058 3242 gentia;
2080 3172 2286 3241 Spiritu
2308 3173 2416 3227 vim
2443 3173 2662 3227 amittat
2687 3172 3061 3243 intelligendi?
3091 3171 3229 3236 Quin
3258 3173 3439 3242 potius

1865 3278 2041 3334 neque
2081 3263 2266 3320 lumen
2301 3265 2604 3320 caacitatem
2642 3264 2826 3332 parit,
2865 3279 3054 3319 verum
3099 3263 3313 3318 videndi
3357 3263 3440 3316 la-

1863 3356 2122 3411 cultatem
2177 3373 2205 3410 a
2250 3367 2449 3412 natura
2500 3357 2721 3411 insitam
2775 3355 3142 3426 expergefacit
3191 3373 3206 3409 :

1867 3444 2107 3513 Spiritus
2143 3448 2394 3502 tenebras
2437 3447 2646 3501 inducit
2683 3447 2915 3510 animis,
2951 3444 3046 3499 sed
3079 3445 3146 3498 ad
3193 3453 3442 3498 contemt

1867 3538 2158 3606 plationem
2192 3555 2370 3594 rerum
2400 3539 2818 3610 intelligibilium
2839 3578 2854 3602 ,
2892 3546 3127 3591 mentem
3170 3551 3199 3589 a
3231 3537 3439 3605 peccati

1869 3631 2102 3686 maculis
2139 3646 2331 3702 puram
2363 3631 2584 3686 excitat.
2631 3629 2748 3684 Non
2781 3628 2997 3698 quidem
3033 3627 3295 3685 dissimile
3327 3629 3442 3683 veri
3491 3646 3500 3653 υ

1869 3731 1987 3785 εει,
2014 3725 2331 3794 improbam
2364 3732 2682 3793 potestatem
2703 3761 2720 3787 ,
2753 3731 2960 3776 naturae
3007 3723 3256 3776 humanae
3312 3720 3446 3776 insi-

1869 3819 2144 3882 diantem,
2192 3815 2524 3870 confundere
2571 3823 2808 3870 mentem
2848 3833 2862 3868 :
2913 3815 3006 3870 sed
3059 3814 3290 3883 idipsum
3346 3827 3444 3883 per

1871 3908 2105 3976 Spiritus
2157 3905 2324 3959 divini
2373 3906 2714 3974 praesentiam
2771 3904 2945 3972 elﬁci,
2997 3904 3179 3959 dicere
3218 3902 3442 3972 impium

1867 4010 1973 4055 est.
2023 3998 2106 4052 Ad
2145 3997 2260 4052 haec
2284 4038 2300 4062 ,
2339 3997 2385 4052 si
2437 3998 2710 4068 sapientes
2753 4008 2881 4052 sunt
2919 3996 3136 4061 sancti,
3171 3993 3444 4066 quomodo

1869 4104 2057 4144 eorum
2111 4102 2231 4158 quae
2272 4087 2534 4142 vaticinio
2577 4088 2846 4156 edebant,
2888 4088 3297 4156 intelligentiam
3337 4101 3443 4140 non

1871 4190 1996 4235 sunt
2024 4179 2299 4236 assecuti?
2325 4177 2543 4246 Sapiens
2566 4181 2735 4246 enim,
2778 4182 2992 4252 inquit,
3033 4179 3290 4249 intelliget
3326 4195 3444 4248 qua:

1875 4274 1942 4327 ab
1974 4289 2063 4328 ore
2093 4274 2308 4341 proprio
2336 4272 2786 4342 proﬁciscuntur:
2807 4275 2862 4328 in
2885 4273 3042 4327 labiis
3071 4283 3245 4326 autem
3271 4278 3448 4339 portat

1871 4365 2275 4434 intelligentiam
2299 4365 2367 4418 ⁵⁸.
2395 4365 2548 4432 Quod
2577 4365 2620 4419 si
2655 4365 2908 4434 quoniam
2937 4365 3086 4418 Isaac
3120 4365 3174 4417 in
3202 4364 3450 4431 ingressu

1877 4453 1971 4506 ﬁlii
2017 4451 2102 4506 sui
2148 4452 2435 4520 obstupuit
2469 4451 2538 4514 ⁵⁷,
2579 4461 2635 4505 ει
2684 4452 2939 4519 quoniam
2997 4449 3168 4504 David
3215 4447 3349 4503 dixit
3393 4446 3448 4499 in

1875 4559 2102 4600 excessu
2140 4559 2240 4600 suo
2265 4544 2356 4598 '3:
2403 4545 2473 4598 ob
2509 4542 2563 4596 id
2601 4542 2808 4611 ﬁngunt
2850 4550 3067 4595 sanctos
3105 4539 3302 4594 mentis
3340 4552 3452 4593 sua:

3262 3369 3437 3424 neque

193 4638 431 4696 ἔκστασιν
480 4641 736 4712 εἰρῆσθαι
763 4657 776 4669 ο
813 4639 888 4704 ὡς
928 4639 1012 4706 τὸ,
1065 4637 1288 4708 Ἐξὲστη
1328 4639 1356 4690 ὁ
1394 4636 1640 4706 οὐρανὸς,
1672 4637 1754 4689 καῖ

1871 4645 2147 4706 compotes
2179 4650 2288 4690 non
2318 4648 2475 4700 esse;
2507 4635 2766 4689 noverint
2795 4631 3206 4687 admirationem
3237 4644 3302 4685 ac
3332 4638 3450 4684 etu-

255 4868 393 4925 "lV
421 4873 558 4944 Reg.
596 4889 649 4941 v,
706 4871 796 4926 26.
897 4873 944 4904 “
973 4871 1136 4928 Prov.
1199 4885 1312 4936 xw,
1370 4868 1459 4924 25.

255 5031 361 5099 (46)
390 5033 623 5088 Codices
648 5041 777 5093 duo,
808 5049 924 5086 σου.
953 5031 1071 5086 Mox
1115 5040 1343 5100 uterque
1380 5029 1648 5096 Comhef.,
1688 5031 1762 5095 ὼς

193 5103 588 5174 τῷἸωσὴφμη.
625 5103 720 5156 καὶ
747 5101 824 5172 τῷ
850 5105 1069 5174 Δανιήλ.
1103 5102 1264 5168 Editi,
1291 5102 1367 5165 ὡς
1411 5103 1441 5154 ό
1473 5101 1760 5173 Ἰωσὴφ...

194 5175 277 5228 καὶ
290 5175 509 5246 ᾼαν-ιήλ.

256 5245 360 5314 (47)
394 5241 526 5313 licg.
555 5245 844 5314 secundus,
869 5243 1121 5305 ἐνταῦθα,
1149 5242 1281 5314 οὐδέ
1302 5243 1428 5306 νοῦς
1458 5241 1764 5314 ἀνθρώπων

191 5313 428 5386 ζώντων
485 5314 642 5377 Θεὸν,
691 5313 784 5367 καὶ
827 5315 931 5386 τὴν
972 5315 1179 5368 ἐκεῖθεν
1226 5313 1453 5386 δύναμιν
1481 5313 1762 5386 σπὼντων,

194 5382 362 5450 Neque
406 5401 553 5439 mens
587 5387 854 5438 hominum
887 5382 1223 5438 intuentium
1282 5382 1486 5446 Deam,
1544 5385 1764 5452 indeque

190 5454 418 5524 rirtutem
453 5456 830 5508 Imurientium.
876 5455 1024 5524 llegii
1061 5457 1266 5523 primus
1313 5463 1365 5524 et
1413 5454 1602 5506 tertius
1654 5471 1759 5505 ttutl

191 5521 338 5604 aliter
359 5537 519 5594 atque
537 5526 688 5589 editi,
720 5526 820 5578 nisi
855 5521 996 5593 quod
1033 5521 1129 5595 pro
1156 5522 1499 5586 ἐπισπῶντος
1529 5523 1762 5577 habeant

192 5605 442 5658 σταυντος.

256 5662 361 5734 (ιδ)
392 5666 484 5718 Sic
515 5663 646 5732 Reg.
677 5666 902 5734 primus.
964 5665 1074 5721 Duo
1133 5665 1221 5721 alii
1277 5679 1432 5732 mss.,
1481 5666 1528 5717 εἰ
1587 5663 1755 5734 παρὰ.

199 5729 351 5795 Ilditi,
372 5738 418 5788 εἰ
446 5736 503 5789 αἱ
529 5729 703 5798 παράζ
943 5773 947 5778 -

1561 4869 1609 4901 ⁸⁷
1661 4867 1794 4921 Cen.
1826 4880 2010 4931 xxvii,
2065 4865 2153 4918 55.
2227 4864 2274 4896 ⁵⁸
2301 4861 2442 4916 Psal.
2480 4877 2601 4926 cxv,
2629 4862 2682 4915 9..

1943 5029 2055 5100 (49)
2091 5028 2242 5099 Regii
2279 5030 2486 5098 primus
2523 5036 2577 5084 et
2621 5027 2921 5100 secundus,
2959 5022 3445 5095 κσταγγέλλουσαι.

1871 5099 2043 5157 Εαὶιί,
2074 5100 2560 5169 καταγγέλλοντος,
2590 5113 2693 5151 non
2726 5099 2795 5150 ita
2820 5107 2985 5152 recte.

1943 5169 2054 5244 (iiii)
2084 5171 2227 5244 [tegi
2253 5173 2542 5234 secundus,
2570 5169 3008 5244 (χαρισμάτων.--
3128 5237 3150 5244 γ’
3329 5235 3341 5244 _
3367 5233 3379 5244 .

1945 5235 2055 5312 (5i)
2102 5235 2327 5294 Codices
2375 5250 2519 5312 tres,
2555 5235 2927 5312 ἀποϐάλλειν.Δ
2965 5237 3097 5312 Non
3128 5237 3293 5312 longe
3329 5235 3455 5288 hinc

1875 5307 2005 5379 Reg.
2030 5312 2330 5382 secundus,
2357 5310 2664 5382 τυφλότητα
2702 5312 2874 5362 ποιεῖ’
2897 5307 3134 5364 Subinde
3179 5307 3318 5361 idem
3363 5318 3456 5358 co—

1869 5385 1995 5439 dcx,
2029 5380 2251 5450 Πνεῦμα
2283 5381 2346 5433 τὺ
2378 5381 2554 5448 ἅγιον.

1942 5451 2054 5521 (59.)
2083 5443 2232 5511 Illud,
2270 5443 2486 5520 ἐξέστη,
2521 5461 2697 5518 potest
2719 5463 3101 5521 nonnunquam
3136 5447 3206 5500 ita
3256 5443 3451 5521 accipi,

1870 5516 2251 5581 utuu'amdam
2290 5516 2488 5574 mentis
2521 5516 2900 5574 alienationem
2932 5516 3217 5588 signiﬁcet.
3256 5516 3453 5583 Vulgus

1870 5601 1942 5653 ta,
1971 5590 2198 5657 Expavit
2234 5589 2393 5642 Isaac
2419 5603 2628 5658 stupore
2660 5589 2961 5644 uehementi.
3011 5589 3302 5656 Aliquanto
3334 5595 3451 5654 post

1869 5661 1999 5730 Reg.
2046 5660 2260 5726 tertius,
2293 5659 2382 5714 διὰ
2414 5660 2570 5714 τοῦτο
2597 5661 2696 5731 τὴν
2728 5659 3236 5731 περιφοράν,”Ιιαιι’(1
3266 5671 3452 5712 cmen-

1866 5733 2007 5787 date.
