3838 6214
342 327 355 401 i

420 321 521 375 1⁸27

1367 319 1706 374 ΑΡΡΕΝυιΧ
1749 320 2035 377 OPERUM
2077 323 2135 377 S.
2179 321 2426 376 BASlLll
2468 319 2702 376 MAC‘NI.

3558 313 3665 370 128

419 447 608 500 porem
641 432 965 498 appellatum
1007 446 1127 487 esse
1180 441 1377 487 meutts
1441 449 1745 490 excessum.
1799 437 1982 504 Cujus-

2093 439 2125 508 ὴ
2153 437 2224 507 γῆ
2250 437 2458 509 ἔφριξε.
2494 436 2615 508 Χρὴ
2651 436 2707 490 δὲ
2751 435 2856 489 ἀπὸ
2880 434 2984 488 τῶν
3015 433 3204 487 κοινῶν
3237 432 3452 486 ἐννοιῶν
3471 433 3666 504 ὡρμη-

422 525 562 579 modi
590 534 672 578 est
693 519 820 577 illud
846 539 860 577 :
885 523 1173 593 Obstupuit
1199 525 1420 588 cmlum,
1441 536 1492 578 et
1513 526 1724 580 horruit
1748 539 1885 581 terra
1913 529 1980 582 ".

419 614 587 668 Porro
621 614 892 668 fatendum
935 624 1018 667 est
1061 629 1090 665 a
1123 614 1502 668 communibus
1543 615 1822 684 principiis
1855 631 1982 685 pro-

420 704 591 759 fectos
611 717 707 756 nos
723 717 785 755 ca
811 717 930 770 quae
955 702 1248 756 secundmn
1279 701 1513 756 litteram
1539 705 1813 757 contraria
1833 711 1981 766 sunt,

419 795 472 848 iu
515 795 623 848 Deo
649 808 751 845 non
791 791 1112 860 intelligere.
1160 790 1330 857 Quale
1359 799 1443 845 est
1481 791 1632 861 juxta
1665 807 1980 847 communes

2095 528 2310 599 μένους,
2346 530 2474 600 περὶ
2502 527 2638 581 Θεοῦ
2671 527 2739 580 τὰ
2775 525 3182 596 ἐναντιούμενα,
3211 527 3333 578 ὅσον
3363 526 3454 578 ἐπὶ
3473 529 3540 596 τῇ
3577 525 3668 578 λέ-

2089 621 2190 688 ξει,
2226 621 2524 691 ὁμολογεῖν,
2556 619 2628 690 μὴ
2651 622 2808 672 νοεῖν.
2841 613 2984 678 Οἷον,
3016 619 3155 672 κατὰ
3186 618 3282 682 τὰς
3320 617 3504 680 κοινὰς
3527 635 3666 688 προ-

2089 712 2279 784 λήψεις
2306 713 2422 765 ἐστὶ
2453 711 2562 783 (55)
2588 713 2686 782 τὴν
2719 709 2868 764 Θείαν
2903 711 3061 779 φύσιν
3087 710 3315 782 ἀγαθὴν,
3336 711 3429 763 καὶ
3459 710 3667 781 ἀόργη-

2088 821 2199 868 τον,
2227 803 2320 856 καὶ
2344 802 2557 856 δικαίαν
2587 800 2886 872 ὁμολογεῖν.

413 885 783 952 acceptiones,
811 883 1048 937 divinam
1091 892 1338 936 naturam
1361 922 1376 946 ,
1405 883 1600 937 bonam
1623 915 1638 946 ,
1672 882 1766 936 ira:
1789 893 2067 951 expertem
2101 910 2161 948 ac
2185 893 2380 958 ius”...
2413 909 2534 947 esse
2564 893 2829 947 co..r.leri_

486 973 540 1028 6.
582 974 762 1041 Quare
815 975 860 1029 si
921 973 1208 1043 Scriptura
1265 970 1429 1026 Deum
1487 974 1689 1037 irasci,
1747 989 1982 1028 maerore

415 1065 570 1128 aﬂici,
597 1076 688 1119 aut
723 1066 1006 1134 poenitere,
1040 1076 1130 1118 aut
1164 1077 1362 1133 praeter
1398 1064 1649 1118 meritum
1681 1065 1862 1132 aliquo
1901 1065 1978 1119 uti

412 1154 586 1219 dicat;
625 1156 752 1224 quid
795 1155 896 1209 sibi
927 1153 1108 1209 velint
1151 1155 1311 1207 verba
1359 1154 1710 1222 quaerendum
1753 1163 1871 1218 eSt;
1915 1169 1980 1208 ac

414 1247 646 1301 sollicite
680 1245 1024 1315 cogitandum
1060 1246 1332 1315 quomodo
1375 1259 1438 1297 ea
1479 1244 1768 1298 restituere
1809 1244 1984 1312 possi-

412 1351 554 1390 mus.
591 1335 704 1390 Non
741 1344 920 1389 autem
967 1335 1242 1404 oportebit
1275 1335 1560 1403 praeclaras
1586 1334 1672 1387 'de
1711 1332 1822 1387 Deo
1865 1333 1985 1402 opi-

415 1428 608 1482 niones
655 1427 989 1482 subvertere.
1046 1431 1222 1496 Atque
1277 1429 1344 1479 ad
1402 1441 1523 1479 eum
1573 1426 1791 1479 modum
1847 1426 1984 1480 citra

415 1517 671 1572 offensam
709 1517 762 1571 in
795 1517 1091 1586 Scripturis
1131 1517 1491 1582 versabimur,
1537 1517 1662 1569 dum
1695 1525 1749 1570 et
1789 1533 1854 1570 ex
1889 1517 1979 1580 iis,

415 1623 537 1678 qure
569 1607 726 1664 facile
758 1607 965 1676 percipi
999 1615 1251 1675 possunt,
1293 1605 1689 1675 adjuvabimur,
1724 1617 1778 1661 et
1811 1607 1878 1659 ab
1920 1607 1984 1662 iis

417 1715 538 1768 qua:
578 1709 703 1754 sunt
758 1697 1029 1753 intellectu
1080 1697 1405 1763 difficiliora,
1457 1714 1563 1751 non
1617 1697 1980 1753 otfendenmr.

417 1790 568 1855 Quod
613 1789 654 1843 si
700 1789 820 1857 quis
863 1789 989 1842 illud
1026 1790 1222 1844 divinae
1257 1790 1553 1856 Scriptura:
1596 1790 1730 1842 vitio
1776 1797 1984 1853 vertat,
2016 1809 2059 1862 Β

415 1879 556 1949 quod
588 1895 692 1932 non
723 1881 946 1944 doceat,
987 1893 1159 1947 neque
1192 1879 1457 1948 producat
1486 1894 1548 1932 ea
1583 1892 1702 1946 quae
1731 1881 1986 1946 prodesse

415 1968 642 2036 possint,
681 1968 726 2021 is
758 1968 1052 2036 perpendat
1097 1969 1403 2022 universam
1439 1983 1619 2020 rerum
1673 1969 1984 2023 mortalium

412 2058 841 2122 ordinationem,
891 2073 997 2112 non
1048 2059 1224 2113 solum
1257 2058 1311 2112 in
1360 2059 1525 2129 382
1573 2059 1983 2127 spiritualibus,

414 2158 600 2201 verum
633 2150 793 2202 etiam
823 2150 874 2202 in
905 2149 1255 2204 inferioribus
1277 2189 1293 2213 ,
1327 2160 1490 2218 atque
1517 2152 1584 2202 ad
1614 2151 1777 2202 vitam
1817 2151 1985 2219 perti-

413 2238 663 2291 nentibus
698 2239 962 2308 negotiis;
995 2240 1408 2308 consuleretque
1433 2255 1551 2294 eam
1583 2240 1714 2304 vim,
1742 2255 1861 2310 qua:
1891 2257 1986 2307 gu-

413 2329 608 2382 bernat
634 2329 906 2394 universa,
935 2331 1108 2385 brutis
1130 2331 1454 2384 animalibus
1488 2329 1702 2385 facilem
1728 2332 1796 2386 ad
1819 2333 1982 2385 vitatu

415 2420 664 2473 tuendam
720 2421 1060 2474 occasionem
1112 2421 1397 2486 tribuisse,
1454 2421 1769 2476 alimentum
1839 2422 1984 2476 ultro

410 2525 668 2580 praesens,
703 2511 1100 2582 operimentum
1136 2523 1331 2580 sponte
1362 2522 1639 2580 agitatum,
1678 2530 1708 2567 e
1739 2513 1862 2581 pilis
1890 2523 1982 2568 aut

412 2601 611 2670 plumis
648 2603 960 2657 indumenta
990 2625 1002 2659 :
1031 2604 1306 2658 hominem
1338 2616 1516 2661 autem
1543 2605 1740 2670 solum,
1777 2606 1980 2658 nudum

411 2695 750 2762 produceus;
787 2697 1050 2750 rationem
1095 2697 1333 2750 omnium
1383 2698 1595 2751 illorum
1639 2698 1756 2752 vice
1797 2695 1980 2758 dedit,

411 2799 509 2852 per
537 2799 696 2852 quam
729 2794 875 2840 artes
902 2795 1129 2854 repertae
1157 2796 1280 2841 sunt
1305 2825 1321 2852 ,
1354 2790 1552 2856 quibus
1591 2788 1680 2842 iila
1719 2788 1822 2841 sibi
1856 2801 1984 2857 sup-

413 2879 614 2945 peditet
633 2917 648 2941 ,
689 2888 817 2947 puta
839 2920 854 2944 ,
889 2879 1284 2943 architccmra,
1321 2881 1546 2933 tcxtdria
1568 2919 1584 2945 ,
1613 2878 1942 2948 agricultura
1964 2919 1980 2944 ,

412 2970 606 3023 aeraria
637 2969 880 3035 fabrica;
917 2972 1353 3039 quandoquidem
1396 2971 1537 3040 quod
1571 2973 1756 3026 deerat
1791 2985 1983 3040 corpo-

411 3060 585 3125 ribus,
612 3060 663 3114 id
685 3061 898 3115 animus
919 3076 1012 3131 per
1036 3063 1260 3116 rationis
1281 3063 1491 3134 copiam
1515 3062 1748 3133 supplet.
1782 3063 1981 3130 Quem-

2155 964 2208 1018 6.
2255 963 2379 1016 Ἐἀν
2408 960 2499 1016 οὖν
2518 963 2887 1034 ὀργιζόμενον,
2917 962 2950 1032 ἣ
2975 961 3328 1032 λυπούμενον,
3358 961 3391 1032 ἢ
3427 979 3671 1034 μεταμε-

2085 1053 2329 1124 λόμενον,
2366 1054 2398 1125 ἥ
2445 1055 2519 1126 μὴ
2561 1055 2680 1106 κατ’
2721 1053 2878 1117 ἀξίαν
2923 1054 3030 1106 τινὶ
3057 1053 3337 1123 χρώμενον
3382 1055 3414 1123 ὴ
3471 1053 3666 1124 Γραφὴ

2083 1147 2252 1215 λέγει,
2297 1146 2477 1218 ζητεῖν
2523 1146 2789 1217 προσήκει
2828 1146 2891 1198 τὸ
2917 1147 3016 1217 τῆς
3048 1145 3244 1210 λέξεως
3276 1147 3539 1216 βούλημα,
3569 1149 3668 1199 καὶ

2089 1236 2380 1306 μεριμνᾴν,
2433 1234 2554 1286 τίνα
2579 1233 2778 1304 τρόπον
2825 1233 3269 1303 ἀποκαταστῆσαι
3315 1233 3662 1304 (δυνηθῶμεν⁹

2085 1322 2205 1392 οὐχὶ
2227 1324 2282 1376 δὲ
2319 1323 2648 1396 ἀνατρέπειν
2681 1323 2780 1388 τὰς
2818 1324 3127 1392 ἀξιολόγους
3148 1341 3211 1376 πε
3223 1326 3273 1396 pi.
3299 1319 3432 1378 Θεόῦ
3461 1325 3670 1396 ὑπολή-

2084 1413 2226 1482 ψεις.
2258 1415 2367 1466 Καὶ
2399 1414 2572 1478 οὕτως
2596 1416 2959 1486 ἀπροσκόπως
2987 1414 3345 1485 ἐντευξόμεθα
3370 1418 3489 1478 ταῖς
3519 1417 3558 1468 Γ
3565 1434 3665 1488 ρα-

2088 1507 2237 1574 φαῖς,
2271 1505 2378 1558 ἀπὸ
2410 1506 2509 1576 μὲν
2535 1506 2642 1558 τῶν
2671 1506 2956 1577 εὑλήπτων
2981 1505 3368 1576 ὠφελούμενοι,
3394 1507 3458 1558 ἐκ
3477 1507 3534 1560 δὲ
3553 1509 3672 1560 τῶν

2085 1595 2471 1666 ἀσαφεστέρων
2524 1596 2586 1649 ού
2636 1597 3166 1668 παραδλαπτόμενοι.
3217 1597 3342 1650 Ἐὰν
3363 1597 3419 1650 δέ
3459 1615 3542 1661 τις
3568 1601 3664 1668 ἐγ-

2086 1685 2223 1757 καλῇ
2253 1690 2324 1758 τῇ
2351 1687 2476 1759 θείᾳ
2493 1687 2707 1758 Γραφῇ,
2737 1687 2811 1751 ὡς
2833 1687 2894 1739 οὑ
2920 1687 3268 1758 διδασκαλικῇ
3295 1688 3416 1741 οὐδὲ
3437 1691 3667 1761 ἐνεργηο

2085 1782 2208 1850 τικῇ
2259 1780 2368 1832 τῶν
2416 1781 2741 1848 ὡφελεῖσθαι
2807 1781 3137 1851 δυναμένων,
3203 1783 3668 1852 καταμανθανέτω

2087 1872 2268 1924 πᾶσαν
2291 1872 2392 1943 τὴν
2419 1871 2526 1926 τῶν
2558 1871 2918 1945 ἀνθρωπίνων
2945 1874 3322 1945 διακόσμησιν,
3347 1875 3445 1929 ούκ
3464 1877 3520 1929 ἐν
3550 1879 3668 1941 τοῖς

2086 1970 2475 2036 πνευματικοῖς
2517 1968 2696 2037 μόνον,
2733 1968 2870 2021 ἀλλά
2911 1969 3004 2022 καὶ
3028 1969 3084 2020 ἐν
3116 1973 3226 2032 τοῖς
3260 1969 3667 2042 ὑποδεεστέροις

2086 2063 2180 2114 καὶ
2213 2063 2325 2124 τοῖς
2351 2060 2490 2114 κατά
2521 2062 2610 2114 τὸν
2648 2061 2760 2132 βίον
2794 2062 3110 2132 πράγμασιν
3133 2077 3148 2091 ο
3173 2062 3252 2114 ὅτι
3275 2064 3385 2124 τοῖς
3417 2062 3514 2132 μὲν
3540 2062 3674 2115 ἀλό-

2084 2167 2202 2218 γοις
2235 2151 2450 2204 εὔκολον
2478 2152 2644 2205 ἔδωκε
2679 2151 2778 2222 τὴν
2815 2153 2950 2223 πρὸς
2978 2151 3038 2204 τὸ
3068 2150 3166 2222 ζῇν
3208 2151 3490 2224 ἀφορμήν·
3535 2171 3666 2223 τρο-

2085 2241 2191 2312 φὰς
2221 2243 2578 2313 αὐτομάτους,
2623 2243 2717 2296 καὶ
2771 2244 2977 2314 σκέπην
3032 2244 3315 2312 αὐτοφυᾶ·
3370 2245 3465 2297 καὶ
3496 2244 3566 2297 τὰ
3601 2247 3669 2299 ἐκ

2083 2333 2282 2404 τριχῶν
2315 2335 2409 2386 καὶ
2439 2334 2654 2405 πτερῶν
2693 2334 2967 2405 ἐνδύματα
3015 2336 3049 2406 ἡ
3081 2333 3151 2387 τά
3182 2334 3472 2406 σύμπαντα
3511 2337 3663 2389 οῐκο-

2085 2423 2325 2492 νομοῦσα
2375 2422 2602 2494 δύναμις
2647 2424 2966 2495 ἐχαρίσατο·
3015 2423 3106 2477 τὸν
3153 2424 3209 2476 δὲ
3240 2424 3522 2495 ἄνθρωπον
3556 2442 3663 2493 γυ-

2088 2513 2219 2584 μνὸν
2265 2515 2682 2586 παραγαγοῦσα,
2727 2517 2882 2585 λόγον
2926 2517 3126 2570 ἔδωκεν
3169 2517 3289 2570 ἀντὶ
3321 2518 3556 2584 πάντων,
3595 2518 3668 2571 δι’

2083 2597 2144 2658 οὗ
2177 2605 2236 2658 αἵ
2265 2622 2323 2658 τε
2356 2605 2469 2676 (54)
2515 2607 2830 2676 ποριστικαὶ
2865 2607 3198 2676 συνέστησαν
3232 2608 3435 2676 τέχναι,
3461 2608 3668 2662 οἰκοδο-

2089 2696 2243 2765 μικὴ,
2278 2696 2571 2769 ὑφαντικὴ,
2604 2698 2870 2768 γεωργία,
2911 2697 3276 2768 χαλκευτικὴ·
3318 2697 3378 2750 τὺ
3416 2701 3526 2762 τοῖς
3558 2699 3670 2754 σώ-

2087 2803 2248 2856 μασιν
2280 2785 2457 2840 ἐνδέον
2485 2787 2905 2858 ἀναπληρούσης
2931 2787 3032 2857 τῆς
3061 2787 3240 2857 ψυχῆς
3285 2790 3350 2860 τῇ
3396 2791 3672 2861 παρουσίᾳ

2081 2877 2379 2948 τοῦλόγου.
2429 2877 2639 2952 Ὠσπερ
2681 2877 2774 2933 οὖν
2828 2883 2887 2934 ἐν
2932 2881 3162 2945 τούτοις,
3193 2881 3314 2952 οὐχὶ
3361 2880 3672 2950 βασκαίνων

2082 2973 2212 3042 ἡμῖν
2257 2972 2394 3042 πρὸς
2438 2972 2498 3024 τὸ
2541 2970 2638 3044 ζῇν
2665 2972 2950 3042 ἀφορμῶν,
2975 2973 3370 3045 παραπλησίως
3397 2977 3507 3037 τοῖς
3537 2975 3669 3028 ἁλό-

2082 3080 2200 3131 γοις
2226 3061 2761 3134 συναπογεννηθῆναι
2804 3064 2983 3118 πάντα
3013 3067 3042 3117 ὁ
3075 3065 3404 3137 δημιουργὸς
3423 3065 3579 3136 ἡμῶν
3605 3067 3669 3118 οὐ

410 3152 700 3206 admodum
736 3153 899 3223 igitur
929 3151 1111 3221 opifex
1147 3162 1333 3207 noster
1365 3154 1418 3206 in
1450 3154 1537 3208 bis
1569 3155 1980 3209 commoditates

2087 3154 2462 3226 συνεχώρησεν
2481 3195 2496 3221 ,
2534 3155 2670 3209 ἀλλὰ
2699 3156 2798 3228 τὴν
2840 3154 3048 3211 ἔνδειαν
3073 3157 3181 3210 τῶν
3208 3157 3535 3226 ἀναγκαίων,
3566 3174 3636 3226 γυ
3649 3188 3678 3198 ο-

409 3243 536 3297 vita:
565 3243 720 3298 nobis
755 3244 896 3297 haud
940 3244 1186 3298 invidens
1209 3280 1224 3306 ,
1252 3243 1434 3297 omnia
1460 3260 1564 3298 una
1596 3245 1877 3300 uobiscum
1908 3246 1982 3298 si-

408 3335 612 3390 militer
642 3335 817 3390 brutis
850 3336 1070 3406 produci
1105 3352 1170 3392 ac
1217 3337 1487 3405 procreari
1532 3352 1638 3390 non
1686 3337 1976 3407 permisit;

408 3426 504 3481 scd
532 3425 679 3481 velut
715 3426 918 3497 ingenii
965 3428 1282 3481 exercitium
1330 3440 1510 3481 rerum
1547 3425 1981 3481 necessariarum

411 3517 645 3587 inopiam
673 3519 829 3573 nobis
857 3498 1185 3588 excogitavit
1215 3535 1229 3573 :
1269 3516 1453 3571 itidem
1493 3525 1550 3571 et
1580 3517 1635 3571 in
1679 3519 1979 3587 Scripturis

409 3610 533 3663 data
597 3622 759 3679 Opera
813 3609 980 3666 voluit
1025 3623 1146 3665 esse
1217 3607 1608 3664 obscuritatem
1663 3609 1731 3662 ad
1785 3609 1981 3664 mentis

412 3707 613 3752 nostrae
657 3700 986 3767 utilitatem,
1033 3701 1142 3754 vim
1189 3699 1359 3767 ipsius
1411 3714 1475 3754 ac
1521 3700 1776 3755 virtutem
1829 3700 1983 3755 exci-

417 3801 558 3846 tans.
589 3789 830 3845 Primum
859 3794 1100 3862 quidem,
1142 3800 1202 3846 ut
1232 3791 1318 3846 bis
1361 3798 1645 3860 occupata,
1683 3805 1712 3844 a
1744 3791 1983 3846 deterio-

409 3884 561 3937 ribus
627 3894 906 3938 avocetur.
971 3884 1176 3939 Deinde
1222 3882 1366 3953 quod
1417 3897 1537 3954 quae
1587 3880 1773 3936 labore
1829 3890 1981 3950 parta

408 3980 557 4036 sunt,
587 3986 673 4036 ea,
722 3973 906 4027 nescio
938 3988 1045 4042 quo
1071 3981 1254 4041 pacto,
1302 3972 1478 4042 magis
1522 3978 1794 4034 amantur,
1837 3985 1986 4038 qure-

410 4077 516 4131 que
569 4065 727 4133 longo
776 4073 1019 4133 tempore
1060 4065 1412 4134 contingunt,
1461 4064 1802 4118 constantius
1861 4077 1987 4131 per-

411 4165 648 4210 manent.
680 4155 849 4210 Porro
879 4172 998 4225 quae
1023 4155 1182 4210 facile
1206 4164 1486 4223 parantur,
1515 4156 1598 4211 his
1633 4173 1735 4210 non
1765 4157 1986 4226 perinde

409 4247 567 4301 avide
623 4247 874 4302 fruimur.
928 4247 1226 4318 Negligitur
1279 4249 1424 4301 enim
1473 4262 1654 4302 rerum
1702 4248 1984 4302 obviarum

409 4339 585 4408 copia,
618 4354 795 4409 neque
839 4339 944 4393 ulla
977 4340 1222 4394 custodia
1253 4339 1443 4408 dignas
1482 4339 1650 4405 ducit,
1677 4339 1769 4408 qui
1813 4340 1986 4409 possi-

409 4426 520 4484 det.
546 4428 888 4498 Quapropter
923 4439 979 4484 et
1024 4429 1358 4483 somniorum
1389 4428 1622 4484 obscura
1655 4438 1709 4483 et
1743 4427 1981 4482 involuta

409 4527 492 4573 est
520 4519 680 4585 ratio,
712 4521 785 4573 ita
804 4527 863 4573 ut
887 4534 990 4573 non
1011 4519 1333 4574 mediocrem
1361 4519 1628 4574 desideret
1647 4518 1812 4571 animi
1828 4532 1984 4584 saga-

408 4611 653 4675 citatem,
699 4611 1008 4680 habentque
1052 4609 1444 4664 insomniorum
1493 4609 1784 4678 amigmata
1813 4607 1976 4676 pluri-

409 4716 557 4756 mum
587 4700 860 4758 affinitatis
887 4717 1011 4757 cum
1047 4703 1114 4758 iis
1133 4718 1254 4772 qua:
1293 4703 1346 4757 in
1380 4701 1659 4772 Scriptura
1695 4700 1983 4770 allegorica

407 4803 464 4847 et
490 4808 689 4848 arcano
710 4809 872 4848 sensu
905 4794 1299 4864 significantur.
1327 4792 1479 4848 Unde
1503 4799 1556 4847 et
1583 4789 1781 4862 Joseph
1803 4803 1856 4846 et
1881 4792 1984 4846 Da-

409 4881 515 4936 niel
571 4898 668 4954 per
710 4883 1005 4953 prophetia:
1050 4884 1248 4937 donum
1312 4881 1520 4936 somnia
1575 4881 1980 4951 dignoscebant,

407 4974 843 5045 quandoquidem
882 4975 998 5044 ipsa
1056 4990 1152 5046 per
1185 4987 1245 5029 se
1285 4973 1630 5044 cogitationis
1659 4973 1739 5028 vis
1769 4988 1874 5028 non
1900 4989 1984 5027 sa»

409 5063 480 5119 tis
536 5063 679 5119 valet
719 5063 788 5119 ad
831 5064 948 5120 veri
993 5063 1320 5132 indaginem.
1366 5063 1610 5134 Denique
1637 5066 1848 5120 accedit
1875 5065 1981 5121 huc

407 5153 548 5220 quod
570 5153 695 5209 vitae
719 5168 934 5224 quoque
977 5155 1183 5224 puritas
1227 5156 1542 5224 requiritur,
1588 5165 1645 5210 ut
1682 5157 1747 5209 ad
1777 5171 1980 5210 navan-

407 5244 531 5299 dam
581 5247 766 5301 virtuti
810 5246 999 5302 morali
1051 5261 1293 5316 operam,
1326 5247 1381 5302 id
1414 5247 1557 5317 quod
1603 5249 1657 5302 in
1688 5247 1982 5317 Scripturis

407 5337 714 5394 obvolutum
733 5347 836 5405 est,
853 5338 1251 5410 dignoscamus.
1263 5338 1577 5410 Requiritur
1593 5349 1772 5395 autem
1787 5349 1982 5411 praeter

515 5524 561 5556 "
607 5523 812 5580 Jerem.
867 5540 927 5591 ιι,
955 5525 1039 5581 ιιι.

484 5659 705 5734 (53ilta
757 5661 908 5732 Regii
962 5665 1166 5734 primus
1205 5675 1261 5719 et
1301 5665 1510 5720 tertius.
1569 5664 1726 5722 Dccst
1771 5665 1887 5721 ἐστῖ
1933 5683 1984 5720 ιιι

411 5731 590 5789 editis.
621 5729 753 5798 Rea.
789 5729 1073 5797 secundus.
1111 5734 1253 5790 τοῦτ’
1283 5735 1397 5790 ἐστι
1432 5735 1528 5797 τὴν
1551 5736 1719 5791 θείαν.

2087 3246 2310 3316 μνάσιον
2342 3249 2472 3318 ἡμῖν
2514 3249 2613 3318 τῆς
2653 3245 2892 3310 διανοίας
2935 3247 3351 3319 ἐμηχανήσατο·
3397 3248 3538 3302 οὕτω
3573 3250 3671 3302 καὶ

2082 3340 2180 3413 τὴν
2222 3341 2280 3394 ἐν
2333 3343 2455 3404 ταῖς
2488 3341 2733 3412 Γραφαῖς
2757 3341 3022 3410 ἀσάφειαν
3041 3341 3130 3393 ἐπ’
3163 3339 3398 3411 ὠφελείᾳ
3427 3340 3521 3394 τοῦ
3551 3340 3672 3408 νοῦ,

2082 3431 2359 3503 διεγείρων
2397 3431 2560 3484 αὑτοῦ
2602 3431 2703 3503 τὴν
2753 3431 3053 3503 ἐνέργειαν,
3105 3433 3454 3505 ἐπετήδευσε.
3502 3432 3672 3504 Πρῶ-

2082 3541 2175 3578 τον
2203 3524 2322 3595 μὲν,
2357 3525 2447 3577 ἵνα
2478 3524 2688 3588 τούτοις
2738 3524 3193 3595 ἐνασχολούμενος
3246 3525 3353 3578 τῶν
3404 3525 3671 3597 χειρόνων

2083 3616 2386 3687 ἀφέλκηται
2411 3633 2427 3648 ο
2480 3615 2671 3671 ἔπειτα
2721 3617 2805 3670 ὅτι
2841 3617 2909 3669 τά
2960 3617 3107 3687 πόνῳ
3152 3616 3417 3688 κτηθέντα
3466 3617 3673 3688 μᾶλλόν

2086 3723 2203 3769 πως
2246 3708 2552 3774 ἀγαπᾶται,
2607 3707 2704 3761 καὶ
2730 3707 2800 3762 τά
2857 3707 2947 3761 διὰ
2998 3707 3212 3778 μακροῦ
3265 3707 3456 3779 χρόνου
3500 3726 3675 3778 προσ-

2086 3805 2352 3867 γενόμενα
2405 3799 2776 3869 μονιμώτερον
2835 3798 3168 3870 παραμένει·
3226 3791 3300 3852 ὧν
3349 3798 3405 3851 δὲ
3442 3800 3601 3870 ῥᾳδία
3636 3802 3671 3870 ἡ

2089 3885 2299 3954 κτῆσις,
2333 3887 2395 3940 οὐ
2449 3887 2910 3955 περισπούδαστος
2960 3891 2993 3959 ἠ
3059 3890 3370 3952 ἀπόλαυσις.
3424 3892 3673 3945 Εὑκατα-

2088 3987 2354 4048 φρονητος
2375 3977 2486 4046 γὰρ
2514 3979 2546 4050 ἡ
2581 3978 2690 4032 τῶν
2726 3979 3031 4050 προχείρων
3064 3980 3356 4051 παρουσία,
3391 3983 3485 4035 καὶ
3515 3983 3673 4036 οὐδε-

2089 4069 2219 4139 μιᾶς
2255 4068 2502 4140 φυλακῆς
2532 4067 2823 4142 ἀξιουμένη
2856 4074 2970 4134 τοῖς
3019 4072 3218 4143 ἔχουσι.
3257 4073 3356 4126 Διά
3385 4073 3547 4128 τοῦτο
3577 4078 3674 4130 καὶ

2087 4157 2121 4226 ἠ
2153 4157 2264 4210 τῶν
2312 4159 2537 4231 ὀνείρων
2584 4161 2746 4230 φύσις
2793 4163 3012 4232 ἀσαφὴς
3052 4165 3147 4217 καὶ
3193 4164 3420 4233 πλαγία,
3468 4168 3564 4219 καὶ
3607 4169 3672 4219 οὐ

2091 4252 2293 4321 μικρᾶς
2319 4250 2549 4322 δεομένη
2573 4252 2671 4322 τῆς
2690 4253 2755 4304 ἐκ
2774 4252 2868 4305 τοῦ
2895 4252 2986 4306 νοῦ
3015 4255 3324 4326 ἐντρεχείας
3341 4273 3354 4285 ·
3385 4256 3478 4308 καὶ
3501 4256 3673 4328 πολλὴ

2090 4341 2382 4410 συγγένεια
2416 4343 2555 4412 πρὸς
2598 4343 2667 4396 τὰ
2712 4344 2778 4396 ἐκ
2825 4343 2936 4396 τῶν
2977 4344 3200 4416 ὀνείρων
3231 4345 3528 4416 αἰνίγματα
3557 4351 3674 4412 τοῖς

2091 4432 2231 4487 κατά
2259 4431 2554 4505 ἐπίκρυψιν
2581 4432 2643 4484 ἐν
2667 4435 2733 4504 τῇ
2767 4433 2957 4504 Γραφῇ
2986 4433 3353 4505 δηλουμένοις.
3380 4436 3541 4489 Ὅθεν
3574 4440 3674 4491 καὶ

2101 4524 2297 4594 Ἰωσὴφ
2351 4522 2446 4577 καὶ
2501 4523 2698 4594 Δανιὴλ
2755 4523 2832 4594 τῷ
2884 4525 3208 4596 προφητικῷ
3249 4526 3547 4598 χαρίσματι
3599 4529 3675 4584 τὰ

2086 4615 2341 4687 ὀνείρατα
2385 4614 2753 4683 διεγίνωσκον,
2797 4615 2984 4687 ἐπειδὴ
3029 4618 3130 4670 οὐκ
3171 4617 3416 4688 αὐτάρκη
3449 4618 3518 4673 τά
3558 4619 3674 4673 τῶν

2087 4705 2306 4759 ἐννοιῶν
2331 4706 2466 4778 πρὸς
2493 4705 2595 4777 τὴν
2623 4705 2796 4778 Θήραν
2818 4706 2918 4776 τῆς
2947 4705 3223 4776 ἀληθείας.
3253 4709 3397 4780 Πρὸς
3417 4710 3480 4781 δὴ
3509 4710 3675 4764 τοῦτο

2087 4797 2244 4869 χρεία
2282 4798 2382 4868 τῆς
2414 4799 2472 4850 ἐν
2503 4802 2584 4868 τῴ
2632 4797 2745 4867 βίῳ.
2778 4797 3167 4870 καθαρότητος,
3205 4799 3346 4852 ὥστε
3388 4802 3483 4854 καὶ
3530 4802 3672 4872 πρὸς

2085 4890 2186 4961 τὴν
2217 4890 2316 4960 τῆς
2353 4890 2548 4962 ἠθικῆς
2599 4889 2804 4962 αρετῆς
2855 4890 3202 4961 ἐπιτήδευσιν
3232 4890 3293 4944 τό
3317 4894 3374 4944 ἐν
3398 4893 3512 4963 (55)
3545 4897 3670 4956 ταῖς

2086 4981 2331 5054 Γραφαῖς
2372 4983 2783 5053 κεκαλυμμένον
2808 4981 3224 5052 διαγνωσθῆναι.
3245 4982 3414 5055 Χρεία
3437 4983 3496 5036 δὲ
3529 4984 3669 5055 πρὸς

2085 5076 2152 5147 τῇ
2183 5074 2517 5145 καθαρότητι
2546 5074 2640 5128 τοῦ
2671 5077 2784 5145 βιου
2813 5076 2909 5128 καὶ
2938 5076 3034 5147 τῆς
3056 5076 3113 5128 ἐν
3127 5079 3248 5140 ταῖς
3279 5077 3318 5128 Γ
3323 5081 3520 5149 ραφαῖς
3553 5078 3670 5132 δια-

2087 5166 2301 5238 τριϐῆς,
2333 5166 2420 5218 ἴνα
2455 5166 2518 5219 τὸ
2549 5167 2925 5236 σεμνοπρεπὲς
2946 5167 3040 5220 καὶ
3075 5167 3334 5238 μυστικὸν
3370 5167 3480 5221 τῶν
3508 5168 3669 5222 θείων

2088 5255 2284 5326 λογίων
2313 5259 2378 5311 ἐκ
2405 5257 2504 5328 τῆς
2539 5259 2796 5329 συνεχοῦς
2827 5259 3056 5331 μελέτης
3085 5259 3365 5332 ἐντυπωθῇ
3397 5265 3463 5332 τῇ
3497 5259 3664 5333 ψυχῇ.

2093 5349 2216 5402 Ὀτι
2233 5349 2289 5402 δέ
2306 5349 2420 5419 βίου
2438 5350 2561 5404 ὅλου
2575 5350 2744 5404 δεῖται
2763 5353 2797 5422 ὴ
2812 5351 2920 5406 τῶν
2936 5351 3096 5405 Θείων
3111 5349 3286 5420 λόγων
3300 5351 3525 5425 μελέτη,
3545 5370 3668 5408 συνι-

2160 5661 2272 5730 (ει)
2300 5663 2368 5715 Αἵ
2400 5675 2482 5719 τε.
2511 5659 2688 5730 Forte.
2722 5658 2874 5718 αἵγε.
2909 5656 3063 5730 Ειιιτ.

2165 5727 2276 5798 (55)
2309 5730 2470 5800 Editi,
2499 5727 2610 5785 ἐπί.
2638 5729 2702 5784 At
2734 5744 2863 5784 mss.
2889 5737 3018 5797 tres,
3050 5729 3126 5782 ἐν.
