3838 6214
155 297 235 350 ΗΞ)
877 294 1232 351 COMMENT.
1276 294 1343 348 IN
1383 294 1622 348 {SAM}!
1664 294 2106 350 PROPIIETAM.
2145 293 2572 351 PROOEMIUM.

3263 287 3364 344 130

154 412 322 477 imam
347 406 452 479 (56)
474 407 501 459 ὁ
535 407 814 471 Μωῦσέως
845 407 988 478 βίος·
1029 408 1087 473 ὃς
1123 409 1216 462 ἐπὶ
1249 410 1348 481 μὲν
1383 413 1448 481 τῇ
1484 410 1674 482 πρώτῃ

1784 413 1907 465 vitae
1942 413 2229 481 puritatem
2262 411 2477 464 assidua
2511 409 2562 462 iu
2593 405 2891 476 Scripturis
2916 404 3268 471 exercitatio;
3305 416 3366 459 ut

148 496 710 568 τεσσαρακονταετηρίδι
749 498 1043 570 ἐπαιδεύθη
1091 500 1158 552 τὰ
1197 502 1528 568 Αἰγυπτίων,
1580 502 1671 554 ἐπὶ

146 588 189 639 δὲ
230 589 285 656 τῇ
323 585 538 656 δευτέρᾳ
587 589 1206 660 τεσσαρακονταετηρίδι
1259 590 1350 642 ἐπὶ
1401 590 1671 660 προφάσει

147 677 219 731 τοῦ
257 676 535 747 ποιμαίνειν
593 677 685 729 ἐπὶ
731 678 829 742 τὰς
874 679 1109 751 ἐρημίας
1159 681 1546 752 ἀναχωρήσας,
1601 685 1668 754 τῇ

147 768 310 837 θεωρίᾳ
335 767 434 821 τῶν
459 767 624 822 ὄντων
655 770 1014 840 ἀπεσχόλασε.
1050 771 1159 824 Καὶ
1186 771 1327 825 οὕτω
1357 774 1538 828 λοιπὸν
1570 773 1672 843 τῆς

144 859 217 911 τοῦ
251 858 370 910 Θεοῦ
421 859 740 928 ἐπιφανείας
787 860 1038 926 ἀξιωθεὶς
1081 862 1218 932 μετὰ
1265 862 1364 932 τὴν
1414 863 1674 935 δευτέραν

143 953 745 1022 τεσσαρακονταετηρίδα,
782 953 952 1018 ἄκων,
989 955 1093 1006 ὑπὸ
1121 955 1223 1026 τῆς
1264 955 1676 1026 φιλανθρωπίας

144 1040 214 1094 τοῦ
237 1041 375 1106 Θεοῦ,
407 1043 539 1115 πρὸς
564 1044 662 1116 τὴν
695 1047 806 1098 τῶν
828 1045 1129 1117 ἀνθρώπων
1161 1047 1480 1119 ἐπιμέλειαν
1526 1067 1665 1103 κατ-

140 1132 329 1203 ηνέχθη.
370 1134 476 1188 Καὶ
508 1134 626 1187 οὒδέ
660 1136 779 1188 τότε
809 1136 1071 1207 διηνεκῶς
1107 1136 1185 1208 τῷ
1218 1138 1502 1210 πρακτικῷ
1541 1158 1681 1212 παρ-

142 1223 269 1293 έμενε
300 1223 410 1295 βίῳ,
459 1225 595 1279 ἀλλὰ
640 1227 736 1281 καὶ
790 1228 925 1299 πρὸς
956 1227 1048 1282 τὸν
1104 1229 1396 1282 ἐποπτικὸν
1452 1231 1679 1302 ἐπανῄει

140 1315 374 1380 πολλάκις.
411 1316 573 1371 Ὅθεν
607 1319 699 1371 καὶ
742 1320 820 1382 είς
847 1319 945 1390 τὴν
973 1322 1354 1393 Αἰγυπτιακὴν
1382 1323 1678 1394 είδωλομα-

139 1405 330 1460 νίανόλα
351 1408 626 1480 ὑπηνέχθη
642 1409 753 1480 (57)
771 1409 841 1463 τὰ
861 1410 1062 1483 πλήθη,
1084 1412 1162 1482 τῷ
1182 1412 1301 1484 Θεῷ
1324 1415 1569 1478 συνόντος
1583 1413 1677 1468 τοῦ

138 1498 264 1566 ἁγίου
290 1500 467 1572 ἀνδρὸς
499 1503 560 1554 ἐν
587 1501 665 1572 τῷ
690 1501 828 1573 ὄρει.

1783 503 2035 572 majestas
2085 511 2245 572 atque
2274 515 2533 555 arcanum
2559 499 2864 552 divinorum
2889 496 3224 567 cloquiorum
3243 513 3366 564 per-

1781 603 1940 666 petua
1974 594 2326 649 meditatione
2354 592 2536 647 animo
2567 592 2931 660 imprimatur.
2978 589 3266 652 Caeterum,
3298 589 3366 643 ad

1780 686 2086 740 divinorum
2111 683 2398 739 verborum
2423 681 2886 746 exercitationem,
2906 689 3070 734 totam
3091 680 3250 733 vitam
3274 679 3372 734 im-

1777 776 1936 845 pendi
1968 786 2219 845 oportere
2244 775 2439 847 Moysis
2473 775 2576 828 vita
2605 775 2939 828 demonstrat
2971 791 2984 827 :
3017 772 3106 842 qui
3151 772 3368 842 quidem

1776 867 1970 936 primis
1986 868 2338 938 quadraginta
2365 865 2808 938 aunisAEgyptiis
2826 865 3123 928 disciplinis
3150 865 3366 920 institu-

1778 967 1864 1012 tus
1884 969 1966 1013 est
1983 976 2000 1024 ;
2024 959 2209 1013 alteris
2228 968 2404 1012 autem
2433 957 2590 1012 annis
2609 957 2961 1026 quadraginta
2986 939 3365 1024 hocprzelextu

1780 1061 2036 1120 tanquam
2071 1059 2329 1121 pasturus
2362 1066 2514 1116 oves,
2546 1050 2599 1104 in
2630 1050 2947 1104 solitudines
2977 1049 3257 1113 secedens,
3284 1062 3366 1100 re-

1777 1159 1894 1197 rum
1915 1144 2353 1214 contemplationi
2378 1159 2600 1214 operam
2625 1142 2792 1196 dedit.
2813 1141 2990 1205 Atque
3021 1140 3092 1193 ita
3117 1141 3369 1210 deinceps

1776 1246 1897 1305 post
1928 1237 2026 1290 hos
2057 1237 2411 1304 quadraginta
2444 1248 2613 1290 annos
2638 1233 2731 1287 Dei
2763 1234 2970 1288 visione
3000 1233 3190 1303 dignus
3214 1232 3367 1286 habi-

1779 1335 1882 1393 tus,
1905 1327 2124 1394 invitus,
2145 1343 2241 1396 per
2264 1328 2357 1382 Dei
2382 1329 2435 1381 in
2459 1327 2705 1381 homines
2721 1325 2977 1390 studium,
2997 1325 3062 1378 ad
3089 1325 3366 1378 hominum

1775 1434 1958 1474 curam
1984 1418 2280 1474 descendit.
2309 1419 2628 1488 Quanquam
2660 1433 2726 1471 ne
2758 1426 2868 1471 tum
2902 1417 3117 1485 quidem
3153 1413 3368 1469 assidue

1777 1507 1831 1563 in
1891 1509 2142 1578 negotiali
2192 1509 2302 1562 vita
2346 1509 2750 1578 perseveravit,
2785 1522 2968 1562 verum
3025 1505 3252 1559 subinde
3301 1503 3368 1556 ad

139 1592 568 1662 t-oateinplativam
641 1595 1029 1649 revertebatur.
1075 1596 1225 1652 Unde
1255 1607 1311 1652 et
1343 1597 1408 1652 ad
1443 1597 1824 1670 Egyptiacum
1854 1599 2118 1656 idolorum
2158 1600 2363 1656 cultum
2400 1601 2648 1655 universa
2686 1599 2902 1654 inducta
2933 1607 3016 1653 est
3057 1595 3368 1657 multitudo,

143 1686 239 1739 viro
265 1685 346 1742 illo
367 1697 558 1742 sancto
578 1687 629 1742 in
655 1699 838 1743 monte
867 1703 990 1744 cum
1020 1691 1128 1746 Deo
1151 1691 1508 1762 colioquente.

190 1781 235 1834 7.
257 1782 490 1848 Τοιοῦτος
510 1783 568 1838 δέ
592 1801 676 1847 τις
700 1783 794 1837 καὶ
815 1787 844 1836 ό
882 1785 1086 1850 Ἠλίας,
1118 1785 1209 1840 τὸν
1233 1786 1342 1840 τῶν
1371 1787 1676 1859 ἀνθρώπων

1853 1786 1905 1842 7.
1943 1785 2260 1851 Huiusmodi
2327 1783 2429 1838 fuit
2465 1790 2519 1838 ‘et
2549 1783 2715 1848 Elias,
2749 1780 3024 1836 hominum
3080 1779 3368 1836 tumultum

134 1872 262 1942 ὄχλον
291 1874 712 1947 ἀποδιδράσκων,
743 1879 836 1932 καὶ
872 1878 1003 1950 περὶ
1048 1879 1148 1942 τὰς
1179 1879 1415 1951 ἐρημίας
1445 1878 1676 1950 φιλοχω-

137 1963 240 2034 ρῶν.
274 1966 329 2018 Εἰ
358 1966 537 2020 τοίνυν
579 1971 692 2033 τοῖς
742 1970 920 2039 ἁγίοις
952 1969 1092 2040 μετὰ
1143 1970 1324 2041 πάσης
1359 1970 1681 2034 εὐσταθείας

134 2055 208 2108 τοῦ
246 2059 560 2130 ἡγεμονικοῦ
601 2062 848 2115 ἐπονεῖτο
895 2062 990 2133 τῆς
1035 2061 1292 2134 ἀληθείας
1428 2062 1678 2135 ζήτησις,

134 2150 227 2213 πῶς
244 2152 334 2204 οὐκ
355 2152 548 2222 ἄλογον
580 2153 706 2217 τοὺς
735 2153 982 2226 καρποὺς
1022 2153 1131 2207 τῶν
1165 2154 1374 2226 μυρίων
1412 2153 1678 2222 καμάτων

132 2242 235 2296 ἄνευ
260 2243 393 2310 τινος
435 2245 822 2316 πραγματείας
871 2246 1183 2318 ἐπιζητεῖνς
1219 2246 1389 2318 Τήρει
1433 2243 1543 2316 γὰρ
1585 2245 1680 2298 καί⁵

142 2333 314 2397 Ἠλίαν,
345 2335 458 2406 μεθ’
490 2337 626 2400 ὅσας
659 2337 1038 2409 ἀναχωρήσεις
1070 2338 1164 2390 καὶ
1193 2335 1424 2408 ἡσυχίας
1457 2336 1553 2389 καὶ
1580 2353 1679 2389 κα-

133 2425 302 2493 μάτους
325 2427 446 2480 ἰδεῖν
478 2428 616 2482 Θεὸν
643 2427 849 2500 ἠξιώθη
875 2428 1008 2498 (58).
1028 2427 1314 2492 ’Υπόθεσις
1328 2427 1424 2481 τοῦ
1450 2428 1676 2499 βιϐλίου,

129 2517 156 2584 ἡ
177 2520 381 2590 φανερὰ,
406 2520 500 2573 καὶ
524 2519 751 2574 αὐτόθεν
775 2520 976 2592 ληπτή.
1023 2519 1238 2592 Ἐπειδὴ
1284 2519 1426 2574 κατὰ
1455 2520 1679 2591 χρόνους

130 2605 317 2675 γέγονεν
345 2612 373 2662 ὁ
400 2611 709 2682 προφήτης,
751 2613 810 2664 ἐν
838 2607 920 2674 οἷς
954 2610 1278 2664 ἐπλεόνασεν
1322 2613 1355 2684 ἡ
1393 2611 1582 2677 κακία,
1608 2610 1679 2665 τὰ

133 2700 305 2773 μεγέθη
349 2701 454 2757 τῶν
502 2702 890 2774 ἀποκειμένων
939 2704 1120 2767 αὐτοῖς
1166 2702 1353 2758 κακῶν
1386 2703 1677 2775 διηγεῖται,

130 2789 206 2840 καὶ.
233 2790 322 2861 τήν
354 2791 536 2847 αἰτίαν
581 2792 682 2862 τῆς
721 2791 894 2865 ὀργῆς
924 2791 1020 2845 τοῦ
1056 2791 1190 2845 Θεοῦ
1221 2793 1540 2864 προτάσσει,
1591 2793 1678 2846 ἵνα

129 2882 192 2945 είς
221 2885 492 2953 μετάνοιαν
529 2886 728 2950 αὐτοὺς
763 2885 1027 2958 ἐναγάγῃ.
1060 2883 1284 2956 Πρῶτον
1315 2885 1413 2956 μὲν
1453 2885 1678 2960 ἄρχεται

127 2974 214 3027 τῶν
243 2977 374 3032 κατὰ
416 2979 518 3050 τῆς
576 2977 834 3042 Ἰουδαίας
875 2978 1082 3048 λόγωνο
1135 2976 1344 3049 ἐπειδὴ,
1391 2976 1534 3032 κατὰ
1587 2976 1678 3031 τὸν

129 3067 324 3139 Πέτρον,
353 3071 404 3123 '0
421 3070 632 3138 καιρὸς
680 3067 759 3141 ἦν
784 3069 890 3124 τοῦ
924 3068 1219 3139 ἄρξασθαι
1251 3068 1320 3122 τὸ
1349 3069 1527 3139 κρῖμα
1558 3069 1677 3124 ἀπὸ

1780 1878 2018 1948 fugiens,
2057 1888 2113 1930 et
2164 1877 2215 1929 in
2267 1876 2500 1930 desertis
2553 1875 2769 1948 versari
2805 1873 3066 1942 gaudens.
3103 1872 3282 1939 Quare
3319 1874 3366 1927 si

1781 1967 1954 2022 sancti
1995 1982 2119 2022 eum
2147 1967 2292 2020 omni
2328 1965 2496 2020 animi
2531 1946 2855 2028 constantia,
2885 1965 2950 2020 ad
2991 1964 3366 2035 vestigandam

1779 2060 2061 2114 veritatem
2095 2058 2480 2122 elaborarunt;
2515 2073 2582 2111 an
2613 2072 2717 2111 non
2755 2055 3046 2111 absurdum
3074 2067 3158 2110 est
3206 2056 3368 2114 innu-

1780 2148 2116 2205 merabilium
2145 2148 2386 2203 laborum
2416 2145 2621 2201 [ructus
2646 2146 2794 2200 nullo
2845 2129 3059 2216 negotio
3107 2143 3244 2208 velle
3276 2162 3372 2200 ac-

1779 2236 2041 2308 quirere?
2068 2236 2278 2290 Etenim
2311 2236 2480 2288 Eliam
2509 2234 2671 2306 383
2704 2236 2954 2302 observa,
2986 2243 3104 2302 post
3139 2246 3370 2305 quantos

1777 2342 2045 2394 secessus,
2063 2336 2262 2398 quanta
2291 2327 2422 2391 otia,
2447 2335 2676 2398 quantos
2692 2327 3258 2396 sudores,‘promeruit
3293 2328 3372 2382 \i-

1780 2423 1910 2477 dere
1952 2422 2144 2476 Deum.
2191 2419 2582 2490 Argumentum
2622 2417 2782 2486 hujus
2829 2417 2952 2473 libri
2993 2427 3163 2488 patet,
3202 2428 3367 2488 atque

1779 2529 1846 2569 ex
1876 2529 1934 2569 se
1957 2514 2075 2583 ipso
2101 2513 2421 2582 percipitur.
2442 2511 2706 2579 Quoniam
2733 2512 2992 2582 propheta
3020 2512 3086 2567 iis
3117 2514 3372 2586 tenipor’-

1783 2605 1883 2661 bus
1904 2603 2142 2670 vivebat,
2167 2603 2364 2673 quibus
2391 2601 2788 2674 exsuperabant
2825 2603 2954 2658 vitia
2985 2619 3000 2655 :
3040 2603 3370 2674 magnitudi-

1783 2711 1906 2751 nem
1944 2695 2212 2750 malorum
2245 2709 2366 2764 qua:
2413 2693 2536 2748 illos
2589 2703 2893 2757 manerent,
2921 2695 3164 2764 exponit,
3190 2710 3256 2750 ac
3285 2696 3371 2750 die

1783 2787 1919 2841 vina:
1971 2787 2067 2842 ire
2121 2800 2341 2841 causam
2398 2785 2694 2855 proponit,
2735 2793 2793 2838 ut
2844 2799 2938 2839 eos
2993 2794 3246 2854 provocet
3295 2787 3366 2840 ad

1782 2880 2173 2950 paenitentiam.
2219 2877 2516 2932 Exorditur
2559 2887 2737 2930 autem
2765 2878 2998 2945 primum
3034 2878 3215 2933 abhis
3252 2893 3371 2934 ser-

1783 2972 2053 3037 monibus,
2089 2970 2179 3040 qui
2222 2971 2288 3026 ad
2320 2969 2556 3025 Iudaeam
2607 2969 2974 3039 pertinebant.
3022 2969 3372 3040 Quandoquio

1783 3063 1928 3126 dem,
1953 3063 2104 3130 juxta
2136 3061 2378 3122 Petrum,
2407 3057 2630 3127 Tempus
2675 3070 2787 3113 erat
2837 3067 2895 3112 ut
2928 3060 3176 3128 inciperet
3213 3060 3370 3130 judi-

129 3159 214 3213 τοῦ
242 3161 401 3216 οῖκου
439 3161 550 3216 τοῦ
594 3161 742 3216 Θεοῦ
763 3177 777 3192 ⁸
825 3161 1069 3231 φυσικῶς
1101 3160 1212 3232 γὰρ
1243 3163 1357 3224 τοῖς
1408 3160 1675 3214 οἰκειοτά-

1784 3155 1918 3208 rium
1950 3171 1983 3206 ιι
2019 3153 2173 3206 domo
2227 3151 2318 3206 Dei
2348 3151 2416 3205 “.
2445 3149 2578 3205 Nam
2620 3159 2812 3205 natura
2865 3151 2931 3206 iis
2966 3152 3224 3214 maxime,
3271 3151 3365 3221 qui

127 3267 220 3314 τοις
250 3253 475 3324 μάλιστα
518 3253 942 3326 χαλεπαίνομεν,
973 3253 1102 3307 ὅταν
1143 3255 1226 3316 είς
1252 3254 1401 3325 ἡμᾶς
1441 3251 1681 3325 ἐξαμαρ-

128 3341 319 3397 τάνωσι.
365 3346 474 3398 Καὶ
519 3347 582 3398 ἐν
623 3343 702 3416 τῷ
757 3343 1034 3416 Ἰεζεκιὴλ,
1072 3347 1100 3397 ὁ
1152 3343 1357 3416 Κύριος
1406 3344 1679 3418 προστάσ-

129 3448 218 3486 οων
239 3435 340 3505 (59)
375 3435 704 3501 κολάζεσθαι
750 3438 876 3501 τοὺς
923 3436 1332 3509 ἡμαρτηκότας,
1377 3437 1518 3490 Ἀπὸ
1560 3436 1679 3490 τῶν

128 3520 284 3590 ἁγίων
306 3544 422 3594 μου
448 3525 741 3595 ἄρξησθε,
769 3525 923 3596 φησί.
951 3526 1051 3583 Διὰ
1071 3525 1230 3584 τοῦτο
1257 3524 1365 3579 ἀπὸ
1397 3526 1497 3596 τῆς
1525 3525 1678 3580 ἐκλε-

130 3615 240 3685 κτῆς
276 3617 364 3671 τοῦ
397 3619 532 3672 Θεοῦ
571 3617 759 3690 χώρας
804 3617 1026 3690 ἤρξατο,
1071 3619 1166 3670 καὶ
1194 3617 1302 3671 ἀπὸ
1339 3618 1439 3688 τῆς
1471 3617 1678 3682 πόλεως

131 3701 237 3779 ὲνῇ
277 3710 333 3762 τὸ
374 3711 752 3781 ἁγιαστήριον,
802 3709 1162 3778 ἀπαγγέλλων
1212 3709 1282 3762 τὰ
1333 3709 1677 3780 ἐπικείμενα,

129 3796 344 3871 δεύτερον
368 3802 714 3866 Βαϐυλῶνος,
749 3798 869 3856 εἶτα
899 3803 996 3873 τῆς
1032 3800 1392 3864 Μωαϐίτιδος,
1427 3797 1546 3854 εἷτα
1578 3803 1682 3854 Δα-

134 3891 334 3957 μασκοῦ,
368 3895 623 3966 πέμπτον
656 3893 953 3962 Αἰγύπτου,
1001 3889 1120 3952 εἶτα
1157 3891 1258 3963 τῆς
1300 3893 1530 3962 ἐρήμου,
1564 3889 1680 3945 εἶτα

129 3981 212 4053 τῆς
247 3984 566 4058 Ἰδουμαίας,
604 3981 725 4039 εἶτα
768 3987 868 4058 τῆς
897 3984 1181 4056 φάραγγος
1215 3983 1376 4048 Σιὼν,
1416 3981 1534 4037 εἶτα
1576 3984 1680 4036 Τύ-

131 4090 227 4142 ρου,
255 4073 364 4132 εἶτα
392 4080 500 4134 τῶν
533 4078 902 4150 τετραπόδων.
954 4077 1184 4149 Ἐφεξῆς
1215 4076 1428 4140 τούτοις
1462 4076 1580 4130 ἐστὶ
1611 4077 1680 4134 τὰ

131 4167 237 4238 περὶ
258 4169 312 4222 τὸ
333 4169 924 4244 τεσσαρεσκαιδέκατον
953 4168 1073 4232 ἔτος
1097 4170 1197 4239 τῆς
1221 4168 1497 4239 βασιλείας
1529 4169 1680 4234 Ἐζε-

128 4257 229 4310 κίου
258 4262 596 4333 γεγενημένα
614 4279 628 4291 ’
667 4260 785 4332 μεθ’
807 4261 844 4315 ἃ
867 4259 1195 4332 προφητεϊαί
1227 4261 1364 4314 εἰσιν
1386 4259 1514 4313 ἄνευ
1536 4258 1682 4324 τινὸς

130 4355 570 4426 προγραφῆςωο),
602 4353 750 4429 πάθη
783 4353 884 4425 τῆς
914 4352 1270 4425 Ἰερουσαλὴμ
1297 4354 1391 4408 καὶ
1415 4353 1515 4423 τῆς
1554 4351 1682 4405 Ἰουο

127 4441 258 4509 δαίας
301 4448 793 4519 προαγγέλλουσαι,
828 4445 1020 4500 καὶτὰ
1054 4447 1183 4519 περὶ
1224 4447 1334 4499 τῶν
1382 4447 1440 4500 ἐν
1470 4448 1536 4518 τῇ
1575 4447 1683 4500 δια·

131 4542 303 4612 σπορᾷ,
333 4544 426 4596 καὶ
457 4544 593 4615 περὶ
618 4542 720 4612 τῆς
761 4541 969 4596 τούτων
1003 4540 1282 4607 ἐπανόδου,
1313 4540 1452 4611 μετὰ
1489 4541 1550 4594 τὸ
1586 4542 1682 4595 ἐκ-

130 4629 450 4704 πληρωθῆναι
473 4637 577 4706 τὴν
598 4634 775 4707 δίκην,
806 4635 904 4688 καὶ
932 4633 1000 4687 τὰ
1024 4633 1152 4704 περὶ
1173 4631 1410 4703 Χριστοῦ
1438 4631 1587 4703 πάσῃ
1611 4635 1678 4704 τῇ

129 4727 400 4798 προφητείᾳ
427 4726 845 4798 ἐνεσπαρμέναο
879 4725 1111 4780 ἐκάστου
1145 4724 1252 4778 τῶν
1283 4723 1403 4778 καθ’
1437 4723 1679 4796 ἱστορίαν

127 4812 402 4886 λεγομένων
424 4858 442 4885 ,
492 4819 593 4874 καὶ
645 4819 739 4873 τοῦ
802 4817 1064 4890 μυστικοῦ
1118 4816 1677 4888 συγκαταπεπλεγμέ-

128 4922 215 4960 νων
243 4909 370 4982 (6|).

186 5061 226 5092 ⁸⁸
253 5061 272 5115 l
299 5063 445 5120 Petr.
468 5081 548 5132 tv,
578 5067 667 5121 Π.
743 5067 785 5098 ⁸³
815 5067 1013 5123 Ezech.
1045 5082 1124 5130 τι,
1160 5065 1216 5122 6.

125 5220 446 5367 ἑπξῗὲνῐὶτῗ.
485 5226 778 5292 secundus,
821 5227 1115 5282 δείκνυσιν.
1144 5224 1344 5280 Ibidem
1385 5233 1494 5278 tres
1515 5235 1670 5285 mss.,

185 5353 421 5437 (57)]ὶή
481 5366 775 5437 secundus,
809 5366 1051 5437 ὑπήχθη.
1076 5366 1367 5434 Aliquanto
1397 5371 1519 5437 post
1540 5359 1677 5432 Reg.

127 5433 606 5556 2232;339:de
629 5440 755 5500 τοὺς
788 5433 998 5506 ἁγίους.
1018 5433 1168 5492 eam
1184 5433 1241 5490 et
1270 5439 1376 5490 duo
1400 5433 1492 5488 alii
1521 5447 1679 5498 mss.,

295 5551 303 5556 .
320 5521 434 5556 ιοις.

124 5512 758 5658 Ϊιξδεῗίῖξὲηεεουηοηξ,
792 5574 1130 5658 κατηξιώθη.
1173 5573 1374 5658 Ibidem
1401 5573 1546 5658 idem
1574 5573 1679 5658 (‘39:

191 5593 288 5658 too)
317 5593 444 5645 ueg.
466 5593 758 5656 secundus,
792 5593 1130 5699 κατηξιωυη.
1173 5593 1374 5628 Intuem
1404 5593 1546 5629 luem
1574 5593 1677 5654 b0:

127 5636 234 5718 (ζει,
283 5642 325 5696 H
361 5645 616 5712 ὑπόθεσις
648 5663 744 5700 του
791 5647 910 5718 βιϐλ
932 5663 993 5698 ου
1025 5643 1257 5715 φανερά,
1303 5645 1520 5718 rectius.
1542 5643 1677 5718 _Aht

129 5709 220 5765 duo
251 5727 375 5770 mss.
409 5731 535 5772 cum
579 5709 739 5777 editis
789 5709 846 5772 ut
892 5718 945 5772 iu
994 5709 1276 5772 contextu.
1319 5713 1515 5772 Statim
1541 5711 1676 5782 Reg.

1784 3246 2063 3301 nobiscum
2119 3244 2517 3300 necessitudine
2557 3250 2682 3298 sunt
2725 3241 3033 3311 conjuncti,
3083 3258 3370 3298 succense-

1785 3354 1924 3399 nms,
1968 3339 2184 3406 quando
2229 3336 2282 3391 in
2316 3350 2418 3390 nos
2462 3332 2829 3405 peccaverint.
2865 3333 2932 3387 Et
2983 3333 3036 3387 in
3083 3332 3370 3387 Ezechiele

1783 3431 2044 3486 Dominus
2081 3427 2278 3498 iubens
2321 3428 2514 3497 punire
2552 3427 2643 3496 qui
2682 3425 3044 3495 deliquerant,
3077 3427 3116 3478 Α
3147 3425 3364 3489 sanctis,

1785 3524 1978 3593 inquit,
2004 3522 2131 3576 meis
2159 3521 2371 3590 incipite
2397 3519 2462 3574 “.
2502 3518 2626 3574 Ideo
2655 3520 2724 3572 ab
2748 3517 2865 3572 loco
2896 3516 3007 3572 Deo
3027 3517 3232 3572 delecto
3257 3532 3370 3574 cm-

1785 3616 1884 3686 pit,
1915 3625 2075 3684 atque
2119 3614 2188 3669 ab
2221 3628 2284 3668 ea
2333 3612 2551 3666 civitate
2595 3610 2646 3664 in
2691 3625 2794 3680 qua
2829 3608 3194 3665 sanctuarium
3223 3621 3365 3672 erat,

1785 3708 2110 3762 denuntians
2137 3720 2256 3774 qua).
2277 3704 2409 3774 ipsis
2441 3703 2832 3771 impenderent,
2865 3701 3056 3756 deinde
3094 3702 3158 3755 de
3186 3699 3366 3771 Baby-

1783 3797 1935 3859 lone,
1984 3806 2170 3866 postea
2229 3796 2294 3848 de
2349 3792 2677 3855 Moabitide,
2717 3793 2909 3846 deinde
2957 3794 3023 3846 de
3078 3792 3366 3856 Damasco,

1782 3889 1973 3957 quinto
2015 3885 2132 3940 loco
2163 3885 2230 3940 de
2265 3883 2520 3954 Egypto,
2556 3883 2753 3937 deinde
2791 3883 2857 3936 de
2891 3881 3124 3947 deserto,
3168 3881 3365 3936 deinde

1783 3982 1848 4034 de
1895 3980 2145 4042 ldutnaea,
2175 3978 2368 4033 deinde
2405 3981 2470 4032 de
2513 3975 2654 4031 valle
2687 3975 2850 4042 Sion,
2879 3975 3075 4030 deinde
3103 3976 3168 4030 de
3197 3974 3364 4047 Tyro,

1783 4072 1977 4126 deinde
2024 4071 2091 4124 de
2125 4069 2582 4138 quadrupedibus.
2621 4067 2733 4122 Sub
2785 4069 2898 4122 lucc
2947 4076 3252 4135 sequuntur
3295 4082 3361 4120 ea

1783 4177 1901 4232 quae
1923 4161 2236 4216 acciderunt
2265 4175 2408 4214 anno
2430 4160 2640 4214 decimo
2667 4166 2864 4227 quarto
2891 4158 3040 4227 regni
3071 4156 3315 4213 Ezechiae
3341 4174 3359 4222 ;

1783 4265 1903 4323 post
1929 4270 2048 4324 quae
2081 4252 2376 4322 prophetiae
2403 4260 2526 4306 sunt
2558 4251 2762 4319 absque
2787 4249 2894 4304 ullo
2921 4250 3076 4304 titulo
3105 4263 3363 4319 praenun-

1785 4347 1979 4401 tiautes
2009 4345 2148 4399 mala
2201 4341 2560 4405 Hierusalem,
2602 4350 2657 4395 et
2691 4339 2886 4396 ludam:
2914 4355 2930 4393 :
2962 4339 3088 4394 item
3144 4353 3230 4392 res
3272 4353 3368 4393 eo-

1789 4457 1907 4494 rum
1948 4440 2038 4508 qui
2069 4445 2248 4493 essent
2279 4437 2332 4489 iu
2374 4435 2733 4505 dispersione,
2760 4442 2814 4486 et
2837 4432 2905 4488 de
2935 4447 3121 4487 eorum
3168 4429 3366 4498 reditu,

1787 4543 2138 4604 posteaquam
2175 4528 2386 4596 expleta
2420 4536 2564 4582 esset
2589 4525 2818 4579 vindicta
2853 4541 2871 4574 :
2900 4525 3027 4578 item
3073 4538 3192 4592 quae
3241 4537 3368 4592 spe-

1783 4635 1935 4680 ctant
1968 4624 2034 4678 ad
2065 4621 2363 4684 Christum,
2395 4617 2448 4672 in
2473 4617 2618 4670 omni
2656 4617 2940 4686 prephetia
2973 4617 3236 4686 inspersa.
3268 4615 3364 4669 Ni-

1783 4717 1978 4772 mirum
2005 4711 2424 4782 unumquodque
2452 4709 2595 4778 quod
2626 4708 2783 4779 juxta
2821 4709 3106 4764 historiam
3141 4709 3357 4775 dicitur,

1781 4816 1838 4864 et
1867 4809 1917 4863 id
1955 4806 2099 4877 quod
2131 4804 2420 4875 mysticum
2449 4813 2668 4856 sensum
2699 4800 2882 4864 habet,
2909 4800 3050 4856 inter
3074 4814 3132 4855 se
3159 4813 3361 4854 conne-

1779 4911 2017 4956 ('llllillll'.

1781 5220 2073 5287 secundus,
2102 5219 2161 5274 ἐν
2186 5213 2266 5284 οἷς
2291 5215 2628 5281 ἐπλεόναξεν.

1853 5290 1965 5363 (59‘)
1997 5285 2072 5363 l_ta
2114 5305 2244 5344 mss.
2274 5300 2401 5363 tres.
2430 5290 2591 5351 Editi,
2614 5285 2959 5363 προτάσσςον.

1850 5347 1963 5434 (6Οῇ
2008 5361 2142 5434 Reg.
2169 5361 2480 5434 secundus,
2541 5347 2780 5428 γραὲρῆς.
2833 5355 2945 5410 Hoc
2981 5352 3096 5424 ipso
3134 5351 3186 5405 in
3239 5347 3358 5406 loco

1776 5433 1916 5490 idem
1942 5431 2137 5500 codex.
2169 5431 2472 5500 Ἰδουμαίας
2501 5444 2739 5500 προαγγ.

1848 5501 1961 5572 (6|)
1991 5499 2063 5554 lla
2095 5499 2245 5566 Regii
2274 5492 2556 5572 primuset
2592 5492 2804 5572 tertius.
2832 5492 3118 5572 Edili,_xa‘t
3138 5493 3224 5572 τῷΔ
3259 5511 3360 5572 μυς

1778 5561 1953 5644 στίκῷ
1973 5561 2630 5644 συγκαταπέπλεγμένων.
2665 5568 2796 5639 Reg.
2823 5564 3112 5632 secundus,
3143 5561 3236 5621 καὶ
3260 5561 3359 5618 τοῦ

1779 5637 2718 5718 μυστικοῦσυγκαταπεπλεγμένου.
