3838 6214
442 310 541 364 155

1397 298 1736 355 APPENDIX
1779 285 2062 349 OPERUM
2105 283 2165 336 S.
2207 276 2452 334 BASILII
2493 274 2734 331 MAGNI.

3593 268 3703 323 156

505 423 594 476 10.
636 421 702 476 In
743 421 924 474 diebus
964 417 1112 473 Gaia:
1137 428 1181 472 et
1211 415 1458 471 Joatham
1489 424 1536 468 et
1571 413 1749 467 Acha:
1789 417 1834 463 et
1870 406 2001 460 Eze-
2036 455 2039 463 ι

2182 394 2269 448 10.
2317 394 2414 446 Ἐν
2449 389 2696 461 ἡμέραις
2749 385 2937 446 Ὀζῖου
2969 383 3064 438 καί
3114 382 3358 452 Ἰωάθαμ
3381 381 3477 436 καὶ
3524 378 3707 450 Ἀχὰζ

439 517 589 569 εΙιὶιε.
617 513 853 581 Tempus
877 513 1170 566 observare
1197 524 1420 562 necesse
1451 508 1570 570 fuit,
1594 514 1650 558 ut
1677 511 2008 571 compertum

439 612 618 668 esset,
649 612 773 656 ante
802 609 1064 670 quantum
1097 597 1362 667 temporis
1396 596 1648 665 praedicta
1689 600 1808 662 post
1835 605 2008 659 quan.

442 707 554 750 tum
603 699 860 763 temporis
897 691 1217 755 evenerint,
1254 697 1308 744 et
1357 687 1500 758 quod
1547 685 1638 740 Dei
1680 681 2013 753 providentia

441 787 614 857 magis
679 783 999 840 exuberavit
1059 792 1174 836 tum
1227 796 1351 835 cum
1405 778 1724 833 exuberavit
1774 774 2010 828 morbus.

442 878 665 932 Plurimi
717 877 862 930 enim
908 875 1097 929 eodem
1152 873 1265 925 fere
1306 881 1549 938 tempore
1600 868 1742 922 inter
1791 881 1848 919 se
1883 880 2017 918 con-

441 977 731 1022 currerunt
761 984 775 1018 :
806 966 946 1021 Osee
992 967 1044 1018 in
1084 965 1275 1018 diebus
1310 961 1459 1016 Oziu:
1487 969 1542 1013 et
1571 960 1624 1012 in
1655 959 1844 1012 diebus
1866 955 2017 1010 Jerov

444 1067 601 1117 hoam
640 1084 652 1118 :
697 1061 950 1116 Micltmas
989 1059 1041 1112 in
1071 1058 1258 1112 diebus
1283 1055 1532 1111 Joatltam
1558 1063 1615 1108 et
1641 1053 1822 1106 Achaz
1860 1064 1874 1103 :
1919 1048 2020 1103 So-

446 1155 676 1225 phonias
711 1155 762 1206 in
799 1153 987 1206 diebus
1027 1148 1187 1204 Josiae
1223 1147 1316 1201 lilii
1349 1146 1539 1201 Amos.
1584 1144 1653 1197 At
1685 1142 2019 1210 reliquorum

447 1242 961 1313 nonnulquuidem
1013 1239 1422 1310 prophetiarum
1498 1250 1716 1288 suarum
1779 1243 2021 1300 tempora

449 1337 672 1389 minime
719 1335 1071 1402 assignarunt
1105 1347 1118 1382 :
1166 1329 1254 1381 alii
1299 1343 1430 1381 vero
1459 1325 1824 1379 Barbarorum
1860 1323 2024 1375 adno-

450 1436 634 1482 tarunt
665 1441 852 1495 regna,
885 1433 942 1477 ιιι
971 1437 1094 1492 qua:
1123 1429 1308 1474 essent
1340 1419 1510 1488 magis
1541 1427 1691 1480 nota,
1725 1414 1866 1484 quod
1901 1424 2023 1466 tunc

450 1537 628 1576 rerum
659 1520 982 1590 potiremur.
1013 1517 1241 1586 Aggmus
1276 1524 1324 1568 et
1355 1512 1678 1571 Zacharias.
1720 1510 2026 1576 Abdiasque

449 1624 504 1668 et
525 1613 768 1676 Nahum,
801 1609 1121 1674 Ambacum,
1144 1606 1308 1660 Jonas
1331 1616 1386 1658 et
1409 1603 1700 1657 Malachias
1730 1601 1798 1654 de
1825 1610 2025 1668 tempo-

451 1707 602 1760 rihus
626 1703 954 1757 mentionem
992 1715 1096 1753 non
1119 1697 1297 1752 ferere
1333 1715 1346 1751 :
1378 1699 1486 1750 imo
1514 1695 1693 1764 plures
1724 1707 1790 1747 ne
1813 1704 2025 1762 patrum

2112 487 2211 541 καὶ
2250 483 2521 544 Ἐζεκίου.
2579 483 2645 534 ⁸11
2693 479 2802 532 τῶν
2843 477 3050 550 χρόνων
3106 478 3488 546 παρατήρησις
3529 475 3708 541 ἀναγ·

2113 575 2263 639 καία,
2296 574 2383 626 ἴνα
2413 575 2579 642 φανῇ,
2621 569 2690 623 τὰ
2725 570 2833 641 πρὸ
2880 568 3048 622 πόσου
3079 567 3272 638 χρόνου
3320 565 3707 638 προρρηθέντα

2118 680 2254 737 μετα
2287 667 2451 720 πόσον
2472 664 2664 734 χρόνον
2687 663 2993 733 ἀπήντησε,
3024 661 3119 714 καὶ
3140 661 3242 724 ὅτι,
3264 659 3354 713 ὅτε
3377 659 3713 712 ἐπλεόνασεν

2114 761 2148 828 ὴ
2173 756 2445 819 ἀσθένεια,
2500 753 3037 824 ὑπερεπερίσσευσεν
3061 750 3094 820 ἡ
3122 749 3272 820 παρὰ
3302 747 3394 801 τοῦ
3421 746 3556 800 Θεοῦ
3586 749 3715 799 iam-

2124 847 2333 919 μέλεια.
2366 843 2558 915 Σχεδὸν
2599 844 2709 914 γὰρ
2739 842 3056 896 οἱπλεῖστοι
3085 841 3420 910 συνέδραμον
3455 837 3716 907 ἀλλήλοις

2118 937 2262 992 κατὰ
2294 937 2384 990 τὸν
2413 936 2605 1004 χρόνον
2629 949 2644 964 ⁶
2685 932 2845 1002 Ὠσηὲ
2894 933 2954 984 ἐν
2999 931 3236 1002 ἡμέραις
3277 928 3475 992 Ὀζίου,
3528 928 3624 980 καὶ
3653 928 3716 978 ἐν

2122 1037 2358 1108 ἡμέραις
2406 1031 2690 1104 Ἱεροϐοάμ
2726 1030 2860 1100 (77)°
2897 1027 3135 1098 Μιχαίας
3183 1028 3239 1078 ὲν
3270 1026 3503 1096 ἡμέραις
3552 1025 3715 1077 Ἰωά-

2123 1130 2236 1198 Θαμ
2263 1127 2360 1180 καὶ
2411 1124 2608 1194 ’Λχάζ’
2644 1121 2904 1191 Σοφονίας
2947 1123 3005 1174 ὲν
3052 1119 3292 1190 ἡμέραις
3348 1117 3555 1169 Ἰωσίου
3590 1115 3716 1168 υἱοῦ

2135 1220 2336 1290 Ἀμώς.
2387 1217 2508 1270 Τῶν
2543 1215 2602 1268 δὲ
2636 1213 2838 1266 λοιπῶν
2875 1214 2924 1264 οἰ
2966 1211 3064 1282 μὲν
3109 1211 3355 1282 ἁχρόνως
3392 1207 3718 1290 ἀνέγραψ-αν

2125 1285 2225 1375 τὰς
2255 1309 2613 1382 προφητείας,
2657 1309 2707 1360 οἱ
2741 1307 2797 1366 δὲ
2826 1306 2924 1370 τὰς
2951 1305 3059 1362 τῶν
3087 1303 3380 1375 βαρϐάρων
3409 1285 3717 1372 βασιλείας,

2123 1403 2200 1466 ὡς
2242 1400 2670 1473 γνωριμωτέρας
2700 1399 2788 1450 διὰ
2836 1397 2896 1449 τὸ
2950 1398 3168 1467 κρατεῖν
3206 1392 3524 1465 τηνικαῦτα,
3567 1408 3723 1461 παρ-

2131 1493 2497 1562 εσημήναντο.
2533 1491 2787 1558 Ἀγγαῖος
2810 1487 2902 1540 καὶ
2934 1485 3228 1557 Ζαχαρίας,
3271 1483 3484 1546 Ἀὅδίας
3513 1500 3570 1535 τε
3603 1481 3721 1553 (78)

2128 1583 2225 1635 καὶ
2273 1582 2490 1652 Ναοὺμ,
2537 1581 2632 1634 καὶ
2673 1579 3016 1648 Ἀμϐακοὺμ,
3061 1578 3246 1638 Ἰωνᾶς
3294 1575 3390 1628 καὶ
3428 1573 3722 1644 Μαλαχίας

2129 1675 2239 1727 τῶν
2280 1673 2484 1744 χρόνων
2523 1672 2626 1725 οὐκ
2661 1670 3036 1741 ἐμνήσθησαν,
3079 1667 3192 1722 ἀλλ’
3225 1666 3344 1720 οὐδὲ
3397 1665 3446 1718 οἱ
3496 1664 3723 1726 πλείους

449 1795 667 1864 quidem
710 1792 1026 1846 meminere.
1071 1789 1134 1843 Et
1167 1787 1396 1842 fortasse
1445 1786 1544 1851 illi,
1587 1794 1772 1855 utpote
1797 1798 1866 1838 ex
1907 1782 2028 1836 illu-

2165 1763 2404 1834 εατέρων.
2437 1761 2550 1816 Kal.
2597 1762 2738 1828 τάχα
2766 1761 2817 1812 οἱ
2875 1758 2973 1828 μὲν
3004 1757 3063 1820 ἐξ
3115 1755 3402 1825 ἐπισήμων
3459 1751 3726 1824 πατέρων

452 1887 657 1940 stribus
692 1883 936 1953 patribus
964 1881 1201 1943 oriundi,
1231 1887 1486 1950 poterant
1513 1891 1636 1931 esse
1669 1875 2025 1944 acceptiores.

451 1977 552 2044 Qui
579 1975 722 2029 enim
751 1970 1013 2040 sanguine
1051 1981 1177 2024 sunt
1214 1969 1514 2031 clariores,
1557 1966 1591 2020 ii
1629 1963 1886 2031 majorem
1923 1962 2030 2015 im-

452 2075 669 2137 petrant
699 2065 859 2119 tidem
889 2080 902 2117 :
931 2063 1021 2132 qui
1064 2077 1196 2117 vero
1230 2075 1297 2115 ex
1336 2059 1588 2115 obscuris
1616 2067 1671 2112 et
1701 2054 2030 2127 ignobilibus

453 2159 768 2231 erentihus
808 2164 969 2211 erant
1013 2155 1122 2208 nati
1151 2194 1167 2220 ,
1214 2153 1568 2224 praetermissi
1613 2149 1833 2204 silentio
1880 2156 2028 2203 sunt.

453 2255 621 2306 Amos
652 2258 830 2302 tamen
882 2248 1002 2310 ille,
1028 2245 1120 2315 qui
1167 2245 1313 2300 inter
1361 2242 1648 2297 duodecim
1689 2249 2030 2305 numeratur,

455 2356 796 2414 nequaquam
831 2339 982 2395 Isaia
1010 2350 1164 2406 pater
1189 2346 1298 2392 est.
1326 2335 1510 2405 Neque
1535 2333 1679 2387 enim
1716 2331 2035 2402 pronuntia-

457 2438 534 2489 tio
554 2435 745 2488 eadem
786 2439 910 2495 est,
946 2445 1122 2498 neque
1170 2431 1358 2483 eadem
1405 2426 1554 2480 notio
1596 2425 1720 2477 huic
1753 2421 1870 2476 voci
1907 2421 2034 2475 sub-

451 2529 599 2595 jecta
630 2531 734 2578 est.
767 2521 901 2576 Illud
942 2521 1086 2574 enim
1125 2520 1376 2574 densiore
1407 2519 1601 2587 spiritu
1635 2514 2035 2583 pronuntiatur,

460 2623 562 2676 hoc
612 2617 865 2675 tenuiori.
901 2614 1040 2680 Quin
1092 2611 1257 2666 etiam
1299 2611 1510 2664 diversa
1561 2617 1644 2664 est
1688 2605 2036 2675 significatio.

459 2715 668 2770 Nomen
699 2713 842 2766 enim
868 2708 1038 2780 patris
1069 2706 1223 2761 Isaia:
1249 2713 1307 2758 et
1326 2703 1475 2756 vocis
1505 2699 1808 2771 proprietas
1837 2698 2040 2753 indicat

462 2806 903 2866 ﬁrmamentum,
959 2801 1216 2854 virtutem
1262 2804 1319 2850 et
1361 2793 1780 2848 fortitudinem:
1827 2797 1882 2843 at
1911 2803 2042 2842 vero

459 2899 740 2969 prephetre
788 2908 983 2948 nomen
1040 2903 1344 2946 sermonem
1405 2887 1600 2941 durum
1643 2892 1822 2939 sonat.
1871 2881 2041 2936 Porro

462 2987 740 3059 prophetia
787 2985 940 3041 Oscae
969 2983 1103 3038 Isaia
1145 2981 1363 3034 videtur
1403 2992 1526 3033 esse
1567 2975 1878 3045 antiquior;
1916 2989 2042 3044 pro-

466 3091 653 3150 pterea
695 3077 840 3148 quod
875 3077 1077 3130 dictum
1107 3083 1190 3128 est
1226 3090 1240 3126 :
1281 3069 1613 3138 Principium
1659 3069 1798 3122 verbi
1829 3065 2042 3118 Domini

462 3173 532 3224 ad
585 3169 810 3227 Osee".
870 3168 1160 3224 Sciendum
1196 3166 1414 3236 quidem
1466 3173 1549 3217 est
1598 3163 1741 3216 hunc
1791 3159 2040 3214 eumdem

463 3265 650 3320 Oziam
699 3264 900 3321 dictum
945 3259 1112 3314 fuisse
1157 3267 1213 3311 et
1256 3257 1535 3314 Azariam.
1589 3253 1646 3306 In
1679 3253 1861 3323 priore
1895 3252 2040 3304 enim

466 3353 912 3422 Paralipomenon
948 3351 1086 3406 libro
1118 3349 1279 3405 Ozias
1318 3358 1403 3403 est
1433 3347 1652 3412 dictus;
1713 3344 1768 3398 in
1809 3344 2047 3400 secundo

467 3456 645 3502 autem
683 3446 992 3514 Regnorum
1014 3487 1029 3513 ,
1062 3444 1290 3498 Azarias
1311 3480 1326 3506 ,
1359 3457 1426 3497 ex
1454 3442 1647 3495 eodem
1685 3447 1863 3492 tamen
1893 3449 2050 3507 patre

466 3548 521 3592 et
551 3548 745 3593 matre.
798 3539 1065 3592 Nimirum
1097 3537 1213 3608 ejus
1252 3543 1426 3590 mater
1462 3541 1584 3588 erat
1614 3531 1848 3599 Chalia;
1893 3541 2050 3600 pater

468 3640 648 3685 autem
674 3630 944 3684 Amasias.
969 3628 1206 3698 Tempus
1228 3627 1394 3682 etiam
1422 3625 1576 3695 regni
1609 3633 1693 3678 est
1719 3625 1882 3689 idem,
1919 3623 2044 3678 anni

469 3722 864 3793 quinquaginta
918 3722 1046 3776 duo.
1088 3719 1493 3789 PrOphetarunt
1539 3728 1718 3772 autem
1769 3718 1870 3772 sub
1917 3717 2045 3772 Ozia

469 3814 660 3881 Isaias,
693 3815 831 3870 Osee
862 3824 916 3869 et
941 3813 1128 3869 Amos.
1157 3812 1266 3867 Sed
1301 3811 1427 3880 quia
1468 3809 1684 3880 legitur,
1719 3808 2048 3874 Principium

469 3906 611 3960 verbi
637 3904 848 3958 Domini
880 3906 949 3958 ad
976 3903 1128 3969 Osee,
1153 3918 1282 3959 num
1308 3902 1516 3971 primus
1542 3901 1822 3954 vaticinari
1850 3899 2051 3968 coepit?

471 3997 541 4050 Et
566 3997 690 4065 quia
717 3998 882 4050 Amos
913 4004 1042 4048 ante
1065 3994 1200 4048 duos
1227 4007 1401 4046 annos
1428 4001 1587 4044 terra:
1607 4001 1784 4044 motus
1815 3992 2049 4060 prophe-

474 4091 648 4155 tarit},
682 4089 919 4158 nunquid
950 4088 1276 4141 vaticinatus
1306 4095 1388 4140 est
1410 4095 1536 4137 ante
1563 4083 1824 4135 visionem
1863 4081 2012 4136 Isaia:
2035 4121 2050 4146 ,

479 4184 532 4236 in
569 4196 672 4252 qua
701 4181 808 4234 ait:
846 4179 910 4234 Et
936 4181 1189 4233 eleuatum
1213 4188 1285 4232 est
1315 4173 1776 4246 ouperliminare"
1797 4174 1822 4226 .’

543 4341 588 4372 "
625 4339 751 4396 Ose.
787 4355 840 4406 I,
869 4339 921 4394 1.
996 4337 1044 4370 ⁷⁸
1082 4337 1186 4391 lsa.
1219 4353 1294 4400 vr,
1331 4335 1420 4390 61.

549 4473 661 4546 (Π)
698 4472 790 4527 Sic
825 4469 1335 4546 uterqtte_CpInl_rel'._
1368 4470 1438 4523 At
1469 4467 1521 4546 in
1545 4466 1707 4546 editis
1737 4467 1886 4546 etin
1925 4467 2055 4517 duo-

477 4537 578 4600 bus
619 4537 749 4597 Iit-s.
776 4557 874 4612 pro
914 4537 1198 4612 Ἰεροὸοάμ
1239 4541 1454 4612 legitur_
1478 4537 2054 4612 ’_ltua9a‘1.__Alit|ttat_tto

477 4624 615 4683 post
653 4605 842 4666 rursus
873 4605 1104 4683 quaiuor
1138 4605 1316 4675 mss;
1341 4608 1457 4662 υἱοῦ
1487 4605 1689 4678 Ἀμώς.
1725 4607 1900 4671 Editi,
1936 4605 2053 4658 υἱοῦ

478 4687 540 4737 Ἀ
549 4682 680 4737 μών.

549 4703 857 4827 Editi,
908 4749 1134 4827 ξΑίξδίας
1290 4749 1356 4803 At
1388 4764 1516 4827 mss.
1551 4756 1803 4827 quatupr,
1839 4746 2056 4812 Ἀόδίας

477 4815 569 4880 τε)
599 4825 750 4876 Alter
777 4821 1014 4876 Cumbef.
1037 4862 1052 4884 ,
1093 4820 1306 4874 Ἀϐδίου
1344 4835 1426 4872 τε.
1458 4815 1651 4874 Statim
1697 4815 1834 4887 Reg.
1861 4837 2056 4874 secun-

481 4902 602 4953 dus.
634 4893 735 4946 οὐκ
769 4890 1211 4963 ἐπεμνήσθησαν.

553 4965 663 5034 (79)
703 4957 884 5029 hditi,
937 4957 998 5014 οὗ
1053 4957 1159 5032 μὴν
1197 4959 1342 5014 οὐδέ.
1377 4959 1536 5014 Deest
1575 4957 1698 5012 οὐδέ
1731 4958 1783 5013 in
1823 4967 2060 5028 quatuor

480 5053 611 5093 IIISS.

553 5105 665 5176 (80)
707 5103 797 5157 Sic
825 5110 1049 5172 uterque
1076 5099 1325 5156 Comhel'.
1356 5110 1410 5154 et
1440 5099 1529 5153 alii
1572 5098 1701 5154 duo.
1738 5097 1879 5154 Editi
1900 5138 1915 5163 ,
1961 5115 2060 5154 κα-

480 5178 568 5240 τὰ,
604 5177 825 5228 rectius.

553 5236 666 5313 (8i)
706 5245 834 5312 lleg.
877 5241 1171 5313 secundus,
1200 5241 1258 5294 ὲν
1294 5239 1413 5313 μέν.
1451 5236 1549 5292 Ubi
1586 5239 1902 5303 notandum,
1941 5255 2062 5313 qtlze

482 5310 720 5369 citantur
742 5328 771 5366 e
790 5310 978 5381 primo
1010 5311 1152 5366 libro
1203 5310 1677 5378 Paralipomenon,
1705 5311 1961 5381 _reperiri
2003 5310 2058 5363 in

483 5387 724 5441 secundo
757 5379 903 5446 xxvi,
945 5381 995 5435 1.
1033 5381 1164 5434 Item
1185 5421 1199 5445 ,
1232 5395 1352 5450 quae
1381 5382 1620 5432 citantur
1649 5394 1680 5450 e
1703 5379 1843 5450 libro
1868 5395 2064 5450 secun-

484 5460 551 5510 do
579 5455 909 5521 Regnorum,
953 5450 1161 5521 ea‘legi
1212 5448 1264 5504 in
1297 5461 1490 5521 quarto
1507 5462 1620 5514 xw,
1655 5448 1747 5503 21.
1790 5449 2063 5503 Combeli-

483 5527 596 5579 sius
632 5519 728 5590 pro
767 5537 831 5576 ea
868 5537 972 5589 qua
1015 5519 1276 5575 Basilium
1312 5519 1533 5574 colebat
1579 5521 1948 5590 observantia,
1993 5535 2062 5573 ne

486 5607 636 5648 tanto
668 5593 785 5647 viro
812 5601 1018 5646 tantum
1066 5591 1320 5662 σφάλμα
1357 5589 1695 5662 μνημονικὸν
1730 5591 2062 5662 ascriberet,

483 5665 739 5718 librarios
761 5676 896 5717 unos
921 5661 1038 5728 ejus
1067 5660 1271 5717 erroris
1310 5660 1576 5714 incusavit
1607 5678 1619 5713 :
1649 5660 1741 5728 sed
1769 5673 1889 5726 ego,
1937 5674 2060 5712 cum

484 5737 618 5792 satis
675 5733 746 5789 sit
796 5727 1079 5802 errorum,
1130 5745 1360 5802 quorum
1400 5743 1507 5784 non
1537 5727 1808 5786 immerito
1852 5727 2068 5785 librarii.

2130 1853 2392 1923 ἠδύναντο
2418 1851 2812 1922 εὐπαρὰδεκτοι
2852 1848 3126 1918 γενέσθαι.
3184 1847 3501 1916 Πιστότεροι
3528 1843 3642 1915 γὰρ
3673 1843 3729 1896 οἱ

2130 1945 2570 2018 γνωριμώτεροι·
2606 1944 2656 1997 οἱ
2685 1942 2741 1994 δὲ
2784 1943 3013 2013 ἀσήμων
3042 1940 3245 2010 γονέων
3291 1935 3730 2010 παρεσιωπήθη-

2134 2051 2253 2088 σαν.
2286 2036 2360 2088 Οὐ
2413 2033 2520 2105 μὴν
2553 2031 2665 2103 (79)
2693 2025 2847 2094 οὗτος
2885 2031 3085 2101 Ἀμὼς,
3118 2030 3178 2082 ὃν
3206 2033 3318 2092 τοίς
3359 2028 3568 2082 δώδεκα
3599 2043 3736 2078 συν-

2131 2127 2463 2198 τεταγμένον
2511 2125 2735 2196 εχόμεν,
2771 2124 2956 2195 πατήρ
3007 2125 3122 2176 ἐστι
3170 2121 3265 2175 τοῦ
3303 2120 3555 2173 Ἦσαῖου·
3599 2116 3736 2172 οὔτε

2136 2221 2244 2290 γὰρ
2267 2221 2300 2289 ἡ
2335 2217 2643 2290 ἐκφὼνησις
2665 2217 2698 2288 ἡ
2718 2215 2877 2287 αὑτὴ,
2899 2213 3023 2269 οὔτε
3054 2215 3114 2268 τὸ
3142 2214 3248 2268 ὑπὸ
3286 2214 3385 2284 τῆς
3414 2211 3598 2282 φωνῆς
3631 2227 3739 2281 ση-

2139 2312 2464 2384 μαινόμενον
2489 2327 2502 2340 ’
2531 2310 2592 2364 τὸ
2622 2310 2718 2379 μὲν
2743 2307 2853 2380 γὰρ
2881 2307 3160 2378 δασυτέρῳ
3191 2305 3271 2376 τῷ
3299 2304 3573 2375 πνεύματι
3596 2304 3741 2356 ἁνα-

2139 2413 2417 2481 φωνεῖται,
2457 2409 2520 2461 τὸ
2579 2407 2640 2460 δὲ
2673 2405 2964 2477 ψιλοτέρῳ.
3013 2404 3124 2458 Kal.
3161 2402 3232 2455 τὰ
3277 2401 3586 2473 δηλούμενα
3615 2398 3745 2452 διά-

2140 2522 2282 2576 cupa
2304 2521 2320 2536 ο
2359 2501 2420 2556 τὺ
2455 2501 2554 2572 μὲν
2585 2500 2696 2571 γὰρ
2750 2498 2844 2552 τοῦ
2879 2497 3086 2568 πατρὸς
3124 2495 3345 2549 Ἡσαΐου
3393 2493 3585 2562 δνομα,
3636 2489 3742 2544 καὶ

2141 2597 2251 2667 (80)
2285 2593 2347 2648 τὸ
2401 2593 2502 2660 τῆς
2527 2592 2711 2662 φωνῆς
2769 2589 2986 2660 ἰδίωμα,
3022 2587 3318 2658 στερέωσιν
3375 2584 3471 2638 καὶ
3496 2581 3742 2651 δύναμιν

2144 2689 2239 2743 καὶ
2304 2686 2459 2757 ίσχὺν
2515 2683 2812 2754 ἐμφαίνειο
2870 2681 2948 2751 τῷ
3005 2681 3062 2734 δὲ
3094 2679 3188 2732 τοῦ
3227 2679 3530 2750 προφήτου,
3571 2673 3741 2741 λόγος

2144 2778 2380 2849 σκληρὸς
2417 2775 2703 2846 δηλοῦται·
2739 2773 2847 2845 πρδ
2892 2773 2950 2826 δὲ
2981 2772 3074 2826 τοῦ
3117 2772 3340 2825 Ἡσαΐου
3380 2770 3555 2824 ἔοικεν
3591 2761 3742 2820 εἶναι

2149 2872 2182 2942 ἡ
2223 2868 2532 2940 προφητεία
2583 2867 2676 2920 τοῦ
2722 2867 2900 2937 Ὠσηὲ,
2955 2865 3042 2918 διὰ
3081 2865 3145 2918 τδ
3203 2861 3492 2934 εἰρῆσθαι·
3556 2858 3742 2928 Ἀρχὴ

2143 2962 2330 3030 λόγου
2363 2957 2584 3028 Κυρίου
2613 2955 2764 3026 πρὸς
2800 2954 2995 3023 Ὠσηέ.
3027 2953 3304 3008 Γνωστέον
3347 2950 3552 3022 μέντοι,
3592 2949 3681 3001 ὅτι
3713 2948 3747 3002 ὁ

2159 3051 2342 3116 Ὀζίας
2373 3045 2527 3113 οὗτος
2562 3051 2592 3105 ό
2616 3048 2778 3111 αὐτὸς
2808 3047 2903 3101 καὶ
2947 3045 3203 3116 Ἀζαρίας
3241 3043 3455 3115 εἴρηται
3478 3059 3491 3072 ·
3532 3043 3592 3095 ὲν
3623 3039 3746 3110 (81)

2147 3144 2255 3215 γὰρ
2286 3146 2352 3215 τῇ
2398 3141 2643 3214 προτέρᾳ
2677 3140 2785 3194 τῶν
2819 3137 3310 3211 Παραλειπομένων
3359 3134 3540 3198 Ὀζίας
3589 3132 3750 3204 εἴρη-

2147 3253 2259 3299 ται,
2295 3236 2352 3287 ὲν
2377 3233 2432 3286 δὲ
2455 3235 2522 3304 τῇ
2548 3233 2778 3304 δευτέρᾳ
2806 3231 2914 3285 τῶν
2939 3227 3238 3285 Βασιλειῶν
3278 3226 3556 3298 Ἀζαρίας.
3591 3227 3750 3297 Πλὴν

2147 3326 2244 3380 καὶ
2271 3325 2480 3396 πατρὸς
2516 3324 2612 3378 τοῦ
2657 3325 2844 3388 αὐτοῦ,
2881 3324 2974 3378 καὶ
3022 3322 3317 3394 μητρός·ή
3359 3320 3458 3390 μὲν
3489 3319 3599 3392 γὰρ
3635 3321 3750 3389 μή..

2149 3433 2258 3487 τηρ
2281 3415 2456 3469 Χαλία
2488 3414 2624 3485 (82),
2678 3416 2706 3467 ὁ
2753 3413 2810 3466 δὲ
2853 3413 3036 3485 πατὴρ
3076 3411 3362 3482 Ἀμασίας.
3403 3411 3512 3463 Kal.
3550 3410 3754 3481 χρόνος

2149 3506 2250 3575 τῆς
2291 3503 2566 3574 βασιλείας
2616 3504 2644 3557 ό
2690 3504 2881 3567 αὑτός·
2933 3505 3271 3574 πεντήκοντα
3317 3500 3410 3554 δΰο
3459 3500 3553 3571 ἐτη
3606 3499 3751 3569 (85).

2166 3599 2291 3652 Ἐπὶ
2336 3597 2513 3662 Ὀζίου
2553 3599 2961 3670 προεφήτευσεν
3005 3597 3252 3660 Ἡσαΐας,
3310 3595 3468 3666 Ὠσηὲ
3515 3595 3612 3648 καὶ
3657 3595 3753 3647 Ἀ-

2160 3689 2293 3761 μώς.
2361 3690 2499 3743 Ἀλλ’
2553 3690 2764 3760 ἐπειδὴ,
2808 3688 2988 3759 ’Λρχῆ
3057 3691 3243 3757 λόγου
3314 3687 3537 3753 Κυρίου
3594 3686 3757 3752 πρὸς

2168 3777 2365 3847 Ὠσηὲ,
2425 3781 2634 3852 μήποτε
2666 3779 2884 3852 πρῶτος
2937 3780 3140 3852 ἦρξατο
3188 3781 3591 3851 προφητεύειν;
3639 3783 3758 3836 Καὶ

2158 3870 2345 3941 ἐπειδὴ
2370 3872 2399 3922 ὁ
2437 3870 2617 3941 Ἀμὼς
2651 3872 2758 3942 πρὸ
2799 3871 2893 3924 δύο
2926 3872 3061 3926 ἐτῶν
3113 3873 3358 3943 σεισμοῦ,
3399 3877 3610 3947 μήποτε
3646 3878 3760 3948 πρὸ

2157 3961 2257 4030 τῆς
2303 3961 2545 4030 ὁράσεως
2577 3961 2672 4014 τοῦ
2712 3962 2962 4024 Ἡσαΐου,
3013 3962 3070 4013 ἐν
3187 3979 3342 4032 φησιθ
3369 3962 3480 4018 Καὶ
3515 3961 3758 4032 ἐπήρθη

2159 4054 2227 4104 τὸ
2273 4051 2607 4119 ὑπέρθυρον·
2624 4069 2642 4115 ;

2164 4479 2416 4525 auctores
2439 4469 2626 4524 haberi
2665 4471 2919 4536 debeant,
2948 4470 3090 4524 malo
3118 4448 3330 4538 culpa'm
3362 4468 3414 4523 in
3453 4467 3630 4537 ipsum
3671 4483 3739 4523 au

2160 4553 2391 4602 ctorem.
2433 4556 2595 4606 quam
2643 4541 2696 4593 in
2737 4541 2991 4595 librarios
3036 4542 3353 4593 transferre.
3405 4538 3492 4593 Fit
3533 4539 3761 4604 quidem

2161 4628 2265 4665 non
2318 4625 2484 4675 raro,
2525 4621 2583 4662 ut
2619 4611 2824 4665 librarii
2865 4627 3050 4664 vocem
3089 4626 3252 4662 unam
3308 4625 3405 4678 pro
3452 4610 3558 4662 alia
3613 4612 3765 4662 scri-

2160 4683 2294 4736 bant
2324 4699 2337 4734 :
2377 4682 2471 4735 sed
2499 4681 2603 4736 hoc
2645 4683 2758 4735 fere
2787 4682 3056 4749 contingit
3087 4691 3223 4743 tum,
3249 4695 3370 4732 cum
3399 4695 3575 4749 voces
3609 4679 3766 4732 inter

2161 4767 2220 4807 se
2245 4753 2454 4806 similes
2475 4761 2602 4804 sunt
2633 4762 2682 4804 et
2719 4751 2937 4810 allines;
2974 4748 3023 4804 id
3049 4749 3190 4820 quod
3221 4750 3308 4803 hic
3337 4751 3539 4806 nullum
3568 4748 3760 4803 locum

2165 4823 2368 4876 habere
2397 4822 2603 4884 vident,
2643 4822 2857 4888 opinor,
2888 4836 3100 4874 omnes.
3145 4821 3346 4873 Ibidem
3388 4821 3606 4873 codictls
3645 4829 3763 4872 tres

2163 4891 2298 4962 Duc.
2331 4903 2386 4946 et.
2414 4890 2552 4962 Reg.
2579 4892 2773 4962 tertius
2803 4901 2854 4944 et
2877 4890 3028 4962 Coll).
3069 4890 3254 4962 itidem
3286 4891 3498 4956 tertius,
3543 4890 3761 4962 πατρὸς

2160 4961 2256 5015 τοῦ
2288 4961 2476 5016 αὐτοῦ.
2516 4960 2687 5032 Editi;
2713 4963 2918 5032 πατρὸς
2945 4959 3132 5014 αὑτοῦ.

2234 5032 2346 5104 (82)
2378 5032 2517 5085 Editi
2558 5041 2612 5104 et
2647 5029 2739 5104 Er.
2788 5027 2854 5104 el_
2879 5033 3098 5104 Anglic.
3122 5041 3174 5084 et
3205 5029 3340 5104 Reg.
3375 5027 3762 5104 tertius_,_.\'a-

2162 5098 2270 5156 λία.
2306 5098 2376 5156 At
2409 5115 2538 5155 vero
2566 5102 2619 5153 in
2655 5101 2718 5153 H.
2747 5110 2802 5154 et
2827 5099 2876 5154 J.
2907 5111 2960 5155 et
2990 5100 3141 5155 Colh.
3175 5101 3338 5155 tertio
3363 5111 3417 5150 et
3451 5101 3591 5164 apud
3623 5098 3766 5151 Ρω-

2165 5173 2378 5241 copiutn
2404 5185 2501 5239 pro
2527 5169 2704 5224 Χαλία
2727 5171 2924 5241 legitur
2949 5170 3141 5224 Χανάα
3159 5182 3310 5241 Laut
3334 5167 3510 5223 Χανᾶ.
3560 5170 3602 5223 Α
3635 5171 3765 5241 qui:

2169 5237 2270 5296 hu's
2301 5237 2554 5295 omnibus
2596 5241 2757 5311 longe
2783 5237 3074 5295 'dissident
3121 5238 3297 5311 LXX,
3329 5242 3649 5311 apudrquos
3695 5237 3762 5290 IV

2167 5312 2301 5382 Reg.
2329 5327 2421 5382 xv,
2454 5312 2510 5375 2,
2543 5309 2748 5382 editum
2777 5311 3072 5375 invenitur,
3113 5309 3337 5380 ἰεχελία
3369 5309 3429 5377 ἐξ
3477 5310 3765 5381 Ἰερουσα-

2165 5379 2312 5453 me,
2330 5380 2602 5453 Hiechelia
2622 5381 2693 5453 Ade
2716 5379 3038 5453 Jerusalem.

2239 5449 2352 5523 (85)
2386 5449 2837 5523 Sic_oodices__ll.
2874 5459 2930 5505 et
2956 5449 3166 5523 J._cum
3209 5449 3365 5504 Colb.
3399 5450 3582 5523 Ie_rti_0.
3608 5449 3763 5506 Ed'ti

2169 5531 2222 5594 et
2249 5519 2424 5594 λαιῷ-ει
2467 5520 2563 5594 F._
2579 5519 2881 5594 cum__Reg_.
2911 5519 3478 5594 ιετιίοηπεντηκοστῷ
3516 5521 3764 5594 δευτέρῳ

2167 5590 2298 5665 ἔτει.
2342 5590 2484 5661 Lege
2501 5589 2667 5665 jac.
2714 5589 2829 5646 Hoc
2852 5591 2969 5665 ipso
3013 5590 3067 5665 in
3103 5589 3223 5645 loco
3249 5589 3394 5665 niss._
3421 5589 3551 5658 tres,
3591 5589 3765 5665 προε-

2170 5659 2464 5736 φήτευσαν.
2499 5659 2639 5719 Editi
2669 5674 2794 5719 cum
2823 5659 2946 5717 aliis
2969 5659 3162 5728 tribus,
3191 5663 3625 5736 προεφήτευσεν.
