3838 6214
224 262 303 320 l57

1053 260 1418 320 ‘CDMM'ENT.
1454 260 1529 319 ΙΝ
1566 258 1807 320 ISAIAM
1843 261 2288 318 PROPHETAM.
2330 261 2488 318 CAP.
2522 260 2572 317 Ι.

3322 260 3426 315 138

281 375 348 428 ll.
373 373 586 435 Ἄκουε,
632 372 868 442 οὐρανέ,
909 373 1011 428 καὶ
1035 373 1329 440 ἐνωτίζου,
1378 374 1478 446 γῆ,
1518 375 1607 428 ὅτι
1639 375 1753 428 Κύ-
1780 396 1795 439 Α

1929 375 2016 430 11.
2040 374 2206 429 Vnus.
2243 373 2299 427 2.
2341 372 2482 426 Audi
2505 413 2522 439 ,
2568 369 2753 426 uelum
2777 410 2791 433 ,
2838 377 2891 422 et
2942 368 3163 423 auribus
3189 371 3427 439 percipe,

216 482 320 537 ριος
358 461 674 532 ἐλάλησεν.
728 464 946 537 Ἐπειδὴ
995 465 1141 520 κατὰ
1185 466 1379 535 γενεὰν
1438 466 1678 538 πονηρὰν
1716 467 1751 537 ἡ

220 553 483 626 προφητεία
509 555 747 623 ἐγένετο,
772 556 873 609 οὐκ
901 555 1040 625 ἔχων
1078 559 1137 610 ὲν
1164 560 1278 621 τοῖς
1303 556 1610 629 ἀνθρώποις
1630 556 1756 620 τοὺς

219 645 492 709 ἀκούοντας,
522 645 737 718 οὐρανῷ
760 647 855 701 καὶ
880 649 950 717 γῇ
985 647 1312 717 διαλέγεται.
1340 650 1473 703 ’Ἐπὶ
1502 649 1610 720 γὰρ
1631 648 1758 703 τού-

220 754 308 792 των
325 736 421 790 τῶν
463 738 755 810 μαρτύρων
795 739 825 792 6
852 740 1017 810 νόμος
1051 741 1228 813 ἐδόθη,
1266 742 1547 806 Μωῦσέως
1572 741 1758 795 εἰπόν-

218 845 324 893 τος·
340 832 794 900 Διαμαρτύρομαι
823 832 969 902 ὑμῖν
985 821 1252 902 σήμεδον
1270 835 1379 887 τόν
1407 830 1472 887 τέ
1498 835 1760 903 οὐρανὸν

219 922 299 975 καὶ
330 921 436 990 τὴν
473 922 623 990 γῆν·
670 924 766 976 καὶ
796 923 992 977 πάλιν·
1025 927 1315 993 Πρόσεχε,
1376 925 1616 992 οὐρανέ,
1660 926 1761 979 καὶ

216 1013 459 1081 λαλήσω*
518 1015 618 1068 καὶ
642 1015 907 1069 ἀκουέτω
954 1016 1033 1085 γῆ
1072 1019 1313 1086 ῥήματα
1358 1016 1425 1070 ἐκ
1456 1018 1763 1086 στόματός

216 1125 332 1178 μου.
364 1108 635 1181 Ἔπρεπεν
666 1104 759 1162 οὖν
783 1108 910 1171 τοὺς
934 1108 1022 1161 ὅτε
1050 1108 1248 1162 ἐδίδοτο
1276 1110 1305 1161 6
1327 1107 1491 1180 νόμος
1518 1107 1764 1179 παραλη-

220 1200 417 1270 φθέντας
467 1202 769 1272 μάρτυρας,
812 1200 941 1263 τοὺς
1001 1201 1198 1264 αὐτοὺς
1255 1199 1520 1271 κληθῆναι
1562 1200 1656 1253 ἐπὶ
1684 1198 1764 1270 τῷ

217 1291 396 1362 ἐλέγχῳ
418 1292 516 1363 τῆς
544 1292 911 1363 παραϐάσεως
936 1291 1030 1345 τοῦ
1053 1292 1239 1362 νόμου.
1281 1290 1766 1357 Ἑκκλησιάσατε

219 1381 330 1453 γὰρ,
365 1384 512 1454 φησὶ,
553 1384 705 1452 πρὸς
747 1383 827 1452 μὲ
877 1383 1022 1450 τοὺς
1057 1382 1410 1452 φυλάρχους
1445 1382 1632 1452 ὑμῶν,
1663 1384 1767 1437 καὶ

216 1473 339 1539 τοὺς
364 1475 797 1543 πρεσϐυτέρους
846 1475 1035 1544 ὑμῶν,
1068 1475 1167 1528 καὶ
1218 1475 1362 1542 τοὺς
1399 1476 1623 1544 κριτὰς,
1665 1476 1767 1529 καὶ

217 1564 341 1631 τοὺς
392 1568 1057 1639 γραμματοεισατωγεῖς,
1111 1569 1212 1622 ἵνα
1240 1567 1493 1635 λαλήσω
1546 1570 1634 1635 εὶς
1695 1567 1769 1623 τὰ

209 1652 321 1710 ὦτα
360 1657 572 1723 αὐτῶν,
620 1659 720 1714 καὶ
754 1660 1215 1729 διαμαρτύρομαι
1255 1659 1365 1730 (84)
1407 1660 1612 1726 αὐτοῖς
1660 1662 1769 1714 τόν

1858 478 2021 528 terra,
2038 466 2161 536 quia
2179 465 2345 537 386
2369 464 2622 519 Dominus
2639 465 2846 519 locutus
2867 471 2965 517 est.
2985 463 3431 533 Quandoquidem

1852 559 2141 630 prophetia
2177 559 2293 613 haec
2325 557 2468 614 edita
2517 565 2602 611 est
2644 567 2887 625 tempore
2930 555 3176 623 reprobat
3214 569 3435 626 genera-

1857 650 2047 716 tionis,
2078 665 2179 706 nec
2211 650 2263 704 in
2294 648 2607 704 hominibus
2640 648 2868 704 haberet
2904 646 3203 713 auditores,
3232 647 3457 708 emtum

1858 753 1913 798 et
1945 752 2146 797 terram
2189 740 2500 811 alloquitur.
2541 741 2637 795 Est
2674 740 2819 794 enim
2853 741 2978 794 data
3010 739 3096 795 lex
3131 755 3314 796 coram
3347 739 3436 794 his

1862 833 2113 895 testibus,
2137 832 2348 886 dicente
2372 830 2583 902 Moyse:
2609 830 3043 887 Contestorvobis
3067 832 3227 886 hodie
3246 831 3437 886 cretum

1860 934 1909 979 et
1945 933 2141 978 terram
2158 926 2244 991 "’;
2270 933 2325 979 et
2357 938 2576 979 rursus:
2611 923 2849 991 Attende,
2879 927 3085 989 calum,
3123 936 3170 979 et
3197 925 3390 997 loquar
3416 943 3437 993 ;

1861 1024 1912 1069 et
1934 1016 2118 1068 audiat
2145 1027 2285 1069 terra
2314 1014 2470 1070 verba
2513 1031 2577 1069 ea:
2609 1031 2699 1069 ore
2734 1032 2849 1069 meo
2878 1015 2946 1069 ⁸⁸.
2983 1016 3216 1071 Deeebat
3255 1018 3441 1089 utique

1866 1117 2034 1163 testes
2055 1108 2271 1162 eosdem
2292 1110 2382 1175 qui
2406 1122 2529 1161 cum
2554 1107 2640 1163 lex
2663 1109 2886 1161 daretur
2912 1109 3173 1178 assumpti
3202 1109 3438 1179 fuerant,

1866 1208 1995 1254 tunc
2052 1200 2118 1253 ad
2173 1199 2603 1269 exprobrandam
2660 1198 2796 1268 legis
2850 1201 3198 1256 violationem
3251 1205 3439 1261 acciri.

1866 1291 2159 1345 Convocate
2193 1292 2374 1357 enim,
2405 1291 2601 1361 inquit,
2662 1293 2731 1345 ad
2762 1309 2847 1347 me
2883 1293 3115 1346 tribuum
3151 1305 3444 1349 uestrarum

1866 1383 2151 1452 principes,
2182 1392 2230 1437 et
2259 1385 2488 1437 seniores
2509 1395 2729 1448 vestros,
2753 1395 2801 1439 et
2808 1384 3041 1455 judices,
3074 1397 3121 1439 et
3146 1388 3443 1456 magistros,

1869 1483 1924 1527 ut
1963 1473 2151 1542 loquar
2181 1475 2236 1528 in
2262 1491 2417 1529 aures
2455 1491 2636 1529 eorum
2657 1515 2672 1540 ,
2705 1486 2754 1530 et
2789 1478 3142 1532 contestorcis
3178 1479 3360 1532 caelum
3391 1491 3445 1532 et

1867 1574 2064 1618 terram
2114 1564 2182 1622 ⁸³.
2240 1564 2601 1620 Observatum
2665 1577 2846 1621 autem
2900 1576 2984 1624 est
3031 1570 3247 1624 cantico
3299 1569 3445 1626 hunc

1872 1671 2176 1713 sermonem
2216 1673 2340 1714 esse
2391 1660 2746 1720 contrarium.
2796 1660 2910 1717 Illic
2951 1665 3162 1729 enim,‘
3186 1665 3446 1733 Attende,

218 1765 274 1801 τε
304 1750 550 1815 οὐρανὸν
587 1752 689 1805 καὶ
730 1751 848 1818 τὴν
885 1750 1023 1820 γῆν.
1072 1751 1529 1822 Παρατετὴρηται
1587 1751 1643 1804 δὲ
1687 1752 1770 1805 ὅτι

1887 1750 2083 1817 saclum,
2125 1759 2217 1805 aut
2242 1751 2397 1820 juxta
2434 1753 2569 1807 alias
2600 1753 2867 1808 editiones
2895 1794 2910 1819 ,
2943 1755 3173 1809 Auribus
3202 1758 3407 1826 percipe
3430 1796 3450 1823 ,

214 1841 448 1906 ἐναντίως
476 1842 591 1913 ἔχει
614 1843 694 1907 ὼς
721 1843 857 1914 πρὸς
889 1843 988 1913 τὴν
1016 1841 1158 1913 ᾠδὴν
1185 1844 1214 1895 6
1236 1842 1392 1911 λόγος
1425 1841 1632 1896 ἐνθάδε.
1687 1843 1773 1895 Ἐ-

218 1936 294 1985 xei
318 1934 408 2004 μὲν
431 1936 576 2007 γάρ’
614 1935 902 2005 Πρόσεχε,
947 1936 1186 2004 οὐρανὲ,
1223 1936 1424 2006 ἢκατὰ
1465 1933 1565 1998 τὰς
1609 1933 1775 1998 ἄλλας

208 2022 451 2089 indicate,
487 2024 812 2090 Ὲνωτίζου,
837 2024 1077 2093 οὐρανὲ,
1119 2025 1218 2079 καὶ
1249 2024 1511 2079 ἀκουέτω
1537 2022 1612 2094 γῆ
1632 2041 1647 2056 ο
1689 2027 1776 2078 ὲν-

214 2113 371 2167 ταῦθα
391 2115 447 2169 δέ
470 2131 485 2147 ⁸
518 2117 749 2181 Ἄκουε,
780 2116 1022 2185 οὐρανέ,
1057 2117 1152 2170 καὶ
1188 2116 1484 2182 ἐνωτίζου,
1520 2116 1618 2187 γῆ.
1654 2116 1777 2170 ’Ότι

213 2202 329 2260 ὅταν
356 2206 452 2277 μὲν
476 2208 549 2261 τὰ
583 2207 766 2279 ὑψηλὰ
805 2211 975 2280 φρονῇ
1011 2210 1039 2261 6
1069 2208 1217 2271 λαὸς,
1246 2208 1342 2260 καὶ
1373 2207 1508 2260 Θεοῦ
1542 2209 1616 2280 μὴ
1641 2209 1778 2261 ἀπο-

217 2298 324 2367 στῇ,
347 2296 418 2361 ὡς
445 2300 510 2352 ὲκ
532 2299 626 2352 τοῦ
656 2298 923 2368 σύνεγγυς
954 2298 1084 2353 ὅντα
1106 2298 1219 2370 (85)
1241 2299 1331 2352 τὸν
1352 2298 1578 2370 οὐρανὸν
1606 2316 1777 2371 προσο

210 2387 459 2456 καλεῖται,
496 2390 595 2444 καὶ
615 2390 919 2446 ἐντίθεσθαι
947 2393 1027 2456 εἰς
1061 2391 1129 2445 τὰ
1170 2386 1288 2445 ὦτα
1309 2391 1437 2455 τοὺς
1470 2391 1661 2460 λόγους
1684 2408 1782 2444 πα-

219 2479 461 2548 ρακαλεῦ
495 2481 660 2535 τοῦτο
703 2483 814 2554 γάρ
848 2484 967 2536 ἐστι
1005 2483 1087 2547 τὸ,
1142 2481 1465 2543 Ἐνωτίζου.
1509 2485 1679 2537 Ὅταν
1723 2483 1780 2536 δὲ

208 2570 482 2644 ’μακρυνθῇ
506 2572 620 2625 τῶν
641 2573 928 2645 οὐρανίων,
965 2576 1041 2640 ὡς
1080 2575 1297 2647 μακρὰν
1335 2575 1449 2629 ὄντι
1489 2574 1639 2646 αὐτῷ
1666 2575 1784 2628 δια-

208 2659 412 2730 λέγεται
435 2681 452 2695 ο
492 2666 728 2730 Ἄκουε,
755 2665 995 2734 οὐρανέ.

276 2752 358 2806 12.
386 2753 460 2807 T6
494 2754 631 2808 αὐτὸ
661 2756 757 2809 καὶ
790 2758 882 2810 ἐπὶ
920 2759 1020 2829 τῆς
1048 2758 1172 2829 γῆς.
1214 2758 1315 2814 Διὰ
1360 2758 1518 2813 τοῦτο
1545 2760 1784 2831 Μωῦσῆς

206 2843 304 2913 μὲν
331 2846 405 2910 ὡς
430 2848 604 2917 ἐγγὺς
641 2847 780 2919 ἔχων
809 2850 902 2903 τὸν
938 2850 1186 2922 οὐρανὸν,
1228 2852 1319 2906 διὰ
1356 2852 1455 2922 τὴν
1502 2852 1784 2925 προκοπὴν

210 2936 294 2990 τοῦ
326 2935 477 3003 λαοῦ,
526 2940 822 3008 Πρόσεχε,
875 2941 1113 3010 οὐρανέ,
1146 2941 1204 3014 ἢ,
1249 2941 1582 3006 Ἐνωτίζου,
1627 2943 1706 3007 ὡς
1735 2945 1784 2996 ei

209 3025 371 3083 λοιποί
398 3030 534 3103 (86).
552 3030 785 3096 Ἡσαΐας
804 3032 881 3097 δὲ,
917 3035 976 3087 ὲν
1010 3035 1310 3106 ἁμαρτίαις
1337 3035 1489 3100 ὄντος
1510 3035 1604 3089 τοῦ
1632 3035 1784 3100 λαοῦ,

1873 1838 2060 1893 celum
2080 1880 2094 1904 ,
2129 1849 2178 1894 et
2206 1842 2391 1894 audiat
2419 1850 2578 1896 terra.
2610 1841 2711 1896 llic
2736 1857 2865 1897 vero
2888 1884 2902 1910 ,
2935 1845 3064 1897 audi
3084 1883 3100 1909 ,
3134 1847 3320 1901 caelum
3350 1889 3365 1914 ,
3398 1855 3451 1902 et

1873 1932 2092 1986 auribus
2113 1932 2337 2000 percipe,
2380 1943 2541 1987 terra.
2576 1932 2712 1987 Nam
2741 1949 2862 1988 cum
2895 1935 3149 1991 sublimia
3184 1939 3325 2008 sapit
3350 1954 3452 2011 po—

1876 2022 2056 2094 pulus,
2081 2039 2183 2080 nec
2207 2034 2448 2081 semotus
2471 2043 2501 2081 a
2525 2026 2635 2081 Deo
2661 2036 2747 2082 est
2767 2066 2782 2092 ,
2815 2026 3007 2083 ccelum
3042 2038 3299 2099 tanquam
3330 2048 3456 2102 pro-

1879 2117 2137 2187 pinquum
2166 2125 2478 2185 attestatur,
2510 2127 2566 2173 et
2600 2129 2662 2187 ut
2698 2134 2977 2176 sermones
3011 2122 3064 2176 in
3097 2136 3257 2177 aures
3293 2124 3452 2178 indu-

1879 2218 1988 2275 cat,
2020 2209 2362 2265 adhortatur.
2394 2208 2552 2265 Hunc
2588 2212 2733 2266 enim
2784 2229 3000 2268 sensum
3045 2214 3251 2270 indicat
3283 2216 3411 2271 illud
3437 2234 3453 2272 :

1878 2303 2112 2357 Auribus
2141 2303 2368 2373 percipe.
2407 2303 2632 2369 Quando
2666 2319 2795 2359 vero
2826 2305 2982 2377 longe
3030 2307 3182 2363 abest
3222 2324 3253 2363 a
3292 2310 3458 2365 caste-

1882 2394 2078 2463 Stibns,
2124 2396 2302 2464 ipsum
2352 2394 2647 2467 alloquitur
2693 2395 2862 2453 veluti
2902 2398 3095 2469 procul
3142 2412 3411 2456 remetum
3440 2440 3457 2462 .

1883 2486 2048 2553 Audi,
2080 2487 2286 2542 caelum.

1957 2759 2048 2816 12.
2090 2761 2166 2818 De
2194 2771 2336 2818 terra
2362 2763 2523 2819 etiam
2547 2764 2688 2821 idem
2712 2767 3075 2824 sentiendum.
3115 2768 3459 2844 Quapropter

1888 2853 2100 2928 Moyses
2129 2856 2347 2925 quidem
2379 2858 2531 2926 quasi
2567 2859 2620 2913 in
2660 2862 2966 2932 propinquo
2992 2864 3206 2921 habens
3236 2867 3460 2929 omium,

1885 2948 1957 3002 ob
1987 2949 2165 3020 populi
2191 2949 2493 3019 profectum
2527 2951 2605 3006 ait
2629 2969 2650 3006 ι
2689 2953 2932 3021 Attende,
2966 2955 3171 3023 caelum,
3208 2959 3318 3026 vel,
3349 2960 3467 3014 Au-

1884 3041 2037 3095 ribus
2082 3042 2310 3111 percipe,
2359 3052 2421 3097 ut
2459 3043 2675 3111 reliqui.
2706 3043 2876 3102 Isaias
2927 3058 3107 3103 autem
3130 3089 3149 3116 ,
3186 3051 3386 3121 populo
3410 3054 3464 3108 in

212 3123 299 3175 καὶ
321 3124 387 3178 τὰ
436 3128 602 3198 γήινα
637 3127 978 3200 φρονοῦντος,
1023 3128 1100 3192 ὡς
1141 3128 1406 3198 σύνεγγυς
1461 3128 1560 3200 τὴν
1601 3124 1786 3191 οὖσαν.

1892 3134 2136 3204 peccatis
2162 3146 2437 3201 manente,
2457 3146 2509 3192 et
2543 3138 2608 3192 ad
2632 3147 2844 3199 terrena
2865 3143 3104 3196 animum
3131 3108 3464 3214 intendente,

204 3217 300 3287 τὴν
356 3219 486 3291 γῆν,
526 3220 642 3292 (87)
674 3223 754 3285 εἰς
819 3220 889 3275 τὰ
918 3214 1034 3275 ὦτα
1103 3222 1231 3286 τοὺς
1280 3220 1473 3291 λόγους
1539 3221 1791 3292 δέχεσθαι

210 3308 480 3363 ἐπιτάσσει
500 3328 515 3341 ·
613 3312 775 3365 τοῦτο
869 3313 981 3384 γάρ
1036 3313 1153 3366 ἐστι
1232 3313 1294 3365 τὸ
1392 3312 1787 3373 ἐνωτίζεσθαι.

202 3399 278 3454 ’Ἦ
332 3405 733 3477 μετωνυμικῶς
775 3405 1005 3477 οὐρανὸν
1035 3405 1136 3476 μὲν
1163 3407 1291 3470 τοὺς
1349 3408 1407 3459 ὲν
1450 3406 1529 3476 τῷ
1576 3405 1792 3478 οὐρανῷ

206 3497 625 3562 κατοικοῦνταςσ
678 3497 754 3561 ὡς
781 3498 936 3551 πόλιν
982 3498 1213 3569 λέγομεν
1253 3500 1381 3562 τοὺς
1412 3501 1469 3553 ὲν
1503 3501 1568 3570 τῇ
1612 3498 1788 3563 πόλει,

210 3591 296 3642 καὶ
325 3593 428 3663 γῆν
470 3593 605 3656 τοὺς
628 3594 688 3645 ὲν
721 3592 858 3662 αὐτῇ
888 3591 1098 3656 πάντας
1120 3607 1133 3621 ο
1195 3589 1330 3662 πρὸς
1386 3590 1448 3642 τὸ
1473 3591 1547 3661 μὴ
1609 3589 1793 3644 ἐντεῦ-

209 3677 297 3731 θεν
366 3681 836 3752 περιελκυσθῆναι
894 3681 1042 3751 ἡμᾶς
1099 3678 1320 3750 ἔμψυχα
1388 3677 1629 3748 νομίζειν
1701 3677 1792 3731 τὸν

200 3774 424 3844 οὐρανὸν
452 3775 549 3829 καὶ
578 3773 679 3845 τὴν
717 3774 839 3845 γῆν.
871 3773 1029 3827 Οὕτω
1066 3773 1173 3845 γὰρ
1212 3773 1307 3827 καὶ
1333 3772 1519 3844 θρόνος
1542 3771 1676 3825 Θεοῦ
1708 3771 1794 3826 λέ-

208 3879 355 3931 γεται
378 3869 407 3920 6
444 3866 706 3939 οὐρανὸς,
743 3852 929 3918 ἐκλτοῦ
963 3865 1062 3928 τὰς
1098 3865 1456 3936 ὲπουρανίους
1486 3864 1596 3935 (88)
1634 3864 1793 3918 δυνά-

212 3975 326 4027 μεις
354 3963 575 4028 παγίως
604 3962 664 4011 ὲν
701 3960 893 4022 αὐταῖς
926 3958 1028 4029 τὴν
1060 3957 1157 4010 τοῦ
1187 3957 1320 4010 Θεοῦ
1352 3957 1553 4025 γνῶσιν
1582 3956 1793 4026 ἐνιδρυ-

210 4050 370 4122 μὲνην
418 4053 592 4123 ἔχειν.
628 4050 740 4104 Καὶ
775 4052 807 4121 ἡ
845 4052 938 4120 γῆ,
972 4050 1282 4112 ὑποπόδιον,
1325 4048 1414 4102 διὰ
1446 4048 1509 4101 τὸ
1543 4048 1669 4111 τοὺς
1700 4050 1793 4102 ἐπὶ

206 4140 304 4211 γῆς
327 4142 657 4214 ἀνθρώπους
688 4142 757 4195 τὰ
808 4142 1092 4195 τελευταῖα
1139 4141 1247 4194 τῶν
1293 4140 1423 4212 περὶ
1469 4140 1604 4194 Θεοῦ
1639 4141 1793 4212 μόλις

207 4234 445 4304 χωρῆσαι
458 4233 747 4289 δύνασθαι.
777 4232 936 4287 Κατὰ
963 4232 1121 4285 τοῦτο
1158 4232 1373 4304 εἴρηται
1399 4249 1411 4261 ·
1431 4232 1611 4300 ’Λνὴρ
1653 4248 1794 4286 παν-

203 4323 410 4393 οῦργος
448 4326 591 4396 (89),
641 4325 854 4391 θρόνος
909 4322 1283 4389 αἱσθήσεωρ’
1340 4321 1530 4392 θρόνος
1569 4321 1627 4374 δὲ
1676 4323 1796 4374 ἀτιέ

1895 3233 2097 3278 terram
2149 3226 2228 3280 uti
2280 3227 2582 3296 proximam
2625 3229 2848 3284 auribus
2897 3245 3179 3286 sermones
3213 3234 3467 3309 excipere

1886 3314 2062 3384 jubet.
2108 3313 2242 3369 Nam
2284 3316 2497 3369 auribus
2530 3316 2794 3385 percipere
2842 3315 2897 3369 id
2927 3326 3103 3370 sonat.
3139 3316 3247 3370 Aut
3289 3327 3467 3372 meto-

1894 3407 2109 3477 nymice
2146 3407 2342 3461 coelum
2393 3408 2613 3477 quidem
2665 3407 2895 3461 dicimus
2932 3408 3056 3461 coeli
3095 3408 3466 3479 habitatores;

1892 3497 2348 3564 quemadmodum
2377 3497 2649 3551 civitatem
2677 3496 2914 3551 civitatis
2940 3497 3166 3561 incolas,
3189 3507 3243 3552 et
3264 3506 3467 3555 terram

1891 3602 2084 3642 omnes
2114 3589 2167 3642 in
2197 3589 2310 3656 ipsa
2348 3599 2750 3642 commorantes
2789 3602 3198 3656 nuncupamus:
3248 3603 3316 3644 ne
3342 3588 3469 3646 inde

1892 3681 2248 3742 adducamur,
2279 3688 2337 3732 ut
2363 3680 2561 3734 ett-lum
2586 3687 2641 3734 et
2673 3688 2873 3734 terram
2904 3679 3139 3733 animata
3170 3693 3292 3737 esse
3318 3681 3469 3736 arbi-

1894 3784 2121 3829 tremur.
2143 3772 2236 3829 Sic
2257 3773 2405 3828 enim
2428 3782 2483 3828 et
2509 3772 2705 3827 coelum
2730 3771 2931 3826 dicitur
2953 3786 3074 3827 esse
3099 3772 3193 3831 Dei
3217 3773 3470 3844 thronus,

1892 3868 2035 3935 quod
2062 3865 2315 3923 caelestes
2339 3866 2445 3922 illae
2468 3866 2701 3921 virtutes
2727 3867 3092 3936 cognitionem
3121 3867 3217 3921 Dei
3244 3866 3470 3924 ﬁrmiter

1894 3957 1947 4011 in
1990 3970 2049 4011 se
2081 3956 2216 4026 ipsis
2242 3956 2563 4011 insidentem
2592 3956 2849 4011 habeant.
2896 3955 3064 4010 Terra
3112 3955 3300 4011 itidem
3345 3959 3469 4013 diei-

1896 4057 1983 4103 tur
2027 4048 2322 4104 scabellum
2345 4089 2362 4115 ,
2400 4057 2690 4119 propterea
2723 4046 2870 4118 quod
2917 4048 3189 4114 homines,
3221 4050 3275 4104 in
3325 4058 3469 4106 terra

1892 4141 2172 4211 degentes,
2206 4150 2447 4195 extrema
2476 4156 2594 4210 qua:
2621 4140 2688 4194 de
2718 4140 2827 4194 Deo
2854 4140 3240 4210 prmdicantur,
3266 4156 3469 4212 capere

1891 4231 1982 4284 vix
2016 4230 2251 4285 valeant.
2295 4229 2509 4285 Dictum
2557 4239 2642 4285 est
2682 4229 2839 4301 juxta
2879 4230 3052 4284 illud:
3094 4227 3188 4283 Vir
3226 4239 3469 4295 astutus,

1892 4321 2110 4376 thronus
2141 4337 2325 4375 sensus
2349 4322 2416 4389 ⁸²;
2456 4321 2682 4376 thronus
2704 4329 2884 4375 autem
2923 4321 3256 4392 ignominiaa,
3280 4321 3472 4378 mulier

207 4414 348 4484 μίας,
376 4418 520 4489 γυνὴ
565 4415 804 4488 μισοῦσα
847 4416 1051 4469 δίκαια.
1099 4416 1313 4487 Ὥσπερ
1348 4415 1445 4467 καὶ
1488 4414 1791 4484 αἰσθήσεως

1896 4415 2023 4470 odio
2065 4414 2274 4469 habens
2296 4429 2417 4484 quae
2448 4414 2593 4484 insta
2627 4423 2776 4468 sunt.
2822 4413 3285 4481 Quemadmodum
3317 4415 3474 4471 thro-

204 4480 405 4577 θρόνος,
436 4509 467 4562 ό
507 4480 837 4576 αίσθητικὸς
877 4507 971 4561 καὶ
1003 4507 1227 4579 ἔμφρων
1252 4480 1473 4569 ’-οὕτως
1504 4480 1787 4577 Θεοῦ-θρό-

1898 4523 2000 4561 nus
2023 4523 2214 4562 sensus
2237 4515 2325 4561 est
2347 4508 2453 4571 vir,
2486 4509 2582 4578 qui
2614 4510 2870 4565 cordatus
2892 4518 2980 4566 est
3010 4518 3065 4564 et
3101 4510 3371 4581 prudens;
3399 4511 3473 4565 ita

204 4613 305 4663 νος,
333 4602 363 4653 6
406 4602 679 4673 χωρήσας
713 4598 782 4653 τὰ
813 4599 1075 4653 ἀνωτάτω
1122 4598 1250 4670 περὶ
1300 4598 1435 4651 Θεοῦ
1462 4598 1785 4668 διηγήσεως.

202 4687 325 4745 Ὀτι
369 4694 597 4762 Κύριος
631 4691 922 4760 Albanae.
953 4691 1184 4762 Φοϐερὸν
1217 4691 1278 4744 τὸ
1317 4689 1650 4763 παρακούειν
1679 4689 1789 4742 τῶν

201 4784 290 4837 τοῦ
319 4786 458 4841 Θεοῦ
483 4788 691 4856 λόγων.

1897 4596 1991 4653 Dei
2037 4599 2264 4653 thronus
2301 4606 2385 4652 est
2424 4598 2551 4663 ille,
2596 4603 2691 4667 qui
2726 4615 3033 4669 supremam
3074 4602 3476 4658 enarrationem

1895 4687 1964 4742 de
1991 4683 2101 4744 Deo
2128 4685 2366 4741 habitam
2393 4687 2678 4742 intellexit.
2703 4688 2842 4755 Quia
2863 4689 3121 4745 Dominus
3146 4691 3350 4747 locutus
3372 4704 3473 4748 est.

1896 4779 2241 4851 Negligenter
2286 4779 2380 4836 Dei
2429 4793 2710 4836 sermones
2753 4782 2985 4850 audire,
3022 4798 3109 4838 res
3157 4794 3242 4839 est
3285 4783 3477 4841 formi-

1896 4870 2095 4925 danda.

263 4970 311 5003 τ’
343 4972 505 5025 Deut.
552 4985 632 5034 tv,
660 4969 751 5024 26.
829 4968 874 5000 ”
909 4969 1061 5022 Deut.
1098 4983 1270 5033 χχιιι,
1300 4967 1351 5021 1.
1412 4964 1458 4997 ³¹
1493 4963 1644 5018 Deut.
1677 4977 1795 5019 χχιι]

1887 4959 1947 5013 L8.
2011 4958 2060 4990 ⁸³
2087 4960 2248 5018 Prov.
2278 4977 2379 5017 xu.
2407 4961 2499 5017 25.

265 5080 378 5154 (81)
409 5081 653 5154 codices
679 5093 789 5137 tres
820 5097 923 5136 una
957 5097 1092 5154 cu_m
1315 5078 1784 5154 διαμαρτρρομαι.

201 5149 335 5222 Editi
360 5149 424 5205 ἐι
452 5153 598 5222 Reg.
633 5153 842 5219 primus
867 5167 991 5206 cum
1015 5149 1204 5222 Bibliis
1229 5149 1785 5222 Co_mplut.,6tapap—

199 5220 467 5294 ¹ε“.5ριιιχ.ι.‹ιιι..
496 5219 695 5275 Statim
727 5224 832 5276 duo
869 5237 1026 5294 mss...
1047 5219 1202 5294 λόγος
1232 5219 1470 5294 ἐνθένθε.

266 5288 378 5363 (85)
402 5293 547 5363 Reg.
582 5294 856 5363 secundus
888 5301 945 5363 et
971 5290 1131 5363 Coll);
1160 5291 1354 5363 tertius
1373 5333 1389 5355 ,
1419 5290 1593 5363 ὄντος,
1647 5288 1793 5363 Tan-

200 5360 530 5427 quam'Deus
562 5362 636 5415 sit
662 5362 717 5416 in
743 5362 1060 5432 propinquo.
1090 5360 1233 5414 Editi
1261 5374 1385 5415 cum
1429 5362 1640 5417 duobus
1668 5360 1793 5416 aliis

199 5433 577 5583 "lgibﬂ‘ggti,
615 5500 665 5552 oi
694 5499 872 5561 λοιποὶ
916 5500 1282 5572 ὲρμηνευταε.
1343 5499 1457 5555 Vox
1519 5501 1791 5572 ἑρμηνευ-

197 5571 283 5626 καί
306 5571 459 5626 deest
486 5571 543 5624 in
579 5586 712 5626 mss.
957 5571 964 5572 '
1061 5571 1064 5572 '
1556 5571 1559 5572 ν
1655 5571 1659 5572 κ

264 5642 376 5713 (8⁷)
411 5641 728 5713 Σύνεηνς
751 5640 867 5709 τὴν
913 5635 1135 5713 oga”,
1178 5639 1296 5713 τὴν
1327 5639 1463 5713 γῆν.
1504 5642 1794 5713 Fortem-

201 5708 454 5783 κείνων).
480 5708 597 5783 τὴν
629 5709 893 5780 σύνεγγυς
924 5708 1111 5777 οὖσαν,
1148 5708 1250 5781 τὴν
1293 5708 1420 5784 γῆν,
1461 5714 1568 5781 vel,
1620 5711 1796 5770 deleto

526 5802 810 5865 ΡΔτιιοι.
848 5800 966 5864 Ge.
1000 5798 1211 5865 XXX.

1889 5075 2148 5149 articulo,
2175 5070 2441 5149 σύνεγγυς
2468 5072 2633 5149 οὖσαν
2654 5075 2751 5149 τὴν
2783 5076 2904 5147 γῆν.
2934 5076 3091 5132 Eutr.

1970 5144 2083 5218 (88)
2111 5148 2501 5218 leices__tluo_.
2539 5144 2843 5218 obpavioug.

1963 5213 2075 5286 ('89)
2106 5213 2435 5289 ApudLXX
2463 5213 2755 5289 Providit,
2782 5217 2889 5289 25,
2924 5232 3029 5289 pro
3058 5218 3365 5289 πανοῦργος
3397 5219 3473 5275 le-

1932 5290 2069 5360 itur,
2094 5286 2335 5351 συνετός,
2377 5289 2459 5360 vir
2490 5286 2803 5360 intelligens.
2834 5286 2945 5343 Sed
2960 5286 3471 5360 ischoliastesﬂapnd

1945 5357 2193 5428 obilium,
2226 5366 2318 5411 aut
2342 5358 2524 5428 petitis
2544 5356 2813 5424 interpres
2841 5359 3173 5428 quidam.put
3197 5373 3264 5412 ex
3294 5356 3474 5414 He'xa-

1899 5429 2005 5495 plis
2043 5427 2327 5499 discimus,
2362 5430 2474 5499 h_ac_
2513 5426 2626 5494 ipsa
2671 5442 2802 5499 voce
2849 5426 3156 5499 πανοῦργος
3208 5445 3337 5483 usus
3363 5440 3468 5484 est.

1902 5497 2600 5571 Suspicatusdoctissimus
2636 5497 2719 5571 vir
2740 5497 3191 5563 Montl'anconius,
3221 5500 3471 5571 Aquilam

1901 5581 1958 5625 et
1982 5567 2407 5622 Theodotionem
2438 5569 2518 5622 sic
2553 5568 2780 5622 vertisse
2807 5572 3069 5633 potuisse,
3099 5585 3220 5624 cum
3247 5567 3350 5627 non
3373 5569 3478 5622 ειη·-

1904 5650 1989 5694 ter
2015 5638 2277 5697 verterint
2326 5637 2463 5693 Gen.
2512 5652 2595 5707 Ill,
2652 5638 2704 5691 1.
2746 5637 2971 5711 Vulgata
3022 5656 3241 5711 quoque
3296 5639 3476 5695 Homo

1902 5720 2161 5765 versutus.
