3838 6214
416 328 529 404 us

1370 331 1717 401 APPENDtx
1755 347 2042 405 OPERUM
2085 346 2142 404 s.
2185 346 2434 401 BASILII
2472 339 2713 404 mam.

3560 345 3677 411 lu

420 460 549 519 facti
579 470 725 518 sunt.
757 461 827 520 Ut
854 460 997 517 enim
1045 461 1139 533 qui
1169 461 1229 517 ﬁt
1259 460 1313 516 in
1353 464 1558 520 virtute
1584 481 1922 536 progressus,
1952 482 1983 522 a

2105 465 2340 536 τενέσθαι
2368 466 2473 519 υίοὶ
2507 468 2720 537 ἄνομοι.
2765 465 2850 529 Ὠς
2881 463 2990 535 γὰρ
3022 465 3057 535 ἡ
3081 463 3202 517 κατ’
3229 462 3430 534 ἀρετὴν
3464 478 3671 533 προκο-

423 555 724 611 minoribus
750 554 813 608 ad
844 552 1052 622 majora
1083 556 1231 625 capit
1255 555 1690 626 incrementum;
1722 560 1793 613 ita
1835 559 1992 613 mali-

424 646 515 701 tia:
557 644 768 708 effusio,
809 653 1025 715 sumpto
1051 660 1084 700 a
1118 646 1423 702 minoribus
1454 648 1630 713 initio,
1676 648 1741 702 ad
1789 648 1992 718 aliquid

425 736 823 793 immedicabile
849 737 1173 796 devolvitur.
1214 738 1384 795 Porro
1407 755 1589 796 semen
1616 741 1753 797 inter
1776 750 1831 797 et
1855 742 1993 800 ﬁlios

426 831 567 886 inest
603 831 766 885 etiam
805 832 1098 886 secundum
1128 831 1300 901 ipsam
1332 844 1583 887 naturam
1624 834 1875 903 cognatio
1904 834 1991 888 in-

426 937 560 993 gens
587 932 643 977 et
669 923 1067 977 convenientia.
1097 923 1139 976 A
1170 922 1378 978 semine
1424 925 1568 979 enim
1604 925 1672 979 ad
1716 926 1819 979 hoc
1860 940 1990 996 pro-

424 1011 668 1082 greditur
709 1021 925 1076 natura,
967 1022 1025 1066 ut
1075 1023 1406 1081 generentur
1433 1013 1548 1067 ﬁlii.
1581 1013 1692 1069 Nec
1738 1014 1792 1070 id
1831 1016 1994 1070 modo

420 1101 721 1157 secundum
775 1101 1156 1171 generationes
1233 1103 1685 1173 corporeas:sed
1737 1112 1793 1159 et
1840 1102 1993 1172 juxta

426 1196 620 1249 anima:
648 1208 981 1264 processum,
1019 1194 1109 1263 qui
1142 1210 1238 1265 per
1270 1195 1529 1249 doctrina:
1578 1195 1784 1249 semina
1825 1193 1994 1250 elﬁci-

426 1298 545 1351 tnr;
582 1286 1019 1358 quandoquidem
1051 1287 1142 1357 qui
1170 1286 1475 1342 doctrinam
1503 1301 1790 1356 excepere,
1813 1301 1878 1342 eo
1906 1302 1998 1341 us-

425 1394 532 1446 quc
570 1378 890 1448 proﬁciunt,
920 1388 981 1432 ut
1028 1378 1342 1433 doctoribus
1370 1379 1482 1432 suis
1505 1377 1636 1433 ﬁant
1665 1378 1993 1434 consimiles.

427 1469 494 1523 Et
547 1469 752 1524 idcirco
796 1467 895 1521 lilii
940 1468 1300 1537 appellantur,
1345 1466 1460 1522 sive
1515 1468 1608 1521 ﬁlii
1658 1468 1829 1536 regni,
1873 1483 1994 1521 cum

426 1561 692 1631 susceptis
730 1560 1061 1615 salutaribus
1108 1558 1426 1624 seminibus,
1462 1573 1559 1629 per
1603 1574 1667 1614 ea
1703 1558 1997 1629 perﬁciun-

429 1664 551 1718 tur;
588 1661 682 1707 aut
708 1651 971 1723 gehennae
1002 1649 1119 1717 ﬁlii,
1162 1650 1206 1705 si
1246 1650 1314 1704 ob
1340 1665 1652 1720 perversam
1685 1659 1740 1703 et
1789 1651 1999 1720 impro-

426 1745 551 1799 ham
594 1743 893 1798 doctrinam
944 1740 1233 1811 perditioni
1281 1743 1642 1796 destinantur.
1680 1741 1870 1811 Magna
1901 1756 1996 1795 au-

2092 555 2169 629 πὴ
2201 556 2308 609 ἀπὸ
2331 556 2438 611 τῶν
2462 556 2759 610 ἐλαττόνων
2788 556 2885 608 ἐπὶ
2908 554 2979 609 τά
3004 552 3176 626 μείζω
3204 553 3281 624 (5)
3308 553 3407 625 τὴν
3436 552 3672 625 αὔξησιν

2092 647 2207 719 ἔχει
2224 663 2239 681 '
2269 648 2497 720 οῦτωςή
2527 649 2627 720 τῆς
2659 647 2857 713 κακίας
2881 648 3038 719 χύσις
3063 646 3172 700 ἀπὸ
3200 645 3309 699 τῶν
3344 645 3672 699 ὑποδεεστέ-

2094 759 2202 814 ρων
2220 743 2329 796 τῶν
2358 741 2417 807 ἐξ
2439 742 2615 815 ἀρχῆς
2645 742 2739 795 ἐπὶ
2759 741 2820 793 τὸ
2844 740 3140 811 ἀνήκεστον
3168 737 3408 809 φέρεται.
3436 736 3674 808 Σπέρμα

2091 833 2148 887 δὲ
2173 833 2308 905 πρὸς
2330 835 2482 896 υἱοὺς
2511 833 2645 886 πολὺ
2683 832 2745 886 τὸ
2773 830 3063 885 ἀκόλουθον
3103 828 3198 882 καὶ¹
3226 828 3345 881 κατ’
3370 826 3537 896 αὐτὴν
3570 827 3675 897 τὴν

2094 924 2254 995 φύσιν
2287 924 2424 995 ἔχει.
2461 923 2594 977 Ἀπὸ
2620 923 2714 977 τοῦ
2740 922 3056 993 σπέρματος
3088 921 3199 994 γὰρ
3227 922 3307 984 εἰς
3328 919 3389 972 τὸ
3418 918 3568 982 υἱοὺς
3593 917 3675 989 (6)

2092 1017 2344 1087 γενέσθαι
2375 1017 2696 1089 προκόπτει,
2731 1012 2793 1069 οὐ
2833 1015 2993 1087 μόνον
3023 1013 3166 1068 κατά
3209 1012 3307 1078 τάς
3350 1010 3676 1082 σωματικὰς

2092 1111 2356 1178 γενέσεις,
2381 1110 2520 1164 ἀλλά
2546 1110 2640 1162 καὶ
2669 1108 2811 1163 κατὰ
2855 1108 2955 1180 τὴν
3009 1107 3066 1160 ἐν
3115 1106 3258 1176 ψυχῇ
3308 1103 3558 1180 αὔξησιν,
3606 1104 3676 1155 ἐκ

2092 1202 2201 1256 τῶν
2229 1202 2330 1272 τῆς
2355 1201 2700 1265 διδασκαλίας
2747 1178 3077 1270 σπερμάτων
3121 1199 3201 1260 είς
3233 1195 3332 1268 τὴν
3370 1178 3508 1264 πρὸς
3541 1194 3675 1256 τοὺς

2093 1287 2410 1353 διδάξαντας
2440 1288 2759 1359 ἐξεμοίωσιν
2786 1287 2895 1340 τῶν
2939 1285 3351 1356 ὑποδεξαμένων
3380 1284 3449 1337 τά
3485 1282 3676 1350 διδάγ-

2097 1399 2245 1452 ματα
2288 1381 2729 1452 προκοπτόντων,
2772 1382 2866 1434 καὶ
2901 1378 2991 1433 διὰ
3034 1377 3191 1432 τοῦτο
3233 1376 3365 1431 υἱῶν
3398 1393 3679 1449 χρηματι-

2095 1470 2318 1539 ζόντων,
2351 1473 2470 1544 ἦτοι
2516 1473 2648 1529 υἱῶν
2680 1474 2780 1543 τῆς
2825 1471 3118 1543 βασιλείας,
3160 1473 3288 1525 ὅταν
3319 1470 3388 1523 τὰ
3432 1472 3680 1542 σωτήρια

2094 1565 2376 1636 δεξάμενοι
2419 1566 2496 1638 (7)
2545 1565 2856 1636 σπέρματα,
2900 1566 3020 1620 κατ’
3056 1564 3192 1617 αὑτά
3242 1562 3595 1627 τελειοῦνται,
3640 1561 3677 1633 ἢ

2094 1656 2194 1726 τῆς
2230 1655 2457 1726 γεέννης
2501 1654 2654 1719 υἱῶν,
2693 1656 2786 1709 ἐὰν
2827 1657 2890 1708 ἐκ
2929 1653 3179 1725 πονηρῶν
3215 1652 3557 1722 διδαγμάτων
3605 1652 3676 1724 τῇ

2097 1745 2342 1815 ἀπωλείᾳ
2371 1744 2839 1817 προσοικειῶνται.
2873 1744 3100 1814 Μεγάλη
3122 1743 3179 1796 δὲ
3205 1740 3529 1811 κατηγορία,
3554 1739 3678 1792 ὅλον

431 1843 536 1889 tem
568 1832 873 1903 objurgatio
917 1842 1022 1896 est,
1058 1840 1224 1886 totam
1258 1843 1474 1900 gentem
1508 1831 1687 1887 vocari
1734 1831 1998 1901 peccatri-

2105 1836 2251 1901 ἐθνος
2290 1836 2609 1908 ἁμαρτωλὸν
2643 1837 3027 1908 χρηματίζειν,
3070 1835 3146 1899 ὡς
3189 1833 3390 1904 μηδένα
3425 1834 3482 1885 ἐν
3524 1829 3680 1901 αὐτῷ

428 1941 567 1989 cem,
594 1939 658 1979 ac
688 1924 733 1977 si
771 1938 839 1977 ne
877 1936 1014 1976 unus
1048 1922 1265 1991 quidem
1305 1923 1357 1976 in
1405 1922 1518 1991 ipsa
1556 1921 1835 1992 quidpiam
1865 1922 1997 1977 recti

427 2017 607 2085 operis
640 2022 880 2084 patraret
911 2032 925 2068 :
955 2014 1103 2079 item,
1130 2029 1252 2068 cum
1288 2015 1515 2085 populus
1538 2014 1778 2085 peccatis
1807 2013 2001 2085 plenus

427 2109 650 2173 dicitur,
680 2106 837 2176 quasi
868 2105 1077 2159 nullum
1120 2120 1229 2160 non
1273 2120 1444 2176 genus
1487 2105 1794 2175 iniquitatis
1822 2116 1877 2161 et
1905 2104 2000 2160 ﬁa-

427 2200 543 2271 gitii
583 2200 648 2255 ab
687 2213 803 2268 ipso
847 2205 1191 2264 exerceatur,
1240 2197 1376 2252 adeo
1403 2206 1463 2252 ut
1496 2198 1665 2252 etiam
1715 2198 1831 2268 ipsa
1870 2198 1999 2252 vitia

428 2303 611 2343 secum
651 2286 946 2357 pugnantia
975 2293 1031 2340 et
1076 2285 1352 2341 contraria
1384 2287 1759 2352 inveniantur,
1795 2302 1891 2342 ceu
1921 2287 2002 2342 di-

428 2389 574 2433 ctum
620 2386 747 2433 est:
792 2376 1033 2446 Repletos
1092 2378 1235 2430 omni
1274 2377 1550 2447 iniquitate
1570 2378 1635 2433 θ’.
1695 2377 1761 2431 Et
1820 2377 1997 2433 illud:

431 2467 684 2525 Nondum
721 2468 860 2522 enim
907 2468 1161 2535 completa
1215 2477 1335 2521 sunt
1386 2479 1601 2538 peccata
1665 2471 2001 2524 Amori-Imao-

346 2596 355 2609 .
438 2577 559 2614 rum
576 2561 644 2617 ".
672 2559 811 2626 Quin
845 2560 1010 2613 etiam
1044 2558 1111 2612 ab
1148 2557 1265 2627 ipso
1312 2558 1595 2615 Salvatore
1628 2560 1829 2616 dictum
1874 2571 1998 2617 est:

433 2653 501 2707 Et
525 2667 616 2705 vos
639 2649 850 2720 implete
881 2665 1180 2704 mensuram
1208 2659 1419 2719 patrum
1445 2660 1734 2705 vestrorum
1753 2652 1823 2706 ".

498 2742 665 2814 389
696 2741 783 2796 l7.
816 2741 1016 2797 Semini
1045 2756 1288 2810 nequam.
1317 2739 1621 2807 Zizanium,
1645 2742 1787 2811 quod
1807 2741 1874 2796 ab
1902 2743 2003 2796 ini-

429 2858 573 2912 mico
615 2855 836 2910 homine
877 2868 1013 2924 puro
1067 2852 1343 2908 frumento
1389 2853 1694 2922 inspersum
1740 2862 1849 2918 est,
1896 2852 2001 2920 iam

429 2947 672 3002 adultum
706 2945 847 2999 ﬁlius
885 2944 1104 3013 iniquus
1141 2942 1339 3008 evasit,
1372 2956 1496 2998 cum
1534 2943 1675 2999 ﬁlius
1705 2944 1778 2998 sit
1825 2945 2003 3014 perdi-

427 3039 616 3106 tionis,
659 3036 911 3106 ﬁliusque
942 3036 1221 3107 gehennae.
1257 3034 1596 3105 Quapropter
1623 3043 1677 3091 et
1713 3036 2003 3091 commise-

428 3135 642 3189 ratione
695 3130 843 3201 digni
890 3137 1040 3196 sunt,
1088 3130 1331 3198 quicum
1358 3137 1545 3184 essent
1575 3126 1670 3181 ﬁlii
1714 3127 1998 3190 Altissimi,

428 3226 563 3283 facti
610 3236 737 3282 sunt
779 3225 876 3280 ﬁlii
926 3224 1133 3293 iniqui;
1180 3223 1384 3294 quique
1411 3237 1534 3277 cum
1574 3222 1629 3277 in
1653 3224 2002 3292 generatione

428 3316 602 3389 magis
634 3316 818 3372 divina
851 3329 1074 3371 manere
1123 3314 1461 3380 debuissent,
1496 3311 1622 3367 facti
1653 3321 1782 3366 sunt
1820 3326 2003 3367 semen

427 3425 684 3481 nequam.
729 3408 998 3465 Ceterum
1050 3409 1347 3462 inveterata
1400 3405 1607 3460 malitia
1656 3405 1724 3460 iis
1764 3404 1857 3474 qui
1892 3404 2005 3474 pri-

430 3516 581 3557 mum
629 3500 747 3571 ipsa
793 3497 976 3553 inferti
1028 3506 1178 3562 sunt,
1230 3494 1508 3551 interitum
1552 3496 1715 3565 parit.
1747 3495 2004 3549 Extrema

431 3605 667 3662 namque
710 3590 916 3645 malitia
963 3601 1147 3643 secum
1198 3588 1314 3656 ipsa
1376 3596 1598 3658 pugnat.
1643 3585 2006 3655 Dereliqut'stis

431 3685 742 3748 Dominum,
784 3690 836 3737 et
883 3682 1137 3735 irritastis
1177 3690 1417 3734 sanctum
1462 3679 1655 3735 Israel.
1712 3678 2001 3746 Quodnam

440 3778 602 3833 datur
627 3776 799 3846 majus
825 3772 1045 3828 malitia:
1067 3780 1470 3841 argumentum,
1497 3786 1661 3840 quam
1689 3786 1719 3824 a
1744 3775 1887 3825 bono
1909 3769 2004 3825 de-

432 3864 634 3921 ﬁcere?
670 3879 791 3935 qua:
820 3863 1003 3918 itidem
1033 3862 1275 3929 pravitas
1298 3860 1486 3931 :major
1510 3876 1672 3931 quam
1712 3861 1912 3916 bonum
1939 3875 2005 3917 ac

433 3957 621 4013 mitem
667 3952 1035 4024 exasperare?
1066 3951 1208 4018 Quin
1248 3959 1303 4006 et
1341 3952 1407 4007 de
1444 3952 1638 4007 iisdem
1681 3953 1822 4021 apud
1855 3950 2007 4007 Jere-

432 4050 602 4105 miam
629 4055 1019 4116 coarguuntur.
1065 4043 1155 4098 Me
1202 4044 1346 4097 enim
1386 4044 1771 4114 dereliquerunt
1807 4043 2006 4111 [autem

432 4160 589 4215 aqua?
620 4120 746 4198 vivae
767 4141 837 4194 ⁸³.
870 4138 1064 4194 Verum
1092 4151 1191 4207 pro
1223 4136 1434 4191 ratione
1467 4144 1524 4190 et
1566 4135 1729 4191 modo
1772 4135 1997 4202 hujusce

417 4218 756 4291 deiectionis
784 4230 1156 4299 unusquisque
1186 4227 1291 4284 sibi
1326 4229 1463 4297 ipse,
1487 4241 1609 4282 cum
1636 4226 2008 4281 remuneratio

435 4327 553 4392 ﬁet,
583 4327 680 4380 im
713 4336 1024 4378 mensuram
1052 4318 1320 4374 recondit.
1361 4316 1591 4371 Alienati
1644 4325 1766 4370 sunt
1810 4325 2009 4369 retror-

434 4434 572 4472 sum.
610 4416 725 4471 Hoc
760 4428 828 4469 ex
867 4412 1107 4467 editione
1135 4409 1527 4465 Theodotionis
1559 4409 1863 4478 appositum
1899 4415 2004 4472 est,

2100 1927 2398 1999 κατορθοῦν
2416 1947 2430 1959 θ
2465 1930 2559 1983 καὶ
2599 1929 2727 1983 λαὸν
2760 1928 2940 2000 πλήρη
2969 1926 3272 1998 ἁμαρτιῶν,
3297 1926 3372 1990 ὡς
3402 1926 3509 1980 πᾶν
3534 1919 3678 1985 εἶδος

2099 2022 2329 2093 ἀνομίας
2363 2018 2439 2093 (8)
2469 2020 2881 2091 ἐπιτηδεύεσθαι
2913 2020 3041 2090 παρ’
3071 2018 3271 2082 αὐτῶν,
3308 2016 3444 2071 ἀλλά
3478 2015 3576 2069 καὶ
3607 2011 3682 2067 τὰ

2100 2114 2196 2183 τῆς
2227 2113 2423 2176 κακίας
2455 2112 2591 2183 πρὸς
2633 2111 2832 2182 ἑαυτὴν
2881 2109 3258 2181 ἐναντιώματα
3300 2104 3680 2176 εὑρίσκεσθαι,

2100 2199 2284 2264 καθὼς
2309 2201 2557 2273 εἴρηται·
2602 2200 3114 2268 Πεπληρωμένους
3162 2196 3365 2265 πάσης
3405 2195 3680 2260 ἀδικίας-⁸

2100 2292 2196 2345 καὶ
2219 2290 2301 2356 τὸ,
2350 2292 2527 2344 Οὔπω
2562 2289 2674 2360 γὰρ
2723 2287 3259 2359 ἀναπεπλήρωνται
3302 2290 3362 2340 αἱ
3401 2284 3683 2355 ἁμαρτίαι

2100 2383 2220 2437 τῶν
2280 2383 2628 2452 Ἀμορραίων
2661 2400 2676 2414 ·
2739 2382 2834 2436 καὶ
2889 2381 3041 2454 παρά
3107 2379 3201 2435 τοῦ
3267 2378 3519 2451 Σωτῆρος
3573 2377 3678 2431 δέ·

2101 2471 2462 2540 Πληρώσατε
2504 2473 2600 2527 καὶ
2641 2472 2811 2542 ὑμεῖς
2859 2472 2925 2527 τὸ
2970 2470 3191 2542 μέτρον
3238 2470 3357 2524 τῶν
3404 2469 3681 2537 πατέρων

2100 2562 2271 2633 ὑμῶν

2176 2746 2261 2798 17.
2293 2744 2531 2813 Σπέρμα
2561 2744 2848 2812 πονηρόν.
2888 2743 2961 2795 Τὸ
3004 2743 3155 2813 παρά
3198 2741 3295 2795 τοῦ
3340 2739 3535 2813 ἐχθροῦ
3587 2741 3685 2793 ἀν-

2104 2836 2320 2908 θρώπου
2350 2836 2429 2907 τῷ
2462 2836 2688 2908 καθαρῷ
2722 2837 2854 2906 σίτῳ
2895 2835 3193 2906 ἐπισπαρέν
3246 2833 3502 2898 ζιζάνιον,
3539 2831 3569 2886 ὃ
3598 2834 3683 2895 είς

2102 2929 2382 2982 τελείωσιν
2414 2928 2566 2982 ἐλθὸν
2617 2929 2731 2992 υἱὸς
2774 2927 2989 2996 ἐγένετο
3028 2926 3248 2996 ἄνομος,
3293 2925 3409 2988 υίὸς
3464 2922 3541 2977 ὣν
3575 2925 3687 2978 ἀπ-

2103 3021 2299 3085 ωλείας
2344 3022 2441 3075 καὶ
2490 3020 2602 3084 uit;
2636 3020 2711 3090 t9)
2744 3018 2989 3090 γεέννης.
3016 3018 3116 3071 Διά
3139 3017 3296 3071 τοῦτο
3341 3017 3435 3071 καὶ
3477 3015 3683 3087 θρήνου

2103 3112 2379 3179 ἀξιοῦνται
2404 3114 2476 3179 οἱ,
2500 3113 2622 3166 ἀντὶ
2648 3111 2742 3165 τοῦ
2774 3111 2881 3163 υἱοὶ
2914 3110 3169 3180 Ὑψίστου
3200 3106 3358 3173 εἶναι,
3393 3107 3499 3160 υἱοὶ
3527 3107 3686 3176 γενό-

2107 3222 2257 3277 μενοι
2287 3204 2499 3275 ἄνομοι,
2520 3205 2615 3258 καὶ
2635 3204 2755 3257 ἀντὶ
2777 3202 2872 3257 τοῦ
2906 3206 3082 3274 μεῖναι
3110 3204 3166 3255 ἐν
3194 3200 3308 3279 (10)
3330 3202 3397 3271 τῇ
3425 3198 3680 3271 θειοτέρα

2103 3299 2372 3369 γεννήσει,
2415 3296 2635 3369 σπέρμα
2672 3296 2952 3367 γενόμενοι
2994 3295 3263 3366 πονηρόν·
3322 3292 3461 3365 πλὴν
3505 3293 3592 3346 ὅτι
3642 3294 3679 3363 ἡ

2105 3392 2164 3443 ἐν
2196 3388 2306 3442 ἔθει
2351 3390 2585 3459 πονηρία
2620 3388 2818 3452 αὐτῶν,
2872 3386 3087 3459 πρῶτον
3133 3385 3239 3441 τῶν
3290 3385 3521 3457 ἐχόντων
3563 3385 3684 3439 ἐστὶ

2106 3480 2411 3552 φθαρτική·
2467 3479 2530 3533 τὸ
2582 3479 2691 3551 γὰρ
2743 3478 2971 3549 ἔσχατον
3021 3480 3079 3532 ἐν
3126 3477 3360 3549 πονηρίᾳ
3406 3477 3500 3531 καὶ
3543 3476 3684 3548 πρὸς

2106 3573 2267 3626 ἑαυτό
2318 3574 2467 3627 ἐστιν
2512 3571 2862 3642 ἀσύμφωνον.
2903 3571 3365 3640 Ἐγκατελίπατε
3410 3568 3519 3639 (ll)
3573 3569 3685 3623 τὸν

2105 3667 2343 3734 Κύριον,
2376 3664 2474 3718 καὶ
2501 3664 2888 3733 παρωξύνατε
2921 3664 3028 3717 τὸν
3062 3663 3231 3732 ἅγιον
3270 3663 3376 3716 τοῦ
3410 3661 3681 3731 Ἰσραήλ.

2106 3756 2203 3819 Τίς
2229 3755 2428 3825 μείζων
2452 3753 2647 3817 κακίας
2669 3752 2959 3819 ἀπόδειξις,
2985 3753 3018 3824 ἢ
3046 3752 3192 3824 ἡτοῦ
3216 3750 3419 3821 ἀγαθοῦ
3445 3753 3684 3821 ἐγκατά-

2106 3846 2325 3917 λειψιςς
2358 3846 2453 3900 καὶ
2498 3845 2764 3918 πονηρίας
2812 3843 3103 3916 ὑπερϐολὴ,
3146 3843 3208 3897 τὸ
3251 3842 3553 3915 παροξῦναι
3591 3843 3682 3897 τὸν

2107 3940 2311 4008 ἀγαθὸν
2360 3938 2455 3993 καὶ
2507 3939 2682 4012 πρᾶον
2727 3936 2979 4009 (12);Τὸ
3023 3936 3155 3991 αὐτὸ
3199 3936 3256 3990 δὲ
3297 3937 3392 3989 καὶ
3419 3936 3571 4007 παρά
3604 3934 3682 4005 τῷ

2118 4030 2358 4102 Ἱερεμίᾳ
2405 4028 2836 4101 κατηγοροῦνται
2860 4046 2876 4061 ο
2928 4028 3058 4098 Ἐμὲ
3114 4028 3223 4099 γὰρ
3285 4027 3683 4097 ἐγκατέλιπον

2109 4121 2313 4191 πηγὴν
2343 4120 2563 4188 ὕδατος
2592 4120 2826 4187 ζῶντος.
2854 4120 3012 4175 Κατά
3042 4120 3100 4173 δέ
3132 4119 3230 4191 τὴν
3270 4120 3546 4192 ποσότητα
3583 4121 3681 4189 τῆς

2109 4211 2567 4281 ἐγκαταλείψεως,
2590 4211 2652 4264 τὺ
2686 4210 2882 4282 μέτρον
2911 4209 3138 4273 ἕκαστος
3161 4209 3339 4281 ἐαυτῷ
3361 4209 3681 4281 θησαυρίζει

2106 4307 2206 4375 τῆς
2246 4306 2304 4357 ἐν
2355 4306 2421 4375 τῇ
2461 4302 2813 4357 ἀνταποδόσει
2864 4303 3051 4373 ὀργῆς.
3088 4301 3682 4371 Ἄπηλλοτριώθησαν

2112 4400 2201 4461 εὶς
2222 4397 2295 4450 τὰ
2327 4397 2538 4449 ὀπίσω.
2569 4394 2739 4448 Τοῦτο
2762 4393 2868 4447 ἀπὸ
2889 4394 2981 4447 τοῦ
2999 4394 3107 4465 (15)
3125 4393 3478 4459 Θεοδοτίωνος
3506 4411 3680 4465 προσ-

434 4510 588 4580 quasi
617 4523 646 4562 a
678 4507 789 4562 Deo
830 4503 1127 4561 abalienari
1177 4501 1415 4572 quodam
1446 4499 1503 4554 in
1531 4499 1722 4554 vitium
1756 4497 1930 4568 lapsu,
1957 4498 1998 4552 si

2110 4489 2291 4561 ετέθη,
2322 4489 2483 4541 οἱονεὶ
2515 4486 2780 4558 ἑρμηνεία
2814 4485 2907 4539 τοῦ
2942 4484 3349 4555 ἐγκαταλιπεῖν,
3402 4485 3466 4539 τδ
3502 4486 3697 4539 ἀπαλ-ο

435 4599 835 4670 interpreteris,
897 4596 1035 4651 idem
1098 4596 1171 4651 sit
1223 4604 1388 4665 atque
1428 4607 1550 4648 eum
1606 4589 2000 4659 derelinquere.

430 4689 896 4761 Quemadmodum
946 4684 1089 4743 enim
1129 4687 1175 4743 is
1200 4687 1292 4756 qui
1334 4686 1402 4741 ad
1451 4683 1840 4755 perfectionem
1866 4696 2000 4737 con-

432 4782 629 4847 tendit,
661 4779 716 4834 in
749 4778 1018 4833 anteriora
1048 4776 1414 4848 progreditur,
1467 4777 1543 4830 ita
1574 4781 1828 4844 peccator
1857 4780 2005 4827 retro

504 4980 549 5012 ⁸³
576 4980 736 5034 Rom.
764 4993 805 5043 ι,
843 4976 935 5031 25.
1008 4975 1056 5008 ”
1081 4975 1217 5028 Gen.
1248 4988 1337 5038 xv,
1371 4976 1457 5026 16.
1533 4971 1582 5003 "
1612 4969 1800 5025 Matth.
1827 4983 1987 5035 χχιιι,
2016 4966 2107 5021 52.

503 5159 581 5230 (ε)
610 5150 754 5211 Editi
776 5164 831 5210 et
862 5154 965 5209 duo
995 5125 1149 5219 tu...
1176 5150 1236 5205 τδ
1263 5149 1464 5222 μεῖζον.
1494 5148 1598 5204 Alii
1634 5147 1848 5213 tres,-:&
1884 5145 2006 5218 μεί-

433 5227 585 5370 ῗωάἱ)
612 5295 907 5370 Colhertini
931 5295 1156 5370 primus.
1181 5303 1233 5346 et
1245 5291 1499 5370 nter-tius,
1526 5289 1660 5352 υἱός.
1688 5287 1859 5370 ΛΕᾴίιί.
1884 5301 2005 5370 cum

437 5358 579 5436 Reg:
605 5368 861 5431 secundo,
891 5358 1017 5427 τοὺς
1044 5362 1210 5426 υἱούς.
1243 5360 1394 5431 Regii
1422 5360 1626 5429 primus
1650 5368 1703 5413 et
1739 5358 1929 5413 tertius
1950 5366 2010 5412 ut

439 5438 491 5493 in
529 5447 692 5490 textu.

512 5506 587 5577 (7)
620 5503 1076 5577 Begtsecundus,
1108 5500 1434 5577 δεξαμένων.
1462 5497 1663 5552 Ibidem
1693 5511 1821 5551 mss.
1850 5494 2005 5563 quin-

436 5571 911 5647 (ιιιὲίτελεὶοῦντα.
941 5574 1099 5639 Editi,
1124 5571 1453 5647 τελειῶνται.

511 5635 588 5715 (8)
608 5645 710 5715 iSfic
753 5646 880 5700 editi
931 5658 1054 5715 eum
1086 5635 1313 5715 :dttobus
1357 5652 1617 5715 mss._Aut
1651 5635 2008 5715 _tres,_¢ltp.ap-

434 5705 582 5777 τίαςξ
606 5714 725 5771 Mox
758 5729 890 5768 mss.
930 5714 1055 5777 duo,
1083 5709 1455 5779 ἐναντιώματα
1485 5705 1909 5779 ἐνευρίσκεσθαι.

513 5785 590 5857 (9)
617 5784 693 5842 Ita
722 5784 851 5843 editi
885 5794 936 5840 et
969 5798 1100 5840 mss.
1154 5777 1413 5837 nonnulli.
1461 5780 1575 5838 Vox
1614 5777 1727 5841 υἱός
1755 5778 1809 5833 in
1846 5786 2002 5833 utro-

2108 4583 2450 4655 λοτριοῦσθαι
2482 4581 2576 4635 τοῦ
2604 4580 2740 4634 Θεοῦ
2765 4580 2852 4633 διά
2878 4580 2977 4651 τῆς
3005 4580 3097 4632 ἐπὶ
3124 4579 3182 4632 τὸ
3214 4581 3394 4650 χεῖρον
3426 4580 3687 4634 ἀποπτάμ-

2111 4695 2270 4742 σεως.
2309 4676 2519 4746 ’Ὠσπερ
2563 4673 2673 4746 γὰρ
2724 4676 2753 4726 ό
2794 4672 3167 4742 τελειούμενος
3214 4674 3330 4734 τοῖς
3371 4670 3685 4742 ἔμπροσθεν

2111 4768 2505 4831 ἐπεκτείνεται,
2549 4765 2721 4828 οὕτως
2772 4767 2801 4817 ό
2838 4763 3167 4834 ἁμαρτάνων
3217 4764 3299 4825 είς
3342 4763 3404 4816 τὸ
3452 4764 3689 4817 κατόπιν

2210 4966 2256 4996 ⁹⁶
2289 4974 2491 5019 Jeretn.
2534 4977 2595 5027 ll,
2637 4962 2724 5015 15.

2076 5208 2081 5213 Δ
2111 5158 2216 5212 que
2254 5140 2494 5213 Gomhei‘.
2530 5141 2702 5195 deest.
2728 5137 2842 5192 Non
2873 5137 3027 5210 longe
3057 5139 3183 5193 hinc
3212 5138 3318 5193 duo
3353 5153 3509 5202 mss.,
3553 5135 3696 5208 θρήσ.

2113 5211 2237 5276 νους
2259 5211 2555 5277 ἀξιοῦνται.

2183 5288 2203 5350 t_
2214 5286 2296 5350 l0)
2331 5283 2470 5334 Editi
2529 5295 2648 5334 eum
2700 5279 2909 5332 duobus
2962 5291 3119 5350 mss.,
3149 5277 3262 5331 ἐπί.
3299 5293 3400 5350 .._.n
3439 5278 3691 5350 tre§._év.

2113 5345 2324 5439 Necita
2363 5354 2531 5406 multo
2583 5357 2706 5418 post
2748 5362 2877 5403 mss.
2930 5349 3190 5417 quinque,
3242 5345 3685 5418 ﬁpLTJTOVaEdIli,

2114 5438 2347 5475 ποιυτων
3682 5438 3689 5441 “

2193 5440 2347 5475 ωτων

2160 5440 3093 5585 Pili:E‘iﬂiﬂ'ff.‘2.m?§;'12:‘:'“l‘f:

2187 5557 2299 5633 (12)
2336 5557 2410 5633 ita
2433 5559 2793 5633 editi.ct_duo
2821 5570 2955 5633 mss.
2988 5559 3091 5633 Alii
3127 5567 3259 5622 tres,
3286 5557 3462 5633 ἀγεθν.

2112 5701 2155 5757 D
2183 5622 2295 5705 (15)
2329 5632 2422 5687 Sic
2463 5644 2593 5686 mss.
2647 5629 2720 5683 At
2769 5624 2899 5681 editi
2948 5628 3234 5693 omittunt,
3290 5625 3481 5682 Τοῦτο.
3538 5622 3693 5695 Lego,

2160 5716 2225 5757 uc

2160 5716 2225 5757 uc
