3838 6214
178 270 284 343 us

1056 274 1411 333 COMMENT.
1450 273 1519 332 IN
1558 274 1795 331 lSAlAM
1834 274 2281 335 PBOPHETAM.
2324 276 2476 334 CAP.
2519 275 2560 333 Ι.

3300 280 3417 338 446

186 385 481 449 ἁναποδίξει
525 386 654 460 (14),
686 388 980 463 μακρύνων
1016 392 1210 449 ἑαυτὸν
1243 392 1338 447 τοῦ
1386 394 1615 469 Κυρίου,
1651 394 1746 448 καὶ

1851 396 2040 463 pedem
2086 394 2275 460 refert,
2317 395 2646 453 submoveus
2681 406 2800 453 sese
2824 408 2855 449 a
2892 391 3145 459 Domino,
3177 399 3234 448 et
3262 392 3330 448 ob
3360 394 3416 449 id

185 477 262 532 διὰ
294 478 445 533 τοῦτο
479 479 868 552 ἀπολλύμενος.
893 482 1041 538 Ἰδοὺ
1072 483 1205 557 γὰρ,
1248 486 1404 557 φησὶ,
1433 489 1487 540 oi
1513 487 1741 557 μακρύ-

183 586 376 635 rer-ter;
402 570 655 637 ἑαυτοὺς
680 571 798 626 ἀπὸ
836 574 975 641 σοῦ,
1004 574 1397 631 ἀπολοῦνται.
1428 576 1615 643 Οὕτως
1647 573 1740 631 οὖν

184 659 473 732 βιώσωμεν,
526 661 600 725 ὡς
645 664 913 734 μηδέποτε
960 666 1029 720 τὰ
1073 667 1414 740 παρελθόντα
1456 670 1739 740 κρείττονα

182 748 301 804 εἶναι
328 750 435 803 τῶν
469 750 768 823 μελλόντων
801 755 834 825 ἢ
869 754 978 808 τῶν
1017 758 1409 829 ἐνεστηκότων.
1438 759 1608 812 Τοῦτο
1632 759 1739 831 γάρ

181 844 266 896 καὶ
299 846 327 896 ό
364 844 794 918 Ἐκκλησιαστὴς
851 847 1216 921 ἀπαγορεύει’
1258 848 1355 918 Μὴ
1409 849 1607 921 εἴπῃς,
1650 848 1740 903 ὅτι

178 935 373 1003 ἡμέραι
408 938 469 989 αἱ
502 937 777 1006 πρότεραι
817 939 1031 1009 ἀγαθαὶ
1078 935 1243 1010 ἦσαν
1289 940 1443 1010 ὑπὲρ
1478 942 1699 1007 ταύτας
1721 957 1736 973 ο

179 1025 258 1079 ὅτι
292 1029 399 1082 οὐκ
428 1028 502 1081 ἐν
528 1030 715 1098 σοφίᾳ
749 1029 1141 1101 ἐπηρώτησας
1168 1031 1302 1101 περὶ
1340 1032 1573 1086 τούτου.
1613 1032 1741 1085 Ἐὰν

177 1119 275 1189 γὰρ
300 1120 353 1172 αἱ
384 1121 725 1190 προάγουσαι
772 1122 975 1194 ἡμέραι
1022 1123 1263 1195 βελτίους
1298 1119 1398 1178 ὦσι
1442 1124 1553 1177 τῶν
1600 1124 1741 1195 μετά

176 1208 355 1274 ταῦτα,
373 1209 697 1282 λεχθήσεται
727 1214 858 1284 ἡμῖν
885 1213 995 1285 (15)
1022 1231 1036 1245 ⁸
1062 1214 1313 1270 Τοσαῦτα
1338 1215 1569 1271 ἐπάθετε
1590 1215 1735 1286 εἰκῆ,

176 1300 598 1372 ἀμαυρουμένων
636 1302 744 1356 τῶν
773 1303 957 1357 καλῶν
996 1304 1101 1358 ὑπὸ
1135 1306 1233 1377 τῆς
1267 1309 1325 1360 ἐν
1362 1308 1473 1370 τοῖς
1516 1305 1740 1378 ὕστερον

177 1392 439 1461 ἀμελείας.
470 1394 530 1447 ’0
558 1393 670 1465 γάρ
698 1394 957 1467 Ἰεζεκιήλ
984 1413 1148 1468 φησιν
1167 1414 1180 1427 ’
1216 1398 1313 1451 Ἐν
1340 1396 1421 1463 τῷ
1448 1396 1741 1467 ἀποστρέ-

175 1486 275 1551 ψαι
300 1484 534 1538 δίκαιον
556 1485 629 1538 ἐκ
655 1483 765 1552 τῆς
785 1484 1176 1556 δικαιοσύνης
1204 1489 1414 1553 αὑτοῦ,
1446 1488 1543 1543 καὶ
1570 1487 1741 1558 ποιῆ-

175 1590 270 1629 σαι
293 1575 528 1630 ἀδικίαν
547 1577 699 1631 κατὰ
723 1576 927 1645 πάσας
946 1580 1053 1645 τὰς
1075 1581 1328 1652 ἀνομίας
1356 1579 1431 1648 ἃς
1451 1580 1741 1648 ἐποίησεν

177 1669 206 1720 d
236 1665 481 1736 ἄνομοςο
511 1667 703 1723 πᾶσαι
733 1673 794 1725 ai
824 1670 1202 1727 δικαιοσύναι
1229 1671 1302 1739 ἃς
1330 1673 1640 1741 ἐποίησεν,
1666 1673 1739 1725 οὐ

1847 485 2093 556 disperit.
2142 482 2278 538 Ecce
2323 483 2490 549 enim,
2540 482 2735 553 inquit,
2782 483 2873 555 qui
2916 485 3158 551 elongant
3197 498 3306 536 sea
3344 494 3416 549 te,

1845 576 2085 647 peribunt
2107 574 2175 627 ⁸⁷.
2207 575 2288 630 Ad
2332 574 2476 630 hunc
2514 575 2681 646 igitur
2720 572 2939 629 modum
2967 572 3134 631 vitam
3167 580 3415 629 nostram

1847 669 2212 735 instituamus,
2247 676 2307 723 ut
2358 682 2481 737 quae
2522 668 2920 737 praeterierunt,
2973 679 3249 735 nunquam
3301 679 3418 719 me—

1848 761 1979 818 liora
2023 761 2220 817 futurls
2264 763 2533 819 exsistant
2577 769 2671 815 aut
2720 758 3105 830 praesentibus.
3138 755 3197 821 Id
3239 756 3417 827 ipsum

1845 855 1989 909 enim
2035 855 2313 911 interdicit
2343 854 2702 910 Ecclesiastes
2732 872 2745 908 :
2783 850 2865 906 Ne
2891 850 3111 917 dixeris,
3137 849 3263 921 quia
3305 849 3416 903 dies

1845 948 2044 1014 priores
2073 958 2223 1000 erant
2257 946 2378 1000 boni
2406 960 2560 1014 super
2588 946 2680 999 hos
2706 961 2723 998 :
2754 944 2878 1010 quia
2923 958 3025 996 non
3065 942 3123 995 in
3156 939 3417 1009 sapientia

1845 1035 2183 1104 interrogasti
2224 1035 2288 1089 de
2325 1037 2423 1088 hoc
2442 1033 2511 1087 ’°.
2554 1032 2611 1087 Si
2645 1035 2788 1088 enim
2828 1033 2945 1086 dies
2989 1031 3201 1101 priores
3232 1038 3415 1097 poste-

1847 1127 2089 1182 rioribus
2117 1136 2243 1182 sunt
2277 1126 2553 1194 meliores,
2584 1126 2796 1181 dicetur
2826 1123 2984 1178 nobis
3019 1141 3033 1176 :
3064 1121 3235 1175 Tanta
3267 1118 3414 1191 passi

1846 1219 1981 1275 estis
2007 1217 2231 1284 frustra,
2262 1218 2531 1287 siquidem
2564 1227 2744 1271 vestra
2778 1218 2919 1271 bona
2953 1228 3119 1284 opera
3149 1227 3260 1282 prae
3286 1212 3418 1266 sub-

1846 1317 2107 1379 sequente
2138 1308 2464 1378 negligentia
2516 1308 2584 1363 ad
2635 1306 2861 1361 nihilum
2895 1307 3114 1359 redacta
3148 1311 3296 1358 sunt.
3327 1302 3420 1357 Ait

1845 1397 1989 1451 enim
2024 1396 2271 1451 Ezechiel
2302 1412 2317 1451 :
2344 1396 2534 1451 Justus
2574 1396 2621 1451 si
2653 1397 2894 1451 averterit
2926 1412 2981 1450 se
3004 1413 3035 1448 a
3053 1394 3271 1465 justitia
3297 1409 3416 1459 sua,

1846 1498 1895 1543 et
1936 1490 2118 1559 fecerit
2156 1489 2487 1559 iniquitatem
2521 1490 2684 1560 juxta
2727 1506 2903 1545 omnes
2941 1489 3245 1560 iniquitates
3288 1502 3421 1558 quas

1846 1581 1972 1652 fecit
2000 1580 2250 1649 iniquus:
2276 1597 2453 1636 omnes
2468 1580 2692 1651 justitiaz
2719 1597 2848 1653 quas
2869 1580 3015 1652 fecit,
3033 1596 3136 1634 non
3160 1594 3422 1633 memora-

1850 1680 2041 1727 buntur
2064 1674 2118 1727 in
2141 1672 2327 1728 delicto
2348 1690 2443 1728 suo
2466 1676 2521 1729 in
2540 1675 2680 1744 quod
2700 1673 2973 1743 prolapsus
3004 1681 3104 1737 est,
3145 1680 3194 1727 et
3217 1674 3272 1726 in
3300 1687 3419 1725 uec-

172 1757 249 1827 μῆ
266 1759 623 1828 μησθῶσιν
643 1779 658 1792 ·
688 1763 760 1817 ἐν
786 1763 868 1830 τῷ
892 1762 1004 1836 (16)
1030 1764 1454 1835 παραπτώματι
1481 1764 1667 1819 αὑτοῦ

1851 1763 1978 1818 cutis
2007 1764 2118 1818 suis
2143 1779 2262 1834 qua:
2288 1764 2537 1833 peccauit,
2572 1763 2627 1817 in
2668 1764 2795 1834 ipsis
2821 1762 3155 1818 morietur".

176 1857 483 1926 ααρέπεσε,
507 1859 608 1913 καὶ
634 1859 706 1913 ἐν
732 1859 861 1924 ταῖς
885 1858 1196 1928 ἁμαρτίαις
1217 1855 1404 1911 αὐτοῦ
1437 1850 1534 1922 αῖς
1557 1855 1742 1926 ἦμαρ-

176 1966 286 2017 τεν,
320 1951 389 2005 ἐν
415 1951 630 2019 αὑταῖς
662 1949 1067 2006 ἀποθανεῖται.

237 2042 317 2097 i8.
344 2043 405 2097 Τί
430 2043 521 2098 ἔτι
552 2043 848 2113 πληγῆτε,
877 2040 1303 2111 προστιθέντες
1341 2041 1635 2112 ἁνομίαν;
1669 2041 1744 2097 Τὸ

173 2131 447 2205 λεγόμενον
475 2134 720 2190 τοιοῦτόν
751 2138 869 2189 ἐστι
892 2152 907 2166 ο
948 2136 1072 2188 Ἐπὶ
1109 2136 1230 2199 ταῖς
1260 2135 1557 2208 ἁμαρτίαις
1589 2136 1744 2207 ὑμῶν

176 2229 425 2284 παιδεύων
472 2230 644 2302 ὑμᾶς,
687 2228 1039 2300 ἐμαστίγουν.
1071 2226 1162 2299 Μὴ
1218 2227 1590 2299 μετανοοῦσιν,
1628 2226 1745 2282 ἀλλ’

174 2321 245 2375 ἔτι
269 2322 737 2394 ἐξαμαρτάνουσιν
765 2321 971 2392 ἐπῆγον
1013 2320 1100 2375 ἀεὶ
1136 2321 1229 2374 καὶ
1262 2319 1617 2393 προσετίθουν
1645 2320 1745 2386 τὰς

177 2414 449 2484 μάστιγας,
496 2415 576 2479 ὡς
627 2416 737 2469 πᾶν
771 2415 939 2487 μέρος
968 2412 1063 2467 τοῦ
1111 2412 1363 2484 σώματος
1401 2413 1511 2467 ἀπὸ
1542 2413 1650 2468 τῶν
1686 2417 1745 2468 ἐν

173 2505 411 2580 νουθεσία
466 2506 697 2579 πληγῶν
765 2506 1148 2578 κατειλῆφθαι.
1202 2506 1329 2571 Τοῖς
1389 2506 1488 2577 μὲν
1553 2506 1745 2578 ἰάσιμα

173 2597 567 2670 ἁμαρτάνουσιν
627 2599 843 2653 ἀπειλεῖ
885 2600 914 2653 ὁ
963 2598 1155 2667 λόγος,
1216 2597 1643 2653 ἐπισκέπτεσθαι
1688 2600 1745 2652 ἐν

174 2689 339 2761 ῥάϐδῳ
376 2691 478 2755 τὰς
502 2692 740 2762 ἀνομίας
764 2691 967 2757 αὐτῶν,
1001 2691 1100 2745 καὶ
1140 2692 1199 2745 ἐν
1238 2689 1458 2762 μάστιξι
1493 2689 1592 2756 τὰς
1631 2691 1746 2745 ἀδι-

173 2780 286 2845 κίας
315 2781 528 2836 αὐτῶν
575 2785 691 2847 τοῖς
722 2782 778 2835 δὲ
831 2782 1067 2847 ἀνιάτως
1106 2781 1289 2854 ἔχουσι
1331 2782 1514 2851 λέγει’
1555 2784 1617 2837 Tl
1657 2784 1746 2838 ἔτι

173 2872 428 2944 tum-ﬁte
449 2892 470 2939 ;
494 2875 689 2941 Πάσας
718 2874 1151 2946 διεξεληλυθότες
1176 2876 1276 2939 τὰς
1296 2875 1529 2948 πληγὰς,
1556 2875 1745 2931 πασῶν

171 2966 606 3038 κατεφρονήσατε
646 2966 756 3020 τῶν
785 2966 1226 3040 ἐπιστρεπτικῶν
1261 2969 1541 3040 μαστίγων
1566 2986 1579 3000 ⁸
1622 2986 1747 3023 συν-

170 3056 391 3126 τριμμδς
422 3057 572 3129 ὑμᾶς
605 3057 777 3128 μένει.
818 3058 1176 3130 Ἀποροῦντος
1214 3060 1248 3131 ἠ
1292 3057 1444 3131 φωνὴ
1483 3060 1578 3113 καὶ
1611 3060 1747 3113 ἀπο-

169 3124 553 3216 γιγνῶσκοντος
582 3124 682 3221 τὴν
709 3124 1015 3223 διόρθωσιν,
1038 3149 1114 3214 ὡς
1133 3151 1191 3205 ἐν
1217 3124 1585 3223 σιῷ-Ἰεζεκιήλ
1607 3150 1741 3224 (17)·
1772 3124 1814 3181 C

177 3238 235 3292 '0
258 3239 431 3309 ζῆλος
447 3260 575 3312 μου
599 3241 1010 3310 ἀποστήσεται
1030 3242 1150 3299 ἀπὸ
1181 3243 1321 3309 σοῦ,
1344 3243 1443 3297 καὶ
1469 3245 1541 3298 οὐ
1566 3246 1745 3313 θυμω-

168 3330 410 3403 θήσομαι
458 3332 568 3388 ἐπὶ
618 3335 741 3389 σοί.
793 3334 914 3388 Τιῖνι
958 3335 1017 3389 δέ
1068 3335 1472 3407 περιστατικῶς
1515 3335 1749 3407 συμϐαιο

166 3421 350 3476 νόντων
390 3422 523 3478 τινὰ
561 3422 662 3494 μὲν
707 3424 1125 3495 ἁμαρτημάτων
1165 3424 1329 3479 ἕνεκα
1367 3426 1598 3495 γίνεται,
1622 3425 1748 3479 τινὰ

167 3510 217 3565 δὲ
242 3516 316 3579 εἰς
347 3514 641 3587 διόρθωσιν
667 3516 762 3569 τοῦ
792 3515 958 3586 ἤθους
996 3508 1104 3570 τῶν
1148 3517 1583 3589 πειραζομένων,
1614 3518 1748 3573 ἄλλα

168 3603 217 3659 δὲ
239 3607 369 3681 ὑπὲρ
407 3608 509 3661 τοῦ
539 3606 858 3679 ἐκτριὸῆναι
886 3609 1013 3673 τοὺς
1040 3610 1522 3682 ἀπεγνωσμένους,
1549 3609 1625 3675 ὡς
1654 3610 1748 3665 ἐπὶ

169 3694 251 3747 τοῦ
294 3698 521 3770 Φαραώ.
562 3697 784 3761 Τούτοις
803 3696 912 3770 ⁶οῦν
953 3698 1030 3763 ὼς
1074 3700 1518 3772 ἀπεγνωσμένοις
1564 3702 1748 3757 οὐκέτι

170 3786 381 3861 πληγαὶ,
417 3792 549 3847 οὐδὲ
591 3791 875 3863 μάστιγες,
921 3792 1039 3847 ἀλλ’
1069 3794 1376 3866 ἁφανισμὸς
1422 3794 1744 3850 ἀπειλεῖται.

169 3880 327 3937 Πᾶσα
353 3883 598 3954 κεφαλὴ
623 3887 711 3952 εὶς
733 3886 945 3949 πόνον,
966 3885 1065 3942 καὶ
1093 3886 1259 3942 πᾶσα
1283 3886 1497 3956 καρδία
1527 3890 1613 3955 εἰς
1637 3890 1746 3943 λύ-

171 3989 298 4043 πην.
333 3977 398 4031 Τί
430 3977 522 4031 ἐτι
564 3978 832 4049 πληγῆτε,
888 3972 964 4033 ὧν
1012 3980 1106 4033 καὶ
1148 3979 1218 4033 τὰ
1267 3978 1494 4051 σώματα
1549 3982 1645 4036 καὶ
1691 3982 1747 4035 αἱ

168 4065 322 4138 ψυχαὶ
355 4068 833 4141 μεμαστίγωνται,
864 4071 959 4124 καὶ
983 4070 1220 4142 οὐδαμοῦ
1244 4072 1277 4143 ἡ
1307 4069 1614 4143 διόρθωσις,
1643 4071 1748 4126 πά-

172 4173 262 4228 σης
286 4161 533 4232 κεφαλῆς
555 4161 887 4233 ὁδυνομένης
919 4162 1016 4215 καὶ
1035 4162 1217 4234 πάσης
1238 4161 1462 4235 καρδίας
1494 4162 1746 4235 σκυθρω-

169 4250 433 4327 παζούσης
467 4253 620 4327 (18);
658 4255 733 4308 Ού
776 4255 995 4318 πάντως
1034 4254 1095 4308 τὸ
1142 4254 1303 4326 μέλος
1346 4255 1440 4309 τοῦ
1496 4253 1747 4324 σώματος

170 4340 303 4413 λέγει
335 4348 432 4419 τὴν
465 4347 738 4418 κεφαλὴν,
763 4347 841 4412 ὡς
872 4347 1001 4419 περὶ
1027 4347 1197 4419 αὐτὴν
1228 4347 1396 4419 μόνην
1423 4347 1525 4419 τῆς
1553 4347 1745 4419 ὀδύνης

173 4434 582 4511 ὲστηριγμένης,
608 4438 744 4493 ἀλλὰ
770 4438 945 4493 Πᾶσα
960 4438 1215 4508 κεφαλὴ,
1239 4439 1359 4494 ἀντὶ
1381 4438 1474 4491 τοῦ
1503 4438 1593 4492 τὸν
1623 4438 1744 4493 καθ’
1777 4467 1821 4521 D

170 4523 258 4579 ἕνα
282 4528 591 4601 ἄνθρωπον,
613 4528 756 4584 κατά
790 4528 890 4602 τὴν
914 4528 1202 4601 συνήθειαν
1225 4529 1324 4601 τῆς
1351 4528 1597 4602 Γραφῆς.
1631 4527 1745 4583 Λά-

172 4618 543 4692 δετε(19)τὰρ
575 4620 862 4692 ἀπαρχὴν
879 4619 1083 4688 πάσης
1095 4619 1453 4690 συναγωγῆς
1481 4620 1747 4689 Ἰσραὴλ,

172 4713 307 4767 κατὰ
332 4715 710 4784 συγγενείας,
746 4714 899 4767 κατὰ
946 4712 1197 4782 δήμους,
1240 4714 1369 4766 κατ’
1397 4713 1603 4779 οἴκους
1634 4727 1748 4765 πα-

168 4804 353 4870 τριῶν,
402 4806 557 4862 κατὰ
601 4807 852 4877 ἀριθμὸν
893 4804 963 4871 ἐξ
1006 4808 1299 4876 ὀνόματος
1342 4804 1559 4870 αὐτῶν,
1598 4808 1750 4858 κατὰ

171 4898 435 4966 κεφαλὴν
459 4897 681 4953 αὐτῶν.
720 4897 937 4969 Ἐπειδὴ
984 4898 1095 4970 γάρ
1126 4897 1246 4953 ὅλον
1290 4897 1351 4950 τὸ
1383 4896 1534 4960 ἔθνος
1566 4897 1750 4966 ἀμαρ-

169 4989 345 5057 mm,
379 4992 476 5046 καὶ
508 4992 617 5057 πᾶς
654 4991 684 5044 δ
734 4990 864 5054 λαὸς
900 4990 1117 5063 πλήρης
1154 4987 1415 5060 ἀνομιῶν,
1462 4986 1554 5042 διὰ
1592 4987 1752 5041 τοῦτο

1915 2057 2005 2114 18.
2048 2059 2214 2116 Vens.
2248 2059 2301 2115 5.
2340 2057 2480 2126 Quid
2501 2057 2673 2112 adhuc
2700 2057 3093 2126 percutiamini,
3115 2056 3422 2127 adjicientes

1843 2150 2175 2222 iniquitatem
2193 2154 2219 2208 2
2251 2151 2403 2219 Quod
2425 2150 2645 2217 dicitur,
2673 2160 2758 2205 est
2785 2149 3093 2219 huiusmodi
3119 2167 3146 2209 ε,
3167 2148 3423 2220 Flagellis

1844 2258 1941 2300 vos
1969 2244 2268 2311 caedebam,
2300 2260 2399 2315 pro
2462 2244 2704 2315 peccatis
2749 2243 2951 2299 vestris
2981 2243 3256 2313 castigans
3298 2258 3417 2298 vos.

1845 2334 1981 2391 Cum
2006 2349 2103 2391 vos
2128 2335 2272 2391 haud
2301 2336 2614 2405 pteniteret,
2648 2335 2758 2391 imo
2790 2348 2915 2388 cum
2943 2334 3116 2406 magis
3139 2333 3424 2404 delinque-

1843 2428 2013 2494 retis;
2044 2427 2367 2484 inducebam
2393 2442 2608 2499 semper
2630 2436 2685 2483 et
2708 2428 3138 2497 multiplicabam
3182 2425 3421 2497 ﬂagella,

1846 2525 1907 2572 ut
1936 2517 2195 2587 quaelibet
2244 2518 2492 2588 corporis
2539 2533 2668 2589 pars
2713 2518 2886 2590 plagis
2925 2518 2994 2573 ad
3036 2516 3422 2590 corrigendum

1847 2609 2057 2666 idoneis
2116 2609 2439 2681 operiretur.
2486 2608 2668 2678 Certe,
2724 2609 2941 2680 quando
2992 2609 3422 2680 delinquentium

1843 2699 2087 2770 peccatis
2146 2699 2446 2755 remedium
2502 2696 2684 2753 aﬂ'erri
2756 2704 2970 2768 potest,
3039 2695 3420 2752 interminatur

1848 2788 2130 2858 Scriptura
2158 2786 2276 2843 fore
2305 2795 2365 2842 ut
2394 2787 2582 2843 visitet
2606 2785 2866 2841 Dominus
2893 2800 3080 2842 eorum
3109 2784 3421 2855 iniquitates

1847 2881 1903 2935 is
1937 2879 2107 2949 virga,
2154 2888 2211 2934 et
2245 2892 2433 2934 eorum
2477 2877 2773 2947 injustitias
2804 2877 2858 2932 in
2900 2877 3222 2933 verberibus
3243 2875 3298 2942 ¹;
3330 2874 3421 2930 sed

1848 2972 1937 3029 his
1964 2973 2055 3043 qui
2084 2971 2461 3027 insanabiliter
2484 2978 2851 3040 peccaverunt
2870 2969 3004 3025 dicit
3029 2985 3047 3025 :
3076 2968 3216 3035 Quid
3249 2967 3421 3022 adhuc

1846 3060 2259 3131 percutiamini?
2284 3058 2505 3131 Experti
2537 3060 2724 3132 plagas
2764 3074 2978 3127 omnes,
3006 3059 3187 3116 omnia
3229 3057 3421 3129 quibus

1847 3155 2096 3227 castigati
2164 3154 2343 3210 fuistis
2404 3154 2615 3226 ﬂagella
2666 3154 3090 3224 contempsistis.
3154 3152 3421 3209 Contrilio

1849 3257 1946 3299 vos
1984 3252 2187 3301 manet.
2232 3243 2358 3300 Haec
2405 3258 2506 3301 vox
2542 3253 2627 3300 est
2664 3244 2968 3301 deﬁcientis
3016 3254 3072 3300 et
3130 3243 3197 3298 de
3237 3252 3420 3299 corre-

1849 3338 2032 3392 ctione
2073 3336 2438 3408 desperantis,
2475 3336 2931 3407 quemadmodum
2980 3337 3035 3390 in
3082 3333 3421 3391 Ezechiele:

1848 3422 2008 3478 Zelus
2049 3441 2196 3480 meus
2250 3427 2450 3480 recedet
2479 3442 2513 3479 a
2555 3437 2625 3491 te,
2655 3436 2702 3481 et
2745 3442 2851 3480 non
2890 3426 3097 3480 irascar
3144 3424 3421 3481 adversus!

1847 3523 1898 3570 te
1915 3517 1959 3570 ’.
1991 3515 2159 3573 Porro
2187 3531 2254 3573 ex
2284 3517 2351 3573 iis
2384 3516 2808 3584 calamitatibus,
2844 3531 2965 3586 quae
2996 3516 3275 3585 eveniunt,
3304 3517 3422 3573 alia

1846 3608 2067 3679 quidem
2104 3609 2359 3666 accidunt
2396 3610 2464 3664 ad
2491 3609 2761 3680 punienda
2792 3617 3040 3680 peccata,
3067 3609 3189 3665 aliae
3212 3611 3278 3664 ad
3309 3625 3422 3665 mo-

1848 3715 1938 3756 res
1984 3716 2172 3756 eorum
2206 3700 2299 3771 qui
2333 3709 2613 3757 tentantur
2645 3700 3036 3767 emendandos,
3081 3700 3202 3756 aliae
3232 3702 3299 3756 ad
3332 3716 3423 3757 eos

1846 3790 1938 3861 qui
1966 3790 2324 3859 desperantur
2356 3790 2692 3856 atterendos,
2720 3800 2781 3845 ut
2807 3789 2861 3844 in
2896 3788 3204 3847 Pharaone.
3240 3790 3423 3863 Itaque

1848 3882 1937 3937 his
1973 3881 2137 3952 39o
2183 3889 2438 3950 tanquam
2481 3882 2780 3952 desperatis
2812 3896 2919 3937 non
2962 3883 3076 3952 jam
3107 3881 3294 3953 plagas
3332 3891 3423 3937 aut

1847 3970 2080 4041 ﬂagella,
2113 3971 2208 4026 sed
2240 3970 2521 4027 interitum
2555 3972 2811 4027 minatur.
2853 3971 3019 4027 Omne
3061 3983 3221 4043 caput
3258 3974 3315 4028 in
3341 3972 3423 4027 la-

1850 4064 1994 4129 bore,
2037 4071 2084 4115 et
2127 4077 2278 4116 omne
2300 4078 2394 4115 cor
2419 4063 2472 4116 in
2495 4062 2737 4117 tristitia.
2769 4064 2908 4130 Quid
2937 4064 3113 4118 adhuc
3152 4064 3422 4132 percutia-

1849 4156 1979 4210 ηιἰηί
2006 4169 2126 4218 vos,
2163 4169 2393 4224 quorum
2433 4164 2543 4208 tum
2578 4170 2805 4225 corpora
2858 4166 2969 4210 tum
3015 4157 3210 4211 animae
3239 4156 3425 4227 ﬂagris

1849 4246 2069 4302 concisa
2096 4253 2242 4307 sunt.
2276 4260 2375 4300 nec
2407 4254 2584 4300 tamen
2620 4247 2855 4302 correcti
2893 4249 3061 4305 estis?
3098 4248 3299 4320 quippe
3328 4264 3421 4303 ca-

1849 4349 1944 4408 put
1986 4353 2146 4394 omne
2198 4336 2382 4394 dolore
2430 4339 2733 4405 cruciatur,
2763 4349 2820 4395 et
2848 4355 2943 4395 cor
2972 4356 3133 4397 omne
3185 4356 3422 4398 maerore

1852 4431 2102 4486 aﬂicitur.
2157 4429 2409 4486 Profecto
2461 4432 2707 4501 corporis
2759 4432 3062 4487 membrum
3109 4447 3207 4504 per
3262 4442 3424 4503 caput

1851 4540 1957 4577 non
1994 4522 2267 4594 intelligit,
2297 4533 2553 4591 tanquam
2601 4523 2702 4593 ipsi
2751 4524 2853 4578 soli
2910 4525 3172 4579 insideret
3224 4524 3421 4580 dolor:

1845 4619 1940 4673 sed
1972 4617 2130 4687 juxta
2182 4615 2478 4685 Scriptura:
2522 4614 2987 4682 consuetudinem,
3017 4630 3113 4687 per
3140 4632 3293 4670 omne
3332 4633 3424 4670 ca-

1844 4717 1958 4778 put,
1986 4710 2147 4763 homo
2169 4707 2397 4777 quilibet
2419 4706 2778 4777 signiﬁcatur.
2811 4707 3043 4776 Accipite
3065 4709 3206 4761 enim
3227 4710 3417 4777 primi-

1844 4801 1947 4855 tias
1985 4802 2154 4855 omnis
2189 4815 2472 4871 synagoga
2506 4799 2701 4865 Israel,
2749 4802 3034 4853 secundum
3064 4803 3422 4866 cognationes,

1845 4892 2135 4945 secundum
2161 4890 2403 4960 populos,
2438 4891 2729 4945 secundum
2773 4891 2956 4945 domos
2981 4892 3299 4958 patriarum,
3340 4908 3424 4946 se-

1844 4986 2074 5038 cundum
2117 5000 2393 5037 numerum
2424 4999 2489 5038 ea:
2538 4985 2747 5039 nomine
2778 4999 2980 5050 eorum,
3015 4986 3301 5039 secundum
3332 5000 3422 5037 ca-

231 5208 277 5241 "
306 5208 446 5267 Psal.
481 5228 651 5278 usu,
675 5213 769 5268 27.
845 5212 891 5244 "'
913 5211 1095 5268 Eccle.
1134 5227 1233 5278 νη,
1264 5212 1351 5267 ll.
1428 5212 1473 5243 ”
1512 5211 1713 5267 Ezech.
1742 5226 1761 5263 ι

1857 5225 1897 5275 ι,
1926 5208 2017 5262 24.
2099 5210 2115 5239 ¹
2135 5207 2281 5267 Psal.
2307 5225 2575 5276 Lxxxwu,
2601 5211 2690 5267 55.
2767 5212 2788 5243 ²
2816 5179 3017 5281 Ezech.
3047 5226 3159 5277 xvr,
3188 5210 3279 5266 42.

237 5409 346 5492 ς
370 5411 818 5492 Eeg._secu_ndtts,
843 5411 1241 5492 ἀναποδίζεται.

375 5476 538 5556 Editi,
562 5483 711 5556 ὑμίν.
745 5476 1252 5556 Athinquemss.,
1283 5485 1431 5556 ἡμῖν.

373 5551 538 5621 Editi,
567 5550 681 5608 ἀλλ’
698 5556 757 5608 ἐν
786 5550 885 5625 τῷ.
917 5550 1140 5610 Αῐωεε.
1168 5550 1406 5626 quinque
1438 5562 1494 5611 ut
1530 5554 1583 5612 in
1601 5570 1735 5613 con-

245 5688 351 5763 (Π)
390 5691 609 5754 Codices
639 5704 773 5762 tres,
799 5690 1064 5760 Ίεζεκιίπλ
1089 5710 1273 5766 φησιν.

1919 5411 2032 5483 (l8)
2074 5410 2214 5485 Editi
2264 5410 2479 5485 etudtto
2534 5427 2666 5469 mss.
2737 5411 3254 5485 σκυθρωπευούσης.
3318 5413 3423 5469 Alii

1848 5480 1978 5547 tres,
2019 5480 2540 5553 oxyﬂpwnaﬁodo’ng.

1921 5551 2385 5623 (l9_)__Sic’ornnesA
2408 5551 2576 5605 nostri
2601 5567 2731 5623 mss.
2765 5563 2820 5610 et
2845 5555 3057 5623 Anglic.
3094 5570 3215 5610 cum
3240 5555 3421 5609 editis.

1850 5619 2112 5698 gt'_l_._XX.
2140 5619 2334 5672 λάϐετε
2365 5621 2563 5695 ἀρχήν,
2590 5622 2792 5681 Sumite
2827 5619 3167 5698 principium.
3200 5627 3421 5697 Vulgata

1850 5693 2040 5749 Tollite
2072 5706 2347 5747 summam.
