3838 6214
408 300 516 358 147

1370 297 1720 356 APPENDIX
1756 301 2048 373 οΡΕιιωι
2084 302 2144 360 S.
2184 299 2433 361 BASlLlI
2464 298 2702 360 MAGNI.

3561 307 3683 363 res

401 425 495 485 put
527 431 708 472 eorum
727 414 769 471 ⁸.
798 413 935 471 Nam
964 427 1088 470 cum
1123 421 1236 470 tota
1272 429 1406 485 gens
1451 418 1729 486 peccatrix
1764 420 1853 484 sit,
1886 435 1979 491 po-

2090 423 2182 477 καὶ
2211 423 2245 494 ἡ
2267 422 2487 486 κόλασις
2519 422 2613 474 ἐπὶ
2637 420 2846 485 πάντας
2871 394 3123 490 ἔφθασεξ
3139 419 3236 474 καὶ
3274 422 3423 475 πᾶσα
3465 422 3676 494 καρδία

398 508 668 579 pulusque
712 508 890 563 omnis
944 507 1189 578 peccatis
1233 506 1444 580 plenus,
1477 510 1547 566 ob
1576 510 1628 565 id
1672 512 1741 569 ad
1786 528 1975 569 omnes

398 600 649 671 pervenit
679 599 1029 670 supplicium,
1056 610 1112 655 et
1155 613 1318 656 omne
1350 615 1447 656 cor
1474 610 1688 669 moeret,
1720 605 1974 672 quoniam

398 693 456 747 in
494 693 864 762 captivitatem
905 691 976 749 ob
1030 700 1253 762 peccata
1296 707 1396 749 sua
1438 693 1703 749 abductus
1744 695 1976 765 populus

399 794 506 841 est.
537 785 705 840 Vsus.
737 783 791 842 6.
828 784 874 838 Α
900 784 1118 854 pedibus
1160 801 1324 855 usque
1359 786 1430 838 ad
1463 793 1622 855 caput
1666 802 1773 840 non
1809 795 1886 841 est
1915 787 1973 841 in

399 893 460 933 eo
494 880 719 940 sanitas,
759 893 923 947 neque
965 876 1178 944 vulnus,
1220 893 1381 947 neque
1419 876 1577 941 livor,
1614 893 1779 948 neque
1817 876 1976 947 plaga

399 982 624 1025 tumens.
669 969 823 1025 Hanc
865 985 1074 1037 vocem,
1115 978 1294 1038 caput,
1332 984 1430 1038 pro
1475 976 1591 1024 toto
1634 968 1845 1036 accepit
1878 968 1978 1023 ho-

380 1063 567 1125 .mine.
597 1063 644 1117 A
681 1062 899 1132 pedibus
933 1078 1096 1132 usque
1135 1061 1204 1115 ad
1246 1071 1400 1128 caput
1438 1077 1542 1115 non
1567 1070 1647 1115 est
1676 1062 1733 1115 in
1774 1078 1833 1114 eo
1884 1079 1976 1117 sa-

400 1157 573 1210 nitas:
597 1171 758 1225 neque
785 1153 995 1219 vulnus,
1020 1169 1181 1224 neque
1205 1152 1358 1217 livor,
1381 1169 1543 1222 neque
1562 1151 1718 1223 pf'aga
1740 1160 1976 1217 tumens;

402 1257 688 1318 pr0pterea
713 1246 857 1315 quod
882 1247 952 1301 ob
980 1246 1407 1315 unumquodque
1435 1255 1718 1315 peccatum
1764 1245 1977 1300 invecta

399 1346 530 1394 sunt
557 1336 765 1407 ﬂagella
795 1337 864 1392 ab
895 1351 962 1392 eo
1002 1337 1095 1406 qui
1128 1336 1369 1406 ipsorum
1400 1350 1590 1389 curam
1619 1334 1973 1404 suscipiebat.

401 1431 631 1495 Deinde,
665 1444 789 1485 cum
820 1429 1038 1494 vulnus,
1068 1427 1445 1483 continuitatis
1486 1428 1731 1497 corporis
1759 1429 1832 1483 sit
1867 1426 1978 1482 dis-
2019 1466 2029 1471 -

403 1523 629 1586 solutio,
656 1521 883 1577 discissa
911 1521 965 1575 in
994 1522 1190 1591 exigua
1219 1520 1399 1589 aliqua
1435 1529 1589 1588 parte
1613 1520 1974 1584 connexione,

402 1615 585 1683 sitque
616 1612 755 1667 livor
781 1612 953 1683 plagae
977 1611 1263 1682 vestigium
1310 1611 1721 1677 subcruentum,
1752 1625 1874 1665 cum
1909 1625 1978 1665 ex

402 1706 600 1760 duritie
643 1712 700 1758 et
744 1705 1037 1773 asperitate
1067 1702 1330 1758 caedentis
1361 1704 1711 1758 contunditur
1746 1718 1967 1772 corpus,

2082 514 2324 587 λυπηρὰ,
2356 516 2438 578 είς
2458 513 2832 587 αἰχμαλωσίαν
2859 512 3128 584 ἀγομένου
3157 512 3272 584 (20)
3300 513 3393 567 τοῦ
3412 512 3545 567 λαοῦ
3580 514 3675 570 διὰ

2079 605 2151 659 τὰ
2193 606 2587 677 ἁμαρτήματα.
2632 604 2767 659 Ἀπὸ
2819 603 3022 658 ποδῶν
3065 604 3176 670 ἕως
3222 605 3497 674 κεφαλῆς
3554 608 3675 661 οὐκ

2080 694 2254 749 ἐστιν
2285 695 2356 748 ἐν
2378 693 2539 760 αὐτῷ
2569 695 2918 762 ὁλοκληρία,
2959 694 3097 749 οὔτε
3117 695 3365 765 τραῦμα,
3392 696 3532 750 οὔτε
3549 698 3674 766 μώ-

2078 786 2236 853 λωψ,
2264 784 2403 839 οὔτε
2425 784 2631 854 πληγὴ
2667 786 3142 855 φλεγμαίνουσα.
3168 785 3262 850 Τὸ,
3283 786 3555 855 Κεφαλὴ,
3577 788 3675 842 ἐπὶ

2079 875 2201 928 ὅλου
2224 874 2384 929 ἔλαϐε
2403 875 2495 930 τοῦ
2527 876 2623 929 ἀνθ
2633 876 2838 947 ρώπου.
2871 876 3014 930 Ἀπὸ
3041 877 3244 932 ποδῶν
3261 877 3373 945 ἕως
3392 879 3675 949 κεφαλῆς

2080 969 2194 1021 οὐκ
2230 967 2403 1021 ἔστιν
2425 968 2496 1020 ἐν
2521 966 2682 1033 αὐτῷ
2706 969 3053 1036 ὀλοκληρία,
3078 970 3219 1022 οὔτε
3240 970 3491 1039 τραῦμα,
3526 972 3674 1026 οὔτε

2073 1057 2323 1128 μώλωψ,
2356 1059 2495 1112 οὔτε
2531 1058 2733 1129 πληγὴ
2777 1060 3265 1129 φλεγμαίνουσα·
3310 1061 3399 1115 διὰ
3443 1062 3541 1126 τὰς
3582 1064 3673 1133 ἐφ’

2080 1151 2297 1221 ἑκάστῳ
2327 1152 2686 1222 ἁμαρτήματι
2715 1150 2869 1222 παρὰ
2899 1151 2993 1205 τοῦ
3024 1152 3456 1224 ἐπιμελουμένου
3483 1154 3673 1210 αὐτῶν

2080 1243 2466 1315 ἐπενεχθείσας
2511 1244 2803 1316 μάστιγας.
2836 1240 2970 1297 Εἶτα
3010 1244 3199 1316 ἐπειδὴ
3246 1245 3469 1317 τραῦμα
3510 1245 3672 1312 λύσις

2081 1334 2197 1387 ἐστὶ
2250 1334 2354 1401 τῆς
2402 1333 2495 1387 τοῦ
2556 1333 2808 1404 σώματος
2864 1335 3163 1404 συνεχείας,
3198 1336 3339 1389 κατὰ
3385 1336 3583 1408 μικρόν
3617 1353 3670 1390 τι

2084 1427 2253 1498 μέρος
2280 1428 2379 1498 τῆς
2412 1425 2710 1495 συναφείας
2737 1425 3087 1497 διακοπείσης
3111 1444 3124 1457 ·
3160 1427 3254 1481 καὶ
3290 1427 3364 1491 ὡς
3397 1430 3425 1480 ό
3461 1427 3671 1500 μώλωψ

2084 1518 2229 1590 ἴχνος
2255 1519 2371 1571 ἐστὶ
2397 1518 2612 1590 πληγῆς
2641 1518 2896 1590 ὕφαιμον,
2931 1516 3250 1583 θλασθέντος
3278 1519 3371 1572 τοῦ
3414 1517 3672 1591 σώματος

2082 1614 2147 1667 ὲκ
2178 1615 2277 1685 τῆς
2310 1613 2629 1677 ἀντιτυπίας
2652 1612 2746 1666 τοῦ
2771 1612 3091 1684 πλήξαντος,
3124 1613 3219 1666 καὶ
3246 1612 3403 1665 τοῦτο
3430 1612 3488 1665 δὲ
3525 1612 3674 1666 κοιτά

2080 1723 2137 1759 τι
2194 1706 2359 1777 μέρος
2413 1706 2755 1759 συνίσταται’
2794 1707 2889 1760 καὶ
2930 1709 2963 1775 ὴ
3008 1705 3291 1777 ’φλεγμονὴ
3338 1705 3501 1775 ὄγκος
3551 1706 3674 1758 ἐστὶ

401 1798 619 1867 hocque
646 1797 931 1866 vestigium
961 1796 1016 1849 in
1059 1795 1235 1865 aliqua
1274 1805 1429 1864 parte
1466 1795 1827 1865 imprimitur;
1857 1809 1977 1849 cum

2090 1798 2362 1870 πυρώδης,
2402 1798 2741 1870 συρρεόντων
2789 1799 2882 1850 ἐπὶ
2925 1797 2986 1852 τὺ
3024 1798 3325 1869 ἀσθενῆσαν
3359 1797 3524 1869 μέρος
3560 1796 3673 1850 τῶν

401 1888 588 1943 itidem
626 1887 947 1959 pblegmone
994 1895 1174 1940 tumor
1206 1885 1410 1952 ignitus
1448 1886 1543 1949 sit,
1574 1886 1793 1955 quando
1832 1885 1981 1940 scili-

402 1989 493 2034 cet
522 1980 777 2034 humores
819 1978 873 2032 in
918 1976 1187 2031 infirmam
1224 1991 1289 2030 ac
1328 1975 1556 2031 debilem
1588 1986 1796 2045 partem
1844 1991 1980 2031 con-

401 2074 601 2141 ﬂuunt,
633 2083 689 2129 et
738 2073 881 2128 male
910 2071 1157 2126 affectam
1206 2070 1391 2126 calore
1442 2081 1652 2126 natura:
1701 2072 1980 2126 contrario

410 2168 753 2233 accendunt;
791 2164 919 2234 quid
951 2164 1018 2218 de
1047 2164 1131 2217 his
1153 2163 1282 2218 dicit
1316 2161 1617 2232 Scriptura,
1650 2163 1740 2232 qui
1774 2163 1868 2217 toti
1895 2163 1980 2216 in-

405 2258 667 2313 ﬁrmitate
706 2271 928 2327 prorsus
958 2254 1195 2324 correpti
1224 2253 1388 2309 sunt?
1415 2253 1532 2308 Non
1565 2262 1623 2307 ut
1651 2252 1867 2321 vulnus,
1900 2255 1981 2308 in-

403 2351 545 2419 quit,
577 2363 681 2403 non
708 2356 769 2402 ut
798 2347 953 2411 livor,
991 2361 1097 2401 non
1126 2355 1185 2399 ut
1216 2344 1370 2414 plaga
1410 2353 1625 2400 tumens
1654 2363 1668 2399 :
1699 2345 1773 2399 ita
1818 2347 1980 2416 aegri-

405 2440 539 2495 tudo
566 2448 742 2494 vestru
785 2452 884 2493 vos
912 2437 1229 2506 occupavit;
1274 2435 1370 2490 sed
1414 2435 1744 2505 conjunctim
1780 2439 1983 2508 ingruit

403 2532 562 2586 vobis
603 2532 825 2596 malum,
873 2530 948 2584 ita
984 2538 1042 2583 ut
1078 2527 1308 2584 confusa
1357 2528 1467 2584 sint
1500 2533 1707 2597 omnia,
1737 2530 1982 2600 adeoque

406 2618 518 2680 Sint
553 2623 764 2688 vulnus,
799 2622 957 2686 livor,
1008 2630 1064 2675 et
1112 2622 1290 2691 plaga.
1321 2621 1448 2676 Non
1482 2630 1560 2677 est
1595 2622 1860 2693 malagma
1883 2625 1984 2677 im-

404 2732 616 2784 ponere,
654 2731 817 2785 neque
855 2715 1049 2780 oleum,
1086 2730 1251 2785 neque
1291 2714 1600 2784 ligamenta.
1625 2714 1981 2784 Quandoqui—

406 2810 529 2864 dem
556 2810 669 2863 haac
694 2809 976 2877 aegritudo,
1005 2806 1252 2874 vulnere,
1279 2808 1449 2862 livore
1474 2822 1538 2863 ac
1561 2807 1716 2879 plaga
1742 2818 1984 2863 tumente

404 2899 563 2970 pejor
590 2909 714 2965 est;
744 2914 848 2954 non
891 2909 976 2954 est
1006 2898 1272 2968 malagma
1319 2898 1600 2967 imponere
1632 2909 1888 2969 tanquam
1915 2901 1982 2954 ad

405 2991 643 3062 plagam,
676 3004 855 3061 neque
884 2991 1084 3059 oleum,
1110 3000 1170 3047 ut
1210 2992 1277 3047 ad
1303 2993 1546 3047 vulnera.
1581 2992 1699 3047 Non
1733 2993 1871 3062 jam,
1902 2993 1984 3046 in-

406 3085 546 3153 quit,
574 3100 710 3155 opus
736 3093 818 3139 est
855 3084 1005 3139 hisce
1032 3084 1290 3141 remediis
1318 3100 1334 3137 :
1359 3086 1561 3155 quippe
1595 3086 1801 3154 majora
1852 3094 1981 3139 sunt

406 3148 770 3247 symptemata
809 3190 970 3245 quam
1020 3184 1079 3230 ut
1124 3176 1273 3232 hisce
1313 3148 1725 3233 medicamentis
1761 3177 1978 3231 cedant.
2011 3148 2053 3205 (ἶ

406 3263 594 3335 Itaque
636 3267 865 3320 vulnera
914 3273 1046 3319 sunt
1091 3265 1352 3320 Ecclesia:
1413 3266 1981 3323 schismatazvibices

405 3373 541 3414 vero
568 3358 731 3413 corda
754 3365 880 3412 sunt
907 3357 1133 3412 subdola
1162 3364 1217 3410 et
1242 3355 1454 3412 fallacia
1488 3374 1504 3411 :
1538 3357 1858 3427 phlegmone
1881 3375 1981 3412 au-

405 3455 517 3500 tem
554 3445 721 3499 animi
772 3453 855 3500 est
885 3445 1070 3512 elatio,
1099 3459 1168 3499 ex
1206 3446 1410 3501 insulsa
1455 3446 1712 3516 opinione
1740 3448 1980 3503 intume-

404 3536 632 3602 scentis,
672 3544 837 3605 atque
872 3537 942 3592 ob
965 3550 1086 3590 eam
1116 3549 1229 3590 rem
1260 3534 1536 3591 eil'erentis
1574 3551 1695 3591 sese
1722 3538 1984 3593 adversus

407 3626 611 3681 Christi
646 3627 954 3681 scientiam.
1000 3626 1173 3683 Porro
1197 3627 1465 3696 malagma
1504 3636 1588 3681 est
1616 3642 1798 3682 sermo
1834 3644 1986 3682 man-

407 3717 684 3773 suetudini
731 3718 1050 3789 lenitatique
1098 3719 1445 3790 coniunctus,
1473 3719 1563 3788 qui
1591 3734 1759 3775 vanas
1807 3721 1988 3791 depri-

406 3808 508 3862 mit
549 3807 849 3863 elationes:
877 3810 1053 3865 oleum
1083 3825 1234 3874 vero,
1265 3824 1446 3866 sermo
1492 3820 1575 3866 est
1610 3828 1718 3882 quo
1760 3810 1985 3868 fraudu-

404 3891 576 3962 lenta,
610 3898 834 3953 subdola
865 3907 920 3954 et
956 3915 1148 3970 aspera
1181 3901 1435 3957 simulate
1470 3899 1719 3971 falsoque
1750 3904 1980 3974 loquen-

378 4054 382 4061 ι
406 3988 544 4043 tium
574 3988 739 4045 verba
771 3990 1047 4046 leniuntur
1072 4007 1194 4046 cum
1223 3994 1595 4049 misericordia
1621 4005 1675 4049 et
1698 3998 1985 4053 commise-

408 4087 642 4143 ratione.
678 4086 1057 4155 Ligamentum
1087 4089 1302 4144 tandem
1334 4104 1513 4146 sermo
1541 4104 1649 4158 est,
1681 4108 1787 4163 quo
1817 4094 1978 4150 simul
2017 4111 2080 4151 ea
2112 4114 2232 4168 qua:
2262 4100 2330 4155 ad
2378 4102 2774 4158 dissensionem
2841 4102 3200 4171 festinabant,
3267 4110 3599 4157 coercentur
3620 4106 3679 4154 et

406 4185 734 4242 retinentur.
2183 4187 2185 4189 ’

475 4279 568 4335 19.
598 4276 769 4335 Vens.
796 4279 850 4333 7.
884 4277 1048 4333 Terra
1069 4289 1238 4334 vestra
1272 4280 1499 4348 deserta,
1531 4284 1765 4338 civitates
1799 4295 1986 4340 vestra:

378 4358 379 4361 η
402 4389 674 4431 succensa:
703 4372 816 4443 igni
842 4387 861 4425 :
887 4373 1151 4443 regionem
1177 4384 1408 4429 uestram
1448 4391 1627 4429 coram
1653 4377 1796 4431 vobis
1822 4377 1985 4432 alieni

366 5302 381 5407 ἔ

404 4467 663 4522 devorant
689 4481 710 4519 :
733 4473 784 4518 et
811 4463 1054 4518 desolata
1098 4474 1200 4531 est,
1254 4482 1434 4520 eversa
1466 4484 1498 4522 a
1520 4467 1728 4537 populis
1770 4471 1982 4527 alienis.

404 4554 860 4626 Quandoquidem
884 4554 1194 4625 desperavit
1214 4555 1281 4611 de
1302 4559 1664 4622 correctione,
1702 4560 1981 4615 interitum

405 4649 819 4707 interminatur.
847 4647 1114 4703 Caeterum
1143 4649 1335 4704 istbmc
1375 4658 1618 4720 tempore
1646 4651 1805 4722 391
1835 4650 1988 4708 Isaiae

406 4756 517 4796 non
547 4741 936 4810 contigerunt:
969 4739 1065 4795 sed
1104 4738 1289 4795 futura
1316 4741 1474 4810 quasi
1500 4741 1614 4811 jam
1657 4742 1799 4797 facta
1832 4757 1990 4797 enar—

404 4846 534 4886 rare
578 4829 861 4901 Scriptura
904 4830 1062 4898 solet,
1112 4832 1195 4885 uti
1246 4840 1330 4887 est
1362 4832 1496 4887 illud
1542 4852 1556 4887 :
1618 4834 1885 4888 Dederunt
1933 4836 1989 4888 in

404 4938 586 4978 escam
612 4939 782 4976 meam
801 4922 889 4993 fel,
919 4931 971 4977 et
995 4924 1050 4977 in
1070 4924 1165 4977 siti
1195 4940 1308 4978 mea
1336 4934 1649 4994 potaverunt
1668 4942 1748 4979 me
1768 4937 1913 4980 aceto
1940 4927 1986 4982 ‘.

406 5012 707 5069 Enimvero
732 5029 857 5069 cum
885 5023 1034 5070 esset
1071 5014 1177 5071 sibi
1234 5030 1582 5085 persuasum,
1635 5006 1754 5073 fore
1788 5027 1990 5088 utquae

409 5106 669 5176 praedicta
703 5113 851 5174 sunt,
873 5105 1226 5177 contingant;
1254 5115 1513 5176 tanquam
1542 5122 1608 5162 ea
1636 5107 1746 5164 sint
1766 5108 1987 5165 indubi-

480 5242 503 5274 ³
531 5241 691 5297 Num.
730 5259 771 5310 ι,
800 5243 856 5299 2.
959 5242 1145 5300 ‘Psat.
1174 5259 1363 5311 vaut,
1393 5243 1485 5300 22.

484 5376 595 5449 (20)
629 5378 769 5453 Editi
792 5387 849 5437 et
877 5379 983 5437 duo
1018 5395 1174 5450 mss.,
1217 5380 1511 5453 ἀγομένου.
1544 5381 1647 5436 Alii
1676 5389 1788 5438 tres
1832 5398 1987 5449 mss.,

406 5447 781 5518 ἀπαγομένου.

487 5515 606 5596 (21)
633 5518 707 5596 Ιιε
734 5519 888 5596 μεεῆ
923 5521 1130 5596 primus
1162 5533 1224 5596 et
1253 5522 1672 5596 tertius._Editi,
1701 5522 1777 5596 μὴ
1822 5521 1982 5579 εἶναι.

408 5582 679 5663 ΙΙΙιιλιζςμᾏὴ
706 5582 869 5655 εἶναι,
893 5582 1373 5663 o'mninudeestin
1402 5593 1526 5663 aliis
1558 5582 1728 5647 trib-us
1757 5582 1889 5649 mss.

480 5655 757 5735 (2i)’l_{'eg.
818 5663 1087 5735 secundus
1179 5662 1421 5735 τραῦμα.
1473 5661 1595 5718 Mox
1628 5663 1749 5735 iduo
1805 5679 1939 5735 mss.
1963 5704 1978 5728 ,

384 5723 787 5812 ⁸ὀγκουμένηῖ..
825 5723 1405 5803 ὲπαιρουμένηξιΕάἱιί
1445 5749 1567 5791 cum
1611 5734 1821 5791 duobus
1858 5723 1978 5791 aliis

2086 1890 2292 1961 ὑγρῶν,
2337 1892 2431 1944 καὶ
2466 1894 2530 1962 τῇ
2579 1892 2731 1962 παρά
2773 1892 2935 1962 φύσιν
2974 1891 3248 1962 θερμασίᾳ
3275 1889 3581 1958 φλεγόντων
3611 1887 3675 1942 τὸ

2085 1983 2353 2047 πεπονθός
2374 2000 2388 2013 ο
2423 1985 2452 2036 ὁ
2504 1982 2661 2052 λόγος
2706 1984 2760 2036 τί
2792 1998 2924 2055 φησι
2962 1984 3091 2054 περὶ
3126 1982 3232 2035 τῶν
3279 1983 3414 2036 ὅλων
3454 1981 3521 2035 δι’
3544 1983 3673 2036 ὅλου

2082 2076 2148 2143 τῇ
2190 2073 2447 2146 ἀσθενείᾳ
2482 2074 2974 2146 “κατειλημμένων;
3005 2075 3128 2127 Ὅτι
3169 2074 3268 2144 οὐχ
3308 2073 3385 2138 ὡς
3422 2074 3672 2145 τραῦμα,

2084 2166 2271 2236 φησὶν.
2309 2166 2430 2219 οὐδὲ
2455 2167 2531 2231 ὡς
2570 2166 2797 2238 μώλωψ,
2826 2166 2947 2220 οὐδὲ
2980 2167 3056 2230 ὡς
3084 2166 3265 2238 πληγὴ
3302 2166 3675 2237 φλεγμαίνου-

2086 2274 2176 2321 σα,
2205 2256 2378 2321 οὖτως
2404 2258 2556 2329 ὑμῶν
2588 2261 2622 2329 ή
2665 2259 2944 2330 ἀρρωστία
2969 2258 3167 2329 ἥψατο,
3203 2257 3341 2312 ἀλλά
3370 2259 3675 2331 ἡνωμένως

2086 2351 2360 2404 ἐπίκειται
2394 2352 2521 2422 ὑμῖν
2564 2351 2626 2405 τὸ
2664 2351 2852 2416 κακὸν,
2887 2351 2962 2416 ὡς
3006 2352 3183 2406 πάντα
3216 2347 3356 2406 εἶναι
3396 2368 3676 2422 συγκεχυ-

2088 2443 2243 2514 μένα,
2274 2442 2370 2497 καὶ
2394 2442 2615 2513 τραῦμα
2647 2438 2785 2495 εἶναι
2814 2442 2950 2512 (21),
2987 2443 3082 2496 καὶ
3110 2442 3375 2513 μώλωπα,
3404 2446 3498 2497 καὶ
3532 2444 3677 2516 πλη-

2083 2535 2210 2605 γήν.
2247 2535 2369 2587 Οὐκ
2400 2534 2533 2587 ἔστι
2575 2534 2858 2604 μάλαγμα
2895 2533 3209 2600 ἐπιθεῖναι,
3258 2535 3396 2588 οὔτε
3439 2534 3673 2601 ἔλαιον,

2085 2626 2225 2680 οὐτε
2256 2625 2687 2695 καταδέσμους.
2727 2626 2943 2697 Ἐπειδὴ
2990 2626 3130 2699 ὑπὲρ
3168 2626 3391 2698 τραῦμα
3424 2626 3520 2679 καὶ
3561 2625 3677 2697 pube

2084 2719 2242 2772 λωπα
2269 2719 2363 2771 καὶ
2401 2719 2616 2789 πληγὴν
2651 2717 3089 2788 φλεγμαίνουσαν
3122 2718 3156 2789 ἡ
3185 2716 3469 2789 ἀῤῥωστία
3498 2717 3673 2783 ἐστὶν,

2084 2811 2186 2864 οὐκ
2212 2810 2327 2864 ἔστι
2362 2810 2627 2881 μάλαγμα
2652 2809 2941 2873 ἐπιθεῖναι,
2984 2808 3061 2872 ὼς
3106 2809 3243 2881 πρὸς
3283 2808 3382 2880 τὴν
3428 2809 3673 2881 πληγὴν,

2085 2904 2207 2956 οὐδὲ
2240 2902 2416 2956 ἔλαιον
2457 2903 2533 2967 ὡς
2572 2902 2701 2973 τρὸς
2740 2901 2806 2955 τὰ
2837 2901 3148 2973 τραύματα.
3189 2901 3265 2953 Οὐ
3298 2898 3475 2971 χρεία,
3514 2900 3675 2971 φησὶ,

2085 2998 2185 3068 τῆς
2218 2996 2326 3049 ἀπὸ
2352 2995 2556 3049 τούτων
2593 2994 2874 3066 βοηθείας·
2915 2995 3137 3066 μείζονα
3170 2993 3280 3065 γὰρ
3308 2993 3378 3047 τὰ
3408 2991 3674 3063 συμπτώ-

2092 3086 2296 3157 ματαῆ
2341 3085 2482 3140 ὥστε
2519 3086 2727 3150 τούτοις
2771 3086 3035 3142 ἐνδοῦναι.
3086 3086 3388 3158 Τραύματα
3421 3084 3535 3156 (22)
3572 3084 3675 3155 μὲν

2087 3171 2179 3229 οὖν
2214 3177 2330 3228 ἐστι
2372 3176 2442 3231 τὰ
2488 3179 2546 3230 ὲν
2581 3178 2881 3250 Ἐκκλησία
2931 3179 3205 3249 σχίσματα
3229 3195 3243 3207 ’
3299 3175 3569 3248 μώλωπες
3592 3176 3672 3240 δὲ,

2087 3268 2144 3320 αἱ
2180 3268 2406 3322 ὓπουλοι
2438 3270 2654 3341 καρδίαι
2680 3288 2694 3301 ο
2722 3271 2999 3342 φλεγμονὴ
3031 3272 3108 3334 δὲ,
3136 3271 3369 3339 ἔπαρσις
3398 3268 3582 3339 ψυχῆς
3616 3266 3679 3332 ἐξ

2087 3359 2284 3428 ἀλόγου
2327 3362 2557 3431 οἰήσεως
2598 3362 2955 3434 ὀγκουμένης,
2999 3364 3093 3417 καὶ
3124 3362 3213 3416 διά
3247 3360 3406 3414 τοῦτο
3447 3361 3678 3432 ἐπαιρο-

2092 3451 2262 3522 μένης
2294 3453 2434 3506 κατά
2457 3453 2556 3523 τῆς
2583 3453 2838 3523 γνώσεως
2856 3456 2949 3509 τοῦ
2975 3455 3234 3529 Χριστοῦ.
3259 3455 3544 3526 Μάλαγμα
3574 3454 3677 3525 μὲν

2087 3539 2181 3597 οὖν
2221 3546 2368 3601 ἐστιν
2400 3548 2428 3599 ὁ
2464 3546 2605 3617 μετὰ
2629 3549 2933 3620 πραότητος
2961 3550 3055 3603 καὶ
3085 3549 3385 3612 ἐπιεικείας
3404 3566 3678 3602 ταπεινω-

2089 3636 2242 3700 τικὸς
2274 3636 2382 3690 τῶν
2430 3638 2675 3709 ματαίων
2718 3638 3036 3708 φυσιώσεων
3086 3640 3274 3709 λόγος’
3306 3640 3484 3694 ἔλαιον
3523 3638 3606 3705 δὲ,
3646 3639 3679 3693 ὁ

2093 3725 2233 3796 μετά
2262 3728 2442 3781 οἴκτου
2472 3730 2565 3783 καὶ
2602 3731 2944 3800 συμπαθείας
2967 3732 3027 3784 τὸ
3068 3731 3281 3803 δολερὸν
3310 3730 3405 3784 καὶ
3436 3728 3677 3783 ὓπουλον

2088 3819 2182 3871 καὶ
2207 3808 2524 3890 τραχὺ’τῶν
2571 3824 2630 3875 ὲν
2674 3822 2959 3894 ὑποκρίσει
3006 3822 3344 3892 ψευδολόγων
3379 3821 3678 3876 καταλεατο

2086 3929 2194 3966 νων
2217 3929 2232 3943 ο
2262 3914 2599 3984 κατάδεσμος
2623 3915 2701 3983 δὲ,
2732 3915 2890 3985 λόγος
2921 3915 2949 3966 ὁ
2968 3914 3036 3968 τὰ
3058 3915 3195 3987 πρὸς
3222 3914 3504 3968 διάστασιν
3530 3914 3678 3966 ἐπει·

2086 4002 2296 4075 γόμενα
2325 4005 2667 4077 συγκρατῶν.

2167 4287 2253 4342 19.
2300 4289 2368 4344 Ἡ
2390 4288 2468 4360 γῆ
2494 4288 2664 4361 ὑμῶν
2716 4289 2955 4361 ἕρημος,
2996 4294 3056 4345 al
3104 4291 3313 4356 πόλεις
3351 4285 3521 4359 ὑμῶν
3562 4300 3680 4342 πυ-

2084 4380 2407 4447 ρίκαυστοι
2429 4396 2445 4411 ο
2479 4382 2595 4450 τὴν
2612 4382 2811 4453 χώραν
2834 4383 3002 4453 ὑμῶν
3024 4383 3280 4437 ἐνώπιον
3305 4381 3472 4452 ὑμῶν
3491 4380 3678 4435 d116-

2091 4490 2238 4542 τριοι
2282 4477 2709 4529 κατεσθίουσιν
2765 4475 2981 4543 αὐτὴν,
3032 4474 3131 4527 καὶ
3177 4473 3481 4543 ἠρήμωται
3532 4488 3681 4526 κατ-

2089 4560 2468 4631 εστραμμένη
2487 4563 2608 4618 ὑπὸ
2631 4563 2798 4617 λαῶν
2825 4564 3182 4632 ἀλλοτρίων.
3201 4563 3418 4634 Ἐπειδὴ
3446 4562 3679 4631 ἀπέγνω

2088 4654 2190 4723 τῆς
2217 4653 2574 4726 διορθώσεως,
2605 4657 2817 4710 ἀπειλεῖ
2847 4656 2941 4710 τὸν
2986 4657 3313 4729 ἀφανισμόν.
3364 4656 3553 4711 Ταῦτα
3612 4657 3676 4711 δὲ

2088 4745 2188 4798 οὐκ
2216 4746 2441 4802 ἐπὶτῶν
2471 4749 2679 4819 χρόνων
2720 4751 2941 4805 Ἡσαΐου
2974 4752 3225 4821 γέγονεν·
3261 4750 3399 4805 ἀλλὰ
3438 4751 3676 4822 σύνηθες

2086 4838 2152 4907 τῇ
2188 4841 2495 4913 προφητείᾳ
2523 4841 2591 4896 τὰ
2622 4842 2886 4913 μέλλοντα
2903 4843 3152 4912 γίνεσθαι
3176 4845 3250 4909 ὡς
3271 4845 3371 4916 ἤδη
3402 4844 3675 4915 γενόμενα.

2085 4930 2266 5001 λέγειν
2285 4976 2301 5000 ,
2324 4933 2400 4998 ὼς
2431 4935 2512 5001 τὸ,
2544 4936 2812 4990 Ἕδωκαν
2838 4939 2926 5003 εὶς
2955 4937 3021 4991 τὸ
3047 4935 3260 5006 βρῶμά
3278 4954 3400 5004 ,μου
3442 4935 3668 5005 χολὴν,

2085 5022 2186 5077 καὶ
2220 5027 2310 5091 εἰς
2329 5026 2446 5094 τὴν
2470 5027 2659 5096 δίψαν
2678 5046 2799 5098 μου
2824 5027 3117 5082 ἑπότισάν
3137 5046 3214 5098 με
3240 5028 3400 5095 ὅξος.
3428 5028 3528 5081 Διὰ
3557 5029 3673 5099 γὰρ

2085 5114 2184 5186 τὴν
2205 5116 2297 5169 ἐπὶ
2331 5121 2398 5173 τῆ
2416 5118 2638 5175 ἐκϐάσει
2666 5120 2773 5175 τῶν
2795 5122 3310 5195 προαγορευθέντων
3336 5121 3450 5194 (23)
3481 5119 3675 5176 πεποί-

2092 5389 2693 5461 ιιιεεᾉόγκουμένης...
2746 5389 3169 5461 ὲπαιρουμένης.
3354 5456 3404 5461 __
3520 5458 3549 5461 Α
3591 5457 3621 5461 μ
3693 5445 3698 5448 ,

2166 5457 2279 5528 (25)
2306 5456 2471 5513 (ΖοΙι).⁷
2497 5456 2723 5527 primus,
2754 5456 3324 5529 προσαγορευθέντων.
3348 5456 3475 5529 Mox
3508 5457 3667 5529 Colit.

2091 5529 2320 5602 gat-tius,
2359 5528 2726 5602 ἐκϐησομένη.
2783 5528 2890 5602 Alii
2919 5528 3214 5602 diuormss"
3263 5528 3667 5602 ἐκδησομένην.

2090 5597 2232 5653 Editi
2290 5597 2523 5684 denique
2570 5597 2705 5657 'cuui
2753 5600 2874 5657 aliis
2927 5601 3134 5658 duobus
3163 5615 3317 5669 mss.,
3353 5597 3696 5684 ἐκδησοιὶέυλ

2087 5686 2212 5736 νων,
2243 5679 2407 5726 recte.
