3838 6214
248 335 358 392 M9

1028 328 1035 335 '
1145 302 1500 398 couMENT.
1540 341 1611 397 IN
1648 301 1886 399 13mm
1924 338 2367 404 moramur.
2406 344 2560 403 cap.
2600 342 2662 402 t-

3380 324 3500 397 ‘is'o
3544 335 3555 394 ξ

234 447 431 520 Ἑησιν,
489 447 567 514 ὡς
619 451 1033 523 ἀναντιρῤήτως
1070 452 1476 525 ἐκϐησομένων,
1522 453 1584 506 τὸ
1640 452 1816 523 μέλλοι

1934 464 2115 514 tanter
2139 467 2425 526 eventura,
2459 444 2877 512 futurum-cum
2901 453 3177 525 praeterito
3201 456 3497 510 connectit.

238 540 471 597 ἔσεσθαι
522 540 601 612 τῷ
647 532 968 613 παρελθόντι
1014 545 1367 602 συνάπτεται.
1422 544 1742 615 Συμϐέϐηκε
1774 543 1831 597 δὲ

240 634 422 688 ταῦτα
462 635 557 687 ἐπὶ
586 634 687 704 τῆς
730 635 812 697 είς
858 633 1155 688 Βαϐυλῶνα
1199 635 1596 706 αἰχμαλωσίας,
1640 637 1743 706 τήν
1768 653 1831 690 τε

241 727 350 793 γὶν
375 726 681 797 κενωθῆναι
709 728 817 781 τῶν
848 729 1150 800 οἰκητόρων
1170 769 1185 793 ,
1221 730 1314 783 καὶ
1353 731 1454 792 τὰς
1503 731 1687 792 πόλεις
1734 732 1833 801 ἐμ-

232 819 597 889 ιπρησθῆναι,
643 820 740 872 καὶ
774 819 880 872 ὑπὸ
907 819 1018 873 τῶν
1050 822 1113 873 ἐκ
1155 821 1255 891 τῆς
1301 821 1542 890 Μηδείας
1589 822 1830 875 ἀποστα-

236 910 447 967 λέντων
469 910 705 963 ἐποίκων
731 910 830 982 τὴν
849 910 1032 983 χώραν
1066 911 1360 977 ἐσθίεσθαι,
1385 911 1693 981 βλεπόντων
1719 912 1828 966 τῶν

232 1002 721 1072 καταλειφθέντων
754 1004 866 1076 (24)
885 1020 899 1034 ·
935 1004 1026 1057 ὅτε
1061 1005 1155 1058 καὶ
1186 1004 1403 1073 ἐγένετο
1435 1007 1585 1059 πᾶσα
1612 1008 1657 1077 ἡ
1676 1005 1830 1077 χώρα

240 1094 711 1165 κατεστραμμένη
746 1094 850 1147 ὑπὸ
886 1094 1032 1147 λαῶν
1071 1095 1387 1166 ἀλλοτρίων.
1436 1096 1594 1150 Κατά
1644 1096 1700 1150 δὲ
1727 1096 1828 1161 τὰς

238 1185 588 1258 ὑψηλοτέρας
639 1186 880 1251 ἐννοίας,
929 1185 1030 1250 τὰς
1083 1189 1216 1258 ἡμῖν
1262 1186 1714 1256 προσοικειούσας
1759 1188 1828 1241 τά

238 1276 488 1330 παλαιά·
528 1278 696 1331 Ὅταν
720 1278 1047 1349 ἀποστῶμεν
1094 1278 1202 1331 ἀπὸ
1230 1277 1366 1331 Θεοῦ
1397 1278 1489 1331 τοῦ
1529 1279 1824 1351 ἡμετέρου,

238 1369 339 1422 καὶ
383 1368 802 1439 διαπετάσωμεν
832 1368 930 1433 τὰς
951 1372 1138 1443 χεῖρας
1172 1369 1330 1441 ήμῶν
1360 1369 1497 1442 πρὸς
1531 1369 1650 1424 θεὸν
1673 1369 1828 1422 ἁλλό-

238 1476 418 1530 τριον,
448 1460 853 1531 παραδιδόμεθα
881 1460 1182 1532 ἀλλοτρίοις
1209 1463 1323 1524 τοῖς
1356 1460 1654 1533 ἐρημοῦσιν
1678 1462 1827 1533 ἡμᾶς

240 1552 340 1603 καὶ
372 1552 861 1623 καταστρέφουσιν.
917 1552 1137 1620 Ἔξεστι
1183 1552 1294 1624 γὰρ
1342 1553 1617 1626 θεωρῆσαι
1648 1555 1827 1610 πάντα

238 1642 310 1695 τά
356 1643 702 1715 ἀπειλημένα
744 1644 1113 1715 συμϐαίνοντα
1144 1648 1259 1709 τοῖς
1300 1646 1724 1718 ἁμαρτάνουσιν.
1767 1647 1828 1700 Ἠ

237 1733 319 1804 τῆ
355 1734 525 1804 ὑμῶν
556 1735 798 1805 ἕρημος.
832 1735 940 1807 Γῆν
973 1734 1242 1806 πολλαχοῦ
1275 1735 1373 1809 τὴν
1399 1737 1578 1810 ψυχὴν
1610 1739 1639 1791 ὁ
1669 1737 1825 1806 λόγος

1931 548 2106 608 Porro
2139 551 2258 608 haec
2290 550 2636 620 contigerunt
2662 556 2777 603 tum
2800 559 2924 601 eum
2959 546 3018 601 in
3061 545 3390 616 Babylonem
3414 545 3505 600 ab-

1931 642 2082 697 ducti
2110 652 2239 697 sunt
2262 639 2461 712 captivi
2491 656 2505 693 :
2538 637 2804 709 siquidem
2825 646 2972 692 terra
2996 635 3111 692 suis
3132 636 3402 691 exhausta
3417 645 3504 690 est

1931 732 2327 789 habitatoribus
2360 752 2371 787 :
2407 730 2655 786 civitates
2679 728 2904 784 fuerunt
2963 728 3074 799 igni
3124 742 3421 791 succensa,
3446 736 3503 781 et

1931 825 1999 881 ab
2026 826 2092 881 iis
2117 827 2210 896 qui
2233 841 2298 882 ex
2322 825 2496 880 Media
2527 822 2683 878 missi
2715 831 2872 876 erant
2894 820 3107 875 colonis
3125 819 3383 875 devorata
3414 834 3502 872 re-

1930 918 2019 988 gio
2048 926 2152 986 est,
2185 918 2272 974 his
2302 918 2439 988 ipsis
2467 916 2561 986 qui
2604 914 2821 970 fuerant
2872 913 3141 979 derelicti,
3182 911 3236 966 id
3267 925 3499 966 cernen-

1930 1009 2107 1074 tibus;
2152 1008 2340 1064 itidem
2390 1023 2516 1063 cum
2568 1007 2721 1077 regio
2774 1006 2956 1060 omnis
3006 1004 3267 1083 subversa
3316 1009 3400 1057 est
3430 1001 3500 1056 ab

1929 1103 2123 1159 alienis
2156 1102 2394 1174 populis.
2426 1100 2531 1157 Sed
2562 1100 2721 1171 juxta
2754 1096 3133 1153 sublimiorem
3187 1092 3498 1162 intelligen-

1931 1195 2063 1249 tiam
2093 1209 2181 1249 res
2206 1194 2443 1266 antiquae
2472 1192 2634 1248 nobis
2669 1191 3017 1260 adaptantur.
3049 1185 3279 1253 Quando
3314 1185 3498 1240 deiici-

1926 1301 2049 1341 mus
2072 1300 2118 1339 a.
2141 1284 2252 1339 Deo
2274 1293 2484 1352 nostro,
2534 1295 2844 1352 manusque
2880 1288 3101 1334 nostras
3135 1274 3499 1346 expandimus

1926 1378 1994 1434 ad
2027 1377 2189 1433 deum
2222 1377 2482 1442 alienum,
2506 1373 2697 1429 alienis
2721 1373 2814 1441 qui
2841 1386 2942 1426 nos
2958 1370 3243 1424 devastant
3264 1382 3329 1421 ac
3343 1379 3496 1420 ever-

1928 1478 2069 1536 tunt,
2102 1468 2387 1524 tradimur.
2429 1467 2565 1521 Nam
2612 1465 2894 1520 advertere
2923 1462 3051 1515 licet
3082 1448 3278 1514 bminas
3303 1471 3497 1511 omnes

1927 1548 2228 1627 internatas
2260 1557 2642 1630 peccatoribus
2689 1555 2955 1610 accidere.
3009 1551 3176 1606 Terra
3205 1558 3381 1604 vestra
3406 1547 3486 1599 de-

1923 1662 2086 1708 serta.
2122 1650 2404 1720 Plerisque
2438 1649 2574 1703 locis
2616 1646 2901 1716 Scriptura
2928 1652 3128 1698 terram
3182 1650 3341 1695 vocat
3378 1638 3488 1692 aui-

1924 1761 2072 1800 mam
2110 1746 2319 1800 semina
2350 1742 2501 1797 verbi
2526 1739 2938 1809 suscipientem,
2976 1735 3057 1789 uti
3105 1732 3360 1804 parabola
3391 1730 3496 1784 Do-

237 1828 395 1896 λέγει
445 1828 548 1899 τὴν
614 1828 1014 1900 ὑποδεχομένην
1055 1828 1124 1883 τά
1165 1828 1262 1882 τοῦ
1294 1829 1454 1900 λόγου
1506 1830 1816 1902 σπέρματα,

1917 1839 2065 1914 ,mini
2105 1854 2296 1893 sumus
2325 1837 2378 1889 in
2432 1833 2728 1904 Evangelio
2777 1830 2954 1885 edocti
2984 1830 3036 1883 δε
3069 1826 3213 1897 quod
3244 1824 3493 1879 videlicet

239 1920 319 1982 ὡς
345 1921 405 1972 ἐν
436 1918 517 1988 τῷ
543 1919 861 1991 Εὐαγγελίῳ
889 1920 1246 1990 δεδιδάγμεθα
1273 1920 1361 1974 διὰ
1380 1921 1482 1990 τῆς
1506 1921 1816 1993 παραϐολῆς

1924 1931 2028 1985 alia
2061 1930 2268 1985 semina
2305 1927 2620 1982 ceciderunt
2645 1926 2698 1978 in
2729 1935 2930 1978 terram
2956 1922 3157 1976 bonam
3177 1960 3193 1987 ,
3234 1917 3494 1973 doctrinm

236 2004 336 2057 τοῦ
372 2004 603 2078 Κυρίου,
629 2007 711 2058 ὅτι
745 2008 811 2059 τὰ
842 2008 939 2077 μὲν
972 2008 1166 2061 ἔπεσεν
1187 2009 1279 2060 ἐπὶ
1305 2008 1404 2081 τὴν
1434 2010 1535 2080 γῆν
1581 2009 1679 2081 τὴν
1724 2028 1824 2063 κα-

233 2093 364 2165 λὴν,
398 2094 499 2166 τὴν
524 2096 776 2169 δεκτικὴν
814 2099 1156 2171 μαθημάτων
1193 2100 1374 2165 θείων,
1408 2102 1663 2171 καὶπρὸς
1686 2120 1824 2174 καρ-

238 2187 516 2258 ποφορίαν
545 2186 785 2241 εὔθετον.
824 2191 1087 2258 Ἐρημος
1107 2190 1236 2262 δέ,ή
1272 2192 1464 2261 σοφίαν
1497 2193 1571 2264 μὴ
1602 2193 1819 2264 ἔχουσα,

239 2273 383 2344 μηδέ
412 2274 590 2342 λόγον,
617 2276 751 2347 μηδὲ
779 2279 921 2331 κατά
965 2278 1315 2352 δικαιοσύνην
1346 2281 1557 2352 βιοῦσα,
1598 2285 1731 2354 μηδὲ
1763 2286 1822 2339 ἐν

235 2365 471 2439 ἀληθείᾳ
503 2370 861 2442 πορευομένη.
885 2375 955 2427 Αἱ
980 2376 1185 2440 πόλεις
1211 2374 1378 2444 ὑμῶν
1401 2379 1817 2446 πυρίκαυστοι.

235 2457 406 2521 Πόλις
455 2458 573 2512 ἐστὶ
605 2460 859 2535 σύστημα
909 2464 1212 2536 ἀνθρώπων
1244 2469 1307 2520 ἐκ
1328 2468 1600 2541 διαφόρων
1629 2474 1822 2545 ἐπιτη-

234 2548 529 2620 δευμάτων
551 2552 644 2605 ἐπὶ
677 2554 932 2626 κοινωνίᾳ
959 2555 1074 2626 βίου
1107 2562 1612 2631 συγκεκροτημένον
1631 2576 1645 2592 ⁸
1683 2563 1821 2637 ὅπερ

234 2638 330 2692 διὰ
363 2641 428 2693 τδ
456 2641 658 2714 πολλὴν
688 2643 834 2715 ἔχειν
859 2645 958 2718 τὴν
988 2648 1054 2709 ἐν,
1086 2652 1198 2713 τοῖς
1232 2648 1416 2722 ἔργοις
1456 2653 1818 2725 ματαιότητα,

239 2726 400 2795 59““
443 2732 638 2803 κάρτον
684 2732 794 2806 (2⁵)
839 2736 936 2789 καὶ
979 2737 1251 2810 καλάμην»
1290 2742 1347 2798 ὲν
1379 2744 1447 2814 τῇ
1487 2744 1672 2815 ἡμέρᾳ
1720 2745 1821 2815 τῆς

236 2819 481 2890 κρίσεως
507 2826 991 2898 καταπίμπραται,
1023 2831 1115 2883 καὶ
1146 2833 1354 2901 γίνεται
1393 2834 1461 2888 τά
1499 2838 1820 2908 συστήματα

233 2912 347 2967 τῶν
379 2915 592 2970 ἀσεϐῶν
613 2919 977 2991 πυρίκαυστα.
1018 2921 1137 2991 Τὴν
1164 2923 1363 2993 χώραν
1386 2926 1552 2997 ὑμῶν
1565 2927 1822 2983 ἐνώπιον

234 3003 409 3072 ὑμῶν
440 3005 748 3077 ἀλλότριοι
794 3014 1242 3081 κατεσθίουσιν,
1295 3017 1424 3071 ὅταν
1452 3019 1517 3071 ἐκ
1552 3020 1818 3092 προτέρου

1923 2023 2123 2079 divinae
2150 2034 2427 2091 capacem,
2452 2028 2616 2088 atque
2645 2015 2711 2070 ad
2768 2016 3005 2069 fructum
3046 2010 3327 2066 ferendum
3378 2008 3492 2062 idop

1924 2128 2104 2167 neam.
2135 2111 2206 2166 At
2233 2125 2363 2165 vero
2387 2112 2598 2163 deserta
2629 2122 2692 2162 ea
2719 2114 2803 2161 est
2852 2119 2971 2175 qua:
3011 2101 3339 2177 sapientiam
3379 2114 3491 2155 non

1924 2205 2089 2261 habet
2121 2218 2219 2258 nec
2249 2202 2575 2267 doctrinam,
2613 2214 2713 2255 nec
2741 2198 2906 2253 vitam
2960 2196 3191 2252 instituit
3219 2195 3372 2264 juxta
3401 2193 3491 2263 ju-

1923 2298 2150 2360 stitiam,
2179 2309 2353 2365 neque
2383 2294 2437 2347 in
2470 2293 2698 2349 veritate
2726 2289 2987 2345 ambulat.
3019 2287 3270 2342 Civitates
3307 2295 3491 2339 vestra:

1921 2391 2031 2461 igni
2053 2403 2334 2444 succensw.
2367 2386 2574 2442 Civitas
2597 2384 2878 2439 hominum
2914 2389 3087 2437 coetus
3103 2388 3206 2445 est,
3228 2393 3297 2434 ex
3312 2378 3487 2433 diver-

1920 2484 1997 2537 sis
2028 2480 2273 2535 moribus
2305 2488 2360 2535 et
2381 2476 2644 2532 institutis
2665 2475 2731 2529 ad
2751 2487 3096 2530 communem
3117 2471 3239 2524 vitae
3259 2469 3487 2524 societa-

1920 2582 2029 2629 tem
2061 2571 2368 2627 conﬁatus:
2404 2569 2496 2641 qui
2530 2577 2815 2638 propterea
2842 2564 2984 2635 quod
3008 2564 3064 2617 in
3097 2560 3350 2632 operibus
3374 2558 3489 2613 suis

1921 2664 2154 2720 multum
2184 2662 2384 2717 habeat
2435 2660 2716 2726 vanitatis,
2766 2658 2910 2728 ligna
2961 2654 3187 2718 scilicet,
3222 2650 3407 2706 fenum
3434 2658 3488 2704 et

1920 2755 2199 2825 stipulam,
2226 2754 2278 2808 in
2303 2753 2515 2823 judicii.
2539 2751 2630 2808 die
2668 2748 3029 2814 comburitur,
3081 2755 3244 2816 atque
3272 2744 3358 2799 ha:
3387 2742 3487 2796 im-

1919 2848 2140 2918 piorum
2197 2846 2486 2901 societates
2527 2844 2650 2912 igne
2702 2841 3123 2897 succenduntur.
3199 2836 3484 2906 Regionem

1918 2944 2143 2990 vestram
2168 2931 2516 2992 coramfaobis
2543 2931 2703 2989 alieni
2719 2929 2969 2983 devorant
3000 2937 3114 2983 tum
3141 2940 3287 2989 cum,
3306 2923 3487 2979 anima

1917 3040 2017 3097 per
2046 3024 2288 3096 priorem
2313 3024 2479 3078 vitam
2524 3031 2578 3077 et
2620 3031 2823 3078 rectam
2863 3020 3052 3089 agendi
3107 3017 3374 3073 rationem
3403 3030 3487 3068 re-

236 3092 358 3196 βίον
387 3098 482 3151 καὶ
514 3100 791 3203 πολιτείας
814 3105 1026 3177 ἀγαθῆς
1050 3108 1229 3181 πεπλη
1239 3110 1489 3183 ρωμένης
1515 3110 1616 3182 τῆς
1640 3112 1816 3183 ψυχῆς

1917 3092 2066 3187 picta
2095 3114 2334 3186 Spiritus
2388 3113 2679 3179 fructibus,
2735 3111 3022 3175 charitate,
3071 3109 3289 3180 gaudio,
3328 3121 3483 3176 pace,

234 3184 349 3239 τῶν
381 3190 608 3259 καρπῶν
625 3193 717 3247 τοῦ
736 3195 875 3249 Πνεύ
884 3214 1073 3267 ματος,
1094 3198 1338 3271 ἀγάπης,
1356 3202 1551 3272 χαρᾶς,
1570 3203 1815 3274 εἰρήνης,

237 3279 649 3353 μακροθυμίας,
705 3288 1092 3360 χρηστότητος,
1145 3291 1494 3357 ἐπιπεσόντες
1549 3293 1817 3365 ἀλλότριοι

232 3370 496 3442 λογισμοὶ
529 3379 971 3435 καταναλίσκωσι
1019 3381 1089 3435 τά
1125 3385 1611 3457 προπεπονημένα.
1656 3386 1818 3440 Ἀλλά

232 3461 334 3517 ἐὰν
366 3465 462 3518 καὶ
494 3466 553 3519 ἐν
582 3470 648 3538 τῇ
686 3469 881 3542 πράξει
918 3471 1028 3526 τῶν
1060 3473 1200 3529 κατά
1232 3475 1323 3528 τὸν
1354 3475 1468 3545 βίον
1496 3477 1556 3530 τὸ
1586 3494 1816 3549 πρακτι-

231 3555 334 3612 κὸν
353 3556 454 3627 τῆς
479 3556 655 3631 ψυχῆς
688 3560 900 3617 ἔκδοτον
926 3563 1108 3637 δῶμεν
1129 3566 1425 3638 δαιμονίοις
1458 3568 1811 3643 ἀκαθάρτοις,

233 3648 449 3719 γίνεται
482 3653 520 3722 ἡ·
554 3652 625 3723 γῆ
656 3655 688 3723 ἡ
700 3652 817 3724 μῶν
866 3661 1328 3729 κατεστραμμένη
1367 3659 1471 3712 ὑπὸ
1498 3658 1810 3733 ἀλλοτρίων.

233 3738 373 3793 Θεοῦ
422 3741 532 3813 γὰρ
583 3743 870 3816 γεώργιον,
928 3746 1065 3800 Θεοῦ
1120 3748 1371 3820 οἰκοδομή
1420 3751 1606 3821 ἐσμεν.
1671 3752 1815 3817 Ἕως

233 3831 406 3902 ἐσμὲν
437 3832 548 3905 (Ξϐ)
588 3835 842 3907 κλήματα
879 3837 1110 3909 μένοντα
1134 3840 1193 3893 ἐν
1222 3842 1289 3912 τῇ
1319 3842 1550 3913 ἀμπέλῳ
1587 3842 1664 3914 τῷ
1687 3845 1815 3915 Χρι-

233 3926 371 3998 στῷ,
400 3928 634 4000 φέροντα
661 3931 788 3995 τοὺς
816 3934 1063 4005 καρποὺς
1090 3934 1216 4000 τοὺς
1247 3933 1634 4001 ἐπιϐάλλοντας
1659 3939 1810 4009 ἡμῖν,

229 4018 371 4073 Θεὸν
416 4019 613 4093 ἔχομεν
648 4025 895 4097 γεωργόν
919 4043 933 4056 ·
984 4025 1079 4080 ἐὰν
1109 4026 1168 4079 δὲ
1202 4025 1528 4099 ἀποστῶμεν
1559 4029 1659 4099 τῆς
1680 4028 1814 4093 ζωο-

227 4110 389 4164 ποιοῦ
420 4112 597 4185 ῥίζης,
625 4114 726 4185 τῆς
762 4117 844 4178 είς
870 4117 1103 4189 Χριστὸν
1131 4117 1386 4183 πίστεως,
1435 4118 1811 4192 ξηραινόμενοι

230 4201 544 4274 βαλλόμεθα
578 4202 703 4270 ἔξω,
742 4206 838 4259 καὶ
881 4207 1182 4279 καιόμεθα·
1218 4209 1310 4262 καὶ
1350 4210 1384 4280 ὴ
1420 4211 1485 4262 ἐκ
1523 4209 1622 4280 τῆς
1662 4210 1810 4265 διδα-

229 4295 464 4359 σκαλίας
489 4296 745 4368 οἰκοδομὴ
771 4297 951 4369 ἡμῶν,
987 4298 1138 4371 παρά
1174 4299 1237 4353 τὸ
1262 4299 1504 4371 καθῆκον
1529 4301 1806 4372 βιούντων,

227 4387 689 4459 καταστρέφεται.
721 4389 848 4443 Ἐὰν
869 4389 979 4461 γὰρ
1009 4390 1083 4462 μὴ
1103 4391 1450 4463 ἐπιμένωμεν
1479 4391 1557 4463 τῷ
1578 4392 1810 4466 θεμελίῳ

1918 3204 2202 3275 patientia,
2226 3203 2559 3275 benignitate
2585 3204 2606 3235 ⁸
2627 3242 2643 3270 ,
2667 3201 3016 3257 advenientes
3043 3200 3232 3253 alienae
3276 3197 3485 3267 cogita-

1918 3294 2096 3352 tiones
2120 3294 2382 3369 pristinos
2424 3294 2642 3349 labores
2691 3293 3002 3347 absumunt.
3051 3287 3204 3355 Quod
3235 3287 3281 3343 si
3312 3286 3365 3341 in
3391 3300 3484 3355 ge-

1920 3387 2108 3444 rendis
2143 3388 2264 3443 vita:
2306 3385 2562 3455 negetiis,
2614 3393 2863 3457 agentem
2896 3381 3063 3436 animi
3116 3380 3226 3433 vim
3255 3378 3484 3448 impuris

1916 3478 2175 3535 dedamus
2205 3477 2507 3543 daemoniis,
2533 3483 2683 3530 terra
2715 3484 2900 3530 nostra
2933 3471 3001 3526 ab
3053 3470 3254 3525 alienis
3279 3467 3484 3524 everti-

1914 3580 2005 3625 tur
2029 3608 2043 3634 ,
2074 3570 2273 3641 quippe
2300 3568 2394 3624 Dei
2411 3567 2768 3639 agricultura,
2790 3563 2884 3618 Dei
2915 3559 3200 3617 aediﬁcétio
3226 3571 3418 3615 sumus
3436 3554 3478 3609 '.

1916 3663 2165 3730 Quandiu
2196 3676 2386 3717 sumus
2418 3659 2671 3730 palmites
2697 3659 2752 3714 in
2783 3657 2892 3711 vite
2930 3660 3236 3716 manentes,
3271 3650 3483 3704 fructus

1914 3752 2008 3824 qui
2038 3768 2141 3808 nos
2157 3751 2407 3816 deceant,
2434 3749 2652 3805 Christo
2674 3748 2993 3802 aﬂerentes:
3026 3742 3196 3798 Deum
3215 3742 3483 3796 habemus

1914 3845 2231 3916 agricolam.
2262 3843 2481 3899 Si'vero
2533 3841 2921 3898 desciverimus
2952 3855 2982 3893 a
3024 3837 3334 3892 viviﬁcante
3387 3849 3482 3889 ra-

1914 3936 2054 4000 dice,
2088 3935 2157 3989 ab
2181 3948 2245 3989 ea
2273 3949 2469 4003 nempe
2488 3948 2610 4004 qum
2635 3933 2691 3987 in
2712 3931 2986 3988 Christum
3002 3939 3086 3986 est
3108 3929 3231 3995 ﬁde,
3258 3926 3481 3983 arctat."-

1911 4027 2231 4100 projicimur
2258 4024 2429 4091 foras,
2461 4034 2515 4080 et
2542 4024 2937 4081 comhurimur.
2964 4025 3141 4093 Atque
3169 4022 3260 4077 illa
3291 4028 3482 4074 nostra

1911 4119 2174 4177 doctrinae
2193 4117 2499 4183 aediﬁcatio,
2531 4117 2579 4173 si
2613 4106 2870 4171 indecore
2898 4116 3157 4181 vivimus,
3216 4113 3459 4170 subverti

1912 4222 2021 4269 tur.
2050 4210 2185 4266 Nam
2213 4209 2319 4265 nisi
2343 4209 2400 4263 in
2433 4207 2790 4264 fundamento
2815 4206 3185 4275 apostolorum
3229 4217 3481 4275 perseve-
3552 4184 3564 4203 ³

1911 4318 2116 4371 remus,
2135 4310 2461 4371 sumptuosa
2475 4298 2702 4355 aediﬁcia
2725 4306 3126 4361 construentes,
3154 4294 3313 4366 quasi
3330 4294 3480 4348 nullo

1911 4393 2141 4451 subnixi
2161 4392 2519 4447 fundamento
2549 4390 2781 4454 ruimus,
2805 4397 3098 4459 nosterque
3134 4402 3296 4443 casus
3333 4386 3480 4441 haud

225 4479 342 4534 τῶν
384 4480 718 4546 ἀποστόλων,
754 4482 1242 4554 ἀποικοδομοῦντες
1269 4482 1338 4537 τὰ
1381 4484 1560 4555 τίμια,
1611 4486 1688 4551 ὡς
1729 4488 1804 4557 μὴ

1917 4487 2142 4557 exiguus
2171 4493 2274 4540 est.
2326 4482 2536 4538 Etenim
2593 4480 2754 4551 quasi
2794 4480 3019 4535 devorat
3066 4477 3478 4549 intemperantia

227 4568 449 4642 ἔχοντες
489 4568 739 4641 θεμέλιον
784 4571 1309 4643 καταῤῥηγνύμεθα,
1358 4575 1693 4644 καὶγίνεται
1743 4578 1805 4631 τὸ

227 4659 436 4730 πτῶμα
463 4661 621 4731 ἡμῶν
647 4663 788 4733 μέγα
805 4681 818 4693 ·
836 4664 1000 4718 οἱονεὶ
1023 4663 1132 4735 γὰρ
1152 4664 1428 4719 κατεσθίει
1453 4666 1804 4740 σωφροσύνην

227 4750 331 4823 μὲν
361 4752 710 4823 ήάκολασία,
747 4754 842 4808 καὶ
866 4755 930 4809 τὸ
959 4754 1167 4809 ἁπλοῦν
1206 4755 1318 4828 (27)
1354 4760 1413 4812 ἐν
1451 4760 1734 4828 μεταδόσει
1767 4764 1800 4829 ἠ

226 4843 582 4917 φιλαργυρία,
598 4845 771 4900 καὶτὸ
791 4847 1132 4918 ἀγαπητικὸν
1148 4850 1181 4918 ἠ
1199 4847 1504 4922 φιλεχθρία.
1543 4851 1804 4904 Ἐλεεινὸν

223 4931 321 4989 οὖν
374 4935 473 5006 τὴν
520 4934 854 5011 εὐθηνοῦγσαν
895 4941 964 5009 τῇ
1016 4938 1127 4993 τῶν
1179 4939 1400 5008 ἀγαθῶν
1452 4942 1803 5012 καρποφορίᾳ

222 5027 406 5098 ψυχὴν
439 5027 781 5099 κατάϐρωμα
811 5030 1060 5098 γίνεσθαι
1079 5034 1192 5096 τοῖς
1213 5032 1582 5097 ὑπεναντίοις,
1614 5033 1664 5087 οἳ
1692 5035 1793 5088 οὐκ

221 5116 526 5188 ἀρκοῦνται
563 5117 720 5188 ἡμῶν
757 5122 822 5192 τῇ
855 5121 1155 5193 ἐρημώσει,
1191 5122 1287 5177 ἐὰν
1339 5123 1414 5195 μὴ
1444 5124 1541 5178 καὶ
1566 5124 1664 5195 τὴν
1699 5141 1802 5178 και-

224 5207 539 5279 ταστροφὴν
569 5209 941 5279 ἐπαγάγωσιν.
980 5213 1046 5267 Ἦ
1082 5214 1180 5284 μὲν
1209 5213 1317 5286 γὰρ
1348 5216 1699 5288 καταστροφὴ
1739 5219 1803 5271 ἐκ

1910 4577 2346 4652 temperantiam,
2380 4574 2608 4631 avaritia
2642 4573 3022 4628 liberalitatem
3047 4572 3102 4626 in
3137 4571 3303 4627 rebus
3330 4586 3481 4626 com-

1909 4666 2253 4723 municandis
2284 4665 2467 4732 sitam,
2491 4664 2601 4719 odii
2634 4662 2876 4719 studium
2911 4661 3018 4715 vim
3051 4675 3115 4715 ac
3162 4660 3477 4715 facultatem

1908 4758 2187 4829 diligendi.
2219 4756 2406 4827 Itaque
2436 4772 2525 4812 res
2553 4764 2636 4810 est
2670 4753 2998 4818 miseranda,
3036 4752 3276 4806 animam
3301 4751 3478 4806 bonos

1909 4852 2121 4906 fructus
2146 4850 2381 4905 ubertim
2410 4848 2824 4919 producentem,
2842 4843 3193 4897 inimicorum
3230 4843 3351 4897 ﬁeri
3376 4857 3478 4911 pa-

1894 4942 2120 5010 bulum,
2149 4942 2344 5011 quibus
2382 4954 2489 4995 non
2508 4938 2642 4995 satis
2671 4945 2756 4992 est
2785 4943 2968 4990 nostra
3008 4933 3261 5002 vastitas,
3294 4933 3400 4988 nisi
3425 4943 3478 4987 et

1906 5035 2079 5090 ruinae
2107 5042 2308 5090 nostra:
2331 5030 2535 5088 fuerint
2560 5041 2831 5087 auctores.
2862 5027 3151 5083 Enimvero
3188 5041 3256 5082 ex
3292 5026 3476 5097 pravis

1904 5124 2246 5183 documentis
2276 5125 2518 5179 nascitur
2555 5122 2942 5190 ruina,eorum
2975 5119 3067 5189 qui
3090 5131 3279 5173 errore
3312 5118 3477 5173 sedu-

1906 5225 2108 5272 cuntur
2125 5215 2287 5289 392
2316 5216 2499 5272 anima
2521 5216 2639 5274 solo
2660 5214 2816 5287 quasi
2837 5213 3015 5270 allisa.
3037 5209 3283 5267 Vastatio
3319 5225 3474 5278 vero,

297 5348 321 5378 ⁸
354 5343 544 5401 Matth.
576 5360 699 5413 xm,
726 5347 760 5402 5
794 5361 948 5418 seqq.
1022 5348 1043 5379 ⁸
1067 5347 1243 5404 Galat.
1264 5364 1316 5415 v,
1338 5348 1431 5408 22.
1505 5350 1570 5404 ’Ἰ
1601 5350 1726 5405 Cor.
1754 5325 1837 5417 tu,
1870 5349 1924 5407 9.

300 5499 419 5576 (2!)
441 5500 605 5568 Editi,
629 5502 1104 5575 καταληφθέντων.
1127 5504 1197 5560 At
1217 5518 1347 5561 mss.
1382 5505 1604 5576 aliquot,
1628 5523 1799 5563 κατα-

224 5569 581 5639 λειφθέντων.

210 5686 221 5695 .
303 5642 420 5720 (Eg
447 5640 699 5720 ﬁonnulli
728 5657 886 5720 mss,
914 5642 1166 5720 ξύλακαὶ
1190 5643 1403 5720 χόρτον.

326 5708 418 5788 29)
447 5708 578 5788 {ies-
608 5713 899 5788 ρεςιιιιάιεεο
925 5713 1030 5788 Et»:
1066 5713 1166 5788 μὲν
1185 5708 1496 5788 biisses/-

369 5779 423 5851 7)
458 5777 571 5839 νοί
597 5780 803 5838 ἁπλοῦν
836 5783 941 5840 hoc
965 5777 1082 5841 loco
1107 5777 1483 5844 liberalitatem
1529 5785 1800 5860 signiﬁca-

1883 5490 1964 5564 .re
2009 5509 2239 5566 videtur.
2297 5507 2409 5565 Nec
2463 5508 2660 5564 desunt
2691 5506 2782 5578 qui
2838 5506 3034 5578 dicant
3079 5519 3265 5578 vocem
3315 5503 3471 5561 ἀπλά

1903 5595 2005 5663 της
2036 5596 2132 5651 pro
2154 5579 2514 5635 beneﬁcentia
2545 5575 2760 5704 quoque
2785 5586 2948 5647 atque
2984 5575 3309 5631 liberalitate
3355 5590 3472 5643 pom

1905 5649 2141 5704 Enistola
2176 5648 2408 5704 secunda
2448 5647 2514 5702 ad
2591 5648 2795 5704 ortuth.
2854 5662 2973 5704 vm.
3002 5645 3059 5704 2.
3103 5655 3157 5704 et
3202 5659 3393 5703 rursus
3425 5649 3472 5699 iu

1905 5645 2141 5718 Epistola
2176 5648 2408 5706 secunda
2432 5647 2514 5719 _ad
2550 5645 2795 5706 Corinth.
2826 5645 2973 5719 ⁵ἱίιι,
3002 5645 3059 5715 2,
3103 5655 3157 5704 et
3202 5659 3393 5703 rursus
3425 5649 3472 5699 iu

1905 5717 2091 5808 eadem
2125 5735 2201 5789 rx,
2234 5720 2303 5777 ll.
2325 5726 2377 5777 et
2401 5717 2481 5776 l5.

2672 5882 2677 5886 ,
2690 5871 2721 5883 ῃ
