3838 6214
361 272 484 332 ’ἱδι

1333 276 1680 338 ΑΡΡΕΝΒΙΧ
1716 280 2008 341 OPERUM
2036 284 2095 341 S.
2138 285 2386 342 BASlLll
2426 287 2663 346 MAGNI’.

3512 286 3624 341 l3!

378 389 578 449 civium
606 390 849 461 priorum
881 399 962 446 est
992 391 1243 461 privatio.
1285 392 1398 451 Hoc
1442 406 1622 454 autem
1684 398 1844 456 facile
1887 401 1948 461 ﬁt

2072 405 2158 460 τῶν
2190 405 2442 479 πονηρῶν
2463 406 2574 478 (28)
2602 405 2944 477 διδαγμάτων
2964 404 3196 474 γίνεται,
3230 397 3341 457 οἷον
3373 400 3635 472 ἐδαφιζο-

378 484 438 541 In
462 484 702 540 humana
726 492 941 540 natura.
971 484 1104 541 Vide
1123 487 1268 542 enim
1292 488 1427 544 mihi
1454 492 1765 562 quempiam
1795 494 1950 564 juve-

328 652 332 660 δ
380 592 503 633 nem
529 593 561 633 a
595 592 768 648 puero
803 578 1015 647 pudicis
1061 580 1412 653 honestisque
1468 584 1711 641 moribus
1749 587 1951 644 educa-

329 684 333 731 ί
377 679 518 735 tum,
544 669 797 725 alacriter
832 677 890 724 et
940 670 1186 727 studiose
1234 673 1301 727 ad
1350 676 1721 744 precationum
1758 678 1950 737 domos

375 763 759 831 prodeuntem,
793 777 895 832 pro
924 777 1025 818 sua
1046 764 1191 819 virili
1222 774 1376 835 parte
1417 769 1948 837 hencﬁcum,a:terni

371 851 568 920 judicii
601 868 917 922 memorem,
954 855 1367 925 amplectentem
1422 861 1683 917 doctrina:
1737 878 1948 918 sermo-

375 956 544 997 nem:
582 943 776 999 deinde
803 944 953 1000 illum
1010 949 1296 1003 considera
1348 950 1405 1004 in
1454 959 1699 1022 stuprum
1731 953 1950 1024 aliquod

375 1034 731 1102 prolapsum;
762 1040 1033 1106 quomodo
1059 1050 1182 1110 post
1215 1042 1492 1112 pudicitiae
1513 1044 1808 1114 iacturam,
1830 1042 1949 1101 fru-

376 1131 675 1197 ctuumque
724 1129 1108 1196 vastationem,
1160 1132 1473 1188 omnimoda
1498 1134 1648 1188 illum
1695 1136 1950 1207 deinceps

377 1218 538 1272 ruina
564 1229 801 1275 maneat.
833 1220 953 1276 Jam
985 1224 1125 1277 mala
1153 1225 1491 1281 conscientia
1519 1242 1628 1282 non
1654 1229 1799 1284 hunc
1819 1231 1951 1286 sinit

376 1309 444 1363 ad
481 1311 809 1378 precationis
839 1314 1018 1369 locum
1052 1317 1344 1386 proﬁcisci,
1368 1319 1567 1390 quippe
1590 1321 1715 1391 quia
1740 1322 1795 1376 in
1818 1323 1952 1378 ﬁde-

376 1401 512 1457 lium
545 1405 738 1459 ordine
765 1421 877 1461 non
907 1408 1193 1464 consistit:
1224 1410 1293 1465 ab
1317 1426 1384 1466 eo
1422 1412 1687 1481 siquidem
1713 1414 1946 1483 excidit;

376 1507 480 1549 nec
519 1503 697 1550 tamen
727 1496 783 1552 in
813 1497 1121 1554 deﬂentium
1152 1501 1271 1556 loco
1293 1511 1401 1557 stat
1428 1543 1445 1570 ,
1496 1504 1767 1574 siquidem
1824 1522 1951 1562 eru-

2055 496 2223 567 μένης
2272 497 2373 568 τῆς
2404 497 2582 569 ψυχῆς
2619 496 2727 551 τῶν
2761 495 3287 566 ἀποσιραλλομένων⁹
3320 496 3353 564 ή
3394 492 3452 546 δὲ
3489 495 3629 564 ἐρή-

2053 604 2226 658 μωσις
2250 588 2501 660 στέρησίς
2526 590 2643 641 ἐστι
2673 587 2782 641 τῶν
2818 585 3416 659 προπεπολιτευμένων.
3453 584 3632 637 Τοῦτο

2049 678 2106 731 δέ
2133 678 2331 750 ῥᾳδίως
2354 680 2563 748 γίνεται
2593 680 2722 750 περὶ
2749 678 2844 750 τὴν
2872 678 3216 749 ἀνθρωπίνην
3250 678 3449 749 ψυχήν.
3480 678 3635 749 Ὅρα

2049 769 2158 842 γάρ
2203 788 2294 842 μοι
2340 771 2457 824 νέον
2488 770 2611 824 τινὰ
2655 773 2720 823 ἐκ
2771 771 2958 834 παιδὸς
2990 769 3364 841 τεθραμμένον
3410 771 3469 822 ἐν
3526 767 3631 839 βίῳ

2052 860 2256 931 σεμνῷ,
2290 862 2370 925 εἰς
2403 860 2586 925 οἴκους
2624 861 2951 914 ἀπαντῶντα
2977 859 3086 913 τῶν
3120 858 3435 931 προσευχῶν
3472 858 3633 927 φιλο-

2052 950 2249 1016 πόνως,
2280 950 2383 1021 τῆς
2431 949 2573 1004 κατὰ
2629 949 2859 1020 δύναμιν
2883 949 3131 1012 εὐποιίας
3171 947 3245 1019 μὴ
3291 947 3626 1019 ἀμελοῦντα,

2054 1042 2403 1114 μεμνημένον
2453 1041 2718 1113 κρίματος
2761 1040 3000 1109 αἰωνίου,
3052 1040 3409 1109 ἀντεχόμενον
3460 1038 3635 1108 λόγου

2049 1133 2421 1196 διδασκαλίας,
2444 1127 2563 1185 εἶτα
2591 1131 2953 1202 όλισθήσαντα
2976 1131 3057 1195 εἰς
3080 1131 3179 1201 τὴν
3207 1130 3481 1201 πορνείαν,
3507 1129 3631 1193 πῶς

2054 1227 2192 1298 μετά
2220 1225 2311 1280 τὸν
2339 1224 2644 1296 ἀφανισμὸν
2673 1224 2774 1294 τῆς
2799 1223 3175 1295 σωφροσύνης,
3224 1222 3318 1275 καὶ
3358 1220 3456 1293 τὴν
3490 1223 3631 1291 ὲ[θ’θ’-

2054 1335 2229 1388 μωσιν
2284 1316 2392 1369 τῶν
2444 1316 2695 1386 καρπῶν,
2724 1314 2908 1367 λοιπὸν
2944 1315 3038 1367 καὶ
3079 1314 3113 1385 ἠ
3156 1312 3421 1384 παντελὴς
3470 1311 3633 1382 αὐτῷ

2051 1409 2404 1483 καταστροφὴ
2455 1402 2758 1463 ἀκολουθεῖ.
2794 1407 2909 1460 Οὐκ
2955 1405 3078 1474 ἀγει
3126 1405 3182 1459 δέ
3236 1404 3344 1476 (9.9)
3394 1405 3557 1458 αὑτὸν
3590 1402 3631 1475 ἠ

2052 1501 2267 1573 πονηρά
2288 1500 2589 1572 συνείδησις
2610 1502 2689 1562 εἰς
2714 1499 2804 1552 τὸν
2829 1489 2992 1551 τόπον
3012 1496 3112 1568 τῆς
3137 1496 3464 1567 προσευχῆς,
3489 1494 3629 1548 διότι
3659 1537 3664 1542 .

376 1582 570 1640 bescit.
601 1586 737 1645 Hinc
772 1591 948 1646 oritur
979 1592 1034 1646 in
1061 1594 1376 1662 precatione
1402 1597 1682 1667 segnities,
1714 1615 1777 1653 ac
1795 1599 1950 1655 ﬁctas

2072 1614 2110 1649 ιν
2142 1599 2208 1667 τῇ
2269 1594 2418 1661 τάξει
2482 1595 2591 1647 τῶν
2651 1590 2856 1645 πιστῶν
2922 1589 3022 1660 οὐχ
3076 1588 3341 1659 ἕστηκενο
3396 1586 3629 1651 ἐξέπεσε

383 1682 767 1737 excusationes
800 1684 865 1737 ad
899 1684 1250 1754 inquisitores
1274 1686 1540 1744 fallendos
1575 1692 1947 1747 comminisci-

2072 1690 2161 1763 {dp
2185 1707 2199 1720 ·
2250 1689 2307 1743 ἐν
2345 1688 2402 1741 δὲ
2442 1690 2511 1759 τῇ
2553 1685 2663 1739 τῶν
2708 1682 2820 1756 (50)
2862 1680 3266 1736 ύποκλαιόντων
3317 1680 3472 1750 χώρᾳ.
3528 1679 3636 1749 οὐχ

380 1782 490 1827 tur.
528 1772 833 1844 Quispiam,
869 1775 1066 1845 inquit,
1095 1785 1250 1848 urget
1300 1793 1407 1846 me,
1441 1790 1606 1849 atque
1649 1782 1786 1837 adeo
1836 1799 1945 1839 non

2072 1748 2289 1844 ἰσσιξατοιι,
2332 1748 2645 1847 αἰσχύνεται
2686 1748 2817 1846 γάρ.
2861 1769 3142 1825 Ἐντεῦθεν
3179 1748 3350 1833 ὄκνος
3376 1748 3457 1834 εἰς
3491 1748 3631 1840 προέ

379 1865 635 1935 opperior
671 1880 842 1922 edente
874 1868 1293 1924 celebrationem
1319 1886 1334 1936 ;
1363 1879 1419 1925 et
1459 1870 1530 1927 ob
1575 1888 1692 1928 eam
1725 1891 1948 1932 causam

2072 1872 2245 1941 ράσεις
2278 1866 2672 1937 πεπλασμένας
2709 1863 2818 1935 (51)
2853 1860 3084 1916 ἐπινοῶν
3112 1859 3248 1932 πρὸς
3273 1859 3400 1922 τοὺς
3428 1858 3631 1929 ἐπιζη-

379 1965 508 2012 nnte
522 1956 758 2012 ﬁdelium
786 1962 1152 2028 precationem
1180 1978 1374 2017 rursus
1390 1979 1448 2019 se
1467 1965 1736 2030 subducit,
1760 1985 1952 2040 quam-

2072 1963 2298 2025 τοῦντας.
2342 1960 2401 2013 '0
2428 1958 2578 2013 δεῖνά
2613 1975 2700 2028 με,
2737 1956 2922 2026 φησιν,
2954 1954 3183 2023 ἐπείγει,
3216 1951 3311 2006 καὶ
3354 1950 3455 2004 οὐκ
3493 1950 3629 2003 ἀνα-

379 2043 513 2101 libet
562 2049 971 2104 excusationem
1028 2049 1309 2121 eliingens.
1370 2052 1576 2109 Deinde
1622 2042 1838 2112 sensim
1879 2059 1951 2113 ob

2072 2056 2202 2109 ιένω
2233 2054 2330 2125 τὴν
2361 2050 2579 2115 σύναξιν
2598 2067 2610 2080 ·
2645 2050 2739 2104 καὶ
2784 2047 2872 2102 διὰ
2908 2047 3025 2101 τόδε
3058 2046 3221 2098 πάλιν
3254 2042 3361 2116 πρὸ
3392 2044 3492 2114 τῆς
3514 2041 3633 2096 τῶν

379 2140 830 2196 consuetudinem
869 2141 1161 2199 meditatur
1212 2147 1568 2216 apostasiam,
1614 2157 1669 2203 et
1711 2149 1776 2203 ad
1811 2150 1949 2205 inte-

2072 2143 2260 2198 τιστῶν
2291 2143 2457 2213 εὐχῆς
2492 2138 2813 2210 ὑπεξῆλθεν,
2846 2138 2946 2191 ὅτι
2974 2136 3041 2191 ἂν
3076 2135 3214 2209 τύχῃ
3253 2133 3625 2203 πλασάμενος.

380 2247 536 2302 gram
570 2234 932 2303 perditionem
968 2234 1281 2291 deducitur.
1312 2235 1373 2291 In
1409 2253 1648 2305 summa,
1695 2241 1951 2307 malignis

2072 2230 2187 2289 Ξῖτα
2236 2237 2301 2288 ἐκ
2341 2233 2441 2304 τῆς
2475 2232 2618 2286 κατά
2668 2231 2861 2302 μικρὸν
2892 2227 3179 2301 συνηθείας
3228 2225 3430 2299 μελέτη
3476 2225 3630 2297 αὐτῷ

379 2325 746 2394 potestatibus
789 2325 1067 2395 peculiare
1116 2337 1221 2391 est,
1273 2345 1554 2399 nunquam
1610 2330 1766 2399 prius
1801 2332 1954 2388 abiis

2072 2330 2190 2401 τρὸς
2223 2326 2558 2383 ἀποστασίαν
2604 2325 2881 2393 ἐγγίνεται
2934 2322 3069 2393 (52),
3120 2320 3216 2376 καὶ
3265 2321 3348 2384 εἰς
3386 2316 3631 2388 παντελῆ

381 2430 521 2486 quos
540 2416 767 2486 iustitiae
794 2416 1065 2474 fructibus
1095 2434 1298 2474 vacuos
1324 2420 1653 2476 reddiderint
1675 2424 1950 2487 secedere,

380 2523 546 2577 quam
581 2509 798 2565 eosdem
826 2509 894 2565 iis
925 2510 1019 2578 qui
1051 2510 1198 2566 circa
1246 2511 1613 2582 cognitionem
1661 2523 1955 2570 versantur

380 2599 660 2681 erroribus
685 2599 995 2656 imbueriut.

450 2782 540 2838 20.
573 2778 740 2838 Vens.
768 2783 820 2838 8.
860 2784 1264 2856 Derelinquetur
1290 2787 1407 2857 ﬁlia
1442 2786 1595 2853 Sion,
1620 2791 1758 2844 sicut
1782 2789 1955 2845 laber-

380 2877 634 2930 uaculum
663 2876 721 2930 in
744 2877 915 2942 vinea,
938 2886 988 2931 et
1015 2878 1154 2932 sicut
1199 2895 1477 2947 pomorum
1507 2882 1748 2936 custodia
1780 2885 1834 2935 in
1863 2899 1957 2935 cu-

382 2969 703 3022 cumerario.
746 2965 1146 3036 Argumentum
1182 2968 1317 3037 justi
1351 2968 1541 3038 judieii
1592 2967 1685 3024 Dei
1736 2971 1957 3026 exhibet

2053 2421 2331 2476 ἀπώλειαν
2365 2417 2708 2488 περιάγεται.
2749 2413 2992 2467 Καθόλου
3025 2412 3103 2477 δέ,
3151 2411 3283 2466 ἴδιον
3315 2410 3424 2463 τῶν
3456 2426 3633 2481 πονη-

2057 2512 2166 2584 ρῶν
2190 2509 2492 2581 δυνάμεων,
2530 2507 2669 2578 μετά
2694 2505 2755 2560 τὸ
2783 2507 3023 2577 ἐρήμους
3055 2502 3333 2570 ἀποδεῖξαι
3359 2499 3470 2556 τῶν
3500 2517 3642 2572 καρ-

2056 2600 2174 2654 πῶν
2205 2600 2304 2670 τῆς
2343 2596 2712 2668 δικαιοσύνης,
2767 2594 2842 2667 μὴ
2873 2593 3203 2664 ἀφίστασθαι
3255 2593 3384 2663 πρὶν
3424 2590 3491 2644 ἂν
3535 2590 3641 2645 καὶ

2052 2694 2166 2755 τοῖς
2191 2689 2334 2743 κατά
2368 2688 2466 2759 τὴν
2491 2686 2693 2755 γνῶσιν
2726 2684 3007 2755 σφάλμασι
3032 2681 3418 2754 περιϐάλωσιν.

2123 2780 2214 2833 20.
2252 2774 2889 2848 ’Ξῖ-καταλειφθήσεται
2931 2774 2971 2842 ἡ
3017 2771 3277 2843 θυγάτηρ
3318 2770 3505 2837 Σιὼν,

2056 2870 2254 2940 σκηνὴ
2292 2871 2362 2924 ἐν
2393 2866 2722 2939 ἀμπελῶνι,
2768 2866 2868 2920 καὶ
2909 2865 2990 2932 ὡς
3038 2863 3533 2934 ὀπωροφυλάκιον
3562 2864 3635 2918 ἐν

2056 2963 2396 3032 σικυηράτῳ
2423 2960 2556 3032 (55).
2597 2959 2894 3026 Ἀπόδειξιν
2914 2958 3013 3030 τῆς
3038 2956 3133 3011 τοῦ
3162 2955 3296 3010 Θεοῦ
3328 2956 3640 3031 δικαιοκρι-

382 3059 644 3115 similium
678 3060 987 3116 retributio.
1043 3059 1345 3130 Dereliquit
1392 3061 1703 3127 Dominum,
1736 3064 1806 3118 ob
1833 3080 1951 3119 eam

2072 3058 2177 3122 ria;
2204 3057 2319 3128 ἔχει
2347 3059 2382 3127 ὴ
2411 3052 2521 3109 τῶν
2557 3052 2757 3124 ὁμοίων
2785 3050 3072 3113 ἀντίδοσις.
3114 3048 3472 3118 Ἐγκατέλιπε
3518 3049 3634 3119 (⁸54)

383 3168 607 3207 causam
634 3151 1039 3222 derelinquetur
1085 3152 1191 3205 ﬁlia
1226 3153 1382 3208 Sion.
1414 3152 1578 3208 Suam
1613 3162 1793 3211 tamen
1825 3170 1955 3227 erga

2072 3152 2289 3223 Κύριον,
2339 3146 2430 3202 διὰ
2491 3145 2650 3200 τοῦτο
2700 3143 3254 3215 ἐγκαταλειφθὴσεται
3302 3144 3336 3214 ἡ
3388 3141 3641 3213 θυγάτηρ

387 3246 534 3301 illam
562 3254 748 3302 servat
788 3246 967 3301 adhuc
1011 3245 1417 3316 benignitatem,
1473 3245 1636 3301 ﬁliam
1690 3248 1954 3316 nominat,

384 3353 577 3393 rursus
616 3338 787 3409 ipsam
835 3338 1112 3408 appellans
1157 3338 1341 3409 priore
1370 3339 1617 3401 nomine,
1649 3339 1792 3408 quod
1834 3350 1959 3396 ante

386 3430 670 3485 obtinebat
695 3446 858 3501 quam
899 3445 959 3485 se
987 3430 1368 3486 abalienasset.
1402 3429 1808 3499 Derelinquetur
1826 3433 1961 3487 sicut

387 3521 790 3577 tabernaculum
836 3525 892 3578 in
925 3524 1096 3578 vinea.
1137 3523 1219 3578 Ad
1269 3524 1570 3578 custodiam
1603 3524 1876 3579 fructuum
1905 3525 1959 3578 in

388 3615 565 3670 vineis
621 3616 965 3672 nascentium
1038 3617 1275 3686 ﬁguntur
1352 3616 1609 3674 tentoria.
1644 3615 1801 3670 Cum
1831 3630 1963 3683 ergo

389 3708 548 3762 vinea
577 3707 813 3778 propriis
860 3707 1129 3764 fructibus
1159 3710 1456 3774 exuberat,
1502 3708 1650 3763 omni
1697 3706 1875 3763 studio
1898 3724 1962 3762 ac

389 3795 667 3867 diligentia
694 3806 920 3853 curatur
949 3802 1268 3866 tentorium;
1300 3808 1358 3853 ut
1379 3813 1445 3853 ex
1472 3815 1537 3855 eo
1565 3809 1751 3855 custos
1775 3799 1964 3855 sedulo

388 3889 711 3960 prospiciat,
746 3905 834 3958 ne,
883 3891 973 3960 qui
1021 3891 1072 3945 in
1123 3891 1209 3944 via
1245 3901 1590 3961 praetereunt,
1619 3891 1826 3948 fructus
1847 3892 1963 3962 ejus

392 3977 712 4048 decerpant.
740 3980 875 4035 Cum
897 3989 1077 4036 autem
1105 3980 1263 4036 vinea
1294 3983 1624 4038 infructuosa
1647 3990 1753 4047 est,
1793 3983 1964 4037 vineae

395 4073 734 4129 munimenta
774 4084 1170 4141 consequenter
1199 4073 1568 4144 negliguntur.
1598 4073 1961 4140 Quamobrem

392 4162 749 4219 lsraeliticum
776 4163 1031 4233 populum
1069 4163 1384 4219 derelictum
1434 4165 1498 4220 iri
1556 4166 1961 4231 intermittatur,

391 4266 582 4328 utpote
629 4256 720 4326 qui
766 4263 1189 4310 consentaneum
1230 4256 1465 4311 fructum
1520 4272 1628 4311 non
1676 4256 1832 4313 ferat.
1873 4257 1964 4312 Ti-

391 4350 650 4405 mendum
681 4349 865 4418 itaque
888 4350 1043 4404 nobis
1084 4356 1168 4403 est
1218 4362 1286 4404 ne
1332 4347 1651 4404 infructuosi
1685 4349 1876 4414 simus,
1905 4359 1964 4404 ut

2064 3241 2225 3297 Σιών.
2264 3240 2384 3293 Ἔτι
2418 3237 2474 3292 δὲ
2503 3238 2684 3308 ἔχεται
2729 3237 2828 3307 τῆς
2880 3232 3308 3306 φιλανθρωπίας,
3356 3232 3641 3304 θυγατέρα

2065 3330 2342 3405 ὀνομάζει,
2361 3332 2424 3384 ἐκ
2446 3330 2538 3382 τοῦ
2556 3327 2822 3400 προτέρου
2846 3326 3017 3397 αὐτὴν
3045 3326 3306 3396 ὀνόματος
3328 3323 3637 3390 ἀνακαλῶν,

2066 3425 2095 3478 δ
2130 3420 2243 3495 εἶχε
2268 3424 2396 3495 πρὶν
2419 3418 2862 3492 ἀλλοτριωθῆναι.
2894 3415 3531 3488 Ἐγκαταλειφθήσεται
3559 3417 3644 3482 ὠς

2068 3515 2269 3583 σκηνὴ
2300 3514 2370 3567 ἐν
2396 3510 2721 3582 ἀμπελῶνι.
2753 3511 2848 3573 Εἰς
2877 3507 3119 3580 φρουρὰν
3147 3506 3255 3561 τῶν
3290 3509 3348 3559 ἐν
3382 3507 3506 3570 ταῖς
3531 3507 3644 3576 άμ-

2069 3607 2253 3670 πέλοις
2279 3603 2505 3673 καρπῶν
2532 3603 2586 3655 αἱ
2626 3600 2823 3673 σκηναὶ
2852 3601 3174 3670 πήγνυνται.
3206 3598 3374 3651 Ὅταν
3407 3596 3507 3667 μὲν
3545 3592 3639 3650 οὖν

2069 3700 2270 3770 εὐθηνῇ
2302 3701 2415 3761 τοῖς
2450 3694 2673 3758 οἰκείοις
2713 3695 2946 3767 καρποῖς
2978 3693 3011 3762 ἡ
3044 3690 3306 3762 ἄμπελος,
3343 3689 3642 3754 σπουδάζε-

2068 3810 2161 3848 ται
2189 3795 2222 3864 ή
2263 3789 2456 3861 σκηνὴ,
2491 3789 2587 3841 καὶ
2620 3786 2801 3857 πάσης
2840 3784 3082 3850 ἀξιοῦται
3111 3782 3447 3854 ἐπιμελείας,
3495 3780 3643 3837 ὥστε

2069 3888 2163 3940 ἀπ’
2192 3883 2362 3954 αὐτῆς
2386 3879 2738 3936 κατοπτεύειν
2904 3877 2996 3931 τὸν
3014 3877 3248 3947 φύλακα,
3283 3877 3493 3947 μήποτε
3516 3892 3642 3946 τρυ-

2070 3978 2240 4048 γῶσιν
2268 3974 2436 4043 αὐτὴν
2467 3975 2514 4026 οἱ
2562 3970 3071 4044 παραπορευόμενοι
3095 3969 3194 4039 τὴν
3216 3967 3352 4023 ὀδόν.
3381 3968 3549 4022 Ὅταν
3581 3966 3639 4020 δὲ

2071 4070 2319 4140 ἄκαρπος
2350 4062 2407 4140 ᾗ,
2440 4064 2722 4135 ἀμελεῖται
2769 4060 3086 4131 ἀναγκαίως
3132 4060 3230 4131 τῆς
3282 4056 3639 4129 ἀμπέλου,τά

2074 4159 2437 4229 φυλακτήρια.
2469 4154 2566 4208 Διά
2612 4153 2770 4207 τοῦτο
2802 4151 2894 4206 τοῦ
2949 4148 3339 4223 Ἰσραηλιτικοῦ
3370 4147 3501 4202 λαοῦ
3537 4148 3639 4219 τὴν

2074 4248 2460 4321 ἐγκατάλειψιν
2502 4245 2733 4311 ἀπειλεῖ,
2788 4244 2865 4309 ὡς
2912 4243 2987 4316 μὴ
3043 4240 3522 4315 καρποφοροῦντος
3573 4238 3645 4293 τὰ

2074 4341 2449 4399 ἐπιϐάλλοντα.
2499 4337 2829 4409 Φοϐηθῶμεν
2877 4330 2969 4389 οὖν
3023 4331 3162 4388 εἶναι
3225 4334 3501 4405 ἄκαρποι,
3566 4330 3647 4403 μὴ

393 4450 465 4495 ne
497 4439 592 4495 Dei
642 4439 982 4508 inspectione
1038 4438 1418 4494 destituamur.
1459 4437 1696 4507 Spiritus
1747 4425 1959 4492 sanctus

2074 4430 2587 4504 ἐγκαταλειφθῶμεν
2613 4427 2717 4482 ὑπὸ
2738 4427 2839 4496 τῆς
2874 4426 3178 4495 ἐπισκοπῆς
3208 4425 3303 4478 τοῦ
3332 4421 3639 4496 Θεοῦ-(56),

396 4540 500 4596 est,
554 4533 779 4603 quinos
827 4532 1082 4586 custodit.
1139 4531 1326 4600 Itaque
1380 4546 1501 4584 cum
1562 4531 1738 4584 anima
1764 4530 1966 4583 fructus

396 4625 619 4679 uternis
645 4623 925 4694 apothecis
952 4624 1142 4691 dignos
1175 4622 1413 4692 profert,
1462 4629 1572 4674 tum
1613 4627 1753 4675 astat
1784 4628 1964 4675 cust0~

469 4825 584 4898 (ἑᾷ)
606 4826 685 4898 ita
713 4838 847 4878 mss.
871 4833 1121 4898 quatuor.
1137 4822 1312 4898 _Editi,
1343 4820 1654 4893 μοχθηρῶν.

469 4892 585 4967 ('99)
616 4892 1062 4967 ljegsecundus,
1095 4893 1194 4965 μὲν
1223 4892 1354 4967 γάρζ

470 4958 587 5038 (50)
626 4958 857 5038 Dubium
894 4979 999 5038 non
1034 4958 1115 5018 est
1149 4958 1276 5038 quin
1301 4958 1513 5038 'horurn
1548 4960 1976 5038 Commentario-

398 5030 521 5093 rum
549 5030 759 5098 auctor,
793 5037 917 5088 dum
952 5034 1024 5087 ita
1065 5030 1348 5094 scriberet,
1380 5034 1439 5086 ἐν
1465 5032 1522 5085 δὲ
1549 5035 1617 5103 τῇ
1660 5030 1792 5095 τῶν,
1841 5042 1973 5095 etc.,

400 5112 468 5163 ad
503 5107 785 5173 antiquum
816 5105 1149 5172 ptenitentiae
1189 5103 1416 5174 publicae
1456 5104 1619 5156 ritum
1652 5109 1972 5174 respexerit.

400 5177 536 5234 Nam
591 5169 733 5229 inter
781 5169 917 5229 alios
971 5175 1114 5228 illius
1145 5169 1343 5244 gradus
1385 5174 1499 5241 ipsa
1532 5169 1978 5241 quoquedeﬂen-

403 5251 534 5302 tium
566 5247 728 5301 statio
755 5246 1138 5298 numerabatur

482 5315 596 5387 (3i)
627 5316 719 5387 Sic
747 5314 1043 5387 Colbertini
1067 5315 1274 5387 primus
1291 5321 1344 5387 et
1369 5312 1562 5370 tertius
1582 5325 1706 5387 cum
1736 5309 1869 5387 Reg:
1893 5322 1978 5362 se-

402 5378 600 5440 cundo.
657 5386 800 5439 Etliti
843 5399 971 5438 vero
1006 5378 1082 5438 et'
1112 5385 1217 5438 duo
1256 5383 1346 5436 alii
1380 5398 1536 5445 tnss.,
1577 5378 1974 5449 πεπλασμέναι.

401 5456 520 5509 Vox
557 5454 798 5519 σύναξις,
834 5469 952 5523 qua:
989 5469 1111 5508 mox
1144 5455 1411 5522 sequitur,
1439 5468 1543 5506 non
1585 5450 1754 5504 solam
1788 5464 1980 5517 corpo-

403 5526 483 5581 ris
504 5535 556 5579 et
596 5525 873 5594 sanguinis
913 5523 1127 5578 Domini
1159 5523 1649 5594 participationem,
1684 5523 1977 5594 sed_totatu

403 5589 787 5666 mysteriorum
807 5589 1240 5666 celebrationem
1274 5589 1565 5666 signiﬁcat.
1593 5589 1736 5659 Lege
1766 5590 1902 5645 Duc.

479 5662 594 5796 $52)
619 5665 694 5717 Ita
727 5665 967 5734 quinque
1000 5677 1133 5716 mss.
1154 5662 1225 5716 At
1257 5662 1411 5725 editi,
1444 5661 1673 5730 γίνεται.

502 5734 591 5795 35)
627 5732 719 5788 Sic
750 5735 878 5790 editi
913 5742 966 5788 et
993 5741 1104 5788 tres
1128 5746 1284 5796 mss.,
1311 5745 1415 5788 nec
1436 5731 1591 5788 aliter
1624 5732 1673 5788 le

502 5734 591 5795 35)
627 5732 719 5788 Sic
746 5729 892 5790 editi
913 5742 966 5788 et
993 5741 1104 5788 tres
1128 5746 1284 5803 mss.,
1311 5745 1415 5788 nec
1436 5729 1591 5788 aliter
1624 5730 1819 5801 legitur
1834 5729 1973 5800 apud

2076 4525 2149 4580 Τὸ
2172 4523 2443 4595 φυλάσσον
2475 4522 2643 4591 ἡμᾶς,
2667 4518 2729 4571 τὸ
2761 4517 2986 4588 Πνεῦμα
3017 4516 3078 4569 τὸ
3124 4515 3278 4582 ἅγιόν
3300 4515 3437 4568 ἐστι.
3470 4512 3642 4569 Ὅταν

2075 4619 2172 4689 μὲν
2203 4612 2296 4670 οὖν
2332 4615 2656 4686 καρποφορῇ
2687 4613 2721 4682 ἡ
2748 4608 2892 4680 ψυχὴ
2925 4609 3051 4675 ἄξια
3086 4606 3193 4661 τῶν
3240 4606 3474 4660 αἰωνίων
3508 4605 3644 4659 ἀπο-

2074 4818 2214 4874 LXX
2242 4827 2297 4872 et
2325 4817 2461 4887 apud
2491 4811 2834 4882 Procopium.
2872 4809 2942 4887 ᾼι
2969 4809 3167 4887 legi_t_ur
3188 4808 3240 4861 in
3270 4807 3644 4887 duobus‘mss.

2075 4873 2129 4942 et
2180 4873 2681 4958 apudJ‘tlusebiutn,’
2712 4873 3048 4958 σικυηλάτῳῖ
3071 4879 3274 4958 Vocem
3300 4873 3647 4958 σικυηλατον

2077 4916 2129 4942 Cl-
2180 4916 2660 4958 apouuuacuuuu,
2712 4916 3041 4949 υυυυιιηυιυιγ.
3088 4916 3267 4933 vves."-
3317 4916 3641 4929 νυν-......ν,

2077 4958 2200 5011 alibi
2233 4958 2456 5024 reperiri
2485 4956 2591 5023 jam
2633 4955 2832 5024 dudutn
2868 4958 3148 5024 monuerat
3181 4946 3443 5024 Nobilius.
3467 4916 3641 5024 iVelim

2076 5015 2358 5096 compares
2387 5015 2508 5096 quae
2529 5024 2756 5096 in‘huuc
2782 5021 2957 5096 lu_enm
2979 5021 3251 5096 scripsere
3274 5015 3646 5096 antiquissimi

2078 5085 2557 5165 tres'interpretes,
2592 5094 2786 5148 borum
2811 5085 3342 5145 Commentariorum
3385 5085 3642 5153 scriptor,

2076 5178 2130 5221 et
2156 5167 2531 5237 Hieronymus.

2151 5222 2376 5307 (34)]15
2424 5236 2659 5304 quinque
2700 5226 3001 5307 mss.Editi
3061 5241 3211 5292 vero,
3269 5222 3649 5295 ἐγκατέλειπε.

2077 5298 2276 5361 Ibidem
2316 5319 2425 5359 tres
2443 5298 2611 5366 'mssI,
2648 5298 3163 5368 καταλειφθήσεται.

2150 5376 2263 5446 (55)
2293 5375 2368 5429 lla
2397 5364 2625 5446 codices
2641 5364 3091 5446 (ittittque._l§tliti,_
3125 5364 3510 5446 κατοπτεῦσαι.
3581 5434 3607 5446 η
3646 5398 3649 5399 ν

2153 5434 2263 5515 (56)
2293 5447 2442 5512 Apud
2472 5434 2761 5515 Eusebi—tim
2790 5434 2886 5515 pro
2912 5438 3037 5515 illis,
3070 5437 3307 5515 bnbjﬁg
3339 5434 3653 5515 ἐπισκοπῆς

2080 5504 2175 5570 τοῦ
2214 5504 2371 5579 Θεοῦ,
2397 5516 2591 5585 legitur
2617 5509 2722 5563 ὑπὸ
2753 5504 2866 5585 τῆς
2904 5507 3099 5585 ὀργῇςῆ
3113 5505 3209 5585 τοῦ
3235 5504 3394 5585 Θεοῦ,
3427 5506 3494 5559 ad
3529 5520 3649 5585 vet-7

2082 5588 2230 5649 bum,
2267 5578 2672 5639 Ne’des'eramur
2711 5578 2774 5631 ab
2810 5585 2892 5632 ira
2925 5580 3039 5631 Dei.
3068 5578 3170 5631 Sed
3201 5584 3402 5649 quantg
3429 5581 3650 5649 priestet

2082 5644 2241 5711 lectio
2264 5657 2391 5720 alia,
2427 5669 2605 5721 nemo,
2633 5649 2843 5722 opinor,
2873 5664 2981 5705 non
3013 5649 3174 5705 videt.
3203 5645 3344 5720 Lege
3368 5644 3658 5721 Prtefatio—_

2078 5742 2224 5795 nem,
2248 5742 2394 5782 num.
2423 5724 2511 5780 66.
