3838 6214
189 305 275 360 155
1047 303 1407 360 ῧυΜῦΙΕΝΤ.
1449 304 1520 363 ΙΝ
1554 305 1738 361 ISAIA

1847 301 2281 359 PROPHETAM.
2321 304 2479 368 CAP.
2522 304 2563 360 Ι.

3305 312 3410 368 154

187 383 379 498 θηκῶν,
429 425 740 499 παραμένει
800 425 894 479 καὶ
949 407 1251 494 φυλάσσει,
1301 428 1399 482 καὶ
1455 428 1740 501 πόρρωθεν

1847 427 2052 496 tlitque,
2087 435 2141 482 et
2181 427 2476 497 singularis
2527 428 2624 483 feri
2651 429 2674 462 ⁸
2707 429 2930 486 insidias
2973 433 3161 502 procul
3200 434 3421 506 abigit:

186 516 411 589 ἀπείργει
439 517 541 582 τὰς
559 517 648 572 τοῦ
675 517 858 587 μονιοῢ
885 517 978 572 τοῦ
1009 518 1203 590 ἀγρίου
1235 514 1548 584 ἐπιϐουλάς.
1567 521 1739 576 Ὅταν

186 607 235 667 δὲ
278 609 540 684 σταφυλὴν
597 611 758 682 χολῆς
805 613 1053 684 γεωργῇ,
1101 612 1196 666 καὶ
1258 611 1456 686 βότρυν
1514 613 1739 692 πικρίας

188 703 392 776 ἐκφέρῃ,
439 702 912 773 ὲγκαταλιμπάνει
955 703 1056 774 τὴν
1102 704 1355 776 ἄκαρπον
1406 704 1608 776 ψυχὴν,
1645 706 1742 758 καὶ

186 795 289 848 τότε
311 794 406 846 ὑπὸ
435 792 633 856 παντὸς
664 791 928 864 λογισμοῦ
961 793 1262 865 θηριώδους
1283 795 1379 848 καὶ
1412 795 1596 866 πάσης
1617 795 1744 848 ἀλό-

186 896 270 953 γου
299 882 584 954 ἐπιθυμίας
610 886 1007 936 καταπατεῖται
1039 884 1174 953 (57).
1207 883 1483 954 Πολλαχοῦ
1509 885 1568 938 δὲ
1614 903 1740 958 τρο-

187 975 342 1039 πικῶς
369 973 668 1046 ἀμπελῶνα
701 975 793 1027 τόν
823 975 1042 1047 Ἰσραὴλ
1074 977 1102 1028 6
1129 976 1288 1044 λόγος
1319 978 1739 1049 προσαγορεύει,

184 1065 247 1130 ὡς
265 1067 334 1125 τὸ,
365 1067 672 1136 -Αμπελυν
709 1065 779 1130 ἐξ
797 1068 1102 1136 Αἰγύπτου
1127 1067 1397 1137 μετ-ἤρας
1418 1087 1432 1100 .
1467 1071 1585 1133 καὶ.
1625 1071 1743 1139 ,Αμ-

183 1157 360 1211 αελὼν·
372 1155 622 1228 ἐγεννήθη
639 1155 720 1224 τῷ
743 1158 1130 1228 ἠγαπημένῳο
1169 1161 1284 1226 καὶ,
1315 1160 1462 1230 Ἐγὼ
1495 1159 1563 1215 δὲ
1597 1163 1744 1231 ἐφύ-

182 1247 346 1302 τευσὰ
363 1261 436 1301 σε
458 1247 736 1317 ἄμπελον
762 1248 1166 1316 καρποφόρον,
1190 1249 1402 1304 πᾶσαν
1421 1251 1740 1318 ἀληθινήν.

183 1337 236 1390 Εί
261 1337 313 1390 δὲ
333 1339 361 1389 ό
391 1336 608 1408 Ἰσραὴλ
637 1335 916 1406 ἀμπελὼν,
950 1337 1124 1409 σκηνὴ
1142 1338 1198 1391 δὲ
1216 1339 1315 1410 τῆς
1341 1339 1589 1410 ἀμπέλου
1612 1341 1739 1394 ταύ-

181 1443 266 1496 της
301 1427 328 1479 6
358 1421 505 1489 οἶκος
553 1427 698 1496 τάχα
727 1427 756 1480 6
787 1426 883 1480 τοῦ
912 1427 1073 1481 ναοῦ·
1120 1429 1387 1500 σκήνωμα
1421 1428 1533 1501 γὰρ
1581 1430 1744 1503 δόξης

181 1517 394 1584 ἐλέγετο,
423 1517 519 1570 καὶ
548 1517 842 1586 Σκήνωμα
889 1513 962 1573 οὗ
1009 1519 1122 1589 (58)
1175 1521 1648 1590 κατεσκήνωσεν
1674 1524 1744 1577 ἐν

179 1606 506 1676 ἀνθρώποις.
541 1608 690 1671 Ἕως
719 1608 817 1679 μὲν
841 1605 932 1662 οὖν
964 1609 1053 1662 ὅτε
1091 1612 1265 1664 ἐποίει
1310 1613 1523 1684 καρπὸν
1553 1614 1742 1680 πολὺν,

181 1701 311 1771 καὶὴ
343 1701 512 1772 σκηνὴ
538 1700 632 1754 διὰ
650 1701 747 1772 τὴν
781 1702 890 1754 τῶν
917 1703 1144 1774 καρπῶν
1172 1703 1420 1776 φυλακὴν
1458 1709 1744 1776 συνειστή-

180 1793 400 1846 κειοὲπεὶ
427 1792 485 1846 δὲ
511 1793 541 1846 6
563 1790 682 1862 (59)
696 1791 970 1860 φυτεύσας
999 1794 1170 1864 αὐτὴν
1197 1795 1382 1866 ἔμεινε
1398 1795 1492 1849 τοῦ
1515 1796 1741 1866 ποιῆσαι
1775 1779 1814 1833 Β

180 1880 451 1956 σταφυλὴν,
484 1883 711 1955 εποίησε
737 1884 794 1938 δὲ
819 1885 1084 1950 ἀκάνθας,
1121 1879 1209 1950 αῖς
1237 1887 1330 1940 τὸν
1351 1886 1555 1958 Κύριον
1587 1890 1740 1942 ἐστε-

180 1975 434 2041 φάνωσαν,
457 1977 556 2030 καὶ
581 1977 828 2048 ἐστράφη
861 1979 1013 2031 πᾶσα
1042 1979 1124 2040 είς
1157 1977 1384 2051 πικρίαν
1413 1979 1606 2048 (ἐποίει
1631 1980 1742 2052 γὰρ

181 2066 433 2138 σταφυλὴν
460 2066 628 2138 χολῆς
655 2069 751 2122 καὶ
777 2069 972 2140 βότρυν
1005 2066 1253 2140 πικρίας,
1299 2067 1381 2122 διὸ
1423 2071 1518 2123 καὶ
1557 2072 1636 2134 εἰς
1681 2071 1742 2124 τὸ

179 2153 353 2226 βρῶμα
377 2157 584 2210 ἔδωκαν
613 2157 694 2228 τῷ
724 2159 915 2230 Κυρίῳ
962 2157 1170 2230 χολὴν),
1217 2157 1305 2212 διὰ
1345 2159 1506 2212 τοῦτο
1543 2151 1744 2228 ἐγκατ-

177 2245 377 2320 ελείφθη
406 2251 440 2321 ὴ
481 2250 659 2322 σκηνὴ
691 2251 786 2305 τοῦ
807 2251 1150 2322 ἀμπελῶνος.
1203 2251 1358 2308 ’Ῑδοὺ
1391 2252 1522 2325 γὰρ,
1553 2253 1740 2324 φησὶν,

174 2336 386 2406 ἀφίεται
408 2339 553 2410 ὑμῖν
581 2343 616 2396 ό
642 2336 805 2406 οἶκος
831 2338 998 2410 ὑμῶν
1013 2339 1255 2410 ἕρημος.
1281 2341 1416 2394 Τότε
1446 2339 1739 2413 ἐπληρώθη

175 2427 204 2496 ἡ
228 2426 413 2500 ἀπειλὴ
445 2427 586 2500 αὕτη
608 2443 622 2460 ο
671 2427 1098 2501 Ἐγκατελείφθη
1146 2428 1278 2500 γὰρ,
1317 2428 1412 2496 Ὠς
1439 2429 1643 2499 σκηνὴ
1671 2431 1742 2484 ἐν

174 2509 478 2586 ἀμπελῶνι·
514 2520 577 2586 ἐξ
611 2520 820 2573 ἐκείνου
847 2519 1033 2574 λοιπὸν
1061 2521 1156 2574 κα).
1191 2525 1312 2584 ταῖς
1345 2519 1598 2590 νεφέλαις
1656 2523 1742 2575 ὲν-

175 2609 399 2666 ιτιίλατο
419 2610 516 2666 τοῦ
549 2612 629 2684 μὴ
666 2611 855 2682 βρέξαι
885 2612 978 2666 ἐπὶ
995 2611 1086 2665 τὸν
1109 2612 1428 2683 ἀμπελῶνα.
1461 2614 1562 2668 Διὰ
1583 2613 1740 2666 τοῦτο

172 2699 336 2754 οὐκέτι
359 2703 637 2774 προφῆται
683 2705 816 2775 παρ’
837 2703 1043 2766 αὐτοῖς,
1066 2703 1249 2757 οὐκέτι
1291 2704 1522 2776 οὐρανία
1555 2705 1737 2777 χάρις,

174 2789 296 2845 ἀλλά
325 2792 544 2862 γέγονεν
569 2795 650 2858 είς
677 2794 874 2865 χέρσον
903 2794 1000 2848 καὶ
1028 2794 1420 2866 καταπάτημα.
1454 2796 1522 2849 Oi
1544 2811 1604 2848 τε
1629 2797 1739 2869 γὰρ

174 2887 400 2956 φραγμοὶ
422 2887 518 2940 τοῦ
543 2885 679 2940 λαοῦ
714 2885 824 2958 (40)
850 2886 1060 2940 ἐκείνου
1082 2887 1486 2961 καθῃρέθησαν,
1513 2890 1542 2941 6
1576 2890 1741 2962 ὑπερο

173 2977 430 3047 ασπισμδς
470 2978 586 3032 τῶν
629 2978 803 3046 ἁγίων
828 2979 1134 3050 δυνάμεων,
1165 2978 1269 3032 κᾶν
1303 2995 1356 3032 τι
1394 2981 1740 3052 ἐργάσωνται

173 3069 300 3124 κατά
315 3071 404 3122 τὸν
429 3069 620 3140 νόμον,
644 3071 724 3133 είς
745 3068 1017 3124 ἀπώλειάν
1039 3071 1177 3124 ἐστι.

231 3159 316 3215 21.
357 3161 458 3216 Διά
499 3161 665 3215 τοῦτο
691 3161 790 3215 νῦν
832 3161 932 3232 μὲν
979 3161 1094 3232 (41)
1136 3161 1442 3234 Τρυγῶσιν
1466 3166 1520 3218 οί
1549 3157 1788 3234 παρα-υτ

173 3255 543 3324 πορευόμενοι
563 3253 683 3322 τὴν
708 3253 884 3308 ὀδόν·
919 3255 1018 3308 καί
1054 3250 1132 3322 ὗς
1165 3256 1234 3308 ἐκ
1257 3255 1492 3324 δρυμοῦ
1513 3255 1740 3325 ἐλυμή-

173 3359 324 3409 νατο,
353 3345 452 3398 καί
477 3344 696 3416 μικκός
714 3343 918 3414 ἄγριος
946 3343 1396 3410 κατενεμήσαιῖο
1417 3362 1430 3374 ·
1469 3344 1564 3398 νῦν
1592 3345 1648 3398 δὲ
1684 3347 1741 3399 at

174 3436 379 3509 ἀόρατοι
425 3438 689 3509 δυνάμεις
751 3438 1162 3492 καταπατοῦσιν
1221 3437 1438 3500 αὐτούς.
1501 3437 1612 3492 Kal
1662 3438 1744 3504 ὡς

176 3530 664 3601 δπωροφυλάκιον
691 3531 761 3585 ἐν
784 3531 1156 3598 σικυηλάτῳ.
1208 3531 1304 3596 Et;
1352 3529 1602 3600 φυλακὴν
1633 3529 1744 3584 τῶν

177 3617 362 3672 σικύων
382 3620 452 3673 τὰ
477 3619 828 3691 φυλακτήρια
861 3619 963 3690 τῆς
1001 3620 1224 3690 ὀπώρας
1248 3619 1738 3684 κατασκευάζεται.

177 3707 490 3782 Σικυήλατον
506 3707 605 3766 οὖν
635 3713 750 3765 ἐστι
777 3711 942 3775 τόπος
971 3712 1322 3784 προσκαίρων
1346 3712 1442 3765 καὶ
1465 3711 1742 3782 ὀλιγοχρο-

177 3801 291 3856 νίων
338 3805 572 3876 καρπῶν
615 3805 851 3867 οίστικὸς
883 3803 1018 3875 (42),
1065 3803 1254 3874 τέρψιν
1299 3804 1423 3857 τινὰ
1477 3803 1676 3874 μᾶλλον
1705 3802 1739 3872 ἢ

179 3893 425 3964 ὠφέλειαν
457 3897 877 3970 παρεχομένων.
927 3896 1180 3961 Τοιοῦτος
1227 3897 1286 3950 δὲ
1332 3897 1427 3950 καὶ
1473 3897 1503 3948 ό
1557 3896 1740 3968 νόμος,

177 3984 526 4060 ὀλιγοχρόνιον
575 3989 715 4060 ἔχων
763 3988 864 4060 τὴν
913 3989 1131 4060 χρῆσιν.
1183 3989 1525 4061 Πρόσκαιρος
1565 3988 1674 4060 γὰρ
1706 3989 1740 4059 ή

177 4075 404 4152 λατρεία,
434 4083 532 4134 καὶ
557 4081 694 4150 πρὸς
733 4079 912 4150 ὀλίγον
941 4069 1247 4152 ἀν’θήσασα,
1277 4077 1395 4136 εἶτα
1418 4084 1484 4153 τῇ
1513 4081 1738 4154 ἀληθινῇ

237 4262 412 4316 'Psal.
443 4280 633 4323 Lxxu,
658 4265 742 4318 14.
818 4268 840 4298 ⁸
869 4266 1020 4318 Deut.
1057 4276 1230 4326 xu",
1263 4261 1352 4314 32.
1430 4261 1473 4293 ¹⁰
1498 4259 1636 4313 Psal.
1663 4273 1741 4312 ιχ*

1847 4255 1932 4311 .9.
2013 4257 2050 4288 “
2073 4257 2175 4312 lsa.
2206 4272 2260 4315 v.
2293 4254 2341 4308 l.

1842 531 1964 568 cum
1987 530 2116 570 vero
2149 531 2304 569 uvam
2343 514 2484 570 fellis
2513 526 2567 570 et
2595 515 2812 571 botrum
2836 522 3217 578 amaritudinis
3239 525 3260 556 ’
3291 540 3421 594 pro-

1844 605 2015 670 ducit,
2042 607 2436 661 infructuosam
2471 607 2704 662 animam
2735 609 2970 678 deserit,
2995 623 3051 668 et
3085 623 3197 668 tum
3229 631 3258 668 a
3288 632 3426 682 qua-

1845 698 1925 752 vis
1951 698 2282 768 cogitatione
2311 698 2572 764 belluina,
2610 703 2666 753 et
2718 714 2748 752 a
2791 703 2980 770 quavis
3037 703 3236 760 insulsa
3269 709 3424 776 cupi-

1841 787 2014 842 ditate
2045 788 2398 842 conculcatur
2424 803 2487 842 ac
2515 789 2829 858 proteritur.
2878 791 3206 866 Plerumque
3235 807 3420 852 autem

1845 879 2124 948 Scriptura
2172 877 2427 933 lsraclem
2467 880 2682 934 vineam
2729 883 2936 950 tropice
2987 897 3292 956 nuncupat;
3339 886 3419 954 ut,

2040 964 2254 1023 Vineam
2281 985 2346 1023 ea:
2374 967 2608 1039 Aigypto
2640 972 2963 1028 transtulisti
2995 974 3071 1039 ‘°;
3123 987 3177 1030 et
3205 997 3218 1030 :
3260 976 3422 1032 Vinea

1841 1061 1984 1131 facta
2015 1070 2091 1114 est
2121 1059 2309 1114 dilecto
2336 1060 2376 1091 “
2399 1078 2413 1126 ;
2444 1071 2497 1114 et
2521 1059 2664 1132 :Ego
2686 1071 2860 1116 autem
2885 1063 3118 1132 plantavi
3147 1077 3195 1120 le
3221 1069 3422 1123 vincam

1845 1151 2200 1218 fructuosam,
2231 1163 2396 1206 tatam
2429 1169 2602 1206 veram
2637 1155 2702 1208 ¹’·.
2751 1156 2902 1220 Quod
2958 1157 3004 1210 si
3054 1157 3218 1212 Israel
3259 1159 3420 1215 vinea

1843 1244 2026 1305 fuerit,
2061 1243 2310 1300 fortassis
2336 1245 2495 1314 hujus
2511 1246 2682 1300 vinea:
2703 1246 3106 1302 tabernaculum
3145 1249 3250 1303 erit
3286 1259 3425 1305 tem-

1849 1336 1922 1404 pli
1956 1337 2165 1389 domus.
2200 1335 2497 1391 Dicebatur
2521 1337 2665 1390 enim
2699 1335 2884 1403 gloriae
2907 1338 3336 1408 tabernaculum,
3365 1354 3422 1397 et

1847 1425 2269 1480 Tabernaculum
2295 1427 2384 1480 ubi
2411 1426 2663 1480 habitavit
2698 1430 2752 1480 in
2805 1427 3103 1482 hominibus
3126 1427 3193 1482 ιε.
3244 1429 3426 1500 Donec

1844 1519 2032 1587 itaque
2065 1519 2292 1572 multum
2329 1517 2567 1573 fructum
2603 1519 2868 1588 protulit,
2919 1521 3328 1576 tabernaculum
3357 1525 3426 1584 ad

1845 1609 2118 1664 fructuum
2152 1611 2452 1666 custodiam
2489 1612 2754 1666 substitit.
2785 1611 2925 1676 Sed,
2949 1623 3302 1683 posteaquam
3331 1616 3422 1684 qui

1849 1701 2116 1771 plantavit
2165 1718 2308 1768 eam,
2349 1703 2686 1772 exspectavit
2723 1714 2780 1756 ut
2827 1700 3032 1758 faceret
3077 1721 3269 1774 uvam;
3298 1705 3430 1762 lecit

1847 1805 2028 1848 autem
2065 1797 2248 1862 spinas
2283 1794 2349 1860 “,
2379 1795 2577 1863 quibus
2623 1791 2912 1849 Dominum
2969 1808 3342 1864 coronarunt,
3369 1806 3425 1854 et

1847 1886 1934 1937 uhi
1953 1899 2214 1938 conversa
2233 1893 2317 1937 est
2339 1891 2452 1938 tota
2474 1884 2526 1938 in
2545 1884 2962 1938 atnaritudinem
2990 1903 3004 1938 :
3029 1883 3258 1941 faciebat
3279 1889 3424 1942 enim

1845 1982 2002 2029 uvam
2032 1974 2174 2028 fellis
2207 1984 2264 2030 et
2293 1977 2507 2029 hotrum
2541 1975 2924 2030 amaritudinis
2953 2016 2968 2039 ,
3012 1989 3342 2049 quapropter
3370 1991 3428 2035 et

1846 2068 1898 2122 in
1929 2082 2110 2122 escam
2136 2065 2366 2122 Domino
2390 2066 2458 2120 fel
2483 2067 2682 2120 dedere
2713 2067 2797 2132 ¹⁶;
2845 2066 2914 2121 ob
2947 2067 3050 2122 hoc
3105 2067 3424 2124 derelictum

1846 2169 1932 2213 est
1957 2159 2364 2212 tabernacolum
2398 2159 2590 2212 vincte.
2627 2155 2759 2212 Ecce
2788 2157 2956 2222 enim,
3005 2157 3203 2228 inquit,
3259 2159 3426 2215 relin-

1845 2261 2033 2320 quetur
2056 2247 2200 2304 vobis
2233 2251 2421 2302 domus
2459 2259 2627 2303 vestra
2673 2251 2878 2304 deserta
2919 2249 2981 2304 ³⁸.
3019 2249 3170 2304 Tunc
3204 2251 3424 2320 impleta

1842 2349 1928 2392 est
1960 2339 2048 2392 illa
2078 2339 2460 2392 comminatio:
2495 2339 2690 2408 quippe
2725 2339 2982 2394 derelicta
3013 2349 3120 2407 est,
3152 2337 3298 2395 Sicut
3339 2352 3426 2396 ta-

1844 2427 2184 2482 bernaculum
2218 2431 2276 2482 in
2310 2431 2456 2484 vinea
2482 2444 2502 2484 :
2530 2429 2728 2484 exinde
2756 2443 2884 2483 vero
2905 2429 3153 2485 -nubibus
3193 2433 3426 2486 manda-

1843 2522 1920 2576 vit
1951 2536 2018 2576 ne
2054 2521 2306 2590 pluerent
2353 2536 2516 2590 super
2541 2521 2752 2574 vineam
2787 2519 2851 2575 ³⁷.
2885 2519 3090 2574 Idcirco
3133 2537 3238 2575 non
3282 2521 3425 2577 ultra

1843 2616 2119 2686 prophetae
2147 2613 2291 2684 apud
2327 2613 2446 2669 illos
2485 2622 2634 2678 sunt,
2671 2628 2775 2668 non
2803 2614 3044 2669 caelestis
3084 2615 3289 2683 gratia;
3327 2615 3423 2671 sed

1841 2723 2105 2764 conversa
2173 2707 2342 2762 estin
2387 2717 2589 2762 terram
2621 2706 2905 2772 incultam,
2953 2715 3007 2760 et
3051 2707 3103 2760 in
3145 2707 3432 2762 conculca-

1841 2801 2064 2856 tionem.
2113 2799 2402 2854 Enimvero
2456 2797 2685 2852 sublatae
2737 2806 2946 2852 suntet
2995 2797 3219 2868 dejectae
3244 2797 3426 2868 populi

1843 2890 1989 2945 illius
2028 2903 2211 2958 sepes,
2268 2888 2525 2944 nimirum
2559 2896 2872 2943 sanctarum
2923 2888 3186 2944 virtutum
3223 2890 3430 2958 tutela;

1843 2995 1908 3035 ac
1935 2979 2148 3033 etiamsi
2175 2979 2452 3049 quidpiam
2485 2979 2782 3035 secundum
2817 2978 2992 3051 legem
3023 2989 3207 3052 agant,
3239 2981 3292 3036 id
3314 2979 3430 3036 illis

1844 3072 1898 3126 in
1931 3071 2220 3139 perniciem
2247 3071 2494 3126 vertitur.

1911 3163 2004 3218 21.
2061 3163 2424 3230 Quamobrem
2482 3178 2628 3219 nunc
2695 3163 2912 3234 quidem
2964 3165 3285 3219 vindemiant
3333 3165 3428 3236 qui

1842 3259 2350 3327 pra'tergrediuntur
2380 3259 2552 3323 viam;
2585 3267 2632 3312 et
2663 3274 2792 3326 aper
2823 3258 2888 3311 de
2928 3257 3062 3312 silva
3115 3258 3425 3322 devastavit,

1845 3356 1889 3400 et
1919 3347 2205 3414 singularis
2235 3349 2378 3417 [erus
2433 3348 2682 3416 depastus
2715 3357 2792 3402 est
2825 3346 2868 3378 ‘°
2895 3365 2908 3400 :
2944 3362 3086 3402 nunc
3125 3361 3254 3402 vero
3285 3348 3424 3401 invi-

1847 3437 2035 3494 -ibilcs
2059 3448 2359 3509 potestates
2397 3439 2544 3510 ipsos
2573 3438 2916 3494 conculcant.
2961 3438 3030 3492 Et
3073 3439 3213 3492 sicut
3239 3455 3426 3508 pomo-

1849 3548 1966 3584 rum
1997 3531 2239 3585 custodia
2270 3533 2326 3585 in
2377 3532 2765 3585 cucumerario.
2807 3532 2862 3586 In
2913 3537 3170 3585 autumno
3205 3541 3422 3584 exstru-

1849 3629 2016 3675 untur
2053 3623 2386 3676 munimenta
2426 3623 2494 3677 ad
2535 3623 2895 3677 asservaudos
2939 3637 3281 3677 cucumeres.
3327 3621 3426 3677 Ita-

1849 3729 1958 3784 que
2009 3714 2445 3767 cucumerarium
2487 3713 2636 3768 locus
2671 3721 2754 3768 est
2781 3713 3066 3768 continens
3093 3713 3302 3768 fructus
3336 3713 3427 3768 fu-

1849 3821 2028 3874 gaces.
2057 3815 2112 3860 et
2144 3821 2334 3876 parum
2362 3799 2666 3871 diuturnos,
2696 3807 2786 3878 qui
2807 3808 2984 3876 potius
3001 3806 3419 3864 delectationem

1848 3900 2136 3968 quamdam
2171 3899 2469 3966 praebeant,
2491 3914 2654 3967 quam
2695 3901 3003 3955 utilitatem.
3054 3899 3204 3956 Talis
3233 3911 3414 3954 autem

1848 3988 1931 4042 lex
1965 3996 2104 4051 erat,
2138 3987 2294 4056 cujus
2325 4003 2454 4044 usus
2487 3990 2650 4044 brevi-
2687 3999 2930 4060 tempore
2985 3991 3307 4060 permansit.
3339 3989 3426 4045 Si-

1849 4081 2064 4151 quidem
2085 4079 2266 4134 cultus
2293 4079 2463 4151 ipsius
2489 4080 2590 4135 fuit
2613 4082 2994 4152 temporarius,
3029 4097 3092 4136 ac
3116 4096 3304 4150 parum
3329 4081 3422 4136 diu

2425 4254 2593 4310 “Jer.
2626 4273 2686 4317 tt.
2709 4257 2802 4311 21.
2879 4257 2922 4288 ¹³
2941 4255 3080 4311 Psal.
3115 4255 3421 4317 ιικνιι,6υ.

179 4329 219 4368 ⁸⁸
240 4331 337 4390 lsa.
370 4352 420 4402 ν,
443 4343 498 4389 4.
581 4337 624 4368 ³⁵
645 4339 838 4392 Matth.
861 4351 1030 4398 xxrn,
1057 4335 1161 4400 5i;
1187 4325 1330 4388 l’sal.
1361 4330 1654 4394 uvm,22.
1732 4329 1741 4358 ¹

1847 4326 1997 4384 Latth.
2019 4342 2180 4392 mn,
2205 4327 2294 4382 58.
2374 4327 2415 4358 ⁸⁷
2448 4326 2553 4380 lsa.
2573 4342 2626 4389 ν,
2658 4329 2710 4380 6.
2791 4327 2834 4359 ¹⁸
2856 4325 2998 4382 Ρεειι.
3025 4325 3420 4394 ιςκικ,15,14.

241 4489 345 4559 (3'7)
373 4491 582 4544 Rursus
613 4507 710 4560 pro
733 4489 845 4554 illo,
875 4487 1293 4560 καταπατεῖται,
1327 4491 1578 4560 corrupte
1600 4483 1741 4551 apud

1847 4480 2122 4560 ἀπῶλειόςζ
2165 4480 2450 4560 ἐσται-κα).
2635 4481 2725 4534 ὀπ.
2787 4480 3002 4560 omissis
3065 4481 3421 4560 intertncdiis.

178 4555 450 4612 Eusebium
486 4555 704 4630 legitur,
739 4561 1156 4630 καταπεσείται,
1276 4555 1585 4630 ἱη-ςιιιαιιιισίδ
1618 4569 1742 4606 con-

178 4624 994 4693 cupiscentiam'irrationabilem
1045 4626 1270 4681 decidet.
1323 4624 1496 4678 Velim
1547 4626 1742 4678 iterum

178 4697 312 4768 legas
342 4697 741 4759 Praefationem,
767 4717 914 4754 num.
945 4699 1034 4753 66.

243 4763 348 4840 (58)
384 4768 526 4824 Editi
555 4780 610 4823 et
642 4773 750 4825 duo
783 4785 914 4825 mss.
946 4784 1068 4825 eum
1093 4765 1346 4830 Eusebio,
1376 4781 1460 4819 ου.
1487 4763 1592 4817 Alii
1635 4771 1744 4818 tres

181 4851 320 4897 mss..
347 4841 395 4894 ὅ.

247 4907 354 4980 (⁸59)
401 4909 495 4964 Sic
531 4909 584 4961 in
612 4908 839 4980 duobus
869 4923 1002 4980 mss.
1043 4916 1097 4980 et
1122 4905 1262 4980 apud
1281 4902 1611 4980 Eusebium.
1637 4901 1742 4980 alii

181 4968 277 5050 duo
292 4968 448 5050 mss"
479 4979 668 5050 ἐπειδὴ
695 4978 753 5031 δὲ
784 4981 830 5032 6.
869 4968 1029 5050 Editi.
1061 4968 1251 5050 ἐπειδὴ
1271 4975 1554 5050 6._ltlo:t_in
1583 4973 1744 5050 editis

181 5043 468 5116 legebatur,
494 5052 528 5121 ἡ
551 5043 898 5121 δὲ.ἕποίησεν
927 5049 1168 5121 ἀκάνθας
1192 5063 1206 5076 ·
1239 5043 1336 5100 sed
1364 5044 1612 5121 codicum
1642 5043 1744 5121 ali-

181 5113 398 5184 quorum
453 5113 874 5174 testimonio'et
933 5119 1151 5173 Eusebii
1200 5114 1528 5170 auctoritate
1590 5113 1736 5184 freti,

182 5189 330 5253 paulo
357 5189 513 5244 aliter
552 5191 838 5244 edidimus.
872 5187 1063 5244 Statim
1115 5202 1246 5240 mss.
1277 5187 1537 5254 quinque,
1566 5183 1740 5254 πᾶσα,

182 5267 231 5326 et
257 5256 324 5311 ita
379 5273 590 5326 quoque
636 5262 843 5314 editum
891 5259 1196 5314 invenimus
1230 5253 1370 5326 apud
1421 5253 1738 5308 Eusebium.

184 5325 334 5390 ιλιαδ,
363 5325 558 5392 πᾶσαν,
587 5345 696 5383 non
731 5339 900 5384 recte.

249 5397 354 5472 (litt)
381 5401 474 5454 Sic
503 5402 652 5472 editi
713 5401 1046 5472 etriquﬂinqtte
1085 5393 1614 5472 mss.__At_in_Regio
1645 5406 1728 5472 se:

183 5465 350 5522 eundo
395 5478 450 5524 et
501 5471 552 5523 in
589 5465 1274 5526 Eusebii—Commentariis
1332 5465 1546 5536 legitur,
1585 5465 1737 5528 ναοῦ,

184 5551 315 5606 sepe:
341 5539 536 5606 templi.
1136 5605 1147 5606 ί
1221 5604 1233 5606 _
1346 5593 1399 5606 _

245 5607 352 5679 (ii)
381 5604 458 5662 lta
483 5607 612 5678 Reg.
639 5609 912 5664 secundus
963 5621 1087 5663 cum
1119 5604 1448 5679 Colbertinis
1483 5604 1661 5679 primo
1686 5612 1742 5679 et

185 5673 360 5747 tertio,
397 5680 505 5734 nisi
539 5673 682 5747 quod
715 5681 836 5736 dote
864 5679 966 5735 illa:
989 5678 1216 5742 voculae,
1249 5675 1347 5729 νῦν
1378 5673 1498 5746 μέν,
1531 5676 1584 5728 in
1616 5673 1741 5728 Col-

185 5743 406 5805 bsrtinis
457 5743 832 5808 desiderentur
888 5767 902 5804 :
953 5756 1008 5803 at
1052 5747 1183 5805 editi
1237 5755 1290 5802 et
1317 5743 1406 5803 alii
1443 5755 1554 5802 tres
1577 5757 1735 5811 mss.,

1917 4552 2030 4620 (42)
2080 4553 2258 4604 Mouet
2293 4551 2668 4620 Cotuhetisius,
2705 4566 2764 4604 se
2815 4552 2868 4604 in
2917 4566 3023 4604 uno
3059 4568 3159 4606 ms.
3207 4567 3304 4620 pro
3336 4553 3426 4605 oi-

1849 4619 2030 4683 στικός
2061 4619 2588 4692 Ιρεὶεεθγείστηκῴς.
2649 4623 2702 4676 id
2737 4623 2883 4692 quod
2919 4622 3129 4692 ipseita
3164 4619 3428 4692 interpre-

1849 4639 2030 4683 στικος
2061 4639 2254 4690 legisse
2297 4639 2588 4691 ειστηκως.
2649 4639 2702 4676 tu
2737 4639 2878 4742 (lucu
2919 4639 3034 4688 Ipse
3059 4639 3129 4674 ua
3164 4639 3426 4692 Interpre-

1849 4701 2015 4752 tatur,
2049 4700 2221 4743 erecta
2245 4691 2588 4753 domuncula,
2613 4706 2736 4744 casu
2764 4709 2816 4744 τι.
2855 4691 2981 4755 Sed,
3010 4691 3112 4744 nisi
3146 4692 3298 4745 valde
3320 4693 3426 4744 lal-

1847 4761 1948 4823 lur,
1977 4763 2172 4815 nodum
2225 4761 2308 4813 vir
2347 4763 2538 4815 ductus
2595 4759 2646 4812 in
2683 4761 2865 4826 scirpo
2892 4775 3138 4828 qtnerere
3181 4763 3420 4826 videtur,

1847 4833 1972 4882 dum
2010 4830 2192 4882 multis
2221 4829 2454 4900 probare
2493 4842 2744 4895 conatur,
2791 4845 2888 4900 pro
2915 4829 3154 4894 οίστικός
3202 4831 3304 4898 legi
3331 4847 3426 4900 po-

1849 4900 1955 4952 tius
1983 4900 2183 4952 debere
2214 4899 2473 4970 οἰκιστάς,
2503 4910 2595 4952 aut
2618 4899 2892 4964 οἰκτιστός
2916 4917 2929 4931 ·
2964 4915 3192 4970 quarum
3223 4899 3416 4954 vocum

1846 4971 2074 5037 primum
2107 4971 2186 5022 sic
2221 4969 2338 5036 ipse
2389 4970 2644 5036 reddidit,
2671 4973 2816 5023 locus
2854 4969 3182 5024 tabernaculi
3211 4979 3263 5022 et
3304 4985 3421 5021 nm-

1847 5039 2123 5092 braculum
2166 5053 2184 5092 :
2221 5040 2471 5106 alteram,
2523 5039 2627 5094 hoc
2678 5041 2856 5102 modo,
2911 5039 3192 5092 misercula
3229 5038 3420 5092 domus

1846 5125 1910 5160 ac
1949 5109 2252 5178 tugurium1
2299 5108 2536 5174 Nam,ut
2569 5124 2637 5164 ne
2677 5109 2896 5164 interim
2956 5111 3130 5164 dicam
3167 5123 3263 5162 eas
3287 5125 3422 5174 qttas

1844 5176 2194 5250 tinxit’voces
2215 5176 2432 5250 Graecas
2455 5189 2512 5250 et
2553 5193 2742 5233 earum
2759 5195 2986 5250 quoque
3017 5178 3424 5250 interpretatio-

1846 5263 1969 5301 nem
2023 5249 2285 5308 absonum
2343 5249 2601 5316 quiddam
2635 5259 2688 5302 et
2720 5247 2957 5303 alienum
2995 5263 3106 5318 pra:
3134 5263 3218 5318 _se
3251 5247 3419 5318 ferre,

1847 5333 1950 5371 vox
2002 5319 2240 5380 οἰστικός
2281 5315 2605 5372 sententiam
2645 5320 2780 5373 satis
2815 5315 3060 5372 idoneam
3092 5315 3275 5371 eﬂieit.
3325 5317 3420 5372 Sic

1846 5387 2010 5456 igitur
2068 5387 2410 5454 interpretari
2444 5387 2573 5441 licet
2609 5405 2624 5440 :
2664 5387 3099 5442 Cucumerarium
3156 5388 3302 5439 locus
3335 5397 3414 5439 est

1844 5457 2014 5525 {et-ens
2047 5457 2272 5522 fructus,
2297 5465 2562 5522 etc.,aut,
2595 5457 2742 5510 locus
2773 5468 2848 5510 est
2879 5459 3151 5510 continens
3189 5456 3420 5524 fructus,

1843 5537 1948 5580 etc.
1973 5526 2154 5592 Quare
2196 5540 2381 5580 vocem
2429 5527 2668 5591 οἰστικός
2712 5529 2948 5582 retinete
3003 5542 3109 5580 non
3153 5526 3422 5580 dubitavi-

1845 5613 1965 5650 mus
2002 5617 2014 5650 :
2041 5611 2215 5662 eoque
2243 5595 2438 5664 magis,
2469 5599 2613 5665 quod
2645 5596 2886 5666 quinque
2919 5611 3050 5652 mss.
3085 5594 3418 5651 auctoritate

1845 5668 2068 5738 nitatur.
2118 5667 2217 5720 llic
2255 5680 2476 5738 mouere
2504 5667 2686 5738 juvat,
2727 5666 3022 5738 modo'legi
3057 5667 3109 5722 in
3140 5680 3301 5730 mss.,
3337 5681 3418 5723 σι-

1847 5737 2145 5809 κυήοατον,
2179 5737 2338 5792 modo
2361 5735 2705 5810 σικυήλατον.
