3838 6214
385 365 490 422 155

1340 362 1706 420 ’ᾹΡΡΕΝΒΙΧ
1745 363 2032 421 OPERUM
2075 364 2135 420 S.
2175 361 2425 419 BASlLll
2463 361 2700 418 MAGNI.

3539 360 3640 417 156

387 478 578 533 ﬂoruit
603 496 617 533 :
656 475 853 533 deinde
879 485 1080 551 statum
1118 477 1270 531 illum
1296 493 1420 533 cum
1449 494 1581 534 vero
1615 495 1679 535 ac
1706 479 1961 535 solidiore

2070 478 2166 533 καὶ
2193 478 2534 549 στερεωτέρᾳ
2563 478 2738 549 τροφῇ
2770 477 2834 547 τῇ
2870 454 3012 529 κατὰ
3049 474 3111 529 τδ
3141 473 3470 545 Εὐαγγὲλιον
3498 475 3643 529 διδα-

386 571 533 636 cibo,
562 570 820 625 nimirum
850 576 1000 639 cum}
1029 571 1308 641 Evangelii
1356 573 1604 628 doctrina
1658 585 1961 630 commuta-

385 662 489 715 vit.
524 661 651 716 Sion
689 662 856 731 igitur
900 662 1325 732 derelinquetur,
1368 667 1579 734 eritque
1606 666 1746 720 sicut
1771 682 1962 735 pomo-

386 769 507 807 rum
540 755 804 818 custodia,
840 770 939 809 ceu
1000 757 1155 810 locus
1212 771 1321 826 quo
1365 759 1703 813 antumnales
1752 757 1962 815 fructus

386 856 772 900 asservantur.
808 846 972 900 Poma
1005 857 1185 902 autem
1215 864 1320 902 non
1376 850 1578 904 solidus
1625 862 1679 905 et
1708 861 1962 907 constans

387 936 543 990 cibus
573 947 722 1000 sunt,
776 939 870 991 sed
906 940 1085 994 mollis
1138 950 1194 995 et
1245 940 1434 1010 fugax.
1470 941 1618 997 Talis
1668 952 1846 998 autem
1875 944 1963 997 lex

386 1038 526 1092 erat,
554 1044 674 1097 quae
704 1031 881 1085 cultus
908 1034 1171 1100 speciem,
1206 1048 1310 1087 non
1344 1035 1512 1103 ipsam
1539 1035 1819 1089 veritatem
1860 1035 1961 1089 ha-

384 1121 572 1186 bebat,
604 1137 778 1192 eoque
826 1124 1106 1193 exemplar
1146 1135 1231 1179 est
1281 1136 1336 1179 et
1389 1128 1580 1180 mnbra
1633 1127 1960 1183 omlestium.

386 1212 525 1278 Quia
551 1230 683 1269 vero
717 1216 886 1270 vinea:
916 1229 1262 1285 comparatur
1305 1219 1729 1289 uniuscujusque
1758 1222 1961 1284 anitna,

388 1314 447 1358 ut
479 1307 529 1359 in
563 1306 801 1374 psalmo:
835 1306 1087 1362 Uxorltm
1112 1311 1243 1364 sicut
1276 1312 1396 1366 vitis
1420 1313 1696 1366 abundans
1717 1314 1758 1345 ¹⁹
1788 1330 1802 1366 :
1833 1314 1960 1367 item

386 1391 652 1449 Dominus
686 1396 763 1450 ait
793 1416 806 1451 :
848 1395 961 1466 Ego
990 1399 1124 1465 vitis,
1151 1417 1239 1453 vos
1280 1402 1522 1468 palmites
1554 1403 1635 1468 ²⁰;
1667 1404 1962 1457 verendum

390 1494 475 1537 est
506 1502 574 1540 ne
611 1487 679 1540 ad
707 1502 802 1541 nos
828 1489 989 1541 etiam
1039 1491 1320 1558 perveniat
1373 1493 1561 1546 isthmc
1590 1494 1968 1562 comminatio,

388 1577 434 1632 si
472 1578 688 1646 quando
720 1596 824 1632 non
873 1580 1093 1635 idoneos
1151 1581 1360 1637 edimus
1408 1582 1638 1638 fructus.
1688 1584 1962 1640 Fortassis

387 1671 530 1723 enim
565 1685 762 1738 corpus
792 1672 1202 1726 tabernaculum
1242 1684 1347 1737 est,
1380 1686 1433 1727 et
1464 1675 1515 1728 in
1565 1691 1673 1744 quo
1700 1678 1964 1731 inhabitat

390 1756 624 1826 Spiritus
649 1769 890 1813 sanctus.
924 1763 1004 1813 An
1039 1764 1247 1815 nescitis
1274 1805 1289 1829 ,
1340 1765 1479 1832 quod
1526 1782 1747 1835 corpora
1791 1778 1960 1820 vestra

386 1850 633 1917 templum
657 1861 776 1904 sunt
816 1852 1106 1907 habitantis
1134 1855 1187 1907 in
1211 1856 1352 1909 vobis
1398 1855 1635 1924 Spiritus
1674 1859 1848 1911 sancti
1872 1858 1960 1912 '1?

385 1943 581 1996 Anima
616 1959 742 1998 vero
773 1945 925 1997 vinea
953 1955 1036 2000 est
1061 1948 1128 2012 ²²,
1156 1964 1183 2000 a
1211 1964 1314 2016 qua
1353 1951 1657 2017 reposcitur
1682 1949 1957 2005 fructuum

386 2031 626 2094 ubertas,
692 2032 1028 2099 plantatione
1081 2036 1399 2104 primigenia
1454 2046 1508 2090 et
1542 2037 1630 2090 Dei
1694 2037 1963 2106 agricola-

388 2121 534 2174 tione
563 2121 755 2189 digna:
786 2125 986 2192 quippe
1028 2125 1267 2193 plautata
1293 2136 1375 2179 est
1401 2129 1638 2193 vera,,ad
1669 2128 1958 2197 imaginem

384 2212 551 2284 394
584 2215 694 2267 veri
739 2215 829 2271 Dei
864 2218 1104 2271 condita.
1145 2216 1266 2270 Jam
1301 2234 1431 2272 vero
1463 2218 1721 2288 paulatim
1762 2219 1961 2273 excoli-

388 2317 474 2359 tur
505 2308 585 2360 sui
635 2310 935 2363 conditoris
969 2311 1329 2378 providentia,
1382 2313 1472 2380 qui
1530 2312 1817 2379 palmitem.
1845 2313 1957 2364 l'ru-

385 2405 530 2450 ctum
592 2398 852 2452 ferentem
884 2408 1119 2476 “purgat,
1177 2412 1237 2454 ut
1293 2403 1408 2470 plus
1436 2401 1625 2454 afferat
1657 2402 1866 2456 fructus
1890 2404 1969 2456 '3.

386 2484 600 2539 Etenim
633 2487 675 2540 si
713 2502 810 2540 nos
860 2488 1230 2542 addixerimus
1281 2491 1530 2556 paranda:
1563 2490 1684 2541 vita:
1717 2489 1957 2557 puritali,

387 2582 453 2631 ad
486 2580 865 2647 expurgandas
893 2581 1055 2633 animi
1093 2580 1526 2645 perturbationes
1560 2581 1699 2634 Deus
1725 2581 1839 2649 ipse
1859 2581 1960 2635 fert

387 2668 704 2736 Itippetias;
733 2668 968 2722 studium
1005 2682 1268 2733 nostrum,
1304 2682 1655 2739 nostramque
1701 2687 1829 2741 erga
1865 2671 1963 2724 bo-

390 2773 518 2809 num
548 2760 942 2827 honestumque
971 2761 1384 2828 propensionem
1429 2760 1737 2828 pet-ficiens.
1771 2761 1962 2826 Quem-

388 2851 677 2903 admodum
714 2850 875 2919 igitur
926 2863 1147 2921 putatur
1183 2853 1327 2916 vitis,
1382 2854 1604 2906 nimium
1663 2853 1959 2907 eluxuriari

387 2942 690 3010 prohibita:
719 2943 797 2997 sic
813 2951 866 2995 et
894 2946 1086 2998 anima:
1120 2945 1358 2997 studium
1389 2960 1512 3012 erga
1546 2961 1633 2998 res
1666 2960 1832 2999 vanas
1854 2945 1961 2999 cir-

387 3032 768 3096 cumcidimus,
824 3046 1038 3086 Omnem
1099 3035 1217 3102 ejus
1269 3035 1378 3087 vim
1433 3049 1498 3087 ac
1548 3034 1858 3088 facultatem
1892 3035 1958 3087 ad

2067 569 2261 640 σκαλίᾳ
2274 568 2569 640 τὴνξπολιτε
2579 568 2660 620 ίαν
2680 566 3153 639 μεταπαρέδωκεν.
3180 567 3639 640 Ἐγκαταλειφθή-

2065 678 2218 714 σεται
2256 656 2347 714 οῦν
2389 662 2422 732 ἡ
2464 657 2623 723 Σιὼν,
2659 659 2752 713 καὶ
2790 658 2866 723 ὡς
2909 659 3354 731 ὀπωροφυλάκιον
3376 699 3391 723 ,
3445 659 3502 713 τὸ
3536 675 3640 727 φυ-

2062 753 2352 824 λακτήριον
2399 752 2498 822 τῆς
2545 749 2785 820 ὀπώρας.
2828 751 2893 803 Ἣ
2933 751 2989 804 δὲ
3034 750 3226 822 ὀπώρα
3276 752 3395 821 οὐχὶ
3442 751 3637 822 στερεὰ

2062 845 2237 918 τροφὴ
2261 845 2353 898 καὶ
2380 843 2627 914 μόνιμος,
2666 843 2780 896 ἀλλ’
2809 842 2989 913 ἁπαλὴ
3017 842 3127 912 (45)
3159 841 3251 895 καὶ
3282 842 3633 913 πρόσκαιρος.

2064 936 2316 999 Τοιοῦτος
2350 936 2406 989 δὲ
2427 938 2455 988 ὁ
2475 935 2659 1006 νόμος,
2690 936 2913 1006 μίμημα
2935 934 3070 1004 ἔχων
3107 933 3380 1005 λατρείας,
3419 935 3518 986 οὐκ
3536 934 3637 986 αὐ-

2062 1029 2159 1100 τὴν
2213 1029 2310 1099 τὴν
2343 1026 2640 1097 ἀλήθειανο
2676 1027 2811 1079 διότι
2863 1025 3169 1095 ὑπόδειγμα
3213 1028 3329 1078 ἐστι
3373 1025 3467 1078 καὶ
3509 1023 3643 1080 σκιὰ

2061 1117 2169 1171 τῶν
2216 1117 2574 1189 ἐπουρανίων.
2627 1116 2781 1169 Ἐπεὶ
2810 1115 2866 1168 δὲ
2912 1116 3006 1168 καὶ
3053 1117 3087 1185 ἡ
3130 1113 3464 1168 καθέκαστον
3491 1112 3641 1184 ψυχὴ

2064 1208 2294 1279 ἀμπέλῳ
2324 1206 2738 1280 παρεικάζεται,
2763 1206 2838 1270 ὡς
2870 1208 2928 1259 ὲν
2959 1203 3185 1274 ψαλμῷ·
3236 1204 3297 1259 Ἠ
3333 1200 3485 1272 γυνή
3521 1218 3639 1255 σου

2062 1302 2142 1366 ὡς
2156 1301 2422 1369 ἄμπελος
2443 1299 2811 1367 εὑθηνοῦσα·
2827 1297 2922 1351 καὶ
2948 1299 2975 1349 ὁ
2995 1296 3218 1367 Κύριος,
3254 1293 3420 1363 Ἐγὼ,
3450 1294 3654 1364 φησιν,

2062 1396 2102 1462 ἡ
2137 1393 2424 1462 ἄμπελος,
2475 1392 2646 1461 ὑμεῖς
2691 1392 2765 1444 τὰ
2801 1388 3110 1457 κλήματα·
3169 1388 3379 1458 μήποτε
3424 1386 3519 1438 καὶ
3558 1386 3642 1447 είς

2062 1486 2208 1556 ἡμᾶς
2264 1484 2440 1555 φθάνῃ
2490 1483 2560 1536 τὰ
2607 1481 2967 1554 ἡπειλημένα,
3006 1481 3132 1533 ὅταν
3177 1478 3249 1549 μὴ
3300 1476 3640 1546 ἀποδίδωμεν

2061 1577 2188 1639 τοὺς
2226 1576 2618 1639 ἐπιϐάλλοντας
2664 1576 2794 1645 ἡμῖν
2824 1571 3092 1644 καρπούς.
3122 1571 3277 1640 Τάχα
3302 1568 3411 1639 γὰρ
3460 1568 3639 1638 σκηνὴ

2068 1668 2163 1738 μὲν
2198 1667 2398 1721 ἔστιτὸ
2433 1668 2612 1738 σῶμα,
2662 1660 2705 1733 ᾧ
2749 1666 2949 1718 ἐνοικεῖ
2993 1663 3053 1715 τὸ
3085 1661 3308 1730 Πνεῦμα
3352 1659 3412 1712 τὸ
3459 1658 3638 1725 ἅγιον.

2068 1760 2188 1812 Οὐκ
2210 1759 2411 1812 οἴδατε
2435 1758 2564 1829 γὰρ,
2607 1756 2696 1810 ὅτι
2721 1756 2793 1810 τὰ
2821 1753 3063 1824 σώματα
3084 1748 3249 1821 ὑμῶν
3270 1750 3416 1815 ναὸς
3443 1748 3552 1803 τοῦ
3571 1752 3643 1801 ἐν

2062 1859 2206 1930 ὑμῖν
2229 1860 2402 1929 ἁγίου
2425 1858 2768 1927 ΙΙνεύματός
2786 1855 2990 1918 ἐστιν;
3024 1848 3307 1923 Ἀμπελὼν
3329 1849 3385 1902 δὲ
3405 1851 3437 1919 ή
3467 1847 3636 1918 ψυχὴ,

2061 1950 2159 2021 τὴν
2190 1950 2569 2021 καρποφορίαν
2595 1947 2750 2011 ἀξίαν
2777 1946 2875 2016 τῆς
2899 1944 2958 2010 ἐξ
2977 1944 3152 2015 ἀρχῆς
3174 1939 3396 2011 φυτείας
3418 1938 3512 1993 καὶ
3540 1939 3638 2009 τῆς

2061 2042 2154 2094 τοῦ
2211 2040 2345 2094 Θεοῦ
2400 2040 2673 2110 γεωργίας
2725 2035 3121 2105 ἁπαιτουμένη.
3173 2029 3473 2100 Ἐφυτεύθη
3530 2028 3642 2100 γὰρ

2066 2131 2294 2204 ἀληθινὴ
2350 2133 2471 2185 κατ’
2510 2131 2695 2199 είκρνα
2733 2129 2828 2181 τοῦ
2883 2123 3138 2196 ἀληθινοῦ
3170 2122 3303 2175 Θεοῦ
3330 2118 3599 2190 γενομένη
3625 2135 3638 2148 ·

2062 2227 2390 2294 γεωργεῖται
2416 2222 2472 2274 δὲ
2495 2224 2617 2283 ταῖς
2664 2217 2804 2272 κατὰ
2843 2217 3006 2289 μέρος
3034 2213 3371 2284 ἐπιμελείαις
3396 2210 3490 2263 τοῦ
3525 2208 3643 2262 κτί-

2066 2333 2276 2380 σαντος,
2317 2315 2375 2379 ὃς
2413 2314 2474 2366 τὸ
2506 2313 2604 2383 μὲν
2634 2308 3017 2384 καρποφοροῦν
3042 2306 3315 2376 καθαίρει,
3352 2304 3439 2355 ἵνα
3460 2301 3645 2353 πλείο-

2063 2423 2129 2457 να
2153 2406 2363 2475 καρπὸν
2391 2404 2554 2474 φέρῃ.
2598 2401 2723 2454 Ἐάν
2748 2400 2855 2470 γάρ
2879 2398 3103 2458 ἑαυτοὺς
3138 2393 3413 2464 ἐπιθῶμεν
3437 2395 3504 2463 τῇ
3538 2409 3642 2444 κα-

2064 2498 2319 2568 θαρότητι
2338 2495 2431 2548 τοῦ
2462 2495 2600 2564 βίου,
2635 2491 3068 2562 συλλαμϐάνεται
3096 2490 3226 2558 ἡμῖν
3248 2486 3382 2558 πρὸς
3408 2485 3508 2554 τὴν
3536 2483 3645 2537 ἀπὸ

2062 2587 2170 2640 τῶν
2202 2585 2388 2638 παθῶν
2423 2586 2689 2656 κάθαρσιν
2726 2586 2754 2636 ὁ
2788 2582 2940 2645 Θεὸς,
2991 2579 3212 2632 τελειῶν
3257 2576 3354 2647 τὴν
3400 2574 3534 2647 περὶ
3583 2574 3645 2626 τὸ

2064 2679 2268 2747 ἀγαθὸν
2315 2677 2550 2747 σπουδὴν
2601 2676 2697 2728 καὶ
2750 2673 3090 2744 προθυμίαν.·
3114 2670 3324 2738 Ὥσπερ
3368 2661 3462 2718 οὖν
3512 2663 3646 2716 κλα-

2062 2770 2275 2823 δεύεται
2314 2768 2581 2840 ἄμπελος,
2629 2765 2736 2819 ἀπὸ
2765 2765 2865 2834 τῆς
2898 2766 2955 2816 ὲν
3001 2765 3116 2826 τοῖς
3148 2761 3422 2831 περιττοῖς
3468 2756 3661 2826 φορᾶς,

2065 2859 2380 2931 κωλυομένη
2408 2877 2421 2891 ’
2457 2857 2602 2912 οὕτω
2643 2859 2737 2911 καὶ
2775 2856 2952 2927 ψυχῆς
2995 2856 3095 2925 τὴν
3144 2853 3272 2925 περί
3318 2850 3384 2904 τὰ
3435 2849 3646 2919 μάταια

2065 2951 2297 3022 σπουδὴν
2327 2948 2882 3020 περικόπτομεν-(44),
2902 2949 3082 3001 πᾶσαν
3107 2945 3275 3014 αὐτῆς
3294 2944 3392 3013 τὴν
3413 2941 3661 3011 δύναμιν.

2064 3045 2156 3099 ἐπὶ
2178 3044 2275 3115 τὴν
2301 3043 2408 3098 τῶν
2432 3043 2731 3096 σπουδαίων
2758 3041 2935 3112 ἔργων
2977 3037 3353 3110 καρποφορίαν
3385 3032 3646 3105 ταμιευό·

390 3122 596 3175 fructus
630 3123 893 3176 bonorum
939 3138 1165 3191 operum
1213 3125 1586 3193 producendos
1615 3124 1953 3193 colligimus;

2067 3152 2215 3207 μενοι
2249 3138 2441 3205 μήπως
2465 3133 2850 3204 ὑλομανήσασα
2876 3133 2934 3186 ὲν
2961 3130 3038 3200 τῷ
3059 3126 3404 3197 ἐπιδεικτικῴ
3429 3122 3647 3196 θρωσμῷ,

390 3225 451 3269 ut
485 3230 552 3269 ne
586 3216 881 3270 silvesccns
906 3224 962 3269 et
986 3216 1300 3272 eluxurians
1333 3218 1384 3270 in
1424 3217 1528 3271 hoc
1575 3214 1959 3271 ostentationis

2067 3225 2199 3297 πρὸς
2214 3225 2313 3295 τὴν
2329 3225 2436 3277 τῶν
2450 3224 2545 3278 ἀνθ
2553 3223 2749 3296 ρώπων
2771 3209 3061 3294 ἀρέσκεῖαν
3076 3221 3172 3289 τὴν
3189 3219 3314 3290 ὅλην
3331 3218 3534 3288 ἑαυτῆς
3559 3216 3650 3269 δύ-

388 3307 592 3361 tnundo
626 3307 698 3361 ad
720 3308 952 3376 gratiam
991 3307 1271 3366 hominum
1304 3309 1623 3377 captandam
1657 3323 1809 3361 suam
1845 3322 1962 3361 om-

389 3402 513 3449 nem
543 3398 828 3450 exhauriat
862 3397 1196 3460 facultatem,
1233 3400 1358 3453 dum
1391 3400 1543 3468 quasi
1578 3399 1722 3453 circa
1755 3397 1882 3453 folia
1911 3406 1965 3453 et

389 3489 689 3553 capreolos,
736 3490 917 3543 mundi
968 3490 1179 3544 scilicet
1236 3490 1505 3559 figuram,
1547 3506 1667 3544 sese
1712 3501 1960 3560 occupat.

388 3578 530 3644 Quin
553 3587 608 3632 et
638 3578 1051 3634 circumfoditur
1084 3580 1288 3643 anima,
1327 3595 1393 3634 ae
1421 3591 1613 3634 cuncta
1660 3581 1964 3649 adjacentia

390 3671 457 3721 ad
488 3682 646 3721 suum
677 3670 1068 3723 rmtrimentum
1105 3670 1209 3724 sibi
1264 3670 1517 3732 vindicat,
1557 3670 1744 3737 sicque
1767 3670 1832 3722 ad
1869 3684 1966 3722 ex-

390 3760 695 3827 cipiendam
737 3760 973 3831 Spiritus
1020 3762 1325 3817 doctrinam
1376 3776 1435 3816 se
1509 3761 1622 3829 ipsa
1674 3770 1962 3831 praeparat.

390 3849 854 3916 Quemadmodum
890 3853 1033 3907 enim
1064 3855 1209 3918 vitis,
1236 3869 1357 3923 quae
1393 3869 1497 3907 non
1522 3852 1744 3916 foditur,
1776 3853 1969 3905 meati-

391 3942 495 3996 bus
522 3934 853 4012 destituitur,
883 3961 1059 4015 neque
1086 3961 1153 3999 ex
1187 3962 1327 4014 aqua
1366 3945 1654 4001 utilitatem
1705 3947 1774 4001 ob
1810 3956 1968 4001 terrm

389 4032 688 4102 adiacentis
743 4036 1070 4090 densitatem
1105 4037 1253 4107 capit
1300 4053 1314 4091 :
1377 4039 1491 4106 pari
1529 4039 1742 4093 ratione
1787 4039 1967 4091 anima

390 4142 512 4197 quae
564 4143 673 4182 non
725 4132 876 4184 exuit
909 4145 968 4184 se
1017 4131 1106 4187 his
1167 4131 1562 4201 corporalibus,
1604 4145 1832 4199 quaeque
1857 4144 1969 4198 pra:

389 4233 579 4273 eorum
615 4220 856 4289 pondere
888 4222 1114 4276 minime
1147 4223 1400 4291 respirat,
1433 4220 1723 4276 infecunda
1756 4235 1969 4290 perma-

392 4319 508 4380 net,
534 4321 875 4368 terrenorum
901 4316 1142 4384 pondere
1163 4315 1459 4383 depressa;
1490 4324 1545 4367 et
1576 4312 1647 4368 ob
1671 4313 1745 4378 id,
1778 4327 1968 4382 super-

392 4420 522 4458 num
553 4406 814 4460 auxilium
873 4422 980 4461 non
1025 4407 1321 4475 accipiens,
1374 4405 1710 4459 infructuosa
1764 4412 1962 4457 manet.

2064 3334 2225 3386 ναμιν
2243 3314 2543 3388 ἐκκενώσῃ,
2555 3315 2713 3368 οἱονεί
2732 3331 2798 3368 πε
2808 3315 2859 3385 ρί
2876 3311 3046 3382 φύλλα
3060 3312 3154 3364 καὶ
3164 3311 3369 3373 ἕλικας,
3382 3308 3442 3361 τὸ
3460 3308 3661 3378 σχῆμα.

2062 3406 2155 3459 τοῦ
2170 3405 2396 3476 κόσμου,
2426 3402 2803 3475 άσχοληθεῐσα.
2823 3399 2981 3453 Ἀλλά
2997 3399 3087 3452 καί
3113 3398 3411 3450 σκάπτεται
3438 3395 3471 3465 ἡ
3499 3392 3668 3463 ψυχὴ,

2067 3498 2244 3552 πάντα
2263 3500 2344 3561 εἰς
2359 3498 2456 3568 τὴν
2482 3497 2616 3551 ἰδίαν
2634 3494 2837 3567 τροφὴν
2855 3492 3126 3547 οἰκειοῦσα
3149 3491 3217 3544 τὰ
3240 3488 3651 3560 παρακείμενα,

2066 3590 2158 3642 καὶ
2175 3589 2344 3652 οὕτως
2360 3589 2558 3658 ἑαυτὴν
2575 3584 2970 3658 εὑτρεπίζουσα
2988 3582 3123 3654 πρὸς
3141 3581 3239 3652 τὴν
3257 3576 3523 3648 ὑποδοχὴν
3540 3574 3651 3628 τῶν

2065 3679 2406 3750 διδαγμάτων
2435 3678 2528 3731 τοῦ
2553 3678 2887 3747 Πνεῦματος.
2908 3676 3118 3744 Ὥσπερ
3145 3671 3253 3741 γὰρ
3274 3670 3347 3740 μὴ
3375 3669 3666 3733 σκαφεῖσα.

2067 3769 2309 3840 ἄμπελος
2354 3768 2741 3831 ἀδιάπνευστός
2782 3770 2921 3831 ἐστι,
2957 3766 3051 3817 καὶ
3087 3763 3186 3833 τῆς
3226 3764 3291 3814 ὲκ
3317 3757 3412 3812 τοῦ
3454 3756 3651 3819 ὓδατος

2067 3863 2335 3933 ὠφελείας
2365 3862 2453 3916 διὰ
2484 3861 2581 3932 τὴν
2620 3861 2931 3930 πυκνότητα
2964 3859 3061 3928 τῆς
3095 3851 3509 3926 παρακειμένης
3543 3848 3656 3918 γῆς

2067 3955 2443 4018 ἁνεπίδεκτος·
2471 3952 2643 4016 οὕτως
2667 3954 2700 4024 ἡ
2738 3952 2813 4023 μὴ
2835 3946 3327 4016 ἀποσκευασαμένη
3356 3942 3426 3996 τὰ
3464 3956 3651 4010 σωμα-

2066 4049 2195 4102 τικὰ
2234 4048 2403 4119 ψυχὴ,
2446 4038 2540 4101 καὶ
2572 4049 2638 4099 ὲκ
2663 4045 2758 4098 τοῦ
2784 4044 2986 4116 βάρους
3016 4040 3195 4095 αὐτῶν
3229 4033 3667 4096 ἀναπνεύσασα,,

2068 4138 2259 4207 ἄγονος
2274 4138 2517 4209 διαμένει
2536 4136 2612 4209 τῷ
2637 4136 2788 4209 βάρει
2803 4134 2910 4189 τῶν
2928 4133 3125 4188 ὑλικῶν
3142 4129 3342 4200 πεπιλη
3351 4128 3487 4199 μὲνη
3508 4125 3650 4193 (45),

2068 4231 2163 4286 καὶ
2213 4231 2300 4286 διὰ
2350 4230 2529 4296 τοῦτο,
2585 4233 2684 4301 τῆς
2745 4228 2948 4283 ἄνωθεν
3010 4225 3084 4298 μὴ
3141 4219 3649 4296 μεταλαμϐάνουσα

2071 4323 2345 4394 βοηθείας,
2399 4323 2647 4393 ἄκαρπος
2702 4322 2873 4392 μένει.
2924 4320 3038 4390 Τῆς
3076 4319 3132 4371 δὲ
3164 4316 3412 4386 ἀκάρπου
3467 4309 3671 4380 ψυχῆς

2072 4416 2371 4485 ἀφίσταται
2421 4414 2519 4485 μὲν
2557 4414 2617 4466 τὸ
2651 4412 2876 4483 Πνεῦμα
2902 4411 2962 4464 τὸ
3000 4409 3189 4479 ἅγιονο
3225 4405 3482 4458 πίπτουσι
3507 4400 3563 4452 δὲ
3594 4400 3654 4451 οἰ.

390 4492 568 4548 Porro
622 4495 691 4550 ab
747 4494 1089 4549 infructuosa
1142 4496 1325 4549 anima
1368 4493 1604 4565 Spiritus
1649 4505 1869 4548 sanctus
1906 4508 1961 4548 se

2072 4508 2338 4579 φραγμοί,
2375 4508 2432 4560 αἰ
2476 4506 2583 4559 τῶν
2616 4504 2863 4574 ἀγγέλων
2896 4502 3137 4574 βοήθειαι
3157 4516 3171 4530 ο
3210 4496 3559 4551 εἰσπίπτουσι
3588 4489 3650 4543 δὲ

390 4585 675 4640 submovet
700 4602 717 4641 :
747 4588 955 4641 cadunt
980 4591 1141 4642 etiam
1161 4603 1339 4657 sepes,
1367 4587 1678 4656 angelorum
1699 4585 1961 4651 subsidia;

390 4672 604 4748 irruunt
632 4690 810 4734 autem
843 4682 1114 4751 peregrini
1157 4680 1222 4735 ad
1259 4696 1360 4735 nos
1390 4683 1767 4749 pervadentes,
1800 4680 1964 4733 nimi-

391 4784 510 4823 rum
541 4779 836 4838 potestates
888 4774 992 4827 illaa
1042 4784 1390 4844 peccatorum
1456 4774 1600 4828 circa
1659 4773 1962 4828 doctrinam

391 4864 806 4918 conunissorum
870 4864 1197 4921 eﬂ'ectrices.
1243 4865 1382 4932 Quin
1414 4866 1577 4920 etiam
1636 4865 1965 4935 cupiditates

391 4971 509 5023 qua:
532 4971 650 5009 eam
681 4967 1216 5027 praeoccupat/erant,
1248 4960 1421 5013 instar
1446 4961 1557 5013 suis
1579 4961 1738 5013 bruto
1762 4960 1964 5027 impetu

391 5046 673 5116 irruentis,
702 5063 869 5118 seque
908 5050 961 5103 in
996 5048 1167 5105 fetido
1217 5060 1408 5122 putore
1451 5051 1767 5116 volutantis,
1793 5052 1964 5120 ipsam

468 5187 511 5220 "
528 5186 672 5242 Psal.
691 5201 899 5252 exxvu,
923 5187 978 5242 5.

462 5324 578 5392 (45)
611 5323 703 5378 Sic
739 5339 871 5380 mss.
902 5324 969 5377 At
992 5322 1145 5383 editi,
1173 5321 1449 5394 ἁπατηλή,
1477 5332 1752 5393 corrupte.

467 5395 576 5465 (44)
629 5394 901 5448 Dissident
954 5394 1096 5465 inter
1124 5408 1183 5445 se
1216 5409 1348 5447 mss.
1380 5407 1436 5465 et
1466 5395 1620 5465 editi.
1664 5394 1817 5464 Regii
1857 5393 1968 5461 pri-

394 5462 515 5518 mus
541 5462 597 5518 et
618 5465 885 5519 secundus
911 5478 1034 5517 cum
1056 5464 1272 5534 duobus
1298 5464 1445 5534 aliis,
1476 5462 1657 5534 ψυχῆς
1685 5503 1699 5516 .
1723 5462 1775 5534 ,ἰ
1810 5479 1967 5534 περι-

394 5534 669 5604 κόπτομεν
705 5571 721 5587 .
745 5573 793 5588 ..
836 5533 1246 5604 ταμιευόμενοι.
1281 5532 1426 5604 Reg.
1473 5532 1854 5604 tertius,¢uxh

395 5602 836 5675 περικοπτομένη
875 5602 924 5659 ..
948 5602 1382 5675 ,ταμιευομένψ
1422 5602 1967 5675 ίιεεεῷειυοιιιυεζψυ-

400 5673 486 5747 xi,
571 5712 587 5729 .
616 5673 1074 5747 περικοπτομὲνη
1094 5714 1109 5729 .
1134 5713 1149 5727 .
1174 5712 1189 5728 .
1238 5673 1522 5747 ταμιεύει·¹
1539 5673 1683 5739 Etim
1705 5674 1965 5747 denique-

400 5691 472 5746 χη
502 5712 516 5725 .
537 5715 553 5728 .
571 5712 587 5729 .
616 5691 1020 5746 περικοπτομεν
1094 5714 1109 5729 .
1134 5713 1149 5727 .
1174 5712 1189 5728 .
1238 5691 1511 5743 ταμιευει.
1539 5691 1683 5739 mnu
1705 5691 1905 5747 uentqu

395 5743 542 5817 ψυχὴ
571 5785 584 5799 .
612 5784 626 5798 .
652 5785 665 5801 .
692 5691 1128 5832 περικοπτομὲνη
1148 5742 1491 5837 ,ταμιεύεταιζ
1880 5806 1905 5827 κ

1757 5852 1804 5868 ..ιθ

1052 5186 1098 5218 ¹¹⁰
1123 5184 1280 5241 Joan.
1306 5200 1396 5253 xv,
1424 5184 1480 5241 5.
1520 5187 1602 5256 1"
1630 5185 1793 5242 lCor.
1827 5200 1902 5254 v1,
1938 5184 2022 5241 l9.

2071 4602 2126 4652 οἱ.
2142 4599 2280 4664 ξένοι
2298 4600 2346 4652 οἰ
2375 4597 2701 4660 διοδεύοντες
2723 4597 2892 4668 ἡμᾶς,
2941 4592 3124 4647 αἰτῶν
3163 4590 3291 4660 περὶ
3317 4586 3414 4658 τὴν
3444 4582 3669 4653 γνῶσινιο

2073 4689 2488 4760 ἁμαρτημάτων
2529 4687 2881 4759 ὲνεργητικαὶ
2928 4684 3216 4754 δυνάμεις·
3269 4678 3340 4732 τά
3384 4694 3445 4730 τε
3495 4671 3650 4742 πάθη

2072 4780 2551 4852 προκαταλαϐόντα
2583 4777 2698 4848 (46)
2742 4776 3015 4847 λυμαίνει,
3049 4775 3143 4837 ὑὸς
3191 4772 3348 4841 δίκην
3387 4766 3653 4835 ἀλόγιστα

2070 4870 2370 4940 ὁρμῶντος,
2421 4870 2516 4923 καὶ
2565 4868 2982 4939 καλινδουμένου
3017 4869 3137 4929 ταῖς
3179 4861 3486 4923 δυσωδίαις.
3537 4857 3653 4909 Καὶ

2072 4963 2195 5014 τότε
2228 4959 2530 5031 πληροῦται
2568 4961 2662 5011 ἐπὶ
2685 4960 2784 5029 τὴν
2810 4959 3067 5027 τοιαύτην
3095 4955 3273 5026 ψυχὴν
3304 4952 3387 5019 τὸ,
3446 4951 3654 5018 Ἐγκα-

2074 5048 2537 5119 ταλειφθήσετιιι
2578 5050 2617 5118 ἡ
2671 5049 2931 5120 θυγάτηρ
2986 5047 3158 5112 Σιὼν,
3206 5046 3287 5110 ὡς
3333 5039 3537 5109 σκηνὴ
3577 5039 3675 5091 ἑν·

2100 5185 2148 5218 ³⁸
2181 5183 2382 5239 Jerem.
2413 5200 2475 5249 ιι,
2506 5183 2598 5238 9.1.
2673 5184 2719 5214 “
2748 5181 2906 5239 Joan.
2937 5197 3030 5246 xv,
3064 5180 3120 5236 2.

2141 5319 2253 5392 (45)
2312 5322 2444 5388 lteg.
2502 5321 2772 5377 secundus
2814 5327 2870 5373 et
2909 5319 3016 5372 duo
3037 5319 3127 5369 alii
3178 5327 3333 5395 mss.,
3373 5319 3654 5435 ὲπειλγᾶμ-

2074 5393 2232 5462 μένη,
2284 5394 2510 5446 detenta.
2562 5393 2670 5465 Alii
2704 5393 2819 5445 duo
2840 5404 2970 5465 mss.
3015 5400 3144 5465 eum
3181 5386 3363 5453 edtlts,
3412 5396 3549 5436 πεπι
3582 5401 3654 5455 ηε-

2074 5456 2233 5533 item,
2263 5467 2529 5523 depressa.
2556 5460 2983 5533 Sensus‘eodem
3012 5456 3173 5533 redit.

2145 5523 2255 5603 (ἀΰ)
2287 5533 2378 5585 Sic
2406 5547 2535 5586 mss.
2559 5547 2674 5604 sex.
2709 5524 3492 5604 Editijtpoyot'galapwvovrat.
3524 5523 3655 5604 Sta:

2073 5594 2280 5678 tinisex
2312 5616 2463 5678 rns_s.,
2488 5602 2767 5678 ὁρμῶντος
2792 5600 2884 5678 καὶ
2906 5594 3476 5678 καλινδομμένουηηίεὶ
3505 5594 3655 5662 quod

2070 5674 2212 5797 gessi;
2242 5674 2292 5796 i2:
2335 5663 2842 5742 tribus'c'onjunctio
2882 5666 2993 5722 καί.
3031 5663 3199 5735 Editi,
3232 5663 3516 5740 ὁρμῶντος
3560 5681 3655 5719 κυ-

2105 5760 2151 5797 ιν
2218 5758 2256 5797 μ
2286 5758 2401 5797 νου.

2105 5758 2401 5813 ινσομενου.

2312 5322 2444 5388 lteg.
2502 5321 2772 5377 secundus
2814 5327 2870 5373 et
2909 5318 3016 5372 duo
3037 5315 3127 5369 alii
3178 5327 3333 5388 mss.,
3373 5312 3669 5388 ἐπειλημο.
