3838 6214
195 272 296 346 tsi

1087 290 1452 348 COMMENT'.
1493 292 1563 347 ΙΝ
1600 292 1848 348 ISAIAM‘
1876 292 2320 350 PROPl-IE‘I'AM.
2361 293 2514 350 (ΖΜ).
2551 293 2591 349 1.

3355 288 3459 345 158

189 401 517 475 ἀμπελῶνι.
552 402 717 456 Ἀλλὰ
729 403 841 458 Kal
868 404 949 469 ὠς
966 404 1465 475 ὀπωροφυλάκιον
1481 408 1551 460 ἐν
1570 423 1780 475 σικυη-

1885 418 2265 479 corrmnpunt.
2291 411 2498 481 ’Atque
2532 420 2662 465 tunc
2713 410 2863 467 circa
2902 408 3169 481 ejusmodi
3220 411 3458 469 animam

181 495 359 564 ράτφ.
379 497 443 549 Oi
464 495 541 566 μὴ
555 496 625 548 τὰ
637 495 764 560 ἄξια
779 497 879 568 τῆς
895 497 1046 561 θείας
1062 497 1349 569 άποθήκης
1362 499 1777 571 καρποφοροῦν-

184 603 293 649 τες,
324 585 469 639 ἀλλὰ
490 587 604 649 τοῖς
624 586 952 657 εὐφθάρτοις
978 591 1215 660 καρποῖς
1245 589 1341 641 τοῦ
1365 589 1570 660 κόσμου
1582 589 1774 643 τούτου

184 677 655 748 ἐπαγαλλόμενοιο
719 681 769 732 oi
845 679 1063 750 πλούτῳ
1123 680 1473 744 πεποιθότες·
1534 683 1584 734 οἱ
1646 681 1779 755 δόξῃ

183 770 538 842 ἐπαιρόμενοι
569 770 703 840 (47)·
745 773 795 824 οἱ
833 773 921 825 ἐπ’
947 772 1198 844 εὐγενείᾳ
1219 772 1567 844 προγόνων,ἢ
1590 773 1776 845 εὐεξίᾳ

185 863 475 932 σωματικῇ
532 861 676 932 μέγα
719 863 1065 933 φρονοῦντες,
1124 865 1441 935 σικυηράτῳ
1509 864 1771 929 ἐοίκασιν,

182 954 417 1024 ἄτροφον
434 953 649 1023 καρπὸν
683 954 1078 1025 γεωργοῦντες,
1098 957 1419 1026 φυσήματος
1449 955 1773 1020 ἁλαζονικοῦ

182 1045 747 1117 ὐποπιμπλῶντα,κα“ι
762 1047 911 1117 ὄγκῳ
924 1047 1139 1117 ματαίῳ
1150 1048 1250 1119 τὴν
1266 1047 1444 1117 ψυχὴν
1461 1048 1774 1114 ἐξοιδαίνειν

181 1140 274 1190 καὶ
321 1139 748 1211 ὑπερφυσᾶσθαι
780 1139 1292 1210 παρασκευάζοντα.
1320 1133 1420 1192 Ὧν
1441 1139 1725 1209 ἐφιέμενος
1746 1141 1776 1192 ό

182 1228 534 1300 ἐπιθυμητὴς
550 1229 703 1294 λαὸς,
717 1230 892 1298 ἐτάφη
913 1231 970 1281 ἐν
991 1230 1183 1299 ἐρήμῳ
1203 1228 1337 1299 (48).
1367 1229 1622 1281 Ἐκλαιον
1640 1228 1772 1300 γὰρ,

184 1320 339 1393 φησὶ,
381 1321 717 1392 μνησθέντες
741 1320 850 1375 τῶν
876 1319 1103 1380 σικύων,
1130 1320 1348 1373 καὶτῶν
1371 1320 1642 1384 πεπόνων,
1664 1319 1773 1374 τῶν

180 1412 577 1481 Αἰγυπτιακῶν
621 1411 951 1484 βρωμάτων,
990 1410 1026 1465 ἃ
1057 1413 1158 1465 οὐκ
1193 1411 1261 1464 ἂν
1300 1412 1464 1480 φάγοι
1506 1410 1776 1484 Ἰσραηλί-

180 1521 299 1575 της,
320 1506 351 1557 ὁ
381 1503 462 1574 τῷ
495 1505 735 1575 οὐρανίῳ
764 1503 917 1575 ἄρτῳ
974 1503 1052 1575 τῷ
1085 1503 1261 1574 μάννα
1305 1503 1640 1574 τρεφόμενος
1660 1520 1674 1534 ·
1713 1502 1773 1555 ὃν

182 1594 595 1661 ἐξουδενοῦντες
613 1595 785 1666 (49)οἱ
810 1595 954 1661 τότε,
969 1595 1079 1647 τῶν
1109 1593 1411 1665 κρομμύων
1436 1592 1770 1663 ἐπεθύμουν.

187 1687 254 1739 Ἀ
289 1687 366 1757 μὴ
394 1685 663 1756 πάθωμεν
692 1687 787 1739 καὶ
814 1688 975 1756 ἡμεῖς
1003 1684 1096 1738 τὸν
1124 1684 1371 1756 ἡδονικὸν
1417 1683 1535 1753 βίον
1558 1683 1653 1735 τοῦ
1683 1683 1772 1736 λο-

1879 501 2133 570 impletur
2167 502 2295 556 illud
2334 502 2786 574 :Derelinquetur
2831 503 2949 573 ﬁlia
2995 503 3151 570 Sion,
3192 505 3329 558 sicut
3372 517 3457 560 ta-

1879 593 2215 646 bernaculum
2245 593 2300 646 in
2328 594 2503 648 vinea.
2541 593 2672 661 Sed,
2727 593 2796 649 Et
2824 596 2958 649 sicut
2988 596 3260 665 tugurium
3291 597 3343 649 in
3372 613 3464 649 cu-

1878 688 2196 741 cumerario.
2222 686 2326 753 Qui
2358 686 2569 742 fructus
2600 687 2884 758 proferunt
2938 689 3121 742 divina
3187 689 3457 757 apotheca

1877 777 2147 845 indignos,
2187 777 2295 832 imo
2325 778 2414 848 qui
2441 779 2509 833 de
2540 780 2721 833 mundi
2757 780 2916 846 hujus
2944 778 3209 834 fructibus
3263 795 3454 832 corru—

1877 869 2054 936 ptioni
2080 869 2330 924 obnoxiis
2360 869 2804 939 glorianturzqui
2836 871 3112 924 c0nﬂdunt
3140 870 3191 923 in
3213 870 3452 925 divitiis:

1876 958 1966 1026 qui
1993 959 2058 1011 de
2084 959 2263 1027 gloria
2282 956 2581 1012 eﬂ'erunlor
2611 977 2625 1013 :
2663 960 2752 1030 qui
2788 962 2855 1015 de
2903 961 3167 1030 majorum
3224 977 3451 1014 suorum

1876 1048 2187 1112 nobilitate,
2219 1048 2300 1100 vel
2332 1050 2568 1103 debona
2612 1052 2856 1119 corporis
2905 1051 3221 1105 habitudine
3265 1066 3454 1116 super-

1876 1141 2052 1205 biunt,
2086 1141 2137 1193 hi
2165 1141 2230 1193 ad
2266 1142 2702 1195 cucumerarium
2751 1143 3107 1197 similitudine
3162 1146 3450 1207 accedunt,

1874 1229 2108 1284 fructum
2146 1232 2508 1299 producentes
2544 1233 2677 1286 nihil
2707 1234 3048 1304 edulem,qni
3077 1234 3308 1304 superbo
3325 1234 3454 1287 ﬂatu

1877 1321 2156 1390 adimplet,
2193 1319 2462 1389 ellicitque
2498 1330 2555 1374 ut
2586 1323 2733 1376 inani
2766 1335 2976 1377 tumore
3016 1332 3225 1393 turgeat
3249 1324 3450 1385 anima,

1878 1426 1943 1466 ac
1976 1425 2137 1480 supra
2172 1412 2389 1464 modum
2413 1410 2650 1465 inﬂetur.
2683 1411 2925 1478 Quarum
2972 1428 3151 1467 rermn
3182 1411 3452 1467 desiderio

1877 1516 2000 1556 cum
2041 1510 2319 1555 teneretur
2351 1503 2742 1572 concupiscens
2800 1503 3070 1572 populus,
3126 1504 3178 1557 in
3236 1504 3453 1557 deserto

1874 1592 2117 1661 sepultus
2134 1603 2235 1647 est.
2265 1591 2490 1646 Flebant
2521 1593 2687 1660 enim,
2739 1594 2817 1647 ait
2841 1594 3121 1664 Scriptura
3158 1595 3227 1660 “,
3258 1610 3454 1649 memo-

1877 1699 1964 1738 res
1985 1699 2356 1749 cucumerutn,
2387 1693 2442 1737 et
2475 1700 2768 1754 peponum,
2831 1687 3132 1740 eduliorum
3168 1685 3454 1757 AEgyptia-

180 1776 341 1843 γικοῦ
396 1776 797 1848 προτιμῶντες.
852 1776 1179 1847 Κρομμύοις
1223 1775 1334 1849 γὰρ
1389 1775 1470 1847 τῷ
1519 1774 1780 1852 ὅντικαὶ

1882 1790 2093 1841 corum,
2122 1790 2240 1845 qua!
2277 1791 2408 1829 sane
2430 1792 2704 1845 utinquam
2732 1776 2976 1832 Israelita
3011 1777 3101 1831 ille
3135 1777 3453 1840 comederit,

184 1866 485 1937 σκορόδοις-ς
515 1868 571 1919 αἱ
620 1865 712 1919 διὰ
746 1864 840 1918 τοῦ
888 1864 1141 1936 σώματος
1174 1865 1361 1936 ἡδοναὶ
1391 1865 1772 1935 προσεοίκασι,

183 1958 318 2012 πολὺ
351 1958 457 2029 μὲν
501 1959 565 2012 τὸ
612 1958 778 2030 δριμὺ
828 1958 926 2012 καὶ
973 1957 1309 2028 ἐρεθιστικὺν
1363 1957 1770 2028 παρεχόμεναι,

183 2050 451 2105 δυσωδίαν
480 2050 539 2104 δὲ
563 2051 803 2122 χαλεπὴν
848 2050 943 2102 καὶ
970 2049 1325 2102 δυσέκνιπτον
1352 2050 1654 2117 ἐναφιεῖσαι
1693 2046 1772 2117 τῷ

184 2129 362 2214 βάθει,
393 2138 480 2207 οἷς
529 2143 596 2197 ἂν
644 2143 1000 2212 ἐγγένωνται,
1032 2140 1284 2213 δακρύων
1312 2142 1370 2194 δὲ
1417 2139 1623 2209 πλῆθος
1658 2139 1775 2201 τοῖς

180 2233 497 2305 δεχομένοις
525 2233 637 2305 (50)
669 2232 840 2296 αὐτὰς
861 2230 1241 2304 προξενοῦσαι.
1272 2232 1360 2284 Ἐν
1386 2233 1504 2293 ταῖς
1525 2228 1776 2290 ἀπειλαῖς

179 2326 238 2379 δέ
268 2327 391 2378 ἐστι
426 2324 521 2377 καὶ
557 2324 619 2377 τὸ
642 2325 720 2386 ὡς
744 2323 1210 2395 πολιορκουμένην
1260 2320 1416 2373 πόλιν
1455 2318 1777 2387 ἐγκαταλει-

182 2417 514 2489 φθήσεσθαι.
563 2414 1026 2486 Περικαθέζονται
1058 2414 1176 2483 (51)
1221 2414 1372 2484 ἡμᾶς
1400 2413 1450 2464 οἱ
1501 2410 1773 2480 πολέμιοι,

183 2510 579 2580 ἐπιτηροῦντες
604 2506 761 2579 ἡμῶν
794 2507 894 2578 τὴν
937 2508 1142 2570 ἄνεσιν,
1173 2506 1259 2558 ἴνα
1282 2505 1615 2574 ἀφυλάκτοις
1641 2506 1779 2573 ἡμῖν

184 2600 511 2654 ἐπιθῶνται.
541 2600 753 2671 Ὠσπερ
771 2594 865 2652 οὖν
888 2596 1381 2669 ἐκπολιορκηθεῖσα
1411 2594 1588 2658 πόλις.
1619 2595 1775 2665 διαρ-

184 2691 490 2756 πασθὲντος
524 2691 621 2744 τοῦ
660 2691 894 2744 πλούτου
932 2690 1026 2744 τοῦ
1058 2688 1487 2759 ἐναποκειμὲνου
1517 2689 1676 2758 αὐτῇ,
1712 2686 1773 2739 οὐ

180 2782 363 2845 πύλας
388 2782 505 2852 ἔχει
533 2781 949 2852 κεκλεισμένας,
991 2782 1053 2834 οὐ
1094 2779 1343 2850 φύλακας
1384 2778 1478 2831 ἐπὶ
1523 2777 1633 2830 τῶν
1665 2793 1777 2829 τειο

178 2873 295 2947 χῶν
330 2873 743 2946 άγρυπνοῦντας
762 2891 777 2905 ο
807 2872 951 2925 οὔτω
977 2871 1124 2942 ψυχὴ
1148 2870 1258 2923 τῶν
1284 2870 1640 2940 ὑπαρχόντων
1659 2864 1773 2936 (52)

178 2969 324 3038 αὐτῇ
356 2966 511 3038 παρὰ
531 2966 631 3037 τῆς
660 2965 813 3028 θείας
832 2965 1041 3035 δωρεᾶς
1062 2961 1354 3035 θησαυρῶν
1384 2959 1774 3022 ἐκκενωθεῖσα,

175 3058 258 3124 ὡς
295 3057 493 3122 ἀναξία
514 3057 700 3110 λοιπὸν
724 3058 823 3128 τῆς
853 3056 1007 3118 θείας
1034 3056 1274 3126 φρουρᾶς
1299 3053 1653 3122 ύπερορᾶται.
1675 3049 1778 3102 Διά

178 3151 345 3205 τοῦτο
376 3151 597 3223 εἴρηται
628 3149 710 3214 τὸ,
746 3148 924 3218 Πάσῃ
971 3146 1218 3234 φυλακῇ
1263 3145 1428 3214 τήρει
1470 3143 1597 3211 σὴν
1638 3159 1775 3210 καρ-

179 3241 345 3297 δίαν.
388 3241 536 3314 Πρὸς
563 3237 658 3295 οῦν
682 3241 744 3294 τὸ
776 3241 889 3313 (55)
919 3238 1064 3293 οὓτω
1105 3241 1401 3310 γρηγορεῖν
1432 3237 1526 3290 καὶ
1557 3237 1772 3307 νήφειν,

179 3334 462 3407 εὐχόμεθα
503 3334 592 3388 ἵνα
634 3334 728 3387 καὶ
765 3332 852 3386 διὰ
899 3332 996 3385 τοῦ
1036 3332 1189 3385 αὐτοὶ
1212 3331 1584 3403 ἐπαγρυπνεῖν
1615 3328 1773 3399 ἡμῶν

176 3430 245 3497 τῇ
283 3426 503 3497 φυλακῇ
533 3424 787 3496 ζητῶμεν
819 3425 906 3478 ἵνα
939 3425 1013 3495 μὴ
1042 3420 1282 3494 νυστάξῃ
1320 3422 1456 3492 μηδέ
1492 3420 1722 3492 ὑπνώσῃ
1744 3423 1773 3474 ὁ

180 3517 476 3588 φυλάσσων
500 3517 591 3570 τὸν
614 3516 851 3587 Ἰσραήλ.
877 3515 1018 3570 Ἐὰν
1048 3513 1156 3586 γάρ
1174 3513 1260 3584 μὴ
1286 3514 1501 3581 Κύριος
1526 3511 1771 3581 φυλάξῃ

178 3609 389 3671 πόλιν,
410 3610 498 3674 εις
510 3606 712 3677 μάτην
730 3607 1119 3677 ἡῃούπνησεν
1148 3608 1181 3659 d
1218 3603 1573 3674 φυλάσσων.
1605 3603 1772 3656 Ὅταν

178 3699 239 3753 δὲ
265 3699 359 3752 διά
391 3699 492 3769 τὴν
525 3696 760 3770 ἐρημίαν
812 3696 922 3749 τῶν
960 3695 1185 3764 ἀγαθῶν
1227 3695 1407 3764 ἔργων
1452 3691 1774 3761 ἐγκαταλεί-

179 3805 263 3864 πῃ
292 3788 408 3862 (Si)
442 3789 600 3860 ἡμῶν
631 3789 731 3860 τὴν
762 3788 1030 3860 φρουρὰν,
1071 3788 1279 3856 ἕτοιμοι
1332 3788 1413 3848 εἰς
1459 3782 1771 3857 διαρπαγὴν

180 3881 280 3935 καὶ
303 3879 686 3951 αἰχμαλωσίας
702 3881 795 3933 καὶ
820 3879 1126 3949 ἀπαγωγὰς
1149 3880 1262 3941 τοῖς
1291 3876 1573 3948 πολεμίοις
1593 3874 1772 3929 ἐκκεί-

181 3968 332 4042 μεθα
362 3969 494 4040 (55).

1873 1868 1963 1937 qui
1992 1868 2199 1922 cmlesti
2229 1883 2389 1937 pane,
2431 1868 2687 1922 nimirum
2724 1884 2942 1932 manna,
2970 1870 3262 1931 enntritur,
3294 1882 3453 1935 quem

1874 1963 1968 2031 qui
1998 1973 2124 2016 tunc
2175 1961 2551 2029 fastidiebam,
2588 1962 3045 2029 concupiscebam
3074 1975 3254 2029 cepas.
3287 1959 3457 2014 Porro

1873 2055 2063 2109 isthteo
2118 2052 2273 2107 nobis
2313 2053 2481 2107 vitam
2554 2053 2914 2122 voluptariam
2966 2053 3015 2107 ei
3067 2068 3185 2120 qua:
3243 2053 3455 2106 ratione

1874 2145 2082 2216 regitur
2130 2143 2542 2215 praeferentibus
2589 2160 2927 2214 nequaquam
2984 2145 3253 2200 accidunt.
3315 2143 3451 2197 Nam

1874 2251 2064 2293 revera
2120 2237 2426 2305 voluptates
2480 2252 2756 2305 corporea:
2813 2239 2960 2308 cepis
3008 2237 3277 2293 assimiles
3323 2246 3452 2292 sunt

1875 2341 1928 2386 et
1955 2330 2134 2384 alliis:
2167 2329 2390 2383 multum
2415 2331 2614 2398 quippe
2638 2329 2798 2399 395
2829 2330 3141 2385 acrimonia:
3171 2339 3225 2383 et
3264 2330 3451 2383 irrita-

1876 2419 2045 2472 menti
2078 2426 2300 2486 creant;
2325 2433 2387 2472 ac
2402 2419 2828 2488 graveolentiam
2849 2419 3241 2474 intolerabilem
3271 2431 3325 2474 et
3342 2419 3456 2474 fere

1880 2508 2187 2563 illutibilem
2223 2524 2289 2563 ex
2342 2512 2453 2563 imo
2511 2509 2810 2564 immittunt
2853 2511 3000 2566 iisin
3033 2525 3170 2579 quos
3198 2520 3455 2579 grassata:

1875 2598 2103 2663 fuerint,
2165 2598 2506 2668 multumque
2568 2599 2934 2670 lacrymarum
2990 2600 3286 2655 conciliant
3342 2600 3456 2654 suis

1876 2686 2335 2753 assectatoribus.
2358 2686 2454 2742 Est
2478 2697 2658 2742 autem
2686 2696 2739 2741 et
2767 2687 2896 2742 illud
2928 2689 2979 2742 in
3014 2689 3455 2743 comminationi-

1876 2777 2001 2840 bus,
2030 2776 2348 2831 derelictum
2376 2777 2441 2832 iri
2483 2785 2541 2831 ut
2584 2778 2861 2833 civitatem
2919 2790 3309 2850 expugnatam.
3347 2778 3458 2836 Nos

1877 2869 2134 2924 obsident
2186 2870 2417 2934 hostes,
2471 2880 2712 2923 nostram
2763 2871 3026 2925 desidiam
3082 2872 3455 2936 observantes,

1878 2970 1939 3014 ut
1971 2975 2074 3013 nos
2109 2958 2363 3015 incautos
2392 2959 2731 3013 adoriantur.
2784 2959 3250 3026 Quemadmodum
3290 2961 3458 3031 igitur

1884 3060 2208 3120 expugnata:
2241 3050 2477 3104 civitatis
2516 3060 2715 3119 portae,
2752 3051 2979 3119 direptis
3024 3067 3144 3121 qua:
3190 3053 3243 3106 in
3276 3068 3339 3107 ea
3371 3068 3459 3106 re-

1800 3124 1843 3180 C
1881 3142 2258 3196 condebantur
2291 3141 2516 3206 divitiis,
2552 3156 2658 3194 non
2693 3139 2807 3208 jam
2831 3143 3184 3206 obserantur,
3222 3156 3319 3196 nec
3344 3158 3458 3195 am-

1879 3231 2023 3302 plius
2063 3232 2113 3284 in
2152 3230 2422 3285 moenibus
2450 3230 2678 3298 vigilant
2713 3232 2954 3286 excubias
2979 3250 2994 3287 :
3022 3233 3100 3288 sic
3133 3233 3311 3286 anima
3337 3233 3457 3286 the-

1879 3322 2057 3378 sauris
2078 3337 2143 3374 ex
2167 3321 2352 3376 divino
2377 3338 2598 3376 munere
2619 3323 2858 3378 obtentis
2880 3325 3173 3392 denudata,
3203 3319 3455 3393 tanquam

1880 3413 2061 3468 divina
2092 3413 2205 3482 jam
2261 3413 2504 3467 custodia
2555 3414 2627 3467 sit
2669 3414 2910 3484 indigna,
2954 3416 3270 3484 despicitur.
3307 3414 3457 3483 Qua-

1878 3514 2103 3575 propter
2131 3505 2333 3558 dictum
2364 3514 2448 3558 est
2478 3504 2642 3559 illud:
2680 3504 2841 3560 Omni
2881 3507 3121 3560 custodia
3166 3524 3316 3562 serva
3366 3522 3458 3562 cor

1879 3605 2028 3648 tuum
2050 3595 2117 3647 ³³.
2147 3594 2331 3661 itaque
2371 3603 2731 3662 praeterquam
2766 3593 2908 3661 quod
2938 3594 3013 3647 ita
3055 3594 3363 3662 vigilamus,
3391 3608 3458 3648 ac

1882 3685 2052 3741 sobrii
2086 3698 2293 3749 sumus,
2321 3698 2610 3751 precamur
2643 3692 2703 3737 ut
2727 3692 2783 3737 et
2812 3685 3067 3753 quoniam
3124 3684 3226 3752 ipsi
3256 3694 3458 3738 nostras

1879 3778 2141 3832 custodia:
2174 3775 2556 3845 advigilamus,
2618 3775 2822 3830 idcirco
2877 3775 3263 3847 elllagitemus,
3296 3785 3355 3829 ut
3388 3791 3458 3829 ne

1878 3870 2155 3932 dormitet,
2182 3881 2356 3937 neque
2386 3867 2618 3922 dormiat
2647 3867 2739 3936 qui
2773 3869 3004 3922 custodit
3033 3867 3197 3922 Israel
3234 3867 3300 3921 ".
3331 3867 3458 3921 Nisi

1879 3961 2022 4016 enim
2056 3959 2315 4013 Dominus
2351 3959 2658 4013 custodierit
2698 3959 2982 4026 civitatem,
3030 3960 3233 4029 [rustra
3259 3958 3456 4031 .vigilat

180 4068 278 4133 qui
321 4068 552 4120 custodit
572 4066 642 4121 ’⁷.
680 4064 948 4122 Caeterum
1009 4065 1101 4120 ubi
1134 4074 1380 4118 nostram
1433 4060 1786 4130 dereliquerit
1823 4056 2125 4113 custodiam
2156 4064 2381 4125 prapter
2441 4054 2677 4125 inopiam
2743 4068 2807 4109 ac
2835 4054 3161 4109 vacuitatem
3186 4053 3454 4107 bonorum

179 4173 439 4232 operum,
510 4176 698 4217 sumus
760 4161 1052 4231 direptioni
1111 4159 1340 4230 expositi
1403 4158 1717 4225 admodum,
1784 4165 1840 4212 et
1897 4153 1966 4208 ab
2007 4151 2252 4207 hostibus
2297 4152 2351 4207 in
2400 4151 2770 4222 captivitatem
2816 4164 3204 4221 carcerentque
3225 4149 3456 4206 abduci-

180 4271 331 4310 Illlll'o
374 4300 379 4303 λ

254 4438 305 4473 ³⁸
342 4435 508 4491 Num.
540 4449 619 4502 χι,
651 4432 707 4489 5.
784 4433 831 4466 ³⁵
860 4430 1022 4487 Prov.
1056 4445 1131 4493 tv,
1172 4427 1264 4484 2'5.
1342 4427 1389 4460 ”
1422 4425 1563 4483 Psal.
1595 4441 1724 4493 cu,
1747 4425 1799 4481 4.

1882 4426 1926 4458 ’τ
1962 4424 2107 4480 Psal.
2157 4440 2343 4490 cxxvr,
2411 4425 2466 4480 l.

255 4593 372 4665 (Π)
398 4590 628 4645 Codices
648 4599 801 4665 __tr_es,
842 4583 1256 4665 eaepswdpevot
1272 4581 1464 4665 innixi.
1520 4581 1624 4635 Alii
1656 4589 1765 4665 tres

1882 4596 2030 4665 mssa
2044 4579 2537 4665 προσδεχομένοις.

177 4651 404 4719 Codices
442 4676 565 4714 cum
594 4659 777 4721 editis,
806 4651 976 4711 multo
1003 4651 1214 4717 melius,
1241 4653 1615 4723 ἐπαιρόμενοι,
1640 4651 1769 4723 κεια-

177 4739 242 4821 ιὶἔ
279 4733 486 4788 Ibidem
513 4730 620 4784 duo
659 4743 815 4788 mss.,
850 4725 884 4797 ἢ
912 4726 997 4778 ἐπ’
1039 4724 1160 4793 εὐγ.
1190 4725 1296 4779 Alii
1335 4722 1393 4778 et
1416 4723 1568 4788 editi,
1602 4722 1651 4774 oi
1681 4723 1769 4774 ἐπ’

179 4822 371 4945 εἽᾸ8)
405 4869 548 4925 Editi
569 4877 632 4945 _et
682 4878 789 4921 tres
819 4881 997 4944 mss.,_
1026 4863 1235 4945 ἐτράφη
1271 4864 1329 4917 ἐν
1378 4862 1599 4945 ἐρήμῳ,
1621 4860 1770 4945 unde

177 4932 531 5001 Til‘mannus,
559 4937 627 4992 In
653 4953 827 4991 eremo
852 4932 1500 5001 ηιιινίιιιδέδιζμεεςίιιιε.
1525 4936 1595 4985 At
1620 4932 1683 4984 ll.
1716 4941 1771 4983 et

178 5015 231 5069 J.
264 5031 391 5069 cum
436 5008 762 5064 Colbertinis
807 5006 982 5071 prium
1033 5015 1089 5057 et
1121 5005 1301 5066 tertio,
1347 5002 1523 5071 ἐτάφη
1557 5003 1615 5053 ἐν
1642 5002 1771 5072 ἐρή-

183 5104 298 5155 μῳ,
328 5082 396 5136 In
424 5082 628 5134 deserta
668 5076 903 5140 sepultus
935 5082 1033 5131 est.
1084 5075 1311 5141 optime.
1351 5073 1423 5124 Ita
1467 5073 1608 5123 enim
1636 5072 1766 5137 legi-

183 5168 277 5208 tur
308 5152 533 5205 Numer.
567 5164 647 5209 XI,
687 5148 756 5201 54
786 5162 803 5199 :
831 5145 956 5198 ’Ότι
996 5143 1204 5209 ἔθαψαν
1242 5143 1335 5196 τὸν
1366 5141 1494 5195 λαὸν
1526 5139 1618 5195 τὸν
1647 5142 1769 5193 ἐπι-

183 5146 533 5208 ίιιί-Νιιιιιεν.
567 5164 647 5211 ιι,
687 5148 756 5201 54
786 5162 803 5199 :
831 5146 956 5198 ’Ότι
996 5146 1204 5209 ἔθαψαν
1242 5146 1335 5196 τὸν
1366 5146 1494 5195 λαὸν
1526 5146 1618 5195 τὸν
1647 5146 1769 5193 ἐπι-

180 5223 486 5302 θυμηῖῄνν.
505 5219 647 5284 Qui“
685 5216 801 5302 εέιίρ.
827 5213 1771 5302 ere-liae?revaluisset???-

177 5286 454 5349 reoitfﬂic
476 5290 645 5351 locus,
671 5295 728 5341 ut
752 5288 1004 5339 observat
1035 5286 1281 5349 Ducaeus,
1316 5291 1463 5337 recte
1494 5290 1550 5335 et
1576 5296 1767 5336 emen-

179 5368 313 5421 date
336 5362 617 5430 legebatur
643 5358 783 5426 apud
812 5354 1164 5430 Procopium,
1197 5369 1317 5430 pag.
1355 5353 1443 5409 lli.
1468 5420 1511 5430 _
1534 5419 1563 5430 __

257 5420 490 5501 (‘9)vlta
520 5429 651 5497 Reg.
680 5420 1609 5501 scentldus_ét_alii‘quiiiqueulgiditi
1638 5435 1767 5501 vero

178 5490 341 5575 ἄρτῳ
358 5490 558 5576 ’μάννα
588 5490 921 5576 τρεφόμενος
950 5494 1009 5574 δν
1035 5490 1425 5576 ἐξουθενοῦσιν.
1453 5490 1572 5576 hic}:
1601 5490 1768 5546 nostri

183 5560 287 5630 se:
311 5560 467 5629 'm'ss.
498 5568 614 5641 βίον
626 5560 734 5621 ’τοῦ
762 5560 1017 5636 λογικοῦ.
1049 5560 1213 5630 Editi,
1253 5562 1367 5637 βίον
1409 5560 1503 5617 τοῦ
1537 5560 1771 5631 λογιστι-

180 5660 371 5786 “iam
398 5710 542 5770 Editi
586 5704 710 5767 cum
753 5706 924 5764 tribus
965 5720 1121 5776 mss.,
1160 5704 1487 5777 δεχομένοις.
1525 5701 1630 5759 Alii
1660 5711 1771 5759 tres

1949 4651 2061 4723 (5i)
2092 4648 2225 4719 Reg.
2250 4648 2553 4723 secundus,
2585 4650 3037 4723 περικαθεζονται
3084 4648 3454 4723 γάρηξιοιίιη

1873 4721 2003 4775 editi
2037 4721 2366 4792 cum_tribus
2414 4736 2573 4784 mss.,
2603 4719 2934 4790 ἀφυλάκτοις
2983 4719 3290 4792 ἡμῖν.ἈΙίἱ
3346 4729 3459 4776 tres

1876 4788 2406 4877 tttss.,\dlcpuiltd.x1m;.

1946 4860 2058 4931 (5:2)
2087 4860 2607 4931 Codices'quinque,
2631 4875 3010 4931 υπαρχοντων,
3043 4869 3098 4915 et
3140 4860 3214 4914 ita
3241 4874 3458 4930 quoque

1875 4929 2074 4999 legitur
2122 4931 2175 4983 in
2226 4929 2362 4998 Reg.
2418 4929 2595 4997 primo
2623 4929 2813 4999 prima
2844 4946 3031 4984 manu.
3063 4932 3134 4984 At
3165 4929 3455 4985 bic'codex

1876 5018 1994 5054 cum
2020 4999 2181 5053 editis
2206 4999 2441 5055 secunda
2470 5016 2650 5070 manu,
2681 5000 3140 5070 ἐνυπαρχόντων.’

1947 5070 2060 5139 (55)
2092 5070 2197 5140 Alii
2249 5085 2410 5132 mss.,
2439 5069 2536 5140 τῷ,
2574 5071 2775 5140 reetins
2834 5068 3006 5140 genii,
3039 5071 3119 5123 τό.
3156 5068 3336 5140 Editi,
3356 5069 3457 5138 μὲν

1873 5136 1968 5194 οὖν
2000 5140 2082 5193 τό.
2115 5139 2235 5193 Mox
2254 5136 2501 5210 quinque
2531 5156 2684 5204 mss.,
2722 5139 3016 5210 εὐχόμεθα.
3052 5141 3192 5193 Editi
3215 5151 3269 5210 et
3299 5136 3453 5210 βοιυέ

1875 5207 2441 5281 ριίιιιυειεύχὼμεθοι,
2470 5211 2630 5264 bene.
2665 5207 2906 5265 Subinde
2923 5226 3056 5266 mss.
3089 5225 3205 5277 sex,
3236 5208 3327 5262 διὰ
3358 5207 3457 5262 τοῦ

1876 5280 2051 5334 αὐτοί.
2083 5280 2245 5343 Editi,
2275 5280 2463 5334 αὐτοῦ.

1946 5349 2059 5421 (54)
2081 5349 2310 5405 Codices
2334 5360 2588 5419 quatuor,
2615 5349 2980 5421 ἐγκαταλίπῃ.

1946 5408 2060 5491 (55)
2083 5420 2226 5474 Editi
2256 5430 2308 5474 et
2337 5408 3102 5491 quatuor-mss.,éxxeﬁtsOa.
3128 5419 3198 5473 At
3230 5418 3457 5473 Colher-

1878 5489 1975 5545 tin'i
2008 5489 2216 5561 primus
2244 5500 2299 5545 et
2328 5491 2533 5559 [tertius
2581 5489 2842 5561 ἐσόμεθα,
2872 5489 2966 5545 sed
3030 5493 3103 5561 ita
3143 5499 3344 5554 tamen,
3397 5499 3456 5545 ut

1878 5562 2033 5615 Colb.
2062 5561 2254 5616 tertius
2285 5561 2604 5615 emendatus
2635 5560 2729 5625 sit,
2763 5560 3067 5629 habeatque
3092 5560 3145 5614 in
3190 5560 3457 5629 margine,

1875 5630 2194 5756 Ξκῖἓὲμεθα.
2222 5629 2518 5704 Aliquanto
2545 5640 2667 5701 post
2694 5630 2832 5702 Reg.
2863 5628 3159 5698 secundus,
3204 5629 3300 5685 καὶ
3321 5628 3456 5693 ὅλως

2036 5719 2085 5756 ς.

1968 5717 2085 5768 αος.
