3838 6214
220 359 320 414 161

1106 319 1471 407 fonnem.
1514 346 1583 403 1N
1622 338 1855 403 [sum
1894 343 2339 401 PROPHE'I‘AM.
2380 345 2531 401 cap.
2557 342 2599 403 ι.

3388 322 3494 403 {62

218 476 365 546 ὅπερ
404 474 483 536 ὡς
526 468 673 544 ζύμη
717 462 1011 541 γενόμενον
1042 471 1155 532 τοῖς
1186 467 1385 529 ἔθνεσι,
1428 466 1637 529 πάντας
1686 464 1825 534 πρὸς

1923 464 2110 534 paucis
2142 463 2353 517 inventa
2378 463 2570 518 electio
2600 471 2682 518 est
2700 479 2715 517 :
2734 478 2853 534 quae
2869 463 3049 535 portio
3069 463 3217 518 velut
3240 462 3492 520 fermenti

217 567 319 637 τὴν
349 565 565 619 οίκείαν
596 564 846 617 εἵλκυσεν
878 559 1202 632 ὁμοιότηταο
1235 559 1375 613 ὥστε
1405 558 1503 611 καὶ
1547 556 1641 611 ἀπ’
1674 555 1818 609 ὲκεί-

216 676 312 711 νου
346 658 446 711 καὶ
479 655 696 728 Ἰσραὴλ
742 652 1107 726 χρηματίζειν
1138 652 1233 704 καὶ
1265 651 1394 705 λαὸν
1444 648 1677 722 Κυρίου,
1722 648 1817 701 καὶ

216 751 366 804 εἶναι
409 748 504 801 τὸν
555 750 614 800 ἐν
659 744 740 817 τῷ
790 743 1017 817 κρυπτῷ
1052 742 1305 819 Ἰουδαῖον
1361 740 1498 810 (61),
1553 740 1648 793 καὶ
1708 738 1817 792 τῶν

222 839 621 912 πνευματικῶν
663 834 1008 907 ἐπαγγελιῶν
1047 833 1404 906 κληρονόμον,
1430 833 1520 885 τὸν
1556 831 1614 898 ἐξ
1647 831 1816 884 ἐθνῶν

223 933 658 990 πεπιστευκότα.
717 929 871 983 Ἐπεὶ
921 928 978 981 δέ
1031 926 1242 997 Σόδομα
1305 919 1666 996 ἑρμηνεύεται
1717 922 1816 976 ἐκ·

224 1031 456 1091 κλισις,
494 1025 753 1095 Γόμορρα
779 1020 838 1074 δὲ
868 1012 1110 1084 στάσις,
1138 1017 1235 1070 καὶ
1268 1015 1511 1068 τοιοῦτόν
1544 1031 1668 1067 τινα
1692 1012 1818 1066 νοῦν

220 1112 528 1173 ὖποϐάλλει
574 1117 601 1187 ἡ
630 1111 898 1186 ἑρμηνεία
929 1109 1039 1163 τῶν
1067 1108 1365 1179 ὀνομάτων,
1393 1108 1476 1160 ὅτι
1508 1106 1557 1159 εί
1587 1105 1660 1176 μὴ
1685 1100 1817 1176 ἦλθε

220 1211 285 1266 τὸ
336 1210 563 1280 σπέρμα
589 1207 618 1260 δ
668 1204 993 1277 ἐπήγγελτο,
1045 1201 1199 1254 οὐδὲν
1249 1198 1486 1253 ἐκώλυεν
1534 1198 1685 1270 ἡμᾶς
1737 1199 1819 1261 είς

222 1301 472 1371 παντελῆ
521 1298 799 1353 ἀπώλειαν
850 1295 1128 1357 ἐκπεσεῖν,
1165 1290 1518 1353 ἐκκλίναντας
1568 1288 1677 1342 ἀπὸ
1723 1285 1817 1341 τοῦ

221 1391 387 1446 Θεοῦ.
416 1390 531 1445 Καί¹
559 1389 608 1442 εί
643 1387 719 1458 μὴ
762 1386 951 1457 είρήνη
986 1384 1119 1454 ἡμῖν
1147 1381 1392 1452 ἐπεφάνη
1420 1378 1481 1443 ἐξ
1509 1374 1673 1448 ὕψους
1696 1418 1711 1443 ,
1752 1378 1823 1432 Ἡ

221 1480 618 1550 ὑπερέχουσα
641 1476 838 1531 πάντα
864 1474 1036 1538 γοῦν,
1064 1473 1293 1535 ἕκαστος
1322 1470 1388 1524 ἂν
1420 1471 1525 1524 ὑπὸ
1554 1470 1657 1538 τῆς
1684 1468 1818 1533 ἰδίας

226 1575 475 1635 στάσεως
525 1570 623 1624 καὶ
672 1567 765 1622 τοῦ
824 1565 1162 1627 ἐνοικοῦντος
1214 1560 1364 1634 αύτῷ
1416 1560 1653 1632 πολέμου
1706 1553 1822 1631 (62)

1917 556 2092 612 vicem
2120 557 2262 611 inter
2287 567 2478 626 gentes
2514 554 2758 624 explens,
2810 570 3001 610 omnes
3031 556 3112 611 sui
3139 556 3307 626 ipsius
3336 557 3495 612 simi-

1921 646 2001 702 les
2036 646 2239 712 et'fccit,
2267 648 2343 702 ita
2395 658 2455 702 ut
2486 661 2551 701 ex
2584 649 2672 702 illa
2729 648 2957 718 populus
2989 648 3199 703 Domini
3225 649 3386 704 etiam
3414 650 3494 705 ls-

1919 739 2027 794 rael
2059 750 2302 807 vocetur,
2325 739 2503 809 sitque
2527 739 2707 808 quivis
2738 740 2827 809 qui
2873 756 2939 795 ex
2970 742 3222 811 gentibus
3244 739 3497 795 credide-

1918 829 2091 895 rit,in
2148 832 2473 885 abscondito
2522 830 2760 895 Iudaeus,
2822 846 2886 886 ac
2918 831 3278 901 spiritualium
3325 832 3498 886 haeres

1918 922 2360 992 promissionum.
2396 923 2501 977 Sed
2528 932 2887 992 pneterquam
2928 922 3070 991 quod
3105 930 3279 986 sonat,
3320 922 3363 976 si
3398 922 3497 977 So-

1920 1013 2077 1068 doma
2115 1014 2512 1083 inlerpreteris,
2545 1014 2951 1067 declinationem
2976 1054 2992 1080 ,
3037 1014 3338 1071 Gomorrba
3368 1031 3497 1075 vero

1922 1103 2252 1166 seditionem,
2288 1104 2451 1157 etiam
2483 1104 2748 1175 ejusmodi
2785 1119 3004 1159 sensum
3061 1106 3219 1160 nobis
3271 1105 3497 1161 exhibet

1933 1197 2190 1250 horumce
2219 1196 2497 1249 nominum
2546 1195 2957 1267 interpretatio:
2986 1197 3128 1267 quod
3177 1197 3280 1251 nisi
3312 1214 3496 1253 semen

1927 1289 2069 1358 quod
2099 1288 2424 1357 promissum
2458 1289 2631 1343 fuerat
2658 1328 2674 1355 ,
2725 1290 2986 1354 venisset,
3048 1289 3182 1344 nihil
3235 1289 3499 1346 vetuisset

1919 1379 2207 1448 quominus
2224 1394 2322 1432 nos
2344 1378 2395 1432 in
2422 1379 2688 1449 inlegram
2712 1381 3089 1435 incidissemus
3111 1382 3491 1450 perditionem,

1919 1470 2120 1541 quippe
2170 1470 2263 1540 qui
2313 1469 2741 1525 declinassemus
2795 1488 2826 1525 a
2871 1471 3119 1528 Domino.
3153 1472 3221 1527 Et
3252 1476 3353 1529 nisi
3389 1489 3496 1543 pax

1921 1563 2077 1631 nobis
2103 1562 2171 1615 ab
2199 1562 2305 1616 allo
2328 1561 2641 1628 affulsisset,
2686 1563 2820 1628 Qute
2854 1575 3131 1633 exsuperat
3158 1580 3358 1618 onmem
3377 1556 3498 1620 sen-

224 1662 676 1735 ἐξανηλώθημεν.
725 1658 807 1712 Τὰ
854 1657 965 1729 γὰρ
1004 1654 1150 1725 πάθη
1207 1655 1307 1724 τῆς
1366 1651 1675 1724 ἁμαρτίας,
1724 1651 1819 1703 καὶ

1923 1669 2035 1705 sum
2068 1650 2134 1718 “,
2171 1653 2459 1706 fuissemus
2490 1654 2687 1725 singuli
2714 1670 2742 1707 a
2767 1655 2982 1724 propria
3015 1654 3303 1710 rebellione
3330 1664 3386 1710 et
3429 1658 3497 1710 ab

227 1759 404 1810 πᾶσαι
429 1753 486 1806 αἱ
520 1751 661 1805 κατὰ
690 1748 911 1818 ἀλογίαν
937 1747 1200 1816 κινήσεις,
1232 1743 1495 1816 θορύϐους
1524 1742 1818 1812 ἀσιγήτους

1925 1741 2261 1795 inltabitante
2289 1741 2343 1794 in
2381 1741 2537 1797 nobis
2576 1742 2716 1797 bello
2742 1746 3068 1814 consumpti.
3118 1744 3253 1799 Nam
3286 1746 3499 1816 cupidi-

224 1849 323 1901 καὶ
353 1846 545 1901 στάσιν
574 1841 921 1898 ἀδιάλλακτον
965 1840 1211 1910 ἐμποιεῖν
1250 1835 1528 1905 πεφύκασι
1557 1836 1679 1898 ταῖς
1716 1831 1820 1902 ψυ-

1925 1841 2062 1886 tates
2093 1847 2159 1888 ex
2223 1843 2449 1901 peccato
2500 1845 2657 1897 ortae,
2693 1849 2989 1904 omnesque
3032 1837 3430 1891 commotiones
3460 1852 3494 1892 a

230 1942 378 2010 χαῖς.

296 2112 393 2168 23.
433 2109 741 2180 Δίσθομένη
769 2106 880 2178 (63)
914 2099 1006 2160 οὖν
1035 2106 1136 2176 τῆς
1161 2101 1427 2173 ὠφελείας
1469 2102 1534 2155 ἐκ
1580 2096 1684 2170 τῆς
1724 2098 1821 2151 τοῦ

226 2204 486 2274 Σωτῆρος
519 2201 839 2272 παρουσίας,
865 2197 925 2260 ὃς
939 2197 1015 2260 ὡς
1036 2197 1258 2268 σπέρμα
1291 2193 1485 2265 μικρὸν
1503 2191 1591 2245 διὰ
1611 2192 1710 2261 τῆς
1728 2190 1823 2242 dvo

230 2291 517 2364 θρωπείας
565 2287 768 2361 σαρκὸς
820 2287 1079 2340 ἐνέπεσεν
1128 2284 1285 2357 ἡμῶν
1334 2281 1415 2353 τῷ
1468 2281 1596 2353 βίῳ,
1645 2279 1822 2333 ταῦτα

227 2382 379 2451 λέγει
407 2384 466 2435 ἐν
500 2379 854 2452 εὐχαριστίας
885 2378 1016 2431 είδει
1045 2380 1079 2449 ἡ
1117 2375 1415 2445 Ἐκκλησία
1435 2391 1450 2404 ·
1495 2373 1823 2427 Ἀκούσατε

226 2474 421 2541 λόγον
479 2471 722 2539 Κυρίου,
784 2468 1075 2538 ἄρχοντες
1123 2466 1435 2535 Σοδόμων·
1495 2462 1823 2531 προσέχετε

224 2563 422 2631 νόμον
450 2561 624 2623 Θεοῦ,
655 2560 806 2626 λαὸς
835 2561 1179 2629 Γομόρῤας’
1211 2558 1298 2611 ἵνα
1345 2555 1515 2627 δείξῃ,
1546 2556 1627 2607 ὅτι
1654 2554 1687 2624 ἡ
1725 2551 1821 2605 τοῦ

230 2654 551 2724 σπέρματος
582 2652 676 2705 τοῦ
707 2649 1232 2720 ἐγκαταλειφθέντος
1255 2649 1391 2718 αὐτῇ
1427 2646 1579 2717 παρὰ
1612 2645 1821 2717 Κυρίου

228 2743 462 2799 Σαϐαὼθ
494 2743 791 2815 παρουσία,
839 2742 989 2796 αίτία
1021 2742 1207 2803 αὐτοῖς
1251 2739 1443 2807 γέγονε
1494 2737 1592 2807 τῆς
1644 2751 1824 2806 σωτη-

230 2840 359 2913 ρίας
396 2837 528 2910 (64).
568 2836 743 2899 Ἐπεὶ,
776 2836 902 2888 ὅσον
932 2833 993 2886 τὸ
1026 2835 1110 2885 ἐπ’
1142 2833 1348 2894 αὐτοῖς,
1387 2832 1502 2893 τοῖς
1535 2827 1820 2899 παθήμασι

227 2932 333 3001 τῆς
371 2929 683 3000 Σοδομηνῆς
712 2926 825 2997 (65)
867 2925 1112 2979 ὑπόδικοι
1139 2920 1303 2995 ἦσαν,
1330 2922 1597 2994 ἄρχοντας
1624 2921 1823 2983 αὐτοὺς

230 3021 483 3091 Σοδόμων
521 3021 615 3074 καὶ
646 3019 776 3074 λαὸν
806 3018 1089 3089 Γομόρρας
1124 3013 1519 3087 προσαγορεύει
1549 3013 1692 3083 ὑπὲρ
1720 3011 1821 3083 τὴν

228 3115 435 3170 κακίαν
484 3112 582 3184 τὴν
631 3111 739 3166 τῶν
787 3109 1093 3182 ἀρχόντωνο
1141 3106 1229 3159 διὰ
1279 3105 1341 3158 τὸ
1389 3103 1555 3158 οἱονεὶ⁹
1610 3101 1817 3174 μητρό-

228 3205 388 3259 πολιν
423 3205 522 3276 μέν
546 3201 686 3258 εἶναι
713 3203 813 3274 τῆς
859 3200 1123 3271 πονηρίας
1153 3198 1220 3253 τὰ
1248 3197 1477 3268 Σόδομα,
1501 3194 1707 3265 ταύτης
1754 3194 1812 3246 δὲ

227 3298 409 3367 αὐτῆς
452 3295 594 3350 κατὰ
639 3295 835 3358 κακίας
881 3292 1186 3365 ὑπερϐολὴν
1221 3289 1508 3360 ὑπερέχειν
1547 3287 1675 3350 τοὺς
1712 3285 1813 3357 ἄρ-

231 3405 446 3461 χοντας.
485 3386 585 3440 Διὰ
612 3386 665 3439 τί
709 3385 765 3439 δὲ
798 3384 1055 3456 ἄρχοντες
1086 3382 1355 3453 Σοδόμων,
1397 3380 1432 3451 ἢ
1465 3378 1600 3433 διότι
1644 3378 1818 3433 καθά-

174 3512 181 3517 ι
227 3497 341 3553 περ
369 3483 567 3534 ἐκεῖνοι
598 3477 938 3551 παρῃτοῦντο
961 3476 1052 3529 τὸν
1082 3474 1151 3527 τὰ
1176 3473 1361 3527 δίκαια
1391 3472 1644 3544 κρίνοντα
1666 3469 1813 3534 Λὼτ,

227 3575 322 3629 ore
390 3569 724 3643 ἐξαιρεῖσθαι
787 3568 915 3631 τοὺς
988 3567 1121 3636 παρ’
1175 3563 1325 3635 αὐτῷ
1392 3561 1816 3627 ἐπιξενωθέντας

228 3662 555 3728 ἐσπούδαζε,
589 3662 856 3731 λέγοντες·
891 3656 1192 3726 Εἰσῆλθες
1224 3653 1552 3725 παροικεῖν,
1582 3652 1670 3723 μὴ
1717 3651 1817 3706 καί

228 3754 440 3822 κρίσιν
486 3751 744 3820 κρίνειν·
771 3748 915 3803 οὓτω
947 3748 1041 3802 καὶ
1076 3739 1223 3800 οὗτοι
1259 3745 1350 3799 τὸν
1384 3745 1588 3799 δίκαιον
1622 3743 1817 3814 κριτὴν

231 3844 599 3919 παρῃτοῦντο,
642 3839 970 3914 κράζοντες·
1025 3836 1317 3905 Σταυροῢ,
1367 3833 1634 3904 σταυροῦ
1672 3834 1782 3906 (66)
1802 3851 1816 3865 ο

230 3935 366 4004 αἶρε
404 3936 526 3991 ἀπὸ
563 3934 674 4004 τῆς
702 3933 815 4004 γῆς
846 3933 954 3986 τὸν
978 3930 1254 3985 τοιοῦτον
1265 3945 1286 3994 ;
1315 3928 1504 4000 Πολλῷ
1527 3928 1585 3982 δὲ
1618 3924 1820 3995 μείζων

1923 1926 2134 1979 ratione
2157 1925 2368 1988 alienae,
2387 1927 2763 1994 obstrepentes
2785 1928 3041 1981 tumultus
3062 1929 3498 2000 seditionemque

1924 2015 2322 2082 implacabilem
2355 2014 2533 2070 solent
2587 2014 2867 2069 animabus
2899 2032 3112 2083 parere.

1993 2108 2085 2163 25.
2123 2108 2361 2162 Ecclesia
2397 2107 2563 2178 igitur
2587 2107 2835 2162 utilitatis
2857 2124 2919 2162 ex
2941 2107 3241 2166 Salvatoris
3264 2118 3498 2167 adventu

1921 2210 2193 2269 percepta:
2243 2202 2484 2263 conscia,
2544 2200 2637 2271 qui
2676 2201 2823 2279 velut
2873 2203 3129 2273 exiguum
3153 2218 3336 2259 semen
3374 2205 3500 2261 vita:

1923 2303 2124 2345 nosme
2153 2290 2380 2360 illapsus
2407 2301 2493 2346 est
2538 2308 2632 2361 per
2684 2293 2974 2347 humanam
3029 2309 3273 2362 carnem,
3298 2297 3351 2350 in
3384 2314 3501 2353 mo-

1922 2382 2047 2435 dum
2085 2383 2315 2437 actionis
2349 2384 2648 2451 gratiarum
2710 2387 2828 2439 lnec
2866 2386 2992 2440 dicit
3026 2384 3250 2457 :(Vt-zns.
3282 2387 3371 2460 10)
3395 2390 3500 2443 Λιι-

1920 2473 2030 2526 dite
2055 2474 2265 2527 verbum
2296 2471 2534 2541 Domini,
2585 2476 2846 2543 principes
2892 2474 3247 2532 Sodomorum
3281 2495 3301 2534 :
3334 2489 3500 2535 atteuo

1920 2566 2027 2619 dite
2054 2566 2155 2636 legi
2184 2565 2305 2634 Dei,
2358 2567 2585 2635 populus
2635 2567 2984 2633 Gomorrlue;
3020 2576 3081 2623 ut
3107 2572 3378 2641 ostendat,
3409 2587 3499 2627 se-

1921 2656 2082 2710 minis
2105 2658 2241 2727 ejus,
2276 2658 2417 2726 quod
2442 2658 2491 2711 ei
2520 2673 2547 2710 a
2573 2657 2802 2712 Domino
2821 2658 3060 2714 Sabaoth
3089 2660 3335 2715 relictum
3357 2673 3498 2729 erat,

1921 2746 2213 2800 adventum
2249 2746 2329 2801 eis
2376 2745 2570 2802 salutis
2618 2745 2787 2802 fuisse
2835 2763 3054 2804 causam
3103 2752 3498 2823 originemque.

1922 2834 2211 2902 Quoniam,
2243 2844 2506 2906 quantum
2532 2838 2583 2890 in
2608 2838 2688 2892 eis
2708 2838 2871 2893 situm
2903 2850 3044 2903 erat,
3078 2840 3387 2897 Sodominze
3411 2860 3500 2898 ur-

1920 2926 2007 2980 bis
2034 2924 2194 2979 malis
2227 2936 2387 2981 erant
2416 2925 2672 2993 obnoxii;
2723 2928 2889 2998 ipsos,
2915 2945 3038 2985 cum
3067 2940 3269 2996 essent
3295 2934 3501 3003 princi-

1921 3017 2079 3087 pibus
2141 3017 2377 3088 pejores,
2434 3020 2710 3089 principes
2779 3018 3136 3077 Sodomorum
3166 3034 3219 3080 et
3243 3026 3500 3095 populum

1921 3109 2240 3165 Gomorrhte
2266 3110 2520 3181 appellat,
2552 3113 2694 3182 quod
2750 3111 2986 3167 Sodoma
3043 3126 3187 3171 esset
3217 3117 3380 3171 veluti
3406 3133 3500 3172 ne-

1922 3201 2107 3270 quitiae
2136 3202 2453 3272 metropolis
2476 3242 2492 3267 ,
2526 3203 2753 3272 ejusque
2798 3205 3071 3275 principes
3115 3208 3498 3275 exsuperantia

1923 3292 2228 3363 iniquitatis
2256 3305 2598 3365 superarent.
2638 3295 2806 3350 Porro
2847 3297 2976 3366 quid
3024 3306 3108 3352 est
3134 3298 3275 3367 quod
3306 3314 3496 3353 vocen-
3568 3298 3573 3305 ’

1924 3393 2016 3439 tur
2045 3383 2404 3440 Sodomorum
2433 3385 2746 3456 principes?
2769 3388 2853 3440 An
2882 3388 3007 3458 quia
3041 3390 3497 3458 quemadmodum

1923 3475 2002 3530 illi
2029 3476 2362 3546 repellebant
2390 3492 2419 3531 a
2459 3491 2519 3531 se
2573 3485 2630 3531 et
2684 3480 3080 3531 aversabantur
3114 3478 3212 3532 Ι.οι
3235 3479 3382 3549 justa
3405 3482 3498 3536 de-

1919 3579 2252 3635 cernentem,
2315 3584 2439 3623 cum
2491 3583 2586 3624 eos
2655 3583 2791 3639 quos
2874 3568 3131 3637 bospitio‘
3174 3580 3497 3639 receperat,

1920 3658 2161 3728 ipsorum
2222 3661 2475 3715 manibus
2533 3661 2775 3715 eximere
2858 3670 3156 3717 conaretur
3222 3663 3498 3734 (dicebant

1920 3748 2179 3803 nimirum
2211 3768 2226 3803 :
2254 3749 2536 3821 Ingressus
2562 3768 2616 3805 es
2634 3760 2692 3804 ut
2721 3750 2942 3813 advena,
2970 3768 3095 3805 num
3126 3753 3285 3807 etiam
3323 3762 3381 3808 ut
3400 3755 3499 3825 ju-

1922 3839 2120 3892 dicium
2134 3839 2343 3906 judices
2359 3840 2404 3874 ³⁸
2421 3840 2487 3910 2),
2508 3841 2578 3895 ita
2605 3852 2657 3895 et
2675 3840 2727 3895 hi
2757 3842 3066 3911 rejiciebant
3103 3857 3317 3911 {equum
3346 3844 3498 3913 judi-

1918 3942 2057 3995 cem,
2074 3928 2237 4000 397
2255 3930 2554 3986 clamantes
2575 3930 2889 4001 :Cruciﬁge,
2909 3933 3496 4004 cruciﬁge",ejusmodi

230 4027 475 4082 ἐνταῦθα
515 4028 548 4098 ἡ
603 4024 893 4097 μοχθηρία.
937 4024 1001 4076 Οἱ
1058 4021 1158 4092 μὲν
1204 4020 1315 4092 γὰρ
1363 4022 1444 4084 είς
1496 4020 1681 4085 ξένους
1728 4019 1831 4073 καί)

1923 4021 2095 4074 virum
2130 4023 2258 4077 tolle
2290 4038 2322 4077 e
2367 4024 2549 4078 terra?
2588 4024 2700 4079 Hoc
2727 4037 2904 4078 autem
2933 4024 3110 4080 scelus
3159 4026 3331 4082 multo
3374 4043 3496 4082 ma-

236 4119 410 4190 μηδὲν
452 4118 781 4189 ἠδικηκότας
828 4115 1169 4187 ἠσέλγαινον,
1196 4114 1245 4167 οἱ
1277 4112 1335 4166 δέ
1366 4114 1447 4177 είς
1487 4112 1580 4165 τὸν
1611 4111 1680 4165 τὰ
1726 4128 1823 4182 με-

231 4211 377 4280 γάλα
425 4210 623 4272 αὐτοὺς
669 4208 791 4263 καθ’
842 4205 1149 4278 ὑπερϐολὴν
1191 4204 1303 4275 (67)
1349 4205 1818 4276 εὐεργετήσανταθ

228 4303 480 4356 κάκεῖνοι
516 4301 613 4372 μὲν
655 4302 735 4363 είς
760 4299 965 4365 ξένους,
1000 4290 1147 4350 οὗτοι
1181 4295 1239 4349 δὲ
1265 4295 1357 4350 τὸν
1392 4297 1472 4360 είς
1496 4295 1566 4348 τὰ
1597 4295 1704 4348 ἴδια
1741 4293 1826 4346 ἐλ-

1908 4110 2002 4182 jus
2028 4122 2132 4167 est.
2176 4112 2391 4169 Etenim
2421 4116 2495 4169 illi
2519 4117 2737 4186 quidem
2768 4116 2990 4171 libidine
3016 4117 3147 4183 acti,
3176 4117 3228 4172 in
3254 4119 3497 4189 hospites

1914 4205 2053 4259 nihil
2085 4207 2153 4261 de
2178 4222 2238 4262 se
2261 4208 2399 4263 male
2432 4210 2659 4265 meritos
2693 4210 2985 4264 furebant:
3017 4210 3071 4264 hi
3101 4224 3232 4265 vero
3253 4225 3374 4265 eum
3395 4211 3498 4265 int-

1915 4303 2131 4365 pelunt,
2170 4313 2201 4351 a
2228 4313 2336 4368 quo
2372 4310 2531 4355 erant
2578 4299 2861 4355 beneliciis
2895 4297 3155 4354 maximis
3189 4297 3390 4355 all‘ecti.
3414 4301 3495 4359 Illi

307 4435 358 4470 ⁸³
388 4434 621 4506 Philipp.
654 4450 725 4491 tv.
759 4432 808 4488 7.
888 4434 932 4465 ³⁸
963 4432 1099 4488 Gen.
1125 4446 1241 4497 nx,
1266 4431 1320 4487 9.
1403 4431 1449 4463 ³⁸
1472 4430 1607 4485 Luc.
1633 4446 1790 4494 χχιιι,
1822 4428 1914 4484 21.

309 4591 423 4663 (6|)
460 4591 553 4646 Sic
603 4598 832 4659 quatuor
882 4605 1014 4663 mss.
1044 4590 1110 4663 At
1152 4589 1301 4653 editi,
1335 4587 1470 4650 τῶν,
1484 4591 1541 4643 ἐν
1566 4606 1812 4663 Ακρυπτῳ
1842 4594 1888 4651 1)
1918 4589 2058 4663 male
2083 4597 2241 4642 sonat
2279 4603 2378 4657 per
2406 4604 2487 4650 se,
2518 4603 2618 4663 nec
2645 4589 2718 4663 ad
2744 4603 2860 4663 rem
2904 4588 3491 4663 pcrtinet.__Maluimu_s

246 4660 544 4726 Ἰουδαίων,
609 4670 881 4730 corrupte.
934 4661 1128 4730 Statim
1182 4662 1287 4730 duo
1350 4676 1505 4730 mss.,
1561 4661 1684 4712 ἐπεὶ
1728 4660 1807 4713 δέ.

194 4788 199 4793 ,
233 4732 381 4787 Editi
424 4741 481 4785 et
508 4741 739 4799 quatuor
768 4728 924 4793 mss.,
960 4728 1147 4799 ἐπειδὴ
1184 4728 1306 4782 Σοδ.
1356 4728 1601 4783 Subinde
1658 4731 1810 4796 editi,

234 4801 520 4872 ἐκκλησις.
552 4802 629 4872 At
655 4800 896 4872 quinque
932 4814 1089 4863 mss.,
1119 4800 1382 4862 ἔκκλισις,
1413 4807 1467 4852 et
1489 4800 1562 4853 ita
1600 4814 1815 4869 quoque

232 4874 378 4940 apud
398 4870 725 4940 Procopium
740 4870 965 4940 legitur.

308 4940 427 5009 (62)
463 4938 691 5009 Codices
718 4936 847 5002 duo,
876 4940 934 4991 ἐν
969 4938 1136 5008 αὐτῷ.
1164 4938 1421 5009 Βρεδιίέν
1445 4936 1496 4991 in
1528 4938 1649 4991 aliis
1682 4955 1811 4994 mss.

232 5019 289 5081 et
320 5011 374 5081 in
403 5007 583 5081 editis.
632 5007 833 5081 Ibidem
882 5011 935 5062 in
968 5007 1100 5079 Reg.
1148 5008 1408 5075 secundo,
1440 5023 1537 5077 pro
1574 5010 1812 5081 πολέμου

233 5080 458 5146 legitur,
483 5078 764 5148 πολεμίου.

310 5149 427 5218 (65)
462 5147 629 5213 Editi,
661 5147 1047 5219 αἱσθανομενη.
1076 5149 1145 5202 At
1173 5148 1409 5217 quinque
1452 5164 1604 5213 mss.,
1633 5148 1816 5204 αίσθο-

311 5236 403 5271 νη.

310 5266 429 5358 ltili)
458 5284 591 5355 Reg.
636 5286 925 5358 secundus,
972 5286 1201 5341 Σαϐαὼθ
1237 5288 1387 5342 αἰτία
1438 5288 1578 5358 αὑτὴ
1631 5288 1815 5353 αὐτοῖς

234 5358 432 5426 γέγονε
471 5358 742 5429 σωτηρίας
776 5357 1051 5421 ὑπόθεσις,
1091 5369 1197 5411 etc.
1228 5359 1355 5419 Sed,
1388 5369 1446 5412 ut
1473 5357 1646 5413 dicam
1669 5362 1810 5426 quod

236 5430 440 5491 sentio,
469 5430 773 5481 emendatio
805 5429 919 5481 limo
948 5430 1064 5494 ejus
1102 5443 1223 5483 esse
1260 5430 1488 5489 videtur,
1519 5431 1631 5497 qui,
1666 5430 1810 5496 quod

236 5497 575 5567 perspiceret
616 5497 818 5567 aliquid
883 5498 985 5551 hoc
1042 5498 1158 5550 loco
1206 5501 1415 5563 deesse,
1460 5500 1584 5551 huic
1642 5498 1802 5563 malo,

236 5577 504 5634 quantum
529 5566 581 5618 in
611 5581 670 5619 se
696 5568 816 5630 luit,
852 5568 1052 5621 mederi
1075 5576 1302 5621 conatus
1331 5579 1434 5621 est.
1467 5567 1599 5619 Rem
1623 5578 1803 5621 autem

238 5636 290 5689 ei
322 5636 487 5705 male,
508 5637 790 5699 cecidisse,
817 5637 905 5691 vel
937 5651 1005 5691 cx
1047 5638 1158 5705 ipsa
1191 5637 1640 5703 interpretatione
1676 5653 1807 5691 con-

236 5704 430 5760 stabit.
467 5704 560 5760 Sic
584 5706 726 5759 enim
753 5707 818 5759 ad
852 5704 1077 5761 verbum
1114 5708 1238 5761 licet
1276 5718 1491 5761 vertere
1536 5723 1550 5760 :
1578 5706 1805 5761 Seminis

240 5790 428 5845 causa,
455 5776 568 5845 ipsa
600 5777 675 5832 eis
705 5776 805 5845 fuit
834 5777 1022 5832 solum
1042 5792 1224 5846 causa,
1256 5791 1349 5834 seu
1384 5776 1548 5847 origo,
1584 5778 1634 5835 id
1663 5777 1806 5847 quod

1916 4660 2081 4729 igitur
2109 4672 2293 4711 vocem
2343 4657 2617 4729 παρουσία
2655 4657 2914 4729 addere,’
2928 4674 3035 4729 non
3075 4659 3319 4713 codicum
3369 4661 3491 4728 qni-

1914 4727 2038 4781 dem
2083 4741 2245 4782 manu
2299 4727 2627 4796 scriptorum
2680 4727 2801 4781 freti
2866 4727 2976 4783 ullo
3021 4730 3349 4796 testimonio,
3390 4727 3489 4784 Sed

1913 4797 2224 4854 Combeftsii
2254 4797 2622 4864 conjecturam
2654 4798 2847 4851 secuti.

1912 4870 1948 4921 ir
1986 4868 2098 4938 (65)
2132 4866 2357 4938 Codices
2386 4866 2883 4938 ιτεθΣοδομηνῆς.
2921 4867 3056 4938 Reg.
3089 4868 3378 4935 secundus,
3404 4869 3493 4923 Σο·

1911 4936 2157 5010 δομινῆς.
2194 4937 2357 4998 Editi,
2399 4936 2686 5010 παθήμασι
2715 4936 2837 5010 τοῖς
2863 4936 3195 5009 Σοδομικοῖς.
3243 4938 3490 5010 Mortali-

1913 5005 2045 5077 qu'ot
2080 5005 2950 5078 mss.,etposatyopsdstasubinde
2977 5005 3085 5064 tres
3110 5023 3266 5075 utss.,
3294 5006 3386 5062 διὰ
3407 5008 3489 5064 τό.

1920 5080 2061 5135 Editi
2095 5093 2214 5131 cum
2248 5076 2381 5143 Reg.
2420 5076 2598 5139 tertio,
2631 5076 2719 5130 διὰ
2740 5076 2855 5130 τοῦ.

1990 5147 2103 5219 (66)
2135 5147 2363 5202 Codices
2410 5148 2669 5219 quinque:
2730 5147 2986 5219 σταύρου,
3036 5145 3291 5218 σταύρου.
3316 5147 3490 5219 Εσιίιὶ,

1917 5215 2132 5290 όὶνέτεο
2155 5226 2409 5290 accentu,
2430 5215 3009 5290 etau'poﬁ,_atgupoﬁ_°
3057 5215 3186 5284 quae
3220 5217 3492 5290 scriptura

1915 5288 2060 5342 inter
2087 5287 2355 5341 variantes
2399 5289 2658 5342 lectiones
2701 5287 2752 5340 in
2788 5286 2938 5341 No'vo
2967 5286 3314 5341 Testamento
3349 5286 3493 5340 Oxo-

1916 5358 2091 5411 niensi
2122 5356 2316 5423 legitur
2365 5356 2496 5411 Luc.
2527 5357 2798 5419 xxnt,21.
2856 5355 2989 5410 Illud
3040 5355 3183 5423 quod
3219 5357 3487 5426 sequitur,

1914 5428 2022 5480 ἀπὸ
2043 5427 2157 5497 τῆς
2173 5427 2294 5497 γῆς,
2328 5428 2381 5480 in
2412 5429 2581 5480 trilms
2610 5443 2739 5480 mss.
2772 5427 3124 5497 desideratur.

1983 5491 2108 5565 (67)
2127 5491 2217 5550 Sic
2232 5491 2398 5549 'editi.
2430 5497 2499 5549 At
2520 5497 2758 5565 quinque
2789 5511 2944 5562 mss.,
2982 5496 3181 5559 αὐτοὺς
3227 5491 3491 5563 οὖμενουν

1912 5565 2496 5639 ἔχοντα-ὑπερβολήγχ
2529 5568 2709 5639 Nescio
2758 5582 2865 5635 quo
2896 5581 3079 5621 sensu.
3114 5566 3230 5639 Mox
3279 5568 3407 5639 editi
3422 5576 3488 5639 et.

1915 5633 2049 5691 mss.
2084 5633 2227 5692 οὗτοι
2252 5633 2309 5689 δὲ
2331 5633 2422 5689 τὸν
2451 5636 2531 5698 είς
2551 5635 2623 5688 τά
2642 5651 2657 5666 ·
2687 5633 2789 5690 sed
2826 5647 3034 5699 auctor,
3062 5638 3371 5705 quicunque
3400 5638 3488 5695 ille

1914 5707 2066 5833 auiti.
2064 5718 2157 5764 aut
2189 5708 2429 5781 scripsit,
2453 5707 2532 5769 είς
2566 5705 2680 5776 τόν,
2704 5716 2797 5789 aut
2819 5705 3142 5795 particulam
3173 5706 3254 5770 εις
3287 5708 3490 5771 subau-

1954 5792 2021 5833 n'l

1954 5777 2066 5835 ivit.
2298 5777 2316 5781 ’
2706 5779 2715 5789 ’
2822 5777 2834 5779 ⁷
2959 5787 2971 5795 ’
