3828 6216
378 310 485 365 105

1325 305 1673 358 Αιινιελνευιι
1708 302 1997 369 OPERUM
2034 302 2096 359 S.
2129 302 2384 358 BASILH
2424 301 2659 358 MAGNI.

3523 300 3634 353 ίῦι

380 419 433 472 in
465 416 799 487 peregrinos,
835 415 887 469 hi
916 430 1045 470 vero
1071 415 1123 469 in
1157 430 1280 470 eum
1322 418 1414 484 qui
1449 417 1499 470 in
1537 416 1754 487 propria
1780 418 1947 483 venit,

2076 416 2242 470 l6v~:a°
2276 418 2517 470 κάκεῖνοι
2554 416 2651 486 μὲν
2680 415 2762 479 είς
2789 414 3075 483 ἀγγέλους,
3120 408 3268 468 οὗτοι
3311 412 3370 468 δὲ
3412 415 3493 477 εἰς
3537 413 3636 466 τὸν

385 510 535 562 fuere
564 504 981 561 contumeliosi:
1017 504 1091 558 illi
1122 505 1341 572 quidem
1379 505 1433 558 in
1471 505 1711 575 angelos,
1743 506 1799 559 hi
1827 521 1954 558 vero

383 603 437 653 iu
476 599 666 652 Deum.
699 596 883 662 Quare
915 594 1219 664 principum
1270 594 1725 649 Sodomiticorum
1755 610 1953 649 nomen

376 690 498 758 jure
551 704 616 742 ac
664 687 859 741 merito
905 687 1178 741 consecuti
1217 696 1363 741 sunt.
1420 687 1674 742 Attamen
1714 688 1957 741 Deusin

384 782 532 851 ipsos
560 781 835 835 beneﬁcus
869 778 936 833 ad
968 779 1130 833 utiles
1172 794 1299 833 suos
1339 793 1618 833 sermones
1663 778 1959 833 audiendos

372 874 724 935 adhortatur,
785 869 1147 939 populumque
1178 869 1264 925 his
1289 869 1627 938 principibus
1659 870 1958 933 subditum,

376 976 441 1019 et
488 974 712 1033 propter
769 961 1072 1030 improbam
1123 960 1430 1013 doctrinam
1481 960 1805 1028 appellatum
1851 958 1962 1015 Go-

385 1057 621 1112 morrha:
652 1056 928 1125 populum,
968 1054 1034 1107 ad
1067 1054 1414 1123 praebendam
1472 1052 1571 1122 legi
1603 1052 1959 1106 attentionem

393 1149 621 1210 inducit,
648 1148 773 1201 dum
801 1145 1178 1201 solertioribus
1209 1144 1472 1215 praecipit,
1517 1154 1574 1197 ut
1602 1144 1856 1208 audiant;
1884 1143 1961 1196 iu-

376 1239 734 1310 sipientibus,
785 1248 845 1292 ut
894 1238 1205 1301 attendant;
1258 1236 1364 1302 vel,
1420 1244 1479 1289 ut
1524 1235 1747 1290 auribus
1791 1236 1966 1305 perci-

385 1334 562 1403 piant,
592 1332 734 1385 sicut
760 1329 945 1384 caateri
975 1329 1316 1398 interpretati
1361 1336 1510 1382 sunt.
1562 1327 1730 1382 Porro
1755 1338 1963 1397 quanta

378 1433 473 1480 est
501 1437 809 1479 sermonem
841 1422 986 1476 inter
1012 1431 1066 1475 et
1098 1421 1267 1491 legem
1321 1419 1653 1487 differentia,
1690 1429 1839 1473 tanto
1861 1420 1969 1475 dis-

378 1516 619 1571 ‘crimine
649 1514 839 1568 audire
876 1524 929 1566 et
954 1513 1176 1566 auribus
1228 1514 1509 1582 percipere
1541 1513 1685 1566 inter
1725 1526 1785 1565 se
1808 1511 1967 1565 dissi-

391 1607 544 1662 dent.
576 1606 675 1660 Est
702 1604 849 1659 enim
873 1604 955 1659 lex
978 1605 1249 1674 jus‘torum
1296 1613 1352 1659 et
1394 1605 1717 1671 injustorunt
1748 1601 1963 1671 regula;

2054 506 2206 563 Θεόν.
2232 506 2331 560 Διὰ
2374 506 2531 559 τοῦτο
2562 506 2785 567 δικαίως
2829 506 2930 577 τῆς
2977 505 3087 559 τῶν
3119 505 3483 577 Σοδομιτικῶν
3531 504 3639 576 ἁρ-

2054 597 2258 667 χόντων
2305 597 2672 669 προσηγορίας
2717 597 2993 667 ἠξίωνται.
3045 598 3187 651 Ἀλλ’
3224 600 3376 669 ὅμως
3404 597 3638 663 τούτους

2055 687 2356 757 εὐεργετῶν
2385 691 2415 741 6
2447 688 2598 753 Θεὸς,
2630 690 2711 752 είς
2752 689 2850 761 τὴν
2888 690 2998 745 τῶν
3024 692 3315 765 ὠφελίμων
3343 693 3509 749 αὐτοῦ
3540 693 3639 750 λό-

2057 792 2170 844 γων
2218 777 2386 847 ἀκοὴν
2425 777 2774 848 προκαλεῖται
2833 779 2976 849 (68)·
3024 783 3116 836 τὸν
3165 783 3224 836 δὲ
3272 785 3378 838 ὑπὸ
3422 785 3638 839 τούτων

2059 869 2358 939 ἀρχόμενον
2397 868 2544 932 λαὸν,
2592 871 2687 924 καὶ
2730 872 2795 924 ἐκ
2835 872 2945 927 τῶν
2992 875 3243 947 πονηρῶν
3285 877 3638 949 διδαγμάτων

2059 959 2342 1032 Γομόρρας
2384 958 2510 1013 λαὸν
2557 963 2995 1032 χρηματίζοντα,
3044 968 3126 1030 είς
3172 968 3273 1039 τὴν
3321 967 3415 1021 τοῦ
3464 969 3635 1040 νόμου

2060 1051 2334 1123 προσοχὴν
2385 1053 2740 1126 ἐπιστρέφει·
2787 1059 2897 1119 τοῖς
2944 1057 3045 1127 μὲν
3094 1059 3530 1134 ἐντρεχεστέροις
3570 1060 3642 1115 τὸ

2061 1141 2292 1196 ἀκοῦσαι
2319 1144 2692 1214 προστάσσων,
2718 1148 2831 1209 τοῖς
2856 1146 2914 1199 δὲ
2938 1148 3215 1213 ἀσυνέτοις
3235 1150 3297 1203 τὸ
3323 1150 3639 1222 προσέχειν,

2060 1230 2094 1304 ἢ
2126 1234 2186 1286 τὸ
2217 1226 2587 1299 ἐιῖωτίζεσθαι,
2616 1237 2755 1308 ὅπερ
2783 1237 2960 1309 ἕτεροι
2987 1240 3372 1315 ἐκδεδὼκασιν.
3405 1243 3547 1314 Ὅση
3581 1242 3646 1296 δι

2062 1325 2220 1393 λόγου
2257 1326 2392 1396 πρὸς
2426 1328 2590 1398 νόμον
2621 1328 2873 1401 διαφορὰ.
2897 1331 3134 1403 τοσαύτη
3166 1333 3260 1386 καὶ
3297 1332 3391 1386 τοῦ
3419 1335 3648 1388 ἀκούειν

2063 1416 2202 1489 πρὸς
2240 1418 2303 1471 τὸ
2345 1419 2710 1483 ὲνωτίζεσθαι.
2751 1421 2808 1474 'O
2842 1422 2939 1492 μὲν
2980 1423 3089 1494 γὰρ
3130 1424 3293 1495 νόμος
3340 1424 3520 1479 κανὼν
3566 1427 3651 1480 δι-

2066 1508 2236 1562 καίων
2269 1510 2386 1563 ἐστὶ
2419 1510 2513 1563 καὶ
2550 1511 2773 1576 ἀδίκων,
2820 1516 3182 1585 προστατικδς
3222 1517 3320 1586 μὲν
3368 1511 3443 1570 ὧν
3486 1535 3653 1590 ποιη-

2065 1600 2206 1663 τέον,
2244 1601 2673 1672 ἀπαγορευτικὸς
2712 1604 2770 1656 δὲ
2819 1598 2894 1658 ὧν
2933 1606 2993 1658 ού
3043 1608 3323 1679 ποιητέον·
3358 1602 3420 1661 οὗ
3470 1609 3653 1677 φυλα⁴

393 1713 516 1766 qua:
550 1698 769 1766 quidem
820 1696 1029 1765 agenda
1086 1705 1232 1760 sunt,
1269 1695 1561 1764 imperans,
1588 1710 1651 1750 ea
1691 1711 1819 1750 vero
1846 1709 1967 1763 qua

2076 1693 2257 1756 κτικός
2283 1695 2431 1745 ἐστιν
2459 1694 2488 1745 6
2516 1695 2701 1758 πολὺς,
2746 1696 2850 1749 κᾶν
2877 1697 2938 1750 τὸ
2967 1700 3025 1750 ἐν
3053 1698 3202 1769 αύτῷ
3236 1699 3346 1769 (69)
3371 1700 3654 1771 ὠφέλιμον

392 1788 623 1842 minime
671 1795 800 1841 sunt
854 1787 1126 1850 facienda,
1178 1787 1520 1855 prohibens:
1584 1802 1745 1857 quam
1785 1796 1967 1841 servat

2076 1784 2258 1855 ἂγνοῇ.
2296 1783 2353 1838 Ὀ
2396 1785 2454 1838 δὲ
2490 1784 2645 1853 λόγος
2691 1787 2786 1839 καὶ
2817 1787 2916 1857 τῆς
2945 1787 3122 1851 αἰτίας
3152 1790 3301 1842 ἐστὶν
3329 1790 3654 1855 άποδοτικὸς

393 1881 610 1950 vulgus,
641 1879 856 1934 tametsi
885 1879 1004 1948 ejus
1028 1879 1245 1946 ignorat
1287 1878 1599 1932 utilitatem.
1644 1878 1838 1934 Sermo
1865 1895 1967 1931 au-

388 1981 507 2028 tem
537 1972 896 2027 redditetiatn
928 1971 1192 2024 rationem
1215 2009 1239 2035 ν
1276 1984 1375 2024 cur
1404 1972 1647 2039 quaedam
1680 1973 1790 2025 sint
1833 1987 1966 2025 con-

395 2062 606 2117 stituta.
638 2061 704 2115 Et
737 2060 975 2114 maxime
1028 2074 1211 2113 sermo
1258 2068 1464 2122 noster,
1502 2060 1718 2114 sublimi
1748 2060 1968 2128 spirita-

384 2153 545 2223 1ique
569 2168 731 2209 sensu
780 2152 953 2224 legem
984 2150 1281 2221 explicans,
1307 2152 1446 2205 nuda
1481 2160 1540 2205 et
1593 2150 1750 2220 legali
1783 2151 1969 2205 obser-

392 2249 620 2301 vatione
652 2245 890 2299 nobilior
924 2253 1009 2298 est
1042 2258 1107 2297 ac
1144 2243 1514 2311 praestantior.
1559 2243 1761 2296 Audire
1792 2252 1967 2297 autent

398 2350 456 2394 et
482 2340 708 2394 auribus
742 2336 1044 2406 percipere,
1075 2335 1204 2402 quid
1242 2336 1382 2388 inter
1407 2348 1467 2388 se
1499 2331 1791 2387 diﬂ‘erunt?
1813 2335 1968 2399 Quod

397 2430 590 2484 audire
621 2428 821 2483 mentis
846 2438 950 2490 est,
982 2424 1347 2479 uti'Dominus
1369 2424 1588 2488 indicat,
1623 2425 1748 2477 dum
1786 2441 1882 2478 nos
1903 2425 1971 2478 ad

396 2521 673 2574 dictorum
710 2519 1039 2573 sententiam
1076 2518 1243 2587 probe
1273 2517 1676 2589 intelligendam
1698 2522 1968 2573 exstimu-

397 2610 513 2664 lat:
551 2609 657 2676 Qui
699 2608 853 2662 habet
889 2624 1043 2661 aures
1095 2609 1347 2671 audiendi
1401 2610 1587 2662 audiat
1636 2609 1716 2660 3":
1762 2619 1818 2662 at
1844 2625 1971 2663 vero

390 2700 620 2754 auribus
645 2701 923 2769 percipere
956 2710 1040 2754 est
1092 2700 1312 2754 auribus
1354 2701 1552 2753 nudum
1604 2701 1851 2770 ingerere
1881 2717 1970 2756 so-

397 2809 552 2849 num.
580 2792 920 2861 Quapropter
948 2792 1174 2863 populus
1192 2792 1245 2845 in
1270 2789 1454 2845 Exodo
1481 2792 1556 2844 ait
1579 2814 1588 2846 :
1611 2790 1801 2845 Omnia
1824 2809 1971 2860 qua:-

392 2902 599 2957 cunque
634 2885 832 2937 dixerit
871 2883 1029 2947 Deus,
1060 2883 1338 2951 faciemus,
1393 2891 1442 2936 et
1485 2884 1760 2937 audiemus
1794 2884 1974 2937 “:ta-

400 2977 557 3031 metsi
589 2986 1012 3029 consentaneum
1046 2974 1218 3042 magis
1240 2974 1434 3035 fuerat,
1479 2983 1537 3026 ut
1560 2975 1976 3029 dicerent:An-

392 3068 605 3121 'diamus
622 3060 1256 3119 et‘faciatuusJ‘rol'ecto
1277 3061 1459 3115 facere
1487 3061 1603 3128 ejus
1632 3071 1737 3126 est,
1766 3063 1857 3131 qui
1889 3061 1970 3115 vel

398 3158 738 3213 crassissima
768 3157 838 3209 sit
866 3163 1046 3209 mente
1078 3152 1361 3221 praeditus,
1397 3162 1525 3222 puta
1552 3151 1845 3206 Sabbatutn
1876 3154 1974 3206 oh—

397 3264 618 3305 servare
642 3247 795 3315 juxta
826 3244 1163 3315 corporalem
1180 3258 1427 3306 sensum,
1443 3243 1509 3296 ab
1527 3244 1668 3297 escis
1684 3244 1976 3305 abstinere.

398 3342 712 3396 dieoctavo
732 3336 1278 3403 circumcidi,’atque
1319 3344 1399 3390 ter
1436 3336 1487 3387 in
1527 3350 1669 3389 anno
1693 3335 1745 3388 in
1781 3335 1978 3403 templo

395 3434 703 3487 interesse:
738 3433 832 3483 sed
871 3430 1063 3483 horum
1091 3427 1333 3481 rationes
1360 3428 1597 3494 assequi,
1620 3426 1672 3479 id
1705 3440 1835 3481 sane
1862 3426 1978 3480 fue-

399 3527 473 3577 rit
516 3525 618 3576 viri
644 3520 867 3592 perfecti
892 3519 1040 3587 jam,
1092 3534 1153 3573 ac
1188 3518 1414 3572 multum
1451 3518 1680 3571 scientia
1710 3517 1972 3586 provecti.

398 3610 605 3669 Ferunt
627 3622 807 3666 autem
838 3612 981 3665 hanc
1014 3625 1178 3664 unam
1207 3609 1373 3664 fuisse
1420 3624 1801 3677 causamlqute
1821 3608 1979 3677 hujus

399 3705 663 3774 temporis
691 3704 946 3774 populum
993 3704 1061 3756 ad
1099 3702 1326 3755 insidias
1365 3701 1638 3770 propheta:
1693 3702 1981 3755 strtteudas

401 3795 699 3863 impulerit.
741 3792 859 3847 Jam
886 3808 1015 3846 vero
1053 3791 1295 3859 nunquid
1336 3790 1457 3844 idco
1495 3792 1676 3842 vocati
1720 3798 1847 3842 sunt
1878 3787 1981 3843 So-

401 3888 682 3942 domorum
707 3884 996 3955 principes.
1043 3883 1185 3951 quod
1222 3880 1483 3951 improbis
1525 3881 1876 3949 imperarent,
1908 3896 1976 3934 an

401 3976 528 4044 quia
554 3975 671 4044 ipsi}
692 3983 874 4027 essent
897 3971 1168 4039 improbi?
1198 3970 1377 4024 Potest
1396 3969 1540 4023 enim
1565 3971 1687 4038 quis
1720 3970 1980 4039 improbis

402 4068 699 4134 imperans,
737 4064 854 4133 ipse
884 4078 914 4114 a
950 4062 1290 4115 subditorqu
1306 4058 1543 4129 nequitia
1561 4060 1977 4119 esseimtuunis.

403 4156 559 4225 Quod
615 4157 658 4211 si
703 4159 771 4211 de
822 4155 1017 4225 popqu
1066 4153 1281 4223 quidem
1325 4152 1679 4215 obticuisset,
1732 4150 1981 4206 fortassis

402 4249 582 4304 locum
631 4249 863 4315 aliquem
924 4254 1107 4314 posset
1186 4244 1388 4298 habere
1443 4243 1786 4312 ambiguitas.
1827 4241 1983 4296 Nunc

404 4352 583 4394 autem
607 4341 732 4407 quia
766 4339 993 4407 populus
1028 4347 1249 4389 vocatus
1282 4345 1366 4388 est
1385 4333 1704 4388 Goniurrha:
1727 4334 1979 4402 populus,

2068 1874 2191 1929 καθ’
2215 1875 2282 1945 ἣν
2313 1875 2439 1929 τάδε
2466 1876 2586 1930 τινὰ
2633 1876 3001 1932 διατέτακται.
3048 1880 3158 1933 Καὶ
3193 1880 3427 1951 μάλιστα
3455 1883 3483 1934 6
3532 1880 3653 1953 (70)

2068 1968 2189 2021 καθ’
2211 1970 2359 2039 ἡμᾶς
2381 1968 2558 2038 λόγος,
2592 1970 2808 2040 ὑψηλῶς
2840 1972 2930 2024 τὸν
2958 1972 3122 2043 νόμον
3144 1974 3237 2026 καὶ
3261 1974 3654 2045 πνευματικῶς

2068 2058 2453 2130 ἐξηγούμενος,
2495 2061 2818 2133 τιμιώτερὸς
2874 2066 2989 2116 ἐστι
3040 2064 3142 2133 τῆς
3182 2064 3346 2135 ψιλῆς
3405 2066 3547 2119 κατὰ
3590 2065 3658 2120 τὸ

2068 2151 2303 2222 γράμμα
2336 2153 2791 2223 παρατηρήσεως.
2825 2154 2890 2206 Τί
2918 2156 2975 2208 δὲ
3006 2155 3067 2209 τὸ
3095 2156 3312 2212 ἀκούειν
3331 2158 3425 2211 τοῦ
3460 2160 3655 2212 ἐνωτί-

2070 2244 2258 2308 ζεσθαι
2281 2245 2562 2315 διαφέρεις
2596 2248 2716 2298 Ὅτι
2747 2246 2809 2299 τὸ
2838 2249 2936 2318 μὲν
2965 2248 3181 2303 ἀκούειν
3207 2251 3447 2315 διανοίας
3479 2252 3651 2316 ἐστὶν,

2068 2337 2146 2399 ὡς
2177 2337 2325 2407 δηλοῖ
2344 2340 2373 2390 6
2405 2337 2607 2408 Κύριος
2636 2339 2917 2411 διεγείρων
2943 2343 3021 2404 είς
3044 2341 3104 2394 τὸ
3129 2342 3361 2405 συνετῶς
3380 2345 3656 2398 κατακού-

2069 2442 2152 2478 ειν
2201 2426 2296 2479 τοῦ
2327 2426 2662 2497 βουλήματος
2698 2429 2806 2481 τῶν
2839 2430 3145 2501 λεγομένων
3171 2450 3186 2464 ·
3231 2434 3286 2485 '0
3336 2435 3496 2502 ἔχων
3529 2430 3657 2489 ὦτα

2069 2519 2336 2582 ἀκούειν,
2397 2518 2693 2573 ἀκουέτω’
2745 2521 2807 2575 τὸ
2858 2522 2915 2575 δὲ
2959 2523 3326 2589 ἐνωτίζεσθαι,
3374 2525 3529 2594 ψιλὸν
3562 2525 3658 2579 τὸν

2067 2605 2202 2680 ἦχον
2234 2610 2534 2664 ἐντίθεσθαι
2567 2614 2679 2675 τοῖς
2709 2612 2828 2666 ὠσί.
2856 2613 2948 2667 Διὸ
2981 2616 3075 2668 καὶ⁵
3101 2617 3130 2668 δ
3150 2614 3277 2679 λαὸς
3325 2620 3381 2670 ἐν
3419 2620 3487 2689 τῇ
3536 2614 3661 2681 Ἐξ-

2070 2702 2175 2773 όδῳ
2198 2703 2360 2774 φησί·
2385 2703 2606 2767 Πάντα,
2642 2705 2760 2758 ὅσα
2780 2705 2889 2759 ἐὰν
2916 2707 3056 2775 εἴπῃ
3082 2711 3115 2761 ὀ
3139 2708 3283 2775 Θεὸς
3297 2708 3655 2779 ποιήσομεν,

2070 2794 2171 2849 καὶ
2192 2795 2572 2864 ἀκουσόμεθα
2596 2796 2728 2865 (71).
2764 2798 3025 2866 Καίτοιγε
3041 2798 3459 2873 άκολουθότερον
3484 2798 3556 2873 ἦν
3580 2805 3663 2856 εί-

2072 2889 2226 2939 πεῖν·
2301 2886 2687 2957 Ἀκουσὼμεθα
2737 2888 2832 2941 atat
2886 2891 3236 2960 ποιήσωμενο
3281 2891 3416 2945 ἀλλὰ
3457 2894 3519 2946 τὺ
3559 2895 3663 2965 μὲν

2071 2981 2295 3050 ποιῆσαι
2319 2979 2521 3042 παντός
2542 2981 2658 3033 ἐστι
2683 2980 2776 3033 τοῦ
2800 2983 3111 3052 παχυτάτου
3139 2983 3238 3053 τὴν
3261 2984 3520 3051 διάνοιαν,
3546 2981 3662 3041 οἷον

1999 3110 2042 3167 C
2073 3072 2313 3167 τηρῆσαι
2344 3071 2674 3143 σωματικῶς
2697 3073 2758 3126 τὸ
2780 3073 3076 3139 Σάϐϐατον,
3104 3076 3199 3128 καὶ
3224 3076 3525 3147 ἀπέχεσθαι
3547 3079 3664 3149 (72)

2081 3162 2406 3234 βρωμάτων,
2439 3164 2532 3216 καὶ
2562 3168 2875 3235 περιτεμεῖν
2901 3170 2965 3237 τῇ
2996 3167 3179 3241 ὀγδόῃ,
3212 3169 3307 3222 καὶ
3334 3170 3395 3223 τὸ
3416 3171 3538 3241 τρὶς
3566 3171 3665 3225 τοῦ

2077 3253 2325 3308 ἐνιαυτοῦ
2359 3255 2592 3324 ὀφθῆναι
2624 3258 2682 3308 ἐν
2713 3256 2791 3327 τῷ
2818 3256 2963 3328 ναῷ·
3009 3262 3122 3322 τοῖς
3151 3257 3207 3312 δὲ
3245 3259 3424 3328 λόγοις
3457 3262 3668 3315 τούτων

2079 3346 2380 3410 ἐπιϐαλεῖν,
2410 3346 2504 3399 τοῦ
2538 3347 2742 3401 τελείου
2778 3349 2876 3419 ἤδη
2917 3352 3009 3403 καὶ
3044 3352 3138 3405 ἐπὶ
3171 3351 3305 3405 πολὺ
3343 3352 3671 3424 διαϐεϐηκό⁴

2078 3456 2172 3501 τος
2192 3441 2257 3509 τῇ
2288 3437 2509 3507 γνώσει.
2540 3440 2678 3492 Φασὶ
2706 3439 2762 3492 δὲ
2799 3440 2928 3509 μίαν
2951 3442 3156 3514 ταύτην
3182 3443 3360 3497 αἰτίαν
3398 3439 3541 3497 εἶναι
3566 3446 3671 3514 τὴν

2080 3529 2382 3598 κινήσασαν
2434 3531 2515 3592 είς
2555 3530 2657 3601 τὴν
2706 3531 2849 3585 κατὰ
2907 3531 3001 3584 τοῦ
3044 3534 3324 3604 προφήτου
3373 3534 3674 3604 ἐπιϐουλὴν

2079 3620 2207 3682 τοὺς
2253 3619 2394 3672 τότε.
2430 3621 2491 3672 Οἱ
2540 3620 2597 3673 δὲ
2635 3620 2893 3691 ἄρχοντες
2936 3622 3185 3692 Σοδόμων
3230 3624 3455 3694 πότερον
3489 3623 3580 3678 διὰ
3608 3625 3676 3679 τὸ

2081 3709 2332 3780 πονηρῶν
2368 3710 2554 3780 ἄρχειν
2586 3711 3128 3783 προσηγορεύθησαν,
3169 3713 3201 3782 ἢ
3229 3713 3317 3767 διὰ
3345 3715 3407 3767 τὸ
3438 3716 3675 3787 πονηροὶ

2080 3796 2252 3865 εἶναις
2304 3800 2539 3854 Δύναται
2584 3802 2694 3874 γάρ
2724 3819 2810 3866 τις
2859 3803 3045 3857 κακῶν
3085 3805 3268 3875 ἄρχων
3300 3806 3463 3869 αὐτὸς
3489 3806 3672 3876 ἀπηλ-

2082 3889 2278 3961 λάχθαι
2313 3892 2412 3961 τῆς
2436 3892 2634 3954 κακίας
2660 3892 2769 3946 τῶν
2798 3892 3135 3964 ἀρχομένων.
3171 3894 3309 3947 Ἀλλ’
3331 3897 3381 3949 εἰ
3416 3897 3515 3966 μὲν
3540 3898 3675 3969 περὶ

2081 3982 2176 4035 τοῦ
2205 3981 2335 4035 λαοῦ
2365 3983 2728 4054 ἀπεσιωπήθη
2758 3984 2892 4053 (75),
2917 3985 3080 4053 τυχὸν
3102 3984 3167 4039 ἂν
3187 3982 3301 4055 εἶχέ
3331 4004 3453 4039 τινα
3486 3986 3675 4058 χώραν

2083 4073 2484 4144 ήάμφιὸολία·
2546 4075 2643 4128 νῦν
2695 4075 2753 4128 δὲ
2803 4075 2881 4146 τῷ
2932 4078 3081 4142 λαὸς
3110 4079 3418 4146 Γομόρῤας
3462 4082 3492 4132 6
3542 4080 3676 4145 λαὸς

2081 4165 2399 4237 ὠνομάσθαι
2430 4166 2566 4237 (74),
2595 4166 2654 4220 τὸ
2680 4164 2843 4241 ἦττον
2872 4168 3072 4238 ψεκτὸν
3092 4169 3185 4222 τοῦ
3211 4169 3341 4223 λαοῦ
3363 4170 3517 4243 παρὰ
3542 4173 3675 4237 τοὺς

2082 4258 2350 4329 ἄρχοντας
2366 4259 2566 4320 αὐτῶν,
2589 4260 2684 4313 τοῦ
2717 4260 2876 4328 λόγου
2898 4259 3181 4331 δηλοῦντος
3212 4261 3301 4316 διὰ
3332 4262 3392 4315 τὸ
3425 4264 3671 4335 προκαθ-

2085 4348 2302 4411 έζεσθαι
2352 4349 2422 4403 τὰ
2471 4349 2680 4420 Σόδομα
2732 4352 2833 4419 τῆς
2879 4352 3279 4414 πενταπόλεως,
3329 4354 3425 4406 καὶ
3498 4356 3672 4427 αὐτὴν

405 4432 633 4509 populus
652 4432 829 4484 minus
851 4445 1011 4497 quam
1035 4429 1203 4499 ipsius
1222 4428 1495 4497 principes
1520 4425 1821 4493 culpandus
1850 4438 1937 4479 est
1963 4446 1972 4481 :

2085 4437 2230 4507 ἔχειν
2256 4438 2325 4491 τὰ
2353 4440 2515 4492 οἱονεὶ
2539 4441 2732 4513 ἀρχεῖα
2762 4442 2858 4511 τῆς
2885 4442 3168 4514 πονηρίας,
3200 4443 3293 4496 καὶ
3324 4445 3423 4515 τῆς
3451 4448 3511 4499 ἐν
3537 4425 3672 4503 πᾶσι

406 4522 664 4576 nimirqu
749 4520 983 4575 Sodoma
1052 4518 1322 4588 pentapoli
1397 4514 1680 4585 przel'uisse
1743 4516 1972 4570 ostendit

2088 4532 2278 4593 κακοῖς
2310 4531 2585 4602 ὑπεροχῆς
2614 4531 2899 4598 ἠξιῶσθαι.
2932 4532 3232 4602 ’Δρχοντας
3268 4532 3324 4586 δὲ
3352 4514 3603 4606 Σοδόμων
3635 4540 3671 4608 ἡ

378 4615 713 4684 Scriptura,
734 4628 959 4681 eamque
976 4614 1028 4666 iu
1050 4612 1335 4681 iniquitate
1358 4609 1664 4663 obtinuisse
1689 4608 1979 4677 primatum

399 4717 457 4763 et
492 4709 558 4761 de
580 4707 832 4760 omnibus
862 4704 1017 4758 malis
1047 4704 1205 4773 longe
1226 4711 1458 4757 creteros
1502 4715 1808 4771 superasse.
1849 4699 1978 4756 His-

475 4820 737 4894 "_Matth.
768 4818 950 4887 xr,15.
1026 4817 1073 4850 ³⁸
1100 4816 1272 4872 Exod.
1311 4830 1461 4881 xxnv,
1495 4813 1550 4869 5.

477 4960 591 5032 (68)
615 4959 757 5032 Editi
792 4969 850 5016 et
891 4969 1001 5015 tres
1059 4973 1216 5024 mss.,
1271 4956 1649 5030 προκαλεῖται.
1694 4956 1799 5012 Alii
1850 4957 1981 5024 duo,

403 5031 813 5103 προσκαλεῖται.

486 5102 597 5173 (69)
626 5101 761 5172 Reg.
788 5100 1058 5157 secundus
1098 5108 1154 5153 et
1176 5097 1333 5153 Colb.
1363 5095 1547 5151 itidem
1595 5098 1889 5162 secundus,
1920 5097 1984 5151 τὸ

473 5190 621 5225 υτου.

407 5173 841 5313 ὲαῗξδῗὶθᾳίψτ
868 5238 925 5313 in
952 5239 1160 5313 duobus
1191 5252 1350 5313 mss.,
1369 5238 1491 5313 ῥγε.
1543 5239 1742 5313 Ibidem
1770 5238 1983 5313 aliquot

404 5307 839 5380 πιεεηύψηλῶς.
889 5309 1049 5375 Editi,
1078 5308 1313 5379 ὑψηλῶν.
1366 5307 1573 5361 Rursus
1616 5309 1720 5362 hoc
1769 5309 1887 5373 ipso
1924 5311 1976 5361 itt

403 5382 522 5435 loco
566 5392 798 5435 quatuor
844 5394 997 5435 mss..
1060 5379 1221 5435 φιλῆς
1261 5377 1382 5432 κατ’
1427 5379 1560 5432 αὐτὸ
1610 5378 1670 5431 τὸ
1721 5378 1976 5435 γράμμα.

404 5392 522 5435 loco
566 5392 798 5449 quatuor
844 5394 997 5444 mss.,
1060 5392 1221 5449 φίλης
1261 5392 1381 5432 κατ’
1427 5392 1560 5432 αυτο
1610 5392 1670 5431 το
1721 5392 1977 5449 γράμμα.

403 5449 815 5532 Εάἓείεῖκξξῖᾲβδ
843 5449 1108 5532 ιράιξμαο
1149 5519 1162 5532 .
1833 5525 1845 5532 .

480 5521 592 5591 (7i)
622 5521 760 5573 Editi
805 5530 859 5575 et
884 5521 1037 5573 Coll).
1084 5521 1288 5591 primus
1332 5534 1566 5591 secunoa
1601 5534 1763 5571 manu
1797 5525 1850 5571 et
1890 5530 1980 5591 re-

402 5586 582 5656 centi,
600 5590 894 5661 ποιήσομεν
922 5586 1415 5661 καὶγάκουσόμεθα,
1446 5600 1499 5641 et
1530 5591 1600 5641 ita
1625 5603 1837 5655 quoque
1864 5586 1979 5661 edi-

402 5670 520 5715 tum
542 5655 845 5737 invenimus
860 5662 998 5737 apud
1017 5655 1375 5737 bXXLAialii
1398 5668 1804 5737 qttatuor-ntfsq
1828 5655 1982 5737 ποιή-

395 5744 587 5810 ⁸σιιιιμεν
613 5731 707 5787 καὶ
741 5726 1128 5801 ἀκουσὼμεθα,
1153 5728 1441 5784 Faciamus
1463 5738 1511 5783 et
1535 5726 1831 5782 audiainus.
1866 5726 1982 5782 Sta-

2088 4619 2300 4689 ἱστορία
2342 4620 2402 4673 ού
2435 4621 2785 4691 παραδέδωκε
2828 4621 2966 4692 πλὴν
3004 4622 3113 4674 τῶν
3144 4622 3408 4692 βασιλέων
3438 4626 3549 4679 τῶν
3574 4630 3674 4698 ἡτ-

2084 4707 2378 4778 τηθέντων.
2408 4710 2507 4763 Διὰ
2539 4710 2722 4781 μέντοι
2760 4711 2851 4763 τὸν
2882 4708 3435 4784 πεπαρρησιασμένον
3462 4714 3674 4773 τούτων

2093 4959 2186 5033 tim
2222 4958 2351 5033 editi
2384 4967 2439 5011 et
2469 4960 2574 5033 duo
2607 4973 2764 5033 mss.,
2799 4957 3161 5033 ᾲκουσώμεθα
3199 4960 3295 5013 καὶ
3326 4961 3667 5033 ποιήσωμεν.

2092 5029 2225 5093 Reg.
2258 5030 2485 5099 primus.
2523 5028 2868 5099 ἀκουσόμεθα
2894 5031 2989 5082 καὶ
3017 5031 3332 5099 ποιήσομεν.

2163 5099 2273 5169 (72)
2308 5098 2533 5159 Codices
2562 5098 2782 5169 aliquot,
2809 5098 3167 5169 ἀποσχέσθαι.
3198 5099 3397 5169 Ibidem
3422 5101 3672 5168 quinque

2092 5167 2261 5222 mss.,
2291 5170 2626 5238 περιτεμεῖν.
2670 5168 2832 5240 Editi,
2865 5167 3238 5240 περιτέμνειν.
3268 5167 3376 5240 Nec
3399 5167 3476 5240 ita
3501 5174 3673 5226 multo

2246 5237 2375 5292 mss.
2420 5240 2683 5307 quinque,
2726 5237 2950 5292 τούτων’
2994 5237 3295 5292 ἐπιϐαλεῖν.
3333 5237 3501 5305 Εάὶιί,
3550 5242 3673 5295 ἐπι-

2226 5324 2324 5360 ειν.

2226 5324 2324 5360 ειν.

2143 5378 2273 5464 (75)
2314 5377 2470 5441 Editi,
2511 5377 2814 5449 ἐσιωπήθη.
2850 5378 2920 5431 At
2958 5378 3198 5449 quinque
3238 5394 3394 5446 mss.,
3428 5380 3669 5434 ἀπεσιω-

2294 5514 2817 5590 Codicesquatuor,
2867 5518 2930 5571 τό
2962 5516 3090 5580 λαὸς
3139 5516 3426 5590 Γομόρρας
3473 5521 3507 5590 6
3541 5519 3671 5582 λαὸς

2085 5586 2423 5658 ὠνόμασται,
2451 5587 2554 5658 ιιίδί
2587 5588 2728 5656 quod
2758 5592 2808 5641 in
2841 5604 2946 5642 uno
2980 5598 3103 5658 post
3135 5586 3299 5658 illud,
3327 5586 3359 5641 ό
3386 5588 3536 5652 λαός.
3566 5593 3666 5642 ad-

2088 5656 2428 5730 (1ίιιιιιι,-ὃλος.
2456 5656 2613 5730 Beg.
2643 5660 2947 5730 secundus,
2972 5656 3061 5710 διὰ
3089 5657 3168 5730 τῷ
3196 5656 3324 5722 λαὸς
3358 5697 3423 5716 ...
3456 5658 3668 5730 ὠνομάν·

2090 5724 2234 5781 σθαι.
2262 5727 2422 5797 Editi,
2450 5724 2631 5782 διέίτδ
2666 5726 2793 5792 λαὸς
2921 5724 3233 5799 ὠνομάσθη.
3570 5724 3584 5730 ’
3622 5766 3633 5788 .
