3828 6216
154 306 249 362 165
1017 305 1378 365 COMMENT.
1421 305 1490 361 IN
1528 306 1703 363 ISAIA

1816 307 2261 365 PROPllETAM.
2303 306 2467 365 CAP.
2509 311 2556 365 l.
3311 318 3409 369 too

156 424 251 483 τῶν
279 421 595 478 ἀδικούντων
620 420 862 494 ἔλεγχον,
890 425 921 477 ὁ
957 424 1280 488 Ἀπόστολός
1311 440 1444 494 φησι
1466 423 1595 496 περὶ
1620 423 1703 477 τοῐ

1823 426 1961 481 toria
1984 436 2164 481 autem
2179 426 2245 482 de
2261 426 2594 496 principibus
2608 425 2969 482 Sodomorum
2988 440 3093 483 non
3112 427 3243 485 facit
3260 445 3410 488 men-

164 518 366 571 Ἡσαΐου
385 527 400 540 ⁸
452 514 779 584 Ἀποτολμᾷ
819 515 925 569 καὶ
953 515 1137 586 λέγει.
1174 516 1454 587 Χρήσεται
1491 515 1550 568 δέ
1588 532 1703 569 ποτε

1828 518 2052 581 tionem,
2072 518 2353 589 398nisi
2371 519 2513 587 quod
2533 535 2718 589 regum
2744 519 3080 576 devictorqu
3102 523 3414 577 eommemL

148 607 342 671 τούτοις
385 608 415 661 ό
464 608 522 660 ἐν
566 607 832 678 δόγμασιν
866 607 1044 677 ὑγιέσι
1086 609 1181 662 καὶ
1218 610 1572 679 ἀνεπιλήπτῳ
1619 607 1703 679 βίᾳ

1826 609 1929 664 nit.
1955 609 2117 679 Atqui
2139 621 2356 680 propter
2371 611 2680 666 libertatem
2715 610 2863 666 illam
2886 627 2994 682 qua
3014 613 3412 686 redarguuntttr

148 701 410 771 τυγχάνων
455 698 591 771 πρὸς
652 700 921 770 ἄρχοντας
984 699 1321 770 Ἐκκλησιῶν
1384 699 1720 770 παρανόμως

155 793 382 863 βιοῦντας
403 791 537 863 (75),
561 790 659 844 κα).
685 791 815 845 λαὸν
844 790 1163 844 ἐκκλίνοντα
1192 791 1288 845 καὶ
1311 791 1547 861 ἀχρείως
1569 790 1720 844 πολι-

156 884 441 957 τευόμενον.

1821 700 1912 754 isti
1939 701 2130 771 iniqui,
2157 705 2223 757 de
2249 703 2383 757 Isaia
2414 703 2492 758 ait
2516 703 2808 772 Apostolus
2827 705 2870 735 "
2892 721 2908 759 :
2927 704 3102 758 Audet
3145 715 3193 759 et
3247 707 3407 764 dicit.

1824 792 2097 848 Catterum
2123 795 2171 848 is
2194 793 2346 863 cujus
2367 810 2498 849 sana
2522 796 2611 850 'est
2630 796 2872 850 doctrina
2902 806 2957 850 et
2972 800 3083 851 vita
3109 798 3407 868 inculpata,

1815 885 2028 953 .poterit
2049 899 2437 953 nonnunquam
2457 885 2561 941 hac
2581 887 2911 956 coarguendi
2943 888 3162 942 licentia
3191 889 3267 942 uti
3306 892 3408 943 ad-

142 996 322 1037 versus
349 980 716 1037 Ecclesiarum
750 978 1028 1049 principes
1059 980 1222 1035 vitam
1253 976 1580 1049 ﬂagitiosum
1616 980 1899 1045 ducentes,
1934 996 2147 1037 necnon
2178 982 2440 1037 adversus
2499 982 2754 1053 populum
2799 985 3142 1038 aberrantem
3196 1000 3261 1039 ac
3314 984 3406 1039 in-

153 1073 335 1127 utiliter
352 1082 788 1127 eonversantem.

208 1163 313 1217 24..
341 1160 407 1216 Τί
438 1179 544 1230 μοι
600 1159 838 1229 πλῆθος
882 1157 1004 1213 τῶν
1041 1157 1271 1214 θυσιῶν
1306 1157 1512 1229 ὐμῶν;
1556 1160 1722 1230 λέγει

134 1256 358 1326 Κύριος.
405 1255 500 1308 Ἔν
538 1253 648 1308 τῶν
681 1252 1005 1322 ὀφειλόντων
1049 1252 1383 1323 ἀκουσθῆναι
1420 1245 1572 1324 ποίρά
1612 1252 1721 1306 τῶν

150 1347 423 1418 ἀρχόντων,
459 1345 556 1399 καὶ
606 1343 759 1416 παρά
811 1342 907 1396 τοῦ
941 1342 1071 1397 λαοῦ
1133 1343 1496 1415 φυλαχθῆναι,
1541 1342 1622 1407 τὸ,
1658 1343 1722 1397 TI

144 1455 233 1508 μοι
285 1436 515 1506 πλῆθος
569 1434 688 1491 τῶν
735 1434 963 1491 θυσιῶν
980 1434 1191 1505 ὑμῶνς
1222 1437 1436 1491 Θυσιαι
1479 1436 1729 1489 ἀσεϐῶν-

142 1528 435 1599 ,ϐδέλυτμα
483 1528 681 1596 Κυρίῳ
729 1528 860 1599 (76).
904 1527 1030 1590 Πῶς
1057 1527 1114 1580 δὲ
1149 1526 1239 1581 διὰ
1278 1525 1478 1580 θυσιῶν
1521 1524 1629 1579 τῶν
1655 1526 1714 1579 ὲν

147 1621 320 1692 πλήθει
342 1618 768 1692 προσαγομένων
789 1620 918 1674 ἄνευ
941 1618 1222 1687 ἀξιολόγου
1251 1618 1538 1689 μετανοίας
1566 1616 1716 1670 ὲλπί-

1893 1158 1986 1212 24.
2026 1155 2192 1211 Vnus.
2228 1157 2316 1211 Η.
2384 1157 2528 1223 Quid
2591 1158 2721 1212 mihi
2765 1158 3046 1214 multitudo
3111 1163 3408 1230 sacriﬁcio-

1816 1268 1944 1306 rum
1977 1254 2307 1307 vestrorum?
2331 1253 2459 1305 dicit
2495 1239 2774 1306 Dominus.
2816 1254 2893 1307 Ex
2929 1254 3013 1308 bis
3036 1269 3157 1324 quae
3190 1271 3222 1310 a
3252 1258 3407 1324 prin-

1823 1345 2035 1414 cipibus
2076 1345 2379 1400 debuerant
2424 1346 2640 1409 audiri,
2677 1356 2733 1400 et
2779 1361 2809 1399 a
2854 1347 3053 1417 populo
3085 1350 3405 1419 observari,

1825 1436 1934 1492 hoc
1961 1452 2128 1491 unum
2186 1445 2271 1491 est
2304 1438 2488 1502 :Quid
2523 1438 2655 1491 milii
2688 1436 2973 1493 multitudo
3022 1442 3406 1510 sacriﬁciorum

1821 1526 2156 1580 vestrorum?
2215 1525 2499 1594 Sacri/icio
2549 1528 2834 1590 impiorum
2880 1529 3231 1586 abominatio-
3273 1541 3402 1587 sunt

1823 1619 2055 1673 Domino
2086 1618 2151 1671 ".
2202 1619 2486 1686 Quomodo
2533 1632 2715 1675 autem
2771 1637 2871 1691 per
2915 1624 3167 1679 victimas
3198 1624 3404 1679 aﬁ‘atim

147 1712 251 1775 ζετε
284 1712 532 1784 εὑρήσειν
568 1710 693 1764 τινὰ
728 1710 1106 1783 ἀπολύτρωσιν
1135 1713 1257 1774 ταῖς
1289 1708 1491 1779 ψυχαῖς
1519 1708 1703 1779 ὑμῶνς

301 1803 312 1817 .
401 1805 413 1817 .
544 1804 569 1817 ..
760 1802 816 1817 ..,
1010 1802 1079 1817 η.
1135 1804 1147 1817 .
1414 1802 1437 1816 ..
1510 1801 1522 1817 .
1604 1799 1634 1817 ι.

1821 1710 2034 1766 oblatas
2068 1712 2187 1766 sine
2227 1712 2495 1781 condigna
2542 1712 2864 1782 paenitentia
2913 1716 3149 1784 speratis
3179 1731 3275 1772 vos
3303 1716 3406 1817 ay-

145 1804 209 1855 Οὺ
256 1803 358 1876 γὰρ
396 1805 455 1857 ἐν
506 1804 701 1875 αἵματι
754 1802 932 1867 ζώων,
969 1802 1090 1855 οὐδὲ
1131 1804 1190 1855 ἐν
1230 1802 1465 1870 σφαγαῖς
1507 1799 1713 1852 ἐπιδω-

148 1895 293 1964 μίοις,
338 1894 451 1949 ἀλλ’
494 1895 590 1949 ἐπὶ
628 1895 828 1966 καρδία
861 1893 1299 1969 συντετριμμένῃ
1334 1892 1467 1956 Θεὸς
1500 1892 1715 1945 ἱλάσκε-

145 2000 250 2035 ται·
288 1986 473 2040 Θυσιά
501 1986 613 2056 γὰρ
640 1984 722 2051 τῷ
753 1984 876 2050 Θεῷ
905 1971 1144 2052 πνεῦμα
1180 1981 1708 2053 συντετριμμένον.

146 2076 209 2129 Τὸ
233 2077 352 2130 αὐτὸ
383 2077 439 2130 δὲ
471 2079 569 2132 καὶ
603 2078 740 2150 πρὸς
776 2078 904 2141 τοὺς
929 2079 986 2130 ὲν
1015 2077 1282 2141 δαπάναις
1313 2078 1415 2147 μὲν
1448 2076 1709 2145 ἀφειδεῖς,

144 2171 213 2242 μὴ
258 2171 645 2242 μετανοοῦντας
696 2170 754 2224 δὲ
787 2170 875 2223 διά
913 2169 1022 2222 τῶν
1051 2169 1251 2239 ἔργων,
1289 2169 1520 2239 ἁρμόσει
1557 2168 1712 2236 λέγε-

146 2263 274 2318 σθαι.
303 2264 397 2318 Διά
438 2266 600 2319 τοῦτο
650 2264 771 2334 οὐχ).
801 2262 1033 2317 καθόλου
1068 2263 1261 2325 θυσίας
1289 2264 1637 2333 παραιτεῖται
1682 2261 1712 2312 ό

145 2357 302 2426 λόγος,
328 2358 463 2412 ἀλλὰ
485 2357 590 2421 τὰς
625 2356 941 2420 Ἰουδαῖκάς.
978 2355 1037 2410 Tl
1066 2353 1177 2425 γὰρ
1197 2372 1297 2423 μοι
1325 2353 1581 2422 πλῆθοςν
1607 2372 1711 2426 φη-

144 2449 210 2512 σὶ,
240 2451 348 2505 τῶν
398 2450 631 2505 θυσιῶν
681 2447 888 2517 ὑμῶν;
940 2447 1050 2500 Καὶ
1093 2447 1156 2500 τὸ
1206 2447 1304 2517 μὲν
1330 2445 1534 2517 πλῆθος
1568 2448 1709 2500 ἁπο-

142 2543 415 2613 τέμπεται,
460 2543 594 2614 μίαν
638 2541 695 2594 δὲ
743 2540 932 2594 θυσίαν
960 2540 1225 2608 ἐπιζητεῖ.
1258 2539 1431 2602 Αὐτὸς
1479 2538 1710 2603 ἕκαστος

143 2634 311 2689 ἑαυτὸν
335 2634 660 2707 προσαγέτω
689 2632 799 2704 (77)
823 2631 904 2702 τῷ
931 2631 1071 2702 Θεῷ,
1095 2630 1374 2703 παριστῶν
1403 2630 1592 2684 ἑαυτὸν
1613 2630 1708 2683 θυ-

145 2726 249 2779 σίαν
279 2725 475 2790 ζῶσαν,
514 2724 812 2796 εὐάρεστον
838 2722 916 2793 τῷ
938 2722 1078 2792 Θεῷ.
1108 2722 1196 2775 διὰ
1227 2723 1327 2793 τῆς
1360 2721 1706 2793 λογικῆς”λα-

1816 1818 1985 1872 quam
2047 1805 2356 1857 animarum
2417 1816 2723 1859 vestrarum
2790 1806 3216 1877 redemptionem
3281 1805 3407 1864 es'se

1820 1893 2217 1949 assecuturos?
2245 1893 2364 1949 Non
2391 1895 2536 1949 enim
2568 1896 2883 1950 animalium
2908 1899 3194 1969 sanguine,
3220 1915 3399 1965 neque

1821 1985 2093 2052 impositis
2125 2000 2235 2039 arte
2262 1987 2547 2041 sacriﬁciis
2569 2025 2585 2051 ,
2634 1988 2730 2042 sed
2766 1990 3004 2045 contrito
3044 1991 3209 2047 corde
3262 1990 3405 2046 Deus

1820 2076 2070 2145 placatur
2101 2095 2115 2131 :
2146 2078 2411 2146 siquidem
2444 2077 2783 2148 Sacriﬁcium
2824 2080 2934 2134 Deo
2960 2083 3178 2150 spiritus
3203 2086 3405 2138 centri.

1820 2169 2032 2223 balatus
2055 2168 2123 2223 “.
2146 2170 2317 2226 Porro
2350 2171 2402 2225 id
2426 2172 2600 2240 ipsum
2632 2187 2743 2226 non
2763 2173 2943 2242 inepte
2968 2176 3179 2230 dicetur
3205 2179 3274 2233 ad
3305 2194 3403 2235 eos

1818 2275 2034 2331 quoque
2076 2261 2167 2331 qui
2208 2263 2456 2333 ingentes
2501 2264 2773 2334 impensas
2804 2264 3043 2330 faciunt,
3081 2284 3185 2323 net:
3219 2278 3401 2328 tamen

1818 2367 1917 2421 per
1969 2368 2135 2422 opera
2204 2363 2374 2422 agunt
2417 2356 2817 2423 ptenitentiam.
2875 2356 3237 2423 Quamobrem
3291 2376 3400 2416 nou

1816 2446 2042 2499 omnino
2074 2445 2360 2515 Scriptura
2392 2447 2569 2515 rejicit
2594 2449 2885 2512 sacrificia,
2922 2452 3017 2504 sed
3057 2460 3264 2506 tantum
3302 2452 3401 2506 Ju-

1818 2536 1993 2591 duica.
2034 2535 2175 2602 Quid
2220 2538 2388 2595 enim.
2426 2538 2637 2607 inquit,
2679 2542 2808 2594 mihi
2863 2542 3145 2596 multitudo
3192 2546 3403 2615 sacriﬁ—

1816 2629 2019 2681 ciorum
2044 2630 2382 2684 reatrorum?
2410 2630 2476 2684 Et
2495 2632 2710 2700 quidem
2738 2636 3060 2702 reprobatur
3080 2636 3401 2700 multitudo;

1816 2736 1981 2774 unam
2009 2736 2159 2777 vero-
2181 2724 2411 2792 requirit
2450 2724 2706 2780 hostiam.
2754 2724 3140 2797 UnnSquisque
3172 2729 3284 2784 Deo
3315 2729 3402 2784 of.

143 2819 310 2887 τρείας
340 2817 481 2871 θύων
511 2815 592 2886 τῷ
612 2814 732 2885 Θεῷ
758 2814 947 2867 θυσίαν
973 2814 1253 2875 αἰνέσεως.
1301 2812 1519 2883 Ἐπειδὴ
1544 2813 1603 2865 δὲ
1646 2813 1703 2865 τὸ

1816 2812 1957 2867 lerat
1981 2830 2041 2869 se
2073 2816 2212 2884 ipse,
2235 2817 2505 2872 exhibens
2546 2834 2667 2874 sese
2699 2819 2932 2873 hostium
2960 2821 3230 2876 viventem
3252 2864 3268 2888 ,
3304 2839 3400 2879 ac-

142 2909 323 2980 πλῆθος
351 2909 458 2963 τῶν
479 2907 625 2963 κατά
654 2908 744 2960 τὸν
777 2907 939 2976 νόμον
969 2905 1169 2959 θυσιῶν
1194 2904 1270 2966 ὡς
1297 2905 1514 2976 ἀχρεῖον
1544 2904 1703 2957 ἐκϐέ-

1817 2917 2033 2975 ceptam
2077 2906 2222 2974 Deo,
2252 2924 2351 2978 per
2374 2910 2692 2969 rationalem
2732 2912 2935 2966 cultum
2968 2913 3076 2967 Deo
3105 2915 3280 2969 laudis
3312 2930 3402 2971 sa-

124 2998 330 3071 ’6ληται,
364 3001 462 3071 μία
482 3000 648 3054 θυσία
681 2996 1014 3070 προσεδέχθη
1047 2999 1134 3051 ἐπ’
1163 2996 1407 3067 ἐσχάτων
1432 2996 1541 3050 τῶν
1571 2995 1703 3049 αἰώ-

1816 2996 2081 3053 crilicium
2134 3000 2424 3056 immolans
2456 3003 2525 3055 ".
2559 3002 2691 3057 Cum
2740 3014 2921 3058 autem
2954 3005 3202 3075 legalium
3241 3008 3401 3062 victi-

140 3110 231 3147 νων
261 3095 336 3158 είς
354 3094 614 3162 ἀθέτησιν
650 3092 752 3161 τῆς
786 3091 1062 3162 ἁμαρτίας
1088 3089 1461 3159 ἀνενεχθεῖσα.
1512 3090 1568 3142 Ὀ
1597 3088 1703 3161 γὰρ

1816 3104 2023 3142 marum
2056 3090 2346 3146 multitudo
2379 3103 2635 3163 tanquam
2664 3111 2803 3149 vana
2838 3097 3038 3163 rejeeta
3078 3100 3171 3166 sit,
3205 3115 3401 3168 appro-

149 3186 325 3256 Ἀμνὺς
355 3186 447 3240 τοῦ
471 3185 611 3240 Θεοῦ
645 3181 745 3257 ἦρε
773 3184 874 3255 τὴν
899 3182 1173 3254 ἁμαρτίαν
1202 3181 1298 3235 τοῦ
1323 3183 1552 3251 κόσμου,
1580 3182 1703 3234 ἐαυ-

1816 3181 1933 3235 bata
1981 3193 2065 3237 est
2095 3193 2148 3238 et
2175 3184 2355 3240 oblata
2391 3186 2597 3241 ultimis
2636 3190 2972 3259 temporibus
3010 3192 3078 3244 ad
3110 3191 3395 3247 delendum

138 3278 215 3331 τὸν
244 3278 547 3348 ἀνενεγκὼν
580 3275 899 3349 προσφορὰν
937 3276 1032 3328 καὶ
1064 3274 1257 3328 θυσίαν
1295 3275 1375 3337 εἰς
1411 3272 1586 3345 ὀσμὴν
1611 3274 1705 3326 εὐ-

139 3372 304 3436 ωδίας.

194 3557 274 3611 25.
308 3557 555 3627 Πλήρης
580 3556 701 3626 εἰμί
728 3554 864 3626 (78).
902 3552 1166 3608 Ἐνταῦθα
1192 3551 1373 3615 καλῶς
1406 3550 1519 3621 ἔχει
1544 3568 1702 3623 περι-

124 3648 393 3720 ·ορισθῆναι
432 3649 537 3721 τὴν
573 3649 902 3716 ἀνάγνωσιν,
944 3647 1038 3698 καὶ
1067 3645 1173 3698 ἀπὸ
1200 3643 1368 3714 ἄλλης
1404 3644 1579 3715 ἀρχῆς
1605 3644 1705 3714 ἄρ-

138 3737 307 3805 ξασθαι
336 3742 445 3795 τῶν
468 3742 584 3812 (79)
608 3739 757 3811 ἑξῆς.
794 3739 869 3791 Τὸ
904 3739 1002 3810 μὲν
1031 3736 1141 3807 γὰρ
1179 3735 1572 3807 πεπληρῶσθαι
1603 3738 1704 3806 τῆς

128 3834 257 3898 ΐδίας
282 3836 708 3909 μακαριότητος,
742 3833 838 3887 καὶ
863 3832 1130 3892 ἀνενδεῶς
1156 3830 1300 3901 ἔχειν
1327 3828 1542 3893 ἑαυτοῦ,
1569 3846 1704 3899 πρε-

141 3925 451 3981 πωδέστατον
483 3927 567 3998 τῷ
596 3926 717 3997 Θεῷ
737 3943 752 3958 ο
796 3927 859 3979 τὸ
896 3927 953 3979 δὲ
985 3925 1086 3994 τῆς
1112 3925 1220 3977 ἀπὸ
1252 3923 1360 3976 τῶν
1400 3922 1704 3976 ὁλοκαυτω-

128 4020 302 4086 μάτων
334 4021 566 4091 κνίσσης
594 4019 688 4072 καὶ
718 4018 811 4072 τοῦ
840 4018 1068 4089 αἵματος
1091 4016 1201 4069 τῶν
1227 4016 1578 4085 σφαζομένων
1605 4030 1704 4066 7:5-

139 4107 429 4181 πληρῶσθαι
479 4112 686 4181 λέγειν,
747 4110 965 4175 ἀνάξιον
1009 4108 1105 4161 τοῦ
1154 4107 1310 4160 Θεοῦ.
1362 4106 1584 4177 Πλήρης
1609 4100 1702 4159 οὖν

128 4202 264 4256 ἐστιν
282 4222 295 4237 ·
335 4207 446 4275 Ἀφ’
473 4202 551 4262 οὗ
574 4205 683 4258 τοῦ
714 4202 1109 4272 πληρώματος
1138 4200 1251 4271 (80)
1284 4199 1457 4268 ἡμεῖς
1477 4198 1702 4264 πάντες

132 4292 415 4366 ἐλάϐομεν,
451 4300 552 4352 καὶ
579 4300 636 4350 ὲν
660 4290 706 4366 ᾧ
727 4296 997 4352 Κατοικεῖ
1032 4294 1155 4350 πᾶν
1181 4292 1248 4347 τὸ
1274 4293 1566 4361 πλήρωμα
1590 4291 1700 4361 τῆς

137 4387 391 4457 θεότητος
423 4388 796 4459 σωματικῶς.
846 4388 1074 4457 Δαίμοσι
1105 4386 1203 4457 μὲν
1234 4384 1343 4456 γὰρ
1379 4383 1488 4453 (81)
1515 4383 1602 4436 διὰ
1637 4382 1699 4435 τὸ

132 4477 391 4548 φιλήδονον
414 4483 511 4535 καὶ
538 4479 786 4551 ἐμπαθὲς
813 4480 869 4532 αί
895 4478 1074 4532 θυσίαι
1099 4476 1323 4549 φέρουσί
1353 4493 1476 4530 τινα
1500 4473 1693 4546 ἡδονὴν

132 4569 215 4621 καὶ
244 4572 443 4641 χρείαν,
478 4568 910 4642 ὲκθυμιώμεναι,
945 4568 1032 4621 διὰ
1060 4568 1160 4637 τῆς
1194 4566 1443 4631 καύσεως
1469 4565 1692 4636 ἐξατμι-

137 4657 333 4731 ζομένου
386 4666 479 4718 τοῦ
539 4664 792 4735 αἵματος,
844 4661 939 4716 καὶ
988 4660 1132 4714 οὕτω
1174 4660 1262 4715 διὰ
1304 4660 1404 4731 τῆς
1440 4659 1697 4729 τοιαύτης

135 4749 543 4829 λεπτοποιήσεως
572 4758 653 4821 εἰς
684 4755 782 4827 τὴν
813 4755 1073 4809 σύστασιν
1109 4752 1289 4809 αὐτῶν
1317 4750 1696 4822 ἀναλαμὼνο-

194 4870 233 4901 ⁸’
255 4871 405 4928 Rom.
440 4890 497 4931 ι.
528 4872 620 4928 20.
716 4871 761 4903 "
796 4871 955 4924 Prov.
985 4886 1077 4934 xv,
1107 4870 1163 4926 8.
1266 4867 1312 4900 ⁸¹
1341 4867 1485 4923 Psal.
1516 4882 1583 4932 1.,
1619 4865 1703 4921 l9.

137 4936 174 4969 “
199 4939 340 4998 loan.
371 4959 410 5006 ι,
439 4945 524 4999 16.
599 4942 644 4973 “
668 4941 880 4998 Coloss.
911 4956 973 5002 tt,
997 4940 1051 4995 9.

197 5057 295 5128 (75)
316 5059 391 5115 Ita
416 5069 653 5130 quatuor
674 5074 805 5130 mss.
836 5058 904 5130 At
926 5058 1057 5130 editi
1075 5057 1354 5130 eumﬁeg.
1372 5057 1695 5130 primm)“:-

197 5126 497 5200 νομοῦντας,
536 5130 631 5184 καὶ
662 5129 849 5193 κακῶς
882 5127 1152 5199 βιοῦντας.
1197 5126 1457 5197 Ηοόίρεο
1488 5129 1541 5182 in
1574 5126 1692 5183 loco

181 5215 251 5263 P3.
278 5205 559 5264 secundus,
598 5200 945 5254 ὲκκλίναντα.

194 5268 294 5341 (76)
316 5270 475 5330 Editi.
504 5271 656 5340 παρά
678 5270 889 5341 Κυρίῳ.
926 5269 1088 5325 Deest
1113 5268 1268 5341 παρά
1287 5268 1339 5322 in
1358 5268 1531 5324 tribus
1555 5281 1689 5325 mss.

115 5345 184 5401 ,ει
211 5340 256 5391 in
284 5343 513 5396 editione
542 5342 805 5396 Romana.

198 5408 297 5478 (Π)
328 5410 459 5481 Tres
500 5427 661 5481 mss"
702 5408 972 5481 ἐπιζητεῖ,
1010 5410 1077 5481 ἢν
1103 5409 1265 5473 αὐτὸς
1289 5408 1522 5472 ἕκαστος
1560 5408 1691 5481 ἑαυ-

140 5473 214 5562 ῖξν
244 5473 516 5562 τερσάγει.
544 5479 697 5562 Utttts
729 5473 864 5543 ms’.,'
897 5473 1195 5562 προσάγειο
1222 5481 1379 5562 alter,
1406 5478 1686 5562 προσαγά-

374 5549 566 5609 εαιιοη
596 5555 650 5607 in
686 5563 918 5620 utroque
947 5549 1050 5607 ius.
1084 5549 1335 5621 leguntur
1363 5560 1423 5605 ut
1454 5549 1518 5604 in
1552 5564 1684 5605 con-

162 5630 213 5667 ει
240 5633 286 5673 u.
630 5652 639 5661 .

202 5685 301 5767 (7§)
327 5688 743 5767 nummum
770 5691 906 5767 εἰμί,
938 5691 1046 5767 hie
1076 5699 1133 5745 et
1147 5688 1314 5767 :apttd
1354 5690 1675 5767 Procopium

143 5751 359 5819 absolute
383 5751 749 5830 ponitur."ttéc
788 5751 857 5820 ad
893 5751 1047 5821 aliud
1069 5751 1365 5832 quidquam
1412 5751 1669 5820 refertur.

1812 3284 2097 3343 peccatum
2145 3276 2321 3331 hostia
2363 3294 2491 3332 ttna.
2535 3279 2746 3334 Etenim
2794 3280 2887 3336 Dei
2929 3284 3113 3352 Agnus
3168 3284 3397 3338 abstulit

1810 3367 1993 3421 mundi
2029 3379 2312 3438 peccatmn
2342 3370 2409 3436 “,
2434 3386 2494 3425 se
2520 3376 2695 3440 ipsum
2725 3372 2960 3429 oﬂ‘erens
2981 3375 3308 3430 oblationem
3338 3387 3397 3432 et

1807 3458 2042 3512 hostiam
2076 3459 2128 3511 in
2162 3460 2385 3513 odorem
2413 3463 2697 3516 suavitatis
2736 3462 2803 3517 “.

1874 3550 1967 3604 25.
2011 3547 2209 3604 Plenus
2240 3567 2379 3604 sum.
2433 3551 2530 3606 llic
2575 3554 2673 3608 abs
2711 3569 2770 3608 re
2803 3570 2910 3609 non
2959 3555 3121 3611 fuerit
3172 3557 3396 3614 lectioni

1811 3643 1974 3696 linem
2028 3644 2340 3711 imponere,
2390 3660 2566 3712 exque
2619 3646 2728 3700 alio
2781 3649 3048 3718 principio
3100 3666 3225 3727 quae
3266 3662 3397 3711 sunt

1806 3735 2063 3804 deinceps
2106 3736 2332 3790 dicenda
2377 3737 2658 3795 inchoare.
2703 3739 2871 3793 Deum
2928 3741 3267 3800 enim-discet
3311 3749 3394 3803 vel

1806 3828 2079 3893 maxime,
2112 3844 2208 3881 sua
2252 3828 2470 3899 plenum
2525 3845 2646 3885 esse
2692 3830 3059 3902 beatitudine;
3096 3854 3195 3892 nec
3229 3840 3395 3894 ullius

1806 3931 2002 3989 praeter
2024 3936 2082 3974 se
2115 3935 2315 3989 egere:
2346 3937 2591 3978 asserere
2612 3933 2794 3979 autem
2837 3924 3014 3993 ipsum
3050 3928 3394 3987 holocaustu-

1806 4031 1924 4069 rum
1961 4014 2152 4070 nidore
2171 4024 2229 4067 et
2255 4016 2561 4072 occisarum
2596 4020 2938 4077 victimarum
2970 4026 3239 4093 sanguine
3269 4027 3389 4096 ple-

1804 4122 1935 4159 num
1968 4122 2092 4161 esse
2117 4146 2131 4169 ,
2167 4105 2278 4163 Deo
2322 4108 2603 4179 indignum
2650 4122 2755 4168 est.
2809 4114 2901 4169 Est
2938 4116 3105 4181 igitur
3157 4103 3389 4185 plenus,

1805 4199 1883 4253 De
1903 4201 2058 4268 cujus
2097 4202 2427 4269 plenitudine
2471 4222 2565 4259 nos
2605 4223 2784 4262 omnes
2817 4211 3111 4277 accepimus
3139 4211 3215 4278 ",
3254 4214 3389 4268 etin

1805 4306 1914 4361 quo
1943 4290 2220 4358 lnltabitttt
2259 4298 2427 4349 omnis
2453 4297 2723 4363 plenitudo
2762 4300 3057 4354 divinitatis
3096 4304 3390 4369 corporali-

1807 4396 1887 4439 ter
1914 4385 1980 4439 “.
2015 4387 2182 4441 Porro
2213 4388 2518 4455 dmntones,
2560 4402 2745 4460 utpote
2779 4393 3145 4461 voluptatibus
3174 4396 3389 4454 all‘ecti-

1805 4478 2015 4546 busque
2049 4479 2433 4550 indulgentes,
2470 4497 2538 4537 ex
2568 4484 2806 4538 victimis
2848 4502 2955 4539 non
2991 4487 3124 4541 nihil
3165 4490 3392 4559 capiunt

1805 4569 2099 4638 voluptatis
2123 4585 2186 4624 ac
2216 4571 2588 4627 emolumenti.
2616 4574 2826 4645 Quippe
2844 4577 2971 4632 dum
2998 4579 3387 4647 incenduntur,

1802 4661 2025 4729 sanguis
2052 4677 2148 4731 per
2171 4663 2513 4719 adustionem
2543 4668 2950 4724 convertiturin
2974 4686 3250 4742 vaporem,
3279 4662 3389 4728 sic;

1800 4768 1905 4822 que
1936 4755 1989 4808 itt
2017 4754 2283 4823 ejusmodi
2318 4756 2556 4812 minutas
2582 4768 2767 4827 partes
2797 4761 3086 4828 resolutus,
3119 4764 3171 4817 in
3192 4779 3385 4820 eorum

1798 4866 1844 4899 ι’
1877 4869 2036 4925 Rom.
2065 4885 2180 4936 xu,
2213 4868 2267 4929 1.
2361 4869 2409 4902 ⁸³
2438 4869 2598 4927 Joan.
2630 4888 2680 4938 ι,
2710 4874 2802 4929 29.
2916 4875 2962 4908 “
2992 4876 3192 4947 Ephes.
3236 4892 3291 4945 ν,
3324 4878 3381 4933 2.

1801 5054 2003 5111 Plenus
2034 5072 2170 5111 sum.
2213 5054 2476 5110 Similiter
2506 5063 2561 5109 et
2589 5053 2655 5107 ’in
2698 5050 2925 5117 Vulgata
2956 5064 2972 5104 :
3010 5049 3205 5104 Plenus
3238 5065 3380 5103 sum.

1803 5125 2134 5181 Halncausla
2181 5127 2403 5180 arietum
2592 5124 2759 5178 nolui.
2810 5120 3188 5193 Sed_no_n.ita
3241 5121 3383 5193 apud

1798 5196 2083 5272 LXX,tt|1i
2132 5196 2470 5272 sic_legimus
2516 5211 2531 5250 :
2581 5193 2806 5272 ῌλῄρης
2843 5190 2961 5272 εἰμὶ
3004 5189 3384 5272 όλοκαυτωμά-

1797 5284 1907 5320 των
1938 5267 2159 5340 κριῶν*⁸
2190 5261 2388 5340 Plenus
2439 5281 2557 5320 sum
2587 5261 2909 5340 tamquam;
2954 5261 3384 5340 arietum._.Ulti§

1799 5352 1943 5391 mam
1979 5329 2119 5392 hanc
2147 5336 2431 5391 lectionem
2450 5346 2505 5391 et
2528 5335 2666 5403 apud
2697 5332 2988 5387 Eusebium
3017 5338 3072 5385 et
3094 5330 3149 5384 iu
3174 5329 3382 5398 aliquot

1800 5423 1933 5462 mss.
1970 5408 2195 5476 reperiri
2227 5407 2413 5461 statim
2449 5402 2846 5476 adnotabimtts.

1866 5477 1978 5552 (7Q)
2119 5477 2514 5552 quinquemss.
2540 5474 2611 5528 At
2636 5469 2912 5552 editi,_'g&.
3001 5538 3018 5552 _
3092 5536 3121 5551 η
3157 5538 3170 5552 θ

1864 5538 1976 5620 (80)
2001 5538 2164 5615 ΕεΙίιῗ,
2197 5538 2563 5627 ττληρῴματος
2592 5540 2780 5596 αὐτοῦ.
2810 5541 2927 5597 Vox
2955 5538 3123 5594 αὐτοῦ
3155 5538 3212 5595 in
3258 5539 3377 5597 aliis

1789 5618 2022 5690 quatuor
2043 5634 2172 5673 mss.
2211 5618 2569 5690 desideratur.

1857 5688 1971 5763 (81)
2001 5690 2249 5760 Δαίμοσι
2269 5686 2388 5759 μὲν
2410 5684 2543 5757 γάρ.
2574 5683 2719 5756 Lege
2754 5681 3155 5741 Praefationem.
