3828 6216
217 300 302 356 169

1029 275 1379 349 υυιιιιειιτ.
1413 273 1490 341 'lN
1529 274 1760 340 [SA'lAM
1797 260 2238 339 morarum.
2276 254 2434 334 CAP.
2471 273 2518 333 ι.

3309 273 3411 331 1Ἶο

213 415 315 486 χῆςν
349 408 417 482 μὴ
450 408 799 483 μεριζόμενον
836 408 956 471 ταῖς
990 407 1210 478 γηίναις
1245 402 1556 476 μερίμναις,
1587 399 1750 453 οἱονεὶ

1866 396 2204 462 listractam,
2234 394 2389 462 quasi
2430 408 2532 464 per
2558 391 2733 463 ignem
2773 400 3074 462 purgatam,
3112 400 3165 447 et
3203 405 3323 460 quae
3353 406 3414 445 se

482 478 822 572 καθαρθέντα
849 499 944 553 καὶ
969 496 1190 568 δόκιμον
1213 492 1600 563 ἀποδειχθέντα
1626 489 1747 544 ὅλον

1866 485 2069 553 )robam
2102 485 2422 547 ostenderit,
2444 480 2622 536 oﬂ'erri
2659 479 2792 535 mihi
2821 486 2985 534 totam
3015 483 3197 550 cupio.
3231 478 3416 549 Neque

211 595 421 666 ἐπιζητῶ
447 597 564 665 ὲμιι
592 590 1013 663 ἀναπεμφθῆναι
1031 606 1047 621 ο
1075 589 1194 643 οὐδὲ
1218 587 1382 658 στέαρ
1413 584 1591 658 ἀρνῶν
1624 585 1751 638 ἀπο-

209 685 523 742 κνιιόοὗσθαι
560 684 698 756 πυρὶ
729 684 862 756 πρὸς
892 682 952 735 τὸ
984 681 1329 743 λεπτότατον,
1367 677 1502 731 ἀλλὰ
1532 677 1749 748 τρόπων

210 777 455 845 ἁπλότητα
487 773 593 827 ἀπὸ
621 775 720 843 τῆς
753 771 960 825 ἀκάκου
988 769 1167 839 ψυχῆς
1199 766 1325 836 ἐμοὶ
1361 761 1746 818 ἀνατίθεσθαν

208 869 287 923 καὶ
311 868 422 937 οὐχὶ
452 862 587 935 αἷμα
621 862 838 935 ταύρων
877 862 971 914 καὶ
996 860 1213 931 τράγων
1242 856 1596 929 προσχεῖσθαι
1635 854 1749 925 (91)

205 963 260 1031 τῇ
292 959 433 1029 βάσει
480 957 572 1010 τοῦ
604 953 1022 1025 θυσιαστηρίου·
1070 950 1206 1006 ἀλλά
1246 950 1308 1002 τὸ
1356 944 1750 1017 ἐπιθυμητικὸν

205 1052 285 1104 καὶ
319 1048 586 1119 θυμοειδὲς
619 1046 718 1116 τῆς
748 1046 924 1116 ψυχῆς
972 1042 1062 1096 διὰ
1102 1040 1385 1112 φιλοπόνου
1422 1035 1748 1108 προσευχῆς,

203 1143 285 1195 καὶ
323 1141 417 1209 τῆς
461 1141 541 1201 εἰς
581 1137 651 1191 τὰ
697 1137 828 1205 ἅγια
885 1134 1243 1207 προσεδρείας
1277 1127 1746 1196 ὲξαναλίσκεσθαι.

203 1233 354 1303 Τήρει
386 1230 459 1293 δὲ,
497 1231 580 1281 ὅτι
611 1228 731 1299 οὐχὶ
756 1228 865 1280 πᾶν
895 1221 1034 1297 αἷμα
1064 1222 1184 1278 εἷπε
1215 1223 1289 1295 μὴ
1325 1220 1624 1294 βούλεσθαι,
1661 1220 1754 1273 ἁλ-

202 1324 262 1377 λὰ
284 1321 391 1376 τόδε
410 1321 469 1374 τὺ
492 1316 651 1390 αἷμα,
678 1319 737 1372 τὸ
757 1319 821 1371 ὲκ
848 1317 1013 1370 τῶνδε
1035 1316 1144 1369 τῶν
1166 1315 1338 1380 ζώων.
1377 1307 1525 1382 Αἷμα
1554 1310 1662 1381 γὰρ
1692 1309 1753 1362 τὸ

201 1412 276 1463 ἐπ’
314 1408 549 1477 ἐσχάτων
595 1404 703 1458 τῶν
756 1403 968 1458 αἰώνων
1032 1401 1393 1472 ὲκχυνόμενον
1437 1401 1516 1461 εἰς
1561 1398 1752 1466 ἄφεσιν

199 1497 480 1569 ἁμαρτιῶν,
520 1497 551 1551 ὃ
598 1497 691 1550 καὶ
740 1498 985 1567 κρεῖττον
1036 1493 1188 1547 λαλεῖ
1227 1491 1380 1563 παρά
1414 1489 1477 1542 τὸ
1513 1488 1606 1542 τοῦ
1642 1488 1753 1558 (92)

204 1588 370 1653 Ἀϐελ,
405 1588 505 1642 οὐκ
547 1587 615 1642 ἂν
653 1580 774 1640 εἷπε
811 1586 884 1656 μὴ
918 1583 1233 1655 βούλεσθαι·
1274 1582 1408 1636 ἀλλά
1436 1579 1755 1653 μετατίθησι

199 1679 286 1743 τὰς
324 1679 507 1742 θυσίας
540 1678 634 1731 ἐπὶ
662 1678 724 1730 τὸ
742 1676 1132 1748 πνευματικὸν,
1170 1674 1360 1745 ἐπειδὴ
1395 1673 1489 1727 καὶ
1523 1670 1753 1743 ἱερωσύ-

1853 590 2112 647 agnorum
2136 575 2346 643 adipem
2388 581 2587 642 exopto
2613 570 2666 626 in
2700 571 3047 627 tenuissimos
3087 570 3303 625 nidores
3332 568 3416 623 fu—

1855 681 2082 736 mosque
2104 665 2212 736 igni
2242 663 2456 729 resolvi,
2485 664 2577 719 sed
2615 678 2823 719 morum
2849 664 3249 732 simplicitatem
3284 679 3416 718 can-

1849 756 2150 826 doremque
2214 755 2345 810 mihi
2403 755 2471 810 ab
2515 770 2695 810 anima
2744 754 3030 811 innocente
3083 755 3415 812 consecrari.

1849 849 2033 919 Neque
2062 849 2371 919 expostulo,
2396 857 2455 903 ut
2481 850 2547 901 ad
2586 848 2777 904 altaris
2808 850 3137 917 crepidinem
3166 847 3415 903 aﬁ‘unda-

1854 953 1941 996 tur
1971 952 2247 997 taurorum
2277 951 2373 995 aut
2400 941 2674 995 hircorum
2703 943 2951 1010 sanguis;
2986 943 3080 995 scd
3116 950 3171 993 ut
3201 957 3262 996 ea
3294 940 3414 994 ani-

1839 1047 1952 1123 .maa
1981 1047 2107 1102 pars
2155 1033 2207 1086 in
2258 1048 2361 1101 qua
2412 1032 2505 1086 irae
2552 1032 2926 1100 cupiditasqne
2980 1033 3270 1123 exsistunt,
3320 1047 3420 1101 per

1854 1104 2131 1179 strenuam
2178 1124 2566 1194 precationem,
2623 1138 2686 1177 ac
2735 1138 2830 1192 per
2873 1100 3303 1192 perseverantiam
3362 1124 3415 1177 in

1853 1214 1988 1269 locis
2021 1215 2222 1269 sanctis
2253 1215 2754 1281 commorationem,
2785 1216 3115 1270 absumatnr.
3149 1216 3416 1272 Caeterum

1854 1305 2080 1359 observa
2137 1319 2257 1358 enm
2316 1318 2421 1358 non
2474 1305 2675 1359 dixisse
2726 1320 2845 1360 sese
2909 1306 3051 1361 nolle
3100 1309 3417 1378 sanguinem

1853 1396 2166 1466 quemlibet,
2199 1397 2292 1451 sed
2320 1405 2524 1450 certum
2552 1398 2910 1467 quorumdam
2951 1400 3264 1455 animalium
3290 1416 3441 1456 san—-

1853 1489 2088 1558 guinem.
2112 1485 2246 1542 Nam
2272 1489 2360 1557 qui
2402 1494 2620 1559 sanguis
2652 1489 2703 1543 in
2735 1490 2823 1545 his
2856 1491 3056 1547 ultimis
3089 1495 3421 1563 temporibus

1855 1579 1910 1632 in
1941 1578 2313 1632 remissionem
2349 1588 2695 1657 peccatorum
2728 1579 2931 1635 eﬂ‘usus
2961 1591 3081 1649 est,
3110 1587 3200 1652 qni
3230 1597 3285 1640 et
3312 1602 3427 1642 me-

1857 1669 1961 1725 lius
1985 1669 2223 1738 loquitur
2261 1685 2421 1738 quam
2453 1671 2675 1740 sanguis
2711 1671 2895 1727 Abelis
2926 1673 2995 1740 ",
3026 1675 3170 1730 hunc
3199 1692 3258 1732 se
3284 1679 3426 1735 nolle

200 1788 287 1842 νης
318 1770 599 1841 μετάθεσις
637 1769 818 1840 μέλλει
857 1743 1121 1837 γίνεσθαι.
1172 1767 1232 1820 El
1273 1743 1379 1838 γὰρ
1412 1767 1754 1837 παραιτεῖται

1866 1778 1967 1820 non
2010 1761 2187 1817 dixit:
2241 1763 2336 1817 sed
2374 1763 2539 1835 400
2573 1765 2780 1820 hostias
2828 1781 2951 1821 cunt
3000 1769 3231 1838 spiritali
3277 1773 3425 1827 cultu

198 1860 287 1925 τὰς
316 1860 629 1931 σωματικὰς
652 1858 860 1923 θυσίας,
897 1859 1239 1930 παραιτεῖται
1266 1856 1508 1928 δηλονότι
1539 1856 1629 1909 τὸν
1660 1872 1759 1909 κα-

199 1952 260 2005 τὰ
285 1952 439 2022 νόμον
470 1948 756 2023 ἀρχιερέα.
788 1949 912 2013 Πῶς
944 1948 1052 2020 γὰρ
1087 1946 1416 2000 τελειωθῶσι
1443 1946 1543 2009 τὰς
1570 1948 1759 2016 χεῖρας

199 2043 240 2096 oi
270 2041 402 2096 κατὰ
430 2043 598 2113 νόμον
630 2041 927 2113 ἀρχιερεῖς,
973 2037 1067 2094 τοῦ
1111 2036 1270 2111 κριοῦ
1322 2036 1421 2108 τῆς
1454 2036 1759 2090 ὁλοκαυτώο

200 2151 342 2197 σεως,
371 2126 414 2201 ᾧ
447 2132 767 2187 ἐπετίθεσαν
794 2130 893 2195 τὰς
922 2134 1133 2202 χεῖρας,
1169 2128 1367 2201 μηκέτι
1411 2127 1759 2199 προσαγομέ-

196 2244 308 2293 νου;
334 2226 450 2290 πῶς
479 2225 538 2278 δὲ
571 2223 929 2298 ραντισθῶσιν
963 2224 1013 2277 oi
1046 2222 1242 2294 μηκέτι
1286 2222 1374 2276 διά
1411 2220 1504 2274 τοῦ
1534 2221 1762 2291 αἵματος

197 2317 593 2388 ραντιζόμενοι;
657 2315 842 2380 Οὕτως
889 2309 983 2368 οὖν
1016 2313 1300 2386 ἀμφότερα
1331 2313 1567 2376 ἵσταται,
1608 2312 1702 2365 καὶ
1734 2313 1763 2364 ὁ

195 2407 324 2462 κατὰ
346 2408 586 2462 Μωῦσέα
613 2407 797 2479 νόμος,
833 2408 927 2461 καὶ
963 2407 997 2476 ἠ
1028 2405 1421 2477 παρεισαγωγὴ
1448 2405 1542 2458 τοῦ
1578 2404 1762 2476 κρείτ-

193 2515 350 2563 τονος.
386 2498 772 2553 Ἐκϐἀλλονται
798 2497 978 2551 τοίνυν
1000 2498 1048 2550 οἱ
1075 2498 1140 2550 ὲκ
1162 2495 1258 2549 τοῦ
1287 2495 1599 2568 σπέρματος
1640 2496 1763 2548 ’Δαο

195 2588 315 2660 ρὼν,
359 2591 445 2644 ἵνα
483 2592 514 2643 ὁ
554 2588 699 2643 κατά
737 2589 835 2661 τὴν
865 2588 1019 2655 τάξιν
1064 2588 1396 2658 Μελχισεδὲκ
1426 2586 1760 2663 ἀντεισέλθῃ.

192 2679 373 2732 Οὐκέτι
413 2681 468 2733 αἱ
509 2678 609 2732 τοῦ
646 2677 1021 2749 ἐνδελεχισμοῢ
1063 2675 1283 2731 θυσίαι*
1343 2677 1526 2730 οὐκέτι
1562 2677 1617 2730 αἱ
1652 2677 1763 2747 (95)

193 2769 322 2822 κατά
353 2771 450 2842 τὴν
476 2770 696 2841 ἡμέραν
727 2769 820 2823 τοῦ
856 2768 1084 2840 ἱλασμοῦ
1109 2785 1123 2799 ·
1160 2768 1342 2822 οὐκέτι
1376 2770 1409 2840 ὴ
1445 2768 1637 2833 σποδὸς
1665 2769 1766 2839 τῆς

191 2860 459 2932 δαμάλεως
486 2861 862 2933 καθαρίζουσα
890 2863 1017 2924 τοὺς
1039 2859 1490 2931 κεκοινωμένους.
1516 2861 1630 2914 Μία
1657 2860 1765 2931 γὰρ

192 2950 359 3016 θυσία,
397 2954 426 3005 ὁ
460 2952 723 3022 Χριστὸς,
770 2953 866 3006 καὶ
904 2954 936 3022 ή
987 2954 1105 3006 κατ’
1143 2951 1306 3006 αὑτὸν
1349 2944 1617 3024 νέιὶρωσις
1657 2951 1766 3004 τῶν

192 3044 367 3112 ἁγίων.
398 3039 495 3108 Εἷς
521 3043 839 3116 ῥαντισμὸς,
863 3044 924 3096 τὸ
953 3042 1178 3114 λουτρὸν
1196 3043 1299 3114 τῆς
1325 3042 1761 3112 παλιγγενεσίας·

1856 1865 2188 1910 commutat:
2245 1857 2683 1926 quandoquidem
2737 1858 2913 1913 futura
2960 1872 3083 1916 erat
3136 1867 3424 1922 sacerdotii

1863 1948 2222 2002 translatio".
2254 1946 2486 2010 Etenim,
2529 1949 2573 2003 si
2609 1965 2901 2018 corporeus
2931 1955 3175 2021 repudiat
3199 1958 3423 2025 hostias,

1862 2040 2036 2108 rejicit
2059 2038 2299 2107 profecto
2341 2040 2564 2109 legalem
2603 2041 2932 2110 pontiﬁcem.
2965 2043 3245 2110 Quomodo
3276 2051 3420 2104 enim

1862 2130 2148 2198 pontiﬁces
2188 2131 2275 2185 isti
2335 2131 2536 2201 legales
2597 2146 2982 2188 consecrarent
3033 2151 3225 2192 manus
3275 2153 3427 2206 suas,

1863 2235 1986 2273 cum
2016 2221 2181 2284 aries,
2223 2236 2309 2274 cut
2345 2236 2535 2275 manus
2565 2220 2933 2291 imponebant,
2970 2239 3075 2278 non
3108 2226 3338 2296 amplius
3375 2230 3430 2284 in

1866 2312 2235 2366 holocaustum
2261 2311 2559 2367 offeratur?
2579 2315 2850 2382 quomodo
2868 2330 2994 2369 vero
3015 2330 3433 2386 aspergerentur

1865 2404 1900 2456 ii
1925 2404 2013 2473 qtti
2057 2419 2154 2473 per
2180 2404 2493 2474 sanguinem
2533 2419 2636 2459 non
2681 2405 2914 2475 amplius
2949 2411 3287 2476 purgantur?
3318 2409 3433 2467 Hac

1867 2495 2048 2561 itaque
2074 2492 2286 2546 ratione
2315 2501 2423 2547 stat
2457 2505 2766 2563 utrumque,
2793 2505 2905 2548 tum
2927 2494 3012 2549 lex
3040 2484 3294 2565 Mosaica,
3322 2511 3430 2554 tum

1868 2582 2113 2638 melioris
2164 2582 2511 2637 introductio.
2556 2580 2930 2637 Excluduntur
2963 2583 3130 2654 igitur
3171 2587 3265 2654 qui
3311 2598 3435 2643 sunt

1865 2689 1933 2730 ex
1968 2672 2202 2729 Aaronis
2231 2674 2438 2729 semine
2461 2674 2700 2740 oriundi,
2734 2684 2792 2729 ut
2825 2675 2943 2731 istis
2965 2678 3223 2731 succedat
3252 2692 3435 2734 sacer-

1868 2765 1967 2820 dos
2008 2765 2305 2820 secundum
2350 2765 2595 2821 ordinem
2638 2765 3033 2824 Melchisedech
3062 2770 3131 2825 “.
3170 2769 3285 2826 Non
3321 2773 3435 2843 jam

1868 2853 2099 2924 amplius
2138 2853 2266 2924 jnge
2297 2854 2425 2909 illud
2475 2854 2801 2911 sacriﬁcium
2836 2856 2882 2890 ⁸⁷
2905 2897 2921 2922 ,
2972 2876 3079 2915 non
3104 2861 3216 2931 jam
3247 2863 3437 2921 hostia

1868 2945 1971 3000 illae
1999 2960 2117 3014 qua:
2157 2944 2522 3001 offerebantur
2549 2947 2601 3001 in
2630 2947 2718 3003 die
2746 2950 3160 3019 propitiationis,
3191 2969 3294 3010 non
3321 2971 3437 3011 am-

1869 3038 2007 3108 plius
2033 3037 2169 3092 cinis
2186 3037 2429 3106 iuvenca!
2455 3039 2680 3094 mundat
2712 3039 3022 3110 inquinatos
3046 3043 3113 3098 ⁸⁸.
3154 3044 3269 3101 Una
3292 3050 3438 3104 enim

189 3135 243 3187 ἓν
265 3112 539 3207 ἁμαρτίας
572 3112 846 3207 λυτήριον,
877 3134 939 3188 τὸ
962 3112 1186 3205 ἐκχυθὲν
1209 3112 1348 3206 ὑπὲρ
1368 3133 1468 3203 τῆς
1494 3132 1767 3205 σωτηρίας

1871 3133 2066 3195 hostia,
2086 3130 2335 3187 Christus
2356 3148 2372 3198 ;
2401 3140 2564 3201 atque
2588 3147 2652 3187 ea
2673 3147 2792 3201 quae
2813 3137 3110 3190 secundum
3137 3138 3311 3207 ipsum
3332 3149 3436 3206 est,

188 3225 276 3279 τοῦ
307 3229 516 3298 κόσμου
548 3221 710 3297 αἷμα.
752 3226 849 3280 Διά
892 3224 1049 3279 τοῦτο
1085 3225 1269 3280 ἀθετεῖ
1306 3226 1375 3280 τὰ
1422 3224 1635 3297 πρῶτα,
1680 3225 1767 3279 ἵνα

188 3316 251 3371 τὰ
270 3318 497 3391 δεύτερα
542 3320 738 3389 στήσῃ.
781 3316 918 3371 Οὐδ’
951 3316 1028 3370 ἂν
1049 3316 1311 3386 ἔρχησθε
1353 3317 1613 3387 ὀφθῆναί
1641 3335 1763 3387 μοι.

201 3409 324 3463 Ἀπὸ
343 3409 529 3464 κοινοῦ
552 3409 615 3463 τὸ
649 3408 803 3478 (93‘),
836 3409 898 3463 ού
927 3407 1206 3479 βούλομαι.
1242 3407 1319 3464 Οὐ
1344 3411 1502 3479 μόνον
1521 3408 1610 3462 τὸν
1640 3410 1768 3480 περὶ

190 3499 381 3555 θυσιῶν
420 3503 595 3574 νόμον
623 3501 826 3564 ἀθετεῖ,
852 3500 986 3555 ἀλλὰ
1010 3501 1211 3554 καὶτὸν
1236 3501 1476 3573 περὶτοῦ
1497 3501 1606 3554 δεῖν
1641 3501 1768 3572 ὁρᾶ-

190 3590 303 3647 σθαι
319 3596 430 3648 πᾶν
456 3592 749 3666 ἀρσενικὸν
773 3592 892 3663 τρὶς
906 3591 998 3646 τοῦ
1018 3591 1263 3646 ἐνιαυτοῦ
1287 3591 1515 3646 ἐνώπιον
1534 3592 1762 3664 Κυρίου.

198 3683 343 3737 Ἐπεὶ
377 3680 472 3738 οὖν
497 3686 566 3737 οὐ
603 3683 1012 3754 μετεϐλήθησαν
1036 3683 1146 3753 (94)
1176 3681 1285 3736 ἀπὸ
1308 3680 1403 3736 τοῦ
1431 3683 1605 3737 ἄδικοι
1628 3678 1767 3737 εἶναι

190 3775 275 3829 καὶ
297 3776 490 3830 σκολιὰ
532 3774 687 3851 ἔχειν⁹
713 3774 783 3827 τὰ
804 3773 1107 3837 ἐπιϐούλια,
1146 3773 1400 3841 ἐξέϐαλεν
1433 3773 1628 3838 αὐτοὺς
1659 3774 1767 3827 τῶν

189 3866 371 3921 ἑαυτοῦ
411 3865 736 3937 ὀφθαλμῶν.
780 3866 1091 3936 Ὀφθαλμοί
1137 3865 1246 3937 γὰρ
1290 3866 1510 3933 Κυρίου
1554 3864 1651 3917 ἐπὶ
1685 3863 1769 3917 δι-

189 3956 390 4023 καίους
407 3972 424 3987 ο
457 3957 583 4023 καὶ,
611 3957 963 4024 Εὑθύτητας
991 3952 1112 4009 εἶδε
1135 3954 1200 4008 τὸ
1225 3954 1764 4023 πρόσωπονῖαῠτοῦ.

200 4046 390 4119 ὐργὴν
413 4048 474 4101 δὲ
499 4046 604 4117 τὴν
637 4048 717 4110 είς
740 4046 957 4110 οἰκέτας
990 4047 1243 4118 ἐμφαίνει
1269 4046 1552 4111 δεσπότου,
1581 4046 1641 4100 τὸ
1674 4047 1771 4116 ae.

187 4139 451 4209 αιρεῖσθαι
496 4137 603 4209 τὴν
635 4138 946 4210 παρρησίαν
981 4137 1161 4191 αὐτῶν
1203 4138 1303 4209 τῆς
1345 4138 1668 4205 ἐντεύξεωςο
1707 4138 1769 4191 τὸ

186 4228 237 4282 δὲ
259 4233 336 4294 είς
360 4231 484 4302 τρὶς
519 4229 637 4302 (95)
673 4230 774 4302 τὴν
822 4231 951 4301 περὶ
982 4229 1118 4282 Θεοῦ
1155 4229 1389 4301 θεωρίαν
1435 4229 1767 4283 ὲκτείνεσθαι

187 4318 327 4404 δηλοί
371 4321 473 4392 τὴν
523 4322 588 4375 ὲν
627 4321 815 4392 Τριὰδι
859 4321 958 4391 τῆς
998 4320 1275 4391 θεολογίας
1320 4320 1632 4387 ἐπίγνωσιν.
1671 4322 1769 4376 Διά

1869 3237 2174 3279 sanctorum
2237 3223 2606 3279 mortiﬁcatio.
2670 3222 2785 3279 Una
2835 3228 3115 3296 aspersio,
3161 3228 3433 3287 lavacrum

1870 3317 2332 3387 regenerationis;
2375 3331 2481 3370 una
2522 3318 2727 3385 peccati
2778 3318 3022 3388 expiatio
3047 3357 3064 3385 ,
3093 3323 3313 3392 sanguis
3338 3339 3437 3393 pro

1870 3412 2050 3467 mundi
2071 3412 2245 3467 salute
2270 3409 2492 3465 effusus.
2518 3408 2603 3465 Ob
2629 3410 2680 3465 id
2708 3411 2932 3479 abrogat
2950 3427 3014 3468 ac
3038 3413 3216 3484 rejicit
3240 3417 3437 3485 prima,

1868 3514 1929 3560 ut
1952 3504 2189 3559 secunda
2214 3511 2438 3558 statuat.
2462 3500 2630 3557 Vens.
2655 3500 2744 3556 12.
2774 3500 2960 3572 Neque
2989 3506 3232 3569 veniatis,
3266 3517 3321 3560 ut
3346 3525 3439 3576 ap-

1867 3597 2096 3665 pereatis
2118 3597 2271 3650 mihi.
2298 3593 2378 3654 Ex
2404 3594 2678 3650 communi
2703 3594 3132 3651 subaudiendum
3156 3608 3240 3652 est
3267 3599 3428 3657 illud:

1869 3689 2023 3743 Nolo.
2059 3687 2173 3742 Non
2213 3686 2384 3756 legem
2417 3685 2589 3740 solum
2621 3685 2848 3753 abrogat
2885 3685 3312 3754 sacriﬁciorum,
3341 3690 3434 3744 sed

1869 3796 1985 3836 eam
2019 3779 2298 3842 rescindit,
2333 3792 2438 3846 qua
2462 3776 2747 3847 oportebat
2788 3777 3143 3833 masculinum
3168 3794 3328 3836 omne
3356 3791 3439 3836 ter

1872 3869 1926 3922 in
1976 3882 2120 3920 anno
2149 3879 2412 3936 apparere
2456 3866 2510 3919 in
2555 3874 2848 3935 conspectu
2881 3865 3116 3922 Domini.
3148 3868 3280 3935 Quia
3310 3885 3440 3941 ergo

1869 3959 2036 4028 iniqui
2071 3971 2193 4012 esse
2224 3971 2331 4010 non
2388 3955 2660 4010 desierant
2699 3995 2716 4023 ,
2770 3971 2945 4026 neque
2990 3959 3225 4028 obliquis
3274 3961 3442 4017 desu-

1872 4057 2048 4105 terant
2073 4047 2338 4111 consiliis,
2368 4045 2526 4114 eiecit
2549 4061 2642 4101 eos
2664 4046 2732 4101 ab
2759 4049 2931 4105 oculis
2959 4051 3092 4105 suis.
3112 4049 3265 4107 Oculi
3293 4055 3437 4109 enim

1868 4141 2083 4197 Domini
2111 4155 2267 4207 super
2289 4138 2465 4209 justas
2492 4139 2559 4195 ⁸⁸.
2606 4140 2675 4196 Ει
2704 4160 2720 4198 :
2753 4140 3055 4213 Equitates
3091 4145 3222 4200 uidit
3264 4145 3441 4201 vultus

1869 4234 1984 4305 ejus
2018 4232 2084 4286 °°.
2145 4231 2356 4287 Domini
2413 4242 2594 4287 autem
2629 4232 2683 4288 in
2734 4233 2966 4290 famulos
3019 4234 3099 4290 ira
3149 4236 3441 4307 indicatur,

1871 4340 1993 4380 cum
2044 4323 2116 4377 ab
2149 4322 2282 4392 ipsis
2328 4321 2574 4377 aufertur
2611 4323 2985 4393 interpellandi
3036 4325 3233 4382 ﬁducia
3268 4346 3282 4383 :
3318 4344 3440 4383 cum

185 4417 335 4472 τοῦτο
357 4417 417 4471 δὲ
435 4419 681 4491 ἄρρενας
706 4416 782 4481 ὡς
809 4417 993 4484 ἀξίους
1017 4416 1127 4471 τῶν
1146 4416 1305 4472 θείων
1324 4417 1619 4489 ὀφθαλμῶν
1644 4434 1774 4487 προ-

1873 4429 2002 4470 vero
2043 4412 2138 4468 Dei
2165 4414 2472 4481 conspectui
2510 4414 2782 4471 masculus
2815 4422 2899 4471 ter
2928 4415 3163 4485 sistitur,
3200 4418 3256 4474 id
3287 4421 3440 4489 agni-

186 4509 463 4582 ετίμησεν,
490 4507 736 4564 ὲνδεικνύ
744 4526 923 4580 μενος,
944 4509 1026 4563 ὅτι
1048 4509 1334 4574 συντόνους
1361 4509 1539 4582 ψυχὰς
1561 4509 1774 4580 παγίως

1881 4510 2082 4562 tionem
2116 4505 2309 4560 divina:
2355 4505 2616 4560 doctrinae
2657 4505 2723 4560 ad
2755 4504 3078 4562 Trinitatem
3122 4509 3443 4579 pertinentis

184 4604 271 4655 καὶ
318 4598 610 4675 κραταιῶς
663 4599 1015 4666 ἐπιτελούσας
1058 4601 1127 4656 τὰ
1163 4601 1433 4674 δόγματα,
1474 4601 1612 4657 ἀλλά
1654 4602 1774 4672 οὐχὶ

1879 4601 2235 4655 demonstrat.
2272 4594 2353 4653 0b
2380 4599 2483 4654 hoc
2508 4605 2689 4652 autem
2721 4613 2902 4656 mares
2927 4601 3159 4670 praetulit
3185 4608 3441 4672 tanquam

248 4741 295 4774 “
321 4741 490 4796 Hebr.
524 4739 736 4805 τιμῇ.
810 4742 858 4774 ⁸⁸
893 4741 1057 4799 Hebr.
1084 4759 1179 4808 vn,
1210 4742 1299 4797 l2.
1373 4742 1421 4775 “
1448 4741 1611 4797 Hebr.
1642 4758 1694 4807 ν,
1728 4742 1775 4797 ll

1889 4742 1935 4774 ⁸⁷
1969 4740 2106 4797 Dan.
2138 4754 2216 4804 xi,
2246 4738 2335 4794 51.
2412 4738 2459 4771 ⁵⁸
2489 4735 2647 4793 Hebr.
2685 4753 2764 4802 ιιι,
2803 4737 2891 4793 15.
2964 4738 3011 4772 ⁸³
3052 4737 3191 4794 Psal.
3246 4750 3442 4807 xxxiii,

188 4812 267 4866 16.
341 4812 388 4845 ⁸⁸
410 4811 562 4867 Psal.
601 4826 658 4873 ι,
683 4810 738 4866 8.

183 4949 451 5024 ἀναζητῶ.
488 4948 697 5024 Ibidem
728 4948 861 5024 Reg.
891 4946 1101 5008 tertius,
1130 4941 1574 5024 ἀναπεμφθέντα.
1607 4941 1758 4998 Colb.

188 5017 477 5090 secundus,
502 5018 910 5090 ἀναπεφθῆναι,
940 5017 1210 5090 concoqui.

250 5092 361 5161 (9|)
394 5081 478 5144 Ita
530 5081 947 5161 quatuor'mss.
979 5081 1120 5155 Reg.
1161 5084 1372 5146 tertius,
1416 5081 1758 5154 προχεῖσθαι.

186 5156 350 5221 Εάῖιίζ
379 5177 422 5213 π

250 5229 361 5285 (92)
392 5229 422 5285 Ι

250 5229 361 5302 (92)
392 5229 502 5286 Ubi
540 5230 735 5296 legitur
762 5229 814 5282 in
854 5229 1036 5290 editis,
1066 5229 1218 5299 παρὰ
1254 5229 1337 5290 τό,
1385 5229 1643 5292 scriptum
1680 5237 1767 5276 re-

185 5302 427 5376 perimus
449 5301 510 5376 ιιι
533 5298 687 5376 Colb.
716 5297 951 5353 secundo
979 5306 1033 5376 et
1072 5297 1219 5376 apud
1240 5292 1581 5376 Procopium,
1614 5294 1767 5365 παρά

182 5369 240 5422 τὺ
260 5370 377 5423 τοῦ.
402 5370 513 5424 Alii
539 5370 648 5421 duo
677 5383 831 5432 mss.,
858 5364 1011 5438 παρά
1031 5363 1146 5420 τοῦ.
1180 5364 1311 5438 Reg.
1345 5363 1613 5438 secundus
1636 5363 1758 5438 cum

184 5445 352 5493 altero
380 5455 489 5495 ms.
519 5447 721 5493 etcum
749 5451 906 5493 sacro
934 5432 1106 5497 textu,
1133 5434 1285 5505 παρὰ
1312 5432 1425 5505 τόν.
1468 5433 1584 5485 Mox
1609 5435 1764 5501 quin-

185 5522 285 5628 (ἐξα
309 5524 483 5576 mss.,
502 5508 599 5562 ἐπὶ
635 5508 697 5561 τὸ
730 5505 1122 5578 πνευματικόν.
1161 5503 1325 5571 Editi,
1350 5503 1441 5557 τὸν
1465 5519 1766 5573 πνευματι-

247 5594 295 5628 ν.

247 5594 295 5630 ν.

533 5157 767 5213 κεῖσθαι.

446 5233 502 5284 bi
540 5230 735 5299 legitur
762 5228 814 5282 in
854 5226 1036 5299 editis,
1066 5224 1218 5299 παρά
1241 5222 1337 5299 36,
1385 5221 1643 5299 scriptum
1680 5237 1767 5299 re-

251 5646 536 5732 (πλῆξε.
566 5645 854 5708 secundus,
876 5645 993 5727 gap
1023 5645 1101 5698 αἱ.
1136 5642 1257 5698 Mox
1300 5652 1418 5725 tres
1441 5641 1767 5766 ῃιεεηυὴμέο

251 5734 394 5766 Neon
427 5716 768 5766 ιΑαστηοίου.
807 5717 908 5766 Altt
948 5719 1053 5766 duo
1083 5724 1215 5766 mss.
1248 5722 1303 5766 et
1334 5714 1486 5766 edttt.
1529 5732 1626 5766 του
1657 5717 1674 5766 i.
1709 5730 1767 5766 α-

191 5717 394 5786 ραντοῦ
427 5714 768 5788 ἱλαστηρίου.
807 5717 909 5770 Alii
948 5714 1053 5770 duo
1083 5724 1215 5771 mss.
1248 5722 1303 5771 et
1334 5714 1486 5783 editi,
1529 5714 1626 5769 τοῦ
1657 5714 1768 5768 ἱλα-

385 5809 669 5873 Ριτιιοι..
711 5810 830 5872 Gn.
873 5810 1093 5873 XXX.
1208 5856 1215 5865 ο

1866 4943 2043 5016 σμοῦ,
2074 4957 2172 4999 nec
2218 4943 2372 5016 aliter
2404 4943 2600 5013 legitur
2622 4944 2793 5000 chit.
2825 4961 2979 5008 χχιιι,
3011 4944 3100 4999 2'7.
3148 4944 3299 5010 Illud,
3332 4950 3445 5005 ἀπὸ

1864 5014 2068 5082 κοινοῦ,
2094 5015 2236 5085 quod
2260 5015 2535 5082 aliquanto
2563 5024 2683 5084 post
2713 5017 2984 5084 sequitur,
3017 5017 3220 5070 indicat
3249 5032 3440 5074 vocem

1866 5086 2105 5153 aliquam
2145 5100 2211 5138 ex
2237 5086 2378 5139 serie
2405 5086 2666 5155 orationis
2699 5086 3052 5155 supplendam
3085 5100 3227 5140 esse.

1959 5155 2193 5226 95f)_Td.
2208 5155 2403 5226 Forte,
2418 5153 2551 5226 506.
2589 5153 2751 5210 Εοιτ.

1961 5222 2372 5297 94)Ἐ(Ιίιὶοιιιιι
2413 5222 2581 5297 [legio
2617 5227 2794 5297 tertio,
2862 5224 3291 5297 μετεϐλήθησαν.
3339 5226 3439 5280 Alii

1871 5293 1981 5366 tres
2003 5293 2157 5359 mss,
2203 5293 2700 5366 μεταϐεϐλήκεσαν.
2744 5293 2878 5363 Reg.
2914 5293 3120 5366 primus
3153 5293 3443 5366 utramque

1869 5365 2154 5420 lectionem
2189 5364 2426 5434 praefert,
2468 5364 2606 5420 hanc
2636 5367 2689 5419 in
2725 5374 3002 5431 contextu,
3032 5364 3175 5419 illam
3207 5365 3262 5420 in
3297 5382 3444 5420 tuar-

1869 5435 2039 5507 εἷος,
2056 5448 2225 5507 πριιιι
2249 5434 2571 5507 recentiore.

1938 5504 2051 5572 (95)
2077 5500 2229 5576 _Edit_i
2262 5520 2384 5576 cum
2418 5505 2589 5559 tribus
2618 5518 2772 5576 mss.,
2796 5503 2937 5576 τρίς.
2984 5502 3090 5576 Alii
3139 5502 3247 5576 d_uo
3279 5519 3435 5576 m_s_s.,

1866 5571 2036 5645 τρεῖς.
2070 5571 2267 5645 Statim
2302 5572 2437 5642 Reg.
2471 5574 2759 5639 secundus,
2792 5571 3069 5645 θεολογίας
3086 5571 3312 5645 γνῶσιιξ
3330 5574 3441 5645 Nec

1868 5642 1942 5716 ita
1974 5644 2140 5716 multo
2164 5653 2285 5712 post
2313 5644 2552 5714 quinque
2585 5658 2751 5713 mss.,
2795 5642 3228 5716 ἐνδεικνύμενος.
3274 5643 3437 5709 Editi,

1866 5712 2232 5784 δεικνύμενος.
