3828 6216
239 302 330 361 175

1087 299 1439 358 ΟΟΠΜΕΝΤ.
1477 301 1547 357 IN
1580 301 1813 357 ISAIAM
1850 301 2288 359 PROPHETAM.
2329 299 2480 357 CAP.
2523 299 2565 354 I.

3347 296 3451 355 ιτι

297 419 379 474 28.
418 416 629 471 Πατεῖν
664 415 780 483 τὴν
817 415 1018 484 αὐλήν
1052 435 1171 487 μου
1215 419 1289 473 οὐ
1337 419 1778 487 προσθήσεσθε.

1958 417 2049 474 28.
2098 416 2318 472 Calcare
2363 416 2564 469 atrium
2613 426 2783 469 meum
2817 429 2921 467 non
2956 412 3240 478 adﬁcietis.
3264 410 3451 468 Terri-

234 508 426 580 Φοϐερὰ
466 507 657 579 ἀπειλὴ
684 509 796 572 τοῖς
825 506 1255 580 αἰσθανομένοις,
1285 508 1421 564 ἀλλὰ
1454 509 1562 562 τῶν
1593 510 1657 563 ὲκ
1688 510 1789 581 τῆς

246 602 551 673 Ἐκκλησίας
577 600 718 664 τινὲς
756 601 893 672 πρὸς
928 601 1029 673 τὴν
1067 600 1271 673 ζημίαν
1299 601 1501 672 ταύτην
1529 602 1787 674 ἀναισθη-

229 694 387 756 τοῦσι,
416 693 506 747 καὶ
530 694 576 745 οἱ
605 692 701 764 μὲν
718 693 1003 764 δυνάμενοι
1029 695 1293 766 άπαντᾷν,
1327 694 1661 766 ῥᾳθυμοῦσιν
1686 694 1782 764 (5)°

230 785 348 838 οί·δὲ
373 785 438 838 δι’
463 785 833 855 ἁμαρτήματα
857 784 1366 850 καταδικασθέντες,
1385 785 1781 858 ἀδιαφοροῦσιν.

242 875 581 929 Ἐνδείκνυται
614 875 670 928 δὲ
703 876 733 928 ὁ
762 876 917 945 λόγος
962 877 1060 949 τὴν
1091 876 1408 949 ὑϐριστικὴν
1449 876 1650 930 εἴσοδον
1677 876 1786 930 τῶν

229 966 724 1038 κατηγορουμένων,
778 966 854 1031 ὡς
904 966 1360 1022 καταπατούντων
1413 967 1483 1021 τὰ
1506 967 1686 1036 -ἆγια.
1730 969 1788 1022 '0

232 1056 321 1127 μὲν
356 1053 445 1110 οὖν
475 1057 678 1122 τέλειος
708 1060 788 1121 είς
816 1057 957 1112 αὐτὰ
979 1057 1168 1129 φθάνει
1192 1058 1264 1113 τά
1295 1060 1460 1129 ’Ἀγια
1484 1059 1593 1115 τῶν
1618 1060 1786 1129 άγίων

227 1148 346 1200 εἴσω
367 1147 458 1201 τοῦ
487 1150 997 1221 καταπετάσματος,
1021 1150 1268 1204 τουτέστι
1295 1149 1483 1215 διαϐάς
1509 1150 1578 1205 τά
1604 1168 1789 1222 σωμα-

225 1236 361 1301 τικὰ,
395 1241 573 1310 γυμνῇ
602 1241 670 1310 τῇ
698 1239 900 1311 θεωρίᾳ
940 1239 1048 1292 τῶν
1080 1239 1238 1293 θείων
1270 1241 1557 1313 νοημάτων
1591 1241 1788 1312 ὁμιλή-

223 1342 301 1379 σει
332 1326 434 1398 (6)·
464 1328 494 1379 ὁ
521 1327 580 1381 δὲ
608 1329 1010 1401 ὑποδεέστερος,
1045 1331 1104 1384 ὲν
1130 1329 1209 1400 τῷ
1237 1332 1370 1402 οἴκῳ
1401 1330 1495 1385 τοῦ
1526 1332 1660 1387 Θεοῦ
1690 1332 1785 1386 τοῦ

230 1417 358 1471 κατὰ
400 1418 498 1490 τὴν
544 1419 653 1473 τῶν
695 1421 1020 1492 σωματικῶν
1066 1421 1322 1493 λατρείαν
1372 1422 1679 1477 διακονικοῦ
1708 1424 1785 1496 (7)

224 1508 496 1577 ἐφάψεται.
531 1510 591 1563 '0
616 1510 675 1563 δὲ
701 1511 827 1583 ἄρτι
859 1511 1211 1585 εἰσαγόμενος
1255 1516 1335 1579 είς
1362 1514 1460 1586 τὴν
1483 1515 1784 1581 εὐσέϐειαν,

222 1601 284 1669 τῇ
308 1600 435 1671 αὐλῇ
461 1601 596 1673 μόνῃ
623 1604 865 1673 ἐντυχεῖν
897 1605 1250 1676 ἐπιτρέπεται
1267 1624 1282 1637 ·
1319 1608 1348 1660 ὁ
1380 1606 1436 1660 δὲ
1463 1608 1557 1661 καὶ
1583 1608 1787 1681 ταύτης

218 1691 578 1763 ἀπεωσμένος,
636 1692 740 1760 ἔξω
796 1698 915 1750 ἐστὶ
972 1697 1080 1752 τῶν
1126 1698 1308 1753 τόπων
1359 1700 1456 1770 τῆς
1480 1699 1781 1763 εὐσεϐείας.

234 1782 434 1849 Ἦλίκος
476 1781 572 1840 οῦν
615 1788 646 1840 ὁ
678 1787 943 1854 κίνδυνος,
976 1791 1070 1845 καὶ
1111 1790 1141 1844 ὃ
1185 1790 1332 1845 δοκεῖ
1372 1763 1455 1856 τις
1493 1792 1656 1864 ἔχειν,
1691 1793 1786 1845 καὶ
1815 1763 1859 1820 Β

219 1874 362 1929 τοῦτο
387 1875 462 1948 (8)
488 1879 885 1951 ἀφαιρεθῆναι;
929 1882 988 1935 ’0
1020 1882 1202 1954 μέντοι
1236 1884 1390 1953 ἆγιος
1416 1884 1784 1958 ὑπεραγαπῶν

218 1967 301 2020 τὸν
362 1968 510 2035 Θεὸν,
578 1971 756 2025 πάντα
814 1973 882 2027 τά
949 1974 1044 2028 τοῦ
1109 1975 1243 2029 Θεοῦ
1310 1977 1553 2048 σύμϐολα
1610 1980 1783 2051 ὑπερ-

218 2059 504 2126 ασπάζεται
562 2063 677 2134 (9),
737 2063 912 2134 λέγων
931 2083 946 2097 ·
993 2067 1294 2122 Ἐπιποθεῖ
1319 2056 1710 2124 καϊέκλείπει
1740 2070 1780 2138 ἡ

217 2149 373 2218 ψυχή
395 2170 515 2221 μου
536 2156 626 2220 είς
656 2155 764 2220 τὰς
789 2155 986 2222 αὐλὰς
1009 2157 1116 2212 τοῦ
1139 2160 1383 2227 Κυρίου.
1411 2156 1531 2214 Οἵδε
1571 2162 1680 2234 γὰρ
1699 2163 1782 2216 ὅτι

213 2240 374 2307 ἄλλως
395 2244 657 2299 ἀδύνατον
671 2246 989 2318 ὲξανθῆσαι,
1024 2249 1118 2303 καὶ
1149 2251 1320 2322 ἀρχὴν
1336 2250 1521 2305 λαϐεῖν
1542 2254 1623 2315 είς
1644 2269 1780 2324 καρ-

216 2336 486 2406 ποφορίαν,
522 2337 600 2408 μὴ
633 2339 691 2392 ὲν
721 2342 841 2403 ταῖς
879 2341 1071 2405 αὐλαῖς
1106 2343 1394 2412 γενόμενον
1425 2342 1519 2396 τοῦ
1552 2344 1778 2415 Κυρίου.

214 2426 513 2498 Εὐεργετῶν
558 2428 615 2481 δὲ
655 2430 856 2494 αὐτοὺς
886 2432 916 2483 ὀ
943 2431 1097 2496 Θεὸς,
1149 2431 1251 2502 τῆς
1291 2434 1584 2505 Ἰουδαϊκῆς
1616 2435 1783 2505 αὐλῆς

214 2519 392 2584 αὐτοὺς
437 2520 717 2586 ἐξοικίζει,
766 2522 854 2576 ἴνα
892 2525 959 2594 τῇ
1017 2523 1153 2595 αὐλῇ
1200 2524 1309 2577 τῶν
1355 2523 1590 2595 Χριστοῦ
1650 2543 1783 2597 προ-

213 2611 377 2665 ϐάτων
425 2613 811 2686 προσφύγωσι,
859 2615 956 2669 καὶ
1010 2615 1234 2686 γένηται
1292 2615 1385 2686 μία
1437 2617 1662 2688 ποίμνη,
1702 2613 1784 2681 εἷς

213 2707 422 2777 ποιμήν.

273 2797 359 2853 29.
431 2800 573 2853 Ἐὰν
626 2800 847 2869 φέρητέ
912 2794 1013 2869 μοι
1078 2801 1431 2870 σεμίδαλιν,
1496 2803 1778 2872 ,ιιάταιονο

213 2889 459 2959 θυμίαμα
506 2890 830 2960 ,ϐδέλυγμὰ
880 2892 987 2961 μοι
1039 2891 1169 2945 ἐστι
1225 2891 1357 2964 (10).
1424 2890 1534 2959 Τὰς
1570 2910 1784 2962 νεομηο

211 2981 337 3047 νίας
392 2980 586 3051 ὑμῶν,
648 2982 748 3035 καὶ
798 2981 872 3036 τὰ
925 2982 1194 3037 Σάϐϐατα
1250 2982 1437 3053 ὑμῶν,
1493 2984 1591 3038 καὶ
1636 2986 1783 3053 ἠμέ-

1886 510 2011 566 bilis
2057 517 2140 565 est
2190 507 2613 579 intelligentibus
2664 505 2857 562 istbzec
2908 506 3293 569 comminatio.
3348 506 3443 560 Sed

1887 602 2109 673 quidam
2144 600 2402 656 Ecclesia:
2442 596 2643 653 alumni
2679 596 2827 653 nullo
2872 596 3031 664 huius
3076 594 3259 651 damni
3288 598 3451 651 sensti
3508 672 3511 675 η

1889 699 2205 761 tanguntur,
2225 700 2278 745 et
2299 690 2499 759 quibus
2529 688 2656 743 licet
2685 700 2993 748 occurrere,
3021 686 3055 738 ii
3079 699 3269 755 segnes
3290 695 3450 740 sum:

1886 778 2080 850 quibus
2114 791 2295 835 autem
2338 778 2408 834 ob
2444 787 2660 849 peccata
2704 776 2910 831 indicta
2958 775 3122 829 multa
3167 784 3284 839 est,
3331 775 3364 828 ii
3401 775 3453 827 id

1890 872 2023 926 nihil
2052 881 2265 926 curant.
2307 869 2577 927 Caeterum
2620 869 2709 924 hic
2752 882 2930 923 sermo
2959 867 3029 922 ob
3072 866 3258 921 oculos
3296 867 3454 935 ponit

1887 978 2075 1020 eorum
2093 965 2184 1035 qui
2211 974 2597 1035 coargunntur,
2626 963 2828 1018 aditum
2845 963 3309 1027 contumeliosum,
3337 971 3454 1016 tan-

1888 1070 2046 1125 quam
2077 1055 2461 1111 conculcarent
2489 1064 2697 1109 sancta.
2723 1053 2823 1120 Qui
2851 1053 3012 1123 igitur
3042 1052 3316 1123 perfectus
3345 1065 3448 1115 est,

1890 1147 1954 1202 ad
1988 1148 2102 1219 ipsa
2138 1162 2311 1219 usque
2339 1145 2546 1201 Sancta
2565 1155 2875 1201 sanctorum
2903 1153 3153 1215 penetrat
3191 1146 3329 1199 intra
3363 1160 3452 1197 vc-

1886 1243 2085 1305 lamen,
2115 1242 2219 1296 hoc
2252 1248 2357 1304 est,
2393 1238 2484 1292 ubi
2521 1235 2818 1307 corporalia
2860 1237 3272 1301 transcenderit,
3299 1238 3456 1291 nudas

1887 1343 1943 1388 et
1978 1341 2175 1403 apertae
2223 1331 2529 1385 divinarum
2572 1328 2965 1384 sententiarum
3013 1327 3453 1397 contemplationi

1887 1423 2102 1480 vacabit
2130 1441 2145 1477 :
2187 1422 2279 1492 qui
2313 1436 2440 1477 vero
2470 1419 2699 1475 inferior
2730 1427 2844 1484 est,
2876 1418 2923 1473 is
2948 1417 3005 1474 in
3044 1418 3202 1473 domo
3244 1416 3338 1474 Dei
3365 1433 3455 1473 sa-

1888 1515 2121 1571 crarium
2149 1514 2220 1571 ob
2249 1512 2532 1583 corporale
2566 1513 2888 1583 obsequium
2923 1512 3175 1581 attinget.
3220 1512 3322 1579 Qui
3360 1527 3456 1566 au-

1888 1613 1993 1660 tem
2025 1619 2217 1660 recens
2261 1603 2330 1660 ad
2368 1603 2719 1658 excolendam
2769 1601 3022 1670 pietatem
3067 1599 3454 1665 introducitur,

1889 1697 2063 1752 solum
2095 1698 2244 1752 adire
2267 1696 2462 1751 atrium
2498 1692 2832 1765 permittitur
2858 1711 2872 1747 :
2907 1702 3136 1759 contra,
3177 1692 3268 1763 qui
3300 1692 3370 1748 ab
3391 1708 3456 1748 eo

1886 1789 2140 1845 exclusus
2167 1798 2271 1853 est,
2312 1788 2359 1845 is
2384 1795 2537 1843 extra
2571 1785 2786 1858 pietatis
2820 1785 2936 1840 loca
2957 1795 3157 1840 manet.
3184 1784 3455 1852 Quantum

1886 1882 2051 1948 igitur
2092 1879 2362 1949 impendet
2398 1878 2694 1949 periculum
2716 1920 2730 1945 ,
2760 1891 2829 1933 ne
2868 1877 2923 1932 id
2950 1877 3114 1932 etiam
3164 1877 3307 1946 quod
3332 1877 3457 1947 quis

1886 1973 2087 2027 habere
2131 1970 2363 2034 videtur,
2400 1969 2469 2025 ab
2513 1968 2630 2037 ipso
2660 1967 2978 2022 auferatur!
3030 1965 3174 2021 Sane
3211 1968 3301 2039 qui
3331 1983 3455 2024 sau-

1885 2070 2004 2117 ctus
2037 2069 2154 2127 est,
2184 2061 2385 2131 quique
2428 2073 2636 2115 summe
2678 2058 2845 2113 Deum
2893 2057 3104 2128 diligit,
3141 2059 3321 2113 omnia
3362 2058 3453 2112 Dei

1884 2151 2037 2219 signa
2067 2163 2130 2204 ac
2147 2147 2385 2219 symbola
2417 2155 2563 2202 amat
2591 2156 2646 2203 et
2673 2146 3036 2216 amplexatur,
3059 2148 3281 2203 dicens:
3316 2150 3458 2204 Cano

1884 2242 2107 2311 cupiscit
2132 2249 2182 2294 et
2216 2240 2393 2309 deﬁcit
2416 2242 2593 2293 anima
2620 2255 2735 2293 mea
2762 2241 2818 2295 in
2841 2240 2984 2293 atria
3011 2238 3224 2294 Domini
3246 2240 3314 2295 °'.
3343 2238 3455 2294 No-

1884 2335 1959 2387 vit
1992 2334 2134 2388 enim
2184 2332 2273 2387 ille
2309 2331 2469 2387 aliter
2500 2331 2616 2385 lieri
2656 2345 2763 2387 non
2809 2346 3000 2402 posse,
3044 2341 3101 2387 ut
3136 2330 3297 2388 ﬂores
3328 2348 3454 2402 prn-

1884 2429 2083 2491 ducat,
2118 2425 2433 2494 fructusque
2470 2423 2667 2479 afferre
2702 2424 2956 2493 incipiat,
2994 2424 3097 2479 nisi
3131 2432 3377 2480 versetur
3399 2425 3451 2479 in

1884 2519 2038 2573 atriis
2061 2516 2292 2574 Domini.
2327 2514 2497 2570 Porro
2526 2516 2664 2569 Deus
2716 2515 2769 2569 in
2802 2515 2900 2569 bos
2934 2514 3231 2581 beneﬁcus,
3268 2530 3334 2570 ex
3365 2515 3457 2570 Ju-

1886 2611 2039 2664 daico
2074 2608 2216 2663 atrio
2243 2608 2389 2676 ipsos
2418 2605 2659 2676 expellit,
2688 2616 2744 2659 ut
2779 2607 2843 2660 ad
2876 2606 3017 2661 ovile
3042 2606 3223 2660 ovium
3249 2607 3450 2661 Clu-iisti

1885 2703 2218 2773 confugiant,
2250 2711 2305 2755 et
2333 2700 2425 2754 liat
2454 2715 2620 2754 unum
2649 2698 2808 2764 ovile,
2848 2714 2990 2754 unus
3026 2708 3213 2769 pastor
3245 2699 3312 2754 7°.

1956 2792 2047 2846 29.
2089 2792 2252 2846 Vsus.
2286 2790 2377 2854 l3,
2410 2790 2498 2843 14.
2539 2787 2597 2843 Si
2638 2787 2861 2842 tuleritis
2902 2789 3028 2842 milii
3060 2790 3325 2857 similam,
3363 2805 3456 2843 aa-

1887 2899 2010 2936 uum
2033 2896 2052 2935 :
2080 2882 2370 2952 thymiama
2388 2880 2711 2935 abominatio
2732 2879 2861 2933 milii
2881 2890 2978 2935 est.
3010 2878 3329 2934 Neontenias
3374 2898 3458 2935 ve-

1885 2984 2047 3040 stras,
2076 2984 2122 3028 et
2153 2972 2384 3028 Sabbata
2424 2981 2626 3037 vestra,
2656 2982 2703 3027 et
2735 2973 2870 3025 diem
2898 2988 3138 3042 magnam
3176 2989 3280 3027 non
3302 2973 3410 3042 [ero
3436 2990 3458 3029 :

206 3085 315 3137 par
378 3071 658 3143 μετώῑην
730 3077 843 3127 οὐκ
927 3075 1230 3145 ἀνέχομαι.
1303 3078 1607 3145 Νηστείαν
1682 3079 1781 3132 καὶ

1887 3068 2144 3137 iljunium
2194 3075 2243 3119 et
2291 3066 2455 3119 otium
2507 3075 2555 3117 et
2603 3066 2899 3120 neomenias
2964 3076 3154 3121 vestras
3198 3066 3307 3121 odit
3343 3068 3461 3121 ani-

210 3161 412 3231 (im-lar
476 3164 582 3217 καὶ
645 3166 752 3231 τὰς
811 3164 1022 3234 ἑορτὰς
1078 3167 1246 3235 ὑμῶν
1298 3168 1471 3237 μισεῖ
1522 3169 1561 3236 ἡ
1608 3170 1778 3239 ψυχή

205 3257 334 3321 μού.
392 3254 593 3325 Σαφῶς
642 3255 977 3327 παρωθεῖται
1027 3257 1139 3328 (11)
1181 3258 1281 3330 τὴν
1325 3242 1639 3332 σωματικὴν
1690 3262 1780 3314 ὲκ-

207 3342 377 3418 δοχὴν,
403 3346 871 3417 ἐπαγγειλάμενος
897 3349 1061 3419 νόμον
1092 3348 1248 3416 Θεοῦ,
1277 3351 1372 3405 καὶ
1402 3353 1481 3416 είς
1506 3353 1779 3425 προσοχὴν

213 3437 342 3521 μετὰ
403 3437 663 3508 μεγάλων
708 3438 926 3492 ὀνειδῶν
974 3439 1100 3502 τούς
1139 3457 1202 3494 τε
1249 3440 1517 3513 ἄρχοντας
1558 3444 1651 3521 καί
1686 3444 1778 3497 τὸν

208 3519 323 3574 λαὸν
348 3524 645 3596 διεγείρας.
695 3526 861 3580 Οὐδὲν
904 3528 1004 3597 μὲν
1041 3527 1150 3600 γάρ
1184 3530 1314 3601 παρ’
1369 3531 1561 3585 ἑαυτοῦ
1600 3519 1780 3601 ἀπαγ-

208 3613 396 3682 γέλλει,
420 3616 491 3670 τὰ
525 3616 585 3669 δὲ
615 3616 820 3671 παλαιὰ
871 3617 1181 3691 διαγράφει,
1222 3619 1411 3674 τοῦτον
1443 3621 1616 3690 λέγων
1643 3619 1782 3677 εἶναι

209 3705 361 3776 νόμον
392 3706 536 3761 Θεοῦ
575 3709 672 3761 καὶ
699 3708 956 3781 διαταγὴν
988 3709 1123 3764 Θεοῦ
1166 3711 1301 3782 (12),
1344 3712 1406 3765 τὺ
1441 3714 1606 3785 μηδὲν
1636 3716 1782 3783 γίνε-

209 3798 324 3852 σθαι
345 3799 452 3855 τῶν
484 3800 586 3855 νῦν
616 3802 970 3874 τελουμένων.
1020 3806 1154 3860 Ἐὰν
1182 3805 1400 3876 φέρητέ
1414 3826 1516 3877 μοι
1547 3810 1782 3880 σεμίδα-

207 3894 317 3958 λιν,
343 3893 621 3963 μάταιον.
663 3895 938 3968 Πολλαχοῦ
972 3899 1168 3970 χρῆται
1216 3900 1310 3953 ἐπὶ
1347 3899 1458 3954 τῶν
1487 3902 1688 3955 θυσιῶν
1710 3905 1775 3976 τῇ

210 3982 471 4053 σεμιδάλει
495 4000 513 4015 ο
545 3985 677 4039 ποτε
710 3987 808 4057 μὲν
835 3988 1209 4042 ἀκατάσκευον
1245 3988 1425 4043 ἐλαίου
1450 3990 1610 4061 μόνου
1657 3994 1777 4046 ἐπι-

274 4115 474 4172 “Psal.
516 4134 751 4186 Lxxxm,
787 4122 841 4177 5.
920 4123 967 4155 ⁷ο
994 4121 1150 4178 Joan.
1184 4139 1241 4189 κ,
1280 4124 1368 4179 16.

273 4274 346 4345 (5)
379 4276 456 4351 ita
489 4276 789 4351 golrbertini
831 4281 1036 4351 primus
1067 4292 1123 4336 et
1169 4282 1438 4339 secundus
1477 4297 1598 4337 cum
1637 4281 1769 4351 Reg.

207 4349 456 4424 secundo.
485 4348 666 4425 _[‘;diti,
696 4348 881 4425 accipi
922 4351 996 4425 μὴ
1040 4352 1328 4425 δυνάμενοι
1370 4354 1616 4423 ἁπαντᾷν
1642 4348 1774 4406 ἀθυ-

210 4419 413 4493 μοῦσιν,
446 4419 661 4493 vitiose.
696 4420 846 4492 Regii
869 4419 1082 4493 primus
1125 4419 1189 4477 et'
1213 4425 1425 4485 tertius,
1465 4419 1601 4493 quos
1640 4438 1764 4476 con-

1889 3176 1974 3213 ma
2003 3157 2165 3231 502
2190 3174 2326 3211 mea.
2350 3158 2696 3227 Corporalem
2728 3157 3226 3227 interpretationem
3251 3162 3460 3227 perspi-

1887 3268 1988 3306 cue
2019 3251 2213 3318 rejicit,
2236 3249 2326 3305 Dei
2356 3249 2526 3319 legem
2554 3247 2870 3318 professus;
2908 3261 3070 3320 atque
3098 3252 3164 3304 ad
3198 3255 3458 3307 attentio--

1889 3357 2011 3396 nem
2041 3351 2162 3410 post
2181 3356 2335 3396 acres
2367 3342 2770 3413 objurgationes
2792 3343 3067 3413 principes
3092 3344 3456 3415 populumque

1885 3435 2105 3489 excitat.
2135 3434 2275 3487 Nihil
2305 3435 2517 3503 quidem
2554 3451 2583 3488 a
2625 3450 2685 3491 se
2715 3435 2836 3505 ipso
2869 3438 3192 3503 annuntiat;
3225 3440 3319 3493 sed
3354 3454 3459 3491 an-

1888 3527 2034 3595 tiqua
2070 3526 2461 3595 proscribitque
2489 3535 2668 3581 vetera
2690 3564 2706 3590 ,
2761 3526 2947 3582 dicens
2980 3527 3120 3583 lianc
3150 3528 3323 3598 legem
3359 3530 3455 3583 Dei

1883 3633 2025 3685 esse,
2060 3619 2199 3672 hanc
2242 3619 2332 3672 Dei
2364 3632 2486 3671 esse
2514 3617 2947 3682 ordinationem,
2984 3630 3042 3674 ut
3093 3619 3228 3673 nihil
3263 3635 3453 3676 eOrnm

1885 3724 2005 3777 quae
2047 3708 2310 3763 hactenus
2357 3709 2782 3777 peragebantur,
2804 3710 2933 3763 .liat.
2970 3708 3030 3765 Si
3063 3710 3293 3766 tuleritis
3323 3715 3457 3766 mihi

1882 3804 2145 3867 similam,
2193 3819 2403 3857 vanum.
2450 3802 2508 3857 ln
2546 3804 2833 3861 sacriﬁciis
2880 3822 3256 3876 saepenumero
3300 3811 3458 3864 adhi-

1880 3894 2042 3947 betur
2063 3894 2329 3964 similago.
2361 3894 2663 3965 Aliquando
2698 3896 2917 3964 quidem
2965 3898 3237 3953 incondite
3283 3900 3453 3953 citra-

1898 4000 1988 4054 pie
2016 3983 2181 4038 ullum
2223 3991 2541 4054 apparatum
2580 4001 2704 4042 cum
2748 3988 2864 4042 sola
2888 3987 2992 4044 olei
3026 3988 3327 4055 inlusione,
3357 3991 3459 4044 ali-

1883 4281 2022 4349 apud
2050 4278 2339 4356 Eusebium
2373 4289 2867 4356 .nterpunguntur:
2901 4283 3168 4351 siquidem
3212 4299 3313 4338 vox
3350 4286 3459 4356 μάο

1878 4367 2031 4422 ταιον
2072 4350 2420 4422 in_t_ttrisque_
2429 4349 2675 4420 jungitur
2715 4366 2838 4422 cum
2886 4349 3020 4406 voce
3059 4367 3325 4422 sequente
3350 4349 3457 4411 ’θυ-

1882 4421 2089 4502 μίαμα·
2138 4418 2345 4502 Vanum
2380 4418 2666 4502 thymiama
2709 4419 3034 4502 abominatio
3079 4418 3339 4502 estmihi.
3384 4430 3457 4502 At

210 4484 325 4565 tulit
359 4486 743 4565 gombeﬁsitls,
773 4484 893 4565 Ῐκαῖ
944 4492 994 4545 oi
1035 4493 1134 4563 μὲν
1187 4484 1500 4565 δυνάμενοί
1526 4493 1772 4565 ἀπαντᾷν

1887 4484 1966 4546 hic
1988 4484 2048 4545 et
2074 4491 2220 4565 apud
2259 4484 2577 4565 l’rocopium
2614 4505 2726 4565 vox
2763 4490 3037 4565 paratam
3067 4495 3133 4565 ad
3181 4495 3231 4547 id
3255 4535 3272 4561 ,
3311 4494 3462 4565 quod

207 4552 525 4634 ᾲθυμοῦσινς
553 4566 610 4610 at
642 4552 990 4634 @ctissimus
1021 4552 1102 4615 vir
1122 4577 1218 4634 pro
1254 4552 1354 4634 μέν
1401 4563 1533 4632 legit
1578 4563 1675 4634 μή,
1703 4552 1773 4616 ob
1880 4552 2163 4634 prmcedil,
2195 4552 2459 4634 refertur";
2488 4552 3455 4634 Situleriti5_mihi_similam,'id‘erit

209 4624 361 4690 idque
390 4626 597 4700 vertit:
644 4627 715 4683 Et
751 4630 941 4700 quibus
997 4647 1100 4685 non
1122 4624 1267 4686 'licet'
1305 4624 1600 4699 occurrere,
1639 4624 1774 4685 ’πηοε-

210 4707 319 4765 rore
331 4763 337 4765 _
351 4696 684 4765 afﬁciuntur.

380 4763 472 4821 Sic
507 4781 636 4850 mss.
660 4769 731 4821 At
755 4768 908 4836 editi,
937 4770 1217 4857 ὁμιλῆσαι.

332 4839 349 4902 )
376 4834 452 4888 lta
478 4836 607 4889 edlll
638 4846 692 4892 et
716 4847 942 4902 uterque
969 4843 1217 4897 Lombeli;

295 4832 349 4902 7)
376 4834 452 4906 lta
470 4836 607 4906 editi
638 4846 692 4892 et
716 4832 942 4906 uterque
969 4832 1280 4897 Couibelisii
1313 4840 1504 4895 codex.
1538 4840 1645 4895 Alii
1670 4840 1776 4895 duo

210 4905 686 4992 iustitiolbertini,
720 4905 865 4992 Θεοῦ
884 4908 980 4962 τοῦ
1010 4911 1153 4992 κατᾲ
1188 4912 1289 4983 τὴν
1309 4910 1418 4963 τῶν
1452 4911 1774 4992 σωματικὴν

209 4970 456 5051 λατρείαν
513 4970 984 5051 διακονουμένων,
1030 4991 1085 5035 et
1129 4984 1203 5035 ita
1243 4970 1457 5051 quoque
1495 4970 1693 5051 legitur
1719 4970 1772 5034 in

210 5038 335 5111 Reg.
359 5046 619 5123 secundo,
656 5038 939 5123 nisi'quod
968 5038 1064 5123 pro
1090 5038 1413 5123 σωματικήν
1446 5038 1638 5123 liabEat
1669 5067 1776 5103 σω-

214 5113 475 5191 ματικῶν..
515 5112 614 5169 Vix
657 5112 837 5191 autem
897 5112 1136 5191 dubitari
1174 5112 1378 5191 'posse'
1409 5120 1770 5191 arbitramur,

210 5186 330 5255 quin
363 5185 468 5255 legi
495 5195 741 5253 oporteat
760 5187 1091 5254 διακονικοῦ,
1118 5185 1242 5245 cuin
1270 5191 1325 5243 in
1353 5190 1604 5244 omnibus
1641 5205 1772 5245 mss.

211 5252 460 5322 scriptum
480 5252 552 5311 sit
583 5255 739 5311 Θεοῦ·
772 5256 889 5312 τοῦ.
917 5252 1086 5313 Nemo
1117 5262 1258 5314 enim
1286 5273 1391 5313 non
1426 5261 1570 5312 videt
1609 5274 1774 5311 vocu-

213 5318 311 5394 lam
345 5320 442 5376 τοῦ
486 5327 781 5394 postulare,
824 5337 885 5381 ut
922 5332 1229 5385 necessario
1281 5329 1488 5394 legatur
1538 5328 1774 5382 διακονι-

213 5344 311 5399 lilii]
345 5344 442 5376 του
486 5344 781 5394 postulare,
824 5344 885 5381 ιιι
922 5344 1229 5385 necessario
1281 5344 1364 5399 leg

211 5404 326 5442 κου.

276 5460 349 5530 (8)
382 5462 609 5521 Codices
636 5476 767 5530 tres,
795 5466 1008 5523 τούτου.

228 5593 246 5612 η
274 5529 350 5612 (ρ)
388 5533 466 5612 Ita
503 5535 643 5612 alter
686 5538 933 5612 Combel‘.
988 5537 1274 5612 cumgﬁeg.
1301 5539 1542 5594 secundo
1568 5548 1773 5612 etcum

208 5598 438 5681 galbert.
468 5604 684 5681 __itidem
729 5610 986 5663 secundo.
1038 5609 1145 5663 Alii
1192 5598 1301 5663 duo
1341 5623 1473 5663 mss.
1512 5617 1567 5662 et
1620 5609 1773 5675 editi,

211 5672 649 5738 ὑπερασπίζεται.

274 5685 649 5791 ξρασπιςεται.

274 5748 295 5808 ι
328 5739 385 5811 0)
415 5742 529 5812 Illa,
577 5746 673 5800 saw
721 5745 952 5821 φέρητε,
987 5758 1117 5815 etc.,
1170 5747 1327 5806 aliter
1365 5748 1505 5819 apud
1534 5745 1683 5802 LXX
1718 5756 1774 5805 et

1876 4628 2088 4683 uanum.
2122 4630 2233 4683 Nec
2262 4644 2423 4685 secus
2447 4632 2500 4684 in
2524 4628 2768 4698 Vulgata,
2794 4628 2878 4682 Ne
2910 4630 3146 4698 o/feratis
3187 4637 3330 4687 ultra
3364 4651 3457 4687 su-

1876 4700 2137 4768 cri/icium
2194 4700 2416 4764 frustra.
2470 4700 2753 4753 Incensum
2800 4700 3124 4754 abominatio
3168 4713 3244 4755 est
3300 4705 3452 4758 mihi.

1878 4768 2281 4844 statim_major
2315 4785 2441 4844 pars
2483 4784 2639 4844 mss.,
2684 4769 3001 4844 νουμηνίας.
3043 4770 3210 4844 Editi,
3254 4789 3457 4844 νεομη-

1876 4840 2039 4914 νίας.-
2067 4838 2306 4914 St_tbinde
2331 4838 2509 4914 “aliqui
2538 4838 2966 4914 _mss.,_delav
3001 4841 3096 4893 καὶ
3130 4840 3229 4914 τὰς
3259 4838 3459 4914 νουμη-

1876 4910 1996 4972 νίας
2018 4907 2173 4980 ὑμῶν
2204 4910 2372 4980 μισεῖἐ
2411 4909 2551 4963 Editi
2578 4907 2929 4980 cumduobus
2961 4926 3117 4973 mss.,
3139 4911 3337 4980 ἀργίαν
3359 4907 3457 4965 καὶ

1877 4982 1975 5043 τὰς
2016 4977 2415 5049 ὲόρτὰςδὺμῶν
2471 4980 2640 5049 μισεῖ.
2688 4977 2913 5049 Legitur
2966 4977 3255 5047 utrumque
3314 4985 3455 5046 apud

1878 5049 2024 5124 LXX
2046 5047 2435 5124 είΑργίανῄκαὶ
2463 5047 2564 5124 τὰς
2590 5047 2886 5124 νουμηνίας
2907 5049 3188 5124 ὑμῶνᾼκαὶ
3216 5051 3315 5115 τὰς
3344 5052 3457 5121 ἑορ-

1877 5120 1976 5183 τὰς
2004 5119 2353 5190 ὑμῶν’μισεῖ,
2379 5130 2485 5172 etc.
2524 5119 2705 5172 Otium
2751 5119 2798 5174 et
2841 5119 3142 5181 ueomenias
3176 5133 3373 5175 vestras
3403 5119 3450 5175 et

1876 5192 2234 5243 solemnitates
2265 5197 2465 5241 uestras
2493 5190 2600 5242 odit
2642 5191 2824 5243 anima
2856 5206 2992 5242 mem

1948 5259 2061 5330 (11)
2090 5258 2315 5313 Codices
2355 5269 2498 5330 tres.
2548 5262 2896 5330 παραιτεῖται
2934 5259 3014 5313 ἔτι
3061 5277 3144 5315 τε.
3192 5260 3296 5313 Alii
3347 5261 3455 5315 duo

1876 5326 1997 5401 cum
2035 5330 2223 5401 editis,
2263 5326 2643 5401 *ξιταρωθεῖταμ⁷
2675 5329 2817 5383 lnl'ra
2853 5342 2961 5401 tres
3006 5347 3134 5383 mss.
3167 5330 3320 5383 οὐδὲν
3354 5330 3457 5401 μὲν

1875 5400 2004 5470 γάρ.
2039 5398 2196 5470 Deest
2223 5397 2333 5470 γάρ
2359 5400 2408 5470 i_n
2441 5400 2600 5470 editis
2632 5408 2692 5470 ct_
2719 5400 3008 5470 in‘duobus
3031 5401 3152 5453 aliis
3182 5416 3309 5455 mss.

1949 5467 2335 5540 (ιεγιιιιιηκαι
2366 5467 2627 5539 διαταγὴν
2663 5467 2822 5540 Θεοῦ,
2860 5480 2915 5523 et
2951 5469 3083 5540 lieg.
3119 5471 3362 5524 secundo
3397 5478 3454 5525 et

1876 5552 1939 5592 ex
1960 5538 2176 5592 duobus
2202 5538 2525 5591 Colbertinis
2576 5538 2903 5592 addidimus.
2955 5538 3156 5594 Ibidem
3202 5542 3357 5603 editi,
3394 5541 3454 5594 τὸ
3551 5589 3560 5599 .

1879 5608 2015 5688 μηδὲ
2045 5605 2400 5688 γίνεσθαι
2443 5607 2516 5688 At
2556 5607 2797 5688 quinque
2827 5625 2956 5663 mss.
3005 5612 3146 5688 utﬁin
3169 5621 3449 5688 contextu.

1876 5677 1980 5751 nisi
2014 5681 2156 5747 quod
2203 5680 2265 5751 in_
2303 5677 2594 5751 aliquibus
2619 5677 2851 5746 legatur,
2900 5678 3178 5751 γενέσθαι.
3213 5682 3455 5736 Subinde

1876 5750 1980 5805 duo
2012 5764 2167 5817 mss.,
2200 5747 2358 5819 μόνον
2378 5746 2745 5818 ὲπιχεθέντος.
