3828 6216
361 294 464 352 Πδ

1305 285 1650 343 APPENDIX
1685 284 1971 341 opnnuu
2013 285 2072 343 s.
2113 283 2353 342 BASlLll
2392 242 2628 340 usam.

3500 282 3603 338 Γῖϐ

356 406 574 479 quando
598 416 725 459 vero
746 402 951 473 absque
980 400 1120 466 oleo,
1168 408 1229 454 ut
1260 400 1312 455 in
1341 401 1606 472 zelotypia
1645 401 1692 433 ⁷¹
1748 419 1762 455 :
1796 415 1915 455 nan-

2026 400 2294 470 χυθέντος,
2331 401 2460 454 ποτὲ
2493 400 2549 453 δὲ
2578 400 2705 453 ἄνευ
2746 397 2947 464 ἐλαίου,
2981 399 3058 463 ὼς
3108 397 3333 468 ἐπικτῆς
3378 397 3605 470 ζηλοτυο

357 510 629 567 nunquam
682 494 872 564 lagana
927 512 940 547 :
1005 505 1386 561 nonnunquam
1438 490 1616 563 azymi
1677 505 1843 560 panes
1904 504 1921 545 :

356 590 627 643 interdum
653 586 766 642 sala
803 592 921 640 erat
949 598 1124 639 massa
1154 623 1171 651 ,
1197 582 1418 639 subacta
1445 583 1566 638 aleo
1596 584 1920 654 similagine.

358 680 509 734 Nunc
541 691 671 732 vero
716 674 1037 746 similaginis
1068 675 1212 730 illius
1243 690 1399 731 usum
1424 676 1694 744 abrogans
1714 714 1732 739 ,
1757 675 1925 744 pluri-

357 787 497 823 mam
550 768 941 824 sacriliciorum
995 778 1202 836 partem
1260 767 1516 823 abolevit.
1562 765 1702 834 Quid
1758 767 1925 835 igitur

355 865 468 918 haec
493 862 610 932 ejus
639 862 779 916 dicta
805 859 907 916 sibi
935 860 1157 914 volunt?
1191 859 1347 927 Quod
1395 858 1521 915 licet
1557 859 1659 913 alia
1688 861 1788 914 sub
1809 874 1923 913 ser-

354 954 530 1008 monis
559 953 841 1007 invalucra
874 950 1247 1021 signiﬁcentur
1268 990 1281 1013 ,
1315 965 1413 1006 vos
1436 990 1453 1017 ,
1492 959 1672 1005 mente
1710 949 1924 1020 legisla-

356 1046 488 1100 toris
516 1044 822 1113 posthabita
850 1083 865 1107 ,
895 1044 1132 1098 studium
1161 1054 1323 1096 omne
1372 1055 1700 1111 operamque
1747 1042 1801 1095 in
1835 1057 1925 1096 re-

355 1152 474 1191 rum
506 1134 869 1204 corporalium
915 1134 1153 1188 vanitate
1186 1133 1406 1202 ponitis.
1449 1131 1747 1201 Oportebat
1775 1134 1920 1187 enim

353 1237 414 1281 ut
474 1226 797 1281 frumentum
856 1239 953 1294 pro
1006 1239 1071 1280 eo
1112 1238 1382 1289 sermone,
1444 1224 1536 1295 qui
1592 1224 1648 1278 in
1697 1224 1918 1279 seminis

351 1318 571 1373 modum
595 1317 880 1371 animabus
912 1316 1108 1369 veStris
1140 1315 1420 1382 inseritur,
1444 1314 1790 1385 acciperetis,
1826 1324 1917 1367 ut-

352 1423 458 1479 que
500 1423 564 1465 ex
607 1423 674 1463 eo
726 1408 994 1462 mundana
1024 1408 1171 1462 omni
1219 1407 1547 1477 cogitatione
1595 1407 1796 1462 nudato
1829 1421 1922 1461 se-

351 1502 586 1555 cundum
621 1514 681 1555 se
707 1540 723 1565 ,
755 1498 808 1552 in
841 1499 1159 1568 incorporeo
1185 1514 1248 1553 ac
1276 1514 1411 1567 puro
1438 1500 1529 1553 Dei
1552 1498 1699 1553 cultu
1736 1506 1923 1553 utere-

352 1590 505 1645 mini.
533 1590 706 1658 Atque
732 1590 845 1644 haec
871 1597 955 1644 est
983 1589 1279 1660 spiritus-lis
1296 1588 1560 1659 similago,
1589 1588 1843 1645 videlicet
1873 1590 1921 1644 is

353 1685 443 1754 qui
472 1685 538 1739 de
574 1683 684 1737 Deo
712 1682 940 1738 habetur
962 1696 1145 1737 sermo
1186 1696 1214 1734 a
1259 1681 1527 1750 corporali
1569 1680 1923 1751 intelligentia

2025 493 2153 555 πίας
2172 510 2185 521 ·
2215 491 2400 545 ἄλλοτε
2434 491 2646 560 λάγανα
2665 506 2678 518 ο
2721 488 2909 544 ἄλλοτε
2947 490 3162 562 ἄζυμα·
3205 487 3393 546 ἄλλοτε
3438 490 3604 560 μόνον

2024 584 2271 655 φύραμα,
2328 582 2809 653 ἀναπεποιημένης
2864 581 3028 652 ἐλαίῳ
3080 584 3182 655 τῆς
3247 584 3602 656 σεμιδάλεως.

2022 672 2136 726 Νῦν
2166 672 2369 743 ταύτης
2394 672 2494 743 τὴν
2539 670 2734 742 χρῆσιν
2769 668 3104 740 ματαιώσας,
3136 671 3197 724 τὸ
3225 672 3473 727 πλεῖστον
3500 673 3605 744 μέ-

2026 782 2118 836 ρος
2151 765 2258 819 τῶν
2290 763 2491 818 θυσιῶν
2518 763 2799 835 διέγραψε.
2833 762 2897 814 Τί
2923 759 3016 816 οὖν
3032 764 3179 817 ἐστιν
3211 765 3239 817 ὃ
3263 763 3448 833 λέγει;
3479 767 3606 819 Ὅτι

2026 850 2164 905 ἄλλα
2185 851 2281 905 τοῦ
2297 852 2455 920 λόγου
2476 849 2876 920 αίνισσομένου,
2891 851 3120 920 ἀφέντες
3143 852 3205 905 τὸ
3234 852 3481 924 βούλημα
3504 851 3602 908 τοῦ

2025 944 2317 1015 νομοθέτου
2335 986 2350 1010 ,
2409 944 2508 1015 τὴν
2583 945 2769 997 πᾶσαν
2837 944 3219 1014 πραγματείαν
3287 945 3416 1015 περὶ
3498 946 3603 1016 τὴν

2026 1034 2363 1105 ματαιότητα
2435 1034 2544 1087 τῶν
2610 1034 2935 1106 σωματικῶν
3006 1034 3396 1089 ὲπιδείκνυσθε.
3452 1036 3603 1090 Ἔδει

2023 1125 2131 1197 γάρ
2160 1127 2250 1179 τὸν
2279 1129 2422 1180 σῖτον
2450 1128 2530 1190 είς
2560 1126 2651 1180 τὸν
2680 1127 2831 1195 λόγον
2873 1126 3309 1196 μεταλαμϐάνειν
3349 1144 3604 1198 σπερμα-

2022 1218 2188 1282 τικῶς
2208 1217 2362 1289 ὑμῶν
2387 1220 2493 1289 (i3)-
2536 1218 2856 1290 ἐγκείμενον
2887 1222 3012 1282 ταῖς
3042 1218 3262 1289 ψυχαῖς,
3295 1219 3390 1272 καὶ
3417 1219 3604 1289 πάσης

2023 1313 2185 1365 αὑτὸν
2212 1312 2480 1382 κοσμικῆς
2508 1313 2715 1375 ἑννοίας
2746 1311 3263 1384 ἀπογυμνώσαντας,
3292 1312 3442 1383 αὐτῷ
3466 1314 3605 1384 χρῆ-

2025 1405 2148 1459 σθαι
2179 1404 2300 1458 καθ’
2344 1405 2534 1459 ἑαυτὸν
2583 1406 2643 1458 ὲν
2671 1408 2739 1476 τῇ
2781 1405 2930 1476 ἀΰλῳ
2948 1406 3044 1459 καὶ
3085 1406 3300 1477 καθαρᾷ
3332 1405 3604 1477 θεραπείᾳ

2022 1495 2177 1550 Θεοῦ.
2226 1498 2336 1550 Καὶ
2368 1495 2526 1550 τοῦτό
2555 1497 2672 1549 ἐστι
2714 1498 3058 1569 πνευματικὴ
3106 1498 3399 1569 σεμίδαλις,
3441 1499 3604 1568 λόγος

2023 1586 2153 1656 περὶ
2177 1586 2312 1640 Θεοῦ
2341 1587 2661 1657 σωματικῆς
2691 1586 2898 1649 ἑννοίας
2924 1588 3345 1658 κεχωρισμένος.
3404 1588 3469 1640 Ἡ
3499 1588 3604 1659 μὲν

2022 1673 2115 1731 οὖν
2148 1678 2472 1748 σωματικῶς
2496 1678 2758 1749 νοουμένη
2783 1679 2877 1731 καὶ
2898 1681 3314 1751 προσφερομένη
3335 1680 3477 1734 κατὰ
3508 1681 3602 1734 τὸν

353 1775 643 1829 discretus.
672 1773 858 1841 itaque
878 1773 991 1827 haec
1021 1771 1196 1827 simila
1242 1772 1511 1840 corporali
1558 1786 1723 1827 sensu
1753 1772 1919 1825 intel-

2038 1746 2323 1828 Ἰουδαϊκὸν
2359 1775 2562 1845 τρόπον
2609 1746 2906 1844 σεμίδαλις,
2943 1746 3204 1845 μάταιον-⁸
3246 1746 3313 1829 τὸ
3345 1775 3602 1847 θυμίαμα

354 1863 514 1928 lecta,
543 1874 702 1933 atque
733 1861 958 1917 Iudaico
996 1874 1146 1915 more
1178 1861 1381 1926 ablata,
1414 1866 1500 1914 est
1529 1873 1729 1913 vanum
1755 1860 1919 1928 quid-

355 1957 518 2008 dam:
556 1956 849 2024 tltymiama
886 1968 1015 2009 vero
1063 1952 1174 2020 iam
1223 1962 1440 2022 quoque
1485 1950 1819 2006 abominatio
1841 1961 1926 2007 est

354 2047 600 2101 Domina.
632 2045 766 2100 Nam
800 2059 987 2101 revera
1031 2054 1115 2100 est
1153 2045 1424 2115 quidpiam
1465 2043 1802 2099 exsecrabile
1828 2083 1844 2110 ,
1878 2044 1924 2099 si

353 2153 383 2190 a
443 2137 550 2193 Deo
602 2138 1008 2207 permistionem
1050 2136 1339 2207 quamdam
1394 2135 1771 2207 thymiamatis
1817 2151 1925 2205 quo

353 2243 449 2298 per
523 2228 781 2284 olfactum
857 2229 1185 2300 voluptatem
1239 2237 1575 2298 aucupetur,
1649 2228 1927 2284 existime-

352 2338 473 2379 mus
521 2324 775 2394 praecipi,
813 2337 913 2379 nec
958 2323 1320 2393 intelligamus
1353 2321 1597 2392 corporis
1630 2321 1925 2376 sanctimo-

354 2416 498 2469 niam
541 2430 661 2484 quze
707 2416 872 2469 animi
920 2415 1275 2486 temperantia
1312 2424 1368 2469 et
1411 2413 1663 2468 castitate
1701 2428 1925 2482 campa-

352 2515 505 2561 ratur
526 2547 541 2573 ,
572 2506 799 2563 Domino
829 2521 948 2563 esse
982 2507 1280 2578 thymiama
1301 2545 1316 2570 ,
1360 2505 1477 2575 pari
1522 2505 1666 2560 inter
1701 2520 1759 2560 se
1786 2514 1925 2559 tem-

354 2599 634 2667 peratione
684 2613 748 2653 ac
799 2600 984 2653 sedate
1040 2597 1355 2666 compositis
1418 2597 1615 2652 animae
1661 2597 1922 2667 partibus.

357 2689 518 2743 Sume
556 2689 734 2757 enim,
786 2689 980 2757 inquit,
1023 2686 1120 2740 tibi
1156 2688 1474 2751 suavitates,
1511 2694 1734 2751 stacten,
1795 2702 1925 2755 ony-

352 2780 470 2845 cha,
529 2780 809 2851 galbanum
860 2780 979 2834 boni
1027 2780 1205 2834 odoris
1232 2817 1248 2844 ,
1282 2789 1330 2834 et
1362 2779 1481 2833 thus
1507 2777 1828 2848 pellucidum
1855 2778 1921 2831 ⁷³.

352 2869 479 2926 Haec
524 2881 757 2940 quatuor
820 2885 943 2926 cum
989 2881 1229 2942 quatuor
1283 2870 1565 2925 elementis
1617 2885 1686 2924 ex
1730 2870 1926 2939 quibus

351 2974 580 3028 corpora
610 2969 898 3026 constant,
932 2961 1137 3017 habent
1166 2960 1565 3029 cognationem.
1595 2960 1781 3015 Stacte
1802 2960 1925 3030 qui-

2020 1866 2080 1921 δὲ
2099 1867 2200 1940 ἤδη
2229 1868 2324 1921 καὶ
2359 1865 2642 1937 βδέλυγμά
2665 1869 2781 1919 ὲστι
2811 1866 2890 1937 τῷ
2922 1866 3133 1938 Κυρίῳ.
3169 1867 3462 1922 Βδελυκτὸν
3486 1869 3603 1942 γὰρ

2022 1956 2100 2027 τῷ
2123 1958 2236 2010 ὄντι
2264 1956 2326 2009 τὸ
2354 1955 2560 2008 οἴεσθαι
2609 1954 2720 2025 (14)
2760 1954 2859 2018 τὰς
2906 1954 2993 2008 διὰ
3040 1957 3359 2027 ὀσφρήσεως
3403 1957 3605 2028 ἡδονὰς

2021 2049 2113 2102 τὸν
2145 2049 2277 2102 Θεὸν
2317 2040 2654 2119 θηρώμενον,
2701 2046 2795 2099 τοῦ
2842 2045 3181 2116 θυμιάματος
3218 2047 3316 2119 τὴν
3350 2046 3603 2102 σύνθεσιν

2026 2140 2473 2212 προστεταχέναι,
2509 2139 2604 2192 κα)⁵
2656 2137 2730 2208 μὴ
2768 2140 2907 2191 νοεῖν
2946 2139 3029 2192 ὅτι
3072 2138 3324 2210 θυμίαμα
3350 2140 3538 2211 Κυρίῳ
3570 2142 3602 2193 ό

2023 2231 2082 2284 ὲν
2107 2230 2319 2301 σώματι
2353 2230 2642 2300 ἁγιασμὸς,
2687 2229 2792 2283 ὑπὸ
2811 2230 2910 2299 τῆς
2938 2229 3079 2282 κατὰ
3110 2229 3286 2302 ψυχὴν
3320 2218 3605 2301 σωφροσύὲ

2024 2340 2121 2394 νης
2146 2322 2393 2376 ὲπιτελού
2402 2339 2560 2394 μενος
2579 2339 2594 2354 ·
2638 2321 2935 2393 ίσοκρατῶς
2958 2321 3189 2392 ἑχόντων
3223 2323 3317 2376 καὶ
3337 2323 3602 2376 ἀστασιά⁹

2027 2432 2166 2478 στως
2188 2415 2324 2486 πρὸς
2352 2414 2554 2485 ἄλληλα
2581 2414 2689 2469 τῶν
2726 2414 2906 2486 μερῶν
2932 2417 3032 2485 τῆς
3063 2414 3261 2485 ψυχῆς.
3290 2413 3444 2468 Λάϐε
3464 2414 3600 2486 γὰρ,

2024 2508 2158 2579 φησὶ
2211 2507 2345 2576 (15),
2373 2506 2607 2572 σεαυτῷ
2657 2506 2975 2575 ἡδύσματα
2997 2524 3011 2536 ·
3064 2504 3354 2573 στακτὴν,
3383 2505 3601 2574 ὄνυχα.

2024 2598 2336 2670 χαλϐάνην
2372 2597 2672 2666 ἡδυσμοῦ,
2703 2597 2804 2651 καὶ
2842 2599 3093 2651 λίϐανον
3138 2595 3420 2666 διαφανῆ.
3460 2597 3605 2649 Τέσ-

2027 2708 2168 2762 σαρα
2198 2689 2370 2743 ταῦτα
2425 2689 2560 2759 πρὸς
2617 2688 2687 2742 τὰ
2714 2689 2956 2760 τέσσαρα
3008 2692 3263 2757 στοιχεῖα,
3317 2686 3377 2752 ἐξ
3421 2680 3495 2740 ὧν
3526 2688 3605 2740 τὰ

2027 2780 2254 2853 σώματα
2281 2781 2583 2849 σύγκειται,
2610 2779 2709 2850 τὴν
2730 2778 3021 2851 ὁμοιότητα
3048 2779 3259 2850 ἔχοντα’
3276 2782 3310 2848 ἡ
3347 2780 3443 2850 μὲν
3474 2796 3606 2833 στα-

2025 2874 2128 2944 κτὴ
2163 2873 2300 2942 πρὸς
2332 2873 2394 2925 τὸ
2426 2872 2597 2942 ὕδωρ·
2637 2873 2666 2924 ὁ
2689 2872 2747 2924 δὲ
2779 2871 2903 2938 ὄνυξ
2935 2872 3021 2924 διὰ
3051 2872 3112 2924 τὸ
3145 2871 3307 2943 ξηρὸν
3336 2872 3471 2943 πρὸς
3498 2872 3605 2944 τὴν

2024 2969 2157 3037 γῆψ
2195 2965 2308 3036 ἠδὲ
2336 2963 2576 3035 χαλϐἀνη
2612 2962 2702 3018 διὰ
2720 2962 2817 3034 τὴν
2847 2962 3156 3034 θερμότητα
3193 2962 3331 3034 πρὸς
3352 2962 3412 3015 τὸ
3445 2961 3559 3031 πῦρ
3582 2978 3599 2993 ’

353 3053 474 3107 dem
518 3053 586 3109 ad
627 3067 820 3123 aquam
874 3053 1107 3108 refertur
1140 3074 1152 3108 :
1183 3067 1324 3123 onyx
1357 3055 1425 3107 ad
1474 3061 1672 3106 terram
1698 3061 1919 3123 propter

2026 3059 2054 3109 ὁ
2089 3056 2147 3109 δὲ
2185 3056 2404 3119 λίϐανος
2440 3054 2528 3108 διὰ
2558 3054 2619 3108 τὸ
2650 3053 2908 3124 διαφανὲς
2942 3052 3076 3125 πρὸς
3106 3052 3198 3106 τὸν
3234 3054 3395 3124 ἀέρα.
3435 3055 3606 3106 Ἴσον

352 3144 655 3199 ariditatem
692 3161 708 3198 :
739 3144 1028 3214 galbanum
1067 3143 1136 3200 ad
1177 3144 1354 3213 ignem
1386 3152 1603 3213 propter
1632 3143 1868 3199 calorem
1905 3157 1921 3197 :

355 3235 479 3290 Ibus
512 3235 724 3289 tandem
755 3237 822 3289 ad
857 3248 1037 3290 aerem
1090 3245 1311 3305 propter
1353 3234 1790 3304 pelluciditatem.
1820 3233 1926 3287 .E-

348 3326 507 3395 quale
531 3325 723 3393 aquati
756 3327 855 3379 erit
890 3326 937 3358 "
972 3340 992 3377 :
1033 3326 1136 3382 hoc
1169 3334 1275 3393 est,
1307 3326 1572 3397 impetus,
1620 3341 1688 3380 ex
1724 3325 1923 3381 intem-

350 3414 500 3483 perie
542 3424 758 3469 coortos
777 3414 908 3468 etin
940 3415 1204 3471 absurdas
1223 3414 1548 3484 cupiditates
1573 3423 1922 3484 erumpentes

351 3504 655 3571 refrenans,
698 3506 765 3561 ad
796 3506 1113 3575 atquabilem
1156 3517 1578 3577 temperaturam
1610 3508 1914 3563 revocabis.

350 3598 422 3653 Et
468 3600 753 3653 contundes
808 3614 875 3653 ea:
921 3599 1004 3654 Itis
1039 3600 1290 3653 minutim
1326 3599 1395 3665 ⁷⁸,
1439 3599 1542 3655 hoc
1563 3607 1667 3665 est,
1698 3599 1920 3669 quodin

349 3690 529 3745 anima
567 3704 822 3747 carneum
865 3699 950 3746 est
978 3728 995 3757 ,
1039 3704 1400 3761 crassumque
1422 3730 1440 3759 ,
1470 3700 1526 3746 et
1552 3692 1793 3748 materiae
1825 3694 1922 3744 im-

351 3796 629 3847 mersum,
676 3783 981 3849 destruens,
1020 3782 1075 3837 id
1144 3784 1318 3853 ipsum
1374 3782 1660 3854 spirituale
1708 3782 1923 3839 efﬁcere

349 3871 608 3927 studebis.
635 3870 709 3925 Et
747 3872 820 3926 ita
851 3888 1011 3941 ponas
1034 3882 1223 3929 contra
1263 3874 1625 3928 testimonium
1659 3875 1716 3928 in
1740 3875 1920 3928 taber-

349 3960 559 4027 naculo,
611 3961 773 4033 5.03
815 3963 957 4017 unde
992 3964 1316 4019 innotescunt
1363 3966 1460 4019 tibi
1515 3965 1744 4019 inde".
1785 3964 1918 4020 Cum

349 4049 495 4104 enim
527 4051 649 4119 quis
680 4053 749 4106 ad
789 4050 1082 4121 perlectam
1138 4055 1543 4123 permistianem
1586 4057 1915 4126 pervenerit,

348 4147 406 4191 et
445 4147 701 4194 contusus
748 4137 939 4207 fuerit;
994 4148 1104 4195 tum
1146 4142 1339 4211 dignus
1381 4144 1490 4198 erit
1513 4144 1607 4213 qui
1638 4147 1692 4199 in
1731 4154 1917 4200 sancta

350 4227 723 4307 introducatur
750 4270 767 4294 ,
811 4242 976 4301 atque
1024 4232 1093 4287 ad
1140 4233 1237 4289 Dei
1279 4235 1648 4306 cognitionem
1673 4237 1916 4291 accedat.

349 4320 522 4376 Panes
544 4323 687 4376 enim
738 4338 823 4387 ea,
852 4322 1045 4393 inquit,
1099 4333 1289 4380 contra
1330 4325 1696 4381 testimonium
1720 4363 1737 4390 ,
1778 4326 1919 4381 unde

2026 3147 2138 3211 ἴσῳ
2161 3146 2271 3218 (16)
2299 3148 2470 3201 ἕσται
2489 3162 2502 3177 ·
2531 3145 2799 3208 τουτέστι,
2840 3144 2939 3207 τάς
2975 3147 3041 3198 ὲκ
3069 3144 3401 3215 δυσκρασίας
3450 3160 3605 3212 γινο-

2027 3238 2193 3308 μένας
2225 3232 2402 3308 ὁρμὰς
2432 3238 2512 3299 είς
2556 3234 2851 3305 ἐπιθυμίας
2889 3233 3125 3297 ἀτόπους
3161 3232 3401 3297 κολάζων
3433 3234 3608 3287 ἐπαν-

2028 3326 2260 3388 ισώσεις.
2289 3328 2395 3381 Kal
2424 3328 2757 3396 συγκόψας
2791 3324 2862 3380 ἐκ
2904 3327 3129 3380 τούτων
3150 3326 3374 3380 λεπτόν
3390 3343 3403 3354 ·
3440 3342 3607 3378 τουτ⁸

2024 3420 2161 3482 ἐστι,
2182 3418 2544 3489 πνευματικὸν
2572 3419 2792 3489 ποιῆσαι
2824 3417 3221 3488 φιλοπονήσεις,
3258 3415 3606 3486 ἐξαφανίζων

2021 3510 2121 3579 τῆς
2143 3509 2320 3580 ψυχῆς
2340 3508 2401 3563 τὸ
2430 3509 2529 3578 τῆς
2550 3508 2750 3579 σαρκὸς
2772 3510 2916 3579 παχὺ
2945 3509 3037 3562 καὶ
3064 3508 3282 3571 ὑλῶδες.
3315 3507 3426 3560 Καὶ
3455 3506 3604 3560 οὕτω

2023 3601 2206 3672 θήσεις
2229 3601 2490 3654 ἀπέναντι
2548 3600 2643 3653 τοῦ
2685 3599 2984 3670 μαρτυρίου
3031 3601 3088 3652 ὲν
3140 3601 3205 3670 τῇ
3247 3601 3418 3670 σκηνῇ
3462 3598 3602 3668 (17),

2022 3690 2145 3743 ὅθεν
2165 3688 2550 3760 γνωσθήσομαί
2582 3705 2662 3741 σοι
2700 3687 2926 3742 ὲκείθεν.
2959 3688 3128 3742 Ὅταν
3159 3688 3267 3760 γὰρ
3306 3688 3603 3758 ἐγγένηται

2020 3783 2086 3851 τῇ
2129 3779 2348 3851 ἀκριϐεῖ
2389 3779 2666 3850 κοινωνίᾳ,
2705 3780 2800 3832 καὶ
2845 3779 3250 3850 ἀπολεπτυνθῇ,
3290 3779 3411 3833 τότε
3448 3778 3604 3843 ἄξιός

2022 3875 2135 3925 ἐστι
2168 3872 2516 3944 εἰσφέρεσθαι.
2543 3873 2624 3937 εἰς
2650 3872 2722 3927 τὰ
2747 3874 2898 3943 ἆγια,
2934 3875 3029 3928 κα)¹
3050 3876 3115 3945 τῇ
3149 3872 3346 3942 γνώσει
3368 3876 3433 3944 τῇ
3468 3872 3603 3944 περὶ

2020 3961 2155 4016 Θεοῦ
2188 3960 2587 4033 προσεγγίζειν.
2631 3960 2851 4028 Θήσεις
2892 3960 3002 4034 γὰρ
3032 3960 3204 4024 αὐτὰ,
3237 3958 3424 4031 φησὶν,
3480 3958 3603 4012 άπ-

2019 4053 2223 4107 ἐναντι
2286 4052 2393 4107 τοῦ
2445 4053 2795 4122 μαρτυρίου,
2851 4051 2989 4106 ὅθεν
3026 4049 3451 4121 γνωσθήσομαί
3495 4065 3602 4102 σοι

2018 4143 2262 4199 ἐκεῖθεν.
2293 4143 2366 4196 Τὸ
2401 4143 2457 4196 δὲ
2473 4143 2713 4197 τοιοῦτον
2737 4143 3107 4216 ἀπηγόρευται
3139 4142 3314 4213 ἑαυτῷ
3332 4159 3453 4195 τινα
3476 4156 3603 4193 ποι-

2019 4237 2097 4288 εῖν
2124 4236 2205 4298 είς
2226 4234 2524 4288 ἀπόλαυσιν
2546 4251 2560 4265 ο
2591 4234 2889 4297 τουτέστιν,
2913 4233 3092 4305 ἑαυτῷ
3127 4233 3237 4304 (18)
3270 4230 3601 4304 ἐπιγράφειν

2017 4326 2086 4380 τὰ
2106 4325 2528 4398 κατορθώματα,
2549 4326 2662 4380 ἀλλ’
2679 4326 2869 4396 ὲπὶξτὸν
2886 4327 3016 4379 Θεὸν
3045 4326 3151 4380 τῶν
3184 4325 3364 4380 καλῶν
3385 4325 3484 4395 τὴν
3504 4325 3598 4375 αἰ-

349 4413 681 4471 iunotescam
711 4419 804 4473 tibi
859 4418 1002 4473 inde.
1057 4418 1171 4474 Hoc
1203 4428 1382 4473 autem
1418 4419 1749 4490 prohibitum
1790 4419 1907 4484 fuit,

2026 4416 2137 4471 τίαν
2152 4415 2649 4486 ἀνάγειν.Τοιοῦτον
2662 4414 2731 4489 ἦν
2743 4417 2992 4489 θυμίαμα
3008 4418 3216 4481 Παῦλος
3232 4420 3259 4471 ό
3280 4413 3594 4486 λέγων(19)⁶

417 4576 460 4607 ”
502 4577 661 4630 Num.
699 4576 862 4638 v.15.
933 4575 1166 4632 "Exod.
1194 4591 1327 4642 xxx,
1349 4576 1440 4631 54.
1524 4574 1571 4608 "
1605 4574 1737 4630 ibid.
1813 4574 1861 4608 ⁷⁸
1881 4574 1919 4630 il

2058 4575 2147 4631 56.

417 4745 634 4868 (115)1ta
667 4760 798 4827 _mss.
822 4755 1071 4814 quatuor.
1105 4745 1237 4816 Reg.
1276 4744 1493 4807 tertius,
1521 4744 1700 4826 ήμῶχ.
1744 4743 1912 4809 Editi,

417 4838 425 4868 ι
450 4833 499 4868 ν.
528 4814 640 4868 Nec
665 4824 737 4868 tta
767 4816 935 4868 multa
960 4825 1082 4868 nost
1112 4825 1342 4868 uteruue
1373 4812 1681 4868 Combelisu
1712 4816 1907 4868 codex.

346 4814 640 4903 npi!.7Nec
661 4816 737 4897 ita
767 4816 1082 4898 multa_post
1112 4814 1342 4882 uterque
1373 4814 1681 4895 Cotnbelisii
1712 4816 1907 4879 codex,

343 4884 984 5008 gusﬁégxmogg.££t
1011 4892 1121 4941 tres
1153 4898 1308 4948 mss.,
1328 4883 1478 4954 αὐτῳ
1514 4882 1773 4954 χρησθαι.
1795 4884 1917 4938 Edi-

347 4958 406 5022 ti,
433 4953 708 5026 αὑτῷκαὶ
731 4953 984 5027 χρῆσθαι.
1452 4953 1457 4954 7
1555 4953 1561 4954 7
1613 4953 1618 4954 7

417 5025 528 5096 (14)
556 5025 649 5080 Sic
676 5028 928 5103 quinque
941 5037 1070 5077 mss.
1098 5021 1348 5103 At'editi,‘
1527 5023 1755 5077 creabat.
1788 5021 1910 5079 Mox

345 5090 457 5149 tres
476 5090 606 5150 mss.
631 5090 878 5147 σύνθεσιν
899 5090 1292 5162 διατεταχέναι.
1320 5092 1423 5147 Alii
1454 5095 1558 5148 duo
1579 5108 1732 5157 mss.,
1750 5110 1912 5165 προσ-

344 5182 476 5218 τετα
513 5165 646 5218 έναι.

414 5183 529 5302 (ίέ)
562 5235 637 5288 Ita
681 5244 817 5302 mss.
845 5229 1097 5302 aliqua};
1100 5230 1259 5302 Deest
1279 5231 1426 5302 φησί
1471 5233 1525 5286 in
1554 5232 1748 5302 editis.
1780 5232 1907 5288 Sta-

346 5298 450 5402 ?"71
464 5298 1481 5402 (ἕξῗ.’ΒΞῗλξὶξὲξῖξξέξξλ,ἕαέδέἷὲἕ
1507 5301 1781 5402 Ἶδυσμοῗξ
1801 5302 1907 5402 ΑΨ

344 5376 452 5427 duo
471 5372 764 5427 Calltertini
795 5375 1029 5425 secunda
1060 5386 1221 5425 manu
1266 5380 1320 5426 et
1357 5372 1687 5438 recentiore,
1715 5372 1910 5442 ήδυοσ-

347 5441 469 5521 μοῦο
485 5456 620 5521 quae
641 5441 817 5521 νοις-εἰ
845 5454 949 5521 non
984 5439 1201 5521 melior,
1223 5451 1371 5521 certe
1393 5442 1906 5521 signiﬁcantiorest.

345 5511 499 5633 {laud
522 5512 690 5632 large
719 5510 928 5578 aliquot
961 5524 1115 5575 mss.,
1144 5509 1215 5564 τὰ
1234 5509 1482 5583 σώματα.
1514 5512 1674 5568 Deest
1697 5512 1907 5567 articu—

366 5596 426 5635 us
454 5597 507 5632 In
542 5593 719 5634 enus.

413 5650 523 5717 (lii)
548 5652 637 5705 Sic
671 5664 801 5703 mss.
833 5663 949 5706 sex.
988 5648 1151 5713 Editi.
1188 5651 1336 5716 ἴσως.
1365 5652 1483 5708 Mox
1518 5653 1677 5710 iidem
1713 5653 1787 5709 illi
1812 5667 1906 5709 sex

2226 4576 2271 4608 ⁷³
2306 4576 2435 4631 ibid.

2022 4761 2178 4818 mss?
2202 4746 2512 4818 γινομένας.
2540 4746 2703 4810 Editi,
2732 4747 3049 4818 γενομένας.

2090 4814 2202 4901 (17)
2220 4814 2364 4901 ﬁdiii
2386 4825 2441 4870 et
2470 4815 2602 4886 Reg.
2645 4814 2989 4898 ιςῑιιυεζτῆς
3011 4817 3225 4901 σκηνῆς
3261 4818 3362 4901 τῆς
3402 4818 3597 4901 ἀληθιέ

2020 4884 2141 4966 γῆς.
2171 4886 2273 4939 Alii
2300 4895 2418 4966 tres
2439 4884 2594 4951 ωεεζ.
2629 4884 2732 4956 τῆς
2754 4884 2982 4958 σκηνῆς.
3008 4884 3250 4958 Denique
3274 4884 3386 4944 tres
3413 4884 3505 4943 alii
3532 4900 3594 4944 ut

2019 4965 2073 5009 tu
2097 4965 2371 5009 contextu.

2089 5024 2200 5098 (|8_)
2227 5023 2450 5098 (Indices
2473 5033 2604 5090 tres,
2643 5023 3016 5098 ἀπηγόρευται
3046 5026 3243 5098 ἑαυτῷνὲ
3267 5044 3390 5082 τινα
3417 5034 3592 5083 ποιεῖν

2014 5093 2096 5158 είς
2155 5093 2484 5169 ἀπόλαυσιν,⁸
2527 5093 2802 5149 τουτέστιν
2829 5093 2911 5168 ’μὴ
2969 5097 3033 5169 δὴ
3080 5093 3274 5169 ἐαυτῷ.
3298 5100 3422 5169 ῨΑΙίἱ
3483 5111 3596 5153 tres

2015 5180 2170 5237 mss,
2207 5163 2611 5237 ἀπαγορειξεται
2632 5203 2647 5227 ,
2677 5175 2809 5232 etc.,
2839 5163 2911 5220 ἰιι
2954 5163 3136 5237 supra.
3170 5163 3337 5230 Editi,
3383 5169 3596 5236 ἀπαγο-

2016 5233 2235 5304 ρεύεται
2295 5233 2490 5289 ἑαυτοῦ
2536 5252 2657 5289 τινα
2711 5239 2884 5291 ποιεῖν
2930 5233 3253 5301 ἀπόλαυσιν,
3311 5233 3595 5291 τουτέστιν

2015 5303 2215 5376 έαυτῷ.
2244 5304 2395 5360 Colb.
2430 5305 2637 5374 primus
2670 5306 2724 5360 in
2748 5306 3009 5375 margine,
3051 5321 3215 5361 manu
3258 5311 3490 5371 recenti,
3529 5308 3594 5362 οὐ

2014 5372 2271 5496 δεῖᾍιὶιοη
2313 5372 2512 5443 oportet
2551 5372 3005 5447 quemquum77sibi
3042 5377 3303 5445 praeclara
3343 5378 3594 5447 facinora

2014 5459 2101 5496 om
2142 5460 2303 5496 mare.

2014 5459 2303 5498 amanare.

2085 5513 2199 5586 (19)
2228 5514 2305 5571 Ita
2329 5529 2458 5571 mss.
2484 5515 2730 5589 plerique
2756 5530 2971 5574 omnes.
3001 5515 3168 5585 Editi,
3195 5518 3226 5572 ὁ
3253 5516 3470 5584 Παῦλος
3501 5518 3593 5573 λέ-

2014 5599 2145 5652 γων.
