3828 6216
216 381 303 437 ΙΠ

1055 369 1408 430 COMMENT.
1449 369 1518 427 IN
1555 369 1790 428 ISAIAM
1823 369 2260 427 PROPIIETAM.
2298 369 2451 426 CAP.
2494 369 2535 425 I.

3314 375 3411 431 ΠΒ

210 497 444 569 Χριστοῦ
471 492 688 551 εὐωδία
712 490 900 562 ἐσμέν
924 507 937 521 °
963 492 1060 547 καὶ
1088 491 1248 547 πάλιν
1265 507 1280 523 ο
1303 490 1482 561 Χάρις
1507 489 1589 556 τῷ
1629 488 1751 556 Θεῷ

1853 499 1910 544 ut
1940 504 2010 544 ne
2038 487 2159 559 quis
2198 487 2300 543 sibi
2350 486 2624 558 quidpiam
2669 486 2933 556 ejusmodi
2966 490 3033 545 ad
3071 506 3227 547 usum
3252 508 3410 548 suum

210 589 279 655 τῷ
306 588 550 644 πάντοτε
584 584 988 655 θριαμϐεύοντι
1019 581 1196 653 ἡμᾶς,
1239 581 1341 637 καὶ
1384 581 1500 652 τὴν
1555 580 1755 652 ὀσμὴν

209 682 304 751 τῆς
321 680 588 753 γνώσεως
612 677 799 733 αὑτοῦ
829 675 1188 746 φανεροῦντι
1216 675 1287 728 ἐν
1310 672 1456 744 ἡμῖν
1480 672 1613 746 (20).

1859 580 2188 636 conﬁceret:
2227 589 2328 634 hoc
2358 586 2470 644 est,
2505 591 2573 633 ne
2619 577 2721 634 sibi
2756 578 2856 649 ipsi
2892 581 3149 650 prteclara
3176 583 3413 641 facinora

1844 671 2169 726 adscribat:
2233 669 2327 724 sed
2375 683 2438 723 ea
2518 670 2586 723 ad
2632 669 2799 725 Deum
2869 672 3131 728 bonorum
3198 690 3413 731 causam

211 776 409 833 referat.
455 773 586 829 Tale
628 781 747 826 erat
797 771 1091 842 thymiama
1143 767 1367 834 Paulus,
1420 769 1513 836 qui
1554 764 2031 822 dicebat:Cliristi
2081 765 2247 818 bonus
2302 761 2434 815 odor
2472 778 2652 816 sumus
2686 764 2754 821 ⁷⁸.
2806 763 2875 819 Et
2929 780 3115 822 rursus
3166 785 3182 822 :
3226 767 3415 824 Gratia

208 878 365 923 autem
399 865 507 920 Deo
559 863 648 933 qui
700 879 901 927 semper
929 859 1218 929 triumphat
1247 873 1362 922 nos,
1409 868 1458 911 et
1505 857 1711 912 odorem
1747 856 1951 912 notitia:
1977 872 2087 911 siue
2120 854 2424 923 manifestat
2456 851 2515 907 in
2544 852 2688 907 nobis
2722 854 2790 908 ⁷⁷.

265 959 347 1014 30.
372 958 444 1011 Τδ
473 956 529 1010 δὲ
561 954 870 1025 σωματικὸν
904 954 1174 1025 θυμίαμα,
1205 953 1299 1008 καὶ
1329 955 1440 1016 τοῖς
1470 949 1609 1005 κατὰ
1627 948 1753 1011 τοὺς

208 1050 470 1121 μυκτῆρας
503 1046 690 1118 πόροις
733 1047 1024 1117 ἐμπῖπτον,
1063 1045 1158 1098 καὶ
1191 1044 1290 1116 τὴν
1335 1043 1584 1113 αἴσθησιν
1624 1057 1753 1110 συγ-

205 1140 389 1202 κινοῦν,
433 1140 705 1211 βδέλυγμα
738 1136 817 1208 τῷ
847 1135 1123 1208 ἀσωμάτῳ
1167 1136 1390 1200 εἰκότως
1417 1134 1749 1205 νενόμισται.

203 1233 494 1305 Νουμηνίας
521 1232 581 1285 δὲ
621 1231 933 1303 πρεπούσας
981 1229 1221 1292 αἰωνίοις
1256 1227 1399 1281 ἔτεσι
1446 1225 1598 1298 παρά
1641 1224 1750 1278 τῶν

204 1325 419 1380 συνετῶν
442 1323 680 1378 νοεῖσθαι
711 1324 740 1376 6
771 1322 930 1391 λόγος
970 1321 1243 1392 βούλεταιο
1286 1321 1348 1374 οὐ
1388 1321 1489 1392 τὴν
1527 1318 1618 1372 διὰ
1640 1317 1750 1371 τῶν

199 1419 469 1491 τριάκοντα
483 1416 703 1489 ἡμερῶν
722 1417 818 1487 τῆς
836 1416 1063 1486 σελήνης
1077 1413 1539 1475 ἀποκατάστασιν,
1557 1413 1723 1465 ὲπικα

197 1508 632 1578 ταλαμσανούσης
659 1506 750 1561 τὸν
794 1506 968 1577 ἥλιον,
1013 1507 1108 1560 καὶ
1154 1505 1315 1560 πάλιν
1352 1504 1744 1574 ἀφισταμένης.

209 1602 335 1655 Ἀλλ’
376 1601 562 1671 ἐπειδὴ
613 1601 666 1652 '0
722 1599 927 1668 ἄφρων
974 1599 1055 1664 ὡς
1102 1596 1335 1666 σελήνη
1378 1594 1745 1658 ἀλλοιοῦται,

196 1693 284 1765 τὴν
317 1692 447 1765 πρὸς
479 1692 543 1745 τὺ
570 1691 684 1760 φῶς
713 1689 989 1755 ἐπάνοδον,
1032 1691 1167 1761 ὅπερ
1201 1689 1446 1753 ἐξέλιπεν
1479 1689 1509 1741 6
1534 1686 1722 1758 ἄφρων

1923 949 2012 1005 50.
2049 951 2119 1005 At
2155 964 2284 1006 vero
2318 937 2611 1022 thymiama
2661 950 2983 1018 corporale,
3018 949 3269 1019 quodque
3313 967 3416 1005 na.-

1852 1038 1990 1094 rium
2067 1039 2336 1094 meatibus
2384 1038 2668 1102 illabitur,
2714 1048 2769 1093 et
2823 1052 3041 1094 sensum
3088 1051 3412 1105 commovet,

1852 1131 2057 1199 optimo
2102 1129 2225 1196 jure
2268 1130 2320 1185 ei
2374 1131 2466 1198 qui
2520 1129 2874 1198 incorporalis
2921 1141 3025 1194 est,
3053 1130 3295 1186 habitum
3329 1144 3414 1187 est

1853 1237 1952 1293 pro
2003 1222 2426 1278 abominatione.
2464 1222 2603 1289 Quin
2635 1231 2688 1276 et
2734 1222 3049 1277 neomenias
3093 1238 3213 1292 qua
3257 1226 3414 1280 annis

1852 1315 2072 1370 aeternis
2122 1316 2296 1382 dignae
2337 1315 2480 1380 sint,
2521 1314 2635 1368 vult
2675 1313 2952 1382 Scriptura
2984 1329 3013 1368 a
3064 1316 3415 1385 prudentibus

1850 1404 2096 1472 intelligi,
2127 1419 2233 1458 non
2269 1411 2448 1458 autem
2489 1404 2628 1459 quat
2655 1404 2945 1459 circuitum
2978 1404 3198 1476 triginta
3226 1406 3417 1462 diebus

1848 1503 2145 1566 peractum,
2191 1510 2314 1550 cum
2354 1496 2662 1562 assequitur
2706 1494 2873 1549 solem
2899 1534 2914 1558 ,
2948 1504 3001 1549 et
3033 1510 3222 1550 rursus
3258 1510 3317 1551 se
3343 1499 3413 1552 ab

1846 1600 1914 1642 eo
1939 1587 2236 1642 submovet.
2271 1588 2408 1654 Quia
2438 1600 2566 1642 vero
2604 1585 2811 1640 Stultus
2854 1594 2909 1639 ut
2927 1585 3053 1640 luna
3089 1596 3322 1640 mutatur
3347 1588 3412 1648 ⁷⁸,

1845 1680 2116 1749 signiﬁcat
2161 1679 2439 1750 Scriptura
2492 1679 2634 1732 hunc
2682 1679 2750 1734 ad
2789 1677 2961 1732 lucem
3022 1679 3091 1732 ab
3120 1678 3414 1748 insipiente

198 1786 283 1837 καὶ
311 1783 404 1855 τὴν
435 1783 524 1837 διά
560 1781 844 1853 μετανοίας
872 1781 982 1850 (21)
1012 1782 1091 1843 είς
1122 1781 1184 1833 τὸ
1227 1781 1452 1852 ἀρχαῖον
1471 1777 1747 1833 ἀποκατά-

1852 1771 2117 1826 desertam
2169 1771 2398 1825 reditum
2430 1811 2445 1837 ,
2500 1772 2747 1838 hancque
2789 1783 2884 1838 per
2927 1769 3298 1837 pmniteutiam
3345 1772 3412 1823 ad

199 1892 367 1929 στασιν
392 1874 587 1945 ἑορτὴν
618 1873 869 1945 ἡγεῖσθαι
889 1872 982 1927 τὸν
1011 1871 1330 1942 φιλάδελφον
1363 1871 1456 1925 καὶ
1492 1869 1747 1940 συμπαθῆ

195 1968 221 2020 6
245 1966 390 2034 λόγος
419 1961 664 2037 βούλεται
683 1980 698 1996 ο
749 1964 912 2018 οἱονεὶ
939 1963 1236 2033 νουμηνίαν
1269 1963 1417 2031 ἄγων
1451 1961 1554 2032 τὴν
1577 1959 1747 2032 ἀρχὴν

193 2056 277 2111 τοῦ
300 2060 356 2112 ἐν
382 2057 521 2127 φωτὶ
555 2056 671 2127 βίου
690 2073 704 2086 ο
729 2053 916 2125 ἐπειδὴ
951 2053 1165 2120 ἐξέλιπε
1195 2054 1290 2124 μὲν
1320 2054 1380 2106 τὸ
1404 2054 1519 2123 φῶς
1543 2052 1631 2106 διὰ
1650 2053 1748 2124 τὴν

194 2149 265 2210 εις
295 2146 355 2200 τὸ
380 2149 563 2218 χεῖρον
586 2143 792 2217 τροπὴν
826 2143 962 2215 (22),
994 2142 1427 2214 ἐπαλινδρόμησε
1488 2141 1546 2195 δὲ
1587 2140 1747 2195 πάλιν

193 2237 316 2308 πρὸς
353 2238 482 2291 αὐτὸ
505 2236 599 2291 διὰ
631 2236 732 2307 τῆς
781 2234 1136 2306 ἐπιστροφῆς.
1183 2232 1340 2303 Ἑξῆς
1391 2232 1457 2286 ἂν
1510 2230 1597 2302 εῐη
1621 2232 1748 2301 περὶ

189 2328 288 2383 τῶν
314 2328 652 2400 μισουμένων
679 2324 969 2378 Σαϐϐάτων
1002 2325 1177 2377 εἰπεῖν
1203 2322 1286 2385 τὸ,
1317 2323 1409 2392 Μὴ
1439 2322 1613 2393 αἴρειν
1653 2320 1747 2390 βά-

192 2437 413 2493 σταγμα,
446 2421 546 2474 καὶ
592 2418 666 2489 μὴ
719 2416 1032 2492 ἐξέρχεσθαι
1076 2415 1184 2469 ἀπὺ
1223 2414 1317 2468 τοῦ
1353 2414 1516 2467 τόπου
1549 2413 1741 2466 αὐτοῦ·

190 2512 298 2577 καὶ,
322 2513 409 2583 Μὴ
440 2513 618 2567 καίειν
669 2508 782 2582 πῦρ
836 2511 895 2562 ἐν
918 2510 1069 2580 πάσῃ
1115 2510 1199 2579 τῇλ
1226 2504 1478 2577 κατοικία
1526 2503 1706 2559 αὐτῶν
1729 2522 1741 2535 ο

187 2604 344 2658 ταῦτα
369 2604 430 2658 τὸ
471 2602 735 2658 ἀδύνατον
762 2603 843 2665 είς
878 2603 1111 2673 τήρησιν
1134 2600 1230 2657 καὶ
1267 2599 1467 2670 ἀκριϐῆ
1501 2598 1745 2669 φυλακὴν

188 2696 395 2749 αὐτόθεν
430 2694 788 2766 ἐμφαίνοντα,
824 2693 1076 2747 ὑπόδικον
1114 2693 1257 2745 ποιεῖ
1295 2693 1360 2761 τῇ
1400 2688 1614 2760 κατάρᾳ
1656 2688 1745 2741 τὸν

189 2786 494 2857 σωματικῶς
522 2784 813 2842 ἀκούοντα.
844 2785 936 2854 Μὴ
969 2781 1235 2836 κινεῖσθαι
1267 2780 1376 2852 γὰρ
1409 2780 1517 2834 ἀπὸ
1537 2779 1629 2833 τοῦ
1658 2779 1747 2832 τό-

187 2895 278 2930 που
305 2878 608 2948 ἀμήχανον,
637 2876 733 2931 καὶ
772 2878 878 2929 πᾶν
900 2874 962 2928 τὸ
989 2874 1353 2944 ἐπαιρόμενον
1380 2871 1485 2925 κᾶν
1515 2870 1743 2941 ἐλαφρό-

185 2963 378 3043 τατονῇ
405 2970 545 3039 (25),
581 2969 870 3039 βάσταγμα
911 2966 1147 3034 λέγεται,
1184 2959 1295 3017 οἷον
1326 2964 1556 3035 ἱμάτιον,
1582 2962 1614 3032 ἢ
1642 2961 1743 3033 ἄρ-

184 3079 285 3125 τος,
305 3064 337 3134 ῆ
360 3078 412 3115 τι
432 3062 546 3116 τῶν
565 3062 898 3129 ἀναγκαίων.
937 3058 1096 3114 Ἀλλὰ
1127 3058 1223 3112 καὶ
1251 3057 1361 3129 πῦρ
1386 3056 1561 3110 καίειν
1582 3058 1643 3109 οὐ
1660 3073 1744 3110 κε-

1851 1864 2137 1933 pristinum
2171 1873 2370 1918 statum
2409 1862 2943 1932 redintegrationem,
2970 1861 3021 1916 ei
3054 1861 3146 1931 qui
3178 1862 3413 1917 fratrum

1848 1953 1920 2008 sit
1957 1961 2167 2008 amator
2208 1967 2502 2023 eorumque
2546 1952 2787 2007 dolorem
2820 1950 3038 2015 doleat,
3076 1967 3178 2006 ceu
3219 1950 3412 2006 festum

1848 2046 1988 2101 diem
2015 2059 2172 2110 esse,
2209 2044 2429 2114 perinde
2454 2057 2519 2099 ac
2564 2044 2608 2099 si
2644 2043 2982 2099 neomeniam
3017 2042 3298 2108 celebret,
3332 2044 3416 2097 nio

1848 2135 2045 2190 mirum
2078 2136 2202 2190 vitae
2233 2136 2284 2189 iu
2331 2136 2447 2190 luce
2498 2134 2721 2205 agendas
2772 2136 3117 2206 principium.
3151 2138 3222 2191 At
3262 2147 3413 2205 post—

1846 2238 2011 2294 quam
2036 2226 2231 2281 stultus
2264 2226 2437 2282 lucem
2469 2242 2564 2293 per
2593 2241 2746 2282 suam
2784 2227 2849 2281 ad
2873 2227 3025 2297 pejus
3058 2229 3412 2282 mutationem

1847 2317 2173 2388 dereliquit:
2209 2333 2392 2372 rursus
2441 2333 2538 2389 per
2584 2318 2995 2374 conversionem
3027 2319 3093 2373 ad
3127 2319 3291 2387 ipsam
3328 2334 3415 2371 re-

1847 2409 2035 2465 currit.
2068 2408 2272 2465 Deinde
2305 2410 2434 2465 illud
2474 2410 2541 2465 de
2590 2409 2843 2466 Sabbatis
2874 2412 2999 2466 odio
3045 2411 3245 2466 habitis
3284 2411 3409 2466 licet

1846 2502 2026 2556 dicere
2054 2519 2070 2556 :
2098 2501 2176 2557 Ne
2206 2504 2327 2572 quis
2353 2512 2528 2574 portet
2554 2505 2845 2570 sarcinam,
2872 2512 2928 2560 et
2953 2519 3022 2559 ne
3050 2512 3211 2561 exeat
3234 2521 3263 2558 a
3294 2505 3414 2560 loco

1845 2608 1948 2649 suo
1976 2595 2056 2649 79:
2094 2603 2178 2663 et,
2218 2609 2289 2650 ne
2318 2595 2412 2650 ulli
2456 2596 2757 2651 accendant
2786 2597 2962 2666 ignem
2996 2599 3048 2651 in
3073 2598 3219 2652 omni
3259 2597 3413 2652 habi-

1846 2687 2049 2742 tatione
2080 2702 2178 2742 sua
2200 2688 2245 2720 ⁸⁰
2281 2706 2294 2742 :
2337 2691 2449 2745 haec
2497 2705 2620 2744 cum
2651 2707 2754 2744 non
2787 2692 2998 2762 possint
3036 2691 3336 2757 observari,
3360 2703 3415 2748 et

1846 2785 2027 2833 tamen
2079 2781 2377 2834 secundum
2408 2780 2576 2850 ipsam
2610 2781 2843 2838 litteram
2886 2783 3058 2853 palam
3099 2785 3170 2838 sit
3206 2798 3268 2838 ea
3294 2799 3414 2839 esse

1844 2877 2096 2924 accurate
2121 2868 2461 2924 observanda
2487 2913 2502 2935 ,
2528 2886 2650 2927 eum
2686 2873 2874 2942 utique
2903 2874 2993 2943 qui
3033 2888 3095 2929 ea
3147 2876 3412 2945 corporali

1843 2974 2004 3017 sensu
2054 2962 2334 3034 intelligit,
2381 2964 2740 3021 maledictioni
2797 2965 3091 3021 obnoxium
3161 2968 3409 3022 reddunt.

1846 3053 2063 3109 Etenim
2096 3056 2212 3109 lieri
2245 3055 2455 3126 nequit,
2485 3058 2681 3125 utquis
2709 3072 2741 3112 e
2770 3056 2890 3115 loco
2916 3074 3013 3113 suo
3046 3073 3149 3112 non
3188 3073 3411 3112 movea-

184 3126 346 3204 iratist:
402 3126 709 3215 τουτέστιν,
738 3151 844 3205 ὑπὸ
889 3151 998 3204 τῶν
1029 3147 1215 3202 παθῶν
1254 3126 1355 3218 τῆς
1405 3147 1604 3219 σαρκὸς
1670 3148 1743 3218 μὴ

1852 3150 1939 3197 tur
1981 3160 1996 3197 :
2029 3143 2158 3198 item
2204 3159 2365 3199 omne
2396 3147 2447 3199 id
2475 3148 2615 3215 quod
2665 3156 2945 3217 portatur,
2984 3147 3196 3203 tametsi
3226 3156 3311 3203 est
3341 3147 3416 3202 le-

182 3244 567 3313 ἀναφλέγεσθαι
594 3243 711 3314 (24)
728 3259 741 3272 ·
777 3243 851 3314 μὴ
876 3243 1122 3313 ἐπαίρειν
1145 3241 1206 3293 δὲ
1235 3239 1524 3310 βάσταγμα
1544 3255 1557 3268 ·
1588 3256 1744 3292 τουτ-

185 3335 307 3397 έστι,
358 3335 431 3407 μὴ
476 3334 560 3406 τῷ
599 3334 753 3405 βάρει
802 3334 900 3404 τῆς
936 3332 1208 3405 ἁμαρτίας
1233 3328 1742 3403 καταφορτίζεσθαι,

185 3427 392 3496 καὶτῆς
436 3430 496 3480 ἐν
540 3425 660 3495 Θεῷ
694 3425 956 3495 διαμονῆς
1002 3424 1075 3494 μὴ
1110 3420 1480 3493 μεθίστασθαι,
1537 3421 1745 3492 ἑδραῖον

189 3515 400 3586 μένοντα
430 3517 530 3571 καὶ
554 3517 951 3586 ἀμετακίνητον
975 3516 1031 3568 ἐν
1066 3516 1132 3585 τῇ
1162 3513 1360 3567 πίστει.
1396 3511 1551 3567 Οὕτω
1573 3513 1628 3566 δὲ
1655 3529 1745 3565 τε-

183 3608 447 3674 λειοῦντας
472 3609 548 3662 τά
577 3607 852 3683 Σάϐὼτα,
898 3606 999 3660 οὐκ
1024 3608 1083 3659 ἐν
1108 3607 1172 3676 τῇ
1204 3604 1314 3658 τῶν
1337 3604 1522 3658 κακῶν
1554 3605 1743 3676 ἀργίᾳ,

185 3698 286 3751 ἀλλ’
310 3700 367 3752 ἐν
395 3702 462 3770 τῇ
492 3700 675 3769 ἀποχῇ
708 3696 817 3750 τῶν
839 3695 1207 3767 καθηκόντων,
1237 3695 1460 3758 είκότως
1481 3694 1748 3765 ἀποστρέ-

184 3790 348 3858 φεταί,
382 3792 478 3845 καὶ
505 3791 608 3843 οὐκ
639 3788 889 3859 ἀνέχεται
935 3787 1112 3841 αὐτῶν
1152 3787 1228 3851 ὡς
1248 3786 1480 3857 ψευδῶν.
1515 3785 1747 3840 Τοιαῦτα

184 3882 281 3950 γάρ
316 3883 421 3935 sic:
481 3881 599 3953 (25)
633 3880 701 3933 τά
736 3879 889 3950 παρὰ
939 3878 1019 3949 τῷ
1054 3878 1304 3949 προφήτῃ
1356 3877 1746 3948 ταλανιζόμενα

184 3972 425 4026 Σάϐϐατα
451 3990 467 4005 ·
512 3971 661 4026 οὐαὶ
695 3972 748 4025 οἱ
790 3968 1119 4039 ἐγγίζοντες
1147 3969 1245 4022 καί
1274 3972 1326 4023 οἱ
1352 3969 1747 4038 ἐφαπτόμενοι

182 4062 413 4129 ψευδῶν
435 4060 775 4117 Σαϐϐάτων.
820 4060 1073 4115 Σάϐϐατα
1113 4060 1170 4114 δὲ
1213 4060 1406 4131 ἀληθῆ,
1441 4062 1475 4132 ή
1523 4061 1749 4113 ἀποκει-

185 4155 307 4226 μένη
346 4156 658 4217 ἀνάπαυσις
677 4152 756 4224 τῷ
780 4152 895 4223 λαῷ
929 4151 1023 4205 τοῦ
1052 4152 1189 4205 Θεοῦ
1205 4169 1218 4183 ·
1254 4143 1394 4225 άπερ
1416 4152 1505 4206 διὰ
1530 4153 1590 4206 τὸ
1616 4153 1750 4225 ἀλη-

182 4241 296 4296 Θινά
316 4242 457 4299 εἶναι
497 4244 752 4314 ἀνέχεται
795 4243 823 4297 6
849 4243 1001 4306 Θεός.
1031 4245 1140 4297 Καὶ
1173 4243 1362 4313 φθάνει
1400 4261 1464 4312 γε
1490 4245 1576 4297 ἐπ’
1605 4247 1748 4300 ἐκεῖ-

182 4350 242 4384 να
285 4335 355 4388 τὰ
382 4333 643 4387 Σάϐϐατα
686 4334 786 4405 τῆς
842 4333 1222 4397 ἀναπαύσεως,
1281 4337 1412 4404 παρ’
1548 4336 1577 4388 6
1635 4335 1744 4407 (26)

180 4421 372 4492 κόσμος
399 4422 763 4494 ἐπαύροπαι,
789 4423 1031 4487 ἀποστάς
1049 4423 1289 4494 δηλονότι
1308 4425 1416 4479 τῶν
1446 4425 1743 4496 κοσμικῶν,

180 4515 267 4567 καὶ
299 4517 392 4568 ἐπὶ
431 4515 529 4569 τὸν
560 4515 693 4568 ἴδιον
729 4517 893 4569 τόπον
929 4515 1032 4586 τῆς
1079 4517 1455 4587 πνευματικῆς
1496 4517 1745 4571 ἀναπαύ-

181 4617 309 4666 σεως
333 4606 709 4675 καταντήσας,
741 4605 799 4656 ἐν
836 4599 917 4667 οἷς
940 4605 969 4655 6
994 4604 1282 4673 γενόμενος
1315 4604 1497 4657 οὐκέτι
1525 4602 1748 4675 κινηθή-

183 4708 323 4747 σεται
354 4696 467 4749 ἀπὸ
492 4694 590 4748 τοῦ
623 4696 754 4748 ίδίου
786 4694 972 4760 τόπου,
1025 4694 1255 4764 ἡσυχίας
1301 4695 1397 4748 καὶ
1448 4693 1747 4766 ἀταραξίας

181 4789 301 4860 περὶ
333 4788 432 4860 τὴν
475 4789 813 4841 κατάστασιν
847 4786 1062 4856 ἐκείνην
1089 4787 1457 4857 ὑπαρχούσης.
1495 4787 1605 4840 Καὶ
1636 4786 1747 4859 πῦρ

1848 3241 2148 3309 vissimum,
2196 3243 2405 3297 sarcina
2450 3244 2667 3312 dicitur,
2711 3243 2943 3314 exempli
2987 3258 3168 3309 causa,
3224 3245 3411 3310 vestis,

1846 3333 1930 3389 vel
1973 3334 2149 3405 panis,
2178 3335 2262 3389 vel
2295 3335 2546 3405 quaelibet
2600 3351 2687 3391 res
2723 3337 3050 3391 necessaria.
3080 3335 3219 3403 Quin
3247 3336 3411 3391 etiam

1840 3425 2025 3495 jubet,
2052 3436 2109 3480 ut
2139 3440 2205 3481 ne
2240 3426 2417 3496 ignem
2464 3427 2824 3482 accenderent
2859 3446 2873 3481 :
2902 3427 3003 3481 hoc
3031 3436 3114 3482 est
3141 3467 3155 3491 ,
3197 3441 3265 3481 ne
3292 3426 3413 3495 quis

1846 3516 1989 3571 sinat
2030 3530 2090 3571 se
2135 3532 2166 3571 a
2211 3517 2389 3571 carnis
2432 3518 2815 3587 cupiditatibus
2852 3519 3005 3574 exuri
3039 3537 3052 3573 :
3094 3534 3283 3574 rursus
3340 3533 3411 3573 ne

1846 3608 1969 3676 quis
1994 3609 2145 3663 tollat
2176 3609 2443 3664 sarcinam
2471 3649 2488 3675 ,
2542 3611 2594 3664 id
2617 3621 2701 3667 est
2739 3622 2799 3667 ut
2844 3626 2911 3666 ne
2943 3612 3178 3680 pondere
3208 3612 3411 3680 [occati

1847 3699 2188 3769 degravetur,
2249 3715 2349 3757 nec
2396 3703 2448 3755 in
2511 3703 2620 3757 Deo
2670 3718 2990 3772 permanere
3044 3704 3411 3773 supersedeat,

1846 3791 1940 3847 sed
1983 3791 2170 3848 firmus
2199 3795 2564 3863 intmotusque
2593 3796 2644 3848 in
2682 3794 2788 3849 [ide
2812 3807 3140 3866 perseveret.
3173 3794 3411 3851 Sabbata

1848 3890 2025 3936 autem
2052 3883 2143 3951 qui
2190 3883 2267 3937 sic
2292 3884 2576 3951 perficiunt
2599 3925 2614 3950 ,
2663 3901 2767 3939 non
2805 3895 2863 3938 ut
2904 3886 2970 3938 ah
2998 3885 3257 3953 improbis
3285 3900 3413 3954 ope-

1847 3973 1996 4028 ribus
2042 3974 2345 4039 desistant,
2375 3975 2470 4029 sed
2517 3984 2575 4027 ut
2598 3977 2918 4039 abstineant
2959 3976 3347 4045 disceduntque
3383 3991 3409 4027 a

1847 4078 1946 4118 suo
1977 4063 2184 4130 olIicio,
2239 4066 2339 4120 hos
2391 4067 2583 4120 merito
2630 4076 2910 4120 aversatur
2936 4066 3095 4132 Deus,
3144 4082 3246 4121 nec
3297 4069 3410 4136 ipsa

1849 4155 2085 4210 Sabbata
2137 4155 2327 4211 tolerat
2355 4164 2608 4224 tanquam
2655 4156 2930 4210 mendacia
2960 4165 3014 4210 et
3041 4156 3192 4208 falsa.
3221 4153 3411 4208 Enim-

1847 4260 1979 4302 vero
2016 4247 2282 4302 deilentur
2310 4263 2338 4299 a
2380 4248 2639 4317 prepheta
2683 4246 2943 4317 ejusmodi
2985 4245 3217 4299 Sabbata
3254 4263 3265 4296 :
3320 4243 3409 4297 Va:

1845 4339 1934 4409 qui
1952 4340 2371 4409 appropinquant
2404 4348 2450 4391 et
2478 4340 2739 4407 attingunt
2775 4336 3008 4392 Sabbata
3032 4335 3303 4388 mendacia
3334 4335 3409 4387 “i

1850 4428 2096 4500 Seposita
2149 4440 2327 4485 autem
2368 4430 2461 4484 Dei
2514 4430 2708 4498 pupulo
2753 4430 2964 4497 requies
3014 4427 3250 4481 Sabbata
3286 4441 3411 4479 vera

1852 4530 2007 4585 sunt,
2055 4537 2174 4590 quae
2215 4523 2356 4592 quod
2398 4536 2526 4577 vera
2567 4522 2709 4585 sint,
2750 4531 2901 4591 grata
2942 4521 3103 4575 habet
3157 4517 3316 4572 Deus.
3354 4518 3413 4570 Et

1851 4616 2002 4659 certe
2024 4608 2110 4661 cui
2140 4607 2370 4661 mundus
2398 4606 2689 4661 cruciﬁxus
2708 4613 2813 4671 est,
2850 4606 2896 4659 is
2925 4606 2990 4658 ad
3015 4604 3102 4658 illa
3122 4602 3414 4671 spiritualis

1855 4696 2112 4765 requietis
2138 4695 2367 4753 Sabbata
2407 4698 2685 4764 pervenit,
2724 4712 2844 4751 cum
2874 4711 2902 4748 a
2941 4697 3099 4750 rebus
3129 4696 3413 4749 mundanis
3470 4737 3474 4740 .

1853 4790 2158 4854 recesserit,
2189 4798 2350 4857 atque
2388 4789 2454 4843 ad
2480 4791 2751 4858 proprium
2797 4787 2961 4860 ἀ.οό
2998 4790 3196 4858 quietis
3237 4788 3411 4841 locum

244 4918 350 4975 "ll
384 4919 512 4976 Cor.
533 4918 703 4987 11,15.
777 4919 822 4951 ⁷⁷
851 4919 980 4974 ibid.
1009 4919 1096 4973 M.
1172 4919 1218 4950 ⁷⁸
1254 4918 1602 4984 Eccli.xxvu,
1625 4921 1709 4975 12.
1784 4924 1828 4956 ⁷⁸
1865 4924 2032 4980 Exod.
2055 4941 2218 4990 xxxv,
2236 4926 2289 4980 ὃ.
2364 4924 2410 4957 ⁸ο
2438 4924 2641 4981 Jerem.
2680 4940 2811 4992 xvn,
2839 4925 2928 4981 27.
3001 4926 3226 4979 “Amos
3258 4941 3328 4994 vr,
3355 4926 3406 4980 '5.

244 5039 522 5122 (gMEdjti
569 5053 693 5094 cum
744 5038 918 5094 tribus
971 5053 1124 5100 mss.,
1175 5040 1236 5092 ἐν
1284 5040 1436 5111 ἡμῖν.
1476 5038 1581 5094 Alii
1633 5050 1745 5098 tres

580 5177 888 5252 άλλοιοῦται
912 5177 1014 5252 τὴν
1044 5179 1184 5249 πρὸς
1205 5178 1282 5252 τὸ-
1300 5177 1415 5249 φῶς
1439 5180 1693 5252 ἐπάνοδον
1716 5184 1745 5236 ὁ

180 5247 382 5322 ἄφρων,
416 5250 514 5303 καὶ
541 5247 639 5322 τὴν
671 5248 768 5322 διά
793 5247 1101 5322 μετάνοιανέ
1139 5248 1285 5322 quod
1314 5247 1448 5303 'cum
1488 5251 1742 5305 vitiosum

183 5316 270 5385 sit,
298 5322 508 5390 putavit
534 5316 888 5375 Gombelisius
932 5317 1063 5372 illud
1085 5356 1101 5382 ,
1135 5316 1171 5371 ὅ
1200 5316 1411 5388 ἄφρων,
1434 5332 1742 5390 ειριιηεεηο

184 5391 301 5443 dum
329 5404 474 5453 esse,
518 5399 774 5456 tanquam
808 5387 990 5458 inepte
1029 5388 1337 5457 repetitum,
1379 5397 1435 5443 et
1479 5389 1742 5458 explenda

185 5427 756 5514 $62u‘i";"rifniXEKo
783 5427 1048 5512 αὰιῖίῖυἲη.
1087 5427 1337 5512 ἓὶίῒῒίῖ
1365 5427 1740 5514 ὅᾶοιῖιένεῖἒὶὲἶ

180 5526 488 5593 iudicasset,
528 5528 573 5581 si
605 5528 818 5582 codices
843 5541 970 5581 suos
997 5525 1217 5598 legisset
1236 5528 1513 5592 attentius,
1538 5529 1591 5582 in
1616 5530 1737 5598 qui-

185 5597 296 5663 lius,
329 5610 387 5654 et
419 5598 473 5652 in
500 5599 618 5652 aliis
646 5608 897 5665 quatuor,
930 5599 1001 5649 ita
1023 5595 1238 5665 legitur,
1267 5598 1345 5651 uti
1377 5595 1662 5660 edidimus.

248 5667 358 5738 (22)
377 5667 602 5723 Codices
632 5675 742 5738 tres
760 5707 777 5738 ε
805 5667 868 5719 τδ
886 5667 1285 5738 Ᾱχείρωλροπήν
1305 5683 1318 5697 ·
1340 5666 1581 5738 legendi:
1615 5667 1732 5723 Mox

187 5732 291 5808 tres
317 5732 473 5801 mss.,
498 5740 622 5808 ἑξῆς
646 5736 733 5790 ἀν.
757 5732 1051 5808 Ed‘iti'cu’m
1075 5732 1204 5805 Reg.
1230 5732 1503 5808 ίυτιξρςέξ
1543 5732 1609 5807 ἧς
1641 5738 1728 5792 ἄν.

190 5805 417 5865 Subinde
459 5803 750 5872 trea'mss.,
778 5804 965 5879 φέρειν
992 5803 1300 5876 βάσταγμα.
1334 5803 1534 5862 Ibidem
1566 5803 1729 5876 mss.,

1842 5045 2045 5119 scalpi}
2062 5044 2421 5119 LeEépxscectt.
2453 5044 2622 5119 Deest
2635 5044 2729 5119 καί
2754 5045 2806 5119 in
2842 5044 3022 5099 editis.

2175 5109 2305 5197 mss.
2332 5116 2556 5185 aliquot.
2583 5109 2864 5197 @diti,jv.

1915 5181 2028 5257 (24)
2051 5186 2130 5257 Ita
2159 5187 2395 5256 quinque
2423 5181 2667 5257 inss.‘At_
2682 5181 2833 5250 editi,
2862 5181 3408 5257 dyacp§psq0ar,li_aud

1844 5250 2326 5325 recte.'Aliquanto
2357 5267 2476 5322 post
2508 5254 2670 5324 aliqui
2706 5270 2856 5325 nisi"
2891 5254 2949 5325 ἐν
2968 5250 3246 5322 τῇπίστει
3266 5250 3408 5306 οὕτω

1841 5323 2156 5388 τελοῦνταςξ
2190 5327 2349 5381 Deest
2376 5326 2434 5378 ὲν
2463 5326 2515 5378 in
2550 5323 2959 5378 eXcusis'libris.

1914 5395 2026 5466 (25)
2056 5395 2277 5465 Aliquot
2301 5409 2455 5459 mss.,
2480 5393 2620 5466 ἐστί.
2655 5393 2790 5466 Mair
2827 5392 3072 5466 nonnulli
3110 5391 3406 5466 ῐηεεη-καὶ

1841 5466 1889 5516 oi
1918 5459 2016 5533 ἐφ.’
2038 5459 2227 5520 Deerat
2266 5466 2316 5519 οἱ
2343 5465 2394 5519 in
2427 5464 2612 5518 editis.
2655 5463 2848 5517 Statim
2880 5462 3045 5530 aliqui
3080 5459 3407 5533 mss.,‘2d6-

1840 5530 1979 5605 ϐατὰ
2005 5534 2066 5605 δὲ
2099 5534 2326 5605 ἀληθινά
2358 5535 2393 5604 ἡ
2425 5533 2786 5605 προκειμένη,
2814 5530 3328 5605 propositurequies.

1909 5603 2021 5675 (26)
2048 5606 2140 5659 Sic
2171 5601 2592 5675 nonnulii__mss.
2624 5601 2806 5675 Abest
2841 5604 2869 5656 6
2913 5601 2991 5675 ab
3028 5601 3209 5656 editis.
3254 5601 3403 5675 Alter
3432 5607 3439 5613 '

1832 5670 2102 5797 Eoum?“
2138 5674 2287 5746 παρὰ
2323 5675 2373 5727 6.
2407 5671 2518 5729 Hoc
2553 5673 2673 5747 ipso
2699 5673 2753 5730 iu
2792 5671 2911 5729 loco
2959 5670 3065 5728 duo
3112 5686 3263 5736 mss.,
3308 5672 3403 5724 καὶ

1873 5761 2005 5797 ποστ
2048 5762 2094 5797 ς,

1873 5761 2094 5808 ποστας.
