3828 6216
1058 303 1416 364 COMMENT.
1457 306 1527 364 ΙΝ
1566 307 1797 364 ιεΑιΑιι
1830 309 2268 371 PROPHETAM.
2310 314 2461 371 CAP.
2496 317 2539 374 Ῑ.

3320 320 3423 374 ιτα

228 418 467 488 στροφαῖς,
484 417 574 472 καὶ
599 420 664 491 τῇ
684 418 830 493 πρὸς¹
851 419 979 486 τούς
1000 418 1230 492 ὠφελεῖν
1260 426 1597 499 δυναμένους
1628 444 1756 481 συνε
1787 434 1806 489 1

1897 447 2071 501 ressu,
2095 434 2187 503 qui
2216 448 2337 488 cum
2376 434 2462 490 his
2494 433 2583 504 qui
2613 435 2871 505 prodesse
2904 443 3131 506 possunt
3156 434 3376 491 habetur
3405 452 3423 491 :

223 507 387 579 ουσίᾳο
415 507 547 562 ὥστε
590 509 650 562 τὸ
696 510 838 565 κατά
867 510 937 566 τὰ
985 510 1250 585 βρώματα
1291 517 1755 590 παρακολούθημα

224 595 338 654 εἶναι
363 601 453 671 τῆς
499 602 803 674 ἀσκήσεως.
850 603 934 657 Τὰ
962 604 1136 662 πολλά
1182 608 1280 678 μὲν
1317 605 1409 663 οὖν
1442 610 1585 663 κατὰ
1634 611 1758 665 νοῦν

226 692 533 764 ἐνεργοῦντος
571 693 666 749 τοῦ
715 697 1024 761 σπουδαίου,
1073 701 1163 753 καὶ
1210 701 1338 773 περὶ
1368 701 1468 773 τὴν
1500 703 1599 774 τῆς
1631 703 1759 775 ἀλη-

225 783 351 849 θείας
387 786 546 858 θήραν
575 788 952 859 ἐσχολακότος,
989 791 1234 861 ὀλιγάκις
1272 793 1327 847 δὲ
1361 795 1497 866 πρὸς
1522 795 1617 866 τὴν
1640 797 1761 849 ἐπι-

227 878 414 949 μέλειαν
434 880 526 950 τῆς
549 882 753 953 σαρκὸς
794 883 1231 951 καταβαίνοντος,
1259 883 1378 940 εἶτα
1411 888 1546 956 μετὰ
1575 888 1634 941 τὸ
1653 887 1764 942 λει-

223 971 484 1041 τουργῆσαι
514 971 583 1025 τὰ
628 975 902 1042 ἀναγκαῖα
936 975 1015 1046 τῷ
1052 972 1286 1046 σώματι,
1321 979 1386 1031 ὲκ
1424 976 1532 1031 τῶν
1579 981 1767 1033 ὲπιτυ-

226 1060 401 1131 χόντων
449 1064 918 1135 ἀπραγματεύτως
977 1065 1351 1139 διαιτώμενον,
1418 1070 1579 1135 εὐθὺς
1636 1072 1768 1125 ἀπο-

227 1153 473 1225 πηδῶντος
521 1158 620 1229 τῆς
652 1159 908 1229 ἀσχολίας
938 1159 1047 1215 τῶν
1064 1163 1388 1232 ἀνωφελῶν,
1418 1165 1511 1218 καὶ
1549 1166 1629 1229 είς
1669 1167 1768 1238 τὴν

225 1250 609 1322 προηγουμένην
628 1252 822 1305 ἑαυτοῦ
839 1251 985 1323 ζωὴν
1000 1254 1408 1327 ἀνατρέχοντος.
1440 1257 1504 1310 Ἡ
1530 1259 1638 1331 γὰρ
1658 1276 1769 1312 τοι-

222 1336 340 1407 αύτη
366 1340 543 1411 ἀγωγὴ
579 1343 759 1395 πᾶσαν
795 1343 1068 1415 ἀφορμὴν,
1093 1345 1160 1398 δι’
1184 1342 1252 1418 ἧς
1277 1348 1537 1418 τρέφεται
1555 1350 1615 1402 τὸ
1638 1351 1772 1420 ιρρό-

226 1444 352 1497 νημα
391 1429 483 1497 τῆς
534 1431 769 1501 σαρκὸς,
826 1432 1055 1506 ἐξαίρει,
1104 1436 1180 1498 ὼς
1233 1436 1429 1506 μηκέτι
1475 1437 1773 1491 καταδυνα-

225 1518 410 1574 στεύειν
434 1521 526 1575 τοῦ
558 1524 886 1594 πνεύματος,
937 1527 1072 1598 μηδὲ
1115 1531 1288 1582 ποιεῖν
1324 1527 1392 1581 τὰ
1428 1533 1600 1583 οἰκεῖα
1639 1531 1775 1603 ἔργα

223 1607 310 1679 τὴν
336 1610 520 1682 σάρκα,
547 1614 825 1686 πορνείαν,
861 1617 1225 1690 ἀκαθαρσίαν,
1257 1618 1448 1684 πάθος,
1483 1620 1775 1692 ἐπιθυμίαν

225 1703 397 1772 κακήν.
424 1704 815 1776 Νεκρώσαντες
841 1707 952 1777 (55)
979 1705 1070 1764 οὖν
1101 1710 1307 1763 ἑαυτῶν
1334 1710 1401 1763 τὰ
1427 1711 1562 1783 μέλη
1595 1711 1664 1764 τά
1685 1712 1775 1765 ἐπὶ

224 1794 310 1865 τῆς
347 1796 463 1867 τῆς,
507 1798 602 1851 καὶ
654 1797 744 1851 διὰ
793 1798 968 1866 λόγων
1016 1801 1426 1871 ὲπιπληκτικῶν
1475 1804 1774 1856 καταστελ-

223 1885 397 1940 λὸντων
425 1889 490 1942 τὰ
513 1888 686 1961 πάθη,
722 1889 817 1943 καὶ
838 1890 928 1945 διὰ
957 1891 1060 1961 τῆς
1089 1894 1302 1964 ἀποχῆς
1339 1894 1446 1948 τῶν
1474 1894 1776 1967 βρωμάτων

225 1979 581 2051 νηστεύσωμεν
641 1981 892 2053 νηστείαν
942 1983 1137 2055 δεκτὴν
1195 1986 1487 2056 εὐάρεστον
1537 1987 1614 2058 τῷ
1664 1988 1779 2040 Κυ-

226 2069 311 2141 ρίῳ
332 2070 456 2143 (36).
484 2073 643 2126 Ἔστι
673 2072 771 2143 μὲν
798 2069 890 2127 οὖν
923 2076 1016 2128 καὶ
1047 2078 1080 2146 ἡ
1124 2076 1305 2148 ἀποχὴ
1331 2077 1441 2132 τῶν
1477 2077 1780 2151 βρωμάτων

222 2160 472 2233 κωλυτικὴ
497 2162 609 2216 τῶν
658 2162 798 2217 κατὰ
834 2166 1079 2238 γαστέρα
1119 2166 1371 2238 ὀρέξεων,
1414 2170 1508 2222 καὶ
1543 2170 1652 2223 τῶν
1678 2171 1782 2224 ὑπὸ

220 2256 460 2328 γαστέρα.
484 2258 597 2311 Καὶ
619 2259 649 2311 ὁ
672 2257 958 2326 φιλόπονος
985 2260 1042 2313 δὲ
1066 2260 1351 2333 χρησίμως
1371 2262 1581 2328 τούτοις
1606 2264 1782 2319 ἐνδια-

220 2345 404 2415 τρίψει,
449 2347 591 2418 ἔχων
645 2348 950 2420 ὑπόδειγμα
985 2351 1095 2421 (ὃἹ)
1144 2352 1235 2405 τὸν
1269 2352 1446 2405 Ἠλίου
1511 2353 1644 2424 βίον,
1689 2356 1781 2408 τὸν

219 2432 464 2501 Μωσέως,
519 2437 615 2492 τὸν
665 2439 885 2511 Δανιὴλ,
929 2440 1021 2494 τὸν
1063 2442 1329 2506 Ἰωάννου,
1375 2445 1469 2498 καὶ
1524 2445 1616 2499 τὸν
1672 2446 1783 2499 τῶν

1860 520 1930 574 ita
1966 530 2024 575 ut
2077 523 2190 578 bare
2235 524 2481 578 ciborum
2537 524 2859 580 abstinentia
2911 526 3057 596 pium
3094 525 3216 579 vita:
3260 538 3431 596 genus

1860 614 2169 668 comitetur.
2220 613 2409 684 Itaque
2455 614 2559 668 viri
2605 616 2759 684 probi
2798 624 2883 671 est
2931 617 3100 671 multa
3149 616 3203 670 in
3251 624 3431 669 mente

1862 720 2101 771 versare,
2150 715 2312 777 atque
2363 708 2576 763 veritati
2638 709 2954 778 indagandae
3002 724 3221 778 operam
3279 708 3430 772 dare,

1861 806 1916 850 et
1947 813 2070 852 raro
2113 799 2180 851 ad
2231 798 2412 853 carnis
2450 813 2633 854 curam
2666 800 3022 866 descendere;
3057 800 3249 854 deinde
3284 808 3435 867 post-

1871 904 2032 958 quam
2055 892 2270 972 corpori
2296 890 2736 946 subministravit
2758 891 3063 946 necessaria
3100 890 3298 945 vilibus
3338 887 3435 940 ali-

1867 984 2066 1037 mentis
2112 984 2262 1038 nullo
2327 984 2545 1054 negotio
2618 984 2877 1053 parandis
2922 997 3180 1049 vescens;
3238 997 3436 1048 repen-

1869 1076 1982 1129 tino
2022 1090 2050 1128 a
2100 1090 2280 1129 rerum
2318 1075 2585 1130 inutilium
2632 1076 2986 1147 occupatione
3042 1089 3163 1129 sese
3218 1074 3438 1128 subtra-

1870 1166 1972 1230 hit,
2009 1175 2065 1219 et
2091 1166 2157 1218 ad
2204 1165 2486 1235 pristinum
2527 1166 2651 1220 vitae
2707 1181 2876 1237 genus
2917 1165 3169 1220 recurrit.
3225 1162 3435 1218 Etenim

1873 1256 1973 1310 hoc
2022 1256 2148 1310 vita:
2190 1270 2359 1324 genus
2401 1257 2754 1326 occasionem
2793 1271 3008 1313 omnem
3064 1271 3096 1311 e
3136 1255 3312 1309 medio
3350 1253 3442 1307 tol-

1874 1348 1956 1415 lit,
2000 1364 2104 1417 qua
2157 1349 2336 1403 carnis
2390 1347 2551 1420 405
2596 1351 2868 1405 nutriatur
2919 1347 3212 1418 petulantia
3258 1349 3440 1402 :adeo

1875 1450 1934 1494 ut
1991 1455 2097 1494 non
2177 1442 2407 1511 amplius
2454 1442 2509 1494 in
2565 1441 2815 1512 spiritum
2879 1448 3129 1497 exerceat
3196 1436 3444 1509 tyranni-

1875 1533 2040 1598 dem,
2095 1546 2273 1600 ncquc
2354 1546 2480 1586 caro
2544 1546 2707 1599 opera
2753 1531 2854 1586 sibi
2889 1530 3106 1600 propria
3161 1527 3438 1596 perﬁciat,

1880 1620 2323 1689 fornicationem,
2377 1622 2775 1677 immunditiam
2804 1661 2822 1687 ,
2865 1621 3179 1685 libidinem,
3246 1632 3444 1673 concu-

1882 1714 2198 1783 piscentiam
2229 1713 2507 1768 malam”.
2550 1713 2743 1768 Nostra
2777 1713 2943 1784 igitur
2994 1713 3230 1782 ipsorum
3275 1723 3445 1764 mem-

1881 1808 1977 1861 bra
2032 1821 2151 1875 quae
2178 1817 2305 1861 sunt
2356 1820 2521 1875 super
2572 1815 2796 1871 terram,
2856 1804 3266 1868 mortificantes,
3323 1815 3447 1869 per-

1880 1912 1985 1966 que
2021 1912 2300 1951 sermones
2333 1895 2735 1967 objurgatorios
2770 1895 2861 1964 qui
2910 1895 3233 1963 cupiditates
3290 1906 3447 1947 coer-

1881 1998 2062 2055 ceant,
2107 2004 2171 2043 ac
2217 2003 2315 2057 per
2366 1987 2609 2042 ciborum
2673 1986 3087 2051 abstinentiam,
3146 1982 3450 2053 jejunemus

1878 2081 2141 2151 jejunium
2199 2079 2427 2134 Domino
2489 2088 2767 2147 acceptum
2860 2086 3201 2148 gratumque.
3266 2074 3449 2128 Enim-

1880 2160 2277 2228 vcm'ventris
2323 2181 2379 2225 et
2430 2187 2610 2225 rerum
2670 2184 3026 2226 venerearum
3085 2166 3446 2236 appetentiam

1885 2264 2135 2320 refrenat
2189 2263 2433 2316 ciborum
2472 2259 2824 2315 abstinentia.
2866 2256 3039 2312 Porro
3087 2255 3178 2332 qui
3228 2255 3279 2308 in
3318 2251 3453 2307 tole-

1879 2354 2066 2409 randis
2118 2352 2397 2408 laboribus
2449 2361 2705 2406 strenuus
2759 2356 2867 2413 est,
2923 2348 2978 2402 in
3027 2346 3111 2400 his
3153 2360 3213 2400 se
3246 2344 3453 2398 utiliter

1883 2444 2183 2509 exercebit,
2210 2442 2513 2512 exemplum
2578 2441 2786 2497 habens
2842 2439 3010 2494 vitam
3044 2437 3197 2501 Elite,
3231 2435 3454 2506 Moysis,

220 2523 405 2580 λοιπῶν
435 2528 628 2597 ἁγίων,
662 2524 777 2585 ’Ὧν
812 2533 922 2584 οὐκ
945 2527 1025 2602 ἦν
1062 2530 1232 2601 ἄξιος
1257 2538 1290 2588 ό
1332 2537 1576 2605 κόσμος,
1609 2538 1666 2592 οἳ
1685 2551 1786 2593 πε-

1891 2534 2141 2597 Danielis,
2170 2533 2417 2599 Joannis,
2449 2542 2505 2588 et
2528 2533 2859 2602 reliquorum
2899 2538 3238 2592 sanctorum,
3258 2526 3456 2593 Quibus

216 2615 450 2686 ριῆλθον
465 2621 542 2675 ἐν
558 2622 887 2690 μηλωταῖς,
917 2623 987 2675 ἐν
1010 2625 1255 2694 αἰγείοις
1272 2625 1582 2697 δέρμασιν,
1605 2633 1785 2684 ὑστε-

1891 2645 1991 2682 non
2031 2629 2221 2699 dignus
2250 2635 2363 2682 erat
2392 2627 2642 2690 mundus,
2668 2625 2758 2693 qui
2801 2621 3116 2677 circuierunt
3144 2622 3197 2674 in
3235 2620 3457 2679 melotis,

217 2711 495 2780 ρούμενοι,
537 2713 897 2783 θλιϐόμενοι,
938 2719 1429 2787 κακουχούμενοι.
1468 2719 1605 2772 Ἀλλ’
1636 2720 1787 2776 οὔπω

1891 2722 1946 2776 in
1973 2720 2195 2792 pellibus
2231 2719 2498 2787 caprinis,
2554 2725 2778 2787 egentes,
2823 2711 3128 2785 angustiati,
3188 2708 3459 2782 amicti”.

220 2799 276 2852 τὸ
302 2802 356 2854 ὲν
384 2802 562 2874 ἀποχῇ
590 2802 894 2876 βρωμάτων
916 2806 1151 2874 εὔτονον,
1183 2810 1365 2863 ἰκανὸν
1384 2813 1464 2875 είς
1486 2812 1785 2879 τελείωσιν,

1892 2813 2001 2870 Sed
2026 2820 2253 2869 strenua
2301 2812 2677 2866 alimentorum
2713 2807 3034 2863 abstinentia
3072 2805 3210 2860 haud
3231 2804 3361 2859 satis
3379 2811 3464 2858 est

220 2891 307 2946 ἐὰν
337 2893 408 2965 μὴ
437 2896 535 2948 καὶ
568 2896 600 2967 ἡ
626 2896 772 2968 ψυχὴ
798 2898 855 2950 ὲν
878 2899 1130 2953 παντελεῖ
1153 2901 1330 2974 ἀποχῇ
1352 2901 1460 2955 τῶν
1485 2905 1790 2975 τρεφόντων

1893 2903 2236 2974 acquirendae
2263 2901 2607 2973 perfectioni,
2637 2899 2738 2955 nisi
2780 2898 2958 2953 anima
3004 2897 3069 2952 ab
3098 2896 3184 2950 bis
3209 2909 3327 2965 quae
3350 2909 3463 2948 ma-

223 2986 406 3040 κακίαν
433 2988 678 3062 ὑπάρχῃ.
717 2989 921 3062 ’Ὠσπερ
951 2990 1059 3063 γὰρ
1080 2992 1300 3057 διπλοῦς
1326 2996 1354 3049 ὁ
1384 2994 1687 3068 ἄνθρωπος,
1723 2999 1787 3051 ἐκ

1893 2996 2066 3049 litiam
2103 2994 2369 3060 nutriunt,
2398 3006 2623 3065 prorsus
2655 2990 2947 3047 abstineat.
2999 2985 3462 3055 Quemadmodum

221 3074 385 3147 ψυχῆς
414 3081 692 3144 συνεστὼς
722 3081 816 3135 καὶ
856 3081 1137 3153 σώματος’
1171 3083 1314 3138 οὕτω
1357 3087 1451 3140 καὶ
1493 3089 1549 3142 αἱ
1592 3088 1792 3159 τροφαὶ

1900 3085 2043 3140 enim
2071 3085 2269 3153 duplex
2306 3095 2389 3140 est
2415 3085 2598 3150 homo,
2628 3089 2884 3137 constans
2910 3080 3089 3134 anima
3131 3084 3184 3133 et
3207 3090 3463 3145 corpore:

221 3167 410 3229 διπλαῖ,
440 3170 772 3244 κατάλληλοι
800 3174 867 3244 τῇ
896 3173 1157 3246 ἑκατέρου
1202 3177 1459 3231 συστάσει
1503 3180 1796 3250 τυγχάνου-

1897 3178 1969 3232 ita
2006 3185 2062 3231 et
2122 3176 2363 3247 duplices
2409 3183 2538 3230 sunt
2589 3172 2717 3240 cibi,
2735 3173 2826 3242 qui
2879 3186 3001 3227 cum
3032 3169 3140 3225 sint
3187 3168 3468 3237 utriusque

223 3276 326 3325 σαι,
348 3262 714 3336 εὐτονώτερον
741 3265 879 3335 πρὸς
908 3263 1008 3329 τὰς
1044 3266 1252 3330 οἰκείας
1295 3267 1575 3337 ἐνεργείας
1597 3271 1794 3325 ἀποτε-

222 3350 362 3408 λοῦσι
388 3356 448 3408 τὸ
476 3355 592 3428 (58)
617 3356 972 3427 τρεφόμενον.
1005 3357 1217 3429 Ὠσπερ
1245 3357 1355 3433 γὰρ
1389 3360 1445 3413 ὲν
1465 3364 1579 3425 τοῖς
1598 3379 1798 3434 γυμνα-

226 3447 417 3509 στικοῖς
458 3449 516 3500 αί
557 3445 847 3517 ἀθλητικαὶ
885 3448 1082 3519 τροφαὶ
1128 3448 1267 3521 μετὰ
1297 3449 1405 3504 τῶν
1450 3452 1798 3524 καταλλήλων

225 3536 531 3605 γυμνασίων
564 3539 677 3600 τοῖς
710 3536 927 3608 σώμασι
979 3541 1410 3611 προσαγόμεναι,
1467 3543 1591 3598 ὅσον
1636 3561 1803 3598 κατα-

225 3627 550 3698 κρατοῦνται
607 3628 713 3681 ὐπὸ
766 3628 867 3699 τῆς
920 3629 1028 3684 τῶν
1085 3632 1434 3704 τρεφομένων
1489 3634 1799 3707 δυνάμεως,

225 3717 469 3774 τοσοῦτον
493 3721 582 3783 εἰς
612 3718 823 3784 εὐεξίαν
857 3719 1078 3791 μείζονα
1103 3722 1166 3775 τὸ
1193 3721 1353 3794 σῶμα
1387 3723 1682 3795 ἐξαίρουσι,
1713 3727 1806 3781 καὶ

227 3810 507 3883 προσθήκη
555 3811 719 3864 αὐτοῦ
761 3810 1043 3882 γινόμεναι
1081 3812 1169 3866 διὰ
1209 3813 1305 3867 τοῦ
1338 3814 1448 3887 (39)
1480 3817 1559 3881 είς
1588 3816 1685 3888 τὴν
1710 3816 1803 3870 τοῦ

230 3902 471 3973 σώματος
505 3902 991 3974 ἀναλαμϐάνεσθαι
1033 3904 1320 3958 σύστασινο
1354 3905 1496 3959 οὕτω
1530 3906 1624 3961 καὶ
1654 3909 1711 3961 ὲν
1740 3910 1804 3979 τῇ

227 3992 319 4063 τῆς
350 3995 645 4059 εὐσεϐείας
675 3996 907 4068 ἀσκήσει
930 3995 999 4050 τὰ
1034 3997 1137 4067 τῆς
1165 3998 1402 4061 πίστεως
1422 3997 1691 4069 δόγματα,
1716 4000 1808 4052 καὶ

229 4085 276 4137 οἱ
304 4085 651 4157 διορθωτικοὶ
673 4088 819 4157 λόγοι
844 4088 955 4142 τῶν
991 4089 1163 4159 ⁴Ιγθῶν,
1189 4090 1431 4162 συνεχῶς
1464 4093 1809 4163 προσαγόμε-

229 4191 304 4227 νοι
332 4179 397 4248 τῇ
423 4177 605 4249 ψυχῇ,
630 4178 726 4232 καὶ
755 4181 874 4243 ταῖς
898 4179 1039 4233 κατά
1064 4180 1256 4252 μικρὸν
1284 4182 1452 4252 αὐτὴν
1474 4181 1811 4254 προσθήκαις

230 4265 502 4335 αὔξοντες,
537 4269 916 4342 δυνατωτέραν
953 4271 1121 4343 αὐτὴν
1146 4272 1241 4326 καὶ
1270 4272 1709 4346 φιλοπονωτέραν
1735 4275 1814 4337 είς

229 4357 290 4412 τὸ
323 4359 597 4430 μειζόνων
624 4362 719 4415 καὶ
741 4361 1091 4434 τελειοτέρων
1125 4362 1234 4416 τῶν
1288 4366 1346 4417 ὲν
1388 4364 1618 4436 δόγμασι
1669 4366 1815 4419 διδα-

232 4451 455 4523 τμάτων
488 4453 853 4526 ἐπορέγεσθαι
890 4454 1421 4526 παρασκευάζουσιν.

295 4641 387 4697 '52.
422 4640 564 4695 Ἀπὸ
591 4642 691 4711 τῆς
716 4635 811 4692 οὖν
838 4637 950 4709 (40)
985 4640 1043 4692 ἐν
1079 4638 1156 4710 τῷ
1190 4639 1414 4712 κρυπτῷ
1443 4641 1694 4712 νηστείας
1719 4659 1822 4711 (pu-

1897 3238 2216 3325 substantia;
2245 3264 2452 3321 alenda:
2481 3238 2840 3327 accommo-di,
2897 3261 2949 3315 id
2978 3259 3118 3330 quod
3154 3258 3238 3312 his
3265 3257 3470 3311 enutri-
3501 3238 3513 3262 ’

1896 3368 1986 3415 tur
2011 3360 2076 3413 ad
2117 3358 2334 3430 propria
2379 3371 2476 3413 sua
2523 3369 2687 3426 Opera
2754 3354 3053 3407 exserenda
3101 3348 3328 3401 validius
3361 3346 3470 3400 for-

1902 3450 2114 3520 tiusque
2142 3447 2402 3505 cilicium.
2443 3446 2904 3514 Quemadmodum
2939 3443 3083 3496 enim
3123 3440 3177 3494 in
3202 3438 3469 3495 exercita-

1902 3542 2137 3597 tionibus
2185 3538 2538 3612 gymnasticis
2563 3537 2852 3592 athleticus
2892 3534 3074 3590 victus
3104 3532 3244 3588 inter
3276 3532 3469 3587 idonea

1902 3634 2165 3689 exercitia
2192 3631 2511 3702 corporibus
2557 3630 3032 3694 subministratus,
3068 3634 3269 3696 quanto
3299 3624 3471 3695 magis

1903 3723 2190 3795 subigitur,
2251 3731 2400 3776 tanto
2428 3734 2626 3791 corpus
2669 3720 2737 3775 ad
2766 3717 3190 3789 praestantiorem
3215 3730 3279 3771 ac
3308 3729 3471 3786 vege-

1909 3815 2099 3869 tiorem
2133 3811 2317 3878 evehit
2341 3810 2734 3875 habitudinem,
2758 3809 2917 3878 eique
2956 3808 3017 3862 iit
3052 3806 3315 3871 accessio,
3355 3818 3477 3875 pro-

1907 3903 2236 3974 ptereaquod
2277 3903 2331 3957 in
2374 3900 2614 3971 corporis
2635 3899 2991 3955 substantiam
3015 3906 3290 3953 transeat:
3318 3896 3394 3950 ita
3421 3904 3477 3950 et

1912 3999 1964 4052 in
1990 3997 2208 4066 pietatis
2261 3994 2649 4052 exercitatione
2697 3992 2817 4048 ﬁdei
2876 3993 3126 4062 dogmata
3156 4029 3173 4056 ,
3234 4003 3332 4044 nec
3368 4002 3478 4042 non

1912 4103 2189 4146 sermones
2220 4090 2287 4143 ad
2316 4102 2493 4141 mores
2538 4084 2907 4140 emendandos
2960 4082 3171 4147 idonei,
3225 4079 3479 4135 continuo

1911 4183 2107 4238 anima:
2128 4180 2378 4243 exhibiti,
2413 4188 2575 4247 atque
2631 4175 2886 4246 paulatim
2929 4173 3248 4245 quibusdam
3302 4169 3480 4222 incre-

1913 4271 2109 4327 mentis
2141 4270 2312 4341 ipsam
2341 4278 2618 4337 augentes,
2654 4248 3011 4320 robustiorem
3036 4276 3155 4317 eam
3183 4271 3237 4315 et
3263 4260 3314 4313 in
3351 4257 3479 4312 sub-

1916 4363 2107 4418 eundis
2142 4360 2416 4416 laboribus
2448 4358 2619 4428 magis
2641 4357 2872 4411 alacrem
2923 4354 3181 4417 reddunt;
3238 4360 3296 4404 ut
3319 4348 3482 4418 majo-

1842 4457 1886 4511 D
1921 4472 2031 4512 rem
2059 4453 2551 4525 perfectioremque
2581 4452 2887 4520 dogmatum
2935 4446 3235 4503 doctrinam
3273 4438 3485 4508 compa-

1917 4559 2019 4606 ret.
2918 4600 2923 4604 .

1987 4641 2077 4696 39..
2108 4640 2293 4708 Itaque
2325 4652 2354 4691 a
2377 4634 2584 4705 jejunio
2611 4633 2756 4704 quod
2802 4633 2856 4686 in
2912 4630 3126 4688 occulto
3163 4636 3266 4692 est,
3296 4641 3486 4682 caven-

232 4730 457 4787 λακτέον
524 4733 676 4802 ἡμῖν,
732 4730 832 4801 τῆς
866 4730 1009 4785 κατά
1056 4730 1269 4784 δικαίαν
1316 4730 1498 4801 κρίσιν
1549 4732 1798 4802 μισεῖσθα

1919 4736 2044 4791 dum
2076 4733 2233 4787 nobis
2264 4738 2365 4794 est,
2398 4728 2539 4797 quod
2563 4728 2709 4794 justo
2733 4724 2939 4793 judicio
2967 4725 3166 4778 dicitur
3206 4736 3237 4774 a
3261 4719 3486 4775 Domino

233 4822 540 4896 λεγομένης
571 4823 677 4877 ὑπὸ
701 4820 795 4875 τοῦ
829 4823 1060 4894 Κυρίου,
1096 4823 1226 4894 περὶ
1260 4818 1328 4893 ἧς
1365 4825 1460 4877 καὶ
1484 4825 1512 4878 ὁ
1541 4827 1806 4897 προφήτης

1920 4828 2044 4882 odio
2074 4824 2287 4888 haberi,
2316 4823 2459 4892 quod
2487 4832 2541 4875 et
2571 4820 2828 4891 propheta
2875 4820 3212 4886 deprecatur,
3269 4812 3482 4866 dicens:

233 4916 564 4989 ἀπεύχεται,
591 4913 764 4985 λέγων
783 4936 798 4950 ·
828 4917 911 4970 Οὐ
939 4915 1364 4984 λιμοκτονήσει
1385 4916 1599 4983 Κύριος
1623 4916 1806 4984 ψυχὰς

1924 4916 2049 4973 Νοη
2093 4915 2364 4983 interﬁciet
2417 4913 2556 4982 [ante
2606 4910 2858 4965 Dominus
2892 4909 3095 4962 anima:
3125 4902 3485 4975 justorum“.

303 5080 350 5111 "
381 5078 569 5135 Colos.
608 5086 700 5141 ιιι,
749 5076 803 5131 5.
879 5074 928 5106 °°
971 5071 1134 5129 Hebr.
1177 5088 1252 5139 ιι,
1297 5073 1389 5137 57,
1415 5072 1504 5127 58.
1581 5073 1623 5105 δι
1650 5069 1965 5136 Prov.x,5.

1923 5235 2083 5295 plura
2099 5233 2332 5295 utraque
2363 5219 2567 5274 admitti
2595 5223 2786 5295 potest.

2004 5293 2116 5365 ('59)
2146 5295 2218 5346 Ita
2247 5279 2362 5345 ἐει
2411 5305 2542 5344 mss.
2581 5279 2652 5365 Ᾱι
2692 5284 2844 5349 editi,
2871 5282 3141 5365 τόκειλιιειι
3191 5294 3293 5365 ιιρη
3337 5279 3495 5333 disst-

310 5347 573 5448 (ἐῦῖύιι
610 5373 835 5448 legimus
868 5373 920 5448 in
944 5372 1182 5427 editione
1213 5367 1410 5432 Paris.,
1430 5366 1508 5438 τῷ
1524 5366 1661 5441 Θεῷ,
1689 5365 1806 5437 legi

1931 5347 2404 5448 ini:li..A:A.liqttante~
2422 5359 2669 5448 ιιοειτάιιο
2699 5347 2933 5448 iussam
2954 5347 3255 5448 ὀρθωτιίξωίέ

245 5417 993 5513 ιιιιὶίιίιιιεεητῗῖιΚυρίῳη
1090 5510 1098 5513 _
1276 5507 1309 5513 __
1479 5421 1492 5438 ⁸
1606 5417 1661 5441 ν

1932 5417 1953 5513 V_
1994 5417 2443 5513 _(«i()_).’2_a}zd.zﬁé
2472 5424 2621 5513 ,οὖιῃ
2651 5436 2767 5509 .etc.
2823 5423 2936 5506 ῌοο
2969 5417 3491 5513 Διι

1072 5510 1146 5564 At
1178 5507 1310 5579 regii
1329 5507 1535 5576 primus
1558 5516 1606 5560 ct
1633 5505 1806 5563 tertius

1921 5487 2140 5584 ἆςίἷιηὶο
2164 5487 2435 5587 interioris
2465 5487 2709 5587 nominis,
2745 5512 2778 5548 a
2806 5492 3012 5587 jejunio
3042 5487 3182 5587 publi
3219 5489 3379 5565 ιιὶιιὶιιί
3411 5500 3492 5587 to-

1933 5561 2138 5642 iinsque
2187 5570 2410 5625 (micatis
2445 5561 2871 5644 doctrinwut‘tttt
2929 5565 2997 5620 de
3041 5561 3216 5617 inedia
3266 5561 3526 5627 scriptor]

1934 5658 2057 5696 mox
2083 5640 2403 5696 disserebat.

1934 5658 2057 5698 mox
2083 5643 2403 5698 disserebat.

332 5236 426 5304 35)
467 5233 636 5298 Editi,
675 5232 1046 5304 νεκρώσαντα.
1085 5230 1151 5284 At
1177 5228 1416 5299 quinque
1444 5224 1820 5297 tnss.,vsxptb-

241 5323 458 5369 σαντες.

246 5594 301 5641 et
324 5585 417 5637 alii
454 5596 571 5639 tres
601 5587 675 5638 uti
704 5585 757 5637 in
790 5591 1069 5638 contextu.

320 5655 439 5726 ('58)
462 5655 543 5708 Ita
567 5664 800 5723 quatuor
841 5666 971 5706 mss.
1015 5648 1157 5726 Editi
1203 5663 1331 5704 vero
1358 5645 1572 5726 et‘ﬁcg.
1611 5644 1819 5726 tertius,

244 5714 339 5782 τὰὗ
382 5714 556 5780 Illum
584 5714 850 5779 hominem
890 5722 1059 5786 magis
1080 5720 1310 5774 alacrem
1367 5716 1622 5785 efﬁciunt.
1677 5714 1821 5771 Scri—
