3828 6216
348 279 451 334 183

1296 280 1638 339 APPENDIX
1679 280 1967 338 OPERUM
2006 281 2066 338 S.
2109 282 2354 338 BASiLll
2388 281 2622 341 MAGNL

3487 281 3588 336 184

349 391 629 459 Siquidem
662 407 767 447 non
822 392 890 447 de
921 392 1184 462 corporali
1239 392 1377 449 fame
1410 395 1651 465 loquitur
1686 395 1904 467 (alioqui

2018 397 2254 452 δικαίων
2284 396 2418 470 (4i).
2465 397 2541 451 Οὺ
2589 395 2698 468 γὰρ
2750 394 2878 468 περὶ
2921 395 3017 450 τοῦ
3066 370 3376 467 σωματικοῦ
3424 397 3587 469 λιμοῦ

351 485 598 543 dixisset.
616 496 840 551 corpora
861 483 1175 553 iustarum),
1196 483 1287 539 sed
1303 484 1370 539 de
1390 486 1689 539 animarum
1711 487 1904 541 inedia.

356 575 479 631 Non
523 576 664 632 enim
699 576 975 644 interﬁt-iet
1022 577 1162 647 fame
1206 579 1409 632 animus
1444 580 1754 647 justorum:
1783 580 1909 635 alio-

346 668 476 737 quin
501 669 603 721 hoc
632 675 790 737 pacto
823 668 873 720 in
910 667 1191 721 beatorum
1225 669 1331 721 vita
1376 666 1552 723 futura
1604 679 1748 724 esset
1779 686 1909 725 con-

350 758 623 821 trarietas,
675 757 1107 827 quandoquidem
1162 757 1356 813 Paulus
1400 758 1452 812 in
1485 758 1571 814 his
1619 760 1685 814 de
1716 761 1909 830 quibus

351 849 612 915 gloriatur
662 849 716 903 id
767 859 1092 904 enumerat;
1143 849 1209 903 In
1249 850 1475 921 jejuniis
1516 868 1649 921 saepe
1675 850 1756 917 είς
1783 853 1907 907 item

349 938 512 993 illud:
547 936 612 993 In
640 940 777 1007 fame
800 951 845 994 et
886 940 976 993 siti
1002 940 1070 993 ".
1095 939 1312 995 Famem
1346 950 1527 996 autem
1576 957 1605 996 a
1638 940 1799 1010 justis
1826 942 1919 996 des

347 1042 618 1100 precatur.
651 1032 845 1087 Verum
874 1035 1086 1104 singula
1131 1036 1244 1090 litec
1275 1047 1493 1107 prastat
1530 1035 1684 1107 juxta
1741 1039 1909 1091 subli-

348 1123 574 1176 miorem
594 1124 785 1178 inedia:
806 1124 1213 1192 intelligentiam
1239 1125 1607 1194 interpretari.
1641 1126 1906 1193 Ejusmodi

346 1223 432 1268 est
458 1222 513 1268 et
545 1215 673 1270 illud
700 1234 713 1270 :
747 1214 869 1270 Non
897 1218 1002 1270 vidi
1027 1219 1232 1286 justum
1265 1218 1589 1279 derelictum,
1617 1233 1708 1271 nec
1737 1232 1909 1270 semen

346 1306 463 1376 ejus
491 1324 727 1377 quu'rem
756 1325 942 1377 panem
972 1309 1041 1363 ".
1097 1309 1441 1364 Meminimus
1464 1312 1606 1363 enim
1642 1309 1788 1373 Elim,
1818 1309 1908 1375 qui

347 1411 378 1450 a
411 1397 667 1452 Sidonide
702 1399 887 1468 petivit
911 1414 1101 1469 panem
1127 1401 1210 1454 ’δι
1243 1399 1371 1468 quin
1430 1410 1484 1455 et
1514 1415 1693 1454 semen
1722 1397 1908 1452 Jacobi

347 1492 402 1544 in
436 1490 667 1561 Egypto
717 1508 883 1563 panes
934 1492 1231 1562 quaerebat.
1290 1491 1444 1559 Quod
1494 1493 1536 1547 si
1566 1490 1911 1544 vitaverimus

347 1581 612 1652 abiectam
645 1594 700 1638 et
736 1584 993 1639 humilem
1028 1584 1465 1654 intelligentiam,
1485 1584 1594 1653 jam
1626 1588 1912 1637 evanescet

347 1686 410 1726 ea
440 1687 559 1741 qua:
596 1673 648 1725 in
683 1674 966 1728 verborqu
1002 1674 1357 1743 repugnantia
1409 1674 1510 1727 sita
1566 1680 1651 1726 est
1688 1670 1906 1740 ineptia.

2009 489 2156 558 λέγει
2188 488 2242 561 (ἦ
2273 488 2382 561 γὰρ
2431 489 2497 542 ἂν
2536 485 2679 552 εἷπε,
2717 485 2944 558 σώματα
2982 487 3252 554 δικαίων),
3290 488 3426 542 ἀλλὰ
3457 493 3591 563 περὶ

2007 581 2102 635 τοῦ
2133 580 2384 652 ψυχικοῦ.
2410 583 2493 636 Οὐ
2522 580 2630 651 γὰρ
2650 579 3072 650 depositorque:
3095 581 3300 650 ψυχὰς
3318 581 3585 637 δικαίων·

2008 671 2150 726 οὕτω
2198 673 2244 726 δ’
2284 672 2352 726 ἂν
2402 673 2497 726 καὶ
2543 671 2847 742 ἐναντίωμα
2899 667 2966 742 ῆν
3011 671 3144 743 πρὸς
3195 673 3304 741 (43)
3342 673 3451 727 τὸν
3476 673 3590 728 τῶν

2012 765 2294 835 μακαρίων
2328 764 2461 834 βίον,
2512 764 2670 835 εἴπερ
2713 762 2926 828 Παῦλος
2979 763 3079 835 μὲν
3126 765 3184 817 ἐν
3225 766 3338 828 τοῖς
3376 767 3590 837 καυχή-

2013 872 2177 926 μασιν
2206 855 2431 928 ἀριθμεῖ
2455 855 2537 920 τὸ,
2578 857 2674 910 Ἐν
2704 857 3010 923 νηστείαις
3038 855 3353 923 πολλάκις,
3380 859 3477 911 καὶ
3501 858 3586 921 τὸ,

2022 947 2126 1000 Ἐν
2149 947 2302 1017 λιμῷ
2332 946 2432 1000 καὶ
2471 946 2653 1015 δίψει.
2689 947 2793 1000 Τὸν
2831 946 2887 1000 δὲ
2934 946 3092 1017 λιμὸν
3142 946 3441 1019 ἀπεύχεται
3471 952 3592 1012 τοῖς

2009 1037 2254 1103 δικαίοις.
2297 1039 2456 1092 Ἀλλὰ
2508 1039 2711 1109 βέλτιον
2763 1037 2970 1093 τούτων
3024 1038 3252 1093 ἕκαστον
3300 1039 3441 1093 κατὰ
3491 1040 3589 1093 τὸν

2011 1131 2341 1203 ὑψηλότερον
2391 1133 2518 1203 περὶ
2566 1132 2773 1196 ἐνδείας
2815 1130 2940 1185 νοῦν
2985 1127 3285 1196 ἐξακούειν.
3329 1131 3588 1185 Τοιοῦτόν

2009 1224 2126 1277 ἐστι
2150 1225 2243 1277 καὶ
2260 1223 2342 1285 τὸ,
2367 1226 2488 1278 Οὐκ
2510 1220 2673 1279 εἶδον
2697 1223 2929 1278 δίκαιον
2951 1222 3584 1292 ἐγκαταλελειμμένον,

2010 1314 2152 1368 οὐδὲ
2174 1314 2239 1368 τὸ
2268 1314 2508 1383 σπέρμα
2532 1314 2717 1369 αὑτοῦ
2743 1313 2960 1383 ζητοῦν
2977 1313 3215 1382 ἄρτους.
3244 1314 3589 1385 Μεμνήμεθα

2010 1405 2121 1476 γὰρ
2159 1405 2337 1457 Ἠλίου
2371 1404 2707 1475 ζητήσαντος
2747 1403 2910 1475 ἄρτον
2944 1403 3093 1475 παρὰ
3135 1403 3238 1474 τῆς
3291 1403 3585 1468 Σιδωνίας*

2011 1493 2146 1548 ἀλλὰ
2190 1493 2283 1546 καὶ
2322 1495 2381 1548 τὸ
2429 1493 2652 1565 σπέρμα
2695 1492 2917 1558 Ἰακὼϐ,
2957 1494 3052 1548 τοῦ
3100 1493 3341 1556 δικαίου,
3385 1495 3590 1566 ἄρτους

2012 1584 2191 1657 ἐζήτει
2222 1585 2332 1654 (45)
2367 1586 2445 1647 εἰς
2483 1585 2774 1653 Αἴγυπτον.
2822 1583 2947 1638 Ἐὰν
2983 1584 3040 1641 δὲ
3078 1582 3335 1654 φύγωμεν
3365 1585 3463 1655 τὴν
3486 1603 3590 1639 τα-

2013 1677 2202 1748 πεινὴν
2240 1676 2468 1743 ἔννοιαν,
2506 1677 2601 1730 καὶ
2636 1679 2669 1747 ἡ
2702 1679 2761 1731 ἐν
2796 1678 2909 1740 τοῖς
2958 1675 3350 1746 ἐναντιώμασιν
3384 1677 3591 1732 ἀτοπία.

348 1740 621 1831 Ejusmodi
648 1763 808 1832 igitur
827 1763 1029 1833 ieiunia
1053 1740 1370 1836 jejunabant
1391 1762 1579 1828 iud-ci,
1606 1764 1748 1818 fame
1779 1777 1909 1816 ene-

2018 1740 2505 1837 συνδιαλυθήσεται.
2540 1740 2752 1831 Ταύτας
2774 1761 2865 1820 οὖν
2899 1740 3305 1838 ἐνήστευον-τὰς
3332 1767 3591 1838 νηστείας

344 1863 532 1909 cantes
576 1855 885 1910 interiorem
935 1871 1092 1910 suum
1151 1856 1447 1916 hominem,
1503 1856 1644 1925 quod
1666 1856 1731 1909 ad
1766 1857 1910 1927 ipsos

345 1945 678 2015 pervenisset
709 1946 1051 2000 comminatio
1083 1945 1193 2012 illa,
1233 1961 1351 2016 quae
1382 1945 1541 2001 dicit:
1578 1946 1741 2019 406
1775 1946 1909 2004 Ecce

344 2038 453 2091 dies
477 2041 705 2099 veniunt,
733 2037 862 2090 dicit
886 2036 1160 2100 Dominus,
1197 2047 1245 2090 et
1272 2037 1520 2091 inducam
1542 2055 1698 2107 super
1715 2049 1909 2094 terram

344 2130 483 2184 lianc
517 2130 707 2199 {autem
735 2148 753 2182 :
782 2146 886 2183 non
932 2130 1126 2198 [autem
1148 2132 1327 2199 panis,
1362 2146 1522 2200 neque
1563 2134 1704 2186 sitim
1722 2149 1907 2203 aqum;

343 2225 434 2278 sed
449 2225 639 2289 fument
670 2220 923 2276 audiendi
944 2222 1154 2276 uerbum
1185 2221 1397 2276 Domini
1414 2223 1480 2277 “.
1502 2223 1685 2293 Itaque
1708 2224 1911 2293 jejuuia

344 2314 523 2369 odisse
554 2329 612 2368 se
643 2313 773 2368 dicit
798 2313 1077 2379 Dominus,
1127 2328 1338 2381 eorum,
1370 2316 1458 2384 qui
1487 2316 1725 2371 animum
1753 2333 1906 2372 suum

345 2404 636 2461 cont‘miuut
664 2405 879 2471 quidem
907 2404 1028 2458 tabe
1058 2418 1172 2473 prae
1202 2405 1518 2471 salutarium
1536 2421 1600 2460 ac
1627 2406 1907 2462 viviﬁcan-

250 2487 255 2493 ’
346 2496 479 2549 ιίυιιι
512 2496 959 2549 documentorum
985 2494 1160 2548 inedia
1187 2511 1200 2547 :
1229 2494 1321 2549 sed
1344 2494 1752 2566 pinguefaciunt
1775 2513 1909 2567 pra-

345 2596 431 2641 ter
506 2586 722 2641 modum
794 2584 1148 2654 saginantque
1210 2586 1530 2640 exteriorem
1611 2587 1907 2647 hominem.

344 2674 967 2745 Quemadmodumenim
988 2675 1041 2730 in
1072 2677 1219 2731 libra:
1238 2686 1528 2742 momento,
1552 2680 1765 2746 quando
1782 2677 1906 2733 lanx

344 2769 514 2821 altera
568 2766 817 2823 deorsum
855 2766 1045 2838 vergit,
1103 2782 1164 2821 ea
1195 2782 1313 2837 quae
1358 2767 1482 2822 huic
1513 2769 1747 2834 obversa
1803 2779 1907 2833 est,

345 2857 643 2913 attollitur:
681 2859 799 2929 pari
854 2861 1067 2913 ratione
1122 2860 1173 2911 iu
1234 2861 1451 2914 homine
1506 2860 1556 2914 id
1589 2860 1759 2929 ipsum
1793 2860 1906 2916 ﬁeri

350 2953 525 3023 quivis
554 2953 835 3009 advertere
870 2962 1067 3023 potest.
1098 2951 1231 3005 Cum
1261 2952 1403 3006 enim
1429 2952 1726 3022 pinguescit
1758 2968 1906 3018 caro,

347 3045 612 3116 contingit
640 3052 873 3099 mentem
916 3043 1027 3097 ﬁeri
1056 3042 1286 3112 quodam
1321 3042 1479 3096 modo
1515 3042 1903 3108 infirmiorem;
1935 3067 1977 3125 α

345 3136 625 3194 extenuari
679 3149 805 3189 vero
855 3149 1223 3203 saepenumero
1278 3146 1534 3196 carnem,
1595 3133 1720 3186 dum
1761 3147 1910 3188 mens

311 3232 542 3285 .iternm
578 3230 718 3283 bona
755 3227 1066 3281 habitudine
1113 3227 1333 3294 gaudet.
1386 3223 1453 3279 Et
1504 3225 1557 3279 id
1618 3225 1792 3294 ipsum
1830 3233 1913 3280 est

345 3322 488 3391 quod
521 3321 596 3374 ait
651 3317 963 3389 Apostolus,
1020 3318 1183 3387 quod,
1248 3324 1508 3385 quantum
1550 3317 1913 3384 corrumpitur

345 3414 588 3468 exterior
612 3413 794 3478 homo,
842 3421 1049 3467 tantum
1093 3416 1386 3463 renovatur
1434 3408 1658 3463 interior
1688 3408 1911 3462 ".Ite-m

346 3505 478 3559 illud
506 3521 520 3558 :
553 3502 778 3569 Quando
836 3502 1097 3570 inﬁrmor,
1152 3512 1276 3553 tunc
1325 3509 1505 3569 potem
1539 3515 1655 3552 sum
1682 3498 1748 3552 ³⁸.
1777 3498 1909 3553 Nam

347 3597 652 3667 iuligiuosaa
693 3596 936 3662 quaedam
973 3590 1345 3646 exhalatioues
1376 3605 1440 3644 ex
1476 3591 1691 3660 copioso
1717 3598 1771 3644 et
1796 3590 1917 3659 pin-

348 3687 437 3757 gui
468 3685 722 3739 alimento
756 3684 994 3744 emissae,
1054 3684 1233 3736 densa:
1271 3679 1430 3734 nubis
1486 3679 1657 3734 instar
1680 3679 1911 3734 infusam

349 3782 541 3834 anima!
570 3793 598 3830 a
625 3777 832 3846 Spiritu
861 3785 1050 3832 sancto
1076 3773 1489 3828 illustrationem
1543 3772 1909 3843 intercipiunt.

347 3868 615 3936 Quocirca
647 3878 701 3921 et
726 3866 932 3936 Moyses
968 3867 1033 3920 ad
1070 3866 1161 3921 Dei
1202 3865 1709 3933 contemplationem
1737 3875 1913 3919 mente

348 3962 672 4025 ascendens,
727 3958 1078 4030 quadraginta
1145 3957 1315 4012 diosa
1352 3957 1473 4011 cibo
1528 3965 1763 4025 potuque
1788 3972 1911 4026 per-

349 4063 666 4109 severanter
690 4049 983 4112 abstinuit;
1019 4047 1217 4118 quippe
1244 4046 1334 4116 qui
1362 4047 1641 4102 statuisset
1671 4053 1729 4100 ut
1766 4047 1914 4114 priu-

347 4160 477 4216 ceps
517 4143 709 4197 animae
736 4154 848 4195 suae
883 4138 1114 4193 facultas
1159 4137 1581 4206 perturbationis
1607 4137 1781 4190 omnis
1817 4152 1911 4192 ex-

349 4251 476 4307 pers
508 4233 843 4303 persisteret.
871 4229 1136 4284 Similiter
1168 4226 1336 4290 Elias,
1361 4228 1529 4281 Deum
1566 4229 1909 4297 quaesiturus,

349 4326 541 4397 aequali
583 4323 839 4394 temporis
870 4319 1156 4376 intervallo
1205 4334 1359 4374 escas
1392 4319 1673 4384 fastidivit,
1715 4333 1781 4372 ne
1807 4335 1909 4388 qua

2008 1859 2057 1910 oi
2102 1857 2360 1920 Ἰουδαῖοι,
2391 1856 2834 1927 λιμοκτονοῦντες
2866 1857 3073 1910 ἑαυτῶν
3103 1857 3192 1910 τὸν
3226 1857 3333 1911 ἐσω
3364 1857 3589 1928 ἄνθρω-

2009 1963 2133 2013 πον,
2159 1948 2248 2001 διὰ
2265 1949 2325 2002 τὸ
2354 1949 2562 2017 φθάσαι
2588 1951 2673 2002 ἐπ’
2699 1950 2895 2012 αὐτοὺς
2925 1949 3024 2021 τὴν
3047 1948 3309 2016 λέγουσαν
3331 1949 3586 2019 ἀπειλὴν.

2008 2041 2089 2094 ὃτι
2135 2040 2288 2095 Ἰδοὺ
2343 2040 2554 2110 ἡμέραι
2610 2040 2886 2111 ἔρχονται
2911 2081 2926 2107 ,
2975 2041 3139 2112 λέγει
3188 2042 3422 2109 Κύριος,
3483 2041 3590 2097 καὶ

2007 2130 2207 2197 ἐπάξω
2239 2118 2351 2203 (44)
2380 2131 2477 2185 ἐπὶ
2510 2132 2624 2201 τὴν
2660 2131 2779 2201 γῆν
2806 2132 3032 2199 ταύτην
3066 2132 3264 2202 λιμὸν,
3301 2135 3374 2186 οὐ
3406 2130 3593 2201 λιμὸν

2008 2221 2214 2292 ἄρτου,
2247 2221 2388 2277 οὐδὲ
2411 2221 2600 2291 δίψαν
2620 2221 2853 2288 ὕδατος,
2884 2220 3045 2277 ἀλλὰ
3066 2223 3245 2292 λιμὸν
3270 2224 3378 2278 τοῦ
3404 2223 3590 2277 ἀκοῦ-

2009 2328 2113 2366 σαι
2154 2313 2340 2382 λόγον
2361 2313 2604 2382 Κυρίου.
2646 2311 2861 2377 Ταύτας
2904 2309 2996 2367 οὖν
3036 2312 3135 2377 τὰς
3186 2315 3444 2385 νηστείας
3492 2332 3589 2384 μι-

2011 2406 2122 2457 σεῖν
2149 2404 2296 2472 λέγει
2317 2406 2346 2457 ὁ
2378 2403 2581 2475 Κύριος
2602 2403 2735 2473 (45),
2761 2405 2871 2457 τῶν
2890 2406 3230 2474 ἐκτηκόντων
3256 2406 3352 2476 μέν
3378 2405 3592 2459 ἐαυτῶν

2010 2492 2101 2545 τὸν
2147 2494 2270 2546 νοῦν
2317 2496 2374 2548 ἐν
2419 2493 2653 2565 ἀτροφίᾳ
2694 2493 2803 2547 τῶν
2841 2494 3123 2565 σωτηρίων
3168 2496 3262 2550 καὶ
3308 2496 3593 2560 ζωοποιῶν

2009 2584 2371 2656 διδαγμάτων,
2401 2585 2865 2655 ὐπερπιαινόντων
2892 2585 2948 2638 δὲ
2972 2586 3066 2640 καὶ
3094 2587 3593 2658 κατασαρκούντων

2008 2678 2098 2731 τὸν
2132 2678 2237 2742 ἔξω
2272 2678 2575 2750 ἄνθρωπον.
2615 2679 2725 2732 Καὶ
2757 2678 2866 2751 γὰρ
2893 2678 3083 2751 ῶσπερ
3118 2682 3176 2735 ἐν
3217 2679 3383 2749 ζυγοῦ
3421 2682 3591 2752 ῥοπῇ,

2009 2770 2135 2823 ὅταν
2167 2768 2397 2840 βαρῆται
2444 2768 2505 2822 τὸ
2562 2769 2767 2840 ἕτερον,
2822 2769 3118 2838 ἀνυψοῦταί
3176 2788 3293 2835 πως
3337 2770 3398 2823 τὺ
3438 2770 3593 2823 ἀντι-

2009 2856 2259 2928 κείμενον
2284 2875 2296 2887 ·
2327 2857 2470 2910 οὕτω
2517 2858 2611 2911 καὶ
2669 2857 2762 2910 ἐπὶ
2803 2856 3088 2929 ἀνθρώπου
3131 2857 3241 2929 (46)
3292 2857 3593 2928 συμϐαῖνον

2011 2949 2109 3003 ἴδοι
2137 2966 2221 3013 τις
2242 2949 2326 3002 ἄν.
2359 2948 2566 3018 Σαρκὸς
2593 2947 2689 3018 μὲν
2716 2946 2824 3018 γὰρ
2845 2946 3277 3019 πληθυνομένης,
3300 2947 3592 3018 συμϐαίνει

2008 3039 2100 3091 τὸν
2133 3037 2257 3093 νοῦν
2317 3056 2434 3102 πως
2485 3037 2871 3111 ἀσθενέστερον
2923 3038 3199 3104 γίνεσθαι·
3245 3037 3339 3092 τοῦ
3392 3038 3485 3091 νοῦ
3532 3038 3595 3090 δὲ

2014 3132 2174 3187 πάλιν
2223 3130 2567 3192 εὐεκτοῦντος
2590 3172 2606 3197 ,
2657 3130 2756 3201 τὴν
2810 3131 2989 3201 σάρκα
3043 3130 3301 3194 πολλάκις
3355 3130 3594 3185 καταλε-

2013 3224 2328 3279 πτύνεσθαι.
2363 3225 2471 3278 Καὶ
2517 3224 2672 3278 τοῦτό
2710 3227 2856 3293 ἐστιν
2902 3224 2931 3275 ὅ
2977 3241 3140 3295 φησιν
3179 3225 3209 3276 ὁ
3247 3224 3593 3287 ’Δπόστολος,

2012 3320 2092 3372 ὅτι
2120 3320 2241 3372 ὅσον
2270 3319 2298 3371 ὁ
2330 3316 2433 3382 ἔξω
2464 3317 2745 3389 ἄνθρωπος
2775 3316 3145 3386 διαφθείρεται
3177 3315 3310 3387 (47),
3338 3315 3605 3372 τοσοῦτον

2012 3410 2041 3461 ὁ
2081 3408 2189 3462 ἔσω
2230 3408 2645 3462 ἀνακαινοῦται*
2690 3407 2784 3461 καὶ
2832 3407 2911 3471 τὸ,
2943 3407 3120 3459 Ὅταν
3166 3404 3422 3470 ἀσθενῶ,
3457 3405 3601 3459 τότε·

2014 3500 2270 3565 δυνατός
2297 3503 2432 3569 ειμι.
2462 3500 2575 3570 Τῆς
2620 3498 2730 3571 γὰρ
2766 3497 3019 3567 δαψιλοῦς
3060 3499 3156 3551 καὶ
3194 3496 3423 3567 παχείας
3462 3513 3595 3567 τρο-

2015 3588 2121 3658 φῆς
2152 3589 2467 3653 αἰθαλώδεις
2504 3589 2646 3654 τινὲς
2677 3589 3069 3659 ἀναθυμιάσεις
3111 3586 3593 3657 ἀναπεμπόμεναι,

2012 3680 2241 3749 νεφέλης
2274 3680 2428 3749 δίκην
2456 3681 2666 3751 πυκνῆς
2698 3681 2793 3744 τὰς
2828 3681 2934 3734 ἀπὸ
2962 3678 3057 3733 τοῦ
3090 3680 3245 3747 ἁγίου
3277 3679 3387 3748 (48)
3419 3677 3596 3732 Πνεῦ-

2017 3788 2188 3843 ματος
2220 3772 2577 3842 ἐγγινομένας
2628 3772 2921 3843 ἐλλάμψεις
2967 3774 3048 3835 εἰς
3102 3772 3193 3824 τὸν
3241 3770 3365 3823 νοῦν
3412 3769 3599 3824 διακό-

2016 3882 2233 3920 πτουσι.
2267 3866 2358 3918 Διὸ
2390 3865 2486 3919 καὶ
2532 3866 2772 3934 Μωῦσῆς
2809 3864 2945 3934 πρὸς
2996 3862 3229 3934 θεωρίαν
3275 3859 3410 3913 Θεοῦ
3459 3861 3597 3914 ἀνα-

2015 3955 2218 4009 ϐαίνων
2272 3956 2361 4010 διὰ
2400 3955 2495 4010 τοῦ
2547 3956 2661 4019 νοῦ,
2728 3955 2913 4019 ἄσιτος
2966 3955 3062 4006 καὶ
3115 3954 3313 4015 ἄποτος
3367 3950 3596 4023 ἡμερῶν

2015 4049 2425 4121 τεσσαράκοντα
2468 4048 2789 4112 διετέλεσεν,
2821 4047 3092 4101 ἀθόλωτον
3138 4045 3411 4116 διαμένειν
3440 4043 3598 4114 αὐτῷ

2014 4141 2077 4194 τὸ
2107 4141 2433 4212 ἡγεμονικὸν
2465 4137 2851 4212 διοικούμενος.
2904 4139 3092 4202 Ἠλίας
3138 4155 3199 4191 τε
3240 4136 3462 4208 ὁμοίως,
3501 4136 3597 4189 ὅτε

2018 4232 2244 4303 ἔμελλεν
2301 4232 2551 4302 ἐκζητεῖν
2610 4231 2701 4285 τὸν
2752 4232 2920 4295 Θεὸν,
2974 4232 3032 4283 ἐν
3098 4229 3196 4300 ἴσῳ
3256 4229 3432 4300 χρόνῳ
3482 4228 3599 4281 τῶν

2015 4324 2232 4396 τροφῶν
2279 4325 2580 4396 ὑπερεῖδεν,
2614 4323 2754 4377 ὥστε
2792 4321 3066 4394 μηδεμίαν
3106 4320 3182 4391 τῷ
3226 4320 3302 4392 νῷ
3338 4319 3595 4388 γενέσθαι

350 4419 514 4472 menti
548 4415 741 4472 acibis
793 4410 1164 4468 oﬁundcretur
1218 4410 1410 4479 caligo.
1468 4408 1538 4464 At
1585 4425 1616 4465 e
1644 4410 1911 4464 contrario

2021 4417 2129 4471 ἀπὸ
2165 4416 2275 4488 (49)
2316 4416 2425 4470 τῶν
2466 4415 2682 4487 τροφῶν
2732 4414 3104 4483 ἐπισκότησιν.
3148 4415 3205 4467 '0
3258 4413 3440 4484 μέντοι
3474 4411 3598 4465 Κύ-

348 4511 608 4567 Dominus
635 4525 700 4564 ex
738 4506 966 4564 mortuis
993 4519 1303 4576 resurgens,
1318 4514 1373 4559 et
1401 4504 1468 4558 ad
1489 4502 1656 4558 cmlos
1680 4502 1912 4568 rediens,

350 4603 506 4658 cibos
538 4599 864 4672 degustarit,
904 4595 1151 4653 suscitati
1182 4596 1428 4664 corporis
1450 4603 1699 4648 naturam
1741 4602 1917 4648 astru-

351 4707 451 4749 ens
476 4709 491 4746 :
521 4706 641 4747 cum
674 4699 852 4743 autem
882 4703 949 4743 ex
975 4685 1309 4755 indulgentia
1335 4698 1453 4740 sese
1479 4682 1919 4739 accommodaret

2027 4524 2141 4580 ριος
2175 4506 2434 4570 ἐναντίως
2478 4506 2717 4570 ἀναστὰς
2773 4506 2869 4577 μὲν
2916 4503 3025 4558 ἀπὸ
3065 4505 3298 4576 νεκρῶν,
3331 4503 3595 4572 καὶπρὸς

2021 4599 2149 4661 τοὺς
2188 4598 2448 4670 οὐρανοὺς
2497 4597 2755 4662 ἐπανιὼν,
2792 4597 3001 4669 τροφῆς
3044 4597 3241 4667 ἥψατο,
3287 4596 3386 4664 τὴν
3432 4594 3603 4664 φύσιν

2023 4688 2117 4741 τοῦ
2155 4688 2406 4760 σώματος
2434 4690 2526 4744 τοῦ
2566 4689 2924 4760 ἀνισταμένου
2959 4689 3317 4753 πιστούμενος
3338 4705 3350 4718 ’
3385 4704 3599 4756 συγκα-

422 4810 468 4843 ⁸²
497 4809 541 4864 ll
567 4807 693 4877 Cor.
727 4823 806 4872 xi,
834 4805 948 4877 ‘27.,
974 4804 1045 4877 _”
1074 4804 1207 4862 ibid.
1283 4803 1330 4836 ’⁸
1360 4801 1502 4859 Psal.
1533 4817 1724 4870 xxxvr,
1797 4801 1891 4857 ‘25.
1966 4804 2013 4836 "
2047 4805 2110 4859 Ill
2144 4807 2276 4877 Reg.
2298 4822 2430 4871 xvu,
2463 4807 2547 4862 il.
2624 4805 2672 4839 “
2697 4807 2861 4860 Amos
2896 4805 3123 4872 vm,il.
3206 4805 3251 4837 "
3285 4802 3325 4857 ll
3358 4803 3485 4857 Cor.
3513 4818 3597 4866 iv,

352 4881 443 4937 i6.
506 4879 609 4932 "ll
638 4876 764 4931 Cor.
801 4892 899 4942 xu,
930 4875 1018 4930 10.

426 5000 539 5072 (4_i_)
567 5000 657 5055 Sic
682 4998 814 5072 Reg.
846 4999 1113 5072 secundus
1143 5012 1265 5072 cum
1295 4994 1446 5072 ϐοῇ).
1498 4994 1682 5051 itidem
1731 5008 1926 5048 secun-
2025 5002 2329 5072 sermonem
2362 4988 2641 5072 haberent,
2668 4982 3358 5072 pugnautigayloquelr’entur.

355 5066 443 5141 do.
472 5066 705 5141 Uterque
733 5066 1041 5141 Gomheiisii
1069 5068 1234 5141 codex
1277 5078 1332 5141 et
1365 5066 1499 5135 Reg.
1539 5074 1775 5141 quartus
1797 5079 1921 5141 cum

353 5139 519 5211 LXX,
553 5134 732 5211 ψυχὴν
760 5137 992 5201 δικαίαν,
1020 5138 1254 5211 animum
1284 5134 1507 5204 justam.
1539 5134 1703 5211 Editi,

358 5359 441 5402 ter
474 5344 687 5415 legatur
706 5366 720 5402 :
753 5348 950 5416 quippe
969 5344 1259 5416 verisimile
1283 5345 1567 5416 nobis_ilt,
1602 5344 1921 5412 scriptorem

358 5413 586 5483 utroque
614 5419 733 5473 loco
763 5413 921 5472 modo
952 5417 1138 5471 eodem
1173 5414 1410 5483 locutum
1438 5413 1624 5467 fuisse.

429 5481 540 5560 (42)
573 5488 664 5542 Sic
681 5501 817 5560 ipss.
850 5486 920 5540 At
942 5486 1092 5560 editi,
1110 5484 1166 5538 δέ
1197 5483 1263 5560 ᾂν
1286 5481 1390 5560 xit
1403 5483 1727 5560 ἐναντίωμα.
1750 5481 1920 5554 Πρός,

358 5553 465 5613 etc.
498 5553 619 5612 Mox
671 5556 827 5612 Colb.
878 5553 1513 5624 εοοιιιιόιιε,ἀπαριθμεζί.
1559 5553 1693 5624 Reg.
1727 5553 1920 5624 secuii-
2022 5603 2024 5607 ,

358 5631 481 5700 dus,
510 5627 922 5700 ἀπαριθμεῐται.
947 5625 1187 5700 Certatur
1215 5621 1447 5700 scriptor
1473 5621 1694 5700 Paulum
1724 5621 1919 5700 et_Sao

361 5691 796 5755 iomonvm'iut'er
820 5712 880 5753 se
910 5695 1221 5758 conciliare,
1249 5691 1361 5760 qui,
1396 5694 1443 5749 si
1478 5695 1543 5748 de
1565 5695 1752 5749 eadem
1781 5691 1920 5746 fame

1792 5149 1924 5186 UY'IW

353 5139 519 5206 LXX,
553 5132 732 5262 4;de
760 5137 992 5201 δικαίαν,
1020 5138 1253 5190 animum
1284 5132 1507 5204 justam.
1539 5134 1703 5217 Editi,
1745 5132 1924 5274 ivx-qv

352 5209 598 5265 δικαίων.
676 5211 840 5264 Icirco
867 5217 1045 5260 autem
1081 5206 1352 5261 edendum
1379 5219 1718 5267 curavimus,
1787 5203 1925 5274 υχὰς

352 5279 613 5340 δικαίων,
653 5279 796 5348 quod
832 5278 1017 5332 statim
1048 5276 1128 5348 ita
1150 5274 1635 5348 in‘onmibusmss.
1672 5283 1925 5348 constan-

2097 5058 2211 5124 (45)
2244 5057 2334 5111 Sic
2368 5058 2603 5123 quinque
2631 5050 2765 5107 mss:
2791 5050 3104 5124 Editivero,
3132 5050 3428 5124 ἐζήτησεν.

2122 5128 2211 5197 44)
2240 5127 2314 5179 Ita
2346 5126 2583 5193 quinque
2610 5138 2741 5197 mss.
2772 5123 2843 5176 At
2865 5123 3252 5197 editi,_§i_td7w.

2122 5130 2211 5197 44)
2240 5130 2314 5179 Ita
2346 5130 2583 5193 quinque
2610 5138 2741 5177 mss.
2772 5130 2843 5176 At
2865 5130 3013 5185 editi,
3042 5130 3252 5189 ἐπάγω.

2098 5130 2212 5263 ίλδ)
2248 5196 2386 5251 Editi
2421 5210 2542 5249 cum
2574 5193 2746 5267 tribus
2777 5208 2932 5259 mss.,
2962 5193 2991 5244 ὁ
3015 5191 3239 5263 Κύριος.
3269 5189 3372 5244 Alii
3409 5196 3546 5250 tres,
3568 5190 3601 5242 ὁ

2024 5266 2175 5322 Θεός.

2099 5284 2208 5408 mi)
2240 5334 2485 5408 Ita-Reg.
2539 5333 2827 5408 secundus.
2870 5330 3136 5408 _Supple,_
3155 5328 3330 5408 τοῦτο.
3389 5327 3598 5408 ibidem

2025 5397 2153 5464 editi
2187 5397 2241 5459 et
2264 5397 2459 5472 reliqui
2483 5419 2638 5467 mss.,
2673 5397 3063 5472 ἀντικείμενον.
3088 5399 3307 5472 ᾹΣαρκὸς
3339 5397 3459 5469 μέν,
3485 5412 3599 5456 etc.

2121 5477 2210 5541 47)
2241 5476 2296 5529 In
2329 5469 2535 5527 duobus
2575 5488 2705 5527 mss.
2731 5469 2947 5538 legitur,
2976 5469 3273 5541 (pecipe'éat.

2121 5478 2210 5541 47)
2241 5478 2296 5529 In
2329 5478 2535 5527 duobus
2575 5488 2705 5527 mss.
2732 5478 2947 5538 legitur,
2976 5478 3273 5541 φθείρεται.

2098 5478 2228 5620 £48)
2251 5545 2409 5598 Deest
2438 5543 2712 5620 ᾁγίουηξη.
2752 5541 3198 5620 aliquillnsJiuss.
3252 5536 3452 5620 ibidem
3501 5552 3601 5592 sex

2027 5607 2183 5689 mss.,
2193 5607 2905 5689 ίὲγγινομέναςέλλάμψείς.
2930 5609 3091 5689 Editi.
3109 5607 3418 5689 γινομένας.

2104 5687 2215 5757 (49)
2249 5677 2340 5742 Sic
2375 5677 2516 5741 mss.
2540 5677 2953 5754 aliquot'Deest
2975 5677 3080 5734 ἀπό
3109 5677 3164 5733 in
3196 5678 3379 5734 editis.
