3828 6216
148 307 245 363 185
1019 306 1371 365 COMMENT.
1410 311 1476 367 IN
1514 310 1745 370 lSAlAM

1858 314 2221 372 ιοΡΗΕΤΑιι.
2256 315 2408 372 CAP.
2443 316 2484 372 ῐ.
3273 324 3376 382 186

140 425 402 481 ταϐαίνων
427 426 486 480 δὲ
532 427 651 489 τοῖς
674 423 984 497 ἀνθρώποις
1025 428 1317 501 ὲνήστευσε
1338 470 1354 495 ,
1389 431 1603 496 δεικνὺς
1628 433 1710 487 ὅτι
1740 484 1745 495 ,

1858 434 2145 500 ominibus,
2184 433 2507 503 jejunabat,
2560 440 2619 489 ut
2662 434 2802 491 hanc
2843 434 3283 494 exercitationem
3325 441 3377 495 ei

140 519 211 589 τῷ
267 518 516 590 μέλλοντι
577 518 717 591 πρὸς
770 521 898 585 τοὺς
947 520 1165 590 ἀγῶνας
1215 521 1325 575 τῶν
1379 523 1702 595 πειρασμῶν

1858 525 2182 580 ecessarinm
2211 539 2332 580 esse
2358 525 2691 591 ostenderet,
2738 526 2831 597 qui
2883 527 2950 581 ad
2979 542 3177 599 agones
3204 539 3382 585 tenta-

140 608 463 664 ἀποδύεσθαι
494 609 772 679 ἀναγκαία
820 611 853 681 ἡ
906 612 1156 685 ἄσκησις.
1202 615 1379 667 υἱονεὶ
1422 615 1532 687 γὰρ
1578 633 1705 669 παι-

1858 629 2012 668 onum
2042 613 2388 671 sustinendos
2421 624 2562 669 esset
2588 629 2709 670 sese
2745 626 3030 672 exuturus.
3091 616 3380 673 Enimvero

140 701 372 771 εοτριεεῖ
419 701 558 774 πρὸς
603 702 703 773 τὴν
750 700 906 776 νίκην
955 705 985 757 ὁ
1019 704 1115 758 τοῦ
1157 704 1410 777 σώματος
1452 708 1705 761 ὑπωπια-

1858 705 2186 761 lvictoriam
2220 719 2320 759 nos
2372 704 2543 760 veluti
2592 706 2773 760 erudit
2817 708 3063 777 corporis
3083 705 3375 763 aﬂlictatio.

142 793 292 863 σμός.
337 793 451 865 Οὐχ
500 794 644 848 οὕτω
684 794 866 866 μέντοι
908 796 1170 868 χρηστέον
1215 801 1280 869 τῇ
1328 799 1513 870 σαρκὶ,
1565 799 1708 855 ὥστε

1858 802 2056 849 ttamen
2103 809 2209 849 non
2265 794 2337 848 ita
2386 794 2641 848 utendum
2697 803 2781 849 est
2812 809 2995 858 carne,
3052 803 3111 849 ut
3157 807 3375 866 propter

142 884 446 956 παραλῦσαι
501 887 674 959 αὐτῆς
725 887 815 942 τὸν
870 888 1097 957 φυσικὸν
1151 889 1302 945 τόνον
1348 889 1436 945 διά
1482 892 1580 963 τὴν
1622 891 1711 945 ἔν-

1858 885 2049 940 iediam
2075 884 2339 941 naturalis
2390 884 2503 953 ejus
2534 886 2687 955 vigor
2724 884 3037 956 frangatur;
3081 902 3253 958 neque
3281 904 3378 958 per

140 974 283 1028 δειαν
323 973 459 1048 (50),
504 976 627 1029 οὐδὲ
673 977 757 1040 είς
808 977 1043 1048 παντελῆ
1089 978 1383 1050 ἀπραξίαν,
1417 979 1560 1050 ἦπου
1617 980 1712 1035 καὶ

1858 975 2033 1029 imiam
2067 977 2397 1033 debilitatem
2445 990 2510 1031 eo
2539 978 2821 1046 adigenda,
2867 988 2925 1031 ut
2981 994 3203 1048 prorsus
3231 980 3378 1037 iners

142 1066 708 1139 ἀπαρακολουθησίαν,
740 1069 835 1123 τὸν
860 1068 985 1125 νοῦν
1014 1070 1119 1123 ὑπὸ
1146 1070 1245 1141 τῆς
1273 1071 1409 1143 ἄγαν
1441 1071 1712 1135 ὲκλύσεως

140 1156 518 1210 ἐκϐιάσασθαι.

1858 1066 2026 1133 radat,
2055 1073 2148 1122 aut
2174 1077 2411 1122 mentem
2448 1067 2703 1122 assectarl
2728 1083 2833 1123 non
2864 1074 3053 1139 possit.

169 1156 518 1211 κσιάσασθαι.
2851 1153 2859 1159 ’

204 1249 296 1304 53.
345 1249 563 1322 Ἐπειδὴ
606 1251 665 1305 δὲ
701 1250 1126 1323 ὲκελεύσθημεν,
1154 1252 1419 1325 παρόντος
1450 1251 1544 1306 τοῦ
1573 1270 1718 1324 νυμ-

1885 1268 1978 1323 83.
2039 1265 2144 1321 Sed
2200 1267 2325 1336 quia
2366 1266 2505 1337 jussi
2577 1281 2795 1331 sumus,
2841 1275 3105 1336 praesente
3149 1281 3383 1335 sponso,

141 1340 284 1411 φίου,
319 1341 397 1414 μὴ
421 1341 705 1413 νηστεύειν
738 1342 837 1415 τὴν
869 1344 978 1398 ἀπὸ
1006 1344 1101 1398 τοῦ
1134 1344 1294 1414 λόγου
1328 1345 1602 1416 νηστείαν,
1639 1345 1721 1409 ὡς

1858 1356 2080 1413 ιιιιιοιιίε
2102 1357 2362 1427 jejunium
2383 1371 2485 1410 non
2503 1355 2749 1426 jejunare
2767 1358 2837 1421 ³⁸,
2861 1369 2982 1410 cum
3011 1365 3135 1409 tunc
3159 1370 3263 1408 non
3283 1371 3383 1408 nu—

143 1433 215 1505 μὴ
244 1435 605 1507 τρεφομένων
642 1436 720 1507 τῷ
749 1436 900 1507 ἄρτῳ
923 1436 1001 1507 τῷ
1039 1436 1098 1503 ἐξ
1138 1437 1366 1508 οὐρανοῦ
1395 1438 1713 1503 καταϐάντι,

1858 1448 2074 1505 ’ἰιοιιιιιι
2123 1461 2264 1512 pane
2304 1447 2398 1517 qui
2453 1449 2520 1502 de
2570 1447 2709 1502 coelo
2758 1446 3055 1508 descendit,
3105 1460 3169 1499 ac
3206 1446 3386 1500 cibum

139 1527 233 1579 καὶ
282 1527 784 1597 ἀποστρεφομένων
821 1528 920 1599 τὴν
979 1526 1181 1599 βρῶσιν
1231 1528 1329 1598 τῆς
1374 1528 1575 1599 σαρκὸς
1621 1528 1717 1583 τοῦ

1858 1541 2004 1596 aruis
2035 1540 2247 1595 Domini
2292 1554 2692 1599 aversaremur.
2729 1554 2849 1608 quae
2908 1548 2994 1593 est
3043 1552 3205 1591 causa
3242 1538 3386 1599 vitae,

139 1617 367 1687 Κυρίου,
404 1617 549 1690 ζωῆς
579 1616 745 1673 οὖσαν
784 1620 983 1684 αἰτίαν,
1022 1620 1122 1691 τὴν
1170 1619 1425 1692 τοιαύτην
1465 1620 1719 1692 νηστείαν

1858 1633 2001 1688 disse
2029 1648 2088 1687 se
2109 1632 2369 1701 ejusmodi
2395 1631 2665 1702 jejunium
2696 1630 2773 1684 ait
2800 1629 3081 1684 Dominus.
3113 1626 3289 1683 Unum
3320 1643 3388 1681 ex

143 1711 319 1779 μισεῖν
352 1711 382 1763 ὁ
424 1711 629 1783 Κύριος
676 1711 846 1780 λέγει.
884 1712 982 1765 Ἓν
1036 1711 1145 1765 τῶν
1199 1712 1538 1783 μισουμένων
1572 1713 1718 1766 ἐστὶν

1863 1738 1912 1788 s,
1941 1719 2058 1792 quae
2089 1723 2215 1777 odio
2239 1721 2588 1790 prosequitur
2610 1720 2894 1788 Dominus,
2943 1720 3108 1774 etiam
3131 1729 3215 1772 est
3245 1719 3390 1771 iner-

142 1800 244 1855 ὑπὸ
268 1802 480 1874 Κυρίου
515 1805 609 1857 καὶ
634 1805 667 1874 ἡ
700 1803 1155 1877 ἀργία,αάπραξία
1178 1821 1265 1868 τις
1297 1801 1432 1858 οὖσα
1453 1804 1559 1858 τῶν
1587 1804 1722 1857 καθ-

1858 1820 1924 1875 ia,
1953 1825 2074 1881 quae
2104 1825 2293 1864 eorum
2326 1825 2447 1879 quae
2468 1810 2534 1864 ad
2568 1817 2810 1862 nostrum
2860 1787 3090 1862 amcium
3120 1807 3394 1878 pertinent

140 1890 408 1961 ηκόντων.
462 1891 573 1945 Καὶ
637 1891 781 1945 ἔοικέ
825 1908 891 1961 γε
946 1893 1128 1961 πάσης
1188 1894 1383 1964 ἑορτῆς
1426 1893 1722 1951 ἐπακολού-

1858 1903 2156 1958 :itermissio
2188 1903 2432 1972 quaedam
2461 1910 2563 1955 est.
2597 1900 2662 1955 Et
2712 1901 2925 1968 quidem
2956 1900 3126 1954 otium
3173 1913 3391 1953 omnem

142 1982 291 2053 θημα
323 1985 360 2054 ἡ
400 1983 592 2055 ἀργία,
624 1983 713 2037 διὰ
751 1984 813 2036 τὸ
850 1986 974 2048 ταῖς
1007 1983 1233 2055 κληταῖς
1261 1985 1613 2056 προσκεῖσθαι
1637 1984 1719 2051 τὸ,

1864 1991 1967 2046 iem
1995 1989 2194 2044 festum
2223 1990 2373 2055 sequi
2404 1988 2639 2052 videtur,
2672 1987 2795 2041 ideo
2821 1987 2964 2055 quod
2988 1986 3394 2040 celebritatibns

139 2075 269 2129 Πᾶν
299 2075 483 2144 ἔργον
518 2075 850 2144 λατρευτὸνν
880 2078 952 2130 οὺ
982 2075 1267 2143 ποιήσετε
1286 2094 1299 2108 ·
1329 2078 1424 2130 καὶ
1454 2076 1543 2130 διά
1571 2076 1633 2128 τὸ
1664 2077 1726 2132 ὲν

1858 2084 2136 2153 djunctum
2160 2082 2231 2137 sit
2258 2081 2418 2136 illud:
2454 2079 2622 2135 Omne
2637 2095 2764 2149 opus
2790 2078 2971 2132 servile
2993 2094 3098 2131 non
3123 2077 3328 2148 facietis
3348 2077 3391 2132 ιε

138 2167 256 2229 ταῖς
288 2169 512 2237 ἑορταῖς
550 2167 745 2239 σχολὴν
787 2168 896 2221 ἀπὸ
920 2167 1028 2223 τῶν
1057 2168 1200 2223 κατὰ
1228 2168 1320 2222 τὸν
1344 2168 1461 2239 βίον
1492 2169 1725 2237 ἄγοντας

1858 2185 1956 2231 tem
1978 2173 2232 2244 quoniam
2267 2174 2358 2244 qui
2396 2173 2450 2226 in
2480 2171 2631 2227 festis
2660 2185 2689 2224 a
2736 2171 2899 2226 rebus
2944 2173 3011 2224 ad
3040 2170 3204 2224 vitam
3228 2168 3395 2238 perti-

140 2259 324 2312 ¹πᾶσαν
367 2259 599 2313 ἀτοπίαν
644 2260 932 2325 ἐπιτελεῖν,
991 2260 1216 2325 δικαίως
1256 2261 1490 2332 μισητὴν
1526 2259 1726 2331 ἀργίαν

1858 2269 2082 2324 χθιιιίίιιιει
2111 2269 2280 2322 otium
2314 2265 2565 2336 agebant,
2611 2265 2738 2319 dum
2797 2263 2927 2318 nihil
2956 2277 3062 2318 non
3101 2262 3394 2316 absurdum

140 2349 291 2419 ἄγειν
323 2350 597 2420 ἐλέγοντο.
625 2351 750 2416 Πῶς
773 2352 829 2404 δὲ
857 2352 919 2405 οὐ
951 2352 1178 2423 μισητὸν
1220 2354 1252 2423 ἡ
1290 2352 1477 2423 ἀργία,
1510 2354 1728 2423 μύρμη-

1858 2360 2174 2422 »eriicerent,
2203 2359 2397 2412 merito
2450 2356 2697 2412 odiosum
2748 2355 2916 2409 otium
2964 2367 3124 2424 agere
3149 2353 3399 2407 diceban-

1830 2460 1938 2505 tur.
1997 2447 2277 2516 Quomodo
2333 2455 2510 2501 autem
2564 2461 2668 2501 non
2722 2444 2846 2498 odio
2896 2442 3199 2498 habendum
3254 2451 3398 2496 esset

1830 2542 2023 2606 otium,
2059 2540 2202 2609 quod
2233 2540 2505 2593 hominem
2552 2535 2715 2591 efﬁcit
2747 2536 2970 2592 formica
3022 2542 3077 2588 et
3115 2547 3213 2602 ape
3249 2533 3401 2601 pejo-

1831 2647 1969 2698 rem,
2004 2630 2167 2703 407
2193 2630 2285 2700 qui
2317 2639 2495 2683 tamen
2520 2628 2704 2684 statim
2739 2638 2901 2698 atque
2932 2629 3000 2681 ab
3031 2624 3187 2680 initio
3219 2624 3407 2679 fuerat.

1831 2725 2104 2788 conditus,
2138 2722 2349 2792 positus
2377 2729 2459 2776 est
2488 2721 2540 2775 in
2574 2721 2844 2791 paradiso,
2906 2729 2965 2774 ut
3004 2727 3320 2789 cperaretur
3345 2725 3407 2772 et-

1832 2814 2129 2869 custodiret
2180 2811 2414 2865 illum'?
2457 2811 2637 2877 Quare
2706 2810 2942 2865 studium
2998 2810 3050 2863 in
3112 2808 3325 2862 labores
3348 2816 3408 2861 et

1833 2918 2021 2973 Opera,
2050 2904 2281 2972 primum
2324 2909 2376 2957 et
2407 2902 2645 2957 maxime
2690 2900 2908 2970 proprie
2960 2900 3165 2955 homini
3209 2912 3407 2954 conve-

141 2459 232 2506 κος
265 2442 368 2496 καὶ
422 2441 684 2519 μελίσσης
734 2442 956 2516 χείρονα
1006 2443 1236 2496 ποιοῦσα
1282 2442 1374 2496 τὸν
1419 2441 1725 2514 ἄνθρωπον,

140 2534 199 2597 ὃς
232 2551 298 2603 γε
331 2535 431 2588 καὶ
481 2533 540 2600 ἐξ
591 2535 764 2606 ἀρχῆς
796 2535 1075 2600 πλασθεὶς,
1123 2534 1280 2607 ἐτέθη
1317 2537 1396 2598 είς
1428 2535 1517 2589 τὸν
1546 2535 1722 2607 παράο

140 2622 316 2677 δεισον
379 2623 709 2695 ἐργάζεσθαι
761 2624 856 2677 καὶ
900 2623 1192 2691 φυλάσσειν
1237 2624 1430 2688 αὐτόνς
1468 2625 1628 2678 ’Ὥστε
1668 2625 1731 2678 τὸ

143 2715 365 2787 πρῶτον
391 2716 487 2768 καὶ
509 2715 838 2768 οἰκειότατον
866 2715 944 2786 τῷ
975 2714 1249 2786 ἀνθρώπῳ
1282 2714 1416 2786 (51),
1447 2716 1480 2785 ἡ
1509 2716 1634 2786 περὶ
1663 2714 1731 2769 τὰ

145 2805 283 2878 ἔργα
318 2806 548 2877 σπουδὴ,
581 2807 672 2859 καὶ
714 2806 877 2859 οίονεὶ
911 2806 1061 2879 παρά
1100 2807 1260 2876 φύσιν
1290 2807 1437 2878 αὐτῷ
1469 2808 1500 2877 ἡ
1541 2806 1729 2878 ἀργία,

143 2898 210 2967 ἣν
254 2899 443 2967 μισεῖν
474 2893 624 2949 εἶπεν
667 2898 695 2949 ό
740 2896 965 2969 Κύριος.
1003 2896 1165 2952 Ἀλλὰ
1210 2897 1327 2961 πῶς
1369 2898 1515 2968 ἡμᾶς
1546 2898 1734 2969 ἀργεῖν

146 2986 433 3057 βούλεταις
477 2988 566 3059 Μὴ
618 2988 1020 3059 ἐργαζομένους
1050 2988 1150 3061 τὴν
1195 2988 1397 3061 βρῶσιν
1425 2989 1525 3060 τὴν
1565 2989 1735 3043 ἀπολ-

1858 2998 1914 3050 ιίι
1943 3017 1955 3053 :
1988 3007 2150 3065 atque
2178 2993 2390 3059 inertia,
2423 3009 2585 3063 quam
2616 2992 2874 3047 Dominus
2894 2991 3071 3046 odisse
3103 3006 3161 3045 se
3186 2990 3407 3053 asserit,

142 3079 428 3152 λυμένην·
466 3079 540 3151 μὴ
575 3080 886 3150 ὀφθαλμοὺς
915 3080 1091 3151 αἴρειν
1141 3081 1233 3134 ἐπὶ
1271 3081 1340 3135 τά
1383 3081 1583 3151 μάταια
1607 3097 1621 3110 ·
1658 3080 1734 3151 μὴ

1858 3096 1921 3143 :st
1949 3087 2112 3143 veluti
2148 3095 2353 3141 naturae
2399 3086 2567 3154 ipsius
2613 3083 2911 3139 contraria.
2958 3081 3224 3137 Caeterum
3276 3094 3406 3149 quo-

144 3172 319 3244 ἀκοὴν
369 3171 602 3242 ματαίαν
643 3174 757 3233 τοῖς
795 3171 897 3223 ὠσὶ
939 3170 1368 3243 παραδέχεσθαι’
1411 3169 1510 3233 τὰς
1549 3172 1736 3242 χεῖρας

1858 3179 2008 3235 modo
2037 3193 2136 3234 nos
2188 3178 2301 3231 vult
2346 3178 2538 3232 otiari?
2588 3176 2664 3230 lta
2691 3185 2751 3230 ut
2779 3190 2886 3229 non
2913 3188 3200 3242 operemur
3226 3172 3404 3225 cibum

143 3262 510 3319 ἀποσείεσθαι
537 3263 645 3317 ἀπὸ
685 3261 898 3334 δώρων·
940 3263 1014 3334 μὴ
1052 3263 1194 3329 ὀξεῖς
1239 3262 1383 3333 ἔχειν
1409 3264 1535 3325 τοὺς
1564 3261 1732 3325 πόδας

1858 3270 1933 3341 ιιιί
1962 3273 2122 3341 perit,
2171 3285 2270 3326 nec
2326 3270 2637 3326 attollamus
2691 3266 2877 3322 oculos
2927 3264 2994 3318 ad
3045 3278 3202 3323 vana,
3234 3276 3411 3330 neque

146 3354 341 3425 ὲκχὲαι
374 3349 534 3424 αἷμα,
579 3354 676 3407 καὶ
714 3354 897 3417 πάσας
937 3354 1017 3408 ἑνὶ
1047 3353 1190 3425 λόγῳ
1228 3354 1331 3416 τὰς
1377 3352 1611 3417 σπουδὰς
1633 3352 1735 3417 τὰς

1863 3377 2031 3416 nanes
2071 3360 2281 3416 fabulas
2309 3361 2642 3431 excipiamus
2666 3356 2922 3411 auribus:
2955 3352 3027 3408 ita
3074 3364 3134 3406 ut
3164 3364 3353 3415 manus
3378 3363 3413 3402 ι

146 3447 277 3518 περὶ
296 3446 370 3498 τὸ
395 3444 556 3515 σῶμα
590 3445 665 3516 μὴ
693 3446 956 3516 ἐνεργεῖν.

1858 3452 2159 3507 nuneribus
2185 3464 2533 3505 amoveamus
2551 3468 2565 3502 :
2582 3450 2654 3502 ita
2676 3457 2737 3501 ut
2761 3462 2866 3502 non
2884 3445 3095 3499 veloces
3116 3442 3410 3498 habeamus

148 3539 316 3601 pedes
348 3534 419 3587 ad
478 3534 857 3589 effundendum
905 3531 1259 3603 sanguinem:
1295 3541 1351 3586 et
1372 3546 1479 3584 uno
1506 3532 1692 3601 verbo,
1716 3532 1797 3592 sic
1832 3545 2021 3592 utnon
2060 3552 2216 3594 omne
2278 3546 2521 3591 nostrum
2569 3533 2805 3590 studium
2866 3531 3077 3601 corpori
3131 3528 3415 3599 impenda.

151 3647 293 3684 ntus.

218 3718 314 3773 54.
359 3713 574 3770 Οὐκέτι
615 3713 824 3780 ἀνήσω
863 3712 972 3780 τὰς
1014 3712 1302 3781 ἁμαρτίας
1331 3711 1518 3782 ὑμῶν.
1557 3714 1742 3768 Ἀπει-

156 3807 396 3880 ρηκότος
425 3805 580 3875 φωνὴ
612 3803 750 3875 πρὸς
789 3802 886 3866 τὰς
937 3804 1181 3873 συνεχεῖς
1232 3803 1326 3855 ἐπὶ
1377 3801 1579 3856 κακίαν
1608 3803 1744 3856 ὑπο-

153 3895 407 3969 στροφὰς
441 3892 537 3947 τοῦ
581 3890 1044 3963 εὐεργετουμένου
1090 3890 1223 3962 (52).
1258 3890 1472 3945 Οὐκέτι
1513 3890 1741 3958 ἀνήσω.

162 3987 445 4050 Πολλάκις
474 3984 971 4057 προσεκαλεσάμην
1020 3986 1100 4046 είς
1145 3983 1458 4053 μετάνοιαν.
1500 3982 1745 4048 Ἐδόξατε

156 4077 487 4143 ὑπακούειν,
531 4073 652 4130 εἶτα
694 4076 1216 4148 ὲπαλινδρομήσατε.
1256 4075 1552 4143 Ἀπογνοὺς
1593 4075 1747 4146 ὑμῶν

152 4171 259 4243 τῆς
295 4170 676 4242 ἀμετανοήτου
720 4166 966 4238 καρδίας,
1018 4165 1203 4219 οὐκέτι
1248 4167 1434 4230 ἀνήσω
1469 4165 1613 4235 ὑμᾶς
1652 4165 1752 4235 τῆς

154 4265 527 4337 ὀφειλομένης
551 4265 680 4335 ὑμῖν
698 4261 1010 4333 καταδίκης.
1035 4262 1108 4314 Οὐ
1136 4259 1246 4332 γὰρ
1271 4260 1298 4312 ὁ
1325 4258 1516 4320 εἰπὼν,
1532 4258 1753 4328 ’Ἡμαρο

155 4378 273 4425 τον,
301 4355 432 4413 εἶτα
459 4358 735 4429 ἐπιμένων
754 4357 821 4427 τῇ
843 4354 1108 4425 ἁμαρτία,
1139 4349 1292 4417 οὗτος
1314 4351 1714 4423 ὲξομολογεῖται
1734 4365 1748 4378 ·

155 4452 301 4506 ἀλλά
335 4452 390 4515 ὁ,
425 4449 569 4504 κατά
600 4449 689 4502 τὸν
733 4448 972 4517 ψαλμὸν,
1012 4444 1187 4518 εὑρὼν
1228 4444 1325 4515 τὴν
1358 4443 1628 4515 ἁμαρτίαν
1652 4441 1753 4495 αὐ-

157 4543 281 4611 τοῦ,
312 4542 417 4598 καὶ
448 4542 706 4613 μισήσας.
737 4538 802 4592 Τί
836 4537 946 4609 γὰρ
976 4537 1168 4605 ὄφελος
1196 4535 1275 4607 τῷ
1314 4532 1683 4608 ἀῤῥωστοῧντι
1711 4534 1746 4605 ἡ

1915 3717 2006 3775 54.
2044 3715 2166 3771 Non
2196 3717 2339 3769 ultra
2372 3715 2635 3768 dimittam
2684 3720 2897 3780 peccata
2951 3718 3135 3764 vestra.
3168 3705 3292 3762 Haec
3311 3723 3423 3764 νοι-

1847 3817 1931 3863 est
1987 3822 2137 3877 spem
2195 3805 2500 3876 abjicientis
2526 3803 2598 3857 ob
2625 3801 2900 3856 assiduum
2942 3800 3007 3854 ad
3041 3798 3297 3851 malitiam
3336 3814 3418 3852 re-

1845 3900 2017 3954 ditum
2045 3898 2222 3968 populi
2242 3896 2515 3951 beneﬁciis
2532 3893 2811 3949 cumulati.
2827 3891 2950 3946 Non
2970 3891 3109 3945 ultra
3131 3891 3431 3946 dimittant;

1846 3989 2075 4044 lnvitavi
2107 4005 2204 4043 vos
2259 3989 2455 4042 crebro
2483 3987 2549 4041 ad
2603 3984 2997 4056 paenitentiam.
3027 3982 3139 4038 Visi
3169 3981 3299 4036 estis
3322 3980 3431 4034 ob-.

1855 4093 2181 4152 temperare,
2227 4080 2456 4135 subinde
2506 4080 2608 4132 iter
2637 4085 2879 4131 vestrum
2931 4073 3217 4144 relegistis.
3263 4069 3419 4125 Post-

1853 4190 2013 4244 quam
2047 4189 2144 4229 cor
2178 4182 2414 4227 vestrum
2468 4171 2812 4240 impmnitens
2857 4182 2942 4221 me
2964 4182 3029 4221 ex
3063 4180 3156 4234 spe
3177 4164 3434 4218 deturba-

1853 4264 1953 4329 vit,
1980 4279 2084 4317 non
2116 4262 2348 4332 amplius
2368 4262 2640 4315 remittam
2688 4258 2838 4314 vobis
2889 4255 3123 4312 debitam
3171 4253 3417 4308 multam.

1853 4354 2146 4409 Enimvero
2186 4354 2274 4423 qui
2337 4353 2490 4420 dicit,
2518 4351 2765 4415 Peccavi,
2818 4357 2870 4403 et
2900 4357 3084 4419 postea
3119 4347 3169 4401 in
3203 4356 3435 4416 peccator

1856 4453 2190 4513 perseverat,
2217 4443 2305 4497 hic
2332 4456 2673 4512 nequaquam
2698 4439 3015 4494 conﬁtetur:
3050 4437 3143 4491 sed
3169 4436 3346 4506 potius
3379 4436 3438 4489 is.

1854 4544 1959 4601 est,
1988 4535 2079 4604 qui
2112 4535 2236 4597 ubi,
2268 4532 2424 4602 juxta
2454 4533 2715 4600 psalmum
2746 4532 2787 4598 ³,
2835 4536 3111 4598 peccatmn
3143 4544 3299 4583 suum
3328 4529 3423 4581 de-

159 4636 321 4708 παρά
346 4634 444 4689 τοῦ
478 4633 587 4705 (55)
620 4630 806 4704 ίατροῦ
845 4628 1151 4701 ἐπιμέλεια,
1189 4629 1317 4682 ὅταν
1360 4625 1431 4680 τὰ
1477 4622 1745 4696 φθαρτικά

1858 4626 2168 4698 prehendit,
2202 4624 2333 4680 illud
2361 4623 2496 4679 odit.
2551 4622 2690 4691 Quid
2712 4622 2855 4677 enim
2902 4620 3244 4677 emolumenti
3275 4618 3429 4674 aliert

270 4845 329 4877 ”
350 4841 549 4898 Matth.
583 4856 659 4905 ix,
697 4837 787 4894 15.
866 4835 1257 4905 ’,ιονὶιδιιιιῃ
1302 4832 1353 4886 7.
1433 4828 1612 4887 'Gen.
1655 4845 1715 4896 ιι,

1930 4827 1953 4860 ³
1992 4825 2115 4883 Psal
2182 4840 2331 4890 xxxr,
2374 4824 2429 4880 5.

238 5047 365 5119 (50)
396 5041 693 5119 Editifnm
721 5038 1074 5119 tri_hns.mss.,
1106 5034 1203 5119 τῂν
1232 5033 1459 5119 ἔνδειαν.
1508 5031 1609 5085 Alii
1646 5039 1757 5119 tres

163 5101 465 5182 ιιιέἑ..’τῆς
494 5107 868 5182 ἐνδείαςηῌοο
908 5108 1025 5174 ipso
1059 5107 1109 5159 in
1138 5101 1254 5159 loco
1287 5106 1396 5182 duo
1441 5118 1597 5182 mss"
1637 5101 1757 5182 οὐδὲ

166 5171 346 5243 ὣστε..
403 5171 647 5236 Subinde
696 5178 783 5230 ubi
835 5171 980 5230 recte
1031 5186 1085 5229 et
1110 5172 1391 5228 emendate
1441 5171 1667 5240 legimus
1703 5173 1755 5243 in

167 5241 345 5310 editis
371 5261 426 5308 et
458 5251 511 5304 in
541 5248 781 5318 quinque
810 5262 965 5318 mss.,
985 5247 1079 5318 τὸν
1106 5243 1266 5307 νοῦν,
1298 5256 1580 5318 perperam
1617 5241 1759 5318 scri-

168 5328 326 5383 bitur
348 5324 403 5376 in
428 5310 600 5375 altero
629 5310 816 5371 codice
848 5316 1244 5370 Combetisiano
1271 5310 1369 5364 τοῦ
1393 5311 1505 5365 νοῦ.
1533 5310 1758 5377 Quando

170 5400 241 5449 de
270 5389 607 5450 Combelisio
657 5387 987 5441 mentionem
1035 5385 1341 5443 habuimus,
1388 5394 1567 5436 nomm
1598 5394 1757 5450 quam

338 5463 460 5515 loco
501 5457 770 5527 apposuit.
824 5456 1135 5527 exscribere
1193 5467 1301 5527 non
1355 5450 1574 5527 pigebit.
1615 5448 1762 5527 :Ejus

174 5535 351 5604 igitur
371 5532 489 5604 haec}
516 5520 643 5582 sunt
671 5545 687 5581 :
719 5525 892 5604 Quane
914 5526 1209 5604 doctrinam
1238 5522 1465 5604 inperii
1478 5521 1587 5600 suis
1605 5520 1762 5601 Asce-

179 5588 312 5657 t‘u’ris
346 5600 508 5654 tantis
544 5605 692 5666 urget
722 5588 977 5658 Basilius,
1010 5605 1068 5650 ut
1099 5604 1145 5648 et
1181 5594 1233 5645 in
1261 5592 1399 5666 libro
1432 5592 1505 5666 De
1540 5588 1763 5658 virgini-

180 5684 337 5734 tale;
378 5683 494 5724 vere
535 5659 845 5720 mitissimus
880 5665 1258 5734 monachorum
1286 5659 1566 5734 tegislator
1601 5669 1646 5710 et
1660 5674 1762 5734 ξα-

178 5726 486 5804 uiuimus,
512 5737 703 5808 ubique
728 5736 812 5791 sui
842 5734 1164 5791 simillimus.
1194 5731 1299 5788 Sed
1331 5726 1421 5800 qui
1450 5743 1631 5784 veram
1660 5726 1763 5781 Ba-

1862 5027 1967 5082 silii
1993 5028 2294 5081 doctrinam
2328 5032 2680 5094 perspectam
2706 5019 2906 5094 habere
2947 5017 3213 5094 voluerit2
3245 5017 3430 5094 ei__an-

1864 5110 1983 5154 ctor
2031 5113 2169 5162 Sunt,
2216 5104 2274 5148 ut
2322 5086 2427 5150 non
2461 5086 2945 5162 indiscriminatim‘
2981 5105 3044 5162 ex
3081 5089 3171 5162 ltis_
3192 5086 3430 5140 fontibus

1864 5168 2099 5222 hauriat.
2141 5157 2215 5205 -ἓ-ο
2245 5164 2409 5234 Lege.
2446 5175 2514 5234 ut
2552 5164 2604 5217 in
2652 5176 2754 5215 ms.
2799 5159 3110 5224 Combelis.,
3147 5157 3432 5227 ἀπαρακα-

1861 5234 2151 5306 λουθησίαν
2182 5235 2276 5288 τοῦ
2309 5233 2421 5289 νίοῦ.
2445 5233 2657 5289 ΜΑιυιΝ.

1934 5295 2044 5379 (51’)
2076 5306 2209 5379 Editi
2234 5313 2287 5359 et
2308 5307 2411 5379 dn_o
2439 5318 2593 5379 mss...
2616 5300 2695 5373 τῷ
2715 5297 3005 5379 ἀνθρώπῳ.
3038 5295 3141 5379 Aiii
3178 5304 3433 5367 quatuor,

1860 5366 1970 5431 τῶν
2001 5366 2324 5439 ἀνθρώπων.
2361 5373 2556 5427 Statim
2583 5366 2691 5426 tres
2726 5366 2879 5439 mss.,
2906 5366 3117 5439 ﬂvunt.

1935 5396 1970 5431 ›ν
2001 5392 2098 5431 ανυ
2187 5392 2324 5430 πων.
2361 5392 2556 5427 atatim
2583 5392 2691 5426 tres
2726 5392 2879 5428 11155..
2906 5392 2973 5439 ην
3002 5392 3117 5419 και.

1935 5447 2046 5518 (52)
2257 5446 2478 5518 primus
2502 5452 2557 5496 et
2597 5440 2757 5518 editi,
2795 5435 3117 5518 εὐεργέτου,
3158 5440 3432 5518 corrupte.

1863 5505 1997 5588 Reg.
2023 5505 2212 5571 tertiu's
2241 5505 2363 5568 eum
2392 5513 2512 5568 aliis
2545 5505 3237 5578 ιιίιιιιε,εὒεργετουμένου,
3257 5516 3435 5560 enica-

1861 5589 2004 5643 date.

1939 5658 2056 5732 (55)
2096 5658 2186 5715 Sic
2216 5670 2346 5713 mss.
2381 5652 2602 5724 aliquot.
2637 5650 2797 5711 Deest
2829 5648 2924 5706 τοῦ
2954 5647 3007 5703 in
3040 5644 3223 5707 editis.
