3828 6216
357 289 460 344 187

1305 294 1657 350 APPENDIX
1695 294 1983 352 OPERUM
2027 296 2084 352 S.
2122 296 2369 354 BASILII
2402 299 2636 355 MAGNI.

3511 302 3621 357 £88

357 414 560 479 aegroto
588 409 782 465 medici
821 424 988 475 cura,
1026 409 1240 480 quando
1280 409 1328 465 is
1385 412 1478 481 qui
1517 414 1740 469 adversa
1770 414 1913 468 vale-

2053 417 2134 487 τῆς
2171 417 2317 488 ζωῆς
2345 419 2372 471 ό
2407 417 2630 487 κάμνων
2654 415 2977 488 ἐπιτηδεύῃς
3012 414 3198 476 Οὕτως
3238 416 3387 469 οὐδὲν
3421 417 3623 485 ὄφελος

358 501 545 555 tudine
594 502 956 569 conﬂictatur,
1009 517 1120 557 suae
1165 503 1289 559 vitae
1340 504 1580 558 exitialia
1609 506 1929 575 conquirit?

361 588 450 645 Sic
475 592 566 662 qui
590 594 765 648 adhuc
815 603 1025 664 peccat,
1075 595 1207 649 nihil
1238 596 1287 650 ei
1338 597 1590 653 utilitatis
1631 601 1927 654 accedite:

359 682 599 750 peccatis
622 683 977 739 contionalis:
1009 700 1188 755 neque
1235 685 1327 756 qtti
1373 687 1618 756 impurus
1653 699 1754 754 est,
1781 690 1934 758 quid-

356 787 518 840 quam
546 775 778 845 percipit
829 776 964 832 lucri
987 791 1052 831 ex
1082 778 1323 835 remissis
1368 778 1720 850 impudicitia:
1764 782 1930 837 vitiis.

358 861 645 929 Quomodo
681 875 863 921 autem
903 869 1097 923 anima:
1125 879 1344 938 peccata
1381 871 1772 927 remittuntur?
1799 873 1931 927 Cmu

357 955 607 1011 videlicet
633 958 808 1015 virtus
834 962 1029 1014 animae
1052 961 1356 1029 dominata,
1383 972 1548 1032 atque
1580 963 1723 1018 illam
1762 972 1929 1018 totam

357 1047 470 1102 suis
499 1048 848 1104 sermonibus
878 1052 1152 1118 imbuens,
1174 1052 1223 1106 ei
1255 1053 1306 1106 in
1334 1053 1577 1107 habitum
1598 1056 1930 1107 contrarium

355 1135 613 1192 invidiam
646 1150 701 1194 et
721 1141 1172 1196 odium'concitat
1200 1160 1214 1195 :
1248 1145 1383 1198 adeo
1408 1151 1465 1197 ut
1491 1144 1671 1198 oblata
1695 1146 1744 1199 ei
1773 1160 1934 1200 occa-

358 1232 513 1287 sione
548 1233 720 1287 aliena
756 1235 1023 1305 rapiendi,
1065 1236 1205 1290 ultro
1225 1236 1291 1290 ad
1325 1237 1701 1292 honorandam
1728 1237 1934 1306 ample-

358 1323 719 1392 ctendamque
771 1323 912 1391 juris
981 1325 1291 1394 aequitatem
1341 1326 1582 1380 animum
1675 1327 1931 1396 appellat,

356 1420 572 1474 etiamsi
596 1405 757 1475 facile
777 1421 826 1475 ei
844 1428 990 1476 esset
1013 1422 1153 1476 hanc
1171 1421 1427 1490 iujuriam
1453 1422 1653 1490 facere,
1680 1438 1929 1493 eamque,

363 1516 552 1579 utpote
581 1510 703 1565 sine
763 1511 997 1566 testibus
1045 1512 1420 1577 commissam,
1453 1519 1714 1584 tanquam
1754 1513 1934 1567 maxi-

359 1616 510 1655 mum
541 1602 743 1655 malum
775 1616 804 1655 a
834 1618 894 1657 se
928 1602 1220 1672 depellere.
1265 1603 1366 1670 Qui
1418 1604 1501 1659 sic
1528 1607 1584 1659 in
1611 1620 1670 1660 se
1707 1604 1935 1660 aﬂ‘ectus

359 1701 467 1755 est,
504 1705 535 1744 a
570 1692 846 1762 prioribus
880 1692 1096 1747 delictis
1145 1700 1327 1762 potest
1393 1694 1625 1752 absolvi.
1669 1694 1838 1750 l‘orro
1866 1694 1935 1750 ad

357 1783 506 1837 hunc
530 1782 751 1838 modum
786 1782 1149 1854 temperantia
1176 1785 1231 1838 in
1264 1786 1447 1839 anima
1480 1786 1725 1841 habitum
1766 1786 1939 1840 ﬁrmi-

358 1883 635 1944 tatemque
694 1873 926 1943 adepta,
1013 1875 1486 1945 intemperantiam
1547 1876 2008 1972 libidinemqueB

359 1963 632 2035 proﬂigat.
703 1963 898 2018 Verum
954 1972 1351 2035 temperantem
1427 1968 1933 2039 continentemque,

360 2070 472 2111 non
499 2070 623 2110 eum
675 2055 933 2120 dicimus,
992 2055 1048 2110 in
1077 2071 1188 2127 quo
1241 2072 1351 2125 prae
1388 2058 1542 2113 senio
1588 2057 1673 2113 vel
1719 2059 1934 2122 morbo,

360 2153 456 2201 aut
487 2147 596 2200 alio
620 2145 874 2216 quopiam
929 2160 1062 2201 casu
1100 2148 1356 2202 exstincti
1400 2148 1511 2203 sint
1560 2148 1805 2204 libidinis
1844 2164 1939 2220 ap-

359 2238 585 2310 petitus.
623 2238 761 2291 Iluic
794 2235 941 2290 enim
975 2238 1177 2292 insidet
1221 2238 1443 2308 quidem
1488 2238 1686 2292 vitium
1716 2239 1893 2308 ipsum
1921 2259 1934 2293 :

361 2329 505 2382 actio
535 2342 663 2382 vera
701 2326 1035 2398 praepeditur
1058 2344 1154 2397 per
1168 2343 1502 2398 organorum
1544 2327 1936 2382 inﬁrmitatem.

362 2415 473 2472 Sed
509 2418 847 2472 continentia
871 2434 1022 2483 vera,
1051 2426 1136 2474 est
1166 2417 1403 2472 facultas
1449 2418 1780 2488 cognitionis
1807 2434 1939 2472 cou-

369 2507 636 2570 ciliatrix,
674 2523 797 2578 quae
827 2509 883 2563 in
918 2510 1111 2564 intimo
1145 2509 1343 2564 animae
1399 2524 1622 2563 recessu
1650 2509 1936 2579 impressa,

362 2599 627 2654 intestina
660 2601 904 2671 turpium
942 2610 1187 2656 motuum
1228 2600 1460 2670 vestigia
1499 2601 1663 2655 delet.
1702 2601 1803 2667 Qui
1833 2603 1939 2657 sibi

363 2691 447 2747 sic
473 2691 746 2757 medetur,
767 2707 831 2746 eo
860 2692 1008 2763 quod
1066 2692 1313 2746 habitum
1346 2692 1563 2746 alicctui
1597 2707 1661 2745 ac
1706 2708 1942 2762 peccan-

360 2782 493 2838 dum
519 2783 882 2853 propendenti
909 2785 1247 2839 contrarium
1283 2791 1588 2852 recuperat,
1623 2783 1675 2837 ei
1709 2784 1839 2838 utile
1855 2791 1941 2839 cst

361 2873 538 2927 venia:
590 2872 792 2926 denum
838 2888 903 2927 ac
946 2872 1310 2927 conducibile.
1342 2870 1472 2926 Haec
1519 2888 1648 2926 vero
1675 2872 1942 2927 sententia

2037 505 2388 576 ἀδικημάτων
2426 507 2890 578 συγχωρουμένων
2931 505 3010 577 τῷ
3057 506 3135 559 ἔτι
3178 505 3472 570 ἀδικοῦντι,
3520 506 3622 559 καὶ

2037 597 2502 668 ἀκολαστημάτων
2556 598 2864 667 ἀφιεμένων
2900 597 2977 667 τῷ
3020 596 3100 650 ἔτι
3145 596 3618 654 ἀκολασταίνοντι.

2045 687 2206 740 Ἀλλά
2230 689 2347 751 πῶς
2370 688 2588 757 ἀφίεται
2625 688 2802 759 ψυχῆς
2841 690 3247 761 ἀμαρτήματα;
3294 688 3544 741 Ἐπειδὰν
3577 688 3629 758 ἡ⁷

2033 777 2201 850 ἀρετὴ
2238 781 2556 850 κρατήσασα
2593 780 2695 849 τῆς
2726 779 2932 850 ψυχῆς,
2981 780 3075 833 καὶ
3124 778 3251 850 ὃλην
3295 778 3464 850 αὐτὴν
3497 781 3620 841 τοῖς

2030 869 2253 931 οίκείοις
2310 869 2488 938 λόγοις
2547 869 2658 939 (54)
2707 868 3108 932 καταλαϐοῦσα,
3161 868 3412 941 διαϐολὴν
3469 870 3630 940 αὐτῇ,

2034 960 2171 1031 πρὸς
2201 959 2297 1031 τὴν
2330 960 2581 1013 ἐναντίαν
2621 960 2861 1014 διάθεσιν
2902 961 3210 1033 ὲμποιήσῃσ
3240 960 3380 1014 ὥστε
3414 961 3474 1014 ὲν
3510 960 3627 1030 μὲν

2032 1052 2209 1124 καιρῷ
2242 1052 2552 1118 πλεονεξίας
2576 1053 2837 1116 ἑκουσίως
2864 1055 3040 1124 όρμᾷν
3084 1053 3176 1106 ἐπὶ
3220 1052 3317 1122 τὴν
3355 1051 3450 1104 τοῦ
3492 1053 3636 1105 ἴσου.

2032 1145 2218 1215 τιμὴν,
2255 1144 2355 1198 κᾶν
2395 1146 2573 1217 ῥᾴδιον
2659 1146 2717 1200 τὸ
2747 1147 2972 1212 ἀδικεῖν,
2997 1146 3101 1199 κᾶν
3131 1144 3243 1215 (55)
3269 1145 3619 1216 ἀμάρτυρον,

2032 1236 2109 1299 ὡς
2159 1235 2413 1305 μέγιστον
2463 1237 2631 1290 κακὸν
2685 1235 3053 1305 ἀποφεύγειν·
3087 1235 3228 1288 οὕτω
3271 1235 3633 1305 διακείμενον,

2034 1325 2139 1377 ὑπὸ
2172 1326 2270 1396 τῆς
2302 1327 2360 1379 ὲν
2398 1325 2573 1396 ἑαυτῷ
2599 1327 2781 1393 ἕξεως,
2810 1326 3029 1381 δυνατὸν
3052 1326 3315 1397 ἀφεθῆναι
3343 1326 3452 1379 τῶν
3479 1342 3632 1397 προ-

2032 1415 2206 1487 τέρων
2236 1416 2606 1486 ἀδικημάτων.
2621 1418 2776 1471 Κατὰ
2800 1417 2971 1472 ταῦτα
2997 1419 3060 1491 δὴ
3085 1420 3177 1472 καὶ
3215 1420 3247 1489 ἡ
3288 1418 3625 1488 σωφροσύνη

2034 1506 2145 1571 ἕξιν
2177 1508 2271 1560 καὶ
2313 1507 2471 1577 πῆξιν
2520 1508 2762 1563 λαϐοῦσα
2804 1511 2861 1562 ὲν
2907 1512 2975 1580 τῇ
3017 1510 3184 1581 ψυχῇ,
3228 1509 3451 1562 ἀπολύει
3501 1508 3622 1563 τῶν

2035 1596 2519 1669 ἀκολαστημάτων.
2551 1597 2809 1672 Σώφρονα
2842 1600 2891 1652 δὲ
2921 1600 3171 1670 λέγομεν,
3205 1600 3302 1668 οὐχ
3400 1599 3593 1669 ἀπεμα
3621 1629 3624 1631 λ

2038 1688 2313 1760 ράνθησαν
2344 1691 2447 1743 ὑπὸ
2492 1692 2699 1762 γήρως,
2752 1691 2784 1763 ἢ
2833 1692 3072 1762 νῦσου,ἥ
3114 1691 3216 1744 ὑπὸ
3261 1690 3421 1745 ἄλλου
3469 1690 3625 1753 τινὸς

2038 1780 2441 1852 συμπτώματος
2472 1783 2529 1835 αἱ
2569 1783 2668 1852 τῆς
2703 1783 2995 1847 ἀκολασίας
3031 1779 3260 1854 ὀρέξεις.
3286 1783 3472 1854 Τούτῳ
3504 1781 3624 1854 γὰρ

2038 1874 2071 1942 ἡ
2109 1872 2207 1942 μὲν
2250 1873 2415 1926 κακία
2442 1874 2769 1945 ἐνυπάρχει·
2808 1877 2840 1944 ἡ
2873 1874 2930 1927 δὲ
2974 1875 3223 1946 ἐνέργεια
3270 1876 3335 1928 ὲκ
3365 1876 3463 1945 τῆς
3502 1874 3624 1929 τῶν

2036 1966 2280 2034 ὀργάνων
2306 1966 2586 2030 ἀσθενείας
2615 1968 3063 2039 παραποδίζεται.
3101 1967 3261 2020 Ἀλλά
3292 1967 3621 2040 σωφροσύνη

2037 2057 2184 2108 ἐστὶν
2242 2056 2448 2126 ἀληθὴς
2492 2058 2887 2128 ὲπιστημονικὴ
2934 2057 3195 2128 δύναμις,
3239 2059 3619 2112 ἐντυπωϐεῖσα

2035 2150 2101 2219 τῇ
2127 2148 2271 2221 ψυχῇ
2305 2150 2391 2203 διὰ
2427 2148 2646 2219 βάθους,
2688 2151 2781 2203 καὶ
2822 2150 2891 2204 τὰ
2931 2151 3306 2222 ἐνυπάρχοντα
3348 2151 3468 2221 ἴχνη
3504 2151 3625 2205 τῶν

2038 2242 2280 2313 αἰσχρῶν
2315 2243 2634 2313 κινημάτων
2664 2242 3085 2318 ἐξαφανιίζουσα.
3113 2242 3202 2313 Τῷ
3224 2242 3397 2307 οὕτως
3425 2245 3626 2297 ἑαυτὸν

1997 2331 2335 2401 eampse),
2385 2332 2474 2385 διὰ
2525 2331 2619 2384 τοῦ
2665 2331 3065 2401 ἀναλαμϐάνειν
3105 2333 3203 2403 τὴν
3248 2334 3494 2387 ἐναντίαν
3552 2337 3624 2406 τῇ

2040 2424 2387 2494 ἀμαρτητικῇ
2417 2424 2674 2488 διάθεσιν,
2707 2425 2800 2477 καὶ
2835 2427 2867 2494 ή
2910 2424 3060 2496 παρά
3092 2426 3191 2495 τῆς
3219 2426 3627 2498 συγχωρήσεως

2039 2514 2200 2584 χάρις
2233 2512 2527 2583 ὠφέλιμος.
2568 2512 2629 2567 Ὀ
2656 2513 2712 2566 δὲ
2746 2513 2904 2582 λόγος
2943 2513 3178 2568 ἐνταῦθα
3209 2517 3333 2579 τοὺς
3360 2516 3467 2569 ἀπὸ
3492 2516 3629 2570 πολ-ο

2039 2604 2149 2657 λῶν
2191 2606 2499 2674 πτωμάτων
2541 2604 2799 2669 πολλάκις
2834 2605 3224 2670 διαναστάντας
3261 2609 3325 2660 ἐκ
3351 2609 3452 2677 τῆς
3479 2608 3630 2661 κατά

2041 2694 2450 2766 φιλανθρωπίαν
2500 2697 2888 2766 χειραγωγίας,
2943 2693 3062 2749 εἶτα
3107 2696 3333 2768 ὕστερον
3379 2699 3484 2751 ὑπὸ
3510 2698 3630 2751 τῶν

2041 2787 2333 2841 ἀσθενειῶν
2361 2786 2755 2858 κρατηθέντας,
2805 2788 3020 2842 ἀπειλεῖ
3056 2789 3333 2854 παντελῶς
3365 2791 3624 2862 ἀφήσειν.

2055 2878 2317 2933 Ἐνταῦθα
2366 2879 2447 2945 τὸ,
2505 2878 2736 2943 Οὐκέτι,
2797 2878 3030 2950 ἔμφασιν
3083 2883 3216 2952 ἡμῖν
3263 2882 3494 2952 παρέχει
3529 2882 3627 2936 τοῦ

369 2965 763 3021 interminatur
814 2963 952 3032 fore,
1010 2972 1072 3018 ut
1130 2979 1358 3034 prorsus
1389 2963 1640 3033 repudiet
1693 2978 1809 3029 eos,
1845 2964 1941 3033 qui

372 3065 665 3128 postquam
707 3072 738 3111 a
775 3058 964 3113 multis
1001 3057 1222 3113 casibus
1263 3072 1384 3112 sese
1416 3063 1731 3119 erexerunt,
1760 3065 1944 3127 utpote

2044 2970 2303 3033 πολλάκις
2327 2970 2425 3041 ἤδη
2457 2969 2723 3041 πρότερον
2764 2971 2857 3022 ἐπὶ
2897 2974 3008 3034 τοῖς
3033 2972 3238 3042 ὁμοίοις
3269 2991 3629 3046 συγκεχωρη-

2044 3064 2217 3116 κέναι.
2273 3062 2458 3134 Χωρὶς
2514 3062 2623 3134 γάρ
2665 3064 2765 3133 τῆς
2811 3063 2962 3135 παρά
3009 3064 3103 3118 τοῦ
3157 3064 3291 3118 Θεοῦ
3339 3067 3629 3136 ἀφέσεως,

364 3162 396 3201 a
432 3149 543 3203 Deo
586 3149 656 3204 ob
691 3164 852 3204 suutn
880 3149 933 3202 in
990 3150 1240 3203 homines
1287 3148 1454 3221 408
1481 3152 1736 3218 :amorem
1796 3150 1944 3204 velut

2053 3152 2341 3205 ἐπιδιδόναι
2366 3151 2707 3218 τινὰέαυτὸν
2734 3151 2810 3223 τῷ
2839 3154 2959 3205 κατ’
2992 3154 3191 3225 ἀρετὴν
3236 3153 3355 3225 βίῳ,
3401 3156 3630 3226 ἀμήχα-

363 3254 530 3295 manu
564 3239 768 3306 educti,
802 3249 917 3294 tum
941 3241 1162 3297 demum
1199 3241 1507 3295 inﬁrmitati
1552 3241 1941 3296 succumbunt.

2053 3261 2154 3301 νον.
2203 3245 2301 3298 Διὰ
2352 3244 2512 3298 τοῦτο
2547 3247 2577 3297 ό
2621 3243 2800 3313 σοφῶς
2846 3244 3004 3314 ἡμῶν
3047 3246 3345 3317 οἰκονομῶν
3383 3245 3495 3319 (56)
3529 3246 3631 3319 τὴν

364 3330 493 3390 Haec
530 3348 657 3407 vox,
697 3330 822 3387 Non
847 3334 1110 3402 amplius,
1163 3333 1325 3389 nobis
1370 3332 1575 3388 iudicat
1614 3333 1727 3402 jam
1761 3349 1934 3403 διορυ-

2053 3335 2221 3407 ζωὴν,
2264 3336 2356 3389 τὸν
2417 3336 2473 3390 έν
2525 3355 2666 3390 τισιν
2714 3337 3013 3407 ἁμαρτίαις
3063 3336 3452 3403 ὲξετασθέντα,
3508 3335 3635 3393 εἶτα

365 3440 597 3480 numero
625 3404 827 3480 similia
861 3424 1062 3496 ﬂagitia
1104 3425 1256 3495 prius
1305 3425 1477 3480 fuisse
1505 3425 1837 3479 condonata.
1859 3425 1944 3478 Si-

2053 3404 2365 3498 ἀνατρέχειν
2408 3427 2499 3480 ἐπὶ
2529 3426 2621 3478 τὸν
2659 3404 2787 3494 ὑγιῆ
2830 3404 2942 3494 βίον
2982 3425 3469 3496 ἐπαγγελλόμενον,
3507 3425 3634 3495 βού-

341 3514 590 3589 ἰιυίόεηι
630 3516 748 3572 ﬁeri
789 3519 1003 3587 nequit,
1048 3525 1108 3572 ut
1144 3519 1268 3586 quis
1299 3517 1417 3572 sine
1446 3517 1603 3572 venia
1632 3533 1752 3586 quae
1774 3532 1804 3571 a
1833 3516 1944 3571 Deo

2053 3518 2194 3571 λεται
2229 3520 2424 3590 πέρατι
2472 3517 2571 3588 μὲν
2614 3517 2818 3588 ὁρίζειν
2862 3515 2932 3569 τὰ
2973 3515 3334 3587 παρελθόντα,
3369 3517 3545 3587 ἀρχὴν
3574 3516 3633 3570 δέ

371 3610 734 3673 concedatur,
770 3610 894 3664 vitae
936 3611 1239 3665 secundum
1291 3611 1551 3664 virtutem
1589 3608 1943 3665 instituenda

2053 3626 2168 3663 τινα
2200 3607 2469 3660 ποιεῖσθαι
2503 3607 2642 3677 μετὰ
2678 3607 2748 3661 τὰ
2791 3607 3176 3686 ἡμαρτημένα,
3229 3608 3390 3660 οἱονεὶ
3417 3606 3504 3660 διὰ
3531 3608 3636 3679 τῆς

369 3719 494 3761 sese
524 3704 710 3759 dedat.
746 3703 955 3758 idcirco
983 3704 1102 3774 ejus
1155 3704 1248 3774 qui
1304 3705 1581 3774 sapienter
1625 3704 1791 3759 vitam
1832 3717 1944 3757 no-

2053 3698 2342 3771 μετανοίας
2390 3698 2799 3753 ἀναϐιώσκοντα
2823 3716 2838 3730 ·
2877 3699 3118 3769 συνεχῶς
3153 3699 3210 3753 δὲ
3251 3699 3422 3753 ταῦτα
3459 3701 3639 3770 ἑπαγ-

371 3804 545 3850 stram
577 3796 881 3865 dispensat,
919 3810 1072 3851 mens
1106 3802 1189 3849 est
1228 3796 1627 3865 voluntasque,
1662 3805 1720 3849 ut
1744 3795 1831 3849 his
1856 3794 1944 3863 qui

2053 3790 2397 3861 γελλόμενον,
2448 3791 2543 3844 καὶ
2603 3790 2840 3861 συνεχῶς
2888 3790 3068 3844 αὐτῶν
3114 3790 3522 3855 ἀποπίπτοντα,
3556 3790 3637 3856 ὡς

370 3888 426 3945 iu
459 3889 699 3960 peccatis
749 3886 1079 3957 quibusdam
1132 3895 1383 3943 versatus
1433 3892 1538 3949 est,
1573 3892 1628 3939 et
1661 3884 1857 3939 deinde
1883 3882 1944 3937 ad

2053 3882 2326 3946 παντελῶς
2349 3883 2510 3936 αὐτὸν
2536 3881 2645 3950 (57)
2668 3881 3086 3953 ἀπεγνωσμένον
3101 3882 3202 3952 τῆς
3225 3881 3637 3954 φιλανθρωπίας

373 3979 646 4036 saniorem
688 3980 812 4034 vitae
863 3981 1128 4033 rationem
1187 3978 1479 4049 pollicetur
1538 3991 1662 4034 sese
1694 3984 1952 4046 reccptu-
2053 3975 2311 4029 ὲκκλείει.

374 4090 519 4138 rum,
546 4073 706 4129 [luem
739 4074 982 4144 imponat
1038 4073 1349 4143 praeteritis,
1396 4071 1653 4142 factoque
1726 4083 1848 4143 post
1885 4075 2110 4140 peccata
2166 4069 2325 4124 initio
2390 4068 2659 4141 quodam,
2723 4069 2879 4140 quasi
2938 4083 3033 4138 per
3071 4067 3451 4138 paenitentiam
3491 4067 3639 4122 revi-

375 4169 572 4224 viscat.
608 4166 835 4230 Contra,
892 4165 983 4235 qui
1019 4166 1212 4221 isthaec
1260 4166 1534 4236 promittit
1595 4165 1714 4221 sine
1780 4164 1893 4218 ulla
1954 4162 2386 4230 intermissione,
2449 4170 2503 4218 et
2532 4162 2737 4234 jugiter
2766 4162 2836 4218 ab
2885 4162 2971 4218 his
3032 4161 3259 4228 excidit,
3298 4160 3455 4214 illum
3488 4159 3639 4229 velut

374 4265 596 4337 penitus
630 4262 981 4332 desperatum
1017 4276 1048 4315 a
1085 4276 1185 4317 sua
1208 4262 1500 4316 clementia
1527 4259 1791 4318 excludit.

448 4357 538 4411 55.
571 4354 738 4410 Vsus.
784 4354 873 4409 15.
912 4353 1045 4408 Cum
1099 4355 1440 4407 extendet-itis
1488 4368 1699 4418 manus,
1730 4362 1944 4405 avet-tan

2133 4346 2222 4401 55.
2252 4346 2440 4399 Ὅταν
2488 4344 2790 4411 ἐκτείνητε
2842 4344 2948 4409 τὰς
2990 4344 3223 4414 χεῖρας,
3277 4342 3641 4411 ἀποστρέψαι

378 4446 556 4502 oculos
589 4462 726 4499 meos
755 4462 785 4497 a
812 4444 974 4498 vobis.
1034 4442 1140 4509 Qui
1177 4443 1361 4513 specie
1420 4450 1579 4497 tenus
1606 4449 1661 4496 et
1701 4441 1944 4496 simulate

2056 4436 2199 4502 τοὺς
2235 4435 2583 4504 ὀφθαλμούς
2614 4450 2734 4503 μου
2767 4433 2865 4502 ἀφ’
2900 4431 3085 4503 ὑμῶν.
3131 4435 3192 4486 Oi
3229 4432 3390 4502 μέχρι
3422 4432 3638 4503 σχήμα-

381 4547 565 4600 orant,
591 4554 788 4593 manus
824 4536 1047 4607 quidem
1103 4535 1445 4606 expendunt,
1498 4548 1610 4588 non
1649 4540 1832 4587 tamen
1865 4533 1944 4586 De}

2057 4545 2148 4591 τος
2176 4526 2599 4598 προσευχόμενοι
2632 4524 2732 4589 τὰς
2785 4525 2882 4595 μὲν
2924 4527 3111 4596 χεῖρας
3148 4523 3468 4587 ἐκτείνουσι,
3512 4524 3640 4590 τοὺς

380 4632 571 4688 oculos
604 4631 803 4684 habent
833 4628 901 4683 ad
930 4644 1121 4684 eorum
1163 4627 1535 4697 precationem
1556 4626 1815 4681 intentos.
1838 4624 1953 4678 Cae-

382 4734 561 4781 terum
604 4723 693 4777 hic
734 4722 927 4777 orandi
960 4721 1160 4776 modus
1189 4718 1397 4775 sanctis
1429 4718 1531 4772 fuit
1577 4716 1964 4774 lamiliaris.ut

384 4815 681 4870 didicimus
714 4829 779 4869 ex
818 4811 1023 4867 Davide
1058 4812 1311 4883 dicente;
1347 4809 1589 4878 Expandi
1616 4811 1685 4862 ad
1708 4818 1962 4863 tcmanus

457 5054 568 5128 (54)
595 5054 745 5128 Unus
775 5050 1260 5128 e_Combeﬁsianis
1282 5049 1629 5128 .codicibus,
1654 5046 1954 5128 λογισμοῖς.

384 5117 523 5181 Ειιῖιί
552 5117 605 5180 et
640 5124 831 5192 reliqui
866 5138 1019 5185 mss.,
1051 5120 1251 5188 λόγοις.
1282 5117 1507 5192 ibidem,
1540 5118 1636 5192 ubi
1676 5117 1868 5187 legitur
1907 5117 1958 5170 in

384 5198 566 5257 editis,
631 5188 914 5266 diaiaGﬁv,
963 5193 1242 5266 _scriptum
1308 5188 1577 5266 reperitur
1612 5188 1677 5266 in
1727 5197 1963 5266 quatuor

388 5255 978 5334 ηιεεηδιαϐολήνξὸοά
1020 5255 1212 5334 neutra
1235 5255 1383 5334 ,νος-⁷
1401 5259 1574 5334 placet
1605 5255 1961 5334 Gombeﬁsio;

393 5336 704 5405 mavultque
757 5328 971 5405 legere,
1024 5329 1584 5405 διαμονήν,1ιαὺίιιιηι
1647 5328 1887 5405 ﬁrmum-
1917 5336 1964 5405 et

388 5394 739 5460 constuniem.
798 5394 984 5469 Neque
1030 5394 1437 5455 itis'cou'tentus
1488 5407 1592 5469 est,
1630 5394 1969 5469 sedprofert

396 5478 508 5528 non
547 5491 737 5537 putica,
793 5483 852 5527 ut
894 5465 1023 5545 eam
1053 5471 1377 5545 scripturam
1407 5468 1688 5545 approbet:
1719 5467 1786 5519 At
1812 5465 1969 5545 nobis

395 5559 486 5599 res
524 5534 657 5598 tanti
686 5534 792 5599 non
819 5543 1056 5608 videtur,
1086 5550 1144 5595 ut
1167 5534 1288 5607 plus
1321 5540 1372 5592 in
1409 5534 1711 5591 ea’laboris
1757 5549 1820 5587 ac
1850 5534 1971 5608 dili-

392 5615 587 5683 gentia:
624 5629 907 5683 ponamus.
934 5603 1083 5683 Alter
1132 5603 1459 5683 Combelisii
1488 5608 1681 5683 codex,
1715 5603 1972 5683 ’καταϐα-

391 5672 582 5751 λοῦσαι,
604 5672 879 5740 διαϐαλεῖν
909 5682 1083 5753 αὐτὴν
1108 5681 1261 5753 πρός,
1290 5687 1397 5734 etc.
1429 5677 1669 5748 Denique
1715 5672 1850 5744 Reg.
1887 5689 1973 5728 se-

2059 4620 2116 4674 δὲ
2165 4618 2339 4684 θείους
2393 4617 2704 4688 ὀφθαλμοὺς
2759 4617 3149 4679 ὲπιϐλέποντας
3194 4614 3372 4669 αὐτῶν
3407 4615 3485 4678 εἰς
3538 4613 3640 4685 τὴν

2063 4713 2368 4786 προσευχὴν
2402 4713 2503 4766 οὐκ
2537 4711 2743 4783 ἔχουσι.
2780 4712 2950 4765 Πάλιν
2990 4711 3046 4765 δὲ
3079 4709 3236 4765 τοῦτο
3266 4708 3493 4781 σύνηθες
3527 4712 3641 4773 τοῖς

2062 4804 2236 4873 ἁγίοις
2265 4804 2326 4857 τὸ
2354 4804 2541 4874 σχῆμα
2574 4802 2675 4872 τῆς
2710 4803 3037 4873 προσευχῆς,
3069 4802 3143 4865 ὡς
3172 4799 3324 4872 παρὰ
3346 4798 3511 4853 Δαϐὶδ
3546 4814 3642 4866 με·

2067 5045 2295 5105 cuudus,
2336 5041 2721 5098 καταϐαλοῦσα
2747 5038 3044 5112 μεταϐολὴν
3076 5039 3235 5112 αὐτῇ,
3261 5046 3364 5112 etc.

2138 5097 2453 5185 (55)”Etiili,
2495 5113 2609 5166 καί.
2635 5116 2702 5185 At
2733 5097 2827 5165 sex
2858 5097 3014 5185 mss;
3037 5109 3157 5185 κάν.
3183 5097 3292 5162 l'loc
3316 5108 3501 5185 ipso
3526 5107 3643 5185 loco

2070 5178 2176 5237 duo
2213 5178 2368 5246 mss.,
2401 5182 2477 5246 ὡς
2526 5182 2798 5252 μεγίστων
2849 5180 3034 5234 κακῶν
3084 5180 3392 5248 ἀποφυγήν.
3447 5178 3641 5230 Statim

2072 5256 2204 5324 Reg.
2237 5251 2537 5324 secundus,
2574 5253 2631 5305 ὲν
2654 5251 2821 5321 αὐτῷ.

2143 5315 2255 5395 (56)
2290 5323 2380 5395 Sic
2404 5315 2665 5395 tres'mss.
2701 5315 2941 5395 At'editi,
2971 5318 3060 5373 διὰ
3093 5317 3251 5395 τοῦτο
3282 5315 3467 5395 σαφῶς
3494 5318 3644 5395 013cc-

2071 5387 2359 5465 νομεῖτόν,
2402 5394 2544 5465 haud
2578 5400 2752 5465 recte.
2782 5389 3160 5465 ibid’etugravi
3189 5392 3381 5465 lugendo
3403 5387 3644 5465 itu-editis

2073 5456 2203 5586 et'iu
2227 5478 2333 5519 uno
2352 5463 2540 5519 codice
2566 5460 2966 5518 Combeiisiano
2990 5456 3207 5529 legitur,
3231 5459 3438 5513 ἔκτισιν
3463 5456 3648 5537 ἁμαρ-

2073 5552 2103 5586 τ
2128 5551 2237 5586 αις.

2073 5551 2237 5597 τιαις.

2149 5596 2260 5675 (5⁷7)
2293 5603 2384 5662 Sic
2407 5617 2537 5661 mss.
2563 5600 2786 5672 aliquot.
2811 5596 2979 5664 Editi,
3003 5596 3205 5655 αὐτῶν.
