  <div class='ocr_page' id='page_1' title='image "/cluster/home/n/w/nwhite01/storage/ocr_20150623/30/nnc1.0046978810/102.png"; bbox 0 0 3828 6216; ppageno 0'>
   <div class='ocr_carea' id='block_1_1' title="bbox 179 379 266 436">
    <p class='ocr_par' dir='ltr' id='par_1_1' title="bbox 179 379 266 436">
     <span class='ocr_line' id='line_1_1' title="bbox 179 379 266 436; baseline 0.046 -4"><span class='ocrx_word' id='word_1_1' title='bbox 179 379 266 436; x_wconf 75' lang='grc'><strong>189</strong></span> 
     </span>
    </p>
   </div>
   <div class='ocr_carea' id='block_1_2' title="bbox 1042 371 2534 453">
    <p class='ocr_par' dir='ltr' id='par_1_2' title="bbox 1042 371 2534 453">
     <span class='ocr_line' id='line_1_2' title="bbox 1042 371 2534 453; baseline -0.001 -22"><span class='ocrx_word' id='word_1_2' title='bbox 1042 376 1396 453; x_wconf 70' lang='lat' dir='ltr'><strong>COMMENT.</strong></span> <span class='ocrx_word' id='word_1_3' title='bbox 1440 375 1505 430; x_wconf 81' lang='grc' dir='ltr'><strong>ΙΝ</strong></span> <span class='ocrx_word' id='word_1_4' title='bbox 1547 374 1781 431; x_wconf 83' lang='lat' dir='ltr'><strong>lSAlAM</strong></span> <span class='ocrx_word' id='word_1_5' title='bbox 1818 372 2259 429; x_wconf 74' lang='lat' dir='ltr'><strong>PROPHETAM.</strong></span> <span class='ocrx_word' id='word_1_6' title='bbox 2298 372 2451 430; x_wconf 82' lang='lat' dir='ltr'><strong>CAP.</strong></span> <span class='ocrx_word' id='word_1_7' title='bbox 2490 371 2534 429; x_wconf 89' lang='grc'><strong>1.</strong></span> 
     </span>
    </p>
   </div>
   <div class='ocr_carea' id='block_1_3' title="bbox 3296 371 3402 430">
    <p class='ocr_par' dir='ltr' id='par_1_3' title="bbox 3296 371 3402 430">
     <span class='ocr_line' id='line_1_3' title="bbox 3296 371 3402 430; baseline 0.047 -5"><span class='ocrx_word' id='word_1_8' title='bbox 3296 371 3402 430; x_wconf 68' lang='grc'>196</span> 
     </span>
    </p>
   </div>
   <div class='ocr_carea' id='block_1_4' title="bbox 182 488 1772 570">
    <p class='ocr_par' dir='ltr' id='par_1_4' title="bbox 182 494 1772 570">
     <span class='ocr_line' id='line_1_4' title="bbox 182 494 1772 570; baseline -0.001 -19"><span class='ocrx_word' id='word_1_9' title='bbox 182 496 488 570; x_wconf 71' lang='grc' dir='ltr'>μεθήκαμεν</span> <span class='ocrx_word' id='word_1_10' title='bbox 518 496 767 566; x_wconf 82' lang='grc' dir='ltr'>λέγοντος</span> <span class='ocrx_word' id='word_1_11' title='bbox 785 514 799 528; x_wconf 87' lang='grc'>·</span> <span class='ocrx_word' id='word_1_12' title='bbox 828 496 1157 552; x_wconf 79' lang='grc' dir='ltr'>Διεπέτασα</span> <span class='ocrx_word' id='word_1_13' title='bbox 1188 498 1338 566; x_wconf 75' lang='grc' dir='ltr'>πρὸς</span> <span class='ocrx_word' id='word_1_14' title='bbox 1366 498 1442 551; x_wconf 85' lang='grc' dir='ltr'>σὲ</span> <span class='ocrx_word' id='word_1_15' title='bbox 1480 496 1585 563; x_wconf 80' lang='grc' dir='ltr'>τὰς</span> <span class='ocrx_word' id='word_1_16' title='bbox 1618 494 1736 566; x_wconf 84' lang='grc' dir='ltr'>χεῒ-</span> <span class='ocrx_word' id='word_1_17' title='bbox 1762 534 1772 556; x_wconf 41' lang='grc' dir='ltr'><em>Α</em></span> 
     </span>
    </p>
   </div>
   <div class='ocr_carea' id='block_1_5' title="bbox 1858 488 3401 570">
    <p class='ocr_par' dir='ltr' id='par_1_5' title="bbox 1858 488 3401 558">
     <span class='ocr_line' id='line_1_5' title="bbox 1858 488 3401 558; baseline -0.003 -10"><span class='ocrx_word' id='word_1_18' title='bbox 1858 512 1977 549; x_wconf 87' lang='lat' dir='ltr'><strong>neas</strong></span> <span class='ocrx_word' id='word_1_19' title='bbox 2006 495 2065 551; x_wconf 71' lang='grc' dir='ltr'><strong>’δε</strong></span> <span class='ocrx_word' id='word_1_20' title='bbox 2097 501 2169 549; x_wconf 88' lang='lat' dir='ltr'><strong>et:</strong></span> <span class='ocrx_word' id='word_1_21' title='bbox 2221 492 2456 547; x_wconf 76' lang='lat' dir='ltr'><strong>Elcvatio</strong></span> <span class='ocrx_word' id='word_1_22' title='bbox 2505 506 2755 544; x_wconf 81' lang='lat' dir='ltr'><strong>manuum</strong></span> <span class='ocrx_word' id='word_1_23' title='bbox 2805 505 3038 544; x_wconf 81' lang='lat' dir='ltr'><strong>mearum</strong></span> <span class='ocrx_word' id='word_1_24' title='bbox 3082 488 3401 558; x_wconf 78' lang='lat' dir='ltr'><strong>sacriﬁcium</strong></span> 
     </span>
    </p>
   </div>
   <div class='ocr_carea' id='block_1_6' title="bbox 177 588 1738 659">
    <p class='ocr_par' dir='ltr' id='par_1_6' title="bbox 177 588 1738 659">
     <span class='ocr_line' id='line_1_6' title="bbox 177 588 1738 659; baseline 0.001 -17"><span class='ocrx_word' id='word_1_25' title='bbox 177 588 275 656; x_wconf 75' lang='grc' dir='ltr'>ρᾶς</span> <span class='ocrx_word' id='word_1_26' title='bbox 294 605 412 658; x_wconf 79' lang='grc' dir='ltr'><strong>μου</strong></span> <span class='ocrx_word' id='word_1_27' title='bbox 431 605 446 617; x_wconf 66' lang='grc'>⁸</span> <span class='ocrx_word' id='word_1_28' title='bbox 479 589 593 653; x_wconf 71' lang='grc' dir='ltr'>καὶ,</span> <span class='ocrx_word' id='word_1_29' title='bbox 646 590 940 658; x_wconf 81' lang='grc' dir='ltr'>Ἔπαρσις</span> <span class='ocrx_word' id='word_1_30' title='bbox 979 588 1098 643; x_wconf 78' lang='grc' dir='ltr'><strong>τῶν</strong></span> <span class='ocrx_word' id='word_1_31' title='bbox 1144 589 1356 659; x_wconf 78' lang='grc' dir='ltr'>χειρῶν</span> <span class='ocrx_word' id='word_1_32' title='bbox 1401 608 1519 659; x_wconf 84' lang='grc' dir='ltr'><strong>μου</strong></span> <span class='ocrx_word' id='word_1_33' title='bbox 1557 589 1738 643; x_wconf 80' lang='grc' dir='ltr'><strong>θυσία</strong></span> 
     </span>
    </p>
   </div>
   <div class='ocr_carea' id='block_1_7' title="bbox 178 677 1740 752">
    <p class='ocr_par' dir='ltr' id='par_1_7' title="bbox 178 677 1740 752">
     <span class='ocr_line' id='line_1_7' title="bbox 178 677 1740 752; baseline -0.001 -18"><span class='ocrx_word' id='word_1_34' title='bbox 178 677 450 749; x_wconf 72' lang='grc' dir='ltr'>ἐσπερινή</span> <span class='ocrx_word' id='word_1_35' title='bbox 477 697 492 711; x_wconf 82' lang='grc'><em>’</em></span> <span class='ocrx_word' id='word_1_36' title='bbox 518 680 797 742; x_wconf 82' lang='grc' dir='ltr'>Μωῦσέως</span> <span class='ocrx_word' id='word_1_37' title='bbox 827 679 903 743; x_wconf 86' lang='grc' dir='ltr'><strong>δέ,</strong></span> <span class='ocrx_word' id='word_1_38' title='bbox 941 679 1346 752; x_wconf 81' lang='grc' dir='ltr'><strong>πολεμουμένου</strong></span> <span class='ocrx_word' id='word_1_39' title='bbox 1384 681 1478 734; x_wconf 78' lang='grc' dir='ltr'>τοῦ</span> <span class='ocrx_word' id='word_1_40' title='bbox 1525 679 1740 752; x_wconf 80' lang='grc' dir='ltr'>Ἰσραὴλ</span> 
     </span>
    </p>
   </div>
   <div class='ocr_carea' id='block_1_8' title="bbox 182 770 1742 844">
    <p class='ocr_par' dir='ltr' id='par_1_8' title="bbox 182 770 1742 844">
     <span class='ocr_line' id='line_1_8' title="bbox 182 770 1742 844; baseline -0.02 -1"><span class='ocrx_word' id='word_1_41' title='bbox 182 770 359 842; x_wconf 79' lang='grc' dir='ltr'><strong>μέχρις</strong></span> <span class='ocrx_word' id='word_1_42' title='bbox 389 772 545 843; x_wconf 72' lang='grc' dir='ltr'>ἡλίου</span> <span class='ocrx_word' id='word_1_43' title='bbox 566 770 804 841; x_wconf 83' lang='grc' dir='ltr'>δυσμῶν,</span> <span class='ocrx_word' id='word_1_44' title='bbox 836 775 893 825; x_wconf 88' lang='grc' dir='ltr'><strong>ἐν</strong></span> <span class='ocrx_word' id='word_1_45' title='bbox 915 775 979 843; x_wconf 80' lang='grc' dir='ltr'>τῇ</span> <span class='ocrx_word' id='word_1_46' title='bbox 1008 772 1226 826; x_wconf 78' lang='grc' dir='ltr'>ἐκτάσει</span> <span class='ocrx_word' id='word_1_47' title='bbox 1256 772 1356 836; x_wconf 82' lang='grc' dir='ltr'>τὰς</span> <span class='ocrx_word' id='word_1_48' title='bbox 1377 775 1563 844; x_wconf 87' lang='grc' dir='ltr'>χεῖρας</span> <span class='ocrx_word' id='word_1_49' title='bbox 1592 771 1742 842; x_wconf 80' lang='grc' dir='ltr'>ἕχον..</span> 
     </span>
    </p>
   </div>
   <div class='ocr_carea' id='block_1_9' title="bbox 177 861 1742 934">
    <p class='ocr_par' dir='ltr' id='par_1_9' title="bbox 177 861 1742 934">
     <span class='ocr_line' id='line_1_9' title="bbox 177 861 1742 934; baseline -0.001 -18"><span class='ocrx_word' id='word_1_50' title='bbox 177 879 278 927; x_wconf 82' lang='grc' dir='ltr'>τος.</span> <span class='ocrx_word' id='word_1_51' title='bbox 310 861 417 915; x_wconf 79' lang='grc' dir='ltr'><strong>Καὶ</strong></span> <span class='ocrx_word' id='word_1_52' title='bbox 438 862 578 934; x_wconf 77' lang='grc' dir='ltr'>πρὸς</span> <span class='ocrx_word' id='word_1_53' title='bbox 604 862 774 916; x_wconf 76' lang='grc' dir='ltr'>ταῦτα</span> <span class='ocrx_word' id='word_1_54' title='bbox 801 862 860 915; x_wconf 83' lang='grc' dir='ltr'><strong>δὲ</strong></span> <span class='ocrx_word' id='word_1_55' title='bbox 886 863 945 915; x_wconf 89' lang='grc' dir='ltr'><strong>τὸ</strong></span> <span class='ocrx_word' id='word_1_56' title='bbox 967 862 1076 934; x_wconf 81' lang='grc'><strong>(58)</strong></span> <span class='ocrx_word' id='word_1_57' title='bbox 1100 863 1472 927; x_wconf 75' lang='grc' dir='ltr'>ἀποστολικὸν,</span> <span class='ocrx_word' id='word_1_58' title='bbox 1500 864 1557 916; x_wconf 83' lang='grc' dir='ltr'><strong>ὲν</strong></span> <span class='ocrx_word' id='word_1_59' title='bbox 1581 862 1742 916; x_wconf 75' lang='grc' dir='ltr'>παντὶ</span> 
     </span>
    </p>
   </div>
   <div class='ocr_carea' id='block_1_10' title="bbox 179 954 1743 1026">
    <p class='ocr_par' dir='ltr' id='par_1_10' title="bbox 179 954 1743 1026">
     <span class='ocr_line' id='line_1_10' title="bbox 179 954 1743 1026; baseline 0 -20"><span class='ocrx_word' id='word_1_60' title='bbox 179 954 316 1025; x_wconf 80' lang='grc' dir='ltr'>τόπῳ</span> <span class='ocrx_word' id='word_1_61' title='bbox 359 954 759 1026; x_wconf 82' lang='grc' dir='ltr'><strong>προσεύχεσθαι</strong></span> <span class='ocrx_word' id='word_1_62' title='bbox 796 956 923 1019; x_wconf 81' lang='grc' dir='ltr'>τοὺς</span> <span class='ocrx_word' id='word_1_63' title='bbox 950 955 1183 1025; x_wconf 79' lang='grc' dir='ltr'>ἄνδρας,</span> <span class='ocrx_word' id='word_1_64' title='bbox 1214 955 1536 1026; x_wconf 77' lang='grc' dir='ltr'>ἐπαίροντας</span> <span class='ocrx_word' id='word_1_65' title='bbox 1564 954 1743 1019; x_wconf 81' lang='grc' dir='ltr'>ὁσίους</span> 
     </span>
    </p>
   </div>
   <div class='ocr_carea' id='block_1_11' title="bbox 180 1046 1745 1119">
    <p class='ocr_par' dir='ltr' id='par_1_11' title="bbox 180 1046 1745 1119">
     <span class='ocr_line' id='line_1_11' title="bbox 180 1046 1745 1119; baseline 0.001 -20"><span class='ocrx_word' id='word_1_66' title='bbox 180 1049 376 1117; x_wconf 84' lang='grc' dir='ltr'>χεῖρας.</span> <span class='ocrx_word' id='word_1_67' title='bbox 416 1046 573 1117; x_wconf 83' lang='grc' dir='ltr'><strong>Τάχα</strong></span> <span class='ocrx_word' id='word_1_68' title='bbox 613 1046 670 1100; x_wconf 84' lang='grc' dir='ltr'><strong>δέ</strong></span> <span class='ocrx_word' id='word_1_69' title='bbox 708 1065 759 1101; x_wconf 88' lang='grc' dir='ltr'><strong>τι</strong></span> <span class='ocrx_word' id='word_1_70' title='bbox 804 1048 899 1101; x_wconf 74' lang='grc' dir='ltr'><strong>καὶ</strong></span> <span class='ocrx_word' id='word_1_71' title='bbox 958 1047 1251 1119; x_wconf 81' lang='grc' dir='ltr'>βαθύτερον</span> <span class='ocrx_word' id='word_1_72' title='bbox 1292 1049 1320 1100; x_wconf 89' lang='lat'><strong>6</strong></span> <span class='ocrx_word' id='word_1_73' title='bbox 1365 1046 1522 1114; x_wconf 85' lang='grc' dir='ltr'>λόγος</span> <span class='ocrx_word' id='word_1_74' title='bbox 1569 1063 1745 1119; x_wconf 87' lang='grc' dir='ltr'>παρα-</span> 
     </span>
    </p>
   </div>
   <div class='ocr_carea' id='block_1_12' title="bbox 182 1137 1745 1210">
    <p class='ocr_par' dir='ltr' id='par_1_12' title="bbox 182 1137 1745 1210">
     <span class='ocr_line' id='line_1_12' title="bbox 182 1137 1745 1210; baseline 0.001 -20"><span class='ocrx_word' id='word_1_75' title='bbox 182 1138 348 1207; x_wconf 75' lang='grc' dir='ltr'>δηλοῖο</span> <span class='ocrx_word' id='word_1_76' title='bbox 379 1139 460 1191; x_wconf 81' lang='grc' dir='ltr'><strong>ὅτι</strong></span> <span class='ocrx_word' id='word_1_77' title='bbox 495 1140 524 1191; x_wconf 98' lang='lat'><strong>6</strong></span> <span class='ocrx_word' id='word_1_78' title='bbox 559 1138 628 1191; x_wconf 82' lang='grc' dir='ltr'>τὰ</span> <span class='ocrx_word' id='word_1_79' title='bbox 669 1138 881 1207; x_wconf 88' lang='grc' dir='ltr'>μεγάλα</span> <span class='ocrx_word' id='word_1_80' title='bbox 915 1139 1009 1191; x_wconf 69' lang='grc' dir='ltr'><strong>καὶ</strong></span> <span class='ocrx_word' id='word_1_81' title='bbox 1041 1140 1267 1210; x_wconf 82' lang='grc' dir='ltr'>οὐράνια</span> <span class='ocrx_word' id='word_1_82' title='bbox 1311 1140 1407 1192; x_wconf 75' lang='grc' dir='ltr'><strong>καὶ</strong></span> <span class='ocrx_word' id='word_1_83' title='bbox 1443 1137 1623 1209; x_wconf 67' lang='grc' dir='ltr'>ὑψηλὰ</span> <span class='ocrx_word' id='word_1_84' title='bbox 1653 1140 1745 1209; x_wconf 88' lang='grc' dir='ltr'>ἐρ-</span> 
     </span>
    </p>
   </div>
   <div class='ocr_carea' id='block_1_13' title="bbox 182 1229 1744 1303">
    <p class='ocr_par' dir='ltr' id='par_1_13' title="bbox 182 1229 1744 1303">
     <span class='ocr_line' id='line_1_13' title="bbox 182 1229 1744 1303; baseline 0.003 -22"><span class='ocrx_word' id='word_1_85' title='bbox 182 1229 487 1299; x_wconf 77' lang='grc' dir='ltr'>γαζόμενος,</span> <span class='ocrx_word' id='word_1_86' title='bbox 534 1230 699 1284; x_wconf 77' lang='grc' dir='ltr'>οἱονεὶ</span> <span class='ocrx_word' id='word_1_87' title='bbox 757 1231 1052 1303; x_wconf 85' lang='grc' dir='ltr'>διηρμένην</span> <span class='ocrx_word' id='word_1_88' title='bbox 1097 1231 1233 1300; x_wconf 85' lang='grc' dir='ltr'>ἔχων</span> <span class='ocrx_word' id='word_1_89' title='bbox 1282 1231 1379 1301; x_wconf 80' lang='grc' dir='ltr'>τὴν</span> <span class='ocrx_word' id='word_1_90' title='bbox 1437 1231 1744 1303; x_wconf 69' lang='grc' dir='ltr'>πρακτικὴν</span> 
     </span>
    </p>
   </div>
   <div class='ocr_carea' id='block_1_14' title="bbox 184 1319 1747 1392">
    <p class='ocr_par' dir='ltr' id='par_1_14' title="bbox 184 1319 1747 1392">
     <span class='ocr_line' id='line_1_14' title="bbox 184 1319 1747 1392; baseline 0.003 -21"><span class='ocrx_word' id='word_1_91' title='bbox 184 1319 416 1390; x_wconf 85' lang='grc' dir='ltr'>δύναμιν,</span> <span class='ocrx_word' id='word_1_92' title='bbox 460 1320 713 1392; x_wconf 80' lang='grc' dir='ltr'>ἐπαίρειν</span> <span class='ocrx_word' id='word_1_93' title='bbox 751 1319 849 1385; x_wconf 82' lang='grc' dir='ltr'>τὰς</span> <span class='ocrx_word' id='word_1_94' title='bbox 886 1324 1075 1391; x_wconf 86' lang='grc' dir='ltr'>χεῖρας</span> <span class='ocrx_word' id='word_1_95' title='bbox 1118 1321 1365 1390; x_wconf 75' lang='grc' dir='ltr'><strong>λέγεται⁸</strong></span> <span class='ocrx_word' id='word_1_96' title='bbox 1397 1324 1425 1375; x_wconf 89' lang='lat'><strong>6</strong></span> <span class='ocrx_word' id='word_1_97' title='bbox 1466 1321 1522 1374; x_wconf 84' lang='grc' dir='ltr'><strong>δὲ</strong></span> <span class='ocrx_word' id='word_1_98' title='bbox 1557 1339 1747 1375; x_wconf 83' lang='grc' dir='ltr'>ταπει-</span> 
     </span>
    </p>
   </div>
   <div class='ocr_carea' id='block_1_15' title="bbox 185 1410 1743 1485">
    <p class='ocr_par' dir='ltr' id='par_1_15' title="bbox 185 1410 1743 1485">
     <span class='ocr_line' id='line_1_15' title="bbox 185 1410 1743 1485; baseline 0.002 -21"><span class='ocrx_word' id='word_1_99' title='bbox 185 1410 245 1464; x_wconf 76' lang='grc' dir='ltr'><strong>νὰ</strong></span> <span class='ocrx_word' id='word_1_100' title='bbox 274 1411 366 1464; x_wconf 73' lang='grc' dir='ltr'><strong>καὶ</strong></span> <span class='ocrx_word' id='word_1_101' title='bbox 406 1412 570 1483; x_wconf 73' lang='grc' dir='ltr'>γήινα</span> <span class='ocrx_word' id='word_1_102' title='bbox 617 1414 711 1466; x_wconf 73' lang='grc' dir='ltr'><strong>καὶ</strong></span> <span class='ocrx_word' id='word_1_103' title='bbox 758 1416 825 1484; x_wconf 79' lang='grc' dir='ltr'>τῇ</span> <span class='ocrx_word' id='word_1_104' title='bbox 868 1413 1044 1485; x_wconf 80' lang='grc' dir='ltr'>φθορᾷ</span> <span class='ocrx_word' id='word_1_105' title='bbox 1098 1413 1431 1484; x_wconf 80' lang='grc' dir='ltr'>ὑποκείμενα</span> <span class='ocrx_word' id='word_1_106' title='bbox 1479 1413 1743 1485; x_wconf 83' lang='grc' dir='ltr'>ἐνεργῶν,</span> 
     </span>
    </p>
   </div>
   <div class='ocr_carea' id='block_1_16' title="bbox 186 1503 1744 1577">
    <p class='ocr_par' dir='ltr' id='par_1_16' title="bbox 186 1503 1744 1577">
     <span class='ocr_line' id='line_1_16' title="bbox 186 1503 1744 1577; baseline 0.001 -22"><span class='ocrx_word' id='word_1_107' title='bbox 186 1503 324 1556; x_wconf 80' lang='grc' dir='ltr'>κάτω</span> <span class='ocrx_word' id='word_1_108' title='bbox 354 1503 629 1574; x_wconf 80' lang='grc' dir='ltr'>ῥεπούσας</span> <span class='ocrx_word' id='word_1_109' title='bbox 655 1504 752 1558; x_wconf 73' lang='grc' dir='ltr'><strong>καὶ</strong></span> <span class='ocrx_word' id='word_1_110' title='bbox 779 1504 1257 1577; x_wconf 71' lang='grc' dir='ltr'>καταϐεϐλημένας</span> <span class='ocrx_word' id='word_1_111' title='bbox 1285 1504 1381 1569; x_wconf 81' lang='grc' dir='ltr'>τὰς</span> <span class='ocrx_word' id='word_1_112' title='bbox 1406 1507 1592 1577; x_wconf 81' lang='grc' dir='ltr'>χεῖρας</span> <span class='ocrx_word' id='word_1_113' title='bbox 1614 1504 1744 1575; x_wconf 79' lang='grc' dir='ltr'>ἔχει.</span> 
     </span>
    </p>
   </div>
   <div class='ocr_carea' id='block_1_17' title="bbox 187 1593 1744 1668">
    <p class='ocr_par' dir='ltr' id='par_1_17' title="bbox 187 1593 1744 1668">
     <span class='ocr_line' id='line_1_17' title="bbox 187 1593 1744 1668; baseline 0.003 -22"><span class='ocrx_word' id='word_1_114' title='bbox 187 1593 340 1648; x_wconf 81' lang='grc' dir='ltr'>Τοῦτο</span> <span class='ocrx_word' id='word_1_115' title='bbox 378 1597 470 1649; x_wconf 78' lang='grc' dir='ltr'><strong>καὶ</strong></span> <span class='ocrx_word' id='word_1_116' title='bbox 502 1599 536 1667; x_wconf 83' lang='grc' dir='ltr'><strong>ή</strong></span> <span class='ocrx_word' id='word_1_117' title='bbox 576 1595 719 1650; x_wconf 82' lang='grc' dir='ltr'>κατὰ</span> <span class='ocrx_word' id='word_1_118' title='bbox 767 1597 1007 1651; x_wconf 79' lang='grc' dir='ltr'><strong>Μωῦσέα</strong></span> <span class='ocrx_word' id='word_1_119' title='bbox 1059 1597 1472 1668; x_wconf 82' lang='grc' dir='ltr'>παραινίσσεται</span> <span class='ocrx_word' id='word_1_120' title='bbox 1516 1598 1744 1668; x_wconf 78' lang='grc' dir='ltr'>ἱστορία,</span> 
     </span>
    </p>
   </div>
   <div class='ocr_carea' id='block_1_18' title="bbox 186 1686 1750 1760">
    <p class='ocr_par' dir='ltr' id='par_1_18' title="bbox 186 1686 1750 1760">
     <span class='ocr_line' id='line_1_18' title="bbox 186 1686 1750 1760; baseline 0.001 -22"><span class='ocrx_word' id='word_1_121' title='bbox 186 1686 261 1738; x_wconf 85' lang='grc' dir='ltr'>ὃτι</span> <span class='ocrx_word' id='word_1_122' title='bbox 294 1686 379 1740; x_wconf 74' lang='grc' dir='ltr'><strong>διὰ</strong></span> <span class='ocrx_word' id='word_1_123' title='bbox 416 1688 481 1740; x_wconf 82' lang='grc' dir='ltr'>τὸ</span> <span class='ocrx_word' id='word_1_124' title='bbox 522 1689 650 1752; x_wconf 77' lang='grc' dir='ltr'>τοὺς</span> <span class='ocrx_word' id='word_1_125' title='bbox 696 1688 1100 1759; x_wconf 84' lang='grc' dir='ltr'>προκόπτοντας</span> <span class='ocrx_word' id='word_1_126' title='bbox 1145 1688 1216 1760; x_wconf 81' lang='grc' dir='ltr'>μὴ</span> <span class='ocrx_word' id='word_1_127' title='bbox 1268 1688 1607 1759; x_wconf 76' lang='grc' dir='ltr'>ἐξομαλίζειν</span> <span class='ocrx_word' id='word_1_128' title='bbox 1650 1687 1750 1752; x_wconf 86' lang='grc' dir='ltr'>τὰς</span> 
     </span>
    </p>
   </div>
   <div class='ocr_carea' id='block_1_19' title="bbox 189 1778 1748 1853">
    <p class='ocr_par' dir='ltr' id='par_1_19' title="bbox 189 1778 1748 1853">
     <span class='ocr_line' id='line_1_19' title="bbox 189 1778 1748 1853; baseline 0.003 -23"><span class='ocrx_word' id='word_1_129' title='bbox 189 1778 420 1848; x_wconf 77' lang='grc' dir='ltr'>πράξεις,</span> <span class='ocrx_word' id='word_1_130' title='bbox 452 1779 590 1832; x_wconf 85' lang='grc' dir='ltr'>ἀλλὰ</span> <span class='ocrx_word' id='word_1_131' title='bbox 625 1780 756 1834; x_wconf 82' lang='grc' dir='ltr'>ποτὲ</span> <span class='ocrx_word' id='word_1_132' title='bbox 809 1780 908 1851; x_wconf 83' lang='grc' dir='ltr'>μὲν</span> <span class='ocrx_word' id='word_1_133' title='bbox 951 1785 1193 1853; x_wconf 82' lang='grc' dir='ltr'>κρεῖττον</span> <span class='ocrx_word' id='word_1_134' title='bbox 1235 1779 1403 1850; x_wconf 79' lang='grc' dir='ltr'>βιοῦν,</span> <span class='ocrx_word' id='word_1_135' title='bbox 1446 1782 1573 1834; x_wconf 80' lang='grc' dir='ltr'>ποτὲ</span> <span class='ocrx_word' id='word_1_136' title='bbox 1593 1780 1650 1833; x_wconf 83' lang='grc' dir='ltr'><strong>δὲ</strong></span> <span class='ocrx_word' id='word_1_137' title='bbox 1683 1781 1748 1835; x_wconf 90' lang='grc' dir='ltr'>δι’</span> 
     </span>
    </p>
   </div>
   <div class='ocr_carea' id='block_1_20' title="bbox 1835 580 3407 656">
    <p class='ocr_par' dir='ltr' id='par_1_20' title="bbox 1835 580 3407 656">
     <span class='ocr_line' id='line_1_20' title="bbox 1835 580 3407 656; baseline -0.003 -14"><span class='ocrx_word' id='word_1_138' title='bbox 1835 588 2175 656; x_wconf 62' lang='lat' dir='ltr'><strong>uespertinum</strong></span> <span class='ocrx_word' id='word_1_139' title='bbox 2211 586 2253 640; x_wconf 83' lang='grc'><strong>⁸.</strong></span> <span class='ocrx_word' id='word_1_140' title='bbox 2289 585 2431 652; x_wconf 83' lang='lat' dir='ltr'><strong>Quin</strong></span> <span class='ocrx_word' id='word_1_141' title='bbox 2463 583 2625 638; x_wconf 84' lang='lat' dir='ltr'><strong>etiam</strong></span> <span class='ocrx_word' id='word_1_142' title='bbox 2655 582 2889 652; x_wconf 82' lang='lat' dir='ltr'><strong>Moyses,</strong></span> <span class='ocrx_word' id='word_1_143' title='bbox 2910 580 3112 638; x_wconf 86' lang='lat' dir='ltr'><strong>lsraele</strong></span> <span class='ocrx_word' id='word_1_144' title='bbox 3134 580 3201 635; x_wconf 87' lang='lat' dir='ltr'><strong>ad</strong></span> <span class='ocrx_word' id='word_1_145' title='bbox 3233 596 3407 651; x_wconf 84' lang='lat' dir='ltr'><strong>usque</strong></span> 
     </span>
    </p>
   </div>
   <div class='ocr_carea' id='block_1_21' title="bbox 1838 675 3408 748">
    <p class='ocr_par' dir='ltr' id='par_1_21' title="bbox 1838 675 3408 748">
     <span class='ocr_line' id='line_1_21' title="bbox 1838 675 3408 748; baseline -0.001 -14"><span class='ocrx_word' id='word_1_146' title='bbox 1838 680 1970 736; x_wconf 84' lang='lat' dir='ltr'><strong>solis</strong></span> <span class='ocrx_word' id='word_1_147' title='bbox 1997 694 2251 734; x_wconf 83' lang='lat' dir='ltr'><strong>occasum</strong></span> <span class='ocrx_word' id='word_1_148' title='bbox 2280 687 2574 748; x_wconf 75' lang='lat' dir='ltr'><strong>pugnante,</strong></span> <span class='ocrx_word' id='word_1_149' title='bbox 2597 692 2791 733; x_wconf 88' lang='lat' dir='ltr'><strong>manus</strong></span> <span class='ocrx_word' id='word_1_150' title='bbox 2814 676 3212 733; x_wconf 77' lang='lat' dir='ltr'><strong>extendebat“.</strong></span> <span class='ocrx_word' id='word_1_151' title='bbox 3236 675 3408 732; x_wconf 80' lang='lat' dir='ltr'><strong>Acce-</strong></span> 
     </span>
    </p>
   </div>
   <div class='ocr_carea' id='block_1_22' title="bbox 1837 767 3410 839">
    <p class='ocr_par' dir='ltr' id='par_1_22' title="bbox 1837 767 3410 839">
     <span class='ocr_line' id='line_1_22' title="bbox 1837 767 3410 839; baseline -0.003 -14"><span class='ocrx_word' id='word_1_152' title='bbox 1837 769 1917 825; x_wconf 84' lang='lat' dir='ltr'><strong>dit</strong></span> <span class='ocrx_word' id='word_1_153' title='bbox 1948 778 2003 825; x_wconf 92' lang='lat' dir='ltr'><strong>et</strong></span> <span class='ocrx_word' id='word_1_154' title='bbox 2031 769 2161 824; x_wconf 91' lang='lat' dir='ltr'><strong>illud</strong></span> <span class='ocrx_word' id='word_1_155' title='bbox 2227 768 2494 839; x_wconf 86' lang='lat' dir='ltr'><strong>Apostoli,</strong></span> <span class='ocrx_word' id='word_1_156' title='bbox 2549 769 2641 838; x_wconf 89' lang='lat' dir='ltr'><strong>qui</strong></span> <span class='ocrx_word' id='word_1_157' title='bbox 2666 768 2783 822; x_wconf 83' lang='lat' dir='ltr'><strong>vult</strong></span> <span class='ocrx_word' id='word_1_158' title='bbox 2830 767 2981 823; x_wconf 84' lang='lat' dir='ltr'><strong>viros</strong></span> <span class='ocrx_word' id='word_1_159' title='bbox 3022 767 3077 821; x_wconf 89' lang='lat' dir='ltr'><strong>in</strong></span> <span class='ocrx_word' id='word_1_160' title='bbox 3107 767 3255 821; x_wconf 92' lang='lat' dir='ltr'><strong>omni</strong></span> <span class='ocrx_word' id='word_1_161' title='bbox 3289 767 3410 821; x_wconf 91' lang='lat' dir='ltr'><strong>loco</strong></span> 
     </span>
    </p>
   </div>
   <div class='ocr_carea' id='block_1_23' title="bbox 1838 855 3406 931">
    <p class='ocr_par' dir='ltr' id='par_1_23' title="bbox 1838 855 3406 931">
     <span class='ocr_line' id='line_1_23' title="bbox 1838 855 3406 931; baseline -0.003 -17"><span class='ocrx_word' id='word_1_162' title='bbox 1838 874 2018 923; x_wconf 87' lang='lat' dir='ltr'><strong>orare,</strong></span> <span class='ocrx_word' id='word_1_163' title='bbox 2062 859 2414 915; x_wconf 87' lang='lat' dir='ltr'><strong>sustollentes</strong></span> <span class='ocrx_word' id='word_1_164' title='bbox 2454 873 2622 931; x_wconf 82' lang='lat' dir='ltr'><strong>puras</strong></span> <span class='ocrx_word' id='word_1_165' title='bbox 2675 873 2870 913; x_wconf 89' lang='lat' dir='ltr'><strong>manus</strong></span> <span class='ocrx_word' id='word_1_166' title='bbox 2912 858 2956 911; x_wconf 79' lang='grc'><strong>⁸.</strong></span> <span class='ocrx_word' id='word_1_167' title='bbox 3004 855 3168 913; x_wconf 89' lang='lat' dir='ltr'><strong>Forte</strong></span> <span class='ocrx_word' id='word_1_168' title='bbox 3227 865 3406 911; x_wconf 90' lang='lat' dir='ltr'><strong>autem</strong></span> 
     </span>
    </p>
   </div>
   <div class='ocr_carea' id='block_1_24' title="bbox 1840 947 3410 1021">
    <p class='ocr_par' dir='ltr' id='par_1_24' title="bbox 1840 947 3410 1021">
     <span class='ocr_line' id='line_1_24' title="bbox 1840 947 3410 1021; baseline -0.004 -12"><span class='ocrx_word' id='word_1_169' title='bbox 1840 953 2109 1009; x_wconf 83' lang='lat' dir='ltr'><strong>sententia</strong></span> <span class='ocrx_word' id='word_1_170' title='bbox 2144 952 2329 1007; x_wconf 82' lang='lat' dir='ltr'><strong>isthaec</strong></span> <span class='ocrx_word' id='word_1_171' title='bbox 2386 951 2696 1007; x_wconf 73' lang='lat' dir='ltr'><strong>abstrusius</strong></span> <span class='ocrx_word' id='word_1_172' title='bbox 2742 949 2997 1021; x_wconf 84' lang='lat' dir='ltr'><strong>quiddam</strong></span> <span class='ocrx_word' id='word_1_173' title='bbox 3044 949 3291 1005; x_wconf 90' lang='lat' dir='ltr'><strong>indicat:</strong></span> <span class='ocrx_word' id='word_1_174' title='bbox 3325 947 3410 1003; x_wconf 88' lang='lat' dir='ltr'><strong>ni-</strong></span> 
     </span>
    </p>
   </div>
   <div class='ocr_carea' id='block_1_25' title="bbox 1848 1040 3412 1114">
    <p class='ocr_par' dir='ltr' id='par_1_25' title="bbox 1848 1040 3412 1114">
     <span class='ocr_line' id='line_1_25' title="bbox 1848 1040 3412 1114; baseline -0.003 -14"><span class='ocrx_word' id='word_1_175' title='bbox 1848 1045 2047 1100; x_wconf 84' lang='lat' dir='ltr'><strong>mirum</strong></span> <span class='ocrx_word' id='word_1_176' title='bbox 2084 1060 2205 1098; x_wconf 88' lang='lat' dir='ltr'><strong>cum</strong></span> <span class='ocrx_word' id='word_1_177' title='bbox 2238 1044 2509 1114; x_wconf 84' lang='lat' dir='ltr'><strong>quispiam</strong></span> <span class='ocrx_word' id='word_1_178' title='bbox 2551 1057 2743 1114; x_wconf 83' lang='lat' dir='ltr'><strong>magna</strong></span> <span class='ocrx_word' id='word_1_179' title='bbox 2777 1042 3132 1110; x_wconf 65' lang='lat' dir='ltr'><strong>caelestiaque</strong></span> <span class='ocrx_word' id='word_1_180' title='bbox 3157 1050 3211 1097; x_wconf 90' lang='lat' dir='ltr'><strong>et</strong></span> <span class='ocrx_word' id='word_1_181' title='bbox 3245 1040 3412 1097; x_wconf 89' lang='lat' dir='ltr'><strong>subli-</strong></span> 
     </span>
    </p>
   </div>
   <div class='ocr_carea' id='block_1_26' title="bbox 1843 1135 3412 1208">
    <p class='ocr_par' dir='ltr' id='par_1_26' title="bbox 1843 1135 3412 1208">
     <span class='ocr_line' id='line_1_26' title="bbox 1843 1135 3412 1208; baseline -0.001 -15"><span class='ocrx_word' id='word_1_182' title='bbox 1843 1140 1949 1193; x_wconf 85' lang='lat' dir='ltr'><strong>mia</strong></span> <span class='ocrx_word' id='word_1_183' title='bbox 1975 1144 2256 1208; x_wconf 88' lang='lat' dir='ltr'><strong>operatur,</strong></span> <span class='ocrx_word' id='word_1_184' title='bbox 2274 1145 2327 1191; x_wconf 89' lang='lat' dir='ltr'><strong>et</strong></span> <span class='ocrx_word' id='word_1_185' title='bbox 2358 1137 2516 1207; x_wconf 88' lang='lat' dir='ltr'><strong>quasi</strong></span> <span class='ocrx_word' id='word_1_186' title='bbox 2538 1140 2645 1191; x_wconf 87' lang='lat' dir='ltr'><strong>vim</strong></span> <span class='ocrx_word' id='word_1_187' title='bbox 2668 1135 2859 1206; x_wconf 79' lang='lat' dir='ltr'><strong>agendi</strong></span> <span class='ocrx_word' id='word_1_188' title='bbox 2898 1135 3059 1190; x_wconf 81' lang='lat' dir='ltr'><strong>habet</strong></span> <span class='ocrx_word' id='word_1_189' title='bbox 3094 1135 3146 1188; x_wconf 93' lang='lat' dir='ltr'><strong>in</strong></span> <span class='ocrx_word' id='word_1_190' title='bbox 3178 1135 3412 1191; x_wconf 81' lang='lat' dir='ltr'><strong>sublime</strong></span> 
     </span>
    </p>
   </div>
   <div class='ocr_carea' id='block_1_27' title="bbox 1845 1225 3410 1293">
    <p class='ocr_par' dir='ltr' id='par_1_27' title="bbox 1845 1225 3410 1293">
     <span class='ocr_line' id='line_1_27' title="bbox 1845 1225 3410 1293; baseline -0.003 -9"><span class='ocrx_word' id='word_1_191' title='bbox 1845 1236 2104 1292; x_wconf 81' lang='lat' dir='ltr'><strong>erectam,</strong></span> <span class='ocrx_word' id='word_1_192' title='bbox 2138 1229 2186 1283; x_wconf 90' lang='lat' dir='ltr'><strong>is</strong></span> <span class='ocrx_word' id='word_1_193' title='bbox 2211 1228 2458 1282; x_wconf 78' lang='lat' dir='ltr'><strong>attollere</strong></span> <span class='ocrx_word' id='word_1_194' title='bbox 2488 1241 2684 1282; x_wconf 88' lang='lat' dir='ltr'><strong>manus</strong></span> <span class='ocrx_word' id='word_1_195' title='bbox 2708 1226 2939 1291; x_wconf 89' lang='lat' dir='ltr'><strong>dicitur;</strong></span> <span class='ocrx_word' id='word_1_196' title='bbox 2975 1225 3066 1293; x_wconf 86' lang='lat' dir='ltr'><strong>qui</strong></span> <span class='ocrx_word' id='word_1_197' title='bbox 3096 1232 3275 1279; x_wconf 82' lang='lat' dir='ltr'><strong>autem</strong></span> <span class='ocrx_word' id='word_1_198' title='bbox 3310 1225 3410 1280; x_wconf 87' lang='lat' dir='ltr'><strong>ab-</strong></span> 
     </span>
    </p>
   </div>
   <div class='ocr_carea' id='block_1_28' title="bbox 1843 1315 3410 1391">
    <p class='ocr_par' dir='ltr' id='par_1_28' title="bbox 1843 1315 3410 1391">
     <span class='ocr_line' id='line_1_28' title="bbox 1843 1315 3410 1391; baseline -0.005 -14"><span class='ocrx_word' id='word_1_199' title='bbox 1843 1322 1986 1388; x_wconf 79' lang='lat' dir='ltr'><strong>iecta</strong></span> <span class='ocrx_word' id='word_1_200' title='bbox 2018 1335 2080 1374; x_wconf 89' lang='lat' dir='ltr'><strong>ac</strong></span> <span class='ocrx_word' id='word_1_201' title='bbox 2116 1322 2399 1376; x_wconf 65' lang='lat' dir='ltr'><strong>terrestria</strong></span> <span class='ocrx_word' id='word_1_202' title='bbox 2423 1330 2517 1375; x_wconf 90' lang='lat' dir='ltr'><strong>aut</strong></span> <span class='ocrx_word' id='word_1_203' title='bbox 2573 1320 2907 1391; x_wconf 88' lang='lat' dir='ltr'><strong>corruptioni</strong></span> <span class='ocrx_word' id='word_1_204' title='bbox 2966 1316 3201 1373; x_wconf 81' lang='lat' dir='ltr'><strong>obnoxia</strong></span> <span class='ocrx_word' id='word_1_205' title='bbox 3229 1315 3410 1381; x_wconf 76' lang='lat' dir='ltr'><strong>eﬂicit,</strong></span> 
     </span>
    </p>
   </div>
   <div class='ocr_carea' id='block_1_29' title="bbox 1845 1411 3414 1484">
    <p class='ocr_par' dir='ltr' id='par_1_29' title="bbox 1845 1411 3414 1484">
     <span class='ocr_line' id='line_1_29' title="bbox 1845 1411 3414 1484; baseline 0 -18"><span class='ocrx_word' id='word_1_206' title='bbox 1845 1412 1935 1467; x_wconf 87' lang='lat' dir='ltr'><strong>hic</strong></span> <span class='ocrx_word' id='word_1_207' title='bbox 1969 1429 2165 1469; x_wconf 90' lang='lat' dir='ltr'><strong>manus</strong></span> <span class='ocrx_word' id='word_1_208' title='bbox 2195 1413 2347 1467; x_wconf 86' lang='lat' dir='ltr'><strong>humi</strong></span> <span class='ocrx_word' id='word_1_209' title='bbox 2375 1420 2656 1484; x_wconf 80' lang='lat' dir='ltr'><strong>reptantes</strong></span> <span class='ocrx_word' id='word_1_210' title='bbox 2686 1413 2849 1468; x_wconf 86' lang='lat' dir='ltr'><strong>habet</strong></span> <span class='ocrx_word' id='word_1_211' title='bbox 2892 1426 2957 1467; x_wconf 89' lang='lat' dir='ltr'><strong>ac</strong></span> <span class='ocrx_word' id='word_1_212' title='bbox 3006 1411 3268 1481; x_wconf 86' lang='lat' dir='ltr'><strong>dejectas.</strong></span> <span class='ocrx_word' id='word_1_213' title='bbox 3299 1411 3414 1466; x_wconf 86' lang='lat' dir='ltr'><strong>lloc</strong></span> 
     </span>
    </p>
   </div>
   <div class='ocr_carea' id='block_1_30' title="bbox 1846 1503 3419 1575">
    <p class='ocr_par' dir='ltr' id='par_1_30' title="bbox 1846 1503 3419 1575">
     <span class='ocr_line' id='line_1_30' title="bbox 1846 1503 3419 1575; baseline -0.003 -13"><span class='ocrx_word' id='word_1_214' title='bbox 1846 1507 2009 1562; x_wconf 88' lang='lat' dir='ltr'><strong>etiam</strong></span> <span class='ocrx_word' id='word_1_215' title='bbox 2051 1507 2208 1562; x_wconf 88' lang='lat' dir='ltr'><strong>nobis</strong></span> <span class='ocrx_word' id='word_1_216' title='bbox 2252 1506 2432 1560; x_wconf 88' lang='lat' dir='ltr'><strong>innuit</strong></span> <span class='ocrx_word' id='word_1_217' title='bbox 2481 1504 2683 1575; x_wconf 84' lang='lat' dir='ltr'><strong>Moysis</strong></span> <span class='ocrx_word' id='word_1_218' title='bbox 2738 1504 3001 1570; x_wconf 85' lang='lat' dir='ltr'><strong>historia;</strong></span> <span class='ocrx_word' id='word_1_219' title='bbox 3050 1503 3249 1574; x_wconf 88' lang='lat' dir='ltr'><strong>quippe</strong></span> <span class='ocrx_word' id='word_1_220' title='bbox 3294 1518 3419 1572; x_wconf 60' lang='lat' dir='ltr'><strong>quas</strong></span> 
     </span>
    </p>
   </div>
   <div class='ocr_carea' id='block_1_31' title="bbox 1849 1594 3410 1664">
    <p class='ocr_par' dir='ltr' id='par_1_31' title="bbox 1849 1594 3410 1664">
     <span class='ocr_line' id='line_1_31' title="bbox 1849 1594 3410 1664; baseline -0.003 -12"><span class='ocrx_word' id='word_1_221' title='bbox 1849 1606 1978 1652; x_wconf 89' lang='lat' dir='ltr'><strong>tunc</strong></span> <span class='ocrx_word' id='word_1_222' title='bbox 2005 1596 2223 1661; x_wconf 73' lang='lat' dir='ltr'><strong>ﬁebant,</strong></span> <span class='ocrx_word' id='word_1_223' title='bbox 2265 1595 2594 1652; x_wconf 85' lang='lat' dir='ltr'><strong>conditionis</strong></span> <span class='ocrx_word' id='word_1_224' title='bbox 2645 1596 2895 1650; x_wconf 64' lang='lat' dir='ltr'><strong>humanae</strong></span> <span class='ocrx_word' id='word_1_225' title='bbox 2939 1603 3097 1650; x_wconf 89' lang='lat' dir='ltr'><strong>erant</strong></span> <span class='ocrx_word' id='word_1_226' title='bbox 3146 1594 3410 1664; x_wconf 74' lang='lat' dir='ltr'><strong>symbols,</strong></span> 
     </span>
    </p>
   </div>
   <div class='ocr_carea' id='block_1_32' title="bbox 1848 1685 3420 1759">
    <p class='ocr_par' dir='ltr' id='par_1_32' title="bbox 1848 1685 3420 1759">
     <span class='ocr_line' id='line_1_32' title="bbox 1848 1685 3420 1759; baseline 0 -17"><span class='ocrx_word' id='word_1_227' title='bbox 1848 1686 1996 1759; x_wconf 91' lang='lat' dir='ltr'><strong>quod</strong></span> <span class='ocrx_word' id='word_1_228' title='bbox 2025 1688 2061 1741; x_wconf 90' lang='lat' dir='ltr'><strong>ii</strong></span> <span class='ocrx_word' id='word_1_229' title='bbox 2090 1688 2182 1756; x_wconf 94' lang='lat' dir='ltr'><strong>qui</strong></span> <span class='ocrx_word' id='word_1_230' title='bbox 2219 1686 2533 1758; x_wconf 83' lang='lat' dir='ltr'><strong>proﬁciunt,</strong></span> <span class='ocrx_word' id='word_1_231' title='bbox 2565 1701 2670 1742; x_wconf 88' lang='lat' dir='ltr'><strong>non</strong></span> <span class='ocrx_word' id='word_1_232' title='bbox 2719 1686 2835 1757; x_wconf 88' lang='lat' dir='ltr'><strong>pari</strong></span> <span class='ocrx_word' id='word_1_233' title='bbox 2876 1685 3086 1741; x_wconf 82' lang='lat' dir='ltr'><strong>ratione</strong></span> <span class='ocrx_word' id='word_1_234' title='bbox 3129 1700 3193 1739; x_wconf 88' lang='lat' dir='ltr'><strong>ac</strong></span> <span class='ocrx_word' id='word_1_235' title='bbox 3232 1695 3420 1742; x_wconf 82' lang='lat' dir='ltr'><strong>tenOre</strong></span> 
     </span>
    </p>
   </div>
   <div class='ocr_carea' id='block_1_33' title="bbox 1857 1777 3420 1851">
    <p class='ocr_par' dir='ltr' id='par_1_33' title="bbox 1857 1777 3420 1851">
     <span class='ocr_line' id='line_1_33' title="bbox 1857 1777 3420 1851; baseline -0.002 -16"><span class='ocrx_word' id='word_1_236' title='bbox 1857 1788 2157 1851; x_wconf 83' lang='lat' dir='ltr'><strong>operantur</strong></span> <span class='ocrx_word' id='word_1_237' title='bbox 2184 1797 2199 1833; x_wconf 88' lang='lat'><strong>:</strong></span> <span class='ocrx_word' id='word_1_238' title='bbox 2223 1781 2316 1835; x_wconf 89' lang='lat' dir='ltr'><strong>sed</strong></span> <span class='ocrx_word' id='word_1_239' title='bbox 2343 1780 2504 1834; x_wconf 89' lang='lat' dir='ltr'><strong>modo</strong></span> <span class='ocrx_word' id='word_1_240' title='bbox 2528 1778 2722 1835; x_wconf 90' lang='lat' dir='ltr'><strong>melius</strong></span> <span class='ocrx_word' id='word_1_241' title='bbox 2751 1779 2960 1844; x_wconf 84' lang='lat' dir='ltr'><strong>vivunt,</strong></span> <span class='ocrx_word' id='word_1_242' title='bbox 3008 1778 3170 1834; x_wconf 90' lang='lat' dir='ltr'><strong>modo</strong></span> <span class='ocrx_word' id='word_1_243' title='bbox 3191 1793 3320 1833; x_wconf 72' lang='lat' dir='ltr'><strong>vero</strong></span> <span class='ocrx_word' id='word_1_244' title='bbox 3346 1777 3420 1833; x_wconf 91' lang='lat' dir='ltr'><strong>ob</strong></span> 
     </span>
    </p>
   </div>
   <div class='ocr_carea' id='block_1_34' title="bbox 189 1846 1772 1946">
    <p class='ocr_par' dir='ltr' id='par_1_34' title="bbox 189 1846 1751 1946">
     <span class='ocr_line' id='line_1_34' title="bbox 189 1846 1751 1946; baseline 0.003 -23"><span class='ocrx_word' id='word_1_245' title='bbox 189 1846 388 1925; x_wconf 75' lang='grc' dir='ltr'>ἀτονίαν</span> <span class='ocrx_word' id='word_1_246' title='bbox 427 1872 721 1927; x_wconf 82' lang='grc' dir='ltr'>ἐκλύεσθαι</span> <span class='ocrx_word' id='word_1_247' title='bbox 769 1846 865 1928; x_wconf 75' lang='grc' dir='ltr'><strong>καὶ</strong></span> <span class='ocrx_word' id='word_1_248' title='bbox 911 1846 1296 1946; x_wconf 80' lang='grc' dir='ltr'>ἀσθενέστερον</span> <span class='ocrx_word' id='word_1_249' title='bbox 1339 1876 1615 1945; x_wconf 83' lang='grc' dir='ltr'>ἐνεργεῖν,</span> <span class='ocrx_word' id='word_1_250' title='bbox 1651 1874 1751 1944; x_wconf 79' lang='grc' dir='ltr'>τῆς</span> 
     </span>
    </p>
   </div>
   <div class='ocr_carea' id='block_1_35' title="bbox 1858 1846 3420 1946">
    <p class='ocr_par' dir='ltr' id='par_1_35' title="bbox 1858 1846 3420 1941">
     <span class='ocr_line' id='line_1_35' title="bbox 1858 1846 3420 1941; baseline -0.002 -15"><span class='ocrx_word' id='word_1_251' title='bbox 1858 1846 2279 1927; x_wconf 76' lang='lat' dir='ltr'><strong>imbecillitatem</strong></span> <span class='ocrx_word' id='word_1_252' title='bbox 2314 1870 2658 1941; x_wconf 82' lang='lat' dir='ltr'><strong>franguntur,</strong></span> <span class='ocrx_word' id='word_1_253' title='bbox 2705 1884 2943 1940; x_wconf 88' lang='lat' dir='ltr'><strong>suasque</strong></span> <span class='ocrx_word' id='word_1_254' title='bbox 2987 1870 3292 1941; x_wconf 83' lang='lat' dir='ltr'><strong>languidius</strong></span> <span class='ocrx_word' id='word_1_255' title='bbox 3326 1884 3420 1924; x_wconf 85' lang='lat' dir='ltr'><strong>ex-</strong></span> 
     </span>
    </p>
   </div>
   <div class='ocr_carea' id='block_1_36' title="bbox 190 1961 1751 2038">
    <p class='ocr_par' dir='ltr' id='par_1_36' title="bbox 190 1961 1751 2038">
     <span class='ocr_line' id='line_1_36' title="bbox 190 1961 1751 2038; baseline 0.003 -24"><span class='ocrx_word' id='word_1_256' title='bbox 190 1961 518 2035; x_wconf 82' lang='grc' dir='ltr'>ἀνθρωπίνης</span> <span class='ocrx_word' id='word_1_257' title='bbox 549 1965 937 2030; x_wconf 79' lang='grc' dir='ltr'>καταστάσεως</span> <span class='ocrx_word' id='word_1_258' title='bbox 981 1965 1223 2036; x_wconf 89' lang='grc' dir='ltr'>σύμϐολα</span> <span class='ocrx_word' id='word_1_259' title='bbox 1254 1961 1321 2038; x_wconf 77' lang='grc' dir='ltr'>ἦν</span> <span class='ocrx_word' id='word_1_260' title='bbox 1347 1965 1415 2019; x_wconf 84' lang='grc' dir='ltr'>τὰ</span> <span class='ocrx_word' id='word_1_261' title='bbox 1449 1967 1569 2019; x_wconf 86' lang='grc' dir='ltr'>τότε</span> <span class='ocrx_word' id='word_1_262' title='bbox 1603 1967 1751 2035; x_wconf 75' lang='grc' dir='ltr'><strong>γινό⁸</strong></span> 
     </span>
    </p>
   </div>
   <div class='ocr_carea' id='block_1_37' title="bbox 1852 1961 3418 2032">
    <p class='ocr_par' dir='ltr' id='par_1_37' title="bbox 1852 1961 3418 2032">
     <span class='ocr_line' id='line_1_37' title="bbox 1852 1961 3418 2032; baseline -0.002 -15"><span class='ocrx_word' id='word_1_263' title='bbox 1852 1971 2041 2017; x_wconf 88' lang='lat' dir='ltr'><strong>serunt</strong></span> <span class='ocrx_word' id='word_1_264' title='bbox 2069 1961 2331 2018; x_wconf 88' lang='lat' dir='ltr'><strong>actiones.</strong></span> <span class='ocrx_word' id='word_1_265' title='bbox 2362 1961 2573 2015; x_wconf 85' lang='lat' dir='ltr'><strong>Etenim</strong></span> <span class='ocrx_word' id='word_1_266' title='bbox 2595 1961 2640 2016; x_wconf 92' lang='lat' dir='ltr'><strong>si</strong></span> <span class='ocrx_word' id='word_1_267' title='bbox 2666 1961 2873 2032; x_wconf 79' lang='lat' dir='ltr'><strong>Moyses</strong></span> <span class='ocrx_word' id='word_1_268' title='bbox 2907 1962 3178 2016; x_wconf 87' lang='lat' dir='ltr'><strong>attolleret</strong></span> <span class='ocrx_word' id='word_1_269' title='bbox 3206 1975 3418 2022; x_wconf 87' lang='lat' dir='ltr'><strong>manus,</strong></span> 
     </span>
    </p>
   </div>
   <div class='ocr_carea' id='block_1_38' title="bbox 193 2052 1772 2129">
    <p class='ocr_par' dir='ltr' id='par_1_38' title="bbox 193 2054 1750 2129">
     <span class='ocr_line' id='line_1_38' title="bbox 193 2054 1750 2129; baseline 0 -21"><span class='ocrx_word' id='word_1_270' title='bbox 193 2072 334 2125; x_wconf 84' lang='grc' dir='ltr'>μενα.</span> <span class='ocrx_word' id='word_1_271' title='bbox 365 2058 428 2109; x_wconf 79' lang='grc' dir='ltr'><strong>Εἰ</strong></span> <span class='ocrx_word' id='word_1_272' title='bbox 468 2056 569 2127; x_wconf 77' lang='grc' dir='ltr'><strong>μὲν</strong></span> <span class='ocrx_word' id='word_1_273' title='bbox 604 2056 713 2128; x_wconf 80' lang='grc' dir='ltr'><strong>γὰρ</strong></span> <span class='ocrx_word' id='word_1_274' title='bbox 747 2057 921 2127; x_wconf 86' lang='grc' dir='ltr'>ἐπῆρε</span> <span class='ocrx_word' id='word_1_275' title='bbox 957 2056 1056 2118; x_wconf 85' lang='grc' dir='ltr'>τὰς</span> <span class='ocrx_word' id='word_1_276' title='bbox 1104 2059 1311 2126; x_wconf 86' lang='grc' dir='ltr'>χεῖρας,</span> <span class='ocrx_word' id='word_1_277' title='bbox 1367 2055 1610 2125; x_wconf 78' lang='grc' dir='ltr'>ἐνίσχυεν</span> <span class='ocrx_word' id='word_1_278' title='bbox 1637 2054 1750 2129; x_wconf 80' lang='grc'><strong>(59)</strong></span> 
     </span>
    </p>
   </div>
   <div class='ocr_carea' id='block_1_39' title="bbox 1858 2052 3421 2129">
    <p class='ocr_par' dir='ltr' id='par_1_39' title="bbox 1858 2052 3421 2122">
     <span class='ocr_line' id='line_1_39' title="bbox 1858 2052 3421 2122; baseline -0.001 -16"><span class='ocrx_word' id='word_1_279' title='bbox 1858 2053 2106 2108; x_wconf 80' lang='lat' dir='ltr'><strong>vincebat</strong></span> <span class='ocrx_word' id='word_1_280' title='bbox 2131 2053 2325 2108; x_wconf 90' lang='lat' dir='ltr'><strong>Israel:</strong></span> <span class='ocrx_word' id='word_1_281' title='bbox 2357 2052 2577 2122; x_wconf 89' lang='lat' dir='ltr'><strong>quando</strong></span> <span class='ocrx_word' id='word_1_282' title='bbox 2606 2067 2734 2107; x_wconf 83' lang='lat' dir='ltr'><strong>vero</strong></span> <span class='ocrx_word' id='word_1_283' title='bbox 2781 2067 2875 2107; x_wconf 87' lang='lat' dir='ltr'><strong>eas</strong></span> <span class='ocrx_word' id='word_1_284' title='bbox 2914 2052 3249 2116; x_wconf 88' lang='lat' dir='ltr'><strong>demittebat,</strong></span> <span class='ocrx_word' id='word_1_285' title='bbox 3283 2066 3421 2121; x_wconf 63' lang='lat' dir='ltr'><strong>prm-</strong></span> 
     </span>
    </p>
   </div>
   <div class='ocr_carea' id='block_1_40' title="bbox 188 2139 1772 2220">
    <p class='ocr_par' dir='ltr' id='par_1_40' title="bbox 188 2139 1750 2220">
     <span class='ocr_line' id='line_1_40' title="bbox 188 2139 1750 2220; baseline 0 -19"><span class='ocrx_word' id='word_1_286' title='bbox 188 2148 213 2200; x_wconf 88' lang='lat'><strong>6</strong></span> <span class='ocrx_word' id='word_1_287' title='bbox 241 2149 475 2220; x_wconf 80' lang='grc' dir='ltr'>Ἰσραήλ-</span> <span class='ocrx_word' id='word_1_288' title='bbox 501 2151 589 2201; x_wconf 74' lang='grc' dir='ltr'><strong>ὅτε</strong></span> <span class='ocrx_word' id='word_1_289' title='bbox 612 2149 667 2201; x_wconf 81' lang='grc' dir='ltr'><strong>δὲ</strong></span> <span class='ocrx_word' id='word_1_290' title='bbox 697 2139 905 2220; x_wconf 76' lang='grc' dir='ltr'>καθῆκε</span> <span class='ocrx_word' id='word_1_291' title='bbox 928 2147 1026 2212; x_wconf 77' lang='grc' dir='ltr'><strong>τὰς</strong></span> <span class='ocrx_word' id='word_1_292' title='bbox 1054 2151 1260 2220; x_wconf 78' lang='grc' dir='ltr'>χεῖρας,</span> <span class='ocrx_word' id='word_1_293' title='bbox 1289 2148 1614 2219; x_wconf 78' lang='grc' dir='ltr'>κατίσχυσεν</span> <span class='ocrx_word' id='word_1_294' title='bbox 1639 2148 1750 2216; x_wconf 88' lang='grc'>(60)</span> 
     </span>
    </p>
   </div>
   <div class='ocr_carea' id='block_1_41' title="bbox 1858 2139 3421 2220">
    <p class='ocr_par' dir='ltr' id='par_1_41' title="bbox 1858 2142 3421 2209">
     <span class='ocr_line' id='line_1_41' title="bbox 1858 2142 3421 2209; baseline -0.001 -10"><span class='ocrx_word' id='word_1_295' title='bbox 1858 2145 2069 2200; x_wconf 87' lang='lat' dir='ltr'><strong>valebat</strong></span> <span class='ocrx_word' id='word_1_296' title='bbox 2104 2143 2343 2200; x_wconf 83' lang='lat' dir='ltr'><strong>Amalec.</strong></span> <span class='ocrx_word' id='word_1_297' title='bbox 2382 2143 2496 2198; x_wconf 89' lang='lat' dir='ltr'><strong>Hoc</strong></span> <span class='ocrx_word' id='word_1_298' title='bbox 2551 2154 2657 2209; x_wconf 90' lang='lat' dir='ltr'><strong>est,</strong></span> <span class='ocrx_word' id='word_1_299' title='bbox 2698 2151 2885 2200; x_wconf 89' lang='lat' dir='ltr'><strong>nostra</strong></span> <span class='ocrx_word' id='word_1_300' title='bbox 2930 2142 3159 2198; x_wconf 82' lang='lat' dir='ltr'><strong>facultas</strong></span> <span class='ocrx_word' id='word_1_301' title='bbox 3198 2154 3421 2197; x_wconf 87' lang='lat' dir='ltr'><strong>actuosa</strong></span> 
     </span>
    </p>
   </div>
   <div class='ocr_carea' id='block_1_42' title="bbox 200 2240 1754 2313">
    <p class='ocr_par' dir='ltr' id='par_1_42' title="bbox 200 2240 1754 2313">
     <span class='ocr_line' id='line_1_42' title="bbox 200 2240 1754 2313; baseline 0.002 -21"><span class='ocrx_word' id='word_1_302' title='bbox 200 2240 452 2313; x_wconf 81' lang='grc' dir='ltr'>Ἀμαλήκ.</span> <span class='ocrx_word' id='word_1_303' title='bbox 496 2241 779 2307; x_wconf 80' lang='grc' dir='ltr'>Τουτέστι,</span> <span class='ocrx_word' id='word_1_304' title='bbox 827 2241 1271 2312; x_wconf 77' lang='grc' dir='ltr'>καταπιπτούσης</span> <span class='ocrx_word' id='word_1_305' title='bbox 1321 2242 1417 2311; x_wconf 85' lang='grc' dir='ltr'><strong>μὲν</strong></span> <span class='ocrx_word' id='word_1_306' title='bbox 1462 2240 1618 2311; x_wconf 81' lang='grc' dir='ltr'>ἡμῶν</span> <span class='ocrx_word' id='word_1_307' title='bbox 1651 2241 1754 2312; x_wconf 83' lang='grc' dir='ltr'>τῆς</span> 
     </span>
    </p>
   </div>
   <div class='ocr_carea' id='block_1_43' title="bbox 187 2331 1750 2404">
    <p class='ocr_par' dir='ltr' id='par_1_43' title="bbox 187 2331 1750 2404">
     <span class='ocr_line' id='line_1_43' title="bbox 187 2331 1750 2404; baseline -0.001 -17"><span class='ocrx_word' id='word_1_308' title='bbox 187 2333 465 2403; x_wconf 75' lang='grc' dir='ltr'>δραπικῆς</span> <span class='ocrx_word' id='word_1_309' title='bbox 500 2333 809 2404; x_wconf 84' lang='grc' dir='ltr'>δυνάμεως.</span> <span class='ocrx_word' id='word_1_310' title='bbox 844 2333 1017 2403; x_wconf 82' lang='grc' dir='ltr'>ἰσχύει</span> <span class='ocrx_word' id='word_1_311' title='bbox 1045 2333 1111 2385; x_wconf 80' lang='grc' dir='ltr'>τὰ</span> <span class='ocrx_word' id='word_1_312' title='bbox 1143 2331 1559 2386; x_wconf 79' lang='grc' dir='ltr'>ἀντιπαλαίοντα</span> <span class='ocrx_word' id='word_1_313' title='bbox 1581 2335 1712 2403; x_wconf 86' lang='grc' dir='ltr'>ἡμῖν</span> <span class='ocrx_word' id='word_1_314' title='bbox 1734 2349 1750 2364; x_wconf 83' lang='lat'><strong><em>°</em></strong></span> 
     </span>
    </p>
   </div>
   <div class='ocr_carea' id='block_1_44' title="bbox 188 2422 1757 2495">
    <p class='ocr_par' dir='ltr' id='par_1_44' title="bbox 188 2422 1757 2495">
     <span class='ocr_line' id='line_1_44' title="bbox 188 2422 1757 2495; baseline -0.001 -19"><span class='ocrx_word' id='word_1_315' title='bbox 188 2422 478 2495; x_wconf 64' lang='grc' dir='ltr'>ύψουμένης</span> <span class='ocrx_word' id='word_1_316' title='bbox 511 2424 572 2477; x_wconf 80' lang='grc' dir='ltr'>δὲ</span> <span class='ocrx_word' id='word_1_317' title='bbox 602 2426 694 2477; x_wconf 74' lang='grc' dir='ltr'><strong>καὶ</strong></span> <span class='ocrx_word' id='word_1_318' title='bbox 731 2423 1095 2495; x_wconf 85' lang='grc' dir='ltr'>διαιρομένης,</span> <span class='ocrx_word' id='word_1_319' title='bbox 1132 2422 1497 2495; x_wconf 82' lang='grc' dir='ltr'>δυνατώτερον</span> <span class='ocrx_word' id='word_1_320' title='bbox 1531 2424 1641 2495; x_wconf 82' lang='grc'>(61)</span> <span class='ocrx_word' id='word_1_321' title='bbox 1672 2422 1757 2493; x_wconf 81' lang='grc' dir='ltr'>γί-</span> 
     </span>
    </p>
   </div>
   <div class='ocr_carea' id='block_1_45' title="bbox 186 2515 1750 2587">
    <p class='ocr_par' dir='ltr' id='par_1_45' title="bbox 186 2515 1750 2587">
     <span class='ocr_line' id='line_1_45' title="bbox 186 2515 1750 2587; baseline 0.003 -19"><span class='ocrx_word' id='word_1_322' title='bbox 186 2532 321 2568; x_wconf 82' lang='grc' dir='ltr'>νεται</span> <span class='ocrx_word' id='word_1_323' title='bbox 345 2516 403 2568; x_wconf 78' lang='grc' dir='ltr'>τὸ</span> <span class='ocrx_word' id='word_1_324' title='bbox 430 2515 740 2587; x_wconf 80' lang='grc' dir='ltr'>διορατικὸν</span> <span class='ocrx_word' id='word_1_325' title='bbox 775 2516 832 2568; x_wconf 90' lang='grc' dir='ltr'><strong>ἐν</strong></span> <span class='ocrx_word' id='word_1_326' title='bbox 879 2516 1035 2585; x_wconf 81' lang='grc' dir='ltr'>ἡμῖν.</span> <span class='ocrx_word' id='word_1_327' title='bbox 1079 2516 1218 2586; x_wconf 82' lang='grc' dir='ltr'>ὅπερ</span> <span class='ocrx_word' id='word_1_328' title='bbox 1258 2515 1473 2587; x_wconf 84' lang='grc' dir='ltr'>Ἰσραὴλ</span> <span class='ocrx_word' id='word_1_329' title='bbox 1514 2515 1750 2584; x_wconf 77' lang='grc' dir='ltr'>λέγεται.</span> 
     </span>
    </p>
   </div>
   <div class='ocr_carea' id='block_1_46' title="bbox 189 2605 1755 2679">
    <p class='ocr_par' dir='ltr' id='par_1_46' title="bbox 189 2605 1755 2679">
     <span class='ocr_line' id='line_1_46' title="bbox 189 2605 1755 2679; baseline 0.002 -21"><span class='ocrx_word' id='word_1_330' title='bbox 189 2605 343 2675; x_wconf 82' lang='grc' dir='ltr'>Τήρει</span> <span class='ocrx_word' id='word_1_331' title='bbox 372 2605 451 2667; x_wconf 83' lang='grc' dir='ltr'>δὲ,</span> <span class='ocrx_word' id='word_1_332' title='bbox 485 2608 574 2659; x_wconf 87' lang='grc' dir='ltr'><strong>ὅτι</strong></span> <span class='ocrx_word' id='word_1_333' title='bbox 607 2606 837 2659; x_wconf 78' lang='grc' dir='ltr'>ἐνταῦθα</span> <span class='ocrx_word' id='word_1_334' title='bbox 875 2606 974 2659; x_wconf 79' lang='grc' dir='ltr'><strong>οὐκ</strong></span> <span class='ocrx_word' id='word_1_335' title='bbox 1010 2606 1242 2678; x_wconf 76' lang='grc' dir='ltr'>εἴρηται,</span> <span class='ocrx_word' id='word_1_336' title='bbox 1280 2607 1448 2660; x_wconf 86' lang='grc' dir='ltr'>Ὅταν</span> <span class='ocrx_word' id='word_1_337' title='bbox 1493 2607 1755 2679; x_wconf 83' lang='grc' dir='ltr'>ὲπαίρητε</span> 
     </span>
    </p>
   </div>
   <div class='ocr_carea' id='block_1_47' title="bbox 188 2694 1755 2770">
    <p class='ocr_par' dir='ltr' id='par_1_47' title="bbox 188 2694 1755 2770">
     <span class='ocr_line' id='line_1_47' title="bbox 188 2694 1755 2770; baseline 0.003 -22"><span class='ocrx_word' id='word_1_338' title='bbox 188 2694 277 2759; x_wconf 75' lang='grc' dir='ltr'>τὰς</span> <span class='ocrx_word' id='word_1_339' title='bbox 317 2701 503 2769; x_wconf 82' lang='grc' dir='ltr'>χεῖρας</span> <span class='ocrx_word' id='word_1_340' title='bbox 554 2696 692 2768; x_wconf 62' lang='grc'>(62)·</span> <span class='ocrx_word' id='word_1_341' title='bbox 744 2697 891 2761; x_wconf 77' lang='grc' dir='ltr'>ἀλλ’,</span> <span class='ocrx_word' id='word_1_342' title='bbox 919 2697 1105 2750; x_wconf 85' lang='grc' dir='ltr'>Ὅταν</span> <span class='ocrx_word' id='word_1_343' title='bbox 1142 2698 1466 2765; x_wconf 79' lang='grc' dir='ltr'>ἐκτείνητε.</span> <span class='ocrx_word' id='word_1_344' title='bbox 1509 2699 1755 2770; x_wconf 86' lang='grc' dir='ltr'>Ἐπαίρει</span> 
     </span>
    </p>
   </div>
   <div class='ocr_carea' id='block_1_48' title="bbox 193 2774 1758 2862">
    <p class='ocr_par' dir='ltr' id='par_1_48' title="bbox 193 2774 1758 2862">
     <span class='ocr_line' id='line_1_48' title="bbox 193 2774 1758 2862; baseline 0.003 -22"><span class='ocrx_word' id='word_1_345' title='bbox 193 2788 280 2859; x_wconf 74' lang='grc' dir='ltr'>μὲν</span> <span class='ocrx_word' id='word_1_346' title='bbox 310 2789 415 2862; x_wconf 81' lang='grc' dir='ltr'>γὰρ</span> <span class='ocrx_word' id='word_1_347' title='bbox 448 2793 476 2843; x_wconf 82' lang='grc' dir='ltr'><em>ὀ</em></span> <span class='ocrx_word' id='word_1_348' title='bbox 508 2789 583 2843; x_wconf 73' lang='grc' dir='ltr'>τὰ</span> <span class='ocrx_word' id='word_1_349' title='bbox 627 2789 740 2843; x_wconf 84' lang='grc' dir='ltr'>ἄνω</span> <span class='ocrx_word' id='word_1_350' title='bbox 776 2774 974 2861; x_wconf 81' lang='grc' dir='ltr'>ζητῶν,</span> <span class='ocrx_word' id='word_1_351' title='bbox 1026 2789 1255 2843; x_wconf 77' lang='grc' dir='ltr'>ἐκτείνει</span> <span class='ocrx_word' id='word_1_352' title='bbox 1287 2790 1344 2843; x_wconf 80' lang='grc' dir='ltr'><strong>δὲ</strong></span> <span class='ocrx_word' id='word_1_353' title='bbox 1385 2792 1413 2843; x_wconf 89' lang='grc' dir='ltr'>ὁ</span> <span class='ocrx_word' id='word_1_354' title='bbox 1444 2789 1537 2860; x_wconf 78' lang='grc' dir='ltr'><strong>τῆς</strong></span> <span class='ocrx_word' id='word_1_355' title='bbox 1581 2786 1758 2854; x_wconf 71' lang='grc' dir='ltr'>εἰς’τὰ</span> 
     </span>
    </p>
   </div>
   <div class='ocr_carea' id='block_1_49' title="bbox 191 2881 1758 2954">
    <p class='ocr_par' dir='ltr' id='par_1_49' title="bbox 191 2881 1758 2954">
     <span class='ocr_line' id='line_1_49' title="bbox 191 2881 1758 2954; baseline 0.001 -21"><span class='ocrx_word' id='word_1_356' title='bbox 191 2883 461 2952; x_wconf 84' lang='grc' dir='ltr'>σωματικὰ</span> <span class='ocrx_word' id='word_1_357' title='bbox 487 2882 742 2954; x_wconf 78' lang='grc' dir='ltr'>βοηθείας</span> <span class='ocrx_word' id='word_1_358' title='bbox 763 2881 1126 2954; x_wconf 82' lang='grc' dir='ltr'>ὲπιδεόμενος.</span> <span class='ocrx_word' id='word_1_359' title='bbox 1157 2881 1376 2954; x_wconf 82' lang='grc' dir='ltr'>Ἐπειδὴ</span> <span class='ocrx_word' id='word_1_360' title='bbox 1396 2882 1454 2935; x_wconf 82' lang='grc' dir='ltr'><strong>δὲ</strong></span> <span class='ocrx_word' id='word_1_361' title='bbox 1479 2884 1511 2953; x_wconf 78' lang='grc' dir='ltr'>ἡ</span> <span class='ocrx_word' id='word_1_362' title='bbox 1536 2881 1758 2946; x_wconf 77' lang='grc' dir='ltr'>ἔκτασις</span> 
     </span>
    </p>
   </div>
   <div class='ocr_carea' id='block_1_50' title="bbox 192 2970 1760 3047">
    <p class='ocr_par' dir='ltr' id='par_1_50' title="bbox 192 2970 1760 3047">
     <span class='ocr_line' id='line_1_50' title="bbox 192 2970 1760 3047; baseline 0 -20"><span class='ocrx_word' id='word_1_363' title='bbox 192 2974 435 3039; x_wconf 82' lang='grc' dir='ltr'>πολλάκις</span> <span class='ocrx_word' id='word_1_364' title='bbox 462 2977 611 3029; x_wconf 79' lang='grc' dir='ltr'>κατὰ</span> <span class='ocrx_word' id='word_1_365' title='bbox 645 2976 881 3029; x_wconf 84' lang='grc' dir='ltr'>διάθεσιν</span> <span class='ocrx_word' id='word_1_366' title='bbox 908 2976 1059 3047; x_wconf 81' lang='grc' dir='ltr'>παρὰ</span> <span class='ocrx_word' id='word_1_367' title='bbox 1082 2975 1188 3028; x_wconf 82' lang='grc' dir='ltr'>τῶν</span> <span class='ocrx_word' id='word_1_368' title='bbox 1229 2970 1437 3046; x_wconf 85' lang='grc' dir='ltr'>νηπίων</span> <span class='ocrx_word' id='word_1_369' title='bbox 1472 2976 1606 3047; x_wconf 83' lang='grc' dir='ltr'>πρὸς</span> <span class='ocrx_word' id='word_1_370' title='bbox 1634 2992 1760 3047; x_wconf 87' lang='grc' dir='ltr'>τρο-</span> 
     </span>
    </p>
   </div>
   <div class='ocr_carea' id='block_1_51' title="bbox 192 3064 1760 3137">
    <p class='ocr_par' dir='ltr' id='par_1_51' title="bbox 192 3064 1760 3137">
     <span class='ocr_line' id='line_1_51' title="bbox 192 3064 1760 3137; baseline 0.003 -22"><span class='ocrx_word' id='word_1_371' title='bbox 192 3064 371 3135; x_wconf 76' lang='grc' dir='ltr'><strong>φοῦςῆ</strong></span> <span class='ocrx_word' id='word_1_372' title='bbox 415 3064 664 3137; x_wconf 78' lang='grc' dir='ltr'>μητέρας</span> <span class='ocrx_word' id='word_1_373' title='bbox 707 3066 937 3134; x_wconf 89' lang='grc' dir='ltr'>γίνεται,</span> <span class='ocrx_word' id='word_1_374' title='bbox 974 3065 1188 3129; x_wconf 77' lang='grc' dir='ltr'>δεικνὺς</span> <span class='ocrx_word' id='word_1_375' title='bbox 1221 3065 1330 3119; x_wconf 83' lang='grc' dir='ltr'><strong>τῶν</strong></span> <span class='ocrx_word' id='word_1_376' title='bbox 1362 3064 1669 3137; x_wconf 81' lang='grc' dir='ltr'>εὐχομένων</span> <span class='ocrx_word' id='word_1_377' title='bbox 1698 3065 1760 3119; x_wconf 84' lang='grc' dir='ltr'><strong>τὸ</strong></span> 
     </span>
    </p>
   </div>
   <div class='ocr_carea' id='block_1_52' title="bbox 1854 2234 3423 2305">
    <p class='ocr_par' dir='ltr' id='par_1_52' title="bbox 1854 2234 3423 2305">
     <span class='ocr_line' id='line_1_52' title="bbox 1854 2234 3423 2305; baseline -0.001 -15"><span class='ocrx_word' id='word_1_378' title='bbox 1854 2237 1898 2291; x_wconf 90' lang='lat' dir='ltr'><strong>si</strong></span> <span class='ocrx_word' id='word_1_379' title='bbox 1926 2235 2143 2305; x_wconf 88' lang='lat' dir='ltr'><strong>quando</strong></span> <span class='ocrx_word' id='word_1_380' title='bbox 2168 2234 2437 2289; x_wconf 80' lang='lat' dir='ltr'><strong>faticescit</strong></span> <span class='ocrx_word' id='word_1_381' title='bbox 2459 2250 2521 2288; x_wconf 89' lang='lat' dir='ltr'><strong>ac</strong></span> <span class='ocrx_word' id='word_1_382' title='bbox 2538 2236 2916 2304; x_wconf 85' lang='lat' dir='ltr'><strong>prosternitur,</strong></span> <span class='ocrx_word' id='word_1_383' title='bbox 2937 2235 2991 2289; x_wconf 94' lang='lat' dir='ltr'><strong>in</strong></span> <span class='ocrx_word' id='word_1_384' title='bbox 3015 2249 3114 2289; x_wconf 92' lang='lat' dir='ltr'><strong>nos</strong></span> <span class='ocrx_word' id='word_1_385' title='bbox 3132 2234 3423 2304; x_wconf 77' lang='lat' dir='ltr'><strong>praevalent</strong></span> 
     </span>
    </p>
   </div>
   <div class='ocr_carea' id='block_1_53' title="bbox 1854 2326 3422 2395">
    <p class='ocr_par' dir='ltr' id='par_1_53' title="bbox 1854 2326 3422 2395">
     <span class='ocr_line' id='line_1_53' title="bbox 1854 2326 3422 2395; baseline 0.002 -16"><span class='ocrx_word' id='word_1_386' title='bbox 1854 2326 2180 2381; x_wconf 72' lang='lat' dir='ltr'><strong>adversariae</strong></span> <span class='ocrx_word' id='word_1_387' title='bbox 2212 2333 2542 2395; x_wconf 83' lang='lat' dir='ltr'><strong>potestates:</strong></span> <span class='ocrx_word' id='word_1_388' title='bbox 2572 2341 2602 2380; x_wconf 93' lang='lat' dir='ltr'><strong>e</strong></span> <span class='ocrx_word' id='word_1_389' title='bbox 2628 2327 2920 2392; x_wconf 87' lang='lat' dir='ltr'><strong>contrario,</strong></span> <span class='ocrx_word' id='word_1_390' title='bbox 2959 2326 3003 2380; x_wconf 87' lang='lat' dir='ltr'><strong>si</strong></span> <span class='ocrx_word' id='word_1_391' title='bbox 3028 2342 3090 2380; x_wconf 89' lang='lat' dir='ltr'><strong>ea</strong></span> <span class='ocrx_word' id='word_1_392' title='bbox 3121 2327 3332 2382; x_wconf 90' lang='lat' dir='ltr'><strong>sublata</strong></span> <span class='ocrx_word' id='word_1_393' title='bbox 3365 2327 3422 2382; x_wconf 86' lang='lat' dir='ltr'><strong>in</strong></span> 
     </span>
    </p>
   </div>
   <div class='ocr_carea' id='block_1_54' title="bbox 1855 2413 3424 2487">
    <p class='ocr_par' dir='ltr' id='par_1_54' title="bbox 1855 2413 3424 2487">
     <span class='ocr_line' id='line_1_54' title="bbox 1855 2413 3424 2487; baseline 0.004 -20"><span class='ocrx_word' id='word_1_394' title='bbox 1855 2413 2021 2467; x_wconf 89' lang='lat' dir='ltr'><strong>altum</strong></span> <span class='ocrx_word' id='word_1_395' title='bbox 2044 2414 2115 2468; x_wconf 88' lang='lat' dir='ltr'><strong>sit</strong></span> <span class='ocrx_word' id='word_1_396' title='bbox 2146 2426 2198 2469; x_wconf 87' lang='lat' dir='ltr'><strong>et</strong></span> <span class='ocrx_word' id='word_1_397' title='bbox 2224 2423 2424 2480; x_wconf 84' lang='lat' dir='ltr'><strong>erecta,</strong></span> <span class='ocrx_word' id='word_1_398' title='bbox 2466 2415 2551 2470; x_wconf 89' lang='lat' dir='ltr'><strong>vis</strong></span> <span class='ocrx_word' id='word_1_399' title='bbox 2589 2425 2776 2472; x_wconf 89' lang='lat' dir='ltr'><strong>nostra</strong></span> <span class='ocrx_word' id='word_1_400' title='bbox 2821 2415 3060 2477; x_wconf 82' lang='lat' dir='ltr'><strong>vivendi,</strong></span> <span class='ocrx_word' id='word_1_401' title='bbox 3093 2432 3214 2487; x_wconf 74' lang='lat' dir='ltr'><strong>qua:</strong></span> <span class='ocrx_word' id='word_1_402' title='bbox 3258 2416 3424 2473; x_wconf 86' lang='lat' dir='ltr'><strong>Israel</strong></span> 
     </span>
    </p>
   </div>
   <div class='ocr_carea' id='block_1_55' title="bbox 1855 2506 3425 2578">
    <p class='ocr_par' dir='ltr' id='par_1_55' title="bbox 1855 2506 3425 2578">
     <span class='ocr_line' id='line_1_55' title="bbox 1855 2506 3425 2578; baseline 0.003 -19"><span class='ocrx_word' id='word_1_403' title='bbox 1855 2506 2077 2571; x_wconf 85' lang='lat' dir='ltr'><strong>dicitur,</strong></span> <span class='ocrx_word' id='word_1_404' title='bbox 2107 2507 2252 2563; x_wconf 80' lang='lat' dir='ltr'><strong>vires</strong></span> <span class='ocrx_word' id='word_1_405' title='bbox 2292 2508 2529 2578; x_wconf 86' lang='lat' dir='ltr'><strong>majores</strong></span> <span class='ocrx_word' id='word_1_406' title='bbox 2565 2508 2817 2565; x_wconf 79' lang='lat' dir='ltr'><strong>resumit.</strong></span> <span class='ocrx_word' id='word_1_407' title='bbox 2859 2507 3099 2564; x_wconf 79' lang='lat' dir='ltr'><strong>Observa</strong></span> <span class='ocrx_word' id='word_1_408' title='bbox 3131 2518 3308 2564; x_wconf 82' lang='lat' dir='ltr'><strong>autem</strong></span> <span class='ocrx_word' id='word_1_409' title='bbox 3335 2510 3425 2564; x_wconf 90' lang='lat' dir='ltr'><strong>hic</strong></span> 
     </span>
    </p>
   </div>
   <div class='ocr_carea' id='block_1_56' title="bbox 1856 2600 3426 2667">
    <p class='ocr_par' dir='ltr' id='par_1_56' title="bbox 1856 2600 3426 2667">
     <span class='ocr_line' id='line_1_56' title="bbox 1856 2600 3426 2667; baseline 0.002 -14"><span class='ocrx_word' id='word_1_410' title='bbox 1856 2614 1965 2654; x_wconf 91' lang='lat' dir='ltr'><strong>non</strong></span> <span class='ocrx_word' id='word_1_411' title='bbox 1995 2615 2113 2655; x_wconf 84' lang='lat' dir='ltr'><strong>esse</strong></span> <span class='ocrx_word' id='word_1_412' title='bbox 2141 2600 2364 2664; x_wconf 87' lang='lat' dir='ltr'><strong>dictum,</strong></span> <span class='ocrx_word' id='word_1_413' title='bbox 2392 2601 2525 2655; x_wconf 85' lang='lat' dir='ltr'><strong>Cum</strong></span> <span class='ocrx_word' id='word_1_414' title='bbox 2548 2602 2878 2657; x_wconf 81' lang='lat' dir='ltr'><strong>sustuleritis</strong></span> <span class='ocrx_word' id='word_1_415' title='bbox 2905 2617 3130 2658; x_wconf 90' lang='lat' dir='ltr'><strong>manus:</strong></span> <span class='ocrx_word' id='word_1_416' title='bbox 3162 2602 3426 2667; x_wconf 85' lang='lat' dir='ltr'><strong>sed,Cum</strong></span> 
     </span>
    </p>
   </div>
   <div class='ocr_carea' id='block_1_57' title="bbox 1856 2691 3427 2763">
    <p class='ocr_par' dir='ltr' id='par_1_57' title="bbox 1856 2691 3427 2763">
     <span class='ocr_line' id='line_1_57' title="bbox 1856 2691 3427 2763; baseline 0.003 -19"><span class='ocrx_word' id='word_1_417' title='bbox 1856 2691 2209 2746; x_wconf 77' lang='lat' dir='ltr'><strong>exlenderitis.</strong></span> <span class='ocrx_word' id='word_1_418' title='bbox 2248 2691 2526 2761; x_wconf 90' lang='lat' dir='ltr'><strong>Siquidem</strong></span> <span class='ocrx_word' id='word_1_419' title='bbox 2562 2692 2653 2760; x_wconf 90' lang='lat' dir='ltr'><strong>qui</strong></span> <span class='ocrx_word' id='word_1_420' title='bbox 2709 2694 2903 2763; x_wconf 64' lang='lat' dir='ltr'><strong>quaerit</strong></span> <span class='ocrx_word' id='word_1_421' title='bbox 2934 2693 3208 2758; x_wconf 85' lang='lat' dir='ltr'><strong>sublimia,</strong></span> <span class='ocrx_word' id='word_1_422' title='bbox 3234 2694 3427 2750; x_wconf 79' lang='lat' dir='ltr'><strong>sustol-</strong></span> 
     </span>
    </p>
   </div>
   <div class='ocr_carea' id='block_1_58' title="bbox 1858 2781 3426 2854">
    <p class='ocr_par' dir='ltr' id='par_1_58' title="bbox 1858 2781 3426 2854">
     <span class='ocr_line' id='line_1_58' title="bbox 1858 2781 3426 2854; baseline 0.003 -19"><span class='ocrx_word' id='word_1_423' title='bbox 1858 2781 1925 2835; x_wconf 90' lang='lat' dir='ltr'><strong>lit</strong></span> <span class='ocrx_word' id='word_1_424' title='bbox 1960 2798 1975 2835; x_wconf 87' lang='lat'><strong>:</strong></span> <span class='ocrx_word' id='word_1_425' title='bbox 2006 2781 2249 2836; x_wconf 76' lang='lat' dir='ltr'><strong>extendit</strong></span> <span class='ocrx_word' id='word_1_426' title='bbox 2281 2797 2434 2845; x_wconf 88' lang='lat' dir='ltr'><strong>vero,</strong></span> <span class='ocrx_word' id='word_1_427' title='bbox 2468 2781 2557 2848; x_wconf 89' lang='lat' dir='ltr'><strong>qui</strong></span> <span class='ocrx_word' id='word_1_428' title='bbox 2591 2782 2659 2835; x_wconf 88' lang='lat' dir='ltr'><strong>ad</strong></span> <span class='ocrx_word' id='word_1_429' title='bbox 2685 2783 3080 2853; x_wconf 86' lang='lat' dir='ltr'><strong>comparandas</strong></span> <span class='ocrx_word' id='word_1_430' title='bbox 3120 2799 3426 2854; x_wconf 63' lang='lat' dir='ltr'><strong>res«corpo-</strong></span> 
     </span>
    </p>
   </div>
   <div class='ocr_carea' id='block_1_59' title="bbox 1856 2871 3430 2943">
    <p class='ocr_par' dir='ltr' id='par_1_59' title="bbox 1856 2871 3430 2943">
     <span class='ocr_line' id='line_1_59' title="bbox 1856 2871 3430 2943; baseline 0.002 -15"><span class='ocrx_word' id='word_1_431' title='bbox 1856 2871 2000 2929; x_wconf 89' lang='lat' dir='ltr'><strong>rales</strong></span> <span class='ocrx_word' id='word_1_432' title='bbox 2026 2872 2285 2927; x_wconf 83' lang='lat' dir='ltr'><strong>auxilium</strong></span> <span class='ocrx_word' id='word_1_433' title='bbox 2310 2883 2482 2943; x_wconf 80' lang='lat' dir='ltr'><strong>rogat.</strong></span> <span class='ocrx_word' id='word_1_434' title='bbox 2506 2873 2639 2939; x_wconf 83' lang='lat' dir='ltr'><strong>Quia</strong></span> <span class='ocrx_word' id='word_1_435' title='bbox 2657 2889 2785 2928; x_wconf 87' lang='lat' dir='ltr'><strong>vero</strong></span> <span class='ocrx_word' id='word_1_436' title='bbox 2808 2873 3043 2930; x_wconf 82' lang='lat' dir='ltr'><strong>infantes</strong></span> <span class='ocrx_word' id='word_1_437' title='bbox 3061 2890 3430 2943; x_wconf 79' lang='lat' dir='ltr'><strong>saepenumero</strong></span> 
     </span>
    </p>
   </div>
   <div class='ocr_carea' id='block_1_60' title="bbox 1859 2965 3429 3038">
    <p class='ocr_par' dir='ltr' id='par_1_60' title="bbox 1859 2965 3429 3038">
     <span class='ocr_line' id='line_1_60' title="bbox 1859 2965 3429 3038; baseline 0.003 -20"><span class='ocrx_word' id='word_1_438' title='bbox 1859 2965 1925 3019; x_wconf 89' lang='lat' dir='ltr'><strong>ad</strong></span> <span class='ocrx_word' id='word_1_439' title='bbox 1955 2965 2194 3021; x_wconf 78' lang='lat' dir='ltr'><strong>nutrices</strong></span> <span class='ocrx_word' id='word_1_440' title='bbox 2224 2974 2280 3022; x_wconf 91' lang='lat' dir='ltr'><strong>el</strong></span> <span class='ocrx_word' id='word_1_441' title='bbox 2328 2974 2532 3021; x_wconf 87' lang='lat' dir='ltr'><strong>matres</strong></span> <span class='ocrx_word' id='word_1_442' title='bbox 2583 2982 2694 3036; x_wconf 62' lang='lat' dir='ltr'><strong>pra:</strong></span> <span class='ocrx_word' id='word_1_443' title='bbox 2727 2980 2828 3022; x_wconf 91' lang='lat' dir='ltr'><strong>suo</strong></span> <span class='ocrx_word' id='word_1_444' title='bbox 2874 2982 3003 3038; x_wconf 86' lang='lat' dir='ltr'><strong>erga</strong></span> <span class='ocrx_word' id='word_1_445' title='bbox 3058 2968 3207 3038; x_wconf 88' lang='lat' dir='ltr'><strong>ipsas</strong></span> <span class='ocrx_word' id='word_1_446' title='bbox 3234 2967 3429 3023; x_wconf 71' lang='lat' dir='ltr'><strong>allectu</strong></span> 
     </span>
    </p>
   </div>
   <div class='ocr_carea' id='block_1_61' title="bbox 1860 3060 3426 3131">
    <p class='ocr_par' dir='ltr' id='par_1_61' title="bbox 1860 3060 3426 3131">
     <span class='ocr_line' id='line_1_61' title="bbox 1860 3060 3426 3131; baseline 0.002 -18"><span class='ocrx_word' id='word_1_447' title='bbox 1860 3074 2054 3115; x_wconf 88' lang='lat' dir='ltr'><strong>manus</strong></span> <span class='ocrx_word' id='word_1_448' title='bbox 2089 3060 2409 3126; x_wconf 77' lang='lat' dir='ltr'><strong>extendunt,</strong></span> <span class='ocrx_word' id='word_1_449' title='bbox 2441 3061 2746 3131; x_wconf 82' lang='lat' dir='ltr'><strong>rogantium</strong></span> <span class='ocrx_word' id='word_1_450' title='bbox 2794 3067 3070 3130; x_wconf 86' lang='lat' dir='ltr'><strong>stuporem</strong></span> <span class='ocrx_word' id='word_1_451' title='bbox 3111 3061 3426 3125; x_wconf 87' lang='lat' dir='ltr'><strong>ostendens,</strong></span> 
     </span>
    </p>
   </div>
   <div class='ocr_carea' id='block_1_62' title="bbox 192 3149 1772 3258">
    <p class='ocr_par' dir='ltr' id='par_1_62' title="bbox 192 3154 1759 3231">
     <span class='ocr_line' id='line_1_62' title="bbox 192 3154 1759 3231; baseline 0.002 -22"><span class='ocrx_word' id='word_1_452' title='bbox 192 3157 474 3222; x_wconf 84' lang='grc' dir='ltr'>ἀδιάθετον,</span> <span class='ocrx_word' id='word_1_453' title='bbox 507 3159 612 3211; x_wconf 79' lang='grc' dir='ltr'><strong>οὐκ</strong></span> <span class='ocrx_word' id='word_1_454' title='bbox 642 3154 814 3231; x_wconf 74' lang='grc' dir='ltr'>εἶπεν,</span> <span class='ocrx_word' id='word_1_455' title='bbox 834 3159 1003 3212; x_wconf 84' lang='grc' dir='ltr'>Ὅταν</span> <span class='ocrx_word' id='word_1_456' title='bbox 1040 3159 1319 3229; x_wconf 81' lang='grc' dir='ltr'>ἐκτείνητε</span> <span class='ocrx_word' id='word_1_457' title='bbox 1348 3159 1484 3231; x_wconf 85' lang='grc' dir='ltr'>πρὸς</span> <span class='ocrx_word' id='word_1_458' title='bbox 1519 3159 1615 3229; x_wconf 83' lang='grc' dir='ltr'><strong>μέ·</strong></span> <span class='ocrx_word' id='word_1_459' title='bbox 1643 3158 1759 3213; x_wconf 78' lang='grc' dir='ltr'>ἀλλ’</span> 
     </span>
    </p>
   </div>
   <div class='ocr_carea' id='block_1_63' title="bbox 1858 3149 3432 3258">
    <p class='ocr_par' dir='ltr' id='par_1_63' title="bbox 1863 3149 3432 3223">
     <span class='ocr_line' id='line_1_63' title="bbox 1863 3149 3432 3223; baseline 0.001 -19"><span class='ocrx_word' id='word_1_460' title='bbox 1863 3165 1969 3205; x_wconf 85' lang='lat' dir='ltr'><strong>non</strong></span> <span class='ocrx_word' id='word_1_461' title='bbox 1994 3149 2152 3218; x_wconf 78' lang='lat' dir='ltr'><strong>dixit,</strong></span> <span class='ocrx_word' id='word_1_462' title='bbox 2178 3149 2308 3204; x_wconf 86' lang='lat' dir='ltr'><strong>Cum</strong></span> <span class='ocrx_word' id='word_1_463' title='bbox 2340 3150 2697 3223; x_wconf 81' lang='lat' dir='ltr'><strong>extenderitis</strong></span> <span class='ocrx_word' id='word_1_464' title='bbox 2721 3151 2786 3205; x_wconf 88' lang='lat' dir='ltr'><strong>ad</strong></span> <span class='ocrx_word' id='word_1_465' title='bbox 2821 3166 2944 3216; x_wconf 90' lang='lat' dir='ltr'><strong>me;</strong></span> <span class='ocrx_word' id='word_1_466' title='bbox 2978 3151 3071 3206; x_wconf 90' lang='lat' dir='ltr'><strong>sed</strong></span> <span class='ocrx_word' id='word_1_467' title='bbox 3111 3150 3186 3203; x_wconf 89' lang='lat' dir='ltr'><strong>ait</strong></span> <span class='ocrx_word' id='word_1_468' title='bbox 3230 3151 3432 3220; x_wconf 82' lang='lat' dir='ltr'><strong>simpli-</strong></span> 
     </span>
    </p>
   </div>
   <div class='ocr_carea' id='block_1_64' title="bbox 192 3245 1758 3320">
    <p class='ocr_par' dir='ltr' id='par_1_64' title="bbox 192 3245 1758 3320">
     <span class='ocr_line' id='line_1_64' title="bbox 192 3245 1758 3320; baseline 0.004 -22"><span class='ocrx_word' id='word_1_469' title='bbox 192 3245 383 3311; x_wconf 74' lang='grc' dir='ltr'>ἁπλῶς,</span> <span class='ocrx_word' id='word_1_470' title='bbox 415 3247 609 3301; x_wconf 73' lang='grc' dir='ltr'>Ὅταν</span> <span class='ocrx_word' id='word_1_471' title='bbox 653 3248 974 3316; x_wconf 81' lang='grc' dir='ltr'>ἐκτείνητε,</span> <span class='ocrx_word' id='word_1_472' title='bbox 1030 3247 1185 3318; x_wconf 73' lang='grc' dir='ltr'>φησὶ,</span> <span class='ocrx_word' id='word_1_473' title='bbox 1238 3247 1346 3315; x_wconf 82' lang='grc' dir='ltr'>τὰς</span> <span class='ocrx_word' id='word_1_474' title='bbox 1390 3248 1593 3317; x_wconf 77' lang='grc' dir='ltr'>χεῖρας</span> <span class='ocrx_word' id='word_1_475' title='bbox 1624 3249 1758 3320; x_wconf 77' lang='lat'><strong>(65),</strong></span> 
     </span>
    </p>
   </div>
   <div class='ocr_carea' id='block_1_65' title="bbox 191 3337 1759 3411">
    <p class='ocr_par' dir='ltr' id='par_1_65' title="bbox 191 3337 1759 3411">
     <span class='ocr_line' id='line_1_65' title="bbox 191 3337 1759 3411; baseline 0.002 -20"><span class='ocrx_word' id='word_1_476' title='bbox 191 3337 544 3408; x_wconf 66' lang='grc' dir='ltr'>ἀποστρέψω</span> <span class='ocrx_word' id='word_1_477' title='bbox 584 3338 727 3406; x_wconf 85' lang='grc' dir='ltr'>τοὺς</span> <span class='ocrx_word' id='word_1_478' title='bbox 757 3339 1102 3409; x_wconf 60' lang='grc' dir='ltr'>ὀφθαλμούς</span> <span class='ocrx_word' id='word_1_479' title='bbox 1137 3356 1257 3409; x_wconf 84' lang='grc' dir='ltr'><strong>μου</strong></span> <span class='ocrx_word' id='word_1_480' title='bbox 1276 3355 1291 3370; x_wconf 91' lang='grc'>·</span> <span class='ocrx_word' id='word_1_481' title='bbox 1327 3341 1421 3393; x_wconf 79' lang='grc' dir='ltr'><strong>καὶ</strong></span> <span class='ocrx_word' id='word_1_482' title='bbox 1453 3340 1551 3411; x_wconf 79' lang='grc' dir='ltr'>τὴν</span> <span class='ocrx_word' id='word_1_483' title='bbox 1581 3342 1759 3395; x_wconf 76' lang='grc' dir='ltr'>αἰτίαν</span> 
     </span>
    </p>
   </div>
   <div class='ocr_carea' id='block_1_66' title="bbox 195 3428 1759 3500">
    <p class='ocr_par' dir='ltr' id='par_1_66' title="bbox 195 3428 1759 3500">
     <span class='ocr_line' id='line_1_66' title="bbox 195 3428 1759 3500; baseline 0.004 -20"><span class='ocrx_word' id='word_1_484' title='bbox 195 3428 394 3498; x_wconf 78' lang='grc' dir='ltr'>ἐπάγει,</span> <span class='ocrx_word' id='word_1_485' title='bbox 434 3430 572 3483; x_wconf 86' lang='grc' dir='ltr'>Ὅτι</span> <span class='ocrx_word' id='word_1_486' title='bbox 614 3432 675 3484; x_wconf 87' lang='lat' dir='ltr'><strong>al</strong></span> <span class='ocrx_word' id='word_1_487' title='bbox 724 3429 916 3499; x_wconf 74' lang='grc' dir='ltr'>χεῖρες</span> <span class='ocrx_word' id='word_1_488' title='bbox 955 3429 1124 3500; x_wconf 79' lang='grc' dir='ltr'><strong>ὑμῶν</strong></span> <span class='ocrx_word' id='word_1_489' title='bbox 1165 3429 1272 3484; x_wconf 88' lang='grc' dir='ltr'>τοῦ</span> <span class='ocrx_word' id='word_1_490' title='bbox 1319 3430 1563 3500; x_wconf 77' lang='grc' dir='ltr'>αἵματος</span> <span class='ocrx_word' id='word_1_491' title='bbox 1601 3430 1759 3500; x_wconf 77' lang='grc' dir='ltr'><strong>πλή-</strong></span> 
     </span>
    </p>
   </div>
   <div class='ocr_carea' id='block_1_67' title="bbox 188 3533 325 3584">
    <p class='ocr_par' dir='ltr' id='par_1_67' title="bbox 188 3533 325 3584">
     <span class='ocr_line' id='line_1_67' title="bbox 188 3533 325 3584; baseline 0.015 -15"><span class='ocrx_word' id='word_1_492' title='bbox 188 3533 325 3584; x_wconf 84' lang='grc' dir='ltr'>ρεις.</span> 
     </span>
    </p>
   </div>
   <div class='ocr_carea' id='block_1_68' title="bbox 258 3609 1763 3681">
    <p class='ocr_par' dir='ltr' id='par_1_68' title="bbox 258 3609 1763 3681">
     <span class='ocr_line' id='line_1_68' title="bbox 258 3609 1763 3681; baseline 0.001 -17"><span class='ocrx_word' id='word_1_493' title='bbox 258 3609 343 3665; x_wconf 76' lang='grc'><strong>36.</strong></span> <span class='ocrx_word' id='word_1_494' title='bbox 374 3609 488 3667; x_wconf 73' lang='grc' dir='ltr'><strong>Καὶ</strong></span> <span class='ocrx_word' id='word_1_495' title='bbox 526 3610 635 3665; x_wconf 81' lang='grc' dir='ltr'><strong>ἐὰν</strong></span> <span class='ocrx_word' id='word_1_496' title='bbox 668 3610 1016 3679; x_wconf 81' lang='grc' dir='ltr'>πληθύνητε</span> <span class='ocrx_word' id='word_1_497' title='bbox 1041 3612 1158 3681; x_wconf 76' lang='grc' dir='ltr'><strong>τὴν</strong></span> <span class='ocrx_word' id='word_1_498' title='bbox 1192 3611 1428 3680; x_wconf 81' lang='grc' dir='ltr'>δέησιν,</span> <span class='ocrx_word' id='word_1_499' title='bbox 1482 3612 1593 3666; x_wconf 82' lang='grc' dir='ltr'>οὐκ</span> <span class='ocrx_word' id='word_1_500' title='bbox 1637 3614 1763 3667; x_wconf 74' lang='grc' dir='ltr'>εἱσ-</span> 
     </span>
    </p>
   </div>
   <div class='ocr_carea' id='block_1_69' title="bbox 196 3703 1761 3778">
    <p class='ocr_par' dir='ltr' id='par_1_69' title="bbox 196 3703 1761 3778">
     <span class='ocr_line' id='line_1_69' title="bbox 196 3703 1761 3778; baseline 0.005 -25"><span class='ocrx_word' id='word_1_501' title='bbox 196 3703 534 3773; x_wconf 82' lang='grc' dir='ltr'>ακούσομαι.</span> <span class='ocrx_word' id='word_1_502' title='bbox 559 3705 623 3759; x_wconf 80' lang='grc' dir='ltr'>Οἱ</span> <span class='ocrx_word' id='word_1_503' title='bbox 651 3706 708 3758; x_wconf 84' lang='grc' dir='ltr'><strong>ἐν</strong></span> <span class='ocrx_word' id='word_1_504' title='bbox 728 3704 826 3776; x_wconf 76' lang='grc' dir='ltr'><strong>μὲν</strong></span> <span class='ocrx_word' id='word_1_505' title='bbox 846 3703 926 3775; x_wconf 82' lang='grc' dir='ltr'>τῷ</span> <span class='ocrx_word' id='word_1_506' title='bbox 952 3704 1051 3777; x_wconf 67' lang='grc' dir='ltr'><strong>βίῳ</strong></span> <span class='ocrx_word' id='word_1_507' title='bbox 1077 3705 1240 3778; x_wconf 77' lang='grc' dir='ltr'>μηδὲν</span> <span class='ocrx_word' id='word_1_508' title='bbox 1273 3703 1680 3776; x_wconf 80' lang='grc' dir='ltr'>κατορθοῦντες,</span> <span class='ocrx_word' id='word_1_509' title='bbox 1703 3706 1761 3761; x_wconf 85' lang='grc' dir='ltr'><strong>ἐν</strong></span> 
     </span>
    </p>
   </div>
   <div class='ocr_carea' id='block_1_70' title="bbox 196 3792 1760 3868">
    <p class='ocr_par' dir='ltr' id='par_1_70' title="bbox 196 3792 1760 3868">
     <span class='ocr_line' id='line_1_70' title="bbox 196 3792 1760 3868; baseline 0.003 -24"><span class='ocrx_word' id='word_1_510' title='bbox 196 3792 246 3844; x_wconf 83' lang='grc' dir='ltr'><strong>δὲ</strong></span> <span class='ocrx_word' id='word_1_511' title='bbox 271 3796 332 3865; x_wconf 78' lang='grc' dir='ltr'>τῇ</span> <span class='ocrx_word' id='word_1_512' title='bbox 365 3795 673 3868; x_wconf 85' lang='grc' dir='ltr'>παρατάσει</span> <span class='ocrx_word' id='word_1_513' title='bbox 704 3796 798 3868; x_wconf 86' lang='grc' dir='ltr'>τῆς</span> <span class='ocrx_word' id='word_1_514' title='bbox 830 3796 1139 3867; x_wconf 83' lang='grc' dir='ltr'>προσευχῆς</span> <span class='ocrx_word' id='word_1_515' title='bbox 1164 3794 1475 3867; x_wconf 80' lang='grc' dir='ltr'>νομίζοντες</span> <span class='ocrx_word' id='word_1_516' title='bbox 1523 3795 1760 3850; x_wconf 81' lang='grc' dir='ltr'>δικαιοῦ-</span> 
     </span>
    </p>
   </div>
   <div class='ocr_carea' id='block_1_71' title="bbox 201 3882 1763 3960">
    <p class='ocr_par' dir='ltr' id='par_1_71' title="bbox 201 3882 1763 3960">
     <span class='ocr_line' id='line_1_71' title="bbox 201 3882 1763 3960; baseline 0.003 -23"><span class='ocrx_word' id='word_1_517' title='bbox 201 3882 333 3952; x_wconf 86' lang='grc' dir='ltr'>σθαι,</span> <span class='ocrx_word' id='word_1_518' title='bbox 373 3887 586 3943; x_wconf 81' lang='grc' dir='ltr'>τούτων</span> <span class='ocrx_word' id='word_1_519' title='bbox 654 3888 1002 3942; x_wconf 77' lang='grc' dir='ltr'>ἀκουέτωσαν</span> <span class='ocrx_word' id='word_1_520' title='bbox 1050 3888 1160 3941; x_wconf 86' lang='grc' dir='ltr'>τῶν</span> <span class='ocrx_word' id='word_1_521' title='bbox 1203 3889 1482 3960; x_wconf 77' lang='grc' dir='ltr'>ῥημάτων.</span> <span class='ocrx_word' id='word_1_522' title='bbox 1528 3888 1602 3942; x_wconf 85' lang='grc' dir='ltr'><strong>Οὐ</strong></span> <span class='ocrx_word' id='word_1_523' title='bbox 1654 3887 1763 3960; x_wconf 77' lang='grc' dir='ltr'>γὰρ</span> 
     </span>
    </p>
   </div>
   <div class='ocr_carea' id='block_1_72' title="bbox 200 3976 1765 4050">
    <p class='ocr_par' dir='ltr' id='par_1_72' title="bbox 200 3976 1765 4050">
     <span class='ocr_line' id='line_1_72' title="bbox 200 3976 1765 4050; baseline 0.003 -21"><span class='ocrx_word' id='word_1_524' title='bbox 200 3976 370 4042; x_wconf 80' lang='grc' dir='ltr'>ἁπλῶς</span> <span class='ocrx_word' id='word_1_525' title='bbox 398 3979 465 4033; x_wconf 76' lang='grc' dir='ltr'>τὰ</span> <span class='ocrx_word' id='word_1_526' title='bbox 522 3979 739 4049; x_wconf 81' lang='grc' dir='ltr'>ῥήματα</span> <span class='ocrx_word' id='word_1_527' title='bbox 780 3978 883 4048; x_wconf 77' lang='grc' dir='ltr'>τῆς</span> <span class='ocrx_word' id='word_1_528' title='bbox 939 3978 1248 4050; x_wconf 83' lang='grc' dir='ltr'>προσευχῆς</span> <span class='ocrx_word' id='word_1_529' title='bbox 1295 3977 1511 4049; x_wconf 80' lang='grc' dir='ltr'>ὠφελεῖ,</span> <span class='ocrx_word' id='word_1_530' title='bbox 1537 3977 1673 4032; x_wconf 71' lang='grc' dir='ltr'>ἀλλὰ</span> <span class='ocrx_word' id='word_1_531' title='bbox 1704 3979 1765 4033; x_wconf 85' lang='grc' dir='ltr'>τὸ</span> 
     </span>
    </p>
   </div>
   <div class='ocr_carea' id='block_1_73' title="bbox 203 4060 1764 4142">
    <p class='ocr_par' dir='ltr' id='par_1_73' title="bbox 203 4060 1764 4142">
     <span class='ocr_line' id='line_1_73' title="bbox 203 4060 1764 4142; baseline 0 -19"><span class='ocrx_word' id='word_1_532' title='bbox 203 4068 328 4139; x_wconf 77' lang='grc' dir='ltr'>μετὰ</span> <span class='ocrx_word' id='word_1_533' title='bbox 356 4071 463 4142; x_wconf 72' lang='grc'>(64)</span> <span class='ocrx_word' id='word_1_534' title='bbox 493 4060 793 4133; x_wconf 64' lang='grc' dir='ltr'>σπουδαίας</span> <span class='ocrx_word' id='word_1_535' title='bbox 817 4069 1109 4135; x_wconf 80' lang='grc' dir='ltr'>διαθέσεως</span> <span class='ocrx_word' id='word_1_536' title='bbox 1134 4068 1574 4141; x_wconf 81' lang='grc' dir='ltr'>ἀναπέμπεσθαι.</span> <span class='ocrx_word' id='word_1_537' title='bbox 1612 4069 1764 4123; x_wconf 77' lang='grc' dir='ltr'>Ἐπεὶ</span> 
     </span>
    </p>
   </div>
   <div class='ocr_carea' id='block_1_74' title="bbox 200 4154 1765 4236">
    <p class='ocr_par' dir='ltr' id='par_1_74' title="bbox 200 4154 1765 4236">
     <span class='ocr_line' id='line_1_74' title="bbox 200 4154 1765 4236; baseline 0.001 -23"><span class='ocrx_word' id='word_1_538' title='bbox 200 4161 333 4215; x_wconf 77' lang='grc' dir='ltr'><strong>καὶὸ</strong></span> <span class='ocrx_word' id='word_1_539' title='bbox 359 4154 654 4236; x_wconf 70' lang='grc' dir='ltr'>Φαρισαῖος</span> <span class='ocrx_word' id='word_1_540' title='bbox 696 4161 870 4215; x_wconf 80' lang='grc' dir='ltr'>ἐδόκει</span> <span class='ocrx_word' id='word_1_541' title='bbox 898 4160 1188 4233; x_wconf 80' lang='grc' dir='ltr'>πληθύνειν</span> <span class='ocrx_word' id='word_1_542' title='bbox 1229 4160 1326 4233; x_wconf 83' lang='grc' dir='ltr'>τὴν</span> <span class='ocrx_word' id='word_1_543' title='bbox 1365 4161 1566 4233; x_wconf 83' lang='grc' dir='ltr'>δέησιν.</span> <span class='ocrx_word' id='word_1_544' title='bbox 1605 4161 1765 4216; x_wconf 85' lang='grc' dir='ltr'>Ἀλλὰ</span> 
     </span>
    </p>
   </div>
   <div class='ocr_carea' id='block_1_75' title="bbox 200 4247 1767 4322">
    <p class='ocr_par' dir='ltr' id='par_1_75' title="bbox 200 4247 1767 4322">
     <span class='ocr_line' id='line_1_75' title="bbox 200 4247 1767 4322; baseline 0 -20"><span class='ocrx_word' id='word_1_545' title='bbox 200 4250 251 4302; x_wconf 75' lang='grc' dir='ltr'><strong>τί</strong></span> <span class='ocrx_word' id='word_1_546' title='bbox 272 4268 430 4322; x_wconf 82' lang='grc' dir='ltr'>φησιν</span> <span class='ocrx_word' id='word_1_547' title='bbox 464 4254 496 4305; x_wconf 85' lang='grc' dir='ltr'>ὁ</span> <span class='ocrx_word' id='word_1_548' title='bbox 521 4251 708 4319; x_wconf 79' lang='grc' dir='ltr'>λόγοςς</span> <span class='ocrx_word' id='word_1_549' title='bbox 745 4249 992 4314; x_wconf 74' lang='grc' dir='ltr'>Σταθεὶς</span> <span class='ocrx_word' id='word_1_550' title='bbox 1030 4248 1098 4302; x_wconf 85' lang='grc' dir='ltr'><em>δὲ</em></span> <span class='ocrx_word' id='word_1_551' title='bbox 1131 4252 1164 4303; x_wconf 83' lang='grc' dir='ltr'><em>ὀ</em></span> <span class='ocrx_word' id='word_1_552' title='bbox 1205 4247 1546 4317; x_wconf 81' lang='grc' dir='ltr'>Φαρισαῖος,</span> <span class='ocrx_word' id='word_1_553' title='bbox 1579 4247 1767 4302; x_wconf 85' lang='grc' dir='ltr'>ταῦτα</span> 
     </span>
    </p>
   </div>
   <div class='ocr_carea' id='block_1_76' title="bbox 200 4338 1765 4411">
    <p class='ocr_par' dir='ltr' id='par_1_76' title="bbox 200 4338 1765 4411">
     <span class='ocr_line' id='line_1_76' title="bbox 200 4338 1765 4411; baseline 0 -19"><span class='ocrx_word' id='word_1_554' title='bbox 200 4341 335 4409; x_wconf 74' lang='grc' dir='ltr'>πρὸς</span> <span class='ocrx_word' id='word_1_555' title='bbox 350 4340 570 4397; x_wconf 76' lang='grc' dir='ltr'>ἑαυτὸν</span> <span class='ocrx_word' id='word_1_556' title='bbox 582 4342 981 4411; x_wconf 82' lang='grc' dir='ltr'>προσηύχετο,</span> <span class='ocrx_word' id='word_1_557' title='bbox 1001 4340 1119 4410; x_wconf 78' lang='grc' dir='ltr'>οὐχὶ</span> <span class='ocrx_word' id='word_1_558' title='bbox 1140 4338 1275 4410; x_wconf 78' lang='grc' dir='ltr'>πρὸς</span> <span class='ocrx_word' id='word_1_559' title='bbox 1297 4339 1388 4391; x_wconf 82' lang='grc' dir='ltr'><strong>τὸν</strong></span> <span class='ocrx_word' id='word_1_560' title='bbox 1409 4338 1541 4391; x_wconf 79' lang='grc' dir='ltr'>Θεόν</span> <span class='ocrx_word' id='word_1_561' title='bbox 1557 4355 1569 4368; x_wconf 91' lang='grc'><strong>·</strong></span> <span class='ocrx_word' id='word_1_562' title='bbox 1596 4339 1765 4392; x_wconf 75' lang='grc' dir='ltr'>ἐπάν-ο</span> 
     </span>
    </p>
   </div>
   <div class='ocr_carea' id='block_1_77' title="bbox 201 4427 1766 4503">
    <p class='ocr_par' dir='ltr' id='par_1_77' title="bbox 201 4427 1766 4503">
     <span class='ocr_line' id='line_1_77' title="bbox 201 4427 1766 4503; baseline -0.008 -13"><span class='ocrx_word' id='word_1_563' title='bbox 201 4430 385 4501; x_wconf 77' lang='grc' dir='ltr'>ήρχετο</span> <span class='ocrx_word' id='word_1_564' title='bbox 429 4432 542 4503; x_wconf 83' lang='grc' dir='ltr'><strong>γὰρ</strong></span> <span class='ocrx_word' id='word_1_565' title='bbox 589 4431 725 4503; x_wconf 77' lang='grc' dir='ltr'>πρὸς</span> <span class='ocrx_word' id='word_1_566' title='bbox 764 4430 955 4485; x_wconf 78' lang='grc' dir='ltr'>ἑαυτὸν</span> <span class='ocrx_word' id='word_1_567' title='bbox 987 4429 1121 4498; x_wconf 83' lang='grc'>(65),</span> <span class='ocrx_word' id='word_1_568' title='bbox 1167 4429 1399 4500; x_wconf 83' lang='grc' dir='ltr'>ἐπείπερ</span> <span class='ocrx_word' id='word_1_569' title='bbox 1430 4430 1488 4482; x_wconf 87' lang='grc' dir='ltr'><strong>ἐν</strong></span> <span class='ocrx_word' id='word_1_570' title='bbox 1518 4427 1766 4499; x_wconf 75' lang='grc' dir='ltr'>ἁμαρτία</span> 
     </span>
    </p>
   </div>
   <div class='ocr_carea' id='block_1_78' title="bbox 1859 3240 3428 3309">
    <p class='ocr_par' dir='ltr' id='par_1_78' title="bbox 1859 3240 3428 3309">
     <span class='ocr_line' id='line_1_78' title="bbox 1859 3240 3428 3309; baseline -0.001 -13"><span class='ocrx_word' id='word_1_571' title='bbox 1859 3242 2017 3308; x_wconf 89' lang='lat' dir='ltr'><strong>citer,</strong></span> <span class='ocrx_word' id='word_1_572' title='bbox 2039 3240 2170 3296; x_wconf 87' lang='lat' dir='ltr'><strong>Cum</strong></span> <span class='ocrx_word' id='word_1_573' title='bbox 2201 3244 2535 3297; x_wconf 73' lang='lat' dir='ltr'><strong>extenderitis</strong></span> <span class='ocrx_word' id='word_1_574' title='bbox 2564 3258 2772 3309; x_wconf 84' lang='lat' dir='ltr'><strong>manus,</strong></span> <span class='ocrx_word' id='word_1_575' title='bbox 2794 3252 3029 3297; x_wconf 84' lang='lat' dir='ltr'><strong>avertam</strong></span> <span class='ocrx_word' id='word_1_576' title='bbox 3060 3243 3235 3296; x_wconf 87' lang='lat' dir='ltr'><strong>oculos</strong></span> <span class='ocrx_word' id='word_1_577' title='bbox 3252 3257 3428 3306; x_wconf 83' lang='lat' dir='ltr'><strong>meos;</strong></span> 
     </span>
    </p>
   </div>
   <div class='ocr_carea' id='block_1_79' title="bbox 1860 3333 3432 3405">
    <p class='ocr_par' dir='ltr' id='par_1_79' title="bbox 1860 3333 3432 3405">
     <span class='ocr_line' id='line_1_79' title="bbox 1860 3333 3432 3405; baseline -0.001 -17"><span class='ocrx_word' id='word_1_578' title='bbox 1860 3343 1914 3388; x_wconf 92' lang='lat' dir='ltr'><strong>et</strong></span> <span class='ocrx_word' id='word_1_579' title='bbox 1936 3334 2203 3388; x_wconf 89' lang='lat' dir='ltr'><strong>rationem</strong></span> <span class='ocrx_word' id='word_1_580' title='bbox 2238 3334 2553 3405; x_wconf 84' lang='lat' dir='ltr'><strong>subjungit:</strong></span> <span class='ocrx_word' id='word_1_581' title='bbox 2583 3333 2722 3400; x_wconf 82' lang='lat' dir='ltr'><strong>Quia</strong></span> <span class='ocrx_word' id='word_1_582' title='bbox 2750 3350 2939 3389; x_wconf 87' lang='lat' dir='ltr'><strong>manus</strong></span> <span class='ocrx_word' id='word_1_583' title='bbox 2968 3342 3152 3390; x_wconf 67' lang='lat' dir='ltr'><strong>uestra</strong></span> <span class='ocrx_word' id='word_1_584' title='bbox 3176 3333 3432 3403; x_wconf 75' lang='lat' dir='ltr'><strong>sanguine</strong></span> 
     </span>
    </p>
   </div>
   <div class='ocr_carea' id='block_1_80' title="bbox 1860 3422 2200 3494">
    <p class='ocr_par' dir='ltr' id='par_1_80' title="bbox 1860 3422 2200 3494">
     <span class='ocr_line' id='line_1_80' title="bbox 1860 3422 2200 3494; baseline 0.009 -18"><span class='ocrx_word' id='word_1_585' title='bbox 1860 3422 2028 3494; x_wconf 70' lang='lat' dir='ltr'><strong>plena:</strong></span> <span class='ocrx_word' id='word_1_586' title='bbox 2057 3434 2200 3479; x_wconf 82' lang='lat' dir='ltr'><strong>sunt.</strong></span> 
     </span>
    </p>
   </div>
   <div class='ocr_carea' id='block_1_81' title="bbox 1932 3600 3433 3674">
    <p class='ocr_par' dir='ltr' id='par_1_81' title="bbox 1932 3600 3433 3674">
     <span class='ocr_line' id='line_1_81' title="bbox 1932 3600 3433 3674; baseline -0.003 -16"><span class='ocrx_word' id='word_1_587' title='bbox 1932 3603 2025 3659; x_wconf 78' lang='lat'><strong>&#39;56.</strong></span> <span class='ocrx_word' id='word_1_588' title='bbox 2065 3602 2134 3657; x_wconf 79' lang='lat' dir='ltr'><strong>Et</strong></span> <span class='ocrx_word' id='word_1_589' title='bbox 2188 3604 2235 3658; x_wconf 88' lang='lat' dir='ltr'><strong>si</strong></span> <span class='ocrx_word' id='word_1_590' title='bbox 2288 3602 2755 3674; x_wconf 77' lang='lat' dir='ltr'><strong>multiplicaueritis</strong></span> <span class='ocrx_word' id='word_1_591' title='bbox 2802 3600 3265 3671; x_wconf 73' lang='lat' dir='ltr'><strong>supplicationem,</strong></span> <span class='ocrx_word' id='word_1_592' title='bbox 3327 3616 3433 3655; x_wconf 83' lang='lat' dir='ltr'><strong>non</strong></span> 
     </span>
    </p>
   </div>
   <div class='ocr_carea' id='block_1_82' title="bbox 1864 3689 3436 3759">
    <p class='ocr_par' dir='ltr' id='par_1_82' title="bbox 1864 3689 3436 3759">
     <span class='ocr_line' id='line_1_82' title="bbox 1864 3689 3436 3759; baseline -0.003 -12"><span class='ocrx_word' id='word_1_593' title='bbox 1864 3693 2169 3747; x_wconf 71' lang='lat' dir='ltr'><strong>exaudiam.</strong></span> <span class='ocrx_word' id='word_1_594' title='bbox 2196 3691 2295 3759; x_wconf 89' lang='lat' dir='ltr'><strong>Qui</strong></span> <span class='ocrx_word' id='word_1_595' title='bbox 2330 3692 2479 3746; x_wconf 90' lang='lat' dir='ltr'><strong>nulla</strong></span> <span class='ocrx_word' id='word_1_596' title='bbox 2507 3692 2708 3746; x_wconf 87' lang='lat' dir='ltr'><strong>virtute</strong></span> <span class='ocrx_word' id='word_1_597' title='bbox 2740 3689 2908 3746; x_wconf 86' lang='lat' dir='ltr'><strong>vitam</strong></span> <span class='ocrx_word' id='word_1_598' title='bbox 2950 3705 3104 3745; x_wconf 83' lang='lat' dir='ltr'><strong>suam</strong></span> <span class='ocrx_word' id='word_1_599' title='bbox 3145 3695 3436 3756; x_wconf 81' lang='lat' dir='ltr'><strong>ornarunt,</strong></span> 
     </span>
    </p>
   </div>
   <div class='ocr_carea' id='block_1_83' title="bbox 1863 3781 3433 3850">
    <p class='ocr_par' dir='ltr' id='par_1_83' title="bbox 1863 3781 3433 3850">
     <span class='ocr_line' id='line_1_83' title="bbox 1863 3781 3433 3850; baseline -0.002 -13"><span class='ocrx_word' id='word_1_600' title='bbox 1863 3783 2212 3838; x_wconf 87' lang='lat' dir='ltr'><strong>nihilominus</strong></span> <span class='ocrx_word' id='word_1_601' title='bbox 2242 3793 2421 3837; x_wconf 88' lang='lat' dir='ltr'><strong>tamen</strong></span> <span class='ocrx_word' id='word_1_602' title='bbox 2458 3797 2577 3839; x_wconf 88' lang='lat' dir='ltr'><strong>sese</strong></span> <span class='ocrx_word' id='word_1_603' title='bbox 2611 3781 2931 3837; x_wconf 79' lang='lat' dir='ltr'><strong>existimant</strong></span> <span class='ocrx_word' id='word_1_604' title='bbox 2975 3781 3028 3834; x_wconf 92' lang='lat' dir='ltr'><strong>in</strong></span> <span class='ocrx_word' id='word_1_605' title='bbox 3052 3794 3275 3850; x_wconf 82' lang='lat' dir='ltr'><strong>precum</strong></span> <span class='ocrx_word' id='word_1_606' title='bbox 3313 3794 3433 3837; x_wconf 80' lang='lat' dir='ltr'><strong>sua-</strong></span> 
     </span>
    </p>
   </div>
   <div class='ocr_carea' id='block_1_84' title="bbox 1863 3870 3433 3944">
    <p class='ocr_par' dir='ltr' id='par_1_84' title="bbox 1863 3870 3433 3944">
     <span class='ocr_line' id='line_1_84' title="bbox 1863 3870 3433 3944; baseline -0.002 -15"><span class='ocrx_word' id='word_1_607' title='bbox 1863 3889 1984 3929; x_wconf 91' lang='lat' dir='ltr'><strong>rum</strong></span> <span class='ocrx_word' id='word_1_608' title='bbox 2012 3872 2348 3944; x_wconf 82' lang='lat' dir='ltr'><strong>longitudine</strong></span> <span class='ocrx_word' id='word_1_609' title='bbox 2374 3872 2686 3942; x_wconf 80' lang='lat' dir='ltr'><strong>justilicari,</strong></span> <span class='ocrx_word' id='word_1_610' title='bbox 2722 3873 2885 3928; x_wconf 84' lang='lat' dir='ltr'><strong>verba</strong></span> <span class='ocrx_word' id='word_1_611' title='bbox 2912 3873 3026 3927; x_wconf 63' lang='lat' dir='ltr'><strong>hare</strong></span> <span class='ocrx_word' id='word_1_612' title='bbox 3050 3873 3293 3928; x_wconf 86' lang='lat' dir='ltr'><strong>audiant.</strong></span> <span class='ocrx_word' id='word_1_613' title='bbox 3314 3870 3433 3926; x_wconf 87' lang='lat' dir='ltr'><strong>Non</strong></span> 
     </span>
    </p>
   </div>
   <div class='ocr_carea' id='block_1_85' title="bbox 1863 3963 3436 4035">
    <p class='ocr_par' dir='ltr' id='par_1_85' title="bbox 1863 3963 3436 4035">
     <span class='ocr_line' id='line_1_85' title="bbox 1863 3963 3436 4035; baseline -0.001 -15"><span class='ocrx_word' id='word_1_614' title='bbox 1863 3965 2006 4020; x_wconf 88' lang='lat' dir='ltr'><strong>enim</strong></span> <span class='ocrx_word' id='word_1_615' title='bbox 2045 3979 2264 4034; x_wconf 86' lang='lat' dir='ltr'><strong>precum</strong></span> <span class='ocrx_word' id='word_1_616' title='bbox 2286 3964 2455 4019; x_wconf 83' lang='lat' dir='ltr'><strong>verba</strong></span> <span class='ocrx_word' id='word_1_617' title='bbox 2495 3965 2818 4035; x_wconf 83' lang='lat' dir='ltr'><strong>simpliciter</strong></span> <span class='ocrx_word' id='word_1_618' title='bbox 2853 3965 3061 4035; x_wconf 87' lang='lat' dir='ltr'><strong>prolata</strong></span> <span class='ocrx_word' id='word_1_619' title='bbox 3101 3964 3314 4034; x_wconf 84' lang='lat' dir='ltr'><strong>juvant,</strong></span> <span class='ocrx_word' id='word_1_620' title='bbox 3338 3963 3436 4020; x_wconf 81' lang='lat' dir='ltr'><strong>sed</strong></span> 
     </span>
    </p>
   </div>
   <div class='ocr_carea' id='block_1_86' title="bbox 1864 4055 3432 4126">
    <p class='ocr_par' dir='ltr' id='par_1_86' title="bbox 1864 4055 3432 4126">
     <span class='ocr_line' id='line_1_86' title="bbox 1864 4055 3432 4126; baseline -0.001 -12"><span class='ocrx_word' id='word_1_621' title='bbox 1864 4060 1908 4115; x_wconf 92' lang='lat' dir='ltr'><strong>si</strong></span> <span class='ocrx_word' id='word_1_622' title='bbox 1939 4075 2061 4114; x_wconf 90' lang='lat' dir='ltr'><strong>eum</strong></span> <span class='ocrx_word' id='word_1_623' title='bbox 2121 4059 2429 4113; x_wconf 76' lang='lat' dir='ltr'><strong>vehementi</strong></span> <span class='ocrx_word' id='word_1_624' title='bbox 2487 4055 2681 4113; x_wconf 80' lang='lat' dir='ltr'><strong>allectu</strong></span> <span class='ocrx_word' id='word_1_625' title='bbox 2754 4056 3164 4126; x_wconf 74' lang='lat' dir='ltr'><strong>depromuntur.</strong></span> <span class='ocrx_word' id='word_1_626' title='bbox 3205 4056 3340 4111; x_wconf 89' lang='lat' dir='ltr'><strong>Nam</strong></span> <span class='ocrx_word' id='word_1_627' title='bbox 3380 4063 3432 4112; x_wconf 67' lang='lat' dir='ltr'><strong>et</strong></span> 
     </span>
    </p>
   </div>
   <div class='ocr_carea' id='block_1_87' title="bbox 1860 4148 3431 4219">
    <p class='ocr_par' dir='ltr' id='par_1_87' title="bbox 1860 4148 3431 4219">
     <span class='ocr_line' id='line_1_87' title="bbox 1860 4148 3431 4219; baseline -0.003 -12"><span class='ocrx_word' id='word_1_628' title='bbox 1860 4150 2175 4207; x_wconf 76' lang='lat' dir='ltr'><strong>Pharisazus</strong></span> <span class='ocrx_word' id='word_1_629' title='bbox 2208 4149 2572 4219; x_wconf 87' lang='lat' dir='ltr'><strong>multiplicare</strong></span> <span class='ocrx_word' id='word_1_630' title='bbox 2624 4148 2910 4204; x_wconf 84' lang='lat' dir='ltr'><strong>videbatur</strong></span> <span class='ocrx_word' id='word_1_631' title='bbox 2971 4148 3431 4218; x_wconf 74' lang='lat' dir='ltr'><strong>deprecationem.</strong></span> 
     </span>
    </p>
   </div>
   <div class='ocr_carea' id='block_1_88' title="bbox 1865 4237 3434 4312">
    <p class='ocr_par' dir='ltr' id='par_1_88' title="bbox 1865 4237 3434 4312">
     <span class='ocr_line' id='line_1_88' title="bbox 1865 4237 3434 4312; baseline -0.004 -14"><span class='ocrx_word' id='word_1_632' title='bbox 1865 4241 1973 4298; x_wconf 88' lang='lat' dir='ltr'><strong>Sed</strong></span> <span class='ocrx_word' id='word_1_633' title='bbox 2004 4242 2133 4312; x_wconf 92' lang='lat' dir='ltr'><strong>quid</strong></span> <span class='ocrx_word' id='word_1_634' title='bbox 2179 4242 2254 4295; x_wconf 80' lang='lat' dir='ltr'><strong>ait</strong></span> <span class='ocrx_word' id='word_1_635' title='bbox 2304 4239 2625 4309; x_wconf 88' lang='lat' dir='ltr'><strong>Scriptura?</strong></span> <span class='ocrx_word' id='word_1_636' title='bbox 2684 4238 2844 4294; x_wconf 83' lang='lat' dir='ltr'><strong>Stans</strong></span> <span class='ocrx_word' id='word_1_637' title='bbox 2899 4250 3073 4293; x_wconf 85' lang='lat' dir='ltr'><strong>autem</strong></span> <span class='ocrx_word' id='word_1_638' title='bbox 3106 4237 3434 4303; x_wconf 70' lang='lat' dir='ltr'><strong>Pharisaaus,</strong></span> 
     </span>
    </p>
   </div>
   <div class='ocr_carea' id='block_1_89' title="bbox 1863 4330 3423 4405">
    <p class='ocr_par' dir='ltr' id='par_1_89' title="bbox 1863 4330 3423 4405">
     <span class='ocr_line' id='line_1_89' title="bbox 1863 4330 3423 4405; baseline -0.001 -16"><span class='ocrx_word' id='word_1_639' title='bbox 1863 4335 1975 4391; x_wconf 67' lang='lat' dir='ltr'><strong>hazc</strong></span> <span class='ocrx_word' id='word_1_640' title='bbox 2001 4335 2142 4401; x_wconf 83' lang='lat' dir='ltr'><strong>apud</strong></span> <span class='ocrx_word' id='word_1_641' title='bbox 2192 4351 2246 4387; x_wconf 82' lang='lat' dir='ltr'><strong>se</strong></span> <span class='ocrx_word' id='word_1_642' title='bbox 2278 4332 2446 4405; x_wconf 67' lang='grc'><strong>409</strong></span> <span class='ocrx_word' id='word_1_643' title='bbox 2490 4333 2741 4400; x_wconf 81' lang='lat' dir='ltr'><strong>ambat&quot;,</strong></span> <span class='ocrx_word' id='word_1_644' title='bbox 2777 4347 2885 4388; x_wconf 88' lang='lat' dir='ltr'><strong>non</strong></span> <span class='ocrx_word' id='word_1_645' title='bbox 2936 4332 3073 4401; x_wconf 90' lang='lat' dir='ltr'><strong>apud</strong></span> <span class='ocrx_word' id='word_1_646' title='bbox 3113 4330 3280 4386; x_wconf 84' lang='lat' dir='ltr'><strong>Deum</strong></span> <span class='ocrx_word' id='word_1_647' title='bbox 3309 4348 3323 4381; x_wconf 86' lang='lat'><strong>:</strong></span> <span class='ocrx_word' id='word_1_648' title='bbox 3355 4346 3423 4387; x_wconf 86' lang='lat' dir='ltr'><strong>re</strong></span> 
     </span>
    </p>
   </div>
   <div class='ocr_carea' id='block_1_90' title="bbox 1865 4422 3435 4494">
    <p class='ocr_par' dir='ltr' id='par_1_90' title="bbox 1865 4422 3435 4494">
     <span class='ocr_line' id='line_1_90' title="bbox 1865 4422 3435 4494; baseline -0.002 -16"><span class='ocrx_word' id='word_1_649' title='bbox 1865 4424 2131 4494; x_wconf 83' lang='lat' dir='ltr'><strong>spiciebat</strong></span> <span class='ocrx_word' id='word_1_650' title='bbox 2154 4438 2389 4492; x_wconf 86' lang='lat' dir='ltr'><strong>namque</strong></span> <span class='ocrx_word' id='word_1_651' title='bbox 2411 4423 2476 4476; x_wconf 90' lang='lat' dir='ltr'><strong>ad</strong></span> <span class='ocrx_word' id='word_1_652' title='bbox 2508 4437 2567 4476; x_wconf 91' lang='lat' dir='ltr'><strong>se</strong></span> <span class='ocrx_word' id='word_1_653' title='bbox 2591 4422 2790 4490; x_wconf 88' lang='lat' dir='ltr'><strong>ipsum,</strong></span> <span class='ocrx_word' id='word_1_654' title='bbox 2817 4422 3081 4491; x_wconf 87' lang='lat' dir='ltr'><strong>siquidem</strong></span> <span class='ocrx_word' id='word_1_655' title='bbox 3100 4424 3153 4475; x_wconf 90' lang='lat' dir='ltr'><strong>in</strong></span> <span class='ocrx_word' id='word_1_656' title='bbox 3169 4422 3435 4493; x_wconf 59' lang='lat' dir='ltr'><strong>superbit?</strong></span> 
     </span>
    </p>
   </div>
   <div class='ocr_carea' id='block_1_91' title="bbox 201 4512 1772 4603">
    <p class='ocr_par' dir='ltr' id='par_1_91' title="bbox 201 4518 1764 4603">
     <span class='ocr_line' id='line_1_91' title="bbox 201 4518 1764 4603; baseline -0.003 -26"><span class='ocrx_word' id='word_1_657' title='bbox 201 4526 289 4593; x_wconf 71' lang='grc' dir='ltr'>τῆς</span> <span class='ocrx_word' id='word_1_658' title='bbox 318 4525 690 4603; x_wconf 80' lang='grc' dir='ltr'>ὑπερηφανίας</span> <span class='ocrx_word' id='word_1_659' title='bbox 721 4526 948 4593; x_wconf 80' lang='grc' dir='ltr'>ἐγίνετο.</span> <span class='ocrx_word' id='word_1_660' title='bbox 999 4521 1098 4576; x_wconf 87' lang='grc' dir='ltr'><strong>Διὰ</strong></span> <span class='ocrx_word' id='word_1_661' title='bbox 1142 4521 1301 4574; x_wconf 82' lang='grc' dir='ltr'>τοῦτο</span> <span class='ocrx_word' id='word_1_662' title='bbox 1347 4520 1440 4574; x_wconf 79' lang='grc' dir='ltr'><strong>καὶ</strong></span> <span class='ocrx_word' id='word_1_663' title='bbox 1482 4522 1511 4573; x_wconf 90' lang='lat'><strong>6</strong></span> <span class='ocrx_word' id='word_1_664' title='bbox 1552 4518 1764 4590; x_wconf 74' lang='grc' dir='ltr'>Σωτὴρ,</span> 
     </span>
    </p>
   </div>
   <div class='ocr_carea' id='block_1_92' title="bbox 1858 4512 3432 4603">
    <p class='ocr_par' dir='ltr' id='par_1_92' title="bbox 1867 4512 3432 4585">
     <span class='ocr_line' id='line_1_92' title="bbox 1867 4512 3432 4585; baseline -0.004 -14"><span class='ocrx_word' id='word_1_665' title='bbox 1867 4522 2095 4585; x_wconf 81' lang='lat' dir='ltr'><strong>peccato</strong></span> <span class='ocrx_word' id='word_1_666' title='bbox 2143 4515 2480 4569; x_wconf 81' lang='lat' dir='ltr'><strong>versabatur.</strong></span> <span class='ocrx_word' id='word_1_667' title='bbox 2528 4512 2868 4581; x_wconf 83' lang='lat' dir='ltr'><strong>Quapropter</strong></span> <span class='ocrx_word' id='word_1_668' title='bbox 2922 4520 2977 4567; x_wconf 91' lang='lat' dir='ltr'><strong>et</strong></span> <span class='ocrx_word' id='word_1_669' title='bbox 3041 4512 3290 4567; x_wconf 85' lang='lat' dir='ltr'><strong>Salvator</strong></span> <span class='ocrx_word' id='word_1_670' title='bbox 3322 4514 3432 4566; x_wconf 86' lang='lat' dir='ltr'><strong>ait:</strong></span> 
     </span>
    </p>
   </div>
   <div class='ocr_carea' id='block_1_93' title="bbox 202 4608 1762 4687">
    <p class='ocr_par' dir='ltr' id='par_1_93' title="bbox 202 4608 1762 4687">
     <span class='ocr_line' id='line_1_93' title="bbox 202 4608 1762 4687; baseline -0.004 -19"><span class='ocrx_word' id='word_1_671' title='bbox 202 4617 669 4687; x_wconf 79' lang='grc' dir='ltr'>Προσευχόμενοι</span> <span class='ocrx_word' id='word_1_672' title='bbox 696 4615 785 4680; x_wconf 79' lang='grc' dir='ltr'><strong>δὲ,</strong></span> <span class='ocrx_word' id='word_1_673' title='bbox 829 4615 984 4686; x_wconf 77' lang='grc' dir='ltr'>φησὶ,</span> <span class='ocrx_word' id='word_1_674' title='bbox 1010 4612 1090 4682; x_wconf 84' lang='grc' dir='ltr'>μὴ</span> <span class='ocrx_word' id='word_1_675' title='bbox 1126 4609 1535 4682; x_wconf 71' lang='grc' dir='ltr'>βαττολογῆτε</span> <span class='ocrx_word' id='word_1_676' title='bbox 1558 4610 1638 4675; x_wconf 84' lang='grc' dir='ltr'>ὡς</span> <span class='ocrx_word' id='word_1_677' title='bbox 1661 4608 1762 4663; x_wconf 80' lang='grc' dir='ltr'>καὶ</span> 
     </span>
    </p>
   </div>
   <div class='ocr_carea' id='block_1_94' title="bbox 202 4699 1763 4773">
    <p class='ocr_par' dir='ltr' id='par_1_94' title="bbox 202 4699 1763 4773">
     <span class='ocr_line' id='line_1_94' title="bbox 202 4699 1763 4773; baseline -0.003 -16"><span class='ocrx_word' id='word_1_678' title='bbox 202 4707 251 4757; x_wconf 75' lang='grc' dir='ltr'>οἱ</span> <span class='ocrx_word' id='word_1_679' title='bbox 274 4705 513 4760; x_wconf 78' lang='grc' dir='ltr'>ἐθνικοί·</span> <span class='ocrx_word' id='word_1_680' title='bbox 551 4705 801 4758; x_wconf 82' lang='grc' dir='ltr'>δοκοῦσι</span> <span class='ocrx_word' id='word_1_681' title='bbox 835 4703 966 4773; x_wconf 78' lang='grc' dir='ltr'>γὰρ,</span> <span class='ocrx_word' id='word_1_682' title='bbox 995 4703 1084 4756; x_wconf 84' lang='grc' dir='ltr'>ὅτι</span> <span class='ocrx_word' id='word_1_683' title='bbox 1106 4703 1176 4756; x_wconf 77' lang='grc' dir='ltr'>ἐν</span> <span class='ocrx_word' id='word_1_684' title='bbox 1196 4700 1271 4770; x_wconf 77' lang='grc' dir='ltr'>τῇ</span> <span class='ocrx_word' id='word_1_685' title='bbox 1303 4699 1634 4768; x_wconf 77' lang='grc' dir='ltr'>πολυλογίᾳ</span> <span class='ocrx_word' id='word_1_686' title='bbox 1657 4701 1763 4753; x_wconf 74' lang='lat' dir='ltr'><strong>ui)-</strong></span> 
     </span>
    </p>
   </div>
   <div class='ocr_carea' id='block_1_95' title="bbox 202 4788 1760 4864">
    <p class='ocr_par' dir='ltr' id='par_1_95' title="bbox 202 4788 1760 4864">
     <span class='ocr_line' id='line_1_95' title="bbox 202 4788 1760 4864; baseline -0.003 -17"><span class='ocrx_word' id='word_1_687' title='bbox 202 4793 312 4849; x_wconf 77' lang='grc' dir='ltr'><strong>τῶν</strong></span> <span class='ocrx_word' id='word_1_688' title='bbox 351 4795 955 4864; x_wconf 71' lang='grc' dir='ltr'>εἰσακουσθήσονται.</span> <span class='ocrx_word' id='word_1_689' title='bbox 1005 4792 1102 4862; x_wconf 83' lang='grc' dir='ltr'><strong>Μὴ</strong></span> <span class='ocrx_word' id='word_1_690' title='bbox 1145 4788 1259 4847; x_wconf 78' lang='grc' dir='ltr'><strong>οὖν</strong></span> <span class='ocrx_word' id='word_1_691' title='bbox 1294 4790 1611 4862; x_wconf 79' lang='grc' dir='ltr'>ὁμοιωθῆτε</span> <span class='ocrx_word' id='word_1_692' title='bbox 1656 4791 1760 4843; x_wconf 86' lang='grc' dir='ltr'><strong>αὐ-</strong></span> 
     </span>
    </p>
   </div>
   <div class='ocr_carea' id='block_1_96' title="bbox 205 4880 1758 4956">
    <p class='ocr_par' dir='ltr' id='par_1_96' title="bbox 205 4880 1758 4956">
     <span class='ocr_line' id='line_1_96' title="bbox 205 4880 1758 4956; baseline -0.003 -15"><span class='ocrx_word' id='word_1_693' title='bbox 205 4888 350 4956; x_wconf 73' lang='grc' dir='ltr'>τοῖς’</span> <span class='ocrx_word' id='word_1_694' title='bbox 379 4890 474 4944; x_wconf 84' lang='grc' dir='ltr'>καὶ</span> <span class='ocrx_word' id='word_1_695' title='bbox 522 4889 605 4956; x_wconf 79' lang='grc' dir='ltr'><strong>τὸ,</strong></span> <span class='ocrx_word' id='word_1_696' title='bbox 641 4890 738 4943; x_wconf 82' lang='grc' dir='ltr'>Ἐκ</span> <span class='ocrx_word' id='word_1_697' title='bbox 784 4886 1153 4956; x_wconf 74' lang='grc' dir='ltr'>πολυλογίας</span> <span class='ocrx_word' id='word_1_698' title='bbox 1196 4882 1309 4955; x_wconf 85' lang='grc'>(66)</span> <span class='ocrx_word' id='word_1_699' title='bbox 1353 4885 1463 4937; x_wconf 83' lang='grc' dir='ltr'>οὐκ</span> <span class='ocrx_word' id='word_1_700' title='bbox 1496 4880 1758 4952; x_wconf 72' lang='grc' dir='ltr'>ἐκφεύξῃ</span> 
     </span>
    </p>
   </div>
   <div class='ocr_carea' id='block_1_97' title="bbox 268 5042 1772 5112">
    <p class='ocr_par' dir='ltr' id='par_1_97' title="bbox 268 5042 1772 5112">
     <span class='ocr_line' id='line_1_97' title="bbox 268 5042 1772 5112; baseline -0.003 -9"><span class='ocrx_word' id='word_1_701' title='bbox 268 5050 445 5106; x_wconf 69' lang='lat' dir='ltr'><strong>‘Psal.</strong></span> <span class='ocrx_word' id='word_1_702' title='bbox 491 5066 733 5112; x_wconf 79' lang='lat' dir='ltr'><strong>Lxxxvu,</strong></span> <span class='ocrx_word' id='word_1_703' title='bbox 766 5049 853 5104; x_wconf 79' lang='grc'><strong>10.</strong></span> <span class='ocrx_word' id='word_1_704' title='bbox 928 5048 951 5081; x_wconf 90' lang='grc'><strong><em>⁸</em></strong></span> <span class='ocrx_word' id='word_1_705' title='bbox 995 5047 1139 5104; x_wconf 89' lang='lat' dir='ltr'><strong>Psal.</strong></span> <span class='ocrx_word' id='word_1_706' title='bbox 1169 5063 1290 5111; x_wconf 71' lang='lat' dir='ltr'><strong>cn,</strong></span> <span class='ocrx_word' id='word_1_707' title='bbox 1331 5046 1388 5101; x_wconf 75' lang='lat'><strong>2.</strong></span> <span class='ocrx_word' id='word_1_708' title='bbox 1466 5042 1518 5074; x_wconf 73' lang='grc' dir='ltr'><strong>δ’</strong></span> <span class='ocrx_word' id='word_1_709' title='bbox 1545 5045 1714 5101; x_wconf 82' lang='lat' dir='ltr'><strong>Exod.</strong></span> <span class='ocrx_word' id='word_1_710' title='bbox 1747 5060 1772 5099; x_wconf 75' lang='grc' dir='ltr'><strong>ι</strong></span> 
     </span>
    </p>
   </div>
   <div class='ocr_carea' id='block_1_98' title="bbox 1858 5042 1998 5112">
    <p class='ocr_par' dir='ltr' id='par_1_98' title="bbox 1864 5045 1998 5109">
     <span class='ocr_line' id='line_1_98' title="bbox 1864 5045 1998 5109; baseline -0.007 -10"><span class='ocrx_word' id='word_1_711' title='bbox 1864 5086 1878 5109; x_wconf 89' lang='grc'><strong>,</strong></span> <span class='ocrx_word' id='word_1_712' title='bbox 1910 5045 1998 5099; x_wconf 75' lang='grc'><strong>12.</strong></span> 
     </span>
    </p>
   </div>
   <div class='ocr_carea' id='block_1_99' title="bbox 208 5120 928 5186">
    <p class='ocr_par' dir='ltr' id='par_1_99' title="bbox 208 5120 928 5186">
     <span class='ocr_line' id='line_1_99' title="bbox 208 5120 928 5186; baseline -0.001 -13"><span class='ocrx_word' id='word_1_713' title='bbox 208 5134 273 5186; x_wconf 77' lang='lat' dir='ltr'><strong>VI,</strong></span> <span class='ocrx_word' id='word_1_714' title='bbox 306 5121 356 5185; x_wconf 87' lang='lat' dir='ltr'><strong>&#39;l,</strong></span> <span class='ocrx_word' id='word_1_715' title='bbox 390 5121 443 5177; x_wconf 87' lang='lat'><strong>8.</strong></span> <span class='ocrx_word' id='word_1_716' title='bbox 515 5123 539 5157; x_wconf 78' lang='grc'><strong>⁸</strong></span> <span class='ocrx_word' id='word_1_717' title='bbox 563 5123 719 5177; x_wconf 83' lang='lat' dir='ltr'><strong>Ptov.</strong></span> <span class='ocrx_word' id='word_1_718' title='bbox 750 5137 804 5184; x_wconf 76' lang='grc' dir='ltr'>ι,</span> <span class='ocrx_word' id='word_1_719' title='bbox 842 5120 928 5176; x_wconf 78' lang='grc'><strong>19.</strong></span> 
     </span>
    </p>
   </div>
   <div class='ocr_carea' id='block_1_100' title="bbox 210 5256 1765 5385">
    <p class='ocr_par' dir='ltr' id='par_1_100' title="bbox 210 5256 1765 5385">
     <span class='ocr_line' id='line_1_100' title="bbox 210 5256 1765 5385; baseline -0.007 -66"><span class='ocrx_word' id='word_1_720' title='bbox 210 5262 374 5385; x_wconf 71' lang='grc' dir='ltr'><strong>δέ(58)</strong></span> <span class='ocrx_word' id='word_1_721' title='bbox 407 5262 484 5319; x_wconf 84' lang='lat' dir='ltr'><strong>Ita</strong></span> <span class='ocrx_word' id='word_1_722' title='bbox 526 5277 622 5319; x_wconf 79' lang='lat' dir='ltr'><strong>sex</strong></span> <span class='ocrx_word' id='word_1_723' title='bbox 661 5276 796 5319; x_wconf 88' lang='lat' dir='ltr'><strong>mss.</strong></span> <span class='ocrx_word' id='word_1_724' title='bbox 830 5261 903 5316; x_wconf 82' lang='lat' dir='ltr'><strong>At</strong></span> <span class='ocrx_word' id='word_1_725' title='bbox 938 5273 1070 5314; x_wconf 89' lang='lat' dir='ltr'><strong>vero</strong></span> <span class='ocrx_word' id='word_1_726' title='bbox 1095 5256 1250 5324; x_wconf 90' lang='lat' dir='ltr'><strong>editi,</strong></span> <span class='ocrx_word' id='word_1_727' title='bbox 1299 5256 1409 5311; x_wconf 77' lang='grc' dir='ltr'>Καὶ</span> <span class='ocrx_word' id='word_1_728' title='bbox 1440 5256 1765 5329; x_wconf 84' lang='grc' dir='ltr'>πρόσταγμα</span> 
     </span>
    </p>
   </div>
   <div class='ocr_carea' id='block_1_101' title="bbox 214 5373 1766 5520">
    <p class='ocr_par' dir='ltr' id='par_1_101' title="bbox 214 5373 1766 5520">
     <span class='ocr_line' id='line_1_101' title="bbox 214 5373 1766 5520; baseline -0.009 -57"><span class='ocrx_word' id='word_1_729' title='bbox 214 5373 488 5520; x_wconf 46' lang='grc' dir='ltr'>ὧξέὶνδίε</span> <span class='ocrx_word' id='word_1_730' title='bbox 511 5418 646 5459; x_wconf 89' lang='lat' dir='ltr'><strong>mss.</strong></span> <span class='ocrx_word' id='word_1_731' title='bbox 673 5400 902 5469; x_wconf 89' lang='lat' dir='ltr'><strong>aliquot.</strong></span> <span class='ocrx_word' id='word_1_732' title='bbox 927 5398 1063 5469; x_wconf 82' lang='lat' dir='ltr'><strong>Reg.</strong></span> <span class='ocrx_word' id='word_1_733' title='bbox 1085 5396 1297 5469; x_wconf 87' lang='lat' dir='ltr'><strong>primus</strong></span> <span class='ocrx_word' id='word_1_734' title='bbox 1321 5410 1441 5450; x_wconf 92' lang='lat' dir='ltr'><strong>cum</strong></span> <span class='ocrx_word' id='word_1_735' title='bbox 1465 5396 1648 5463; x_wconf 89' lang='lat' dir='ltr'><strong>editis,</strong></span> <span class='ocrx_word' id='word_1_736' title='bbox 1683 5397 1766 5450; x_wconf 82' lang='grc' dir='ltr'><strong>ὲν-</strong></span> 
     </span>
    </p>
   </div>
   <div class='ocr_carea' id='block_1_102' title="bbox 233 5487 1171 5624">
    <p class='ocr_par' dir='ltr' id='par_1_102' title="bbox 233 5487 1171 5624">
     <span class='ocr_line' id='line_1_102' title="bbox 233 5487 429 5541; baseline 0.02 -17"><span class='ocrx_word' id='word_1_737' title='bbox 233 5487 429 5541; x_wconf 71' lang='grc' dir='ltr'>σχυσεν.</span> 
     </span>
     <span class='ocr_line' id='line_1_103' title="bbox 274 5539 1171 5624; baseline -0.008 -24"><span class='ocrx_word' id='word_1_738' title='bbox 407 5544 536 5624; x_wconf 43' lang='lat' dir='ltr'><strong>diss.</strong></span> <span class='ocrx_word' id='word_1_739' title='bbox 564 5542 829 5624; x_wconf 68' lang='lat' dir='ltr'><strong>nonnulli,</strong></span> <span class='ocrx_word' id='word_1_740' title='bbox 860 5539 1171 5624; x_wconf 50' lang='lat' dir='ltr'><strong>tvlgueu:_.</strong></span> 
     </span>
    </p>
   </div>
   <div class='ocr_carea' id='block_1_103' title="bbox 273 5607 1462 5686">
    <p class='ocr_par' dir='ltr' id='par_1_103' title="bbox 273 5607 1462 5686">
     <span class='ocr_line' id='line_1_104' title="bbox 273 5607 1462 5686; baseline -0.008 -15"><span class='ocrx_word' id='word_1_741' title='bbox 273 5607 378 5686; x_wconf 58' lang='grc' dir='ltr'><strong>(ϐξ)</strong></span> <span class='ocrx_word' id='word_1_742' title='bbox 397 5614 499 5686; x_wconf 57' lang='grc' dir='ltr'><strong>Δδίε</strong></span> <span class='ocrx_word' id='word_1_743' title='bbox 529 5615 771 5686; x_wconf 71' lang='lat' dir='ltr'><strong>quinque</strong></span> <span class='ocrx_word' id='word_1_744' title='bbox 791 5607 924 5667; x_wconf 89' lang='lat' dir='ltr'><strong>mss.</strong></span> <span class='ocrx_word' id='word_1_745' title='bbox 1044 5610 1193 5675; x_wconf 91' lang='lat' dir='ltr'><strong>editi,</strong></span> <span class='ocrx_word' id='word_1_746' title='bbox 1219 5607 1462 5686; x_wconf 66' lang='lat' dir='ltr'><strong>§uvae6v.</strong></span> 
     </span>
    </p>
   </div>
   <div class='ocr_carea' id='block_1_104' title="bbox 274 5677 1825 5776">
    <p class='ocr_par' dir='ltr' id='par_1_104' title="bbox 274 5677 1825 5776">
     <span class='ocr_line' id='line_1_105' title="bbox 274 5677 1825 5776; baseline -0.005 -37"><span class='ocrx_word' id='word_1_747' title='bbox 274 5677 634 5776; x_wconf 48' lang='lat' dir='ltr'><strong>iﬁlEditi&#39;et</strong></span> <span class='ocrx_word' id='word_1_748' title='bbox 669 5677 829 5776; x_wconf 45' lang='lat' dir='ltr'><strong>fieri:</strong></span> <span class='ocrx_word' id='word_1_749' title='bbox 877 5683 1104 5776; x_wconf 56' lang='lat' dir='ltr'><strong>primus:</strong></span> <span class='ocrx_word' id='word_1_750' title='bbox 1136 5682 1342 5776; x_wconf 50' lang='grc' dir='ltr'>,χεῖρας</span> <span class='ocrx_word' id='word_1_751' title='bbox 1372 5678 1557 5776; x_wconf 62' lang='grc' dir='ltr'>ὑμῶν.</span> <span class='ocrx_word' id='word_1_752' title='bbox 1591 5677 1752 5734; x_wconf 88' lang='lat' dir='ltr'><strong>Deest</strong></span> <span class='ocrx_word' id='word_1_753' title='bbox 1818 5738 1825 5747; x_wconf 61' lang='grc'><strong>,</strong></span> 
     </span>
    </p>
   </div>
   <div class='ocr_carea' id='block_1_105' title="bbox 219 5740 1324 5840">
    <p class='ocr_par' dir='ltr' id='par_1_105' title="bbox 219 5740 1324 5840">
     <span class='ocr_line' id='line_1_106' title="bbox 219 5740 1324 5840; baseline -0.003 -33"><span class='ocrx_word' id='word_1_754' title='bbox 219 5740 446 5840; x_wconf 34' lang='grc' dir='ltr'>ὐμῇξξίιι,</span> <span class='ocrx_word' id='word_1_755' title='bbox 459 5755 695 5840; x_wconf 68' lang='lat' dir='ltr'><strong>quinque</strong></span> <span class='ocrx_word' id='word_1_756' title='bbox 721 5740 852 5807; x_wconf 71' lang='lat' dir='ltr'><strong>mss.</strong></span> <span class='ocrx_word' id='word_1_757' title='bbox 876 5740 931 5807; x_wconf 75' lang='lat' dir='ltr'><strong>et</strong></span> <span class='ocrx_word' id='word_1_758' title='bbox 963 5740 1102 5838; x_wconf 70' lang='lat' dir='ltr'><strong>apud</strong></span> <span class='ocrx_word' id='word_1_759' title='bbox 1136 5740 1271 5840; x_wconf 54' lang='grc' dir='ltr'><strong>13Χῇ</strong></span> <span class='ocrx_word' id='word_1_760' title='bbox 1298 5822 1324 5834; x_wconf 82' lang='lat'><em>_</em></span> 
     </span>
    </p>
   </div>
   <div class='ocr_carea' id='block_1_106' title="bbox 281 5819 1745 5887">
    <p class='ocr_par' dir='ltr' id='par_1_106' title="bbox 281 5819 1745 5887">
     <span class='ocr_line' id='line_1_107' title="bbox 281 5819 1745 5887; baseline -0.006 -3"><span class='ocrx_word' id='word_1_761' title='bbox 281 5820 383 5884; x_wconf 72' lang='grc'>(65)</span> <span class='ocrx_word' id='word_1_762' title='bbox 408 5819 542 5883; x_wconf 78' lang='lat' dir='ltr'><strong>Editi</strong></span> <span class='ocrx_word' id='word_1_763' title='bbox 575 5819 629 5881; x_wconf 78' lang='grc' dir='ltr'>οἱ</span> <span class='ocrx_word' id='word_1_764' title='bbox 659 5833 770 5879; x_wconf 86' lang='lat' dir='ltr'><strong>tres</strong></span> <span class='ocrx_word' id='word_1_765' title='bbox 802 5838 956 5887; x_wconf 90' lang='lat' dir='ltr'><strong>mss.,</strong></span> <span class='ocrx_word' id='word_1_766' title='bbox 991 5825 1178 5887; x_wconf 64' lang='grc' dir='ltr'>χεῖρας</span> <span class='ocrx_word' id='word_1_767' title='bbox 1213 5822 1385 5887; x_wconf 80' lang='grc' dir='ltr'>ὑμῶν.</span> <span class='ocrx_word' id='word_1_768' title='bbox 1417 5819 1620 5876; x_wconf 78' lang='lat' dir='ltr'><strong>Rursus</strong></span> <span class='ocrx_word' id='word_1_769' title='bbox 1651 5819 1745 5875; x_wconf 81' lang='lat' dir='ltr'><strong>de-</strong></span> 
     </span>
    </p>
   </div>
   <div class='ocr_carea' id='block_1_107' title="bbox 1870 4603 3432 4672">
    <p class='ocr_par' dir='ltr' id='par_1_107' title="bbox 1870 4603 3432 4672">
     <span class='ocr_line' id='line_1_108' title="bbox 1870 4603 3432 4672; baseline -0.001 -12"><span class='ocrx_word' id='word_1_770' title='bbox 1870 4604 2098 4661; x_wconf 83' lang='lat' dir='ltr'><strong>Orantes</strong></span> <span class='ocrx_word' id='word_1_771' title='bbox 2146 4616 2323 4659; x_wconf 83' lang='lat' dir='ltr'><strong>autem</strong></span> <span class='ocrx_word' id='word_1_772' title='bbox 2371 4604 2533 4658; x_wconf 82' lang='lat' dir='ltr'><strong>nolite</strong></span> <span class='ocrx_word' id='word_1_773' title='bbox 2579 4603 2799 4656; x_wconf 83' lang='lat' dir='ltr'><strong>multum</strong></span> <span class='ocrx_word' id='word_1_774' title='bbox 2837 4603 2981 4672; x_wconf 81' lang='lat' dir='ltr'><strong>loqui</strong></span> <span class='ocrx_word' id='word_1_775' title='bbox 3030 4604 3165 4657; x_wconf 82' lang='lat' dir='ltr'><strong>sicut</strong></span> <span class='ocrx_word' id='word_1_776' title='bbox 3210 4605 3432 4660; x_wconf 81' lang='lat' dir='ltr'><strong>ethnici:</strong></span> 
     </span>
    </p>
   </div>
   <div class='ocr_carea' id='block_1_108' title="bbox 1865 4694 3431 4771">
    <p class='ocr_par' dir='ltr' id='par_1_108' title="bbox 1865 4694 3431 4771">
     <span class='ocr_line' id='line_1_109' title="bbox 1865 4694 3431 4771; baseline -0.002 -21"><span class='ocrx_word' id='word_1_777' title='bbox 1865 4706 2050 4767; x_wconf 83' lang='lat' dir='ltr'><strong>putant</strong></span> <span class='ocrx_word' id='word_1_778' title='bbox 2079 4697 2217 4771; x_wconf 72' lang='lat' dir='ltr'><strong>enim</strong></span> <span class='ocrx_word' id='word_1_779' title='bbox 2271 4697 2411 4767; x_wconf 84' lang='lat' dir='ltr'><strong>quod</strong></span> <span class='ocrx_word' id='word_1_780' title='bbox 2463 4697 2519 4750; x_wconf 86' lang='lat' dir='ltr'><strong>in</strong></span> <span class='ocrx_word' id='word_1_781' title='bbox 2569 4694 2899 4766; x_wconf 83' lang='lat' dir='ltr'><strong>multiloquio</strong></span> <span class='ocrx_word' id='word_1_782' title='bbox 2938 4711 3033 4747; x_wconf 84' lang='lat' dir='ltr'><strong>suo</strong></span> <span class='ocrx_word' id='word_1_783' title='bbox 3060 4697 3431 4749; x_wconf 73' lang='lat' dir='ltr'><strong>exaudiantur.</strong></span> 
     </span>
    </p>
   </div>
   <div class='ocr_carea' id='block_1_109' title="bbox 1869 4783 3434 4857">
    <p class='ocr_par' dir='ltr' id='par_1_109' title="bbox 1869 4783 3434 4857">
     <span class='ocr_line' id='line_1_110' title="bbox 1869 4783 3434 4857; baseline -0.003 -15"><span class='ocrx_word' id='word_1_784' title='bbox 1869 4787 2050 4842; x_wconf 84' lang='lat' dir='ltr'><strong>Nolite</strong></span> <span class='ocrx_word' id='word_1_785' title='bbox 2077 4803 2196 4857; x_wconf 86' lang='lat' dir='ltr'><strong>ergo</strong></span> <span class='ocrx_word' id='word_1_786' title='bbox 2222 4788 2506 4841; x_wconf 80' lang='lat' dir='ltr'><strong>assimilari</strong></span> <span class='ocrx_word' id='word_1_787' title='bbox 2529 4787 2602 4840; x_wconf 87' lang='lat' dir='ltr'><strong>eis</strong></span> <span class='ocrx_word' id='word_1_788' title='bbox 2634 4786 2678 4838; x_wconf 75' lang='grc'><strong>⁸.</strong></span> <span class='ocrx_word' id='word_1_789' title='bbox 2706 4785 2770 4839; x_wconf 84' lang='lat' dir='ltr'><strong>Et</strong></span> <span class='ocrx_word' id='word_1_790' title='bbox 2802 4786 2963 4840; x_wconf 90' lang='lat' dir='ltr'><strong>illud:</strong></span> <span class='ocrx_word' id='word_1_791' title='bbox 2999 4783 3080 4839; x_wconf 80' lang='lat' dir='ltr'><strong>Ea:</strong></span> <span class='ocrx_word' id='word_1_792' title='bbox 3101 4784 3434 4855; x_wconf 83' lang='lat' dir='ltr'><strong>multiloqnio</strong></span> 
     </span>
    </p>
   </div>
   <div class='ocr_carea' id='block_1_110' title="bbox 1868 4877 3424 4950">
    <p class='ocr_par' dir='ltr' id='par_1_110' title="bbox 1868 4877 3424 4950">
     <span class='ocr_line' id='line_1_111' title="bbox 1868 4877 3424 4950; baseline -0.002 -17"><span class='ocrx_word' id='word_1_793' title='bbox 1868 4896 1974 4933; x_wconf 87' lang='lat' dir='ltr'><strong>non</strong></span> <span class='ocrx_word' id='word_1_794' title='bbox 2002 4880 2221 4950; x_wconf 71' lang='lat' dir='ltr'><strong>eﬂ‘ugies</strong></span> <span class='ocrx_word' id='word_1_795' title='bbox 2249 4888 2517 4948; x_wconf 82' lang='lat' dir='ltr'><strong>peccatum</strong></span> <span class='ocrx_word' id='word_1_796' title='bbox 2547 4880 2590 4932; x_wconf 80' lang='lat'><strong>’.</strong></span> <span class='ocrx_word' id='word_1_797' title='bbox 2616 4877 2844 4947; x_wconf 88' lang='lat' dir='ltr'><strong>Oportet</strong></span> <span class='ocrx_word' id='word_1_798' title='bbox 2882 4877 3046 4947; x_wconf 81' lang='lat' dir='ltr'><strong>igitur</strong></span> <span class='ocrx_word' id='word_1_799' title='bbox 3083 4890 3325 4946; x_wconf 68' lang='lat' dir='ltr'><strong>quaerere</strong></span> <span class='ocrx_word' id='word_1_800' title='bbox 3347 4890 3424 4930; x_wconf 85' lang='lat' dir='ltr'><strong>re-</strong></span> 
     </span>
    </p>
   </div>
   <div class='ocr_carea' id='block_1_111' title="bbox 2099 5037 3428 5111">
    <p class='ocr_par' dir='ltr' id='par_1_111' title="bbox 2099 5037 3428 5111">
     <span class='ocr_line' id='line_1_112' title="bbox 2099 5037 3428 5111; baseline -0.005 -12"><span class='ocrx_word' id='word_1_801' title='bbox 2099 5046 2121 5078; x_wconf 81' lang='grc'>⁸</span> <span class='ocrx_word' id='word_1_802' title='bbox 2153 5042 2336 5103; x_wconf 88' lang='lat' dir='ltr'><strong>lTim.</strong></span> <span class='ocrx_word' id='word_1_803' title='bbox 2357 5059 2421 5111; x_wconf 88' lang='lat' dir='ltr'><strong>ll,</strong></span> <span class='ocrx_word' id='word_1_804' title='bbox 2441 5043 2496 5099; x_wconf 89' lang='lat'><strong>8.</strong></span> <span class='ocrx_word' id='word_1_805' title='bbox 2605 5043 2626 5075; x_wconf 88' lang='lat'><strong>&quot;</strong></span> <span class='ocrx_word' id='word_1_806' title='bbox 2648 5042 2782 5097; x_wconf 90' lang='lat' dir='ltr'><strong>Luc.</strong></span> <span class='ocrx_word' id='word_1_807' title='bbox 2815 5055 2969 5107; x_wconf 83' lang='lat' dir='ltr'><strong>xvm,</strong></span> <span class='ocrx_word' id='word_1_808' title='bbox 2998 5040 3081 5094; x_wconf 80' lang='grc' dir='ltr'><strong>Η.</strong></span> <span class='ocrx_word' id='word_1_809' title='bbox 3186 5039 3209 5068; x_wconf 82' lang='grc'><strong>⁸</strong></span> <span class='ocrx_word' id='word_1_810' title='bbox 3237 5037 3428 5093; x_wconf 79' lang='lat' dir='ltr'><strong>Matth.</strong></span> 
     </span>
    </p>
   </div>
   <div class='ocr_carea' id='block_1_112' title="bbox 1865 5254 2716 5326">
    <p class='ocr_par' dir='ltr' id='par_1_112' title="bbox 1865 5254 2716 5326">
     <span class='ocr_line' id='line_1_113' title="bbox 1865 5254 2716 5326; baseline -0.001 -17"><span class='ocrx_word' id='word_1_811' title='bbox 1865 5264 1948 5310; x_wconf 88' lang='lat' dir='ltr'><strong>est</strong></span> <span class='ocrx_word' id='word_1_812' title='bbox 1976 5254 2128 5326; x_wconf 84' lang='grc' dir='ltr'>ὑμῶν</span> <span class='ocrx_word' id='word_1_813' title='bbox 2155 5254 2356 5326; x_wconf 15' lang='lat' dir='ltr'><strong>inraliis</strong></span> <span class='ocrx_word' id='word_1_814' title='bbox 2383 5256 2554 5326; x_wconf 78' lang='lat' dir='ltr'><strong>tribus</strong></span> <span class='ocrx_word' id='word_1_815' title='bbox 2585 5268 2716 5308; x_wconf 85' lang='lat' dir='ltr'><strong>mss.</strong></span> 
     </span>
    </p>
   </div>
   <div class='ocr_carea' id='block_1_113' title="bbox 1908 5318 3427 5394">
    <p class='ocr_par' dir='ltr' id='par_1_113' title="bbox 1908 5318 3427 5394">
     <span class='ocr_line' id='line_1_114' title="bbox 1908 5318 3427 5394; baseline -0.007 -15"><span class='ocrx_word' id='word_1_816' title='bbox 1908 5318 2051 5388; x_wconf 61' lang='grc'>,(61)</span> <span class='ocrx_word' id='word_1_817' title='bbox 2087 5325 2224 5378; x_wconf 87' lang='lat' dir='ltr'><strong>Editi</strong></span> <span class='ocrx_word' id='word_1_818' title='bbox 2260 5340 2381 5377; x_wconf 90' lang='lat' dir='ltr'><strong>eum</strong></span> <span class='ocrx_word' id='word_1_819' title='bbox 2416 5324 2588 5378; x_wconf 87' lang='lat' dir='ltr'><strong>tribus</strong></span> <span class='ocrx_word' id='word_1_820' title='bbox 2624 5339 2776 5385; x_wconf 76' lang='lat' dir='ltr'><strong>mss.,</strong></span> <span class='ocrx_word' id='word_1_821' title='bbox 2804 5320 2960 5394; x_wconf 84' lang='grc' dir='ltr'>μετά.</span> <span class='ocrx_word' id='word_1_822' title='bbox 2983 5318 3102 5394; x_wconf 84' lang='lat' dir='ltr'><strong>_A_lii</strong></span> <span class='ocrx_word' id='word_1_823' title='bbox 3131 5327 3241 5394; x_wconf 55' lang='lat' dir='ltr'><strong>[res</strong></span> <span class='ocrx_word' id='word_1_824' title='bbox 3271 5332 3427 5394; x_wconf 71' lang='lat' dir='ltr'><strong>mss.,</strong></span> 
     </span>
    </p>
   </div>
   <div class='ocr_carea' id='block_1_114' title="bbox 1865 5386 3428 5477">
    <p class='ocr_par' dir='ltr' id='par_1_114' title="bbox 1865 5386 3428 5477">
     <span class='ocr_line' id='line_1_115' title="bbox 1865 5386 3428 5477; baseline -0.004 -28"><span class='ocrx_word' id='word_1_825' title='bbox 1865 5386 1992 5477; x_wconf 50' lang='lat' dir='ltr'><strong>and:</strong></span> <span class='ocrx_word' id='word_1_826' title='bbox 2035 5386 2324 5477; x_wconf 77' lang='lat' dir='ltr'><strong>Aliquanto</strong></span> <span class='ocrx_word' id='word_1_827' title='bbox 2370 5403 2490 5463; x_wconf 91' lang='lat' dir='ltr'><strong>post</strong></span> <span class='ocrx_word' id='word_1_828' title='bbox 2521 5407 2619 5447; x_wconf 80' lang='lat' dir='ltr'><strong>sex</strong></span> <span class='ocrx_word' id='word_1_829' title='bbox 2664 5386 2820 5457; x_wconf 69' lang='lat' dir='ltr'><strong>mss.,</strong></span> <span class='ocrx_word' id='word_1_830' title='bbox 2873 5389 3091 5453; x_wconf 74' lang='grc' dir='ltr'>σταθεὶς</span> <span class='ocrx_word' id='word_1_831' title='bbox 3133 5387 3212 5443; x_wconf 82' lang='grc' dir='ltr'><strong>δέ.</strong></span> <span class='ocrx_word' id='word_1_832' title='bbox 3262 5386 3428 5442; x_wconf 85' lang='lat' dir='ltr'><strong>Abest</strong></span> 
     </span>
    </p>
   </div>
   <div class='ocr_carea' id='block_1_115' title="bbox 1862 5465 3429 5604">
    <p class='ocr_par' dir='ltr' id='par_1_115' title="bbox 1862 5465 3429 5604">
     <span class='ocr_line' id='line_1_116' title="bbox 1862 5465 2212 5519; baseline -0.009 0"><span class='ocrx_word' id='word_1_833' title='bbox 1862 5465 1920 5519; x_wconf 83' lang='grc' dir='ltr'><strong>δέ</strong></span> <span class='ocrx_word' id='word_1_834' title='bbox 1945 5465 2012 5517; x_wconf 83' lang='lat' dir='ltr'><strong>ab</strong></span> <span class='ocrx_word' id='word_1_835' title='bbox 2033 5467 2212 5519; x_wconf 87' lang='lat' dir='ltr'><strong>editis.</strong></span> 
     </span>
     <span class='ocr_line' id='line_1_117' title="bbox 1935 5529 3429 5604; baseline -0.005 -14"><span class='ocrx_word' id='word_1_836' title='bbox 1935 5535 2045 5604; x_wconf 85' lang='lat'><strong>(65)</strong></span> <span class='ocrx_word' id='word_1_837' title='bbox 2079 5533 2217 5590; x_wconf 88' lang='lat' dir='ltr'><strong>Editi</strong></span> <span class='ocrx_word' id='word_1_838' title='bbox 2271 5541 2325 5588; x_wconf 92' lang='lat' dir='ltr'><strong>et</strong></span> <span class='ocrx_word' id='word_1_839' title='bbox 2369 5541 2481 5588; x_wconf 88' lang='lat' dir='ltr'><strong>tres</strong></span> <span class='ocrx_word' id='word_1_840' title='bbox 2517 5546 2670 5596; x_wconf 89' lang='lat' dir='ltr'><strong>mss.,</strong></span> <span class='ocrx_word' id='word_1_841' title='bbox 2728 5529 2909 5585; x_wconf 86' lang='grc' dir='ltr'>αὐτόν.</span> <span class='ocrx_word' id='word_1_842' title='bbox 2960 5529 3066 5587; x_wconf 86' lang='lat' dir='ltr'><strong>Alii</strong></span> <span class='ocrx_word' id='word_1_843' title='bbox 3114 5538 3223 5585; x_wconf 87' lang='lat' dir='ltr'><strong>tres</strong></span> <span class='ocrx_word' id='word_1_844' title='bbox 3272 5543 3429 5594; x_wconf 81' lang='lat' dir='ltr'><strong>mss.,</strong></span> 
     </span>
    </p>
   </div>
   <div class='ocr_carea' id='block_1_116' title="bbox 1863 5606 3421 5749">
    <p class='ocr_par' dir='ltr' id='par_1_116' title="bbox 1863 5606 3421 5749">
     <span class='ocr_line' id='line_1_118' title="bbox 1863 5606 3421 5749; baseline -0.019 2"><span class='ocrx_word' id='word_1_845' title='bbox 1863 5606 2289 5749; x_wconf 35' lang='lat' dir='ltr'><strong>éaﬁglhchices</strong></span> <span class='ocrx_word' id='word_1_846' title='bbox 2310 5672 2438 5749; x_wconf 66' lang='grc' dir='ltr'><strong>ἀξω.</strong></span> <span class='ocrx_word' id='word_1_847' title='bbox 2465 5671 2539 5749; x_wconf 50' lang='grc' dir='ltr'>ἒν,</span> <span class='ocrx_word' id='word_1_848' title='bbox 2559 5668 2886 5749; x_wconf 49' lang='grc' dir='ltr'>πολυλογίας</span> <span class='ocrx_word' id='word_1_849' title='bbox 2907 5670 2985 5728; x_wconf 80' lang='grc' dir='ltr'><strong>δέ.</strong></span> <span class='ocrx_word' id='word_1_850' title='bbox 3020 5668 3313 5728; x_wconf 81' lang='lat' dir='ltr'><strong>Mox&#39;Colb.</strong></span> <span class='ocrx_word' id='word_1_851' title='bbox 3336 5682 3421 5725; x_wconf 54' lang='lat' dir='ltr'><strong>se:</strong></span> 
     </span>
    </p>
   </div>
   <div class='ocr_carea' id='block_1_117' title="bbox 1854 5741 2759 5825">
    <p class='ocr_par' dir='ltr' id='par_1_117' title="bbox 1854 5741 2759 5825">
     <span class='ocr_line' id='line_1_119' title="bbox 1854 5741 2759 5825; baseline -0.008 -22"><span class='ocrx_word' id='word_1_852' title='bbox 1854 5741 2082 5812; x_wconf 76' lang='lat' dir='ltr'><strong>candus,</strong></span> <span class='ocrx_word' id='word_1_853' title='bbox 2119 5743 2464 5816; x_wconf 80' lang='grc' dir='ltr'>δικαιοσύνην</span> <span class='ocrx_word' id='word_1_854' title='bbox 2480 5741 2670 5797; x_wconf 75' lang='grc' dir='ltr'>αὐτοῦ.</span> <span class='ocrx_word' id='word_1_855' title='bbox 2748 5816 2759 5825; x_wconf 35' lang='grc'><strong>⁹</strong></span> 
     </span>
    </p>
   </div>
  </div>
