3828 6216
423 293 520 352 191

1365 318 1708 380 APPENDIX
1748 325 2034 384 OPERUM
2073 329 2129 384 S.
2167 330 2410 392 BASILII
2449 338 2685 397 MAGNI.

3546 362 3657 418 £92

415 427 579 482 Βυυω
605 414 721 482 Dei,
762 425 817 474 et
860 418 1127 491 justitiam
1151 466 1167 493 ,
1216 444 1329 486 non
1369 444 1547 491 autem
1590 442 1894 512 corporalia
1928 461 1938 496 ε

416 509 634 539 ...νη-ι.
704 504 835 539 νη...
881 511 947 539 λι.
978 527 1193 539 ......--_.
1247 521 1359 539 _-_.
1583 526 1623 539 ..
1885 533 1917 539 -_

2049 443 2390 515 ,ἀμαρτίακ
2447 452 2567 526 Χρὴ
2616 450 2710 510 οὖν
2763 459 3028 516 αἰτεῖσθαι
3076 463 3175 537 τὴν
3232 466 3510 539 βασιλείαν
3552 479 3655 534 τοῦ

416 509 658 561 terrena.
703 504 835 564 Eam
880 511 948 566 ob
976 527 1195 571 causam
1247 521 1485 589 psalmus
1529 504 1750 583 :Unam
1793 533 1917 600 petii
1943 549 1975 587 a

412 589 660 662 Domino,
690 598 827 654 Itane
853 606 1114 674 requiram
1140 624 1159 664 :
1200 619 1260 665 ut
1295 615 1577 672 inhabilem
1606 621 1661 674 in
1689 589 1842 677 domo
1866 623 1973 678 Do-

406 685 543 740 ηὲηὲ
554 687 623 744 “0

487 861 577 918 87.
618 863 760 919 Nam
791 884 981 925 manus
1007 884 1190 930 uestra:
1241 880 1492 950 sanguine
1517 885 1702 953 plenas.
1742 886 1852 943 Hoc
1888 897 1972 945 est

403 963 597 1019 causae,
630 958 775 1023 quod
811 957 951 1015 Deus
973 963 1162 1018 oculos
1198 976 1427 1037 avertat,
1462 985 1585 1027 cum
1630 978 1971 1033 extenderint

404 1057 624 1110 manus,
652 1050 796 1112 quod
828 1051 944 1119 ipsa
1001 1057 1413 1126 supplicationis
1467 1065 1709 1134 symbola
1740 1070 1806 1123 ad
1841 1070 1969 1124 irri-

397 1136 626 1191 tandum
663 1138 812 1194 illum
852 1142 962 1196 sint
1014 1150 1353 1208 occasiones.
1412 1153 1871 1221 Quemadmodum
1921 1164 1965 1218 si

400 1228 526 1295 quis
556 1229 810 1286 dilectum
869 1235 1095 1293 alterius
1128 1240 1297 1297 lilium
1346 1248 1626 1314 occiderit,
1676 1267 1740 1308 ac
1775 1271 1966 1311 manus

397 1333 528 1374 suas
581 1323 758 1378 adhuc
817 1339 883 1380 ex
919 1329 1067 1385 caede
1118 1344 1431 1393 cruentatas
1463 1340 1531 1394 ad
1559 1340 1828 1399 infensum
1862 1347 1963 1402 sibi

392 1415 604 1475 patrem
639 1414 970 1483 exporrigat.
1002 1418 1388 1492 dexteramque
1407 1426 1659 1497 eﬂlngitet
1689 1433 1958 1497 amicitiae,

395 1508 761 1570 exposcatque
788 1506 1039 1574 veniam;
1095 1524 1274 1566 nonne
1329 1517 1547 1586 sanguis
1580 1519 1670 1573 lilii
1707 1521 1758 1574 in
1793 1523 1961 1593 ipsius

394 1586 761 1646 interfectoris
795 1595 955 1649 manu
1021 1612 1291 1667 apparens
1324 1613 1530 1673 patrem
1581 1609 1778 1678 injuria
1828 1613 1959 1669 alie-

392 1692 544 1737 ctum
579 1686 757 1741 acrius
789 1694 1112 1761 exasperat?
1140 1693 1294 1750 Nunc
1320 1697 1584 1766 ejusmodi
1617 1711 1744 1758 sunt
1781 1703 1958 1760 Judae-

390 1789 544 1829 omm
578 1792 798 1846 preces;
831 1781 1097 1852 siquidem
1122 1800 1243 1839 cum
1277 1792 1580 1846 extendunt
1626 1809 1834 1859 manus,
1866 1799 1955 1852 ad-
1985 1782 2028 1836 Β

391 1866 617 1921 missum
655 1869 707 1923 in
746 1868 1095 1942 Unigenitum
1131 1877 1326 1933 Filiqu
1365 1882 1541 1939 scelus
1585 1885 1695 1940 Deo
1719 1895 1772 1942 et
1803 1888 1952 1944 Patri

389 1970 645 2014 revocant
668 1961 722 2015 in
754 1967 1095 2033 memoriam,
1141 1981 1303 2039 atque
1330 1988 1427 2040 per
1479 1976 1720 2047 singulas
1759 1992 1951 2037 exten-

385 2046 567 2104 siones
593 2065 718 2107 suas
749 2053 987 2121 ipsorum
1020 2074 1214 2117 manus
1247 2065 1507 2135 sanguine
1531 2046 1730 2124 Cbristi
1767 2072 1952 2142 plenas

381 2147 691 2197 ostendunt.
717 2142 1008 2204 Enimvero
1033 2151 1126 2220 qui
1172 2153 1224 2206 in
1258 2170 1354 2209 sua
1405 2158 1648 2215 caacitate
1706 2178 1951 2231 perseve-

382 2243 524 2299 rant,
573 2236 737 2291 caedis
785 2249 1187 2309 paternas-sunt
1230 2246 1492 2304 haeredes.
1549 2250 1776 2324 Sanguis
1814 2258 1949 2312 enim

376 2322 516 2403 ejus,
551 2326 825 2398 inquiunt,
858 2349 1016 2403 super
1058 2351 1173 2402 nos,
1207 2347 1254 2391 et
1295 2356 1448 2406 super
1480 2342 1623 2410 ﬁlios
1662 2322 1947 2407 nostros“.

441 2502 535 2559 58.
580 2503 741 2561 Vens.
801 2508 887 2566 16.
925 2508 1217 2579 Lavamini,
1268 2516 1454 2569 mundi
1503 2524 1685 2572 estote.
1730 2516 1951 2574 Videtur

374 2597 775 2665 quodammodo
808 2602 1110 2672 Scriptura,
1133 2607 1274 2675 quod
1301 2609 1366 2662 ad
1395 2609 1555 2664 verba
1582 2612 1792 2678 attinet,
1821 2628 1948 2666 con-

374 2686 550 2743 tinere
572 2693 1041 2761 contrarietatem,
1069 2710 1131 2750 ac
1156 2697 1325 2753 veluti
1356 2702 1621 2755 mendacii
1647 2704 1944 2776 cujuspium

372 2778 539 2833 Deum
586 2796 860 2838 accusare.
895 2785 987 2839 Ait
1015 2789 1161 2842 enim
1203 2807 1218 2843 :
1257 2789 1379 2845 Non
1409 2793 1635 2856 amplius
1686 2798 1945 2855 dimittam

368 2882 581 2940 peccata
629 2886 816 2930 vestra.
862 2877 993 2933 Item
1022 2880 1198 2935 illud:
1240 2881 1300 2937 Si
1344 2884 1816 2953 multiplicaveritis
1851 2896 1944 2945 de-

367 2966 736 3031 precationem,
754 2985 857 3023 non
872 2972 1153 3027 exaudiam
1176 2974 1453 3031 vos.Nuuc
1480 2980 1630 3047 quasi
1663 2980 1737 3034 illi
1764 2994 1945 3039 essent

368 3056 658 3124 sanabiles,
697 3056 992 3129 Lavamini,
1041 3064 1137 3130 ait,
1167 3067 1349 3120 mundi
1388 3078 1569 3123 estote.
1601 3070 1863 3125 Nimirum
1888 3075 1939 3127 in

366 3145 740 3212 superioribus
758 3150 975 3216 quidem
1000 3152 1400 3210 demonstratur
1436 3158 1605 3227 legem
1634 3160 1723 3225 iis,
1742 3162 1832 3231 qui
1854 3179 1913 3219 se

365 3238 598 3291 cundum
637 3240 808 3308 ipsam
837 3245 1018 3299 vivere
1047 3246 1251 3311 volunt,
1291 3250 1514 3304 salutem
1544 3264 1800 3320 prtestare
1832 3273 1935 3311 non

365 3343 525 3395 posse
543 3346 559 3397 ;
577 3331 629 3385 in
656 3334 722 3387 iis
745 3350 875 3390 vero
897 3337 1076 3391 verbis
1101 3339 1266 3393 altera
1297 3342 1362 3394 ad
1396 3342 1625 3396 salutem
1651 3345 1732 3397 via
1759 3356 1939 3401 osten-

364 3421 533 3478 ditur.
582 3426 757 3496 Atque
793 3428 924 3483 illud
973 3432 1186 3500 quidem
1229 3433 1488 3488 sensibile
1532 3436 1664 3506 legis
1690 3436 1937 3495 Mosaicae

363 3512 662 3570 institutum
693 3520 952 3589 abrogat:
982 3522 1084 3576 hoc
1117 3537 1245 3577 vero
1292 3524 1415 3578 vitae
1446 3529 1769 3597 evangelicae
1793 3548 1933 3601 pra:-

361 3617 627 3663 moustrat
648 3613 893 3667 exordia.
915 3612 977 3667 Si
1008 3613 1235 3668 tuleritis
1265 3617 1516 3678 similam,
1555 3635 1743 3673 vanum
1773 3637 1792 3676 :
1819 3628 1936 3694 thy-

360 3698 576 3765 miama,
601 3700 924 3757 abominalio
953 3720 973 3758 :
1016 3707 1220 3774 adipem
1255 3726 1509 3779 agnorum
1551 3722 1599 3765 et
1629 3718 1932 3785 sanguinem

359 3796 632 3843 taurorum
676 3795 818 3849 nato.
871 3796 1007 3862 Quid
1059 3813 1188 3868 ergo
1229 3799 1565 3857 fecerimus?
1591 3807 1716 3875 ψιίιΙ
1747 3824 1933 3865 sumus

358 3879 588 3934 oblaturi
617 3884 641 3936 ’ἔ
672 3884 810 3939 Νυηι
845 3888 983 3942 forte
1028 3906 1113 3957 eo,
1161 3894 1304 3961 quod
1338 3897 1641 3963 corporalia
1675 3899 1929 3967 rejiciuu-

358 3980 448 4024 tur
497 3973 778 4044 obsequia,
825 3980 891 4032 ad
934 3978 1097 4036 festos
1143 3983 1259 4038 dies
1305 4000 1491 4040 sumus
1526 3990 1826 4056 transituri,
1868 4008 1932 4047 ac

357 4077 454 4130 per
477 4078 570 4119 eos
603 4067 808 4121 cultum
839 4069 1217 4127 exhibebimus
1248 4074 1275 4127 ’ἒ
1304 4074 1619 4132 Neomenias
1645 4094 1863 4146 vestras,
1882 4096 1928 4138 et

358 4154 610 4222 Sabbata,
645 4169 695 4212 et
726 4160 860 4213 diem
892 4178 1137 4230 magnam
1163 4181 1263 4219 non
1295 4168 1423 4222 fero.
1454 4170 1535 4224 Au
1581 4188 1685 4227 non
1714 4175 1929 4243 jejuna-

355 4246 583 4302 bimus?
612 4249 716 4304 Sed
743 4249 948 4320 jejuuia
1009 4265 1189 4308 vestra
1238 4259 1352 4311 odit
1401 4262 1579 4315 anima
1607 4280 1745 4319 mea.
1787 4266 1929 4321 Reli-

353 4353 518 4407 quum
548 4351 631 4395 est
660 4342 843 4410 igitur,
868 4356 927 4397 ut
975 4361 1123 4399 more
1172 4346 1401 4405 Judaico
1441 4355 1828 4422 supplicenms,
1863 4375 1927 4413 ac

351 4429 642 4483 «calidum
662 4432 832 4502 legem
856 4448 1043 4502 preces
1070 4435 1439 4495 eﬂ‘undamus?
1458 4441 1584 4508 Sed,
1603 4447 1648 4499 si
1674 4449 1928 4519 multipli-
1961 4472 2003 4527 ι)
2035 4456 2157 4515 σθαι
2191 4461 2332 4543 κατᾲ

349 4519 589 4573 caveritis
611 4523 1071 4594 supplicationem,
1092 4545 1193 4583 non
1215 4534 1499 4587 exaudiam
1528 4553 1616 4591 vos
1641 4554 1662 4602 ,°
1696 4547 1744 4592 et
1772 4541 1818 4593 si
1834 4559 1921 4595 ea:-

350 4611 617 4666 tenderitt's
648 4631 833 4670 manus
854 4657 869 4682 ,
894 4635 999 4674 non
1030 4635 1252 4677 moveor
1271 4626 1697 4695 supplicatione;
1734 4631 1827 4686 sed
1857 4634 1926 4687 ob

347 4698 576 4756 eﬂ'usum
609 4707 923 4775 sanguinem
976 4712 1040 4766 ad
1074 4713 1207 4767 iram
1253 4729 1539 4783 provocor.
1577 4718 1714 4787 Quid
1764 4722 1925 4793 igitur

346 4790 511 4863 5.10
536 4796 691 4851 nobis
737 4797 1037 4857 faciendum
1070 4806 1199 4859 est?
1230 4806 1508 4873 Quomodo
1547 4818 1599 4866 te
1628 4790 1917 4883 propitium

348 4900 536 4941 sumus
561 4888 824 4943 reddituri
848 4892 872 4945 ἲ
897 4906 1130 4961 quonam
1168 4908 1326 4966 pacto
1361 4907 1675 4973 sanguinem
1711 4905 1921 4961 abster-

346 4980 581 5048 gemus?
610 4980 906 5049 Lavamini,
945 4988 1129 5041 mundi
1162 5001 1341 5046 estote.
1378 4993 1451 5048 lta
1497 5005 1599 5062 est,
1637 4996 1918 5067 inquiunt:

342 5071 690 5128 meminimus
718 5077 888 5141 enim,
923 5080 1051 5140 quid
1105 5080 1171 5134 de
1210 5081 1423 5139 lavacro
1449 5086 1649 5145 dixerit
1687 5089 1917 5162 Moyses.

417 5161 461 5194 “
487 5162 629 5219 Psal.
663 5183 816 5237 xxvi,
843 5169 898 5223 4.
976 5171 1018 5201 ¹¹
1051 5164 1243 5228 Matth.
1276 5190 1450 5244 xxvu,
1474 5178 1564 5234 25.

557 5279 788 5358 ςοᾴξεεε
814 5283 945 5358 duo,
985 5287 1343 5358 πρπείνοιτο.

419 5348 531 5440 (liti)
556 5348 694 5440 [fanti
727 5360 782 5440 et
813 5348 948 5440 Reg,
982 5348 1198 5439 tertius,
1242 5359 1507 5440 λούσασθε
1536 5365 1631 5440 καὶ
1671 5366 1920 5440 καθαροί.

347 5413 620 5496 Particula
649 5420 742 5496 agt
769 5423 822 5496 in
858 5413 980 5479 aliis
1008 5413 1250 5496 quinque
1283 5413 1815 5492 mss.vilesideratnr.

425 5485 639 5570 (69)_lta
671 5491 828 5570 Regii
858 5485 1084 5570 primus,
1123 5485 1312 5570 tertius
1333 5485 1921 5570 otiquartusIKlii'duo

352 5557 962 5650 Lugslbipxzalaiédtg,
1016 5557 1120 5620 etc.
1166 5568 1306 5650 Ειεξιί
1360 5557 1926 5650 (ιείιίφιὲζιίξῇ”τᾶῖίᾶ

351 5624 439 5679 διὰ
463 5626 562 5711 τὰς
592 5624 784 5711 ύλικᾷς
803 5624 1197 5711 ἀπέστρεπται.
1227 5624 1926 5711 tteg.'etiiﬁin'ié."it£.x'633

356 5712 513 5766 tuss.,
543 5696 946 5770 λατρεύσωμεν.
979 5696 1121 5762 Editi
1154 5724 1276 5764 cum
1306 5696 1489 5781 icrtio,

2077 535 2213 591 Θεοῦ
2241 540 2335 594 καὶ
2364 542 2462 615 τὴν
2491 545 2861 620 δικαιοσύνην·
2888 554 3023 609 ἀλλὰ
3052 535 3527 633 μητρὶ-σωματικὰ
3549 571 3652 624 καὶ

2075 626 2309 697 ἐπίγεια.
2340 631 2440 685 Διὰ
2466 634 2623 688 τοῦτο
2651 639 2680 691 ὁ
2699 638 2911 710 ψαλμὸς
2927 660 2940 674 ·
2963 626 3126 699 Μίαν(
3144 626 3462 720 ᾐτησάμην
3486 660 3653 725 παρὰ

2073 714 2319 785 Κυρίου,
2351 723 2577 792 ταύτην
2608 724 2859 798 ζητήσω,
2889 733 2954 786 τὸ
2984 714 3280 793 κατοικεῒῶ
3499 714 3650 811 οἴκῳ

2070 811 2311 878 Κυρίου.

2140 904 2229 960 57.
2256 909 2328 960 Αἱ
2349 907 2458 978 γὰρ
2485 910 2680 979 χεῖρες
2700 913 2866 982 ὑμῶν
2894 918 3140 986 αἵματος
3168 922 3435 991 πλήρεις.
3470 926 3647 982 Τοῦτό

2068 994 2185 1047 ἐστι
2244 997 2305 1050 τὸ
2362 999 2529 1055 αἴτιον
2587 1003 2682 1056 τοῦ
2748 1006 3183 1078 ἀποστρέφεσθαι
3250 1016 3375 1081 τοὺς
3436 1018 3645 1088 ὀφθαλ-

2071 1087 2205 1155 μοὺς
2229 1088 2323 1142 τοῦ
2351 1089 2506 1158 Θεοῦ,
2539 1094 2667 1147 ὅταν
2716 1097 3046 1155 ὲκτανθῶσιν
3077 1104 3131 1156 αἱ
3168 1107 3369 1177 χεῖρες,
3401 1087 3535 1164 διότι
3566 1112 3645 1167 τὰ

2066 1177 2164 1249 τῆς
2202 1179 2482 1254 ἱκετηρίας
2520 1184 2761 1257 σύμϐολα
2803 1192 3150 1265 παροξυσμοῦ
3194 1199 3330 1251 εἰσιν
3365 1201 3636 1272 ἀφορμαί.

2068 1267 2279 1342 Ὥσπερ
2310 1272 2376 1326 ἂν
2404 1275 2459 1327 ετ
2484 1292 2568 1339 τις
2603 1278 2717 1332 υἱόν
2745 1297 2888 1345 τινος
2922 1285 3183 1352 φονεύσας
3210 1267 3525 1362 ἀγαπητὸν,
3551 1293 3639 1347 ἔτι

2063 1360 2386 1432 ᾑμαγμένας
2423 1367 2488 1418 ὲκ
2529 1368 2623 1421 τοῦ
2667 1372 2826 1439 φόνου
2864 1373 2963 1439 τὰς
2999 1380 3182 1450 χεῖρας
3218 1360 3638 1453 ἔχωνξπροτει-

2061 1469 2142 1505 νοι
2169 1453 2279 1523 (67)
2308 1456 2478 1521 αὑτὰς
2511 1459 2589 1531 τῷ
2617 1464 2783 1534 πατρὶ
2817 1466 3213 1536 χαλεπαίνοντι,
3246 1473 3426 1541 δεξιὰν
3449 1477 3638 1546 φιλίας

2060 1545 2245 1606 αἰτῶν,
2301 1549 2394 1601 καὶ
2447 1553 2775 1626 συγγνώμην
2833 1557 2975 1629 ἔχειν
3036 1545 3491 1638 παραιτούμενοςνο
3540 1565 3633 1641 ἆρ’

2060 1637 2178 1708 οὐχὶ
2210 1640 2376 1708 φανὲν
2406 1641 2499 1695 τοῦ
2533 1644 2723 1700 τέκνου
2754 1649 2815 1702 τὸ
2851 1646 2991 1723 αἷμα
3022 1656 3081 1708 ὲν
3111 1658 3178 1728 τῇ
3204 1637 3346 1728 χειρὶ
3381 1661 3474 1715 τοῦ
3504 1637 3633 1718 παι-

2058 1726 2278 1798 δοφόνου
2320 1733 2518 1803 μᾶλλον
2549 1738 2629 1802 είς
2661 1739 2829 1813 ὀργὴν
2877 1744 2968 1799 τὸν
3010 1726 3337 1820 ἠδικημένον
3384 1753 3628 1826 ἐγείρας

2056 1820 2311 1876 Τοιαῦται
2361 1824 2455 1881 νῦν
2508 1830 2644 1884 εἰσιν
2702 1834 2754 1886 ai
2796 1834 2907 1889 τῶν
2944 1838 3209 1896 Ἰουδαίων
3262 1843 3447 1915 εὐχαὶ,
3496 1848 3631 1902 ὅταν

2053 1911 2332 1967 ἐκτείνωσι
2372 1916 2471 1981 τὰς
2516 1923 2730 1993 χεῖρας,
2780 1928 2879 1997 τῆς
2922 1928 3002 1991 είς
3043 1929 3135 1985 τὸν
3190 1911 3450 2007 μονογενῆ
3498 1937 3630 1991 Υίὸν

2052 2004 2326 2075 ἁμαρτίας
2363 2009 2883 2084 ἀναμιμνησκόντων
2925 2018 3016 2074 τὸν
3059 2019 3191 2075 Θεὸν
3239 2025 3332 2077 καὶ
3381 2004 3625 2099 Πατέρα,

2052 2095 2145 2148 καὶ
2189 2096 2309 2150 καθ’
2340 2100 2575 2171 ἑκάστην
2630 2103 2850 2161 ἔκτασιν
2900 2109 3000 2173 τὰς
3038 2114 3225 2182 χεῖρας
3272 2115 3479 2169 ἑαυτῶν
3526 2095 3628 2172 τοῦ

2049 2183 2283 2253 αἵματος
2344 2187 2437 2240 τοῦ
2498 2191 2736 2262 Χριστοῦ
2794 2194 3019 2267 πλήρεις
3070 2200 3506 2256 ἐπιδεικνύντων.
3558 2204 3628 2256 Οἱ

2051 2275 2159 2347 γὰρ
2184 2278 2532 2347 ἐπιμένοντες
2562 2286 2625 2354 τῇ
2660 2284 2933 2356 πωρώσει,
2966 2289 3067 2359 τῆς
3111 2292 3378 2363 πατρικῆς
3405 2310 3630 2363 μιαιφο-

2051 2366 2169 2430 νίας
2203 2368 2532 2441 κληρονόμοι
2581 2373 2906 2446 ὑπάρχουσι.
2948 2377 3021 2431 Τὸ
3073 2380 3182 2451 γὰρ
3228 2377 3371 2451 αἷμα
3409 2382 3624 2448 αὐτοῦ,

2050 2460 2235 2526 φασὶν,
2260 2461 2352 2529 ἐφ’
2383 2462 2559 2532 ἡμᾶς,
2592 2467 2689 2518 καὶ
2720 2468 2819 2519 ἐπὶ
2844 2469 2917 2523 τὰ
2941 2469 3123 2525 τέκνα
3147 2474 3331 2543 ἡμῶν.

2115 2552 2204 2605 58.
2235 2555 2573 2619 Λούσασθε,
2608 2560 2846 2626 καθαροὶ
2875 2560 2985 2632 (68)
3014 2562 3282 2632 ⁴χθένεσθε.
3306 2570 3468 2621 Δοκεῖ
3495 2586 3617 2633 πως

2049 2645 2355 2716 ἐναντίωμα
2387 2647 2461 2713 ὡς
2483 2649 2621 2720 πρὸς
2654 2651 2713 2703 τὸ
2741 2652 2901 2722 ῥητὸν
2924 2655 2954 2707 ό
2985 2654 3142 2725 λόγος
3160 2657 3301 2729 ἔχειν
3331 2662 3427 2713 καὶ
3454 2662 3623 2714 οἱονεὶ

2046 2734 2395 2806 ψευδολογίαν
2420 2741 2544 2794 τινὰ
2566 2740 2658 2794 τοῦ
2688 2741 2822 2795 Θεοῦ
2856 2752 3200 2817 κατηγορεῖν.
3223 2748 3358 2804 Εἶπε
3386 2751 3516 2824 γὰρ,
3536 2753 3622 2807 ὅτι

2042 2828 2251 2881 Οὐκέτι
2272 2830 2483 2898 ἀνήσω
2526 2832 2632 2898 τὰς
2681 2834 2968 2905 ἁμαρτίας
2999 2840 3166 2909 ὑμῶν
3185 2860 3199 2872 ·
3230 2844 3322 2896 καὶ
3347 2844 3429 2910 τὸ,
3476 2846 3624 2900 Ἐὰν

2046 2920 2390 2987 πληθύνητε
2422 2920 2537 2989 τὴν
2561 2923 2792 2991 δέησιν,
2828 2930 2940 2982 οὐκ
2971 2933 3397 3003 είσακούσομαι
3424 2935 3617 3006 ὑμῶν.

2045 3006 2159 3061 Νῦν
2195 3009 2270 3072 ὡς
2294 3011 2524 3082 ἰασίμων
2555 3014 2722 3070 ὄντων
2754 3019 2997 3083 ἐκείνων,
3046 3026 3379 3089 Λούσασθε,
3436 3033 3621 3085 καθα-

1968 3136 2013 3197 e
2037 3099 2156 3166 ροὶ,
2190 3101 2341 3169 φησι,
2378 3102 2642 3172 γένεσθε.
2680 3108 2798 3162 Ὅτι
2828 3111 2885 3164 ἐν
2916 3112 3012 3183 μὲν
3035 3117 3145 3178 τοῖς
3170 3116 3280 3169 ἄνω
3311 3118 3371 3171 τὸ
3415 3120 3619 3174 ἀδύναο

2042 3204 2130 3240 τον
2178 3189 2267 3242 τοῦ
2318 3191 2486 3262 νόμου
2532 3196 2612 3259 είς
2645 3200 2916 3270 σωτηρίαν
2958 3205 3072 3267 τοῖς
3111 3204 3457 3278 βουλομένοις
3490 3211 3615 3263 κατ’

2038 3278 2199 3333 αὐτὸν
2234 3281 2379 3350 βιοῦν
2407 3283 2767 3357 ἀπελέγχεται
2790 3308 2801 3319 ·
2828 3292 2884 3344 ὲν
2904 3292 3111 3358 τούτοις
3128 3296 3184 3348 δὲ
3208 3297 3369 3368 ἑτέρα
3388 3298 3506 3363 ὁδὸς
3534 3303 3619 3364 είς

2040 3372 2308 3441 σωτηρίαν
2323 3373 2613 3432 δείκνυται.
2649 3380 2882 3436 Κάκεῖνο
2904 3384 3003 3454 μὲν
3025 3386 3205 3440 ἀθετεῖ
3224 3389 3321 3459 τὴν
3351 3391 3491 3444 κατὰ
3521 3391 3616 3444 τὸν

2035 3461 2167 3515 Μωῦ
2177 3463 2311 3527 σέως
2326 3466 2487 3537 νόμον
2503 3470 2763 3543 αἰσθητὴν
2782 3474 3073 3530 πολιτείαν·
3089 3477 3249 3532 τοῦτο
3264 3480 3321 3533 δὲ
3336 3481 3437 3550 τῆς
3452 3482 3621 3550 εύαγκ

2034 3552 2256 3625 γελικῆς
2288 3554 2433 3629 ζωῆς
2460 3560 2560 3624 τὰς
2591 3562 2764 3635 ἀρχὰς
2792 3565 3184 3623 ὑποδείκνυσιν.
3223 3571 3361 3626 Ἐὰν
3391 3573 3616 3642 φέρητε

2031 3828 2234 3893 λομαι.
2268 3828 2332 3880 Τί
2362 3825 2454 3882 οὖν
2501 3832 2845 3904 ποιήσωμεν;
2880 3837 2932 3888 τί
2980 3839 3463 3909 προσενέγκωμεν;
3511 3842 3608 3913 Μὴ

2031 3916 2189 3986 τάχα,
2214 3916 2302 3969 διὰ
2328 3918 2387 3970 τὸ
2407 3918 2506 3983 τὰς
2525 3920 2716 3986 ὑλικὰς
2741 3925 3119 3997 ἀπεστράφθαι
3149 3927 3603 3999 (69).θεραπείας,

2031 4005 2122 4058 ἐπὶ
2152 4007 2250 4069 τὰς
2295 4009 2484 4080 ἑορτὰς
2538 4013 2884 4084 μεταϐῶμεν,
2916 4016 3004 4070 διὰ
3051 4018 3255 4074 τούτων
3306 4020 3604 4091 λατρεύσο-

2034 4113 2165 4164 μεν;
2212 4099 2320 4164 Τὰς
2345 4105 2666 4172 νεομηνίας
2694 4105 2887 4174 ὑμῶν,
2936 4109 3032 4163 καὶ
3066 4111 3139 4164 τὰ
3178 4111 3465 4176 Σάϐϐατα,
3502 4115 3607 4169 καὶ

2030 4184 2258 4254 ἡμέραν
2273 4192 2547 4260 μεγάλην
2564 4197 2673 4248 οὐκ
2705 4196 3012 4267 ἀνέχομαι.
3049 4202 3255 4255 Οὐκοῦν
3287 4204 3603 4273 νηστεύσω-

2033 4294 2165 4346 μεν;
2209 4278 2369 4335 Ἀλλὰ
2398 4283 2495 4347 τὰς
2520 4287 2773 4356 νηστείας
2808 4289 2960 4359 ὑμῶν
3003 4294 3152 4362 μισεῖ
3197 4296 3227 4364 ἡ
3279 4296 3424 4368 ψυχή
3471 4315 3598 4367 μου.

2041 4368 2356 4425 ’Υπόλοιπον
2380 4371 2472 4428 οὖν
2508 4378 2768 4432 ἱκετεύειν
2804 4381 3127 4450 Ἰουδαϊκῶς,
3174 4387 3266 4439 καὶ
3300 4389 3598 4460 προσεύχε-

2384 4464 2474 4517 τὸν
2526 4467 2716 4538 νόμον;
2766 4471 2926 4525 Ἀλλ’
2957 4473 3065 4527 ἑὰν
3109 4479 3454 4545 πληθὺνητε
3486 4481 3602 4550 τὴν

2031 4547 2266 4617 δέησιν,
2311 4557 2420 4609 οὐκ
2452 4560 2881 4632 είσακούσομαι
2931 4564 3128 4635 ὑμῶν·
3161 4570 3259 4622 καὶ
3284 4570 3392 4643 em;
3420 4547 3602 4626 ἐκτεί-

2028 4659 2172 4711 νητε
2205 4644 2310 4712 τὰς
2340 4648 2566 4718 χεῖρας,
2597 4653 2656 4705 ού
2681 4654 3034 4727 δυσωποῦμαι
3073 4661 3171 4731 τὴν
3201 4662 3428 4728 ἱκεσίαν,
3460 4665 3601 4720 ἀλλὰ

2026 4734 2395 4808 παροξύνομαι
2428 4741 2520 4794 ἐπὶ
2545 4743 2622 4814 τῷ
2650 4746 2858 4815 αἵματι.
2893 4749 2958 4801 Τί
2986 4746 3078 4803 οὖν
3104 4755 3414 4825 ποιήσωμεν
3434 4774 3448 4819 ;
3471 4758 3597 4821 Πῶς

2025 4840 2085 4876 σε
2110 4825 2473 4899 ἰλεωσόμεθα;
2504 4832 2623 4897 πῶς
2648 4836 2709 4887 τὸ
2725 4832 2861 4907 αἷμα
2885 4841 3257 4915 ἀπονιψόμεθα
3280 4847 3411 4915 (70);
3442 4852 3563 4903 Λού
3579 4880 3595 4890 ·

2026 4921 2239 4983 σασθε,
2262 4923 2507 4990 καθαροὶ
2530 4926 2797 4991 γένεσθε.
2816 4931 2943 4998 Ναὶ,
2964 4936 3115 5004 φησί’
3143 4940 3465 5009 μεμνήμεθα
3488 4944 3596 5015 γὰρ

2029 5007 2271 5080 Μωῦσῆς
2287 5012 2338 5065 τί
2353 5009 2473 5067 εἶπε
2493 5018 2622 5088 περὶ
2638 5017 2883 5090 λουτροῦ.
2903 5023 2960 5077 Ὁ
2985 5024 3095 5096 γὰρ
3123 5007 3418 5099 ἁψάμενος,
3438 5007 3592 5104 φησί,

2027 5100 2177 5165 τινὸς
2198 5102 2304 5157 τῶν
2339 5105 2683 5180 ἀκαθάρτων,
2725 5114 2819 5164 καὶ
2858 5116 3123 5184 μιανθεὶς,
3149 5120 3339 5175 πλυνεῖ
3366 5122 3433 5176 τὰ
3452 5100 3573 5194 Τίμα

2025 5302 2181 5376 Alter
2194 5316 2332 5376 _m_s._,
2353 5301 2719 5376 λατρεύωμεν.
3399 5350 3410 5363 .

2098 5371 2213 5451 (7Q)
2238 5371 2402 5451 Etim,
2427 5371 2783 5451 ἄπονίῷομεν.
2806 5379 2875 5432 At
2909 5382 3150 5451 quinque
3200 5400 3357 5451 mss.,
3404 5388 3595 5445 ἀπονι-

2027 5440 2260 5527 είσόμεθαἐ
2290 5440 2696 5527 Βρεκρςῇιηὺξζ
2743 5440 3152 5527 ἀπονιψὼμεθα.
3196 5440 3593 5526 ιωπὼᾏᾱεὶί,

2028 5510 2292 5585 λούσασθε
2337 5510 2464 5585 καί.
2488 5510 2743 5573 Voculam
2773 5519 2869 5572 καί
2905 5510 3092 5575 deesse
3139 5524 3193 5577 in
3228 5527 3413 5582 multis
3448 5510 3590 5585 ags:

2024 5582 2135 5651 jam
2172 5583 2501 5667 notavimus;
2547 5585 2753 5667 Rursus
2790 5587 2899 5667 .hoc
2953 5590 3168 5667 ipso_in
3186 5593 3313 5667 loco
3360 5582 3591 5667 quatuor

2032 5653 2543 5732 ηιξε...μεμνήμεθα
2569 5656 2676 5728 γὰρ
2709 5656 2828 5732 καί.
2862 5653 3026 5732 Deest
3041 5660 3148 5732 γάρ
3185 5664 3235 5721 in
3265 5653 3448 5724 editis.
3469 5653 3592 5727 ubi

1976 5729 1988 5742 °
2027 5734 2057 5774 e
2080 5720 2299 5778 duobus
2321 5720 2451 5780 mss.
2482 5720 2662 5781 vocem
2696 5726 2828 5799 φησί
2853 5720 3176 5789 addidimus.
