3828 6216
163 299 253 357 195
1005 295 1357 355 COMMENT.
1397 297 1467 355 IN
1505 297 1633 355 lSA]

1783 296 2227 356 PROPHETAM.
2267 298 2425 359 CAP.
2465 302 2509 360 Ι.
3269 310 3374 369 τοι

158 431 255 479 vta,
285 415 374 468 καὶ
401 411 643 466 λούσεται
667 413 728 465 τὸ
757 411 919 485 σῶμα
935 412 1108 480 ὕδατι,
1140 415 1235 469 καὶ
1254 415 1494 488 καθαρὸς
1528 413 1633 467 ἔστι

1804 411 1904 479 Qui
1957 414 2122 479 enim,
2159 414 2355 484 inquit,
2406 412 2647 484 tetigerit
2692 413 2967 486 quidpiam
3021 429 3207 474 eorum
3253 430 3376 489 qua

170 506 282 562 Ἀλλ’
309 506 402 559 οὐκ
429 502 545 558 εἷπε
564 523 577 535 ·
603 503 880 558 Δούσασθε
902 507 988 575 ἐφ’
1014 507 1227 576 ἑκάστῳ
1262 505 1542 577 μολυσμῷ,
1565 507 1631 559 ἀλ

1800 505 2074 559 immunda
2097 514 2243 570 sunt,
2262 515 2317 560 et
2339 505 2574 576 pollutus
2603 505 2787 575 fuerit,
2801 506 3004 562 lavabit
3028 509 3373 577 vestimenta,

157 600 447 654 Λούσασθε
487 597 643 667 μόνον
669 596 802 667 (71).
825 596 920 650 Ἐν
950 596 1254 668 βάπτισμα,
1282 597 1378 668 μία
1409 597 1633 669 κάθαρσι

1797 605 1851 650 et
1885 595 2146 650 lavabitur
2173 612 2368 666 corpus
2395 612 2559 667 aqua,
2588 605 2642 652 et
2668 603 2900 653 mundus
2921 598 3045 654 erit.
3077 599 3240 669 Atqui
3266 616 3372 656 non

166 688 294 741 Ἐκεῖ
321 685 587 740 πλυνεῖτά
622 685 832 755 ίμάτια,
863 687 956 739 καὶ
978 685 1226 741 λούσεται
1252 687 1315 740 τὸ
1342 689 1498 759 σῶμα
1523 687 1633 742 ύδαπ

1796 686 2275 742 dixit:Lavamini
2333 687 2404 743 ob
2452 704 2890 759 unamquamque
2943 690 3370 757 immunditiam,

155 776 361 830 ἐνταῦθα
392 777 614 844 ἀφέλετε
645 775 743 841 τὰς
772 778 1054 848 πονηρίας,
1088 779 1210 850 ούχὶ
1246 779 1340 831 τὸν
1373 778 1563 849 ῥύπον,
1588 780 1633 832 de

1797 778 1889 831 sed
1925 788 2130 833 tantum
2156 778 2450 835 Lavamini.
2480 780 2755 847 Baptisma
2782 796 2971 847 unum,
3018 798 3124 837 una
3174 796 3376 853 purga-

151 871 244 923 τῶν
268 868 467 939 ψυχῶν,
498 870 598 922 οὐκ
650 870 759 923 ἀπὸ
785 869 893 924 τῶν
929 872 1181 941 ἱματίων.
1224 872 1438 943 Μηκέτι
1474 889 1627 943 περιε

1798 870 1891 925 ιίο.
1944 870 2056 926 lllic
2103 870 2304 927 lavabit
2363 874 2703 937 vestimenta,
2744 883 2801 927 et
2855 873 3127 928 lavabitur
3176 888 3372 944 corpus

150 961 296 1029 γάζου
328 960 533 1014 λίὸανον
568 961 659 1014 καὶ¹
690 961 963 1035 χαλϐάνην
996 965 1090 1017 καὶ
1124 962 1290 1033 ὄνυχα
1313 964 1407 1016 καὶ
1435 963 1633 1034 στακτὴ

1796 977 1932 1031 aqua
1955 964 1996 993 ²¹
2020 980 2035 1019 :
2057 964 2145 1018 hic
2174 963 2381 1020 auferte
2399 965 2687 1034 nequitias,
2713 980 2818 1019 non
2840 965 3052 1027 sordes,
3084 965 3374 1019 abanima-

153 1053 325 1124 μηκέτι
355 1054 608 1125 ἀναζήτει
654 1055 884 1125 δάμαλιν
918 1054 1162 1127 ἀκριϐῶς
1208 1058 1444 1127 πυρρὰν,
1479 1057 1554 1120 ὡς
1590 1075 1628 1128 μ

1793 1053 1913 1119 bus,
1944 1069 2047 1109 non
2086 1070 2114 1108 a
2139 1057 2499 1110 vestimentis.
2536 1055 2653 1110 Non
2695 1057 2923 1125 amplius
2967 1056 3165 1120 thuris,
3189 1056 3373 1125 galba-

147 1146 314 1216 δεμίαν
364 1146 522 1219 ἄλλην
562 1148 686 1200 τινὰ
721 1148 889 1219 χρόαν
934 1149 1112 1219 ἔχειν,
1164 1148 1231 1212 ἃς
1267 1151 1417 1220 τρεῖς
1466 1148 1617 1219 μόλις

1794 1145 1869 1209 ni,
1894 1147 2140 1217 onychis,
2175 1155 2229 1199 et
2254 1155 2456 1201 stantes
2496 1157 2748 1217 satagas,
2795 1164 2899 1202 non
2934 1149 3047 1216 jam
3081 1148 3366 1216 juvencam

150 1236 346 1306 σύμπας
384 1236 571 1308 χρόνος
618 1240 717 1306 τῆς
767 1239 999 1308 νομικῆς
1042 1238 1298 1308 λατρείας
1328 1239 1545 1310 ἤνεγκε.
1599 1241 1633 1291 Il‘

1793 1234 2036 1305 inquiras
2066 1253 2288 1306 prorsus
2327 1238 2522 1302 rufam,
2572 1240 2709 1293 adeo
2743 1247 2801 1293 ut
2842 1239 3045 1293 nullum
3073 1240 3238 1294 alium
3272 1240 3371 1294 ba—

147 1325 345 1395 νήστευε
402 1324 723 1388 Ἰουδαϊκῶς.
783 1327 874 1397 Μὴ
938 1326 1228 1396 ἐμποδίζοι)
1284 1325 1397 1397 (ἷὲ)
1456 1328 1513 1378 ἐν
1568 1344 1633 1378 τα

1791 1325 1914 1379 beat
1946 1327 2206 1392 colorem,
2240 1330 2426 1408 quales
2455 1341 2564 1384 tres
2603 1340 2771 1385 totum
2801 1331 2977 1386 cultus
3010 1332 3197 1401 legalis
3227 1341 3366 1386 tem-

146 1416 357 1484 ἀργίαις.
411 1417 563 1479 Ἐνὸς
608 1435 688 1470 σοι
725 1419 882 1489 χρεία
935 1416 1107 1471 ἁπλοῦ
1160 1418 1254 1472 καί
1290 1418 1577 1487 συντόμου,
1627 1439 1633 1465 l

1791 1430 1890 1483 pus
1913 1418 2001 1470 vix
2042 1420 2179 1472 tulit.
2218 1419 2295 1474 Ne
2324 1421 2534 1491 jejunes
2558 1421 2782 1478 Judaico
2803 1424 2930 1476 ritu.
2950 1422 3027 1478 Ne
3056 1432 3106 1479 te
3128 1424 3367 1493 implices

146 1508 274 1558 αὐτοὶ
297 1508 449 1576 ὑμεῖς
469 1511 593 1560 ἐστε
625 1508 822 1579 κύριοι.
860 1509 924 1561 Τί
970 1504 1064 1562 οὖν
1095 1512 1210 1562 ἐστι
1242 1509 1428 1574 τοῦτο;
1461 1510 1633 1563 Mdﬂs:

1791 1507 1843 1559 in
1876 1508 2003 1560 otio.
2040 1507 2117 1561 lle
2153 1524 2257 1563 una
2286 1510 2518 1578 simplici
2553 1527 2617 1566 ac
2652 1513 3055 1582 compendiaria
3095 1527 3231 1582 opus
3268 1512 3366 1568 tibi

144 1595 315 1647 καλὸν
348 1596 555 1650 ποιεῖν.
589 1591 665 1649 Ob
704 1597 985 1661 παντελῶς
1010 1597 1105 1651 νῦν
1138 1597 1380 1660 ἀπειθῶς
1410 1598 1504 1651 καὶ
1524 1600 1633 1653 ἀπα

1788 1604 1890 1660 est,
1922 1611 2044 1665 qua:
2076 1612 2237 1665 penes
2269 1614 2365 1653 vos
2387 1599 2651 1667 est.’Quid
2680 1602 2892 1655 tandem
2919 1611 2999 1656 est
3029 1601 3366 1673 hoc?(vt-:ns.

142 1685 319 1750 δεύτως
336 1685 502 1756 ἔχετε.
540 1687 693 1740 Ἐπεὶ
721 1684 815 1741 οὖν
831 1686 1074 1741 διδακτὸν
1096 1687 1158 1740 τὸ
1180 1687 1363 1752 καλὸν,
1389 1691 1418 1741 ὁ
1444 1688 1502 1741 δὲ
1524 1690 1633 1760 νόμ‹

1790 1684 1916 1755 17.)
1954 1685 2149 1740 Discite
2206 1688 2396 1742 bonum
2446 1689 2641 1757 facere.
2685 1689 2782 1744 Cui
2831 1699 3100 1759 praecepto
3146 1703 3369 1759 prorsus

142 1778 267 1847 ὑμᾶς
296 1779 517 1848 (73)οὐκ
546 1779 783 1844 ἐδίδαξεν
818 1779 1160 1850 (ἐκδέὸληται
1185 1779 1294 1851 γὰρ
1325 1779 1486 1834 αὐτοῦ
1516 1780 1591 1845 ὡς
1621 1798 1633 1833 ι

1787 1793 1929 1833 nunc
1953 1778 2178 1834 rebelles
2208 1781 2357 1844 estis,
2392 1780 2668 1849 ipsiusque
2704 1780 2836 1836 estis
2873 1783 3057 1836 rudes.
3094 1781 3228 1849 Quia
3265 1781 3366 1852 igi-

142 1868 265 1922 καλά
294 1868 359 1922 τὰ
405 1869 754 1940 διδάγματα),
786 1871 938 1924 πᾶσα
979 1871 1190 1941 ἀνάγκη
1236 1870 1453 1937 λοιπὸν,
1501 1873 1593 1924 ἐπὶ
1626 1890 1633 1904 ι

1787 1876 1878 1921 tur
1920 1868 2115 1923 bonum
2170 1870 2412 1925 doctrina
2460 1880 2637 1942 potest
2675 1872 3004 1942 comparari,
3038 1886 3138 1927 nec
3182 1881 3363 1926 tamen

140 1957 462 2026 ιύαγγελικδν
513 1959 882 2013 διδασκαλεῖον
925 1961 1277 2028 καταφυγεῖν.
1331 1958 1537 2031 Νόησὸν
1595 1977 1633 2029 μ

1786 1959 1868 2015 lex
1908 1977 2003 2017 vos
2042 1963 2225 2018 docuit
2260 1963 2407 2034 (nam
2453 1966 2770 2019 documenta
2816 1963 2932 2033 ejus
2967 1975 3221 2033 tanquam
3255 1976 3360 2017 non

138 2047 222 2117 τὴν
253 2047 462 2118 μέθοδον
491 2050 593 2120 τῆς
626 2050 942 2120 οἰκονομίας
981 2049 1075 2103 τοῦ
1110 2050 1269 2119 λόγου
1307 2050 1416 2105 ἀπὸ
1473 2051 1633 2103 ὐποδε

1784 2055 1921 2108 bona
1955 2056 2235 2125 repudiata
2259 2057 2427 2127 sunt),
2454 2065 2563 2111 tum
2593 2058 2804 2111 demum
2837 2057 2904 2110 ad
2928 2057 3168 2111 scholam
3190 2069 3363 2110 evand-

139 2155 322 2208 γματος
335 2140 616 2211 ἐναργοῦς.
641 2141 818 2194 Ἔστω
843 2158 928 2204 τις
947 2140 1055 2193 τῶν
1077 2141 1378 2194 πολυτελῶν
1395 2143 1490 2195 καὶ
1519 2141 1633 2194 πλοι

1783 2146 2005 2216 gelicam
2046 2146 2341 2215 confugere
2391 2163 2621 2205 necesse
2669 2158 2754 2203 est
2790 2149 3033 2202 omnino.
3079 2148 3358 2201 Rationem

140 2226 268 2292 σίων,
297 2230 386 2283 καὶ
401 2231 467 2284 τὰ
488 2229 1013 2303 παρασκευασθέντα
1038 2230 1186 2301 αύτῷ
1202 2231 1421 2286 ποικίλα
1453 2232 1519 2285 τά
1547 2233 1633 2303 arpi

1783 2253 1885 2307 qua
1937 2239 2155 2292 verbum
2202 2239 2568 2308 dispensatur,
2618 2255 2682 2295 ex
2719 2239 2866 2294 claro
2896 2236 3146 2307 exemplo
3199 2235 3357 2290 velim

134 2318 219 2389 τὴν
249 2320 448 2376 δίαιταν
469 2340 482 2351 ·
512 2322 686 2393 ἐχέτω
709 2322 766 2375 δὲ
793 2316 945 2386 οὗτος
967 2323 1105 2395 πρὸς
1145 2324 1243 2394 μὲν
1267 2323 1337 2376 τά
1362 2324 1523 2400 λοιπὰ
1564 2324 1625 2376 δυ

1783 2330 2053 2386 advertas.
2082 2331 2162 2385 Sit
2188 2333 2452 2402 quispiam
2476 2347 2662 2387 eorum
2689 2333 2779 2400 qui
2808 2334 3054 2400 ingentes
3085 2331 3359 2399 impensas

135 2412 384 2481 αρέστως,
430 2413 572 2483 πρὸς
603 2411 661 2466 ἓν
704 2413 761 2466 δὲ
811 2414 970 2485 μόνον
1020 2415 1374 2486 ἐπιτηδείωςο
1404 2411 1520 2468 εἶτα
1558 2434 1629 2469 κα

1783 2418 2011 2487 faciunt,
2039 2420 2372 2493 allluuntque
2418 2424 2640 2487 divitiis,
2672 2423 2759 2478 cui
2802 2422 2966 2475 multa
2994 2436 3059 2475 ac
3103 2420 3251 2473 varia
3290 2415 3360 2473 ad

135 2503 334 2558 ἕκαστον
360 2506 507 2576 αὐτῷ
538 2506 646 2560 τῶν
676 2506 987 2577 ἀϐουλήτων
1021 2508 1499 2579 ἀποπεμπομένων
1535 2510 1633 2581 (74,

1781 2510 1980 2565 victum
2011 2523 2350 2582 apponantur
2378 2530 2393 2568 :
2422 2515 2510 2570 hic
2535 2526 2737 2579 autem,
2766 2523 3028 2584 quantum
3065 2512 3133 2566 ad
3159 2521 3357 2566 Cretera

134 2596 201 2656 εἰς
235 2597 469 2669 ἀνάγκην
513 2597 696 2666 ἀγέτω
745 2598 872 2661 τοὺς
920 2598 1318 2670 θεραπεύοντας
1372 2603 1451 2664 είς
1506 2603 1633 2654 ἐκεῖπ

1782 2605 1995 2671 attinet,
2029 2605 2312 2661 fastidiose
2341 2606 2413 2661 sit
2448 2608 2650 2673 animo,
2679 2615 2733 2660 et
2756 2621 2879 2661 esca
2915 2607 3071 2658 unica
3098 2604 3362 2657 duntaxat

133 2685 284 2742 ἐλθεῖν
312 2689 370 2741 τὸ
397 2688 542 2741 κατὰ
594 2688 755 2757 φύσιν
804 2687 1169 2754 λανθανόντως
1214 2690 1633 2763 ἐπιζητούμενον

1780 2694 2060 2749 commode
2087 2707 2338 2750 vescatur
2373 2712 2387 2749 :
2426 2696 2618 2752 deinde
2659 2697 2885 2767 singulis
2909 2712 3031 2766 qua:
3058 2695 3108 2749 ei
3137 2710 3243 2748 non
3273 2709 3353 2749 sa-

132 2777 253 2831 οὕτω
277 2781 365 2834 καὶ
390 2780 486 2833 νῦν
499 2780 723 2833 πάντων
745 2778 942 2851 ἐφεξῆς
966 2781 1194 2850 ἐκϐεόλη
1203 2781 1375 2853 μένων
1405 2782 1513 2836 τῶν
1526 2801 1628 2853 νομ

1779 2786 1967 2855 piunt,
2001 2786 2252 2855 rejectis,
2313 2788 2542 2843 farnulos
2586 2804 2652 2843 eo
2693 2788 3038 2844 necessitatis
3075 2787 3275 2856 adigat,
3301 2792 3356 2839 ut

133 2868 245 2931 κῶν,
276 2870 587 2937 ἀναγκαίως
619 2871 652 2940 ἡ
680 2869 963 2940 παραδοχὴ
1002 2870 1095 2923 τοῦ
1126 2868 1459 2939 Εύαγγελίου
1510 2888 1633 2925 κατε

1779 2876 1848 2929 ad
1874 2876 2003 2931 illud
2027 2879 2168 2947 quod
2198 2878 2518 2933 naturaliter
2545 2889 2600 2933 et
2619 2878 2830 2933 occulte
2857 2878 3165 2947 expetebat,
3197 2875 3359 2929 deve-

134 2959 441 3023 σκευάζεται.
473 2961 814 3015 Λούσασθε.
841 2961 950 3013 Καὶ
974 2960 1028 3013 τί
1050 2961 1110 3013 τὸ
1162 2961 1388 3033 κέρδος;
1422 2963 1541 3017 Ἵνα
1570 2980 1633 3016 κα

1781 2969 1968 3023 niant:
1997 2972 2244 3025 eumdem
2275 2971 2341 3024 ad
2371 2972 2584 3025 modum
2627 2972 2791 3026 etiam
2822 2984 2964 3023 nunc
3003 2966 3252 3022 omnibus
3278 2964 3356 3018 le-

133 3050 264 3122 θαροὶ
289 3051 543 3123 γένησθε.
585 3053 680 3114 Εἰς
721 3052 775 3105 τί
819 3053 875 3105 δὲ
913 3053 1071 3124 χρεία
1118 3053 1522 3126 καθαρότητος;
1559 3057 1633 3108 "Iv

1778 3058 1985 3128 galibus
2006 3061 2198 3116 ordine
2230 3062 2466 3131 rejectis,
2514 3063 2821 3118 necessarie
2849 3060 3129 3130 Evangelii
3177 3059 3359 3151 aditur

128 3145 206 3196 τὸν
231 3147 353 3199 θεὸν
382 3146 555 3218 ἴδητε.
585 3142 714 3217 τΑρ’
743 3142 835 3200 οὖν
870 3144 1091 3219 ἐξαρκεῖ
1115 3147 1448 3218 λουσάμενόν
1487 3165 1556 3220 με
1580 3167 1633 3202 κε

1780 3156 2070 3224 susceptio.
2090 3154 2384 3211 Lavamini.
2407 3157 2607 3226 Ecquid
2624 3156 2755 3210 lucri
2773 3156 2795 3209 ?
2815 3155 2880 3211 Ut
2900 3142 3352 3212 mundievadatis,

129 3231 209 3302 τὴν
235 3235 319 3287 ἐπὶ
348 3238 459 3299 τοῖς
483 3235 773 3306 προτέροις
813 3234 1045 3289 λαϐόντα
1089 3235 1436 3309 συγχώρησιν
1467 3240 1633 3310 ἡσυχό

1779 3244 1917 3310 Quid
1947 3258 2125 3301 autem
2161 3247 2423 3302 munditia
2454 3262 2591 3317 opus
2624 3256 2708 3302 est
2741 3247 2762 3299 τ
2799 3245 2865 3301 Ut
2897 3245 3062 3300 Deum
3101 3243 3353 3298 videatis.

130 3325 306 3401 ζεινςῆ
336 3347 477 3394 τινος
509 3329 611 3383 καὶ
644 3329 830 3402 ἑτέρου
851 3329 1041 3402 χρείας

1778 3333 1996 3391 Satisne
2037 3337 2199 3408 igitur
2247 3336 2408 3393 fuerit
2465 3338 2706 3393 ablutum
2755 3352 2840 3392 me
2883 3351 3003 3392 esse
3047 3344 3102 3391 et
3136 3344 3353 3402 accepta

1776 3424 2016 3494 priorum
2053 3426 2370 3482 delictorum
2414 3427 2566 3482 venia
2609 3427 2664 3482 in
2704 3426 2814 3483 otio
2851 3424 3090 3496 degere?
3115 3439 3183 3479 an
3209 3421 3353 3477 aliud

1774 3518 2060 3588 quicquam
2103 3520 2399 3589 requiritur
2423 3519 2447 3573 ί

184 3588 262 3643 59.
319 3590 589 3661 Ἆφέλετε
636 3592 744 3658 τὰς
786 3597 1080 3665 πονηρίας
1129 3597 1249 3652 ἀπὸ
1291 3598 1412 3655 τῶν
1456 3602 1633 3672 urva

1843 3611 1933 3666 59.
1966 3588 2193 3679 ΑιιῙετιε
2212 3610 2445 3665 malitias
2473 3626 2538 3665 ex
2571 3609 2847 3665 animabus
2871 3610 3056 3664 vestris
3083 3609 3149 3662 ab
3183 3607 3352 3663 oculis

311 3683 599 3773 ἀπέναντι
638 3683 756 3738 τῶν
791 3687 1114 3758 ὀφθαλμῶν
1148 3708 1291 3759 μου.
1328 3692 1406 3745 ’Ἥ
1436 3694 1533 3764 μὲν
1564 3693 1633 3764 γά

1776 3705 1922 3758 meis.
1978 3702 2305 3773 Expurgatio
2346 3704 2564 3773 quidem
2612 3717 2732 3773 quae
2780 3716 2875 3770 per
2904 3704 3177 3757 lavacrum
3207 3703 3284 3768 lit,
3314 3717 3347 3756 ιι

127 3768 199 3823 διὰ
221 3769 432 3842 λουτροῦ
454 3772 729 3845 κάθαρσις
751 3775 851 3845 τῆς
877 3777 1282 3850 φιλανθρωπίας
1310 3781 1542 3854 ἤρτηται
1576 3801 1633 3838 το

1776 3795 1982 3849 Domini
2017 3768 2141 3865 erga
2163 3768 2273 3849 vnos
2297 3768 2916 3864 benignitate—dependet
2945 3809 2958 3845 :
2982 3795 3075 3849 sed
3110 3810 3233 3849 cum
3259 3809 3349 3850 ne-

126 3863 393 3956 tlsoftzbcou'
426 3867 460 3937 ή
506 3865 567 3920 δὲ
613 3866 714 3937 τῆς
757 3870 1020 3940 πονηρίας
1053 3871 1314 3937 ἀπόθεσις
1360 3874 1522 3945 ἔργον
1569 3877 1633 3948 τῆ

1776 3887 1938 3955 quitia
1979 3863 2289 3956 deponitur,
2337 3888 2386 3942 id
2444 3897 2641 3942 nostra!
2682 3863 2922 3954 ipsorum
2969 3885 3260 3956 diligentiae
3283 3900 3347 3941 ac

127 3954 260 4025 ἡμῶν
285 3958 459 4012 αὐτῶν
507 3958 829 4030 ἐπιμελείας
878 3962 1043 4017 ἐστίν.
1084 3965 1201 4019 Ἵνα
1227 3965 1385 4037 δὲμὴ
1420 3968 1555 4039 μόνῃ
1600 3986 1631 4022 τ

1776 3954 1912 4032 certe
1939 3954 2163 4032 effectus
2193 3986 2294 4032 est.
2326 3977 2594 4032 Caeterum
2640 3990 2711 4030 ne
2758 3974 2812 4029 in
2844 3972 2959 4030 sola
2993 3974 3192 4029 lavacri
3219 3990 3346 4045 gra-

126 4048 215 4100 ἀπὺ
236 4049 322 4103 τοῦ
353 4050 583 4123 λουτροῦ
605 4050 790 4121 χάριτι
822 4054 1205 4121 ἐπελπίζοντες
1234 4057 1366 4128 (75),
1400 4060 1633 4133 ἀπρακτι

1776 4068 1843 4122 tia
1878 4081 2026 4137 spem
2080 4076 2374 4137 ponentes,
2412 4067 2663 4121 mandata
2713 4079 2818 4120 non
2868 4065 3346 4134 perﬁciamus,id-

127 4138 368 4212 μείνωμεν
398 4143 506 4196 ἀπὸ
536 4143 651 4197 τῶν
693 4145 940 4211 ἐντολῶν,
985 4147 1073 4201 διὰ
1116 4148 1275 4202 τοῦτο
1312 4150 1633 4206 ἐπισυνάπτε

1776 4160 1914 4213 circo
1953 4173 2168 4213 omnem
2206 4160 2330 4213 vitae
2374 4159 2637 4213 rationem
2682 4156 2844 4212 simul
2876 4155 3100 4227 jungit:
3129 4156 3345 4225 Auferte

123 4233 276 4287 πᾶσαν
296 4233 386 4287 τοῦ
416 4234 532 4305 βίου
582 4236 684 4308 τὴν
733 4241 1073 4311 συναγωγήν⁸
1119 4240 1397 4310 Ἀφέλετε
1425 4242 1532 4309 τὰς
1558 4258 1633 4297 πο

1776 4251 1997 4304 malitias
2039 4267 2105 4305 ea:
2131 4251 2374 4305 cordibus
2416 4252 2619 4305 uestris.
2657 4249 2850 4304 Tollite
2886 4249 3038 4325 velut
3084 4248 3343 4318 radicitus

122 4324 304 4416 ςιιρίας
346 4326 464 4416 dare
495 4324 622 4416 τῶν
656 4327 912 4397 καρδιῶν
939 4330 1049 4400 (76)
1076 4331 1264 4402 ὑμῶν.
1305 4335 1483 4388 Οίονεὶ
1515 4337 1633 4408 ἐκρι

1776 4358 1797 4396 a
1828 4353 2005 4398 mente
2049 4343 2220 4399 malas
2270 4343 2644 4416 cogitationes,
2676 4353 2736 4397 ut
2782 4324 2955 4412 neque
3007 4355 3338 4405 sermonem,

122 4410 303 4474 ζὼσατε
333 4414 437 4468 ἀπὸ
459 4414 557 4468 τοῦ
588 4417 915 4487 ἡγεμονικοῦ
942 4418 1041 4483 τάς
1064 4421 1306 4493 πονηρὰς
1333 4423 1562 4487 ἐννοίας,
1589 4424 1633 4476 ὼ

1776 4448 1943 4504 neque
1972 4449 2194 4504 parvum
2231 4410 2394 4490 ullum
2423 4449 2557 4504 opus
2582 4410 2881 4506 ingeneret.
2897 4434 2972 4486 Ab
2996 4432 3163 4487 oculis
3188 4422 3337 4488 nisis.

123 4504 238 4574 μήτε
259 4504 430 4573 λόγον,
458 4508 596 4578 μήτε
625 4524 677 4560 τι
709 4507 868 4579 ἔργον
898 4512 1302 4581 ἀππεννᾶσθαι
1325 4514 1435 4569 τῶν
1460 4517 1633 4589 μοχθη

1776 4526 2034 4593 Quoniam
2071 4526 2237 4580 multa
2270 4540 2389 4595 quae
2425 4541 2456 4580 a
2486 4525 2596 4580 vita
2631 4504 2798 4594 probe
2840 4524 3085 4579 instituta
3124 4524 3342 4594 prolici-

123 4595 228 4664 ρῶν.
257 4597 553 4652 Ἁπέναντι
585 4597 707 4652 τῶν
732 4602 1053 4673 ὀφθαλμῶν
1074 4623 1212 4674 μου.
1245 4607 1462 4678 Ἐπειδὴ
1490 4609 1633 4663 πολλι

1776 4624 2014 4683 scuntur,
2056 4614 2192 4669 ﬁunt
2236 4615 2305 4669 ab
2344 4615 2413 4670 iis
2456 4613 2549 4684 qui
2582 4628 2612 4667 a
2649 4613 2753 4668 llde
2791 4613 2951 4668 alieni
2984 4623 3127 4680 sunt,
3163 4613 3341 4683 qualis

119 4688 207 4740 τῶν
244 4689 377 4742 κατά
417 4689 511 4744 τὸν
557 4693 845 4749 σπουδαῖον
894 4696 1008 4767 βίον
1057 4697 1211 4769 παρά
1251 4698 1360 4753 τῶν
1413 4700 1519 4766 ἐξω
1560 4702 1628 4772 τῆ

1776 4717 1851 4762 est
1883 4708 2202 4763 concubitus
2234 4715 2289 4762 et
2333 4705 2666 4775 voluptatum
2716 4704 3012 4775 epularium
3063 4704 3340 4759 abstinen-

120 4784 320 4854 πίστεως
358 4791 755 4865 ἐπιτηδεύεται,
777 4783 887 4843 οἷον
913 4787 1091 4859 ἀποχὴ
1113 4788 1222 4841 τῶν
1254 4790 1313 4842 ἐν
1353 4791 1627 4845 συνουσίαι

1776 4799 1877 4865 lia,
1923 4813 2243 4869 morumque
2293 4799 2593 4854 constantia
2634 4805 2690 4853 et
2746 4795 3152 4865 tranquillitas:
3195 4797 3336 4851 liaud

119 4878 195 4929 καὶ
223 4879 515 4954 βρωμάτων
541 4884 777 4957 ἡδοναῖς,
811 4881 906 4935 καὶ
932 4879 995 4933 τὸ
1022 4881 1081 4934 ὲν
1108 4879 1229 4951 Ιίλθει
1261 4880 1527 4945 εὐσταθὲς
1558 4900 1633 4937 κα

1776 4898 2051 4948 contentus
2099 4902 2186 4948 est
2221 4891 2308 4947 bis
2344 4890 2558 4957 verbis,
2590 4888 2823 4960 Auferte.
2839 4887 3070 4943 malitias
3090 4904 3111 4954 ;
3138 4889 3231 4943 sed
3252 4898 3337 4943 at-

176 4992 215 5022 "
246 4993 398 5052 Num.
441 5013 559 5061 xix,
601 4996 657 5052 7.

177 5013 215 5022 --
246 5013 398 5052 num.
441 5013 559 5061 xix,
602 5013 657 5052 'l.

176 5086 276 5162 (Ἠ)
320 5092 391 5144 Ita
441 5108 575 5146 mss.
626 5100 758 5148 tres.
800 5091 966 5162 Deest
1011 5089 1174 5162 μόνον
1220 5089 1272 5145 in
1319 5088 1480 5145 editis
1502 5098 1558 5146 et
1589 5089 1633 5146 in

1776 5106 1884 5148 LUOI‘
1914 5098 2069 5162 mss.,
2108 5089 2288 5155 τοῦτο,
2322 5088 2548 5162 μάθετε,
2581 5087 2748 5162 Editi,
2778 5086 2957 5162 τοῦτο,
2986 5084 3050 5162 eo
3075 5086 3296 5155 μαθετε.

117 5154 574 5231 aliisjnibusdam
623 5177 753 5218 mss.
815 5161 908 5215 llla
974 5154 1093 5231 quae
1140 5175 1277 5231 mox
1321 5171 1641 5231 sequuntur,
1824 5162 1938 5231 (75)
1971 5159 2063 5217 Sic
2090 5170 2201 5216 tres
2232 5154 2368 5215 mss.
2391 5163 2464 5216 At
2485 5161 2614 5215 editi
2638 5154 2760 5216 cum
2778 5157 2900 5212 aliis
2928 5159 3140 5212 duobus
3168 5168 3324 5218 mss.,

115 5224 320 5310 ἐνταῦθά
340 5231 589 5299 ἀφέλετε,
606 5241 743 5310 _e_tc.,
766 5233 846 5287 sic
869 5224 1091 5310 intelligi
1121 5230 1318 5285 debere
1341 5224 1602 5286 videntur
1626 5224 1633 5287 ἐ

1776 5224 2024 5310 uelitis.
2107 5297 2144 5310 ..
2358 5300 2373 5310 .
2631 5297 2664 5310 _.
2818 5297 2962 5310 ην-.

119 5292 205 5373 _Hic
229 5292 418 5365 auferte
461 5292 740 5370 nequitias,
770 5317 874 5356 non
909 5292 1091 5356 sordis
1139 5316 1227 5373 eas
1258 5315 1377 5368 qua
1423 5310 1645 5373 contr-ao
1772 5292 1936 5373 (71)
1969 5296 2078 5373 Sic,
2107 5297 2243 5371 Reg.
2288 5300 2522 5373 primus,
2553 5297 2772 5373 optime.
2818 5297 2962 5352 Editi
2996 5304 3052 5350 et
3084 5292 3328 5363 quinque

116 5365 287 5448 buntur
320 5386 383 5448 ea:
415 5365 706 5448 _coniractu
752 5387 931 5448 rerum
982 5365 1396 5425 inrmundaium.
1450 5368 1643 5424 Cordt's
1746 5365 2026 5448 alii_[tiss_._,_
2053 5365 2555 5448 ἀποπεμπόμενος,
2586 5365 2864 5448 pess_itne_._
3166 5436 3200 5448 η
3227 5436 3240 5448 ⁹

117 5437 540 5513 angustaque,
567 5458 675 5513 non
699 5443 1145 5513 vestimentorum.
1324 5508 1337 5513 _
1435 5508 1466 5513 __
1590 5508 1602 5513 _
1750 5512 1753 5513 ν
1839 5441 1929 5513 75)
1968 5439 2066 5496 Ubi
2097 5443 2148 5513 iu
2179 5435 2400 5513 esensis
2449 5440 2685 5513 κείων,
2704 5435 3042 5513 ἐλπίζοντες,
3071 5436 3334 5492 scribitur

168 5502 273 5592 gi)
303 5508 396 5592 Μῂ
421 5502 756 5592 ἐμποδίζον.
794 5510 909 5592 ῌοο
928 5516 1042 5592 est,
1070 5508 1209 5592 (Iane
1244 5518 1294 5562 te
1318 5508 1633 5592 implices't'n

1776 5530 1798 5567 τι
1821 5502 1984 5592 mss.,
2010 5508 2416 5575 ἐπελπίζοντες,
2445 5502 2994 5592 ξιῆυξῃέφελπίςοντεςε
3021 5590 3030 5592 Α
3071 5590 3090 5592 ἡ
3140 5575 3151 5587 ο

117 5575 687 5660 3130,7quod‘ir'tgdiebus
712 5580 858 5649 [estis
887 5580 1215 5660 observatum
1239 5575 1490 5660 oportuit.
1525 5578 1636 5660 {is};
1814 5582 1926 5660 (76)
1964 5580 2044 5660 _lta
2080 5596 2216 5660 mss.
2273 5593 2393 5660 sex.
2441 5575 2858 5660 βρὶιί,“ψυχῶν.
2895 5576 3039 5658 liene
3060 5575 3323 5644 quidem:

120 5645 352 5730 {fimum
381 5658 503 5719 Ροει
532 5645 762 5730 ίιιιξιμὸτ
787 5664 945 5730 mS_s-.
972 5646 1131 5730 χρεία
1150 5647 1362 5730 ,ἁπλοῦ
1381 5647 1495 5730 καί.
1525 5646 1635 5703 Alii
1739 5645 1835 5710 sed
1870 5645 2174 5708 reclamant
2202 5658 2417 5707 veteres
2442 5645 2604 5717 libri,
2624 5645 2686 5704 ut
2723 5645 3063 5704 notavimus.

121 5709 206 5764 duo
234 5730 355 5773 mss.
381 5709 509 5774 'cum
548 5709 728 5789 'editis,
755 5719 914 5791 χρεία
930 5709 1041 5775 ’τόῦ
1069 5717 1184 5773 καί.
1234 5718 1476 5775 Subinde
1500 5733 1633 5787 qua-
