3828 6216
439 259 543 317 195

1381 260 1727 316 APPENDIX
1765 260 2047 318 OPERUM
2083 262 2142 318 S.
2182 261 2428 320 BASlLll
2466 264 2700 321 MAGM.

3578 272 3685 329 196

434 374 610 432 texuit
648 372 776 431 illud
814 375 932 430 :Ab
967 373 1130 431 oculis
1182 378 1344 444 meis;
1377 386 1634 449 tanquam
1675 380 1815 435 actio
1863 380 2002 435 nulla

2116 379 2402 451 ἀτάραχον,
2453 381 2553 435 οὐκ
2603 379 2846 453 ἠρκέσθη
2893 380 2973 451 τῷ
3004 382 3197 448 εἰπεῖν,
3258 384 3535 454 ’Δςρέλετε
3570 389 3688 457 τὰς

435 468 822 523 convenienter
840 478 1004 538 queat
1017 468 1224 538 perlici,
1249 468 1354 523 nisi
1371 485 1491 525 cum
1516 472 1716 541 pietate
1735 486 1854 541 qua:
1874 487 2000 543 erga

435 558 707 615 Christum
735 569 839 624 est,
869 560 980 615 ﬁat.
1021 562 1126 615 Aut
1150 563 1403 630 quoniam
1435 563 1597 619 Pater
1625 566 1768 619 videt
1805 565 1857 619 in
1885 565 2002 620 abs-

437 653 652 704 condito
674 651 739 714 ¹³,
769 652 896 706 dicit
918 667 934 707 :
955 652 1033 707 Ab
1047 652 1211 708 oculis
1231 656 1381 722 meis,
1398 655 1650 709 nimirum
1675 671 1706 709 a
1729 656 1860 710 locis
1883 672 2001 725 qua:

436 740 577 795 Dens
605 740 762 813 411
797 743 1036 799 intuetur
1083 761 1098 810 ;
1137 753 1196 799 ut
1233 760 1339 799 non
1373 745 1532 800 modo
1579 746 1648 799 ab
1695 746 1999 799 actionibus

434 834 727 899 nequitiam
780 835 1111 902 auferamus,
1159 838 1254 893 sed
1293 838 1455 891 etiam
1497 853 1525 891 a
1558 837 1996 907 cogitationibus.

434 919 549 977 ΙΙοο
601 935 778 977 autem
822 926 881 979 tit
926 942 1021 995 per
1073 930 1369 998 perfectam
1414 930 1698 984 caritatem
1753 944 1818 983 eo
1858 929 2001 998 quod

435 1011 663 1074 Caritas,
687 1017 835 1084 juxta
866 1016 1109 1082 Paulum,
1139 1037 1241 1073 non
1290 1021 1481 1090 cogitat
1512 1019 1710 1073 malum
1730 1018 1795 1073 ”.

2108 472 2431 538 πονηρίας,
2498 472 2632 526 ἀλλὰ
2683 472 2989 544 προσέθηκε
3040 475 3139 541 τὺ,
3204 476 3515 545 Ἀπέναντι
3558 478 3687 533 τῶν

2106 563 2428 632 ὀφθαλμῶν
2449 582 2591 634 μου,
2624 564 2700 629 ὼς
2733 566 2989 636 οὐδεμιᾶς
3025 568 3271 638 πράξεως
3326 569 3687 641 καθηκόντως

2105 655 2467 709 ἐπιτελεῖσθαι
2498 657 2822 727 δυναμένης,
2858 659 2908 710 εί
2942 658 3016 729 μὴ
3045 661 3184 729 μετὰ
3205 662 3304 731 τῆς
3333 664 3411 723 είς
3438 663 3683 733 Χριστὸν

2107 746 2388 809 εὐσεϐείας
2409 747 2635 814 γένοιτο.
2670 747 2740 799 Ἢ
2770 747 2956 818 ἐπειδὴ
2987 750 3014 801 ό
3051 750 3240 820 Πατὴρ
3289 748 3476 818 βλέπει
3508 752 3565 804 ἐν
3599 751 3683 821 τῷ

2107 835 2355 907 κρυπτῷ,
2399 837 2701 891 Ἀπέναγτι
2735 837 2852 890 τῶν
2889 839 3211 908 ὀφθαλμῶν
3236 859 3390 910 μου,
3425 842 3534 894 ἀπὸ
3570 842 3682 895 τῶν

2104 928 2284 981 τόπων
2312 928 2478 996 λέγει,
2505 928 2611 982 τῶν
2647 929 2750 982 ὐπὸ
2785 930 2918 983 Θεοῦ
2945 930 3287 1002 βλεπομένων
3307 950 3321 962 ·
3358 933 3446 985 ἵνα
3476 933 3552 1004 μὴ
3581 933 3683 1003 μόο

2105 1037 2194 1074 νον
2226 1021 2332 1074 ἀπὸ
2360 1022 2469 1075 τῶν
2516 1020 2766 1092 πράξεων
2805 1022 2972 1094 αὐτὴν
3015 1023 3371 1095 περιέλωμεν,
3418 1018 3681 1079 animi

435 1106 543 1160 ἀπὸ
592 1106 699 1160 τῶν
730 1108 1109 1181 διαλογισμῶν.
1170 1111 1340 1166 Τοῦτο
1385 1112 1442 1165 δὲ
1491 1111 1581 1166 διὰ
1636 1112 1736 1183 τῆς
1787 1110 2002 1176 τελείας
2037 1110 2257 1183 ἀγάπης
2319 1113 2685 1184 περιγίνεται’
2742 1114 2877 1168 διότι
2914 1116 2985 1170 Ἠ
3003 1114 3225 1185 ἀγάπη,
3252 1115 3391 1168 κατᾶ
3411 1115 3500 1169 τὸν
3526 1117 3684 1170 Παῦ-

435 1196 545 1261 λον,
576 1201 647 1253 οὺ
672 1200 959 1269 λογίζεται
987 1202 1053 1255 τὸ
1086 1204 1292 1256 κακόν.

505 1292 595 1345 40.
619 1291 1068 1352 \'ens.i7.()iscite
1088 1297 1273 1348 bonum
1293 1295 1773 1371 [acere.Enimvero
1787 1295 2007 1352 moralis

436 1385 657 1440 scientia
695 1385 831 1438 haud
860 1389 1137 1455 perspicua
1169 1395 1272 1452 est,
1298 1402 1471 1456 neque
1497 1403 1563 1441 ex
1592 1404 1650 1443 se
1680 1390 1886 1443 cunctis
1911 1405 2007 1444 ex-

435 1474 611 1542 posita
633 1484 684 1527 et
706 1485 888 1543 aperta
915 1491 928 1526 :
950 1477 1214 1544 siquidem
1233 1475 1371 1531 bona
1396 1476 1576 1531 facere
1589 1494 1684 1548 per
1707 1479 2004 1533 doctrinam

437 1565 720 1620 discimus.
744 1565 892 1619 Juste
914 1566 1072 1631 enim,
1101 1566 1294 1635 inquit,
1317 1567 1454 1637 quod
1473 1567 1674 1637 justum
1711 1578 1807 1635 est,
1832 1584 2006 1634 perse-

2180 1293 2269 1348 40.
2309 1292 2535 1347 Μάθετε
2556 1292 2746 1346 καλὸν
2768 1291 2980 1345 ποιεῖν.
3003 1292 3076 1366 Οὐ
3106 1291 3213 1360 γὰρ
3242 1291 3417 1360 σαφὴς
3440 1292 3469 1343 ό
3490 1291 3685 1361 eoat;

2109 1384 2286 1453 λόγος,
2321 1383 2441 1436 οὐδὲ
2475 1385 2639 1437 πᾶσιν
2673 1382 2902 1436 αὐτόθεν
2950 1383 3269 1453 ὲκκείμενος
3312 1383 3424 1455 (7⁸7)
3448 1423 3462 1447 ,
3518 1385 3684 1458 εἴπερ

2109 1475 2350 1529 διδακτόν
2371 1477 2487 1528 ἐστι
2508 1476 2570 1528 τὸ
2598 1477 2770 1528 ποιεῖν
2801 1474 2870 1527 τὰ
2898 1475 3059 1528 καλά.
3092 1475 3496 1545 Δικαίωςγὰρ,
3521 1477 3683 1548 φησι,

2110 1565 2178 1619 τὸ
2203 1565 2436 1618 δίκαιον
2467 1565 2714 1632 διώξεις.
2766 1565 3056 1628 Τουτέστι,
3096 1565 3233 1636 μετὰ
3276 1565 3383 1618 τῶν
3440 1567 3569 1637 περὶ
3605 1568 3689 1622 δι-

433 1657 612 1726 queris
646 1656 710 1708 ⁸⁸.
752 1656 863 1711 lloc
894 1665 999 1722 est,
1023 1671 1145 1711 cum
1173 1658 1397 1725 jttstitim
1434 1660 1778 1714 sermonibus
1808 1660 2006 1730 justam

2116 1657 2404 1728 καιοσύνης
2427 1656 2599 1725 λόγων
2626 1658 2725 1727 τὴν
2749 1656 2963 1710 δικαίαν
2985 1654 3183 1727 πρᾶξιν
3214 1657 3563 1720 ὲπιτελέσεις.
3594 1659 3687 1723 Ὠς

436 1746 684 1814 perﬁcies
717 1747 1003 1800 actionem.
1028 1747 1487 1812 Quemadmodum
1509 1749 1651 1802 enim
1672 1749 1873 1817 aliquid
1890 1764 2013 1803 con-

437 1838 523 1892 ﬁci
555 1847 751 1908 potest,
780 1839 922 1907 quod
947 1840 1010 1891 ad
1034 1851 1206 1891 artem
1235 1840 1497 1895 medicam
1534 1842 2012 1911 pertineat,quan-

421 1923 596 1997 quam
632 1929 682 1982 id
705 1943 809 1982 non
849 1943 914 1982 ex
941 1930 1220 1984 medicinas
1243 1931 1440 1999 regulis
1462 1932 1747 1986 conﬁcitur
1769 1950 1782 1988 :
1806 1934 2011 1989 ratione

436 2018 702 2072 consimili
728 2029 904 2087 potest
936 2019 1056 2087 quis
1077 2020 1351 2088 quidpiam
1388 2019 1593 2089 justum
1630 2021 1858 2086 eilicere,
1889 2003 2012 2079 licet

436 2124 543 2164 non
571 2110 734 2180 juste.
769 2111 1009 2179 Exempli
1064 2127 1245 2178 causa,
1279 2113 1394 2182 ipse
1437 2114 1727 2169 herbarum
1771 2130 1901 2169 usus
1929 2124 2012 2169 est

435 2199 710 2268 quidpiam
764 2203 909 2269 quod
960 2201 1027 2254 ad
1083 2211 1250 2254 artem
1298 2202 1561 2256 medicam
1604 2203 1835 2272 pertinet
1870 2218 1883 2254 :
1916 2203 2008 2257 sed

436 2291 560 2343 dum
595 2291 797 2360 aliquid
825 2306 891 2346 ex
933 2292 1214 2347 medicina:
1245 2307 1514 2363 prtecepto
1554 2296 1751 2363 agitur,
1788 2295 1925 2349 ratio
1956 2304 2011 2350 et

436 2378 724 2433 herbarum
759 2381 889 2444 vim,
934 2389 988 2435 et.
1019 2381 1189 2436 morbi
1225 2383 1566 2450 qualitatem,
1598 2392 1825 2451 tempus,
1860 2398 2011 2437 men-

436 2488 642 2540 suram,
672 2482 726 2527 et
754 2473 937 2528 utendi
963 2475 1177 2528 modum
1213 2474 1546 2529 considerat.
1582 2474 1875 2529 Scientiam
1911 2490 2010 2528 au-

439 2575 543 2619 tem
571 2564 709 2619 inter
736 2573 789 2618 et
838 2579 1024 2620 casum
1065 2565 1354 2620 intercedit
1385 2566 1701 2620 discrimen.
1743 2565 1878 2620 Nam
1918 2568 2007 2634 qui

436 2659 733 2713 secundum
784 2668 956 2714 artem
1004 2668 1279 2728 operatur,
1314 2660 1504 2713 eadem
1551 2674 1764 2728 semper
1790 2657 2006 2725 clliciet,

437 2751 674 2819 quandiu
708 2749 904 2804 rationi
959 2751 1247 2805 adlizcserit
1282 2764 1297 2803 :
1329 2750 1421 2820 qui
1478 2758 1659 2804 autem
1713 2759 1915 2804 temere
1956 2758 2010 2804 et

435 2857 564 2897 casu
596 2844 728 2913 agit,
768 2843 818 2897 ei
849 2858 952 2897 non
1001 2857 1215 2912 semper
1246 2841 1608 2897 conducibilia
1655 2857 1713 2896 se
1740 2839 2005 2896 oll‘erent:

437 2935 533 2986 sed
571 2933 614 2986 si
663 2933 822 2986 hodie
875 2931 1020 2986 dedit
1074 2932 1324 2997 salutem,
1352 2931 1639 3001 aliquando
1687 2946 1782 3000 per
1821 2932 2007 2986 eadem

2109 1747 2217 1818 γὰρ
2245 1747 2358 1799 ἐστι
2401 1764 2454 1799 τι
2488 1746 2709 1817 ποιῆσαι
2764 1745 3025 1817 ἰατρικὸν,
3079 1746 3195 1800 ἀλλ’
3231 1747 3331 1799 οὐκ
3379 1747 3638 1819 ἰατρικῶς
3664 1763 3682 1778 ο

2109 1836 2280 1899 οὕτως
2307 1836 2421 1888 ἔστι
2451 1853 2502 1888 τι
2528 1837 2751 1905 ποιῆσαι
2779 1836 3006 1900 δίκαιον,
3039 1837 3133 1890 καὶ
3180 1835 3253 1907 μὴ
3282 1836 3526 1900 δικαίως.
3556 1831 3686 1890 Οἷον

2113 1926 2353 1999 ἰατρικὸν
2387 1927 2504 1998 μὲν,
2538 1928 2680 1999 αὐτὴ
2710 1930 2744 1999 ἡ
2775 1928 2872 1996 τῆς
2906 1926 3131 1999 βοτάνης
3161 1927 3389 1998 χρῆσις·
3423 1927 3687 1999 ἰατρικῶς

2107 2019 2186 2083 δὲ,
2242 2022 2268 2073 6
2310 2020 2470 2087 λόγος
2503 2019 2597 2072 καὶ
2626 2019 2726 2093 τὴν
2769 2018 2997 2089 δύναμιν
3033 2019 3132 2090 τῆς
3170 2019 3416 2088 βοτάνης,
3451 2018 3544 2072 καὶ
3588 2018 3687 2072 τοῦ

2110 2110 2315 2174 πάθους
2337 2110 2434 2182 τὴν
2462 2111 2719 2182 ἰδιότητα,
2753 2113 2850 2165 καὶ
2874 2111 2964 2164 τὸν
2992 2110 3201 2182 καιρὸν,
3224 2111 3327 2162 καὶ
3357 2110 3420 2162 τὸ
3463 2110 3685 2182 μέτρον,

2108 2201 2203 2255 καὶ
2227 2200 2318 2254 τὸν
2341 2180 2540 2271 τρόπον
2571 2180 2672 2271 τῆς
2705 2201 2950 2273 χρήσεως
2976 2180 3405 2270 ἐπεσκεμμένος.
3428 2180 3688 2272 Διαφέρει

2108 2296 2163 2348 δὲ
2203 2296 2262 2349 τὸ
2303 2298 2423 2350 κατ’
2464 2298 2772 2368 ἐπιστήμην
2816 2297 2911 2350 τοῦ
2959 2298 3288 2368 αὐτομάτου.
3334 2299 3393 2351 Ὀ
3419 2299 3545 2368 μὲν
3574 2299 3689 2370 γὰρ

2109 2385 2251 2440 κατὰ
2284 2386 2382 2457 τὴν
2407 2387 2601 2456 τέχνην
2632 2388 2822 2452 ποιῶν,
2853 2389 2940 2441 ἀεὶ
2960 2387 3028 2441 τὰ
3053 2388 3193 2441 αὐτά
3224 2390 3458 2458 ποιήσει,
3488 2390 3596 2453 ἕως
3621 2391 3691 2443 ἂν

2108 2477 2206 2549 ἔχῃ
2244 2477 2354 2548 (78)
2383 2477 2475 2530 τὸν
2503 2477 2659 2546 λόγον
2679 2492 2692 2506 ·
2717 2479 2746 2530 ό
2766 2478 2823 2531 δὲ
2852 2479 3193 2549 αὐτομάτως,
3224 2480 3324 2531 οὐκ
3346 2479 3433 2532 ἀεὶ
3467 2479 3692 2550 συντρέο

2108 2587 2271 2640 χοντα
2301 2568 2412 2636 ἕξει
2436 2569 2505 2624 τὰ
2531 2569 2860 2637 ὠφελοῦντα,
2884 2569 2996 2622 ἀλλ’
3024 2572 3071 2622 εἰ
3093 2570 3329 2639 σήμερον
3357 2570 3550 2632 ἔσωσε,
3579 2570 3692 2629 τοῖς

2111 2662 2293 2723 αὐτοῖς
2324 2677 2452 2714 ποτε
2478 2662 2572 2715 καὶ
2598 2661 2920 2731 διέφθειρεν.
2968 2659 3124 2713 Οὕτω
3173 2660 3266 2712 καὶ
3297 2660 3330 2729 ἡ
3381 2657 3476 2712 τοῦ
3521 2658 3690 2712 καλοῦ

2112 2752 2583 2825 πραγματεία(79)
2602 2754 2719 2806 κατ’
2757 2753 3062 2822 ἐπιστήμην
3092 2751 3455 2821 ἐνεργουμένη
3473 2750 3697 2820 ὁμαλῶς

2109 2845 2440 2909 ἀποδίδοται,
2485 2844 2590 2908 ἕως
2642 2843 2707 2898 ἂν
2752 2842 2974 2897 ὲνοικῶν
3016 2845 3044 2896 ὁ
3091 2841 3245 2911 λόγος
3276 2835 3432 2904 οὗτος
3475 2842 3694 2912 ἑκάστῳ

2108 2933 2216 2987 τῶν
2251 2933 2592 3004 γιγνομένων
2633 2934 2918 3002 ἐπιστατῇ.
2963 2931 3211 2984 Δείκνυσι
3238 2930 3295 2984 δὲ
3327 2922 3383 2983 ὲν
3415 2929 3598 2994 ἄλλοις
3626 2931 3691 2984 τὸ

437 3024 676 3078 remedia
724 3024 885 3077 etiam
918 3038 1102 3078 necem
1135 3024 1332 3079 attulit.
1388 3023 1543 3078 llunc
1594 3025 1661 3078 ad
1694 3024 1910 3078 modum
1953 3031 2006 3077 et

2116 3022 2406 3091 ἀναγκαῖον
2433 3023 2530 3093 τῆς
2551 3020 2660 3076 τῶν
2699 3021 2963 3092 ποιητέων
3005 3021 3316 3091 μαθήσεως,
3346 3018 3538 3072 εἰπών·
3561 3018 3695 3087 Πᾶς

437 3115 514 3168 rei
543 3114 830 3169 laudabilis
857 3130 922 3168 ac
951 3115 1102 3168 bonae
1133 3115 1387 3169 tractatio
1430 3131 1495 3168 ex
1526 3116 1769 3170 scientiae
1799 3129 2004 3183 pretee-

435 3206 545 3274 ptis
576 3204 790 3271 eﬂ'ecta,
814 3206 1148 3274 tequabiliter
1175 3206 1447 3260 exseritur
1467 3244 1482 3269 ,
1509 3207 1683 3273 quoad
1717 3204 1854 3257 ratio
1892 3205 2006 3258 haec

436 3299 581 3351 intus
615 3312 835 3351 manens
875 3297 1100 3367 singulis
1138 3312 1258 3367 quae
1299 3296 1433 3349 liunt
1460 3310 1695 3365 przesens
1734 3295 1856 3351 erit.
1900 3294 2005 3348 De-

436 3390 605 3444 ttlarat
654 3398 835 3444 autem
877 3389 930 3443 in
983 3388 1104 3442 aliis
1143 3389 1274 3442 locis
1310 3386 1591 3457 Scriptura
1639 3385 2005 3441 necessariam

435 3497 556 3537 esse
583 3497 761 3537 rerum
793 3480 1120 3551 agendarum
1148 3478 1591 3546 scientiam,dum
1620 3478 1752 3533 dicit
1782 3494 1795 3531 :
1822 3475 2005 3532 Omnis

2111 3114 2179 3180 ὃς
2223 3115 2294 3167 οὺ
2343 3112 2428 3180 μὴ
2470 3111 2629 3180 μάθῃ
2679 3111 3075 3177 δικαιοσύνην
3124 3110 3224 3162 ἐπὶ
3257 3107 3365 3175 τῆς
3392 3108 3509 3177 γῆς
3556 3108 3694 3178 (80),

2112 3202 2402 3269 ἀλήθειαν
2443 3203 2514 3255 οὐ
2538 3201 2625 3271 μὴ
2679 3200 2938 3267 ποιήσει.
2975 3199 3140 3253 Δαϐιδ
3192 3197 3248 3251 δὲ
3277 3199 3371 3252 καὶ
3408 3198 3500 3252 τὸν
3531 3197 3696 3267 φόϐον

2112 3293 2203 3346 τὸν
2246 3291 2389 3345 θεῖον
2434 3293 2492 3344 ὲν
2521 3293 2634 3354 τοῖς
2683 3290 2950 3353 διδακτοῖς
2993 3288 3221 3353 τίθεται,
3270 3288 3476 3356 λέγων·
3514 3287 3698 3341 Δεῦτε

2114 3384 2327 3449 τέκνα,
2388 3382 2693 3439 ἀκούσατέ
2741 3400 2895 3452 μου,
2947 3382 3136 3451 φόϐον
3189 3381 3413 3449 Κυρίου
3471 3378 3698 3444 διδάξω

2112 3475 2288 3547 ὑμᾶς.

434 3574 525 3644 qui
553 3590 653 3627 non
677 3572 917 3626 didicerit
943 3569 1212 3639 justitiam
1259 3582 1415 3636 super
1471 3576 1697 3629 terram,
1738 3566 2002 3620 veritatem
2046 3582 2148 3619 non
2187 3565 2344 3635 faciet
2373 3564 2436 3618 “.
2483 3563 2620 3631 Quid
2657 3572 2713 3618 et
2749 3561 2917 3618 David
2968 3562 3212 3616 timorem
3269 3560 3509 3615 divinum
3552 3561 3698 3615 inter

434 3683 498 3721 ea
530 3681 647 3734 qua:
681 3665 813 3719 disci
848 3673 1071 3733 possunt
1098 3663 1357 3727 collocat,
1383 3662 1605 3717 dicens:
1643 3659 1820 3715 Venite
1852 3659 1973 3728 ﬁlii,
2000 3660 2181 3714 audite
2232 3674 2332 3723 me,
2366 3659 2601 3725 timerent
2640 3656 2851 3710 Domini
2879 3654 3071 3708 docebo
3098 3670 3184 3708 vos
3209 3654 3271 3707 ".

506 3758 593 3810 41.
625 3756 900 3826 Exquirite
919 3755 1178 3826 judicium
1200 3795 1214 3809 .
1252 3754 1453 3809 Christi
1500 3753 1747 3809 videlicet
1778 3767 2011 3818 ;secln-

438 3852 563 3906 dum
596 3852 738 3919 quod
760 3850 966 3919 judicat
993 3858 1290 3917 nos,atque
1318 3861 1416 3917 pro
1447 3847 1655 3901 meritis
1674 3846 1835 3900 nobis
1864 3861 2012 3900 nter-

438 3944 622 3998 cedem
672 3943 960 4011 rependit:
1002 3943 1144 4011 quod
1179 3940 1285 3996 nisi
1334 3940 1714 4009 exquiramus,
1755 3939 1857 3994 nisi
1902 3953 2012 4008 pra:

436 4034 608 4089 oculis
641 4033 953 4096 habeamus,
978 4032 1031 4085 in
1078 4032 1340 4087 bonorum
1369 4046 1593 4101 operum
1623 4030 2012 4086 exercitatione

438 4139 786 4194 perseverare
818 4138 925 4177 non
968 4137 1272 4189 possumus.
1295 4120 1590 4190 Etenim,si
1620 4136 1740 4191 quae
1775 4121 1829 4174 in
1856 4118 2005 4189 judi-

441 4218 527 4273 cio
545 4226 674 4272 sunt
701 4215 1003 4278 tremenda,
1028 4215 1182 4268 nobis
1209 4215 1605 4284 praedicantur;
1635 4227 1820 4268 eorum
1859 4210 2006 4280 cogi-

439 4310 572 4362 tatio
632 4305 884 4375 pietatem
921 4304 1100 4358 docet.
1154 4304 1264 4358 Aut
1317 4303 1441 4371 quia
1491 4317 1599 4357 non
1637 4303 2002 4372 expendetur,

439 4397 574 4455 nihil
624 4412 731 4453 non
760 4395 1111 4466 iudicabitur,
1149 4410 1272 4450 cum
1321 4394 1453 4449 nihil
1495 4402 1709 4449 maneat
1745 4392 2007 4460 iniudica-

439 4502 575 4558 tum,
605 4489 848 4559 nihilque
878 4497 1082 4542 temere
1118 4495 1173 4542 et
1202 4487 1428 4542 fortuito
1456 4486 1683 4542 accidat.
1715 4485 1850 4541 Cum
1880 4499 2009 4539 con-

440 4583 561 4639 silio
593 4581 759 4645 enim,
786 4579 980 4651 inquit,
1011 4579 1193 4633 omnia
1225 4579 1393 4635 fac“.
1421 4578 1507 4647 Et,
1545 4577 1894 4649 Cogitationes
1916 4577 2010 4647 ju-

510 4756 554 4787 “
576 4755 768 4812 Matth.
799 4772 873 4823 vr,
911 4756 965 4813 6.
1043 4755 1139 4811 “1
1173 4754 1301 4811 Cor.
1348 4769 1443 4808 xm
1471 4794 1487 4820 ,
1521 4751 1579 4809 ὅ.

439 4841 615 4890 xxxn,
650 4826 743 4881 24.

510 4984 624 5052 (77)
659 4980 800 5036 Edit-i
830 4991 885 5036 et
914 4980 1050 5052 Reg.
1078 4979 1294 5052 tertius,
1330 4977 1667 5049 ιγκείμενος.
1692 4976 1818 5052 _Alii
1848 4976 2009 5052 quin-

437 5047 544 5117 que
565 5046 743 5176 6Illss...
767 5046 1108 5122 ἐκκείμενος.
1157 5048 1277 5103 Mox
1329 5046 1626 5110 unus’msq
1662 5046 1818 5119 εἴπερ
1863 5046 2011 5099 διδα-

437 5140 562 5176 κτικ
595 5139 642 5176 ν.

435 5139 642 5176 κτικον.

512 5193 625 5261 ι78)
662 5191 811 5248 Unus
842 5207 972 5250 ms.,
1004 5193 1219 5261 ποιήσει
1240 5187 1315 5253 ὡς
1340 5187 1405 5242 ἂν
1433 5187 1591 5261 έχων.

512 5194 601 5247 ι78
662 5194 811 5248 Unus
842 5207 972 5250 ms.,
1004 5194 1219 5261 ποιήσει
1240 5194 1315 5253 ὡς
1340 5194 1405 5242 ἂν
1433 5194 1591 5258 ἔχων.

510 5194 625 5334 (πεί
673 5262 985 5334 Colbertini
1021 5263 1126 5334 duo
1176 5270 1229 5312 et
1282 5260 1609 5334 tintis_l{cg._,
1639 5257 1861 5332 πρᾶξις.
1906 5255 2013 5310 Alii

441 5328 560 5402 tres
586 5328 716 5383 titss.
752 5347 874 5402 cum
905 5332 1088 5402 editis,
1128 5328 1502 5402 πραγματεία.
1550 5328 1846 5384 Μυιίιηυε
1879 5342 2008 5390 ms.,

438 5402 514 5464 ὡς
540 5401 604 5454 ἂν
636 5401 858 5454 ἐνοικῶν
891 5401 938 5454 ό.

512 5469 806 5541 (80)Allln_d.
843 5469 937 5523 ἐπὶ
981 5470 1077 5541 τῆς
1129 5469 1257 5539 γῆς,
1283 5469 1337 5522 in
1394 5467 1719 5541 quihusdam
1772 5480 1904 5541 mss.
1946 5473 2004 5541 et

441 5536 580 5605 apud
606 5536 760 5593 LXX
793 5541 1008 5610 ponitur
1035 5536 1162 5610 post
1193 5536 1379 5594 vocem
1409 5536 1752 5610 δικαιοσύνην
1771 5552 1784 5565 ·
1815 5539 1865 5589 in
1894 5536 2006 5610 edi-

447 5610 515 5661 tis
551 5624 679 5663 vero
712 5619 765 5664 et
793 5605 861 5664 'in
902 5625 1010 5665 uno
1040 5605 1148 5665 ins.
1178 5619 1303 5678 post
1335 5610 1558 5663 verbum
1592 5605 1807 5678 ποιήσει
1836 5605 2005 5678 collo-

442 5688 615 5733 catur.
646 5678 839 5736 Statim
880 5680 1011 5738 editi
1062 5674 1194 5736 cum'
1216 5680 1392 5736 tribus
1426 5693 1584 5746 mss.,
1615 5679 1675 5732 ὲν
1706 5674 1823 5739 τοῖς
1848 5674 1998 5728 81.6:-

2189 3751 2278 3820 41.
2340 3748 2726 3817 Ἐκζητήσατε
2753 3748 2956 3815 κρίσιν
2975 3763 2988 3776 ·
3015 3747 3133 3817 ἦτοι
3177 3744 3273 3815 τὴν
3302 3743 3399 3798 τοῦ
3434 3745 3697 3816 Χριστοῦ,

2114 3842 2235 3898 καθ’
2257 3842 2323 3913 ἢν
2352 3843 2551 3913 κρίνων
2574 3841 2742 3913 ἡμᾶς,
2772 3838 3097 3892 ἀποδίδωσιν
3120 3839 3248 3908 ἡμῖν
3268 3836 3339 3889 τὰ
3366 3839 3486 3889 κατ’
3513 3835 3695 3902 ἀξίαν,

2110 3937 2177 4006 ἢν
2215 3936 2309 3990 ἐὰν
2349 3936 2423 4007 μὴ
2448 3934 2787 4005 ὲκζητῶμεν,
2824 3931 2959 4004 μηδὲ
2992 3931 3099 4003 πρὸ
3122 3930 3416 4001 ὀφθαλμῶν
3446 3930 3695 4002 ἔχωμεν,

2110 4024 2388 4096 ἐπιμένειν
2417 4027 2481 4095 τῇ
2506 4026 2723 4093 ποιήσει
2748 4022 2854 4076 τῶν
2886 4020 3067 4074 καλῶν
3117 4020 3179 4072 οὐ
3217 4019 3515 4090 δυνάμεθα.
3558 4021 3700 4075 Παι-

2109 4116 2351 4185 δαγωγὸς
2372 4116 2481 4188 γάρ
2510 4117 2625 4168 ἐστι
2655 4115 2790 4187 πρὸς
2817 4113 3099 4166 εὐσέϐειαν
3131 4111 3360 4182 ἡέννοια
3387 4111 3497 4165 τῶν
3530 4130 3699 4182 κεκη-

2112 4208 2396 4279 ρυγμένων
2424 4209 2556 4278 ἡμῖν
2591 4205 2837 4278 φοϐερῶν
2873 4206 2931 4257 ὲν
2968 4207 3035 4275 τῇ
3067 4205 3268 4276 κρίσει.
3304 4205 3374 4256 Ἢ
3402 4204 3485 4257 ὅτι
3518 4205 3698 4258 πάντα

2038 4344 2085 4403 D
2108 4298 2448 4370 ἐξητασμένα
2475 4299 2569 4352 καὶ
2591 4295 2893 4368 κεκριμένα
2924 4295 3034 4367 (81)
3063 4294 3238 4357 ἔσται,
3267 4293 3494 4365 μηδενὸς
3529 4295 3696 4367 ἀκρίο

2109 4407 2237 4456 τως,
2269 4389 2400 4459 μηδὲ
2430 4388 2507 4452 ὡς
2554 4387 2712 4457 ἔτυχε
2756 4386 3097 4457 γιγνομένου.
3130 4384 3289 4439 Μετὰ
3321 4384 3519 4455 βουλῆς
3549 4387 3686 4457 γὰρ,

2114 4481 2267 4553 φησὶ,
2297 4481 2472 4533 πάντα
2498 4478 2638 4532 ποίει
2669 4477 2805 4549 (82)·
2832 4477 2946 4539 καὶ,
2971 4476 3260 4547 Λογισμοι
3287 4476 3535 4530 δικαίων
3570 4478 3699 4544 κρί-

2107 4589 2284 4642 ματα.
2343 4570 2464 4643 Χρὴ
2515 4567 2608 4624 οὖν
2662 4568 2851 4640 ὥσπερ
2908 4568 3168 4638 δικαστὴν
3220 4566 3315 4622 τὸν
3369 4566 3532 4635 λόγον
3592 4568 3698 4637 τὴν

1654 4752 1697 4785 η
1731 4750 1883 4807 Deut.
1937 4768 2005 4806 xv

2116 4751 2171 4805 0.
2248 4752 2292 4784 η
2320 4754 2421 4809 lsa.
2470 4766 2618 4808 xxvt.
2646 4750 2736 4806 10.
2814 4751 2854 4782 ¹⁷
2882 4750 3023 4807 Psal.
3051 4768 3247 4815 xxxtn,
3278 4749 3366 4805 1:2.
3449 4749 3491 4782 ¹⁸
3522 4749 3695 4804 Eccli.

2114 4977 2279 5038 κτοῖς.
2307 4973 2408 5029 Alii
2444 4984 2553 5026 tres
2585 4986 2738 5033 mss.,
2765 4973 2822 5025 ὲν
2848 4974 2963 5034 τοῖς
2987 4970 3338 5034 διδακτικοῖς.

2188 5042 2488 5115 (81);[Ξιιιιε
2513 5041 2986 5115 e_Comhelisianis
3007 5052 3062 5095 et
3079 5043 3168 5094 alii
3202 5050 3464 5115 quatuor,
3502 5059 3696 5115 κεκριο

2119 5108 2292 5187 μένας
2312 5113 2526 5187 Editiﬂet
2551 5108 2685 5180 Reg.
2713 5112 2928 5187 tertius,
2965 5109 3345 5187 κεκρρμμένα.

2190 5182 2300 5255 (82)
2332 5184 2413 5255 Ita
2440 5181 2611 5255 liuor.
2636 5178 2687 5233 et
2710 5178 2895 5255 Jac-us.
2922 5196 3044 5232 cum
3073 5178 3213 5248 Reg.
3247 5190 3449 5255 quar_to
3484 5187 3541 5255 et
3572 5198 3694 5232 (‘llm

2116 5250 2348 5321 utroque
2377 5250 2710 5305 Colbertino.
2741 5250 2882 5321 Editi
2918 5264 3050 5303 vero
3081 5264 3134 5301 et
3164 5252 3333 5303 codex
3367 5250 3538 5321 Fr.il,
3560 5264 3692 5321 cum

2115 5318 2438 5392 quihusdam
2457 5321 2722 5392 Anglicis,
2744 5319 2921 5372 πόιντα
2953 5321 3116 5383 ποιεῖ,
3166 5320 3343 5392 omnia
3369 5320 3526 5392 facit.
3549 5318 3696 5392 Scri-

2110 5387 2338 5464 ptorem,
2365 5407 2497 5464 cum
2515 5387 2581 5443 ita
2609 5389 2821 5464 locutus
2849 5399 2977 5464 est,_
2990 5389 3307 5464 respexisse
3354 5387 3419 5441 ad
3450 5389 3542 5441 illa
3594 5387 3695 5440 Ec-

2109 5457 2419 5523 i-lesiaSIici,
2449 5461 2611 5513 Ἀνευ
2657 5458 2850 5529 βουλῆς
2876 5457 3044 5531 μηθὲν
3059 5460 3331 5531 ᾼποιῄσῃς,
3362 5473 3491 5531 vere
3528 5468 3583 5531 et
3616 5472 3693 5531 r_e-

2108 5543 2197 5588 cte
2229 5531 2542 5600 judicaruut
2570 5526 3003 5600 doctissit'ni'vu'i
3053 5526 3376 5600 Dttcﬁzttset
3408 5526 3689 5600 Combell-

2109 5597 2244 5657 sius.
2276 5601 2371 5655 Ubi
2425 5601 2718 5654 netandum
2764 5599 2905 5652 hanc
2940 5597 3313 5652 Ecclesiastici
3360 5599 3689 5652 sententiam

2111 5673 2165 5728 iu
2193 5671 2419 5741 Vulgata
2441 5669 2543 5740 legi
2570 5683 2741 5737 χχχιι,
2769 5667 2861 5735 24,
2894 5670 3034 5738 apud
3059 5666 3200 5722 LXX
3238 5682 3367 5723 vero
3395 5681 3563 5733 xxxv,
3595 5667 3684 5719 ει.
