3828 6216
432 289 535 347 199
1370 279 1711 338 APPENDIX
1743 270 2024 334 OPERUM
2056 273 2121 332 Β.
2160 272 2404 331 BASILII
2436 267 2674 329 MAGNI.
3565 264 3678 324 200

424 403 618 474 siquis
645 416 766 461 sese
796 403 864 459 ab
900 402 988 458 illa
1030 398 1249 470 maligni
1282 399 1456 469 patris
1504 395 1759 455 aﬂinitate
1807 402 1997 466 sponte

2121 409 2184 456 τις
2217 388 2478 455 ἑκουσίως
2526 389 2627 461 τῆς
2676 400 2996 456 συγγενειας
3036 380 3252 456 ἐκείνης
3295 381 3485 439 ἑαυτὸν
3515 384 3683 454 ἠλλο-

429 512 528 552 sua
554 496 902 561 submoverit,
924 503 1087 563 atque
1135 494 1203 548 ad
1244 494 1387 561 piam
1435 489 1738 545 doctrinam
1779 491 2002 543 accedat

2121 485 2296 554 τρίωσε
2323 482 2417 536 τοῦ
2433 480 2669 554 πονηροῦ
2699 479 2925 551 πατρὸς,
2957 478 3051 533 καὶ
3069 478 3427 550 προσέρχεται
3458 480 3523 550 τῇ
3551 482 3677 533 κατ’

431 592 504 645 ita
534 599 591 643 ut
613 591 665 643 in
699 587 914 644 Christo
934 572 1063 641 Jesu
1093 589 1444 654 regeneretur
1484 595 1582 651 per
1608 580 1956 650 Evangelium
1982 595 1997 634 :

2121 573 2385 628 εὐσέϐειαν
2411 571 2747 643 διδασκαλίᾳ,
2781 571 2922 625 ὥστε
2955 573 3011 624 ὲν
3061 570 3280 642 Χριστῷ
3325 569 3498 640 Ἰησοῦ
3541 570 3683 624 ἀνα-

431 681 481 735 is
534 678 679 732 velut
731 675 961 731 feliciter
1002 673 1228 728 orbatus
1254 713 1267 739 ,
1297 671 1364 724 ab
1409 670 1495 724 his
1553 670 1647 739 qui
1686 670 2003 738 dispensant

2121 666 2426 737 γεννηθῆναι
2478 663 2566 717 διὰ
2618 662 2713 716 τοῦ
2771 662 3137 730 Εὑαγγελίου,
3190 660 3266 724 ὼς
3320 659 3681 732 μακαριστῶς

431 766 757 832 communia,
782 763 1120 819 convenienti
1149 776 1279 816 cura
1315 761 1554 827 juvetur.
1595 759 1885 812 Enimvero
1915 774 2005 812 or-

2121 758 2469 830 ὶρςρανισθεὶς,
2491 756 2590 827 τῆς
2619 753 3015 824 ἐπιϐαλλούσης
3046 752 3154 819 (90)
3188 752 3504 822 ἐπιμελείας
3521 751 3683 823 παρὰ

431 858 655 912 bitatem
695 855 981 924 quamdam
1040 853 1225 905 utilem
1276 865 1399 905 esse
1449 850 1687 904 ostendit
1739 848 1997 917 psalmus,

2121 849 2210 902 τῶν
2258 836 2681 918 οἰκονομούντων
2717 845 2785 898 τὰ
2827 844 2981 898 κοινὰ
3021 845 3348 913 τυγχανέτω.
3399 845 3521 897 Ὅτι
3568 844 3683 915 γάρ

431 943 557 1001 dum
594 956 847 1015 precatur
879 955 937 998 ut
984 944 1133 997 .ludae
1180 942 1272 995 lilii
1312 940 1542 1009 maligno
1575 942 1857 994 orbentur.
1890 937 2004 993 Hoc

431 1038 575 1090 enim
607 1045 764 1105 pacto
797 1048 1013 1090 sensum
1046 1033 1240 1086 rationi
1274 1036 1698 1085 consentaneum
1726 1031 2005 1084 continere

432 1128 796 1196 camperietur
829 1126 1102 1195 Scriptura
1125 1165 1139 1188 ,
1171 1125 1296 1177 dum
1340 1123 1472 1177 dicit
1508 1141 1522 1176 :
1566 1121 1723 1174 Fiant
1755 1121 1853 1189 filii
1891 1120 2004 1189 ejus

433 1220 653 1287 orphani
674 1218 742 1282 “,
774 1218 831 1271 ut
870 1234 938 1271 ne
971 1218 1205 1271 habeant
1236 1215 1528 1284 malignum
1562 1215 1683 1267 vita:
1709 1215 2000 1274 doctorem,

433 1309 568 1364 furis
593 1310 993 1379 proditorisque
1019 1310 1252 1363 dedecus
1277 1323 1339 1361 ac
1366 1307 1642 1360 infamiam
1677 1306 2006 1374 excipirntes

434 1403 506 1457 ob
534 1403 777 1456 avaritia:
826 1403 1094 1455 morbum.
1142 1400 1210 1454 Et
1231 1400 1523 1468 justiﬁcate
1569 1398 1799 1451 viduam.
1844 1398 2007 1451 l‘orro

436 1507 598 1548 sexus
630 1491 719 1545 ille
767 1507 876 1559 pra:
912 1491 1223 1544 infirmitate
1255 1493 1307 1543 in
1360 1489 1543 1543 multis
1577 1472 1700 1542 vilic
1725 1489 1880 1542 rebus
1921 1502 2009 1540 ac-

439 1582 569 1649 cipit
607 1582 1010 1634 detrimentum.
1058 1579 1210 1633 Patet
1254 1580 1397 1633 enim
1442 1587 1497 1634 et
1535 1580 1775 1646 eXposita
1818 1584 1900 1632 est
1933 1578 2010 1629 vi-

437 1675 613 1726 duitas
648 1672 819 1726 cuivis
845 1673 1012 1739 ipsam
1056 1673 1250 1726 voleuti
1284 1674 1558 1727 incessere
1596 1673 1808 1742 injuriis
1840 1691 1852 1726 :
1882 1673 2006 1726 huic

437 1765 658 1818 omnino
688 1780 842 1834 opem
875 1762 1134 1831 ferte,jus
1159 1765 1396 1819 debitum
1427 1765 1524 1833 ipsi
1555 1767 2006 1833 rependentes,ct
2039 1743 2081 1799 Β

439 1855 673 1909 maxime
704 1856 747 1909 si
770 1868 895 1907 vere
930 1854 1082 1907 vidua
1122 1854 1228 1918 sit,
1258 1856 1491 1908 humano
1521 1855 1818 1924 patrocinio
1847 1856 2010 1911 desti-

439 1953 582 2009 tuta;
611 1953 659 1998 et
688 1945 732 1998 si
751 1958 962 1998 omnem
988 1943 1038 1997 in
1052 1942 1213 2016 413
1236 1945 1342 2000 Deo
1365 1960 1512 2014 spem
1530 1947 1773 2011 collocet,
1797 1961 1860 2001 ac
1884 1962 2010 2017 per-

438 2045 658 2092 severet
708 2036 763 2090 in
811 2036 1311 2106 deprecationibus,
1340 2041 1470 2093 adeo
1500 2049 1555 2092 ut
1579 2054 1676 2109 per
1707 2040 1853 2108 pium
1890 2041 2011 2094 vitae

438 2142 608 2193 genus
648 2128 717 2183 ab
753 2129 900 2183 omni
939 2129 1149 2183 macula
1197 2144 1330 2198 pura
1360 2128 1416 2183 in
1462 2132 1626 2185 corde
1676 2140 2008 2200 permaneat.

439 2223 701 2291 Quoniam
725 2235 909 2279 autem
940 2225 993 2278 in
1029 2225 1305 2293 plerisque
1343 2224 1637 2294 Scriptura:
1660 2227 1790 2279 lucis
1821 2228 1885 2280 de
1914 2228 2011 2280 ho-

437 2316 599 2370 minis
632 2316 809 2369 anima
847 2326 1100 2384 tanquam
1128 2317 1193 2370 de
1219 2332 1317 2370 sua
1352 2331 1548 2386 sponsa
1572 2316 1808 2385 loquitur
1835 2318 2009 2378 Deus:

439 2406 484 2459 si
517 2405 677 2459 vidua
708 2403 888 2465 fuerit.
924 2420 986 2458 ac
1015 2413 1234 2473 propter
1263 2418 1416 2457 suam
1442 2418 1470 2456 a
1508 2403 1727 2460 Christo
1757 2404 2015 2459 defectio-

440 2510 564 2547 nem
593 2508 689 2563 per
731 2493 1091 2548 idololatriam
1125 2494 1464 2563 spiritalibus
1491 2496 1693 2566 stupris
1745 2496 1904 2552 fuerit
1932 2498 2014 2550 in-

440 2587 684 2653 quinata,
709 2600 875 2654 caque
917 2584 1173 2640 aﬂinitate
1203 2586 1452 2655 spoliata,
1473 2602 1634 2656 quam
1668 2603 1789 2644 cum
1818 2604 2015 2659 sponso

438 2672 620 2729 Verbo
650 2686 1021 2741 contraxerat,
1058 2678 1198 2730 hanc
1249 2691 1345 2746 per
1377 2679 1709 2746 paenitentia:
1756 2678 2013 2749 judicium

440 2767 756 2833 castigatam
783 2774 996 2836 oportet
1033 2767 1337 2835 iustificari.
1362 2771 1471 2823 Aut
1510 2772 1762 2838 quoniam
1804 2773 2017 2827 israelis

443 2857 737 2910 secundum
766 2870 987 2911 carnem
1025 2856 1269 2911 Ecclesia
1310 2858 1469 2913 vidua
1501 2874 1608 2927 εει,
1641 2862 1919 2917 servitutis
1943 2864 2017 2917 le-

441 2945 579 3016 galis
603 2946 732 3016 jugo
762 2947 1007 3011 liberata,
1041 2949 1113 3001 ita
1147 2956 1205 3001 nt
1231 2963 1334 3002 non
1357 2947 1468 3016 jam
1494 2959 1713 3005 vocetur
1749 2952 2015 3017 adultera,

445 3039 563 3092 viro
613 3037 768 3091 alteri
820 3039 1105 3106 conulata,
1142 3054 1335 3108 nempe
1386 3040 1607 3096 Christo
1660 3043 2014 3112 despondenti

443 3142 560 3184 eam
591 3130 693 3183 sibi
725 3130 789 3182 ad
824 3130 1047 3183 salutem
1074 3145 1093 3193 ;
1126 3135 1181 3183 et
1210 3131 1324 3185 haec
1356 3132 1502 3199 ipsa,
1528 3132 1619 3186 ubi
1650 3133 2017 3201 evangelicam

440 3218 703 3289 justitiam
733 3235 760 3273 a
788 3220 1007 3276 Christo
1039 3222 1258 3276 allatam
1303 3223 1575 3291 didicerit,
1609 3238 1639 3277 a
1674 3224 1830 3279 nobis
1853 3223 2019 3293 justi-

448 3311 598 3366 ticari
629 3312 788 3367 debet

512 3591 603 3648 4'5.
631 3589 798 3648 Vens.
825 3592 909 3648 l8.
946 3592 1012 3647 Et
1052 3595 1236 3659 venite,
1263 3602 1314 3646 et
1349 3593 1716 3663 disceptemus,
1746 3593 1873 3648 dicit
1915 3593 2020 3647 Do-

444 3685 639 3739 minus.
679 3684 796 3738 Etsi
827 3685 1021 3754 fuerint
1065 3696 1276 3749 peccata
1309 3694 1477 3738 vestra
1512 3695 1566 3737 ut
1599 3685 2019 3754 purpura,quusi

446 3777 611 3829 nivem
636 3775 929 3837 dealbubo;
963 3776 1057 3828 etsi
1093 3776 1286 3843 fuerint
1326 3784 1382 3827 ut
1414 3776 1704 3839 coccinum,
1749 3775 1902 3844 quasi
1936 3774 2020 3828 la-

447 3883 570 3919 nam
605 3866 877 3921 dealbabo.
927 3865 1203 3935 Ejusmodi
1256 3867 1559 3921 sententias
1612 3865 1931 3935 plerumque
1967 3865 2018 3918 in

450 3958 724 4025 Scriptura
752 3957 1073 4025 reperimus,
1102 3958 1256 4026 quasi
1295 3956 1434 4012 Deus
1471 3959 1586 4026 pari
1613 3957 1732 4026 jure
1769 3974 1890 4012 cum
1926 3957 2023 4011 hoc

449 4046 685 4100 minibus
715 4044 768 4098 in
791 4044 1053 4114 judicium
1096 4045 1409 4099 descendat.
1438 4043 1565 4099 Tale
1603 4060 1833 4114 namque
1861 4055 1941 4099 est
1968 4054 2023 4098 et

450 4135 579 4189 illud
604 4150 620 4191 :
644 4132 764 4203 Ipse
808 4132 1064 4186 Dominus
1115 4134 1279 4187 veniet
1309 4136 1376 4187 ad
1403 4134 1664 4203 judicium
1701 4152 1817 4188 cum
1851 4136 2022 4188 senio-

449 4227 592 4281 ribus
614 4224 790 4295 p0puli
820 4225 914 4291 sui
954 4235 1002 4277 et
1041 4241 1159 4278 cum
1206 4227 1527 4295 principibus
1551 4228 1665 4296 ejus
1687 4227 1752 4280 “.
1784 4227 1914 4281 item
1956 4226 2017 4280 il-

452 4317 565 4384 lud,
598 4317 740 4387 quod
760 4317 841 4370 sic
862 4330 920 4370 se
945 4315 1108 4369 habet
1134 4317 1185 4369 in
1221 4298 1443 4372 Michaea
1470 4332 1485 4369 :
1516 4318 1711 4372 Audite
1741 4333 1878 4372 nunc
1904 4333 2022 4372 ver-

521 4479 570 4513 ³³
595 4477 741 4534 Psal.
772 4491 926 4543 cvm,
947 4477 1004 4532 9.
1077 4478 1124 4509 ³*
1154 4475 1258 4532 lsa.
1278 4477 1456 4545 1",”.

524 4613 642 4686 (90)
670 4611 836 4686 Editi,
869 4608 1257 4686 ὲπιϐαλούσης.
1281 4611 1354 4666 At
1398 4612 1638 4686 quinque
1699 4626 1852 4677 mss.,
1894 4611 2013 4686 ὲπι-

2194 4609 2306 4686 (95)
2338 4608 2470 4686 Reg.
2519 4611 2716 4664 tertius
2747 4619 2803 4663 et
2838 4609 2989 4686 alter.
3029 4624 3156 4686 ms"

452 4682 775 4754 ϐαλλοῦσης,
800 4682 1045 4754 Scriptor
1069 4682 1292 4754 pecces
1327 4685 1418 4752 qui
1455 4683 2013 4754 dispe_nsa_nt_omnia,

456 4771 564 4810 non
599 4750 735 4809 alios
765 4750 1096 4806 intellexisse
1135 4750 1368 4816 videtur,
1405 4767 1568 4822 quam
1593 4751 1850 4806 Ecclesiae
1875 4766 2012 4821 pra-

454 4824 888 4968 [ὲῖζῖίίξοάἰοεε
913 4896 1153 4968 Quinque
1185 4891 1466 4968 ἑστι-ξεί,
1483 4891 1645 4968 Deis}
1670 4889 1867 4968 “in!”
1901 4891 2017 4944 edi”

456 4959 545 5046 tis.
569 4959 1261 5046 .lbitletnmonitulli'mss.,
1298 4963 1329 5015 ὁ
1359 4959 1681 5033 Ψαλμῳδός.
1728 4959 1834 5014 Alii
1890 4973 2014 5015 cum

452 5034 636 5096 editis,
671 5033 700 5084 ό
717 5033 951 5109 ψαλμός.

452 5100 777 5205 ..ᾼθζὲιρὲἐξ
811 5100 1351 5205 ριιξξξξξηξξξιξιιξξτ·
1382 5098 2013 5205 gessimus:

452 5170 778 5244 προσώπων.
811 5170 1007 5230 Statim
1057 5185 1166 5227 tres
1196 5187 1352 5236 mss.,
1380 5170 1720 5234 εὐεπίϐατος.
1766 5172 1872 5224 Alii
1909 5176 2015 5224 duo

452 5253 508 5298 et
531 5243 684 5305 editi,
711 5244 1050 5300 εὐεπίϐατον.
1077 5241 1318 5313 Subinde
1348 5255 1578 5313 quatuor
1608 5256 1762 5313 mss.,
1783 5235 1852 5313 ἧς
1877 5256 2014 5313 παν-

451 5313 612 5385 τοίως
649 5313 1162 5385 ἀντιλαμϐάνεσθαι,
1188 5311 1263 5385 *τὸ
1287 5310 1639 5385 ὀφειλόμενονΔ
1657 5310 1863 5385 δίκαιον
1882 5311 2016 5364 ἀπο-

451 5382 722 5445 διδόντας*
757 5380 855 5440 ubi
901 5395 1027 5437 ante
1091 5382 1312 5435 verbum
1332 5380 1837 5452 ‘dtvjctluuﬁévecrOat
1865 5396 2013 5452 snp-

455 5452 704 5519 piendum
735 5467 857 5508 esse
878 5453 960 5506 δεῖ
1002 5453 1138 5508 satis
1162 5452 1352 5520 liquet.
1381 5449 1607 5506 Editi'et
1628 5449 1761 5520 Reg.
1795 5450 2007 5522 primus
2080 5464 2095 5473 ‘

455 5533 513 5576 ut
542 5522 595 5574 in
631 5534 906 5577 contextu.

547 5589 616 5644 93
670 5592 743 5645 Ita
769 5593 1008 5661 quinque
1038 5606 1168 5646 mss.
1195 5589 1266 5644 At
1296 5590 1450 5659 editi,
1480 5592 1515 5662 ἡ
1534 5591 1681 5662 χήρα
1703 5584 1760 5660 ᾖ.

524 5591 639 5731 i915;
671 5659 921 5719 Nonnulli
949 5678 1105 5726 mss.,
1137 5659 1292 5715 Θεοῦ.
1482 5715 1485 5719 .

719 5677 921 5719 onnutu
949 5678 1105 5726 mss.,
1137 5677 1292 5715 δεου.
1482 5715 1485 5719 _

2103 941 2218 994 ἐστί
2254 940 2365 1010 (9|)
2393 958 2478 1003 τις
2504 937 2737 1010 ὀρφανία
2764 934 3069 1005 λυσιτελὴς,
3108 938 3136 988 ό
3175 934 3392 1004 ψαλμὸς
3412 933 3679 995 δείγνυσι,

2102 1036 2216 1097 τοῖς
2258 1033 2427 1086 Ἰούδα
2478 1033 2692 1093 τέκνοις
2727 1030 2825 1100 τὴν
2855 1029 2961 1081 ἀπὸ
2992 1026 3086 1080 τοῦ
3136 1026 3372 1096 πονηροῦ
3422 1026 3685 1095 στέρησιν

2104 1125 2488 1195 ἐπευχόμενος.
2521 1122 2707 1185 Οὕτως
2738 1121 2846 1189 γὰρ
2871 1121 2930 1173 τὸ
2957 1119 3175 1186 εῦλογον
3212 1121 3244 1188 ἡ
3283 1119 3415 1189 εὐχὴ
3441 1120 3683 1190 φανήσε-

2103 1236 2194 1272 ται
2223 1216 2437 1286 ἔχουσα,
2480 1217 2512 1287 ἡ
2540 1215 2774 1283 λέγουσα
2793 1230 2806 1242 ·
2841 1213 3319 1281 Γεννηθήτωσαν
3349 1214 3403 1265 οἱ
3428 1212 3543 1266 υἱοὶ
3574 1214 3686 1266 αὑ-

2106 1309 2211 1362 τοῦ
2244 1308 2493 1377 ὀρφανοί
2512 1325 2524 1339 ο
2554 1307 2641 1360 ἵνα
2684 1307 2758 1377 μὴ
2799 1305 2960 1377 ἔχωσι
3005 1305 3237 1375 πονηρὸν
3269 1304 3361 1357 τοῦ
3399 1304 3511 1374 βίου
3536 1305 3687 1358 διδά-

2110 1401 2302 1454 σκαλον
2322 1416 2335 1429 ·
2372 1399 2461 1453 διὰ
2492 1398 2591 1469 τὴν
2617 1398 2770 1451 νόσον
2803 1399 2900 1468 τῆς
2929 1397 3291 1468 φιλαργυρίας
3318 1398 3385 1450 τὰ
3413 1397 3507 1450 τοῦ
3552 1398 3687 1451 κλέ-

2109 1508 2241 1544 πτου
2275 1490 2369 1543 καὶ
2404 1487 2499 1541 τοῦ
2546 1488 2806 1559 προδότου
2847 1485 3269 1557 καταδεξάμενοι
3320 1487 3519 1557 ὀνείδη.
3570 1488 3688 1544 Καὶ

2109 1582 2459 1636 δικαιώσατε
2484 1580 2696 1650 χήραν.
2728 1578 2837 1632 Καὶ
2861 1580 3018 1632 τοῦτο
3049 1579 3115 1632 δι’
3148 1579 3428 1633 ἀσθένειαν
3457 1582 3516 1634 ἐν
3551 1582 3685 1635 πολ-

2111 1680 2220 1739 λοῖς
2273 1672 2379 1727 τῶν
2432 1675 2572 1727 κατὰ
2626 1672 2717 1726 τὸν
2767 1670 2877 1740 βίον
2920 1669 3309 1742 ἐλαττούμενόν
3351 1674 3465 1724 ἐστι
3514 1673 3688 1743 πρόσ-

2112 1784 2259 1821 ωπον
2278 1765 2408 1836 (92).
2430 1763 2762 1826 Εὑεπίϐατος
2786 1762 2894 1833 γὰρ
2921 1765 3032 1826 τοῖς
3058 1762 3395 1834 βουλομένοις
3422 1763 3627 1817 ἀδικεῖν
3647 1766 3683 1837 ἡ

2113 1854 2305 1930 χηρεία
2325 1874 2337 1886 ·
2369 1852 2435 1928 ἧς
2457 1854 2722 1917 παντοίως
2744 1850 3222 1922 ἀντιλαμϐάνεσθε,
3248 1852 3307 1905 τὸ
3336 1854 3686 1924 ὀφειλόμενον

2113 1948 2318 2000 δίκαιον
2351 1945 2688 2007 ἀποδιδόντες
2719 1945 2880 2014 αὐτῇ,
2921 1943 3015 1996 καὶ
3052 1942 3284 2013 μάλιστα
3318 1944 3411 1997 ἐὰν
3442 1945 3616 2009 ὅντως

2115 2041 2257 2110 χήρα
2289 2038 2400 2105 (95)
2437 2035 2795 2107 μεμονωμένη
2826 2034 2933 2088 ἀπὸ
2970 2033 3071 2103 τῆς
3106 2035 3216 2089 τῶν
3243 2033 3544 2107 ἀνθρώπων
3566 2040 3690 2092 ὲπι-

2117 2129 2340 2201 κουρίας
2364 2144 2378 2159 ο
2416 2128 2595 2180 πᾶσαν
2627 2126 2683 2178 δὲ
2719 2126 2818 2197 τὴν
2857 2125 3047 2179 ἐλπίδα
3075 2127 3168 2179 ἐπὶ
3196 2127 3290 2180 τὸν
3324 2126 3455 2180 Θεὸν
3489 2126 3685 2198 ἔχουσα

2117 2220 2212 2273 καὶ
2241 2219 2621 2290 προσμένουσα
2646 2219 2763 2280 ταῖς
2784 2217 3052 2288 δεήσεσιν,
3076 2214 3151 2281 ὡς
3188 2219 3284 2271 καὶ
3307 2219 3363 2271 ἐν
3392 2221 3457 2290 τῇ
3493 2220 3694 2293 καρδίᾳ

2117 2310 2226 2363 ἀπὸ
2270 2309 2450 2379 πάσης
2494 2307 2708 2378 κηλῖδος
2751 2306 2841 2360 διὰ
2903 2309 3001 2378 τὴν
3049 2308 3281 2380 ἄσκησιν
3333 2311 3689 2382 καθαρεύειν.

2130 2401 2345 2472 Ἐπειδὴ
2365 2401 2421 2453 δὲ
2453 2400 2528 2464 ὡς
2553 2401 2679 2472 περὶ
2708 2400 2926 2472 νύμφης
2959 2402 3148 2455 ἑαυτοῦ
3186 2403 3287 2473 τῆς
3336 2404 3429 2457 τοῦ
3476 2404 3693 2477 ἀνθρώ-

2120 2508 2222 2545 που
2248 2491 2426 2561 ψυχῆς
2449 2489 2715 2561 πολλαχοῦ
2752 2492 2852 2561 τῆς
2890 2491 3111 2563 Γραφῆς
3136 2495 3164 2545 ὁ
3197 2493 3329 2556 Θεὸς
3358 2493 3689 2563 διαλέγεται,

2121 2583 2204 2654 εἴη
2244 2582 2309 2636 ἂν
2341 2584 2486 2653 χήρα
2519 2583 2612 2635 καὶ
2645 2583 2679 2653 ἡ
2711 2582 2777 2634 δι’
2808 2583 3142 2638 ἀποστασίαν
3181 2583 3419 2656 Χριστοῦ
3454 2586 3568 2655 (94)
3604 2586 3694 2640 διὰ

2120 2675 2220 2745 τῆς
2261 2674 2696 2744 εἱδωλολατρείας
2745 2671 2951 2744 νοητῶς
2992 2673 3422 2745 ὲκπορνεύσασα,
3467 2677 3693 2746 καὶτῆς

2119 2766 2214 2820 τοῦ
2248 2767 2480 2837 νυμφίου
2512 2767 2685 2834 Λόγου
2740 2766 3034 2834 συναφείας
3086 2766 3420 2836 ἐστερημένη
3447 2808 3462 2832 ,
3507 2768 3575 2838 ἥν
3613 2767 3696 2821 δεῖ

2129 2859 2468 2914 δικαιοῦσθαι
2493 2859 2580 2912 διὰ
2614 2858 2672 2911 τὸ
2692 2858 2790 2928 τῆς
2817 2857 3099 2928 μετανοίας
3125 2857 3395 2927 δικαίωμα
3435 2858 3696 2912 παιδευο-

2125 2952 2311 3023 μένην.
2343 2952 2415 3004 Ἢ
2440 2949 2626 3022 ἐπειδὴ
2656 2949 2821 3021 ή(95)
2848 2948 2987 3003 κατὰ
3017 2950 3195 3021 σάρκα
3221 2949 3432 3020 Ἰσραὴλ
3460 2948 3696 3021 Ἐκκλη-

2126 3044 2215 3098 σία
2244 3046 2390 3116 χήρα
2432 3043 2602 3105 ἐστὶν,
2638 3040 3062 3113 ὲλευθερωθεῖσα
3083 3039 3177 3093 τοῦ
3219 3040 3381 3109 ζυγοῦ
3416 3042 3518 3112 τῆς
3548 3042 3695 3095 κατὰ

2120 3136 2284 3207 νόμον
2307 3135 2565 3198 δουλείας,
2601 3133 2741 3186 ὥστε
2782 3132 2980 3204 μηκέτι
3007 3132 3286 3204 μοιχαλίδα
3306 3131 3695 3203 χρηματίζειν,

2120 3226 2417 3297 γενομένην
2443 3225 2596 3298 ἀνδρὶ
2630 3223 2797 3295 ἑτέρῳ
2823 3223 2903 3295 τῷ
2941 3224 3407 3296 καθαρμοζομένῳ
3422 3227 3595 3297 αὐτὴν
3615 3228 3698 3289 εἰς

2123 3317 2394 3390 σωτηρίαν
2419 3314 2666 3387 Χριστῷ·
2692 3316 2786 3369 καὶ
2815 3314 3016 3386 ταύτην
3050 3315 3384 3370 δικαιοῦσθαι
3416 3317 3524 3389 χρὴ
3559 3319 3696 3388 παρ’

2126 3411 2303 3483 ἡμῶν,
2330 3412 2427 3483 τὴν
2460 3413 2600 3464 κατὰ
2620 3411 2679 3464 τὸ
2698 3410 3025 3481 Εύαγγέλιον
3050 3410 3139 3465 τοῦ
3163 3412 3395 3484 Χριστοῦ
3426 3413 3702 3467 δικαιοσύ-

2120 3521 2217 3574 νην
2249 3503 2643 3574 μανθάνουσαν.

2192 3596 2280 3648 43.
2304 3594 2413 3647 Καὶ
2442 3592 2632 3659 δεῦτε,
2662 3592 2759 3647 καὶ
2785 3590 3188 3663 διαλεχθῶμεν
3213 3592 3346 3665 (96).
3384 3594 3548 3664 λέγει
3579 3599 3703 3651 Κύ-

2113 3706 2268 3756 ριος.
2323 3688 2432 3742 Καὶ
2482 3687 2591 3741 ἐὰν
2636 3679 2787 3740 ὦσιν
2811 3689 2869 3740 al
2897 3686 3171 3755 ἁμαρτίαι
3200 3685 3365 3756 ὑμῶν
3386 3689 3468 3754 ὼς
3504 3706 3702 3756 φοινι-

2122 3779 2290 3843 κοῦν,
2321 3780 2402 3843 ὡς
2434 3779 2607 3848 χιόνα
2633 3776 3063 3833 λευκανῶοέἁν
3103 3776 3171 3830 δὲ
3202 3773 3353 3832 ὦσιν
3386 3779 3467 3844 ὡς
3496 3781 3702 3836 κόκκιο

2121 3885 2250 3931 νον,
2264 3868 2344 3935 ὠς
2366 3867 2527 3936 ἔριον
2543 3866 2832 3921 λευκανῶ.
2853 3867 3127 3937 Πολλαχοῦ
3151 3868 3247 3939 τῆς
3267 3868 3488 3940 Γραφῆς
3510 3871 3704 3927 τοιαύ.

2120 3975 2218 4022 τας
2241 3957 2433 4029 ἔχομεν
2455 3957 2648 4021 λέξεις,
2680 3957 2755 4020 ὼς
2773 3958 3049 4028 ὁμοτίμως
3071 3956 3164 4010 τοῦ
3194 3958 3328 4011 Θεοῦ
3350 3962 3461 4023 τοῖς
3484 3961 3701 4034 ἀνθρώ-

2123 4067 2243 4112 ποις
2290 4050 2368 4113 εἰς
2423 4050 2601 4120 κρίσιν
2666 4047 3208 4117 συγκαταϐαίνοντος.
3278 4050 3530 4104 Τοιοῦτον
3587 4055 3702 4123 γάρ

2122 4142 2237 4193 ἐστι
2267 4139 2361 4192 καὶ
2386 4139 2465 4202 τὸ,
2494 4138 2690 4205 Αὐτὸς
2722 4141 2753 4192 ὁ
2781 4139 2997 4206 Κύριος
3027 4137 3159 4206 ἥξει
3195 4142 3283 4206 εις
3320 4141 3527 4208 κρίσιν
3543 4144 3704 4212 μετὰ

2121 4231 2240 4285 τῶν
2290 4229 2708 4299 πρεσϐυτέρων
2757 4230 2864 4284 τοῦ
2916 4230 3067 4284 λαοῦ
3112 4230 3297 4284 αὐτοῦ
3325 4269 3339 4292 ,
3400 4231 3495 4285 καὶ
3543 4233 3701 4301 μετὰ

2121 4322 2241 4376 τῶν
2290 4321 2597 4392 ἀρχόντων
2637 4321 2823 4376 αὐτοῦ
2852 4337 2866 4352 ο
2908 4321 3002 4374 καὶ
3037 4321 3098 4374 τὸ
3135 4321 3192 4376 ὲν
3232 4320 3311 4392 τῷ
3343 4321 3556 4395 Μιχαία
3604 4324 3703 4376 οῦ-

3239 4646 3255 4663 .
3322 4608 3488 4665 Editi.
3520 4612 3572 4664 ὀ.
3609 4610 3694 4665 Ad

2194 4610 2306 4683 (95)
2338 4610 2470 4678 Reg.
2519 4611 2716 4664 tertius
2747 4619 2803 4663 et
2838 4610 2976 4662 alter
3029 4624 3156 4669 ms..
3194 4610 3255 4680 ἡ.
3322 4610 3488 4677 Editi,
3520 4612 3572 4664 ὀ.
3609 4610 3694 4665 Ad

2129 4684 2356 4737 verbum
2388 4682 2658 4749 interpres
2703 4688 2859 4749 vetus
2892 4697 2906 4733 :
2947 4678 3040 4733 Vel
3061 4680 3483 4749 quandoquidem
3521 4679 3701 4734 Israel

2127 4751 2411 4805 secundum
2446 4747 2677 4814 carnem,
2704 4747 2944 4802 Ecclesia
2973 4747 3131 4818 vidua
3162 4757 3260 4801 est.
3290 4747 3333 4802 Α
3364 4750 3565 4818 quibus
3589 4766 3697 4804 non

2125 4823 2197 4874 ita
2234 4820 2459 4873 multum
2508 4819 2774 4872 abludunt
2803 4819 2920 4872 haec
2970 4817 3216 4886 Procopii
3251 4817 3414 4871 verba
3451 4836 3465 4872 :
3499 4818 3701 4883 Εἴποις

2120 4890 2166 4943 δ’
2200 4889 2277 4960 ἂν
2294 4891 2468 4960 χήραν
2495 4888 2590 4960 καὶ
2635 4888 2734 4958 τὴν
2780 4886 2924 4943 κατὰ
2975 4887 3158 4960 σάρκα
3206 4886 3314 4941 τῶν
3329 4887 3699 4960 -Ίσραηλιτῶν

2137 4955 2494 5031 Ἐκκλησίαν·
2548 4955 2733 5031 Possis
2761 4960 2927 5031 etiam
2964 4955 3699 5031 Ecciesiam‘rlsraehiarum

2124 5026 2409 5085 secundum
2434 5043 2663 5093 carnem,
2688 5027 2901 5081 viduam
2940 5027 3222 5093 appellare.
3253 5026 3555 5081 Obscurum
3587 5042 3697 5082 non

2118 5111 2221 5159 est.
2279 5110 2335 5152 ut
2391 5099 2600 5152 notavit
2659 5097 2907 5158 Ducaaus.
2965 5095 3352 5150 Commentarii
3408 5106 3695 5150 auctorem

2120 5170 2248 5223 dum
2302 5168 2608 5237 statimrita
2655 5166 2915 5235 loquitur,
2963 5165 3261 5237 γενομένην
3286 5165 3480 5237 δνδρὶ,
3521 5167 3698 5237 ἑτέρῳ

2118 5238 2218 5309 τῷ,
2242 5249 2370 5302 etc.,
2397 5239 2464 5290 ad
2490 5234 2966 5309 Apostoligdictum
2993 5234 3251 5309 alludere.
3284 5234 3325 5289 ll
3353 5234 3477 5309 Cor.
3507 5251 3591 5309 ξιτ,
3613 5234 3650 5289 2
3669 5234 3692 5286 ἐ

2132 5303 2492 5380 Ἠρμοσάμην
2517 5303 2627 5378 γὰρ
2651 5306 2795 5377 ὑμᾶς
2819 5306 2900 5359 ἑνὶ
2929 5304 3083 5377 ἀνδρί
3101 5320 3115 5334 ο
3143 5303 3410 5374 Despondi
3436 5306 3577 5358 enim
3606 5321 3696 5359 vos

2120 5395 2211 5432 um
2240 5394 2368 5432 mro.

2192 5447 2491 5519 (96)-Ειίίιί
2540 5461 2664 5503 cum
2696 5445 2829 5516 Reg.
2881 5445 3060 5519 primo
3099 5452 3159 5500 et=
3185 5442 3364 5519 tertio.
3393 5442 3694 5519 διαλεχθῶ-

2121 5514 2248 5589 μεν,
2288 5514 2679 5589 '_l)_isputemus;
2710 5514 2836 5589 Anéc
2882 5514 3062 5569 aliter
3131 5514 3349 5589 scripsit
3400 5514 3692 5589 Eusentus.

2115 5582 2270 5656 Apud
2307 5582 2445 5641 LXX
2474 5602 2601 5641 vero
2625 5596 2681 5641 et
2709 5585 2765 5642 in
2806 5596 3039 5656 quatuor
3071 5599 3204 5640 mss.
3234 5585 3457 5655 legitur,
3488 5582 3697 5652 διελεγ-

2116 5656 2358 5728 χθῶμεν,
2380 5671 2688 5727 arguantur.
