3828 6216
320 303 445 361 .203

1279 294 1622 354 APPENDIX
1659 292 1945 351 OPERUM
1985 294 2043 350 S.
2084 293 2331 354 BASILII
2372 298 2608 356 MAGNI.

3473 302 3587 359 204

340 420 430 477 ιω*
461 423 697 487 rubore;
736 418 823 475 illa
867 418 1083 489 quidem
1130 431 1254 473 cum
1305 418 1448 484 nive,
1477 417 1579 473 hoc
1607 430 1733 472 vero
1779 430 1898 471 cum

2006 417 2062 472 δὲ
2092 418 2342 474 κόκκινον
2371 418 2667 491 βαθύτερόν
2697 420 2811 472 ἐστι
2852 418 2947 472 καὶ
2976 419 3296 492 κατακόρως
3323 421 3586 492 ἐρυθρὸν,

337 513 461 570 lana
491 512 865 585 cognationem
907 512 1108 567 habere
1144 518 1419 565 censetur.
1450 508 1634 579 Itaque
1665 523 1789 564 cum
1815 523 1905 562 ru-

336 606 440 662 bro
469 598 650 661 colore
682 613 865 658 nostra
899 610 1284 672 comparantur
1326 610 1576 672 peccata,
1614 599 1761 672 quod
1787 599 1907 654 ani-

338 713 460 753 mas
488 697 780 769 perimant.
811 694 1347 765 thuemadmodum
1371 694 1427 749 in
1466 694 1734 759 tiucturis,
1760 693 1906 763 quod

338 788 614 844 multoties
634 797 687 842 et
718 802 840 841 cum
871 787 1047 841 multo
1078 785 1263 841 labore
1297 785 1523 841 tinctum
1568 795 1672 851 est,
1708 785 1905 841 tinctu-

337 894 455 932 ram
495 878 706 933 ﬁrmius
747 877 1219 942 itihairescentem,
1245 885 1301 931 et
1327 891 1446 947 qua:
1470 877 1561 931 vix
1587 876 1693 932 elui
1718 884 1902 945 queat,

336 969 538 1040 excipit
566 986 581 1024 :
613 968 756 1038 quod
791 976 969 1022 autem
1001 960 1309 1038 superﬁcie'
1324 977 1481 1022 tenus
1511 975 1565 1024 et
1593 968 1904 1037 perfuncto-

334 1063 415 1116 rie
447 1060 745 1114 coloratum
784 1068 890 1123 est,
945 1059 1233 1114 tincturam
1279 1075 1398 1131 qua:
1433 1058 1671 1114 amoveri
1715 1067 1772 1114 et
1804 1058 1903 1113 ab-

334 1151 500 1221 stergi
532 1150 692 1205 facile
731 1150 903 1220 possit
946 1149 1135 1213 habet,
1166 1149 1239 1203 ita
1279 1159 1335 1205 et
1360 1150 1543 1205 anima
1582 1148 1809 1215 imbuta,
1846 1158 1903 1204 et

333 1244 392 1300 in
436 1253 657 1315 peccato
709 1244 835 1298 mali
890 1243 1207 1299 habitudine
1256 1244 1569 1311 constituta,
1610 1243 1902 1315 quamdam

330 1337 539 1407 peccati
574 1334 840 1391 maculam
869 1334 959 1390 vix
985 1334 1267 1390 delebilem
1295 1344 1352 1391 et
1382 1336 1537 1406 quasi
1576 1336 1812 1390 inustam
1846 1336 1901 1390 in

332 1444 394 1484 se
444 1428 727 1497 imprimit.
769 1426 899 1495 Sed,
943 1427 1069 1482 dum
1101 1427 1279 1483 minus
1300 1437 1354 1483 et
1385 1427 1542 1498 quasi
1579 1428 1633 1482 in
1665 1428 1900 1483 tenuiori

328 1519 623 1589 superﬁcie
657 1519 884 1574 inhaeret
937 1517 1103 1584 malo,
1154 1518 1336 1574 colore
1387 1518 1651 1574 debiliore
1700 1517 1901 1574 infecta

330 1621 437 1678 est,
478 1612 715 1681 itemque
745 1603 960 1666 leviore
1004 1618 1226 1680 peccato
1268 1609 1601 1676 deformata,
1651 1609 1901 1680 quando-

330 1703 550 1773 quidem
604 1716 702 1771 pro
750 1710 1098 1770 peccatorum
1156 1702 1366 1756 ratione
1404 1701 1524 1771 plus
1572 1710 1668 1757 aut
1723 1701 1901 1756 minus

330 1793 541 1849 accedit
575 1790 796 1847 coloris.
840 1790 1109 1847 Catterum
1140 1807 1238 1846 cur
1273 1792 1339 1846 ad
1373 1793 1781 1862 exprimendam
1808 1808 1897 1846 re-

328 1900 451 1939 rum
482 1885 725 1941 albarum
760 1885 1170 1940 similitudinem
1213 1885 1306 1939 nix
1354 1895 1409 1940 et
1442 1886 1566 1941 lana
1609 1897 1900 1957 assumpta:

328 1977 490 2032 sunt?
522 1970 675 2044 Quod
707 1976 828 2030 lana
874 1986 1068 2047 suapte
1093 1984 1286 2031 natura
1316 1978 1437 2032 alba
1465 1993 1586 2033 cum
1615 1978 1707 2044 sit;
1733 1978 1779 2034 si
1819 1979 1901 2034 di-

329 2068 555 2136 ligenter
589 2075 946 2136 praeparatur,
984 2067 1157 2135 magis
1184 2068 1306 2123 alba
1335 2083 1496 2138 quam
1523 2084 1619 2138 per
1658 2083 1718 2124 se
1758 2079 1897 2133 erat,

326 2158 591 2213 redditur.
622 2156 742 2211 Jam
770 2172 898 2211 vero
929 2163 986 2210 et
1025 2155 1262 2211 hominis
1294 2144 1402 2212 vita
1438 2171 1534 2226 per
1560 2173 1741 2213 rerum
1766 2157 1901 2212 divi-

328 2264 521 2304 narum
566 2248 972 2303 meditationem
1022 2248 1313 2319 perﬁciens
1370 2258 1579 2304 naturae
1628 2248 1895 2315 subsidia,

327 2339 394 2392 ad
418 2337 713 2392 auctiorem
739 2352 803 2392 ac
849 2335 1020 2391 multo
1043 2336 1459 2392 cumulatiorem
1483 2337 1739 2391 virtutem
1773 2352 1898 2406 pro-

326 2427 478 2497 gredi
515 2434 713 2496 potest.
754 2424 823 2480 Et
856 2433 1006 2481 certe
1039 2426 1157 2493 nix,
1186 2440 1307 2496 quae
1340 2442 1439 2497 pro
1468 2426 1712 2498 subjecto
1737 2427 1901 2483 habet

327 2533 547 2586 aquam,
581 2519 722 2572 aeris
765 2518 1078 2574 accessione
1114 2518 1400 2574 inalbescit
1443 2527 1577 2585 tum,
1622 2533 1743 2574 cum
1788 2534 1899 2588 pra

326 2616 610 2662 ventorum
639 2606 894 2661 violentia
926 2609 1119 2662 humor
1151 2607 1206 2662 in
1245 2607 1477 2663 nubibus
1518 2616 1779 2665 contusus
1798 2623 1899 2679 per

325 2701 701 2756 vehementem
732 2707 938 2754 motum
962 2698 1018 2753 in
1044 2714 1290 2770 spumam
1326 2699 1661 2767 intumescit,
1689 2709 1745 2756 et
1772 2715 1896 2755 cum

326 2804 427 2859 per
457 2788 601 2844 aeris
640 2786 1105 2858 refrigerationem
1147 2788 1474 2844 addeusatus
1510 2798 1732 2858 accepta
1766 2803 1897 2844 cen-

329 2879 573 2936 cretione
604 2888 659 2934 et
681 2877 968 2949 gravitate,
994 2878 1226 2933 naturali
1256 2879 1462 2949 impetu
1492 2879 1747 2935 deorsum
1776 2879 1893 2935 fer-

328 2981 435 3027 tur.
478 2969 633 3025 Hunc
671 2970 739 3024 ad
780 2972 995 3029 modum
1036 2978 1093 3024 et
1123 2970 1327 3037 anima,
1364 2985 1485 3041 qua:
1509 2970 1781 3026 naturales
1809 2970 1895 3025 fa-

2004 508 2067 562 τὸ
2097 509 2196 579 μὲν
2224 510 2358 581 πρὸς
2382 510 2555 580 χιόνα,
2584 508 2644 562 τὸ
2670 509 2726 561 δὲ
2761 510 2896 579 πρὸς
2934 508 3079 580 ἔριον
3109 510 3299 564 λευκὸν
3322 511 3421 583 τὴν
3448 513 3590 568 ἀναν-

2005 600 2188 669 λογίαν
2217 600 2359 671 ἔχειν
2390 600 2604 673 ἐκρίθη.
2644 599 2878 670 Ἐρυθρᾷ
2910 600 3006 670 μὲν
3030 595 3123 653 οὖν
3148 602 3285 673 χρόα
3308 604 3587 672 παρεικά-

2006 691 2187 754 ζονται
2235 694 2291 745 αἱ
2326 692 2591 763 ἁμαρτίαι
2633 691 2812 762 ήμῶν,
2858 691 2946 744 διὰ
2987 692 3050 744 τὸ
3093 693 3406 765 φονικαὶ(5)
3438 690 3586 750 εἶναι

2003 782 2113 836 τῶν
2143 780 2349 855 ψυχῶν.
2378 784 2488 836 Καὶ
2511 782 2700 853 ὥσπερ
2727 785 2785 836 ἐν
2809 785 2922 847 τοῖς
2952 781 3203 854 βάμμασι
3232 783 3295 837 τὸ
3327 785 3425 855 μὲν
3451 785 3586 839 πολ-

2004 871 2160 936 λάκις
2203 872 2297 926 καὶ
2340 872 2640 942 φιλοπόνως
2674 875 3009 944 καταϐαφὲν,
3047 879 3425 952 μονιμωτέραν
3458 900 3585 946 πως

2003 964 2097 1018 καὶ
2146 964 2477 1019 ἀνέκπλυτον
2493 964 2570 1035 (4)
2624 963 2724 1036 τὴν
2775 963 2952 1036 βαφὴν
3004 968 3381 1038 καταδέχεται,
3432 971 3493 1025 τὺ
3520 974 3585 1027 δὲ

2003 1055 2334 1120 ἐπιπολαίως
2377 1057 2470 1111 καὶ
2522 1059 2588 1111 ὲκ
2634 1055 2727 1110 τοῦ
2780 1059 3183 1129 παρατυχόντος
3214 1063 3581 1135 ὲπιχρωσθὲν,

2003 1149 2282 1220 εὐκίνητον
2317 1147 2428 1219 ἔχει
2485 1149 2578 1202 καὶ
2624 1150 2996 1204 εὑαπόπλυτον
3041 1151 3141 1223 τὴν
3186 1153 3397 1224 βαφήν
3431 1155 3584 1211 οὕτω

2002 1240 2097 1294 καὶ
2135 1240 2281 1311 ψυχὴ
2315 1242 2607 1296 ποιωθεῖσα
2638 1242 2741 1296 ὑπὸ
2766 1242 2869 1313 τῆς
2909 1245 3202 1315 ἁμαρτίας,
3237 1247 3333 1301 καὶ
3363 1248 3422 1303 ὲν
3461 1247 3581 1313 ἔξει

2001 1332 2097 1386 τοῦ
2142 1333 2315 1387 κακοῦ
2352 1335 2638 1405 γενομένη,
2688 1335 3040 1391 δυσέκνιπτον
3068 1338 3161 1392 καὶ
3202 1341 3364 1394 οἱονεὶ
3408 1342 3581 1411 ὲγκε-

2002 1420 2271 1491 καυμένον
2303 1421 2391 1474 τὸν
2433 1423 2499 1475 ὲκ
2532 1421 2638 1475 τῶν
2671 1424 3081 1496 ἁμαρτημάτων
3111 1428 3420 1500 ἀνεμάξατο
3447 1435 3579 1487 σπῖ-

2001 1510 2110 1565 λον.
2155 1512 2271 1566 Ἐπ’
2299 1512 2518 1567 ἔλαττον
2546 1514 2623 1577 δὲ,
2641 1515 2734 1568 καὶ
2759 1518 2921 1570 οἱονεὶ
2942 1518 3382 1593 ἐπιπολαιότερον
3408 1540 3583 1595 προσ-

2000 1600 2329 1687 διατρίψασαι
2368 1603 2448 1675 τῷ
2486 1604 2663 1676 κακῷ,
2713 1607 3069 1679 ὑδαρέστερον
3098 1609 3345 1684 ὲχρὼσθη
3375 1612 3453 1684 (5)
3480 1616 3581 1669 καὶ

2002 1693 2378 1767 κατεσπιλὼθη
2423 1696 2499 1767 τῷ
2531 1697 2907 1769 ἁμαρτήματι,
2939 1699 3086 1754 κατὰ
3125 1702 3227 1771 τὴν
3253 1702 3363 1756 τῶν
3397 1705 3581 1777 ἁμαρ-

1929 1758 1974 1812 B
2000 1787 2258 1858 τημάτων
2309 1758 2601 1856 ἀναλογίαν
2647 1758 2768 1841 ἐπὶ..
2792 1758 2950 1844 πλέον
2997 1791 3031 1863 ἦ
3083 1758 3581 1870 ἐπἸἔλαττυνιτῖἷις

2001 1879 2166 1949 χρόας
2211 1880 2561 1952 ἐπελθούσης.
2597 1882 2696 1935 Διὰ
2736 1882 2791 1935 τί
2832 1884 2890 1936 δὲ
2931 1884 3040 1937 τῶν
3072 1885 3280 1943 λευκῶν
3315 1889 3447 1959 χιὼν
3480 1892 3578 1944 καὶ

2000 1970 2144 2042 ἔριον
2185 1974 2262 2036 είς
2294 1973 2393 2043 τὴν
2423 1973 2605 2050 εἰκόνα
2639 1974 2999 2047 παρελήφθης
3031 1978 3154 2031 ’Ότι
3182 1979 3427 2046 φυσικῶς
3452 1980 3581 2034 λευ-

2001 2062 2095 2116 κὸν
2129 2064 2371 2136 ὑπάρχον
2387 2065 2445 2118 τὸ
2463 2064 2625 2136 ἔριον,
2657 2067 2848 2119 ἑαυτοῦ
2874 2067 2932 2133 ἐξ
2964 2071 3280 2141 ἐπιμελείας
3312 2072 3571 2127 λευκότει

2002 2172 2095 2225 ρον
2125 2155 2352 2223 γίνεται.
2398 2157 2507 2211 Καὶ
2555 2156 2836 2229 ἀνθρώπου
2869 2161 3047 2215 τοίνυν
3072 2164 3100 2216 ό
3142 2164 3256 2233 βίος
3285 2164 3384 2230 τὰς
3412 2152 3594 2236 φυσιέ

2000 2241 2103 2306 κάς
2128 2243 2381 2317 ἀφορμὰς
2412 2243 2473 2309 ἐξ
2500 2246 2781 2316 ἀσκήσεως
2817 2248 3058 2314 τελειῶν,
3091 2250 3184 2304 ἐπὶ
3215 2251 3350 2304 πολὺ
3380 2251 3582 2323 προελ-

2000 2332 2113 2387 θεῖν
2140 2334 2240 2404 τῆς
2271 2335 2473 2406 ἀρετῆς
2518 2336 2761 2391 δύναται.
2796 2340 2908 2392 Καὶ
2951 2342 2983 2409 ἡ
3029 2340 3162 2411 χιὼν
3189 2342 3391 2409 τοίνυν,
3428 2343 3581 2418 ὕδωρ

1998 2418 2131 2476 οὖσα
2158 2423 2236 2495 τῷ
2273 2425 2639 2497 ὑποκειμένῳ,
2668 2430 2734 2499 τῇ
2766 2429 2860 2482 τοῦ
2891 2430 3052 2503 ἀέρος
3087 2432 3374 2507 προσθήκῃ
3405 2433 3580 2510 λευκὴ

1998 2515 2229 2582 γίνεται,
2256 2516 2384 2570 ὅταν
2422 2520 2487 2571 ὲκ
2515 2519 2617 2589 τῆς
2643 2520 2738 2573 τοῦ
2777 2522 3086 2593 πνεύματος
3120 2523 3239 2595 βίας
3275 2527 3336 2579 τὸ
3364 2528 3424 2581 ὲν
3452 2530 3581 2591 ταῖς

1998 2605 2255 2675 νεφέλαις
2279 2606 2443 2679 ὑγρὸν
2473 2609 2908 2681 ἀνακοπτόμενον
2942 2613 3046 2666 ὑπὸ
3076 2613 3176 2684 μὲν
3207 2615 3305 2684 τῆς
3337 2616 3581 2688 σφοδρᾶς

1998 2698 2262 2770 κινήσεως
2287 2700 2368 2762 είς
2399 2700 2570 2773 ἀφρὸν
2594 2701 2894 2768 ὲξοιδαίνει,
2919 2704 3024 2757 ὑπὸ
3052 2705 3110 2758 δὲ
3140 2706 3241 2777 τῆς
3271 2710 3327 2761 ὲν
3352 2708 3431 2777 τῷ
3452 2709 3581 2780 ἀέρι

1996 2783 2207 2853 ψύξεως
2259 2788 2734 2859 συμπηγνύμενον,
2786 2791 3045 2846 σύστασιν
3093 2793 3256 2848 λαϐὸν
3310 2814 3432 2850 τινα
3479 2797 3581 2851 καὶ

2000 2873 2184 2946 βάρος,
2216 2878 2282 2947 τῇ
2310 2881 2511 2949 φυσικῇ
2537 2881 2674 2951 ῥοπῇ
2710 2881 2936 2953 φέρεται
2965 2884 3101 2954 πρὸς
3131 2886 3192 2938 τὸ
3222 2886 3392 2941 κάτω.
3420 2887 3581 2949 Οὕτω

1998 2967 2091 3019 καὶ
2120 2966 2286 3039 ψυχὴ,
2321 2968 2419 3032 τὰς
2452 2970 2687 3039 φυσικὰς
2727 2972 2981 3044 ἀφορμὰς
3003 2974 3079 3045 (ti)
3104 2975 3279 3046 οἰκεία
3304 2993 3365 3029 τε
3398 2977 3579 3049 duxi;-

328 3065 559 3121 cultates
597 3071 708 3117 tum
749 3077 845 3117 sua
892 3062 1061 3133 ipsius
1086 3077 1273 3133 opera,
1313 3072 1424 3118 tum
1451 3063 1629 3120 sancti
1662 3062 1896 3133 Spiritus

2006 3075 2109 3123 σει,
2152 3060 2245 3113 καὶ
2286 3063 2350 3131 τῇ
2402 3060 2622 3133 βοηθείᾳ
2675 3063 2769 3116 τοῦ
2814 3065 3131 3136 Πνεύματος
3171 3070 3577 3141 συναυξῆσασα,

327 3169 432 3227 Ope
453 3160 610 3210 auxit
631 3165 687 3209 et
716 3153 998 3224 provexit,
1031 3153 1084 3207 in
1105 3155 1254 3224 justo
1275 3152 1368 3208 Dei
1387 3153 1593 3221 judicio
1614 3154 1898 3223 splendore

329 3263 400 3303 ex
437 3248 531 3302 Dei
561 3246 734 3316 gratia
762 3245 967 3301 sanctis
990 3244 1237 3315 praestita
1259 3245 1418 3317 digna
1446 3245 1693 3302 efﬁcitur.

398 3338 659 3395 45.Vsus.
677 3339 767 3403 19,
793 3338 883 3393 20.
908 3336 976 3391 Et
1000 3339 1047 3392 si
1070 3339 1420 3404 volueritis,et
1438 3338 1774 3395 exaudierilis
1796 3356 1896 3406 me,

329 3431 627 3486 bonalerrae
641 3430 915 3484 comedetis
934 3430 1011 3482 :si
1033 3441 1209 3493 autem
1234 3430 1528 3495 nolueritis,
1554 3446 1717 3500 neque
1737 3446 1900 3484 exau-

329 3521 533 3575 dieritis
549 3538 651 3586 me,
671 3521 884 3592 gladius
902 3536 988 3574 vos
1006 3520 1290 3574 devci-abit.
1308 3520 1443 3575 llinc
1459 3521 1694 3575 maxime
1718 3531 1899 3575 osten-

330 3612 725 3667 diturliberum
757 3612 1004 3666 humanae
1039 3618 1243 3667 natura:
1265 3612 1746 3671 arbitrium.Enim
1767 3628 1900 3669 vero

329 3703 436 3756 hoc
478 3700 653 3771 ipsum
688 3698 831 3771 quod
862 3699 957 3757 hic
991 3700 1153 3773 415
1202 3704 1471 3771 subditur,
1499 3720 1622 3760 cum
1648 3706 1900 3760 omnibus

328 3793 616 3847 sententiis
633 3794 903 3862 prioribus
922 3809 1222 3865 congruere
1241 3795 1834 3861 arbitramur.Etenim,
1853 3798 1900 3853 si

329 3880 690 3949 desciveritis,
725 3882 916 3953 inquit,
949 3899 979 3939 a
1004 3886 1150 3940 cultu
1178 3886 1268 3955 qui
1307 3897 1390 3941 est
1412 3888 1710 3941 secundum
1747 3888 1899 3944 litte-

328 3987 449 4028 ram
495 3972 856 4039 occidentem,
892 3975 938 4029 si
987 3975 1082 4031 loti
1130 3976 1371 4044 fueritis,
1400 3988 1455 4032 et
1485 3979 1667 4033 mundi
1700 3978 1898 4046 eifecti,

329 4063 586 4133 deinceps
614 4065 739 4119 vitae
781 4066 1049 4122 rationem
1105 4068 1261 4123 vobis
1293 4070 1626 4139 propositam
1656 4085 1902 4126 servave-

327 4156 472 4222 ritis,
505 4158 733 4212 venietis
763 4159 829 4213 ad
854 4157 1145 4228 judicium,
1179 4159 1233 4214 in
1263 4169 1409 4214 tanta
1452 4171 1505 4217 et
1535 4171 1684 4217 tanta
1723 4164 1896 4218 bono-

326 4261 449 4301 rum
472 4246 629 4318 copia
665 4248 1098 4314 constituemini,
1128 4264 1193 4304 ac
1227 4250 1511 4319 promissis
1545 4252 1900 4322 perfruemini

327 4338 537 4393 deliciis
563 4356 580 4396 :
610 4337 725 4408 ejus
760 4336 922 4410 gladii
966 4340 1057 4410 qui
1108 4341 1175 4395 ad
1218 4342 1548 4411 puniendum
1581 4344 1900 4399 interimen-

2002 3150 2131 3215 ἀξία
2156 3152 2363 3221 γίνεται
2385 3155 2443 3207 έν
2468 3156 2532 3225 τῇ
2563 3154 2750 3226 δικαίᾳ
2777 3155 2869 3208 τοῦ
2896 3156 3030 3210 Θεοῦ
3060 3158 3236 3230 κρίσει
3266 3160 3365 3230 τῆς
3390 3161 3581 3231 χάριτι

2001 3241 2095 3295 τοῦ
2122 3242 2261 3296 Θεοῦ
2293 3244 2579 3315 δεδομένης
2604 3246 2681 3316 (7)
2733 3247 3116 3319 λαμπρότητος
3150 3253 3263 3315 τοῖς
3305 3252 3503 3321 ἁγίοις.

2069 3336 2159 3389 45.
2192 3336 2303 3390 Καὶ
2336 3337 2445 3391 ἐὰν
2485 3335 2718 3405 θέλητε,
2757 3340 2853 3392 καὶ
2890 3343 3292 3410 είσακούσητέ
3326 3362 3470 3414 μου,
3503 3347 3585 3401 τὰ

2000 3428 2191 3497 ἀγαθὰ
2220 3428 2328 3497 τῆς
2359 3428 2471 3500 γῆς
2495 3429 2756 3500 φάγεσθε
2779 3449 2792 3461 ’
2824 3433 2934 3485 ἐὰν
2964 3433 3032 3486 δὲ
3054 3434 3140 3503 μὴ
3167 3435 3399 3504 θέλητε,
3416 3438 3583 3507 μηδὲ

2000 3520 2401 3587 εὶσακούσητέ
2433 3539 2584 3589 μου,
2626 3523 2891 3591 μάχαιρα
2940 3521 3096 3591 ὑμᾶς
3135 3525 3463 3581 κατέδεται.
3504 3527 3583 3580 Τὸ

2001 3610 2344 3676 αὐτεξούσιον
2373 3610 2621 3664 ἐντεῦθεν
2651 3613 2925 3683 παριστῶν
2958 3613 3192 3683 μάλιστα
3216 3616 3313 3686 τῆς
3346 3616 3455 3671 τῶν
3482 3619 3584 3671 άν-

2001 3700 2236 3773 θρώπων
2277 3702 2511 3771 φύσεως.
2542 3704 2698 3761 ,Πᾶσι
2730 3703 2848 3774 γὰρ
2867 3707 2979 3767 τοῖς
3008 3706 3388 3777 προκειμένοις
3412 3708 3584 3778 ἡγού-

2004 3793 2143 3864 μεθα
2190 3795 2290 3867 τὴν
2341 3794 2632 3866 ἐπαγωγὴν
2682 3795 2887 3868 ταύτην
2944 3798 3227 3868 ἁρμόζειν.
3291 3798 3417 3853 Ἐὰν
3467 3800 3584 3874 γὰρ

2001 3886 2294 3956 ἀποστῆτε,
2338 3887 2492 3956 φησὶ,
2542 3886 2641 3956 τῆς
2698 3886 2839 3939 κατά
2878 3887 2940 3939 τὸ
2975 3889 3294 3942 ἀποκτεῖνον
3340 3889 3583 3961 γράμμα

2001 3972 2273 4045 λατρείας,
2313 3975 2408 4028 ἐὰν
2440 3973 2700 4044 λούσησθε
2724 3974 2823 4048 (8),
2856 3976 2949 4029 καὶ
2997 3976 3227 4048 καθαροὶ
3270 3979 3580 4051 γενόμενοι,

2002 4067 2138 4137 πρὸς
2169 4067 2229 4120 τὸ
2260 4066 2459 4137 ἐφεξῆς
2492 4067 2732 4121 ἀποδῶτε
2764 4069 2861 4139 τὴν
2908 4069 3222 4124 ὲκτεθεῖσαν
3255 4071 3384 4141 ὑμῖν
3422 4072 3583 4128 πολι-

1999 4157 2171 4223 τείαν,
2210 4157 2367 4228 ἥξετε
2404 4160 2483 4216 είς
2516 4160 2715 4229 κρίσιν,
2766 4161 2825 4210 ὲν
2853 4161 3042 4231 τοσῇδε
3081 4161 3113 4232 ἢ
3148 4162 3341 4234 τοσῇδε
3381 4180 3582 4234 περισ-

2002 4253 2121 4324 σεία
2149 4252 2465 4322 γενήσεσθε,
2501 4253 2595 4305 καὶ
2626 4238 2724 4324 τῆς
2755 4254 2813 4305 ὲν
2846 4254 3147 4325 ἐπαγγελίᾳ
3181 4256 3394 4327 τρυφῆς
3438 4258 3580 4310 ἀπο-

1999 4346 2224 4399 λαύσετε
2238 4345 2334 4415 (9),
2357 4347 2455 4415 τῆς
2482 4345 2807 4414 κολαστικῆς
2840 4346 2933 4398 καὶ
2967 4346 3272 4418 φθαρτικῆς
3300 4349 3583 4421 μαχαίρας

326 4428 564 4499 dumque
592 4429 991 4497 destinabatur,
1023 4431 1277 4501 pabulum
1317 4449 1425 4488 non
1466 4434 1648 4490 eritis.
1683 4435 1751 4489 Et
1773 4437 1895 4505 qui-

2006 4437 2338 4509 κατὰϐρωμα
2364 4437 2464 4489 οὑκ
2494 4436 2702 4492 ἔσεσθε.
2736 4439 2861 4501 Τοῖς
2896 4437 2995 4509 μὲν
3015 4439 3284 4503 ταπεινῶς
3318 4441 3580 4495 ἀκούουσι

325 4517 448 4570 dem
490 4518 576 4584 iis,
607 4519 698 4587 qui
734 4520 956 4591 indigno
978 4530 1032 4575 et
1058 4521 1268 4590 abjecto
1310 4525 1469 4580 modo
1490 4525 1737 4591 audiunt,
1765 4529 1896 4583 dan-

326 4616 418 4660 tur
441 4617 668 4663 terrente
682 4611 1072 4680 promissiones
1096 4610 1152 4665 in
1194 4611 1521 4671 obedientiae
1543 4618 1846 4674 mercedem
1877 4637 1891 4673 :

326 4708 539 4763 contra,
568 4700 657 4766 iis,
688 4702 779 4771 qui
809 4703 1128 4774 spiritaliter
1153 4702 1449 4775 Scriptum
1477 4722 1698 4764 sensum
1727 4723 1895 4765 exau-

401 4872 477 4943 (5)
514 4873 642 4945 Reg.
693 4885 917 4945 quartus
977 4887 1033 4932 et
1079 4878 1232 4935 Colb.
1285 4882 1552 4939 secundus
1608 4899 1731 4940 cum
1788 4903 1897 4945 uno

326 4941 595 5001 Combef..
625 4945 859 5001 φονικαί.
891 4947 994 5001 Alii
1032 4958 1141 5001 tres
1184 4965 1312 5001 mss.
1347 4966 1469 5001 cum
1507 4954 1688 5001 editis-
1725 4973 1897 5001 φοινι-

329 4954 595 5007 uombel’.,
625 4954 859 5013 φονικαί.
891 4954 994 5001 Alii
1032 4958 1141 5003 tres
1184 4965 1312 5004 mss.
1347 4966 1469 5006 cum
1507 4954 1689 5023 editis,
1725 4973 1897 5024 φοινι-

329 5010 468 5098 ειαίί
496 5028 616 5098 quae
640 5016 814 5083 primo
836 5025 1055 5085 aspectu
1083 5018 1275 5098 pusilla
1309 5023 1714 5098 mutatioquam
1738 5028 1898 5098 longe

328 5083 677 5159 interpretem
708 5083 956 5159 asensu
1011 5083 1250 5159 auctoris
1298 5083 1600 5159 abduxerit,
1649 5109 1714 5150 ex
1750 5083 1895 5153 illitis

326 5152 509 5224 verbis
545 5152 777 5224 perspici
829 5165 1025 5224 potest.
1078 5156 1169 5214 Sic
1201 5160 1343 5214 enim
1392 5152 1675 5218 verterat:
1720 5152 1893 5221 Rubro

329 5221 558 5289 quidem
577 5221 739 5277 colori
766 5221 977 5292 peccata
1009 5235 1191 5282 nostra
1219 5229 1577 5299 conferuntur,
1616 5236 1757 5303 quod
1785 5237 1894 5291 sint

327 5290 477 5370 rubri
500 5292 699 5370 colores
725 5311 834 5370 pra:
858 5298 1161 5370 animorum
1191 5297 1339 5370 (sic).

862 5314 1161 5351 ammarttm
1191 5314 1339 5356 (διο).

394 5361 479 5439 ﬁ)
509 5361 685 5439 Qodeg
726 5361 817 5439 Fr.
851 5361 1331 5439 i,_&véx1repmox§,
1360 5386 1464 5425 non
1490 5371 1562 5427 ita
1587 5386 1748 5432 recte.

511 5431 613 5513 Sic.
648 5431 804 5513 Ιξεείἰ
854 5436 1081 5513 primus,
1134 5430 1346 5513 tertius
1370 5449 1424 5513 et
1457 5455 1701 5513 quartus.
1737 5430 1811 5501 Ὰι
1837 5449 1891 5502 in

327 5498 494 5588 editis
517 5500 652 5588 et!
674 5498 807 5588 Βιξε.
833 5498 1076 5588 secundo:
1096 5521 1195 5588 pro
1216 5498 1894 5588 ἐχρώσθηἸεεείιιιιίὲχροὶνζ

329 5568 690 5651 θητρςηίῳιει
712 5568 934 5651 uterque
960 5568 1133 5642 ColhI,
1157 5568 1443 5651 ὲχρὸάνθη.

401 5638 479 5711 (6)
506 5638 795 5723 Sic—nostri
837 5638 1130 5723 sexnmss.’
1159 5638 1237 5703 AT
1271 5638 1433 5723 editi,
1481 5656 1602 5718 ταῖς
1638 5659 1893 5723 φυσικαῖς

327 5707 621 5783 ἀφορμαῖς.
651 5709 850 5771 Ibidem
890 5715 1016 5773 editi
1062 5732 1183 5775 cum
1221 5719 1387 5778 tribus
1418 5707 1598 5794 mss.,.
1624 5707 1891 5799 ἐνναυξῆἷ

2001 4530 2186 4601 γήιναι
2218 4526 2538 4597 ἐπαγγελίαι
2562 4527 2662 4598 τῆς
2691 4528 2940 4598 ὑπακοῆς
2971 4529 3160 4599 μισθὸς
3196 4529 3435 4585 δίδοται·
3465 4534 3582 4596 τοῖς

1990 4620 2049 4673 δὲ
2086 4618 2472 4690 πνευματικῶς
2508 4616 2603 4670 τοῦ
2669 4616 3011 4689 βουλήματος
3061 4621 3159 4691 τῆς
3196 4621 3420 4693 Γραφῆς
3469 4623 3575 4675 ἑπ-

1992 4712 2252 4767 ακούουσι
2278 4711 2388 4783 (10)
2406 4714 2509 4782 γῆς
2524 4710 2703 4780 ἀγαθὰ
2716 4712 2814 4780 τῆς
2840 4714 3216 4783 πνευματικῆς
3242 4713 3485 4784 λέγεται,
3512 4717 3582 4787 ἣν

2002 4906 2163 4943 σασα.
2198 4888 2301 4944 Alii
2332 4898 2439 4945 tres
2463 4904 2618 4954 mss.,
2644 4888 3060 4959 συναυξηθεῖσα.

2071 4960 2311 5035 (7)_|{eg.
2348 4960 2569 5035 tertius,
2603 4959 2704 5028 τῆς
2735 4961 2955 5035 χάριτος
2991 4963 3090 5035 τῆς
3133 4963 3291 5035 παρὰ
3314 4963 3408 5035 τοῦ
3438 4964 3578 5035 Θεοῦ

1996 5029 2297 5103 διδομένης.
2324 5029 2437 5103 -ᾼΙίἰ
2469 5030 2573 5084 duo
2597 5029 2780 5103 _tuss.,
2816 5029 3171 5103 τῆς-χάριτος
3200 5029 3295 5103 τοῦ
3328 5033 3464 5089 Θεοῦ
3495 5036 3579 5089 δι-

1995 5098 2244 5180 δομένης.
2272 5099 2376 5180 Alii
2405 5107 2533 5162 tres,
2563 5098 2663 5169 τῆς
2705 5098 3223 5180 χάριτι-διδομένης.
3259 5102 3451 5180 Varias
3477 5106 3578 5180 ,ιυ-

1997 5172 2207 5250 ctiones
2236 5178 2453 5225 notasse
2495 5173 2758 5236 contenti,
2796 5172 2929 5226 nihil
2978 5172 3046 5227 iu‘
3084 5172 3236 5244 prius
3283 5173 3441 5231 editis
3474 5178 3581 5231 im-

2000 5249 2352 5294 mutavtmus.

2094 5309 2148 5381 8)
2180 5309 2271 5381 Sic
2305 5323 2431 5363 mss.
2471 5309 2699 5381 aliquot.
2734 5311 2895 5376 Editi,
2935 5312 3222 5367 λούσασθε.

2095 5379 2149 5449 9)
2184 5379 2275 5433 Sic
2300 5388 2411 5434 tres
2435 5379 2660 5435 mssIAt
2684 5382 2849 5438 editio
2880 5394 3064 5438 nostra
3097 5384 3272 5443 Paris.
3300 5400 3423 5441 cum
3455 5385 3582 5442 aliis

2000 5449 2172 5522 tribus
2212 5449 2770 5522 tnss..__duto).adonte.

2071 5518 2180 5589 (10)
2207 5518 2331 5594 Sic”
2356 5519 2489 5588 Reg.
2537 5518 2808 5594 secundus
2846 5531 2920 5594 et
2949 5532 3179 5594 uterque
3238 5523 3392 5581 Colb.
3433 5523 3578 5579 Editi

1999 5603 2128 5663 vero
2157 5600 2210 5644 et
2242 5589 2331 5643 alii
2365 5599 2476 5663 tres
2509 5605 2663 5655 mss.,
2712 5591 3066 5647 ὑπακούουσι.
3088 5589 3106 5594 “
3128 5595 3419 5663 Aliquanto
3459 5604 3583 5662 post

2000 5657 2130 5735 (ing.
2179 5660 2444 5714 secundus
2465 5669 2800 5735 _et_uterque
2841 5664 3014 5728 Colb.,
3061 5657 3301 5735 ἔμψυχος
3346 5657 3573 5735 νοεῖται.

1996 5729 2101 5805 Alii
2133 5738 2243 5789 tres
2272 5743 2425 5799 mss.,
2463 5728 2728 5802 ἔμψυχος
2756 5736 2942 5806 νοητή.
2989 5728 3158 5803 Ειίίἰὶ,
3202 5728 3445 5806 ἔμψυχος
3482 5734 3580 5789 καὶ
