3828 6216
251 285 349 344 205

1125 275 1475 335 COMMENT.
1508 274 1576 330 1N
1615 272 1844 331 lSAIAM
1882 272 2322 331 PROPHETAM.
2365 273 2520 330 CAP.
2557 274 2600 330 Ι.

3377 278 3485 334 206

252 406 298 460 ol
343 401 768 475 μακαριζόμενοι
827 399 1017 470 πραεῖς
1070 397 1499 469 κληρονομήσειν
1546 396 1853 466 λέγονταικ

1941 397 2099 463 liunt,
2141 404 2466 452 acervantur
2496 405 2653 451 terrae
2697 394 2958 465 spiritalis
2983 395 3163 463 bona;
3194 411 3354 467 quam
3385 400 3484 467 qui

265 495 488 564 Ὁμοίως
522 492 616 546 καὶ¹
649 491 890 563 μάχαιρα
934 487 1173 560 ἔμψυχος
1203 491 1424 552 νοεῖται,
1466 487 1593 559 περὶ
1629 481 1698 558 ἧς
1739 488 1820 540 εί-

254 603 431 659 ρηται,
471 585 556 637 ὅτι
595 582 867 654 ἐμεθύσθη
907 580 1017 635 ἀπὸ
1044 580 1273 650 αἵματος
1309 578 1693 651 τραυματιῶν·
1724 578 1818 632 καὶ

254 679 308 730 ὲν
343 677 421 748 τῷ
452 674 666 747 οὐρανῷ
693 674 924 743 φάγεται
957 674 1112 744 κρέα.
1154 673 1221 726 Τὸ
1247 672 1357 741 γὰρ
1383 671 1578 740 στόμα
1600 671 1820 738 Κυρίου

253 767 518 834 lucunas
543 764 746 819 ταῦτα.
779 763 931 834 Τάχα
957 764 1017 816 τὸ
1045 762 1268 832 Πνεῦμα
1298 761 1360 813 τὸ
1391 761 1564 829 ἅγιον,
1587 759 1651 812 τὸ
1677 761 1822 830 ἐνερ-

255 860 424 930 γῆσαν
456 859 628 912 ταῦτα
660 860 958 929 γραφῆναι,
992 855 1164 926 στόμα
1187 854 1282 908 νῦν
1309 853 1545 925 εἴρηται,
1578 851 1729 922 παρά
1759 852 1820 904 τὸ

253 949 346 1002 καὶ
382 950 448 1001 ἐκ
483 948 748 1018 πόματος
775 947 870 999 τοῦ
913 944 1048 998 Θεοῦ
1088 943 1340 1012 λέγεσθαι
1373 941 1820 1014 προεληλυθέναι.

254 1040 502 1093 Ὥστε-σε
539 1039 613 1110 μὴ
646 1036 1130 1109 καταφρονητικῶς
1168 1034 1398 1090 ἀκοῦσαι
1425 1033 1534 1088 τῶν
1561 1033 1818 1090 ἀπειλῶν.

252 1131 310 1184 τὸ
333 1130 563 1200 ἀψευδὲς
610 1129 784 1199 στόμα
827 1125 1245 1198 ἐπεμαρτύρατο
1285 1127 1415 1196 ἡμῖν
1471 1126 1499 1176 ὁ
1536 1124 1691 1192 λόγος
1725 1123 1821 1177 τοῦ

252 1224 481 1292 Κυρίου,
515 1221 576 1275 τὸ
599 1219 773 1273 ταῦτα
800 1219 1058 1288 λαλῆσαν.
1087 1218 1182 1280 Τίς
1206 1217 1263 1269 δέ
1290 1217 1431 1270 οὕτω
1453 1215 1705 1278 ταπεινὸς
1727 1216 1823 1268 καὶ

254 1315 508 1385 σάρκινος
556 1312 656 1383 τὴν
695 1311 952 1374 διάνοιαν,
993 1308 1134 1361 ὥστε
1181 1308 1249 1362 τὰ
1297 1309 1378 1372 εἰς
1424 1307 1693 1360 ἀντίδοσιν
1723 1306 1824 1375 τῆς

254 1405 562 1467 εὐπειθείας
585 1404 694 1475 (Η)
722 1403 873 1474 παρὰ
915 1401 1007 1455 τοῦ
1035 1400 1236 1470 ἀγαθοῦ
1266 1399 1399 1453 Θεοῦ
1429 1399 1827 1470 τεταμιευμὲναι

251 1499 366 1560 τοῖς
410 1493 738 1566 ἀνθρώποις,
792 1492 1055 1563 βρώματα
1100 1489 1236 1552 εἶναι
1277 1489 1536 1560 νομίζειν,
1581 1490 1827 1559 καρποὺς

253 1589 351 1659 τῆς
374 1588 478 1657 γῆς
507 1589 586 1650 εἰς
613 1586 816 1658 φθορὰν
849 1584 1165 1655 δεδομένους
1193 1586 1260 1654 τῇ
1291 1583 1626 1652 ἀποχρήσει;
1667 1579 1827 1633 Ἀλλά

253 1681 518 1750 δηλονότι,
555 1679 692 1732 κατά
725 1677 824 1748 τὴν
850 1676 1158 1750 παραδολὴν
1191 1674 1284 1728 τοῦ
1312 1673 1662 1761 Ελῦαγγελίου,
1686 1671 1746 1725 τὸ
1770 1674 1827 1724 ἐν

1921 488 2285 558 praedicantur
2324 490 2504 552 mites,
2537 487 2792 542 dicuntur
2827 503 2947 542 esse
2998 488 3314 544 haereditate
3357 505 3487 558 pos-

1921 581 2122 636 sessuri
2148 581 2214 633 "’.
2247 579 2372 634 Pari
2402 580 2611 634 ratione
2645 579 2853 649 gladius
2884 595 3100 650 quoque
3119 581 3389 636 animatus
3412 581 3491 636 in.

1923 672 2204 742 telligitnr,
2241 672 2308 726 de
2351 686 2456 740 quo
2491 671 2691 724 dictum
2741 679 2860 725 est:
2889 670 3191 726 Inebriatus
3231 679 3317 726 est
3359 686 3490 727 san-

1921 763 2081 832 guine
2110 763 2511 818 vulneratorum
2531 762 2614 822 '3;
2645 770 2720 827 et,
2747 761 2803 816 ln
2838 763 2976 816 caelo
2995 762 3241 817 comedet
3269 777 3487 819 carnes.

1925 851 1997 907 Os
2039 854 2175 906 enim
2221 853 2433 906 Domini
2464 852 2791 905 locutumest
2834 851 3047 906 lateam.
3083 851 3354 906 Fortassis
3375 852 3492 921 ipse

1925 943 2160 1014 Spiritus
2193 956 2434 1010 sanctus,
2463 960 2571 1012 quo
2616 952 2839 1000 auctore
2879 945 3065 999 isthtec
3109 947 3307 1014 scripta
3339 955 3490 1009 sunt,

1925 1050 2068 1090 nunc
2109 1051 2171 1092 os
2224 1037 2400 1091 dictus
2448 1045 2551 1101 est,
2585 1046 2869 1106 propterea
2909 1038 3050 1105 quod
3079 1037 3242 1091 etiam
3284 1051 3351 1091 ex
3391 1037 3492 1092 Dei

1925 1142 2019 1182 ore
2057 1130 2392 1196 processisse
2423 1129 2643 1182 dicitur.
2668 1128 2878 1196 Itaque,
2913 1143 2980 1180 ne
3011 1137 3064 1181 tu
3105 1128 3224 1181 illas
3257 1127 3492 1183 commi-

1926 1221 2171 1275 nationes
2215 1221 2563 1289 contemptim
2611 1220 2819 1284 audias,
2848 1219 3034 1274 isthmc
3078 1219 3145 1272 ab
3179 1234 3274 1274 ore
3309 1220 3496 1275 veraci

1926 1312 2133 1382 prolata
2162 1312 2327 1366 fuisse
2350 1328 2528 1367 sermo
2552 1312 2766 1367 Domini
2794 1312 2950 1367 nobis
2971 1320 3204 1367 testatus
3230 1323 3334 1366 est.
3360 1312 3496 1379 Quis

1928 1414 2108 1458 autem
2141 1403 2324 1458 animo
2361 1415 2446 1458 est
2498 1405 2568 1458 ita
2623 1403 2837 1473 abjecto
2895 1417 3226 1470 earneoque,
3264 1412 3322 1456 ut
3350 1406 3498 1459 bona

1927 1495 2017 1549 illa
2048 1509 2148 1562 pro
2181 1493 2502 1548 obedientiae
2533 1493 2756 1562 praemio
2795 1493 3103 1547 hominibus
3136 1502 3372 1552 servata,
3406 1505 3497 1544 es-

1928 1599 2021 1639 cas
2049 1599 2169 1639 esse
2196 1584 2508 1650 existimet;
2537 1583 2792 1638 nimirum
2818 1591 2978 1637 terra;
3007 1582 3237 1646 fructus,
3255 1581 3346 1650 qui
3373 1580 3497 1635 ideo

1929 1674 2037 1729 dati
2072 1683 2220 1740 sunt,
2250 1684 2310 1728 ut
2353 1689 2455 1728 usu
2483 1673 2936 1743 corrumpantur?
2961 1672 3066 1728 Sed
3097 1671 3364 1740 profecto,
3404 1685 3494 1726 se-

253 1748 318 1844 τῇ
359 1771 497 1842 καλῇ
544 1774 614 1842 γῇ
660 1771 879 1842 σπέρμα
921 1748 1118 1840 καρδία
1163 1768 1281 1820 ἐστὶ
1317 1748 1456 1838 καλὴ
1493 1767 1588 1819 καὶ
1623 1764 1825 1835 ἀγαθὴ,

1941 1764 2165 1819 eundum
2231 1764 2540 1834 parabolam
2595 1763 2982 1832 evangelicam,
3031 1771 3207 1817 satum
3263 1763 3316 1815 in
3353 1763 3499 1816 bona

252 1863 525 1916 ἀκούουσα
544 1863 636 1916 τοῦ
659 1862 840 1929 λόγου,
858 1862 950 1915 καὶ
970 1860 1270 1930 κατέχουσα
1292 1860 1386 1912 κα).
1407 1858 1830 1928 καρποφοροῦσα

254 1953 312 2004 ὲν
339 1952 608 2022 ὑπομονῇ.
627 1951 809 2015 Ἀξιον
833 1946 926 2004 οῦν
953 1949 1283 2019 ἐπαγγελίας
1306 1948 1461 2013 Θεοῦ,
1489 1951 1521 2019 ἠ
1549 1949 1658 2002 τῶν
1711 1948 1829 2018 ἡδί-

254 2054 399 2091 στων
422 2037 650 2110 καρπῶν
665 2039 765 2110 τῆς
781 2039 1006 2108 καρδίας
1030 2037 1344 2100 ἀπόλαυσις.
1381 2038 1601 2108 Καρποί
1621 2036 1675 2090 δὲ
1698 2054 1832 2108 καρ-

252 2129 393 2193 δίας,
429 2129 487 2182 τὸ
514 2131 573 2182 ἐν
605 2114 808 2202 θεωρίᾳ
835 2129 927 2182 τοῦ
958 2128 1103 2182 θείου
1131 2129 1359 2192 κάλλους
1395 2129 1640 2200 τερπνόν.
1675 2121 1831 2182 Οὗτοι

251 2218 309 2273 δὲ
339 2221 393 2272 οἱ
415 2220 618 2291 καρποί
639 2222 704 2274 ἐκ
727 2221 823 2291 τῆς
849 2223 929 2284 εἰς
949 2220 1010 2273 τὸ
1036 2220 1260 2292 Πνεῦμα
1293 2222 1500 2292 σπορᾶς
1521 2219 1832 2291 γεωργοῦν-

251 2327 367 2376 ται,
395 2309 731 2382 θεριζόμενοι
767 2315 845 2376 εἰς
882 2311 1026 2382 ζωὴν
1067 2311 1303 2377 αἰώνιον,
1337 2306 1411 2366 ὧν
1445 2314 1474 2365 ὁ
1499 2312 1746 2378 συνάγων
1775 2314 1831 2364 ἐν

252 2401 579 2469 ἀγαλλιάσει
616 2401 685 2454 τὰ
727 2401 1041 2472 δράγματα,
1085 2403 1408 2472 κατατρυφᾷ
1455 2402 1548 2455 τοῦ
1603 2401 1830 2473 Κυρίου,

252 2491 551 2563 λαμϐάνων
577 2493 706 2563 παρ’
728 2493 893 2546 αὐτοῦ
917 2493 988 2546 τά
1017 2495 1140 2565 αἰτή
1151 2511 1314 2564 ματα.
1342 2493 1614 2565 Πρότερον
1650 2494 1833 2564 μέντοι

253 2582 486 2653 θελῆσαι
529 2583 628 2646 δεῖ,
677 2584 772 2636 καὶ
811 2585 935 2638 τότε
975 2585 1310 2647 εἰσακοῦσαι,
1352 2585 1439 2638 ἵνα
1473 2585 1536 2637 τὸ
1580 2585 1666 2654 ἐφ’
1702 2587 1835 2654 ἡμῖν

252 2674 745 2743 ἀητανάγκαστον
888 2677 998 2728 Kal.
1040 2676 1234 2729 πάλιν·
1281 2676 1415 2729 Ἐὰν
1465 2676 1551 2744 μὴ
1603 2675 1832 2744 θέλητε,

249 2765 413 2834 μηδὲ
439 2766 841 2834 εὶσακούσητέ
867 2784 1007 2835 μου.
1047 2767 1141 2819 Ἐκ
1172 2765 1266 2819 τοῦ
1296 2765 1370 2836 μὴ
1400 2765 1644 2835 θελῆσαι,
1675 2765 1734 2818 τὸ
1761 2766 1835 2838 μὴ

254 2854 605 2908 εἰσακοῦσαι.
633 2855 788 2909 Οὕτω
810 2858 960 2908 πᾶσα
981 2856 1338 2927 μακαριότης,
1367 2856 1459 2909 καὶ
1479 2857 1512 2924 ἡ
1541 2857 1596 2909 ἐν
1620 2856 1835 2909 κολάσει

254 2947 317 3001 ἐν
342 2949 462 3010 τοῖς
488 2948 766 3009 ἐπιπόνοις
805 2944 1047 3018 διαγωγὴ
1086 2949 1150 3001 ἐκ
1188 2945 1284 2998 τοῦ
1326 2948 1410 3014 ἐφ’
1473 2948 1602 3016 ἡμῖν
1627 2946 1834 3017 Ιιἢρτη-

257 3057 384 3095 ται.

326 3307 424 3364 46.
443 3303 576 3375 Πῶς
598 3302 834 3378 ἐγένετο
860 3307 1048 3376 πόρνη
1079 3306 1255 3372 πόλις
1284 3305 1469 3374 πιστὴ
1489 3304 1660 3367 Σιὼν,
1687 3304 1839 3369 πλή-

244 3419 371 3470 ρης
394 3402 685 3468 κρίσεως;
713 3399 782 3452 ἐν
806 3395 845 3470 ᾗ
873 3398 1223 3465 δικαιοσύνη
1255 3397 1537 3467 ἐκοιμήθη
1569 3398 1638 3451 ἐν
1663 3396 1837 3463 αὐτῇ,

252 3495 384 3548 νῦν
416 3492 486 3546 δὲ
518 3491 823 3560 φονευταί.
856 3489 1209 3561 Θαυμαστικὴ
1242 3491 1274 3560 ἡ
1307 3488 1667 3558 ἐπαπόρησις,
1704 3487 1838 3540 πολὺ

251 3586 316 3638 τὸ
353 3581 724 3654 ἐκπληκτικὸν
751 3581 1084 3651 ἐμφαίνουσα
1126 3579 1217 3631 ἐπὶ
1256 3577 1334 3648 τῷ
1373 3577 1678 3648 παραδόξῳ,
1714 3577 1843 3648 περὶ

249 3675 354 3728 τοῦ
389 3674 510 3726 τίνα
541 3673 740 3743 τρόπον
765 3674 799 3742 ἡ
840 3669 1005 3740 πιστὴ
1035 3669 1186 3733 πόλις
1213 3669 1306 3722 καὶ
1338 3668 1549 3740 πλήρης
1587 3669 1839 3740 κρίσεως,

255 3772 318 3821 ἐν
455 3764 765 3834 δικαιοσύνη
818 3761 1234 3816 ἐπανεπαύσατο
1261 3759 1394 3831 (12),
1442 3759 1596 3830 αὕτη
1631 3759 1844 3826 ἐγένετο

254 3861 442 3930 πόρνη
481 3857 575 3911 καὶ
611 3856 881 3926 ψονευτῶν
908 3854 1242 3925 οἰκητήριον.
1269 3853 1393 3915 Πῶς
1413 3852 1522 3924 γὰρ
1545 3853 1606 3904 ού
1633 3851 1846 3922 θαύμα-

256 3971 355 4016 τος
391 3952 541 4017 ἄξιον
566 3949 832 4021 λυπηροῦ,
859 3948 1012 4002 πόλιν
1052 3948 1179 4018 ὃλην
1205 3945 1312 3999 ἀπὸ
1337 3947 1433 4016 τῆς
1456 3947 1512 3997 ἐν
1537 3945 1716 3997 πίστει
1744 3962 1845 3997 κα-

259 4047 572 4117 θαρότητος
597 4047 676 4107 είς
715 4043 812 4114 τὴν
841 4045 904 4095 ἐκ
943 4041 1196 4113 πορνείας
1234 4037 1574 4110 ἀκαθαρσίαν
1618 4055 1849 4108 μεταπε-

258 4142 426 4203 σεῖν;
471 4139 606 4190 ὅπου
660 4153 724 4204 γε
777 4137 869 4188 καὶ
918 4135 1046 4205 μίαν
1101 4131 1277 4202 ψυχὴν
1328 4131 1435 4184 ἀπὸ
1486 4128 1580 4182 τοῦ
1634 4130 1849 4198 παγίως

255 4227 552 4282 πιστεύειν
580 4229 658 4289 εἰς
683 4226 783 4297 τὴν
826 4225 885 4289 ἐξ
918 4224 1176 4286 ἀπιστίας
1212 4221 1465 4291 πορνείαν
1503 4221 1848 4294 περιτραπῆ-

254 4339 352 4375 ναι
390 4319 524 4390 (15),
555 4318 664 4372 τῶν
691 4315 1026 4387 παραδόξων.
1062 4315 1199 4368 Πότε
1232 4315 1289 4366 δὲ
1317 4311 1486 4366 ταῦτα
1528 4311 1852 4380 κατηγορεῖ-

1933 1864 2077 1910 terra
2124 1870 2331 1922 semen,
2377 1870 2470 1910 cur
2514 1863 2596 1910 est
2645 1856 2871 1925 probum
2911 1871 2975 1909 ac
3019 1855 3240 1917 bonum,
3273 1853 3498 1908 audiens

1932 1949 2178 2012 verbum,
2215 1947 2450 2017 illudque
2484 1946 2744 2013 retinens,
2777 1953 2834 2001 et
2890 1945 3123 2000 fructum
3174 1945 3408 2000 aﬂ‘erens
3443 1947 3499 1999 in

1931 2040 2191 2110 patientia
2213 2041 2281 2091 '9.
2308 2038 2492 2108 Itaque
2523 2054 2610 2092 res
2634 2039 2726 2092 Dei
2757 2038 3116 2106 promissione
3145 2038 3330 2108 digna,
3357 2037 3497 2093 frui-

1935 2132 2010 2185 tio
2046 2139 2129 2184 est
2183 2130 2627 2184 suavissimorum
2672 2130 2947 2183 fructuum
3008 2129 3208 2184 cordis.
3260 2129 3502 2186 Fructus

1936 2232 2112 2278 autem
2157 2222 2333 2276 cordis
2374 2231 2501 2276 sunt
2540 2223 2654 2292 ipsa
2680 2222 2991 2285 oblectatio,
3023 2238 3144 2292 quae
3169 2223 3222 2276 in
3251 2230 3501 2277 contem-

1933 2313 2171 2382 platione
2214 2312 2412 2366 divinae
2457 2312 2877 2382 pulchritudinis
2921 2321 3190 2368 versatur.
3234 2312 3407 2369 Porro
3437 2313 3497 2369 hi

1933 2404 2145 2460 fruetus
2171 2418 2236 2458 ex
2267 2405 2476 2459 satione
2519 2419 2640 2474 quae
2669 2405 2725 2459 in
2776 2404 2982 2473 Spiritu
3013 2415 3115 2472 est,
3149 2405 3501 2474 colliguntur,

1934 2495 2167 2550 demessi
2198 2495 2252 2549 in
2286 2495 2445 2549 vitam
2481 2505 2760 2559 aeternam,
2792 2511 3022 2565 quorum
3071 2495 3376 2565 manipulos
3407 2498 3503 2566 qui

1936 2581 2180 2650 congerit
2227 2582 2281 2634 in
2329 2581 2710 2648 exsultatione,
2764 2597 2823 2638 se
2866 2583 3100 2639 oblectat
3145 2585 3199 2637 in
3248 2585 3500 2656 Domino,

1936 2686 2056 2725 cum
2093 2673 2258 2740 petita
2291 2672 2360 2727 ab
2391 2675 2508 2743 ipso
2527 2674 2779 2744 accipiat.
2803 2672 3026 2745 Oportet
3073 2676 3293 2744 quidem
3347 2678 3502 2747 prius

1936 2761 2096 2826 velle,
2119 2772 2173 2817 et
2201 2771 2312 2818 tum
2359 2763 2650 2829 exaudire,
2678 2772 2736 2818 ut
2781 2765 2833 2819 id
2862 2765 3002 2834 quod
3035 2765 3088 2818 in
3121 2776 3304 2820 nostra
3337 2767 3507 2822 situm

1937 2863 2022 2908 est
2053 2862 2337 2922 potestate,
2387 2855 2516 2909 nulli
2569 2856 2640 2910 sit
2698 2857 2990 2911 obnoxium
3039 2858 3374 2913 necessitati.
3434 2859 3509 2914 Et

1901 2994 1905 3001 .
1940 2944 2134 2999 iterum
2169 2959 2180 2992 :
2211 2943 2271 2998 Si
2324 2944 2619 3010 nolueritis,
2674 2962 2834 3016 neque
2880 2947 3222 3001 exaudieritis
3249 2965 3348 3002 me.
3379 2949 3507 3004 Ideo

1941 3051 2045 3090 non
2098 3037 2480 3100 exaudierunt,
2531 3038 2673 3106 quod
2729 3039 3038 3092 noluerunt.
3090 3037 3180 3092 Sic
3230 3039 3509 3094 beatitudo

1941 3129 2137 3193 omnis,
2171 3138 2227 3184 et
2270 3144 2390 3199 quae
2428 3130 2480 3185 in
2515 3132 2760 3186 cruciatu
2807 3139 2862 3186 et
2895 3131 3159 3186 molestiis
3204 3134 3510 3189 traducitur

1941 3221 2073 3287 vita,
2099 3236 2129 3275 a
2156 3231 2337 3276 nostra
2368 3221 2565 3291 pendet
2589 3223 2882 3279 voluntate.

2012 3311 2104 3367 46.
2144 3312 2304 3368 Vens.
2334 3313 2424 3367 21.
2455 3314 2728 3379 Quomodo
2762 3315 2904 3384 facta
2927 3325 3001 3370 est
3036 3317 3281 3371 meretrix
3323 3317 3510 3372 civitas

1943 3400 2118 3469 ﬁdelis
2147 3402 2296 3468 Sion,
2333 3403 2487 3470 plena
2520 3404 2827 3472 judicii?in
2860 3421 2965 3475 qua
3000 3407 3210 3473 justitia
3239 3407 3508 3474 dormivit,

1944 3510 2082 3546 nunc
2128 3503 2305 3548 autem
2361 3493 2660 3547 homicida.
2733 3493 3079 3551 Percontatio
3132 3497 3510 3554 admirationis

1943 3584 2122 3653 plena,
2155 3585 2424 3652 ingentem
2455 3593 2727 3654 stuporem
2779 3585 3101 3655 ingenerans
3141 3587 3394 3642 inauditae
3430 3588 3513 3644 rei

1946 3691 2146 3732 causa:
2182 3677 2450 3746 quomodo
2482 3677 2674 3731 civitas
2703 3675 2895 3741 ﬁdelis,
2926 3688 2980 3732 et
3013 3678 3205 3747 judicii
3242 3678 3421 3749 plena,
3456 3681 3511 3736 in

1947 3765 2280 3835 quajustitia
2324 3767 2608 3834 requievit,
2643 3767 2827 3821 eadem
2859 3766 3002 3820 facta
3043 3769 3113 3822 sit
3143 3771 3421 3834 meretrix,
3457 3781 3514 3825 et

1947 3857 2342 3910 homicidarum
2399 3857 2752 3912 domicilium.
2810 3856 2927 3924 Quo
2977 3859 3120 3912 enim
3176 3869 3336 3929 pacto
3371 3861 3512 3916 tristi

1948 3961 2054 4000 non
2101 3954 2249 4000 esset
2291 3946 2648 4000 admiratione
2688 3947 2930 4016 dignum,
2970 3948 3249 4005 civitatem
3281 3960 3448 4008 totam
3479 3967 3512 4006 a

1949 4037 2071 4093 ﬁdei
2095 4040 2329 4107 puritate
2352 4039 2404 4092 in
2429 4040 2598 4110 stupri
2627 4041 2992 4110 impuritatem
3023 4043 3316 4098 incidisse?
3341 4058 3516 4114 quan-

1950 4129 2238 4200 doquidem
2285 4145 2406 4184 cum
2452 4131 2536 4184 vel
2579 4147 2682 4185 una
2732 4133 2913 4187 anima
2950 4149 2978 4186 a
3011 4134 3264 4190 ﬁrmitate
3292 4134 3415 4190 ﬁdei
3447 4138 3516 4190 ad

1950 4220 2284 4276 inﬁdelitatis
2314 4229 2559 4290 stuprum
2592 4223 2902 4289 invertitur,
2936 4224 2990 4278 id
3015 4225 3156 4280 inter
3177 4240 3267 4280 res
3293 4236 3518 4296 stupen-

1952 4311 2047 4366 das
2075 4312 2464 4366 numerandum
2490 4321 2594 4366 est.
2630 4311 2986 4378 Quandonam
3009 4330 3139 4370 vero
3169 4317 3284 4371 haec
3315 4315 3388 4370 illi
3418 4317 3517 4370 ob-

249 4431 381 4476 ται,
417 4411 450 4482 ἦ
485 4412 573 4464 ὅτε
603 4410 814 4482 πονηρὰ
839 4409 1000 4478 γενεά
1030 4409 1122 4462 καὶ
1160 4405 1405 4478 μοιχαλὶς
1438 4403 1724 4474 γενομένη,
1749 4406 1848 4493 τὴν

1948 4400 2232 4469 jiciuntur,
2266 4403 2370 4456 nisi
2423 4412 2536 4456 tum
2571 4417 2694 4456 cum
2735 4404 3017 4472 generatio
3052 4419 3218 4474 prata
3272 4417 3326 4460 et
3365 4405 3519 4460 adul-

260 4500 618 4570 διακύψασαν
657 4499 716 4563 ἐξ
747 4498 974 4570 οὐρανοῦ
1008 4497 1101 4551 καὶ
1133 4493 1588 4564 ἀναπαυσαμὲνην
1612 4495 1668 4545 ἐν
1712 4491 1849 4563 αὐτῇ

259 4592 626 4662 δικαιοσύνην
677 4591 1008 4659 ἐφόνευσαν,
1059 4589 1150 4642 τὸν
1207 4585 1441 4658 Χριστὸν
1507 4585 1600 4637 καὶ
1647 4583 1849 4654 Κύριον

261 4684 472 4755 ὴμῶνς
531 4684 596 4735 Ὃ
659 4683 752 4734 καὶ
801 4681 1055 4733 ἐπιτείνει
1125 4679 1186 4731 τὸ
1227 4678 1446 4748 θαῦμα,
1511 4674 1603 4727 καὶ
1666 4674 1847 4743 μεῖζον

259 4779 423 4830 ποιεῖ
441 4775 505 4826 τὸ
531 4773 848 4844 παράδοξον,
878 4773 926 4824 εἰ
950 4773 1036 4825 ὅτε
1058 4774 1091 4842 ἡ
1117 4768 1429 4839 δικαιοσύνη
1457 4765 1660 4837 παρῆν,
1685 4766 1850 4835 ὑπερ-

251 4866 600 4920 επλεόνασεν
641 4867 673 4936 ἡ
720 4862 919 4917 ἀδικία.
953 4862 1062 4916 Καὶ
1101 4861 1271 4914 ταῦτα
1301 4861 1491 4923 ἐποίει,
1521 4858 1644 4919 τοὺς
1677 4857 1850 4924 ὑγιεῖς

252 4959 396 5030 περὶ
415 4955 654 5026 κρίσεως
679 4955 870 5024 λόγους
890 4953 990 5006 οὐκ
1014 4949 1303 5020 ἀγνοοῦσα.
1325 4949 1495 5003 Τοῦτο
1521 4947 1630 5017 γάρ
1652 4947 1768 5000 ἐστι
1785 4945 1845 4998 τὸ

253 5048 505 5120 (ιιι-15),
531 5045 775 5114 Πλήρης
801 5045 1070 5112 κρίσεως.
1090 5043 1163 5113 Ση
1173 5041 1430 5112 μειωτέον
1454 5038 1532 5102 δὲ,
1548 5039 1630 5091 ὅτι
1660 5038 1844 5108 μήτηρ

334 5140 386 5174 ³⁷
417 5137 608 5194 Matth.
638 5153 694 5202 v,
724 5136 778 5190 4.
816 5135 878 5203 ,³⁸
906 5132 1015 5188 Jer.
1047 5148 1193 5199 Χινι,
1221 5131 1308 5185 10.
1384 5127 1574 5184 1"“lsa.
1611 5143 1799 5193 xxxiv,
1831 5128 1886 5183 5.

251 5279 439 5350 νοητή
467 5293 481 5307 ·
506 5238 893 5350 ubicredimus
929 5267 1248 5350 particulam
1288 5264 1380 5320 καί
1408 5266 1643 5350 additam
1676 5264 1844 5350 fuisse

251 5334 582 5414 ab'aliquo,
615 5345 706 5415 qui
737 5334 1312 5412 aptam-idoneamque
1355 5336 1676 5391 sententiam
1727 5334 1842 5388 elli-

250 5434 398 5478 cere
427 5417 605 5471 vellet.

340 5489 459 5561 (il)
501 5487 556 5540 In
579 5483 736 5561 editis
753 5488 1008 5548 corrupte
1044 5474 1671 5561 legebatyreprraeelai:
1697 5475 1841 5561 unde

253 5544 592 5618 Tiimanttus
623 5573 636 5608 :
666 5553 731 5606 In
754 5544 1219 5617 compensationem
1248 5546 1563 5618 felicissima
1587 5544 1730 5618 illius
1757 5545 1842 5608 iu-

255 5615 580 5686 ennditatis.
607 5625 676 5677 At
707 5615 894 5677 sanam
922 5632 1210 5685 veramque
1236 5617 1557 5686 scripturam
1581 5615 1843 5686 exhibent

257 5683 418 5756 uinus
447 5694 684 5753 Combel'.
713 5703 768 5750 et
801 5692 890 5746 alii
915 5683 1146 5761 quatuor
1168 5701 1296 5742 mss.
1347 5683 1399 5742 in
1428 5685 1622 5756 quibus
1657 5683 1838 5740 omni-

1957 4505 2071 4550 tera
2112 4497 2302 4550 clleeta
2331 4495 2622 4564 justitiam,
2657 4497 2797 4551 ecelo
2824 4496 3110 4565 dilapsam,
3137 4509 3192 4553 et
3227 4499 3281 4553 in
3313 4513 3372 4554 se
3401 4500 3519 4568 ipsa

1953 4587 2443 4654 conquiescentem,
2470 4599 2661 4652 nempe
2674 4584 2948 4640 Christum
2968 4594 3021 4638 et
3045 4585 3329 4641 Dominum
3353 4586 3521 4659 416

1949 4685 2196 4731 nostrum
2234 4676 2546 4731 interemit?
2573 4676 2690 4732 Hoc
2712 4675 3193 4732 etadmiratiouem
3214 4690 3391 4749 auget,
3424 4695 3520 4748 pa-

1951 4765 2322 4836 radoxumque
2359 4765 2531 4820 reddit
2578 4765 2776 4834 majus,
2809 4765 2950 4835 quod
2979 4781 3100 4820 cum
3123 4768 3336 4824 adesset
3355 4769 3520 4838 justi-

1953 4857 2050 4922 tia,
2089 4867 2217 4911 tunc
2241 4857 2409 4928 magis
2433 4857 2728 4911 abundavit
2758 4856 3049 4928 iniustitia.
3082 4859 3259 4926 Atque
3289 4861 3404 4914 haec
3434 4859 3519 4913 fa-

1954 4950 2149 5013 ciebat,
2179 4964 2484 5019 quanquam
2537 4963 2698 5004 sanos
2743 4949 2810 5002 d'e
2850 4948 3054 5017 judicio
3098 4964 3377 5006 sermones
3407 4967 3518 5005 non

1954 5041 2259 5109 ignorabat.
2295 5039 2408 5094 Hoc
2436 5039 2578 5095 enim
2621 5049 2817 5096 sonant
2856 5039 2970 5093 haec
2997 5040 3182 5107 verba,
3221 5037 3386 5094 Plena
3421 5039 3520 5110 ju-

1961 5129 2006 5161 ³⁸
2027 5127 2160 5187 Luc.
2195 5144 2313 5195 vm,
2341 5129 2432 5184 l5.

1953 5266 2076 5338 bus,
2106 5281 2204 5335 pro
2236 5265 2528 5331 εὐπαθείας
2555 5266 2829 5332 scribitur,
2868 5265 3194 5333 εὐπειθείας,
3244 5284 3341 5338 pro
3392 5266 3517 5328 obe-

1951 5337 2161 5390 dientia:
2187 5339 2420 5404 pmmio.

2049 5406 2135 5478 12)
2168 5405 2406 5478 Uterque
2438 5405 2612 5470 Colb.,
2639 5405 2950 5478 δικαιοσύνη
2980 5406 3339 5466 ἀνεπαύσατο.

2049 5410 2115 5458 12
2168 5410 2406 5476 Uterque
2438 5410 2612 5470 Colb.,
2639 5410 2950 5478 δικαιοσύνη
2980 5410 3097 5461 ἀνετ

2161 5476 2311 5548 (loli).
2345 5479 2628 5548 secundus,
2651 5478 3097 5548 παρατραπῆναι.

2021 5544 2239 5618 (ll-15)
2286 5547 2360 5602 Ita
2388 5547 2627 5618 quinque
2663 5544 2793 5603 mss.
2831 5544 2988 5606 Deest
3013 5549 3072 5603 τό
3101 5549 3156 5605 in
3190 5550 3350 5608 editis
3379 5550 3520 5610 etin

1951 5616 2084 5687 Reg.
2111 5616 2302 5686 primo.
