3828 6216
331 309 439 372 207

1280 311 1626 368 APPENDIX
1664 308 1949 367 OPERUM
1991 311 2049 366 S.
2087 311 2332 368 BASILll
2369 312 2603 369 MAGNI.

3462 310 3577 369 208

334 433 483 486 dicii.
521 430 927 488 Observandum
962 440 1141 490 autem
1171 442 1257 488 est
1298 434 1469 503 stupri
1515 442 1744 489 matrem
1775 447 1896 487 esse

2002 435 2116 486 ἐστὶ
2169 433 2425 505 πορνείας
2471 434 2506 504 ἡ
2552 431 2795 486 ἀπιστία.
2833 431 2929 496 Τίς
2968 431 3076 502 γὰρ
3118 427 3387 483 πιστεύων
3426 424 3580 484 εἶναι

335 521 734 578 inﬁdelitatem.
757 522 887 590 Quis
908 524 1049 579 enim
1079 523 1161 580 vel
1189 524 1385 579 malam
1413 525 1667 580 admittat
1693 525 1897 594 cogita-

333 611 560 676 tionem,
586 612 671 667 vel
709 611 907 667 malum
944 611 1223 681 perﬁciat,
1255 612 1300 667 si
1332 612 1500 667 Deum
1546 610 1733 666 credat
1779 610 1898 664 ubi-

332 718 439 774 que
463 717 584 760 esse
615 703 883 770 locorum,
923 706 1113 760 adesse
1145 705 1232 760 his
1262 720 1383 775 quae
1415 704 1569 771 ﬁunt,
1606 704 1898 774 unicuique

332 794 600 851 interesse
628 795 859 863 actioni,
901 811 964 852 ac
992 797 1239 852 cordium
1265 797 1489 852 consilia
1513 796 1899 867 introspicere?

334 885 442 941 Sed
467 886 571 941 rati
600 887 684 942 vel
715 886 885 943 Deum
918 904 1024 943 non
1049 889 1337 959 inspicere,
1364 888 1450 943 vel
1479 903 1584 944 non
1614 902 1806 943 curare
1833 902 1898 942 ea

333 992 454 1048 qua:
483 987 743 1048 aguntur;
783 980 864 1035 sic
898 980 1144 1036 homines
1176 982 1243 1035 ad
1277 981 1441 1049 impia
1475 980 1739 1051 patranda
1764 978 1899 1034 iaci.

334 1083 466 1123 nora
489 1068 731 1124 animum
762 1069 1069 1127 conferunt.
1100 1071 1237 1138 Quin
1282 1073 1447 1127 etiam
1481 1081 1534 1127 et
1567 1072 1634 1127 de
1663 1070 1897 1126 Ecclesia

338 1160 444 1216 hoc
470 1161 738 1216 interdum
763 1163 963 1217 dicitur
987 1161 1161 1233 (quod.
1193 1163 1355 1228 absit,
1392 1175 1453 1219 ut
1477 1164 1689 1218 dicatur
1710 1163 1777 1218 de
1800 1177 1899 1216 no-

333 1250 470 1322 stra)
506 1251 820 1318 :Quomoda
863 1252 1004 1322 facta
1051 1265 1127 1309 est
1168 1256 1419 1310 meretrix
1480 1256 1665 1309 civitas
1727 1254 1898 1323 ﬁdelis

333 1340 503 1397 Sion?
533 1358 652 1399 cum
683 1343 952 1408 videlicet,
988 1344 1273 1414 repudiato
1313 1354 1369 1400 et
1399 1345 1600 1415 reiecto
1630 1345 1753 1400 ﬁdei
1783 1359 1899 1400 ser-

332 1449 520 1499 mone,
554 1435 639 1489 cui
674 1433 742 1489 ab
768 1437 992 1492 exordio
1045 1452 1146 1493 ceu
1203 1437 1549 1493 matrimonio
1612 1436 1899 1506 conjuncta

331 1526 528 1589 fuerat,
570 1527 866 1583 secundum
903 1528 1122 1584 Patrum
1144 1529 1512 1595 traditionem,
1543 1529 1634 1599 qui
1660 1543 1779 1584 eam
1803 1542 1897 1584 ex-

334 1617 630 1672 hibuerunt
680 1619 774 1672 uni
832 1620 948 1675 viro
1000 1619 1264 1687 virginem
1335 1628 1540 1675 castam
1603 1619 1793 1683 multa,
1841 1626 1898 1674 et

2000 524 2274 595 πανταχοῦ
2293 524 2386 577 τὸν
2405 524 2559 588 Θεὸν,
2585 524 2678 577 καὶ
2699 524 2954 595 παρεῖναι
2983 523 3096 584 τοῖς
3117 519 3442 590 γινομένοις,
3471 518 3578 572 καὶ

1998 616 2200 688 ἑκάστῃ
2245 614 2440 688 πράξει
2487 615 2843 687 παρεστάναι,
2895 613 2988 667 καὶ
3035 615 3155 675 ταῖς
3199 610 3413 681 βουλαῖς
3458 609 3579 663 τῶν

1997 707 2230 781 καρδιῶν
2253 709 2463 779 ὲνορᾷν,
2489 707 2525 776 ἢ
2557 707 2655 777 τὴν
2680 705 2888 760 ἔννοιαν
2914 704 3013 772 τὴν
3054 703 3298 775 πονηρὰν
3331 701 3579 771 παραδέ-

1997 819 2172 873 χεται,
2215 801 2249 872 ἦ
2287 800 2656 870 τελεσιουργεϊ
2713 797 2776 851 τὸ
2823 796 3028 863 κακόν;
3085 795 3225 849 Ἀλλ’
3265 794 3299 865 ἢ
3354 793 3426 865 μὴ
3474 794 3578 861 ἐφ-

1997 898 2129 967 ορᾷν
2143 894 2235 949 τὸν
2256 892 2407 958 Θεὸν,
2430 891 2464 962 ἢ
2491 891 2564 962 μὴ
2590 890 2769 962 μέλειν
2793 889 2942 961 αὐτῷ
2965 888 3074 959 (16)
3100 888 3209 942 τῶν
3231 885 3576 957 γιγνομένων

1999 987 2490 1060 ὑπολαμϐάνοντες,
2542 984 2714 1048 οὕτως
2761 982 2974 1055 ὁρμῶσι
3017 981 3155 1053 πρὸς
3198 980 3297 1043 τὰς
3347 979 3578 1043 ἀνοσίας

1999 1080 2224 1154 πράξεις
2263 1082 2313 1133 οἱ
2362 1079 2657 1150 ἄνθρωποι.
2685 1075 2914 1144 Λέγεται
2959 1073 3017 1128 δέ
3043 1090 3172 1127 ποτε
3203 1072 3295 1126 καὶ
3321 1072 3414 1125 ἐπὶ
3446 1072 3580 1124 Ἐκ-

1998 1174 2224 1245 κλησίας
2249 1174 2403 1244 (ὅπερ
2428 1170 2592 1241 ἀπείη
2617 1169 2726 1241 (17)
2756 1167 3013 1239 λεχθῆναι
3036 1166 3130 1219 ἐπὶ
3151 1165 3249 1237 τῆς
3268 1163 3577 1235 ἡμετέρας)

1997 1267 2077 1329 τὸ,
2106 1265 2238 1331 Πῶς
2266 1265 2501 1335 ἐγένετο
2545 1262 2736 1329 πόρνη
2780 1261 2957 1324 πόλις
2999 1255 3188 1326 πιστὴ
3226 1256 3411 1318 Σιών;
3440 1256 3576 1308 ὅταν

1998 1357 2374 1412 ἀποϐάλλουσα
2418 1357 2509 1409 τὸν
2546 1357 2702 1427 λόγον
2737 1355 2838 1424 τῆς
2880 1353 3138 1414 πίστεως,
3178 1342 3223 1418 ᾧ
3272 1347 3333 1412 ἐξ
3371 1346 3571 1417 ἀρχῆς,

1997 1451 2139 1505 κατὰ
2189 1450 2286 1521 τὴν
2324 1448 2619 1519 παράδοσιν
2661 1446 2768 1500 τῶν
2806 1443 3088 1515 Πατέρων,
3134 1437 3583 1517 συνενυμφεύθη,ξ

1996 1542 2106 1596 τῶν
2189 1541 2676 1612 παραπησάντωνί
2729 1537 2900 1608 αὐτὴν
2957 1535 3037 1588 ἐνὶ
3093 1532 3246 1604 ἀνδρὶ
3297 1522 3583 1612 παρθένονξ

1997 1634 2188 1705 ἁγνὴν,
2235 1608 2405 1686 πολλὰ
2429 1608 2550 1685 ’καὶ
2603 1629 2822 1684 ποικίλα
2866 1627 3231 1701 παραδέχεται
3273 1623 3369 1677 τοῦ
3407 1608 3582 1705 λόγουῖ

335 1710 543 1764 diversa
576 1707 763 1778 recipit
794 1710 1060 1765 sermonis
1090 1711 1297 1766 semina
1332 1711 1400 1765 ab
1432 1710 1540 1775 his,
1572 1712 1664 1780 qui
1694 1719 1896 1781 myste-

2002 1696 2288 1797 σπέρματα
2337 1723 2487 1795 παρά
2541 1721 2648 1776 τῶν
2709 1720 2807 1792 τὴν
2856 1696 3158 1790 σεμνότητα
3203 1716 3310 1769 τῶν
3364 1696 3582 1786 μυστη-1

332 1800 538 1856 riorum
589 1802 1002 1857 sanctimoniam
1054 1803 1201 1858 velut
1256 1812 1449 1873 stupro
1494 1804 1891 1868 contaminant,

332 1907 400 1948 ac
438 1892 729 1961 impietatis
766 1893 1123 1949 disseminant
1175 1893 1424 1964 dogmata
1459 1894 1524 1947 ad
1552 1908 1897 1963 corrumpen-

333 1984 432 2039 das
457 1984 683 2040 animas.
716 1983 846 2040 iure
870 1999 935 2040 ac
960 1985 1157 2042 merito
1182 1985 1250 2042 de
1279 1987 1383 2042 hac
1413 1985 1651 2041 Ecclesia
1687 1968 1897 2041 dicetur

331 2074 465 2131 illud
498 2093 513 2131 :
547 2073 819 2140 Quomodo
861 2075 1006 2146 facta
1055 2085 1131 2131 est
1181 2079 1429 2132 meretrix
1476 2077 1662 2131 civitas
1721 2076 1893 2145 ﬁdelis

332 2160 507 2223 Sion?
536 2165 726 2238 Angeli
766 2167 911 2222 enim
960 2169 1161 2234 sancti,
1211 2169 1407 2238 quibus
1461 2168 1769 2223 concredita
1811 2175 1896 2222 est

329 2257 696 2315 Ecclesiarum
749 2258 1090 2329 praefectura,
1151 2275 1337 2316 rerum
1388 2261 1730 2328 antiquarum
1785 2273 1894 2312 non

330 2350 528 2419 ignari,
564 2364 630 2404 ac
665 2352 1013 2420 praesentium
1060 2352 1419 2422 inspectores,
1474 2352 1762 2406 adversum
1795 2351 1895 2406 hos

331 2455 454 2497 cum
502 2442 860 2498 admiratione
883 2451 1012 2498 sunt
1039 2444 1234 2500 dicturi
1269 2459 1283 2496 :
1322 2443 1593 2509 Quomodo
1636 2438 1779 2512 facta
1816 2449 1893 2496 est

331 2535 582 2590 meretrix
607 2533 787 2589 civitas
829 2534 1003 2604 ﬁdelis
1021 2537 1047 2590 Ζ)
1071 2534 1280 2607 Quippe
1307 2551 1429 2607 quae
1458 2550 1558 2607 per
1590 2550 1745 2590 suum
1780 2544 1897 2590 ειυ-

330 2638 488 2693 prum
515 2624 673 2680 simul
701 2624 1001 2681 homicidas
1043 2626 1208 2680 etiam
1238 2625 1631 2696 aggregaverit,
1669 2622 1896 2679 homici-

329 2715 432 2772 das
476 2731 585 2771 non
634 2729 943 2786 corporum,
995 2716 1090 2771 sed
1144 2717 1494 2771 animarum:
1529 2717 1624 2786 qui
1667 2715 1791 2770 dolo
1831 2729 1897 2771 ac

331 2805 528 2864 fraude
554 2807 723 2862 vitam
757 2807 1003 2863 adimunt
1032 2807 1487 2878 simplicioribus,
1522 2819 1681 2878 atque
1711 2807 1894 2878 perin-

331 2899 402 2958 de
427 2913 492 2954 ac
516 2899 751 2969 quodam
796 2898 995 2970 gladio,
1034 2913 1288 2957 sermone
1317 2914 1415 2969 per
1446 2900 1773 2954 mundanam
1808 2914 1892 2956 sa-

330 2990 594 3061 pientiam
621 2990 689 3045 ad
710 2990 1042 3046 suadendum
1068 2990 1343 3057 inStructi,
1367 2991 1581 3047 lethalia
1610 2992 1896 3047 animabus

2001 1817 2131 1889 ρίων
2166 1815 2276 1887 (18)
2313 1812 2808 1886 ὲκπορνευσάντων,
2855 1811 2950 1865 καὶ
3011 1809 3103 1863 ἐπὶ
3155 1807 3421 1877 διαφθορᾷ
3458 1804 3581 1883 τῶν,

1996 1907 2183 1978 ψυχῶν
2213 1906 2283 1961 τὰ
2315 1906 2558 1978 δόγματα
2581 1904 2683 1975 τῆς
2707 1903 2958 1967 ἀσεϐείας
2998 1900 3436 1971 διασπειρόντων.
3466 1898 3578 1950 Δε-

1998 1996 2255 2068 χθήσεται
2293 1996 2388 2050 καὶ
2427 1997 2515 2049 ἐπ’
2554 1993 2725 2064 αὐτῆς
2777 1991 3002 2055 δικαίως
3041 1990 3124 2054 τὸ,
3164 1988 3298 2054 Πῶς
3332 1987 3575 2057 ἐγένετο

2000 2089 2190 2157 πόρνη
2233 2089 2404 2153 πόλις
2428 2085 2613 2155 πιστὴ
2643 2084 2831 2147 Σιών;
2876 2085 2939 2139 Οί
2963 2082 3072 2154 γὰρ
3093 2083 3235 2150 ἅγιοι
3256 2079 3495 2148 ἄγγελοι,
3518 2081 3572 2131 οί

1999 2178 2104 2232 τῶν
2141 2176 2473 2248 Ἐκκλησιῶν
2494 2175 2591 2239 τὰς
2612 2174 2943 2245 προστασίας
2967 2172 3408 2243 πεπιστευμένοι,
3431 2189 3547 2243 γνω
3567 2200 3579 2209 -

2002 2269 2236 2341 ρίζοντες
2256 2269 2324 2323 τὰ
2344 2269 2562 2340 ἀρχαῖα,
2603 2265 2913 2337 ἀφορῶντες
2937 2266 3031 2319 καὶ
3054 2266 3189 2337 πρὸς
3207 2265 3276 2319 τὰ
3296 2266 3413 2330 νῦν,
3436 2264 3577 2335 πρὸς

1996 2358 2341 2433 τούτους(19)
2366 2358 2548 2432 ἐροῦσι
2571 2358 2958 2431 θαυμαστικῶς
2975 2374 2989 2388 ·
3022 2357 3155 2423 Πῶς
3175 2356 3410 2428 ἐγένετο
3436 2358 3580 2425 πόρ-

1997 2472 2074 2522 νη
2108 2453 2285 2518 πόλις
2334 2451 2518 2518 πιστή
2538 2467 2557 2516 ;
2609 2451 2705 2504 Ἐκ
2739 2450 2840 2519 τῆς
2877 2449 3134 2520 πορνείας
3171 2448 3339 2519 αὐτῆς
3359 2447 3455 2502 καὶ
3478 2463 3575 2517 φο‹

1997 2543 2190 2608 νευτὰς
2232 2542 2659 2615 συναθροίσασα·
2722 2540 3017 2609 φονευτάς,
3081 2541 3202 2611 οὐχὶ
3265 2538 3573 2609 σωμάτων,

1999 2636 2136 2693 ἀλλὰ
2168 2635 2353 2706 ψυχῶν
2372 2649 2387 2664 ⁸
2418 2638 2475 2688 ὲν
2498 2633 2761 2703 δολιότητι
2789 2632 2882 2685 καὶ
2905 2632 3088 2704 ἀπάτῃ
3115 2631 3212 2704 τὴν
3246 2628 3390 2702 ζωὴν
3416 2631 3574 2700 ἀφαι-

2002 2727 2293 2801 ρουμένους
2335 2726 2443 2779 τῶν
2483 2723 2896 2794 ἁπλουστέρων
2948 2724 3111 2777 οἱονεὶ
3150 2722 3292 2793 ξίφει
3347 2722 3458 2776 τινὶ
3493 2716 3577 2788 τῷ

1997 2819 2142 2891 λόγῳ
2184 2818 2271 2872 διὰ
2314 2818 2415 2887 τῆς
2443 2816 2535 2870 τοῦ
2584 2817 2791 2891 κόσμου
2839 2817 3029 2884 σοφίας
3074 2816 3155 2880 είς
3192 2815 3576 2886 πιθανολογίαν

2000 2911 2325 2982 ἠκονημένοι
2349 2907 2461 2981 (‘20)
2486 2949 2501 2975 ,
2551 2910 2824 2981 θανάσιμα
2871 2908 3163 2982 τραύματα
3210 2910 3328 2971 ταῖς
3371 2907 3577 2978 ψυχαῖς,-

2001 2999 2335 3073 ὲμποιοῦσιν.
2353 2995 2486 3054 Εἶτα
2505 3002 2539 3072 ἡ
2567 3000 2668 3072 τῆς
2693 2999 2872 3064 αἰτίας
2901 2999 3172 3066 ἀπόδοσις,
3201 2998 3270 3051 δι’
3296 2998 3362 3070 ἦν
3394 2998 3581 3053 αἰτίαν

331 3078 557 3136 vulnera
603 3080 860 3136 inferunt.
887 3081 1027 3135 Tum
1073 3097 1296 3138 causam
1347 3083 1526 3138 reddit
1567 3097 1666 3139 cur
1704 3081 1895 3138 eﬁ‘ecta

2002 3094 2215 3162 ἐγένετο
2252 3092 2423 3164 πόρνη
2453 3092 2487 3162 ἡ
2518 3093 2779 3164 πρότερον
2808 3092 2994 3163 πιστή.

333 3169 596 3227 meretrix
629 3172 723 3236 sit,
752 3186 871 3239 quae
898 3172 1050 3242 prius
1070 3172 1246 3227 fuerat
1274 3173 1467 3229 ﬁdelis.
1501 3208 1515 3221 -
1554 3200 1564 3211 -

400 3258 493 3316 47.
521 3259 687 3318 Vsus.
727 3263 817 3316 2‘2.
854 3264 1136 3334 Argentum
1178 3273 1407 3319 vestrum
1456 3279 1559 3321 non
1593 3265 1892 3336 probatum.

332 3348 446 3407 Hoc
476 3359 582 3418 est,
602 3366 782 3408 sermo
811 3351 933 3408 ﬁdei
970 3353 1307 3408 adulterinus
1333 3364 1415 3409 est
1435 3363 1490 3410 et
1517 3355 1648 3409 falsa
1674 3365 1798 3410 nota
1825 3356 1898 3410 si-

332 3452 551 3513 gnatus,
604 3443 808 3514 quippe
842 3445 934 3515 qui
976 3445 1239 3516 integram
1282 3454 1339 3500 et
1386 3457 1698 3501 accuratam
1737 3448 1899 3518 regiae

331 3532 586 3602 imaginis
605 3531 833 3603 ﬁguram
869 3548 972 3589 non
1006 3545 1207 3590 servet.
1240 3534 1392 3601 Quod
1417 3537 1560 3591 enim
1593 3532 1737 3593 hunc
1772 3554 1898 3594 sen-

332 3638 452 3679 sum
481 3640 591 3694 prae
617 3640 680 3682 se
716 3625 855 3681 ferat
882 3628 1130 3695 aenigma,
1171 3628 1420 3698 quodque
1442 3639 1721 3698 argentum
1758 3646 1899 3685 nun-

332 3723 493 3784 cupet
528 3715 650 3771 ﬁdei
694 3731 1023 3780 sermonem,
1057 3733 1181 3773 cum
1225 3719 1472 3787 plurimis
1496 3736 1565 3776 ex
1596 3721 1748 3785 locis.
1784 3732 1895 3777 tum

2068 3267 2253 3322 47.’Τὸ
2279 3267 2563 3337 ἀργύριον
2591 3265 2758 3336 ὑμῶν
2772 3254 3079 3336 ἀδόκιμον.
3095 3251 3409 3331 Τουτέστιν,
3428 3267 3456 3322 ὁ
3475 3264 3584 3338 τῆς·

2000 3358 2236 3424 πίστεως
2273 3358 2429 3428 λόγος
2468 3357 2998 3429 παρατετυπωμένος
3028 3358 3144 3411 ἐστὶ
3184 3362 3278 3412 καὶ
3324 3358 3578 3429 παράση-

2003 3470 2102 3523 μος
2118 3451 2250 3522 (21),
2267 3451 2356 3505 τὸν
2374 3448 2574 3520 ἀκριϐῆ
2590 3451 2911 3521 χαρακτῆρα
2929 3451 3028 3522 τῆς
3059 3450 3340 3521 βασιλικῆς
3368 3450 3580 3513 εἰκόνος

2004 3545 2078 3616 μὴ
2107 3542 2406 3608 διασὼζων.
2439 3543 2560 3595 Ὀτι
2593 3542 2700 3615 γὰρ
2734 3543 2813 3604 είς
2840 3541 2997 3595 τοῦτο
3034 3543 3189 3615 φέρει
3229 3532 3289 3596 τδ
3321 3542 3576 3611 αἴνιγμα,

2001 3637 2094 3689 καὶ
2120 3635 2382 3708 ἀργύριον
2407 3630 2660 3704 ὀνομάζει
2686 3632 2778 3686 τὸν
2801 3632 2957 3701 λόγον
2977 3633 3077 3704 τῆς
3101 3632 3353 3697 πίστεως,
3383 3632 3580 3702 πολλα-

2000 3726 2155 3799 χόθεν
2183 3726 2482 3779 δείκνυται·
2510 3724 2604 3776 καὶ
2632 3723 2867 3793 μάλιστα
2899 3725 2962 3777 ὲκ
2992 3721 3087 3775 τοῦ
3111 3764 3124 3787 ,
3156 3723 3232 3777 Τὰ
3251 3723 3429 3792 λόγια
3451 3719 3578 3774 Kv-

331 3805 566 3860 maxime
587 3820 653 3861 ex
684 3807 786 3862 hoc
807 3812 1110 3865 ostenditur
1139 3830 1153 3866 :
1182 3810 1407 3882 Eloquia
1430 3813 1664 3881 Domini,
1689 3798 1896 3886 eloquia

2002 3822 2151 3890 ριόυ,
2185 3820 2360 3889 λόγια
2395 3816 2580 3887 ἀγνά-
2619 3816 2902 3885 ἀργύριον
2933 3811 3376 3883 πεπυρωμένον,
3412 3812 3579 3865 δοκί-

333 3901 477 3946 casta
506 3907 526 3947 :
550 3904 824 3964 argentum
866 3898 985 3967 igne
1035 3901 1416 3968 examinatum,
1474 3907 1752 3971 probatum
1793 3918 1896 3962 ter-

2002 3931 2135 3984 μιον
2148 3911 2222 3981 τῇ
2238 3911 2315 3981 γῇ
2333 3910 2465 3978 (22).
2485 3910 2540 3963 Ἐ
2548 3908 2841 3981 ρευνήσατε
2858 3901 2949 3960 οὗν
2979 3905 3133 3975 ὑμῶν
3152 3904 3220 3958 τά
3246 3906 3445 3975 ταμεῖα
3465 3903 3579 3957 τῶν

332 3995 410 4037 ηε
429 3981 496 4037 ³⁸.
533 3982 955 4042 Perscrutemini
994 3988 1159 4058 igitur
1193 3993 1439 4047 cordium
1466 4004 1772 4051 vestrorum
1812 4013 1898 4052 re—

333 4084 541 4127 cessus.
567 4072 781 4137 Omnia,
807 4090 1011 4146 quaeso,
1054 4078 1455 4149 circumspicito
1491 4083 1544 4137 in
1590 4086 1820 4141 retrusis
1845 4095 1901 4142 et

331 4161 529 4217 abditis
556 4163 853 4233 apothecis,
881 4166 1074 4222 necubi
1125 4169 1197 4222 sit
1232 4170 1495 4226 drachma
1553 4175 1852 4229 adulterina
1882 4192 1896 4241 ;

330 4248 435 4306 hoc
461 4260 565 4319 est,
594 4254 786 4309 necubi
820 4256 891 4310 sit
925 4254 1119 4326 dogma
1152 4260 1494 4324 ementitum,
1539 4278 1643 4317 non
1683 4280 1750 4318 ex
1784 4263 1901 4333 Spi-

331 4344 440 4397 ritu
486 4353 726 4401 notatum
753 4347 987 4418 propriis
1012 4350 1421 4406 characteribus
1450 4355 1719 4420 veritatis,
1756 4371 1892 4425 quos

2000 4005 2254 4078 καρδιῶν.
2284 4003 2468 4057 Πάντα
2507 4019 2595 4071 μοι
2624 3997 3031 4070 περισκέψασθε
3060 3997 3117 4051 ὲν
3151 3998 3270 4059 ταῖς
3302 3996 3580 4066 κρυπταῖς

2001 4097 2324 4167 ἀποθήκαις,
2354 4095 2426 4163 μή
2453 4109 2554 4145 που
2590 4090 2839 4162 κίϐδηλος
2928 4087 3176 4159 δραχμή·
3202 4085 3468 4151 τουτέστι,
3496 4086 3573 4159 μή

2000 4201 2104 4238 που
2131 4184 2306 4252 δόγμα
2337 4179 2877 4254 παραπεποιημένον,
2912 4179 3011 4230 οὐκ
3040 4181 3103 4230 ἐκ
3132 4174 3225 4230 τοῦ
3252 4176 3578 4247 Πνεύματος

2002 4274 2300 4346 σημειωθὲν
2332 4275 2388 4326 ὲν
2430 4274 2542 4335 τοῖς
2588 4270 2739 4331 ἰδίοις
2779 4266 2943 4322 αὑτοῦ
2975 4268 3075 4338 τῆς
3118 4265 3374 4337 ἀληθείας
3406 4264 3580 4336 χαρά-

1999 4383 2222 4437 γμασιν,
2251 4364 2285 4417 ἃ
2305 4363 2393 4416 διὰ
2427 4360 2721 4433 προφητῶν
2757 4362 2891 4431 ἡμῖν
2915 4360 3011 4412 καὶ
3042 4357 3355 4411 ἀποστόλων
3386 4356 3579 4428 ἐχαρί-

327 4450 426 4508 per
445 4438 733 4508 prophetas
763 4450 819 4496 et
845 4441 1118 4511 apostolos
1172 4442 1329 4499 nobis
1377 4443 1603 4516 largitus
1652 4456 1759 4514 est,
1803 4450 1896 4505 sed

2012 4474 2160 4522 σατο,
2190 4454 2303 4509 ἀλλ’
2333 4453 2436 4507 ὑπὸ
2459 4451 2675 4507 ἀνδοῶν
2693 4451 2989 4505 ἐπιΰοόλων
3019 4448 3124 4503 ὑπὸ
3158 4450 3257 4520 τῆς
3292 4449 3429 4513 ἰδίας
3458 4451 3581 4503 ἐπι-

402 4594 447 4627 ³⁰
475 4593 616 4652 Psal.
648 4611 732 4662 ιι,
759 4596 813 4650 7.

404 4747 516 4820 (l6)
546 4747 793 4819 Uterque
825 4751 1003 4813 Colb..
1036 4752 1217 4807 αὐτόν.
1248 4752 1391 4808 Editi
1430 4761 1485 4808 et
1530 4754 1634 4808 duo
1669 4771 1798 4811 mss.
1840 4769 1900 4815 ut

332 4819 695 4898 incontextu.
722 4820 922 4876 Ibidem
966 4824 1202 4898 quinque
1244 4839 1405 4888 mss.,
1432 4823 1541 4877 τῶν
1573 4827 1894 4898 γινομένων.

330 4888 766 4963 Editi__ct_tm_uno
792 4906 946 4957 mss.,
977 4888 1332 4963 γιγνομένων.

401 4959 510 5029 (l7)
533 4959 759 5035 Codices
785 4970 914 5024 tres,
944 4959 1307 5035 augentium
1335 4978 1462 5019 vero
1487 4978 1608 5019 cum
1647 4965 1768 5022 aliis
1796 4968 1899 5022 tri-

327 5028 606 5101 busmss.,
631 5029 817 5101 ἀπείη,
856 5042 1019 5087 recte.

399 5099 510 5177 (38)
544 5098 647 5177 Pro
686 5098 798 5177 illo,
831 5102 940 5155 τῶν
968 5104 1303 5177 μυστηρίων,
1338 5102 1533 5174 legitur
1571 5104 1623 5159 in
1668 5115 1898 5177 utroque

327 5165 639 5244 Colbertino
659 5169 754 5223 τοῦ
790 5165 1108 5244 μυστηρίου.

362 5238 513 5319 1.19)
541 5238 617 5319 Ita
641 5238 1064 5319 _emer'ula_vin'uts
1110 5258 1177 5298 ex
1212 5243 1448 5314 quinque
1482 5258 1613 5298 mss.
1646 5244 1702 5299 ln
1735 5247 1902 5303 editis

326 5309 522 5363 vitiose
554 5309 768 5376 legitur,
798 5311 1027 5376 τούτοις.

396 5376 512 5449 (20)
552 5376 693 5455 Editi
726 5390 776 5455 et
813 5383 983 5455 nostri
1020 5397 1112 5436 sex
1139 5397 1290 5445 mss.,
1327 5384 1671 5455 ὴκονημένοι.
1711 5384 1897 5454 Neque

326 5454 506 5501 tamen
544 5448 894 5505 Combeﬁsius
922 5459 1071 5506 tanto
1106 5455 1205 5507 hoc
1227 5448 1651 5508 libroruufinter
1682 5471 1740 5508 se
1767 5448 1897 5508 con-

325 5529 489 5591 sensu
518 5517 709 5591 adduci
738 5520 928 5591 potuit,
973 5533 1035 5575 ut
1083 5537 1201 5576 eam
1247 5525 1565 5588 scripturam
1619 5524 1892 5591 probaret.

325 5582 491 5654 Lego,
539 5582 1121 5661 ἰηιιυίι,’ὴκονημένῳ,
1171 5608 1264 5646 nec
1325 5582 1515 5646 Ducam
1550 5582 1759 5661 possum
1804 5613 1893 5647 ac-

326 5660 732 5733 quiescer'e,_qui
769 5661 833 5712 de
858 5660 1089 5733 personis
1128 5663 1367 5729 exponit,
1415 5660 1736 5733 ὴκονὴμένοι
1759 5702 1773 5725 ,
1810 5666 1894 5716 in-

326 5726 539 5783 structi.
589 5726 865 5787 Ιιάειεηιεε
886 5731 967 5786 vir
1011 5726 1203 5789 doctus
1248 5726 1462 5796 quidem
1491 5749 1505 5787 :
1536 5726 1628 5789 se'd
1666 5734 1759 5794 qui
1789 5733 1896 5789 sibi

2001 4768 2119 4838 plus
2140 4768 2287 4838 justo
2311 4766 2549 4823 conﬁdit.
2578 4765 2684 4820 Nos
2716 4765 2882 4838 igitur
2906 4762 3127 4838 codices
3138 4778 3273 4838 mss.
3306 4778 3428 4838 cum
3455 4762 3569 4818 Du-t

2000 4833 2110 4894 caeo
2140 4833 2292 4908 sequi
2329 4838 2613 4908 unanimus,
2655 4850 2814 4908 quam
2845 4833 3149 4908 Combeﬁsii
3197 4833 3568 4908 conjecturam

1998 4904 2293 4976 quamlibet
2316 4908 2531 4958 bonam.
2560 4904 2670 4959 llos
2706 4904 2848 4976 enim
2882 4904 3485 4976 tut_iores_arbitramur,
3511 4915 3574 4976 et

2001 4968 2286 5032 ﬁdeliores.
2320 4976 2524 5030 Ibidem
2557 4990 2709 5037 mss.,
2751 4968 3087 5043 ἐμποιοῦσιν.
3116 4971 3280 5043 Editi,
3307 4968 3572 5043 ἐμποιοῦ-

2002 5065 2117 5100 σαν.
2143 5047 2349 5101 Rursus
2377 5046 2476 5100 hoc
2497 5046 2615 5115 ipso
2644 5045 2697 5098 in
2723 5037 2840 5098 loco
2864 5055 2973 5098 tres
3003 5057 3160 5107 mss.,
3184 5037 3303 5096 εἶτα
3413 5042 3575 5097 Deest

2070 5120 2121 5172 in
2162 5117 2340 5171 editis.

2001 5121 2034 5188 ἡ
2070 5121 2408 5258 l("it{idl'tlalssex
2436 5199 2595 5258 mss._,
2617 5182 2723 5258 nisi
2743 5182 2886 5251 quod
2917 5182 3138 5237 verbum
3161 5181 3279 5258 ξστί
3301 5182 3353 5235 in
3373 5181 3579 5258 quibus

2003 5252 2135 5311 mss.
2162 5257 2521 5310 desideratur.
2553 5252 3297 5325 Εόίιί,ίπαρατετυπωμένος,
3327 5252 3439 5307 τόν.

2073 5326 2186 5397 (22)
2232 5326 2375 5397 Editi
2414 5334 2484 5397 Wet
2518 5339 2657 5397 unus
2701 5320 2967 5397 Cotn'be‘ﬁ,
3016 5320 3235 5394 δόκιμον
3278 5325 3337 5375 ἐν
3380 5325 3447 5394 τῇ
3474 5320 3572 5394 τῇ.

1979 5393 2364 5450 ‘At‘in'altero
2400 5393 2643 5448 Combef.
2680 5403 2734 5448 et
2784 5394 2835 5445 in
2867 5393 2983 5447 aliis
3001 5402 3233 5461 quatuor
3275 5393 3573 5459 niss.'pcr-

2001 5467 2126 5520 inde
2188 5475 2349 5532 atque
2394 5465 2532 5531 apud
2591 5464 2737 5519 LXX
2789 5463 2984 5532 legitur
3038 5462 3111 5516 ita
3161 5473 3232 5532 fut,
3264 5462 3572 5517 edidimus.

2001 5530 2288 5614 gliquantp
2316 5530 2439 5614 ppst
2465 5534 2568 5614 duo
2596 5530 3109 5614 tuss.,'ﬁ'_dpux§ti;.
3145 5530 3296 5614 (ξομ).
3341 5532 3571 5614 primus,

1999 5602 2033 5731 ᾗ
2063 5598 2301 5677 δραχμή.
2337 5605 2492 5663 Deest
2519 5605 2577 5675 ἡ,
2619 5604 2733 5660 sive
2764 5598 2831 5677 ᾖ,
2854 5598 2917 5658 ἱιι⁷
2945 5598 3105 5659 editis
3129 5611 3185 5658 et
3226 5602 3283 5657 in
3326 5598 3450 5661 aliis
3476 5598 3575 5657 tri-

2040 5693 2099 5732 US
2127 5690 2256 5731 “ISS-
