3828 6216
234 321 341 377 209
1124 330 1480 391 COMMENT.
1524 337 1591 392 IN
1627 337 1859 396 [SAIAM
1895 341 2333 398 PROPHETAM.
2373 342 2524 399 CAP.
2563 345 2606 398 Ι.
3370 354 3478 410 210

232 448 383 542 vola;
399 448 676 542 λαθραίως
694 453 785 507 καὶ
801 455 860 508 δυ
869 457 1168 528 σφωράτως
1193 458 1303 530 (25)
1327 477 1402 512 πα
1410 463 1760 531 ρακοπτόντωλ

1873 464 2056 534 ισιιοᾶ
2097 465 2367 534 signatum
2415 463 2580 517 fuerit
2611 463 2678 517 ab
2721 463 2998 520 insidiosis
3044 466 3195 535 viris,
3231 471 3320 539 qui
3364 487 3477 542 prae

229 537 282 594 02
296 540 366 591 τὰ
388 540 646 612 ἀλλότρια
667 546 1110 619 νομίσματα,τὴν
1127 549 1220 601 τοῦ
1248 551 1444 622 ἐχθροῦ
1475 553 1686 624 μορφὴν
1709 572 1760 606 πε

1911 571 2008 610 sua
2062 555 2224 627 417
2275 556 2470 609 astutia
2505 555 2737 610 latenter
2760 565 2814 610 et
2839 558 3070 626 quodam
3117 537 3475 620 artiﬁcio-de-

235 631 540 702 ρικείμενα,
582 637 694 698 τοῖς
733 635 1030 705 βασιλικοῖς
1073 639 1365 713 θησαυροῖς
1402 644 1760 712 ἐπεισάγοντει

1907 648 2174 717 prehensu
2233 648 2429 703 difﬁcili
2458 665 2706 704 nummos
2749 650 3078 710 adulterinos
3109 656 3310 711 cudunt
3339 676 3354 713 :
3381 661 3476 728 qui

226 721 320 774 τόν
341 739 401 774 τε
428 723 601 794 μέγαν
632 726 860 781 πλοῦτον
883 729 1213 802 διέφθειραν,
1240 733 1336 786 καὶ
1355 735 1682 805 ἀμφιϐολίαν
1703 737 1760 789 ti

1905 739 2077 793 aliena
2129 739 2450 793 numismata
2507 740 2711 794 inimici
2759 740 2987 797 formam
3036 746 3475 805 circumferentia

227 813 460 905 ἐκλογῆς
499 820 613 879 τοῖς
654 819 869 883 πολλοῖς
903 821 1014 891 (24)
1067 825 1405 894 ἐνεποίησαν.
1450 826 1642 895 Ὀλίγοι
1694 828 1760 896 γά

1903 832 1957 886 in
1985 833 2192 903 regales
2216 836 2500 888 thesauros
2527 846 2834 903 exportant,
2859 853 2920 891 ac
2951 837 3195 905 ingentes
3223 853 3471 893 corrum-

225 904 271 996 οἱ
297 903 512 974 δόκιμοι
541 909 881 976 τραπεζῖται.
922 910 1118 980 Ὀλίγοι
1164 914 1213 965 οἱ
1263 915 1439 968 πάντα
1488 916 1760 987 δοκιμάζει

1900 931 2035 991 punt
2072 925 2309 990 divitias,
2351 933 2404 978 et
2438 925 2490 978 in
2521 939 2683 980 causa
2720 934 2844 982 sunt
2889 942 2986 980 cur
3014 903 3190 980 vmulti
3238 929 3365 996 quid
3397 928 3473 981 sit

223 989 533 1084 δυνάμενοι,
567 997 748 1050 καὶτὰ
776 999 876 1068 μὲν
914 1000 1056 1054 καλά
1086 1002 1353 1072 κατέχειν,
1385 1006 1492 1060 ἀπὸ
1518 1008 1573 1060 δὲ
1601 1011 1760 1064 παντὶ

1900 989 2224 1079 eligendum,
2259 1011 2525 1066 dubitent.
2560 1012 2724 1067 Pauci
2761 1013 2905 1067 enim
2953 1013 3106 1083 probi
3165 989 3464 1084 trapezitae.

221 1080 395 1144 εἴδους
427 1085 667 1155 πονηροῦ
696 1087 1020 1158 ἀπέχεσθαι.

288 1252 380 1308 48.
424 1258 491 1310 Ol
519 1259 782 1329 κάπηλοι
811 1278 927 1319 σου
948 1269 1240 1338 μίσγουσι
1267 1271 1374 1325 τὸν
1403 1269 1570 1326 οἶνον
1599 1274 1789 1329 ὕδατι.

231 1345 528 1433 ᾌκούσατε
566 1353 664 1421 μὲν
705 1356 799 1408 καὶ
840 1356 997 1425 ψιλοῦ
1039 1360 1130 1413 τοῦ
1165 1364 1407 1433 ῥήματος
1437 1365 1570 1433 (25),
1621 1367 1670 1418 οἰ
1701 1367 1791 1420 τὸν

215 1432 357 1532 οἶνον
382 1440 724 1532 ’πωλοῦντες
756 1447 850 1500 καὶ
880 1449 955 1520 μὴ
988 1451 1200 1506 δολοῦτε
1355 1457 1551 1512 κτίσιν.
1581 1460 1656 1511 Οὐ
1682 1458 1789 1532 γὰρ

214 1527 407 1618 παιδιά
433 1531 494 1582 τὸ
523 1535 754 1604 πρᾶγμα
777 1552 791 1567 ·
820 1537 954 1590 ἀλλὰ
993 1542 1160 1596 κακὸν
1189 1545 1288 1614 τῆς
1317 1545 1579 1617 μεγίστης
1617 1527 1787 1618 κατηξ-

211 1616 406 1708 γορίας
440 1620 767 1691 ἠξιωμένον.
816 1627 963 1701 Πλὴν
1000 1630 1114 1682 ἀλλ’
1157 1633 1251 1685 ἐπὶ
1283 1635 1374 1688 τὸν
1421 1616 1786 1708 πνευματικδν

210 1707 336 1798 νοῦν
365 1710 395 1761 ὁ
428 1709 588 1779 λόγος
624 1715 922 1785 ἐπείγεται.
955 1716 1108 1786 Οἶνός
1145 1723 1293 1776 ἐστιν
1319 1707 1624 1797 εὐφραίνων
1651 1744 1786 1798 καρ-

1900 1099 2064 1154 Pauci
2105 1109 2231 1154 sunt
2281 1101 2372 1170 qui
2413 1110 2609 1155 cuncta
2638 1101 2846 1171 possint
2886 1102 3190 1172 explorare,
3231 1104 3468 1159 retinere

1906 1191 2067 1256 bona,
2100 1199 2153 1246 et
2182 1191 2249 1246 ab
2278 1192 2423 1245 omni
2455 1193 2634 1261 specie
2655 1192 2792 1246 mala
2825 1192 2926 1248 sibi
2955 1204 3270 1262 temperare.

1964 1282 2056 1338 48.
2089 1280 2363 1351 Caupones
2384 1284 2460 1336 tui
2495 1284 2670 1337 vinum
2697 1300 2834 1353 aqua
2869 1283 3104 1337 miscent.
3135 1284 3330 1338 Audite
3359 1301 3462 1340 nu-.

1893 1372 2017 1425 dam
2055 1373 2220 1440 ipsam
2256 1374 2544 1426 verborum
2586 1372 2912 1427 sententiam
2975 1388 3037 1427 ac
3075 1373 3335 1440 litteram,
3365 1375 3458 1442 qui

1897 1465 2134 1518 venditis
2166 1465 2376 1528 vinum,
2407 1473 2460 1518 et
2492 1477 2560 1517 ne
2585 1462 2708 1517 dolo
2737 1464 2876 1519 hanc
2897 1464 3103 1517 vitietis
3124 1473 3453 1519 creaturam.

1890 1553 1999 1609 Res
2030 1554 2174 1609 enim
2199 1553 2288 1608 illa
2320 1569 2425 1608 non
2456 1553 2614 1609 ludus
2645 1565 2750 1619 est,
2809 1556 2905 1610 sed
2936 1555 3136 1608 malum
3165 1557 3458 1625 reprehen-

1889 1644 2042 1697 sione
2065 1644 2294 1696 maxima
2329 1644 2572 1713 dignum.
2597 1643 2864 1699 Caeterum
2897 1642 3172 1714 Scriptura
3209 1660 3308 1700 nos
3334 1660 3472 1714 pro-7

1889 1744 2065 1790 movet
2105 1736 2170 1790 ad
2201 1735 2499 1804 spiritalem
2554 1749 2796 1790 sensum.
2823 1736 2918 1790 Est
2945 1737 3129 1792 vinum
3173 1736 3454 1792 laetiﬁcans

208 1797 328 1850 δίαν
356 1800 670 1872 ἀνθρώπου,
702 1810 950 1863 τουτέστι
997 1812 1088 1866 τὸν
1117 1813 1240 1868 νοῦν
1265 1817 1355 1868 καὶ
1378 1817 1439 1869 τὸ
1463 1818 1760 1888 ήγεμονικδ

1885 1843 1982 1882 cor
2007 1828 2243 1882 hominis
2264 1830 2336 1895 ³¹,
2367 1829 2422 1884 id
2447 1837 2550 1893 est,
2584 1838 2841 1892 mentem,
2874 1839 2929 1884 et
2957 1829 3302 1900 principalem
3331 1829 3452 1884 ani—

205 1888 306 1957 τῆς
330 1889 533 1962 ψυχῆς,
555 1895 624 1948 τὰ
645 1897 946 1969 διδάγματα
966 1902 1072 1956 τῶν
1097 1905 1350 1974 Γραφῶν,
1375 1906 1463 1960 διὰ
1481 1908 1587 1961 τῶν
1610 1910 1778 1978 ἁγίων

204 1980 526 2072 ἀποστόλων
575 1989 670 2040 καὶ
721 1993 1014 2064 προφητῶν
1062 1997 1141 2060 εἰς
1190 1998 1524 2072 εὐφροσύνην
1564 2001 1778 2058 αἰώνιον

203 2069 575 2161 οἰνοχοοῦντος
603 2077 736 2146 ἡμῖν
774 2080 866 2132 τοῦ
911 2082 1246 2154 Πνεύματος.
1291 2069 1489 2161 θΑπερ
1509 2092 1558 2144 οἱ
1594 2092 1778 2146 πολλοὶ

200 2160 629 2253 καπηλεύοντες,
656 2169 746 2222 τὸν
767 2170 920 2239 λόγον
945 2174 1289 2247 ἐξυδαροῦσιν
1311 2160 1448 2250 (26),
1467 2183 1779 2253 ἐπιμιγνύν-

196 2263 292 2312 τες
319 2252 414 2306 τὸν
442 2255 653 2311 ἑαυτῶν
678 2259 802 2316 νοῦν
829 2264 1136 2331 ἐπιϐλαὸὦς
1156 2271 1268 2333 τοῖς
1293 2252 1574 2328 ἀκούουσι.
1596 2277 1777 2330 Κατα-

197 2342 551 2438 χαριζὸμενοι
596 2349 705 2422 γάρ
750 2354 928 2409 αὐτῶν
969 2359 1087 2421 ταῖς
1135 2359 1368 2430 ἡδοναῖς,
1419 2365 1514 2417 καὶ
1553 2366 1641 2420 διὰ
1675 2368 1774 2438 τῆς

195 2436 598 2529 χρηστολογίας
631 2441 1036 2512 κολακεύοντες,
1068 2450 1248 2504 αὐτῶν
1271 2453 1342 2507 τὰ
1377 2455 1521 2529 πάθη
1551 2436 1774 2529 τρέφου-

195 2540 281 2576 σιν
311 2527 393 2589 είς
423 2528 697 2586 ἀπώλειαν
717 2551 731 2564 ·
760 2535 820 2587 τὸ
848 2538 1116 2612 αὐστηρὸν
1144 2544 1238 2598 καὶ
1263 2545 1476 2603 εὔτονον
1507 2527 1600 2605 κα).
1627 2527 1771 2622 ὠφε-

191 2614 372 2686 λίμως
400 2619 698 2693 ἐπιστῦφον
738 2626 848 2680 τῶν
887 2630 927 2681 Γ
933 2633 1118 2704 ραφῶν
1163 2635 1544 2706 ὑπεκλύοντες,
1583 2645 1772 2712 φιλαν-

191 2706 446 2808 θρωπίας
475 2713 629 2808 τινὰς
655 2717 1031 2788 ἀπαιδεύτους,
1061 2726 1153 2778 καὶ
1185 2733 1559 2802 συγχωρήσεις
1592 2706 1770 2808 ἀμαρ-

186 2801 458 2869 τημάτων
497 2803 772 2875 ἀκρίτους,
823 2814 918 2865 καὶ
961 2817 1186 2870 τοιαῦτά
1232 2837 1352 2874 τινα
1397 2829 1769 2897 κεχαρισμένα

183 2893 300 2952 τοῖς
335 2892 555 2957 πολλοῖς
583 2897 674 2950 ἐπὶ
707 2909 1054 2976 καταστροφῇ
1085 2909 1193 2961 τῶν
1221 2892 1523 2968 ἀκουόντων
1541 2892 1767 2988 ⁷διεξιόν-

183 2997 299 3044 τες,
345 2983 440 3036 ἐπὶ
485 2987 668 3044 πλεῖον
709 2992 818 3047 τῶν
865 2995 1160 3066 φιληδόνων
1191 3001 1290 3067 τὰς
1324 3004 1500 3076 ψυχὰς
1539 2983 1766 3082 ἐκθηλύ-

181 3086 402 3126 νουσιν.

249 3339 354 3393 49.
400 3344 465 3393 Οἱ
499 3340 785 3412 ἄρχοντές
809 3359 924 3420 σου
949 3349 1323 3410 ἀπειθοῦσιν.
1371 3358 1559 3430 Ἡμεῖς
1582 3365 1632 3416 oi
1662 3367 1760 3421 xa't—

177 3430 370 3500 πηλοι,
403 3432 564 3500 ἡμεῖς
591 3433 703 3505 (27)
730 3438 825 3490 καὶ
850 3440 898 3491 οἱ
927 3439 1206 3511 ἄρχοντες,
1243 3447 1291 3499 οἱ
1316 3447 1405 3502 διὰ
1427 3450 1488 3504 τὸ
1514 3453 1756 3510 ἀπειθεῖν

175 3523 264 3572 καὶ
309 3521 389 3592 μὴ
438 3524 714 3580 πιστεύειν
745 3529 950 3600 πρῶτοι
991 3534 1268 3601 ποιοῦντες
1309 3540 1409 3604 τὰς
1442 3543 1626 3609 πόλεις
1658 3547 1755 3612 τὰς

173 3613 386 3711 πιστὰς
420 3618 786 3711 μεταπίπτειν
823 3625 903 3687 είς
939 3625 1038 3689 τὰς
1074 3632 1348 3702 πορνείας.
1387 3636 1531 3706 Πρὸς
1561 3639 1668 3711 γὰρ
1696 3642 1756 3695 τὸ

171 3703 282 3758 τῶν
335 3708 684 3776 κρατούντων
724 3708 856 3784 ἦθος
903 3717 1234 3775 πλάττεσθαι
1278 3703 1540 3794 πέφυκεν,
1685 3733 1755 3786 τὰ

171 3796 375 3890 πολλὰ,
398 3799 462 3852 τὸ
490 3801 791 3874 ἀρχόμενον
811 3825 824 3838 ο
853 3806 994 3862 ὥστε
1016 3812 1188 3867 ὁποῖοί
1215 3818 1334 3869 ποτ’
1359 3817 1425 3872 ἂν
1451 3822 1500 3873 oi
1530 3821 1753 3890 ἄγοντες

169 3880 272 3942 ὦσι
292 3931 309 3954 ,
380 3894 624 3950 τοιοῦτον
687 3899 900 3972 ἀνάγκη
975 3902 1070 3956 καὶ
1140 3907 1199 3960 τὸ
1265 3909 1528 3981 ἀγόμενον
1589 3910 1748 3970 εἶναι.

182 3981 412 4076 ἶΕπειδὴ
440 3983 552 4057 (28)
579 3981 672 4042 οὖν
697 4007 827 4043 ποτε
850 3993 947 4062 τῆς
970 3996 1168 4066 πιστῆς
1192 3999 1397 4065 πόλεως
1419 4005 1468 4055 οἰ
1494 4003 1750 4076 ἄρχοντες

166 4069 314 4144 ἦσαν
344 4077 715 4146 ἀπειθοῦντες,
747 4085 1230 4157 συνεξομοιωθεῖσα
1259 4093 1441 4159 αὐτοῖς
1468 4098 1562 4150 κα)⁵
1588 4101 1620 4169 ἡ
1651 4101 1750 4154 πό-

168 4166 273 4264 λις,
309 4168 724 4264 ἀποθ-εμένητὸ
767 4171 906 4231 εἶναι
949 4181 1134 4251 πιστὴ,
1171 4184 1470 4253 μετέπεσεν
1499 4190 1580 4253 είς
1609 4166 1748 4264 πορ-

166 4261 345 4314 νείαν.
386 4260 479 4332 Μὴ
528 4263 812 4336 γενώμεθα
844 4270 940 4338 καὶ
973 4271 1086 4343 (29)
1134 4277 1298 4346 ἡμεῖς
1345 4278 1618 4347 ἀπειθεῖς,
1655 4260 1748 4340 καὶ

164 4351 421 4446 ἀπιστίαψ
463 4355 619 4425 ήμῶν
670 4359 730 4410 οὐ
771 4361 1068 4431 κυριεύσει.
1124 4369 1188 4421 Οἱ
1245 4368 1528 4440 ἄρχοντες
1581 4378 1749 4446 ὑμῶν

1883 1936 1983 1976 mae
2015 1931 2246 1990 partem,
2278 1935 2401 1976 cum
2446 1921 2654 1976 scilicet
2696 1937 2793 1992 per
2835 1931 3052 1978 sanctos
3094 1921 3368 1991 apostolos
3395 1932 3454 1978 et

1880 2013 2170 2081 prophetas
2203 2010 2610 2082 Scripturarum
2637 2013 2989 2076 documenta,
3019 2026 3120 2067 ceu
3145 2014 3349 2079 vinum,
3381 2015 3450 2068 ad

1879 2111 2134 2156 aeternam
2158 2102 2552 2171 iucunditatem
2580 2104 2983 2174 percipiendam
3016 2105 3172 2160 nobis
3212 2105 3450 2174 Spiritus

1877 2193 2130 2250 infundit.
2162 2194 2291 2261 Quae
2317 2195 2443 2250 dum
2473 2204 2852 2265 cauponantur
2880 2194 3054 2260 multi,
3109 2193 3446 2264 Scripturam

1877 2303 2135 2359 aquosam
2165 2291 2397 2345 reddunt
2426 2304 2490 2344 ac
2516 2287 2768 2354 dilatam,
2801 2303 2950 2344 suam
2978 2288 3216 2358 ipsorum
3246 2286 3446 2342 intelli-

1875 2382 2109 2450 gentiam
2139 2383 2204 2438 ad
2231 2384 2537 2438 auditorum
2566 2382 2862 2451 perniciem
2896 2382 3282 2438 immiscentes.
3317 2382 3444 2436 Ete-

1875 2471 2008 2536 nim,
2049 2472 2172 2525 dum
2207 2485 2394 2526 eorum
2427 2474 2802 2541 obsequuntur
2833 2471 3220 2541 voluptatibus,
3251 2485 3315 2526 ac
3339 2487 3440 2540 per

1873 2560 2393 2631 blandiloquentiam
2453 2573 2822 2630 assentantur,
2882 2563 3094 2619 illorum
3163 2565 3296 2619 vitia
3339 2580 3438 2618 nu-

1873 2652 2044 2706 triunt
2092 2655 2159 2707 ad
2215 2654 2456 2722 ipsorum
2491 2654 2716 2709 exitium
2751 2654 3056 2726 :siquidem
3087 2656 3432 2710 severitatem

1869 2745 2218 2816 vigoremque
2239 2755 2294 2801 et
2323 2746 2532 2800 frenum
2560 2747 2967 2815 Scripturarum
2995 2745 3206 2800 utiliter
3233 2745 3432 2800 astrin-

1868 2853 2000 2907 gens
2051 2848 2398 2901 enervantes,
2425 2847 2480 2892 et
2528 2840 2831 2908 imperitam
2861 2838 3154 2908 quamdam
3180 2851 3309 2908 erga
3333 2837 3436 2894 ho-

1867 2930 2044 2984 mines
2084 2929 2500 2998 benignitatem,
2543 2940 2598 2985 et
2634 2930 2848 2986 veniam
2888 2940 3236 2998 peccatorum
3286 2929 3434 2984 nullo

1869 3020 2328 3088 adhibitojudicio
2357 3035 2695 3087 concessam,
2733 3029 2788 3074 et
2818 3019 2923 3074 alia
2979 3019 3031 3074 id
3065 3033 3236 3089 genus
3265 3020 3437 3073 bene-

1790 3143 1836 3207 C
1869 3110 1988 3165 ﬁcia
2013 3110 2198 3164 multis
2223 3110 2414 3165 collata
2440 3111 2505 3164 ad
2543 3109 2876 3165 audientium
2909 3107 3120 3162 ruinam
3151 3119 3432 3207 exponen-

1867 3212 1969 3266 tes,
1999 3201 2424 3266 voluptariorum
2458 3202 2698 3256 animum
2732 3200 2905 3271 magis
2937 3213 3002 3254 ac
3028 3197 3201 3268 magis
3223 3195 3433 3252 cﬁemi-

1860 3301 2010 3350 nant.

1927 3387 2017 3442 49.
2052 3387 2214 3442 Vsus.
2254 3387 2344 3440 25.
2389 3384 2658 3455 Principes
2683 3386 2760 3442 tui
2785 3383 3044 3452 inﬁdeles.
3082 3381 3190 3437 Nos
3218 3381 3274 3436 bi
3300 3395 3450 3436 cau-_

1858 3491 2046 3547 pones,
2088 3492 2188 3532 nos
2221 3488 2274 3532 et
2308 3476 2362 3530 hi
2396 3478 2672 3546 principes
2719 3491 2928 3540 sumus,
2963 3475 3054 3544 qui
3103 3474 3314 3542 priores
3357 3472 3429 3526 ob

1857 3569 2228 3624 inﬁdelitatem
2258 3568 2810 3637 incredulitatemque
2833 3568 2887 3622 in
2914 3576 3157 3637 stuprum
3179 3567 3452 3626 civitates,

1858 3657 2041 3713 ﬁdeles
2065 3658 2412 3727 impellimus.
2447 3659 2740 3712 Enimvero
2766 3656 2994 3725 subjecti
3024 3656 3092 3710 ad
3121 3669 3302 3710 mores
3328 3669 3424 3709 eo-

1856 3764 1973 3804 rum
2003 3750 2096 3818 qui
2144 3764 2321 3803 rerum
2367 3749 2669 3819 potiuntur,
2705 3748 2997 3818 plurimum
3030 3760 3153 3802 sese
3193 3743 3418 3801 confor-

1855 3854 2002 3895 mare
2049 3839 2258 3894 solent:
2294 3841 2368 3893 ita
2410 3849 2473 3894 ut
2504 3840 2690 3910 quales
2723 3841 2937 3895 tandem
2982 3838 3186 3893 fuerint
3226 3839 3414 3900 duces,

1859 3944 1979 3984 eum
2004 3929 2167 3983 etiam
2193 3930 2285 3999 qui
2319 3929 2557 3993 ducitur,
2594 3930 2751 3984 talem
2771 3944 2892 3986 esse
2917 3943 3140 3984 necesse
3164 3929 3253 3983 sit.
3278 3927 3423 3994 Quo-

1853 4018 1999 4072 niam
2051 4018 2217 4088 igitur
2258 4019 2494 4074 civitatis
2530 4019 2703 4075 ﬁdelis
2737 4020 3010 4090 principes
3049 4028 3204 4075 erant
3247 4033 3423 4086 quan—

1852 4109 2028 4178 doque
2059 4108 2327 4179 inﬁdeles,
2352 4111 2466 4179 ipsa
2519 4112 2684 4164 etiam
2734 4111 2928 4166 civitas
2965 4113 3051 4166 his
3101 4111 3416 4174 assimilata,

1851 4198 2164 4254 ﬁdelitatem
2210 4215 2439 4266 exuens,
2473 4200 2526 4254 in
2579 4211 2825 4271 stuprum
2871 4201 3080 4256 incidit.
3112 4201 3188 4256 Ne
3219 4200 3420 4255 cilicia-

1849 4303 1972 4344 mur
2002 4305 2098 4344 nos
2132 4305 2350 4360 quoque
2408 4290 2848 4361 inobsequentes,
2878 4300 2936 4347 et
2975 4293 3028 4346 in
3078 4291 3236 4346 nobis
3275 4291 3439 4354 haud,

1851 4379 2222 4435 dominabitur
2246 4383 2490 4452 perﬁdia.
2520 4382 2790 4447 Principes
2821 4385 2978 4437 vestri
3015 4399 3120 4436 non
3156 4383 3414 4449 obtempe-

162 4443 510 4538 ἀπειθοῦσι.
561 4448 812 4520 Δηλονάτι
863 4453 982 4525 Θεῷ
1031 4457 1368 4525 ἀπειθοῦσιν,
1410 4443 1747 4535 ἐκκλίνοντες

1873 4480 1988 4525 'anl.
2025 4443 2289 4527 Nimirum
2336 4489 2443 4530 non
2477 4443 2735 4528 obediunt
2776 4473 2908 4538 Deo,
2946 4472 3294 4528 dcﬁectentes
3345 4471 3438 4527 ab...

161 4535 260 4588 ἀπ’
315 4536 520 4602 αὐτοῦ,
561 4540 654 4594 καὶ
707 4544 818 4605 τοῖς
849 4543 1292 4620 διατεταγμένοις
1326 4555 1418 4607 ὑπ’
1461 4558 1626 4611 αὑτοῦ
1666 4562 1740 4632 μὴ

161 4626 522 4720 ἐμμένοντες.
571 4632 658 4685 Ἐν
689 4632 746 4686 δὲ
779 4638 892 4700 τοῖς
926 4641 1343 4712 προστάγμασιν
1388 4642 1456 4718 ἧν
1490 4649 1601 4720 (50)

160 4719 359 4810 χεῖρας
389 4719 738 4776 ἀποσείεσθαι
769 4727 877 4780 ἀπὸ
921 4728 1127 4800 δώρων,
1163 4733 1238 4804 μὴ
1282 4719 1589 4810 συντρέχειν
1629 4747 1743 4808 τοῖς

159 4808 519 4905 κλέπτουσινο
553 4816 609 4905 οξΔ
639 4815 694 4868 δὲ
721 4816 824 4871 ὑπὸ
850 4820 1235 4892 φιλαργυρίας,
1263 4808 1487 4900 αἰσχροῦ
1518 4833 1741 4905 κέρδους

161 4899 350 4970 χάριν,
377 4903 623 4956 κοινωνοὶ
657 4905 903 4960 κλεπτῶν
927 4909 1189 4977 ἐγένοντο.

270 5056 315 5088 ³⁸
343 5053 487 5110 Psal.
523 5072 637 5124 cm,
676 5059 763 5114 15.

677 5197 828 5283 Co”).
864 5213 919 5257 et
960 5201 1093 5273 Reg.
1131 5209 1418 5283 secundus,
1451 5209 1732 5283 δυσφορω-

159 5262 361 5343 ademi.
389 5262 588 5343 ibidem
619 5275 729 5343 tres
765 5286 917 5338 mss.,
955 5262 1422 5343 πρόσκοπτόντωνί

229 5331 352 5414 (24)
381 5333 612 5414 ςοόίρεε
640 5336 862 5408 aliquot,
890 5331 1029 5414 ίτοῖς
1072 5345 1305 5414 πολλοῖς.
1347 5350 1502 5403 Deest
1542 5354 1651 5414 τοῖς
1680 5353 1730 5405 in

157 5399 344 5488 editis.
375 5405 529 5488 Quod
569 5419 701 5488 ipozg
729 5399 1025 5488 'seq'uitur,’
1067 5413 1234 5482 ὀλίγοι
1267 5399 1734 5488 ἢάρζὲίοᾴἲῖιίέέ

160 5480 372 5526 Stratut‘
403 5475 458 5527 in
489 5475 634 5530 notis
664 5475 864 5534 Ducm’i.

407 5541 550 5629 Edili
594 5553 650 5600 et
673 5563 831 5629 ~m_ss.
879 5553 1170 5629 gon_nttlli,_
1190 5556 1282 5629 τοῦ
1331 5559 1589 5629 ῥήματος.
1629 5561 1734 5614 Alii

156 5612 381 5702 qiidam
415 5628 570 5679 mss.,
606 5617 702 5671 τοῦ
745 5620 930 5690 ῥητοῦ.
978 5621 1098 5677 Mox
1129 5612 1282 5682 Colb.
1322 5612 1608 5696 secundus,
1631 5612 1734 5702 τὴν

152 5690 374 5748 mstv.

238 5750 351 5817 (:26)
391 5753 462 5809 Ita
517 5765 746 5828 uterque
796 5761 1035 5819 Combef.
1088 5773 1142 5823 et
1193 5767 1280 5823 alii
1329 5778 1557 5836 quatuor
1599 5785 1730 5827 mss.

1845 4561 1982 4629 ipso,
2009 4571 2064 4617 et
2094 4563 2145 4617 in
2177 4566 2458 4633 praeceptis
2485 4566 2603 4635 ejus
2653 4582 2760 4620 non
2803 4575 3200 4636 permanentes.
3242 4565 3413 4621 Porro

1845 4652 1986 4708 inter
2011 4668 2077 4708 ea
2126 4667 2393 4725 praecepta
2447 4658 2578 4712 illud
2610 4668 2749 4722 erat,
2784 4669 2844 4713 ut
2873 4675 3066 4713 manus
3086 4674 3212 4715 suas
3247 4673 3411 4714 excu-

1842 4753 2019 4800 terent
2049 4762 2079 4799 a
2113 4749 2424 4803 muneribus
2445 4788 2460 4812 ,
2491 4764 2560 4804 ne
2607 4765 2710 4802 una
2755 4765 2878 4804 cum
2908 4749 3117 4805 furibus
3155 4764 3430 4805 accurre-.

1844 4847 1965 4891 rent
1989 4855 2004 4890 ε
2041 4838 2093 4894 bi
2124 4855 2254 4894 vero
2278 4840 2348 4896 ob
2375 4842 2686 4909 avaritiam,
2735 4844 2909 4912 turpis
2938 4843 3072 4898 lucri
3101 4844 3295 4914 gratia,
3325 4843 3407 4896 fa-

1843 4927 1914 4982 cti
1945 4939 2070 4982 sunt
2099 4927 2272 4983 iurum
2305 4931 2614 5000 participes.

1840 5216 2159 5291 Editi_._ve_r_o,
2195 5217 2597 5291 ἐξυδραγοῦσιν.

1912 5286 2022 5360 (2i)
2069 5285 2594 5360 Ut_erque'Colb.‘_et
2646 5290 2777 5360 Reg.
2835 5291 3120 5355 secundus,
3152 5288 3310 5360 ὑμεῖς
3349 5291 3398 5345 oi

1833 5356 2088 5426 κάπηλοι,
2124 5358 2298 5427 ὑμεῖς,
2339 5370 2444 5414 etc.
2494 5358 2596 5414 Vos
2647 5356 2769 5415 estis
2809 5377 3098 5428 caupones,
3139 5356 3227 5414 vos
3273 5364 3397 5416 eui:

1831 5443 2032 5500 quoque
2051 5429 2561 5500 Rrincipes._VOCtlla
2594 5431 2685 5483 καί
2713 5433 2862 5486 deest
2897 5433 2948 5485 in
2974 5429 3324 5500 pervulgatis.

1905 5495 2016 5566 (28)
2042 5496 2094 5566 il
2105 5495 2288 5566 terque
2316 5498 2490 5564 Colb.,
2514 5501 2654 5553 ἐπεί.

1907 5565 2017 5635 (29)
2042 5564 2310 5620 Particula
2334 5567 2427 5621 καί
2456 5570 2523 5622 ab
2545 5571 2704 5626 editis
2725 5579 2777 5626 et
2800 5586 2829 5625 a
2855 5569 3024 5626 tribus
3048 5585 3174 5626 mss.
3199 5570 3390 5626 abest:

1834 5635 1926 5688 scil
1961 5648 2026 5687 ex
2054 5635 2171 5689 aliis
2209 5639 2379 5691 tribus
2411 5639 2588 5691 addita
2617 5652 2721 5694 est.

1908 5705 2024 5776 (750)
2053 5703 2143 5776 S_ic
2173 5707 2222 5757 in
2249 5717 2476 5776 utroque
2499 5709 2740 5769 Combel.
2765 5721 2817 5770 et
2842 5712 2894 5768 in
2923 5711 3044 5768 aliis
3063 5711 3230 5769 tribus
3256 5725 3389 5767 mss.

1836 5775 2048 5842 legitur.
2078 5774 2235 5843 Editi,
2264 5773 2498 5848 δέονῆν.
