3828 6216
350 282 454 343 ιιι

1304 275 1651 336 APPENDIX
1686 274 1972 333 OPERUM
2006 275 2066 333 S.
2107 275 2353 334 BASlLlI
2390 274 2627 334 MAGNI.

3482 281 3601 338 212

421 400 512 457 50.
552 396 709 456 Haud
749 400 909 468 plane
947 395 1095 452 fures
1146 394 1515 466 intelligendi,
1560 396 1653 465 qui
1702 409 1917 450 marsu-

2093 393 2182 451 50.
2222 395 2298 449 Ού
2328 394 2547 459 πάντως
2572 392 2812 458 κλέπτας
2847 395 3064 466 νοητέον
3100 395 3225 461 τοὺς
3254 395 3598 467 βαλαντιοτόρ

349 494 438 563 pia
469 491 813 556 exscindunt,
836 498 931 542 aut
964 489 1062 558 qui
1087 487 1141 542 in
1167 485 1379 543 balneis
1405 495 1587 543 vestes
1613 486 1913 555 furantur;

352 584 448 640 sed
479 582 659 653 potius
687 581 730 635 si
759 579 853 650 qui
888 594 1012 634 cum
1039 577 1281 648 praefecti
1314 577 1517 634 fuerint
1545 579 1876 635 exercitibus
1899 620 1915 646 ,

348 674 439 728 vel
461 688 584 729 cum
614 674 667 727 in
703 671 953 727 civitates
986 684 1052 725 ac
1080 670 1332 725 nationes
1365 670 1684 739 usurparint
1717 670 1919 739 princi-

348 775 561 837 patum,
592 764 695 819 alia
716 762 935 833 quidem
957 762 1263 818 clanculum
1280 761 1601 832 surripiant,
1628 761 1737 816 alia
1785 778 1916 818 vero

348 855 404 908 vi
441 862 629 923 aperta
671 852 996 923 publiceque
1023 854 1260 921 eripiant
1282 896 1296 921 ,
1329 853 1367 907 ii
1413 850 1562 908 fures
1591 863 1735 907 sunt.
1781 853 1915 909 Cum

348 955 530 1000 autem
582 944 630 999 is
670 943 763 1015 qui
802 943 1032 999 habetur
1079 944 1340 999 Ecclesiae
1373 957 1606 1013 praises,
1655 959 1688 998 a
1722 944 1918 1001 talibus

348 1036 555 1108 aliquid
579 1036 797 1106 accipit,
822 1036 938 1091 sive
972 1035 1039 1090 ad
1068 1049 1196 1091 suos
1217 1034 1457 1106 privatos
1487 1050 1618 1090 usus
1653 1051 1754 1104 per
1790 1050 1916 1105 spe-

347 1130 488 1184 ciem
511 1127 735 1184 honoris
768 1128 837 1184 ad
865 1142 924 1183 se
948 1127 1018 1182 ob
1046 1127 1424 1197 praefecturam
1450 1125 1621 1198 418
1646 1127 1921 1195 pertinen-

348 1221 444 1286 tis,
472 1202 586 1275 sive
612 1220 831 1274 nomine
858 1233 1019 1289 atque
1051 1218 1397 1273 simulatione
1430 1233 1611 1272 rerum
1650 1219 1703 1271 in
1733 1217 1924 1273 Eccle-

349 1311 430 1365 sia
457 1312 788 1380 pauperibus
815 1309 1311 1366 distribuendarum
1338 1351 1353 1376 ,
1384 1308 1512 1364 furti
1541 1309 1772 1365 efﬁcitur
1797 1325 1921 1378 par-

349 1404 545 1471 ticeps.
579 1401 846 1457 Nimirum
878 1416 998 1456 cum
1027 1399 1174 1456 fures
1218 1415 1552 1470 coarguere,
1590 1402 1916 1467 admonere,

350 1502 408 1546 et
435 1495 502 1547 ab
540 1506 604 1548 ea
635 1492 923 1562 iniquitate
959 1505 1187 1546 avocare
1215 1492 1527 1557 debuisset;
1558 1492 1674 1561 ipse
1703 1508 1923 1546 manum

349 1584 583 1655 porrigit
627 1583 786 1639 facile
817 1583 881 1637 ad
916 1600 1164 1649 munera,
1201 1593 1257 1639 et
1296 1598 1419 1639 eum
1461 1583 1635 1652 ipsum
1669 1583 1923 1650 praedicat

254 1666 263 1703 ἶ
349 1672 596 1737 beatum,
621 1686 781 1740 quem
805 1673 976 1741 magis
994 1682 1305 1741 oportuerat
1324 1686 1387 1726 eo
1405 1673 1573 1741 magis
1593 1671 1796 1736 odisse,
1816 1685 1922 1740 quo

254 1768 296 1803 ελτ-
351 1760 562 1826 majora
592 1760 824 1815 furatur.
861 1760 978 1817 imo
1012 1763 1129 1830 ipse
1174 1761 1323 1814 illum
1369 1761 1597 1825 laudat,
1627 1761 1922 1815 comitatur
1953 1745 1994 1798 Β

354 1852 713 1923 deducitque,
759 1863 815 1907 et
848 1856 915 1908 ad
963 1853 1108 1909 fores
1155 1868 1379 1908 versans
1424 1868 1519 1908 eas
1567 1854 1923 1923 apprehendit

350 1958 581 2005 manus,
620 1945 815 2014 quibus
849 1944 1103 1999 similiter
1143 1944 1283 1999 ciam
1334 1956 1388 1999 et
1433 1945 1645 2016 publice
1673 1956 1924 2014 surrepta

352 2039 482 2086 sunt
520 2034 721 2088 omnia.
755 2033 925 2089 Plane
964 2036 1011 2090 si
1042 2034 1157 2090 haec
1205 2036 1537 2106 peragimus.
1576 2035 1708 2089 socii
1743 2034 1919 2088 furum

351 2122 718 2179 nominamur.
790 2124 1110 2194 Quanquam
1173 2139 1396 2180 necesse
1461 2133 1546 2180 est
1594 2139 1703 2181 nos.
1758 2126 1925 2180 totius

352 2214 565 2281 mundi,
603 2215 881 2285 ipsiusque
913 2215 1085 2271 fastus
1117 2217 1540 2286 inaequalitatem
1589 2225 1870 2285 proterere
1901 2233 1916 2271 :

353 2320 477 2359 cum
509 2314 687 2360 tamen
719 2307 775 2361 in
808 2307 1169 2362 tribunalibus
1216 2323 1414 2378 parvos
1447 2308 1595 2363 fures
1633 2324 1664 2361 a
1713 2310 1926 2377 magnis

349 2396 571 2464 punitos
596 2396 873 2461 videmus,
902 2395 1134 2452 famulos
1165 2396 1381 2465 quidem
1409 2396 1534 2452 odio
1566 2397 1826 2451 habemus
1853 2398 1929 2453 ob

351 2484 618 2552 ejusmodi
650 2485 790 2539 furta
811 2527 827 2551 ,
863 2487 965 2541 bos
994 2501 1125 2540 vero
1154 2487 1506 2541 admiramur.
1545 2485 1672 2541 Illos
1700 2488 1919 2556 quidem

355 2580 484 2648 quia
505 2578 650 2634 fures
669 2591 816 2644 sunt,
836 2595 1151 2635 aversamur
1177 2599 1194 2635 ε
1222 2581 1321 2635 1ιοε
1349 2595 1496 2644 vero,
1521 2581 1647 2650 quia
1671 2595 1735 2634 ex
1760 2582 1919 2636 furtis

354 2682 655 2743 congerunt
702 2671 942 2737 divitias,
991 2672 1204 2726 attoniti
1256 2672 1608 2741 suspicimus.
1676 2671 1919 2739 Quanam

351 2764 459 2818 alia
490 2777 658 2818 causa
692 2773 1063 2833 coarguuntur
1092 2763 1401 2834 principes?

424 2855 514 2912 5L
557 2854 841 2927 Diligenter
866 2872 1105 2911 munera.
1131 2856 1391 2926 Apposite
1415 2859 1699 2915 admodum
1722 2859 1920 2914 dictum

351 2958 437 3002 est
472 2963 487 3000 :
518 2945 807 3016 Diligenter
855 2962 1074 3000 munera
1101 2963 1120 3000 :
1159 2961 1267 3001 non
1314 2957 1529 3014 autem,
1580 2950 1922 3019 Accipientes

2022 502 2156 557 μους
2195 483 2420 550 τούτους
2439 528 2454 552 ,
2490 485 2524 556 ἢ
2573 485 2633 538 ὲν
2677 487 2790 548 τοῖς
2834 484 3077 555 λουτροῖς
3122 486 3592 554 λωποδυτοῦντας·

2019 577 2155 637 ἀλλά
2184 576 2288 631 κάν
2316 594 2462 640 τινες
2491 576 2866 648 στρατοπέδων
2892 577 3188 647 ἠγεμονίαν
3226 577 3337 648 (31)
3368 596 3598 632 πιστευ-

2020 666 2221 731 θέντες,
2258 666 2291 738 ἦ
2334 667 2541 719 πόλεων
2573 667 2668 720 καὶ
2711 665 2881 721 ὲθνῶν
2913 666 3090 738 ἀρχὰς
3133 667 3597 740 παραλαμϐάνον-

2018 774 2127 822 τες,
2154 757 2223 810 τὰ
2267 757 2367 829 μὲν
2394 757 2569 829 λάθρα
2600 757 2959 831 ὑφαιρῶνται,
3004 757 3073 811 τὰ
3118 758 3175 812 δὲ
3205 760 3438 832 δημοσίᾳ
3472 760 3593 832 βιά-

2021 848 2220 912 ζωνται
2251 849 2384 921 (52).
2417 849 2724 920 Λαμϐἀνων
2751 849 2809 903 δὲ
2839 850 2991 922 παρά
3020 848 3131 903 τῶν
3159 850 3417 905 τοιούτων
3447 854 3476 905 ό
3504 869 3600 905 νος

2024 940 2311 1010 μιξάμενος
2357 940 2538 1011 ἄρχων
2588 940 2688 1009 τῆς
2750 939 3072 1009 Ἐκκλησίας
3091 980 3106 1005 ,
3150 940 3269 1009 ἦτοι
3323 941 3404 1003 εἰς
3454 940 3602 995 ἰδίαν,

2020 1018 2184 1083 αύτοῦ
2231 1029 2528 1084 ἀπόλαυσιν
2578 1029 2671 1083 ἐπὶ
2724 1031 2993 1102 προφάσει
3044 1030 3144 1101 τῆς
3194 1029 3595 1101 ἐπιϐαλλούσης

2021 1121 2171 1191 αὐτῷ
2198 1121 2366 1192 τιμῆς
2388 1120 2478 1174 διὰ
2496 1121 2597 1191 τῆς
2630 1122 2985 1193 προστασίας,
3016 1121 3050 1193 ἦ
3074 1122 3165 1175 ἐπὶ
3187 1122 3331 1193 λόγῳ
3356 1123 3455 1191 τῆς
3479 1122 3592 1176 τῶν

2022 1214 2415 1284 πτωχευόντων
2446 1215 2504 1267 ὲν
2536 1216 2602 1285 τῇ
2648 1214 2943 1284 Ἐκκλησία
2971 1214 3299 1285 οἰκονομίας,
3334 1215 3593 1273 κοινωνός

2020 1307 2138 1359 ἐστι
2175 1306 2411 1375 κλοπῆς·
2445 1305 2566 1361 ἀντὶ
2608 1304 2704 1359 τοῦ
2749 1305 3011 1375 ἐλέγχειν,
3041 1306 3137 1359 καί
3171 1304 3462 1369 νουθετεῖν,
3492 1306 3593 1359 καὶ

2021 1396 2255 1467 ἀφιστᾷν
2287 1396 2384 1466 τῆς
2421 1396 2634 1460 ἀδικίας
2669 1396 2797 1460 τοὺς
2835 1396 3197 1462 κλέπτοντας,
3252 1396 3449 1468 ῥᾳδίως
3485 1396 3605 1451 63-.

2022 1486 2163 1555 έχων
2194 1485 2294 1556 τὴν
2321 1488 2478 1557 χεῖρα
2510 1487 2587 1555 τῷ
2619 1486 2885 1557 λήμματι,
2917 1488 3011 1540 καὶ
3048 1487 3364 1559 μακαρίζων
3388 1487 3551 1540 αὐτόν
3570 1503 3590 1518 ·

2023 1579 2139 1633 δέον
2174 1578 2432 1649 μειζόνως
2463 1578 2626 1633 αὑτὸν
2659 1580 2852 1650 μισεῖν,
2891 1579 3005 1648 ὅσῳ
3036 1577 3255 1648 μείζονα
3287 1577 3529 1641 κλέπτει,
3558 1576 3600 1630 ὁ.

2024 1670 2082 1724 δὲ
2116 1671 2363 1739 ἐπαινοίη
2395 1670 2559 1725 αὑτὸν
2589 1670 2900 1743 δορυφορῶν
2927 1671 3022 1724 καὶ
3057 1671 3467 1743 παραπέμπων,
3496 1669 3597 1723 καὶ

2025 1764 2154 1834 περὶ
2177 1763 2274 1825 τὰς
2303 1762 2473 1832 θύρας
2502 1764 2894 1834 στρεφόμενος,
2923 1763 3017 1816 καὶ
3048 1762 3155 1815 τῶν
3183 1761 3382 1833 χειρῶν
3421 1761 3605 1816 ἁπτός

2025 1872 2209 1926 μενος,
2242 1849 2330 1918 αἷς
2358 1854 2536 1909 πάντα
2563 1854 2762 1925 ὁμοίως
2794 1855 2899 1925 ἰδίᾳ
2927 1856 3021 1907 καὶ
3041 1854 3276 1925 δημοσίᾳ
3298 1854 3591 1925 διεκλάπη.

2023 1946 2114 2016 Τῷ
2140 1946 2253 1998 ὅντι
2284 1945 2459 2000 ταῦτα
2495 1945 2793 2010 ποιοῦντες,
2825 1946 3069 1999 κοινωνοὶ
3104 1944 3351 1998 κλεπτῶν
3391 1948 3597 2017 ὀνομαο

2023 2037 2248 2108 ζόμεθα.
2287 2037 2418 2091 Δέον
2458 2040 2792 2091 καταπατεῖν
2834 2039 2982 2109 ἡμᾶς
3018 2037 3114 2110 τὴν
3156 2038 3467 2108 ἀνωμαλίαν
3493 2034 3596 2092 τοῦ

2022 2129 2228 2201 κόσμου
2266 2129 2465 2193 παντδς
2506 2130 2601 2183 καὶ
2636 2129 2744 2183 τῶν
2791 2131 2848 2182 ὲν
2883 2130 3032 2201 αὐτῷ
3089 2131 3433 2199 φαντασιῶν·
3463 2130 3611 2184 ὅτανι

2022 2224 2219 2294 ἴδωμεν
2255 2225 2313 2276 ὲν
2353 2225 2466 2287 τοῖς
2500 2222 2866 2294 δικαστηρίοις
2900 2222 3026 2286 τοὺς
3080 2223 3307 2294 μικροὺς
3352 2221 3605 2286 κλέπτας·

2023 2316 2128 2368 ὑπὸ
2154 2314 2262 2368 τῶν
2300 2313 2551 2385 μεγάλων
2579 2314 2995 2385 κολαζομένους,
3038 2313 3133 2366 καὶ
3163 2315 3290 2376 τοὺς
3323 2313 3423 2383 μὲν
3448 2312 3602 2366 οἰκέ-

2020 2425 2118 2470 τας
2156 2402 2419 2478 μισοῦμεν
2466 2404 2557 2459 διὰ
2587 2405 2796 2469 ταῦτα,
2850 2405 3072 2469 τούτους
3116 2405 3193 2471 δὲ,
3218 2404 3609 2476 θαυμάζομεν.,

2023 2499 2163 2562 Τοὺς
2195 2498 2294 2569 μὲν
2322 2497 2451 2568 γὰρ,
2475 2498 2556 2552 ὅτι
2580 2497 2808 2551 κλέπται
2836 2497 2993 2560 εἰσιν,
3020 2495 3397 2568 ἐκτρεπόμεθα
3419 2513 3436 2528 ·
3466 2496 3611 2559 τοὺς

2020 2590 2098 2653 δὲ,
2127 2591 2209 2643 ὃτι
2239 2589 2559 2643 πλουτοῦσιν
2586 2590 2651 2642 ὲκ
2681 2589 2779 2659 τῆς
2808 2588 3035 2657 κλοπῆς,
3058 2586 3502 2658 ὲκπλησσόιιεθα.
3525 2584 3607 2644 τι

2021 2681 2148 2736 ἄλλο
2177 2680 2603 2753 κατηγοροῦνται
2628 2681 2677 2733 οἱ
2705 2679 2997 2751 ἀρχοντες;

2090 2856 2180 2912 51.
2234 2856 2594 2927 Ἄγειν-ζῶντες
2617 2855 2795 2925 δῶρα.
2822 2855 2972 2910 Πάνυ
3002 2855 3246 2929 ἀκριϐῶς
3269 2854 3483 2926 εἴρηται
3510 2854 3608 2922 τὸ,

2026 2952 2089 3003 Ol
2148 2948 2495 3019 ἀγαπῶντες
2551 2947 2729 3017 δῶρα,
2787 2948 2934 3019 οὐχὶ,
2988 2947 3371 3019 Λαμϐάνοντες
3420 2946 3603 3017 δῶρα.

349 3049 604 3095 munera.
636 3037 728 3091 Sic
756 3036 900 3091 enim
932 3052 1052 3106 quae
1080 3053 1147 3091 ex
1175 3037 1333 3093 oﬂicii
1361 3041 1577 3094 ratione
1606 3040 1657 3093 in
1685 3041 1810 3094 vita:
1833 3054 1923 3094 so-

2030 3039 2181 3092 Οὖτω
2208 3039 2317 3111 γὰρ
2346 3038 2411 3092 ἂν
2442 3039 2535 3091 καὶ¹
2581 3037 2652 3091 τὰ
2700 3038 3049 3108 καθηκόντως
3087 3040 3144 3091 ἐν
3176 3040 3297 3100 ταῖς
3329 3035 3433 3089 τοῦ
3474 3034 3617 3105 βίου.

352 3129 556 3184 cietate
587 3129 918 3195 tribuuntur,
950 3127 1185 3183 fuissent
1225 3131 1552 3197 vituperata.
1602 3128 1742 3193 Sed,
1780 3128 1922 3183 Dili-
1958 3127 2001 3135 ”

355 3229 532 3290 gentes
556 3235 777 3274 munera
803 3258 819 3285 ,
852 3221 952 3275 hoc
973 3228 1092 3285 est,
1125 3220 1423 3288 accipiendi
1456 3220 1751 3287 cupiditate
1780 3220 1924 3273 inta-

353 3315 661 3369 bescentes.
693 3311 1073 3383 Coarguuntur
1106 3319 1297 3365 autem~
1330 3311 1626 3379 principes,
1663 3315 1804 3380 quod
1836 3311 1923 3365 di-

354 3401 640 3457 lectionem
672 3410 915 3456 sanctam
958 3398 1241 3455 effundunt
1284 3402 1431 3455 circa
1463 3401 1581 3455 haec
1612 3401 1838 3455 evanida
1868 3409 1925 3456 et

355 3492 662 3547 terrestria.
682 3491 965 3562 Siquidem
983 3493 1270 3548 Dominum
1288 3493 1455 3547 Deum
1474 3501 1689 3555 oportet
1702 3493 1925 3563 diligere

356 3597 420 3636 ea
446 3592 556 3639 tota
579 3584 779 3639 virtute
799 3625 817 3651 ,
848 3598 969 3653 qua;
1002 3584 1158 3639 nobis
1190 3584 1331 3639 inest
1354 3585 1421 3639 ad
1452 3584 1799 3654 diligendum.
1828 3584 1923 3638 Di-

355 3673 606 3744 ligendus
635 3675 854 3745 insuper
880 3676 1164 3744 proximus
1192 3691 1208 3729 :
1233 3684 1362 3731 sunt
1385 3691 1605 3745 quoque
1633 3685 1689 3731 et
1715 3677 1923 3732 inimici

357 3767 637 3839 diligendi,
672 3776 731 3820 ut
759 3767 931 3822 simus
956 3765 1206 3836 perfecti,
1230 3767 1506 3821 imitantes
1539 3768 1925 3837 benignitatem

356 3855 536 3912 Patris
581 3855 771 3920 nostri,
814 3856 906 3924 qui
949 3855 1005 3910 in
1038 3855 1192 3911 cmlis
1239 3864 1362 3919 est;
1412 3856 1503 3924 qui
1547 3856 1717 3912 solem
1767 3871 1925 3911 suum

357 3947 491 4001 oriri
522 3945 650 4000 facit
678 3960 840 4016 super
874 3945 1048 4001 bonos
1076 3955 1133 4000 et
1168 3944 1339 4001 malos
1361 3946 1428 3998 ³³.
1459 3946 1628 4000 Porro
1657 3946 1814 4001 nefas
1842 3954 1929 4002 est

357 4038 546 4095 inalia
581 4053 861 4109 perperam
892 4053 1214 4093 consumere
1240 4039 1348 4091 vim
1377 4038 1657 4108 diligendi.
1690 4038 1843 4105 Quod
1878 4039 1927 4095 si

357 4131 570 4188 malum
594 4139 711 4197 est,
740 4139 936 4201 praeter
964 4146 1028 4186 ea
1057 4145 1176 4200 quae
1202 4139 1500 4187 memorata
1530 4138 1676 4195 sunt,
1704 4130 1928 4199 diligere

358 4225 509 4279 aliud
549 4223 766 4294 quidvis
799 4240 813 4276 :
858 4222 953 4292 qui
985 4231 1266 4291 argentum
1297 4222 1487 4277 eodem
1518 4221 1676 4276 modo
1711 4221 1925 4290 diligit,

359 4332 469 4387 quo
514 4317 800 4372 Dominum
836 4315 1004 4369 Deum
1051 4314 1276 4387 diligere
1316 4314 1514 4380 debet,
1561 4313 1818 4368 nimirum
1860 4328 1927 4369 ex

2023 3129 2325 3193 κοινωνίαις
2351 3129 2603 3199 διδόμενα
2650 3127 2990 3198 διεϐέϐλητο·
3039 3127 3177 3192 ἀλλ’,
3225 3126 3604 3196 Ἀγαπῶντες

2022 3221 2197 3291 δῶρα,
2227 3222 2476 3275 τουτέστι
2513 3220 2945 3292 προστετηκότες
2987 3222 3052 3291 τῇ
3087 3218 3353 3290 ἐπιθυμίᾳ.
3397 3221 3465 3289 τῇ
3496 3216 3602 3272 τοῦ

2022 3314 2336 3385 λαμϐάνειν.
2385 3313 2706 3385 Κατηγορία
2747 3313 2805 3366 δὲ
2845 3312 2955 3366 τῶν
2999 3312 3304 3383 ἀρχόντων,
3353 3310 3486 3382 περὶ
3523 3308 3608 3367 τὰ
3676 3364 3685 3373 ,

2024 3404 2239 3478 φθαρτὰ
2269 3405 2364 3460 καὶ
2403 3405 2475 3458 τὰ
2509 3405 2672 3475 γήινα
2701 3403 2801 3474 τὴν
2848 3403 2998 3475 ἱεράν
3031 3402 3252 3474 ἀγάπην
3291 3398 3614 3472 ἐκκεχυμέ-ι

2024 3513 2121 3567 νην
2146 3496 2261 3569 (55)
2292 3496 2457 3567 ἔχειν.
2476 3495 2683 3567 Κύριον
2705 3494 2814 3567 γὰρ
2838 3495 2930 3548 τὸν
2953 3495 3086 3548 Θεὸν
3106 3496 3325 3565 ἀγαπᾷν
3344 3494 3427 3547 δεῖ
3445 3493 3609 3567 πάσῃ

2022 3591 2090 3659 τῇ
2121 3588 2501 3661 ὲνυπαρχούσῃ
2526 3588 2660 3658 ἡμῖν
2689 3587 2827 3658 πρὸς
2853 3587 2917 3640 τὸ
2945 3587 3165 3657 ἀγαπᾷν
3207 3584 3454 3656 δυνάμει,
3502 3585 3617 3637 καὶ

2024 3682 2247 3751 ἀγαπᾷν
2300 3679 2396 3733 καὶ
2445 3680 2537 3732 τὸν
2589 3678 2848 3749 πλησίον,
2905 3677 3001 3731 καὶ
3044 3678 3263 3747 ἀγαπᾷν
3325 3675 3421 3729 καὶ
3472 3675 3619 3736 τοὺς-

2025 3771 2271 3843 ὲχθροὺς,
2302 3770 2389 3823 ἵνα
2421 3765 2569 3841 ὦμεν
2596 3770 2811 3831 τέλειοι,
2860 3767 3184 3839 μιμούμενοι
3220 3767 3320 3837 τὴν
3365 3764 3605 3837 χρηστό-

2024 3879 2165 3933 τητα
2198 3861 2291 3916 τοῦ
2326 3864 2384 3915 ὲν
2421 3863 2669 3934 οὐρανοῖς
2717 3861 2955 3933 Πατρὺς,
2997 3859 3091 3913 τοῦ
3141 3860 3231 3912 τὸν
3276 3858 3426 3928 ἥλιον
3467 3859 3609 3911 ἑαυ-

2025 3955 2120 4008 τοῦ
2147 3956 2257 4025 (54)
2284 3954 2665 4017 ἀνατέλλοντος
2693 3954 2787 4007 ἐπὶ
2806 3954 3074 4023 πονηροὺς
3103 3952 3196 4005 καὶ
3220 3949 3478 4020 ἀγαθούς.
3502 3951 3610 4016 El;

2026 4047 2162 4102 ἄλλα
2194 4048 2251 4100 δὲ
2280 4048 2378 4119 τὴν
2407 4046 2502 4100 τοῦ
2545 4048 2763 4117 ἀγαπᾷν
2807 4044 3037 4116 δύναμιν
3075 4042 3499 4115 παραναλίσκειν
3532 4043 3609 4095 οὺ

2030 4139 2463 4211 συγκεχώρηται.
2491 4139 2553 4191 Εἰ
2575 4140 2633 4191 δὲ
2655 4138 2890 4208 πονηρόν
2916 4139 3030 4191 ἐστι
3054 4137 3151 4191 καὶ
3173 4134 3350 4189 ὁτιοῦν
3374 4136 3605 4205 ἀγαπᾷν

2028 4231 2177 4301 παρά
2195 4229 2265 4283 τά
2278 4231 2561 4301 εἰρημένα·
2580 4233 2609 4284 ό
2631 4228 2860 4299 ἀγαπῶν
2877 4229 3135 4300 ἀργύριον
3153 4227 3344 4291 οὕτως,
3366 4227 3442 4290 ὡς
3465 4228 3610 4294 ἀγα-

2028 4323 2135 4390 πᾷν
2148 4319 2344 4389 ὤφειλε
2365 4320 2566 4391 Κύριον
2584 4321 2675 4373 τὸν
2690 4319 2842 4383 Θεὸν,
2860 4318 2917 4384 ἐξ
2938 4319 3064 4389 ὅλης
3075 4318 3171 4388 τῆς
3193 4317 3419 4388 καρδίας
3433 4314 3622 4368 αὐτοῦ.

359 4418 474 4463 ιοιο
502 4409 664 4464 corde
708 4422 842 4473 suo,
883 4415 938 4462 et
980 4422 1047 4461 ex
1081 4414 1190 4460 tota
1237 4405 1414 4459 anima
1457 4420 1586 4470 sua,
1615 4414 1670 4461 et
1705 4420 1771 4461 ex
1818 4414 1923 4460 tota

2031 4412 2123 4465 καὶ
2152 4411 2209 4478 ἐξ
2235 4411 2363 4483 ὅλης
2389 4411 2491 4481 τῆς
2505 4410 2683 4481 ψυχῆς
2702 4410 2886 4474 αὐτοῦ,
2902 4411 2997 4463 καὶ
3021 4408 3081 4474 ἐξ
3098 4409 3226 4480 ὅλης
3247 4408 3346 4477 τῆς
3365 4406 3609 4467 διανοίας

358 4508 546 4554 mente
582 4513 678 4554 sua
705 4498 789 4551 ³⁸ς
829 4497 919 4553 ille
963 4512 1084 4551 cum
1134 4496 1363 4552 Domino
1410 4497 1615 4553 servire
1665 4498 1920 4565 deberet,

359 4593 532 4647 servit
574 4604 893 4645 mammonae
917 4629 934 4654 ,
971 4604 1093 4643 cum
1135 4588 1441 4643 dilectionis
1472 4603 1781 4644 mensuram
1817 4590 1925 4646 Deo

362 4681 601 4737 debitam
632 4681 686 4735 in
714 4690 994 4752 argentum
1021 4678 1337 4734 transferat.
1367 4678 1577 4735 Idcirco
1605 4682 1834 4736 avaritia
1868 4683 1928 4737 ﬁt

360 4774 706 4840 idololatria,
740 4775 881 4844 quod
927 4787 1152 4831 munera
1175 4811 1190 4837 ,
1229 4787 1349 4842 quae
1379 4771 1610 4827 Domino
1650 4774 1757 4829 Deo
1800 4774 1929 4829 olle-

362 4875 581 4935 runtur,
612 4865 683 4920 ad
726 4874 939 4920 terrena
988 4864 1313 4935 exportarit.
1348 4861 1493 4919 Iussi
1536 4863 1703 4934 igitur
1745 4881 1930 4921 sumus

354 5053 362 5123 ξ
433 5025 482 5058 ³³
518 5023 711 5079 Matth.
746 5038 802 5089 ν,
848 5021 938 5078 .55.
1013 5024 1061 5056 ³³
1099 5022 1286 5078 Matth.
1323 5035 1464 5088 xx",
1514 5020 1604 5074 57.

437 5206 551 5278 ('5!)
580 5205 727 5278 Editi-
757 5220 879 5261 cum
914 5204 1086 5261 tribus
1127 5219 1285 5269 mss.,
1315 5203 1633 5275 ἡγεμονίας.
1659 5203 1761 5259 Alii
1797 5213 1927 5269 tres,

364 5275 680 5348 ἠγὲμάνίανέ

443 5344 555 5419 (32)
590 5346 815 5419 Editi_et
852 5360 985 5401 mss.
1018 5344 1279 5419 nonnulli,

369 5413 832 5490 ﬁtdcwvrat._hioit
849 5432 996 5490 mss.
1017 5414 1475 5490 μεθ-λαμϐάνων
1499 5414 1577 5468 δέ.
1603 5413 1741 5490 Etljti
1762 5421 1816 5466 et
1842 5414 1931 5490 alii

369 5482 477 5542 duo
501 5502 655 5558 mss_.,
683 5484 950 5558 λαμϐάνει
976 5485 1052 5558 δέ.
1074 5482 1319 5558 Subinde
1356 5501 1448 5539 sex
1483 5498 1640 5558 mss...
1663 5484 1691 5536 ό
1713 5482 1931 5558 νομιζό-

373 5553 816 5628 μενος.-Ει1ἱιί,ίό
853 5556 1269 5628 ὀνομαζόμενος,
1317 5557 1407 5620 qui
1436 5553 1736 5628 appellatur
1780 5554 1931 5618 prin-

370 5623 508 5754 ἓξὲξ.
558 5625 716 5685 Haud
759 5626 914 5701 longe
948 5623 1110 5685 'Colb'.
1151 5628 1394 5698 primus,
1430 5625 1521 5680 διὰ
1563 5623 1661 5695 τὴν
1692 5637 1931 5695 προστα-

426 5713 507 5754 αν.

1327 5343 1621 5413 βιάζονται.
1666 5342 1770 5396 Alii
1807 5343 1930 5403 duo,

2025 4502 2210 4565 αὑτοῦ,
2227 4504 2255 4555 ό
2272 4502 2509 4565 τοιοῦτος
2527 4503 2649 4556 ἀντὶ
2657 4503 2750 4556 τοῦ
2764 4502 3031 4558 δουλεύειν
3047 4501 3123 4572 τῷ
3136 4501 3344 4572 Κυρίῳ,
3361 4499 3617 4552 δουλεύει

2025 4594 2104 4665 τῷ
2127 4595 2420 4665 μαμμῳνᾷ,
2445 4592 2507 4646 τὸ
2531 4593 2610 4665 τῷ
2628 4593 2746 4663 Θεῷ
2766 4594 3109 4665 ὀφειλόμενον
3146 4593 3247 4662 τῆς
3262 4591 3481 4660 ἀγάπης
3506 4591 3608 4660 μὲ-

2027 4703 2154 4758 τρον
2181 4685 2277 4739 ὲπὶ
2302 4685 2363 4739 τὸ
2393 4685 2653 4756 ἀργύριον
2686 4685 2957 4756 μεταθείς.
2988 4685 3090 4737 Διά
3124 4684 3280 4738 τοῦτο
3318 4683 3532 4751 γίνεται
3569 4684 3620 4752 ή,

2033 4776 2311 4841 πλεονεξία
2338 4776 2769 4849 είδωλολατρεία,
2805 4776 3022 4832 ἐπειδὰν
3055 4776 3127 4831 τά
3159 4776 3349 4847 Κυρίῳ
3373 4774 3452 4844 τῷ
3483 4773 3613 4844 Θεῷ

2037 4865 2454 4940 προσφερόμενα
2495 4864 2644 4937 δῶρα
2688 4867 2785 4920 ἐπὶ
2818 4868 2887 4922 τά
2921 4869 3082 4939 γήινα
3124 4867 3422 4937 μετενέγκῃ
3464 4864 3603 4935 (55).

2110 5203 2222 5276 ('53)
2261 5205 2359 5262 Ubi
2398 5210 2646 5273 corrupte
2682 5216 2737 5255 in
2761 5214 2998 5276 excusis
3037 5212 3104 5276 ex
3148 5196 3431 5276 oscitantia
3466 5210 3613 5263 ονε-κ

2039 5269 2224 5345 rarum
2275 5276 2471 5345 legitur
2512 5269 2876 5343 ἐκκαιομένην
2899 5310 2914 5335 ,
2940 5269 3082 5345 _legi_
3118 5276 3325 5345 oportet
3349 5269 3603 5345 Extaqu-

2043 5344 2249 5416 μένην,
2292 5336 2370 5402 ιιἷί
2409 5344 2612 5400 habent
2652 5336 2879 5411 uterque
2930 5336 3174 5396 Combef.
3216 5347 3273 5393 et
3313 5336 3405 5391 alii
3453 5336 3613 5408 quau

2038 5425 2158 5468 tuor
2197 5431 2327 5471 mss.

2108 5485 2220 5558 (ξι)
2252 5486 2345 5558 Sic
2373 5484 2542 5540 nostri
2576 5498 2673 5558 se:
2702 5496 2842 5538 mss.
2862 5481 2931 5535 At
2961 5480 3115 5558 editi:
3148 5475 3347 5558 αὐτοῦ..

2108 5545 2222 5629 (35)
2253 5556 2383 5629 Reg.
2417 5554 2686 5635 secundus
2724 5562 2780 5611 et
2810 5561 3037 5624 uterque
3071 5550 3250 5618 Colb.,
3283 5545 3609 5622 μετενέγκας

2034 5643 2137 5689 τις.
