3828 6216
238 294 346 349 215

1126 304 1484 367 COMMENT.
1520 309 1590 368 IN
1627 311 1857 371 ISAIAM
1897 314 2339 376 PROPHETAM.
2379 320 2532 380 CAP.
2567 321 2608 381 Ι.

3380 331 3490 393 214

237 406 826 523 Προῖτετάγμεθαὶοῦν
858 417 932 490 μὴ
974 420 1195 497 ἀγαπᾷν
1224 429 1295 482 τὰ
1332 428 1502 500 δῶρα,
1529 428 1673 484 ὥστε
1703 430 1821 485 τού-

1930 448 2033 488 non
2062 437 2286 513 diligere
2321 457 2587 511 munera;
2628 444 2703 501 ita
2750 454 2810 503 ut
2851 446 3042 508 horum
3089 463 3251 506 causa
3284 452 3352 507 iis
3392 453 3487 523 qui

236 513 346 551 των
371 496 536 593 ἕνεκα
559 502 732 558 πολλά
755 506 863 560 τῶν
890 510 1358 584 ἀπηγορευμένων
1382 496 1683 593 συγχωρεῖν
1708 526 1820 590 τοῖς

238 590 546 686 προσιοῦσι.
582 596 832 686 Καθόλου
878 601 934 655 δὲ
968 605 1090 659 οὐδὲ
1122 609 1193 664 τὰ
1224 611 1450 666 τοιαῦτα
1488 590 1647 686 ⁷δι’σῖι-ρα
1680 616 1821 683 ἀγα·

236 681 348 752 πᾷν
374 682 508 752 ἡμῖν
541 686 571 738 ό
607 685 765 755 λόγος
798 690 1033 759 δίδωσιν,
1068 697 1191 751 οὐδὲ
1222 700 1486 771 ἐμπαθῶς
1515 681 1820 758 διακεῖσθαι

236 772 369 866 περ)ἷ
391 774 561 829 αὐτά*
587 778 702 832 ἀλλ’
721 781 799 846 ὡς
825 784 1132 853 ἀναγκαίαν
1154 790 1334 845 αὐτῶν
1354 793 1452 864 τὴν
1477 794 1819 866 λειτουργίαν

238 861 629 937 ὑποδεχόμενοι
681 870 818 943 (56).
880 875 1186 949 Ἀμήχανον
1235 881 1344 954 γάρ
1386 861 1468 948 τὸ,
1528 884 1624 950 Ἐξ
1660 861 1819 953 -ὅξλης

236 956 524 1025 καρδίας,
585 965 857 1035 μερισμόν
905 985 1028 1023 τινα
1077 972 1158 1035 είς
1214 973 1400 1047 ἕτερον
1448 976 1813 1043 ἐπιδέξασθαι.

235 1047 454 1120 Ὥσπερ
492 1050 602 1124 γὰρ
629 1055 689 1110 ἐν
734 1058 943 1130 ἀγγείῳ
989 1063 1406 1138 πεπληρωμένῳ
1437 1068 1581 1132 τινὸς
1623 1068 1815 1141 ὑγροῦ,

233 1141 361 1195 ὅσον
391 1141 461 1196 ἃν
498 1146 669 1219 ὲκρυῇ
712 1150 851 1221 πρὸς
878 1151 951 1206 τὰ
995 1155 1107 1222 (57)
1150 1155 1275 1222 ἔξω,
1306 1158 1559 1212 τοσοῦτον
1601 1159 1815 1230 ἀνάγκη

234 1234 337 1304 τῆς
365 1234 701 1308 πληρώσεως
740 1242 985 1297 ἀποδεῖν·
1021 1244 1164 1301 οὕτω
1203 1251 1299 1302 καὶ
1342 1250 1435 1303 ἐπὶ
1472 1251 1582 1321 τῆς-
1611 1251 1813 1321 ψυχῆς,

233 1325 361 1378 ὅσον
386 1327 454 1381 ἂν
478 1329 614 1400 αὐτῇ
651 1331 860 1405 κενωθῇ
895 1335 993 1406 τῆς
1025 1337 1246 1408 ἀγάπης
1268 1340 1351 1406 ἐφ’
1375 1339 1410 1393 ἀ
1441 1338 1515 1410 μὴ
1546 1341 1814 1410 προσῆκε,

230 1414 493 1471 τοσοῦτον
524 1419 722 1475 ἐνδέειν
750 1422 966 1496 ἀνάγκη
998 1427 1136 1497 πρὸς
1162 1429 1253 1481 τὸν
1282 1429 1434 1483 Θεόν.
1488 1431 1545 1482 '0
1572 1428 1629 1482 δὲ
1667 1430 1813 1498 ἅπαξ

228 1507 485 1579 ὁρμήσας
498 1511 717 1584 ἀγαπᾷν
739 1515 1029 1588 ἀργύριον,
1056 1520 1234 1574 πᾶσαν
1257 1522 1383 1574 ἐκεῖ·
1394 1522 1679 1591 μετακενοῖ
1701 1522 1813 1595 (58)

228 1594 330 1667 τὴν
366 1599 615 1673 ἀγάπην.
668 1605 732 1657 '0
772 1606 881 1675 γὰρ
910 1609 1158 1678 ἀγαπῶν
1192 1612 1494 1682 ἀργύριον,
1541 1615 1612 1667 οὐ
1657 1617 1812 1683 πλη-

229 1687 529 1753 σθήσεται
563 1692 869 1763 ἀργυρίου.

1924 539 2025 580 nos
2056 527 2291 594 adeunt,
2328 531 2525 589 multas
2550 549 2635 590 res
2669 535 2968 605 prohibitas
2999 530 3394 607 permittamus.
3428 541 3487 597 lu

1923 629 2133 672 summa
2169 628 2347 676 autem
2380 637 2553 692 neque
2596 625 2859 695 ejusmodi
2893 628 3114 700 diligere
3143 631 3280 686 dona
3315 648 3489 697 neque

1921 708 2138 763 studere
2173 726 2270 767 nos
2317 713 2446 787 ipsis
2483 716 2615 773 sinit
2653 716 2928 790 Scriptura
2962 738 2977 774 :
3022 721 3119 776 sed
3149 736 3335 778 eorum
3370 724 3489 779 oni—-

1919 797 2062 852 cium
2109 800 2532 875 obsequiumque
2571 808 2649 868 uti
2691 810 3056 865 necessarium
3102 814 3485 883 suscipiamus.

1917 887 2130 945 Etenim
2162 892 2312 960 illud,
2342 894 2430 955 Eat
2466 905 2572 952 toto
2614 900 2787 966 corde,
2816 901 2869 956 in
2900 901 3046 959 aliud
3077 903 3240 961 dividi
3272 908 3481 976 nequit.

1918 978 2378 1046 Quemadmodum
2399 987 2541 1043 enim
2565 989 2618 1044 in
2647 1006 2774 1045 vase
2802 991 3025 1062 liquoris
3048 993 3276 1065 alicujus
3294 996 3478 1066 pleno,

1917 1083 2178 1141 quantum
2208 1090 2276 1130 ex
2302 1091 2366 1132 eo
2394 1077 2539 1135 foras
2570 1081 2876 1151 deﬂuxerit,
2906 1092 3112 1147 tantum
3142 1088 3208 1142 ad
3237 1089 3479 1159 comple-

1917 1173 2155 1220 mentum
2176 1166 2316 1224 desit
2341 1185 2560 1226 necesse
2581 1181 2702 1228 est:
2728 1173 2801 1229 ita
2825 1186 2880 1230 et
2904 1175 2958 1230 in
2986 1178 3188 1244 anima,
3213 1189 3479 1249 quantum

1917 1253 2217 1312 dilectionis
2243 1273 2372 1337 erga
2399 1276 2461 1316 ea
2497 1277 2615 1334 quae
2638 1274 2815 1319 amata
2843 1281 2947 1320 non
2974 1267 3233 1336 oportuit,
3265 1272 3475 1325 exhau-

1916 1354 2060 1401 stum
2091 1347 2288 1418 fuerit,
2323 1360 2528 1406 tantum
2556 1354 2604 1408 ei
2637 1355 2701 1408 ad
2733 1356 2901 1410 Deum
2931 1357 3261 1424 diligendum
3288 1359 3480 1416 deesse

1915 1452 2139 1495 necesse
2177 1450 2281 1496 est.
2315 1441 2418 1510 Qui
2448 1446 2592 1498 enim
2628 1446 2792 1500 semel
2833 1448 2889 1502 in
2924 1449 3162 1503 animum
3208 1450 3484 1506 induxerit

1915 1528 2138 1600 diligere
2167 1544 2486 1601 argentum,
2518 1535 2859 1591 dilectionem
2907 1553 3121 1594 omnem
3162 1540 3270 1596 illic
3314 1543 3480 1597 absu-

1914 1619 2033 1673 mit.
2064 1618 2171 1685 Qui
2200 1623 2337 1676 enim
2379 1625 2557 1694 diligit
2588 1639 2879 1695 argentum,
2922 1646 3025 1685 non
3054 1632 3354 1701 implebitur
3391 1652 3486 1688 αν..

1910 1715 2064 1776 genta
2099 1708 2164 1762 ".

297 1778 391 1833 52.
433 1782 755 1852 Διώκοντες
801 1787 1203 1860 ἀνταπόδομας
1263 1791 1534 1862 Μέγιστον
1584 1794 1811 1866 κατηγό-

1982 1800 2073 1854 52.
2114 1801 2486 1873 Persequentes
2527 1807 2942 1869 retributionem.
2972 1809 3203 1867 Maxima
3237 1813 3483 1886 419m
3550 1864 3553 1867 η

228 1887 386 1941 ρημα
421 1872 702 1944 ἄρχοντος,
754 1877 1044 1951 πρόχειρον
1080 1877 1220 1935 εἶναι
1255 1882 1393 1954 πρὸς
1423 1883 1664 1955 ἄμυναν,
1712 1888 1809 1940 καὶ

227 1962 399 2016 παντὶ
422 1964 608 2035 τρόπῳ
633 1967 867 2022 ἐπινοεῖν
890 1970 1035 2024 κατά
1052 1971 1158 2025 τῶν
1179 1971 1559 2045 λελυπηκότων
1580 1975 1676 2048 τὴν
1700 1977 1809 2032 τῶν

222 2052 435 2124 ὁμοίων
481 2054 765 2111 ἀντίδοσιν.
809 2059 935 2124 Πῶς
967 2062 1077 2133 γὰρ
1124 2064 1324 2130 διδάξει
1379 2065 1569 2139 ἕτερον
1621 2069 1809 2141 μηδενὶ

223 2144 404 2199 κακὸν
435 2145 557 2198 ἀντὶ
586 2146 756 2201 κακοῦ
791 2150 1119 2217 ἀποδιδόναι,
1155 2156 1184 2207 ό
1212 2155 1393 2210 πάντα
1431 2158 1601 2212 ποιῶν
1629 2161 1711 2223 είς
1747 2160 1809 2212 τὸ

218 2235 543 2306 ἀμύνασθαι
578 2240 671 2293 καὶ
705 2241 1064 2315 ἀντιλυπῆσαι
1110 2246 1202 2300 τὸν
1249 2246 1555 2319 βλάψαντα;
1593 2251 1677 2324 μὴ·
1720 2270 1810 2323 μι-

223 2325 501 2396 μούμενος
532 2328 632 2400 τὴν
666 2331 945 2402 πραότητα
972 2333 1065 2386 τοῦ
1081 2333 1246 2389 Δαϐὶδ
1274 2335 1540 2405 λέγοντος
1572 2343 1653 2394 Et
1672 2342 1807 2395 ἀντ-

218 2416 510 2472 ἀπέδωκα
544 2421 671 2487 τοῖς
704 2421 1176 2480 ἀνταποδιδοῦσί
1205 2444 1307 2497 μοι
1361 2429 1542 2483 κακά’
1576 2432 1715 2502 μήτε
1750 2433 1809 2487 δὲ

215 2508 317 2561 τοῦ
351 2509 628 2582 Ἰερεμίου
652 2514 1017 2585 μεμνημένος,
1057 2517 1138 2570 ὃτι
1174 2518 1412 2588 Ἀγαθὸν
1444 2521 1637 2590 ἀνδρί,
1664 2522 1811 2579 ὅταν

215 2597 341 2669 ἄρῃ
376 2599 555 2671 ζυγὸν
587 2603 657 2658 ἐκ
688 2607 972 2674 νεότητος
1001 2609 1218 2666 αὐτοῦ’
1256 2610 1583 2680 σωθήσεται
1629 2630 1808 2669 κατα-

213 2692 438 2760 μόνας,
481 2694 579 2747 καί
609 2696 1001 2766 σιωπήσεται,
1033 2700 1120 2754 ὅτι
1147 2697 1294 2771 ἦρεν
1325 2703 1417 2772 ἐφ’
1446 2704 1636 2772 ἑαυτῷ
1668 2706 1802 2778 ('59).

217 2782 412 2838 Δώσέι
441 2783 522 2850 τῷ
556 2786 791 2841 πταίοντι
822 2790 1010 2844 αὐτὸν
1032 2795 1304 2869 σιαγόνα,
1333 2797 1807 2866 χορτασθήσεται

217 2874 603 2945 ὀνειδισμῶν.
638 2877 704 2931 Τί
743 2879 799 2932 δὲ
841 2880 927 2934 δεῖ
947 2882 1124 2951 λέγειν
1164 2885 1428 2957 περὶτῶν
1462 2886 1556 2941 τοῦ
1597 2889 1804 2962 Κυρίου

214 2966 594 3038 ειδαγμάτων,
638 2971 787 3035 ὅπως
820 2974 999 3028 αὐτῶν
1039 2978 1470 3049 καταφρονοῦσιν
1495 2982 1542 3032 οἱ
1584 2980 1804 3035 διώκον-

213 3074 309 3122 τες
349 3060 736 3133 ἀνταπόδομας
765 3065 861 3117 τοῦ
890 3066 1095 3138 Κυρίου
1118 3068 1398 3139 λέγοντοςο
1443 3072 1578 3127 Ἐάν
1604 3075 1696 3141 τίς
1727 3089 1802 3129 σε

210 3153 454 3222 {ia-clam
495 3156 583 3220 εἰς
618 3156 734 3222 τὴν
764 3156 972 3221 δεξιὰν
1013 3162 1301 3231 σιαγόνα,
1338 3163 1608 3233 στρέψον
1644 3167 1804 3233 αὐτῷ

212 3244 315 3297 καὶ
344 3244 466 3311 τὴν
492 3244 718 3314 ἄλλην.
745 3248 913 3302 Παντὶ
948 3251 1051 3321 μὲν
1076 3247 1168 3306 οὖν
1203 3254 1565 3327 κατηγόρημα
1592 3257 1654 3310 τὸ
1677 3257 1805 3311 διώ-

212 3350 338 3387 χειν
365 3334 745 3407 ἀνταπόδομα*
777 3339 1014 3409 μάλιστα
1039 3341 1096 3395 δὲ
1123 3343 1250 3397 ὅταν
1276 3345 1384 3399 ἀπὸ
1412 3347 1514 3417 τῆς
1549 3349 1801 3421 ἀρχοντι-

212 3429 320 3497 κῆς
345 3427 595 3494 ἐξουσίας
616 3430 775 3484 τοῦτο
803 3436 929 3503 ποιῇ
961 3451 1072 3497 τις·
1103 3435 1220 3488 δέον
1243 3435 1390 3509 ἔργῳ
1412 3438 1522 3509 (40)
1549 3439 1803 3495 διδάσκοι·

211 3516 305 3569 λον
336 3517 453 3571 τῶν
482 3520 593 3572 ἀπὸ
629 3520 730 3591 τῆς
755 3522 1034 3595 ὑπομονῆς
1070 3525 1252 3579 καλῶν
1288 3528 1534 3595 γίνεσθαι
1558 3530 1636 3602 τῷ
1663 3531 1796 3602 λαῷ.

212 3603 346 3662 Θῖον
375 3608 488 3681 γὰρ
514 3608 727 3681 θέαμαί
759 3611 877 3676 πῶς
907 3615 1103 3684 σεμνὸν
1134 3618 1229 3671 καὶ
1261 3617 1562 3690 θαυμάσιον
1591 3623 1685 3676 καὶ
1710 3641 1802 3694 μι-

212 3700 360 3772 κροῦ
387 3702 490 3771 τὴν
515 3702 675 3772 φύσιν
696 3705 796 3775 τὴν
823 3705 1171 3779 ἀνθρωπίνην
1194 3710 1443 3766 ἐκϐαῖνον
1468 3712 1601 3785 (41),
1632 3714 1803 3769 πολλά

211 3792 606 3865 λοιδορηθέντα
657 3796 751 3849 καί
804 3814 906 3851 που
952 3798 1050 3852 καὶ
1102 3800 1318 3873 πληγὴν
1365 3801 1655 3874 δεξάμενον
1707 3806 1800 3858 ἐπὶ

213 3884 457 3955 κόρρης,
487 3884 582 3937 καὶ
608 3884 744 3939 ἄλλα
774 3886 946 3959 μυρία
976 3888 1239 3954 παθόντα,
1268 3891 1364 3944 καὶ
1394 3890 1538 3963 λόγῳ
1568 3891 1677 3962 (42)
1708 3894 1801 3947 καὶ

212 3975 370 4048 ἔργῳ
396 3976 537 4047 πρὸς
560 3976 659 4050 τὴν
693 3979 931 4050 ἐσχάτην
966 3980 1191 4051 ἀτιμίαν
1229 3983 1502 4055 φερόντων
1541 3984 1649 4055 (45)
1671 4002 1684 4015 °
1720 3986 1795 4063 μὴ

213 4068 523 4139 ὑπερζέσαι
563 4069 754 4141 θυμῷ,
813 4072 946 4143 μηδὲ
979 4073 1329 4144 διαναστῆναι
1377 4076 1515 4146 πρὸς
1558 4078 1794 4149 ἄμυναν,

211 4159 358 4215 ἀλλὰ
385 4160 577 4231 πράως
605 4162 701 4216 καὶ
724 4164 1009 4236 ἀοργήτως
1035 4167 1363 4233 ἀναστάντα,
1395 4168 1798 4240 προσεύξασθαι

1909 1890 2209 1960 principem
2242 1896 2514 1950 accusatio
2548 1907 2653 1963 est,
2700 1900 3011 1967 expeditum
3054 1916 3176 1957 esse
3215 1914 3272 1957 et
3313 1921 3478 1972 para-

1911 1988 2022 2034 tum
2053 1981 2120 2035 ad
2143 1983 2457 2051 vindictam,
2486 1995 2650 2055 atque
2678 1989 2927 2045 omnibus
2950 1991 3122 2047 modis
3147 2008 3268 2049 esse
3299 1995 3479 2050 inten—

1910 2079 2047 2140 tum,
2074 2081 2134 2128 ut
2167 2073 2234 2129 iis
2260 2075 2351 2145 qui
2381 2078 2485 2146 Ipsi
2516 2078 2817 2133 molestiam
2860 2080 3144 2139 coniecere
3168 2124 3183 2150 ,
3224 2099 3324 2154 par
3359 2087 3479 2155 pari

1908 2161 2128 2218 referat.
2160 2164 2436 2231 Quomodo
2478 2169 2624 2223 enim
2669 2170 2834 2225 alium
2877 2172 3125 2228 edocebit
3156 2183 3215 2229 ut
3264 2177 3473 2239 nemini

1908 2252 2109 2308 malum
2142 2269 2242 2325 pro
2268 2255 2414 2312 malo
2440 2260 2720 2328 rependat,
2759 2260 2884 2314 dum
2918 2261 3033 2331 ipse
3058 2278 3164 2318 non
3196 2264 3331 2322 nihil
3363 2282 3477 2322 mo-

1907 2344 2056 2412 litur,
2099 2353 2157 2401 ut
2194 2347 2487 2403 vindictam
2532 2357 2732 2417 sumat,
2780 2366 2845 2407 ac
2884 2367 2980 2408 sua
3023 2354 3141 2411 vice
3191 2353 3475 2419 laedentem

1909 2432 2110 2491 alliciat
2135 2435 2418 2492 molestia?
2454 2438 2598 2494 haud
2637 2439 2855 2496 imitans
2896 2442 3120 2498 Davidis
3161 2456 3475 2503 mansuetu-

1909 2527 2112 2595 dinem,
2163 2528 2256 2598 qui
2303 2531 2380 2584 ait
2422 2544 2440 2585 :
2497 2529 2557 2585 Si
2607 2532 2811 2586 reddidi
2869 2532 3275 2588 retribnentibus
3338 2536 3473 2590 mihi

1906 2619 2047 2672 mala
2066 2619 2132 2674 ³³.
2161 2618 2344 2690 Neque
2368 2621 2534 2676 etiam
2560 2622 2927 2679 commeminit
2947 2623 3195 2682 Jeremiae
3219 2643 3235 2681 :
3263 2624 3475 2681 Bonum

1906 2712 2036 2780 viro,
2073 2727 2189 2765 cum
2216 2715 2498 2782 portaverit
2517 2714 2705 2784 jugum
2732 2732 2765 2768 a
2793 2715 3066 2785 juventute
3102 2734 3201 2771 sua
3230 2733 3248 2772 :
3276 2718 3475 2774 sedebit

1905 2803 2278 2873 singulariter,
2324 2813 2373 2858 et
2403 2804 2610 2872 silebit,
2651 2806 2776 2883 quia
2822 2807 2943 2867 tulit
2983 2824 3140 2878 super
3183 2825 3258 2864 se.
3309 2808 3474 2864 Dabit

1903 2895 2211 2964 percutienti
2253 2911 2308 2949 se
2357 2896 2657 2965 maxillam,
2711 2900 3037 2955 saturabitur
3078 2902 3368 2971 opprobriis
3399 2903 3466 2961 ".

1903 2982 2044 3052 Quid
2083 2996 2263 3040 autem
2296 2985 2363 3041 de
2392 2984 2605 3041 Domini
2640 2988 2979 3045 documentis
3014 2990 3300 3047 dicendum
3344 3001 3428 3048 est
3450 3032 3476 3058 ι

1904 3078 2174 3147 quomodo
2200 3091 2262 3131 ea
2289 3088 2647 3148 aspernentur
2675 3080 2765 3149 qui
2795 3092 3200 3152 persequuntur
3228 3084 3466 3140 retribu-

1904 3167 2105 3222 tionem
2123 3169 2151 3221 ?
2171 3170 2605 3240 quandoquldem
2635 3171 2894 3227 Dominus
2918 3174 2995 3227 ait
3018 3190 3033 3227 :
3068 3172 3130 3227 Si
3151 3173 3268 3244 quis
3298 3177 3471 3244 impe-

1904 3260 2037 3330 gerit
2071 3258 2283 3327 alapam
2330 3261 2385 3315 in
2417 3260 2685 3316 dexteram
2732 3262 3005 3316 maxillam
3026 3303 3040 3329 ,
3070 3265 3275 3318 obverte
3305 3263 3389 3317 illi
3419 3274 3469 3318 et

1905 3350 2127 3405 alteram
2154 3351 2222 3405 '7.
2252 3350 2441 3421 Itaque
2484 3354 2729 3430 quisquis
2764 3356 3104 3426 persequitur
3146 3356 3466 3412 retributio-

1902 3457 2046 3509 nem,
2081 3444 2419 3513 arguendus;
2449 3446 2680 3500 maxime
2707 3453 2883 3501 autem
2906 3460 3028 3500 cum
3057 3447 3179 3516 quis
3208 3447 3258 3502 id
3286 3448 3465 3515 ipsum

1901 3547 1999 3602 per
2040 3542 2364 3604 potestatem
2408 3535 2507 3591 sibi
2557 3543 2617 3589 ut
2659 3536 2781 3590 duci
2827 3535 3238 3591 convenientem
3268 3534 3462 3604 elIicit,

1904 3624 2335 3694 quandoquidem
2362 3640 2540 3696 operae
2561 3626 2792 3696 pretium
2830 3627 3037 3694 fuisset,
3066 3635 3125 3681 ut
3151 3625 3239 3683 ille
3260 3642 3318 3683 re
3346 3628 3465 3698 ipsa

1902 3712 2153 3783 populum
2202 3728 2356 3768 suum
2416 3714 2689 3783 patientiae
2748 3714 2888 3771 bona
2936 3716 3231 3772 docuisset.
3290 3716 3461 3783 Quale

1901 3804 2048 3858 enim
2077 3803 2469 3874 spectaculum,
2499 3818 2661 3874 quam
2692 3804 2950 3875 praeclara
2985 3821 3073 3862 res
3098 3816 3181 3862 est
3208 3815 3264 3862 ει
3287 3808 3464 3861 admi-

1902 3895 2114 3951 ratione
2151 3895 2311 3967 digna
2334 3937 2348 3960 ,
2381 3911 2609 3967 quaeque
2648 3898 3037 3968 propemodum
3068 3907 3316 3953 naturam
3357 3898 3473 3981 hue,

1903 3998 2120 4038 manam
2150 3994 2398 4055 superat,
2425 3985 2471 4040 si
2504 3985 2551 4040 is
2577 3986 2669 4056 qui
2711 3986 2892 4041 multis
2921 3986 3196 4057 iinpetitus
3222 3996 3306 4044 est
3336 4001 3467 4042 con-

1902 4076 2079 4142 viciis,
2107 4086 2200 4131 aut
2226 4077 2370 4132 forte
2398 4078 2562 4133 etiam
2588 4078 2642 4133 in
2672 4080 2886 4136 maxilla
2913 4081 3124 4151 plagam
3149 4082 3377 4151 accepit,
3408 4088 3466 4136 et

1905 4170 2187 4224 innumera
2216 4168 2318 4224 alia
2343 4184 2630 4240 perpessus
2659 4182 2743 4229 est
2772 4165 2933 4241 mala,
2972 4189 3279 4245 quanquam
3324 4189 3493 4229 non--

284 4297 335 4329 “
375 4296 556 4352 Eccle.
588 4314 641 4363 v,
666 4298 720 4354 9.
797 4301 843 4333 ³⁵
871 4302 1014 4358 Psal.
1066 4318 1165 4368 vn,
1227 4305 1278 4360 5.
1355 4305 1403 4338 “
1470 4306 1674 4365 Thren.
1731 4324 1818 4372 ιιι,

1908 4306 2066 4361 ι7-50.
2142 4306 2187 4337 ³⁷
2225 4304 2417 4361 Matth.
2450 4322 2503 4373 ν,
2540 4306 2630 4362 59.

286 4452 403 4530 (56)
436 4451 940 4530 U_terque_Comhel‘.
988 4453 1308 4530 etalii‘tres
1341 4471 1497 4530 mss.,
1524 4457 1601 4521 ὼς
1624 4459 1793 4530 ὀρθαγ-
1823 4443 1869 4498 Ῐ)
1898 4456 2065 4530 silebit
2088 4474 2107 4511 :
2128 4458 2269 4530 quia
2298 4457 2420 4510 tulit
2459 4457 2649 4530 jugum
2694 4460 2852 4514 verbi.
2890 4460 3088 4516 Ibidem
3140 4471 3247 4520 tres
3300 4478 3477 4530 mss.t

214 4524 382 4578 καίαν
431 4522 597 4598 αὑτοῦ
643 4523 742 4598 τὴν
774 4524 1130 4598 κλειτουργίαν
1174 4526 1587 4598 ὑποδεχόμενον.
1628 4522 1791 4591 Editi,

212 4594 291 4669 ξις
322 4592 629 4669 ἀναγκαίαν
660 4592 839 4669 αὐτῶν
872 4592 985 4666 τὴν
1007 4592 1351 4669 λειτουργίαν
1359 4592 1793 4669 ξὺποδεχόμενος.

212 4662 354 4735 Reg.
388 4664 661 4735 secundus
690 4666 764 4717 uti
799 4666 851 4735 in
893 4662 1170 4720 contextu.
1191 4662 1324 4720 'Nec
1356 4668 1429 4720 ita
1473 4662 1640 4722 multo
1672 4678 1795 4735 post

213 4733 370 4806 editi,
388 4732 657 4806 d'EEﬁitq;
688 4734 916 4806 καρδίας
949 4736 1170 4806 ἀγαπᾷν
1193 4735 1286 4789 τὸν
1316 4735 1481 4797 Θεόν.,
1508 4735 1613 4792 Sed
1642 4732 1789 4804 illud,

212 4803 446 4875 ἀγαπᾷν
477 4803 568 4875 risv
596 4803 834 4867 Θεόν,ἰιι
872 4820 966 4859 sex
993 4803 1123 4858 mss.
1147 4807 1317 4860 deest.
1346 4806 1542 4861 ibidem
1568 4803 1793 4875 uterque

210 4871 462 4947 βοιδίῳ
498 4873 949 4947 Beg._secundus,
987 4875 1425 4947 μερισμόντινα.
1466 4876 1576 4932 Vox
1606 4871 1791 4931 ultiina

210 4941 272 5000 in
298 4943 466 4995 editis
499 4944 928 4998 desiderabatur.

285 5011 410 5084 (57)
445 5011 686 5084 Uterque
712 5013 888 5084 Colb.,
936 5014 1016 5069 τό.
1052 5014 1175 5070 Mox
1219 5015 1349 5069 editi
1392 5026 1445 5070 et
1480 5025 1591 5071 tres
1632 5032 1790 5082 mss.,

211 5082 341 5154 ὅσον
380 5082 454 5154 διν
499 5083 689 5154 αὐτῆς.
721 5083 857 5154 Reg.
899 5087 1164 5139 secundus
1194 5100 1315 5139 cum
1349 5095 1582 5152 utroque
1608 5086 1791 5150 Collu,

211 5151 882 5231 ὅσονΑᾷνμ-αὐτῇίιέειίιιεο,
898 5154 988 5211 Sta
984 5157 1091 5231 _tit_n
1108 5166 1225 5231 tres
1241 5170 1396 5231 mss"
1425 5157 1510 5231 ἐφ’
1535 5154 1570 5208 ἃ
1597 5158 1671 5231 μὴ
1688 5157 1796 5218 δεῖ.

283 5222 526 5295 (38)__Sic
558 5222 795 5292 quinque
820 5241 951 5280 mss.
981 5225 1122 5278 Editi
1152 5240 1298 5288 vero,
1341 5222 1786 5295 ὲκείξμετὰκίνεῖ,

207 5290 322 5364 etc.
355 5290 498 5344 Illur-
526 5290 780 5363 transfert
812 5295 1144 5349 dilectionem
1176 5310 1378 5347 omnem
1411 5311 1427 5347 :
1458 5290 1576 5364 quae
1606 5296 1785 5362 lectio,

207 5362 255 5417 ei
289 5361 728 5433 ﬁgerentmssg
751 5365 906 5419 valde
938 5364 1094 5420 nobis
1123 5365 1462 5433 probaretur.

281 5429 585 5504 (39)_Regii
622 5435 812 5504 tertius
843 5443 898 5488 et
949 5429 1196 5504 quartus,
1246 5434 1331 5503 ἐφ’
1364 5433 1561 5504 ἐαυτῷ,
1606 5434 1788 5490 Codex

205 5495 538 5581 Er.._p'rim_i,'
678 5504 891 5581 ἑαυτοῦ.
952 5495 1055 5559 Alii
1106 5495 1215 5557 tres
1266 5495 1418 5581 mss"
1458 5495 1542 5573 ὲςρ’
1570 5506 1782 5560 ἑαυτόν.

208 5567 376 5633 Editi,
404 5567 685 5645 ὲπῖαὑτῷ,
709 5576 830 5628 tulit
854 5591 1009 5640 super
1035 5590 1108 5645 se,
1143 5587 1338 5645 nempe
1364 5567 1548 5644 iugum
1575 5591 1597 5636 ξ
1622 5591 1784 5645 quam

207 5650 399 5692 vocem
434 5640 582 5694 addit
612 5640 929 5700 Ambrosius
969 5645 1022 5697 in
1071 5644 1213 5699 Psal.
1257 5640 1606 5698 centesimum
1638 5640 1783 5700 deci-

208 5720 361 5762 mum
388 5718 660 5781 octavum,
707 5713 808 5771 hoc
841 5714 1002 5772 modo
1033 5731 1046 5767 :
1083 5712 1303 5770 Sedebit
1334 5713 1696 5788 singulariter,
1732 5725 1779 5772 et

1897 4527 2108 4603 παίοντι
2155 4527 2611 4603 αὺτὸν-σιαγόνα,
2659 4530 3108 4603 χορτασθήσεται,
3159 4547 3256 4587 nec
3305 4527 3464 4588 aliter

1894 4597 2091 4669 legitur
2113 4598 2253 4669 apud
2283 4595 2575 4669 LXX.V'A|ii
2611 4595 3156 4669 trés'mss.,'ctaydw
3176 4603 3361 4656 αὑτοῦ.
3392 4604 3461 4657 At

1894 4668 1946 4721 in
1975 4666 2198 4736 reliquis
2226 4668 2570 4720 consentiunt
2595 4682 2714 4722 cum
2739 4666 3219 4736 prioribnstditi,
3244 4674 3471 4729 παίοντι..

1893 4734 2044 4859 ἓύτιέι
2077 4734 2303 4817 σιαγόνα
2330 4737 2516 4792 αὐτοῦ.
2541 4736 2673 4808 Reg.
2706 4734 2994 4806 secundus,
3030 4742 3469 4819 χρρτςιισθή(ξένιαιἶ

1923 4823 2000 4859 νει
2036 4823 2214 4859 tamen.

1891 4806 2214 4860 ὀνειδισαοῦ.

1962 4823 2372 4952 ῗΐθ-ἵμῧίειῳιε
2414 4874 2732 4952 C_oI_b.__cum
2781 4876 2917 4952 Reg.
2971 4878 3238 4941 secundo.
3288 4879 3456 4952 ἔργῳ.

1890 4945 1993 5018 Alii
2031 4935 2136 5018 duo
2159 4935 2543 5018 mss.'et_editi,
2565 4948 2778 5018 -ἐργων,
2807 4935 3004 5004 Ibidem
3037 4959 3148 5004 tres
3171 4935 3332 5015 mss.,'
3349 4935 3458 5004 τῶν

1890 5016 1998 5088 ἀπὸ
2028 5016 2130 5088 τῆς
2159 5016 2433 5087 ὑπομονῆς
2450 5016 2667 5088 καλῶν.
2704 5018 2809 5074 Alii
2837 5029 2945 5076 tres
2970 5035 3100 5076 mss.
3124 5034 3245 5075 cum
3272 5020 3456 5088 editis,

1889 5084 2009 5157 τῶν
2027 5084 2093 5157 ἐν
2109 5084 2351 5157 ῥπομονῇ
2377 5084 2577 5144 καλῶν.

2109 5154 2184 5234 με
2220 5154 2587 5234 sex"mss.‘At
2610 5157 2764 5223 editi,
2796 5160 3142 5234 ὑπερϐαῖνον.

1981 5226 2078 5300 42)
2112 5224 2273 5294 Lege,
2301 5236 2358 5279 ut
2384 5241 2470 5300 ap.
2498 5227 2821 5300 Symegnem
2850 5224 3219 5300 Logothetam,
3245 5246 3297 5299 p.
3326 5230 3453 5291 56!.

1886 5294 1993 5349 τῶν
2020 5296 2164 5368 λόγῳ
2195 5310 2291 5368 pro
2329 5297 2423 5349 καὶ
2454 5294 2617 5368 λόγῳ.
2651 5296 2720 5359 Et
2762 5294 3035 5354 innumera
3079 5302 3186 5354 alia
3204 5294 3266 5354 et
3299 5303 3462 5355 dictis

1885 5376 1935 5418 et
1961 5367 2226 5439 [agtisLad
2254 5376 2534 5421 extremam
2558 5367 2896 5439 ignominiam
2926 5372 3207 5424 tendentia.
3236 5369 3458 5434 Mum.

1956 5433 2072 5511 (45)
2111 5433 2267 5511 C_olb.
2299 5439 2504 5511 primus
2534 5433 2770 5493 secunda
2793 5448 2848 5491 et
2884 5441 3287 5511 recentimanu
3322 5457 3446 5495 cum

1882 5504 2061 5582 editis,
2096 5504 2354 5582 φᾴροντα.
2373 5507 2442 5558 At
2463 5522 2557 5562 sex
2583 5522 2737 5582 mss.,
2771 5504 3063 5582 φερόντων.
3093 5509 3289 5565 Neutra
3321 5510 3459 5581 qui...

1883 5575 2004 5649 dem
2035 5575 2197 5630 lectio
2246 5575 2473 5630 multum
2529 5576 2688 5649 nobis
2742 5575 3156 5649 probatur:sed
3183 5594 3301 5635 eam
3335 5575 3455 5649 qua)

1882 5645 2175 5769 lmultorum
2208 5660 2339 5702 mss.
2372 5648 2696 5705 auctoritate
2728 5648 2996 5720 innititur,
3027 5651 3181 5722 sequi
3216 5666 3323 5711 non
3352 5645 3460 5714 illa

1922 5724 2199 5769 ιιίινιῐηυε.

1922 5724 2199 5774 ιιιινιιιιιιε.
