3828 6216
348 275 460 340 915

1297 276 1642 333 APPENDIX
1678 275 1964 334 OPERUM
2007 275 2065 331 S.
2105 276 2348 333 BASILII
2386 276 2622 334 MAGNI.

3463 276 3587 355 ais

349 388 484 451 nulli
524 388 700 458 ipsum
740 388 808 443 ad
837 398 1133 444 extremam
1176 390 1528 463 ignominiam
1568 392 1905 462 praecipitem

2033 393 2151 464 »πὲρ
2179 392 2270 447 τοῦ
2297 391 2551 464 ὑϐριστοῦ
2570 409 2583 422 ⁸
2612 391 2753 446 ὥστε
2797 392 2890 445 καί
2914 390 3015 461 τὴν
3046 392 3139 445 ἐπὶ
3169 392 3283 454 τοῖς
3309 390 3587 461 φθάσασιν

350 484 538 546 agunt,
561 476 783 532 minime
807 486 985 532 tamen
1010 487 1204 546 praeter
1228 480 1445 536 modum
1472 482 1550 535 ira
1572 481 1911 551 effervescat,

348 582 528 638 neque
574 569 841 625 excitetur
887 570 953 624 ad
999 571 1294 627 vindictam
1329 613 1345 640 ,
1396 574 1491 628 sed
1535 582 1817 630 mansuete
1858 582 1916 629 et

350 660 554 729 absque
581 659 859 715 iracundia
888 660 1105 731 erigens
1134 676 1223 728 se,
1258 677 1447 733 preces
1477 679 1575 733 pro
1604 679 1702 720 suo
1726 667 1917 722 convi-

350 751 555 806 ciatore
582 753 872 808 adhibeat:
911 754 986 808 ita
1022 764 1081 809 ut
1114 765 1396 824 peccatum
1437 760 1598 814 etiam
1631 759 1681 814 ei
1713 760 1910 815 condo-

348 850 511 896 netur
547 844 618 899 oh
648 846 940 914 praeterita,
972 856 1135 916 atque
1174 849 1228 903 in
1257 856 1531 919 posterum
1568 850 1913 907 convenienti

344 928 445 985 Dei
487 946 619 986 cura
656 934 854 1004 dignus
879 935 1177 1017 habeatur,
1212 940 1348 993 adeo
1372 946 1431 993 ut
1458 947 1708 1007 proterve
1739 947 1794 995 et
1820 954 1915 1008 pe-

346 1021 586 1079 tulanter
633 1040 798 1095 agere
844 1025 1074 1083 desinat.
1126 1027 1281 1084 Nunc
1323 1042 1453 1084 vero
1500 1044 1598 1084 nos
1638 1030 1913 1100 principes

345 1114 492 1170 inter
532 1125 728 1172 caetera
764 1127 1020 1189 peccata,
1060 1127 1119 1175 et
1152 1119 1283 1175 illud
1326 1120 1561 1176 maxime
1601 1135 1910 1198 peccamus,

2018 483 2167 555 αὐτῷ
2187 484 2460 556 ἁμαρτίαν
2489 482 2927 554 συγχωρηθῆναι,
2955 483 3049 536 καὶ
3074 482 3213 554 πρὸς
3236 482 3299 535 τὸ
3325 480 3454 553 ἑξῆς
3482 482 3588 554 τῆς

2018 574 2334 648 πρεπούσης
2363 573 2521 645 παρὰ
2560 572 2696 628 Θεοῦ
2736 573 3057 645 ἐπιμελείας
3091 572 3412 641 ἀξιωθῆναι,
3438 571 3587 627 ὥστε

2019 665 2402 735 ἀσελγαίνοντα
2424 664 2768 720 παύσασθαιί
2802 664 2917 718 Νῦν
2944 664 3002 718 δὲ
3039 666 3201 736 ἡμεῖς
3234 664 3285 717 οἱ
3323 663 3587 737 ἄρχοντες

2021 758 2157 829 μετά
2178 758 2285 813 τῶν
2319 757 2495 813 ἄλλων
2527 756 2714 831 κακῶν
2744 758 2840 811 καὶ
2873 754 3031 810 τοῦτο
3067 756 3302 827 μάλιστα
3330 741 3589 827 ἁμαρτω

2018 868 2179 921 νομεν
2197 890 2214 915 ,
2244 849 2531 914 διώκοντες
2574 850 2952 921 ἀνταπόδομα,
2995 850 3117 907 οὐδὲ
3152 847 3253 921 ίσῳ
3281 848 3360 920 τῷ
3403 847 3597 925 μέτρῳ.

2017 942 2388 1007 ἀντιδιδόντες,
2430 943 2564 998 ἀλλὰ
2588 943 2706 1014 μεθ’
2739 942 3044 1014 ὑπερϐολῆς
3079 942 3440 1013 ἀμυνόμενοι,
3484 941 3594 995 οὐκ

2017 1032 2113 1087 ἐὰν
2138 1032 2482 1104 ὑϐρισθῶμεν
2514 1033 2693 1104 μόνον,
2726 1032 2839 1088 ἀλλ’
2883 1031 2978 1086 ἐὰν
3026 1031 3100 1103 μὴ
3137 1030 3234 1084 καὶ
3267 1029 3598 1102 τιμηθῶμεν,

2014 1123 2466 1195 παροξυνόμενον
2502 1124 2731 1195 ἐχθροὺς
2761 1122 3058 1195 ἡγούμενοι
3097 1123 3192 1176 καὶ
3213 1122 3339 1184 τοὺς
3366 1122 3593 1200 ἔλαττον

348 1209 733 1277 persequimur
797 1225 991 1280 nempe
1040 1212 1496 1278 retributionem,
1561 1226 1739 1282 neque
1794 1213 1912 1284 pari

2033 1216 2159 1285 tua:
2181 1202 2455 1285 τιμῶντας
2477 1214 2613 1286 (ιι),
2668 1206 2744 1289 ὧν
2799 1214 2983 1281 ἀξίους
3038 1213 3264 1276 ιαυτοις
3286 1212 3596 1283 ὑπειλήφα-

345 1311 600 1353 mensura
628 1299 776 1365 vices
814 1301 1201 1371 rependimus:
1249 1303 1341 1358 sed
1367 1303 1508 1360 ultra
1557 1305 1774 1360 modum
1818 1319 1917 1360 nos

2018 1322 2137 1377 μεν.

347 1390 497 1460 ipsos
528 1393 863 1464 ulciscimur,
890 1409 990 1452 nec
1016 1395 1361 1476 indignamur
1385 1401 1560 1473 solum
1626 1398 1671 1467 si
1736 1398 1993 1469 quapiam
2031 1382 2362 1456 contumelia
2412 1399 2676 1456 fuerimus
2723 1399 2901 1457 vexati
2922 1438 2941 1481 ,ἱ
2988 1400 3085 1459 sed
3139 1399 3185 1455 si
3230 1396 3436 1473 honore
3482 1410 3596 1451 nou

349 1486 663 1545 allicimur:
715 1491 822 1546 imo
865 1492 1029 1547 etiam
1071 1506 1166 1549 eos
1208 1492 1452 1552 ducimus
1496 1492 1777 1561 inimicos,
1813 1494 1906 1567 qui
1945 1494 2101 1552 nobis
2143 1494 2322 1552 minus
2386 1496 2609 1551 honoris
2655 1494 2977 1562 tribuerint,
3010 1508 3118 1564 quo
3179 1507 3280 1547 nos
3310 1492 3458 1561 ipsos
3505 1490 3593 1545 di-

260 1640 265 1644 θ
349 1590 485 1650 gnos
507 1590 630 1631 esse
652 1578 1047 1637 existimamus.

420 1668 513 1722 55.
554 1665 817 1738 Orphanis
848 1688 952 1743 non
973 1670 1294 1741 judicantes,
1322 1684 1371 1730 et
1388 1674 1595 1740 judicio
1618 1675 1789 1731 vidum
1819 1691 1920 1730 non

2094 1673 2182 1728 55.
2235 1671 2541 1744 Ὀρφανοῖς
2576 1673 2649 1726 οὐ
2682 1672 3012 1740 κρίνοντες,
3046 1670 3144 1724 καί
3178 1670 3375 1738 κρίσει
3404 1668 3605 1739 χήρας

248 1765 289 1807 κέ
352 1763 701 1829 attendentes.
733 1761 961 1839 Reliqua
986 1779 1105 1835 qua
1132 1774 1382 1835 spectant
1408 1768 1475 1822 ad
1506 1768 1832 1839 orphanum,
1862 1774 1918 1822 et

352 1851 595 1918 viduam,
624 1849 737 1921 jam
771 1853 823 1906 in
866 1854 1237 1923 superioribus
1261 1856 1403 1911 dicta
1431 1864 1579 1911 sunt.
1607 1856 1706 1927 Hic
1735 1865 1917 1911 autem

355 1942 640 2015 considera
682 1945 796 1999 haec
823 1947 1010 2012 verba,
1040 1943 1165 2000 Non
1202 1947 1544 2012 attendentes,
1579 1958 1837 2017 quantam
1864 1947 1918 2002 in

351 2033 596 2104 principe
612 2043 841 2104 arguant
857 2023 1242 2106 arrogantiam,
1267 2039 1539 2107 quomodo
1562 2040 1722 2093 etiam
1745 2039 1921 2109 ipsum

356 2125 453 2180 illo
498 2124 683 2194 judice
743 2126 1052 2195 iniquitatis
1106 2129 1459 2199 agrestiorem
1511 2145 1633 2186 esse
1701 2131 1924 2186 demon-

356 2224 531 2285 strent
563 2237 576 2272 :
611 2216 881 2289 siquidem
927 2218 1015 2273 hic
1053 2227 1177 2293 post
1219 2220 1417 2276 multas
1446 2234 1668 2291 preces,
1710 2221 1922 2279 tametsi

355 2307 559 2378 alioqui
600 2308 746 2363 nulla
787 2309 1112 2378 tangebatur
1143 2311 1621 2367 commiseratione
1644 2353 1658 2379 ,
1687 2322 1744 2368 at
1775 2322 1924 2369 certe

353 2410 580 2469 propter
629 2403 1003 2455 vehementem
1045 2400 1222 2456 viduae
1253 2402 1712 2472 importunitatem
1750 2418 1810 2460 se
1847 2412 1925 2459 at-

358 2499 565 2545 tentum
595 2490 839 2547 exhibuit
880 2491 1107 2561 judicio,
1139 2494 1338 2564 quippe
1378 2495 1472 2565 qui
1508 2496 1651 2551 illius
1677 2497 1924 2552 molestia

358 2581 592 2638 ulterius
638 2581 924 2652 defatigarl
956 2597 1172 2640 caveret
1197 2586 1263 2639 ³³.
1293 2585 1463 2641 Porro
1493 2586 1558 2640 de
1596 2586 1681 2642 his
1708 2586 1925 2642 habitus

359 2681 445 2729 est
473 2686 674 2738 sermo,
700 2673 854 2743 quasi
882 2674 1180 2749 generatim
1208 2676 1411 2746 judicio
1439 2676 1613 2733 vidua:
1635 2676 1927 2757 attendere

360 2763 588 2823 nollent.

428 2849 594 2922 420
606 2850 694 2907 54.
718 2848 882 2905 Vnus.
907 2849 998 2904 ει.
1023 2848 1303 2920 Propterea
1323 2853 1434 2909 Iure
1463 2853 1593 2913 dicit
1618 2855 1928 2919 Dominator

2018 1766 2090 1820 οὐ
2117 1764 2538 1837 σξροσέχοντες.
2571 1764 2652 1816 Ta
2676 1761 2839 1817 λοιπὰ
2870 1763 3085 1833 είρηται
3114 1761 3208 1815 καὶ
3234 1763 3291 1815 ὲν
3322 1763 3434 1824 τοῖς
3465 1757 3599 1814 κατ-ἓ

2018 1859 2163 1923 όπιν,
2195 1855 2265 1910 τά
2309 1856 2436 1926 περὶ
2480 1854 2730 1926 ὀρφανῶν
2778 1854 2890 1925 (45)
2945 1853 3040 1907 καὶ
3088 1853 3282 1924 χήρας.
3330 1849 3603 1928 Ἐνταῦθαί

2018 1951 2075 2005 δὲ
2106 1950 2398 2019 ἐπίστησον
2430 1947 2529 2019 τῷ,
2564 1950 2648 2002 Οὐ
2681 1945 3108 2015 εφοσέχοντες,
3139 1944 3313 2013 πόσην
3342 1941 3599 2013 ἐμφαίνει

2020 2042 2338 2108 ἀλαζονείαν
2377 2039 2471 2094 τοῦ
2507 2040 2786 2111 ἄρχοντος,
2825 2040 2973 2102 ὅπως
3015 2035 3178 2091 αὐτὸν
3205 2035 3300 2088 καὶ
3329 2033 3423 2088 τοῦ
3469 2051 3600 2105 κρι-

2019 2132 2115 2193 τοῦ
2154 2134 2255 2203 τῆς
2294 2133 2508 2196 ἀδικίας
2551 2129 2885 2203 ἀγριώτερον
2915 2128 3219 2183 δείκνυσινο
3265 2126 3321 2180 εί
3355 2127 3472 2194 γεὸ
3498 2124 3607 2195 μὲν

2025 2224 2165 2295 μετά
2207 2223 2411 2287 πολλὰς
2464 2222 2768 2289 ἐντεύξεις,
2814 2222 2862 2275 εἰ
2900 2221 2997 2276 καὶ
3042 2218 3214 2283 ἄλλως
3264 2213 3605 2288 ἀσυμπαθὴς

2020 2310 2112 2385 ἦν,
2157 2312 2292 2367 ἀλλά
2327 2312 2417 2368 διὰ
2460 2313 2523 2368 τὸ
2562 2311 2847 2383 φιλόπονον
2880 2311 2981 2381 τῆς
3016 2311 3189 2381 χήρας
3228 2307 3497 2381 προσέσχε
3525 2306 3601 2378 τῇ

2023 2406 2221 2477 κρίσει,
2254 2405 2316 2459 τὸ
2343 2405 2619 2459 ὲπιπλεῖον
2648 2404 2754 2459 ὑπὸ
2779 2404 2950 2473 αὐτῆς
2982 2401 3284 2457 κοινοῦσθαι
3312 2396 3609 2472 περιιστάέ

2027 2512 2207 2567 μενος.
2246 2485 2381 2566 Περὶ
2410 2495 2468 2548 δὲ
2490 2494 2696 2548 τούτων
2722 2492 2957 2564 εἴρηται,
2981 2490 3057 2554 ὡς
3085 2490 3195 2562 (46)
3222 2488 3452 2544 καθόλου
3477 2484 3605 2567 scpi-

2025 2604 2107 2657 σει
2138 2588 2312 2659 χήρας
2340 2585 2627 2658 προσέχειν
2654 2586 2730 2657 μὴ
2767 2581 3230 2664 καταδεχομενων.

2094 2851 2182 2906 54.
2225 2848 2329 2904 Διὰ
2367 2850 2543 2905 τοῦτο
2592 2849 2731 2905 τάδε
2756 2848 2919 2919 λέγει
2962 2849 2996 2902 ὁ
3026 2846 3335 2913 Δεσπότης
3378 2841 3613 2911 Κύριος,

359 2939 617 3000 Dominus
678 2939 964 2996 Sabaoth:
1029 2939 1124 3009 Yte
1180 2952 1413 3011 potentes
1476 2943 1666 2999 Israel.
1725 2944 1802 2999 Ea
1841 2954 1927 2999 est

2033 2942 2295 2998 Σαϐαὼθ·
2329 2943 2473 2997 Οὐαί
2497 2946 2552 2997 ot
2583 2943 2898 3012 ἰσχύοντες
2934 2939 3203 3009 Ἰσραήλ.
3251 2937 3470 3007 ’ἰδίωμα
3501 2931 3606 3006 τῆς

355 3028 665 3098 Scriptura:
690 3032 1029 3102 proprietas,
1077 3043 1138 3088 ut
1168 3009 1236 3088 ad
1281 3034 1427 3089 hunc
1473 3036 1691 3090 modum
1735 3034 1927 3104 ﬁguret

2033 3038 2271 3109 Γραφῆς,
2323 3037 2466 3091 οὕτω
2518 3009 2875 3106 σχηματίζειν
2921 3033 3019 3104 τὴν
3058 3031 3222 3097 λέξιν.
3287 3029 3430 3083 Ἀντί
3481 3026 3611 3113 τοῦς

363 3120 674 3193 dictionem.
701 3120 834 3182 Cum
855 3121 1061 3183 dixisse
1093 3123 1390 3192 debuisset,
1415 3122 1752 3195 Potentibus,
1769 3124 1927 3195 dixit,

2033 3127 2153 3190 Τοῖς
2195 3126 2489 3197 ἰσχύουσιν,
2527 3125 2671 3179 Οὐαὶ
2705 3127 2759 3178 οἱ
2786 3124 3125 3191 ἰσχύοντες,
3162 3118 3313 3174 εἶπεο
3367 3118 3464 3190 τὴν
3505 3119 3609 3172 ἐπὶ

366 3208 463 3268 Va:
484 3222 737 3286 potentes.
777 3213 1045 3271 Nimirum
1084 3231 1205 3272 eam
1236 3231 1425 3274 vocem
1450 3233 1570 3287 qua:
1603 3220 1658 3273 iu
1699 3208 1927 3273 durissi-

2033 3219 2489 3292 δυσυπομονήτοις
2540 3216 2718 3281 πόνοις
2776 3215 2885 3290 (47)
2938 3213 3362 3287 ὲκπεμπομένην
3415 3206 3607 3281 φωνὴν

359 3305 470 3374 quis
498 3305 832 3363 cruciatibus
856 3307 1147 3373 emittitur,
1176 3309 1251 3361 ait
1274 3310 1587 3378 potentibus
1611 3307 1775 3365 Israel
1799 3323 1927 3365 σου·

2033 3310 2229 3382 ταύτην
2255 3309 2515 3382 ἁρμόζειν
2554 3308 2730 3378 λέγων
2763 3310 2876 3371 τοϊς
2911 3307 3105 3379 μικρὸν
3135 3305 3361 3377 ὕστερον
3407 3304 3465 3357 ἐν
3507 3301 3617 3373 βαο,

363 3408 590 3477 gruere,
641 3396 735 3466 qui
786 3396 946 3470 paulo
992 3405 1116 3471 post
1160 3406 1490 3454 tormentum
1544 3399 1927 3471 gravissimum

2033 3403 2175 3474 σάνῳ
2208 3401 2597 3476 δυσφορωτάτῃ
2632 3398 3050 3472 γενησομένοιςο
3081 3401 3195 3462 τοῖς
3231 3395 3473 3468 ἰσχύουσι
3503 3392 3604 3447 τοῦ

361 3495 520 3542 erant
551 3486 786 3557 passuri.
816 3486 1004 3555 Neque
1031 3487 1084 3542 id
1107 3488 1419 3560 conjectura
1453 3503 1484 3543 a
1514 3491 1772 3560 propheta
1806 3504 1927 3564 pro-

2042 3491 2276 3565 Ἰσραήλ.
2324 3490 2428 3549 Καὶ
2471 3490 2628 3544 τοῦτο
2671 3489 2731 3544 οὐ
2779 3486 3149 3554 στογαστικῶς
3193 3485 3407 3557 εἴρηται
3452 3482 3610 3554 παρὰ

361 3576 669 3658 nuntiatum
705 3584 791 3633 est
822 3615 837 3642 ,
883 3576 978 3632 sed
1014 3576 1310 3632 secundum
1356 3578 1680 3634 sententiam
1722 3578 1791 3634 ab
1833 3595 1927 3636 ore

2033 3583 2122 3638 τοῦ
2160 3584 2461 3655 προφήτου,
2512 3582 2649 3637 ἀλλὰ
2700 3594 2846 3636 κατα
2896 3579 3169 3647 ἀπόφασιν
3221 3577 3321 3648 τὴν
3365 3574 3475 3629 ἀπὸ
3507 3572 3609 3626 τοῦ

361 3670 629 3729 mendacii
658 3677 881 3739 experte
912 3667 1231 3739 profectam.
1266 3667 1522 3723 Potentes
1550 3679 1727 3724 autem
1764 3670 1927 3743 iidem

2033 3675 2292 3747 ἀψευδοῦς
2329 3675 2597 3745 στόματος
2627 3671 3020 3744 προελθοῦσαν.
3067 3670 3208 3733 Τοὺς
3240 3667 3522 3737 ἰσχύοντας
3547 3664 3613 3719 δὲ

360 3762 702 3831 intelligendi
738 3770 897 3827 sunt,
928 3762 1019 3830 qui
1053 3762 1328 3831 principes
1364 3780 1379 3841 ς
1424 3762 1514 3831 qui
1569 3773 1927 3833 praeterquam

2033 3768 2156 3830 τοὺς
2184 3768 2381 3830 αὐτοὺς
2406 3765 2623 3837 νοητέον
2663 3766 2775 3826 τοῖς
2810 3764 3072 3831 ἄρχουσιν
3101 3760 3238 3832 (48)’
3269 3760 3319 3813 οἶ
3357 3758 3494 3830 πρὸς
3526 3756 3613 3827 τῷ

362 3849 506 3922 quod
545 3865 653 3906 non
682 3851 941 3907 obediunt
969 3851 1103 3917 Deo,
1140 3860 1321 3905 amant
1360 3862 1415 3907 et
1446 3868 1691 3917 munera,
1724 3862 1780 3907 et
1812 3868 1932 3925 per-

362 3951 661 4015 sequuntur
698 3943 1105 3998 retributionem
1127 3981 1142 4007 ,
1175 3957 1240 3997 ac
1269 3942 1477 4013 reliqua
1506 3944 1569 3997 de
1598 3945 1795 4013 quibus
1843 3945 1931 3998 in-

367 4031 722 4088 simulantur.
751 4031 845 4087 Vae
870 4032 1203 4101 potentibus,
1230 4041 1284 4087 et
1313 4033 1379 4086 iis
1404 4033 1494 4103 qui
1521 4048 1626 4087 non
1656 4034 1929 4088 obediunt.

363 4124 659 4183 Enimvero
734 4124 1124 4181 inﬁrmioribus
1179 4124 1429 4181 fortassis
1483 4126 1701 4180 dabitur
1752 4128 1931 4182 venia.

363 4214 578 4285 Exiguo
610 4214 748 4270 enim
784 4213 1086 4285 conceditur
1119 4213 1523 4277 misericordia;
1562 4224 1789 4275 potentes
1830 4199 1935 4266 ait-3

366 4315 470 4362 tem
498 4313 732 4374 potenter
755 4313 1015 4359 tormenta
1041 4305 1308 4372 patientur
1327 4304 1393 4359 ‘°..
1433 4303 1521 4367 Et,
1553 4302 1651 4358 Cui
1678 4320 1936 4358 commen-

2031 3856 2274 3911 ἀπειθεῖν
2303 3854 2382 3926 τῷ
2408 3854 2548 3925 Θεῷ,
2580 3854 2676 3907 καὶ
2705 3854 2959 3922 ἀγαπωσι
2987 3852 3156 3925 δῶρα,
3194 3851 3291 3904 καὶ
3321 3849 3614 3903 διώκουσιν

2030 3947 2397 4017 ἀνταπόδομα,
2440 3948 2535 4001 καὶ
2577 3947 2647 4000 τὰ
2682 3948 2845 4001 λοιπα
2896 3944 2933 4001 ἃ.
2976 3941 3432 4015 κατηγοροῦνται.
3470 3940 3614 3995 Οὐαὶ

2030 4042 2143 4102 τοῖς
2174 4037 2416 4109 ἰσχύουσι
2448 4038 2542 4091 καὶ
2565 4036 2871 4091 ἀπειθοῦσι.
2904 4037 3031 4099 Τοῖς
3063 4034 3173 4106 γάρ
3194 4030 3621 4102 ἀσθενεστέροις

2032 4126 2172 4196 τάχα
2211 4124 2526 4196 συγγνώμη.
2583 4126 2647 4178 '0
2687 4124 2796 4194 γὰρ
2840 4121 3164 4195 ἐλάχιστος
3216 4119 3613 4191 συγγνωστός

2032 4219 2202 4271 ἐστιν
2223 4216 2454 4282 ἐλέους.
2483 4216 2734 4271 Δυνατοὶ
2762 4214 2831 4269 δὲ
2856 4214 3124 4281 δυνατῶς
3146 4212 3613 4278 ἐτασθήσονταιο

2035 4310 2153 4373 καὶ,
2190 4302 2264 4377 ’ᾯ
2302 4309 2459 4361 πολὺ
2508 4307 2832 4377 παρέθεντο
2851 4347 2866 4369 ,
2899 4306 3328 4375 περισσότερον
3358 4300 3614 4369 ἀπαιτή-

365 4369 621 4453 dave'runt
664 4397 889 4451 multum
925 4369 1050 4465 plus
1080 4406 1253 4463 petent
1288 4396 1352 4450 ab
1391 4412 1451 4451 eo
1480 4395 1548 4453 “.
1598 4396 1927 4467 Quapropter

2041 4414 2264 4453 σουσιν
2298 4400 2500 4452 αὐτόν.
2547 4398 2648 4452 Διά
2686 4399 2845 4452 τοῦτο
2877 4399 2971 4451 καὶ
3000 4400 3113 4461 τοῖς
3158 4395 3433 4458 πλουσίοις
3464 4393 3613 4459 οὐαὶ,

365 4502 451 4542 va:
487 4487 543 4543 e't
589 4487 845 4544 divitibus
867 4528 884 4554 ,
916 4489 1039 4558 quia
1084 4502 1205 4542 cum
1238 4496 1487 4557 potentes
1518 4488 1628 4542 sint
1659 4488 1727 4543 ad
1757 4490 1939 4561 Si“)le

366 4581 576 4636 vandos
608 4593 906 4651 pauperes,
941 4594 1099 4649 opum
1146 4579 1386 4649 potentia
1422 4593 1527 4634 non
1572 4588 1700 4634 sunt
1736 4580 1820 4634 usi
1867 4582 1936 4637 ad

371 4671 516 4740 quod
544 4679 869 4745 acceperant
902 4658 1021 4725 eas.
1056 4669 1207 4736 Quod
1239 4669 1285 4724 si
1316 4668 1440 4740 quis
1469 4668 1670 4739 ingenii
1706 4669 1938 4724 acrimo-

370 4761 461 4817 nia
494 4760 598 4817 alio
622 4761 896 4829 solertior,
925 4776 987 4817 ea
1009 4762 1061 4817 vi
1088 4761 1319 4817 naturali
1349 4769 1514 4831 atque
1546 4759 1801 4816 facultate
1826 4777 1934 4817 non

374 4861 561 4908 utatur
606 4853 676 4908 ad
707 4867 798 4910 res
827 4853 1040 4909 divinas
1077 4852 1472 4923 perquirendas
1503 4870 1518 4907 :
1551 4851 1679 4907 huic
1723 4866 1938 4922 quoque

446 5033 493 5069 ³⁸
527 5032 659 5090 Luc.
695 5049 867 5100 xvtn,
907 5034 962 5092 8.
1038 5034 1085 5066 ³⁸
1123 5031 1249 5105 Sap.
1286 5048 1363 5099 τι,
1396 5034 1448 5086 7.
1522 5032 1568 5065 ⁸ο
1608 5031 1737 5095 Luc.
1768 5050 1867 5100 xu,
1905 5034 1992 5089 48.

365 5181 369 5185 ’
593 5191 833 5270 yterque
865 5189 1044 5270 Cglb._.
1073 5193 1432 5270 τιμήσαντας.
1609 5259 1644 5270 _
1685 5258 1717 5270 __
1839 5267 1847 5270 _
1892 5257 1904 5270 .

448 5258 561 5331 (45)
593 5262 699 5319 Pro
730 5258 982 5335 δρφανῶν
1020 5258 1215 5335 legitur
1247 5265 1299 5318 in
1345 5258 1575 5332 utroque
1604 5258 1757 5316 Colh.
1799 5267 1848 5335 et
1891 5258 1945 5335 in

375 5329 513 5399 Reg.
544 5329 1097 5404 secundm'optpavoﬁ'.
1144 5332 1338 5388 Statim
1381 5329 1613 5404 quatuor
1640 5345 1793 5404 mss,
1824 5329 1946 5383 ἐπί-

379 5416 576 5473 στησον
593 5401 695 5473 τῷ.
722 5399 954 5473 Εὐίιῖέι
980 5403 1085 5456 duo
1113 5417 1267 5464 mss.,
1301 5399 1594 5473 ἐπίστησον
1632 5399 1715 5456 τό.

451 5470 568 5540 (46)
592 5470 696 5525 Pro
722 5472 798 5533 ὡς
829 5472 1090 5527 scribitur
1115 5473 1165 5526 in
1202 5474 1372 5529 tribus
1399 5470 1527 5527 mss.
1563 5473 1667 5524 ὅτι.

476 5540 565 5603 47)
598 5539 764 5605 Editi,
794 5544 906 5606 τοῖς
938 5542 1136 5606 πόνοις.
1175 5542 1333 5597 Deest
1363 5545 1474 5606 τοῖς
1505 5542 1559 5596 in
1585 5554 1715 5596 mss.

476 5608 564 5680 48)
597 5608 815 5679 Legitur
860 5613 1075 5679 quidem
1131 5615 1183 5666 in
1232 5613 1389 5668 editis
1421 5621 1476 5667 et
1524 5612 1579 5666 in
1620 5609 1821 5680 nostris
1850 5625 1945 5665 sex

384 5679 514 5761 (pus.
546 5679 741 5749 magno
768 5694 1053 5753 consensu,
1089 5685 1202 5749 τοῖς
1241 5685 1495 5754 ἄρχουσιν
1528 5697 1542 5713 ·
1589 5683 1685 5740 sed
1712 5679 1944 5738 Combe-

2042 4490 2124 4545 ὅτι
2170 4490 2443 4560 ἰσχύοντες
2487 4491 2567 4555 εἰς
2607 4500 2667 4544 το
2697 4487 3138 4561 παραμυθεῖσθαι
3182 4488 3310 4551 τοὺς
3347 4486 3614 4558 πένητας,

2042 4580 2104 4633 οὐ
2150 4579 2443 4651 κέχρηνται
2477 4583 2545 4652 τῇ
2583 4580 2814 4650 δυνάμει
2852 4578 2947 4633 τοῦ
2996 4577 3228 4632 πλούτου
3274 4579 3355 4640 είς
3386 4576 3424 4632 ἀ
3462 4575 3624 4648 είλήτ

2044 4689 2194 4743 φασι.
2222 4672 2330 4725 Καὶ
2369 4671 2526 4737 εἴτις
2559 4675 2747 4746 ἑτέρου
2778 4676 2877 4743 τὴν
2900 4671 3141 4726 διάνοιαν
3173 4670 3613 4743 ὲντρεχέστερος,

2048 4766 2122 4837 μὴ
2161 4766 2563 4837 ἀποχρῆταιτῇ
2612 4767 2756 4836 ἰσχύῖ
2794 4768 2892 4837 τῆς
2930 4765 3145 4834 φύσεως
3182 4764 3318 4834 πρὸς
3365 4763 3465 4835 τὴν
3503 4752 3623 4838 τῶνξ

2043 4857 2202 4933 θείων
2229 4856 2449 4928 ἔρευναν
2468 4874 2481 4886 ’
2510 4858 2606 4910 xal
2631 4857 2804 4929 τούτῳ
2831 4857 2974 4923 οὐαὶ,
2999 4857 3125 4911 ὅταν
3147 4853 3445 4924 ἀπαιτῆται
3471 4852 3621 4923 κατὰ,

2039 5188 2212 5253 ﬁsins,
2228 5190 2372 5258 quod
2392 5197 2543 5260 putet
2559 5189 2630 5242 ita
2656 5195 2836 5257 petere
2857 5183 3150 5260 syntaxi‘m,
3174 5180 3460 5260 legijubet.
3485 5181 3615 5260 τοὺς

2052 5252 2339 5331 ἄρχοντας.
2369 5252 2480 5330 Ego
2505 5252 2682 5331 autem
2713 5252 3027 5331 cur__st'atin_1
3046 5255 3190 5331 dicto
3216 5252 3530 5331 obedientes
3552 5252 3623 5331 sig

2054 5320 2194 5391 mus.
2224 5320 2443 5384 causan?
2466 5344 2572 5382 non
2598 5327 2750 5381 video
2774 5325 2957 5378 ullam.
2986 5322 3198 5377 Etenim
3223 5336 3383 5376 voces
3408 5324 3438 5375 ὁ
3457 5320 3620 5383 αὐτός

2053 5409 2109 5454 et
2140 5399 2252 5463 ῐσος
2282 5401 2421 5468 apud
2452 5398 2667 5468 Graecos
2702 5410 2841 5468 saepe
2872 5394 3054 5468 dativo
3084 5392 3337 5468 conjungi
3365 5399 3618 5468 constat;

2054 5470 2194 5538 quod
2226 5458 2524 5539 aliquando
2549 5465 2745 5539 imitati
2777 5458 2903 5539 sunt
2927 5461 3120 5517 Latini.
3146 5458 3343 5539 Notum
3373 5469 3459 5539 est
3486 5458 3628 5539 illud

2054 5528 2450 5594 Horatianum:
2495 5536 2724 5591 Inuitum
2767 5533 2857 5599 qui
2908 5541 3099 5596 servat,
3142 5532 3280 5586 idem
3308 5528 3436 5599 facit
3481 5528 3621 5599 accf:

2053 5611 2216 5663 deuti.
2246 5607 2446 5662 Ibidem
2480 5621 2610 5660 mss.
2653 5594 2910 5676 nonnulli,
2956 5594 3092 5676 πρὸς
3123 5600 3224 5676 τῷ,
3262 5594 3485 5676 optime.

2054 5680 2269 5751 quidam
2310 5676 2433 5734 libri
2462 5685 2671 5734 veteres
2696 5685 2748 5730 et
2773 5674 2900 5731 editi
2937 5670 3070 5747 πρὸς
3096 5670 3181 5738 to,
3207 5670 3362 5735 male,
