3828 6216
161 298 264 356 217

1052 294 1407 356 COMMENT.
1443 293 1512 350 IN
1546 295 1784 351 ISAIAM
1823 293 2263 351 PROPHETAM.
2303 295 2456 350 CAP.
2501 294 2540 350 ἰ.

3309 297 3418 354 218

159 415 261 485 τὴν
285 409 584 478 ἀναλογίαν
610 409 718 462 τῶν
745 407 1043 478 δεδομένων
1071 407 1134 460 τὸ
1161 407 1343 478 ἔργον.
1380 410 1491 462 Καὶ
1529 410 1582 462 εί
1603 426 1750 472 τινες
1779 416 1798 470 Α

1856 425 1935 463 ναι
1965 409 2088 478 quia
2117 419 2352 476 quaastus
2382 409 2450 462 ab
2478 423 2543 462 eo
2575 415 2845 478 repetetur
2882 421 2980 478 pro
3007 408 3217 463 ratione
3245 406 3420 466 dono-

157 505 219 562 δὲ
283 504 627 577 προστασίας
680 502 1142 574 ἐκκλησιαπικῆς
1190 501 1614 572 ἐπειλημμένοι,
1672 501 1748 573 μὴ

162 598 426 669 κοσμοῦσι
453 599 516 649 τὸ
540 596 700 666 ἔργον
738 597 804 665 τῇ
837 593 1124 666 πρεπούσῃ
1145 593 1224 663 τῷ
1246 594 1624 665 ὲπαγγέλματι
1648 611 1748 646 πο-

166 691 370 761 λιτείᾳ,
412 689 508 742 καὶ
534 687 747 750 τούτοις
787 685 928 738 οὐαί.
980 687 1061 738 Οὐ
1095 686 1389 738 παύσεται
1422 684 1532 756 γάρ
1565 703 1685 753 μου
1713 687 1748 738 ὁ

162 780 352 849 θυμὸς
397 780 469 832 ἐν
522 777 646 844 τοῖς
681 776 1084 841 ὑπεναντίοις.
1138 776 1476 830 Ὑπεναντίοι
1523 776 1659 846 Θεῷ,
1695 775 1746 827 οί

164 873 572 934 ἀντιδαίνοντες
612 869 778 923 αὐτοῦ
813 872 929 932 τοῖς
963 869 1402 939 προστάγμασιν·
1435 867 1629 930 οἵτινες
1661 867 1746 936 ἐφ’

162 968 284 1020 ὅσον
312 964 454 1017 εἰσιν
491 960 825 1025 ὑπεναντίοι,
855 961 917 1013 οὐ
951 959 1217 1013 παύσεται
1259 962 1288 1012 ὁ
1328 959 1619 1029 λεγόμενος
1649 957 1746 1010 Θυ-

166 1059 262 1129 μδς
287 1057 386 1110 τοῦ
412 1054 550 1108 Θεοῦ
574 1055 694 1108 κατέ
718 1054 918 1108 αὐτῶν.
957 1052 1338 1123 Ἐπιμένοντες
1371 1052 1469 1122 μὲν
1495 1051 1602 1122 γὰρ
1628 1053 1748 1114 ταῖς

162 1150 476 1220 πονηρίαις,
532 1147 838 1217 ὲξάπτομεν
884 1146 968 1214 ἐφ’
1019 1147 1244 1208 ἑαυτοὺς
1299 1145 1390 1198 τὸν
1438 1143 1608 1215 θυμὸν
1650 1142 1745 1196 τοῦ

161 1243 297 1296 Θεοῦ
324 1241 464 1313 (49),
492 1233 604 1294 οἷον
633 1240 767 1310 πυρὶ
793 1237 926 1309 ὓλην
954 1236 1053 1299 τάς
1087 1237 1362 1307 ἁμαρτίας
1385 1237 1417 1304 ἡ
1429 1234 1544 1306 μῶν
1567 1251 1748 1307 παρα-

129 1333 430 1406 ⁵τιθέντες,
466 1330 610 1384 κατά
653 1329 715 1382 τὸ
759 1327 1066 1399 εἰρημένον,
1102 1328 1184 1380 ὅτι
1232 1327 1359 1394 Πῦρ
1391 1324 1748 1378 ἐκκέκαυται

159 1425 230 1479 ἐκ
256 1425 370 1478 τοῦ
396 1422 588 1492 θυμοῦ
609 1439 747 1490 μου.
785 1420 1154 1490 Παυσαμένων
1185 1418 1243 1472 δὲ
1271 1419 1426 1490 ὴμῶν
1449 1418 1546 1488 τῆς
1575 1419 1750 1488 ἀμαρ-

158 1517 304 1580 τίας,
363 1515 582 1580 Κρίσιν
631 1513 702 1566 ἐκ
752 1510 872 1566 τῶν
925 1509 1154 1580 ἐχθρῶν
1200 1528 1319 1579 μου
1368 1508 1620 1576 ποιήσω.
1682 1509 1747 1560 '0

158 1610 468 1664 πιστεύων
516 1610 606 1673 εὶς
654 1605 782 1675 ἐμὲ,
833 1606 1020 1674 φησὶν,
1082 1606 1154 1657 οὐ
1207 1605 1293 1673 μὴ
1348 1601 1538 1671 κριθῇ·
1593 1604 1626 1655 ό
1679 1599 1749 1653 δὲ

159 1699 458 1767 ἀπιστῶν,
502 1697 623 1768 ἤδη
666 1697 948 1766 κέκριται.
980 1690 1210 1768 ΤῆςὊῦν
1237 1693 1474 1764 κρίσεως
1499 1691 1661 1748 αἴτιοι
1697 1694 1746 1745 oi

1849 513 1989 552 rum.
2022 497 2159 564 Quin
2193 499 2357 551 etiam
2392 499 2438 552 si
2469 498 2560 567 qui
2590 498 2827 567 acceptis
2861 497 3247 552 ecclesiasticis
3281 515 3420 569 pra:-

1848 589 2106 656 fecturis,
2144 605 2336 642 munus
2361 604 2516 643 sunin
2553 603 2658 642 non
2695 589 3052 643 cohonestant
3080 604 3146 644 eo
3173 590 3297 646 vitae
3329 591 3418 645 in-

1847 681 2069 745 Stituto,
2107 681 2248 748 quod
2282 695 2376 733 sua
2408 679 2626 749 dignum
2670 680 2742 733 sit
2771 679 3107 747 professione
3130 720 3146 746 ,
3175 681 3258 734 his
3287 695 3422 749 quo-

1847 786 1952 839 que
1989 787 2089 824 vae.
2137 769 2260 824 Non
2293 772 2513 824 cessabit
2543 773 2686 824 enim
2723 771 2877 839 [uror
2906 789 3049 825 meus
3081 773 3134 824 in
3169 774 3420 826 adversa-

1847 861 1965 914 riis.
2014 859 2325 914 Adversarii
2374 858 2468 912 Dei
2515 858 2549 911 ii
2587 868 2733 922 sunt,
2781 859 2872 926 qui
2921 862 3040 926 ejus
3075 857 3420 910 obluctantur

1845 951 2167 1020 praeceptis:
2201 950 2295 1018 qui
2323 949 2564 1018 quandiu
2593 958 2718 1003 sunt
2749 949 2964 1012 hostes,
2997 947 3149 1001 furor
3182 944 3275 999 Dei
3309 960 3422 1000 rne-

1847 1054 2089 1097 moratus
2129 1043 2416 1096 adversum
2449 1042 2594 1110 ipsos
2634 1056 2737 1094 non
2785 1040 3044 1095 cessabit.
3094 1037 3247 1102 Nam,
3291 1038 3419 1091 dum

1847 1132 2196 1186 immorantur
2225 1132 2427 1185 nostris
2461 1131 2749 1199 nequitiis,
2797 1133 3082 1184 adversum
3117 1143 3214 1182 nos
3264 1129 3416 1197 ipsos

1846 1225 1942 1279 Dei
1982 1226 2320 1280 incendimus
2355 1225 2592 1278 furorem
2615 1263 2630 1287 ,
2666 1223 2820 1296 quasi
2854 1223 2962 1292 igni
2999 1221 3306 1282 materiam,
3339 1220 3420 1272 ni-

1848 1318 2042 1370 mirum
2072 1326 2290 1384 peccata
2323 1324 2507 1368 nostra
2529 1352 2545 1379 ,
2577 1324 2908 1383 apponentes
2929 1353 2944 1377 ,
2977 1313 3132 1382 juxta
3167 1311 3296 1364 illud
3330 1310 3418 1363 di-

1848 1417 1992 1462 ctum
2025 1426 2038 1462 :
2073 1406 2221 1476 Ignis
2254 1422 2503 1459 accensus
2535 1416 2612 1459 est
2653 1419 2717 1458 ex
2748 1404 2924 1473 furore
2959 1419 3070 1456 meo
3095 1403 3161 1456 “.
3192 1402 3262 1454 At
3294 1416 3419 1455 vero

1847 1509 1906 1554 ut
1931 1503 2160 1563 primum
2189 1499 2426 1566 peccatis
2464 1498 2623 1552 finem
2655 1495 3099 1565 imposuerimus,
3144 1493 3417 1548 Judicium

1847 1591 1912 1645 de
1937 1591 2166 1644 inimicis
2198 1590 2324 1642 meis
2357 1587 2573 1656 faciam.
2615 1588 2719 1652 Qui
2741 1589 2881 1642 enim
2900 1627 2915 1653 ,
2941 1588 3136 1654 inquit,
3164 1587 3333 1639 credit
3359 1587 3413 1640 in

1848 1697 1960 1747 me,
1991 1697 2094 1739 non
2109 1681 2391 1750 judicatur
2411 1695 2433 1736 :
2455 1680 2544 1749 qui
2568 1691 2741 1734 autem
2770 1696 2876 1732 non
2915 1680 3112 1743 credit,
3133 1677 3251 1746 jam
3267 1677 3422 1746 judi-

159 1793 371 1864 ἐχθροὶ,
415 1789 561 1844 κατά
603 1789 666 1842 τὸ
707 1787 994 1860 εἰρημένον
1017 1803 1032 1816 ο
1072 1786 1176 1839 Διὰ
1203 1783 1390 1839 ταῦτα
1437 1784 1672 1854 ἔρχεται
1708 1785 1748 1852 ἡ
1782 1776 1798 1830 Ι

1851 1785 2000 1827 catus
2042 1782 2119 1826 est
2160 1771 2230 1826 "’.
2273 1771 2462 1840 itaque
2504 1770 2693 1839 judicii
2738 1781 2989 1827 auctores
3038 1771 3262 1825 inimici-
3288 1781 3419 1826 sunt

160 1887 310 1954 ὀργὴ
354 1883 464 1937 τοῦ
510 1881 659 1936 Θεοῦ
703 1879 803 1934 ἐπὶ
849 1880 992 1945 τοὺς
1042 1877 1214 1944 υἱοὺς
1262 1875 1374 1944 τῆς
1419 1875 1745 1940 ἀπειθείας.

173 1975 398 2044 Ἐπειδὴ
429 1974 485 2026 δὲ
515 1969 690 2036 εἶπεν,
719 1974 800 2027 ὃτι
829 1973 911 2025 Οὐ
942 1969 1240 2024 παύσεταί
1257 1987 1377 2038 μου
1405 1971 1437 2022 ὁ
1465 1967 1651 2036 θυμὸς
1678 1969 1750 2021 ἐν

155 2067 285 2132 τοῖς
309 2065 716 2130 ὑπεναντίοις,
748 2063 834 2117 ἶνα
864 2062 938 2133 μὴ
959 2063 1182 2134 ἄκριτον
1206 2059 1304 2130 τὴν
1335 2059 1428 2112 ἐπὶ
1455 2059 1580 2122 τοὺς
1608 2075 1750 2131 παρ-

157 2159 461 2226 οξύνοντας
536 2156 706 2229 ὀργὴν
785 2152 926 2210 εἶναι
1003 2154 1100 2208 τοῦ
1200 2151 1338 2206 Θεοῦ
1413 2151 1745 2222 νομίσωμεν.

157 2253 226 2305 Εἴ
245 2269 311 2320 γε
350 2250 463 2321 (50)
498 2238 594 2303 καὶ
627 2247 907 2319 θυμοῦμαι
955 2248 1014 2300 ὲν
1059 2248 1173 2310 τοῖς
1211 2245 1580 2308 ὑπεναντίοιςο
1633 2243 1746 2297 ἀλλ’

153 2344 311 2414 ὅμως
345 2343 450 2395 οὐκ
474 2341 715 2413 ἀκρίτως
747 2339 933 2405 ἐπάξω
962 2339 1147 2401 αὐτοῖς
1176 2337 1275 2401 τὰς
1303 2337 1576 2400 κολάσεις,
1611 2335 1749 2388 ἀλλὰ

153 2432 495 2504 κεκριμένας
517 2429 659 2483 κατά
680 2429 780 2500 τὴν
808 2425 964 2492 ἀξίαν
999 2427 1092 2480 καὶ
1115 2426 1176 2479 τὸ
1205 2425 1401 2498 μέτρον
1425 2425 1531 2478 τῶν
1560 2426 1749 2477 ἐπται-

154 2527 377 2597 σμένων
400 2541 415 2556 ·
460 2522 709 2576 τουτέστι
732 2521 812 2586 τὸ,
843 2521 1059 2588 Κρίσιν
1111 2519 1180 2572 ἐκ
1209 2517 1326 2572 τῶν
1367 2516 1598 2587 ἐχθρῶν
1625 2535 1746 2586 μου

154 2617 422 2685 ποιήσω.
463 2614 680 2685 Ἐχθροὶ
708 2613 766 2666 δὲ
793 2612 871 2683 τῷ
895 2610 1014 2682 Θεῷ
1041 2611 1178 2682 (Si),
1209 2611 1258 2663 οί
1284 2609 1353 2664 τὰ
1378 2610 1542 2664 ἄδικα
1570 2609 1748 2680 πράσα

154 2724 368 2770 σοντες.
419 2704 622 2775 Ἐχθρά
648 2703 726 2772 τῷ
749 2701 940 2772 ἀγαθῷ
985 2703 1019 2772 ή
1053 2699 1284 2770 πονηρία
1305 2716 1317 2730 ⁸
1355 2698 1524 2768 ἐχθρὰ
1550 2697 1628 2768 τῷ
1666 2699 1746 2750 δι-

153 2799 304 2868 καίῳ
345 2799 380 2868 ἡ
422 2797 637 2850 ἀδικία·
671 2794 750 2865 τῷ
783 2794 926 2863 ἁγίῳ
959 2795 993 2863 ἡ
1028 2790 1368 2861 ἀκαθαρσία·
1407 2793 1473 2860 τῇ
1520 2788 1749 2860 ἀληθείᾳ

149 2893 217 2948 τὸ
247 2891 466 2960 ψεῦδος.
509 2889 633 2942 Ἐπὶ
662 2887 873 2950 τούτοις
902 2881 994 2939 οὖν
1023 2885 1085 2938 οὐ
1126 2883 1399 2937 παύσεται
1445 2882 1558 2952 (52)
1591 2884 1619 2934 ὁ
1654 2881 1748 2933 θυ-

157 2986 284 3054 μὸς,
328 2983 438 3046 ἓως
469 2981 536 3035 ἂν
567 2975 702 3034 ὦσιν
747 2977 1094 3031 ὑπεναντίοιο
1139 2975 1260 3028 οὐδὲ
1295 2975 1517 3032 ἄκοιτον
1564 2971 1746 3034 αὐτοῖς

1851 1866 2148 1918 secundum
2181 1863 2325 1916 illam
2357 1862 2683 1917 sententiam
2716 1879 2730 1914 :
2765 1861 2992 1930 PrOpter
3028 1862 3139 1916 lucc
3171 1863 3304 1916 venit
3339 1863 3425 1923 ira,

1847 1955 1945 2008 Dei
1973 1954 2024 2007 in
2060 1953 2199 2021 filios
2223 1953 2522 2022 diﬁidcntia:
2542 1951 2606 2004 ⁵³.
2635 1949 2843 2005 Idcirco
2871 1959 3048 2004 autem
3082 1951 3252 2004 dixit:
3297 1949 3420 2004 Non

1848 2046 2066 2102 cessabit
2087 2046 2251 2116 .faror
2277 2061 2422 2100 meus
2460 2045 2516 2098 in
2563 2045 2918 2107 adversariis,
2953 2052 3008 2096 ut
3045 2058 3113 2098 ne
3151 2043 3246 2097 Dei
3283 2043 3419 2096 iram

1849 2141 2107 2193 adversus
2157 2153 2251 2192 eos
2299 2139 2390 2206 qui
2443 2137 2618 2206 ipsum
2671 2136 2906 2200 irritant,
2965 2135 3318 2188 temerariam
3366 2142 3424 2195 et

1842 2227 2032 2298 judicii
2063 2239 2343 2296 expertem
2379 2243 2501 2282 esse
2533 2226 2929 2282 existimemus.
2967 2224 3192 2278 Etiamsi
3225 2224 3304 2276 ira
3339 2224 3426 2285 in-_

1849 2321 1986 2375 citer
2017 2330 2206 2374 contra
2241 2317 2612 2383 adversarios;
2647 2331 2751 2370 non
2804 2327 2982 2370 tamen
3019 2314 3218 2368 indicta
3251 2328 3418 2368 causa

1848 2424 2037 2480 pcenas
2061 2410 2166 2463 illis
2191 2408 2426 2478 iulligam
2447 2447 2462 2472 ,
2495 2407 2590 2461 sed
2619 2421 2712 2461 eas
2733 2420 2855 2460 cum
2880 2403 3079 2473 judicio
3103 2418 3201 2472 pro
3222 2401 3420 2457 merito

1848 2513 1904 2556 et
1958 2501 2278 2557 delictorum
2329 2515 2584 2553 mensura
2639 2497 2773 2566 ipsis
2823 2494 3120 2564 irrogabo:
3170 2494 3271 2548 hoc
3313 2501 3423 2568 est,

1848 2594 2122 2648 Judicium
2157 2593 2220 2645 de
2271 2591 2497 2644 inimicis
2542 2591 2668 2642 meis
2719 2589 2940 2657 faciam.
2989 2585 3259 2640 Caeterum
3311 2584 3422 2640 Deo

1849 2693 1978 2740 sunt
2008 2681 2254 2746 inimici,
2291 2681 2382 2749 qui
2416 2687 2727 2749 perpetrant
2760 2679 2968 2746 iniqua.
2996 2676 3247 2745 Nequitia
3278 2677 3421 2732 bono

1846 2787 1930 2832 est
1964 2777 2184 2830 inimica
2215 2792 2230 2830 :
2261 2773 2480 2828 inimica
2507 2771 2750 2840 aequitati
2782 2771 3044 2836 iniquitas
3085 2783 3101 2822 :
3137 2769 3420 2822 sanctitati

1848 2869 2136 2939 imperitas
2162 2885 2176 2920 :
2209 2865 2428 2919 veritati
2473 2863 2836 2918 mendacium.
2867 2862 2948 2917 Ob
2974 2861 3088 2915 hiBC
3123 2860 3284 2928 igitur
3313 2876 3420 2916 non

1847 2959 2193 3027 conquiescet
2237 2955 2385 3010 furor
2443 2967 2615 3018 meus,
2665 2953 2842 3022 quoad
2898 2952 3101 3006 fuerint
3147 2951 3351 3006 inimici
3397 2965 3416 3016 ξ

1769 3113 1812 3170 C
1847 3062 2010 3120 atque
2049 3049 2187 3104 dixit
2215 3063 2275 3104 se
2304 3063 2409 3102 non
2446 3047 2562 3101 sine
2587 3045 2794 3116 judicio
2825 3045 2891 3100 de
2914 3043 3046 3113 ipsis
3071 3057 3262 3114 pinnas
3287 3057 3420 3098 exa-

1845 3151 1932 3196 Cl’i]
1942 3155 2080 3196 rum.

222 3246 321 3301 55.
355 3242 469 3300 Kal
508 3242 709 3307 ἐπάξω
740 3241 856 3309 τὴν
893 3239 1060 3310 χεῖρά
1084 3256 1204 3309 μου
1231 3236 1334 3292 ἐπὶ
1368 3237 1466 3304 σὲ,
1501 3237 1598 3291 καί
1629 3253 1743 3292 πυ-

1915 3255 2003 3309 55.
2048 3252 2211 3308 Vens.
2245 3251 2335 3307 25.
2392 3248 2454 3307 Et
2489 3249 2734 3306 inducam
2777 3263 2992 3302 manum
3021 3263 3190 3301 meam
3233 3245 3291 3300 in
3340 3255 3419 3309 te,

145 3338 333 3408 ρώσω
365 3352 442 3390 σε
490 3337 579 3400 εις
619 3334 897 3402 καθαρόν.
925 3333 1068 3403 ’Ὀρα
1103 3331 1164 3384 τὸ
1205 3330 1407 3398 ἀγαθὸν
1448 3329 1601 3393 τέλος
1631 3330 1742 3399 (55)

1849 3354 1890 3398 et
1919 3343 2257 3412 inflammaba
2286 3351 2335 3396 te
2361 3343 2428 3395 ad
2459 3357 2673 3408 purum.
2719 3338 3015 3394 Considera
3053 3336 3186 3404 justi
3229 3336 3421 3406 judicii

149 3431 258 3500 τῆς
285 3427 504 3488 δικαίας
523 3424 776 3495 κρίσεως,
807 3423 1030 3477 καὶτῶν
1063 3421 1205 3476 κατά
1233 3421 1332 3492 τὴν
1368 3421 1549 3492 κρίσιν
1576 3437 1746 3490 προσ-

1849 3445 1900 3489 et
1933 3449 2214 3503 pinnarum
2251 3449 2371 3487 cum
2398 3433 2604 3502 judicio
2651 3431 2922 3484 illatarum
2977 3429 3179 3483 bonum
3224 3429 3412 3483 tinem.

151 3518 450 3591 ἀγομένων
501 3515 797 3570 κολάσεων.
856 3515 930 3568 Οὐ
1001 3513 1289 3568 παύσεταί
1327 3531 1427 3583 μου
1459 3515 1486 3565 ὁ
1535 3511 1742 3582 θυμός.

1849 3525 1962 3579 Νοη
1996 3524 2232 3579 cessabit
2265 3523 2416 3576 furor
2443 3537 2632 3587 meus;
2673 3521 2938 3591 judicium
2970 3520 3203 3586 faciam;
3232 3530 3422 3573 exten-

152 3612 345 3684 κρίσιν
367 3611 583 3680 ποιήσω
618 3624 632 3640 ο
668 3607 854 3674 ἐπάξω
889 3605 988 3677 τὴν
1011 3607 1168 3677 χεῖρα
1187 3622 1203 3637 ο
1233 3604 1488 3675 πυρώσω.
1516 3603 1626 3656 Καὶ
1658 3601 1710 3656 τί
1728 3619 1742 3666 ;

1849 3617 1968 3668 dam
2004 3631 2220 3670 manum
2247 3629 2262 3679 ;
2293 3613 2448 3685 42],
2486 3612 2850 3667 inﬂammabo.
2885 3612 2948 3665 Et
2984 3627 3088 3680 qua
3116 3611 3184 3666 de
3212 3611 3420 3667 causa?

156 3705 276 3756 Ἵνα
311 3699 558 3771 καθαρὸν
592 3695 876 3762 ἀποδείξω.
919 3695 1075 3748 Οὕτω
1116 3695 1435 3765 θυμοῦταιὸ
1475 3694 1626 3757 Θεὸς,
1659 3693 1747 3747 ἵνα

1851 3706 1920 3762 Ut
1953 3721 2145 3776 purum
2191 3706 2433 3761 reddam.
2466 3704 2544 3758 lta
2573 3704 2839 3758 irascitur.
2855 3704 3021 3764 Deus.
3064 3711 3125 3756 ut
3157 3703 3420 3756 beneﬁcia

153 3793 501 3864 εὐεργετήσῃ
543 3792 671 3853 τοὺς
724 3786 1102 3860 ἁμαρτωλούς.
1133 3787 1227 3854 ξΟὺ
1255 3786 1364 3870 γάρ
1413 3787 1493 3848 εἰς
1556 3785 1746 3853 ἀφανι-

1849 3804 1902 3856 in
1949 3812 2270 3871 peccatores
2328 3799 2596 3854 conferat.
2645 3798 2764 3852 Non
2819 3797 2967 3852 enim
3020 3797 3084 3850 ad
3143 3796 3420 3850 interitum

156 3886 301 3958 σμδν
331 3884 554 3946 κολάζει
573 3898 589 3914 ο
634 3881 772 3935 ἀλλά
797 3879 1041 3933 παιδεύει
1072 3881 1150 3943 εἰς
1177 3878 1569 3950 ἐπανόρθωσιν.
1616 3877 1744 3930 Ἐπ-

1849 3894 2055 3964 plectit,
2107 3892 2201 3946 sed
2253 3891 2485 3960 castigat
2537 3891 2602 3944 ad
2658 3889 3115 3944 emendationem.
3175 3887 3424 3942 Immittit

153 3984 282 4051 ἀγει
311 3981 372 4034 δὲ
405 3979 467 4034 τὸ
517 3979 629 4051 πῦρ
657 3977 816 4032 τοῦτο
863 3978 956 4031 ἐπὶ
976 3977 1036 4030 τὸ
1071 3976 1182 4047 (54)
1227 3977 1546 4046 ἐξαφανίσαι
1572 3975 1634 4028 τὸ
1659 3976 1747 4028 διὰ

1849 3995 2028 4037 autem
2058 3983 2235 4052 ignem
2266 3980 2412 4034 hunc
2445 3979 2513 4033 ad
2559 3993 2682 4033 eum
2721 3978 2898 4046 ignem
2931 3976 3253 4032 abolendum
3277 4018 3291 4042 ,
3329 3975 3418 4044 qui

155 4075 268 4130 τῶν
316 4070 734 4143 πεπυρωμένων
768 4070 940 4140 βελῶν
968 4070 1060 4123 τοῦ
1110 4069 1357 4122 διαϐόλου
1386 4067 1653 4139 ἐμϐληθὲν
1678 4070 1744 4138 τῇ

1849 4075 2030 4146 ignitis
2083 4071 2281 4126 diaboli
2344 4069 2538 4141 jaculis
2605 4070 2657 4123 in
2709 4069 2946 4122 animam
3004 4067 3249 4138 clypeum
3297 4067 3418 4121 ﬁdei

152 4168 331 4238 ψυχῇ,
369 4166 437 4236 τῇ
467 4164 540 4234 μὴ
572 4163 769 4234 ἐχούσῃ
805 4163 900 4215 τὸν
925 4161 1116 4233 θυρεὸν
1137 4161 1239 4230 τῆς
1280 4161 1536 4222 πίστεως,
1651 4162 1751 4229 ἑμ-

1850 4166 1992 4220 haud
2033 4165 2320 4228 habentem
2351 4162 2580 4228 injectus
2607 4169 2690 4214 est
2719 4177 2733 4214 :
2769 4160 2821 4214 in
2853 4174 3014 4228 quam
3049 4174 3170 4212 cum
3199 4158 3417 4223 cecidit,

153 4258 353 4319 πεσὸν,
379 4253 775 4308 κατασϐέννυσι
807 4252 1016 4322 (55)τοῦ
1047 4250 1286 4322 πονηροῦ
1316 4250 1383 4302 τά
1411 4250 1744 4320 τοξεύματα,

1849 4257 2143 4326 exstinguit
2169 4253 2488 4323 nequissimi
2521 4253 2647 4316 tela,
2673 4251 2921 4320 ignisque
2951 4249 3162 4304 divinus
3188 4249 3418 4303 alterius

155 4352 255 4406 καὶ
283 4351 500 4419 γίνεται
532 4348 594 4400 τὸ
646 4346 792 4399 Θεϊον
846 4344 984 4415 πῦρ,
1019 4344 1193 4414 πυρὸς
1237 4342 1424 4412 ἐτέρου
1454 4342 1748 4414 καθάρσιον

1851 4349 1989 4419 ignis
2019 4348 2077 4402 fit
2107 4347 2428 4416 expurgatio
2456 4343 2547 4413 qui
2582 4358 2684 4397 nos
2720 4343 2787 4397 ad
2821 4342 3086 4398 absurdas
3121 4339 3422 4407 noxiasque

157 4443 299 4512 (56),
333 4439 430 4493 τοῦ
458 4441 538 4503 είς
566 4438 828 4509 ἀνοήτους
855 4438 950 4492 καὶ
981 4434 1248 4506 βλαϐερὰς
1274 4437 1425 4506 ἡμᾶς
1456 4434 1748 4504 ἐπιθυμίας
1778 4467 1798 4522 ι

1850 4438 2173 4508 cupiditates
2212 4436 2552 4492 incendebat.
2597 4433 2939 4502 Quapropter
2989 4430 3250 4486 Dominus
3305 4430 3423 4498 ipse

154 4533 502 4594 ἐκκαίοντος.
544 4529 644 4586 Διά
673 4529 831 4583 τοῦτό
878 4545 1042 4598 φησιν
1072 4527 1233 4589 αὐτὸς
1273 4529 1302 4580 ὁ
1344 4525 1580 4596 Κύριος·
1608 4528 1748 4580 Εἰσ-
1782 4521 1793 4522 ί

1850 4532 1927 4584 ait
1951 4546 1965 4583 :
2005 4527 2311 4598 Ingreditur
2329 4528 2479 4597 quasi
2502 4527 2633 4596 ignis
2659 4524 2981 4593 conﬂatorii,
3007 4531 3054 4576 et
3083 4523 3235 4592 quasi
3263 4521 3422 4575 herba

155 4624 479 4693 πορεύεται
517 4620 632 4693 (57)
675 4621 756 4686 ὡς
776 4619 896 4686 πῦρ
931 4619 1356 4686 χωνευτηρίου,
1389 4617 1490 4670 καί
1525 4619 1605 4682 ὡς
1630 4619 1751 4671 πόα

1849 4621 2134 4678 lavantium
2158 4637 2178 4676 :
2197 4631 2244 4676 et
2265 4620 2456 4674 sedebit
2481 4619 2738 4686 con/laus,
2769 4626 2816 4669 et
2841 4614 3153 4676 emundans,
3177 4615 3310 4667 sicut
3334 4630 3423 4666 aro

156 4717 546 4778 πλυνόντων,
571 4713 671 4766 καὶ
722 4711 1006 4765 καθιεῖται
1049 4711 1346 4778 χωνεύων,
1372 4710 1473 4763 καὶ
1507 4710 1749 4777 καθαρί-

1849 4722 2076 4782 genium,
2099 4713 2231 4766 sicut
2261 4721 2310 4767 et
2337 4725 2524 4764 aurum
2545 4707 2612 4762 ⁸⁵.
2641 4707 2844 4775 Ecquid
2890 4705 3017 4758 hinc
3037 4704 3422 4759 emolumenti?

157 4803 294 4868 (tur,
332 4802 415 4867 ὡς
445 4800 512 4854 τὸ
549 4801 852 4869 ἀργύριον,
885 4800 983 4854 καὶ
1027 4800 1107 4864 ὡς
1138 4799 1206 4852 τὸ
1237 4799 1513 4867 χρυσίον.
1558 4801 1666 4853 Καὶ
1694 4800 1775 4867 τί,

1849 4801 2044 4868 Erunt,
2069 4804 2164 4867 ait,
2187 4802 2406 4856 Domino
2433 4801 2703 4869 offerentes
2722 4797 3038 4863 sacriﬁcium
3057 4795 3109 4846 in
3128 4793 3330 4860 iustitia
3351 4795 3418 4846 ".

157 4895 222 4975 τὸ
249 4891 507 4947 ἐντεῦθεν
531 4891 757 4961 δφελος;
791 4893 1092 4956 Ἔσονται,
1118 4891 1270 4962 φησι,
1307 4889 1387 4955 τῷ
1413 4893 1608 4960 Κυρίῳ
1632 4890 1743 4963 (58)

1849 4891 1917 4946 Et
1951 4894 2187 4961 auferam
2223 4909 2398 4947 omnes
2439 4893 2642 4962 iniquos
2687 4890 2778 4943 abs
2826 4898 2893 4942 te.
2921 4883 3212 4941 Confertur
3236 4885 3421 4954 ingens

151 3074 384 3140 ἐπάξειν
413 3073 518 3143 ἔφη
542 3071 642 3143 τὴν
673 3069 917 3124 κόλασιν.

234 5023 285 5054 ⁸¹
334 5023 490 5078 Deut.
520 5039 694 5091 xxxii,
726 5024 818 5078 22.
894 5024 940 5057 ’δ’
961 5024 1220 5090 Joan.m,
1250 5024 1339 5078 18.
1415 5025 1461 5056 ⁸³
1496 5024 1694 5095 Ephes.
1717 5043 1772 5093 ν,

1849 5069 1854 5083 .
1934 5029 1978 5060 ⁸⁸
2003 5029 2228 5084 Malacli.
2257 5045 2342 5094 ιιι,
2370 5028 2426 5084 2.
2501 5028 2547 5060 ⁸⁵
2578 5028 2706 5083 ibid.

260 5157 355 5237 ἐξ)
383 5158 540 5237 illud,
565 5159 849 5237 τοῦ-Θεοῦ,
876 5177 952 5237 ex
985 5163 1160 5218 tribus
1184 5177 1313 5218 mss.
1347 5163 1674 5224 addidimus.
1921 5168 2033 5234 (55)
2069 5167 2342 5237 Scriptum
2375 5168 2644 5237 reperitur
2673 5167 2725 5221 in
2753 5165 3071 5236 quibusdam
3094 5178 3224 5218 mss.
3251 5179 3420 5216 xum-.-

261 5229 358 5294 50)
387 5228 618 5286 Codices
647 5232 775 5294 duo,
799 5235 848 5284 et
871 5232 949 5285 δέ.

1850 5228 2113 5290 σϐεννύει.

235 5298 356 5384 (iii)
390 5299 629 5384 Uterque
667 5302 908 5384 (1011)..οἰ
945 5302 1414 5384 Re-g.ﬁse.cundus,
1449 5302 1543 5357 τοῦ
1586 5303 1744 5358 Θεοῦ.

1919 5309 2032 5384 (56)
2065 5308 2156 5384 _Sic
2204 5307 2444 5376 quinque
2485 5322 2616 5361 mss.
2649 5307 2721 5360 At
2747 5305 2878 5360 editi
2907 5319 3029 5359 cum
3064 5303 3192 5372 Reg.
3238 5303 3417 5368 tertio,

162 5369 229 5424 Al
259 5371 423 5449 tres
452 5385 582 5424 mss.
611 5385 732 5424 cum
763 5373 1047 5449 editis,_rc}3
1081 5373 1222 5444 Θεῷ.

1849 5369 2239 5449 καθαρτήριον.
2354 5369 2370 5376 ’
2433 5444 2445 5449 Δ
2613 5445 2626 5449 _
2701 5445 2714 5449 _
2845 5445 2856 5449 _
2981 5444 3012 5449 η
3146 5369 3169 5372 ⁷
3326 5443 3340 5449 _
3417 5373 3422 5379 ’

240 5438 358 5524 (52.)
383 5439 592 5524 iiut-sus
618 5438 1090 5524 uterque_Colb.Iet
1114 5438 1245 5510 ltég.
1270 5446 1555 5524 secundus,
1575 5445 1742 5496 παύε-

1918 5438 2030 5524 (5‘1)
2063 5438 2166 5502 P'ro
2194 5444 2569 5518 εἰσπορεύεται
2613 5445 2811 5516 legitur
2844 5445 2898 5499 in
2930 5444 3099 5498 tribus
3139 5459 3291 5508 mss.,
3323 5443 3420 5496 tx-

163 5508 775 5588 raeﬂﬁdi‘tinreroncuni
812 5511 932 5588 aliis
965 5513 1137 5588 tribus
1164 5508 1326 5588 _rnss.,
1357 5512 1642 5581 παύσεται.

1849 5508 2155 5588 πορεύεται.

559 5579 737 5661 ’τέλος
786 5581 949 5652 φησί’
980 5584 1078 5638 sed
1119 5584 1274 5650 illud,
1311 5573 1468 5655 ἒρησί,
1492 5573 1660 5639 ’ἀθεεὶ
1686 5584 1738 5637 in

169 5652 414 5715 antiquis
451 5652 626 5704 libris.

177 5697 215 5718 r—
241 5697 889 5812 isij‘Codice's-quatuor,
917 5720 1016 5810 τῷ.
1037 5697 1139 5780 Alii
1164 5723 1415 5798 duo-cuin
1447 5723 1625 5797 editis,
1658 5723 1740 5799 ad.

1917 5583 2029 5658 (58)
2068 5588 2295 5642 Codices
2342 5595 2472 5649 tres,
2496 5587 2748 5658 Ἔσονται
2776 5585 2898 5658 -γάρ
2941 5584 3018 5658 τῷ
3056 5583 3270 5658 Κυρίῳ.
3314 5583 3418 5638 Alii

1849 5655 1977 5727 tres,
2005 5655 2277 5724 Ἔσονται,
2309 5658 2458 5728 φησι,
2498 5657 2574 5727 τῷ
2603 5655 2738 5726 Θεῷ.
2775 5656 2914 5712 Editi
2945 5657 3020 5711 uti
3054 5657 3106 5711 in
3133 5662 3415 5712 contextu.
