3828 6216
420 282 534 339 2-19

1379 280 1728 348 APPENDIX
1762 279 2047 348 OPERUM
2086 288 2146 343 S.
2185 284 2432 342 BASlLll
2468 283 2701 343 MAGNI.

3580 285 3694 340 220

426 399 749 457 beneﬁcium
772 404 988 469 animae,
1012 419 1131 474 qua:
1153 420 1404 477 perverse
1422 411 1819 479 praesidentium
1837 425 1991 466 causa

2107 404 2515 475 προσάγοντες
2562 405 2784 459 θυσίαν
2812 402 2883 458 ἐν
2917 402 3295 472 δικαιοσύνῃ.
3334 403 3694 473 Καισάρελῶ

426 492 728 548 abalienata
760 506 842 551 est
874 512 904 550 a
939 497 1074 562 Deo,
1103 513 1225 553 cum
1253 501 1321 555 ab
1350 515 1415 554 ea
1443 500 1763 557 auferuntur
1798 502 1992 570 iniqui.

425 583 634 642 Idcirco
662 587 922 643 Ecclesiae
957 598 1160 644 statuta
1195 605 1289 647 eos
1327 593 1418 662 qui
1453 593 1505 647 in
1549 594 1838 663 prohibitis
1871 608 1998 663 pec-

423 676 564 733 catis
595 688 723 733 sunt
754 680 1107 749 deprehensi,
1140 697 1169 736 a
1202 684 1415 752 reliquo
1446 699 1674 755 corpore
1703 694 1995 755 separant,

425 783 495 823 ne
535 769 805 840 paululum
861 771 1114 827 fermenti
1156 776 1598 845 conspersionem
1650 785 1816 831 totam
1872 791 1997 831 cor-

424 870 640 931 rumpat
663 861 731 915 “.
768 862 954 933 Itaque
988 865 1077 920 Dei
1110 867 1234 921 boni
1263 876 1347 922 est
1377 882 1407 922 e
1436 868 1633 937 populo
1671 867 1860 922 tollere
1890 868 1996 921 ini-

423 965 579 1020 quos.
610 951 727 1007 Non
763 955 905 1008 enim
943 956 1113 1025 iniqui
1160 971 1262 1010 una
1291 972 1412 1010 cum
1453 960 1660 1014 sanctis
1691 968 1875 1013 sancta
1911 958 1996 1011 in-

421 1043 773 1110 gredientur,
848 1046 1116 1115 siquidem
1167 1049 1530 1103 ventil'abrum
1575 1059 1658 1105 est
1719 1050 1771 1103 in
1829 1064 1995 1103 manu

421 1134 635 1189 Domini
665 1135 734 1188 ⁸⁷.
769 1134 873 1191 Sed
909 1139 1002 1206 qui
1046 1155 1189 1194 nunc
1234 1155 1263 1192 a
1313 1141 1508 1210 popqu
1542 1150 1900 1208 segregantur
1938 1148 1997 1193 ut

420 1223 617 1294 iniqui,
659 1241 721 1281 ea
757 1242 878 1296 qua:
916 1229 1071 1291 liunt,
1105 1231 1391 1298 tranquille
1421 1231 1622 1294 ferunt,
1654 1231 1796 1284 haud
1832 1228 1995 1283 intel-

418 1302 651 1384 Iligentes
698 1319 885 1374 istlttec
922 1334 1108 1374 eorum
1150 1336 1270 1376 esse
1319 1322 1546 1389 figuram
1570 1360 1586 1385 ,
1623 1336 1744 1391 quae
1779 1321 1831 1374 in
1883 1330 1996 1374 tre-

421 1406 621 1459 mendo
649 1406 742 1461 Dei
770 1407 976 1474 judicio
1003 1420 1259 1463 eventura
1292 1422 1436 1465 sunt.
1466 1411 1635 1474 Quam
1671 1418 1852 1464 autem
1883 1410 1998 1463 exi-

422 1496 619 1549 tiosum
651 1498 721 1552 sit
754 1499 967 1568 iniquos
1016 1503 1084 1554 ab
1124 1513 1186 1553 ea
1218 1517 1338 1570 qua:
1376 1504 1455 1556 eis
1492 1502 1595 1554 fuit
1637 1518 1758 1556 cum
1795 1502 1997 1554 sanctis

424 1585 628 1641 Christi
661 1591 925 1645 membris
960 1592 1221 1646 societate
1251 1608 1356 1646 non
1403 1595 1666 1663 separari,
1706 1591 1995 1661 Apostolus

421 1678 738 1747 declaravit,
758 1697 879 1736 cum
909 1682 1219 1739 Corinthios
1245 1686 1508 1754 increpuit
1529 1686 1668 1754 quod
1700 1701 1803 1738 non
1837 1684 1997 1737 luxis-

2100 497 2331 564 πάντας
2358 498 2621 566 ἀνόμους
2666 497 2784 551 ἀπὸ
2817 496 2952 550 σοῦ.
2996 497 3217 565 Μεγαλη
3258 497 3545 568 εὐεργεσία
3582 498 3693 568 ψυ-

2099 593 2190 662 χῇ,
2221 593 2287 661 τῇ
2316 589 2466 660 παρὰ
2488 590 2587 659 τὴν
2628 589 2807 642 αἰτίαν
2840 588 2951 660 (59)
2978 589 3087 642 τῶν
3126 589 3312 653 κακῶς
3339 591 3690 662 προϊσταμέ-

2099 700 2208 736 νων
2235 685 2317 746 είς
2346 683 2489 736 Θεοῦ
2528 682 2881 753 ἀλλοτρίωσιν
2922 682 3252 758 ὲκπεσούσῃ,
3289 684 3348 738 τὸ
3374 683 3690 757 ἀφαιρεθῆο

2098 792 2188 828 ναι
2214 775 2387 846 αὐτῆς
2419 775 2547 839 τοὺς
2571 774 2823 844 ἀνόμους.
2864 772 2964 828 Διὰ
2996 775 3154 828 τοῦτο
3204 776 3298 830 καὶ
3331 777 3379 829 οἱ
3426 777 3557 848 περὶ
3582 774 3689 848 τὴν

2110 866 2437 935 Ἐκκλησίαν
2467 866 2628 919 τύποι
2647 866 2772 931 τοὺς
2805 868 2862 919 ἐν
2888 866 3356 939 ἀπηγορευμένοις
3379 867 3689 939 παραπτὼ-

2101 974 2265 1026 μασιν
2297 957 2625 1028 εὑρεθέντας
2681 957 2971 1029 χωρίζουσι
3022 957 3114 1010 τοῦ
3165 957 3351 1012 λοιποῦ
3402 957 3684 1029 σώματος,

2098 1049 2188 1102 ἵνα
2221 1048 2295 1118 μὴ
2332 1048 2503 1119 μικρὰ
2539 1048 2685 1119 ζύμη
2723 1049 2843 1102 ὅλον
2883 1050 2944 1102 τὸ
2988 1049 3214 1121 φύραμα
3249 1049 3479 1122 δολώσῃ.
3511 1051 3687 1105 Ὥστε

2099 1140 2240 1193 κατά
2268 1141 2472 1210 ἀγαθον
2493 1141 2625 1194 Θεόν
2646 1143 2759 1194 ἐστι
2791 1143 2850 1195 τὸ
2879 1142 3095 1210 ἀφελεῖν
3115 1143 3348 1212 ἀνόμους
3380 1144 3489 1197 ἀπὸ
3518 1143 3682 1198 λαοῦ.
3740 1126 3747 1133 “

2096 1234 2173 1284 Οὐ
2207 1232 2317 1303 γὰρ
2348 1235 2398 1285 oi
2426 1232 2616 1303 ἄνομοι
2646 1234 3137 1287 συνεισελεύσονται
3163 1238 3276 1297 τοῖς
3297 1236 3473 1304 ἁγίοις
3504 1238 3588 1299 είς
3609 1234 3684 1289 τὰ

2096 1322 2247 1389 ἅγια,
2306 1323 2536 1394 ἐπείπερ
2600 1323 2662 1376 τὸ
2709 1323 2879 1377 πτύον
2924 1326 2982 1377 ὲν
3012 1328 3078 1395 τῇ
3133 1326 3275 1396 χειρὶ
3312 1324 3411 1378 τοῦ
3445 1325 3682 1397 Κυρίου.

2109 1412 2248 1464 Ἀλλ’
2273 1413 2323 1466 οἱ
2348 1412 2444 1465 νῦν
2474 1413 2550 1475 ὡς
2582 1414 2772 1483 ἄνομοι
2800 1413 3154 1487 χωριζόμενοι
3176 1415 3269 1469 τοῦ
3291 1415 3444 1480 λαοῦ,
3483 1416 3689 1487 πράως

2097 1504 2322 1574 φέρουσι
2346 1504 2413 1557 τὰ
2450 1504 2765 1573 γιγνόμενα,
2788 1505 2849 1557 οὐ
2886 1505 3153 1570 νοοῦντες,
3196 1507 3279 1560 ὅτι
3306 1506 3476 1570 τύπος
3504 1507 3685 1560 ταῦτα

2094 1594 2200 1645 τῶν
2225 1596 2282 1647 ὲν
2308 1597 2418 1657 τοῖς
2452 1594 2700 1665 φοϐεροῖς
2723 1595 2952 1665 κρίμασι
2977 1595 3072 1648 τοῦ
3103 1596 3240 1649 Θεοῦ
3269 1598 3680 1668 γενησομένων.

2108 1685 2296 1756 Ἡλίκη
2344 1687 2403 1739 δὲ
2442 1686 2612 1756 βλάϐη
2661 1686 2737 1739 το
2771 1686 2844 1757 μὴ
2882 1689 3230 1759 ἀφαιρεῖσθαι
3274 1689 3402 1752 τοὺς
3440 1688 3684 1759 ἀνόμους

420 1779 562 1833 sent,
587 1781 644 1824 ut
672 1774 739 1826 ab
758 1773 888 1842 ipsis
920 1774 1228 1830 auferretur
1250 1779 1341 1845 qui
1361 1777 1902 1846 perpetraratmalnm
1922 1776 1986 1830 ⁸⁸.

2101 1776 2193 1846 τῆς
2245 1777 2380 1849 πρὸς
2428 1777 2497 1830 τὰ
2554 1779 2685 1846 ἅγια
2721 1778 2856 1849 μέλη
2904 1778 2998 1830 τοῦ
3047 1779 3283 1848 Χριστοῦ
3326 1779 3683 1851 ὲπιμιξίας,ό

419 1857 744 1926 Ἀπόστολος
765 1864 1050 1936 ἐδήλωσεν,
1099 1867 1367 1939 ἐπιτιμῶν
1399 1868 1725 1941 Κορινθίοις,
1763 1868 1894 1921 διότι
1925 1869 2025 1921 οὐκ
2062 1869 2387 1940 ἐπένθησαν,
2412 1871 2497 1923 ἵνα
2521 1870 2719 1942 ἐξαρθῇ
2747 1871 2839 1923 ἀπ’
2864 1872 3039 1924 αὐτῶν
3067 1874 3095 1925 ὁ
3147 1871 3208 1925 τὸ
3245 1873 3480 1944 πονηρὸν
3511 1876 3684 1944 ἔργα·

421 1954 491 2006 σά
499 1972 675 2024 μενος.

491 2048 580 2102 56.
639 2048 802 2105 Vens.
852 2051 943 2107 26.
998 2052 1064 2106 Et
1112 2054 1387 2108 instituam
1433 2056 1640 2124 judices
1687 2066 1805 2109 tuos
1857 2063 1993 2108 sicut

417 2140 588 2208 prius.
642 2141 822 2207 Quare
871 2145 1086 2199 omissis
1140 2148 1360 2216 reg‘bus
1412 2147 1657 2201 meminit
1710 2147 1991 2216 judicum,

416 2228 628 2284 etiamsi
659 2231 799 2285 inter
818 2247 970 2302 reges
999 2236 1239 2287 nonnulli
1267 2238 1625 2304 principatum
1655 2237 1707 2290 in
1734 2237 1988 2307 populum

423 2317 762 2373 obtinuerint
801 2335 921 2373 cum
963 2322 1122 2377 laude
1140 2324 1167 2376 ?‘
1205 2326 1285 2378 An
1327 2327 1584 2394 quoniam
1618 2325 1859 2394 judieum
1898 2326 1994 2379 ad-

417 2409 750 2464 ministratio
781 2412 1002 2467 liberior
1027 2425 1167 2479 erat,
1202 2431 1322 2485 qua:
1358 2418 1423 2470 ad
1460 2433 1555 2472 cos
1582 2428 1768 2487 suapte
1798 2427 1991 2473 natura

415 2499 723 2566 pertinebat
750 2542 764 2566 ,
801 2506 941 2571 quod
985 2507 1212 2575 populus
1263 2509 1375 2563 suis
1420 2521 1701 2581 regeretur
1746 2512 1989 2581 legibus,

416 2588 697 2659 Deumque
742 2594 915 2647 solum
963 2613 1142 2664 regem
1190 2611 1507 2667 agnosceret
1558 2618 1572 2654 :
1612 2603 1663 2654 in
1715 2612 1989 2670 posterum

415 2692 547 2734 vero
581 2695 647 2734 ex
679 2685 895 2752 prepria
931 2686 1141 2741 illorum
1180 2691 1485 2744 temeritate
1523 2701 1685 2760 atque
1714 2694 1986 2756 amentia,

416 2769 651 2826 instituti
685 2786 812 2829 sunt
851 2778 1045 2845 reges?
1079 2778 1439 2845 Quamobrem
1483 2792 1596 2835 tum
1635 2798 1755 2837 cum
1802 2798 1993 2838 cumu-

417 2858 662 2916 iarenlur
710 2865 1019 2932 beneficiis,
1068 2884 1245 2938 opera:
1293 2872 1523 2940 pretium
1561 2883 1679 2926 erat
1733 2877 1879 2944 ipsos
1923 2876 1989 2930 ad

419 2963 619 3009 statum
650 2954 857 3010 felicem
890 2962 1108 3015 reverti.
1140 2961 1211 3014 Ea
1244 2964 1308 3017 de
1338 2979 1498 3016 causa
1528 2965 1829 3020 libertatem
1865 2970 1990 3037 ipsis

415 3043 653 3114 largiens
683 3062 788 3100 non
822 3064 999 3115 reges,
1029 3053 1121 3105 sed
1142 3050 1351 3119 judices
1381 3056 1755 3110 instituturum
1787 3073 1844 3112 se
1871 3075 1989 3114 esse

415 3136 685 3203 pollicitus
712 3149 817 3192 est.
850 3139 972 3194 Non
998 3143 1140 3195 enim
1168 3160 1258 3196 rex
1279 3158 1387 3196 erat
1418 3146 1468 3198 in
1498 3146 1689 3209 Israel,
1717 3150 1806 3201 sed
1831 3167 1994 3204 unus-

414 3228 634 3296 quisque
677 3233 815 3297 quod
849 3241 960 3283 erat
993 3243 1192 3286 rectum
1218 3235 1273 3286 in
1301 3234 1466 3287 oculis
1491 3238 1637 3303 suis,
1668 3237 1894 3305 faciebat
1919 3240 1988 3293 ⁸³.

2092 2075 2101 2086 ο
2169 2049 2258 2106 56.
2286 2050 2397 2102 Καὶ
2426 2050 2734 2117 ἐπιστήσω
2758 2050 2896 2117 τοὺς
2918 2048 3116 2119 κριτάς
3140 2064 3256 2103 σου
3277 2049 3352 2115 ὡς
3380 2048 3445 2102 τὸ
3468 2050 3687 2118 πρότε-

2088 2159 2223 2211 ρον.
2251 2140 2349 2193 Διὰ
2374 2141 2425 2193 τί
2453 2141 2696 2211 ὑπερϐὰς
2724 2140 2850 2203 τοὺς
2875 2139 3131 2210 βασιλεῖς,
3157 2138 3265 2192 τῶν
3285 2137 3486 2209 κριτῶν
3516 2139 3686 2208 ὲμνή-

2097 2231 2197 2303 σθη
2227 2248 2240 2294 ;
2268 2231 2446 2283 καίτοι
2480 2231 2573 2283 καὶ
2621 2232 2678 2282 ὲν
2712 2229 3021 2301 βασιλεῦσιν
3053 2225 3193 2300 ἦσαν
3232 2245 3396 2291 τινες,
3428 2229 3478 2280 οί
3516 2228 3681 2279 ἐπαι-

2094 2322 2262 2384 νετῶς
2294 2320 2554 2391 ἄρξαντες
2578 2320 2672 2373 τοῦ
2701 2320 2851 2375 λαοῦ.
2889 2321 2959 2373 Ἦ
2985 2322 3066 2373 ὅτι
3094 2321 3126 2390 ἡ
3156 2320 3296 2373 κατὰ
3330 2320 3454 2382 τοὺς
3483 2318 3684 2388 κριτὰς

2094 2414 2341 2467 πολιτεία
2372 2411 2797 2484 ὲλευθεριωτέρα
2817 2407 2906 2481 ἦν,
2932 2411 3074 2464 κατὰ
3102 2409 3265 2478 φύσιν
3293 2411 3478 2473 αὐτοῖς
3499 2410 3682 2481 ὑπάρ-

2095 2524 2284 2578 χουσα,
2334 2502 2799 2576 αὐτονομουμένου
2851 2503 2943 2556 τοῦ
2989 2502 3141 2566 λαοῦ,
3200 2503 3292 2556 καὶ
3326 2503 3459 2557 Θεὸν
3508 2503 3678 2573 μόνον

2098 2599 2319 2671 βασιλέα
2351 2598 2706 2667 γνωρίζοντος
2732 2612 2745 2625 ·
2792 2597 2824 2666 ή
2859 2596 2922 2666 δὴ
2960 2595 3068 2648 τῶν
3096 2593 3361 2664 βασιλέων
3404 2594 3679 2651 natam-

2097 2707 2180 2752 σις
2211 2687 2435 2757 ὕστερον
2463 2689 2525 2739 ἐκ
2566 2687 2663 2757 τῆς
2695 2685 2831 2748 ἰδίας
2867 2684 3122 2748 ἀϐουλίας
3151 2683 3330 2736 αὐτῶν
3359 2683 3675 2752 ἐπεγένετο.

2095 2776 2243 2830 Ἔδει
2276 2773 2368 2830 οὖν
2406 2775 2892 2846 εύεργετουμένους
2932 2774 3024 2826 ἐπὶ
3055 2771 3153 2843 τὴν
3200 2770 3477 2843 μακαρίαν
3513 2773 3683 2826 κατώ-

2094 2883 2282 2921 στασιν
2336 2865 2668 2919 ἐπανελθεῖν.
2717 2862 2815 2916 Διὰ
2865 2862 3021 2918 τοῦτο
3073 2862 3193 2930 οὐχὶ
3248 2859 3507 2931 βασιλεῖς,
3537 2860 3679 2915 ἀλλὰ

2091 2957 2284 3028 κριτὰς
2317 2958 2628 3027 ἐπιστήσειν
2669 2953 3054 3024 ἐπηγγείλατο.
3097 2951 3455 3023 χαριζόμενος
3487 2953 3677 3015 αὐτοῖς

2090 3048 2151 3101 τὸ
2201 3047 2525 3118 ἐλευθέριον.
2577 3049 2659 3100 Οὺ
2705 3045 2816 3118 γὰρ
2856 3042 2935 3114 ἦν
2963 3044 3354 3110 βασυεὺςέν
3393 3043 3671 3113 Ἰσραὴλ,

2092 3139 2227 3193 ἀλλ’
2265 3138 2521 3202 ἕκαστος
2546 3134 2613 3188 τὸ
2648 3135 2820 3201 εὑθὲς
2855 3135 2967 3202 (60)
3010 3134 3080 3187 ἐν
3114 3133 3443 3202 ὀφθαλμοῖς
3484 3133 3676 3187 αὑτοῦ

2091 3230 2296 3283 ἐποίει.
2330 3228 2396 3282 Ἣ
2444 3227 2629 3298 ἐπειδὴ
2661 3227 2842 3280 οὐκέτι
2877 3225 3140 3296 βασιλέων
3192 3225 3384 3297 καιρὸς
3408 3222 3476 3295 ἦν
3525 3227 3670 3293 μετὰ

414 3321 497 3371 An
522 3321 648 3388 quia
677 3336 781 3373 non
804 3322 1035 3390 amplius
1058 3334 1177 3377 erat
1201 3334 1411 3395 tempus
1438 3343 1622 3396 regum
1646 3338 1765 3397 post
1795 3331 1991 3385 adven-

2101 3318 2189 3391 τὴν
2228 3318 2518 3389 ἐπιδημίαν
2552 3318 2646 3371 τοῦ
2670 3316 2920 3388 ἀληθινοῦ
2954 3316 3247 3381 Βασιλέως,
3281 3314 3473 3385 κριτὰς
3501 3316 3677 3385 ἐπηγ-

417 3418 530 3463 tum
566 3412 678 3466 veri
721 3412 917 3483 Regis,
954 3415 1073 3469 ideo
1111 3416 1324 3483 judices
1369 3420 1641 3488 prioribus
1689 3422 1828 3475 haud
1888 3423 1987 3475 im-

414 3516 574 3569 pares
601 3502 851 3557 daturum
882 3520 939 3560 se
971 3508 1217 3573 promisit
1246 3508 1270 3561 ?
1306 3510 1559 3562 nimirum
1595 3512 1802 3564 Domini
1829 3511 1991 3566 disci-

415 3593 605 3661 pulos,
641 3594 707 3648 de
734 3596 932 3664 quibus
963 3599 1165 3651 dictum
1195 3610 1320 3653 est:
1355 3599 1617 3654 Sedcbitis
1651 3618 1807 3667 super
1853 3604 1990 3656 duo-

414 3684 586 3737 decim
618 3686 831 3740 thronos
854 3688 1193 3757 ,judicautes
1216 3692 1490 3745 duodecim
1523 3693 1692 3748 tribus
1727 3693 1894 3748 Israel
1920 3696 1987 3749 ⁵⁰.

485 3774 575 3828 57.
614 3774 682 3827 Et
713 3779 1041 3832 consiliarios
1065 3790 1184 3833 tuos
1206 3782 1339 3834 sicut
1364 3781 1430 3835 ab
1450 3783 1626 3838 initio.
1652 3783 1861 3839 Rursus
1900 3785 1988 3840 hic

412 3872 604 3913 eorum
628 3860 877 3917 libertate
901 3858 1138 3931 servata,
1159 3869 1235 3920 ait
1262 3871 1613 3937 praibiturum
1641 3888 1699 3927 se
1727 3888 1833 3928 non
1858 3888 1992 3941 pra?-

415 3946 640 4015 fectum,
664 3955 757 4006 scd
775 3944 1168 4012 consiliarium.
1191 3958 1476 4029 Proprium
1501 3978 1731 4032 namque
1754 3966 1892 4030 regis
1908 3975 1992 4019 est

416 4039 690 4108 imperare
719 4043 978 4111 subjectis
1018 4066 1032 4101 :
1071 4051 1368 4104 consiliarii
1398 4067 1548 4117 vero,
1586 4055 1737 4107 utilia
1767 4064 1820 4108 et
1857 4070 1991 4109 con-

417 4129 674 4185 ducibilia
706 4138 1035 4202 persuadere
1080 4139 1147 4193 iis
1174 4140 1265 4208 qui
1301 4142 1531 4196 consilio
1563 4152 1806 4200 utuntur.
1855 4144 1988 4199 Nam

415 4224 788 4293 tinusqu’isque
833 4228 960 4295 quid
982 4243 1117 4297 opus
1145 4229 1307 4302 422
1340 4233 1409 4287 sit
1449 4234 1772 4303 deceatque,
1807 4251 1903 4304 per
1932 4252 1992 4292 se

417 4309 821 4377 deprehendere
838 4333 942 4372 non
964 4328 1158 4387 potest.
1178 4322 1540 4388 Quamobrem
1562 4325 1834 4380 beneﬁcus
1854 4328 1991 4382 Deus

415 4401 511 4455 dat
531 4406 889 4476 consiliarios,
914 4428 1017 4467 non
1046 4424 1226 4469 autem
1249 4417 1519 4474 dominos.
1565 4418 1753 4488 Itaque
1789 4430 1845 4475 et
1871 4423 1991 4489 qui-

414 4489 548 4547 libet
581 4507 826 4553 nostrum
869 4516 927 4555 se
948 4517 1052 4557 non
1078 4512 1137 4558 ut
1166 4506 1462 4575 principem
1484 4548 1499 4573 ,
1529 4510 1621 4563 sed
1657 4519 1714 4562 ut
1736 4511 1992 4565 consilia-

2093 3410 2305 3479 γείλατο
2330 3409 2585 3482 παρέξειν
2624 3408 3038 3480 παραπλησίους
3076 3410 3190 3470 τοῖς
3223 3407 3510 3478 πρότερον,
3538 3408 3675 3470 τοὺς

2098 3502 2213 3572 (61)
2250 3501 2497 3572 μαθητὰς
2519 3499 2614 3552 τοῦ
2640 3500 2866 3572 Κυρίου,
2893 3500 3018 3569 περὶ
3044 3492 3118 3552 ὧν
3144 3497 3379 3569 εἴρηται,
3409 3498 3491 3552 ὃτι
3519 3498 3679 3551 Καθ-

2092 3594 2274 3659 ήσετε
2299 3594 2396 3646 ἐπὶ
2450 3590 2678 3646 δώδεκα
2734 3593 3005 3660 θρόνους,
3047 3591 3354 3658 κρίνοντες
3400 3589 3504 3654 τὰς
3560 3587 3677 3642 δώ-

2094 3686 2239 3740 δεκα
2260 3686 2459 3755 φυλὰς
2481 3685 2587 3739 τοῦ
2637 3683 2899 3754 Ἰσραήλ.

2165 3778 2251 3831 57.
2283 3777 2392 3831 Καὶ
2430 3775 2570 3841 τοὺς
2609 3778 2996 3848 συμϐούλους
3018 3791 3133 3830 σου
3158 3776 3238 3843 ὡς
3273 3775 3340 3830 τὸ
3368 3776 3673 3845 ἁπαρχῆς.

2095 3869 2263 3925 Πάλιν
2296 3867 2527 3921 ἐνταῦθα
2549 3867 2608 3920 τὸ
2626 3867 2967 3931 αὐτεξούσιον
3011 3868 3195 3931 αὐτοῖς
3219 3868 3515 3933 διασώζων,
3544 3869 3676 3939 οὐχὶ

2093 3962 2186 4014 τὸν
2219 3958 2615 4032 προτάσσοντα,
2679 3958 2815 4012 ἀλλὰ
2866 3958 2958 4012 τὸν
3001 3958 3433 4029 συμϐουλεύοντα
3486 3960 3679 4024 αὐτοῖς

2096 4051 2199 4122 ἔφη
2238 4048 2591 4120 παρέξεσθαι.
2638 4049 2910 4113 Βασιλέως
2963 4049 3061 4119 μὲν
3105 4049 3215 4122 γὰρ
3261 4050 3411 4113 ἴδιον,
3441 4052 3674 4105 ἐπιτάσ-

2098 4161 2209 4197 σειν
2257 4145 2367 4206 τοῖς
2405 4140 2760 4214 ἀρχομένοιςο
2813 4141 3114 4212 συμϐούλου
3149 4141 3227 4206 δὲ,
3271 4142 3476 4195 πείθειν
3529 4144 3673 4216 ὑπὲρ

2093 4234 2202 4287 τῶν
2248 4232 2632 4304 συμφερόντων
2672 4232 2798 4294 τοὺς
2837 4230 3252 4301 βουλευομένους
3277 4230 3408 4302 (62).
3451 4233 3525 4284 Οὐ
3558 4232 3673 4303 γὰρ

2095 4324 2373 4394 αὐτάρκης
2404 4322 2632 4384 ἕκαστος
2660 4322 2751 4391 ἀφ’
2785 4319 2977 4373 ἑαυτοῦ
3013 4319 3286 4392 εὑρίσκειν
3310 4321 3372 4373 τὸ
3394 4321 3533 4376 δέον.
3570 4323 3672 4376 Διὰ

2092 4413 2249 4467 τοῦτο
2263 4412 2562 4484 εὐεργετῶν
2577 4414 2604 4463 ὁ
2620 4413 2750 4474 Θεὸς
2770 4410 3126 4482 συμϐούλους,
3140 4409 3255 4463 ἀλλ’
3274 4411 3394 4481 οὐχὶ
3424 4411 3673 4478 ἐξουσια-

2096 4506 2225 4570 στὰς
2259 4505 2488 4559 δίδωσιν.
2529 4505 2688 4557 Ὥστε
2728 4505 2820 4558 καὶ
2862 4503 3017 4575 ἡμῶν
3055 4503 3284 4566 ἕκαστος
3324 4504 3398 4574 μὴ
3450 4504 3527 4568 ὡς
3568 4505 3671 4574 ἄρ-

415 4583 556 4636 rium
579 4591 777 4657 populo
800 4604 829 4643 a
854 4590 1082 4648 Domino
1119 4597 1301 4650 datum
1327 4612 1445 4653 esse
1471 4601 1762 4655 existimet.
1805 4600 1990 4672 Itaque

2101 4613 2258 4666 κοντα
2290 4596 2496 4659 ἑαυτὸν,
2542 4594 2656 4648 ἀλλ’
2701 4594 2776 4657 ὡς
2810 4592 3107 4665 σύμϐουλον
3153 4591 3304 4663 παρὰ
3331 4594 3537 4664 Κυρίου
3584 4594 3672 4646 δεο

412 4676 693 4745 prophetae
718 4693 927 4747 omnes,
954 4686 1316 4742 conducibilia
1346 4690 1661 4756 suadentes,
1687 4692 1837 4747 fuere
1856 4662 1987 4747 eon-

2101 4662 2314 4759 δομένον
2340 4687 2419 4759 τῷ
2445 4687 2560 4757 λαῷ
2596 4662 2910 4753 λογιζέσθω.
2941 4686 3148 4749 Πάντες
3171 4662 3262 4738 οὖν
3288 4684 3339 4737 οἱ
3365 4662 3666 4756 προφῆται,

416 4764 627 4832 siliarii,
664 4778 718 4823 et
738 4779 862 4827 ante
890 4789 983 4829 eos
1006 4776 1237 4847 Moyses.
1263 4779 1442 4845 Quare
1470 4781 1630 4846 Deus,
1652 4784 1704 4837 in
1729 4784 1984 4850 pupulum

415 4853 734 4931 beneﬁcus},
763 4861 1050 4932 'prioribus
1082 4869 1410 4926 consiliariis
1454 4888 1615 4941 pares
1656 4874 1791 4929 alios
1837 4876 1987 4929 exci-

2095 4782 2143 4834 οί
2176 4780 2244 4835 τὰ
2292 4780 2637 4853 συμφέροντα
2693 4778 3139 4850 παραινέσαντες,
3191 4776 3514 4847 σύμϐουλον
3571 4778 3668 4831 καὶ

2098 4874 2204 4947 πρὸ
2254 4873 2471 4928 πάντων
2522 4872 2747 4943 Μωσῆς.
2803 4870 3225 4943 Παραπλησίους
3274 4865 3367 4923 οὖν
3418 4872 3534 4930 τοῖς
3561 4871 3669 4923 ἀπ-

486 4994 534 5027 ⁸⁶
569 4995 592 5052 l
621 4997 747 5056 Cor.
782 5017 841 5070 ν,
871 5004 948 5075 6.]
1020 5006 1067 5040 ⁸⁷
1106 5007 1295 5064 Matth.
1324 5026 1410 5076 ιιι,
1437 5011 1527 5067 12.
1601 5013 1646 5046 ⁸⁸
1684 5014 1704 5069 Ι
1734 5015 1860 5070 Cor.
1890 5031 1939 5082 r,
1968 5016 2024 5071 2.
2100 5017 2147 5049 δ’
2185 5014 2358 5072 Judic.
2390 5031 2522 5083 svn,
2564 5017 2628 5083 6;
2661 5031 2780 5079 xxt,
2806 5015 2894 5069 9.4.
2974 5014 3019 5046 '°
3059 5012 3250 5069 Matth.
3285 5028 3399 5075 xu,
3437 5012 3529 5067 28.

487 5134 601 5209 (59)
631 5134 985 5217 Pro_vulgata
1041 5140 1297 5217 lectione,
1337 5146 1404 5214 τῇ
1425 5145 1621 5217 αἰτίᾳ,
1653 5162 1684 5203 e
1717 5149 1989 5203 codicibus

415 5209 855 5283 ms_s_.___et_lendum
888 5214 1219 5283 curavimus,
1250 5209 1582 5283 chvﬁiciav.‘

489 5276 601 5355 (fill)
622 5278 919 5355 Ἕκαστος
933 5280 1000 5333 τὸ
1016 5276 1329 5355 ευθές-ίειό.
1350 5282 1713 5355 Unusquisque
1725 5298 1963 5344 rectum.
1973 5329 1989 5345 .

417 5345 665 5423 facietia‘t.
701 5349 779 5423 Ita
811 5345 1027 5419 qucque
1078 5353 1131 5405 in
1164 5345 1402 5423 'Vulgata
1455 5345 1638 5410 Judic.
1672 5373 1806 5421 xvn,
1842 5359 1898 5421 6,
1936 5370 1992 5413 ct

417 5417 679 5498 Ill‘trlL241
718 5417 1084 5498 Unusquisque
1124 5424 1262 5498 quod
1285 5417 1398 5478 'sibi
1446 5437 1660 5498 rectum,
1693 5417 1802 5481 etc.
1833 5417 1986 5498 Apud

417 5483 561 5561 l_.X_X
596 5502 728 5544 vero
772 5483 1006 5561 utroque
1055 5493 1108 5546 in
1135 5483 1278 5545 'loco
1308 5508 1406 5560 pro
1447 5508 1578 5549 voce
1618 5483 1845 5561 ἕκαστος
1882 5483 1986 5554 'vox

418 5555 558 5626 ἁνήρ
605 5562 864 5634 ponitur;
911 5555 1050 5634 ἆνὴρ
1098 5561 1169 5634 το
1197 5555 1372 5627 εὐθές,
1411 5572 1518 5618 etc.
1575 5563 1664 5618 Vir
1698 5555 1839 5634 quod
1876 5580 1988 5622 erat

420 5639 640 5709 Lectum.
679 5669 692 5682 .
722 5666 737 5682 .
765 5667 780 5683 .
829 5632 1073 5709 faciebat.
1129 5633 1322 5709 Vocem
1373 5641 1662 5709 utramque
1709 5632 1988 5709 conjunxit

421 5693 810 5766 Theodoretus,
830 5693 984 5769 deiqp
1012 5701 1240 5767 ἕκαστος
1268 5703 1327 5757 τὸ
1361 5693 1607 5775 ἀρεστόν.

2165 5150 2277 5220 (6|)
2321 5150 2499 5205 Codex
2552 5149 2643 5203 Fr.
2679 5151 2701 5204 i
2741 5147 3097 5220 cumueditis,
3141 5147 3292 5216 παρὰ
3319 5145 3468 5211 τούς.
3504 5147 3665 5203 Deest

2096 5217 2488 5293 naptit'imaliis
2517 5229 2754 5293 quatuor
2791 5217 3082 5293 codicibus,
3121 5220 3342 5293 rectius.

2164 5285 2278 5363 (Βῖ)
2296 5285 2551 5363 rVariant‘
2581 5289 2826 5363 hoeloco
2863 5287 2981 5341 libri
3007 5295 3243 5363 geteres.
3270 5285 3428 5363 Regii
3454 5285 3663 5355 primus

2093 5374 2145 5415 et
2172 5354 2395 5424 tertius,
2432 5360 2558 5423 τοὺς
2592 5358 2966 5429 βουλομένους,
2999 5354 3302 5410 Consiliarii
3339 5364 3420 5409 est
3441 5354 3662 5424 persua-

2095 5438 2216 5485 dere
2243 5430 2550 5484 volentibus.
2584 5430 2687 5482 Alii
2721 5432 2825 5482 duo
2852 5441 3005 5491 mss.,
3040 5440 3268 5494 quorum
3317 5440 3457 5479 unus
3486 5429 3660 5494 prima

2095 5517 2287 5575 manu,
2320 5501 2458 5553 alter
2480 5500 2775 5575 __se_cunda,
2826 5498 3057 5575 perinde
3079 5504 3137 5548 ut
3186 5495 3338 5559 editi,
3374 5495 3503 5575 τοὺς
3532 5494 3659 5575 βου.

2094 5569 2434 5691 λευοὲιένους.
2473 5567 2625 5622 Colh.
2659 5568 2861 5637 primus
2914 5576 2968 5622 et
3021 5565 3154 5636 Reg.
3213 5566 3500 5630 secundus,
3534 5565 3664 5635 τοὺς

2097 5657 2205 5691 συυ.
2243 5638 2643 5691 ουλευομένους.

2097 5657 2159 5691 συ
2168 5638 2428 5710 μϐουλευο
2434 5638 2591 5709 μένου
2598 5655 2643 5701 ς.
