3828 6216
154 316 257 372 εει

1037 312 1393 375 COMMENT.
1433 312 1503 368 IN
1538 312 1770 371 lSAlAM
1806 309 2249 368 PROPHETAM.
2288 308 2439 366 CAP.
2479 306 2522 363 1.

3293 303 3402 361 223

151 431 335 502 αρχῆς
398 430 725 500 συμοούλοις
752 428 865 501 (63)
903 431 1249 502 ἀναστήσειν,
1282 429 1585 502 εὐεργετῶν
1647 428 1738 483 τὸν

1852 424 2085 481 laturum
2122 440 2183 482 se
2210 424 2520 494 pollicetur,
2557 434 2752 492 nempe
2803 420 3081 492 apostolos
3131 428 3186 476 et
3230 436 3400 478 evan-

152 525 307 589 λαὸν,
348 528 379 579 6
429 525 633 597 Κύριος
668 526 1084 594 ἐπαγγέλλεται.
1122 526 1249 589 τοὺς
1282 524 1610 587 ἀποστόλους
1640 524 1734 577 καὶ

156 617 574 687 εὐαγγελιστάς,
595 612 707 679 οἷος
741 612 809 688 ἦν
839 618 867 669 6
888 617 1098 682 Παῦλος
1136 616 1456 687 σύμϐουλος,
1492 618 1521 669 6
1555 615 1735 669 διάκο-

155 724 249 770 νος
276 708 379 778 τῆς
408 702 619 776 Καινῆς
666 706 960 777 Διαθήκης,
1011 706 1183 775 λέγων
1207 723 1221 737 ·
1252 704 1508 775 Γνώμην
1553 705 1621 758 δὲ
1649 704 1736 758 δι-

154 797 325 867 δωμι,
350 799 433 864 ὠς
464 797 800 867 ἠλεημένος
823 800 943 853 ὑπὸ
966 800 1209 866 Κυρίου.
1244 799 1473 868 Μεγάλη
1501 796 1558 851 δὲ
1581 796 1736 866 εὐερ-

154 891 321 959 γεσία
365 889 671 961 συμϐούλου
697 890 959 962 φρονίμου
989 891 1084 944 καὶ
1120 889 1377 953 εὐνοϊκῶς
1401 890 1614 960 ἔχοντος
1640 905 1737 940 πα-

157 982 377 1053 ρουσία,
430 980 874 1053 ἀναπληροῦντος
916 981 978 1034 τὸ
1017 982 1118 1052 τῆς
1178 981 1441 1044 συνέσεως
1492 980 1734 1034 ἐλλεῖπον

155 1070 267 1125 τῶν
318 1070 745 1141 βουλευομένων.
799 1071 963 1125 Ὅσον
1017 1072 1075 1124 δὲ
1119 1073 1228 1125 ἀπὸ
1273 1072 1372 1143 τῆς
1426 1071 1734 1142 συμϐουλῆς

156 1163 374 1231 ϐφελος,
427 1164 668 1225 δείκνυσι
723 1163 957 1234 μάλιστα
1016 1165 1274 1234 Μωῦσῆς,
1319 1167 1348 1216 ὁ
1386 1163 1535 1235 πάσῃ
1567 1166 1732 1232 Αιγυ-

157 1254 334 1312 πτίων
383 1254 548 1333 σοφία
577 1252 880 1317 παιδευθεὶς
926 1255 1058 1325 (64),
1103 1255 1132 1307 6
1162 1254 1237 1324 τῷ
1276 1255 1395 1325 Θεῷ
1430 1254 1735 1324 διαλεγόμε-

110 1376 131 1419 ς,
158 1358 269 1403 νος.
298 1342 380 1406 ὡς
414 1342 484 1395 ἂν
525 1343 580 1394 εῖ
611 1362 695 1407 τις
739 1343 944 1414 λαλήσῃ
994 1345 1145 1412 φίλος
1182 1344 1339 1414 φίλῳ.
1374 1338 1543 1407 Οὗτος
1577 1342 1735 1396 ἔλαϐε

109 1418 132 1440 ’⁸
158 1434 391 1503 γνώμην
420 1434 573 1504 παρὰ
606 1434 698 1488 τοῦ
740 1434 1004 1506 πενθεροῦ
1040 1435 1204 1507 οιύτοῦ
1248 1434 1450 1507 Ἱοθὼρ,
1476 1435 1617 1488 ὥστε
1644 1451 1738 1488 κα-

157 1524 427 1595 ταστῆσαι
457 1524 570 1595 (65)
615 1526 924 1597 χιλιάρχους
950 1527 1043 1579 καὶ
1075 1527 1505 1598 ἑκατοντάρχους
1532 1526 1623 1580 καὶ
1654 1526 1738 1579 δε-

160 1614 403 1685 κάρχους
427 1616 520 1668 ἐπὶ
548 1616 626 1686 τῷ
654 1617 859 1688 κρίνειν
897 1617 988 1671 τὸν
1016 1617 1162 1671 λαόν.
1196 1621 1308 1672 Καὶ
1334 1617 1497 1671 Δαϐὶδ
1519 1617 1577 1670 δὲ
1600 1634 1737 1687 συμ-

157 1702 339 1774 ϐούλῳ
371 1705 640 1777 ἐχρήσατο
663 1705 740 1776 τῷ
770 1707 961 1769 Χουσὶ,
992 1707 1059 1760 δι’
1079 1702 1139 1761 οὗ
1163 1706 1473 1760 διεσκέδασε
1507 1723 1738 1778 στρατη-

1835 517 2090 588 gelistas;
2122 516 2298 586 qualis
2351 513 2696 572 consiliarius
2736 522 2857 568 erat
2913 511 3148 580 Paulus,
3206 511 3400 568 Testa-

1835 609 2003 662 menti
2053 608 2187 681 Novi
2222 607 2564 673 administer,
2608 604 2837 660 dicens:
2889 603 3180 658 Comitium
3224 615 3402 658 autem

1835 701 1925 758 do.
1954 710 2202 768 tanquam
2235 697 2654 753 misericordiam
2684 707 2997 751 consecutus
3023 712 3056 748 ιι
3078 694 3300 750 Domino
3328 694 3397 749 ⁸³.

1835 789 2031 860 Ingens
2061 799 2240 844 autem
2289 787 2614 843 beneﬁcium
2667 787 2956 856 praesentia
2988 794 3075 841 est
3114 785 3401 855 prudentis

1836 895 1901 934 ac
1945 879 2193 934 benevoli
2234 878 2572 942 consiliarii,
2610 892 2733 931 eum
2766 877 3138 945 intelligentia:
3162 876 3399 944 pruden-

1837 972 2032 1041 tiaeque
2058 971 2297 1039 inopiam
2352 970 2406 1023 in
2463 969 2531 1023 iis
2567 970 2658 1040 qui
2690 970 2976 1024 consilium
3011 968 3236 1037 capiunt
3269 980 3401 1034 sup-

1836 1061 2003 1130 pleat.
2038 1061 2251 1128 Quanta
2296 1069 2478 1113 autem
2515 1060 2585 1115 sit
2637 1060 2849 1114 consilii
2881 1059 3089 1114 utilitas
3115 1100 3131 1125 ,
3161 1057 3404 1113 ostendit

1837 1156 1923 1208 vel
1954 1155 2202 1221 (maxime
2250 1152 2493 1223 Moyses,
2526 1151 2675 1205 omni
2707 1151 3083 1222 Egyptiorum
3135 1149 3404 1220 sapientia

1836 1246 2085 1300 eruditus
2120 1246 2204 1309 ⁵²;
2252 1247 2345 1313 qui
2407 1243 2786 1313 alloquebatur
2827 1244 3029 1307 Deum,
3074 1241 3297 1311 perinde
3338 1253 3404 1293 ac

1837 1337 1883 1391 si
1912 1337 2035 1407 quis
2066 1336 2278 1390 amicus
2304 1350 2430 1403 cum
2464 1336 2642 1389 amico
2683 1333 3000 1400 loqueretur
3028 1332 3093 1384 ⁵³.
3128 1329 3226 1384 Hic
3252 1344 3281 1382 a
3311 1343 3402 1383 so-

1838 1445 1963 1487 cero
1997 1446 2097 1486 suo
2135 1429 2327 1483 Jotbor
2352 1428 2561 1497 accepit
2591 1426 2884 1483 consilium
2911 1463 2927 1487 ,
2970 1424 3044 1476 ita
3096 1429 3154 1474 ut
3200 1420 3404 1474 consti-

1840 1522 2006 1575 tuerit
2044 1520 2320 1584 tribunos,
2360 1518 2712 1573 centuriones
2745 1524 2801 1569 et
2824 1514 3168 1577 decuriones,
3201 1510 3289 1579 qui
3317 1524 3406 1577 po-

1838 1614 2024 1683 pulum
2059 1613 2373 1681 jndicarent
2401 1610 2467 1664 ³⁸⁸.
2501 1609 2639 1676 Quin
2664 1618 2719 1662 et
2760 1607 2929 1662 David
2961 1606 3124 1661 Chusi
3168 1619 3301 1659 usus
3322 1612 3408 1657 est

1840 1705 2156 1760 consiliario
2176 1744 2189 1764 ,
2225 1720 2324 1774 per
2357 1719 2518 1772 quem
2548 1701 2836 1770 dissipavit
2868 1699 3102 1753 militare
3124 1696 3406 1751 consilium

157 1794 324 1865 γικὴν
375 1793 604 1867 γνώμην
658 1796 753 1849 τοῦ
801 1798 1100 1867 Ἀχιτόφελ.
1159 1800 1271 1851 Καὶ
1307 1799 1443 1861 ὅλως
1494 1798 1637 1868 ίερόν
1682 1813 1735 1849 τι

1852 1798 2245 1868 \cbitopbel".
2272 1797 2338 1850 Et
2369 1797 2422 1850 in
2448 1809 2659 1849 summa
2681 1834 2695 1858 ,
2732 1807 2887 1847 sacra
2918 1790 3163 1861 quaedam
3196 1803 3297 1843 res.
3323 1796 3408 1839 est

156 1889 398 1957 πρᾶγμα
424 1889 461 1959 ἡ
500 1887 799 1958 συμϐουλὴ,
836 1887 1059 1960 γνώμης
1103 1890 1314 1954 ἓνωσις,
1344 1890 1567 1959 ἀγάπης
1593 1905 1734 1960 καρ-

160 1980 281 2043 πδς,
345 1980 846 2052 ταπεινοφροσύνης
903 1981 1193 2045 ἀπόδειξις.
1269 1979 1576 2044 Ἀλαζονεία
1627 1979 1735 2051 γὰρ

157 2069 331 2142 δεινὴ.
366 2072 428 2125 τὸ
455 2072 680 2143 μηδενὸς
709 2071 914 2127 οἴεσθαι
953 2073 1197 2145 χρῄζειν,
1230 2072 1344 2125 ἀλλ’
1372 2070 1549 2141 ἑαυτῷ
1577 2087 1738 2140 προσ-

158 2162 304 2231 ἐχειν
331 2160 409 2225 ὡς
450 2163 594 2233 μόνῳ
616 2164 685 2217 τὰ
716 2164 983 2234 κράτιστα
1014 2162 1402 2234 βουλεύσασθαι
1431 2162 1735 2231 δυναμένῳ.

171 2253 368 2323 Ἡμεῖς
394 2253 455 2313 δὲ
478 2253 742 2325 όκνοῦμεν
765 2255 991 2318 ἑαυτοὺς
1017 2253 1289 2308 ἐπιδοῦναι
1320 2257 1430 2317 τοῖς
1447 2255 1516 2308 τὰ
1551 2255 1739 2308 δέοντα

156 2345 603 2415 είσηγουμένοις,
642 2346 735 2399 καὶ
772 2345 1139 2416 αἰσχυνόμεθα
1174 2346 1301 2408 τοὺς
1340 2346 1739 2415 συνετωτέρους

156 2436 319 2507 ἡμῶν
346 2436 492 2489 κατὰ
535 2437 627 2490 τὸν
658 2436 772 2507 βίον
791 2437 1095 2508 ὁμολογεῖν.
1130 2438 1364 2491 Ἔπειτα
1411 2439 1440 2488 6
1478 2436 1568 2490 τὸν
1611 2436 1740 2507 σύμ-

157 2527 356 2589 ϐουλον
402 2530 710 2598 ἀναμένων,
758 2529 852 2582 καὶ
884 2532 998 2592 τοῖς
1043 2529 1193 2594 ἰδίοις
1229 2529 1507 2600 λογισμοῖς
1551 2529 1740 2600 καιρὸν

156 2619 404 2681 δίδωσιν.
447 2622 505 2672 ἐν
531 2620 708 2690 χρόνῳ
745 2620 951 2673 πλείονι
996 2621 1135 2691 μετά
1179 2619 1412 2691 βασάνου
1452 2621 1547 2674 κα)⁵
1579 2637 1742 2692 προσο

155 2712 294 2781 οχῆς
322 2710 641 2780 ἀνιχνεῦσαι
668 2710 730 2764 τὸ
758 2710 896 2765 δέον.

231 2886 324 2941 58.
359 2886 471 2941 Καὶ
487 2890 637 2956 μετὰ
662 2887 846 2942 ταῦτα
875 2888 984 2961 (66)
1009 2887 1290 2957 κληθήσῃ
1321 2889 1497 2954 πόλις
1524 2886 1743 2941 δικαιο-

155 2980 387 3047 σύνης,
412 2983 783 3047 μητρόπολις
812 2980 996 3048 πιστὴ
1015 2979 1185 3033 Σιών.
1221 2979 1459 3044 Ἔδειξεν
1484 2981 1563 3043 εἰς
1594 2982 1743 3033 ποῖον

158 3070 538 3141 καταλήγουσι
577 3071 728 3133 τέλος
764 3073 819 3124 αἱ
854 3070 993 3124 κατὰ
1039 3069 1201 3141 μέρος
1230 3069 1558 3141 εὐεργεσίαι.
1599 3069 1741 3123 Ἀντὶ

156 3158 272 3230 γὰρ
294 3158 392 3212 τοῦ
436 3159 545 3213 τῶν
582 3160 851 3230 φονευτιῖω
881 3156 1021 3213 εἶναι
1058 3160 1231 3225 πόλιν,
1273 3161 1426 3224 πόλις
1466 3159 1742 3214 δικαιοσύ-
1769 3127 1815 3190 C

157 3262 289 3317 νης·
320 3247 420 3299 καὶ
447 3248 566 3301 ἀντὶ
601 3247 695 3301 τοῦ
736 3248 907 3320 πόρνη
970 3249 1143 3313 πόλις,
1181 3249 1546 3322 μητρόπολις·
1589 3267 1746 3304 τουτ-

158 3339 303 3403 έστι,
323 3338 422 3390 καὶ
450 3338 637 3402 ἄλλαις
658 3338 768 3411 (67)
797 3339 1182 3412 καθηγουμένη
1211 3341 1347 3412 πρὸς
1370 3340 1743 3414 σωφροσύνην.

158 3430 276 3486 Καὶ
309 3430 476 3483 πάλιν
526 3430 715 3501 πιστὴ.
742 3433 878 3503 ὅπερ
912 3428 980 3502 ἦν
1014 3432 1121 3504 πρὸ
1150 3432 1245 3486 τοῦ
1294 3433 1634 3504 βεϐηλῶσθαι
1677 3436 1743 3488 ὲκ

158 3521 262 3593 τῆς
292 3521 570 3593 πορνείας.
624 3522 689 3575 Ἠ
719 3518 812 3576 οῦν
834 3525 948 3587 τοῖς
993 3524 1295 3594 πρέπουσιν
1329 3526 1495 3596 έαυτῇ
1523 3525 1749 3595 κόσμοις

159 3612 588 3682 κεκοσμημένη,
625 3613 952 3683 συμϐούλοις
979 3630 1040 3665 τε
1073 3614 1168 3667 καὶ
1197 3617 1428 3686 κριταῖς,
1461 3617 1494 3685 ἡ
1529 3616 1587 3667 ὲν
1614 3616 1749 3686 Χρι-

162 3702 281 3772 στῷ
354 3702 672 3773 Ἐκκλησία..
730 3703 1062 3775 μητρόπολις
1122 3705 1188 3758 ἂν
1240 3704 1591 3776 χρηματίζοι,
1638 3699 1749 3759 οἷον

160 3794 425 3857 ἀποικίας
454 3794 605 3858 τινάς
636 3794 731 3848 τοῦ
764 3795 908 3849 κατά
929 3795 1060 3849 Θεὸν
1088 3796 1203 3866 βίου
1235 3797 1366 3867 παρ’
1388 3798 1587 3868 ἑαυτῆς
1615 3798 1751 3851 ἁπο-

163 3883 485 3937 στέλλουσα.
513 3885 673 3940 Μετὰ
695 3889 802 3954 γὰρ
825 3887 1106 3954 κρίματος
1128 3886 1465 3952 σωθήσεται
1488 3889 1525 3956 ἠ
1541 3890 1751 3957 αἰχμα-

160 3975 371 4029 λωσία
412 3973 621 4042 αὐτῆς,
669 3976 768 4028 καὶ
804 3978 957 4044 μετὰ
1001 3978 1442 4046 ἐλεημοσύνης.
1500 3980 1663 4034 Οὐδὲν
1692 3982 1751 4035 ὲν

160 4069 283 4129 τοῖς
305 4067 420 4120 ἄνω
452 4066 579 4143 περὶ
611 4065 885 4135 πολεμίων
916 4067 1211 4137 αἰσθητῶν,
1242 4068 1365 4123 οὐδὲ
1399 4071 1527 4140 περὶ
1554 4071 1753 4141 αἰχμα-

162 4161 361 4213 λώτων
398 4159 589 4222 εἰπὼν,
638 4159 737 4231 τὴν
782 4161 1223 4219 ἀποκατάστασιν
1264 4162 1436 4232 αὐτῆς
1477 4164 1752 4234 αἰχμαλω-

1842 1889 2166 1954 consilium,
2202 1890 2544 1944 voluntatum
2595 1896 2679 1940 est
2716 1884 3040 1949 consensio,
3073 1883 3278 1936 fructus
3327 1879 3409 1934 di-

1841 1981 2097 2036 lectionis
2136 2020 2155 2045 ,
2206 1980 2532 2035 humilitatis
2597 1985 2997 2047 argumentum.
3064 1970 3406 2028 Intoleranda

1841 2087 2079 2142 namque
2126 2072 2439 2143 arrogantia
2470 2080 2589 2134 est,
2620 2070 2938 2124 existimare
2971 2080 3029 2122 se
3052 2065 3252 2120 nullius
3278 2077 3406 2130 ege~

1839 2181 1901 2220 re
1932 2184 1946 2219 :
1979 2166 2071 2221 sed
2112 2166 2213 2221 sibi
2251 2172 2513 2218 attentum
2540 2176 2661 2215 esse
2710 2161 2860 2230 quasi
2904 2158 3050 2214 solus
3079 2157 3179 2212 sibi
3204 2155 3408 2224 optima

1841 2272 2072 2327 quaeque
2126 2258 2298 2326 possit
2351 2256 2604 2310 suadere.
2649 2252 2767 2308 Non
2819 2260 2998 2305 autem
3037 2261 3288 2303 veremur
3339 2245 3410 2299 iis

1842 2348 1933 2416 qui
1978 2347 2047 2401 de
2097 2345 2277 2403 ollicio
2310 2353 2596 2407 moneant,
2626 2358 2725 2398 nos
2777 2341 2925 2410 ipsos
2951 2337 3220 2408 subjicere
3250 2375 3265 2401 ,
3298 2336 3411 2389 imo

1842 2438 2009 2509 pudet
2050 2454 2150 2493 nos
2189 2437 2433 2492 conﬁteri
2480 2435 2614 2490 illos
2654 2434 2708 2488 in
2738 2430 2956 2485 vivendi
2997 2430 3203 2483 ratione
3252 2425 3414 2480 nobis

1843 2542 1966 2582 esse
1996 2526 2399 2597 prudentiores.
2424 2524 2505 2579 Ad
2539 2525 2654 2577 haec
2685 2522 2779 2591 qui
2818 2525 3110 2587 exspectat
3147 2515 3376 2571 consilia
3399 2540 3412 2549 ε

1844 2622 1985 2673 rium
2010 2657 2026 2682 ,
2064 2614 2581 2672 ratiocinationibus
2615 2613 2728 2668 suis
2776 2612 2954 2665 locum
2992 2608 3116 2672 dat,
3160 2618 3219 2659 ut
3279 2618 3416 2658 tem-

1845 2724 1976 2778 pore
2004 2708 2332 2762 diuturniori
2366 2722 2427 2761 ea
2475 2721 2594 2775 qua:
2624 2705 2861 2768 decent,
2902 2717 3027 2756 cum
3078 2697 3329 2754 examine
3357 2703 3415 2751 et

1847 2799 2151 2854 attentione
2172 2799 2483 2865 investiget.

1916 2891 2007 2946 58.
2039 2892 2104 2943 Et
2150 2899 2266 2959 post
2297 2892 2408 2944 haec
2440 2889 2703 2943 vocaberis
2731 2888 2913 2941 civitas
2943 2882 3190 2953 justitia',
3222 2889 3418 2933 metro—

1853 2983 1989 3053 polis
2024 2982 2197 3049 ﬁdelis
2245 2979 2396 3036 Sion.
2434 2980 2629 3034 Docuit
2658 2979 2713 3032 iu
2745 2993 2903 3046 quem
2940 2975 3144 3028 exitum
3199 2969 3419 3040 singula

1848 3074 2117 3129 beneﬁcia
2151 3073 2421 3128 desinant.
2455 3070 2589 3125 Nam
2633 3086 2697 3124 ex
2744 3068 3137 3124 homicidarum
3192 3064 3421 3117 civitate

1848 3167 2053 3222 civitas
2091 3164 2184 3220 ﬁet
2227 3164 2489 3234 iustitiae,
2519 3172 2575 3218 et
2612 3178 2680 3218 ex
2712 3162 2941 3217 civitate
2990 3155 3281 3212 meretrice
3326 3154 3419 3207 ﬁet

1848 3258 2216 3329 metropolis:
2262 3257 2367 3312 hoc
2397 3264 2523 3319 est,
2567 3256 2710 3309 viam
2747 3254 2872 3308 aliis
2922 3251 3085 3305 etiam
3129 3251 3195 3301 ad
3237 3245 3416 3300 couti-

1855 3350 2098 3406 nentiam
2131 3347 2607 3404 commonstrabit.
2637 3347 2703 3401 Et
2737 3359 2927 3399 rursus
2968 3341 3143 3395 ﬁdelis
3173 3337 3366 3393 evadet
3396 3351 3423 3388 ξ

1858 3442 1912 3496 id
1937 3442 2081 3511 quod
2109 3440 2260 3511 prius
2289 3449 2406 3494 erat
2430 3453 2591 3508 quam
2628 3434 2935 3491 meretricio
2955 3444 3121 3501 Opere
3147 3428 3417 3484 contami-

1850 3544 2099 3588 naretur.
2159 3532 2349 3601 Itaque
2401 3547 2463 3587 ea
2517 3545 2637 3599 quae
2682 3530 2734 3582 in
2768 3526 2986 3583 Christo
3035 3532 3120 3577 est
3174 3518 3421 3575 Ecclesia

1855 3624 2201 3679 convenienti
2233 3623 2337 3677 sibi
2372 3621 2517 3677 cultu
2546 3620 2844 3683 adornata;
2867 3615 3124 3669 nimirum
3160 3608 3425 3667 consilia-

1851 3718 1951 3770 riis
1977 3723 2033 3770 et
2062 3714 2359 3784 iudicibus,
2390 3710 2655 3781 appellari
2717 3705 3034 3777 metropolis
3082 3704 3321 3774 poterit,
3359 3709 3422 3753 ut

1851 3821 1973 3876 quae
2004 3820 2073 3860 ex
2131 3821 2190 3862 se
2242 3804 2407 3861 veluti
2458 3803 2719 3873 quasdam
2756 3799 2858 3853 viae
2913 3796 3213 3852 secundum
3247 3793 3418 3847 Deum

1851 3896 2198 3951 instituenda».
2243 3894 2486 3949 colonias
2530 3894 2765 3949 emittat.
2800 3888 2966 3942 Vens.
3008 3887 3103 3940 27.
3130 3883 3273 3938 Nam
3302 3898 3422 3936 cum

1844 3987 2051 4057 judicio
2078 3986 2370 4040 salvabitur
2412 3985 2690 4052 captivitas
2734 3982 2923 4050 ipsius,
2961 3988 3010 4033 et
3061 3993 3179 4032 cum
3209 3975 3422 4031 miseri-

1853 4078 2058 4131 cordia.
2112 4076 2246 4132 Cum
2304 4076 2505 4131 nullam
2540 4076 2595 4129 in
2633 4073 3005 4142 superioribus
3060 4072 3126 4125 de
3179 4068 3416 4123 inimicis

1854 4168 2212 4223 sensibilibus
2238 4206 2255 4232 ,
2287 4176 2380 4221 aut
2410 4168 2477 4222 de
2529 4165 2762 4235 captivis
2814 4163 3146 4218 mentionem
3198 4157 3419 4223 fecerit,

164 4255 297 4317 σίας
338 4254 532 4322 ἄφεσιν
562 4252 759 4322 λέγων,
806 4253 1095 4306 ὑποϐάλλει
1128 4256 1262 4324 ἡμῖν
1314 4258 1475 4319 νοεῖν,
1520 4255 1596 4319 ὡς
1625 4257 1756 4309 ἑκά.

1852 4268 1907 4315 et
1947 4268 2126 4315 tamen
2160 4275 2283 4315 cum
2317 4257 2435 4327 ejus
2463 4258 2864 4312 restitutionem
2907 4269 3006 4309 ceu
3043 4250 3421 4307 liberationem

166 4363 298 4399 στου
336 4343 494 4416 ἡμῶν
536 4343 645 4401 ὑπὸ
685 4343 961 4413 ἁμαρτίαν
992 4344 1301 4413 γινομένου,
1348 4345 1474 4398 ὅταν
1514 4363 1753 4400 κατακυ-

1855 4349 2193 4419 captivitatis
2249 4352 2503 4412 nuntiet,
2555 4347 2799 4417 suggerit
2836 4345 2995 4400 nobis
3033 4352 3091 4397 ut
3146 4340 3420 4409 intelliga-

166 4436 483 4517 ριευθῶμεν
516 4436 624 4488 ὑπὸ
674 4434 769 4487 τοῦ
799 4435 1016 4506 ἐχθροῦ,
1051 4436 1214 4488 οἱονεὶ
1254 4435 1464 4507 δέσμιοι
1500 4437 1612 4507 (68)
1651 4439 1752 4509 τῆς

1857 4455 1979 4493 mus
2013 4455 2137 4505 nos,
2169 4454 2501 4509 unoquoque
2556 4446 2806 4490 nostrum
2858 4435 2913 4488 in
2962 4443 3241 4504 peccatum
3283 4430 3425 4485 inci-

164 4528 454 4601 ἁμαρτίας
477 4526 774 4597 γινόμενοι,
798 4526 891 4579 καὶ
908 4525 1249 4592 ἀπαγόμενοι
1269 4525 1373 4579 ὑπὸ
1394 4526 1487 4579 τοῦ
1515 4526 1750 4599 πονηροῦ

1858 4531 2049 4595 dente,
2089 4547 2212 4587 cum
2249 4531 2501 4585 videlicet
2552 4529 2861 4583 dominatur
2913 4527 3071 4581 nobis
3127 4524 3421 4587 inimicus,

165 4625 252 4685 εἰς
287 4621 351 4674 τὸ
380 4618 737 4690 παραστῆσαι
777 4617 844 4671 τά
888 4618 1022 4689 μέλη
1064 4617 1219 4688 ἡμῶν
1264 4618 1426 4671 δοῦλα
1456 4621 1523 4690 τῇ
1559 4620 1759 4692 ἀνομίᾳ

1857 4626 2066 4692 peccati
2103 4638 2226 4678 esse
2258 4622 2425 4678 veluti
2464 4635 2651 4677 servos
2684 4630 2850 4688 atque
2892 4634 2919 4671 a
2957 4617 3192 4685 maligno
3235 4615 3424 4670 induci

165 4718 251 4777 ej;
271 4713 373 4785 τὴν
401 4712 655 4781 ἀνομίαν.
686 4710 785 4765 Διά
812 4709 971 4768 τοῦτο
1012 4710 1201 4781 κριταὶ
1225 4709 1487 4775 σώζοντες
1514 4710 1643 4784 (69),
1679 4713 1756 4778 ὡς

1854 4723 1915 4768 ut
1958 4716 2298 4784 praebeamus
2328 4714 2573 4768 membra
2620 4719 2803 4766 nostra
2848 4724 3004 4765 serva
3052 4708 3327 4779 iniquitati
3358 4708 3427 4761 ad

240 4880 287 4912 ⁸¹
329 4876 506 4933 lCor.
540 4892 634 4941 vn,
664 4875 755 4930 25.
833 4873 879 4906 "
915 4875 1035 4929 Aet.
1064 4887 1142 4927 vi:
1163 4909 1178 4938 τ
1198 4872 1288 4926 22.
1364 4872 1412 4905 ⁸³
1438 4873 1608 4928 Exod.
1655 4891 1761 4932 xxx

1852 4918 1858 4940 ,
1900 4878 1985 4932 ll.
2062 4877 2108 4911 “
2129 4877 2299 4932 Exod.
2328 4891 2457 4931 xvur
2477 4914 2492 4940 ,
2521 4875 2613 4936 2i.
2635 4874 2727 4929 22.
2802 4873 2848 4905 "
2874 4872 2915 4926 ll
2952 4870 3084 4941 Reg.
3111 4885 3221 4924 xvu
3241 4908 3255 4934 ,
3281 4868 3366 4923 l4.

241 5032 363 5097 (63)
390 5031 586 5101 Nostra
612 5029 779 5101 editio
806 5027 982 5101 Paris.
1022 5042 1143 5083 cum
1182 5028 1354 5101 tribus
1394 5043 1526 5082 mss.
1548 5047 1752 5101 ⁸παρα--

169 5102 441 5173 πλησίους
460 5097 554 5173 οῦν
595 5103 709 5173 eo};
752 5098 1403 5173 dnapxﬁqoowotiigtg.
1457 5098 1563 5153 Alii
1610 5097 1749 5166 tres,

169 5166 587 5244 παραπλησίως-
611 5166 726 5233 οὖν,
768 5166 885 5223 etc.
907 5166 1042 5244 :Segl
1082 5166 1441 5223 Cbmbeﬁsius
1471 5184 1570 5244 suo
1604 5186 1754 5225 more

171 5237 449 5304 emendat,
489 5241 746 5308 legitque,
795 5237 1168 5308 συμϐούλους’
1221 5253 1385 5306 quam
1428 5241 1750 5307 scripturam

171 5312 351 5369 secuti
390 5320 535 5375 sunt,
586 5309 679 5377 qui
758 5308 1000 5361 ultimam
1043 5308 1332 5362 editionem
1384 5308 1750 5362 Parisrensem

170 5382 550 5436 adornandam
574 5385 855 5433 curarunt.
897 5377 962 5430 Et
1004 5393 1105 5433 nos
1131 5393 1367 5446 quoque,
1402 5378 1503 5433 nisi
1536 5380 1753 5434 obesset

171 5462 423 5506 veterum
452 5448 715 5505 librorum
755 5450 1072 5513 auctoritas,
1112 5462 1232 5502 eam
1271 5450 1423 5517 sequi
1459 5462 1567 5502 non
1595 5449 1752 5503 dubi-

171 5532 438 5577 taremus.

244 5589 534 5662 (64)Ει1ἰιί
574 5603 697 5644 cum
728 5588 903 5643 tribus
934 5599 1093 5653 mss.,
1130 5586 1458 5652 παιδευθείς.
1492 5587 1598 5643 Alii
1622 5597 1749 5655 tres,

176 5660 629 5734 πεπεέδειυμένφςο
656 5691 663 5703 ε

249 5731 365 5802 (65)
392 5720 464 5790 Ιιί
478 5720 714 5803 vulgatis
755 5726 910 5786 libris
941 5720 1136 5799 legitur
1169 5726 1509 5799 καταστῆσαι
1549 5728 1710 5786 αὐτόν
1730 5746 1743 5761 θ

1872 5031 1965 5086 sed
1998 5047 2099 5085 vox
2128 5033 2289 5087 αὐτόν
2324 5033 2377 5085 in
2408 5033 2608 5087 nostris
2646 5045 2740 5084 sex
2768 5043 2899 5083 mss.
2939 5028 3109 5082 deest.
3140 5016 3433 5094 Aliquanl0

1860 5112 1980 5171 post
2000 5118 2137 5173 Amss.
2174 5104 2431 5169 nonnulli,
2467 5102 2753 5173 συμϐούλῳ
2786 5099 3004 5173 εχρῆτο.

1930 5170 2041 5238 (66)
2070 5171 2126 5225 In
2156 5174 2393 5241 quinque
2419 5163 2560 5226 'mss'.
2597 5188 2695 5239 pro
2722 5163 2894 5241 ταῦτα
2911 5163 3177 5241 scribitur
3214 5163 3392 5241 τοῦτο.

1931 5237 2043 5312 (67)
2076 5237 2189 5297 Ubi
2213 5245 2264 5296 in
2292 5237 2452 5296 editis
2482 5237 2692 5312 legitur,
2735 5240 2944 5303 ἄλλαις,
2984 5237 3426 5312 scrip_tum_inve_-

1860 5305 2036 5366 nimus
2066 5312 2119 5364 in
2153 5314 2389 5380 quinque
2416 5305 2572 5375 mssf,
2605 5310 2818 5373 ἄλλοις·
2846 5307 3177 5380 ιιυυε-Ιεοιίο
3213 5305 3259 5358 si
3292 5305 3431 5357 reci-

1860 5384 2024 5450 pitur,
2060 5377 2435 5450 subintelligas
2474 5391 2715 5450 oportet.
2749 5377 3436 5450 laoi;._UStatim“uterque

1861 5440 2035 5523 Coll);
2061 5451 2198 5523 ὅπερ
2218 5447 2306 5523 ἧς,
2328 5440 2465 5521 ἤτιοά
2488 5440 2624 5523 (ξι-ιιι.
2650 5449 2789 5523 Editi
2813 5440 2975 5523 etalii
2998 5461 3153 5523 mss.,
3177 5445 3313 5516 ὅπερ
3337 5440 3427 5516 ἦν.

1931 5520 2045 5591 (68)
2076 5516 2300 5576 Codices
2341 5516 2470 5585 tres,
2499 5520 2707 5591 δέσμιοι
2735 5519 2860 5572 ὑπό.
2899 5516 3096 5573 Ibidem
3136 5529 3232 5571 sex.
3271 5529 3440 5581 mss...

1858 5590 2152 5662 γινόμενοι.
2191 5591 2355 5657 Editi,
2392 5590 2692 5662 γενόμενοι.

1929 5650 2041 5730 (6'9)
2073 5661 2164 5715 Sic
2207 5668 2321 5719 tres
2341 5650 2481 5718 'm'ss.
2521 5650 2594 5716 'At
2625 5659 2755 5717 editi
2789 5668 2843 5718 et
2876 5668 2985 5716 tres
3012 5657 3102 5715 alii
3136 5670 3292 5725 mss.,
3326 5650 3436 5709 σώ-
3542 5656 3545 5657 ⁷

1855 5731 2057 5795 ζονται.
