3828 6216
385 272 501 332 223

1341 277 1689 334 APPENDIX
1723 279 2005 339 OPERUM
2044 279 2103 334 S.
2144 275 2392 332 BASILll
2428 263 2663 331 MAGNI.

3541 266 3659 321 2‘24

392 390 732 460 iniquitatem
772 392 842 444 “.
904 391 1167 459 Quocirca
1196 391 1408 461 iudices
1467 398 1658 452 salutis
1718 408 1964 452 auctores

2077 394 2275 466 Βαράκ,
2314 393 2408 446 καὶ
2433 389 2691 462 Σαμψὼν,
2715 387 2808 442 καὶ
2834 384 3060 448 Γεδεὼν,
3081 385 3177 439 καὶ⁵
3216 382 3447 454 Ἰεφθάε,
3474 382 3667 454 ’δαρ-

393 482 551 539 iuere
574 521 592 550 ,
631 484 706 538 uti
743 484 947 547 Barac,
980 485 1247 554 Samson,
1277 487 1523 554 Gedeon,
1554 499 1610 543 et
1636 488 1831 560 Iephte
1863 507 1964 561 pu-

391 578 623 638 gnantes
656 585 755 638 pro
811 569 973 642 523
1010 572 1239 641 populo,
1283 575 1570 646 ipsumque
1614 579 1683 633 ab
1717 579 1965 635 hostibus

391 655 703 713 iiberantes.
742 659 952 717 Idcirco
1001 666 1298 720 consiliarii
1326 682 1446 737 quae
1477 669 1544 723 ad
1583 671 1812 727 salutem
1842 686 1965 741 per-

396 748 663 814 tinerent,
710 753 1056 818 suadebant,
1098 765 1158 810 ut
1207 758 1446 814 civitatis
1490 758 1652 829 hujus
1680 765 1965 832 captivitas

401 838 715 896 efﬁceretur
745 844 909 914 digna
936 861 1057 914 quae
1097 848 1326 905 salutem
1362 863 1821 921 consequeretur:
1861 858 1965 911 hoc

392 931 636 986 estenim
668 933 867 988 salvari
890 952 1009 990 cum
1031 937 1262 1006 judicio,
1297 942 1350 995 id
1383 952 1485 1010 est,
1519 942 1726 1010 judicio
1750 957 1804 1000 et
1829 963 1961 1002 exa-

394 1020 540 1076 mine
571 1023 839 1081 adhibito.
875 1026 1081 1084 Deinde
1123 1032 1383 1100 quoniam
1415 1035 1460 1089 si
1513 1036 1828 1106 iniquitates
1858 1041 1963 1094 ob-

392 1117 726 1184 servaverit,
774 1120 1065 1175 sustinebit
1105 1138 1296 1191 nemo,
1335 1129 1629 1182 connexuit
1656 1131 1966 1187 misericor-

392 1205 534 1259 diam
545 1205 770 1275 judicio,
788 1218 847 1263 ut
865 1213 1252 1269 misericordiae
1283 1224 1646 1286 temperatura
1665 1217 1857 1288 iudicii
1880 1236 1965 1284 se—_

392 1297 675 1353 veritatem
700 1300 990 1369 mitigaret.
1020 1303 1204 1373 Itaque
1231 1304 1603 1374 perjudicium
1628 1310 1808 1366 addita
1835 1312 1966 1367 civi-

394 1390 475 1436 tas
491 1387 881 1455 estcaptivitati
899 1407 912 1444 :
927 1392 1021 1446 sed
1040 1404 1289 1448 revocata
1305 1404 1389 1449 est
1402 1410 1498 1464 per
1514 1399 1961 1473 misericordiam.

464 1472 553 1530 59.
600 1477 758 1534 Vsus.
800 1479 888 1534 28.
923 1480 991 1535 Et
1020 1494 1354 1539 conterentur
1380 1488 1545 1557 iniqui
1578 1500 1625 1543 et
1659 1472 1965 1561 peccatores

393 1566 577 1622 simul.
611 1568 905 1640 Postquam
933 1573 969 1626 ii
1002 1574 1097 1644 qui
1130 1591 1227 1631 sua
1271 1578 1322 1632 in
1345 1579 1636 1649 pristinum
1659 1592 1862 1638 statum
1886 1599 1966 1640 re-

2069 485 2371 558 μαχούντες
2419 482 2513 534 τοῦ
2554 479 2705 543 λαοῦ,
2746 478 3118 550 ἐξαιρούμενοι
3170 475 3278 530 ἀπὸ
3325 473 3435 528 τῶν
3480 473 3661 533 mla;

2070 576 2227 647 μίων.
2275 573 2373 627 Διά
2405 571 2560 624 τοῦτο
2607 569 2899 640 σύμϐουλοι
2934 566 3004 620 τὰ
3071 564 3207 637 πρὸς
3242 563 3522 635 σωτηρίαν
3554 563 3663 632 ὐφ-

2064 660 2378 738 ηγούμενοι,
2403 665 2492 719 ἵνα
2519 659 2645 731 ἀξία
2675 662 2898 731 γένηται
2922 661 2956 731 ἡ
2973 655 3314 729 “multos”
3338 655 3515 725 αὐτῆς
3546 670 3663 707 σω-

2065 757 2255 829 θῆναι·
2302 756 2460 809 τοῦτο
2486 755 2595 826 γάρ
2639 755 2753 806 ἐστι
2774 750 2835 804 τὸ
2856 749 3007 820 μετὰ
3034 749 3314 817 κρίματος
3348 744 3658 814 σωθῆναι,

2064 852 2309 905 τουτέστι
2353 849 2693 920 κεκριμένως
2722 847 2817 900 καὶ
2845 845 3244 916 ἐξητασμὲνως.
3285 837 3420 895 Εἶτα
3454 838 3661 911 ἐπειδὴ

2067 944 2164 1001 ἐὰν
2207 944 2437 1015 ἀνομίας
2477 940 2838 1020 παρατηρήσῃ
2865 936 2997 1010 (70),
3037 936 3211 999 οὐδεὶς
3250 934 3658 1005 ὑποστήσεται,

2066 1036 2271 1107 συνῆψε
2296 1035 2394 1106 τὴν
2422 1031 2789 1105 ἐλεημοσύνην
2809 1029 2887 1100 τῷ
2910 1028 3159 1101 κρίματι,
3191 1027 3279 1080 ἵνα
3308 1028 3369 1080 τὸ
3393 1025 3496 1096 τῆς
3527 1023 3662 1094 κρί-

2069 1143 2208 1189 σεως
2235 1125 2462 1197 ἀκριϐὲς
2492 1122 2740 1193 πραῦνθῇ
2774 1124 2839 1193 τῇ
2875 1122 3161 1192 ἐπικράσει
3197 1123 3264 1190 τῇ
3297 1118 3390 1173 τοῦ
3436 1117 3655 1181 ἐλέους.

2067 1217 2165 1269 Διὰ
2201 1217 2298 1287 μὲν
2319 1212 2412 1269 οὖν
2443 1214 2505 1268 τὸ
2534 1217 2708 1287 κρῖμα
2741 1211 3011 1286 παρεδόθη
3051 1213 3115 1282 τῇ
3148 1208 3528 1282 αἰχμαλωσίαο
3564 1207 3659 1261 διὰ

2068 1308 2126 1361 δὲ
2154 1309 2246 1361 τὸν
2281 1308 2431 1361 ἔλεον
2459 1306 2749 1378 ἀνεκλήθη.

2140 1486 2230 1541 59.
2255 1485 2366 1553 Καὶ
2395 1487 2896 1555 συντριϐήσονται
2931 1489 2986 1540 οἱ
3008 1487 3216 1555 ἄνομοι
3252 1484 3349 1538 καὶ
3373 1485 3428 1536 οἱ
3463 1481 3663 1546 ἁμαρ-

2065 1580 2244 1633 τωλοὶ
2280 1578 2420 1647 ἅμα.
2452 1580 2606 1633 Μετὰ
2646 1580 2707 1632 τὸ
2746 1580 2873 1643 τοὺς
2913 1579 3095 1643 ἀξίους
3125 1578 3226 1648 τῆς
3259 1572 3661 1631 ἀποκαταστά-

401 1657 802 1727 dintegratione
827 1663 975 1736 digni
1003 1674 1162 1733 sunt,
1193 1671 1469 1725 consecuti
1502 1671 1702 1727 fuerint
1735 1675 1961 1731 salutem

2077 1684 2211 1732 σεως
2240 1669 2333 1723 ἐπὶ
2359 1668 2426 1723 τὰ
2460 1668 2518 1736 ἐξ
2553 1669 2729 1741 ἀρχῆς
2774 1669 2912 1740 μετὰ
2950 1669 3214 1740 κρίματος
3253 1664 3512 1736 σωθῆναι,
3556 1661 3661 1715 καὶ

394 1762 517 1801 cum
565 1747 774 1817 judicio
828 1763 883 1807 et
942 1756 1359 1812 misericordia:
1417 1761 1508 1830 qui
1559 1778 1787 1831 prorsus
1840 1777 1965 1821 sunt

2080 1760 2220 1830 μετά
2245 1759 2449 1824 ἐλέους,
2481 1762 2529 1814 oi
2559 1740 2734 1830 πάντη
2778 1759 2989 1831 ἄνομοι,
3020 1760 3112 1813 καὶ
3139 1760 3188 1811 οἱ
3208 1755 3560 1828 ἐπιμένοντες
3582 1753 3657 1822 τῇ

394 1837 602 1907 iniqui,
648 1848 703 1896 et
738 1843 792 1898 in
840 1856 1061 1912 peccato
1103 1860 1485 1918 perseverant,
1511 1851 1860 1908 Conterenlur
1894 1857 1969 1910 si-

394 1929 527 1984 mul.
557 1931 662 1986 Alii
697 1934 913 2002 quidem
935 1976 952 2002 ,
985 1940 1129 2007 quod
1160 1939 1505 1997 Evanuerunt
1532 1944 1589 1998 in
1636 1946 1969 2015 cogitationi-

396 2019 492 2074 bus
525 2024 635 2076 suis
672 2025 760 2081 ‘7:
804 2027 895 2081 alii
945 2045 1110 2095 vero,
1136 2032 1281 2100 quod
1324 2048 1422 2103 per
1448 2036 1583 2106 legis
1619 2036 1965 2093 violationem

393 2108 506 2165 Deo
533 2112 767 2171 dedecus
826 2118 1081 2177 inferunt.
1129 2122 1305 2193 lniqui
1364 2134 1545 2179 autem
1594 2125 1636 2180 ii
1668 2136 1827 2194 sunt,
1873 2127 1966 2197 qui

392 2200 542 2258 nullo
596 2216 755 2274 pacto
791 2208 989 2267 divinis
1035 2213 1243 2284 legibus
1277 2215 1677 2285 obtemperant,
1738 2219 1855 2274 sive
1898 2219 1966 2274 ab

393 2289 530 2358 ipsis
577 2295 905 2363 defecerint,
955 2303 1071 2358 sive
1114 2318 1183 2359 ne
1233 2304 1391 2359 initio
1435 2306 1655 2377 quidem
1706 2309 1774 2363 ad
1821 2310 1967 2378 ipsas

391 2389 763 2456 accesserint;
800 2405 1121 2459 peccatores
1156 2410 1288 2450 vero
1318 2398 1352 2451 ii
1394 2407 1562 2465 sunt,
1594 2400 1685 2468 qui
1724 2400 1966 2456 volentes

393 2486 625 2542 peccant
682 2490 806 2547 post
867 2496 1144 2554 acceptam
1199 2488 1447 2543 veritatis
1496 2491 1854 2559 cognitionem
1893 2493 1962 2550 ⁸⁸.

392 2565 559 2622 Forte
597 2579 777 2625 autem
822 2582 876 2627 et
911 2589 1049 2643 quos
1093 2577 1208 2631 suis
1258 2576 1400 2632 Deus
1432 2577 1604 2633 afﬁcit
1661 2580 1963 2648 beneficiis,

396 2656 589 2713 volens
620 2663 837 2716 eosdem
870 2666 922 2718 in
957 2668 1197 2723 novitate
1227 2669 1350 2724 vitae
1383 2671 1664 2727 ambulare
1687 2714 1702 2739 ,
1732 2676 1966 2730 conterit

396 2745 640 2815 ipsorum
672 2761 912 2807 veterem
959 2755 1258 2811 hominem.
1293 2758 1637 2829 Quapropter
1666 2742 1775 2817 Deo
1803 2765 1967 2819 sacri-

393 2836 575 2906 ﬁcium
602 2852 678 2895 est
696 2845 914 2911 spiritus
940 2849 1197 2915 contritus
1216 2850 1280 2904 ξ’.
1306 2849 1583 2920 Siquidem
1603 2855 1787 2909 mundi
1806 2857 1962 2925 spiri-

396 2938 485 2982 tus
533 2931 624 2998 qui
677 2943 961 3001 peccatum
1016 2937 1277 3015 admisit,
1321 2942 1657 3010 conteritur,
1704 2955 1763 2999 ut
1818 2957 1965 3015 post-

397 3035 560 3088 quam
579 3036 762 3081 teetus
789 3027 965 3081 factus
990 3028 1173 3098 fuerit,
1194 3034 1554 3090 renoveturin
1576 3038 1959 3093 visceribus“.

403 3110 470 3171 Et
503 3117 807 3170 conteritur
839 3110 1124 3174 brachium
1170 3126 1505 3192 peccatoris,
1547 3127 1652 3183 hoc
1686 3138 1811 3193 est,
1839 3145 1962 3198 pee-

399 3205 506 3259 cati
538 3206 621 3262 vis
658 3207 925 3275 etl‘ectrix,
967 3222 1028 3266 ut
1059 3223 1337 3282 quaeratur
1369 3227 1650 3286 peccatum
1683 3219 1862 3287 illius,
1913 3231 1968 3277 et

394 3310 501 3350 non
536 3295 925 3353 inveniatur“.
964 3301 1239 3371 Ejusmodi
1289 3313 1375 3359 est
1409 3315 1464 3360 et
1493 3305 1665 3361 illud:
1692 3306 1807 3377 Ego
1835 3310 1965 3363 occis

397 3389 521 3441 dam
544 3429 560 3453 ,
587 3398 640 3444 et
660 3391 828 3445 vivere
861 3391 1055 3460 faciam
1077 3408 1096 3447 :
1123 3397 1414 3462 percutiam
1434 3436 1449 3459 ,
1479 3406 1527 3450 et
1556 3414 1648 3467 ego
1681 3401 1877 3454 sonabo
1899 3402 1966 3455 ⁸³.

396 3479 624 3536 Occidet
660 3482 803 3538 enim
827 3480 1095 3553 ﬂagitiose
1122 3486 1419 3553 viventem,
1448 3495 1508 3542 ut
1541 3488 1684 3549 mala
1716 3491 1825 3546 vita
1855 3493 1967 3561 jam

396 3583 694 3654 expurgatu
714 3616 731 3640 ,
761 3590 957 3630 novam
992 3577 1040 3631 ei
1077 3576 1296 3632 tribuat.

467 3664 557 3720 60.
592 3665 725 3720 Eam
749 3665 820 3720 ob
852 3682 965 3723 rem
1007 3665 1357 3723 Conterentur
1383 3669 1554 3741 iniqui
1578 3680 1630 3725 et
1666 3681 1969 3741 peccatores

399 3754 602 3820 simul,
644 3762 707 3809 ut
759 3755 1066 3812 reiractarii
1101 3766 1156 3812 et
1197 3758 1619 3828 inobsequentes
1660 3777 1781 3818 esse
1821 3764 1969 3818 desi-

398 3854 550 3901 nant.
581 3844 651 3899 Et
679 3848 772 3916 qui
797 3847 1186 3919 dereliquerunt
1222 3850 1527 3915 Dominum.
1568 3863 1966 3909 consumantur.

400 3934 669 3990 Nimirum
707 3945 992 4005 peccatum
1037 3937 1171 3992 illud
1205 3953 1312 4008 quo
1341 3938 1740 4010 derelinquitur
1788 3941 1970 3995 Domi.

396 4042 527 4092 nus,
561 4041 671 4081 non
696 4026 926 4096 amplius
977 4029 1401 4099 perpetrabitur.
1438 4028 1569 4084 Tale
1617 4040 1702 4085 est
1743 4041 1798 4085 et
1838 4032 1970 4086 illud

401 4120 600 4175 Psalmi
633 4139 649 4177 :
687 4120 1036 4176 Consumetur
1072 4123 1193 4193 jam
1243 4123 1472 4193 nequitia
1520 4132 1857 4194 peccatorum
1898 4126 1964 4178 ⁸³.

397 4211 864 4277 Quemadmodum
913 4213 959 4267 si
1013 4214 1136 4281 quis
1180 4214 1501 4270 adbortetur
1554 4215 1821 4270 medicum
1852 4255 1869 4282 ,
1913 4226 1971 4272 ut

397 4301 564 4359 tinem
595 4303 842 4373 imponat
868 4304 1060 4361 morbo
1107 4303 1508 4375 languentium,
1541 4314 1634 4359 aut
1662 4320 1760 4374 per
1796 4318 1967 4361 artem

2076 1850 2342 1922 ἁμαρτίᾳ,
2376 1850 2881 1918 Συντριὸῆο-ονται
2920 1850 3059 1920 ἅμα.
3087 1850 3150 1902 Οἱ
3191 1849 3309 1919 μὲν,
3356 1847 3435 1899 ὅτι
3475 1846 3658 1913 Ἐμα-

2074 1942 2417 2011 ταιώθησαν
2442 1942 2514 1995 ἐν
2549 1941 2672 2008 τοῖς
2693 1941 3102 2011 διαλογισμοῖς
3123 1936 3319 1994 αὐτῶν
3337 1957 3350 1967 ·
3381 1937 3431 1990 οί
3455 1935 3536 2000 δὲ,
3567 1936 3659 1988 ὅτι

2072 2034 2160 2087 διὰ
2182 2034 2281 2104 τῆς
2302 2034 2665 2106 παραϐάσεως
2692 2030 2785 2087 τοῦ
2802 2033 2967 2103 νόμου
2993 2031 3083 2085 τὸν
3108 2031 3241 2084 Θεὸν
3263 2026 3655 2096 ἀτιμάζουσιν.

2073 2126 2195 2179 Eiet
2241 2126 2299 2180 δέ
2339 2126 2527 2197 ἄνομοι
2560 2126 2678 2195 μὲν,
2703 2125 2753 2177 οί
2787 2122 3065 2186 παντελῶς
3096 2122 3315 2193 ἀνήκοοι
3345 2117 3453 2174 τῶν
3485 2116 3659 2171 θείων

2072 2217 2274 2288 νόμων,
2301 2217 2335 2287 ἦ
2370 2217 2845 2287 ἀποστατήσαντες
2870 2213 3071 2279 αὐτῶν,
3106 2212 3139 2283 ἢ
3171 2210 3303 2284 μηδὲ
3340 2209 3440 2279 τὴν
3473 2206 3660 2280 ἀρχὴν

2073 2308 2494 2380 προσελθόντεςο
2535 2306 2850 2379 ἁμαρτωλοὶ
2884 2307 2960 2369 δὲ,
3011 2307 3060 2358 οἱ
3089 2303 3351 2366 ἑκουσίως
3397 2301 3660 2372 ἁμαρτά-

2072 2413 2257 2460 νοντες
2292 2396 2430 2466 μετά
2468 2395 2530 2449 τὸ
2558 2396 2742 2450 λαϐεῖν
2768 2395 2864 2466 τὴν
2904 2394 3197 2462 ἐπίγνωσιν
3237 2392 3337 2463 τῆς
3364 2390 3654 2463 ἀληθείας.

2073 2488 2226 2558 Τάχα
2253 2488 2310 2541 δὲ
2340 2489 2433 2541 καὶ
2456 2486 2550 2552 οὒς
2564 2488 2843 2559 εὐεργετεῖ
2872 2489 2899 2540 ὁ
2925 2486 3075 2549 Θεὸς,
3109 2483 3429 2555 βουλόμενος
3452 2483 3656 2571 αύῖοὺς

2071 2579 2130 2632 ἐν
2163 2578 2442 2649 καινότητι
2471 2579 2615 2649 ζωῆς
2641 2577 3032 2650 περιπατῆσαι,
3068 2576 3337 2648 συντρίϐει
3354 2574 3534 2627 αὐτῶν
3557 2573 3656 2626 τὸν

2072 2669 2299 2723 παλαιὸν
2324 2669 2631 2740 ἄνθρωπον.
2660 2670 2761 2722 Διὰ
2792 2667 2948 2722 τοῦτο
2981 2667 3174 2721 Θυσία
3205 2664 3286 2731 τῷ
3309 2665 3431 2733 Θεῷ
3463 2664 3651 2718 πνεῦ-

2065 2774 2151 2826 μα
2181 2757 2696 2828 συντετριμμένον.
2723 2758 3075 2829 Συντρίϐεται
3101 2755 3209 2827 γὰρ
3226 2755 3286 2809 τὺ
3307 2754 3525 2825 πνεῦμα
3553 2753 3651 2808 τοῦ

2071 2851 2275 2922 κόσμου
2310 2851 2372 2905 τὸ
2393 2852 2694 2923 ἐνεργῆσαν
2725 2850 2823 2923 τὴν
2853 2850 3148 2922 ἁμαρτίαν,
3184 2850 3269 2902 ἵνα
3288 2848 3348 2902 τὸ
3370 2847 3527 2912 εύθὲς
3560 2849 3656 2916 ἐγ-

2070 2940 2318 3011 καινισθῇ
2347 2943 2459 3003 τοῖς
2489 2941 2760 3009 ἐγκάτοις.
2785 2941 2895 2993 Καὶ
2933 2938 3273 3011 συντρίϐεται
3301 2938 3412 3010 (7i)
3456 2940 3485 2991 ό
3512 2937 3652 3009 βρα-

2071 3032 2203 3102 χίων
2252 3030 2346 3085 τοῦ
2420 3031 2764 3103 ἀμαρτωλοῶ
2822 3032 3096 3084 τουτέστιν
3133 3032 3166 3100 ἡ
3225 3029 3500 3101 πρακτικὴ
3548 3029 3651 3097 τῆς

2071 3123 2345 3194 ἁμαρτίας
2364 3122 2609 3194 δύναμις,
2650 3122 2737 3176 ἵνα
2759 3120 2966 3193 ζητηθῇ
2994 3122 3027 3191 ἡ
3060 3120 3302 3192 ἁμαρτία
3330 3119 3517 3182 αὐτοῦ,
3549 3134 3648 3172 και

2067 3215 2129 3267 ού
2171 3214 2247 3285 μὴ
2285 3213 2504 3285 εὑρεθῇ.
2535 3213 2786 3269 Τοιοῦτόν
2812 3218 2928 3268 ἐστι
2961 3216 3054 3269 καὶ
3083 3216 3165 3278 τὸ,
3210 3211 3351 3283 Ἐγὼ
3391 3213 3651 3267 ἀποκτε-

2067 3301 2172 3366 νῶ,
2198 3302 2295 3355 καί
2325 3301 2431 3370 ζῇν
2449 3301 2683 3369 ποιήσω
2708 3320 2720 3334 ο
2750 3302 3010 3367 πατάξω,
3042 3304 3204 3373 κάγὼ
3238 3303 3477 3372 ἰάσομαι
3506 3301 3647 3373 (72).

2081 3392 2392 3451 Ἀποκτενεί
2417 3392 2525 3461 γὰρ
2558 3391 2647 3446 τὸν
2681 3391 2867 3454 κακῶς
2903 3391 3104 3457 ζῶντα,
3136 3394 3225 3446 ἵνα
3252 3391 3390 3463 μετά
3422 3392 3520 3461 τὴν
3544 3391 3651 3443 κά-

2069 3483 2261 3555 θαρσιν
2287 3484 2386 3554 τῆς
2413 3484 2656 3555 χείρονος
2696 3483 2861 3554 ζωῆς,
2900 3486 2996 3556 τὴν
3028 3486 3223 3558 καινὴν
3244 3484 3392 3557 αύτῷ
3419 3484 3650 3556 χαρίση-

2068 3590 2177 3628 ται.

2140 3664 2231 3719 60.
2270 3663 2371 3718 Διά
2406 3664 2562 3718 τοῦτο
2588 3666 3090 3734 Συντριϐήσονται
3138 3670 3192 3720 οἱ
3219 3665 3428 3735 ἄνομοι
3466 3665 3566 3718 καὶ
3591 3666 3647 3717 οἱ

2070 3756 2408 3824 ἁμαρτωλοὶ
2445 3756 2584 3825 ἅμα,
2621 3758 2709 3811 ἴνα
2744 3760 3056 3812 παύσωνται
3101 3758 3457 3811 ἀνυπότακτοι
3502 3752 3645 3809 εἶναι

2072 3846 2314 3915 (75)·καὶ
2346 3848 2763 3918 παρακούοντες.
2793 3848 2903 3902 Καὶ
2937 3853 2991 3902 οἱ
3015 3849 3512 3915 ἐγκαταλιπόντες
3535 3847 3648 3899 τὸν

2070 3936 2290 4003 Κύριον
2333 3936 2946 4004 συντελεσθήοίονται.
3010 3939 3205 4001 Οίονεὶ,
3248 3938 3430 3991 οὐκέτι
3472 3939 3506 4008 ὴ
3547 3936 3641 3990 τοῦ

2070 4025 2485 4092 ἐγκαταλείπειν
2522 4026 2613 4079 τὸν
2660 4026 2864 4098 Κύριον
2912 4028 3153 4099 ἁμαρτία
3192 4027 3637 4099 ἐνεργηθήσεται.

2071 4115 2325 4168 Τοιοῦτόν
2371 4117 2486 4169 ἐστι
2541 4117 2636 4169 καὶ
2677 4117 2738 4170 τὸ
2788 4118 2939 4188 παρὰ
2964 4118 3043 4188 τῷ
3082 4116 3313 4188 ψαλμιξν
3346 4120 3641 4171 Συντελε-

2070 4202 2269 4268 σθήτω
2299 4203 2376 4271 δὴ
2404 4205 2658 4273 πονηρία
2693 4206 3073 4275 ἁμαρτωλῶν.
3131 4207 3339 4278 Ὠσπερ
3382 4205 3448 4260 ἂν
3480 4208 3641 4272 εἴτις

2074 4295 2257 4367 ἰατρὸν
2290 4295 2630 4367 παρακαλοίη
2655 4297 3068 4369 συντελεσθῆναι
3097 4297 3195 4369 τὴν
3218 4298 3373 4351 νόσον
3400 4297 3509 4351 τῶν
3536 4299 3638 4369 ἀρ-

397 4408 553 4448 suam
589 4394 768 4449 obstet
812 4409 880 4449 ne
925 4402 1108 4464 serpat
1162 4397 1410 4465 putredo.
1456 4396 1585 4466 Haec
1616 4406 1796 4452 autem
1838 4412 1965 4452 con-

2077 4383 2442 4456 ρωστούντων,
2479 4385 2512 4455 ἢ
2544 4386 2641 4457 τὴν
2662 4388 2830 4465 νομὴν
2856 4388 2954 4458 τῆς
2979 4390 3192 4460 σήψεως
3221 4388 3522 4460 κωλυθῆναι
3549 4388 3638 4442 διὰ

397 4486 634 4556 sumptio
668 4502 776 4541 non
801 4486 1023 4567 omnino
1064 4487 1330 4559 integram
1371 4487 1721 4542 abolitionem
1757 4487 1964 4558 signiﬁ-

397 4584 488 4639 cat
518 4594 531 4629 :
562 4575 658 4631 sed
686 4575 795 4629 vim
829 4584 886 4629 et
921 4575 1178 4644 impetum
1213 4590 1401 4630 eorum
1432 4576 1527 4645 qui
1559 4577 1738 4631 taliter
1761 4586 1964 4647 agunt,

398 4666 643 4736 impedit.
690 4664 904 4720 Etenim
938 4666 1139 4722 Paulus
1180 4667 1485 4722 vaticinans
1529 4666 1597 4721 de
1632 4667 1743 4721 lilio
1796 4668 1971 4736 perdi-

399 4758 565 4814 tionis
611 4755 1190 4812 Thessalonicensibus
1240 4756 1425 4821 dicit:
1491 4757 1657 4823 Quem
1711 4758 1968 4814 Dominus

399 4851 560 4921 Jesus
583 4858 849 4903 consumet
891 4850 1082 4917 spiritu
1106 4850 1213 4903 oris
1248 4850 1366 4914 sui,
1386 4862 1435 4904 et
1465 4852 1691 4903 destruet
1725 4850 1964 4904 illustra-

402 4945 541 5011 tione
569 4943 822 4997 adventus
873 4942 957 4996 sui
1005 4941 1069 4995 “.
1103 4939 1240 4994 Nam
1289 4941 1336 4999 si
1384 4941 1754 5010 consumptio,
1784 4940 1962 4996 omni-

469 5082 516 5115 "
542 5082 699 5137 Rom.
749 5095 841 5142 vr,
885 5077 971 5131 19.
1078 5078 1121 5110 ⁵⁷
1150 5077 1307 5130 Rom.
1346 5093 1404 5141 ι,
1442 5077 1533 5129 2|.

1635 5077 1680 5108 ⁸⁸
1715 5075 1877 5128 iiebv'.
1906 5091 1934 5126 Χ
1957 5115 1972 5136 ,
2010 5073 2099 5128 26.

2069 4478 2169 4546 τῆς
2207 4477 2419 4548 τέχνης.
2464 4479 2538 4531 Οὐ
2580 4478 2796 4544 πάντως
2831 4480 2887 4534 δὲ
2930 4482 2963 4551 ἡ
2997 4481 3271 4535 συντέλεια
3311 4479 3404 4534 τοῦ
3443 4497 3637 4534 παντε-

2072 4568 2197 4631 λοῦς’
2216 4569 2521 4640 ἀφανισμοῦ
2542 4572 2658 4623 ἐστι
2689 4572 2997 4642 σημαντικὴ
3020 4587 3038 4605 ⁸
3064 4572 3200 4626 ἀλλά
3228 4574 3326 4643 τῆς
3351 4572 3491 4625 κατὰ
3518 4572 3635 4626 τόδε

2074 4661 2358 4733 ἐνεργείας
2409 4662 2517 4716 τῶν
2559 4663 2923 4734 ἐνεργούντων
2976 4664 3267 4734 κωλυτική.
3302 4666 3410 4718 Καὶ
3460 4665 3567 4736 γὰρ
3607 4669 3634 4719 ό

2070 4752 2298 4817 Παῦλος,
2336 4755 2464 4825 περὶ
2517 4753 2610 4807 τοῦ
2656 4753 2771 4807 υίοῦ
2826 4756 2925 4826 τῆς
2973 4756 3245 4821 ἀπωλείας
3280 4756 3634 4828 προφητεύων

2068 4845 2545 4900 Θεσσαλονικεῦσιν
2571 4845 2672 4916 ἔφη
2692 4863 2706 4876 θ
2735 4848 2834 4900 Ὃν
2856 4850 2888 4900 ό
2916 4848 3128 4915 Κύριος
3158 4847 3385 4915 Ἰησοῦς
3405 4847 3633 4902 dmidi—

2068 4954 2162 4997 σει
2210 4939 2322 5008 (74)
2371 4940 2659 5008 πνεύματι
2691 4940 2793 4994 τοῦ
2821 4943 3115 5010 στόματος
3147 4941 3352 5006 αὐτοῦ,
3379 4941 3477 4997 καὶ
3503 4958 3630 4995 κατ-

2211 5077 2256 5107 ³⁹
2279 5072 2421 5129 Psal.
2453 5090 2521 5142 ι,
2554 5075 2638 5133 19.
2746 5077 2790 5109 ⁶⁰
2826 5076 2957 5133 ibid.
2984 5076 3071 5130 12.
3183 5077 3226 5107 ⁶¹
3251 5075 3392 5131 Psal.
3427 5092 3460 5131 ι
3483 5120 3500 5146 ,
3540 5078 3629 5141 15-

401 5156 445 5194 ί*
473 5155 627 5210 Deut.
677 5166 861 5216 xxx”,
906 5148 996 5204 59.
1072 5148 1118 5180 ⁶³
1153 5147 1294 5202 Psal.
1329 5163 1439 5214 vn,
1485 5146 1572 5200 10.
1649 5146 1694 5178 ⁸⁸
1738 5145 1779 5199 ll
1815 5145 1965 5199 Thes:

2094 5144 2193 5212 ,8.

472 5286 584 5358 (70)
629 5284 686 5339 In
710 5285 898 5358 tribus
934 5298 1068 5358 mss.
1118 5283 1348 5358 legitur,
1397 5283 1719 5358 παρατηρῇ·
1757 5280 1966 5358 in__aliis

403 5351 576 5413 tribus
611 5357 830 5425 perinde
856 5363 1016 5423 atque
1048 5355 1099 5405 in
1133 5355 1367 5425 excusis,
1395 5351 1781 5425 παρατηρήση.
1814 5351 1965 5403 Humi

401 5426 588 5497 procul
613 5423 723 5479 ires
759 5440 912 5497 mss_..
942 5426 1009 5494 τῇ
1041 5424 1417 5496 ἐπικρατήσει.
1455 5423 1558 5476 Alii
1601 5436 1709 5478 tres
1741 5435 1872 5476 mss.
1915 5430 1970 5474 et

400 5495 554 5559 editi,
581 5497 646 5565 τῇ
677 5495 983 5565 ἐπικράσει.

476 5558 589 5636 (71)
619 5558 843 5620 Codices
874 5575 1002 5636 tres,
1033 5561 1395 5636 συντρίϐεται.
1436 5561 1579 5616 Editi
1609 5576 1733 5614 vero
1757 5558 1965 5636 etneg.

404 5631 634 5706 primus,
687 5633 1120 5706 συντριϐήσεται.
1150 5631 1266 5706 llius
1295 5635 1536 5706 quinque
1561 5647 1712 5700 mss.,
1742 5631 1835 5684 καὶ
1870 5631 1965 5701 μή.

408 5703 548 5761 Fditi
582 5719 704 5760 cum
736 5703 840 5761 uno
864 5721 993 5772 ms.,
1026 5705 1120 5757 καὶ
1147 5704 1206 5757 ού
1238 5703 1338 5773 μή.

2146 5279 2259 5351 (72)
2291 5280 2404 5356 Illa,
2434 5281 2681 5356 πατάξω,
2707 5282 2860 5352 κάγὼ
2908 5285 3182 5356 ἰάσομαι,-
3195 5283 3391 5337 desunt
3418 5284 3627 5350 quidem

2073 5352 2125 5404 in
2156 5350 2478 5423 pervulgatis
2508 5371 2522 5406 :
2553 5355 2644 5406 sed
2684 5350 2891 5422 adjécta
2923 5350 3047 5410 sunt
3075 5371 3107 5408 e
3152 5353 3282 5423 Reg.
3309 5356 3546 5411 secundo
3571 5364 3624 5411 et

2070 5436 2137 5476 ex
2173 5430 2399 5487 utroque
2429 5422 2756 5478 Colbertino.

2171 5491 2257 5555 75)
2285 5490 2375 5544 Sic
2407 5506 2534 5545 mss.
2562 5493 2815 5559 quinque.
2850 5494 3009 5559 Editi,
3036 5493 3207 5557 ὄντες.

2092 5584 2099 5591 ·
2130 5559 2256 5632 (74)
2287 5560 2443 5632 Ιίρεῑίγ
2470 5562 2675 5632 primus
2702 5575 2754 5617 et
2781 5565 3063 5626 secundus.
3094 5564 3272 5617 ἀνελετ
3289 5580 3303 5596 ο
3332 5579 3454 5632 qua:
3472 5565 3625 5619 lectio

2076 5630 2363 5682 adnotatur
2434 5631 2487 5684 in
2559 5631 2707 5687 Novo
2764 5632 3105 5686 Testamento
3173 5630 3482 5691 Oxonieusi.
3528 5635 3624 5690 Alii

2078 5712 2305 5772 quatuor
2328 5715 2481 5766 mss.,
2511 5699 2703 5757 ἀνέλοι.
2743 5702 2902 5763 Edili,
2923 5702 3206 5757 ἀναλώσει.
