3828 6216
119 327 230 385 225

1010 330 1363 391 COMMENT.
1400 331 1465 388 IN
1502 331 1734 389 ISAIAM
1772 332 2213 392 PROPHETAM.
2257 334 2408 392 CAP.
2450 337 2493 395 Ι.

3267 339 3375 397 326

119 442 373 513 αργήσει
440 443 518 514 τῇ
566 446 883 516 ἐπιφανείᾳ
942 448 1053 517 τῆς
1104 451 1441 519 παρουσίας
1496 451 1702 506 αὐτοῦ.

1811 455 1967 509 moda
2019 456 2310 510 exstinctio
2361 462 2448 510 est
2481 493 2497 521 ,
2544 444 2813 524 quomodo
2859 453 3229 509 destrueretur
3273 456 3369 523 qui

117 534 183 587 El
206 532 322 606 γὰρ
357 536 392 606 ἡ
429 535 702 602 ἀνάλωσις
738 537 849 608 (75)
884 539 1149 611 παντελής
1191 542 1338 593 ἐστιν
1376 540 1701 612 ἀφανισμὺς,

1800 546 1914 615 jam
1965 561 2071 600 non
2121 547 2298 602 esset?
2345 545 2453 601 Sed
2505 555 2652 602 certe
2689 545 2809 615 ejus
2865 546 2960 615 qui
3020 546 3238 615 iniquus
3292 554 3378 601 est

118 626 238 691 πῶς
262 629 293 681 ό
318 628 523 699 μηκέτι
554 628 630 682 ὢν
664 633 1059 702 καταργεῖται;
1098 632 1259 685 Ἀλλά
1288 631 1529 704 δηλονότι
1558 632 1619 685 τὸ
1646 633 1704 686 ὲν

1806 636 2144 691 mendacium
2196 637 2390 706 spiritu
2438 638 2549 692 oris
2579 636 2825 692 veritatis
2860 651 2891 691 e
2918 636 3097 691 medio
3144 635 3375 703 tollitur,

114 716 193 788 τῷ
235 718 431 789 ἀνόμῳ
722 720 799 791 τῷ
844 722 1116 793 πνεύματι
1160 723 1255 777 τοῦ
1305 724 1567 795 στόματος
1603 725 1703 795 τῆς

114 807 378 879 ἀληθείας
399 809 807 880 ὲξαφανίζεται,
836 814 930 866 καὶ
955 813 1098 868 οὕτω
1133 815 1613 887 καταργηθήσεται
1633 818 1697 887 τῇ

113 903 412 974 ἐπιφανείᾳ
442 902 545 973 τῆς
569 903 874 974 παρουσίας
892 904 987 958 τοῦ
1008 904 1244 976 Χριστοῦ
1274 905 1407 977 (76).
1427 906 1698 977 Πολλαχοῦ

111 991 170 1044 δὲ
217 994 633 1064 τετηρήκαμεν,
665 994 748 1047 ὅτι
789 995 846 1047 αἱ
886 996 1078 1049 κακίαι
1116 994 1549 1066 ὲξαφανίζονται,
1598 999 1698 1050 οὐκ

112 1083 275 1136 αὐταὶ
309 1085 369 1136 αἱ
411 1083 618 1149 οὐσίαι,
646 1080 735 1149 αἷς
772 1085 1213 1158 συμϐεϐήκασιν·
1250 1087 1327 1151 ὡς
1366 1089 1423 1140 ὲν
1454 1087 1552 1158 τῷ,
1585 1088 1696 1142 Καὶ

112 1172 260 1227 ὁδὸν
312 1174 681 1244 ἁμαρτωλῶν
743 1177 988 1246 ἀφανιεῖ
1006 1194 1021 1209 ο
1070 1178 1184 1244 καὶ,
1247 1178 1417 1244 Ὁδὸς
1462 1178 1698 1233 ἀσεϐῶν

113 1264 451 1319 ἀπολεῖται.

180 1354 272 1411 61.
302 1357 463 1411 Διότι
488 1358 1001 1428 αἱσχυνθήσονται
1025 1362 1142 1415 ἀπο
1164 1359 1282 1414 τῶν
1298 1361 1561 1415 εἰδώλων
1589 1364 1694 1415 αὐ-

111 1445 249 1512 τῶν,
276 1446 318 1501 d
341 1449 516 1503 αὐτοὶ
542 1450 892 1517 ἠϐούλοντο.
928 1452 1229 1523 Εὑεργεσία
1256 1452 1486 1523 μεγάλη,
1514 1454 1607 1506 καὶ
1634 1454 1695 1506 τὸ

110 1538 467 1611 αἰσχυνθῆναι
509 1542 601 1594 ἐπὶ
631 1542 937 1613 πράγματι,
977 1537 1022 1610 ᾧ
1054 1544 1160 1617 πρὸ
1183 1544 1371 1597 τούτου
1395 1545 1694 1618 mmma-

109 1646 188 1693 το,
217 1629 326 1683 ὑπὸ
360 1630 471 1702 (77)
512 1630 869 1703 ἀναισθησίας
917 1631 978 1684 τὺ
1011 1634 1069 1687 ὲν
1113 1633 1261 1704 αὐτῷ
1293 1634 1520 1705 αἰσχρὸν
1569 1650 1694 1688 συν-

111 1720 241 1775 ιδεῖν
271 1722 352 1793 μὴ
393 1721 710 1792 δυνάμενος,
744 1721 880 1776 ἀλλὰ
913 1724 1013 1796 τὴν
1036 1724 1194 1791 δόξαν
1228 1724 1367 1795 ἔχων
1406 1726 1463 1777 ὲν
1498 1727 1564 1796 τῇ
1609 1726 1693 1779 etl-

109 1811 281 1883 σχύνῃ
320 1812 510 1868 αὐτοῦ.
554 1814 629 1866 Τὸ
651 1809 744 1868 οῦν
786 1814 1135 1886 αἰσχύνεσθαι
1174 1815 1286 1869 ἀπὸ
1316 1815 1426 1870 τῶν
1461 1815 1693 1869 εἰδώλων

105 1904 193 1956 ἐπ’
223 1902 420 1974 ἀγαθῷ
453 1903 563 1957 τῶν
590 1905 994 1975 αἰσχυνομένων
1027 1905 1353 1977 ἐνεργεῖται.
1392 1905 1567 1977 Ὅπερ
1595 1906 1695 1959 οὐκ

104 1995 280 2059 ἄλλως
304 1994 537 2065 γίνεται,
570 1996 603 2069 ἢ
636 1999 716 2061 εἰς
756 1996 964 2051 ἔννοιαν
1010 1996 1270 2051 ἐλθόντων
1310 1996 1404 2051 τοῦ
1437 1997 1691 2068 ἀληθινοῦ

103 2086 240 2141 Θεοῦ
271 2086 383 2140 τῶν
408 2087 545 2151 τέως
575 2087 1102 2158 εἰδωλολατρούντων
1127 2087 1264 2158 (78).
1297 2088 1430 2141 Τότε
1467 2088 1575 2159 γὰρ
1597 2090 1692 2158 ἐγ-

103 2176 468 2242 καλύπτεται,
518 2178 599 2241 εἰς
636 2176 984 2248 συναίσθησιν
1029 2176 1199 2232 ἐλθὼν
1250 2177 1345 2231 τοῦ
1385 2178 1608 2244 ἀτόπου,
1663 2181 1692 2232 ὁ

102 2270 216 2331 τοῖς
243 2267 481 2339 ἀψύχοις
510 2268 587 2332 ὡς
607 2268 834 2340 δύναμιν
849 2271 930 2332 εἰς
956 2270 1016 2322 τὸ
1043 2268 1234 2333 σώζειν
1259 2267 1439 2340 ἔχουσι
1463 2286 1692 2341 προσευ-

100 2361 358 2432 χόμενος.
380 2362 492 2414 Καὶ
513 2363 620 2424 πᾶς
645 2361 704 2415 δὲ
729 2363 758 2415 ὁ
781 2360 1080 2433 φιλήδονος,
1108 2354 1262 2432 ᾧπερ
1290 2360 1357 2415 ἂν
1379 2356 1690 2436 ᾖδεδουλω-

104 2452 267 2522 μένος
310 2452 424 2506 τῶν
450 2454 939 2525 ἀπηγορευμένων,
997 2453 1156 2508 τοῦτο
1199 2453 1545 2525 θεοποιήσας,
1580 2450 1691 2509 οἷον

98 2543 323 2598 εἴδωλόν
346 2560 401 2596 τι
428 2542 539 2614 ἔχει
560 2545 620 2599 ὲν
650 2543 763 2615 ναῷ
785 2543 999 2616 βεϐήλῳ
1019 2547 1085 2615 τῇ
1112 2542 1304 2597 ἑαυτοῦ
1326 2544 1526 2616 καρδίᾳ
1556 2543 1688 2597 καθι-

100 2636 394 2709 ιδρυμένον
420 2636 556 2707 (79),
615 2637 703 2690 ἀεὶ
736 2636 909 2690 συνὼν
944 2637 1094 2707 αὐτῷ
1125 2636 1214 2690 διὰ
1243 2636 1341 2706 τῆς
1366 2639 1686 2705 φαντασίας,

95 2732 193 2785 καὶ
224 2732 328 2794 τὰς
351 2729 566 2795 εἰκόνας
591 2729 688 2784 τοῦ
713 2730 869 2784 ἐπιθυ
877 2726 1047 2803 μητοῦ
1070 2732 1128 2783 ἐν
1154 2727 1332 2801 ἑαυτῷ
1357 2728 1687 2801 περιφέρων.

95 2818 224 2877 Οἷσν
262 2825 293 2876 ὁ
330 2820 703 2892 φιλόπλουτος,
758 2822 893 2876 ὅπου
936 2822 966 2874 ὁ
1002 2820 1276 2892 θησαυρὸς
1325 2818 1514 2883 αὐτοῦ,
1568 2823 1687 2874 ἐκεῖ

95 2911 240 2982 ἔχων
261 2912 366 2983 τὴν
396 2912 644 2983 καρδίαν,
675 2911 754 2983 τῷ
781 2912 847 2965 ἐκ
874 2911 976 2981 τῆς
1014 2909 1329 2977 πλεονεξίας
1360 2909 1563 2981 εἰδώλῳ
1596 2910 1691 2963 λα-

91 3000 303 3074 τρεύει.
350 3001 409 3054 ὐ
458 3001 871 3075 γαστρίμαργος
901 3002 1022 3065 ταῖς
1062 3001 1120 3054 ὲν
1170 2998 1452 3070 βρώμασιν
1497 2999 1688 3053 ἐπιθυ-

96 3094 252 3163 μίαις
286 3092 705 3164 δεδουλωμένος,
750 3091 871 3146 θεὸν
923 3090 1035 3163 ἔχει
1070 3089 1170 3162 τὴν
1212 3089 1407 3143 ἑαυτοῦ
1430 3090 1685 3188 ’κοιλίαν.
1713 3130 1755 3188 C

105 3181 584 3250 Ἐπικατάρατος
630 3181 699 3235 δὲ
741 3181 1053 3251 ἄνθρωπος
1102 3181 1272 3247 ὅστις
1302 3179 1544 3247 ποιήσει
1574 3180 1684 3252 (80)

93 3273 381 3342 τλυπτόν
403 3272 444 3343 ἢ
475 3272 798 3343 χωνευτὸν,
820 3272 1137 3343 βδέλυγμα
1162 3271 1213 3326 Κ
1217 3273 1381 3341 υρίῳ.
1407 3272 1686 3342 Μακάριοι

92 3366 145 3419 δὲ
170 3368 222 3419 οἱ
250 3366 400 3420 κατά
429 3366 531 3436 τὴν
558 3366 863 3437 συμϐουλὴν
904 3363 1098 3419 Ἰακὼὸ
1124 3364 1535 3437 περιαιροῦντες
1564 3365 1689 3417 ἐαυ-

93 3457 203 3511 τῶν
227 3457 389 3523 θεοὺς
423 3457 759 3528 ἀλλοτρίους,
790 3458 885 3511 καὶ
905 3457 1263 3521 ἅλλάσσοντες
1304 3454 1516 3522 στολὰς,
1552 3456 1685 3509 ἀνα-

93 3550 379 3613 ϐαίνοντες
400 3551 482 3611 εἰς
515 3547 720 3621 Βαιθήλ
745 3565 758 3578 ·
795 3548 1095 3611 τουτέστιν,
1121 3549 1201 3612 είς
1229 3543 1377 3600 οἷκον
1400 3545 1556 3611 Θεοῦ,
1590 3546 1686 3599 τοῦ

92 3642 324 3711 ποιῆσαι
357 3641 478 3693 ἐκεῖ
503 3639 890 3712 θυσιαστήριον
922 3638 1001 3709 τῷ
1030 3636 1172 3709 Θεῷ.
1214 3634 1571 3706 Ἀποθώμεθα
1592 3631 1684 3688 οὖν

91 3731 159 3785 τὰ
186 3731 457 3804 ἀλλότρια
480 3731 575 3785 τοῦ
601 3730 738 3785 Θεοῦ
764 3731 975 3796 εἴδωλα,
999 3730 1094 3784 κα)⁵
1115 3725 1433 3797 ἀλλάξωμεν
1448 3725 1546 3787 τὰς
1568 3740 1688 3776 στο-

91 3823 215 3889 λὰς,
243 3822 608 3893 ὲκδυσάμενοι
632 3822 724 3875 τὸν
748 3822 975 3877 παλαιὸν
997 3820 1304 3893 ἄνθρωπον,
1330 3819 1427 3873 καὶ
1447 3817 1528 3870 ἔτι
1555 3817 1687 3887 πρό-

90 3932 254 3987 τερον
302 3913 374 3967 τὰ
410 3913 609 3967 ἐνώτια
642 3914 710 3968 τὰ
751 3915 809 3967 ὲν
834 3917 945 3979 rei;
969 3913 1103 3967 ὠσὶν
1143 3911 1299 3982 ἡμῶν
1331 3910 1444 3983 (81)
1472 3910 1687 3963 ἀποθώ-

94 4002 262 4072 μεθα,
302 4001 551 4055 τουτέστι
587 4001 660 4055 τὰ
712 4002 915 4057 παλαιὰ
943 4002 1250 4073 διδάγματα
1274 3995 1356 4065 οἷς
1387 4000 1686 4053 ὲκαλλωπι-

91 4093 325 4166 ζόμεθα.
363 4094 548 4149 Ταῦτα
581 4094 673 4149 διὰ
722 4096 801 4161 τὺ,
846 4093 1377 4165 Αίσχυνθήσονται
1416 4093 1533 4147 ἀ.πό
1569 4091 1685 4146 τῶν

89 4187 361 4241 εἰδώλων
394 4186 614 4252 αὐτῶν,
640 4186 680 4241 ᾱ
703 4186 871 4244 αὐτοὶ
907 4186 1260 4255 ἠϐούλοντο.
1308 4186 1443 4239 Οὐδὲ
1468 4184 1576 4256 γὰρ
1610 4184 1689 4255 μὴ

91 4278 422 4349 βουλόμενός
446 4296 528 4343 τις
546 4278 659 4349 ἔχει
683 4278 752 4332 τὰ
770 4278 964 4344 εζδωλα
983 4277 1051 4330 τὰ
1073 4275 1549 4349 προαποδεδομένα
1571 4275 1681 4345 (8‘2)

88 4373 258 4442 ἡμῖν’
318 4371 456 4425 διότι
496 4371 935 4444 ἐπιθυμήσαντες
978 4368 1088 4423 τῶν
1130 4368 1339 4433 παθῶν,
1389 4367 1532 4420 οὕτω
1562 4367 1681 4419 θεο-

91 4463 359 4534 ποιοῦμεν
392 4463 550 4517 αὑτά.

158 4555 254 4610 62.
279 4556 395 4610 Kal
437 4554 923 4624 ἐπῃσχύνθησαν
951 4552 1050 4607 ἐπὶ
1073 4551 1196 4619 τοῖς
1218 4550 1431 4619 κήποις
1462 4550 1681 4609 αὐτῶν.

159 4781 208 4812 ⁸⁸
240 4777 385 4835 Psal.
434 4792 594 4843 στιν,
624 4777 679 4832 9.
762 4776 809 4809 “
842 4774 982 4830 Psal.
1021 4789 1042 4828 ι

1808 728 2000 795 sicque
2024 725 2276 781 claritate
2303 728 2571 782 adventus
2599 727 2801 781 Christi
2837 728 3166 783 destruetur.
3198 727 3377 782 Cane.

1804 831 1921 869 rum
1948 832 2053 871 non
2085 833 2209 872 raro
2226 818 2635 871 observavimus
2664 817 2808 886 quod
2835 816 3054 871 malitiae
3090 817 3337 872 de‘lentur
3358 858 3374 883 ,

1802 924 1908 961 non
1933 918 2108 963 tamen
2143 910 2257 979 ipsa
2282 925 2470 963 earum
2500 912 2551 962 in
2578 925 2682 979 qua
2709 908 2864 964 factte
2886 919 3011 964 sunt
3035 912 3334 965 substantia
3358 930 3373 966 :

1802 998 1878 1052 uti
1916 998 1969 1052 in
2014 1000 2116 1053 hoc
2145 1000 2295 1053 loco:
2352 1000 2418 1053 Et
2451 1002 2592 1053 viam
2623 1012 2954 1068 peccatorum
3000 1003 3258 1073 disperde!
3291 1004 3373 1071 ως

1799 1097 1853 1142 et
1879 1107 1892 1143 :
1918 1087 2031 1143 Iter
2063 1091 2345 1158 impiorum
2369 1092 2554 1158 peribit
2589 1090 2657 1145 “.

1865 1360 1953 1414 61.
1995 1359 2162 1415 Vens.
2188 1360 2280 1416 29.
2324 1360 2505 1427 Quare
2536 1360 2928 1429 confundentur
2960 1358 3024 1413 ab
3050 1358 3207 1412 idolis
3233 1358 3366 1423 suis,

1796 1469 1914 1523 qua:
1949 1454 2052 1521 ipsi
2086 1452 2254 1524 424
2302 1436 2564 1507 colebant.
2607 1452 2939 1507 Beneficium
2993 1453 3204 1527 ingens,
3240 1464 3374 1504 con-

1798 1539 1951 1597 fundi
1983 1545 2293 1613 quempiam
2334 1543 2405 1598 ob
2434 1558 2548 1599 rem
2574 1543 2643 1598 de
2676 1558 2780 1613 qua
2802 1543 3137 1614 gloriabatur
3164 1552 3321 1596 antea
3354 1580 3371 1607 ,

1798 1633 1843 1687 si
1871 1648 1983 1702 prae
2012 1648 2205 1688 sensus
2258 1635 2438 1703 inopia
2470 1635 2603 1704 quid
2645 1636 2697 1689 in
2730 1648 2796 1689 eo
2838 1643 2984 1689 esset
3016 1632 3364 1703 turpitudinis

1799 1722 2097 1793 intelligere
2126 1738 2233 1777 non
2268 1733 2505 1794 poterat,
2559 1725 2672 1780 imo
2705 1725 2757 1778 in
2791 1739 2891 1780 suo
2938 1724 3203 1779 dedecore
3246 1724 3367 1794 glo-

1726 1792 1768 1848 Β
1798 1815 1934 1865 riam
1984 1792 2302 1881 reponebat.
2350 1813 2617 1868 Confundi
2669 1815 2836 1883 igitur
2866 1813 2934 1868 ab
2966 1813 3122 1869 idolis
3159 1814 3213 1869 in
3252 1792 3367 1868 rem

1795 1910 1880 1954 est
1915 1914 2103 1954 eorum
2132 1902 2225 1969 qui
2273 1900 2705 1955 confunduntur.
2728 1902 2881 1969 Quod
2912 1916 3046 1957 sane
3073 1917 3180 1957 non
3208 1904 3370 1958 aliter

1795 1989 1854 2043 lit
1873 2030 1888 2054 ,
1919 1991 2027 2045 nisi
2058 1991 2094 2045 ii
2128 1992 2221 2061 qui
2244 1992 2507 2047 hactenus
2534 1993 2674 2047 idola
2701 1994 2979 2048 coluerant
2999 2034 3016 2059 ,
3038 1995 3107 2049 ad
3136 1996 3250 2050 veri
3275 1995 3371 2051 Dei

1792 2082 2107 2151 pertingant
2124 2082 2513 2151 cognitionem.
2538 2082 2692 2137 Tunc
2718 2085 2863 2138 enim
2889 2085 2979 2153 qui
3009 2086 3170 2139 rebus
3197 2085 3374 2139 inani-

1794 2170 1954 2224 matis
1974 2170 2129 2239 quasi
2156 2171 2346 2225 salutis
2377 2170 2719 2228 conferendae
2753 2170 3067 2226 facultatem
3103 2173 3359 2227 habenti-

1800 2257 1904 2313 bus
1951 2272 2144 2329 preces
2184 2260 2462 2327 adhibuit,
2516 2260 2566 2315 is
2602 2270 2889 2330 postquam
2932 2261 3174 2316 stultitiae
3210 2262 3371 2334 hujus

1791 2348 1966 2406 factus
1992 2360 2078 2407 est
2111 2351 2386 2418 conscius,
2414 2352 2620 2423 pudore
2642 2352 2910 2409 afﬁcitur.
2942 2351 3112 2408 Porro
3127 2353 3369 2423 volupta-

1790 2439 1906 2497 rius
1934 2442 2136 2511 omnis,
2165 2444 2477 2514 cuicunque
2504 2445 2718 2501 tandem
2747 2445 2998 2501 servierit
3022 2460 3211 2500 eorum
3246 2456 3369 2515 quae

1791 2534 2083 2591 interdicta
2123 2545 2287 2602 sunt;
2341 2537 2393 2591 id
2423 2537 2600 2607 ipsum
2656 2547 2914 2607 tanquam
2958 2538 3161 2592 idolum
3199 2540 3372 2608 quod-

1790 2626 1912 2682 dam
1955 2628 2011 2683 in
2049 2628 2178 2685 deos
2208 2628 2486 2697 referens,
2529 2629 2656 2685 illud
2695 2631 2749 2685 in
2793 2629 2991 2701 templo
3013 2630 3274 2701 profano,
3315 2632 3370 2686 in

1790 2733 1889 2775 suo
1917 2720 2129 2776 scilicet
2156 2722 2322 2777 corde
2350 2724 2675 2780 collocatum
2705 2725 2941 2778 retinet:
2969 2723 3100 2779 huic
3135 2739 3371 2795 namque

1790 2813 1945 2867 adest
1994 2827 2211 2884 semper
2264 2815 2630 2884 cogitatione,
2679 2825 2846 2885 atque
2890 2816 2943 2869 in
2997 2830 3056 2871 se
3100 2817 3218 2886 ipso
3262 2820 3372 2872 cir—

1790 2902 2027 2959 cumfert
2054 2906 2132 2960 rei
2161 2905 2460 2976 concupitae
2496 2905 2818 2976 imaginem.
2846 2905 2970 2962 Pari
3004 2909 3213 2964 ratione
3239 2924 3372 2963 ava-

1790 3007 1910 3061 rus,
1941 2991 2029 3048 ubi
2082 2994 2369 3071 thesaurus
2418 2994 2588 3065 ipsius
2617 3005 2731 3063 est,
2762 2995 2873 3051 illic
2893 3011 2990 3051 cor
3024 2997 3186 3053 habet
3209 2998 3276 3064 ",
3314 3007 3371 3053 et

1788 3085 2036 3141 avaritiae
2064 3085 2265 3141 idolum
2301 3087 2450 3142 colit.
2504 3087 2681 3143 lleluo
2721 3089 2974 3143 ciborum
3017 3089 3371 3160 appetitioni-

1788 3180 1890 3234 bus
1919 3180 2163 3235 serviens
2184 3219 2200 3246 ,
2223 3179 2384 3234 deum
2414 3180 2519 3235 sibi
2559 3180 2854 3251 praestituit
2885 3191 3152 3237 ventrem.
3185 3180 3364 3237 Male-

1786 3271 1960 3326 dictus
1991 3282 2166 3326 autem
2206 3274 2363 3327 homo
2390 3268 2626 3344 quisquis
2666 3273 2823 3344 faciet
2871 3274 3118 3343 sculptile
3150 3285 3241 3330 aut
3273 3276 3365 3344 fu-

1787 3362 1921 3433 sile,
1949 3364 2393 3419 abominationem
2437 3364 2667 3420 Domino
2688 3366 2753 3421 ⁸⁸.
2789 3366 2943 3422 Beati
2984 3382 3115 3423 vero
3135 3368 3170 3422 ii
3198 3378 3364 3436 sunt,

1785 3455 1880 3526 qui
1899 3455 2055 3524 juxta
2080 3457 2368 3511 consilium
2392 3456 2561 3512 lacob
2590 3458 2636 3489 "
2665 3460 2910 3515 excussis
2943 3474 2971 3512 a
3007 3473 3065 3515 se
3102 3460 3202 3515 diis
3228 3460 3365 3515 alic-

1786 3546 1906 3613 nis,
1943 3557 1999 3603 et
2033 3548 2335 3602 immutatis
2376 3549 2532 3604 stolis
2577 3551 2875 3604 ascendunt
2907 3550 2960 3605 in
2995 3550 3227 3618 Baethel,
3265 3553 3369 3607 hoc

1786 3646 1889 3706 est,
1913 3640 1968 3693 in
1994 3640 2210 3696 domum
2235 3640 2350 3706 Dei,
2368 3640 2555 3695 utillic
2574 3649 2790 3694 struant
2812 3657 2962 3695 aram
2991 3644 3121 3698 Deo.
3156 3643 3364 3710 Quam-

1788 3728 1975 3783 obrem
2016 3744 2047 3783 a
2105 3730 2261 3785 nobis
2303 3730 2645 3784 excutiamus
2695 3729 2915 3783 inimica
2963 3730 3074 3787 Deo
3102 3731 3279 3798 idola,
3307 3741 3362 3788 et

1788 3820 1957 3875 stolas
1997 3830 2424 3886 commutemus,
2465 3833 2704 3878 veterem
2749 3822 3022 3877 hominem
3074 3833 3365 3892 exuentes,

1792 3920 2171 3981 pmtercaque
2200 3912 2351 3979 prius
2380 3913 2621 3981 inaures,
2653 3928 2774 3983 qua:
2804 3914 3012 3969 nostris
3033 3914 3256 3971 auribus
3281 3916 3366 3970 in-

1783 4011 1911 4057 sunt
1936 4041 1953 4065 ,
1987 4002 2322 4072 deponamus
2342 4044 2356 4069 ,
2385 4003 2440 4058 id
2465 4014 2550 4059 est
2570 4044 2587 4071 ,
2620 4005 2896 4060 doctrinas
2924 4006 3205 4075 priscasin
3245 4007 3367 4075 qui-

1786 4094 1887 4149 bus
1917 4095 2072 4150 nobis
2100 4095 2537 4152 assentabamur.
2586 4096 2710 4153 Haec
2760 4099 2904 4153 dicta
2951 4109 3111 4154 sunto
3139 4111 3362 4169 propter

1784 4184 1950 4239 illud:
1983 4184 2386 4254 Confundentur
2410 4187 2476 4240 ab
2502 4187 2661 4242 idolis
2688 4189 2803 4243 suis
2823 4205 2942 4259 qua:
2969 4189 3072 4258 ipsi
3099 4188 3363 4244 volebant.

1785 4274 1954 4329 Nemo
1989 4276 2133 4329 enim
2167 4275 2371 4330 invitus
2396 4276 2669 4345 explicata
2699 4276 2811 4345 jam
2838 4293 2868 4331 a
2895 4277 3053 4331 nobis
3077 4276 3220 4330 idola
3266 4276 3369 4330 ba-

1782 4366 1905 4421 bet:
1930 4375 2258 4437 quapropter
2286 4366 2481 4436 quibus
2514 4367 2769 4423 ducimur
2798 4369 3190 4439 cupiditatibus
3214 4407 3231 4435 ,
3259 4383 3360 4426 eas

1716 4476 1762 4531 ι)
1791 4459 1871 4515 sic
1898 4458 2119 4513 deorum
2151 4471 2379 4512 numero
2406 4457 2755 4513 ascribimus.

1868 4549 1957 4604 62.
1983 4548 2051 4602 Et
2080 4548 2287 4617 confusi
2318 4561 2440 4605 sunt
2465 4565 2621 4619 super
2641 4549 2807 4604 [tortis
2834 4551 2947 4605 suis
2968 4591 2984 4619 ,
3010 4566 3141 4622 quos
3166 4567 3363 4604 concu-

1128 4773 1183 4830 e.
1260 4773 1304 4805 ιτ
1355 4770 1544 4827 Matth.
1593 4787 1684 4839 vr,

1804 4811 1818 4827 .
1896 4769 2144 4839 "ﬁDeul.
2188 4786 2367 4838 xxv",
2424 4770 2511 4825 15.
2587 4771 2635 4802 ⁶⁹
2663 4769 2991 4837 ϐοησιιιν,
3020 4770 3072 4825 5.

160 4999 277 5071 (75)
309 4997 539 5071 Legitur
563 5003 815 5065 corrupte
838 5003 891 5071 et
919 4993 973 5071 in
1002 4990 1162 5047 editis
1184 4999 1241 5046 et
1266 4989 1327 5071 in,
1345 4989 1665 5071 quibusdam

1797 4991 1884 5043 οῦ.
1910 5029 1924 5043 .
1948 5028 1964 5043 .
2003 4990 2516 5071 εἰδωλολατροῦντος
2541 5006 2554 5022 ·
2589 4993 2684 5047 sed
2738 4992 3010 5061 vulgatam
3063 4995 3356 5049 lectionem

89 5059 271 5135 mss,
291 5071 329 5139 ἡ
362 5059 601 5139 ἅλωσις-ξ
649 5059 811 5139 quam
850 5063 1401 5139 lec‘tionemnsecutns
1426 5059 1667 5139 Tilmau-

91 5156 193 5196 nus
228 5130 508 5193 verterat:
540 5136 602 5191 Si
630 5130 766 5188 enim
800 5134 1095 5201 captivitas.
1139 5130 1244 5186 Sed
1266 5138 1438 5201 recte
1476 5143 1509 5201 ο
1553 5130 1667 5201 suis

89 5211 372 5265 codicibus
417 5204 485 5260 H.
530 5215 585 5260 et
614 5203 666 5259 .I.
704 5197 1014 5258 emendavit
1059 5200 1402 5257 doctissimus
1446 5199 1529 5252 vir
1558 5197 1665 5251 Du-

88 5294 255 5341 ηυξ.
285 5276 611 5346 Ιβιίιιιιιενὴ
645 5272 979 5346 omne-
1140 5341 1153 5346 -
1342 5337 1355 5346 .
1515 5336 1525 5346 .

159 5337 274 5421 (76)
315 5337 709 5431 Fro'illo,.'eo§
743 5339 1004 5431 Χριστοῦ,
1047 5341 1309 5410 scriptum
1340 5337 1394 5392 in
1438 5337 1665 5408 quibus-

88 5415 213 5475 dam
242 5415 379 5473 mss.
407 5415 735 5479 invenimus,
758 5415 946 5468 αὑτοῦ.

158 5486 418 5559 (7ηί81σ
465 5476 888 5559 quatuor—mssa
915 5494 1198 5559 cum_uno
1246 5476 1664 5559 fioprbeilsia_no.

90 5547 231 5615 Editi
254 5547 708 5628 obx_6ra5._Alter
739 5552 985 5628 Combel'.
1041 5550 1133 5628 Er.
1172 5552 1198 5604 1
1225 5547 1412 5628 ,ιιιώοι
1451 5549 1669 5617 quidem

89 5629 189 5702 οὐχ
219 5619 746 5702 ὑπ”ἀναισθησίας-
793 5623 886 5678 sed
927 5622 1119 5702 vocula
1173 5619 1246 5690 μή
1300 5628 1426 5672 ante
1482 5632 1667 5672 vocem

90 5693 390 5761 δυνάμενος
413 5712 479 5751 eo
508 5693 789 5750 in'codice
823 5708 927 5745 non
956 5693 1173 5761 legitur.

162 5756 276 5841 (78)
309 5756 545 5838 Uterque
569 5765 722 5823 Colb.
750 5774 806 5822 et
831 5761 966 5833 Reg.
992 5756 1283 5830 secundus,
1315 5756 1570 5819 ἐλθόντος.
1606 5791 1617 5812 .
1646 5792 1662 5811 .

1772 5070 1990 5114 tuentur
2014 5062 2105 5114 alii
2139 5072 2249 5115 tres
2277 5062 2409 5115 tnss.

1839 5130 1949 5205 (79)
1971 5132 2317 5201 Sicquinqne
2336 5146 2465 5186 mss.
2491 5132 2561 5186 At
2582 5132 2710 5187 editi
2732 5142 2787 5188 et
2808 5132 2944 5203 Reg.
2971 5133 3199 5205 primus,
3225 5133 3357 5185 καοι

1771 5199 2138 5271 ιδρυνόμενον.

1838 5268 2131 5344 (80)Ἐι11ιι
2152 5279 2208 5325 et
2230 5271 2337 5326 duo
2370 5286 2527 5344 mss...
2559 5272 2784 5344 ποιήσῃ.
2814 5272 3187 5344 Alii__quatuor
3215 5287 3353 5329 mss.

1766 5341 2019 5412 ποιήσει,
2033 5348 2086 5393 et
2120 5341 2191 5394 ita
2217 5357 2434 5412 quoque
2465 5341 2834 5410 legitur'apud
2869 5341 3036 5400 LXX.

1862 5408 1949 5481 81)
1981 5408 2092 5481 Vox
2128 5410 2286 5481 ἡμῶν
2319 5408 2384 5467 ἐκ
2419 5408 2592 5467 tribus
2624 5408 2756 5467 mss.
2783 5413 2965 5467 addita
2999 5420 3103 5469 est.

1859 5480 2073 5555 8:2')_Sic
2111 5480 2243 5555 mss.
2271 5493 2524 5555 quatuor.
2564 5482 2707 5555 ἰξάίιί
2739 5491 2795 5538 et
2839 5486 2944 5537 duo
3010 5498 3167 5555 mss.,
3200 5499 3349 5555 προ-ι

1765 5549 2149 5628 αποδιδόμενα.
2178 5549 2375 5628 Statim
2407 5554 2460 5607 in
2480 5551 2851 5628 duobus_m_ss.
2885 5549 3360 5628 pro_e_1_rnaxt_3v01)-r

1766 5637 1866 5693 σαν
1888 5626 2157 5693 scriptum
2188 5624 2458 5690 reperitur
2480 5620 2951 5693 ἐπαισχύνθησαν.
2976 5620 3350 5693 Βίὺι’ἱει’81χιῖ,

1763 5688 2110 5813 ἓσχύνθησαν
2135 5707 2147 5721 ο
2201 5688 2445 5749 nunnulli
2486 5708 2617 5750 mss.
2648 5688 2781 5751 cum
2809 5688 3003 5763 'editis,
3054 5688 3350 5768 ἐπαισχύνί

1797 5777 1961 5833 ησαν.
