3828 6216
430 334 539 394 327

1378 316 1730 374 .APPENDIX
1764 311 2054 372 OPERUM
2090 310 2149 365 S.
2192 306 2431 363 BASILII
2466 302 2701 361 MAGNL

3565 291 3679 347 928

436 446 665 507 piarunt.
699 439 905 495 Nomen
946 428 1090 489 horti
1127 429 1581 503 deprehendimus
1625 427 1681 481 in
1717 434 2002 492 utramque

2124 418 2578 485 ἰέπεθύμησαν.
2631 409 3018 482 Ἐπαμφότερα
3063 405 3174 479 (85)
3227 400 3683 476 παραληφθεῖσαν

436 544 644 605 partem
674 538 989 597 usurpatum
1011 563 1028 591 ,
1065 524 1210 577 sicut
1258 522 1311 575 in
1359 519 1558 574 Genesi
1599 518 1815 588 quidem
1846 514 2004 583 juxta

435 624 727 693 Aquilam:
775 618 843 673 Et
881 615 1139 686 plantavit
1186 611 1449 666 Dominus
1493 609 1637 663 Deus
1690 612 1898 661 hortum
1948 607 2005 657 in

439 711 606 767 Edam
625 712 693 765 '°.
720 710 826 764 Sed
848 723 880 764 ο
909 705 1186 763 contrario
1204 714 1349 759 terra
1379 701 1603 772 Egypti
1624 741 1640 765 ,
1665 713 1789 754 cum
1820 696 2006 766 culpa-

439 815 610 868 retur,
660 800 927 871 appellata
966 807 1050 854 est
1080 799 1270 852 hortus
1315 792 1555 850 oleribus
1594 791 1856 847 consitus.
1899 789 2005 842 lte-

440 908 560 948 rum
592 891 735 946 horti
764 890 823 943 fit
850 890 1055 943 mentio
1078 902 1203 941 cum
1226 885 1647 954 vituperatione,
1688 882 1777 936 ubi
1819 881 2008 935 Achab

461 982 531 1036 ad
557 979 898 1036 efficiendum
927 978 1135 1032 olerum
1181 977 1397 1031 hortum
1431 974 1800 1029 hareditatem
1829 972 2009 1026 Nabu-

448 1076 554 1129 thae
583 1071 841 1128 Israelita:
870 1067 1283 1138 concupisceret
1319 1067 1386 1118 τί.
1430 1065 1790 1120 Ecclesiastes
1821 1069 2006 1115 contra

439 1181 565 1222 cum
590 1165 750 1219 laude
777 1163 1025 1216 meminit
1051 1159 1219 1224 horti,
1243 1159 1429 1213 dicens
1453 1174 1467 1211 :
1502 1156 1627 1210 Feci
1649 1156 1777 1209 mihi
1805 1153 2007 1218 hortos,

440 1267 489 1311 et
515 1256 755 1324 pomaria
777 1254 845 1306 τ’.
872 1250 1011 1319 Quin
1035 1250 1199 1303 etiam
1232 1249 1547 1303 benedictus
1580 1255 1666 1302 est
1699 1246 1888 1299 hortus
1912 1283 1928 1309 ,
1954 1245 2010 1297 in

444 1360 552 1413 quo
594 1344 697 1398 fuit
746 1348 1199 1404 monumentum,
1230 1339 1374 1407 quod
1422 1338 1474 1390 in
1527 1336 1743 1390 Domini
1779 1348 2011 1403 corpore

440 1434 823 1503 temporariam
882 1429 1078 1485 mortis
1123 1428 1582 1499 dispensationem
1626 1425 1858 1495 excepit.
1911 1423 2012 1480 Hic

442 1527 662 1596 quidem
713 1525 766 1578 in
824 1524 1025 1579 malam
1077 1532 1287 1594 partem
1351 1530 1608 1591 acceptus
1654 1527 1866 1585 est,ut
1919 1516 2012 1586 qui

444 1617 816 1673 confusionem
866 1615 1239 1685 pudoremque
1292 1612 1523 1666 incutiat
1584 1607 2011 1677 concupiscenti-

444 1708 565 1764 bus.
604 1707 671 1761 Et
702 1719 834 1760 sane
876 1704 1092 1760 videtur
1136 1715 1279 1756 nunc
1313 1701 1380 1755 de
1407 1701 1543 1756 lucis
1587 1699 1773 1767 loqui,
1799 1697 1888 1767 qui
1938 1696 2006 1750 ad

2106 509 2199 563 τοῦ
2240 509 2416 577 κήπου
2447 507 2545 577 τὴν
2576 501 2942 577 προσηγορίαν
2988 499 3334 570 εὑρίσκομεν,
3367 495 3443 559 ὡς
3483 494 3683 565 ἐνομὲν

2108 599 2175 667 τῇ
2206 598 2418 651 Γενέσει
2439 595 2580 649 κατά
2598 595 2688 647 τὸν
2718 591 2950 645 Ἀκύλαν
2970 605 2985 619 ·
3016 589 3125 643 Καὶ
3146 587 3443 656 ἐφύτευσε
3464 585 3684 649 Κύριος

2109 690 2141 739 ό
2177 685 2320 751 Θεὸς
2344 684 2543 753 κῆπον
2592 683 2660 735 ἐν
2694 680 2880 750 Ὲδέμ.
2912 677 3079 733 Πάλιν
3113 676 3171 729 δὲ
3222 676 3257 744 ἡ
3290 674 3364 742 γῆ
3400 673 3682 740 Αἰγύπτου

2108 774 2499 845 διαϐαλλομένη
2535 773 2712 843 κῆπος
2746 770 2957 841 εἴρηται
2999 765 3279 837 λαχανίας.
3304 763 3472 818 Πάλιν
3504 761 3683 832 ψεκτὴ

2114 867 2300 936 μνήμη
2335 867 2510 935 κήπου
2534 902 2549 929 ,
2591 864 2757 934 ἡνίκα
2798 859 3003 930 Ἀχαάδ
3040 857 3305 928 ἐπεθύμει
3346 856 3438 909 τὸν
3479 854 3685 925 κλῆρον

2109 957 2388 1012 Ναϐουθαὶ
2413 957 2521 1027 (84)
2554 955 2649 1009 τοῦ
2678 952 3033 1026 Ἰεζραηλίτου
3061 955 3232 1022 κῆπον
3257 948 3506 1019 λαχάνων
3538 947 3687 1017 ποιῆ·

2113 1064 2224 1102 σαι.
2277 1045 2605 1109 Ἐπαινετῶς
2660 1044 2716 1098 δὲ
2757 1044 3026 1114 μέμνηται
3067 1044 3097 1094 ὁ
3131 1035 3563 1107 Ἐκκλησιαστὴς
3598 1035 3687 1088 λέ·-

2110 1156 2254 1207 γων·
2316 1136 2599 1204 Ἐποίησά
2640 1154 2743 1206 μοι
2807 1133 3037 1201 κήπους
3100 1131 3199 1185 καὶ
3256 1128 3682 1198 παραδείσους.

2112 1230 2417 1300 Ηύλόγηται
2437 1228 2493 1281 δὲ
2518 1229 2546 1279 ό
2580 1227 2773 1297 κῆπος,
2804 1227 2860 1279 ἐν
2889 1218 2934 1292 ᾧ
2958 1216 3017 1277 τὸ
3043 1224 3254 1294 μνῆμα,
3280 1220 3379 1292 τὴν
3414 1221 3686 1289 πρόσκαι-

2115 1335 2206 1390 ρον
2242 1318 2334 1372 τοῦ
2368 1318 2597 1372 θανάτου
2627 1315 2935 1386 οἰκονομίαν
2961 1312 3355 1381 ὑποδεξάμενον
3383 1312 3442 1364 ἐν
3467 1309 3549 1380 τῷ
3576 1308 3683 1362 σώ-

2116 1428 2245 1481 ματι
2281 1408 2375 1463 τοῦ
2405 1409 2631 1482 Κυρίου.
2684 1406 2943 1463 Ἐνταῦθα
2985 1405 3165 1477 μέντοι
3222 1402 3572 1473 διαϐέϐληται
3607 1401 3685 1465 ὡς

2113 1502 2373 1573 αἰσχύνην
2405 1500 2678 1572 προξενῶν
2702 1502 2814 1564 τοῖς
2848 1498 3269 1570 ὲπιθυμήσασιν.
3311 1498 3421 1550 Καὶ
3443 1495 3590 1548 ἔοικέ
3620 1509 3687 1562 γε

2113 1588 2208 1643 νῦν
2226 1589 2295 1642 τὰ
2331 1589 2468 1661 ἄλση
2492 1589 2670 1657 λέγειν
2692 1588 2761 1641 τὰ
2796 1591 2909 1651 τοῖς
2932 1587 3171 1650 εἰδώλοις
3197 1588 3276 1648 εἰς
3305 1586 3508 1655 κόσμον
3535 1585 3689 1655 παρὰ

2114 1682 2222 1735 τῶν
2273 1683 2638 1753 ἠπατημένων
2685 1680 3178 1753 περιφυτευόμενα,
3220 1678 3364 1750 ἆπερ
3413 1677 3526 1750 (85)
3579 1678 3688 1750 χρὴ

449 1761 714 1856 idolorum
749 1805 1000 1852 ornatum
1035 1796 1103 1850 ab
1141 1794 1224 1849 his
1249 1793 1340 1862 qui
1360 1792 1571 1859 decepti
1598 1761 1767 1854 sunt,
1795 1761 2004 1844 undeli-

2124 1772 2345 1826 ιοεῖσθαι
2390 1772 2490 1836 τὰς
2520 1772 2939 1843 πεπλανημένας
2977 1768 3371 1841 ἐπιτηδεύσεις,
3416 1768 3513 1821 καὶ
3560 1767 3687 1830 τοὺς

446 1889 538 1944 bet
575 1887 890 1959 plantantur
925 1901 939 1938 :
989 1897 1085 1953 per
1118 1857 1516 1951 quos—intelligi
1545 1883 1763 1949 oportet
1816 1876 2009 1930 vitiosa

2124 1863 2304 1928 ἔξωθεν
2334 1864 2767 1934 σχηματισμοὺς,
2786 1857 2868 1926 οἷς
2897 1861 2967 1915 τὰ
3002 1859 3145 1931 πάθη
3175 1859 3335 1930 ήμῶν
3370 1857 3684 1922 ἐπισκιάζο-

444 1979 624 2033 studia
694 1986 751 2033 et
796 1983 1053 2031 externas
1096 1972 1513 2035 simulatiOnes,
1559 1970 1767 2040 quibus
1825 1977 2011 2023 nostra

444 2071 829 2126 obumbramus
861 2067 1012 2121 vitia.
1046 2064 1508 2134 Quemadmodum
1535 2062 1578 2117 si
1605 2063 1732 2131 quis
1759 2076 1815 2115 se
1846 2058 2009 2131 425

457 2163 510 2217 in
539 2160 907 2232 voluptatibus
934 2158 1186 2213 volutans
1205 2197 1220 2222 ,
1244 2156 1529 2213 simularet
1548 2154 1891 2218 castitatem;
1931 2151 2015 2205 vel

450 2254 495 2308 si
523 2253 646 2322 quis
673 2250 1029 2321 pecuniarum
1070 2247 1322 2304 servituti
1367 2244 1708 2313 mancipatus
1735 2282 1751 2307 ,
1786 2255 2013 2312 magna-

447 2344 629 2399 nimus
657 2342 826 2396 videri
858 2341 1072 2396 studeat
1094 2356 1110 2394 ;
1136 2341 1208 2394 ob
1235 2351 1353 2406 quae
1394 2335 1795 2391 confundentur
1818 2348 2017 2388 concu-

446 2435 737 2505 piscentes,
766 2432 985 2504 quando
1027 2430 1268 2486 cordium
1315 2436 1626 2483 nostrorum
1682 2425 1906 2480 consilia
1941 2438 2019 2479 re-

445 2526 790 2580 velabuntur.

517 2614 607 2670 65.
631 2614 792 2670 Vens.
822 2613 910 2670 30.
926 2612 1100 2667 Erunt
1130 2612 1266 2667 enim
1281 2610 1434 2679 quasi
1456 2610 1774 2665 terebinthus
1796 2625 1913 2679 quae
1927 2609 2020 2662 ab-

2112 1972 2230 2024 μεν.
2263 1948 2387 2007 Οἷον
2410 1954 2462 2006 εἰ
2482 1971 2565 2016 τις
2589 1956 2647 2006 ἐν
2669 1953 2881 2024 ἡδοναῖς
2913 1949 3160 2007 καλινδού
3170 1965 3353 2020 μενος,
3380 1947 3684 2019 σεμνότητα

2113 2045 2515 2117 σχηματίζοιτο,
2550 2046 2644 2098 καὶ
2672 2046 2832 2109 εἴτις
2856 2042 3248 2113 δεδουλωμένος
3290 2041 3561 2113 χρήμασι,
3592 2056 3686 2109 με-

2112 2138 2411 2209 γαλόψυχος
2450 2134 2588 2191 εἷναι
2630 2137 2806 2191 δοκεῖν
2838 2134 3168 2208 ἐπιτηδεύοι,
3209 2131 3291 2195 οἷς
3318 2129 3689 2209 ἐπαισχυνθή-

2115 2204 2294 2283 σονται
2316 2204 2363 2283 οἰ
2390 2228 2846 2299 ἐπιθυμήσαντες,
2874 2204 3001 2281 ὅταν
3023 2227 3079 2281 αἰ
3110 2223 3299 2295 βουλαὶ
3318 2204 3432 2277 τεῶν
3455 2220 3689 2294 καρδιῶν

2114 2323 2148 2393 ή
2156 2321 2269 2392 μῶν
2290 2320 2803 2374 ἀποκαλύπτωνται.

2188 2596 2279 2652 65.
2316 2594 2600 2650 Ἔσονται
2633 2593 2744 2664 γὰρ
2768 2593 2848 2660 ὡς
2885 2592 3217 2661 τερέϐινθος
3243 2588 3696 2656 ἀποϐεϐληκυῖα

441 2707 569 2775 fecit
591 2704 743 2773 folia,
774 2714 820 2759 et
853 2703 988 2758 velut
1035 2703 1217 2756 [tortus
1262 2675 1366 2756 non
1412 2700 1605 2754 habens
1631 2675 1844 2769 aquam.
1869 2698 2020 2766 Quod

2124 2689 2192 2743 τὰ
2216 2688 2324 2759 (86)
2351 2688 2573 2757 φύλλα,
2610 2686 2708 2739 καὶ
2743 2686 2821 2751 ὡς
2847 2682 3211 2753 παράδεισος
3224 2675 3380 2750 ὕδωρ
3407 2679 3495 2750 μὴ
3514 2678 3693 2749 ἔχων.

447 2770 640 2850 attinet
664 2799 732 2850 ad
768 2794 1003 2849 nativam
1040 2795 1327 2847 verborum
1363 2790 1838 2862 significationem,
1873 2789 2020 2843 vide-

2131 2782 2220 2845 Ὠς
2256 2781 2353 2852 μὲν
2409 2779 2545 2851 πρὸς
2575 2777 2637 2832 τὸ
2663 2776 2844 2849 ῥητὸν,
2878 2776 3024 2829 δοκεῖ
3052 2773 3179 2847 περ).
3219 2772 3328 2827 τῶν
3363 2774 3557 2843 κήπων
3607 2770 3700 2823 λέ-

446 2895 539 2941 tur
569 2888 636 2942 de
678 2887 744 2942 iis
785 2885 957 2940 hortis
1006 2882 1172 2938 verba
1220 2861 1437 2946 facere,
1481 2895 1713 2950 quorum
1754 2877 2020 2936 desiderio

2124 2890 2240 2943 γειν
2291 2870 2398 2925 τῶν
2458 2867 2809 2942 ἐπιθυμητῶν
2863 2870 2975 2930 τοῖς
3033 2864 3507 2937 εἰδωλολατροῦσιν
3532 2901 3549 2929 ,
3614 2861 3699 2916 ὅτι

450 2978 773 3033 tenebantur
817 2972 1210 3033 istiidolorum
1249 2971 1489 3027 cultores
1519 2991 1532 3026 :
1568 2971 1821 3026 nimirum
1857 2968 2020 3024 futuri

2124 2964 2511 3035 ἀτερπέστεροι
2557 2960 2771 3015 ἔσονται
2800 2958 3110 3032 τερεϐίνθου
3144 2950 3548 3028 γυμνωθείσης,
3602 2954 3702 3007 καὶ

448 3080 606 3125 erant
633 3070 936 3129 terebintho
990 3069 1105 3125 suis
1158 3065 1299 3121 loliis
1343 3064 1571 3135 spoliata
1601 3074 1657 3119 et
1690 3063 1848 3118 horto
1875 3073 2020 3130 aquae

2126 3056 2449 3128 παραδείσου
2487 3052 2953 3125 ἁποξηρανθέντος
2982 3048 3087 3104 ὑπὸ
3133 3048 3246 3121 (87)
3280 3047 3559 3118 ἀνυδρίας.
3611 3046 3703 3109 Ὧς

447 3168 675 3242 penuria
705 3165 982 3222 exsiccalo
1003 3158 1409 3217 inamteniores.
1439 3157 1591 3223 Quod
1615 3163 1795 3209 autem
1818 3161 2020 3222 spectat

2126 3147 2183 3200 δὲ
2240 3146 2376 3218 πρὸς
2426 3145 2517 3198 τὸν
2570 3140 2759 3221 ἠθικόν
2809 3140 2953 3205 νοῦν,
3006 3142 3088 3195 ὅτι
3117 3140 3168 3193 οἱ
3204 3138 3283 3209 τῷ
3325 3137 3525 3202 ἔξωθεν
3562 3154 3702 3209 σχηο

449 3264 518 3317 ad
551 3272 766 3318 sensum
798 3254 1084 3318 moralem,
1115 3261 1198 3307 est
1243 3249 1528 3319 ejusmodi.
1564 3247 1666 3314 Qui
1712 3261 1812 3317 per
1848 3253 2028 3299 exter-

451 3369 579 3409 num
627 3350 810 3405 fucum
868 3344 1095 3414 gloriam
1149 3348 1490 3409 aucupentur
1541 3339 1609 3392 ab
1666 3336 1972 3391 hominibus
2007 3372 2022 3400 ,

450 3448 734 3513 postquam
770 3452 835 3491 ea
869 3448 987 3504 quae
1024 3430 1344 3488 abscondita
1380 3436 1526 3494 sunt,
1557 3435 1759 3483 retecta
1794 3424 2023 3489 fuerint,

451 3549 572 3589 cum
621 3529 820 3585 fuerint
846 3526 1027 3581 omnia
1063 3524 1206 3578 nuda
1242 3530 1298 3576 et
1344 3529 1533 3590 aperta
1560 3519 1628 3585 ",
1659 3518 1887 3588 necjam
1918 3516 2025 3573 ulla

451 3625 505 3677 in
561 3620 794 3676 obscuro
849 3613 1124 3671 delituerit
1172 3617 1461 3675 creatura,
1510 3618 1621 3662 tum
1668 3616 2026 3663 evanescente

451 3728 641 3767 eorum
668 3722 873 3773 errore,
903 3704 1148 3761 deforme
1177 3703 1464 3757 admodum
1498 3699 1863 3770 spectaculum
1890 3712 2026 3768 prae-

450 3800 689 3864 bebunt,
721 3798 799 3851 ita
845 3802 904 3851 ut
944 3793 1046 3862 ipsi
1084 3799 1464 3861 comparentur
1505 3788 1749 3858 quercui.
1780 3786 1854 3840 lta
1881 3786 2024 3840 enim

453 3890 802 3948 reddiderunt
833 3887 920 3943 eiii
948 3886 1275 3954 interpretes
1316 3879 1680 3936 terebinthum
1712 3894 1727 3932 :
1752 3882 1947 3949 quippe
1974 3885 2028 3932 et

454 3986 509 4037 in
539 3978 735 4036 Genesi
782 3989 1041 4047 quercum
1081 3981 1135 4028 et
1185 3970 1550 4026 terebinthum
1608 3967 1852 4022 eamdem
1908 3979 2029 4021 esse

453 4074 703 4129 arborem
730 4064 1101 4123 didicimus”.
1140 4064 1317 4119 Erunt
1349 4062 1515 4131 igitur
1554 4059 1696 4113 foliis
1719 4057 1830 4127 jam
1865 4057 2029 4111 amis-

453 4165 528 4220 sis
559 4159 865 4217 terebintho
879 4158 964 4211 vel
991 4156 1212 4226 quercui
1236 4153 1587 4217 consimiles,
1625 4165 1749 4219 qua:
1781 4150 1852 4215 id,
1887 4150 2026 4217 quod

455 4260 615 4308 antea
636 4251 840 4306 latebat
871 4249 971 4304 sub
999 4247 1166 4312 foliis,
1186 4248 1254 4300 sit
1280 4246 1350 4300 ob
1375 4244 1562 4299 oculos
1592 4242 1851 4311 positura.
1894 4240 2027 4293 Nam

455 4344 719 4399 adornata
752 4346 838 4395 est
871 4337 1129 4408 spissiore
1155 4334 1411 4390 foliorum
1438 4346 1614 4395 coma,
1651 4340 1816 4398 atque
1852 4344 2029 4383 ramo-

2129 3237 2382 3310 ματισμῷ
2409 3237 2508 3307 τὴν
2524 3235 2675 3307 παρὰ
2706 3235 2814 3288 τῶν
2847 3231 3149 3306 ἀνθρώπων
3179 3231 3335 3298 δόξαν
3365 3229 3701 3301 θηρώμενοι,

2129 3330 2267 3401 μετά
2301 3329 2401 3400 τὴν
2452 3324 2759 3398 φανέρωσιν
2809 3325 2919 3379 τῶν
2952 3323 3233 3397 κρυπτῶν,
3291 3323 3420 3376 ὅταν
3473 3320 3705 3393 γένηται

2127 3422 2305 3476 πάντα
2335 3419 2515 3491 γυμνά
2538 3419 2634 3473 καὶ
2660 3417 3147 3489 τετραχηλισμένα,
3172 3415 3268 3469 καὶ
3294 3413 3490 3487 μηκέτι
3597 3428 3708 3484 μηο

2125 3512 2286 3584 δεμία
2313 3510 2488 3573 κτίσις
2509 3510 2740 3580 ἀφανὴς,
2776 3509 3079 3581 ἀωρότερον
3106 3507 3319 3560 ἔσονται
3352 3505 3558 3576 θέαμα,
3598 3506 3707 3575 τῆς

2126 3604 2219 3656 νῦν
2252 3602 2380 3674 περί
2416 3601 2613 3664 αὐτοὺς
2636 3600 2850 3667 ἀπάτης
2880 3596 3289 3669 ἀφανισθείσης,
3317 3596 3457 3650 ὥστε
3489 3595 3615 3668 δρυῒ
3648 3598 3707 3650 τό

2127 3694 2246 3747 κατ’
2275 3693 2472 3756 αὐτοὺς
2513 3690 2962 3761 παρεικάζεσθαι.
2989 3687 3146 3743 Οὕτω
3192 3687 3300 3759 γὰρ
3330 3688 3380 3739 οἰ
3401 3686 3552 3741 ἄλλοι
3601 3688 3707 3757 τὴν

2125 3782 2432 3855 τερέϐινθον
2459 3780 2840 3844 ἐκδεδώκασιν,
2885 3779 3008 3833 ἐπεὶ
3034 3779 3129 3833 καὶ
3168 3779 3225 3832 ἐν
3246 3781 3312 3849 τῇ
3348 3777 3569 3831 Γενέσει
3604 3779 3706 3850 τὴν

2127 3878 2296 3948 αὐτὴν
2328 3876 2423 3929 καὶ
2453 3873 2583 3946 δρῦν
2611 3874 2705 3926 καὶ
2729 3872 3037 3944 τερέϐινθον
3064 3870 3480 3942 μεμαθήκαμεν.
3513 3872 3709 3924 Ἔσονο

2126 3987 2216 4023 ται
2243 3964 2336 4021 οῦν
2395 3968 2568 4038 ὅμοιοι
2600 3964 2895 4038 τερεδίνθῳ
2924 3964 3043 4035 ἢτοι
3082 3962 3221 4034 δρυῒ,
3282 3962 3417 4033 μετά
3469 3961 3570 4034 τὴν
3607 3962 3709 4034 τῆς

2127 4061 2302 4131 κόμης
2332 4058 2609 4123 ἀπόθεσιν,
2648 4059 2717 4112 τά
2751 4056 2855 4111 ὑπὸ
2880 4056 2988 4110 τῶν
3020 4055 3232 4124 φύλλων
3260 4055 3394 4119 τέως
3428 4056 3707 4109 καλυπτό-

2132 4169 2267 4223 μενα
2296 4149 2678 4223 προδεικνύσῃ.
2709 4146 3027 4219 Πυκνοτέρᾳ
3049 4145 3160 4218 (88)
3192 4144 3298 4218 γὰρ
3327 4149 3392 4217 τῇ
3424 4147 3575 4219 κόμῃ
3597 4148 3711 4200 τῶν

2129 4244 2342 4314 φύλλων
2374 4243 2748 4312 κεκόσμηται,
2807 4240 2901 4294 καὶ
2928 4241 2996 4310 τῇ
3047 4240 3112 4292 ἐκ
3142 4237 3347 4291 τούτων
3386 4238 3615 4309 εύχροίᾳ
3647 4240 3710 4291 τὺ

2127 4335 2303 4407 τραχὺ
2332 4335 2440 4387 τῶν
2484 4333 2695 4387 κλάδων
2723 4333 2892 4403 αὐτῆς
2950 4330 3321 4394 συσκιάζεται.
3355 4330 3468 4383 Καὶ
3500 4327 3711 4399 ταύτης

455 4448 579 4490 rum
599 4431 715 4502 ejus
743 4429 1007 4499 asperitas
1029 4425 1264 4496 eleganti
1301 4421 1611 4477 eorumdem
1643 4418 1825 4473 colore
1844 4426 2020 4472 conte-

2130 4422 2222 4480 οῦν
2253 4425 2487 4489 ἔσονται,
2519 4423 2705 4493 φησὶν,
2751 4419 3162 4492 ἀτερπέστεροι,
3199 4420 3335 4490 μετὰ
3366 4416 3475 4472 τῶν
3509 4418 3711 4489 βεϐιωσ-

457 4525 623 4594 gitur.
663 4522 730 4577 Et
780 4519 1022 4590 quidem,
1065 4515 1274 4585 inquit,
1311 4524 1512 4580 quercu
1559 4509 1820 4578 ejusmodi
1872 4519 2031 4562 erunt

456 4612 843 4670 inammniores
877 4618 1011 4672 tum,
1033 4622 1153 4662 cum
1183 4615 1454 4672 comperta
1480 4600 1677 4656 fuerint
1698 4615 1819 4669 qua:
1842 4615 1937 4669 per
1958 4603 2034 4652 vl-

459 4714 570 4761 tam
591 4710 892 4774 gesserunt.
907 4700 973 4753 Et
988 4714 1118 4754 vero
1129 4698 1262 4752 sicut
1285 4697 1467 4750 hortus
1488 4710 1677 4764 aquam
1691 4709 1795 4747 non
1816 4692 2030 4747 habens.

459 4798 605 4853 Talis
632 4804 687 4851 et
713 4796 897 4865 utique
923 4793 1085 4847 etiam
1124 4790 1285 4844 fuerit
1319 4788 1499 4853 Israel,
1525 4787 1649 4841 folia
1697 4786 1913 4856 quidem
1943 4786 2042 4840 ha-

459 4890 594 4946 bens
621 4901 870 4959 peraque
905 4901 970 4940 ac
1003 4896 1260 4954 quercus,
1291 4880 1423 4950 legis
1468 4879 1718 4934 videlicet
1766 4878 2035 4944 umbram,

426 5108 433 5115 ,
534 5042 581 5073 "°
613 5040 749 5097 Gen.
774 5056 837 5106 ιι,
861 5041 915 5096 8.
989 5039 1034 5070 τί
1060 5035 1125 5092 ill
1158 5037 1290 5107 Reg.
1319 5051 1438 5090 xxi.
1469 5034 1527 5089 2.
1601 5036 1647 5066 "
1677 5033 1858 5090 Eccle.
1897 5049 1972 5102 tt,
2000 5034 2056 5088 5.

533 5238 647 5312 (85)
676 5233 1108 5312 ’Eaapgpdcepa,
1134 5232 1197 5312 _in
1230 5240 1508 5312 utramque
1539 5229 1901 5312 par_t.ent,ehoc
1925 5238 2029 5294 est,

461 5299 751 5365 m'bonum
784 5299 838 5360 ei
862 5299 1082 5358 malum.
1133 5300 1279 5373 Lege
1318 5299 1590 5356 linearum.
1626 5299 1749 5356 Mox
1804 5309 2030 5369 uterque

462 5378 726 5447 Colbertn
756 5376 1090 5447 εὑρήκαμεν.

535 5447 649 5519 (δέ)
674 5438 768 5519 S_i_c
798 5438 931 5500 mss.
961 5438 1225 5498 nonnulli.
1449 5438 1721 5519 i‘laﬁouee:

537 5509 656 5601 <85).
685 5514 783 5601 sic.
810 5529 941 5601 ea
971 5509 1500 5601 ειιξξέυοεο,βαὶι,ίιέι;
1536 5510 1652 5601 919*
1687 5511 2033 5601 “ea-.832"?-

466 5576 570 5642 dus
606 5576 663 5639 ἐι
700 5594 929 5651 uterque
970 5576 1148 5648 Colb.,
1176 5582 1278 5646 τὰς
1321 5579 1706 5651 πεπλασμένας
1744 5576 2031 5646 ἐπιτηδεύ-

466 5671 599 5719 αις.
635 5655 772 5710 Editi
807 5662 863 5707 et
895 5660 1003 5707 tres
1029 5652 1118 5706 alii
1159 5668 1291 5709 mss.
1320 5659 1380 5705 ut
1420 5652 1474 5705 in
1504 5658 1782 5719 contextu.

537 5716 651 5797 (86)
687 5724 852 5794 Editi,
900 5721 1065 5782 αὑτοῦ
1114 5723 1204 5779 τά.
1256 5722 1452 5779 Vocem
1502 5716 1665 5773 αὐτοῦ
1709 5717 2033 5786 delevimus,

2133 4518 2308 4588 μένων
2358 4517 2449 4569 τὸν
2501 4514 2742 4584 ἔλεγχον.
2801 4513 2910 4567 Καὶ
2961 4514 3041 4578 ὡς
3098 4510 3458 4580 παράδεισος
3503 4510 3565 4564 δὲ
3596 4512 3709 4580 (89)

2128 4607 2286 4676 ὕδωρ
2306 4606 2392 4673 μὴ
2430 4608 2606 4675 ἔχων.
2663 4602 2913 4665 Τοιοῦτος
2948 4601 2990 4654 δ’
3024 4601 3089 4654 ἂν
3140 4599 3226 4669 εἴη
3251 4597 3348 4652 καὶ
3392 4600 3421 4652 ὁ
3466 4598 3710 4671 Ἰσραὴλ,

2134 4696 2307 4766 φύλλα
2331 4695 2429 4767 μὲν
2451 4695 2587 4764 ἔχων
2624 4691 3018 4764 παραπλησίως
3047 4689 3190 4762 δρυῒ,
3212 4690 3310 4761 τὴν
3327 4690 3392 4742 ἐκ
3413 4687 3510 4742 τοῦ
3540 4691 3710 4761 νόμου

2135 4786 2314 4849 σκιὰν,
2359 4785 2420 4856 ἢν
2473 4783 2745 4838 ἀπέϐαλεν
2778 4784 2869 4853 ἀφ’
2930 4780 3123 4835 ἑαυτοῦ
3155 4781 3213 4833 ἐν
3263 4778 3340 4850 τῷ
3378 4779 3713 4851 πληρώματι

2136 4878 2246 4933 τῶν
2273 4876 2499 4949 καιρῶν.
2523 4875 2632 4929 Καὶ
2656 4876 2731 4941 ὡς
2759 4873 3085 4946 παράδεισος
3120 4870 3528 4942 πεφυτευμένος
3560 4872 3714 4942 παρὰ

2130 5036 2177 5068 ⁷³
2209 5034 2373 5090 llebr.
2399 5049 2473 5100 tv,
2513 5031 2600 5088 l5.
2680 5032 2727 5063 ⁷⁸
2764 5031 3088 5098 Gen.xxxv,
3118 5028 3233 5085 4-9.

2138 5232 2401 5288 librorum
2451 5246 2587 5288 mss.
2645 5228 2804 5283 linem
2846 5225 3042 5283 secuti.

2205 5303 2316 5374 (87)
2353 5302 2512 5374 [ἐσίῃ⁵
2538 5314 2664 5374 cu_m_
2709 5298 2923 5354 duobus
2968 5310 3127 5361 mss.,
3167 5291 3292 5374 ὑπέ.
3322 5290 3429 5374 Alli
3471 5301 3716 5374 quatuor

2133 5356 2266 5427 ms‘s'.
2299 5356 2430 5426 ἀπό.
2466 5369 2617 5424 Haud
2651 5368 2809 5438 longe
2870 5377 2983 5438 tres
3020 5356 3176 5432 mss.,
3201 5356 3351 5417 οὗτοι
3383 5364 3433 5417 οἰ
3474 5356 3577 5433 τῷ.
3607 5361 3717 5416 Alii

2135 5457 2270 5497 mss.
2304 5456 2426 5498 cum
2456 5440 2636 5505 editis,
2668 5436 2830 5491 ὃτιόἰ
2862 5436 2964 5508 τῷ.

2231 5511 2322 5581 88)
2356 5509 2615 5581 Nonnulli
2651 5523 2816 5581 mss.,
2842 5509 3041 5581 Πυκνῇ
3071 5521 3150 5581 τε.

2136 5652 2193 5706 δέ
2345 5562 2620 5653 scriptum
2644 5562 2915 5649 reperitur
2938 5579 2991 5633 in
3007 5562 3220 5633 duobus
3245 5572 3333 5631 vel
3362 5571 3538 5630 tribus
3556 5583 3715 5637 ωτι..

2309 5669 2377 5705 ιν.

2223 5669 2377 5705 εισιν.
