3828 6216
400 334 504 392 231

1353 316 1695 378 APPENDIX
1733 311 2023 371 OPEBUM
2066 310 2125 365 S.
2169 302 2419 362 BASILII
2457 303 2695 361 MAGNI.

3556 301 3674 358 2'52

399 459 458 507 et
496 444 907 502 illustrationem
959 437 1211 495 cordibus
1261 441 1573 489 sanctorum
1619 429 1795 483 inlusa
1823 426 1855 490 ,‘
1882 422 1976 478 sed

2100 418 2219 490 ιμοῦ
2261 421 2381 482 ταῖς
2406 416 2656 488 καρδίαις
2702 412 2813 468 τῶν
2856 413 3028 481 ἀγίων
3061 413 3402 484 ἐγγινομένη·
3438 414 3581 467 κατὰ
3610 414 3672 467 δὲ

405 557 504 612 pro
538 537 855 595 diversitate
883 546 1070 586 eorum
1118 529 1265 582 circa
1291 539 1412 595 quae
1433 529 1686 578 versatur
1723 517 1980 586 cognitio,

403 606 458 687 id
480 629 621 700 quod
655 625 948 686 revelatur,
977 620 1059 675 vel
1084 619 1238 681 visio,
1273 616 1354 670 vel
1375 613 1588 669 verbum
1629 610 1846 665 dicitur.
1872 606 1985 661 Illic

403 699 620 792 quidem
651 713 941 786 praesentia
973 709 1406 770 declarabantur,
1425 703 1627 759 malitia
1660 700 1861 771 populi,
1891 699 1986 753 ab-

404 790 656 866 alienatio
692 822 720 860 a
743 805 875 870 Deo,
908 804 1155 871 ingratus
1188 800 1399 853 animus
1422 796 1480 850 iu
1511 792 1815 851 beneficum
1847 808 1863 856 ;
1900 790 1987 844 hic

402 916 531 958 vero
570 896 961 970 prmnuntiatur
996 893 1237 946 futurum
1267 907 1283 955 ;
1322 888 1525 942 idcirco
1552 885 1837 954 apponitur
1865 878 1990 934 Ver-

405 995 528 1048 bum
558 989 745 1059 (Vsns.
769 985 849 1057 2),
883 985 1025 1050 Quia
1052 983 1154 1036 erit
1180 982 1238 1034 in
1260 978 1557 1033 novissimis
1595 977 1797 1030 diebus.
1825 970 1988 1042 Atqui

406 1094 554 1142 certe
586 1094 760 1151 neque
809 1079 921 1133 illic
952 1076 1124 1131 oculis
1162 1073 1461 1143 percipitur
1506 1069 1664 1132 visio,
1698 1082 1872 1137 neque
1901 1065 1990 1120 hic

406 1177 628 1233 auribus
670 1172 930 1243 cognitio,
958 1168 1051 1223 sed
1082 1166 1318 1235 Spiritus
1347 1171 1432 1219 est
1457 1160 1743 1217 illustratio
1785 1161 1838 1213 in
1867 1173 1990 1213 cur-

407 1271 509 1335 de,
542 1266 635 1335 qui
674 1273 769 1319 aut
796 1262 1017 1317 exhibet
1046 1256 1358 1329 praesentia,
1386 1262 1480 1308 aut
1525 1252 1764 1307 futurum
1789 1249 1990 1320 praedi-

407 1363 505 1416 cit.
551 1358 761 1413 Rursus
795 1362 973 1408 autem
1008 1361 1065 1405 et
1104 1349 1195 1404 hic
1248 1361 1431 1403 sermo
1481 1353 1566 1401 est
1606 1344 1673 1400 de
1701 1342 1885 1398 Iudaea
1937 1347 1994 1396 et

408 1450 730 1508 Jerusalem.
755 1448 1005 1501 Attamen
1050 1443 1119 1496 de
1150 1441 1270 1496 aliis
1318 1439 1482 1496 etiam
1521 1436 1829 1491 nationibus
1858 1447 1994 1488 non-

413 1546 548 1601 nihil
578 1542 999 1598 annuntiaturus
1029 1544 1117 1591 est
1147 1552 1162 1588 :
1200 1548 1308 1588 non
1346 1533 1489 1587 enim
1514 1529 1819 1586 Iudaeorum
1854 1527 1994 1582 dun-

414 1645 563 1694 taxat
597 1635 738 1689 Deus
757 1639 866 1696 est,
891 1631 985 1685 sed
1012 1636 1063 1682 et
1096 1626 1360 1696 gentium.
1390 1623 1524 1678 Nam
1562 1637 1700 1676 unus
1727 1629 1811 1674 est
1831 1618 1991 1687 Deus,

412 1729 502 1799 qui
545 1723 867 1798 justillcabit
904 1718 1377 1776 circumcisionem
1419 1730 1484 1770 ex
1527 1714 1651 1779 ﬁde,
1685 1723 1740 1769 et
1784 1726 1995 1783 praepu-

2083 509 2181 579 τὴν
2211 507 2319 561 τῶν
2376 506 2716 578 πραγμάτων
2765 503 3029 573 διαφορὰν
3086 503 3215 574 περὶ
3239 502 3277 557 ἃ
3316 504 3351 574 ἡ
3374 503 3599 572 γνῶσις.
3634 503 3671 575 ἦ

2087 600 2324 668 ὅρασις,
2355 599 2389 670 ἢ
2414 599 2597 669 ,λόγος
2616 596 2676 649 τὸ
2705 594 3228 665 ἀποκαλυπτόμενον
3247 594 3487 662 λέγεται.
3518 595 3675 647 Ἐκεῖ

2091 692 2190 762 μὲν
2213 691 2322 762 γὰρ
2349 690 2417 743 τὰ
2439 690 2680 762 παρόντα
2711 687 3004 741 ἐδείκνυτο·
3035 688 3069 757 ή
3096 686 3263 739 κακία
3292 685 3384 738 τοῦ
3430 685 3587 751 λαοῦ,
3636 687 3674 759 ή

2087 783 2441 853 ἀλλοτρίωσις
2468 780 2577 835 ἀπὸ
2628 779 2783 833 Θεοῦ·
2824 779 2886 832 rb
2916 778 3046 850 περὶ
3083 777 3173 831 τὸν
3207 777 3503 849 εὐεργέτην
3533 777 3677 848 ἀχά-

2093 891 2292 946 ριστον·
2346 872 2579 929 ἐνταῦθα
2629 872 2688 925 δὲ
2721 871 2782 925 rb
2813 870 3004 943 μέλλον
3062 868 3516 940 προαγορεύεται.
3567 870 3674 924 Διὰ

2088 963 2246 1018 τοῦτο
2268 964 2615 1035 Λόγος,”οτι
2651 962 2823 1016 ἔσται
2845 963 2915 1015 ἐν
2939 960 3066 1027 ταῖς
3091 959 3377 1030 ἐσχάταις
3400 960 3670 1030 ἡμέραις.

2090 1058 2226 1113 Οῦτε
2250 1059 2431 1129 μέντοι
2460 1059 2578 1111 ἐκεῖ
2603 1057 2671 1110 δι’
2695 1055 2988 1125 ὀφθαλμῶν
3016 1058 3050 1127 ή
3068 1057 3276 1127 ὅρασις,
3294 1054 3418 1109 οὔτε
3438 1056 3677 1110 ἐνταῦθα

2090 1150 2158 1203 δι’
2187 1149 2341 1204 ὤτων
2375 1152 2408 1221 ἡ
2441 1148 2664 1218 γνῶσις·
2707 1148 2846 1202 ἀλλὰ
2879 1148 3158 1219 φωτισμός
3205 1151 3351 1202 ἐστιν
3383 1149 3441 1201 ὲν
3473 1148 3677 1220 καρδίᾳ

2092 1242 2243 1314 παρά
2275 1241 2371 1293 τοῦ
2402 1239 2742 1312 Πνεύματος,
2790 1240 2823 1311 ἢ
2863 1240 2933 1293 τὰ
2961 1239 3208 1311 παρόντα
3254 1238 3584 1303 δεικνύντος,
3639 1239 3675 1310 ἢ

2091 1329 2607 1406 προαναφωνοῦντος
2646 1333 2709 1385 rb
2745 1331 2958 1403 μέλλον.
3003 1331 3175 1384 Πάλιν
3216 1330 3399 1400 μέντοι
3436 1330 3533 1383 καὶ
3591 1331 3680 1382 ὲν-

2090 1424 2268 1480 ταῦθα
2317 1426 2447 1497 περ).
2501 1425 2601 1496 τῆς
2651 1423 2911 1487 Ἰουδαίας
2955 1421 3049 1476 καὶ
3095 1421 3225 1493 περὶ
3294 1420 3677 1492 Ἰερουσαλήμ.

2092 1517 2291 1573 Μέλλει
2339 1517 2440 1588 μὲν
2463 1516 2572 1588 γάρ
2618 1533 2672 1569 τι
2712 1514 2809 1570 καὶ
2840 1513 3102 1588 περὶτῶν
3138 1513 3316 1567 ἄλλων
3371 1512 3681 1582 διηγεῖσθαι

2095 1610 2288 1664 ἐθνῶν·
2343 1609 2405 1663 οὐ
2438 1610 2549 1681 γὰρ
2614 1606 2884 1661 Ἰουδαίων
2943 1607 3104 1678 μόνον
3139 1607 3168 1659 ὁ
3199 1605 3354 1669 Θεὸς,
3408 1604 3548 1658 ἀλλά
3583 1605 3681 1658 καὶ

2095 1703 2286 1758 ἐθνῶν.
2332 1702 2592 1773 Ἐπείπερ
2618 1699 2728 1771 (96)
2760 1694 2842 1763 εἷς
2869 1700 2898 1752 ὁ
2919 1698 3074 1763 Θεὸς,
3112 1697 3172 1762 ὃς
3198 1692 3481 1751 δικαιώσει
3512 1712 3680 1767 περι-

413 1780 674 1890 tjium'per
707 1816 863 1871 Iidem
883 1806 967 1867 ’δε
999 1812 1091 1866 sed
1125 1808 1281 1864 initio
1324 1816 1379 1863 et
1415 1806 1593 1876 primo
1621 1780 1815 1859 ordine
1846 1780 1995 1857 com-

2100 1797 2271 1867 τομὴν
2300 1796 2364 1849 ὲκ
2385 1794 2639 1857 πίστεως,
2674 1792 2770 1846 καὶ
2791 1790 3156 1862 ἀκροϐυστίαν
3181 1787 3269 1842 διὰ
3291 1788 3394 1858 τῆς
3419 1788 3688 1871 πίστεωςοι

412 1911 664 1967 meminit
703 1921 813 1963 suae
844 1902 1126 1976 portionis.
1161 1900 1382 1967 Quaeres
1414 1904 1616 1961 autem,
1644 1909 1771 1948 num
1797 1892 1867 1948 ob
1891 1891 1994 1946 ali-

414 2019 574 2072 quem
627 2012 847 2056 sensmn
883 1998 975 2065 qui
1024 1993 1461 2063 disquisitionem
1499 1988 1757 2058 postulet,
1798 2000 1995 2042 nomen

413 2093 631 2149 Domini
679 2091 839 2147 modo
876 2088 1105 2144 addatur
1146 2085 1347 2148 verbo,
1379 2081 1542 2139 modo
1568 2078 1996 2135 additamentum

415 2186 545 2241 illud
581 2183 792 2238 Domini
825 2180 987 2244 desit,
1018 2176 1253 2246 exempli
1275 2188 1460 2238 causa,
1498 2170 1723 2225 Verbum
1756 2167 1994 2233 Domini,
2030 2206 2038 2215 .

415 2278 552 2351 quod
578 2276 780 2346 factum
809 2281 889 2327 est
918 2275 988 2325 ad
1026 2269 1158 2324 Osee
1196 2268 1367 2336 ﬁlium
1396 2264 1551 2319 Beeri
1583 2263 1629 2295 "
1661 2279 1680 2329 ς
1710 2262 1800 2317 hic
1842 2274 1994 2325 vero,

424 2349 653 2423 Verbum
684 2364 824 2435 quod
847 2363 1048 2433 factum
1094 2367 1171 2413 est
1204 2358 1272 2411 ad
1302 2354 1523 2411 Isaiam.
1564 2353 1705 2420 Quin
1736 2360 1792 2406 et
1829 2352 1895 2405 de
1918 2349 1999 2403 vi-

419 2458 575 2512 sione
602 2454 802 2523 dicitur
832 2451 973 2520 apud
997 2447 1334 2503 Ezechielem
1363 2462 1379 2499 :
1406 2444 1586 2513 Aperti
1621 2449 1745 2496 sunt
1788 2439 1924 2503 caeli,
1950 2447 1996 2491 et

419 2548 528 2602 vidi
577 2545 830 2600 visionem
872 2541 969 2595 Dei
989 2540 1036 2572 ⁷⁸
1071 2556 1087 2606 ;
1132 2547 1190 2592 at
1218 2551 1347 2591 vero
1392 2534 1533 2605 apud
1573 2532 1765 2588 Isaiam
1800 2548 1815 2585 :
1860 2529 2000 2584 Visio

417 2652 577 2707 quam
606 2633 737 2688 vidit
769 2630 963 2686 Isaias.
996 2629 1061 2683 Et
1093 2627 1230 2694 apud
1261 2625 1586 2681 Jeremiam:
1615 2620 1837 2675 Verbum
1862 2618 2000 2690 quod

418 2726 623 2797 factum
642 2730 720 2778 est
739 2721 807 2776 ad
818 2717 1187 2775 Jeremiam".
1206 2713 1416 2769 Etenim
1439 2725 1562 2766 cum
1580 2721 1881 2764 sermonem
1907 2707 2004 2760 ha-

419 2818 615 2872 berent
659 2813 728 2868 ad
771 2809 1025 2882 populum
1068 2807 1509 2874 inobsequentem
1545 2809 1600 2856 et
1629 2798 2005 2855 contradicen-

425 2918 554 2974 tem,
586 2903 786 2974 quique
834 2913 1058 2971 prorsus
1086 2912 1117 2951 a
1160 2896 1272 2951 Deo
1317 2892 1639 2956 desciverat,
1674 2901 1868 2943 nomen
1898 2887 2006 2942 Do-

423 2997 559 3055 mini
586 2994 805 3053 silentio
836 2990 1206 3062 praeteribant,
1243 2985 1497 3042 cautione
1530 2984 1634 3038 hac
1670 2988 1902 3046 utentes,
1946 2986 2007 3034 It

424 3100 704 3145 sermones
738 3086 977 3155 ipsorum
1004 3080 1407 3148 exciperentur.
1440 3072 1574 3128 Nam
1602 3071 1860 3143 quoniam
1893 3069 2004 3124 Deo

425 3195 572 3239 cura!
601 3194 711 3236 non
736 3191 857 3233 esse
883 3171 1291 3229 arbitrabantur
1324 3182 1413 3223 res
1446 3167 1731 3229 humanas,
1765 3178 1858 3218 eos
1879 3161 2006 3216 irri-

427 3277 651 3340 debant,
673 3271 763 3342 qui
800 3270 878 3324 uti
921 3281 990 3322 ex
1022 3277 1253 3335 persona
1286 3259 1382 3313 Dei
1429 3257 1568 3327 apud
1609 3257 1755 3326 ipsos
1791 3253 2009 3309 concio-

427 3366 723 3428 nabantur,
757 3360 899 3415 sicut
934 3353 1201 3412 Ieremias
1232 3351 1456 3414 indicat,
1494 3349 1681 3402 dicens
1711 3361 1724 3398 :
1761 3345 1894 3400 Tota
1926 3345 2012 3398 die

426 3453 750 3529 perseveravi
765 3451 1125 3506 subsannatus
1155 3444 1229 3499 ⁸ο.

501 3627 591 3684 66.
632 3626 772 3693 Quia
794 3626 895 3680 erit
921 3626 978 3678 in
998 3619 1296 3676 novissimis
1325 3615 1507 3671 diebus
1530 3613 1842 3683 manifestus
1863 3626 2012 3666 mons

435 3719 670 3783 Domini,
717 3726 767 3772 et
806 3716 992 3769 domus
1024 3712 1123 3766 Dei
1156 3712 1215 3764 in
1261 3709 1649 3763 summitatibus
1677 3703 1839 3776 427
1866 3719 2015 3757 mon-

432 3811 583 3865 tium.
614 3808 740 3864 Dies
791 3805 1076 3861 novissimi
1124 3804 1380 3857 dicuntur
1414 3799 1473 3865 ii,
1523 3800 1614 3868 qui
1647 3798 1807 3867 hujus
1833 3796 2014 3851 saeculi

432 3898 717 3969 propinqui
747 3904 875 3952 sunt
902 3890 1375 3949 consummationi.
1397 3886 1531 3942 Nam
1566 3897 1621 3942 et
1648 3885 2017 3957 praeterﬂuen-

433 3993 507 4046 tis
541 3988 799 4060 temporis
836 3994 1029 4041 natura
1057 3997 1210 4052 aeque
1253 3996 1318 4036 ac
1367 3979 1475 4035 iste
1515 3980 1743 4032 mundus
1771 3977 1864 4047 qui
1895 3991 2016 4030 cor-

433 4078 672 4152 ruptioni
712 4077 977 4135 obnoxius
1027 4082 1110 4130 est
1158 4074 1337 4127 durat.
1374 4070 1863 4127 Verumenimvero
1903 4066 2016 4121 atii-

434 4177 658 4230 nitatem
693 4185 816 4227 cum
836 4169 998 4225 rebus
1023 4164 1330 4220 visibilibus
1351 4163 1516 4217 habet
1547 4171 1712 4231 atque
1735 4160 2016 4230 cognatio-

434 4282 582 4324 nem.
611 4263 743 4319 Abit
769 4261 985 4330 quidem
1016 4270 1122 4311 una
1155 4269 1279 4308 cum
1315 4253 1385 4307 iis
1408 4267 1528 4321 qua:
1553 4251 1828 4307 intereunt
1857 4263 1875 4302 :
1910 4263 2016 4303 una

435 4374 557 4416 cum
576 4357 642 4413 iis
660 4368 781 4427 qua;
798 4352 933 4407 liunt
949 4357 1110 4419 atque
1130 4346 1420 4409 exsistunt,
1439 4342 1719 4400 subsistit:
1738 4346 2018 4410 exspecta-

2097 1888 2236 1941 ἀλλὰ
2267 1885 2696 1958 προηγουμένως
2723 1883 2821 1937 καὶ
2850 1883 2906 1935 ἐν
2936 1884 3003 1953 τῇ
3034 1880 3228 1953 πρώτῃ
3267 1879 3419 1944 τάξει
3445 1879 3550 1950 τῆς
3583 1874 3688 1949 με-’

2101 1979 2244 2052 ρίδος
2269 1977 2460 2032 ἑαυτοῦ
2496 1976 2790 2047 μέμνηται.
2818 1975 3083 2045 Ζητήσεις
3113 1973 3190 2038 δὲ,
3218 1974 3267 2026 εί
3291 1972 3366 2044 μὴ
3396 1972 3543 2026 κατά
3560 1989 3683 2026 τινα

2094 2070 2221 2125 νοῦν
2253 2070 2484 2140 βασάνου
2507 2068 2781 2138 δεόμενον,
2819 2065 2897 2135 πῆ
2927 2065 3025 2136 μὲν
3059 2064 3379 2135 πρόσκειται
3408 2062 3488 2134 τῷ
3537 2062 3684 2134 λόγῳ

2095 2152 2156 2216 rb
2180 2136 2292 2231 (θλ)
2322 2159 2417 2214 τοῦ
2449 2136 2694 2228 Κυρίου,
2732 2157 2811 2227 πῆ
2834 2157 2892 2211 δὲ
2924 2158 3051 2211 ἄνευ
3090 2157 3190 2227 τῆς
3228 2155 3553 2227 προσθήκης
3578 2136 3691 2226 τῆςΙ

2096 2252 2189 2307 τοῦ
2224 2252 2465 2321 Κυρίου·
2502 2247 2634 2315 οἷον,
2681 2251 2873 2318 Λόγος
2914 2246 3137 2314 Κυρίου
3160 2244 3228 2310 ὃς
3253 2244 3509 2314 ἐγενήθη
3530 2246 3687 2313 πρὸς

2110 2343 2288 2412 Ὠσηὲ
2327 2344 2434 2397 τὸν
2461 2343 2568 2397 τοῦ
2596 2340 2824 2408 Βεηρεί·
2881 2339 2977 2393 καὶ
3024 2337 3278 2392 ἐνταῦθα·
3328 2337 3390 2391 '0
3434 2339 3621 2408 λόγος
3650 2341 3688 2392 ό

2097 2437 2421 2507 γενόμενος
2452 2432 2601 2501 πρὸς
2672 2430 2942 2486 Ἡσαΐαν.
2975 2428 3088 2482 Καὶ
3120 2428 3249 2499 περὶ
3275 2427 3375 2499 τῆς
3413 2419 3695 2499 ὁράσεως,

2099 2524 2251 2598 παρὰ
2286 2526 2383 2596 μὲν
2409 2523 2487 2594 τῷ
2528 2522 2792 2593 Ἰεζεκιήλ
2824 2519 2956 2592 (98)·
2998 2519 3394 2589 Ἠνοίχθησαν
3430 2521 3485 2571 οί
3508 2520 3689 2587 οὐρα-

2098 2617 2216 2683 νοὶ,
2245 2616 2346 2670 καὶ
2384 2613 2550 2670 εἶδον
2586 2615 2802 2683 ὅρασιν
2843 2610 3014 2666 Θεοῦ·
3048 2610 3200 2681 παρὰ
3254 2610 3312 2663 δὲ
3339 2608 3419 2680 τῷ
3456 2610 3686 2682 Ἡσαΐᾳ·

2104 2708 2351 2775 Ὅρασις
2394 2707 2474 2775 ἢν
2509 2706 2671 2761 εἷδεν
2735 2704 2997 2769 Ἡσαΐας.
3038 2704 3151 2758 Καὶ
3207 2703 3357 2774 παρὰ
3384 2702 3467 2775 τῷ
3525 2704 3691 2777 Ἰερε-

2106 2798 2223 2870 μίᾳ·
2249 2798 2302 2851 Ὀ
2316 2798 2498 2866 λόγος
2521 2800 2553 2851 ὁ
2572 2797 2891 2867 γενόμενος
2907 2792 3057 2861 πρὸς
3082 2793 3362 2864 Ἰερεμίαν
3400 2792 3535 2865 (99).
3563 2795 3691 2847 Ὅτι

2104 2885 2294 2957 ἐπειδὴ
2327 2884 2443 2957 λαῷ
2468 2885 2686 2939 ἀπειθεῖ
2718 2885 2815 2939 καὶ
2845 2883 3178 2951 ἀντιλέγοντι
3219 2883 3315 2936 καὶ
3339 2883 3521 2953 πάντη
3550 2883 3694 2937 ἀπο-

2106 2978 2433 3049 στατήσαντι
2457 2976 2552 3030 τοῦ
2579 2976 2655 3046 (1)
2687 2976 2822 3031 Θεοῦ
2855 2976 3179 3045 διελέγοντο,
3241 2974 3577 3029 ἀπεσιώπων
3629 2976 3695 3028 rb

2105 3067 2275 3139 ὄνομα
2305 3067 2534 3138 Κυρίου,
2581 3067 2995 3138 οἰκονομοῦντες
3030 3065 3091 3119 τὸ
3133 3064 3539 3138 παραδεχθῆναι
3589 3066 3695 3120 αὖε

2108 3160 2220 3213 τῶν
2245 3161 2372 3224 τοὺς
2410 3160 2624 3228 λόγους.
2660 3161 2761 3215 Διά
2783 3161 2892 3231 γὰρ
2936 3160 2998 3212 τὸ
3034 3157 3243 3213 οἴεσθαι
3275 3158 3350 3230 μή
3400 3158 3590 3230 μέλειν
3617 3159 3694 3230 (2)

2109 3252 2189 3323 τῷ
2221 3251 2341 3323 Θεῷ
2366 3253 2496 3323 περὶ
2522 3252 2633 3305 τῶν
2659 3252 3034 3323 ἀνθρωπίνων,
3064 3250 3430 3322 ὲμυκτήριξον
3456 3252 3586 3314 τοὺς
3618 3252 3698 3315 ὡς

2112 3344 2177 3395 ὲκ
2211 3341 2504 3413 προσώπου
2541 3342 2636 3395 τοῦ
2670 3342 2874 3412 Κυρίου
2927 3340 3343 3411 διαλεγομένους
3374 3340 3582 3405 αὐτοῖς,
3620 3342 3699 3403 ὡς

2110 3433 2262 3506 δηλοῖ
2302 3433 2570 3506 Ἱερεμίας
2623 3433 2816 3502 λέγων·
2849 3433 3036 3501 Ὅλην
3086 3432 3201 3499 τὴν
3247 3428 3477 3499 ἡμέραν
3508 3430 3701 3486 διετέ-

2111 3530 2268 3582 λεσα
2294 3524 2818 3596 μυκτηριζόμενος.

2183 3618 2274 3675 66.
2304 3619 2435 3673 Ὅτι
2461 3620 2634 3673 ἐσται
2661 3618 2732 3672 ἐν
2761 3617 2891 3685 ταῖς
2923 3615 3210 3687 ἐσχάταις
3235 3614 3483 3687 ἡμέραις
3510 3616 3705 3687 ἐμέσα-

2111 3711 2218 3776 νὲς
2248 3710 2315 3764 τὸ
2355 3710 2492 3779 ὄρος
2521 3711 2743 3779 Κυρίου
2762 3748 2777 3774 ,
2838 3709 2938 3764 καὶ
2992 3713 3025 3764 ό
3046 3703 3210 3775 οἶκος
3253 3708 3362 3763 τοῦ
3419 3702 3573 3763 Θεοῦ
3603 3710 3704 3763 ἐπ’

2114 3800 2312 3869 ἄκρων
2332 3799 2452 3854 τῶν
2479 3799 2684 3869 ὀρέων.
2720 3802 2987 3871 Ἔσχαται
3020 3799 3225 3871 ἡμέραι
3267 3801 3324 3852 αἱ
3353 3799 3429 3871 (5)
3455 3816 3704 3873 προσεγ-

2113 3890 2365 3958 γίζουσαι
2408 3892 2476 3961 τῇ
2537 3890 2817 3960 συντελείᾳ
2848 3889 2943 3943 τοῦ
2982 3890 3174 3962 χρόνου
3204 3890 3395 3944 τούτου
3424 3891 3702 3961 λέγονται.

2114 3978 2579 4051 Συναπαρτίζεται
2612 3979 2724 4051 γὰρ
2752 3979 2832 4051 τῷ
2870 3979 3095 4051 φθαρτῷ
3127 3980 3302 4051 τούτῳ
3328 3981 3521 4053 κόσμῳ
3543 3983 3645 4036 καὶ

2115 4070 2209 4124 τοῦ
2252 4070 2445 4142 χρόνου
2479 4070 2643 4139 φύσις
2672 4069 2768 4124 τοῦ
2825 4068 3254 4145 παραρρέοντος.
3315 4070 3553 4136 υίκείως
3591 4074 3707 4145 γὰρ

2116 4161 2229 4232 ἔχει
2259 4162 2353 4215 καὶ
2407 4161 2685 4230 συγγενῶς
2730 4163 2843 4225 τοῖς
2875 4160 3246 4232 βλεπομένοις·
3284 4165 3710 4237 ωναπερχόμε-

2116 4268 2207 4314 νος
2253 4252 2352 4321 μὲν
2379 4253 2492 4314 τοῖς
2543 4250 2939 4323 φθειρομένοις,
2988 4251 3471 4323 ⁷συνυφιστάμενος⁸
3502 4254 3563 4307 δὲ
3591 4259 3711 4320 τοῖς

2116 4344 2442 4414 γινομένοις·
2480 4341 3040 4415 συμπροσδοκώμενος
3091 4342 3151 4396 δὲ
3182 4343 3277 4397 καὶ
3307 4344 3709 4418 συνελπιζόμε-

439 4462 524 4506 ιιιι·
550 4455 907 4517 speraturque
927 4455 1033 4496 una
1078 4452 1202 4494 cum
1226 4436 1293 4492 iis
1313 4450 1435 4506 quae
1457 4435 1636 4490 adhuc
1660 4433 1843 4488 futura
1868 4440 2000 4487 sunt.

2118 4453 2208 4499 νος
2224 4436 2337 4499 τοῖς
2374 4433 2455 4488 ἔτι
2488 4434 2790 4504 μέλλουσιν.
2827 4433 2981 4487 Ἐπεὶ
3007 4429 3100 4487 οὖν
3134 4433 3340 4505 ἡμέραι
3362 4434 3458 4488 καὶ
3485 4436 3709 4505 νύκτες,

437 4539 703 4608 Quoniam
728 4536 892 4606 igitur
912 4534 1048 4598 dies,
1076 4539 1289 4594 noctes,
1314 4541 1548 4594 menses,
1568 4525 1693 4580 anni
1731 4532 1786 4580 et
1807 4532 2000 4593 tempo-

2118 4527 2212 4581 καὶ
2248 4526 2417 4597 μῆνες
2451 4525 2546 4579 καὶ
2574 4523 2918 4591 ὲνιαυτοὶ,τὰ
2958 4523 3036 4596 (4)
3063 4524 3290 4596 χρονικὰ
3333 4524 3708 4598 διαστήματα,

437 4631 587 4689 raria
629 4629 805 4700 spatia
839 4641 869 4681 a
900 4625 1013 4682 sole
1063 4625 1296 4692 lunaque
1323 4628 1381 4676 et
1406 4617 1729 4705 ﬁrmamenti
1759 4624 1908 4671 motu
1935 4629 1998 4670 or

2111 4615 2220 4669 ἀπὸ
2234 4615 2384 4705 ἡλίου
2404 4615 2497 4669 καὶ
2513 4613 2741 4705 σελήνης
2770 4614 2964 4682 καὶτῆς
2985 4614 3156 4685 φορᾶς
3183 4630 3214 4665 τ
3233 4610 3294 4665 οῦ
3320 4612 3711 4686 στερεώματος

441 4733 553 4778 tum
582 4722 804 4785 habent,
826 4717 913 4773 bis
954 4714 1244 4785 corruptis,
1279 4714 1442 4768 etiam
1477 4702 1733 4779 temporis
1761 4709 1995 4777 subsequ

2111 4706 2212 4777 τὴν
2257 4704 2472 4774 γένεσιν
2520 4703 2767 4776 ἔχουσιν,
2807 4704 3020 4775 ἀνάγκη
3065 4705 3133 4774 τῇ
3171 4702 3377 4757 τούτων
3412 4705 3597 4778 φθορᾷ
3618 4708 3712 4760 καὶ

442 4816 601 4869 ﬁnem
631 4826 853 4866 necesse
904 4817 1006 4865 est.
1050 4805 1239 4876 Itaque
1285 4817 1391 4858 una
1445 4816 1569 4857 cum
1618 4799 1803 4854 mundi
1858 4799 2000 4865 hujus

2114 4795 2208 4851 τοῦ
2234 4796 2426 4870 χρόνου
2454 4795 2515 4849 rb
2550 4796 2702 4860 τέλος
2725 4795 2974 4849 ἔπεσθαι.
3006 4795 3151 4868 Πρὸς
3181 4791 3275 4849 οῦν
3322 4798 3388 4867 τῇ
3423 4796 3713 4869 συντελείᾳ

440 4904 907 4962 consummatione
951 4899 1168 4954 futurus
1201 4905 1287 4953 est
1329 4909 1484 4950 mons
1539 4890 1754 4947 Domini
1788 4888 2000 4945 manile‘

2116 4891 2210 4942 τοῦ
2270 4887 2474 4960 κόσμου
2518 4887 2707 4941 τούτου
2762 4886 3006 4956 ἐμφανὲς
3053 4887 3116 4942 rb
3173 4889 3300 4959 ὅρος
3355 4887 3454 4942 τοῦ
3494 4890 3710 4962 Κυρίου

511 5108 559 5144 ⁷⁸
582 5109 740 5164 Rom.
766 5120 852 5172 ιιι,
875 5102 967 5169 Ξθ,
997 5100 1087 5157 50.
1163 5098 1208 5132 ⁷⁷
1239 5097 1373 5154 Ose.
1411 5111 1454 5160 ι,
1499 5094 1552 5149 1.
1581 5094 1627 5126 ⁷⁸
1659 5091 1857 5148 Ezech.
1896 5091 1986 5155 1,1

2100 5089 2137 5123 ⁷⁹
2165 5089 2277 5145 .Ier.
2313 5107 2353 5156 ι,
2396 5089 2448 5143 2.
2527 5088 2573 5120 ⁸⁸
2613 5087 2814 5143 Jerem.
2853 5104 2959 5156 xx,
3011 5089 3063 5141 7.

516 5324 629 5396 (96)
667 5322 893 5396 Codices
915 5332 1171 5396 quatuor,
1199 5319 1407 5396 εἴπερ..
1472 5385 1486 5396 _
2117 5321 2336 5396 (ιιοιξειιιιΔ
2360 5310 2621 5396 memoria
2648 5310 2855 5388 lap_sum
2889 5323 3030 5364 esse.

536 5377 629 5450 aii
668 5377 764 5448 sic
790 5377 1084 5449 mSS.'tres.
1113 5377 1409 5444 Aberat-r6
1439 5385 1507 5440 ab
1539 5382 1722 5438 editis.
1799 5447 1810 5450 Α
1955 5449 1958 5450 ί

2189 5381 2267 5450 (1)
2305 5380 2627 5435 Addidimus
2653 5377 2749 5433 τοῦ
2789 5394 2835 5450 ογ
2859 5394 2989 5450 mss.
3018 5377 3293 5434 nonnullis

656 5443 1080 5535 ὅδᾶίὲὲζίιῐέᾷζ
1109 5443 1353 5533 δράσεως
1403 5454 1505 5512 τοῦ
1567 5447 1850 5523 Ἰεζεκιήλ.
1903 5449 2000 5506 Alii

2321 5450 2619 5535 Op'grarutn
2664 5449 2872 5535 incuria
2928 5447 3131 5535 factum
3182 5455 3384 5535 est,nttt
3434 5444 3491 5500 in
3540 5443 3703 5518 ρι-ίοιιί

447 5516 925 5593 ms‘éfédiﬁdiiis
951 5516 1025 5585 uti
1048 5516 1109 5584 in
1139 5516 1417 5587 'contex'tu.
1542 5592 1545 5593 ν
1783 5516 1794 5523 ”

2117 5516 2586 5593 εόὶιιοηβςΡιιιίε..
2620 5533 2720 5588 pro
2749 5516 3477 5593 μέᾼλεινᾷιοεοιυιημέλλειν.

520 5582 633 5678 (69)
672 5582 1484 5678 Aliteivin—eili—tioneﬁbula-na
1534 5592 2010 5678 legimus,'ne'mpe
2189 5591 2267 5678 (5)
2309 5588 2403 5661 Sic
2445 5604 2580 5645 mss.
2622 5582 2889 5643 nonnulli.
2929 5582 3091 5644 Deést
3120 5582 3383 5643 articulus
3424 5587 3480 5639 in
3526 5582 3701 5678 editis;

1924 5677 1928 5678 ,
1963 5665 1975 5678 ι
2216 5658 2268 5678 Ἰι
2307 5658 2369 5678 Ιῖ.
2390 5673 2540 5678 ___-_-
2575 5658 2703 5678 1‘_IL
2766 5668 2807 5678 ,ι
2847 5659 2959 5678 n-..
3022 5674 3041 5678 μ
3089 5659 3286 5678 -._-.I-_-
3341 5654 3582 5678 ,μη-..-Δὶ
3616 5668 3676 5678 ...-

448 5650 571 5733 boitv
1402 5666 1432 5719 ὃ
1451 5650 1673 5745 ’ἐγένετο
1702 5650 1818 5745 ἐπ’ί.
1848 5650 2000 5743 pulla

2191 5650 2288 5744 (λ).
2307 5658 2545 5745 Uterque
2574 5658 2729 5716 Colb.
2760 5668 2815 5715 et
2846 5659 2980 5730 Reg.
3019 5659 3309 5726 secundus,
3339 5654 3588 5711 ἐνιαυτοὶ
3616 5650 3705 5708 καὶ

451 5728 938 5814 ίοιιιιεεὶεροιοιῖι
962 5728 1159 5813 aliquis
1203 5728 1466 5810 suSpicari
1493 5728 1884 5792 Commentarii
1915 5728 2013 5786 ἰω-
2123 5728 2323 5800 «quem
2353 5728 2441 5784 τά.
