3828 6216
200 285 300 342 353

1059 274 1415 338 COMMENT.
1453 278 1524 335 ιιι
1559 266 1792 335 ISAIAH
1827 269 2269 333 PROPBETAM.
2310 268 2464 328 CAP.
2503 267 2568 326 ll.

3318 264 3431 328 εει

201 412 362 475 ἔσται,
402 408 497 464 καὶ
527 410 556 464 ὁ
585 406 733 474 οἶκος
762 410 855 464 τοῦ
884 406 1022 463 Θεοῦ
1066 410 1153 464 ἐπ’
1186 408 1373 480 ἄκρων
1425 407 1531 461 τῶν
1562 405 1754 478 ὀρέων.

1868 408 1996 465 stus,
2032 408 2089 454 et
2120 399 2311 453 domus
2339 396 2433 452 Dei
2454 397 2508 451 in
2531 391 2904 451 cacuminibus
2938 388 3226 448 montium.
3254 391 3433 463 Atque

204 502 345 557 Ka‘to
376 501 449 574 μὴ
482 501 615 575 μόνη
642 505 708 573 τῇ
731 501 875 565 λέξει
887 501 1173 565 δουλεύων,
1203 503 1298 555 καὶ
1311 500 1451 571 ψιλῷ
1478 498 1556 570 τῷ
1584 498 1765 568 γράμ-

204 612 324 665 ματι
350 595 769 666 παριστάμενος,
792 594 1263 665 ἀναγκασθήσεται
1292 592 1367 663 μὴ
1403 590 1762 661 ὲναπομένειν

200 689 302 749 τοῖς
328 687 618 757 αἰσθητοῖς.
641 686 764 749 Πῶς
794 685 903 757 γὰρ
931 686 1051 739 τότε
1078 686 1447 755 ἐμφανὴσεται
1464 682 1616 755 (5)τὸ
1637 681 1763 751 ὅρος

202 778 427 848 Κυρίου;
481 777 596 841 πῶς
626 778 683 830 δὲ
716 777 802 830 ἐπ’
839 777 1024 846 ἄκρων
1063 776 1173 828 τῶν
1205 775 1376 847 ὀρέων
1428 775 1457 826 ὁ
1488 771 1632 837 οἶκος
1666 789 1760 840 γε-

200 872 409 939 νήσεται
453 870 547 923 τοῦ
577 870 747 934 Θεοῦ;
803 868 939 922 Οὔτε
985 869 1093 938 γὰρ
1126 868 1286 923 ἄλλου
1337 867 1495 939 ὅρους
1526 866 1759 935 γένεσιν,

199 958 311 1012 οὔτε
359 960 611 1031 δευτέρου
660 961 808 1013 οἴκου
863 960 1202 1031 κατασκευὴν
1257 958 1343 1011 ἐπ’
1385 958 1558 1011 ἄλλων
1597 974 1760 1028 κορυ-

203 1051 306 1119 φῶν
335 1050 408 1120 (6)
448 1051 711 1121 ἐσομένην
757 1051 785 1102 ό
834 1052 1087 1122 σάρκινος
1128 1049 1342 1120 Ἰσραὴλ
1390 1049 1670 1119 ἀναμένει·
1702 1046 1763 1101 τὸ

198 1142 253 1195 δὲ
274 1141 402 1194 Σιὼν
426 1143 568 1212 ὅρος.
603 1144 697 1195 καὶ
732 1145 761 1196 ὁ
784 1147 909 1205 ναὸς
941 1149 1035 1195 καὶ
1073 1142 1215 1195 κατὰ
1234 1143 1360 1203 τοὺς
1396 1142 1621 1212 χρόνους
1662 1143 1764 1213 τῆς

202 1234 517 1305 προφητείας
552 1234 645 1285 τοῦ
689 1214 910 1285 Ἠσαίου
943 1233 1212 1302 ἐφαίνετο.
1234 1233 1299 1285 Τί
1327 1230 1420 1288 οὖν
1447 1234 1509 1287 τὸ
1538 1235 1765 1304 λεγόμε-

201 1340 313 1387 νονς
342 1325 450 1392 Οὑχ
480 1325 561 1377 ὅτι
591 1326 648 1376 ὲν
673 1328 788 1387 ταῖς
821 1327 1078 1394 ἐσχάταις
1103 1326 1335 1395 ἡμέραις
1351 1327 1567 1397 ἐμφανῆ
1590 1325 1763 1379 ταῦτα

202 1417 496 1487 γενήσεται·
537 1416 653 1469 ἀλλ’
683 1419 738 1469 ὲν
770 1421 889 1480 ταῖς
924 1418 1178 1488 ἐσχάταις
1209 1418 1465 1488 ἡμέραις,
1507 1420 1587 1480 εἰς
1637 1418 1763 1470 ἀθέ-

203 1524 346 1578 τησιν
372 1506 470 1576 τῆς
504 1508 796 1577 ἁμαρτίας,
832 1510 864 1578 ἠ
903 1508 1111 1578 μεγάλη
1166 1508 1259 1561 καὶ
1288 1508 1465 1579 ὑψηλὴ
1509 1509 1636 1579 περὶ
1664 1508 1764 1579 τὴν

204 1595 460 1668 σωτηρίαν
479 1596 590 1649 τῶν
611 1597 908 1668 ἀνθρώπων
932 1598 1212 1668 οἰκονομία
1237 1599 1633 1669 connectatth
1656 1599 1763 1670 γὰρ

208 1688 509 1757 μυστήριον.
567 1688 631 1740 τὸ
692 1688 1181 1759 ἀποκεκρυμμένον
1216 1688 1326 1741 ἀπὸ
1363 1689 1472 1741 τῶν
1527 1688 1757 1751 αἰώνων,

202 1744 287 1829 ἐπὶ
309 1744 682 1849 τῇΙσυντελείᾳ
718 1779 826 1832 τῶν
1086 1780 1423 1851 ἐφανερώθη.
1457 1781 1610 1850 Ὄρει
1641 1780 1695 1833 δὲ
1793 1744 1832 1799 Β

203 1869 288 1923 τοῦ
336 1871 536 1942 Κυρίου
567 1870 789 1934 κάθοδος
839 1874 931 1924 ἐπὶ
959 1871 1065 1942 γῆς
1124 1872 1489 1941 παρεικάσθη,
1533 1872 1667 1925 διότι
1697 1873 1759 1926 τὸ

198 1960 315 2030 ὄρος
346 1961 418 2032 γῆ
453 1963 604 2015 ἐστιν
628 1962 825 2033 ὑψηλή.
862 1964 1026 2034 Καὶή
1055 1962 1189 2035 σὰρξ
1214 1963 1292 2027 δὲ,
1335 1964 1368 2034 ἡ
1398 1962 1493 2015 τοῦ
1525 1964 1754 2035 Κυρίου,

202 2055 266 2124 γῆ
295 2054 428 2107 κατὰ
464 2055 566 2127 τὴν
595 2056 778 2127 κοινὴν
802 2055 961 2125 φύσιν
993 2057 1333 2126 ὑπάρχουσα,
1367 2055 1456 2109 διὰ
1493 2055 1595 2124 τῆς
1635 2071 1758 2109 συν-

201 2146 381 2215 αφείας
402 2147 501 2217 τῆς
516 2148 656 2220 πρὸς
673 2148 805 2201 Θεὸν
829 2146 1104 2218 ἀνυψώθη.
1126 2148 1235 2201 Καὶ
1257 2150 1286 2200 ὁ
1313 2143 1461 2209 οἶκος
1481 2146 1577 2200 τοῦ
1599 2146 1757 2211 Θεοῦ,

202 2236 282 2290 ἐπ’
308 2236 485 2310 ἄκρων
539 2239 652 2293 τῶν
684 2239 877 2310 ὀρέων,
912 2241 945 2309 ή
997 2238 1289 2309 Ἐκκλησία
1327 2240 1442 2293 ἐστὶ
1478 2237 1621 2292 κατὰ
1663 2238 1760 2308 τὴν

202 2327 284 2379 τοῦ
298 2328 618 2381 Ἀποστόλου
642 2331 843 2398 φωνήν.
861 2329 1068 2382 Εἰδέναι
1094 2330 1221 2399 γὰρ,
1253 2329 1406 2400 φησι,
1427 2327 1558 2395 Πῶς
1575 2327 1670 2382 δεῖ
1692 2329 1762 2381 ἐν

200 2415 331 2480 oliuo
367 2418 515 2473 Θεοῦ
545 2418 1201 2488 ἁναστρέφεσθαι,ἥτις
1224 2419 1396 2472 ἐστὶν
1431 2418 1762 2486 Ἐκκλησία

203 2508 336 2563 Θεοῦ
357 2507 592 2576 ζῶντος·
621 2506 690 2582 ἦς
723 2510 799 2580 (7)
842 2511 893 2563 ot
933 2510 1169 2582 θεμέλιοι
1220 2512 1359 2564 εἰσιν
1386 2511 1444 2564 ὲν
1470 2513 1583 2574 τοῖς
1610 2509 1762 2581 ὄρεσι

202 2600 303 2663 τοῖς
330 2600 523 2667 ἁγίοις·
559 2600 907 2673 ᾠκοδόμηται
962 2602 1073 2674 γὰρ
1122 2602 1217 2655 ἐπὶ
1256 2601 1334 2672 τῷ
1368 2600 1603 2673 θεμελίῳ
1652 2601 1762 2657 τῶν

204 2689 497 2744 ἀποστόλων
523 2693 621 2745 καὶ
654 2691 966 2763 προφητῶν.
1008 2693 1104 2747 Ἐν
1127 2691 1235 2744 τῶν
1259 2692 1429 2764 ὀρέων
1469 2692 1543 2763 (8)
1568 2688 1639 2763 ἦν
1668 2692 1763 2745 καὶ

202 2783 229 2835 ό
249 2782 462 2853 Πέτρος,
493 2785 583 2853 ἐφ’
621 2779 690 2855 ἦς
720 2784 814 2837 καὶ
847 2782 1051 2854 πέτρας
1084 2783 1443 2852 ἐπηγγείλατο
1473 2786 1501 2836 ό
1559 2782 1763 2855 Κύριος

201 2870 560 2941 οίκοδομήσειν
604 2872 768 2925 αὑτοῦ
793 2872 892 2943 τὴν
936 2872 1280 2944 Ἐκκλησίαν.
1329 2872 1411 2926 Τὰ
1434 2873 1544 2943 γὰρ
1583 2872 1763 2945 ὑψηλὰ

202 2963 288 3015 καὶ
319 2961 584 3035 διηρμένα
620 2964 962 3035 φρονήματα,
1011 2964 1104 3018 καὶ
1144 2964 1620 3036 ὑπερανεστηκότα
1652 2966 1763 3018 τῶν

1864 490 2083 545 dictioni
2113 488 2203 543 ttnl
2233 489 2324 558 qui
2374 501 2478 542 non
2512 486 2697 549 servit,
2741 499 2838 541 nec
2886 483 3126 539 adhaeret
3168 482 3327 540 nudae
3368 498 3434 539 ac

1864 582 2090 651 simplici
2128 582 2340 645 litterae,
2374 591 2595 651 cogetur
2628 581 2786 634 rebus
2815 577 3163 633 sensibilibus
3192 590 3298 633 non
3327 579 3432 632 im-

1865 672 2088 726 morari.
2123 670 2400 738 Quomodo
2437 671 2578 724 enim
2609 681 2735 725 tunc
2765 683 2917 723 mons
2943 669 3155 725 Domini
3183 668 3276 723 fiet
3304 683 3434 723 con-

1865 761 2126 831 apicuus?
2156 775 2263 831 quo
2290 761 2418 816 item
2459 771 2612 828 pacto
2640 760 2832 815 dmnus
2870 759 2960 813 Dei
3001 758 3352 814 collocabitur
3377 759 3431 814 in

1867 846 2127 907 montium
2157 855 2528 909 cacuminibus
2552 855 2576 906 ?
2605 854 2786 923 Neque
2813 855 2956 908 eiilm
2991 852 3227 909 carnalis
3267 850 3434 907 Israel

1862 955 2041 999 ortum
2084 954 2361 1014 exspectat
2410 946 2631 1000 alterius
2680 947 2924 1001 montis:
2959 963 3133 1016 neque
3183 948 3435 1001 secundas

1863 1038 2056 1093 domus
2079 1038 2335 1094 fabricam
2360 1038 2699 1108 prmstolatur
2718 1039 2836 1094 aliis
2852 1040 3219 1095 cacuminibus
3246 1056 3436 1112 super.

1865 1129 2240 1198 imponendam
2280 1148 2294 1185 :
2333 1146 2483 1184 mons
2510 1142 2686 1186 autem
2715 1132 2841 1187 Sion
2875 1137 2938 1188 a‘c
2968 1134 3225 1203 templum
3268 1136 3431 1190 etiam

1864 1222 2211 1275 vaticinantis
2262 1223 2412 1277 Isaia:
2465 1232 2704 1293 tempore
2749 1224 3199 1296 conSpiciebatur.
3252 1226 3435 1296 Itaque

1865 1311 1992 1379 quid
2023 1313 2122 1366 sibi
2171 1313 2357 1368 volunt
2409 1316 2522 1370 haec
2572 1315 2775 1370 verba?
2809 1314 2922 1371 Non
2957 1319 3099 1388 quod
3145 1320 3431 1389 conspicua

1865 1402 2042 1456 futura
2073 1406 2184 1459 haec
2210 1406 2316 1459 sint
2346 1406 2397 1460 in
2433 1408 2738 1462 novissimis
2766 1409 2955 1464 diebus
2982 1428 2995 1464 :
3022 1411 3114 1465 sed
3149 1413 3290 1479 quod
3313 1428 3431 1467 ma-s

1864 1509 1968 1563 gna
2007 1506 2061 1548 et
2089 1497 2196 1550 alta
2245 1498 2311 1551 de
2353 1499 2628 1552 hominum
2671 1500 2845 1557 salute
2881 1502 3210 1571 dispensatio
3239 1503 3305 1558 ad
3342 1506 3434 1559 de‘

1867 1588 2079 1641 lcndutn
2130 1602 2407 1657 peccatum
2453 1593 2504 1645 in
2546 1594 2852 1648 novissimis
2881 1594 3070 1649 diebus
3099 1596 3438 1652 fictmanile-

1865 1690 1966 1734 sta.
2012 1679 2286 1749 Siquidem
2328 1685 2641 1753 mysterium
2678 1685 2804 1739 illud
2833 1701 2864 1740 a
2905 1687 3115 1741 szeculis
3146 1689 3434 1745 abscondi-

1862 1781 1995 1836 tum,
2031 1778 2497 1833 consummatione
2544 1778 2644 1833 fuit
2700 1782 3025 1849 patefactum
3062 1783 3128 1836 ⁸⁸.
3170 1785 3433 1843 Caeterum

1861 1866 2073 1921 Domini
2101 1867 2152 1921 in
2187 1876 2388 1923 terram
2423 1872 2716 1927 descensus
2742 1871 2842 1928 fuit
2871 1875 3039 1930 monti
3069 1890 3434 1948 comparatus,

1858 1958 1999 2026 quod
2035 1959 2107 2014 sit
2161 1975 2316 2016 mons
2365 1968 2509 2016 terra
2544 1962 2598 2017 in
2637 1963 2804 2018 altum
2840 1967 3006 2021 edita.
3057 1967 3196 2035 Quin
3241 1979 3296 2025 et
3330 1970 3437 2025 Do-

1859 2049 1991 2104 mini
2014 2065 2144 2108 caro
2176 2067 2299 2108 cum
2346 2067 2443 2122 per
2468 2068 2810 2111 communem
2847 2066 3094 2114 naturam
3150 2070 3293 2117 terra
3341 2063 3433 2127 sit,

1859 2157 1957 2197 sua
1995 2159 2117 2199 cuin
2152 2145 2260 2201 Deo
2295 2147 2671 2215 conjunctione
2718 2160 2900 2204 evecta
2942 2152 2995 2205 in
3038 2150 3203 2207 altum
3240 2164 3344 2210 est.
3370 2156 3438 2210 Et

1861 2233 2050 2290 domus
2084 2235 2201 2299 Dei,
2232 2238 2285 2291 in
2312 2241 2572 2293 montium
2615 2241 2991 2297 cacuminibus
3034 2245 3155 2306 sita.
3191 2247 3434 2303 Ecclesia

1858 2334 1943 2379 cst
1968 2325 2120 2393 juxta
2156 2328 2398 2397 Apostoli
2436 2332 2776 2386 sententiam.
2815 2332 3106 2391 Sciendum
3147 2349 3229 2392 est
3266 2341 3435 2405 enim,

1862 2416 2055 2487 inquit,
2092 2418 2369 2485 Quomodo
2398 2432 2630 2489 aporteat
2655 2426 2854 2479 versari
2883 2427 2937 2482 in
2983 2427 3137 2482 domo
3168 2428 3289 2496 Dei,
3320 2446 3438 2503 qua:

1860 2515 1945 2560 est.
1960 2503 2203 2562 Ecclesia
2234 2507 2332 2563 Dei
2363 2509 2580 2566 viventis
2608 2512 2678 2578 ⁸³,
2722 2514 2876 2582 cujus
2925 2515 3270 2576 fundamenta
3314 2529 3439 2578 sunt

1863 2594 1917 2647 in
1968 2597 2244 2652 montibus
2296 2598 2590 2667 sanctis“;
2628 2610 2713 2657 est
2775 2604 2918 2658 enim
2963 2606 3227 2663 aediﬁcata
3276 2626 3437 2681 supra

1863 2683 2273 2773 fundamentum
2304 2690 2668 2759 apostolorum
2691 2703 2746 2748 et
2774 2696 3154 2766 prophetarum
3183 2700 3251 2756 “.
3293 2702 3441 2760 Unus

1861 2791 1926 2831 ex
1956 2778 2043 2833 his
2067 2781 2340 2837 montibus
2364 2786 2483 2838 erat
2507 2795 2561 2840 et
2586 2785 2799 2851 Petrus,
2832 2803 2993 2859 supra
3041 2805 3203 2861 quam
3231 2802 3439 2864 petram

1861 2869 2136 2937 pollicitus
2187 2871 2364 2929 fuerat
2420 2876 2681 2932 Dominus
2730 2890 2883 2934 suam
2934 2894 2993 2937 se
3046 2884 3438 2941 ardiflcaturum

1862 2961 2160 3017 Ecclesiam
2185 2963 2457 3020 ".Verum
2477 2969 2751 3024 enimvero
2779 2972 3037 3028 sublimes
3057 2984 3111 3029 et
3131 2975 3255 3031 elati
3274 2977 3442 3034 animi

203 3055 421 3125 γηίνων,
479 3056 712 3119 εἰκότως
765 3057 865 3127 ὅρη
926 3056 1415 3127 προσαγορεύεται.
1480 3058 1660 3127 Πέτρα
1704 3057 1761 3110 δὲ

1868 3061 1919 3105 ει
1950 3067 1982 3106 a
2008 3055 2234 3109 terrenis
2273 3066 2395 3111 sese
2437 3059 2807 3125 sustollentes,
2828 3061 2952 3129 jure
2987 3066 3193 3133 optimo
3230 3078 3440 3124 montes

203 3146 365 3217 ὑψηλὴ
385 3150 418 3218 ὴ
446 3146 598 3219 ψυχὴ
627 3148 722 3201 τοῦ
776 3150 1045 3219 μακαρίου
1085 3149 1289 3220 Πέτρου
1314 3149 1645 3221 ὠνόμασται,
1671 3149 1765 3202 διὰ

200 3239 480 3307 τὺπαγίως
517 3240 915 3313 ὲνερριζῶσθαι
947 3243 1013 3311 τῇ
1043 3241 1241 3305 πίστει,
1273 3241 1366 3293 καὶ
1407 3239 1647 3312 στερρῶς
1671 3240 1766 3293 καὶ

198 3330 474 3395 ἀνενδότως
522 3332 671 3402 ἔχειν
701 3333 836 3402 πρὸς
871 3332 974 3395 τὰς
1015 3333 1081 3385 ἐκ
1127 3332 1449 3404 πειρασμῶν
1490 3333 1766 3402 ἐπαγομέ-

201 3436 287 3485 νας
311 3421 539 3493 πληγάς.
572 3423 780 3485 Πάντες
806 3418 900 3476 οὖν
926 3424 975 3475 oi.
1007 3422 1309 3493 χωροῦντες
1334 3423 1433 3494 τὴν
1456 3422 1555 3494 τῆς
1580 3422 1766 3494 θεότη-

202 3529 280 3576 τος
312 3514 530 3581 γνῶσιν,
599 3513 687 3567 διὰ
720 3514 781 3567 τὸ
831 3513 1062 3584 μέγεθος
1094 3514 1188 3568 τοῦ
1225 3513 1340 3577 νοῦ,
1396 3514 1491 3566 καὶ
1516 3512 1626 3566 τῶν
1658 3511 1764 3565 ἀπὸ

201 3604 285 3658 τοῦ
338 3606 427 3661 νοῦ
458 3606 738 3678 πράξεων,
785 3605 1190 3676 τετελειωμένοι
1228 3604 1308 3675 τῷ
1338 3604 1480 3673 ὑγιεῖ
1518 3602 1635 3674 βίῳ,
1694 3602 1764 3656 τὰ

203 3697 332 3767 ἂκρα
368 3700 474 3752 eici.
510 3698 625 3751 τῶν
649 3698 821 3767 ὀρέων
854 3697 940 3766 ἐφ’
980 3691 1057 3751 ὧν
1086 3695 1448 3766 οἰκοδομεῖται
1486 3693 1561 3765 (9)
1591 3695 1620 3746 ὁ
1666 3692 1761 3747 τοῦ

203 3788 325 3842 Θεοῦ
361 3786 529 3854 οἶκος.

264 3883 345 3935 67.
400 3884 509 3937 Καὶ
560 3880 948 3951 ὑψωθήσεται
988 3878 1265 3948 ὑπεράνω
1327 3877 1445 3931 τῶν
1495 3875 1759 3941 βουνῶν.

204 3973 301 4026 Καὶ
333 3974 381 4027 οἱ
419 3973 606 4044 βουνοί
653 3972 881 4043 γήλοφοί
941 3971 1087 4035 τινές
1135 3973 1272 4023 εἰσιν
1323 3969 1762 4040 εὐπερίγραπτον

201 4063 397 4130 ἔχοντες
435 4063 535 4135 τὴν
570 4062 682 4117 ἀπὸ
718 4064 821 4132 γῆς
857 4062 1245 4125 ἐπανάστασιν,
1289 4060 1399 4114 τῶν
1432 4061 1529 4132 μὲν
1572 4076 1764 4114 ταπει-

202 4156 296 4211 νῶν
323 4157 701 4229 ὑπερέχοντες,
723 4156 829 4210 τῶν
859 4155 916 4209 δὲ
938 4154 1286 4226 ὑψηλοτάτων
1320 4153 1759 4224 ἀπολειπόμενοι.

215 4250 354 4304 Ἐπεὶ
386 4269 478 4306 ουν
527 4250 920 4313 ἀσυνείκαστος
957 4251 991 4320 ή
1028 4248 1169 4303 κατὰ
1200 4249 1264 4302 τὸ
1291 4246 1631 4316 ἀνθρώπινον
1666 4246 1761 4299 τοῦ

203 4342 390 4414 Κυρίου
405 4343 675 4414 ὑπεροχὴ,
700 4341 837 4413 πρὸς
866 4340 1078 4403 πάντας
1102 4338 1239 4411 ὁμοῦ
1263 4340 1388 4402 τοὺς
1419 4341 1477 4391 ἐν
1503 4338 1635 4401 οἵοις
1651 4336 1761 4408 (10)

1864 3146 2223 3215 appellantur.
2276 3149 2467 3205 Anima
2512 3162 2692 3208 autem
2743 3154 2887 3210 beati
2919 3154 3064 3211 Petri
3114 3167 3301 3213 vocata
3353 3170 3441 3215 est

1862 3237 2110 3294 sublimis
2140 3249 2313 3309 petra,
2352 3255 2636 3313 propterea
2668 3246 2812 3316 quod
2852 3247 3037 3305 ﬁrmas
3064 3250 3115 3303 in
3156 3251 3260 3307 fide
3303 3253 3442 3306 radic

1862 3342 1955 3384 ces
1986 3332 2176 3399 egerit,
2212 3344 2631 3407 constanterque
2653 3349 2707 3394 ct
2732 3338 3143 3410 fortitcrplagas
3172 3342 3224 3397 in
3260 3353 3440 3400 tenta-

1862 3419 2098 3476 tionibus
2145 3421 2319 3479 illatas
2372 3429 2676 3496 pertulerit.
2727 3428 3042 3502 Quicunque
3091 3434 3253 3505 igitur
3300 3437 3441 3491 divi.

1863 3510 2051 3565 nitatis
2081 3515 2445 3584 cognitionem
2494 3533 2802 3589 pereepere,
2830 3520 2899 3575 ob
2942 3523 3137 3579 mentis
3172 3534 3225 3579 et
3250 3541 3440 3582 earum

1862 3602 2135 3656 actionum
2181 3620 2302 3673 quin
2339 3622 2405 3663 ex
2441 3622 2501 3661 ea
2539 3609 2961 3678 proficiscuntur
3005 3613 3440 3683 amplitudinem,

1863 3692 2078 3748 saniore
2125 3694 2234 3749 vita
2274 3701 2666 3765 consummati,
2702 3703 2935 3759 vertices
2978 3713 3105 3759 sunt
3142 3707 3439 3773 montium,

1862 3785 1919 3839 in
1948 3787 2142 3855 quibus
2165 3787 2259 3844 Dei
2289 3792 2478 3846 domus
2499 3795 2888 3851 exaedificatur.

1933 3875 2021 3929 67.
2066 3877 2131 3929 Et
2164 3877 2452 3934 elccobimr
2485 3898 2643 3951 super
2680 3884 2859 3939 colles.
2894 3885 3072 3941 Colles
3099 3895 3280 3943 autem
3312 3899 3443 3945 sunt

1866 3966 2056 4021 tumuli
2111 3968 2329 4037 quidam
2363 3971 2453 4037 qui
2487 3972 2538 4026 in
2585 3973 2915 4045 aliquantam
2959 3992 2988 4030 a
3030 3984 3172 4031 terra
3201 3977 3441 4033 altitudio

1863 4072 1984 4110 nem
2033 4059 2245 4113 modico
2288 4063 2495 4117 ambitu
2540 4052 3002 4135 circumscriptam
3055 4068 3434 4137 insurgentes.

1860 4147 2339 4219 £2shutnilibus
2372 4155 2587 4225 quidem
2629 4156 2759 4213 locis
2787 4169 2914 4214 sunt
2954 4159 3319 4224 sublimiores,
3356 4162 3439 4215 al-

1861 4241 2088 4299 tissimis
2122 4258 2252 4300 vero
2282 4247 2670 4318 depressiorcs.
2711 4250 2974 4316 Quoniam
3020 4253 3185 4322 igitur
3225 4251 3437 4307 Domini

1864 4337 2172 4398 prarstantia
2203 4339 2355 4406 juxta
2386 4340 2798 4407 humanitatem,
2825 4343 3285 4412 comparationem
3319 4343 3441 4398 nul-

200 4433 384 4505 δήποτε
432 4437 795 4506 διαφανέντας
827 4433 1237 4505 κατορθώμασι·
1281 4432 1370 4485 διὰ
1394 4429 1558 4484 τοῦτο
1588 4432 1760 4501 ὑπερ-

1868 4423 1971 4481 lam
2007 4443 2129 4484 cum
2167 4432 2287 4487 ullis
2326 4434 2418 4501 qui
2466 4434 2744 4502 quibusvis
2784 4433 3116 4490 facinoribus
3165 4435 3441 4506 praeclaris

203 4527 304 4581 ἀνω
322 4527 430 4581 τῶν
460 4526 670 4599 βουνῶν
698 4522 838 4580 εἶναι
877 4524 941 4578 τὺ
992 4523 1232 4596 ἐμφανὲς
1258 4523 1622 4595 γενησόμενον
1671 4522 1768 4576 τοῦ

1873 4522 2243 4588 inclaruerint,
2265 4524 2516 4577 admittat
2541 4540 2556 4578 :
2588 4537 2651 4578 ea
2688 4524 2755 4577 de
2777 4537 2941 4579 causa
2969 4523 3171 4580 dictum
3191 4536 3277 4579 est
3302 4523 3438 4593 fore,

262 4680 302 4713 "
333 4681 513 4740 Colos.
554 4697 597 4747 ι,
627 4679 718 4737 26.
792 4679 840 4712 υ
868 4679 887 4733 ι
916 4679 1058 4735 Tim.
1096 4695 1178 4744 Ill,
1221 4678 1309 4733 15.
1384 4679 1596 4734 “Psal.
1637 4695 1776 4735 uxx

1868 4723 1871 4740 ,
1913 4681 1964 4733 l.
2038 4679 2309 4749 “Ephes.
2338 4694 2401 4742 tt,
2427 4677 2519 4733 20.
2590 4677 2638 4710 ⁸⁸
2669 4676 2859 4733 Matth.
2913 4692 3025 4746 ut,
3064 4679 3132 4734 {8

266 4833 337 4903 (5)
364 4833 456 4903 Sic
490 4848 628 4889 mss.
670 4842 803 4890 tres.
849 4836 954 4891 Alii
998 4834 1124 4899 duo,
1176 4832 1567 4903 ὲκφανήσεται.
1618 4831 1760 4887 Editi

202 4902 670 4975 ἐμφανισθήσεται.

265 4980 340 5043 (ti)
375 4972 647 5043 Dissident
674 4975 816 5027 inter
843 4991 901 5031 se
931 4984 1142 5029 veteres
1173 4974 1341 5027 noStri
1366 4972 1632 5029 libri.Alii
1662 4972 1759 5026 ha-

203 5042 350 5116 bent,
367 5044 459 5116 sit?
500 5042 679 5116 ἄλλων
728 5044 1005 5116 κορυφῶν,
1035 5044 1171 5116 Διιιὶιε
1202 5046 1573 5116 ⁸ιξαιειιῃιίηὶιηιις
1598 5057 1617 5095 :
1639 5043 1759 5116 alii,

204 5111 282 5165 ιη’
304 5111 474 5168 ἄλλων
507 5112 696 5176 οἴκων,
741 5111 1164 5167 αἰῐὶεἰίοηιὶίηιε.
1202 5111 1465 5179 Equidettt
1495 5129 1600 5169 non
1637 5113 1757 5165 iuli-

204 5181 316 5252 cias
360 5184 572 5245 iverim,
626 5198 787 5252 posse
839 5184 1123 5237 lectionem
1177 5194 1467 5252 utramque
1516 5182 1753 5237 admitti.

205 5249 321 5305 Mihi
368 5260 547 5307 tamen
599 5249 784 5306 nescio
826 5254 1096 5320 quomodo
1137 5249 1483 5309 verisimilius
1522 5255 1604 5317 lit,
1653 5252 1754 5319 legi

205 5320 410 5394 debere,
427 5322 516 5374 ἐπ’
549 5320 734 5394 ἄλλων
755 5320 1029 5394 κορυφῶν.

269 5390 341 5460 (7)
382 5393 472 5446 Sic
513 5407 642 5446 mss.
690 5387 918 5461 aliquot.
957 5394 1146 5446 Nostra
1184 5390 1371 5456 editio,
1416 5387 1517 5457 οἷς.
1553 5390 1674 5445 Mox
1703 5398 1758 5461 et

1867 4832 1983 4904 voci
2018 4831 2256 4904 θεμελίῳ
2285 4832 2512 4904 incaute
2547 4831 2905 4904 coniunxerit.

1938 4903 2014 4972 (8)
2039 4901 2256 4971 Legitur
2282 4903 2333 4956 in
2359 4913 2540 4973 nostra
2564 4903 2822 4967 editione,
2843 4901 3062 4973 ὡραίων
3082 4920 3099 4936 ·
3122 4907 3265 4973 quod
3286 4919 3432 4961 men-

1866 4971 2002 5044 dum
2035 4974 2305 5044 tribu_tum_
2340 4972 2464 5026 nolo
2508 4971 3017 5043 typograpbis,‘sed
3049 4971 3296 5037 librario,
3342 4976 3435 5044 qui

1864 5041 2108 5096 codicem
2156 5041 2249 5095 Fr.
2279 5041 2310 5112 ί1
2354 5041 2664 5112 exscripsit.
2712 5043 2783 5095 At
2820 5053 2878 5095 et
2925 5044 2978 5096 in
3046 5043 3329 5100 Ducieauis
3360 5041 3439 5099 ἐι

1863 5112 1918 5162 in
1945 5113 2143 5183 nostris
2170 5111 2449 5167 codicibus
2470 5111 2683 5167 servata
2708 5122 2789 5167 est
2828 5124 2957 5167 vera
2981 5123 3039 5167 et
3068 5128 3323 5183 genualia
3351 5114 3430 5168 le-

1860 5183 1987 5253 ctio,
2013 5181 2203 5253 ὀρέων.

1956 5253 2011 5324 θ)
2039 5248 2116 5324 ita
2143 5266 2236 5324 seu
2263 5265 2391 5324 mss.
2419 5250 2486 5324 At
2507 5248 3051 5324 _editi,_tbx066pnrat.

1966 5321 2046 5389 10)
2078 5320 2243 5387 Editi,
2280 5321 2408 5383 τοὺς
2436 5320 2797 5390 ἐνίοιςκῐίεε.
2829 5320 3054 5390 primus.
3098 5323 3211 5387 τοῖς
3246 5320 3439 5387 ἐνίοις.

1862 5383 1966 5445 Alii
1999 5383 2104 5445 d'uo
2136 5383 2292 5451 mss.,
2337 5392 2461 5453 τοὺς
2505 5393 2565 5443 ὲν
2596 5383 2699 5454 οἷς.
2736 5383 2973 5459 Denique
3008 5383 3099 5447 alii
3142 5383 3277 5459 tres,
3305 5383 3434 5456 τους

206 5454 256 5511 in
277 5454 431 5514 editis
458 5468 514 5513 et
543 5461 594 5512 in
639 5454 977 5531 Reg'priino
998 5471 1248 5529 corrupte
1286 5454 1498 5532 legitur,
1525 5462 1617 5515 ἐπὶ
1646 5459 1755 5512 τῶν
1861 5462 1921 5513 ὲν
1949 5461 2100 5525 οἵοις.
2145 5459 2255 5515 Nec
2297 5460 2454 5513 aliter
2480 5459 2526 5513 le
2567 5461 2671 5514 itur
2699 5462 2839 5529 apud
2871 5454 3219 5530 Procopium,
3247 5454 3324 5517 ita
3353 5454 3435 5518 lo;

206 5526 533 5598 θεμελιωτῶν
553 5544 567 5558 ·
594 5541 657 5598 at
687 5532 737 5583 in
766 5533 886 5585 aliis
918 5532 1101 5585 multis
1148 5545 1278 5585 mss.
1310 5534 1598 5598 emendate
1624 5531 1756 5585 scri-
1855 5540 2108 5598 quentetn
2146 5544 2264 5598 pag.
2315 5528 2425 5582 42:
2457 5477 2598 5598 [19%;
2632 5529 2841 5594 πάντας
2880 5528 3015 5598 ὁμοῦ
3046 5533 3175 5596 τοὺς
3210 5533 3270 5586 δν
3298 5531 3435 5596 οἵοις

206 5526 533 5598 θεμελιωτῶν
553 5544 567 5558 ·
594 5541 657 5598 at
687 5526 743 5583 in
766 5526 886 5585 aliis
918 5532 1101 5585 multis
1148 5526 1278 5585 mss.
1310 5526 1598 5598 emendate
1624 5531 1756 5585 scri-

208 5596 358 5663 bitur,
402 5599 495 5653 ἐπὶ
538 5596 616 5669 τῷ
660 5598 895 5671 θεμελίῳ
938 5600 1076 5664 τῶν,
1125 5611 1230 5656 etc.
1275 5597 1495 5667 Vident,
1538 5604 1747 5671 Opinor.

210 5679 402 5735 omnes,
430 5671 481 5723 in
520 5667 596 5720 eo
613 5667 877 5736 peccasse
898 5671 1201 5736 librarium,
1234 5675 1376 5741 quod
1425 5667 1609 5727 vocent
1642 5667 1750 5721 τῶν

431 5762 700 5824 Panos.
739 5764 858 5825 GR.
885 5765 1094 5825 XXX.

1855 5540 2108 5598 quentetn
2146 5544 2264 5599 pag.
2315 5528 2425 5599 427:
2457 5528 2501 5581 Π

1853 5600 2050 5672 δήποτε
2083 5598 2537 5668 διαφανεστάτους
2570 5598 2972 5671 κατορθώμασι.

2570 5547 2598 5592 ς
2632 5529 2841 5613 πάντας
2880 5529 3015 5600 ὁμοῦ
3046 5529 3175 5596 τοὺς
3210 5533 3270 5586 δν
3298 5531 3435 5596 οἵοις

3066 5761 3108 5820 8
