  <div class='ocr_page' id='page_1' title='image "/cluster/home/n/w/nwhite01/storage/ocr_20150623/30/nnc1.0046978810/125.png"; bbox 0 0 3828 6216; ppageno 0'>
   <div class='ocr_carea' id='block_1_1' title="bbox 222 270 443 327">
    <p class='ocr_par' dir='ltr' id='par_1_1' title="bbox 222 270 443 327">
     <span class='ocr_line' id='line_1_1' title="bbox 222 270 443 327; baseline -0.009 0"><span class='ocrx_word' id='word_1_1' title='bbox 222 286 231 311; x_wconf 88' lang='lat'><strong>-&#39;</strong></span> <span class='ocrx_word' id='word_1_2' title='bbox 330 270 443 327; x_wconf 71' lang='lat'><strong>$55</strong></span> 
     </span>
    </p>
   </div>
   <div class='ocr_carea' id='block_1_2' title="bbox 1218 261 3607 323">
    <p class='ocr_par' dir='ltr' id='par_1_2' title="bbox 1218 261 3607 323">
     <span class='ocr_line' id='line_1_2' title="bbox 1218 261 3607 323; baseline 0 -3"><span class='ocrx_word' id='word_1_3' title='bbox 1218 276 1227 289; x_wconf 96' lang='lat'><strong>&#39;</strong></span> <span class='ocrx_word' id='word_1_4' title='bbox 1283 264 1632 321; x_wconf 70' lang='lat' dir='ltr'><strong>APPENDIX</strong></span> <span class='ocrx_word' id='word_1_5' title='bbox 1667 261 1956 321; x_wconf 77' lang='lat' dir='ltr'><strong>OPERUM</strong></span> <span class='ocrx_word' id='word_1_6' title='bbox 1997 261 2057 317; x_wconf 84' lang='lat' dir='ltr'><strong>S.</strong></span> <span class='ocrx_word' id='word_1_7' title='bbox 2098 261 2348 319; x_wconf 80' lang='lat' dir='ltr'><strong>BASILll</strong></span> <span class='ocrx_word' id='word_1_8' title='bbox 2379 263 2620 322; x_wconf 77' lang='lat' dir='ltr'><strong>MAGNI.</strong></span> <span class='ocrx_word' id='word_1_9' title='bbox 3494 267 3607 323; x_wconf 70' lang='lat'><strong>236</strong></span> 
     </span>
    </p>
   </div>
   <div class='ocr_carea' id='block_1_3' title="bbox 335 377 1915 453">
    <p class='ocr_par' dir='ltr' id='par_1_3' title="bbox 335 380 1915 451">
     <span class='ocr_line' id='line_1_3' title="bbox 335 380 1915 451; baseline -0.003 -11"><span class='ocrx_word' id='word_1_10' title='bbox 335 397 399 440; x_wconf 90' lang='lat' dir='ltr'><strong>nt</strong></span> <span class='ocrx_word' id='word_1_11' title='bbox 432 398 584 438; x_wconf 88' lang='lat' dir='ltr'><strong>mons</strong></span> <span class='ocrx_word' id='word_1_12' title='bbox 606 381 817 438; x_wconf 84' lang='lat' dir='ltr'><strong>Domini</strong></span> <span class='ocrx_word' id='word_1_13' title='bbox 861 393 1025 451; x_wconf 85' lang='lat' dir='ltr'><strong>supra</strong></span> <span class='ocrx_word' id='word_1_14' title='bbox 1071 380 1236 438; x_wconf 87' lang='lat' dir='ltr'><strong>colles</strong></span> <span class='ocrx_word' id='word_1_15' title='bbox 1274 382 1457 438; x_wconf 88' lang='lat' dir='ltr'><strong>clarus</strong></span> <span class='ocrx_word' id='word_1_16' title='bbox 1505 397 1569 437; x_wconf 90' lang='lat' dir='ltr'><strong>ac</strong></span> <span class='ocrx_word' id='word_1_17' title='bbox 1598 380 1915 436; x_wconf 80' lang='lat' dir='ltr'><strong>manifestus</strong></span> 
     </span>
    </p>
   </div>
   <div class='ocr_carea' id='block_1_4' title="bbox 2039 377 3607 453">
    <p class='ocr_par' dir='ltr' id='par_1_4' title="bbox 2039 377 3607 453">
     <span class='ocr_line' id='line_1_4' title="bbox 2039 377 3607 453; baseline 0.001 -22"><span class='ocrx_word' id='word_1_18' title='bbox 2039 377 2222 447; x_wconf 71' lang='lat' dir='ltr'><strong>{upiou</strong></span> <span class='ocrx_word' id='word_1_19' title='bbox 2260 378 2385 450; x_wconf 78' lang='grc' dir='ltr'>ὅρος</span> <span class='ocrx_word' id='word_1_20' title='bbox 2446 380 2663 452; x_wconf 80' lang='grc' dir='ltr'>ἐλέχθη.</span> <span class='ocrx_word' id='word_1_21' title='bbox 2723 377 3001 448; x_wconf 80' lang='grc' dir='ltr'>Μείζονος</span> <span class='ocrx_word' id='word_1_22' title='bbox 3047 381 3155 453; x_wconf 76' lang='grc' dir='ltr'>γὰρ</span> <span class='ocrx_word' id='word_1_23' title='bbox 3195 381 3382 448; x_wconf 81' lang='grc' dir='ltr'><em>δόξης</em></span> <span class='ocrx_word' id='word_1_24' title='bbox 3440 382 3607 445; x_wconf 54' lang='grc' dir='ltr'>παρὰ</span> 
     </span>
    </p>
   </div>
   <div class='ocr_carea' id='block_1_5' title="bbox 339 470 1915 544">
    <p class='ocr_par' dir='ltr' id='par_1_5' title="bbox 339 471 1915 543">
     <span class='ocr_line' id='line_1_5' title="bbox 339 471 1915 543; baseline -0.003 -13"><span class='ocrx_word' id='word_1_25' title='bbox 339 479 455 530; x_wconf 78' lang='lat' dir='ltr'><strong>ﬁat.</strong></span> <span class='ocrx_word' id='word_1_26' title='bbox 501 474 783 542; x_wconf 78' lang='lat' dir='ltr'><strong>Amplioris</strong></span> <span class='ocrx_word' id='word_1_27' title='bbox 829 472 972 527; x_wconf 91' lang='lat' dir='ltr'><strong>enim</strong></span> <span class='ocrx_word' id='word_1_28' title='bbox 1010 471 1193 542; x_wconf 74' lang='lat' dir='ltr'><strong>gloria:</strong></span> <span class='ocrx_word' id='word_1_29' title='bbox 1232 490 1344 543; x_wconf 77' lang='lat' dir='ltr'><strong>pm</strong></span> <span class='ocrx_word' id='word_1_30' title='bbox 1388 473 1571 543; x_wconf 77' lang='lat' dir='ltr'><strong><em>Moyse</em></strong></span> <span class='ocrx_word' id='word_1_31' title='bbox 1621 475 1811 543; x_wconf 78' lang='lat' dir='ltr'><strong>dignus</strong></span> <span class='ocrx_word' id='word_1_32' title='bbox 1845 482 1915 525; x_wconf 88' lang='lat' dir='ltr'><strong>est</strong></span> 
     </span>
    </p>
   </div>
   <div class='ocr_carea' id='block_1_6' title="bbox 2039 470 3609 544">
    <p class='ocr_par' dir='ltr' id='par_1_6' title="bbox 2039 470 3609 544">
     <span class='ocr_line' id='line_1_6' title="bbox 2039 470 3609 544; baseline 0 -19"><span class='ocrx_word' id='word_1_33' title='bbox 2039 470 2291 539; x_wconf 70' lang='grc' dir='ltr'><strong>Μωῡσῆν</strong></span> <span class='ocrx_word' id='word_1_34' title='bbox 2338 471 2604 540; x_wconf 77' lang='grc' dir='ltr'><strong>ἠξίωται,</strong></span> <span class='ocrx_word' id='word_1_35' title='bbox 2666 473 2934 526; x_wconf 80' lang='grc' dir='ltr'><strong>καθόσον</strong></span> <span class='ocrx_word' id='word_1_36' title='bbox 2989 471 3230 541; x_wconf 76' lang='grc' dir='ltr'>μείζονα</span> <span class='ocrx_word' id='word_1_37' title='bbox 3270 472 3379 544; x_wconf 85' lang='grc'><strong>(11)</strong></span> <span class='ocrx_word' id='word_1_38' title='bbox 3422 470 3609 540; x_wconf 65' lang='grc' dir='ltr'>τιμὴν</span> 
     </span>
    </p>
   </div>
   <div class='ocr_carea' id='block_1_7' title="bbox 338 565 1923 637">
    <p class='ocr_par' dir='ltr' id='par_1_7' title="bbox 338 565 1923 637">
     <span class='ocr_line' id='line_1_7' title="bbox 338 565 1923 637; baseline -0.002 -16"><span class='ocrx_word' id='word_1_39' title='bbox 338 567 569 634; x_wconf 82' lang='lat' dir='ltr'><strong>habitus,</strong></span> <span class='ocrx_word' id='word_1_40' title='bbox 602 575 796 637; x_wconf 87' lang='lat' dir='ltr'><strong>quanto</strong></span> <span class='ocrx_word' id='word_1_41' title='bbox 821 567 1127 635; x_wconf 79' lang='lat' dir='ltr'><strong>ampliorem</strong></span> <span class='ocrx_word' id='word_1_42' title='bbox 1161 566 1411 620; x_wconf 78' lang='lat' dir='ltr'><strong>honorem</strong></span> <span class='ocrx_word' id='word_1_43' title='bbox 1431 565 1584 620; x_wconf 80' lang='lat' dir='ltr'><strong>habet</strong></span> <span class='ocrx_word' id='word_1_44' title='bbox 1610 567 1654 620; x_wconf 84' lang='lat' dir='ltr'><strong>is</strong></span> <span class='ocrx_word' id='word_1_45' title='bbox 1682 567 1772 636; x_wconf 84' lang='lat' dir='ltr'><strong>qui</strong></span> <span class='ocrx_word' id='word_1_46' title='bbox 1797 581 1923 619; x_wconf 81' lang='lat' dir='ltr'><strong>con-</strong></span> 
     </span>
    </p>
   </div>
   <div class='ocr_carea' id='block_1_8' title="bbox 339 656 1922 727">
    <p class='ocr_par' dir='ltr' id='par_1_8' title="bbox 339 656 1922 727">
     <span class='ocr_line' id='line_1_8' title="bbox 339 656 1922 727; baseline -0.002 -12"><span class='ocrx_word' id='word_1_47' title='bbox 339 663 530 716; x_wconf 73' lang='lat' dir='ltr'><strong>struxit</strong></span> <span class='ocrx_word' id='word_1_48' title='bbox 560 659 796 721; x_wconf 85' lang='lat' dir='ltr'><strong>domum,</strong></span> <span class='ocrx_word' id='word_1_49' title='bbox 840 673 999 727; x_wconf 86' lang='lat' dir='ltr'><strong>quam</strong></span> <span class='ocrx_word' id='word_1_50' title='bbox 1029 658 1140 725; x_wconf 83' lang='lat' dir='ltr'><strong>ipsa</strong></span> <span class='ocrx_word' id='word_1_51' title='bbox 1183 658 1251 712; x_wconf 82' lang='grc'><strong>⁸⁸.</strong></span> <span class='ocrx_word' id='word_1_52' title='bbox 1288 656 1501 724; x_wconf 86' lang='lat' dir='ltr'><strong>Quanto</strong></span> <span class='ocrx_word' id='word_1_53' title='bbox 1553 674 1743 715; x_wconf 82' lang='lat' dir='ltr'><strong>rursus</strong></span> <span class='ocrx_word' id='word_1_54' title='bbox 1788 672 1922 727; x_wconf 68' lang='grc' dir='ltr'>βιαι-</span> 
     </span>
    </p>
   </div>
   <div class='ocr_carea' id='block_1_9' title="bbox 340 749 1920 820">
    <p class='ocr_par' dir='ltr' id='par_1_9' title="bbox 340 749 1920 820">
     <span class='ocr_line' id='line_1_9' title="bbox 340 749 1920 820; baseline -0.004 -12"><span class='ocrx_word' id='word_1_55' title='bbox 340 751 570 808; x_wconf 87' lang='lat' dir='ltr'><strong>stantior</strong></span> <span class='ocrx_word' id='word_1_56' title='bbox 601 760 684 805; x_wconf 91' lang='lat' dir='ltr'><strong>est</strong></span> <span class='ocrx_word' id='word_1_57' title='bbox 712 764 874 820; x_wconf 90' lang='lat' dir='ltr'><strong>quam</strong></span> <span class='ocrx_word' id='word_1_58' title='bbox 908 749 1183 804; x_wconf 84' lang='lat' dir='ltr'><strong>Abraham</strong></span> <span class='ocrx_word' id='word_1_59' title='bbox 1210 750 1328 818; x_wconf 91' lang='lat' dir='ltr'><strong>ipse</strong></span> <span class='ocrx_word' id='word_1_60' title='bbox 1352 749 1376 803; x_wconf 89' lang='lat'><strong>?</strong></span> <span class='ocrx_word' id='word_1_61' title='bbox 1402 749 1694 814; x_wconf 85' lang='lat' dir='ltr'><strong>Abraham,</strong></span> <span class='ocrx_word' id='word_1_62' title='bbox 1724 750 1920 820; x_wconf 91' lang='lat' dir='ltr'><strong>inquit,</strong></span> 
     </span>
    </p>
   </div>
   <div class='ocr_carea' id='block_1_10' title="bbox 339 837 1922 906">
    <p class='ocr_par' dir='ltr' id='par_1_10' title="bbox 339 837 1922 906">
     <span class='ocr_line' id='line_1_10' title="bbox 339 837 1922 906; baseline -0.003 -10"><span class='ocrx_word' id='word_1_63' title='bbox 339 840 617 896; x_wconf 76' lang='lat' dir='ltr'><strong>exsultavit</strong></span> <span class='ocrx_word' id='word_1_64' title='bbox 640 850 695 893; x_wconf 88' lang='lat' dir='ltr'><strong><em>ut</em></strong></span> <span class='ocrx_word' id='word_1_65' title='bbox 723 839 918 894; x_wconf 75' lang='lat' dir='ltr'><strong>videret</strong></span> <span class='ocrx_word' id='word_1_66' title='bbox 954 839 1096 894; x_wconf 84' lang='lat' dir='ltr'><strong>diem</strong></span> <span class='ocrx_word' id='word_1_67' title='bbox 1139 840 1536 896; x_wconf 80' lang='lat' dir='ltr'><strong>incarnationis</strong></span> <span class='ocrx_word' id='word_1_68' title='bbox 1562 857 1577 896; x_wconf 90' lang='lat'><strong>:</strong></span> <span class='ocrx_word' id='word_1_69' title='bbox 1609 851 1658 895; x_wconf 90' lang='lat' dir='ltr'><strong>et</strong></span> <span class='ocrx_word' id='word_1_70' title='bbox 1678 837 1848 906; x_wconf 80' lang='lat' dir='ltr'><strong>&#39;vidit,</strong></span> <span class='ocrx_word' id='word_1_71' title='bbox 1872 848 1922 893; x_wconf 89' lang='lat' dir='ltr'><strong><em>et</em></strong></span> 
     </span>
    </p>
   </div>
   <div class='ocr_carea' id='block_1_11' title="bbox 331 929 1924 1001">
    <p class='ocr_par' dir='ltr' id='par_1_11' title="bbox 331 929 1924 1001">
     <span class='ocr_line' id='line_1_11' title="bbox 331 929 1924 1001; baseline -0.003 -12"><span class='ocrx_word' id='word_1_72' title='bbox 331 933 547 1001; x_wconf 79' lang='lat' dir='ltr'><strong>gauisus</strong></span> <span class='ocrx_word' id='word_1_73' title='bbox 571 939 649 986; x_wconf 82' lang='lat' dir='ltr'><strong>est</strong></span> <span class='ocrx_word' id='word_1_74' title='bbox 677 931 745 985; x_wconf 82' lang='grc'><strong>⁸⁷.</strong></span> <span class='ocrx_word' id='word_1_75' title='bbox 767 930 835 985; x_wconf 84' lang='grc' dir='ltr'><strong>Ει</strong></span> <span class='ocrx_word' id='word_1_76' title='bbox 864 929 1207 985; x_wconf 84' lang='lat' dir='ltr'><strong>Abrahamus</strong></span> <span class='ocrx_word' id='word_1_77' title='bbox 1230 932 1450 1000; x_wconf 84' lang='lat' dir='ltr'><strong>quidem</strong></span> <span class='ocrx_word' id='word_1_78' title='bbox 1481 932 1630 988; x_wconf 91' lang='lat' dir='ltr'><strong>dedit</strong></span> <span class='ocrx_word' id='word_1_79' title='bbox 1654 932 1924 987; x_wconf 77' lang='lat' dir='ltr'><strong>decimam</strong></span> 
     </span>
    </p>
   </div>
   <div class='ocr_carea' id='block_1_12' title="bbox 338 1022 1925 1096">
    <p class='ocr_par' dir='ltr' id='par_1_12' title="bbox 338 1022 1925 1096">
     <span class='ocr_line' id='line_1_12' title="bbox 338 1022 1925 1096; baseline 0.001 -18"><span class='ocrx_word' id='word_1_80' title='bbox 338 1022 738 1080; x_wconf 76' lang='lat' dir='ltr'><strong>Melchisedech</strong></span> <span class='ocrx_word' id='word_1_81' title='bbox 769 1023 816 1055; x_wconf 82' lang='grc'>⁸⁸</span> <span class='ocrx_word' id='word_1_82' title='bbox 840 1039 854 1075; x_wconf 90' lang='lat'><strong>:</strong></span> <span class='ocrx_word' id='word_1_83' title='bbox 882 1023 1274 1080; x_wconf 84' lang='lat' dir='ltr'><strong>Melchisedech</strong></span> <span class='ocrx_word' id='word_1_84' title='bbox 1310 1036 1489 1079; x_wconf 88' lang='lat' dir='ltr'><strong>autem</strong></span> <span class='ocrx_word' id='word_1_85' title='bbox 1514 1025 1727 1082; x_wconf 88' lang='lat' dir='ltr'><strong>Domini</strong></span> <span class='ocrx_word' id='word_1_86' title='bbox 1770 1035 1925 1096; x_wconf 87' lang='lat' dir='ltr'><strong>typus</strong></span> 
     </span>
    </p>
   </div>
   <div class='ocr_carea' id='block_1_13' title="bbox 339 1112 1924 1184">
    <p class='ocr_par' dir='ltr' id='par_1_13' title="bbox 339 1112 1924 1184">
     <span class='ocr_line' id='line_1_13' title="bbox 339 1112 1924 1184; baseline -0.003 -14"><span class='ocrx_word' id='word_1_87' title='bbox 339 1123 478 1170; x_wconf 90' lang='lat' dir='ltr'><strong>erat.</strong></span> <span class='ocrx_word' id='word_1_88' title='bbox 508 1113 699 1170; x_wconf 69' lang='lat' dir='ltr'><strong>Isthmo</strong></span> <span class='ocrx_word' id='word_1_89' title='bbox 718 1115 1038 1184; x_wconf 80' lang='lat' dir='ltr'><strong>protulimus</strong></span> <span class='ocrx_word' id='word_1_90' title='bbox 1074 1112 1126 1168; x_wconf 94' lang='lat' dir='ltr'><strong>in</strong></span> <span class='ocrx_word' id='word_1_91' title='bbox 1165 1113 1421 1179; x_wconf 89' lang='lat' dir='ltr'><strong>medium,</strong></span> <span class='ocrx_word' id='word_1_92' title='bbox 1458 1123 1519 1169; x_wconf 86' lang='lat' dir='ltr'><strong>ut</strong></span> <span class='ocrx_word' id='word_1_93' title='bbox 1554 1114 1924 1184; x_wconf 76' lang='lat' dir='ltr'><strong>prmstantiam</strong></span> 
     </span>
    </p>
   </div>
   <div class='ocr_carea' id='block_1_14' title="bbox 340 1203 1927 1274">
    <p class='ocr_par' dir='ltr' id='par_1_14' title="bbox 340 1203 1927 1274">
     <span class='ocr_line' id='line_1_14' title="bbox 340 1203 1927 1274; baseline -0.001 -15"><span class='ocrx_word' id='word_1_94' title='bbox 340 1204 556 1259; x_wconf 82' lang='lat' dir='ltr'><strong>Domini</strong></span> <span class='ocrx_word' id='word_1_95' title='bbox 580 1204 915 1274; x_wconf 86' lang='lat' dir='ltr'><strong>corporalem</strong></span> <span class='ocrx_word' id='word_1_96' title='bbox 940 1206 1368 1260; x_wconf 75' lang='lat' dir='ltr'><strong>ostenderemus.</strong></span> <span class='ocrx_word' id='word_1_97' title='bbox 1397 1203 1553 1258; x_wconf 76' lang='lat' dir='ltr'><strong>Absit</strong></span> <span class='ocrx_word' id='word_1_98' title='bbox 1574 1204 1718 1258; x_wconf 91' lang='lat' dir='ltr'><strong>enim</strong></span> <span class='ocrx_word' id='word_1_99' title='bbox 1749 1212 1802 1257; x_wconf 90' lang='lat' dir='ltr'><strong>ut</strong></span> <span class='ocrx_word' id='word_1_100' title='bbox 1829 1216 1927 1257; x_wconf 89' lang='lat' dir='ltr'><strong>nos</strong></span> 
     </span>
    </p>
   </div>
   <div class='ocr_carea' id='block_1_15' title="bbox 340 1293 1929 1367">
    <p class='ocr_par' dir='ltr' id='par_1_15' title="bbox 340 1293 1929 1367">
     <span class='ocr_line' id='line_1_15' title="bbox 340 1293 1929 1367; baseline -0.002 -16"><span class='ocrx_word' id='word_1_101' title='bbox 340 1298 567 1367; x_wconf 75' lang='lat' dir='ltr'><strong>gloriam</strong></span> <span class='ocrx_word' id='word_1_102' title='bbox 595 1296 864 1352; x_wconf 76' lang='lat' dir='ltr'><strong>divinitati</strong></span> <span class='ocrx_word' id='word_1_103' title='bbox 898 1297 1085 1350; x_wconf 86' lang='lat' dir='ltr'><strong>demus</strong></span> <span class='ocrx_word' id='word_1_104' title='bbox 1104 1335 1119 1360; x_wconf 87' lang='lat'><strong>,</strong></span> <span class='ocrx_word' id='word_1_105' title='bbox 1158 1294 1230 1350; x_wconf 93' lang='lat' dir='ltr'><strong>ob</strong></span> <span class='ocrx_word' id='word_1_106' title='bbox 1264 1310 1406 1360; x_wconf 85' lang='lat' dir='ltr'><strong>eam,</strong></span> <span class='ocrx_word' id='word_1_107' title='bbox 1432 1310 1536 1364; x_wconf 86' lang='lat' dir='ltr'><strong>qua</strong></span> <span class='ocrx_word' id='word_1_108' title='bbox 1565 1296 1727 1351; x_wconf 85' lang='lat' dir='ltr'><strong>rebus</strong></span> <span class='ocrx_word' id='word_1_109' title='bbox 1749 1293 1929 1362; x_wconf 85' lang='lat' dir='ltr'><strong>subje-</strong></span> 
     </span>
    </p>
   </div>
   <div class='ocr_carea' id='block_1_16' title="bbox 340 1386 1929 1459">
    <p class='ocr_par' dir='ltr' id='par_1_16' title="bbox 340 1386 1929 1459">
     <span class='ocr_line' id='line_1_16' title="bbox 340 1386 1929 1459; baseline -0.002 -16"><span class='ocrx_word' id='word_1_110' title='bbox 340 1389 446 1443; x_wconf 90' lang='lat' dir='ltr'><strong>ctis</strong></span> <span class='ocrx_word' id='word_1_111' title='bbox 477 1397 720 1459; x_wconf 65' lang='lat' dir='ltr'><strong>praestat,</strong></span> <span class='ocrx_word' id='word_1_112' title='bbox 754 1386 1160 1442; x_wconf 80' lang='lat' dir='ltr'><strong>excellentiam!</strong></span> <span class='ocrx_word' id='word_1_113' title='bbox 1190 1386 1529 1457; x_wconf 88' lang='lat' dir='ltr'><strong>Dispensatio</strong></span> <span class='ocrx_word' id='word_1_114' title='bbox 1567 1387 1784 1456; x_wconf 85' lang='lat' dir='ltr'><strong>quidem</strong></span> <span class='ocrx_word' id='word_1_115' title='bbox 1831 1402 1929 1441; x_wconf 86' lang='lat' dir='ltr'><strong>na-</strong></span> 
     </span>
    </p>
   </div>
   <div class='ocr_carea' id='block_1_17' title="bbox 340 1477 1926 1549">
    <p class='ocr_par' dir='ltr' id='par_1_17' title="bbox 340 1477 1926 1549">
     <span class='ocr_line' id='line_1_17' title="bbox 340 1477 1926 1549; baseline -0.003 -13"><span class='ocrx_word' id='word_1_116' title='bbox 340 1489 481 1536; x_wconf 86' lang='lat' dir='ltr'><strong>turae</strong></span> <span class='ocrx_word' id='word_1_117' title='bbox 514 1480 762 1535; x_wconf 80' lang='lat' dir='ltr'><strong>humana:</strong></span> <span class='ocrx_word' id='word_1_118' title='bbox 790 1479 855 1533; x_wconf 92' lang='lat' dir='ltr'><strong>iis</strong></span> <span class='ocrx_word' id='word_1_119' title='bbox 884 1478 977 1549; x_wconf 90' lang='lat' dir='ltr'><strong>qui</strong></span> <span class='ocrx_word' id='word_1_120' title='bbox 1021 1479 1160 1532; x_wconf 91' lang='lat' dir='ltr'><strong>inter</strong></span> <span class='ocrx_word' id='word_1_121' title='bbox 1195 1477 1441 1534; x_wconf 85' lang='lat' dir='ltr'><strong>homines</strong></span> <span class='ocrx_word' id='word_1_122' title='bbox 1485 1479 1744 1533; x_wconf 81' lang='lat' dir='ltr'><strong>exstitere</strong></span> <span class='ocrx_word' id='word_1_123' title='bbox 1771 1478 1926 1546; x_wconf 86' lang='lat' dir='ltr'><strong>justi,</strong></span> 
     </span>
    </p>
   </div>
   <div class='ocr_carea' id='block_1_18' title="bbox 341 1570 1932 1640">
    <p class='ocr_par' dir='ltr' id='par_1_18' title="bbox 341 1570 1932 1640">
     <span class='ocr_line' id='line_1_18' title="bbox 341 1570 1932 1640; baseline 0 -15"><span class='ocrx_word' id='word_1_124' title='bbox 341 1571 620 1627; x_wconf 77' lang='lat' dir='ltr'><strong>antecellit</strong></span> <span class='ocrx_word' id='word_1_125' title='bbox 654 1586 668 1623; x_wconf 90' lang='lat'>:</span> <span class='ocrx_word' id='word_1_126' title='bbox 701 1579 985 1640; x_wconf 89' lang='lat' dir='ltr'><strong>peccatum</strong></span> <span class='ocrx_word' id='word_1_127' title='bbox 1019 1571 1161 1625; x_wconf 91' lang='lat' dir='ltr'><strong>enim</strong></span> <span class='ocrx_word' id='word_1_128' title='bbox 1193 1570 1340 1626; x_wconf 89' lang='lat' dir='ltr'><strong>solus</strong></span> <span class='ocrx_word' id='word_1_129' title='bbox 1383 1586 1490 1624; x_wconf 91' lang='lat' dir='ltr'><strong>non</strong></span> <span class='ocrx_word' id='word_1_130' title='bbox 1517 1570 1641 1624; x_wconf 83' lang='lat' dir='ltr'><strong>fecit</strong></span> <span class='ocrx_word' id='word_1_131' title='bbox 1667 1570 1748 1638; x_wconf 68' lang='lat'><strong>‘9;</strong></span> <span class='ocrx_word' id='word_1_132' title='bbox 1776 1570 1932 1638; x_wconf 81' lang='lat' dir='ltr'><strong>maje-</strong></span> 
     </span>
    </p>
   </div>
   <div class='ocr_carea' id='block_1_19' title="bbox 342 1660 1928 1731">
    <p class='ocr_par' dir='ltr' id='par_1_19' title="bbox 342 1660 1928 1731">
     <span class='ocr_line' id='line_1_19' title="bbox 342 1660 1928 1731; baseline -0.003 -12"><span class='ocrx_word' id='word_1_133' title='bbox 342 1674 455 1719; x_wconf 85' lang='lat' dir='ltr'><strong>stas</strong></span> <span class='ocrx_word' id='word_1_134' title='bbox 482 1672 661 1718; x_wconf 89' lang='lat' dir='ltr'><strong>autem</strong></span> <span class='ocrx_word' id='word_1_135' title='bbox 689 1671 744 1717; x_wconf 91' lang='lat' dir='ltr'><strong>et</strong></span> <span class='ocrx_word' id='word_1_136' title='bbox 763 1662 1160 1731; x_wconf 80' lang='lat' dir='ltr'><strong>magniﬁcentia</strong></span> <span class='ocrx_word' id='word_1_137' title='bbox 1204 1661 1505 1716; x_wconf 86' lang='lat' dir='ltr'><strong>divinitatis</strong></span> <span class='ocrx_word' id='word_1_138' title='bbox 1532 1660 1737 1715; x_wconf 86' lang='lat' dir='ltr'><strong>elevata</strong></span> <span class='ocrx_word' id='word_1_139' title='bbox 1765 1676 1928 1731; x_wconf 85' lang='lat' dir='ltr'><strong>supra</strong></span> 
     </span>
    </p>
   </div>
   <div class='ocr_carea' id='block_1_20' title="bbox 2023 561 3609 630">
    <p class='ocr_par' dir='ltr' id='par_1_20' title="bbox 2023 561 3609 630">
     <span class='ocr_line' id='line_1_20' title="bbox 2023 561 3609 630; baseline 0 -16"><span class='ocrx_word' id='word_1_140' title='bbox 2023 561 2149 630; x_wconf 77' lang='grc' dir='ltr'>ἔχει</span> <span class='ocrx_word' id='word_1_141' title='bbox 2185 561 2293 616; x_wconf 82' lang='grc' dir='ltr'>τοῦ</span> <span class='ocrx_word' id='word_1_142' title='bbox 2317 562 2487 617; x_wconf 78' lang='grc' dir='ltr'>οἴκου</span> <span class='ocrx_word' id='word_1_143' title='bbox 2528 566 2562 616; x_wconf 84' lang='grc' dir='ltr'><strong><em>ό</em></strong></span> <span class='ocrx_word' id='word_1_144' title='bbox 2592 563 3057 629; x_wconf 76' lang='grc' dir='ltr'><strong>κατασκευάσας</strong></span> <span class='ocrx_word' id='word_1_145' title='bbox 3101 563 3307 618; x_wconf 75' lang='grc' dir='ltr'>αὐτόν.</span> <span class='ocrx_word' id='word_1_146' title='bbox 3344 563 3511 616; x_wconf 84' lang='grc' dir='ltr'>Ὅσον</span> <span class='ocrx_word' id='word_1_147' title='bbox 3547 561 3609 615; x_wconf 79' lang='grc' dir='ltr'>δὲ</span> 
     </span>
    </p>
   </div>
   <div class='ocr_carea' id='block_1_21' title="bbox 2028 650 3609 726">
    <p class='ocr_par' dir='ltr' id='par_1_21' title="bbox 2028 650 3609 726">
     <span class='ocr_line' id='line_1_21' title="bbox 2028 650 3609 726; baseline 0.002 -22"><span class='ocrx_word' id='word_1_148' title='bbox 2028 650 2230 723; x_wconf 73' lang='grc' dir='ltr'>μείζων</span> <span class='ocrx_word' id='word_1_149' title='bbox 2264 652 2359 706; x_wconf 84' lang='grc' dir='ltr'>τοῦ</span> <span class='ocrx_word' id='word_1_150' title='bbox 2431 653 2709 726; x_wconf 84' lang='grc' dir='ltr'>’Δ6ραάμ;</span> <span class='ocrx_word' id='word_1_151' title='bbox 2765 653 3037 722; x_wconf 76' lang='grc' dir='ltr'>Ἀϐραὰμ,</span> <span class='ocrx_word' id='word_1_152' title='bbox 3078 653 3265 724; x_wconf 75' lang='grc' dir='ltr'>φησὶν,</span> <span class='ocrx_word' id='word_1_153' title='bbox 3308 650 3609 722; x_wconf 65' lang='grc' dir='ltr'>ἠγαλλιά-</span> 
     </span>
    </p>
   </div>
   <div class='ocr_carea' id='block_1_22' title="bbox 2024 743 3612 817">
    <p class='ocr_par' dir='ltr' id='par_1_22' title="bbox 2024 743 3612 817">
     <span class='ocr_line' id='line_1_22' title="bbox 2024 743 3612 817; baseline 0.001 -21"><span class='ocrx_word' id='word_1_154' title='bbox 2024 757 2195 810; x_wconf 85' lang='grc' dir='ltr'>σατο,</span> <span class='ocrx_word' id='word_1_155' title='bbox 2229 744 2330 798; x_wconf 79' lang='grc' dir='ltr'><strong>ἵνα</strong></span> <span class='ocrx_word' id='word_1_156' title='bbox 2361 743 2458 813; x_wconf 78' lang='grc' dir='ltr'><strong>ἴδῃ</strong></span> <span class='ocrx_word' id='word_1_157' title='bbox 2483 745 2599 813; x_wconf 79' lang='grc' dir='ltr'><strong>τὴν</strong></span> <span class='ocrx_word' id='word_1_158' title='bbox 2622 743 2850 813; x_wconf 77' lang='grc' dir='ltr'><strong>ἡμέραν</strong></span> <span class='ocrx_word' id='word_1_159' title='bbox 2876 746 2975 817; x_wconf 84' lang='grc' dir='ltr'>τῆς</span> <span class='ocrx_word' id='word_1_160' title='bbox 2993 746 3478 817; x_wconf 76' lang='grc' dir='ltr'>ἐνανθρωπήσεως·</span> <span class='ocrx_word' id='word_1_161' title='bbox 3507 745 3612 799; x_wconf 74' lang='grc' dir='ltr'>καὶ</span> 
     </span>
    </p>
   </div>
   <div class='ocr_carea' id='block_1_23' title="bbox 2023 830 3611 908">
    <p class='ocr_par' dir='ltr' id='par_1_23' title="bbox 2023 830 3611 908">
     <span class='ocr_line' id='line_1_23' title="bbox 2023 830 3611 908; baseline 0.001 -21"><span class='ocrx_word' id='word_1_162' title='bbox 2023 830 2161 898; x_wconf 82' lang='grc' dir='ltr'>εἶδε,</span> <span class='ocrx_word' id='word_1_163' title='bbox 2196 834 2294 887; x_wconf 81' lang='grc' dir='ltr'>καὶ</span> <span class='ocrx_word' id='word_1_164' title='bbox 2332 835 2543 904; x_wconf 82' lang='grc' dir='ltr'><strong>ἐχάρη.</strong></span> <span class='ocrx_word' id='word_1_165' title='bbox 2574 836 2685 888; x_wconf 77' lang='grc' dir='ltr'><strong>Καὶ</strong></span> <span class='ocrx_word' id='word_1_166' title='bbox 2728 835 2979 907; x_wconf 77' lang='grc' dir='ltr'>’Λὸραάμ</span> <span class='ocrx_word' id='word_1_167' title='bbox 3029 837 3126 907; x_wconf 80' lang='grc' dir='ltr'><strong>μὲν</strong></span> <span class='ocrx_word' id='word_1_168' title='bbox 3172 837 3403 908; x_wconf 83' lang='grc' dir='ltr'><strong>δεκάτην</strong></span> <span class='ocrx_word' id='word_1_169' title='bbox 3436 836 3611 890; x_wconf 71' lang='grc' dir='ltr'>ἔδωκε</span> 
     </span>
    </p>
   </div>
   <div class='ocr_carea' id='block_1_24' title="bbox 2024 924 3612 1000">
    <p class='ocr_par' dir='ltr' id='par_1_24' title="bbox 2024 924 3612 1000">
     <span class='ocr_line' id='line_1_24' title="bbox 2024 924 3612 1000; baseline 0 -21"><span class='ocrx_word' id='word_1_170' title='bbox 2024 924 2101 995; x_wconf 77' lang='grc' dir='ltr'>τῷ</span> <span class='ocrx_word' id='word_1_171' title='bbox 2137 925 2489 996; x_wconf 82' lang='grc' dir='ltr'>Μελχισεδέχ·</span> <span class='ocrx_word' id='word_1_172' title='bbox 2542 926 2873 1000; x_wconf 73' lang='grc' dir='ltr'>Μελχισεδὲκ</span> <span class='ocrx_word' id='word_1_173' title='bbox 2929 927 2986 979; x_wconf 79' lang='grc' dir='ltr'><strong>δὲ</strong></span> <span class='ocrx_word' id='word_1_174' title='bbox 3033 927 3200 991; x_wconf 82' lang='grc' dir='ltr'>τύπος</span> <span class='ocrx_word' id='word_1_175' title='bbox 3257 924 3326 998; x_wconf 75' lang='grc' dir='ltr'><strong>ἦν</strong></span> <span class='ocrx_word' id='word_1_176' title='bbox 3362 927 3459 980; x_wconf 72' lang='grc' dir='ltr'>τοῦ</span> <span class='ocrx_word' id='word_1_177' title='bbox 3496 928 3612 979; x_wconf 81' lang='grc' dir='ltr'><strong>Κυ-</strong></span> 
     </span>
    </p>
   </div>
   <div class='ocr_carea' id='block_1_25' title="bbox 2027 1017 3613 1093">
    <p class='ocr_par' dir='ltr' id='par_1_25' title="bbox 2027 1017 3613 1093">
     <span class='ocr_line' id='line_1_25' title="bbox 2027 1017 3613 1093; baseline 0.001 -23"><span class='ocrx_word' id='word_1_178' title='bbox 2027 1017 2144 1089; x_wconf 82' lang='grc' dir='ltr'>ρίου</span> <span class='ocrx_word' id='word_1_179' title='bbox 2186 1019 2320 1086; x_wconf 65' lang='grc'><strong>(12).</strong></span> <span class='ocrx_word' id='word_1_180' title='bbox 2360 1019 2567 1085; x_wconf 80' lang='grc' dir='ltr'>Ταῦτα,</span> <span class='ocrx_word' id='word_1_181' title='bbox 2607 1020 2693 1073; x_wconf 79' lang='grc' dir='ltr'>ἵνα</span> <span class='ocrx_word' id='word_1_182' title='bbox 2720 1020 2820 1093; x_wconf 81' lang='grc' dir='ltr'>τὴν</span> <span class='ocrx_word' id='word_1_183' title='bbox 2848 1020 3164 1092; x_wconf 74' lang='grc' dir='ltr'>σωματικὴν</span> <span class='ocrx_word' id='word_1_184' title='bbox 3190 1018 3463 1090; x_wconf 82' lang='grc' dir='ltr'>ὑπεροχὴν</span> <span class='ocrx_word' id='word_1_185' title='bbox 3502 1035 3613 1072; x_wconf 64' lang='grc' dir='ltr'>παν</span> 
     </span>
    </p>
   </div>
   <div class='ocr_carea' id='block_1_26' title="bbox 2031 1111 3616 1184">
    <p class='ocr_par' dir='ltr' id='par_1_26' title="bbox 2031 1111 3616 1184">
     <span class='ocr_line' id='line_1_26' title="bbox 2031 1111 3616 1184; baseline 0 -20"><span class='ocrx_word' id='word_1_186' title='bbox 2031 1112 2410 1183; x_wconf 74' lang='grc' dir='ltr'>ραστήσωμεν.</span> <span class='ocrx_word' id='word_1_187' title='bbox 2446 1112 2536 1182; x_wconf 85' lang='grc' dir='ltr'><strong>Μὴ</strong></span> <span class='ocrx_word' id='word_1_188' title='bbox 2571 1112 2781 1182; x_wconf 81' lang='grc' dir='ltr'>γένοιτο</span> <span class='ocrx_word' id='word_1_189' title='bbox 2817 1111 2925 1184; x_wconf 87' lang='grc' dir='ltr'><strong>γὰρ</strong></span> <span class='ocrx_word' id='word_1_190' title='bbox 2962 1114 3110 1183; x_wconf 82' lang='grc' dir='ltr'>ἡμᾶς</span> <span class='ocrx_word' id='word_1_191' title='bbox 3146 1113 3246 1183; x_wconf 82' lang='grc' dir='ltr'>τὴν</span> <span class='ocrx_word' id='word_1_192' title='bbox 3288 1113 3521 1182; x_wconf 77' lang='grc' dir='ltr'>θεότητα</span> <span class='ocrx_word' id='word_1_193' title='bbox 3542 1112 3616 1164; x_wconf 81' lang='grc' dir='ltr'><strong>ἐκ</strong></span> 
     </span>
    </p>
   </div>
   <div class='ocr_carea' id='block_1_27' title="bbox 2025 1200 3613 1275">
    <p class='ocr_par' dir='ltr' id='par_1_27' title="bbox 2025 1200 3613 1275">
     <span class='ocr_line' id='line_1_27' title="bbox 2025 1200 3613 1275; baseline 0.001 -22"><span class='ocrx_word' id='word_1_194' title='bbox 2025 1202 2126 1271; x_wconf 78' lang='grc' dir='ltr'>τῆς</span> <span class='ocrx_word' id='word_1_195' title='bbox 2159 1204 2295 1275; x_wconf 84' lang='grc' dir='ltr'>πρὸς</span> <span class='ocrx_word' id='word_1_196' title='bbox 2320 1203 2389 1257; x_wconf 79' lang='grc' dir='ltr'>τὰ</span> <span class='ocrx_word' id='word_1_197' title='bbox 2424 1203 2588 1258; x_wconf 81' lang='grc' dir='ltr'>δοῦλα</span> <span class='ocrx_word' id='word_1_198' title='bbox 2632 1204 2907 1275; x_wconf 81' lang='grc' dir='ltr'><strong>ὑπεροχῆς</strong></span> <span class='ocrx_word' id='word_1_199' title='bbox 2943 1204 3216 1271; x_wconf 63' lang='grc' dir='ltr'>δοξάζεινῐ</span> <span class='ocrx_word' id='word_1_200' title='bbox 3259 1204 3323 1256; x_wconf 83' lang='grc' dir='ltr'><strong>Ἠ</strong></span> <span class='ocrx_word' id='word_1_201' title='bbox 3366 1203 3465 1274; x_wconf 86' lang='grc' dir='ltr'>μὲν</span> <span class='ocrx_word' id='word_1_202' title='bbox 3500 1200 3613 1273; x_wconf 78' lang='grc' dir='ltr'>γὰρ</span> 
     </span>
    </p>
   </div>
   <div class='ocr_carea' id='block_1_28' title="bbox 2029 1291 3618 1369">
    <p class='ocr_par' dir='ltr' id='par_1_28' title="bbox 2029 1291 3618 1369">
     <span class='ocr_line' id='line_1_28' title="bbox 2029 1291 3618 1369; baseline -0.001 -22"><span class='ocrx_word' id='word_1_203' title='bbox 2029 1294 2168 1348; x_wconf 64' lang='grc' dir='ltr'>κατὰ</span> <span class='ocrx_word' id='word_1_204' title='bbox 2182 1296 2244 1347; x_wconf 85' lang='grc' dir='ltr'><strong>τὸ</strong></span> <span class='ocrx_word' id='word_1_205' title='bbox 2281 1295 2621 1366; x_wconf 84' lang='grc' dir='ltr'>ἀνθρώπινον</span> <span class='ocrx_word' id='word_1_206' title='bbox 2654 1297 2954 1367; x_wconf 82' lang='grc' dir='ltr'>οἰκονομία,</span> <span class='ocrx_word' id='word_1_207' title='bbox 2987 1298 3126 1369; x_wconf 79' lang='grc' dir='ltr'>ὑπὲρ</span> <span class='ocrx_word' id='word_1_208' title='bbox 3155 1298 3281 1359; x_wconf 81' lang='grc' dir='ltr'>τοὺς</span> <span class='ocrx_word' id='word_1_209' title='bbox 3309 1297 3366 1347; x_wconf 86' lang='grc' dir='ltr'><strong>ἐν</strong></span> <span class='ocrx_word' id='word_1_210' title='bbox 3399 1291 3618 1365; x_wconf 81' lang='grc' dir='ltr'>ἀνθρώ-</span> 
     </span>
    </p>
   </div>
   <div class='ocr_carea' id='block_1_29' title="bbox 2030 1385 3617 1460">
    <p class='ocr_par' dir='ltr' id='par_1_29' title="bbox 2030 1385 3617 1460">
     <span class='ocr_line' id='line_1_29' title="bbox 2030 1385 3617 1460; baseline 0.002 -23"><span class='ocrx_word' id='word_1_211' title='bbox 2030 1403 2153 1450; x_wconf 82' lang='grc' dir='ltr'><strong>ποις</strong></span> <span class='ocrx_word' id='word_1_212' title='bbox 2184 1386 2446 1450; x_wconf 82' lang='grc' dir='ltr'><strong>δικαίους·</strong></span> <span class='ocrx_word' id='word_1_213' title='bbox 2474 1388 2746 1460; x_wconf 77' lang='grc' dir='ltr'><strong>ἁμαρτίαν</strong></span> <span class='ocrx_word' id='word_1_214' title='bbox 2776 1389 2885 1459; x_wconf 86' lang='grc' dir='ltr'>γὰρ</span> <span class='ocrx_word' id='word_1_215' title='bbox 2914 1389 3015 1442; x_wconf 81' lang='grc' dir='ltr'><strong>οὐκ</strong></span> <span class='ocrx_word' id='word_1_216' title='bbox 3045 1388 3267 1460; x_wconf 82' lang='grc' dir='ltr'>ἐποίησε</span> <span class='ocrx_word' id='word_1_217' title='bbox 3301 1387 3481 1458; x_wconf 83' lang='grc' dir='ltr'><strong>μόνος·</strong></span> <span class='ocrx_word' id='word_1_218' title='bbox 3513 1385 3617 1456; x_wconf 74' lang='grc' dir='ltr'>τῆς</span> 
     </span>
    </p>
   </div>
   <div class='ocr_carea' id='block_1_30' title="bbox 2027 1475 3616 1552">
    <p class='ocr_par' dir='ltr' id='par_1_30' title="bbox 2027 1475 3616 1552">
     <span class='ocr_line' id='line_1_30' title="bbox 2027 1475 3616 1552; baseline -0.002 -21"><span class='ocrx_word' id='word_1_219' title='bbox 2027 1477 2085 1532; x_wconf 83' lang='grc' dir='ltr'>δὲ</span> <span class='ocrx_word' id='word_1_220' title='bbox 2111 1479 2361 1548; x_wconf 83' lang='grc' dir='ltr'>θεότητος</span> <span class='ocrx_word' id='word_1_221' title='bbox 2397 1480 2611 1551; x_wconf 78' lang='grc' dir='ltr'><strong>ἐπήρθη</strong></span> <span class='ocrx_word' id='word_1_222' title='bbox 2643 1481 2675 1552; x_wconf 86' lang='grc' dir='ltr'><strong>ἡ</strong></span> <span class='ocrx_word' id='word_1_223' title='bbox 2719 1480 3160 1551; x_wconf 84' lang='grc' dir='ltr'><strong>μεγαλοπρέπεια</strong></span> <span class='ocrx_word' id='word_1_224' title='bbox 3208 1477 3465 1549; x_wconf 81' lang='grc' dir='ltr'>ὑπεράνω</span> <span class='ocrx_word' id='word_1_225' title='bbox 3502 1475 3616 1528; x_wconf 81' lang='grc' dir='ltr'><strong>τῶν</strong></span> 
     </span>
    </p>
   </div>
   <div class='ocr_carea' id='block_1_31' title="bbox 2028 1565 3617 1642">
    <p class='ocr_par' dir='ltr' id='par_1_31' title="bbox 2028 1565 3617 1642">
     <span class='ocr_line' id='line_1_31' title="bbox 2028 1565 3617 1642; baseline -0.001 -20"><span class='ocrx_word' id='word_1_226' title='bbox 2028 1570 2295 1642; x_wconf 78' lang='grc' dir='ltr'>οὐρανῶν.</span> <span class='ocrx_word' id='word_1_227' title='bbox 2348 1570 2458 1624; x_wconf 80' lang='grc' dir='ltr'><strong>Καὶ</strong></span> <span class='ocrx_word' id='word_1_228' title='bbox 2521 1570 2784 1638; x_wconf 80' lang='grc' dir='ltr'><em>ἥξουσιν</em></span> <span class='ocrx_word' id='word_1_229' title='bbox 2828 1571 2920 1623; x_wconf 82' lang='grc' dir='ltr'>ἐπ’</span> <span class='ocrx_word' id='word_1_230' title='bbox 2967 1570 3111 1623; x_wconf 80' lang='grc' dir='ltr'>αὐτὸ</span> <span class='ocrx_word' id='word_1_231' title='bbox 3146 1571 3258 1640; x_wconf 80' lang='grc'>(15)</span> <span class='ocrx_word' id='word_1_232' title='bbox 3308 1567 3511 1622; x_wconf 76' lang='grc' dir='ltr'>πάντα</span> <span class='ocrx_word' id='word_1_233' title='bbox 3541 1565 3617 1620; x_wconf 80' lang='grc' dir='ltr'>τὰ</span> 
     </span>
    </p>
   </div>
   <div class='ocr_carea' id='block_1_32' title="bbox 2030 1660 3617 1735">
    <p class='ocr_par' dir='ltr' id='par_1_32' title="bbox 2030 1660 3617 1735">
     <span class='ocr_line' id='line_1_32' title="bbox 2030 1660 3617 1735; baseline -0.003 -19"><span class='ocrx_word' id='word_1_234' title='bbox 2030 1663 2195 1730; x_wconf 77' lang='grc' dir='ltr'>ἔθνη.</span> <span class='ocrx_word' id='word_1_235' title='bbox 2222 1662 2433 1732; x_wconf 79' lang='grc' dir='ltr'>Προϊὼν</span> <span class='ocrx_word' id='word_1_236' title='bbox 2470 1664 2499 1716; x_wconf 88' lang='grc' dir='ltr'><strong>ὁ</strong></span> <span class='ocrx_word' id='word_1_237' title='bbox 2533 1662 2690 1732; x_wconf 86' lang='grc' dir='ltr'><strong>λόγος</strong></span> <span class='ocrx_word' id='word_1_238' title='bbox 2717 1662 3054 1735; x_wconf 80' lang='grc' dir='ltr'>γυμνοτέραν</span> <span class='ocrx_word' id='word_1_239' title='bbox 3075 1662 3320 1731; x_wconf 79' lang='grc' dir='ltr'>ἐκφαίνει</span> <span class='ocrx_word' id='word_1_240' title='bbox 3355 1660 3456 1731; x_wconf 84' lang='grc' dir='ltr'>τὴν</span> <span class='ocrx_word' id='word_1_241' title='bbox 3479 1675 3617 1731; x_wconf 83' lang='grc' dir='ltr'>προ-</span> 
     </span>
    </p>
   </div>
   <div class='ocr_carea' id='block_1_33' title="bbox 344 1741 1915 1829">
    <p class='ocr_par' dir='ltr' id='par_1_33' title="bbox 344 1751 1915 1822">
     <span class='ocr_line' id='line_1_33' title="bbox 344 1751 1915 1822; baseline -0.003 -11"><span class='ocrx_word' id='word_1_242' title='bbox 344 1754 512 1811; x_wconf 71' lang='lat' dir='ltr'><strong>caelos</strong></span> <span class='ocrx_word' id='word_1_243' title='bbox 540 1762 644 1810; x_wconf 91' lang='lat' dir='ltr'><strong>est.</strong></span> <span class='ocrx_word' id='word_1_244' title='bbox 671 1753 738 1806; x_wconf 86' lang='lat' dir='ltr'><strong>Et</strong></span> <span class='ocrx_word' id='word_1_245' title='bbox 767 1755 969 1807; x_wconf 78' lang='lat' dir='ltr'><strong>venient</strong></span> <span class='ocrx_word' id='word_1_246' title='bbox 998 1753 1067 1805; x_wconf 85' lang='lat' dir='ltr'><strong>ad</strong></span> <span class='ocrx_word' id='word_1_247' title='bbox 1091 1769 1208 1807; x_wconf 87' lang='lat' dir='ltr'><strong>eum</strong></span> <span class='ocrx_word' id='word_1_248' title='bbox 1233 1768 1410 1806; x_wconf 83' lang='lat' dir='ltr'><strong>omnes</strong></span> <span class='ocrx_word' id='word_1_249' title='bbox 1432 1762 1626 1822; x_wconf 80' lang='lat' dir='ltr'><strong>gentes.</strong></span> <span class='ocrx_word' id='word_1_250' title='bbox 1651 1751 1915 1807; x_wconf 74' lang='lat' dir='ltr'><strong>Sermonis</strong></span> 
     </span>
    </p>
   </div>
   <div class='ocr_carea' id='block_1_34' title="bbox 2039 1741 3618 1829">
    <p class='ocr_par' dir='ltr' id='par_1_34' title="bbox 2039 1752 3618 1829">
     <span class='ocr_line' id='line_1_34' title="bbox 2039 1752 3618 1829; baseline -0.004 -19"><span class='ocrx_word' id='word_1_251' title='bbox 2039 1755 2291 1826; x_wconf 69' lang='grc' dir='ltr'>φητείαν,</span> <span class='ocrx_word' id='word_1_252' title='bbox 2323 1756 2423 1828; x_wconf 83' lang='grc' dir='ltr'>τὴν</span> <span class='ocrx_word' id='word_1_253' title='bbox 2463 1756 2767 1829; x_wconf 83' lang='grc' dir='ltr'>συνδρομὴν</span> <span class='ocrx_word' id='word_1_254' title='bbox 2824 1756 2935 1810; x_wconf 85' lang='grc' dir='ltr'><strong>τῶν</strong></span> <span class='ocrx_word' id='word_1_255' title='bbox 2982 1754 3153 1810; x_wconf 91' lang='grc' dir='ltr'>ἐθνῶν</span> <span class='ocrx_word' id='word_1_256' title='bbox 3191 1754 3289 1827; x_wconf 85' lang='grc' dir='ltr'>τὴν</span> <span class='ocrx_word' id='word_1_257' title='bbox 3345 1752 3618 1823; x_wconf 78' lang='grc' dir='ltr'><strong>ἐσομένην</strong></span> 
     </span>
    </p>
   </div>
   <div class='ocr_carea' id='block_1_35' title="bbox 342 1843 1930 1917">
    <p class='ocr_par' dir='ltr' id='par_1_35' title="bbox 342 1843 1930 1917">
     <span class='ocr_line' id='line_1_35' title="bbox 342 1843 1930 1917; baseline -0.001 -17"><span class='ocrx_word' id='word_1_258' title='bbox 342 1861 664 1917; x_wconf 84' lang='lat' dir='ltr'><strong>progressus</strong></span> <span class='ocrx_word' id='word_1_259' title='bbox 723 1845 964 1914; x_wconf 85' lang='lat' dir='ltr'><strong>apertius</strong></span> <span class='ocrx_word' id='word_1_260' title='bbox 1013 1844 1219 1914; x_wconf 80' lang='lat' dir='ltr'><strong>detegit</strong></span> <span class='ocrx_word' id='word_1_261' title='bbox 1274 1844 1616 1913; x_wconf 84' lang='lat' dir='ltr'><strong>prophetiam</strong></span> <span class='ocrx_word' id='word_1_262' title='bbox 1661 1858 1676 1896; x_wconf 91' lang='lat'><strong>:</strong></span> <span class='ocrx_word' id='word_1_263' title='bbox 1724 1843 1930 1898; x_wconf 85' lang='lat' dir='ltr'><strong>indicat</strong></span> 
     </span>
    </p>
   </div>
   <div class='ocr_carea' id='block_1_36' title="bbox 342 1936 1927 2011">
    <p class='ocr_par' dir='ltr' id='par_1_36' title="bbox 342 1936 1927 2011">
     <span class='ocr_line' id='line_1_36' title="bbox 342 1936 1927 2011; baseline -0.005 -15"><span class='ocrx_word' id='word_1_264' title='bbox 342 1954 537 2011; x_wconf 90' lang='lat' dir='ltr'><strong>nempe</strong></span> <span class='ocrx_word' id='word_1_265' title='bbox 566 1950 755 2009; x_wconf 82' lang='lat' dir='ltr'><strong>gentes</strong></span> <span class='ocrx_word' id='word_1_266' title='bbox 797 1938 865 1991; x_wconf 87' lang='lat' dir='ltr'><strong>ad</strong></span> <span class='ocrx_word' id='word_1_267' title='bbox 913 1937 1112 1993; x_wconf 86' lang='lat' dir='ltr'><strong>Christi</strong></span> <span class='ocrx_word' id='word_1_268' title='bbox 1153 1936 1483 2006; x_wconf 84' lang='lat' dir='ltr'><strong>agnitionem</strong></span> <span class='ocrx_word' id='word_1_269' title='bbox 1539 1949 1927 1990; x_wconf 86' lang='lat' dir='ltr'><strong>concursuras.</strong></span> 
     </span>
    </p>
   </div>
   <div class='ocr_carea' id='block_1_37' title="bbox 349 2027 1930 2098">
    <p class='ocr_par' dir='ltr' id='par_1_37' title="bbox 349 2027 1930 2098">
     <span class='ocr_line' id='line_1_37' title="bbox 349 2027 1930 2098; baseline -0.004 -11"><span class='ocrx_word' id='word_1_270' title='bbox 349 2032 573 2088; x_wconf 83' lang='lat' dir='ltr'><strong>Venient</strong></span> <span class='ocrx_word' id='word_1_271' title='bbox 600 2030 747 2086; x_wconf 89' lang='lat' dir='ltr'><strong>enim</strong></span> <span class='ocrx_word' id='word_1_272' title='bbox 793 2032 860 2085; x_wconf 88' lang='lat' dir='ltr'><strong>ad</strong></span> <span class='ocrx_word' id='word_1_273' title='bbox 898 2029 1055 2084; x_wconf 81' lang='lat' dir='ltr'><strong>ﬁdem</strong></span> <span class='ocrx_word' id='word_1_274' title='bbox 1088 2036 1275 2098; x_wconf 81' lang='lat' dir='ltr'><strong>gentes</strong></span> <span class='ocrx_word' id='word_1_275' title='bbox 1304 2041 1495 2082; x_wconf 88' lang='lat' dir='ltr'><strong>omnes</strong></span> <span class='ocrx_word' id='word_1_276' title='bbox 1543 2040 1639 2097; x_wconf 90' lang='lat' dir='ltr'><strong>per</strong></span> <span class='ocrx_word' id='word_1_277' title='bbox 1667 2027 1930 2097; x_wconf 59' lang='lat' dir='ltr'><strong>pradica-</strong></span> 
     </span>
    </p>
   </div>
   <div class='ocr_carea' id='block_1_38' title="bbox 342 2117 1931 2189">
    <p class='ocr_par' dir='ltr' id='par_1_38' title="bbox 342 2117 1931 2189">
     <span class='ocr_line' id='line_1_38' title="bbox 342 2117 1931 2189; baseline -0.004 -11"><span class='ocrx_word' id='word_1_278' title='bbox 342 2125 545 2181; x_wconf 91' lang='lat' dir='ltr'><strong>tionem</strong></span> <span class='ocrx_word' id='word_1_279' title='bbox 575 2133 798 2179; x_wconf 69' lang='lat' dir='ltr'><strong>vocatae.</strong></span> <span class='ocrx_word' id='word_1_280' title='bbox 842 2121 1230 2177; x_wconf 73' lang='lat' dir='ltr'><strong>Prwdicabitur</strong></span> <span class='ocrx_word' id='word_1_281' title='bbox 1276 2120 1421 2175; x_wconf 90' lang='lat' dir='ltr'><strong>enim</strong></span> <span class='ocrx_word' id='word_1_282' title='bbox 1454 2118 1552 2172; x_wconf 85' lang='lat' dir='ltr'><strong>hoc</strong></span> <span class='ocrx_word' id='word_1_283' title='bbox 1588 2117 1931 2189; x_wconf 84' lang='lat' dir='ltr'><strong>Evangelium</strong></span> 
     </span>
    </p>
   </div>
   <div class='ocr_carea' id='block_1_39' title="bbox 341 2209 1932 2282">
    <p class='ocr_par' dir='ltr' id='par_1_39' title="bbox 341 2209 1932 2282">
     <span class='ocr_line' id='line_1_39' title="bbox 341 2209 1932 2282; baseline -0.004 -10"><span class='ocrx_word' id='word_1_284' title='bbox 341 2219 396 2272; x_wconf 85' lang='lat' dir='ltr'><strong>in</strong></span> <span class='ocrx_word' id='word_1_285' title='bbox 422 2218 667 2272; x_wconf 83' lang='lat' dir='ltr'><strong>universo</strong></span> <span class='ocrx_word' id='word_1_286' title='bbox 710 2217 831 2269; x_wconf 85' lang='lat' dir='ltr'><strong>orbe</strong></span> <span class='ocrx_word' id='word_1_287' title='bbox 862 2215 943 2280; x_wconf 82' lang='lat'><strong>’°;</strong></span> <span class='ocrx_word' id='word_1_288' title='bbox 990 2223 1046 2269; x_wconf 91' lang='lat' dir='ltr'><strong>et</strong></span> <span class='ocrx_word' id='word_1_289' title='bbox 1070 2212 1416 2282; x_wconf 81' lang='lat' dir='ltr'><strong>evangelicus</strong></span> <span class='ocrx_word' id='word_1_290' title='bbox 1445 2209 1811 2281; x_wconf 87' lang='lat' dir='ltr'><strong>apostolorum</strong></span> <span class='ocrx_word' id='word_1_291' title='bbox 1846 2226 1932 2266; x_wconf 90' lang='lat' dir='ltr'><strong>so-</strong></span> 
     </span>
    </p>
   </div>
   <div class='ocr_carea' id='block_1_40' title="bbox 346 2305 1297 2364">
    <p class='ocr_par' dir='ltr' id='par_1_40' title="bbox 346 2305 1297 2364">
     <span class='ocr_line' id='line_1_40' title="bbox 346 2305 1297 2364; baseline -0.004 0"><span class='ocrx_word' id='word_1_292' title='bbox 346 2325 450 2364; x_wconf 88' lang='lat' dir='ltr'><strong>nus</strong></span> <span class='ocrx_word' id='word_1_293' title='bbox 473 2309 526 2363; x_wconf 92' lang='lat' dir='ltr'><strong>in</strong></span> <span class='ocrx_word' id='word_1_294' title='bbox 549 2322 765 2362; x_wconf 89' lang='lat' dir='ltr'><strong>omnem</strong></span> <span class='ocrx_word' id='word_1_295' title='bbox 800 2317 1003 2362; x_wconf 88' lang='lat' dir='ltr'><strong>terram</strong></span> <span class='ocrx_word' id='word_1_296' title='bbox 1029 2305 1197 2360; x_wconf 81' lang='lat' dir='ltr'><strong>exivit</strong></span> <span class='ocrx_word' id='word_1_297' title='bbox 1229 2305 1297 2360; x_wconf 68' lang='lat'><strong>9‘.</strong></span> 
     </span>
    </p>
   </div>
   <div class='ocr_carea' id='block_1_41' title="bbox 411 2392 1931 2464">
    <p class='ocr_par' dir='ltr' id='par_1_41' title="bbox 411 2392 1931 2464">
     <span class='ocr_line' id='line_1_41' title="bbox 411 2392 1931 2464; baseline -0.002 -11"><span class='ocrx_word' id='word_1_298' title='bbox 411 2397 503 2454; x_wconf 85' lang='lat'><strong>68.</strong></span> <span class='ocrx_word' id='word_1_299' title='bbox 540 2396 780 2463; x_wconf 57' lang='lat' dir='ltr'><strong>VERS.\5.</strong></span> <span class='ocrx_word' id='word_1_300' title='bbox 806 2397 875 2449; x_wconf 79' lang='lat' dir='ltr'><strong>Et</strong></span> <span class='ocrx_word' id='word_1_301' title='bbox 919 2396 1279 2460; x_wconf 79' lang='lat' dir='ltr'><strong>ambulabunt,</strong></span> <span class='ocrx_word' id='word_1_302' title='bbox 1308 2394 1502 2464; x_wconf 82' lang='lat' dir='ltr'><strong>inquit,</strong></span> <span class='ocrx_word' id='word_1_303' title='bbox 1527 2404 1701 2463; x_wconf 83' lang='lat' dir='ltr'><strong>gentes</strong></span> <span class='ocrx_word' id='word_1_304' title='bbox 1729 2392 1931 2450; x_wconf 70' lang='lat' dir='ltr'><strong>mutue.</strong></span> 
     </span>
    </p>
   </div>
   <div class='ocr_carea' id='block_1_42' title="bbox 342 2486 1936 2559">
    <p class='ocr_par' dir='ltr' id='par_1_42' title="bbox 342 2486 1936 2559">
     <span class='ocr_line' id='line_1_42' title="bbox 342 2486 1936 2559; baseline -0.001 -15"><span class='ocrx_word' id='word_1_305' title='bbox 342 2488 488 2545; x_wconf 80' lang='lat' dir='ltr'><strong>Cave</strong></span> <span class='ocrx_word' id='word_1_306' title='bbox 516 2497 812 2559; x_wconf 68' lang='lat' dir='ltr'><strong>prmtereas</strong></span> <span class='ocrx_word' id='word_1_307' title='bbox 838 2488 958 2543; x_wconf 91' lang='lat' dir='ltr'><strong>sine</strong></span> <span class='ocrx_word' id='word_1_308' title='bbox 990 2488 1101 2542; x_wconf 92' lang='lat' dir='ltr'><strong>ullo</strong></span> <span class='ocrx_word' id='word_1_309' title='bbox 1133 2489 1384 2541; x_wconf 80' lang='lat' dir='ltr'><strong>examine</strong></span> <span class='ocrx_word' id='word_1_310' title='bbox 1419 2498 1731 2541; x_wconf 82' lang='lat' dir='ltr'><strong>accuratam</strong></span> <span class='ocrx_word' id='word_1_311' title='bbox 1773 2486 1936 2555; x_wconf 85' lang='lat' dir='ltr'><strong>hujus</strong></span> 
     </span>
    </p>
   </div>
   <div class='ocr_carea' id='block_1_43' title="bbox 347 2580 1934 2652">
    <p class='ocr_par' dir='ltr' id='par_1_43' title="bbox 347 2580 1934 2652">
     <span class='ocr_line' id='line_1_43' title="bbox 347 2580 1934 2652; baseline -0.002 -15"><span class='ocrx_word' id='word_1_312' title='bbox 347 2582 635 2638; x_wconf 74' lang='lat' dir='ltr'><strong>sententia:</strong></span> <span class='ocrx_word' id='word_1_313' title='bbox 682 2581 1114 2652; x_wconf 78' lang='lat' dir='ltr'><strong>intelligentiam.</strong></span> <span class='ocrx_word' id='word_1_314' title='bbox 1143 2580 1259 2647; x_wconf 88' lang='lat' dir='ltr'><strong>Qua</strong></span> <span class='ocrx_word' id='word_1_315' title='bbox 1307 2581 1520 2636; x_wconf 84' lang='lat' dir='ltr'><strong>ratione</strong></span> <span class='ocrx_word' id='word_1_316' title='bbox 1558 2580 1670 2636; x_wconf 89' lang='lat' dir='ltr'><strong>illic</strong></span> <span class='ocrx_word' id='word_1_317' title='bbox 1718 2581 1934 2649; x_wconf 84' lang='lat' dir='ltr'><strong>quidem</strong></span> 
     </span>
    </p>
   </div>
   <div class='ocr_carea' id='block_1_44' title="bbox 342 2668 1933 2735">
    <p class='ocr_par' dir='ltr' id='par_1_44' title="bbox 342 2668 1933 2735">
     <span class='ocr_line' id='line_1_44' title="bbox 342 2668 1933 2735; baseline -0.003 -9"><span class='ocrx_word' id='word_1_318' title='bbox 342 2671 549 2726; x_wconf 88' lang='lat' dir='ltr'><strong>dictum</strong></span> <span class='ocrx_word' id='word_1_319' title='bbox 588 2679 695 2735; x_wconf 85' lang='lat' dir='ltr'><strong>est,</strong></span> <span class='ocrx_word' id='word_1_320' title='bbox 743 2668 955 2724; x_wconf 80' lang='lat' dir='ltr'><strong>Venient</strong></span> <span class='ocrx_word' id='word_1_321' title='bbox 989 2686 1203 2735; x_wconf 84' lang='lat' dir='ltr'><strong>omnes;</strong></span> <span class='ocrx_word' id='word_1_322' title='bbox 1253 2671 1342 2725; x_wconf 91' lang='lat' dir='ltr'><strong>hic</strong></span> <span class='ocrx_word' id='word_1_323' title='bbox 1376 2684 1529 2734; x_wconf 89' lang='lat' dir='ltr'><strong>vero,</strong></span> <span class='ocrx_word' id='word_1_324' title='bbox 1569 2670 1933 2735; x_wconf 82' lang='lat' dir='ltr'><strong>ambulabunt,</strong></span> 
     </span>
    </p>
   </div>
   <div class='ocr_carea' id='block_1_45' title="bbox 344 2762 1936 2831">
    <p class='ocr_par' dir='ltr' id='par_1_45' title="bbox 344 2762 1936 2831">
     <span class='ocr_line' id='line_1_45' title="bbox 344 2762 1936 2831; baseline -0.003 -12"><span class='ocrx_word' id='word_1_325' title='bbox 344 2779 454 2819; x_wconf 89' lang='lat' dir='ltr'><strong>non</strong></span> <span class='ocrx_word' id='word_1_326' title='bbox 489 2777 703 2830; x_wconf 90' lang='lat' dir='ltr'><strong>omnes,</strong></span> <span class='ocrx_word' id='word_1_327' title='bbox 734 2762 850 2828; x_wconf 89' lang='lat' dir='ltr'><strong>sed,</strong></span> <span class='ocrx_word' id='word_1_328' title='bbox 882 2763 1085 2817; x_wconf 73' lang='lat' dir='ltr'><strong>multm.</strong></span> <span class='ocrx_word' id='word_1_329' title='bbox 1120 2763 1257 2831; x_wconf 87' lang='lat' dir='ltr'><strong>Quia</strong></span> <span class='ocrx_word' id='word_1_330' title='bbox 1289 2778 1392 2818; x_wconf 78' lang='lat' dir='ltr'><strong>vox</strong></span> <span class='ocrx_word' id='word_1_331' title='bbox 1427 2762 1537 2826; x_wconf 88' lang='lat' dir='ltr'><strong>illa,</strong></span> <span class='ocrx_word' id='word_1_332' title='bbox 1577 2762 1801 2827; x_wconf 76' lang='lat' dir='ltr'><strong>venient,</strong></span> <span class='ocrx_word' id='word_1_333' title='bbox 1852 2777 1936 2815; x_wconf 90' lang='lat' dir='ltr'><strong>re-</strong></span> 
     </span>
    </p>
   </div>
   <div class='ocr_carea' id='block_1_46' title="bbox 342 2850 1936 2917">
    <p class='ocr_par' dir='ltr' id='par_1_46' title="bbox 342 2850 1936 2917">
     <span class='ocr_line' id='line_1_46' title="bbox 342 2850 1936 2917; baseline 0 -13"><span class='ocrx_word' id='word_1_334' title='bbox 342 2852 517 2906; x_wconf 82' lang='lat' dir='ltr'><strong>fertur</strong></span> <span class='ocrx_word' id='word_1_335' title='bbox 540 2851 608 2906; x_wconf 90' lang='lat' dir='ltr'><strong>ad</strong></span> <span class='ocrx_word' id='word_1_336' title='bbox 640 2850 801 2905; x_wconf 83' lang='lat' dir='ltr'><strong>ﬁdem</strong></span> <span class='ocrx_word' id='word_1_337' title='bbox 832 2867 848 2905; x_wconf 74' lang='grc' dir='ltr'><strong>ι</strong></span> <span class='ocrx_word' id='word_1_338' title='bbox 884 2850 999 2906; x_wconf 72' lang='lat' dir='ltr'><strong>hrnc</strong></span> <span class='ocrx_word' id='word_1_339' title='bbox 1024 2865 1174 2917; x_wconf 88' lang='lat' dir='ltr'><strong>vero,</strong></span> <span class='ocrx_word' id='word_1_340' title='bbox 1216 2852 1510 2917; x_wconf 82' lang='lat' dir='ltr'><strong>ambulare,</strong></span> <span class='ocrx_word' id='word_1_341' title='bbox 1533 2853 1600 2906; x_wconf 90' lang='lat' dir='ltr'><strong>ad</strong></span> <span class='ocrx_word' id='word_1_342' title='bbox 1631 2852 1753 2906; x_wconf 83' lang='lat' dir='ltr'><strong>vitae</strong></span> <span class='ocrx_word' id='word_1_343' title='bbox 1778 2850 1936 2906; x_wconf 85' lang='lat' dir='ltr'><strong>insti-</strong></span> 
     </span>
    </p>
   </div>
   <div class='ocr_carea' id='block_1_47' title="bbox 346 2940 1935 3013">
    <p class='ocr_par' dir='ltr' id='par_1_47' title="bbox 346 2940 1935 3013">
     <span class='ocr_line' id='line_1_47' title="bbox 346 2940 1935 3013; baseline 0.001 -18"><span class='ocrx_word' id='word_1_344' title='bbox 346 2952 541 3003; x_wconf 65' lang='lat' dir='ltr'><strong>tutum.</strong></span> <span class='ocrx_word' id='word_1_345' title='bbox 586 2940 855 3009; x_wconf 86' lang='lat' dir='ltr'><strong>Quoniam</strong></span> <span class='ocrx_word' id='word_1_346' title='bbox 907 2941 1074 3013; x_wconf 81' lang='lat' dir='ltr'><strong>igitur</strong></span> <span class='ocrx_word' id='word_1_347' title='bbox 1125 2944 1446 3000; x_wconf 77' lang='lat' dir='ltr'><strong>conﬁtemur</strong></span> <span class='ocrx_word' id='word_1_348' title='bbox 1484 2957 1676 2999; x_wconf 90' lang='lat' dir='ltr'><strong>omnes</strong></span> <span class='ocrx_word' id='word_1_349' title='bbox 1734 2941 1935 3006; x_wconf 82' lang='lat' dir='ltr'><strong>ﬁdem,</strong></span> 
     </span>
    </p>
   </div>
   <div class='ocr_carea' id='block_1_48' title="bbox 342 3031 1932 3104">
    <p class='ocr_par' dir='ltr' id='par_1_48' title="bbox 342 3031 1932 3104">
     <span class='ocr_line' id='line_1_48' title="bbox 342 3031 1932 3104; baseline 0 -17"><span class='ocrx_word' id='word_1_350' title='bbox 342 3047 444 3087; x_wconf 86' lang='lat' dir='ltr'><strong>nec</strong></span> <span class='ocrx_word' id='word_1_351' title='bbox 499 3043 678 3087; x_wconf 87' lang='lat' dir='ltr'><strong>tamen</strong></span> <span class='ocrx_word' id='word_1_352' title='bbox 727 3046 919 3086; x_wconf 89' lang='lat' dir='ltr'><strong>omnes</strong></span> <span class='ocrx_word' id='word_1_353' title='bbox 956 3031 1111 3101; x_wconf 79' lang='lat' dir='ltr'><strong>juxta</strong></span> <span class='ocrx_word' id='word_1_354' title='bbox 1149 3045 1417 3104; x_wconf 64' lang='lat' dir='ltr'><strong>praecepta</strong></span> <span class='ocrx_word' id='word_1_355' title='bbox 1453 3034 1689 3089; x_wconf 86' lang='lat' dir='ltr'><strong>vivimus</strong></span> <span class='ocrx_word' id='word_1_356' title='bbox 1723 3048 1828 3089; x_wconf 86' lang='lat' dir='ltr'><strong>:ea</strong></span> <span class='ocrx_word' id='word_1_357' title='bbox 1866 3034 1932 3088; x_wconf 87' lang='lat' dir='ltr'><strong>de</strong></span> 
     </span>
    </p>
   </div>
   <div class='ocr_carea' id='block_1_49' title="bbox 340 3124 1930 3196">
    <p class='ocr_par' dir='ltr' id='par_1_49' title="bbox 340 3124 1930 3196">
     <span class='ocr_line' id='line_1_49' title="bbox 340 3124 1930 3196; baseline -0.001 -16"><span class='ocrx_word' id='word_1_358' title='bbox 340 3139 507 3180; x_wconf 84' lang='lat' dir='ltr'><strong>causa</strong></span> <span class='ocrx_word' id='word_1_359' title='bbox 559 3125 762 3179; x_wconf 82' lang='lat' dir='ltr'><strong>venient</strong></span> <span class='ocrx_word' id='word_1_360' title='bbox 810 3125 1029 3194; x_wconf 91' lang='lat' dir='ltr'><strong>quidem</strong></span> <span class='ocrx_word' id='word_1_361' title='bbox 1082 3140 1261 3179; x_wconf 82' lang='lat' dir='ltr'><strong>omnes</strong></span> <span class='ocrx_word' id='word_1_362' title='bbox 1310 3137 1487 3196; x_wconf 82' lang='lat' dir='ltr'><strong>gentes</strong></span> <span class='ocrx_word' id='word_1_363' title='bbox 1525 3142 1544 3180; x_wconf 92' lang='lat'><strong><em>:</em></strong></span> <span class='ocrx_word' id='word_1_364' title='bbox 1585 3124 1930 3180; x_wconf 82' lang='lat' dir='ltr'><strong>ambulabunt</strong></span> 
     </span>
    </p>
   </div>
   <div class='ocr_carea' id='block_1_50' title="bbox 342 3213 1929 3283">
    <p class='ocr_par' dir='ltr' id='par_1_50' title="bbox 342 3213 1929 3283">
     <span class='ocr_line' id='line_1_50' title="bbox 342 3213 1929 3283; baseline -0.001 -15"><span class='ocrx_word' id='word_1_365' title='bbox 342 3231 475 3270; x_wconf 88' lang='lat' dir='ltr'><strong>vero</strong></span> <span class='ocrx_word' id='word_1_366' title='bbox 510 3216 713 3270; x_wconf 80' lang='lat' dir='ltr'><strong>mutue.</strong></span> <span class='ocrx_word' id='word_1_367' title='bbox 740 3213 896 3281; x_wconf 88' lang='lat' dir='ltr'><strong>Quod</strong></span> <span class='ocrx_word' id='word_1_368' title='bbox 943 3224 1124 3270; x_wconf 89' lang='lat' dir='ltr'><strong>autem</strong></span> <span class='ocrx_word' id='word_1_369' title='bbox 1166 3216 1390 3270; x_wconf 84' lang='lat' dir='ltr'><strong>verbum</strong></span> <span class='ocrx_word' id='word_1_370' title='bbox 1428 3216 1595 3283; x_wconf 83' lang='lat' dir='ltr'><strong>istud,</strong></span> <span class='ocrx_word' id='word_1_371' title='bbox 1634 3214 1929 3281; x_wconf 82' lang='lat' dir='ltr'><strong>ambulare,</strong></span> 
     </span>
    </p>
   </div>
   <div class='ocr_carea' id='block_1_51' title="bbox 338 3305 1929 3379">
    <p class='ocr_par' dir='ltr' id='par_1_51' title="bbox 338 3305 1929 3379">
     <span class='ocr_line' id='line_1_51' title="bbox 338 3305 1929 3379; baseline 0.001 -18"><span class='ocrx_word' id='word_1_372' title='bbox 338 3324 440 3379; x_wconf 87' lang='lat' dir='ltr'><strong>pro</strong></span> <span class='ocrx_word' id='word_1_373' title='bbox 513 3308 624 3361; x_wconf 87' lang='lat' dir='ltr'><strong>vita</strong></span> <span class='ocrx_word' id='word_1_374' title='bbox 700 3322 823 3376; x_wconf 71' lang='lat' dir='ltr'><strong>qua:</strong></span> <span class='ocrx_word' id='word_1_375' title='bbox 876 3305 980 3377; x_wconf 87' lang='lat' dir='ltr'><strong>legi</strong></span> <span class='ocrx_word' id='word_1_376' title='bbox 1042 3307 1348 3362; x_wconf 89' lang='lat' dir='ltr'><strong>consentiat</strong></span> <span class='ocrx_word' id='word_1_377' title='bbox 1400 3318 1682 3375; x_wconf 87' lang='lat' dir='ltr'><strong>sumatur,</strong></span> <span class='ocrx_word' id='word_1_378' title='bbox 1736 3309 1929 3379; x_wconf 88' lang='lat' dir='ltr'><strong>liquet.</strong></span> 
     </span>
    </p>
   </div>
   <div class='ocr_carea' id='block_1_52' title="bbox 338 3398 1933 3472">
    <p class='ocr_par' dir='ltr' id='par_1_52' title="bbox 338 3398 1933 3472">
     <span class='ocr_line' id='line_1_52' title="bbox 338 3398 1933 3472; baseline 0.001 -18"><span class='ocrx_word' id='word_1_379' title='bbox 338 3399 518 3465; x_wconf 76' lang='lat' dir='ltr'><strong>Beati,</strong></span> <span class='ocrx_word' id='word_1_380' title='bbox 554 3398 1087 3470; x_wconf 81' lang='lat' dir='ltr'><strong>inquit,immaculati</strong></span> <span class='ocrx_word' id='word_1_381' title='bbox 1112 3400 1167 3454; x_wconf 91' lang='lat' dir='ltr'><strong>in</strong></span> <span class='ocrx_word' id='word_1_382' title='bbox 1187 3402 1290 3468; x_wconf 83' lang='lat' dir='ltr'><strong>via,</strong></span> <span class='ocrx_word' id='word_1_383' title='bbox 1323 3401 1413 3471; x_wconf 87' lang='lat' dir='ltr'><strong>qui</strong></span> <span class='ocrx_word' id='word_1_384' title='bbox 1446 3403 1717 3456; x_wconf 88' lang='lat' dir='ltr'><strong>ambulant</strong></span> <span class='ocrx_word' id='word_1_385' title='bbox 1750 3404 1806 3456; x_wconf 86' lang='lat' dir='ltr'><strong>in</strong></span> <span class='ocrx_word' id='word_1_386' title='bbox 1824 3402 1933 3472; x_wconf 83' lang='lat' dir='ltr'><strong>lege</strong></span> 
     </span>
    </p>
   </div>
   <div class='ocr_carea' id='block_1_53' title="bbox 340 3489 1932 3563">
    <p class='ocr_par' dir='ltr' id='par_1_53' title="bbox 340 3489 1932 3563">
     <span class='ocr_line' id='line_1_53' title="bbox 340 3489 1932 3563; baseline 0.001 -15"><span class='ocrx_word' id='word_1_387' title='bbox 340 3493 561 3548; x_wconf 82' lang='lat' dir='ltr'><strong>Domini</strong></span> <span class='ocrx_word' id='word_1_388' title='bbox 584 3493 653 3545; x_wconf 72' lang='grc' dir='ltr'>θ’.</span> <span class='ocrx_word' id='word_1_389' title='bbox 690 3489 795 3546; x_wconf 82' lang='lat' dir='ltr'><strong>Sed</strong></span> <span class='ocrx_word' id='word_1_390' title='bbox 820 3505 967 3558; x_wconf 92' lang='lat' dir='ltr'><strong>cum,</strong></span> <span class='ocrx_word' id='word_1_391' title='bbox 988 3491 1249 3547; x_wconf 87' lang='lat' dir='ltr'><strong>Dominus</strong></span> <span class='ocrx_word' id='word_1_392' title='bbox 1275 3492 1422 3547; x_wconf 88' lang='lat' dir='ltr'><strong>dicat</strong></span> <span class='ocrx_word' id='word_1_393' title='bbox 1449 3510 1462 3547; x_wconf 91' lang='lat'><strong>:</strong></span> <span class='ocrx_word' id='word_1_394' title='bbox 1490 3493 1652 3548; x_wconf 86' lang='lat' dir='ltr'><strong>Pauci</strong></span> <span class='ocrx_word' id='word_1_395' title='bbox 1680 3504 1807 3549; x_wconf 90' lang='lat' dir='ltr'><strong>sunt</strong></span> <span class='ocrx_word' id='word_1_396' title='bbox 1838 3496 1932 3563; x_wconf 92' lang='lat' dir='ltr'><strong>qui</strong></span> 
     </span>
    </p>
   </div>
   <div class='ocr_carea' id='block_1_54' title="bbox 339 3584 1931 3655">
    <p class='ocr_par' dir='ltr' id='par_1_54' title="bbox 339 3584 1931 3655">
     <span class='ocr_line' id='line_1_54' title="bbox 339 3584 1931 3655; baseline 0 -14"><span class='ocrx_word' id='word_1_397' title='bbox 339 3586 623 3641; x_wconf 78' lang='lat' dir='ltr'><strong>invuniunt</strong></span> <span class='ocrx_word' id='word_1_398' title='bbox 652 3584 893 3652; x_wconf 80' lang='lat' dir='ltr'><strong>viam”,</strong></span> <span class='ocrx_word' id='word_1_399' title='bbox 931 3586 1201 3654; x_wconf 81' lang='lat' dir='ltr'><strong>quomodo</strong></span> <span class='ocrx_word' id='word_1_400' title='bbox 1242 3600 1342 3641; x_wconf 93' lang='lat' dir='ltr'><strong>nos</strong></span> <span class='ocrx_word' id='word_1_401' title='bbox 1375 3596 1565 3655; x_wconf 82' lang='lat' dir='ltr'><strong>gentes</strong></span> <span class='ocrx_word' id='word_1_402' title='bbox 1605 3587 1803 3643; x_wconf 87' lang='lat' dir='ltr'><strong>multas</strong></span> <span class='ocrx_word' id='word_1_403' title='bbox 1846 3587 1931 3642; x_wconf 90' lang='lat' dir='ltr'><strong>di-</strong></span> 
     </span>
    </p>
   </div>
   <div class='ocr_carea' id='block_1_55' title="bbox 342 3676 1935 3746">
    <p class='ocr_par' dir='ltr' id='par_1_55' title="bbox 342 3676 1935 3746">
     <span class='ocr_line' id='line_1_55' title="bbox 342 3676 1935 3746; baseline 0 -14"><span class='ocrx_word' id='word_1_404' title='bbox 342 3677 518 3732; x_wconf 89' lang='lat' dir='ltr'><strong>cimus</strong></span> <span class='ocrx_word' id='word_1_405' title='bbox 546 3692 669 3732; x_wconf 89' lang='lat' dir='ltr'><strong>esse</strong></span> <span class='ocrx_word' id='word_1_406' title='bbox 700 3676 1117 3732; x_wconf 78' lang='lat' dir='ltr'><strong>ambulaturas?</strong></span> <span class='ocrx_word' id='word_1_407' title='bbox 1146 3676 1284 3743; x_wconf 88' lang='lat' dir='ltr'><strong>Quia</strong></span> <span class='ocrx_word' id='word_1_408' title='bbox 1307 3687 1499 3746; x_wconf 86' lang='lat' dir='ltr'><strong>gentes</strong></span> <span class='ocrx_word' id='word_1_409' title='bbox 1525 3692 1717 3734; x_wconf 88' lang='lat' dir='ltr'><strong>omnes</strong></span> <span class='ocrx_word' id='word_1_410' title='bbox 1743 3693 1935 3733; x_wconf 84' lang='lat' dir='ltr'><strong>secun-</strong></span> 
     </span>
    </p>
   </div>
   <div class='ocr_carea' id='block_1_56' title="bbox 342 3768 1932 3839">
    <p class='ocr_par' dir='ltr' id='par_1_56' title="bbox 342 3768 1932 3839">
     <span class='ocr_line' id='line_1_56' title="bbox 342 3768 1932 3839; baseline 0.003 -17"><span class='ocrx_word' id='word_1_411' title='bbox 342 3771 469 3824; x_wconf 86' lang='lat' dir='ltr'><strong>dum</strong></span> <span class='ocrx_word' id='word_1_412' title='bbox 490 3769 767 3839; x_wconf 86' lang='lat' dir='ltr'><strong>proprium</strong></span> <span class='ocrx_word' id='word_1_413' title='bbox 797 3768 1162 3837; x_wconf 86' lang='lat' dir='ltr'><strong>quarumlibet</strong></span> <span class='ocrx_word' id='word_1_414' title='bbox 1184 3768 1424 3838; x_wconf 84' lang='lat' dir='ltr'><strong>gentium</strong></span> <span class='ocrx_word' id='word_1_415' title='bbox 1454 3784 1739 3826; x_wconf 87' lang='lat' dir='ltr'><strong>numerum</strong></span> <span class='ocrx_word' id='word_1_416' title='bbox 1777 3771 1932 3827; x_wconf 81' lang='lat' dir='ltr'><strong>facile</strong></span> 
     </span>
    </p>
   </div>
   <div class='ocr_carea' id='block_1_57' title="bbox 340 3861 1932 3933">
    <p class='ocr_par' dir='ltr' id='par_1_57' title="bbox 340 3861 1932 3933">
     <span class='ocr_line' id='line_1_57' title="bbox 340 3861 1932 3933; baseline 0.002 -16"><span class='ocrx_word' id='word_1_417' title='bbox 340 3861 652 3917; x_wconf 86' lang='lat' dir='ltr'><strong>enumerari</strong></span> <span class='ocrx_word' id='word_1_418' title='bbox 683 3870 911 3931; x_wconf 88' lang='lat' dir='ltr'><strong>possunt</strong></span> <span class='ocrx_word' id='word_1_419' title='bbox 942 3877 958 3916; x_wconf 91' lang='lat'><strong>:</strong></span> <span class='ocrx_word' id='word_1_420' title='bbox 990 3861 1237 3916; x_wconf 89' lang='lat' dir='ltr'><strong>homines</strong></span> <span class='ocrx_word' id='word_1_421' title='bbox 1265 3876 1417 3928; x_wconf 91' lang='lat' dir='ltr'><strong>vero,</strong></span> <span class='ocrx_word' id='word_1_422' title='bbox 1453 3864 1545 3932; x_wconf 90' lang='lat' dir='ltr'><strong>qui</strong></span> <span class='ocrx_word' id='word_1_423' title='bbox 1593 3864 1646 3918; x_wconf 91' lang='lat' dir='ltr'><strong>in</strong></span> <span class='ocrx_word' id='word_1_424' title='bbox 1684 3865 1932 3933; x_wconf 86' lang='lat' dir='ltr'><strong>gentibus</strong></span> 
     </span>
    </p>
   </div>
   <div class='ocr_carea' id='block_1_58' title="bbox 342 3952 1930 4027">
    <p class='ocr_par' dir='ltr' id='par_1_58' title="bbox 342 3952 1930 4027">
     <span class='ocr_line' id='line_1_58' title="bbox 342 3952 1930 4027; baseline 0.001 -17"><span class='ocrx_word' id='word_1_425' title='bbox 342 3963 693 4025; x_wconf 82' lang='lat' dir='ltr'><strong>sparguntur,</strong></span> <span class='ocrx_word' id='word_1_426' title='bbox 712 3952 867 4007; x_wconf 90' lang='lat' dir='ltr'><strong>multi</strong></span> <span class='ocrx_word' id='word_1_427' title='bbox 890 3961 1036 4009; x_wconf 90' lang='lat' dir='ltr'><strong>sunt.</strong></span> <span class='ocrx_word' id='word_1_428' title='bbox 1069 3952 1167 4007; x_wconf 91' lang='lat' dir='ltr'><strong>llic</strong></span> <span class='ocrx_word' id='word_1_429' title='bbox 1193 3955 1358 4022; x_wconf 85' lang='lat' dir='ltr'><strong>igitur</strong></span> <span class='ocrx_word' id='word_1_430' title='bbox 1380 3954 1664 4026; x_wconf 88' lang='lat' dir='ltr'><strong>Scriptura</strong></span> <span class='ocrx_word' id='word_1_431' title='bbox 1693 3956 1768 4011; x_wconf 89' lang='lat' dir='ltr'><strong>ait</strong></span> <span class='ocrx_word' id='word_1_432' title='bbox 1794 3972 1930 4027; x_wconf 82' lang='lat' dir='ltr'><strong>gen-</strong></span> 
     </span>
    </p>
   </div>
   <div class='ocr_carea' id='block_1_59' title="bbox 344 4045 1930 4117">
    <p class='ocr_par' dir='ltr' id='par_1_59' title="bbox 344 4045 1930 4117">
     <span class='ocr_line' id='line_1_59' title="bbox 344 4045 1930 4117; baseline -0.001 -14"><span class='ocrx_word' id='word_1_433' title='bbox 344 4059 427 4103; x_wconf 87' lang='lat' dir='ltr'><strong>tes</strong></span> <span class='ocrx_word' id='word_1_434' title='bbox 461 4048 678 4117; x_wconf 89' lang='lat' dir='ltr'><strong>quidem</strong></span> <span class='ocrx_word' id='word_1_435' title='bbox 705 4045 925 4109; x_wconf 90' lang='lat' dir='ltr'><strong>multas,</strong></span> <span class='ocrx_word' id='word_1_436' title='bbox 964 4045 1060 4099; x_wconf 90' lang='lat' dir='ltr'><strong>sed</strong></span> <span class='ocrx_word' id='word_1_437' title='bbox 1102 4061 1210 4100; x_wconf 90' lang='lat' dir='ltr'><strong>non</strong></span> <span class='ocrx_word' id='word_1_438' title='bbox 1250 4062 1445 4103; x_wconf 87' lang='lat' dir='ltr'><strong>omnes</strong></span> <span class='ocrx_word' id='word_1_439' title='bbox 1491 4048 1663 4102; x_wconf 87' lang='lat' dir='ltr'><strong>vitam</strong></span> <span class='ocrx_word' id='word_1_440' title='bbox 1693 4061 1930 4117; x_wconf 86' lang='lat' dir='ltr'><strong>evange-</strong></span> 
     </span>
    </p>
   </div>
   <div class='ocr_carea' id='block_1_60' title="bbox 343 4135 1931 4209">
    <p class='ocr_par' dir='ltr' id='par_1_60' title="bbox 343 4135 1931 4209">
     <span class='ocr_line' id='line_1_60' title="bbox 343 4135 1931 4209; baseline 0.001 -15"><span class='ocrx_word' id='word_1_441' title='bbox 343 4140 507 4195; x_wconf 89' lang='lat' dir='ltr'><strong>lieam</strong></span> <span class='ocrx_word' id='word_1_442' title='bbox 540 4135 814 4208; x_wconf 87' lang='lat' dir='ltr'><strong>amplecti,</strong></span> <span class='ocrx_word' id='word_1_443' title='bbox 833 4137 1053 4191; x_wconf 85' lang='lat' dir='ltr'><strong>etiamsi</strong></span> <span class='ocrx_word' id='word_1_444' title='bbox 1080 4139 1281 4193; x_wconf 82' lang='lat' dir='ltr'><strong>Christi</strong></span> <span class='ocrx_word' id='word_1_445' title='bbox 1307 4153 1368 4194; x_wconf 90' lang='lat' dir='ltr'><strong>se</strong></span> <span class='ocrx_word' id='word_1_446' title='bbox 1397 4140 1615 4193; x_wconf 89' lang='lat' dir='ltr'><strong>nomine</strong></span> <span class='ocrx_word' id='word_1_447' title='bbox 1639 4140 1931 4209; x_wconf 85' lang='lat' dir='ltr'><strong>insigniant</strong></span> 
     </span>
    </p>
   </div>
   <div class='ocr_carea' id='block_1_61' title="bbox 341 4229 1928 4300">
    <p class='ocr_par' dir='ltr' id='par_1_61' title="bbox 341 4229 1928 4300">
     <span class='ocr_line' id='line_1_61' title="bbox 341 4229 1928 4300; baseline -0.001 -11"><span class='ocrx_word' id='word_1_448' title='bbox 341 4246 553 4289; x_wconf 91' lang='lat' dir='ltr'><strong>omnes.</strong></span> <span class='ocrx_word' id='word_1_449' title='bbox 585 4229 772 4300; x_wconf 82' lang='lat' dir='ltr'><strong>Neque</strong></span> <span class='ocrx_word' id='word_1_450' title='bbox 801 4243 932 4285; x_wconf 89' lang='lat' dir='ltr'><strong>vero</strong></span> <span class='ocrx_word' id='word_1_451' title='bbox 975 4229 1231 4299; x_wconf 89' lang='lat' dir='ltr'><strong>quoniam</strong></span> <span class='ocrx_word' id='word_1_452' title='bbox 1269 4239 1460 4300; x_wconf 83' lang='lat' dir='ltr'><strong>gentes</strong></span> <span class='ocrx_word' id='word_1_453' title='bbox 1504 4231 1689 4287; x_wconf 70' lang='lat' dir='ltr'><strong>multae</strong></span> <span class='ocrx_word' id='word_1_454' title='bbox 1735 4247 1928 4289; x_wconf 91' lang='lat' dir='ltr'><strong>nume-</strong></span> 
     </span>
    </p>
   </div>
   <div class='ocr_carea' id='block_1_62' title="bbox 340 4306 1931 4394">
    <p class='ocr_par' dir='ltr' id='par_1_62' title="bbox 340 4306 1931 4394">
     <span class='ocr_line' id='line_1_62' title="bbox 340 4306 1931 4394; baseline 0 -15"><span class='ocrx_word' id='word_1_455' title='bbox 340 4333 553 4389; x_wconf 88' lang='lat' dir='ltr'><strong>rantur,</strong></span> <span class='ocrx_word' id='word_1_456' title='bbox 570 4323 830 4378; x_wconf 89' lang='lat' dir='ltr'><strong>continuo</strong></span> <span class='ocrx_word' id='word_1_457' title='bbox 858 4322 1105 4377; x_wconf 88' lang='lat' dir='ltr'><strong>homines</strong></span> <span class='ocrx_word' id='word_1_458' title='bbox 1138 4322 1333 4391; x_wconf 76' lang='lat' dir='ltr'><strong>singuli</strong></span> <span class='ocrx_word' id='word_1_459' title='bbox 1361 4323 1454 4393; x_wconf 89' lang='lat' dir='ltr'><strong>qui</strong></span> <span class='ocrx_word' id='word_1_460' title='bbox 1481 4306 1756 4379; x_wconf 86' lang='lat' dir='ltr'><strong>communi</strong></span> <span class='ocrx_word' id='word_1_461' title='bbox 1799 4340 1931 4394; x_wconf 84' lang='lat' dir='ltr'><strong>gen-</strong></span> 
     </span>
    </p>
   </div>
   <div class='ocr_carea' id='block_1_63' title="bbox 2030 1844 3619 1922">
    <p class='ocr_par' dir='ltr' id='par_1_63' title="bbox 2030 1844 3619 1922">
     <span class='ocr_line' id='line_1_63' title="bbox 2030 1844 3619 1922; baseline -0.002 -20"><span class='ocrx_word' id='word_1_462' title='bbox 2030 1849 2124 1902; x_wconf 78' lang='grc' dir='ltr'><strong>ἐπὶ</strong></span> <span class='ocrx_word' id='word_1_463' title='bbox 2159 1849 2257 1921; x_wconf 81' lang='grc' dir='ltr'><strong>τὴν</strong></span> <span class='ocrx_word' id='word_1_464' title='bbox 2287 1849 2582 1918; x_wconf 74' lang='grc' dir='ltr'>ἐπίγνωσιν</span> <span class='ocrx_word' id='word_1_465' title='bbox 2607 1850 2699 1905; x_wconf 79' lang='grc' dir='ltr'><strong>τοῦ</strong></span> <span class='ocrx_word' id='word_1_466' title='bbox 2727 1848 2964 1922; x_wconf 78' lang='grc' dir='ltr'>Χριστοῦ</span> <span class='ocrx_word' id='word_1_467' title='bbox 3005 1848 3340 1918; x_wconf 73' lang='grc' dir='ltr'>ὑποφαίνων.</span> <span class='ocrx_word' id='word_1_468' title='bbox 3384 1844 3619 1912; x_wconf 80' lang='grc' dir='ltr'>Ἦξουσι</span> 
     </span>
    </p>
   </div>
   <div class='ocr_carea' id='block_1_64' title="bbox 2030 1938 3621 2013">
    <p class='ocr_par' dir='ltr' id='par_1_64' title="bbox 2030 1938 3621 2013">
     <span class='ocr_line' id='line_1_64' title="bbox 2030 1938 3621 2013; baseline -0.001 -20"><span class='ocrx_word' id='word_1_469' title='bbox 2030 1941 2141 2013; x_wconf 81' lang='grc' dir='ltr'>γὰρ</span> <span class='ocrx_word' id='word_1_470' title='bbox 2187 1940 2456 2013; x_wconf 80' lang='grc' dir='ltr'><strong>κληθέντα</strong></span> <span class='ocrx_word' id='word_1_471' title='bbox 2486 1942 2575 1995; x_wconf 81' lang='grc' dir='ltr'>διὰ</span> <span class='ocrx_word' id='word_1_472' title='bbox 2622 1941 2716 1996; x_wconf 75' lang='grc' dir='ltr'>τοῦ</span> <span class='ocrx_word' id='word_1_473' title='bbox 2758 1942 3113 2013; x_wconf 85' lang='grc' dir='ltr'>κηρύγματος</span> <span class='ocrx_word' id='word_1_474' title='bbox 3161 1940 3255 1994; x_wconf 69' lang='grc' dir='ltr'><strong>ἐπὶ</strong></span> <span class='ocrx_word' id='word_1_475' title='bbox 3293 1939 3390 2012; x_wconf 75' lang='grc' dir='ltr'>τὴν</span> <span class='ocrx_word' id='word_1_476' title='bbox 3431 1938 3621 1992; x_wconf 75' lang='grc' dir='ltr'>πίστιν</span> 
     </span>
    </p>
   </div>
   <div class='ocr_carea' id='block_1_65' title="bbox 2033 2030 3621 2106">
    <p class='ocr_par' dir='ltr' id='par_1_65' title="bbox 2033 2030 3621 2106">
     <span class='ocr_line' id='line_1_65' title="bbox 2033 2030 3621 2106; baseline 0 -20"><span class='ocrx_word' id='word_1_477' title='bbox 2033 2034 2209 2087; x_wconf 82' lang='grc' dir='ltr'>πάντα</span> <span class='ocrx_word' id='word_1_478' title='bbox 2235 2033 2304 2086; x_wconf 76' lang='grc' dir='ltr'>τὰ</span> <span class='ocrx_word' id='word_1_479' title='bbox 2342 2033 2492 2104; x_wconf 76' lang='grc' dir='ltr'>ἔθνη.</span> <span class='ocrx_word' id='word_1_480' title='bbox 2527 2033 2981 2103; x_wconf 77' lang='grc' dir='ltr'>Κηρυχθήσετιιι</span> <span class='ocrx_word' id='word_1_481' title='bbox 3006 2033 3116 2106; x_wconf 80' lang='grc' dir='ltr'>γὰρ</span> <span class='ocrx_word' id='word_1_482' title='bbox 3148 2034 3214 2087; x_wconf 86' lang='grc' dir='ltr'>τὸ</span> <span class='ocrx_word' id='word_1_483' title='bbox 3246 2030 3621 2103; x_wconf 62' lang='grc' dir='ltr'><strong>Εὑαγγέλιογ</strong></span> 
     </span>
    </p>
   </div>
   <div class='ocr_carea' id='block_1_66' title="bbox 2031 2120 3621 2195">
    <p class='ocr_par' dir='ltr' id='par_1_66' title="bbox 2031 2120 3621 2195">
     <span class='ocr_line' id='line_1_66' title="bbox 2031 2120 3621 2195; baseline -0.002 -19"><span class='ocrx_word' id='word_1_484' title='bbox 2031 2123 2207 2177; x_wconf 83' lang='grc' dir='ltr'>τοῦτο</span> <span class='ocrx_word' id='word_1_485' title='bbox 2248 2123 2318 2176; x_wconf 83' lang='grc' dir='ltr'>ἐν</span> <span class='ocrx_word' id='word_1_486' title='bbox 2351 2123 2471 2189; x_wconf 81' lang='grc' dir='ltr'><strong>ὅλῳ</strong></span> <span class='ocrx_word' id='word_1_487' title='bbox 2497 2123 2575 2190; x_wconf 85' lang='grc' dir='ltr'>τῷ</span> <span class='ocrx_word' id='word_1_488' title='bbox 2616 2126 2822 2192; x_wconf 81' lang='grc' dir='ltr'>κόσμῳ</span> <span class='ocrx_word' id='word_1_489' title='bbox 2871 2123 3004 2195; x_wconf 70' lang='grc'><strong>(14)·</strong></span> <span class='ocrx_word' id='word_1_490' title='bbox 3041 2124 3157 2189; x_wconf 74' lang='grc' dir='ltr'>καὶ,</span> <span class='ocrx_word' id='word_1_491' title='bbox 3181 2126 3274 2187; x_wconf 80' lang='lat' dir='ltr'><strong>Et;</strong></span> <span class='ocrx_word' id='word_1_492' title='bbox 3306 2125 3494 2175; x_wconf 76' lang='grc' dir='ltr'>πᾶσαν</span> <span class='ocrx_word' id='word_1_493' title='bbox 3522 2120 3621 2191; x_wconf 84' lang='grc' dir='ltr'><strong>τὴν</strong></span> 
     </span>
    </p>
   </div>
   <div class='ocr_carea' id='block_1_67' title="bbox 2032 2214 3619 2287">
    <p class='ocr_par' dir='ltr' id='par_1_67' title="bbox 2032 2214 3619 2287">
     <span class='ocr_line' id='line_1_67' title="bbox 2032 2214 3619 2287; baseline -0.002 -17"><span class='ocrx_word' id='word_1_494' title='bbox 2032 2214 2137 2286; x_wconf 82' lang='grc' dir='ltr'>γῆν</span> <span class='ocrx_word' id='word_1_495' title='bbox 2208 2214 2429 2287; x_wconf 79' lang='grc' dir='ltr'>ἐξῆλθεν</span> <span class='ocrx_word' id='word_1_496' title='bbox 2485 2218 2514 2269; x_wconf 86' lang='grc' dir='ltr'>ὁ</span> <span class='ocrx_word' id='word_1_497' title='bbox 2567 2216 2923 2285; x_wconf 82' lang='grc' dir='ltr'>εύαγγελικὸς</span> <span class='ocrx_word' id='word_1_498' title='bbox 2961 2216 3195 2286; x_wconf 78' lang='grc' dir='ltr'>φθόγγος</span> <span class='ocrx_word' id='word_1_499' title='bbox 3231 2214 3339 2269; x_wconf 88' lang='grc' dir='ltr'><strong>τῶν</strong></span> <span class='ocrx_word' id='word_1_500' title='bbox 3382 2215 3619 2268; x_wconf 82' lang='grc' dir='ltr'>ἀποστό-</span> 
     </span>
    </p>
   </div>
   <div class='ocr_carea' id='block_1_68' title="bbox 2033 2305 2163 2361">
    <p class='ocr_par' dir='ltr' id='par_1_68' title="bbox 2033 2305 2163 2361">
     <span class='ocr_line' id='line_1_68' title="bbox 2033 2305 2163 2361; baseline 0.015 -2"><span class='ocrx_word' id='word_1_501' title='bbox 2033 2305 2163 2361; x_wconf 88' lang='grc' dir='ltr'>λων.</span> 
     </span>
    </p>
   </div>
   <div class='ocr_carea' id='block_1_69' title="bbox 2105 2397 3622 2471">
    <p class='ocr_par' dir='ltr' id='par_1_69' title="bbox 2105 2397 3622 2471">
     <span class='ocr_line' id='line_1_69' title="bbox 2105 2397 3622 2471; baseline 0.001 -20"><span class='ocrx_word' id='word_1_502' title='bbox 2105 2397 2193 2452; x_wconf 86' lang='grc'><strong>68.</strong></span> <span class='ocrx_word' id='word_1_503' title='bbox 2233 2397 2345 2452; x_wconf 82' lang='grc' dir='ltr'><strong>Καὶ</strong></span> <span class='ocrx_word' id='word_1_504' title='bbox 2399 2400 2814 2467; x_wconf 76' lang='grc' dir='ltr'><strong>πορεύσονται,</strong></span> <span class='ocrx_word' id='word_1_505' title='bbox 2866 2399 3017 2471; x_wconf 74' lang='grc' dir='ltr'>φησὶ,</span> <span class='ocrx_word' id='word_1_506' title='bbox 3054 2399 3199 2468; x_wconf 69' lang='grc' dir='ltr'>ἔθνη</span> <span class='ocrx_word' id='word_1_507' title='bbox 3235 2398 3460 2454; x_wconf 72' lang='grc' dir='ltr'>πολλά.</span> <span class='ocrx_word' id='word_1_508' title='bbox 3505 2397 3622 2468; x_wconf 78' lang='grc' dir='ltr'>Τὴν</span> 
     </span>
    </p>
   </div>
   <div class='ocr_carea' id='block_1_70' title="bbox 2034 2490 3621 2565">
    <p class='ocr_par' dir='ltr' id='par_1_70' title="bbox 2034 2490 3621 2565">
     <span class='ocr_line' id='line_1_70' title="bbox 2034 2490 3621 2565; baseline 0.001 -21"><span class='ocrx_word' id='word_1_509' title='bbox 2034 2491 2316 2562; x_wconf 79' lang='grc' dir='ltr'>ἀκρίϐειαν</span> <span class='ocrx_word' id='word_1_510' title='bbox 2342 2491 2444 2562; x_wconf 82' lang='grc' dir='ltr'>τῆς</span> <span class='ocrx_word' id='word_1_511' title='bbox 2477 2491 2673 2558; x_wconf 78' lang='grc' dir='ltr'>λέξεως</span> <span class='ocrx_word' id='word_1_512' title='bbox 2703 2491 2776 2563; x_wconf 88' lang='grc' dir='ltr'><strong>μὴ</strong></span> <span class='ocrx_word' id='word_1_513' title='bbox 2816 2492 3179 2565; x_wconf 83' lang='grc' dir='ltr'>παραδράμῃς</span> <span class='ocrx_word' id='word_1_514' title='bbox 3213 2490 3621 2554; x_wconf 75' lang='grc' dir='ltr'>ἀϐασανίστως.</span> 
     </span>
    </p>
   </div>
   <div class='ocr_carea' id='block_1_71' title="bbox 2036 2582 3622 2657">
    <p class='ocr_par' dir='ltr' id='par_1_71' title="bbox 2036 2582 3622 2657">
     <span class='ocr_line' id='line_1_71' title="bbox 2036 2582 3622 2657; baseline 0.001 -21"><span class='ocrx_word' id='word_1_515' title='bbox 2036 2582 2162 2646; x_wconf 88' lang='grc' dir='ltr'>Πῶς</span> <span class='ocrx_word' id='word_1_516' title='bbox 2194 2584 2254 2636; x_wconf 86' lang='grc' dir='ltr'><strong>ἐν</strong></span> <span class='ocrx_word' id='word_1_517' title='bbox 2286 2583 2385 2654; x_wconf 83' lang='grc' dir='ltr'><strong>μὲν</strong></span> <span class='ocrx_word' id='word_1_518' title='bbox 2420 2582 2518 2654; x_wconf 81' lang='grc' dir='ltr'>τῷ,</span> <span class='ocrx_word' id='word_1_519' title='bbox 2558 2583 2809 2647; x_wconf 79' lang='grc' dir='ltr'>Ἦξουσι</span> <span class='ocrx_word' id='word_1_520' title='bbox 2826 2582 3044 2648; x_wconf 79' lang='grc' dir='ltr'>πάντα,</span> <span class='ocrx_word' id='word_1_521' title='bbox 3094 2586 3329 2657; x_wconf 78' lang='grc' dir='ltr'>εἴρηται·</span> <span class='ocrx_word' id='word_1_522' title='bbox 3361 2586 3422 2638; x_wconf 90' lang='grc' dir='ltr'><strong>ἐν</strong></span> <span class='ocrx_word' id='word_1_523' title='bbox 3447 2583 3622 2653; x_wconf 82' lang='grc' dir='ltr'>δέτῷ,</span> 
     </span>
    </p>
   </div>
   <div class='ocr_carea' id='block_1_72' title="bbox 2035 2675 3622 2742">
    <p class='ocr_par' dir='ltr' id='par_1_72' title="bbox 2035 2675 3622 2742">
     <span class='ocr_line' id='line_1_72' title="bbox 2035 2675 3622 2742; baseline 0.003 -16"><span class='ocrx_word' id='word_1_524' title='bbox 2035 2675 2459 2741; x_wconf 84' lang='grc' dir='ltr'>Πορεύσονται,</span> <span class='ocrx_word' id='word_1_525' title='bbox 2487 2676 2674 2728; x_wconf 79' lang='grc' dir='ltr'>οὐκέτι</span> <span class='ocrx_word' id='word_1_526' title='bbox 2702 2675 2901 2742; x_wconf 84' lang='grc' dir='ltr'>πάντα,</span> <span class='ocrx_word' id='word_1_527' title='bbox 2933 2675 3090 2740; x_wconf 84' lang='grc' dir='ltr'>ἀλλὰ,</span> <span class='ocrx_word' id='word_1_528' title='bbox 3119 2675 3363 2742; x_wconf 54' lang='lat' dir='ltr'><strong>«aud;</strong></span> <span class='ocrx_word' id='word_1_529' title='bbox 3395 2677 3522 2730; x_wconf 84' lang='grc' dir='ltr'>Ὅτι</span> <span class='ocrx_word' id='word_1_530' title='bbox 3561 2676 3622 2730; x_wconf 77' lang='grc' dir='ltr'>τὸ</span> 
     </span>
    </p>
   </div>
   <div class='ocr_carea' id='block_1_73' title="bbox 2039 2763 3623 2835">
    <p class='ocr_par' dir='ltr' id='par_1_73' title="bbox 2039 2763 3623 2835">
     <span class='ocr_line' id='line_1_73' title="bbox 2039 2763 3623 2835; baseline 0.004 -17"><span class='ocrx_word' id='word_1_531' title='bbox 2039 2765 2159 2835; x_wconf 86' lang='grc' dir='ltr'>μὲν,</span> <span class='ocrx_word' id='word_1_532' title='bbox 2210 2763 2526 2829; x_wconf 76' lang='grc' dir='ltr'><strong>’⁷Ηξουσιν,</strong></span> <span class='ocrx_word' id='word_1_533' title='bbox 2563 2765 2656 2818; x_wconf 75' lang='grc' dir='ltr'>ἐπὶ</span> <span class='ocrx_word' id='word_1_534' title='bbox 2696 2766 2791 2818; x_wconf 78' lang='grc' dir='ltr'>τοῦ</span> <span class='ocrx_word' id='word_1_535' title='bbox 2831 2766 3108 2821; x_wconf 81' lang='grc' dir='ltr'>πιστεύειν</span> <span class='ocrx_word' id='word_1_536' title='bbox 3137 2767 3417 2822; x_wconf 82' lang='grc' dir='ltr'>τέτακται·</span> <span class='ocrx_word' id='word_1_537' title='bbox 3450 2770 3516 2822; x_wconf 78' lang='grc' dir='ltr'>τὸ</span> <span class='ocrx_word' id='word_1_538' title='bbox 3566 2769 3623 2824; x_wconf 63' lang='grc' dir='ltr'>δὲ</span> 
     </span>
    </p>
   </div>
   <div class='ocr_carea' id='block_1_74' title="bbox 2037 2858 3624 2935">
    <p class='ocr_par' dir='ltr' id='par_1_74' title="bbox 2037 2858 3624 2935">
     <span class='ocr_line' id='line_1_74' title="bbox 2037 2858 3624 2935; baseline 0 -20"><span class='ocrx_word' id='word_1_539' title='bbox 2037 2862 2416 2930; x_wconf 85' lang='grc' dir='ltr'>πορεύεσθαι,</span> <span class='ocrx_word' id='word_1_540' title='bbox 2471 2862 2564 2916; x_wconf 82' lang='grc' dir='ltr'>ἐπὶ</span> <span class='ocrx_word' id='word_1_541' title='bbox 2609 2861 2704 2915; x_wconf 81' lang='grc' dir='ltr'>τοῦ</span> <span class='ocrx_word' id='word_1_542' title='bbox 2744 2862 3142 2917; x_wconf 86' lang='grc' dir='ltr'>πολιτεύεσθαι.</span> <span class='ocrx_word' id='word_1_543' title='bbox 3193 2863 3346 2916; x_wconf 81' lang='grc' dir='ltr'>Ἐπεὶ</span> <span class='ocrx_word' id='word_1_544' title='bbox 3387 2858 3485 2918; x_wconf 77' lang='grc' dir='ltr'>οὖν</span> <span class='ocrx_word' id='word_1_545' title='bbox 3522 2863 3624 2935; x_wconf 78' lang='grc' dir='ltr'>τὴν</span> 
     </span>
    </p>
   </div>
   <div class='ocr_carea' id='block_1_75' title="bbox 2042 2952 3623 3025">
    <p class='ocr_par' dir='ltr' id='par_1_75' title="bbox 2042 2952 3623 3025">
     <span class='ocr_line' id='line_1_75' title="bbox 2042 2952 3623 3025; baseline 0.001 -19"><span class='ocrx_word' id='word_1_546' title='bbox 2042 2954 2141 3024; x_wconf 82' lang='grc' dir='ltr'>μὲν</span> <span class='ocrx_word' id='word_1_547' title='bbox 2177 2953 2359 3008; x_wconf 86' lang='grc' dir='ltr'>πίστιν</span> <span class='ocrx_word' id='word_1_548' title='bbox 2393 2952 2764 3025; x_wconf 81' lang='grc' dir='ltr'>ὁμολογοῦμεν</span> <span class='ocrx_word' id='word_1_549' title='bbox 2825 2956 3045 3018; x_wconf 79' lang='grc' dir='ltr'>πάντες,</span> <span class='ocrx_word' id='word_1_550' title='bbox 3096 2954 3279 3007; x_wconf 74' lang='grc' dir='ltr'>οὐκέτι</span> <span class='ocrx_word' id='word_1_551' title='bbox 3314 2955 3372 3008; x_wconf 81' lang='grc' dir='ltr'>δὲ</span> <span class='ocrx_word' id='word_1_552' title='bbox 3420 2955 3623 3018; x_wconf 81' lang='grc' dir='ltr'>πάντες</span> 
     </span>
    </p>
   </div>
   <div class='ocr_carea' id='block_1_76' title="bbox 2039 3045 3623 3119">
    <p class='ocr_par' dir='ltr' id='par_1_76' title="bbox 2039 3045 3623 3119">
     <span class='ocr_line' id='line_1_76' title="bbox 2039 3045 3623 3119; baseline -0.001 -20"><span class='ocrx_word' id='word_1_553' title='bbox 2039 3045 2181 3100; x_wconf 79' lang='grc' dir='ltr'>κατὰ</span> <span class='ocrx_word' id='word_1_554' title='bbox 2239 3045 2339 3110; x_wconf 84' lang='grc' dir='ltr'><strong>τὰς</strong></span> <span class='ocrx_word' id='word_1_555' title='bbox 2398 3045 2618 3110; x_wconf 84' lang='grc' dir='ltr'>ἐντολὰς</span> <span class='ocrx_word' id='word_1_556' title='bbox 2683 3046 3080 3119; x_wconf 83' lang='grc' dir='ltr'>πολιτευόμεθα</span> <span class='ocrx_word' id='word_1_557' title='bbox 3131 3048 3281 3118; x_wconf 84' lang='lat' dir='ltr'><strong>(l5),</strong></span> <span class='ocrx_word' id='word_1_558' title='bbox 3329 3046 3420 3101; x_wconf 76' lang='grc' dir='ltr'>διὰ</span> <span class='ocrx_word' id='word_1_559' title='bbox 3463 3048 3623 3101; x_wconf 71' lang='grc' dir='ltr'>τοῧττ</span> 
     </span>
    </p>
   </div>
   <div class='ocr_carea' id='block_1_77' title="bbox 2035 3136 3623 3209">
    <p class='ocr_par' dir='ltr' id='par_1_77' title="bbox 2035 3136 3623 3209">
     <span class='ocr_line' id='line_1_77' title="bbox 2035 3136 3623 3209; baseline 0.001 -18"><span class='ocrx_word' id='word_1_560' title='bbox 2035 3136 2291 3202; x_wconf 76' lang='grc' dir='ltr'><strong>Ἥξουσι</strong></span> <span class='ocrx_word' id='word_1_561' title='bbox 2309 3137 2407 3206; x_wconf 85' lang='grc' dir='ltr'><strong>μὲν</strong></span> <span class='ocrx_word' id='word_1_562' title='bbox 2428 3136 2623 3191; x_wconf 75' lang='grc' dir='ltr'>πάντα</span> <span class='ocrx_word' id='word_1_563' title='bbox 2637 3137 2709 3191; x_wconf 81' lang='grc' dir='ltr'>τὰ</span> <span class='ocrx_word' id='word_1_564' title='bbox 2723 3138 2887 3207; x_wconf 67' lang='grc' dir='ltr'>ἕθνηγ</span> <span class='ocrx_word' id='word_1_565' title='bbox 2903 3141 3299 3209; x_wconf 77' lang='grc' dir='ltr'>πορεύσονται</span> <span class='ocrx_word' id='word_1_566' title='bbox 3313 3140 3372 3193; x_wconf 87' lang='grc' dir='ltr'><strong>δέ</strong></span> <span class='ocrx_word' id='word_1_567' title='bbox 3395 3139 3623 3196; x_wconf 72' lang='grc' dir='ltr'>πολλά.</span> 
     </span>
    </p>
   </div>
   <div class='ocr_carea' id='block_1_78' title="bbox 2036 3227 3624 3305">
    <p class='ocr_par' dir='ltr' id='par_1_78' title="bbox 2036 3227 3624 3305">
     <span class='ocr_line' id='line_1_78' title="bbox 2036 3227 3624 3305; baseline 0.004 -25"><span class='ocrx_word' id='word_1_568' title='bbox 2036 3227 2158 3281; x_wconf 83' lang='grc' dir='ltr'>Ὅτι</span> <span class='ocrx_word' id='word_1_569' title='bbox 2195 3228 2252 3281; x_wconf 79' lang='grc' dir='ltr'><strong>δὲ</strong></span> <span class='ocrx_word' id='word_1_570' title='bbox 2283 3229 2345 3280; x_wconf 86' lang='grc' dir='ltr'><strong>τὸ</strong></span> <span class='ocrx_word' id='word_1_571' title='bbox 2374 3229 2734 3296; x_wconf 76' lang='grc' dir='ltr'>πορεύεσθαι</span> <span class='ocrx_word' id='word_1_572' title='bbox 2761 3231 2854 3283; x_wconf 75' lang='grc' dir='ltr'><strong>ἐπὶ</strong></span> <span class='ocrx_word' id='word_1_573' title='bbox 2881 3231 2976 3286; x_wconf 80' lang='grc' dir='ltr'><strong>τοῦ</strong></span> <span class='ocrx_word' id='word_1_574' title='bbox 3008 3232 3118 3305; x_wconf 87' lang='grc'><strong>(16)</strong></span> <span class='ocrx_word' id='word_1_575' title='bbox 3169 3233 3321 3304; x_wconf 81' lang='grc' dir='ltr'>βιοῦν</span> <span class='ocrx_word' id='word_1_576' title='bbox 3351 3233 3497 3287; x_wconf 81' lang='grc' dir='ltr'>κατὰ</span> <span class='ocrx_word' id='word_1_577' title='bbox 3534 3233 3624 3289; x_wconf 72' lang='grc' dir='ltr'>τὸν</span> 
     </span>
    </p>
   </div>
   <div class='ocr_carea' id='block_1_79' title="bbox 2032 3320 3623 3397">
    <p class='ocr_par' dir='ltr' id='par_1_79' title="bbox 2032 3320 3623 3397">
     <span class='ocr_line' id='line_1_79' title="bbox 2032 3320 3623 3397; baseline 0.006 -25"><span class='ocrx_word' id='word_1_578' title='bbox 2032 3320 2196 3391; x_wconf 85' lang='grc' dir='ltr'>νόμον</span> <span class='ocrx_word' id='word_1_579' title='bbox 2234 3321 2591 3393; x_wconf 70' lang='grc' dir='ltr'>λαμϐάνεταιο</span> <span class='ocrx_word' id='word_1_580' title='bbox 2628 3322 2943 3393; x_wconf 80' lang='grc' dir='ltr'>Μακάριοι,</span> <span class='ocrx_word' id='word_1_581' title='bbox 2982 3326 3169 3397; x_wconf 73' lang='grc' dir='ltr'>φησὶν,</span> <span class='ocrx_word' id='word_1_582' title='bbox 3205 3329 3259 3380; x_wconf 80' lang='grc' dir='ltr'><strong>οἱ</strong></span> <span class='ocrx_word' id='word_1_583' title='bbox 3291 3326 3522 3397; x_wconf 80' lang='grc' dir='ltr'>ἄμωμοι</span> <span class='ocrx_word' id='word_1_584' title='bbox 3557 3328 3623 3381; x_wconf 78' lang='grc' dir='ltr'>ἐν</span> 
     </span>
    </p>
   </div>
   <div class='ocr_carea' id='block_1_80' title="bbox 2034 3409 3625 3487">
    <p class='ocr_par' dir='ltr' id='par_1_80' title="bbox 2034 3409 3625 3487">
     <span class='ocr_line' id='line_1_80' title="bbox 2034 3409 3625 3487; baseline 0.006 -21"><span class='ocrx_word' id='word_1_585' title='bbox 2034 3409 2171 3478; x_wconf 78' lang='grc' dir='ltr'>ὁδῷ,</span> <span class='ocrx_word' id='word_1_586' title='bbox 2194 3416 2247 3467; x_wconf 87' lang='grc' dir='ltr'><strong>οἱ</strong></span> <span class='ocrx_word' id='word_1_587' title='bbox 2286 3416 2678 3484; x_wconf 77' lang='grc' dir='ltr'>πορευόμενοι</span> <span class='ocrx_word' id='word_1_588' title='bbox 2712 3416 2783 3471; x_wconf 79' lang='grc' dir='ltr'>ἐν</span> <span class='ocrx_word' id='word_1_589' title='bbox 2831 3419 2993 3487; x_wconf 80' lang='grc' dir='ltr'><strong>νόμῳ</strong></span> <span class='ocrx_word' id='word_1_590' title='bbox 3020 3419 3265 3487; x_wconf 76' lang='grc' dir='ltr'>Κυρίου.</span> <span class='ocrx_word' id='word_1_591' title='bbox 3316 3419 3477 3474; x_wconf 80' lang='grc' dir='ltr'>Ἀλλά</span> <span class='ocrx_word' id='word_1_592' title='bbox 3506 3419 3625 3484; x_wconf 76' lang='grc' dir='ltr'><strong>πῶς</strong></span> 
     </span>
    </p>
   </div>
   <div class='ocr_carea' id='block_1_81' title="bbox 2031 3505 3625 3583">
    <p class='ocr_par' dir='ltr' id='par_1_81' title="bbox 2031 3505 3625 3583">
     <span class='ocr_line' id='line_1_81' title="bbox 2031 3505 3625 3583; baseline 0.007 -25"><span class='ocrx_word' id='word_1_593' title='bbox 2031 3505 2126 3559; x_wconf 76' lang='grc' dir='ltr'><strong>τοῦ</strong></span> <span class='ocrx_word' id='word_1_594' title='bbox 2158 3508 2365 3579; x_wconf 81' lang='grc' dir='ltr'>Κυρίου</span> <span class='ocrx_word' id='word_1_595' title='bbox 2405 3509 2673 3575; x_wconf 80' lang='grc' dir='ltr'>εἰπόντος,</span> <span class='ocrx_word' id='word_1_596' title='bbox 2705 3511 2788 3564; x_wconf 79' lang='grc' dir='ltr'>ὅτι</span> <span class='ocrx_word' id='word_1_597' title='bbox 2826 3511 2995 3579; x_wconf 84' lang='grc' dir='ltr'>ὀλίγοι</span> <span class='ocrx_word' id='word_1_598' title='bbox 3024 3512 3160 3565; x_wconf 76' lang='grc' dir='ltr'>εἰσὶν</span> <span class='ocrx_word' id='word_1_599' title='bbox 3192 3512 3242 3565; x_wconf 86' lang='grc' dir='ltr'>οἱ</span> <span class='ocrx_word' id='word_1_600' title='bbox 3274 3512 3625 3583; x_wconf 70' lang='grc' dir='ltr'>εὑρίσκοντες</span> 
     </span>
    </p>
   </div>
   <div class='ocr_carea' id='block_1_82' title="bbox 2031 3599 3625 3676">
    <p class='ocr_par' dir='ltr' id='par_1_82' title="bbox 2031 3599 3625 3676">
     <span class='ocr_line' id='line_1_82' title="bbox 2031 3599 3625 3676; baseline 0.005 -25"><span class='ocrx_word' id='word_1_601' title='bbox 2031 3599 2131 3671; x_wconf 82' lang='grc' dir='ltr'>τὴν</span> <span class='ocrx_word' id='word_1_602' title='bbox 2161 3599 2297 3663; x_wconf 84' lang='grc' dir='ltr'>ὁδὸν,</span> <span class='ocrx_word' id='word_1_603' title='bbox 2328 3602 2491 3673; x_wconf 76' lang='grc' dir='ltr'>ἡμεῖς</span> <span class='ocrx_word' id='word_1_604' title='bbox 2518 3602 2751 3673; x_wconf 85' lang='grc' dir='ltr'>λέγομεν</span> <span class='ocrx_word' id='word_1_605' title='bbox 2781 3602 2908 3673; x_wconf 74' lang='grc' dir='ltr'>ἔθνη</span> <span class='ocrx_word' id='word_1_606' title='bbox 2936 3602 3106 3655; x_wconf 76' lang='grc' dir='ltr'>πολλὰ</span> <span class='ocrx_word' id='word_1_607' title='bbox 3146 3604 3625 3676; x_wconf 77' lang='grc' dir='ltr'>πορευθήσεσθαις</span> 
     </span>
    </p>
   </div>
   <div class='ocr_carea' id='block_1_83' title="bbox 2035 3688 3625 3765">
    <p class='ocr_par' dir='ltr' id='par_1_83' title="bbox 2035 3688 3625 3765">
     <span class='ocr_line' id='line_1_83' title="bbox 2035 3688 3625 3765; baseline 0.006 -25"><span class='ocrx_word' id='word_1_608' title='bbox 2035 3688 2158 3741; x_wconf 83' lang='grc' dir='ltr'>Ὅτι</span> <span class='ocrx_word' id='word_1_609' title='bbox 2204 3689 2384 3743; x_wconf 82' lang='grc' dir='ltr'>πάντα</span> <span class='ocrx_word' id='word_1_610' title='bbox 2441 3691 2509 3743; x_wconf 85' lang='grc' dir='ltr'><strong>τὰ</strong></span> <span class='ocrx_word' id='word_1_611' title='bbox 2543 3691 2672 3762; x_wconf 77' lang='grc' dir='ltr'>ἔθνη</span> <span class='ocrx_word' id='word_1_612' title='bbox 2732 3691 2873 3745; x_wconf 78' lang='grc' dir='ltr'>κατὰ</span> <span class='ocrx_word' id='word_1_613' title='bbox 2912 3690 3003 3746; x_wconf 87' lang='grc' dir='ltr'><strong>τὸν</strong></span> <span class='ocrx_word' id='word_1_614' title='bbox 3048 3691 3177 3746; x_wconf 75' lang='grc' dir='ltr'>ἴδιον</span> <span class='ocrx_word' id='word_1_615' title='bbox 3216 3692 3449 3765; x_wconf 79' lang='grc' dir='ltr'>ἀριθμὸν</span> <span class='ocrx_word' id='word_1_616' title='bbox 3510 3695 3625 3749; x_wconf 69' lang='grc' dir='ltr'><strong>τῶν</strong></span> 
     </span>
    </p>
   </div>
   <div class='ocr_carea' id='block_1_84' title="bbox 2032 3776 3622 3855">
    <p class='ocr_par' dir='ltr' id='par_1_84' title="bbox 2032 3776 3622 3855">
     <span class='ocr_line' id='line_1_84' title="bbox 2032 3776 3622 3855; baseline 0.005 -26"><span class='ocrx_word' id='word_1_617' title='bbox 2032 3776 2202 3830; x_wconf 85' lang='grc' dir='ltr'>ἐθνῶν</span> <span class='ocrx_word' id='word_1_618' title='bbox 2235 3778 2603 3850; x_wconf 82' lang='grc' dir='ltr'>εὐαρίθμητα,</span> <span class='ocrx_word' id='word_1_619' title='bbox 2650 3782 2700 3833; x_wconf 79' lang='lat' dir='ltr'><strong>ot</strong></span> <span class='ocrx_word' id='word_1_620' title='bbox 2737 3781 2793 3833; x_wconf 81' lang='grc' dir='ltr'>δὲ</span> <span class='ocrx_word' id='word_1_621' title='bbox 2840 3782 2897 3833; x_wconf 87' lang='grc' dir='ltr'><strong>ἐν</strong></span> <span class='ocrx_word' id='word_1_622' title='bbox 2937 3784 3049 3845; x_wconf 83' lang='grc' dir='ltr'>τοῖς</span> <span class='ocrx_word' id='word_1_623' title='bbox 3108 3781 3316 3835; x_wconf 78' lang='grc' dir='ltr'>ἔθνεσιν</span> <span class='ocrx_word' id='word_1_624' title='bbox 3344 3781 3622 3855; x_wconf 77' lang='grc' dir='ltr'>ἄνθρωποι</span> 
     </span>
    </p>
   </div>
   <div class='ocr_carea' id='block_1_85' title="bbox 2032 3867 3627 3944">
    <p class='ocr_par' dir='ltr' id='par_1_85' title="bbox 2032 3867 3627 3944">
     <span class='ocr_line' id='line_1_85' title="bbox 2032 3867 3627 3944; baseline 0.003 -22"><span class='ocrx_word' id='word_1_625' title='bbox 2032 3869 2238 3923; x_wconf 87' lang='grc' dir='ltr'>πολλοί.</span> <span class='ocrx_word' id='word_1_626' title='bbox 2292 3871 2555 3924; x_wconf 81' lang='grc' dir='ltr'>Ἐνταῦθα</span> <span class='ocrx_word' id='word_1_627' title='bbox 2595 3867 2688 3925; x_wconf 77' lang='grc' dir='ltr'>οὖν</span> <span class='ocrx_word' id='word_1_628' title='bbox 2730 3873 2759 3924; x_wconf 87' lang='grc' dir='ltr'>ὁ</span> <span class='ocrx_word' id='word_1_629' title='bbox 2786 3871 2945 3941; x_wconf 87' lang='grc' dir='ltr'>λόγος</span> <span class='ocrx_word' id='word_1_630' title='bbox 2977 3874 3161 3943; x_wconf 72' lang='grc' dir='ltr'>φησὶν,</span> <span class='ocrx_word' id='word_1_631' title='bbox 3209 3874 3289 3926; x_wconf 82' lang='grc' dir='ltr'>ὅτι</span> <span class='ocrx_word' id='word_1_632' title='bbox 3320 3873 3488 3926; x_wconf 86' lang='grc' dir='ltr'>πολλὰ</span> <span class='ocrx_word' id='word_1_633' title='bbox 3523 3876 3627 3944; x_wconf 81' lang='grc' dir='ltr'><strong>μὲν</strong></span> 
     </span>
    </p>
   </div>
   <div class='ocr_carea' id='block_1_86' title="bbox 2031 3961 3626 4038">
    <p class='ocr_par' dir='ltr' id='par_1_86' title="bbox 2031 3961 3626 4038">
     <span class='ocr_line' id='line_1_86' title="bbox 2031 3961 3626 4038; baseline 0.004 -24"><span class='ocrx_word' id='word_1_634' title='bbox 2031 3961 2160 4030; x_wconf 76' lang='grc' dir='ltr'>ἔθνη</span> <span class='ocrx_word' id='word_1_635' title='bbox 2203 3961 2347 4016; x_wconf 74' lang='grc' dir='ltr'>κατὰ</span> <span class='ocrx_word' id='word_1_636' title='bbox 2390 3963 2453 4015; x_wconf 83' lang='grc' dir='ltr'><strong>τὸ</strong></span> <span class='ocrx_word' id='word_1_637' title='bbox 2493 3963 2825 4032; x_wconf 81' lang='grc' dir='ltr'>Εὐαγγέλιον</span> <span class='ocrx_word' id='word_1_638' title='bbox 2878 3963 3026 4033; x_wconf 79' lang='grc' dir='ltr'>βιοῦν</span> <span class='ocrx_word' id='word_1_639' title='bbox 3069 3965 3425 4036; x_wconf 75' lang='grc' dir='ltr'>καταδέχεται</span> <span class='ocrx_word' id='word_1_640' title='bbox 3481 3968 3626 4038; x_wconf 65' lang='grc'><strong>(17),</strong></span> 
     </span>
    </p>
   </div>
   <div class='ocr_carea' id='block_1_87' title="bbox 2031 4055 3628 4130">
    <p class='ocr_par' dir='ltr' id='par_1_87' title="bbox 2031 4055 3628 4130">
     <span class='ocr_line' id='line_1_87' title="bbox 2031 4055 3628 4130; baseline 0.004 -23"><span class='ocrx_word' id='word_1_641' title='bbox 2031 4055 2151 4125; x_wconf 79' lang='grc' dir='ltr'>οὐχὶ</span> <span class='ocrx_word' id='word_1_642' title='bbox 2189 4057 2390 4109; x_wconf 76' lang='grc' dir='ltr'>πάνταο</span> <span class='ocrx_word' id='word_1_643' title='bbox 2456 4056 2562 4109; x_wconf 70' lang='grc' dir='ltr'>κᾶν</span> <span class='ocrx_word' id='word_1_644' title='bbox 2601 4057 2802 4120; x_wconf 82' lang='grc' dir='ltr'>πάντες</span> <span class='ocrx_word' id='word_1_645' title='bbox 2842 4058 3068 4121; x_wconf 79' lang='grc' dir='ltr'>ἑαυτοὺς</span> <span class='ocrx_word' id='word_1_646' title='bbox 3123 4057 3217 4112; x_wconf 74' lang='grc' dir='ltr'><strong>ἐπὶ</strong></span> <span class='ocrx_word' id='word_1_647' title='bbox 3270 4058 3348 4129; x_wconf 84' lang='grc' dir='ltr'><strong>τῷ</strong></span> <span class='ocrx_word' id='word_1_648' title='bbox 3393 4059 3628 4130; x_wconf 77' lang='grc' dir='ltr'>ὀνόματι</span> 
     </span>
    </p>
   </div>
   <div class='ocr_carea' id='block_1_88' title="bbox 2029 4144 3628 4221">
    <p class='ocr_par' dir='ltr' id='par_1_88' title="bbox 2029 4144 3628 4221">
     <span class='ocr_line' id='line_1_88' title="bbox 2029 4144 3628 4221; baseline 0.003 -23"><span class='ocrx_word' id='word_1_649' title='bbox 2029 4144 2125 4198; x_wconf 78' lang='grc' dir='ltr'>τοῦ</span> <span class='ocrx_word' id='word_1_650' title='bbox 2189 4145 2426 4217; x_wconf 85' lang='grc' dir='ltr'>Χριστοῦ</span> <span class='ocrx_word' id='word_1_651' title='bbox 2484 4146 2846 4218; x_wconf 80' lang='grc' dir='ltr'>ὀνομάζωσιν.</span> <span class='ocrx_word' id='word_1_652' title='bbox 2918 4148 2992 4200; x_wconf 77' lang='grc' dir='ltr'><strong>Οὐ</strong></span> <span class='ocrx_word' id='word_1_653' title='bbox 3064 4146 3170 4219; x_wconf 84' lang='grc' dir='ltr'>μὴν</span> <span class='ocrx_word' id='word_1_654' title='bbox 3215 4148 3404 4221; x_wconf 84' lang='grc' dir='ltr'>ἐπειδὴ</span> <span class='ocrx_word' id='word_1_655' title='bbox 3447 4150 3628 4204; x_wconf 78' lang='grc' dir='ltr'>πολλὰ</span> 
     </span>
    </p>
   </div>
   <div class='ocr_carea' id='block_1_89' title="bbox 2030 4235 3623 4313">
    <p class='ocr_par' dir='ltr' id='par_1_89' title="bbox 2030 4235 3623 4313">
     <span class='ocr_line' id='line_1_89' title="bbox 2030 4235 3623 4313; baseline 0.004 -24"><span class='ocrx_word' id='word_1_656' title='bbox 2030 4235 2346 4307; x_wconf 81' lang='grc' dir='ltr'>ἀριθμεῖται</span> <span class='ocrx_word' id='word_1_657' title='bbox 2381 4238 2450 4291; x_wconf 85' lang='grc' dir='ltr'>τὰ</span> <span class='ocrx_word' id='word_1_658' title='bbox 2482 4237 2633 4310; x_wconf 75' lang='grc' dir='ltr'>ἔθνη,</span> <span class='ocrx_word' id='word_1_659' title='bbox 2668 4239 2769 4311; x_wconf 70' lang='grc' dir='ltr'>ἤδη</span> <span class='ocrx_word' id='word_1_660' title='bbox 2810 4239 2903 4292; x_wconf 74' lang='grc' dir='ltr'><strong>καὶ</strong></span> <span class='ocrx_word' id='word_1_661' title='bbox 2938 4240 2987 4292; x_wconf 80' lang='grc' dir='ltr'>οἱ</span> <span class='ocrx_word' id='word_1_662' title='bbox 3026 4240 3148 4293; x_wconf 91' lang='grc' dir='ltr'>καθ’</span> <span class='ocrx_word' id='word_1_663' title='bbox 3179 4240 3274 4294; x_wconf 82' lang='grc' dir='ltr'><strong>ἕνα</strong></span> <span class='ocrx_word' id='word_1_664' title='bbox 3311 4242 3623 4313; x_wconf 83' lang='grc' dir='ltr'>ἄνθρωποι,</span> 
     </span>
    </p>
   </div>
   <div class='ocr_carea' id='block_1_90' title="bbox 2029 4327 3619 4407">
    <p class='ocr_par' dir='ltr' id='par_1_90' title="bbox 2029 4327 3619 4407">
     <span class='ocr_line' id='line_1_90' title="bbox 2029 4327 3619 4407; baseline 0.006 -27"><span class='ocrx_word' id='word_1_665' title='bbox 2029 4327 2142 4380; x_wconf 85' lang='grc' dir='ltr'>ὅσοι</span> <span class='ocrx_word' id='word_1_666' title='bbox 2170 4331 2236 4400; x_wconf 81' lang='grc' dir='ltr'>τῇ</span> <span class='ocrx_word' id='word_1_667' title='bbox 2286 4333 2439 4402; x_wconf 83' lang='grc' dir='ltr'>κοινῇ</span> <span class='ocrx_word' id='word_1_668' title='bbox 2481 4330 2824 4402; x_wconf 71' lang='grc' dir='ltr'>προσηγορίᾳ</span> <span class='ocrx_word' id='word_1_669' title='bbox 2870 4330 2966 4385; x_wconf 82' lang='grc' dir='ltr'>τοῦ</span> <span class='ocrx_word' id='word_1_670' title='bbox 3005 4331 3190 4397; x_wconf 82' lang='grc' dir='ltr'>ἔθνους</span> <span class='ocrx_word' id='word_1_671' title='bbox 3228 4335 3619 4407; x_wconf 83' lang='grc' dir='ltr'>συμπεριλαμ-</span> 
     </span>
    </p>
   </div>
   <div class='ocr_carea' id='block_1_91' title="bbox 338 4415 1915 4496">
    <p class='ocr_par' dir='ltr' id='par_1_91' title="bbox 338 4415 1915 4488">
     <span class='ocr_line' id='line_1_91' title="bbox 338 4415 1915 4488; baseline 0.001 -17"><span class='ocrx_word' id='word_1_672' title='bbox 338 4417 412 4471; x_wconf 85' lang='lat' dir='ltr'><strong>tis</strong></span> <span class='ocrx_word' id='word_1_673' title='bbox 457 4415 816 4486; x_wconf 88' lang='lat' dir='ltr'><strong>appellatione</strong></span> <span class='ocrx_word' id='word_1_674' title='bbox 868 4415 1440 4484; x_wconf 89' lang='lat' dir='ltr'><strong>comprehenduntur,</strong></span> <span class='ocrx_word' id='word_1_675' title='bbox 1503 4417 1647 4473; x_wconf 88' lang='lat' dir='ltr'><strong>hunc</strong></span> <span class='ocrx_word' id='word_1_676' title='bbox 1704 4418 1915 4488; x_wconf 88' lang='lat' dir='ltr'><strong>penitus</strong></span> 
     </span>
    </p>
   </div>
   <div class='ocr_carea' id='block_1_92' title="bbox 2039 4415 3614 4496">
    <p class='ocr_par' dir='ltr' id='par_1_92' title="bbox 2039 4419 3614 4496">
     <span class='ocr_line' id='line_1_92' title="bbox 2039 4419 3614 4496; baseline 0.005 -23"><span class='ocrx_word' id='word_1_677' title='bbox 2039 4419 2301 4486; x_wconf 74' lang='grc' dir='ltr'>Ξάνονται,</span> <span class='ocrx_word' id='word_1_678' title='bbox 2345 4423 2563 4486; x_wconf 82' lang='grc' dir='ltr'>πάντως</span> <span class='ocrx_word' id='word_1_679' title='bbox 2600 4421 2953 4476; x_wconf 77' lang='grc' dir='ltr'>ἀκολουθοῦσι</span> <span class='ocrx_word' id='word_1_680' title='bbox 2984 4423 3063 4494; x_wconf 82' lang='grc' dir='ltr'>τῷ</span> <span class='ocrx_word' id='word_1_681' title='bbox 3097 4424 3335 4496; x_wconf 84' lang='grc' dir='ltr'>ἀριθμῷ.</span> <span class='ocrx_word' id='word_1_682' title='bbox 3376 4426 3614 4482; x_wconf 79' lang='grc' dir='ltr'>Δύναται</span> 
     </span>
    </p>
   </div>
   <div class='ocr_carea' id='block_1_93' title="bbox 338 4507 1920 4581">
    <p class='ocr_par' dir='ltr' id='par_1_93' title="bbox 338 4507 1920 4581">
     <span class='ocr_line' id='line_1_93' title="bbox 338 4507 1920 4581; baseline 0.002 -18"><span class='ocrx_word' id='word_1_683' title='bbox 338 4522 628 4563; x_wconf 83' lang='lat' dir='ltr'><strong>numerum</strong></span> <span class='ocrx_word' id='word_1_684' title='bbox 663 4516 990 4577; x_wconf 88' lang='lat' dir='ltr'><strong>sequuntur.</strong></span> <span class='ocrx_word' id='word_1_685' title='bbox 1028 4507 1264 4562; x_wconf 84' lang='lat' dir='ltr'><strong>Possunt</strong></span> <span class='ocrx_word' id='word_1_686' title='bbox 1305 4509 1451 4565; x_wconf 90' lang='lat' dir='ltr'><strong>enim</strong></span> <span class='ocrx_word' id='word_1_687' title='bbox 1491 4521 1678 4581; x_wconf 88' lang='lat' dir='ltr'><strong>gentes</strong></span> <span class='ocrx_word' id='word_1_688' title='bbox 1726 4527 1920 4566; x_wconf 82' lang='lat' dir='ltr'><strong>nume-</strong></span> 
     </span>
    </p>
   </div>
   <div class='ocr_carea' id='block_1_94' title="bbox 335 4598 1916 4669">
    <p class='ocr_par' dir='ltr' id='par_1_94' title="bbox 335 4598 1916 4669">
     <span class='ocr_line' id='line_1_94' title="bbox 335 4598 1916 4669; baseline -0.001 -14"><span class='ocrx_word' id='word_1_689' title='bbox 335 4601 475 4667; x_wconf 82' lang='lat' dir='ltr'><strong>rari,</strong></span> <span class='ocrx_word' id='word_1_690' title='bbox 529 4600 910 4669; x_wconf 88' lang='lat' dir='ltr'><strong>Cappadocum</strong></span> <span class='ocrx_word' id='word_1_691' title='bbox 936 4638 952 4664; x_wconf 90' lang='lat'><strong>,</strong></span> <span class='ocrx_word' id='word_1_692' title='bbox 992 4609 1085 4655; x_wconf 90' lang='lat' dir='ltr'><strong>aut</strong></span> <span class='ocrx_word' id='word_1_693' title='bbox 1143 4598 1457 4655; x_wconf 87' lang='lat' dir='ltr'><strong>Galatarum</strong></span> <span class='ocrx_word' id='word_1_694' title='bbox 1478 4645 1492 4667; x_wconf 91' lang='lat'><strong>,</strong></span> <span class='ocrx_word' id='word_1_695' title='bbox 1522 4600 1916 4665; x_wconf 82' lang='lat' dir='ltr'><strong>Armenorum,</strong></span> 
     </span>
    </p>
   </div>
   <div class='ocr_carea' id='block_1_95' title="bbox 338 4690 1915 4763">
    <p class='ocr_par' dir='ltr' id='par_1_95' title="bbox 338 4690 1915 4763">
     <span class='ocr_line' id='line_1_95' title="bbox 338 4690 1915 4763; baseline 0.001 -17"><span class='ocrx_word' id='word_1_696' title='bbox 338 4691 646 4763; x_wconf 80' lang='lat' dir='ltr'><strong>Syriorum,</strong></span> <span class='ocrx_word' id='word_1_697' title='bbox 679 4701 773 4745; x_wconf 85' lang='lat' dir='ltr'><strong>aut</strong></span> <span class='ocrx_word' id='word_1_698' title='bbox 797 4690 1197 4760; x_wconf 62' lang='lat' dir='ltr'><strong>Egyptiorum,</strong></span> <span class='ocrx_word' id='word_1_699' title='bbox 1233 4692 1347 4757; x_wconf 86' lang='lat' dir='ltr'><strong>sic,</strong></span> <span class='ocrx_word' id='word_1_700' title='bbox 1377 4700 1436 4745; x_wconf 93' lang='lat' dir='ltr'><strong>ut</strong></span> <span class='ocrx_word' id='word_1_701' title='bbox 1470 4701 1546 4747; x_wconf 89' lang='lat' dir='ltr'><strong>tot</strong></span> <span class='ocrx_word' id='word_1_702' title='bbox 1573 4708 1694 4748; x_wconf 86' lang='lat' dir='ltr'><strong>esse</strong></span> <span class='ocrx_word' id='word_1_703' title='bbox 1722 4693 1915 4749; x_wconf 85' lang='lat' dir='ltr'><strong>dican-</strong></span> 
     </span>
    </p>
   </div>
   <div class='ocr_carea' id='block_1_96' title="bbox 2029 4512 3617 4585">
    <p class='ocr_par' dir='ltr' id='par_1_96' title="bbox 2029 4512 3617 4585">
     <span class='ocr_line' id='line_1_96' title="bbox 2029 4512 3617 4585; baseline 0.005 -20"><span class='ocrx_word' id='word_1_704' title='bbox 2029 4512 2126 4583; x_wconf 84' lang='grc' dir='ltr'>μὲν</span> <span class='ocrx_word' id='word_1_705' title='bbox 2157 4513 2267 4584; x_wconf 82' lang='grc' dir='ltr'><strong>γὰρ</strong></span> <span class='ocrx_word' id='word_1_706' title='bbox 2323 4512 2451 4584; x_wconf 76' lang='grc' dir='ltr'>ἔθνη</span> <span class='ocrx_word' id='word_1_707' title='bbox 2493 4513 2860 4585; x_wconf 80' lang='grc' dir='ltr'>ἀριθμεῖσθαι,</span> <span class='ocrx_word' id='word_1_708' title='bbox 2911 4514 2973 4567; x_wconf 82' lang='grc' dir='ltr'><strong>τὸ</strong></span> <span class='ocrx_word' id='word_1_709' title='bbox 3032 4516 3409 4570; x_wconf 84' lang='grc' dir='ltr'>Καππαδοκῶν</span> <span class='ocrx_word' id='word_1_710' title='bbox 3434 4557 3451 4581; x_wconf 92' lang='grc'><strong>,</strong></span> <span class='ocrx_word' id='word_1_711' title='bbox 3514 4521 3617 4572; x_wconf 74' lang='grc' dir='ltr'><strong>καὶ</strong></span> 
     </span>
    </p>
   </div>
   <div class='ocr_carea' id='block_1_97' title="bbox 2023 4606 3616 4682">
    <p class='ocr_par' dir='ltr' id='par_1_97' title="bbox 2023 4606 3616 4682">
     <span class='ocr_line' id='line_1_97' title="bbox 2023 4606 3616 4682; baseline 0.004 -24"><span class='ocrx_word' id='word_1_712' title='bbox 2023 4606 2280 4659; x_wconf 85' lang='grc' dir='ltr'>Γαλατῶν</span> <span class='ocrx_word' id='word_1_713' title='bbox 2300 4648 2314 4671; x_wconf 88' lang='grc'><strong>,</strong></span> <span class='ocrx_word' id='word_1_714' title='bbox 2356 4609 2454 4661; x_wconf 71' lang='grc' dir='ltr'>καὶ</span> <span class='ocrx_word' id='word_1_715' title='bbox 2511 4607 2811 4681; x_wconf 83' lang='grc' dir='ltr'>Ἀρμενίων</span> <span class='ocrx_word' id='word_1_716' title='bbox 2832 4648 2847 4673; x_wconf 92' lang='grc'><strong>,</strong></span> <span class='ocrx_word' id='word_1_717' title='bbox 2880 4608 2912 4679; x_wconf 83' lang='grc' dir='ltr'><strong>ἥ</strong></span> <span class='ocrx_word' id='word_1_718' title='bbox 2942 4608 3165 4681; x_wconf 87' lang='grc' dir='ltr'>Σύρων,</span> <span class='ocrx_word' id='word_1_719' title='bbox 3205 4610 3237 4682; x_wconf 80' lang='grc' dir='ltr'>ἢ</span> <span class='ocrx_word' id='word_1_720' title='bbox 3275 4612 3616 4680; x_wconf 79' lang='grc' dir='ltr'>Αἰγυπτίων,</span> 
     </span>
    </p>
   </div>
   <div class='ocr_carea' id='block_1_98' title="bbox 2024 4696 3622 4773">
    <p class='ocr_par' dir='ltr' id='par_1_98' title="bbox 2024 4696 3622 4773">
     <span class='ocr_line' id='line_1_98' title="bbox 2024 4696 3622 4773; baseline 0.004 -23"><span class='ocrx_word' id='word_1_721' title='bbox 2024 4696 2167 4751; x_wconf 83' lang='grc' dir='ltr'>ὥστε</span> <span class='ocrx_word' id='word_1_722' title='bbox 2188 4697 2447 4767; x_wconf 80' lang='grc' dir='ltr'>λέγεσθαι</span> <span class='ocrx_word' id='word_1_723' title='bbox 2478 4701 2667 4754; x_wconf 84' lang='grc' dir='ltr'>τοσάδε</span> <span class='ocrx_word' id='word_1_724' title='bbox 2691 4697 2830 4755; x_wconf 82' lang='grc' dir='ltr'>εἶναι</span> <span class='ocrx_word' id='word_1_725' title='bbox 2864 4700 2991 4772; x_wconf 76' lang='grc' dir='ltr'>ἔθνη</span> <span class='ocrx_word' id='word_1_726' title='bbox 3031 4702 3101 4767; x_wconf 67' lang='grc' dir='ltr'>τὰ</span> <span class='ocrx_word' id='word_1_727' title='bbox 3159 4702 3505 4773; x_wconf 80' lang='grc' dir='ltr'>πορευόμενα</span> <span class='ocrx_word' id='word_1_728' title='bbox 3559 4705 3622 4757; x_wconf 87' lang='grc' dir='ltr'><strong>ἐν</strong></span> 
     </span>
    </p>
   </div>
   <div class='ocr_carea' id='block_1_99' title="bbox 407 4811 1915 4923">
    <p class='ocr_par' dir='ltr' id='par_1_99' title="bbox 407 4847 1915 4923">
     <span class='ocr_line' id='line_1_99' title="bbox 407 4847 1915 4923; baseline 0 -18"><span class='ocrx_word' id='word_1_729' title='bbox 407 4850 455 4882; x_wconf 81' lang='grc'><strong>⁸⁵</strong></span> <span class='ocrx_word' id='word_1_730' title='bbox 483 4850 792 4923; x_wconf 42' lang='grc' dir='ltr'>Ηοδιοηιιι,</span> <span class='ocrx_word' id='word_1_731' title='bbox 817 4847 875 4923; x_wconf 55' lang='grc' dir='ltr'>ἦ.</span> <span class='ocrx_word' id='word_1_732' title='bbox 948 4848 995 4881; x_wconf 85' lang='grc'><strong>⁸⁷</strong></span> <span class='ocrx_word' id='word_1_733' title='bbox 1026 4847 1181 4920; x_wconf 83' lang='lat' dir='ltr'><strong>Joan.</strong></span> <span class='ocrx_word' id='word_1_734' title='bbox 1227 4849 1494 4923; x_wconf 81' lang='lat' dir='ltr'><strong>vtn,__56.</strong></span> <span class='ocrx_word' id='word_1_735' title='bbox 1571 4851 1618 4883; x_wconf 78' lang='grc'><strong>³⁸</strong></span> <span class='ocrx_word' id='word_1_736' title='bbox 1642 4851 1780 4907; x_wconf 87' lang='lat' dir='ltr'><strong>Gen.</strong></span> <span class='ocrx_word' id='word_1_737' title='bbox 1834 4869 1915 4908; x_wconf 73' lang='lat' dir='ltr'><strong>xu</strong></span> 
     </span>
    </p>
   </div>
   <div class='ocr_carea' id='block_1_100' title="bbox 2039 4811 3625 4923">
    <p class='ocr_par' dir='ltr' id='par_1_100' title="bbox 2039 4854 3625 4923">
     <span class='ocr_line' id='line_1_100' title="bbox 2039 4854 3625 4923; baseline 0.004 -15"><span class='ocrx_word' id='word_1_738' title='bbox 2039 4856 2071 4909; x_wconf 78' lang='grc' dir='ltr'>Ι.</span> <span class='ocrx_word' id='word_1_739' title='bbox 2147 4854 2246 4909; x_wconf 74' lang='lat' dir='ltr'><strong>l&quot;1</strong></span> <span class='ocrx_word' id='word_1_740' title='bbox 2284 4856 2429 4912; x_wconf 88' lang='lat' dir='ltr'><strong>Petr.</strong></span> <span class='ocrx_word' id='word_1_741' title='bbox 2481 4873 2542 4922; x_wconf 88' lang='lat' dir='ltr'><strong>ll,</strong></span> <span class='ocrx_word' id='word_1_742' title='bbox 2602 4856 2695 4912; x_wconf 73' lang='lat'><strong>22.</strong></span> <span class='ocrx_word' id='word_1_743' title='bbox 2769 4859 3009 4916; x_wconf 78' lang='lat' dir='ltr'><strong>&quot;Matth.</strong></span> <span class='ocrx_word' id='word_1_744' title='bbox 3045 4875 3195 4923; x_wconf 64' lang='grc' dir='ltr'>χχιιι,</span> <span class='ocrx_word' id='word_1_745' title='bbox 3234 4859 3315 4913; x_wconf 67' lang='grc'><strong>14.</strong></span> <span class='ocrx_word' id='word_1_746' title='bbox 3395 4859 3438 4891; x_wconf 89' lang='grc'><strong>³¹</strong></span> <span class='ocrx_word' id='word_1_747' title='bbox 3471 4858 3625 4914; x_wconf 78' lang='lat' dir='ltr'><strong>Psal.</strong></span> 
     </span>
    </p>
   </div>
   <div class='ocr_carea' id='block_1_101' title="bbox 336 4917 1851 4990">
    <p class='ocr_par' dir='ltr' id='par_1_101' title="bbox 336 4917 1851 4990">
     <span class='ocr_line' id='line_1_101' title="bbox 336 4917 1851 4990; baseline -0.001 -15"><span class='ocrx_word' id='word_1_748' title='bbox 336 4935 495 4987; x_wconf 78' lang='lat' dir='ltr'><strong>xvtn,</strong></span> <span class='ocrx_word' id='word_1_749' title='bbox 535 4921 591 4976; x_wconf 87' lang='lat'><strong>5.</strong></span> <span class='ocrx_word' id='word_1_750' title='bbox 666 4920 713 4951; x_wconf 82' lang='lat'><strong>&quot;</strong></span> <span class='ocrx_word' id='word_1_751' title='bbox 736 4919 882 4975; x_wconf 88' lang='lat' dir='ltr'><strong>Psal.</strong></span> <span class='ocrx_word' id='word_1_752' title='bbox 909 4917 1106 4984; x_wconf 74' lang='lat' dir='ltr'><strong>cxvut,</strong></span> <span class='ocrx_word' id='word_1_753' title='bbox 1139 4923 1192 4974; x_wconf 66' lang='grc' dir='ltr'><strong>τι.</strong></span> <span class='ocrx_word' id='word_1_754' title='bbox 1266 4921 1313 4953; x_wconf 73' lang='grc'>³³</span> <span class='ocrx_word' id='word_1_755' title='bbox 1338 4920 1529 4976; x_wconf 84' lang='lat' dir='ltr'><strong>Matth.</strong></span> <span class='ocrx_word' id='word_1_756' title='bbox 1575 4938 1677 4990; x_wconf 88' lang='lat' dir='ltr'><strong>vn,</strong></span> <span class='ocrx_word' id='word_1_757' title='bbox 1712 4924 1801 4978; x_wconf 75' lang='grc'>14.</span> <span class='ocrx_word' id='word_1_758' title='bbox 1843 4966 1851 4974; x_wconf 93' lang='grc'><strong>.</strong></span> 
     </span>
    </p>
   </div>
   <div class='ocr_carea' id='block_1_102' title="bbox 406 5022 1923 5136">
    <p class='ocr_par' dir='ltr' id='par_1_102' title="bbox 406 5022 1923 5136">
     <span class='ocr_line' id='line_1_102' title="bbox 406 5022 1923 5136; baseline 0.003 -19"><span class='ocrx_word' id='word_1_759' title='bbox 406 5063 525 5136; x_wconf 88' lang='grc'><strong>(11)</strong></span> <span class='ocrx_word' id='word_1_760' title='bbox 570 5059 660 5136; x_wconf 84' lang='lat' dir='ltr'><strong>lt_a_</strong></span> <span class='ocrx_word' id='word_1_761' title='bbox 703 5075 799 5136; x_wconf 76' lang='lat' dir='ltr'><strong>sex</strong></span> <span class='ocrx_word' id='word_1_762' title='bbox 841 5022 976 5119; x_wconf 81' lang='lat' dir='ltr'><strong>mss.</strong></span> <span class='ocrx_word' id='word_1_763' title='bbox 1019 5061 1092 5117; x_wconf 86' lang='lat' dir='ltr'><strong>At</strong></span> <span class='ocrx_word' id='word_1_764' title='bbox 1130 5061 1285 5136; x_wconf 75' lang='lat' dir='ltr'><strong>editi,</strong></span> <span class='ocrx_word' id='word_1_765' title='bbox 1319 5063 1583 5136; x_wconf 75' lang='grc' dir='ltr'>πλείονα.</span> <span class='ocrx_word' id='word_1_766' title='bbox 1630 5065 1923 5135; x_wconf 83' lang='lat' dir='ltr'><strong>Aliquanto</strong></span> 
     </span>
    </p>
   </div>
   <div class='ocr_carea' id='block_1_103' title="bbox 337 5133 1814 5204">
    <p class='ocr_par' dir='ltr' id='par_1_103' title="bbox 337 5133 1814 5204">
     <span class='ocr_line' id='line_1_103' title="bbox 337 5133 1814 5204; baseline 0.004 -19"><span class='ocrx_word' id='word_1_767' title='bbox 337 5133 867 5204; x_wconf 38' lang='lat' dir='ltr'><strong>posteanliquibus</strong></span> <span class='ocrx_word' id='word_1_768' title='bbox 895 5147 1029 5204; x_wconf 88' lang='lat' dir='ltr'><strong>mss.</strong></span> <span class='ocrx_word' id='word_1_769' title='bbox 1075 5134 1297 5204; x_wconf 87' lang='lat' dir='ltr'><strong>verbum</strong></span> <span class='ocrx_word' id='word_1_770' title='bbox 1325 5135 1458 5204; x_wconf 85' lang='grc' dir='ltr'>φησί</span> <span class='ocrx_word' id='word_1_771' title='bbox 1486 5133 1814 5191; x_wconf 82' lang='lat' dir='ltr'><strong>addidimus.</strong></span> 
     </span>
    </p>
   </div>
   <div class='ocr_carea' id='block_1_104' title="bbox 408 5200 1923 5297">
    <p class='ocr_par' dir='ltr' id='par_1_104' title="bbox 408 5200 1923 5297">
     <span class='ocr_line' id='line_1_104' title="bbox 408 5200 1923 5297; baseline 0.005 -42"><span class='ocrx_word' id='word_1_772' title='bbox 408 5200 662 5297; x_wconf 42' lang='grc' dir='ltr'><strong>φη)Ῐο</strong></span> <span class='ocrx_word' id='word_1_773' title='bbox 686 5202 894 5282; x_wconf 58' lang='grc' dir='ltr'>Κοριου</span> <span class='ocrx_word' id='word_1_774' title='bbox 917 5203 1182 5273; x_wconf 89' lang='lat' dir='ltr'><strong>scriptum</strong></span> <span class='ocrx_word' id='word_1_775' title='bbox 1214 5200 1540 5297; x_wconf 61' lang='lat' dir='ltr'><strong>ollend&#39;imus</strong></span> <span class='ocrx_word' id='word_1_776' title='bbox 1571 5205 1623 5260; x_wconf 91' lang='lat' dir='ltr'><strong>in</strong></span> <span class='ocrx_word' id='word_1_777' title='bbox 1649 5206 1923 5277; x_wconf 88' lang='lat' dir='ltr'><strong>aliquibus</strong></span> 
     </span>
    </p>
   </div>
   <div class='ocr_carea' id='block_1_105' title="bbox 338 5272 1918 5415">
    <p class='ocr_par' dir='ltr' id='par_1_105' title="bbox 338 5272 1918 5415">
     <span class='ocr_line' id='line_1_105' title="bbox 338 5272 1756 5343; baseline 0.004 -18"><span class='ocrx_word' id='word_1_778' title='bbox 338 5286 469 5326; x_wconf 86' lang='lat' dir='ltr'><strong>mss.</strong></span> <span class='ocrx_word' id='word_1_779' title='bbox 483 5272 509 5335; x_wconf 51' lang='grc'>,“</span> <span class='ocrx_word' id='word_1_780' title='bbox 529 5272 792 5343; x_wconf 61' lang='grc' dir='ltr'>Χριστοῦ.</span> <span class='ocrx_word' id='word_1_781' title='bbox 1034 5272 1047 5273; x_wconf 29' lang='grc' dir='ltr'><strong>ί</strong></span> <span class='ocrx_word' id='word_1_782' title='bbox 1243 5284 1249 5297; x_wconf 85' lang='lat'><em>‘</em></span> <span class='ocrx_word' id='word_1_783' title='bbox 1743 5272 1756 5277; x_wconf 78' lang='grc'><em>’</em></span> 
     </span>
     <span class='ocr_line' id='line_1_106' title="bbox 412 5341 1918 5415; baseline 0.005 -21"><span class='ocrx_word' id='word_1_784' title='bbox 412 5341 522 5412; x_wconf 83' lang='grc'>(15)</span> <span class='ocrx_word' id='word_1_785' title='bbox 550 5342 711 5415; x_wconf 89' lang='lat' dir='ltr'><strong>Editi_</strong></span> <span class='ocrx_word' id='word_1_786' title='bbox 737 5352 792 5415; x_wconf 81' lang='lat' dir='ltr'><strong>et</strong></span> <span class='ocrx_word' id='word_1_787' title='bbox 832 5356 964 5415; x_wconf 84' lang='lat' dir='ltr'><strong>mss.</strong></span> <span class='ocrx_word' id='word_1_788' title='bbox 1017 5342 1284 5415; x_wconf 77' lang='lat' dir='ltr'><strong>nonnulli,</strong></span> <span class='ocrx_word' id='word_1_789' title='bbox 1324 5343 1413 5415; x_wconf 81' lang='grc' dir='ltr'>ἐπ’</span> <span class='ocrx_word' id='word_1_790' title='bbox 1445 5343 1628 5399; x_wconf 80' lang='grc' dir='ltr'>αὐτόν.</span> <span class='ocrx_word' id='word_1_791' title='bbox 1670 5345 1739 5398; x_wconf 86' lang='lat' dir='ltr'><strong>At</strong></span> <span class='ocrx_word' id='word_1_792' title='bbox 1783 5345 1918 5415; x_wconf 85' lang='lat' dir='ltr'><strong>Reg.</strong></span> 
     </span>
    </p>
   </div>
   <div class='ocr_carea' id='block_1_106' title="bbox 340 5411 1917 5482">
    <p class='ocr_par' dir='ltr' id='par_1_106' title="bbox 340 5411 1917 5482">
     <span class='ocr_line' id='line_1_107' title="bbox 340 5411 1917 5482; baseline 0.003 -18"><span class='ocrx_word' id='word_1_793' title='bbox 340 5411 646 5482; x_wconf 85' lang='lat' dir='ltr'><strong>qnartnset</strong></span> <span class='ocrx_word' id='word_1_794' title='bbox 671 5411 823 5482; x_wconf 72' lang='lat' dir='ltr'><strong>Coll).</strong></span> <span class='ocrx_word' id='word_1_795' title='bbox 852 5414 1060 5481; x_wconf 88' lang='lat' dir='ltr'><strong>primus</strong></span> <span class='ocrx_word' id='word_1_796' title='bbox 1081 5422 1137 5466; x_wconf 89' lang='lat' dir='ltr'><strong>et</strong></span> <span class='ocrx_word' id='word_1_797' title='bbox 1160 5413 1325 5467; x_wconf 83' lang='lat' dir='ltr'><strong>editio</strong></span> <span class='ocrx_word' id='word_1_798' title='bbox 1354 5413 1621 5480; x_wconf 78' lang='lat' dir='ltr'><strong>Romana,</strong></span> <span class='ocrx_word' id='word_1_799' title='bbox 1647 5417 1735 5469; x_wconf 86' lang='grc' dir='ltr'>ἐπ’</span> <span class='ocrx_word' id='word_1_800' title='bbox 1765 5411 1917 5482; x_wconf 72' lang='grc' dir='ltr'>αὐτό,</span> 
     </span>
    </p>
   </div>
   <div class='ocr_carea' id='block_1_107' title="bbox 341 5481 1923 5578">
    <p class='ocr_par' dir='ltr' id='par_1_107' title="bbox 341 5481 1923 5578">
     <span class='ocr_line' id='line_1_108' title="bbox 341 5481 1923 5578; baseline 0.006 -45"><span class='ocrx_word' id='word_1_801' title='bbox 341 5481 1063 5578; x_wconf 32' lang='grc' dir='ltr'><strong>ιρέηρὲῃθροῄΑΥἻερὶξιιι-ομ</strong></span> <span class='ocrx_word' id='word_1_802' title='bbox 1092 5482 1243 5537; x_wconf 84' lang='lat' dir='ltr'><strong>illum</strong></span> <span class='ocrx_word' id='word_1_803' title='bbox 1265 5493 1517 5552; x_wconf 86' lang='lat' dir='ltr'><strong>montem,</strong></span> <span class='ocrx_word' id='word_1_804' title='bbox 1553 5487 1773 5542; x_wconf 84' lang='lat' dir='ltr'><strong>rectius.</strong></span> <span class='ocrx_word' id='word_1_805' title='bbox 1799 5481 1923 5542; x_wconf 55' lang='lat' dir='ltr'><strong>Mos</strong></span> 
     </span>
    </p>
   </div>
   <div class='ocr_carea' id='block_1_108' title="bbox 340 5550 1814 5699">
    <p class='ocr_par' dir='ltr' id='par_1_108' title="bbox 340 5550 1814 5699">
     <span class='ocr_line' id='line_1_109' title="bbox 340 5550 1509 5622; baseline 0 -16"><span class='ocrx_word' id='word_1_806' title='bbox 340 5557 456 5606; x_wconf 78' lang='lat' dir='ltr'><strong>tres</strong></span> <span class='ocrx_word' id='word_1_807' title='bbox 474 5550 638 5616; x_wconf 67' lang='lat' dir='ltr'><strong>mss.,</strong></span> <span class='ocrx_word' id='word_1_808' title='bbox 666 5550 847 5605; x_wconf 85' lang='grc' dir='ltr'>Πολλὰ</span> <span class='ocrx_word' id='word_1_809' title='bbox 870 5551 1100 5622; x_wconf 84' lang='grc' dir='ltr'>προῖὼν.</span> <span class='ocrx_word' id='word_1_810' title='bbox 1503 5550 1509 5552; x_wconf 46' lang='grc'><em>“</em></span> 
     </span>
     <span class='ocr_line' id='line_1_110' title="bbox 411 5618 1814 5699; baseline 0.006 -26"><span class='ocrx_word' id='word_1_811' title='bbox 548 5620 735 5699; x_wconf 47' lang='grc' dir='ltr'><strong>-ιξιρβιτι</strong></span> <span class='ocrx_word' id='word_1_812' title='bbox 763 5637 858 5676; x_wconf 80' lang='lat' dir='ltr'><strong>sex</strong></span> <span class='ocrx_word' id='word_1_813' title='bbox 893 5638 1025 5699; x_wconf 80' lang='lat' dir='ltr'><strong>mss.</strong></span> <span class='ocrx_word' id='word_1_814' title='bbox 1056 5623 1395 5691; x_wconf 86' lang='lat' dir='ltr'><strong>simpliciter,</strong></span> <span class='ocrx_word' id='word_1_815' title='bbox 1416 5626 1474 5699; x_wconf 83' lang='grc' dir='ltr'><strong>ἐν</strong></span> <span class='ocrx_word' id='word_1_816' title='bbox 1499 5625 1575 5699; x_wconf 83' lang='grc' dir='ltr'>τῷ</span> <span class='ocrx_word' id='word_1_817' title='bbox 1603 5626 1814 5699; x_wconf 82' lang='grc' dir='ltr'>κόσμῳ.</span> 
     </span>
    </p>
   </div>
   <div class='ocr_carea' id='block_1_109' title="bbox 411 5618 1922 5788">
    <p class='ocr_par' dir='ltr' id='par_1_109' title="bbox 411 5618 1922 5788">
     <span class='ocr_line' id='line_1_111' title="bbox 439 5618 1814 5699; baseline 0.007 -27"><span class='ocrx_word' id='word_1_818' title='bbox 439 5619 503 5672; x_wconf 72' lang='lat' dir='ltr'><strong>ﬂ</strong></span> <span class='ocrx_word' id='word_1_819' title='bbox 558 5620 735 5675; x_wconf 83' lang='lat' dir='ltr'><strong>Nostri</strong></span> <span class='ocrx_word' id='word_1_820' title='bbox 763 5637 858 5676; x_wconf 80' lang='lat' dir='ltr'><strong>sex</strong></span> <span class='ocrx_word' id='word_1_821' title='bbox 893 5618 1025 5677; x_wconf 81' lang='lat' dir='ltr'><strong>mss.</strong></span> <span class='ocrx_word' id='word_1_822' title='bbox 1056 5623 1395 5691; x_wconf 84' lang='lat' dir='ltr'><strong>simpliciter,</strong></span> <span class='ocrx_word' id='word_1_823' title='bbox 1416 5626 1474 5679; x_wconf 87' lang='grc' dir='ltr'><strong>ἐν</strong></span> <span class='ocrx_word' id='word_1_824' title='bbox 1499 5625 1575 5679; x_wconf 85' lang='grc' dir='ltr'><strong>τῶ</strong></span> <span class='ocrx_word' id='word_1_825' title='bbox 1603 5626 1814 5699; x_wconf 84' lang='grc' dir='ltr'>κόσμῳ.</span> 
     </span>
     <span class='ocr_line' id='line_1_112' title="bbox 411 5618 1922 5788; baseline 0.007 -45"><span class='ocrx_word' id='word_1_826' title='bbox 411 5618 846 5784; x_wconf 31' lang='grc' dir='ltr'>ξιῦίβᾲρίσουω</span> <span class='ocrx_word' id='word_1_827' title='bbox 883 5693 1053 5751; x_wconf 80' lang='lat' dir='ltr'><strong>tribus</strong></span> <span class='ocrx_word' id='word_1_828' title='bbox 1076 5707 1232 5765; x_wconf 84' lang='lat' dir='ltr'><strong>mss.,</strong></span> <span class='ocrx_word' id='word_1_829' title='bbox 1262 5679 1625 5784; x_wconf 70' lang='grc' dir='ltr'>πορευόμεθα.</span> <span class='ocrx_word' id='word_1_830' title='bbox 1653 5699 1768 5788; x_wconf 76' lang='lat' dir='ltr'><strong>Alii</strong></span> <span class='ocrx_word' id='word_1_831' title='bbox 1792 5709 1922 5788; x_wconf 73' lang='lat' dir='ltr'><strong>tres,</strong></span> 
     </span>
    </p>
   </div>
   <div class='ocr_carea' id='block_1_110' title="bbox 2026 5067 3622 5141">
    <p class='ocr_par' dir='ltr' id='par_1_110' title="bbox 2026 5067 3622 5141">
     <span class='ocr_line' id='line_1_113' title="bbox 2026 5067 3622 5141; baseline 0.003 -19"><span class='ocrx_word' id='word_1_832' title='bbox 2026 5067 2443 5141; x_wconf 83' lang='grc' dir='ltr'>πολιτευόμεθα.</span> <span class='ocrx_word' id='word_1_833' title='bbox 2501 5067 2614 5125; x_wconf 85' lang='lat' dir='ltr'><strong>Hoc</strong></span> <span class='ocrx_word' id='word_1_834' title='bbox 2643 5086 2710 5124; x_wconf 89' lang='lat' dir='ltr'><strong>an</strong></span> <span class='ocrx_word' id='word_1_835' title='bbox 2748 5070 2840 5125; x_wconf 89' lang='lat' dir='ltr'><strong>illo</strong></span> <span class='ocrx_word' id='word_1_836' title='bbox 2887 5071 3047 5125; x_wconf 88' lang='lat' dir='ltr'><strong>modo</strong></span> <span class='ocrx_word' id='word_1_837' title='bbox 3090 5080 3281 5125; x_wconf 81' lang='lat' dir='ltr'><strong>auctor</strong></span> <span class='ocrx_word' id='word_1_838' title='bbox 3310 5071 3622 5141; x_wconf 78' lang='lat' dir='ltr'><strong>scripserit.</strong></span> 
     </span>
    </p>
   </div>
   <div class='ocr_carea' id='block_1_111' title="bbox 2029 5140 3629 5211">
    <p class='ocr_par' dir='ltr' id='par_1_111' title="bbox 2029 5140 3629 5211">
     <span class='ocr_line' id='line_1_114' title="bbox 2029 5140 3629 5211; baseline 0.001 -17"><span class='ocrx_word' id='word_1_839' title='bbox 2029 5140 2211 5195; x_wconf 86' lang='lat' dir='ltr'><strong>nescio</strong></span> <span class='ocrx_word' id='word_1_840' title='bbox 2233 5141 2449 5211; x_wconf 80' lang='lat' dir='ltr'><strong>quidem</strong></span> <span class='ocrx_word' id='word_1_841' title='bbox 2476 5158 2490 5194; x_wconf 89' lang='lat'><strong>:</strong></span> <span class='ocrx_word' id='word_1_842' title='bbox 2517 5143 2610 5194; x_wconf 83' lang='lat' dir='ltr'><strong>sed</strong></span> <span class='ocrx_word' id='word_1_843' title='bbox 2657 5157 2761 5195; x_wconf 91' lang='lat' dir='ltr'><strong>non</strong></span> <span class='ocrx_word' id='word_1_844' title='bbox 2800 5142 3006 5208; x_wconf 88' lang='lat' dir='ltr'><strong>dubito,</strong></span> <span class='ocrx_word' id='word_1_845' title='bbox 3044 5145 3175 5211; x_wconf 85' lang='lat' dir='ltr'><strong>quin</strong></span> <span class='ocrx_word' id='word_1_846' title='bbox 3214 5140 3446 5209; x_wconf 81' lang='lat' dir='ltr'><strong>utraque</strong></span> <span class='ocrx_word' id='word_1_847' title='bbox 3481 5160 3629 5197; x_wconf 77' lang='lat' dir='ltr'><strong>scri-</strong></span> 
     </span>
    </p>
   </div>
   <div class='ocr_carea' id='block_1_112' title="bbox 2025 5209 2655 5280">
    <p class='ocr_par' dir='ltr' id='par_1_112' title="bbox 2025 5209 2655 5280">
     <span class='ocr_line' id='line_1_115' title="bbox 2025 5209 2655 5280; baseline 0.003 -18"><span class='ocrx_word' id='word_1_848' title='bbox 2025 5218 2184 5280; x_wconf 83' lang='lat' dir='ltr'><strong>ptura</strong></span> <span class='ocrx_word' id='word_1_849' title='bbox 2218 5209 2431 5263; x_wconf 86' lang='lat' dir='ltr'><strong>admitti</strong></span> <span class='ocrx_word' id='word_1_850' title='bbox 2461 5211 2655 5280; x_wconf 84' lang='lat' dir='ltr'><strong>possit.</strong></span> 
     </span>
    </p>
   </div>
   <div class='ocr_carea' id='block_1_113' title="bbox 2098 5279 3623 5352">
    <p class='ocr_par' dir='ltr' id='par_1_113' title="bbox 2098 5279 3623 5352">
     <span class='ocr_line' id='line_1_116' title="bbox 2098 5279 3623 5352; baseline 0.001 -19"><span class='ocrx_word' id='word_1_851' title='bbox 2098 5280 2212 5352; x_wconf 82' lang='grc'><strong>(16)</strong></span> <span class='ocrx_word' id='word_1_852' title='bbox 2244 5281 2347 5335; x_wconf 89' lang='lat' dir='ltr'><strong>Pro</strong></span> <span class='ocrx_word' id='word_1_853' title='bbox 2380 5279 2491 5352; x_wconf 87' lang='lat' dir='ltr'><strong>illo,</strong></span> <span class='ocrx_word' id='word_1_854' title='bbox 2525 5282 2617 5352; x_wconf 78' lang='grc' dir='ltr'>ἐπὶ</span> <span class='ocrx_word' id='word_1_855' title='bbox 2635 5279 2759 5352; x_wconf 80' lang='grc' dir='ltr'>τοῦ,</span> <span class='ocrx_word' id='word_1_856' title='bbox 2793 5280 3055 5352; x_wconf 88' lang='lat' dir='ltr'><strong>scriptum</strong></span> <span class='ocrx_word' id='word_1_857' title='bbox 3088 5281 3390 5348; x_wconf 89' lang='lat' dir='ltr'><strong>reperimus</strong></span> <span class='ocrx_word' id='word_1_858' title='bbox 3422 5281 3476 5334; x_wconf 93' lang='lat' dir='ltr'><strong>in</strong></span> <span class='ocrx_word' id='word_1_859' title='bbox 3511 5283 3623 5335; x_wconf 85' lang='lat' dir='ltr'><strong>ali-</strong></span> 
     </span>
    </p>
   </div>
   <div class='ocr_carea' id='block_1_114' title="bbox 2010 5350 2660 5420">
    <p class='ocr_par' dir='ltr' id='par_1_114' title="bbox 2010 5350 2660 5420">
     <span class='ocr_line' id='line_1_117' title="bbox 2010 5350 2660 5420; baseline 0 -17"><span class='ocrx_word' id='word_1_860' title='bbox 2010 5350 2225 5420; x_wconf 80' lang='lat' dir='ltr'><strong>quibus</strong></span> <span class='ocrx_word' id='word_1_861' title='bbox 2257 5365 2415 5413; x_wconf 88' lang='lat' dir='ltr'><strong>mss.,</strong></span> <span class='ocrx_word' id='word_1_862' title='bbox 2455 5351 2550 5402; x_wconf 77' lang='grc' dir='ltr'><strong>ἐπὶ</strong></span> <span class='ocrx_word' id='word_1_863' title='bbox 2582 5351 2660 5403; x_wconf 87' lang='grc' dir='ltr'><strong>τό.</strong></span> 
     </span>
    </p>
   </div>
   <div class='ocr_carea' id='block_1_115' title="bbox 2099 5419 3626 5492">
    <p class='ocr_par' dir='ltr' id='par_1_115' title="bbox 2099 5419 3626 5492">
     <span class='ocr_line' id='line_1_118' title="bbox 2099 5419 3626 5492; baseline -0.001 -17"><span class='ocrx_word' id='word_1_864' title='bbox 2099 5420 2212 5492; x_wconf 88' lang='lat' dir='ltr'><strong>(l7)</strong></span> <span class='ocrx_word' id='word_1_865' title='bbox 2243 5420 2469 5474; x_wconf 90' lang='lat' dir='ltr'><strong>Codices</strong></span> <span class='ocrx_word' id='word_1_866' title='bbox 2494 5431 2748 5492; x_wconf 80' lang='lat' dir='ltr'><strong>quatuor,</strong></span> <span class='ocrx_word' id='word_1_867' title='bbox 2776 5420 3158 5492; x_wconf 80' lang='grc' dir='ltr'>καταδέξεται.</span> <span class='ocrx_word' id='word_1_868' title='bbox 3193 5419 3304 5474; x_wconf 80' lang='lat' dir='ltr'><strong>Nec</strong></span> <span class='ocrx_word' id='word_1_869' title='bbox 3335 5419 3406 5472; x_wconf 90' lang='lat' dir='ltr'><strong>ita</strong></span> <span class='ocrx_word' id='word_1_870' title='bbox 3444 5421 3626 5473; x_wconf 78' lang='lat' dir='ltr'><strong>multo</strong></span> 
     </span>
    </p>
   </div>
   <div class='ocr_carea' id='block_1_116' title="bbox 2030 5490 3618 5563">
    <p class='ocr_par' dir='ltr' id='par_1_116' title="bbox 2030 5490 3618 5563">
     <span class='ocr_line' id='line_1_119' title="bbox 2030 5490 3618 5563; baseline 0 -20"><span class='ocrx_word' id='word_1_871' title='bbox 2030 5490 2151 5563; x_wconf 73' lang='lat' dir='ltr'><strong>poSt</strong></span> <span class='ocrx_word' id='word_1_872' title='bbox 2182 5504 2317 5563; x_wconf 67' lang='lat' dir='ltr'><strong>mss.</strong></span> <span class='ocrx_word' id='word_1_873' title='bbox 2346 5501 2601 5563; x_wconf 61' lang='lat' dir='ltr'><strong>quatuor,</strong></span> <span class='ocrx_word' id='word_1_874' title='bbox 2631 5490 2994 5563; x_wconf 71' lang='grc' dir='ltr'>δνομάζωσιν.</span> <span class='ocrx_word' id='word_1_875' title='bbox 3024 5491 3163 5545; x_wconf 79' lang='lat' dir='ltr'><strong>Editi</strong></span> <span class='ocrx_word' id='word_1_876' title='bbox 3191 5505 3459 5563; x_wconf 37' lang='lat' dir='ltr'><strong>cum‘uno</strong></span> <span class='ocrx_word' id='word_1_877' title='bbox 3486 5507 3618 5563; x_wconf 56' lang='lat' dir='ltr'><strong>nisu,</strong></span> 
     </span>
    </p>
   </div>
   <div class='ocr_carea' id='block_1_117' title="bbox 2027 5557 3631 5681">
    <p class='ocr_par' dir='ltr' id='par_1_117' title="bbox 2027 5557 3631 5681">
     <span class='ocr_line' id='line_1_120' title="bbox 2027 5557 3631 5681; baseline 0.002 -70"><span class='ocrx_word' id='word_1_878' title='bbox 2027 5558 2408 5681; x_wconf 62' lang='lat' dir='ltr'><strong>gvottdCOUGtV.</strong></span> <span class='ocrx_word' id='word_1_879' title='bbox 2453 5560 2693 5617; x_wconf 84' lang='lat' dir='ltr'><strong>Subinde</strong></span> <span class='ocrx_word' id='word_1_880' title='bbox 2725 5557 2930 5633; x_wconf 79' lang='lat' dir='ltr'><strong>aliquot</strong></span> <span class='ocrx_word' id='word_1_881' title='bbox 2960 5575 3117 5626; x_wconf 85' lang='lat' dir='ltr'><strong>mss.,</strong></span> <span class='ocrx_word' id='word_1_882' title='bbox 3157 5561 3206 5614; x_wconf 90' lang='grc' dir='ltr'>οἱ</span> <span class='ocrx_word' id='word_1_883' title='bbox 3239 5557 3363 5614; x_wconf 84' lang='grc' dir='ltr'>καθ’</span> <span class='ocrx_word' id='word_1_884' title='bbox 3394 5557 3494 5613; x_wconf 72' lang='grc' dir='ltr'>ἕνα</span> <span class='ocrx_word' id='word_1_885' title='bbox 3519 5560 3631 5633; x_wconf 67' lang='grc' dir='ltr'><strong>ἃνῇ</strong></span> 
     </span>
     <span class='ocr_line' id='line_1_121' title="bbox 2067 5644 2721 5681; baseline 0 0"><span class='ocrx_word' id='word_1_886' title='bbox 2067 5644 2264 5681; x_wconf 85' lang='grc' dir='ltr'>οωπον.</span> <span class='ocrx_word' id='word_1_887' title='bbox 2705 5664 2721 5670; x_wconf 64' lang='grc' dir='ltr'>τ-</span> 
     </span>
    </p>
   </div>
   <div class='ocr_carea' id='block_1_118' title="bbox 2065 5644 2721 5700">
    <p class='ocr_par' dir='ltr' id='par_1_118' title="bbox 2065 5644 2721 5700">
     <span class='ocr_line' id='line_1_122' title="bbox 2065 5644 2721 5700; baseline 0.005 -19"><span class='ocrx_word' id='word_1_888' title='bbox 2065 5646 2144 5700; x_wconf 89' lang='grc' dir='ltr'><strong>ρω</strong></span> <span class='ocrx_word' id='word_1_889' title='bbox 2151 5644 2264 5684; x_wconf 81' lang='grc' dir='ltr'>πον.</span> <span class='ocrx_word' id='word_1_890' title='bbox 2705 5664 2721 5670; x_wconf 62' lang='grc' dir='ltr'>ττ</span> 
     </span>
    </p>
   </div>
  </div>
