3828 6216
247 307 357 363 237

1126 302 1482 360 COMMENT.
1521 303 1590 360 IN
1626 304 1865 362 ISAIAM
1903 301 2351 360 PROPHETAM.
2392 303 2545 361 CAP.
2581 305 2647 361 Il.

3397 304 3492 364 23!

250 429 334 496 τῷ
367 427 516 498 νόμῳ
553 425 784 497 Κυρίουο
823 424 884 476 οὐ
929 424 1034 496 μὴν
1072 424 1194 479 καθ’
1246 425 1476 480 ἕκαστον
1529 428 1678 492 ἔθνος
1711 429 1834 491 τοὺς

1939 437 2026 481 tur
2071 435 2280 492 gentes,
2310 441 2428 496 qua:
2469 427 2522 481 in
2568 425 2776 482 Domini
2828 425 2942 498 lege
2971 424 3246 480 ambulent
3278 441 3292 477 :
3331 441 3501 496 nequo.

249 519 752 588 ὲμπεριεχομένους
785 515 1104 588 ἀνθρώπους
1159 518 1464 588 συμφώνως
1497 519 1589 573 τὸν
1613 521 1713 590 τῆς
1737 539 1834 574 πο-

249 612 458 674 λιτείας
497 609 700 662 σκοπὸν
753 609 1169 680 καταδέχεσθαι.
1215 611 1302 674 Ὠς
1331 613 1428 682 μὲν
1459 609 1552 666 οὖν
1591 615 1727 686 πρὸς
1763 617 1832 670 τὰ

248 709 622 778 ἑϐδομήκοντα
675 705 768 759 δύο
811 705 975 774 ἔθνη,
1023 704 1056 776 ἢ
1099 704 1271 758 ὁπόσα
1313 704 1510 775 δήποτε
1549 706 1688 759 κατὰ
1731 707 1832 777 τὴν

246 800 578 869 οἰκουμένην
613 798 829 851 ἃπασαν
873 794 1272 868 ἀριθμούμενα,
1305 796 1475 849 πολλὰ
1503 797 1571 850 τὰ
1600 798 1830 869 πορευό-

252 909 393 960 μενα
429 893 526 962 τὴν
562 893 618 944 ἐν
670 893 736 960 τῇ
779 888 890 960 ζωῇ
928 888 1174 958 πορείανο
1214 888 1290 952 ὡς
1315 889 1372 941 δὲ
1409 890 1544 960 πρὸς
1577 890 1667 942 τὸν
1711 890 1828 942 ὅλον

244 980 360 1032 τῶν
383 980 475 1032 ἐπὶ
508 980 610 1049 γῆς
663 978 964 1049 ἀνθρώπων
1004 977 1255 1049 ἀριθμὸν,
1290 978 1458 1047 ὀλίγοι
1496 979 1545 1030 οἱ
1589 976 1829 1049 σωζόμε-

246 1091 353 1126 νοι·
385 1072 530 1126 οὕτω
569 1073 662 1125 καὶ
697 1071 804 1142 (i8)
847 1071 908 1123 τὸ
943 1070 1272 1139 Εὑαγγὲλιον
1327 1070 1598 1141 ἀληθεύει,
1664 1071 1756 1124 καὶ
1793 1073 1827 1142 ὴ

248 1165 558 1235 προφητεία
589 1165 650 1216 οὐ
680 1163 931 1234 μάχεται.
966 1161 1168 1218 Πάντα
1191 1162 1261 1216 τὰ
1283 1161 1426 1229 ἔθνη
1462 1162 1828 1216 δουλεύσου-

245 1271 354 1308 σιν
395 1253 576 1319 αὐτῷ,
608 1255 1044 1326 προσκυνήσουσι
1081 1253 1138 1306 δὲ
1183 1252 1290 1306 ἀπὸ
1329 1253 1438 1323 (l9)
1477 1254 1585 1308 τῶν
1619 1254 1825 1306 πολλῶν

243 1345 439 1412 ὀλίγοι·
473 1343 721 1409 Πάντες,
752 1345 938 1415 φησιν,
971 1346 1024 1396 ol
1059 1343 1340 1409 βασιλεῖς
1366 1343 1476 1412 τῆς
1505 1343 1635 1413 γῆς.
1670 1346 1779 1398 Καὶ
1798 1346 1826 1397 ὁ

245 1435 506 1503 Σοφονίας
524 1451 538 1464 ⁸
571 1434 827 1499 Ἥξουσι
858 1435 964 1488 τοῦ
989 1433 1301 1489 δουλεύειν
1323 1437 1484 1502 αὐτῷ
1509 1436 1627 1492 ὑπὸ
1649 1437 1825 1506 ζυγὸν

243 1526 375 1580 ἕνα.

317 1617 406 1671 69.
438 1615 547 1672 Καὶ
584 1617 811 1685 ἐροῦσιο
847 1617 1022 1672 Δεῦτε
1050 1617 1148 1672 καὶ
1175 1617 1581 1686 ἀναϐῶμενεις
1600 1619 1663 1672 τὸ
1689 1621 1823 1686 ὅρος

241 1707 354 1760 τοῦ
390 1708 629 1775 Κιιρίου,
678 1708 777 1761 καὶ
800 1709 886 1774 εὶς
919 1708 1026 1761 τὸν
1065 1705 1232 1762 οἷκον
1258 1707 1364 1762 τοῦ
1396 1709 1544 1764 Θεοῦ
1599 1711 1816 1764 Ἰακώϐ.

242 1797 307 1848 ΟΞ
334 1797 736 1866 προκόπτοντες
766 1800 831 1868 τῇ
853 1796 1073 1865 γνώσει,
1105 1799 1269 1852 οἱονεὶ
1313 1800 1820 1871 προκαταλαϐόντες

241 1886 311 1938 τὰ
337 1887 483 1952 ἄνω,
525 1887 919 1958 προκαλοῦνται
968 1892 1045 1953 είς
1074 1889 1172 1960 τὴν
1205 1892 1397 1960 ὁμοίαν
1436 1893 1648 1956 ἑαυτοῖς
1687 1893 1819 1946 ἀνά-

240 1977 404 2030 ϐασιν
433 1980 558 2043 τοὺς
580 1978 660 2031 ἔτι
693 1979 1202 2052 ἐμφιλοχωροῦντας
1242 1981 1354 2052 (ΞΟ)
1389 1984 1518 2052 περὶ
1551 1983 1619 2036 τὰ
1650 1985 1820 2051 κάτω,

241 2073 340 2126 καὶ
376 2074 496 2134 ταῖς
521 2074 802 2136 ταπειναῖς
831 2072 924 2125 τοῦ
986 2072 1098 2142 βίου
1132 2074 1421 2144 μερίμναις
1474 2075 1818 2147 προσδιατρί-

241 2163 459 2226 ϐοντας.
499 2160 558 2216 Ὀ
587 2161 934 2234 συνεγερθεὶς
960 2161 1039 2233 τῷ
1076 2163 1318 2234 Χριστῷ,
1349 2164 1444 2216 καὶ
1489 2164 1556 2218 τὰ
1587 2164 1697 2218 ἄνω
1723 2167 1818 2235 ζη-

240 2253 374 2314 τῶν,
418 2253 654 2307 καλείτω
690 2255 816 2316 τοὺς
850 2253 919 2306 τά
955 2255 1173 2322 ἐπίγεια
1206 2254 1554 2326 φρονοῦντας,
1579 2256 1674 2308 καὶ
1708 2274 1820 2326 χει-

243 2344 568 2411 ραγωγείτω
623 2343 800 2396 αὐτῶν
829 2342 897 2394 τὰ
931 2344 1177 2414 νοήματα
1227 2344 1364 2414 πρὸς
1395 2344 1464 2398 τὰ
1495 2345 1627 2398 ἀνω.
1672 2345 1822 2398 Ἐπεὶ

239 2433 405 2504 διπλῆ
429 2435 513 2496 τίς
547 2436 692 2487 ἐστιν
722 2433 1060 2505 ήσωματικὴ
1090 2433 1226 2505 πρὸς
1256 2433 1317 2485 τὸ
1343 2434 1467 2505 ὅρος
1501 2435 1704 2504 σχέσις·
1726 2433 1821 2487 νῦν

242 2527 346 2594 μὲν
390 2524 450 2589 ἐξ
491 2525 775 2596 ὑπωρειῶν
815 2526 909 2578 ἐπὶ
947 2527 1188 2596 κορυφὴν
1219 2526 1495 2579 ἀνιόντων·
1545 2525 1640 2578 νῦν
1669 2524 1725 2577 δὲ
1756 2525 1820 2577 ὲκ

237 2618 341 2686 τῆς
371 2617 679 2688 ἀκρωρείας
716 2616 1150 2670 καταϐαινόντων
1188 2616 1282 2668 ἐπὶ
1343 2617 1468 2679 τοὺς
1523 2615 1818 2686 πρόποδας,

238 2706 388 2759 κατὰ
422 2706 520 2777 τὴν
579 2707 834 2779 διάφορον
894 2707 990 2760 τοῦ
1034 2707 1284 2779 σώματος
1319 2710 1532 2780 σχέσιν,
1569 2711 1666 2763 καὶ
1720 2712 1818 2782 τῆς

241 2798 376 2868 παρ’
415 2797 572 2867 ἡμῶν
623 2798 904 2869 ἐνεργείας
931 2799 1202 2870 διαφόρως
1239 2800 1652 2872 ἐπιτελουμένης.
1698 2803 1820 2872 Μή-

243 2906 375 2942 ποτε
402 2889 460 2942 δὲ
492 2891 553 2943 τὸ
579 2890 797 2945 διπλοῦν
844 2891 1000 2945 τοῦτο
1034 2893 1143 2962 (Ἡ)
1191 2894 1289 2965 τῆς
1333 2894 1573 2957 ἐπινοίας
1619 2893 1715 2948 καὶ
1749 2897 1815 2965 τῇ

237 2981 522 3052 οἰκονομίᾳ
548 2982 645 3052 τῆς
666 2981 1082 3053 ἀνθρωπότητος
1124 2983 1426 3055 ἐφαρμόσει
1445 3024 1460 3049 ,
1509 2983 1647 3038 ὥστε
1679 2989 1818 3039 νοεῖν

1852 1770 1895 1825 Β

1933 518 2098 590 429
2122 528 2295 574 tamen
2330 519 2582 575 concordi
2608 520 2787 574 animo
2807 519 2874 571 ab
2893 518 3196 572 hominibus
3214 533 3349 588 quos
3370 536 3505 572 una-

1933 625 2156 679 quatque
2192 626 2325 680 gens
2377 611 2772 681 complectitur,
2802 609 2948 663 illam
2980 610 3194 662 vivendi
3239 610 3504 664 rationem

1932 702 2140 756 admitti
2168 703 2394 758 dixeris.
2427 703 2494 756 Et
2523 717 2649 757 vero
2673 702 2815 772 quod
2845 701 3036 754 attinet
3063 701 3128 754 ad
3157 701 3503 770 septuaginta

1931 793 2064 849 duas
2098 804 2304 862 gentes,
2336 804 2429 848 aut
2465 803 2729 864 quotquot
2768 803 3122 847 numerantur
3154 809 3250 862 per
3285 795 3504 847 univer‘

1929 899 2046 937 sum
2092 871 2316 949 orbem,
2351 885 2529 941 multae
2570 895 2714 949 sunt,
2758 900 2877 954 quae
2930 887 2984 939 in
3035 883 3192 952 hujus
3241 886 3365 940 vita:
3415 886 3500 939 via

1930 975 2292 1044 gradiuntur:
2341 979 2484 1047 quod
2535 988 2714 1031 autem
2767 985 2972 1046 spectat
3007 978 3072 1030 ad
3114 977 3376 1047 integrum
3403 977 3502 1032 lio-

1929 1067 2132 1120 minum
2165 1069 2216 1121 in
2249 1077 2388 1122 terra
2416 1069 2706 1124 viventium
2732 1084 3036 1134 numerum,
3065 1069 3226 1135 pauci
3254 1078 3382 1123 sunt
3409 1071 3499 1139 qui

1928 1158 2155 1212 salutem
2179 1168 2604 1228 consequantur;
2632 1161 2766 1214 adeo
2792 1176 2976 1215 verum
3009 1170 3095 1214 est
3122 1160 3494 1231 Evangelium,

1929 1265 2024 1303 nec
2063 1263 2262 1321 pugnat
2302 1253 2600 1322 prophetia.
2650 1251 2841 1306 Omnes
2877 1263 3049 1323 gentes
3093 1253 3307 1307 servient
3345 1253 3494 1320 ei“,

1926 1343 2376 1396 adorabuntvem
2415 1357 2445 1396 e
2488 1341 2670 1397 multis
2692 1343 3113 1412 pauci:0mnes,
3137 1343 3328 1412 inquit,
3354 1360 3496 1414 rege;

1925 1441 2074 1484 terra:
2101 1431 2169 1484 ⁸⁸.
2198 1431 2265 1484 Et
2299 1431 2604 1501 Sophonias
2647 1450 2660 1485 :
2703 1414 2917 1486 Veniant
2952 1441 3008 1486 ut
3055 1436 3279 1489 serviant
3323 1436 3370 1490 ei
3401 1440 3496 1490 sub

1913 1523 2045 1592 jugo
2069 1539 2171 1577 uno
2195 1525 2262 1580 9°.

1993 1615 2082 1672 69.
2110 1614 2177 1668 Et
2203 1618 2374 1671 dicent
2411 1634 2430 1672 :
2487 1617 2664 1672 Venite
2702 1629 2749 1670 et
2793 1621 3137 1674 ascendame
3170 1624 3244 1674 ad
3271 1632 3498 1676 montem

1924 1706 2161 1771 Domini,
2187 1719 2234 1762 et
2262 1711 2330 1762 ad
2355 1709 2567 1763 domum
2602 1712 2698 1764 Dei
2739 1711 2928 1766 Jacob.
2969 1711 3071 1780 Qui
3110 1714 3163 1767 in
3191 1714 3498 1783 cognitione

1923 1817 2267 1872 progressum
2303 1802 2529 1863 faciunt,
2559 1803 2711 1871 quasi
2743 1803 2854 1872 jam
2893 1818 3122 1872 superna
3145 1815 3496 1874 occupantes,

1921 1909 2014 1948 eos
2050 1895 2138 1964 qui
2167 1894 2344 1948 adhuc
2369 1895 2528 1948 rebus
2565 1895 2766 1948 inlimis
2807 1895 3092 1960 inhaerent,
3125 1905 3287 1965 atque
3319 1897 3499 1950 humi-

1922 1983 2062 2038 libus
2083 1985 2204 2037 vitze
2231 1984 2688 2039 sollicitudinibus
2717 1985 3095 2051 immorantur,
3114 1986 3180 2042 ad
3211 2003 3497 2042 ascensum

1922 2088 2020 2129 sno
2076 2075 2313 2144 ipsorum
2372 2077 2618 2131 ascensui
2665 2078 2892 2132 similem
2947 2078 3196 2136 invitant.
3232 2081 3332 2148 Qui
3374 2097 3497 2137 cum

1922 2167 2155 2228 Christo,
2177 2173 2472 2223 resurrexit
2497 2209 2512 2232 ,
2541 2179 2595 2223 et
2635 2185 2754 2238 quae
2797 2185 3013 2225 sursum
3049 2183 3174 2226 sunt
3209 2174 3402 2243 quatrit
3427 2176 3494 2239 θ’,

1923 2271 2176 2329 provocet
2206 2277 2300 2316 eos
2327 2262 2416 2330 qui
2445 2272 2656 2317 terrena
2687 2264 2924 2332 sapiunt,
2957 2278 3254 2334 eorumque
3283 2267 3498 2324 animos

1921 2353 1986 2405 ad
2021 2369 2250 2423 superna
2282 2355 2424 2408 velut
2464 2369 2622 2408 manu
2671 2357 2850 2410 ducat.
2890 2356 3023 2410 Cum
3073 2357 3269 2425 duplex
3312 2359 3385 2415 sit
3427 2361 3496 2416 ad

1923 2453 2158 2499 montem
2192 2445 2446 2500 habitudo
2487 2447 2785 2516 corporalis
2812 2455 2828 2501 :
2870 2462 3011 2501 nunc
3043 2448 3258 2516 quidem
3287 2464 3315 2502 a
3345 2465 3498 2505 mon-

1923 2534 1991 2591 tis
2020 2537 2290 2591 radicibus
2329 2539 2396 2591 ad
2437 2539 2694 2594 verticem
2725 2540 3070 2604 ascenditur,
3101 2553 3246 2594 nunc
3274 2555 3400 2595 vero
3429 2543 3498 2597 ab

1919 2629 2036 2697 ejus
2067 2630 2272 2684 vertice
2294 2630 2360 2684 ad
2393 2630 2555 2684 imam
2584 2641 2791 2698 partem
2815 2631 3344 2699 descenditurJuxta
3377 2649 3500 2688 cor-

1920 2720 2068 2787 poris
2101 2731 2154 2774 et
2197 2721 2450 2787 actionis,
2486 2737 2648 2790 quam
2688 2737 2787 2776 nos
2837 2723 2988 2777 varie
3034 2723 3386 2790 absolvimus,
3418 2726 3499 2779 di-

1922 2821 2134 2862 versam
2174 2809 2840 2866 habitudinem.Fortasse
2866 2820 3048 2865 autem
3083 2812 3278 2882 duplex
3313 2813 3500 2868 isthzec

1921 2899 2173 2969 allegoria
2213 2915 2276 2956 ac
2317 2901 2682 2956 consideratio
2732 2905 3019 2958 conveniet
3044 2905 3207 2958 etiam
3247 2904 3497 2960 humana:

1922 3002 2129 3047 naturae
2181 2993 2598 3064 dispensationi;
2632 2994 2706 3048 ita
2758 3005 2816 3048 ut
2849 2995 3240 3051 humanitatem
3286 3012 3500 3052 assum-

239 3076 392 3143 ἡμᾶς
416 3073 540 3144 ὅρος
569 3074 668 3145 τὴν
697 3073 1127 3145 ἐνανθρώπησινο
1149 3075 1241 3129 νῦν
1271 3077 1368 3146 μὲν
1390 3077 1488 3147 τῆς
1513 3077 1711 3148 σαρκὸς
1730 3077 1814 3131 διὰ

1928 3093 2064 3151 ptam
2098 3093 2331 3139 montem
2361 3099 2480 3140 esse
2515 3085 3034 3155 intelligamus,cum
3067 3102 3194 3143 caro
3221 3105 3317 3158 per
3342 3104 3496 3143 suam
3549 3085 3552 3089 ’

1921 3189 2043 3229 cum
2076 3174 2186 3230 Deo
2208 3175 2645 3246 conjunctionem
2671 3177 2831 3232 modo
2859 3178 2924 3231 ad
2952 3178 3148 3232 coelum
3178 3193 3350 3249 usque
3372 3195 3498 3235 eve-

235 3166 341 3234 τῆς
400 3166 537 3237 πρὸς
579 3165 711 3219 Θεὸν
751 3165 1042 3240 συναφείας
1093 3169 1174 3231 είς
1222 3167 1451 3239 οὐρανὸν
1490 3167 1816 3239 ὑψουμὲνης,

238 3229 338 3309 νῦν
381 3229 456 3309 δὲ’
485 3258 584 3328 τῆς
631 3229 909 3327 036153110;-
933 3229 1031 3312 διὰῖ
1061 3229 1165 3331 τῆς
1200 3229 1337 3331 πρός
1371 3261 1432 3314 τὸ
1480 3229 1819 3334 ἀνθρωπινυόν

238 3348 529 3412 κοινωνίας
557 3349 1086 3424 ὲπικαταϐαινούσης
1124 3353 1235 3415 τοῖς
1267 3346 1370 3406 ὦδε
1401 3352 1533 3425 (22).

313 3530 401 3586 70.
434 3530 611 3585 Δεῦτε
629 3531 726 3584 καί
749 3532 1076 3602 ἀναδῶμεν.
1107 3533 1442 3606 Προσϐὦμεν
1467 3534 1543 3607 τῷ
1566 3534 1690 3606 ὕψει
1718 3537 1820 3607 τῆς

239 3621 544 3691 θεολογίας,
587 3625 695 3678 ἀπὸ
727 3626 821 3679 τοῦ
863 3627 1068 3690 πάθους
1110 3628 1400 3698 ἀρχόμενοι
1428 3629 1560 3700 (25).
1597 3630 1707 3685 Καὶ
1733 3634 1822 3696 εἰς

237 3715 351 3769 τὸν
374 3711 545 3769 οἷκον
579 3715 686 3769 τοῦ
722 3716 870 3769 Θεοῦ
905 3714 1126 3770 Ἰακώϐ.
1169 3717 1453 3788 Ἀνωτέρω
1487 3718 1586 3789 μὲν
1618 3721 1646 3772 ὁ
1674 3715 1820 3784 οἶκος

239 3803 431 3868 ἀπλῶς
486 3803 700 3875 εἴρηται
749 3804 856 3858 τοῦ
911 3804 1079 3870 Θεοῦ,
1125 3805 1359 3858 ἐνταῦθα
1408 3806 1484 3872 δὲ,
1525 3803 1687 3874 οἶκος
1713 3809 1820 3863 τοῦ

241 3895 392 3949 Θεοῦ
423 3894 646 3948 Ἰακώϐ.
680 3895 777 3958 Τίς
813 3889 907 3948 οὖν
940 3897 974 3965 ἡ
1015 3896 1199 3961 αίτία;
1229 3898 1300 3949 Ἦ
1340 3896 1448 3969 γὰρ
1484 3899 1601 3952 ἐκεῖ
1623 3899 1817 3964 λείπει,

237 3989 272 4057 ἢ
323 3985 557 4040 ἐνταῦθα
611 3986 896 4058 παρέλκει.
953 3986 1092 4040 Ἀλλ’
1139 3987 1290 4041 οὐδὲν
1336 3989 1505 4060 ἀργὸν
1560 3990 1667 4044 τῶν
1725 3991 1819 4044 τοῦ

239 4079 578 4150 Πνεόματος.
609 4079 856 4131 Δείκνυσι
889 4077 996 4150 γὰρ
1019 4081 1046 4130 ὁ
1078 4079 1254 4148 λόγος,
1291 4081 1372 4132 ὃτι
1398 4083 1452 4133 αἱ
1488 4081 1585 4151 μὲν
1609 4080 1821 4153 πρῶται

241 4169 678 4239 συγκαταθέσεις
710 4171 852 4224 κατὰ
900 4170 1000 4232 τὰς
1036 4170 1222 4234 κοινὰς
1260 4171 1388 4242 περὶ
1428 4172 1563 4224 Θεοῦ
1611 4173 1818 4244 προλή-

235 4265 361 4334 ψεις
390 4263 629 4332 γίνονται
647 4281 660 4294 ·
689 4264 750 4317 τὸ
775 4264 833 4317 δὲ
861 4263 1089 4334 ἀκριϐὲς
1116 4264 1212 4334 τῆς
1243 4265 1480 4329 πίστεως
1499 4266 1818 4331 τελειοῦται,

236 4355 616 4427 τρανουμένης
656 4356 758 4426 ἤδη
791 4358 848 4408 ὲν
886 4358 1008 4418 ταῖς
1047 4355 1294 4427 καρδίαις
1333 4354 1442 4408 τῶν
1489 4359 1823 4427 προκοπτόν-

1920 3263 2121 3319 hatur:
2157 3265 2317 3320 modo
2345 3280 2476 3320 vero
2506 3266 2764 3322 divinitas
2806 3276 2993 3336 utpote
3025 3269 3094 3323 ad
3139 3280 3348 3326 natura:
3396 3272 3497 3324 hu-

1921 3371 2092 3412 manae
2132 3356 2600 3428 participationem
2646 3372 2770 3414 sese
2821 3358 3145 3424 demittens,
3179 3360 3247 3414 ad
3310 3371 3496 3416 nostra

1920 3449 2231 3504 descendat.

1991 3540 2082 3594 7e.
2119 3538 2310 3594 Venite
2332 3547 2383 3595 et
2416 3540 2781 3595 ostendamus.
2813 3539 3150 3596 Accedamtts
3188 3542 3256 3597 ad
3289 3543 3497 3599 theolo-

1933 3629 2032 3701 giae
2056 3629 2330 3700 fastigium
2352 3666 2370 3694 ,
2403 3639 2619 3700 sumpto
2650 3645 2680 3685 a
2707 3630 2960 3700 passione
2987 3630 3163 3686 initio.
3202 3630 3271 3686 Et
3301 3634 3370 3686 ad
3396 3635 3495 3688 do-

1920 3738 2063 3775 mum
2101 3721 2200 3774 Dei
2247 3721 2433 3775 Jacob.
2466 3721 2726 3790 Superius
2751 3721 2969 3792 quidem
2999 3723 3197 3778 domus
3225 3725 3492 3794 simplici-

1924 3821 2008 3866 ter
2040 3813 2183 3867 dieta
2215 3821 2339 3876 est,
2371 3811 2466 3865 Dei
2496 3824 2514 3865 :
2551 3813 2641 3867 hic
2689 3823 2872 3868 autem
2893 3851 2907 3878 ,
2941 3815 3130 3868 damus
3179 3814 3277 3870 Dei
3301 3815 3494 3872 Iacob.

1922 3903 2058 3970 Quid
2091 3903 2255 3973 igitur
2285 3904 2499 3958 causae?
2537 3905 2642 3958 Aut
2685 3905 2832 3958 enim
2882 3903 2994 3959 illic
3039 3919 3142 3960 vox
3177 3907 3292 3962 haec
3319 3908 3492 3964 deﬁt:

1921 4005 2013 4047 aut
2044 3995 2130 4048 hic
2165 3993 2459 4048 redundat.
2489 3993 2689 4049 Verum
2722 3995 2857 4050 nihil
2892 3995 3125 4051 otiosum
3151 4007 3234 4053 est
3279 3998 3333 4052 in
3375 3997 3498 4069 Spi-

1922 4086 2058 4138 ritus
2085 4086 2257 4138 sancti
2286 4084 2488 4140 verbis.
2515 4084 2762 4140 Ostendit
2787 4087 2929 4141 enim
2957 4085 3261 4157 Scriptura,
3289 4093 3498 4158 primas

1922 4177 2262 4231 assensiones
2306 4175 2422 4229 ﬁeri
2467 4190 2565 4244 per
2596 4191 2910 4234 communes
2938 4179 3030 4234 Dei
3087 4183 3494 4249 praenotiones;
3530 4178 3534 4183 ’

1925 4267 2109 4336 perlici
2140 4282 2271 4321 vero
2296 4266 2512 4336 plenam
2541 4277 2596 4321 et
2619 4267 2886 4337 integrant
2927 4269 3111 4334 ﬁdem,
3142 4287 3264 4325 eum
3288 4273 3402 4342 jam
3440 4275 3494 4328 in

1923 4376 2108 4415 eorum
2139 4361 2228 4430 qui
2281 4360 2590 4431 cognitione
2620 4361 2915 4429 proficiunt
2943 4363 3200 4418 cordibus
3246 4367 3495 4435 preprie-

233 4450 351 4502 τῶν
381 4449 476 4502 ἐπὶ
497 4448 596 4519 τὴν
619 4449 820 4516 γνῶσιν
849 4447 950 4517 τῆς
982 4447 1243 4519 ἰδιότητος
1274 4447 1386 4518 (24)
1415 4448 1508 4501 τοῦ
1534 4449 1690 4502 Θεοῦ.
1721 4451 1819 4505 Διά

1928 4465 2006 4508 tas
2071 4455 2163 4509 Dei
2210 4455 2498 4524 detegitur.
2538 4452 2880 4524 Quapropter
2919 4455 2987 4508 iis
3021 4455 3242 4524 quidem
3281 4457 3374 4525 qui
3413 4459 3497 4510 in-

234 4538 399 4592 τοῦτο
423 4539 535 4600 τοῖς
564 4536 662 4608 μὲν
692 4537 1070 4609 εἰσαγομένοις
1103 4539 1183 4601 εἰς
1220 4537 1421 4607 γνῶσιν
1453 4539 1639 4605 ἁπλῶς
1665 4542 1818 4613 εἴρη-

1925 4546 2277 4600 troducuntur
2314 4545 2379 4598 ad
2416 4546 2557 4599 banc
2594 4545 2994 4615 cognitionem,
3021 4545 3224 4600 dictum
3253 4557 3338 4602 est
3359 4551 3495 4604 sim-

307 4655 357 4689 “
388 4654 534 4711 Psal.
578 4670 725 4720 Lm,
768 4654 856 4709 11.
931 4654 979 4686 ”
1002 4653 1134 4709 ibid.
1209 4655 1257 4688 "
1286 4654 1452 4726 Soph.
1488 4673 1572 4723 ιιι,
1612 4658 1666 4716 9.
1743 4659 1837 4715 "(

1928 4676 2023 4716 )ss.
2060 4675 2142 4723 ιιι,
2176 4659 2226 4727 1,
2255 4659 2291 4712 2

311 4809 428 4877 (l8)
458 4809 536 4863 ita
558 4808 966 4881 emendavimus
991 4823 1021 4863 e
1045 4808 1368 4881 quibusdam
1402 4825 1538 4865 mss.
1574 4809 1630 4864 ln
1665 4812 1816 4881 prius

235 4882 404 4938 editis
433 4881 692 4948 mendose
730 4879 952 4948 legitur,
979 4880 1142 4932 κατά.

309 4952 425 5018 (l9)
448 4945 595 5002 Inter
623 4945 841 5003 voculas
865 4949 1004 5009 illas,
1024 4948 1080 5018 δέ
1100 4947 1292 5012 ειάπό,
1313 4948 1627 5003 adverbium
1655 4948 1816 5004 πάλιν

233 5022 288 5076 in
322 5017 500 5074 tribus
528 5033 660 5072 mss.
691 5019 980 5073 invenitur.
1009 5017 1130 5071 Mox
1161 5021 1288 5072 editi
1306 5035 1426 5072 cum
1453 5020 1624 5073 tribus
1656 5037 1813 5086 mss.,

229 5087 638 5163 ἥξουσα-φησί.
675 5088 835 5163 Deest
865 5088 1002 5163 φησί
1029 5089 1080 5140 ἰιι
1117 5087 1252 5163 aliis-
1270 5089 1442 5163 tribus
1477 5103 1609 5142 mss.

303 5161 422 5230 (20)
455 5157 693 5230 [iterque
713 5157 945 5230 Golb.ret
967 5158 1101 5227 Reg.
1130 5157 1814 5230 ιενιὶυε,φιλοχωροῦντας.

305 5226 424 5298 (21)
473 5226 553 5282 Ita
603 5226 670 5283 ex
723 5228 896 5281 tribus
926 5226 1073 5298 intss.
1119 5226 1818 5298 etnentlavimus:'Legitur

225 5291 577 5384 eoi-inple'in
614 5298 850 5384 excusis,
884 5297 1110 5384 Μήποτε
1143 5291 1250 5377 οὖν.
1266 5291 1814 5384 τὸτδέπλοιξνιτούτου.

303 5359 421 5439 (22)
485 5359 1126 5439 ’Eagwatatiatrodo’ng
1152 5365 1278 5432 τοῖς
1306 5359 1459 5439 έῖιδε,
1510 5366 1592 5439 Ad
1641 5380 1820 5422 nostra

223 5435 530 5492 descendit.
568 5437 696 5503 Ejus
738 5438 887 5491 verbi
914 5435 1222 5505 exemplum
1245 5452 1276 5490 a
1306 5435 1570 5491 Thesauri
1597 5450 1821 5494 auctore

228 5508 420 5578 quaeri
446 5517 599 5578 n_otat
635 5507 1017 5578 Combetisius.

319 5577 433 5648 (9.3)
472 5575 578 5649 Pro
617 5576 910 5649 ἀρχόμενοι
936 5575 1131 5643 legitur
1156 5573 1211 5629 in
1241 5573 1514 5649 aliquib_us
1540 5577 1822 5649 _mss._,__dtpg

235 5644 486 5718 ξάμενοι.
523 5644 668 5717 Ejus'
701 5644 802 5699 loci
830 5647 1061 5718 limeest
1093 5645 1402 5718 sententia:
1429 5644 1506 5699 Ex
1540 5645 1727 5718 humili
1753 5644 1822 5700 ad

263 5714 491 5774 ubitmia
535 5714 914 5774 ascendamus.
957 5714 1068 5771 Hoc
1094 5724 1175 5772 est
1201 5731 1214 5768 :
1241 5715 1287 5769 A
1330 5725 1524 5772 natura
1558 5717 1820 5784 humana,

1922 4827 2042 4878 qua:
2076 4826 2233 4880 passa
2270 4821 2375 4875 est,
2427 4810 2787 4880 ascendamus
2825 4810 2894 4865 ad
2949 4819 3199 4866 naturam
3233 4813 3494 4880 divinam,

1921 4899 2042 4951 qua:
2076 4879 2180 4948 pati
2231 4897 2334 4951 non
2394 4890 2588 4944 potest.
2632 4879 2862 4935 Mentem
2895 4881 3497 4950 scriptorismssecntus

1923 4949 2027 5004 non
2055 4953 2233 5004 fuerat
2260 4949 2599 5010 'i'ilmannus,
2644 4952 2769 5002 dum
2798 4951 2878 5004 sic
2905 4949 3145 5004 verterat
3176 4969 3190 5004 :
3219 4951 3303 5005 Αιι
3335 4953 3500 5006 subli-

1921 5022 2152 5073 mitatem
2204 5019 2475 5086 theologia:
2517 5021 2940 5087 progrediamur,
2974 5029 3181 5090 sumpto
3209 5026 3424 5076 exordio
3463 5042 3496 5076 a

1921 5092 2238 5158 repressione
2257 5099 2366 5154 pert
2376 5090 2924 5158 urbationum‘animi.

2001 5159 2107 5221 ’24)
2144 5161 2321 5211 Codex
2372 5156 2564 5228 Frai,
2607 5167 2660 5228 et
2700 5156 2833 5227 Reg.
2870 5168 3095 5228 quartus
3142 5176 3264 5214 cum
3313 5161 3495 5224 editis,

1918 5228 2016 5298 τῆς
2060 5229 2381 5298 ἀῖδιότητος.
2436 5226 2572 5298 liinc
2618 5226 2956 5298 Tilmanmis,
3002 5228 3347 5298 Sempiterme
3402 5231 3498 5283 Dei

1919 5296 2146 5351 natum.
2180 5296 2344 5351 Paulo
2378 5296 2567 5351 melius
2597 5297 2733 5368 alter
2763 5297 3009 5352 Combef.
3037 5310 3091 5351 et
3123 5296 3495 5368 apographum

1922 5368 2203 5438 Anglicum
2253 5368 2306 5420 in
2359 5366 2770 5438 inargine,_'rﬁc;
2819 5366 3167 5438 ᾁγιότητοςζ
3197 5366 3497 5429 sanctitatis

1923 5434 2041 5508 Dei.
2077 5439 2146 5491 At
2175 5447 2385 5491 veteres
2438 5434 2560 5489 libri
2583 5434 2772 5508 Δίίηέιι
2819 5436 2869 5490 J.
2901 5447 2956 5491 et
2984 5434 3212 5508 uterque
3250 5439 3402 5492 (inlb.
3447 5454 3502 5490 υι

1927 5506 2099 5574 ipsum
2153 5510 2520 5574 apographum
2568 5504 2855 5572 Anglicum
2912 5508 2963 5560 in
3009 5504 3265 5562 contextu
3314 5524 3499 5562 verum

1927 5575 2211 5630 lectionem
2247 5575 2506 5645 ἰδιότητος
2534 5575 2792 5628 illibatam
2827 5587 3133 5633 servarunt.
3180 5580 3375 5632 Addita
3413 5581 3499 5630 lit-

1930 5647 2098 5700 terula
2128 5663 2252 5711 una,
2279 5647 2418 5716 quod
2451 5658 2556 5716 non
2587 5659 2712 5697 raro
2742 5647 2944 5707 evenit.
2978 5649 3301 5716 sententiam
3328 5658 3494 5704 lttLatIt

1927 5723 2261 5787 corruperat.
2295 5713 2436 5785 Lege
2457 5713 2736 5780 Ducaeum.
