3828 6216
329 302 432 358 259
1270 294 1612 351 APPENDIX
1651 291 1934 348 OPEBUM
1977 289 2035 343 S.
2075 286 2317 344 BASILII
2355 285 2593 343 MAGNL
3478 281 3588 333 210

334 416 564 487 pliciter,
595 415 779 468 domus
806 411 903 469 Dei
935 424 952 464 :
988 417 1177 465 contra
1213 410 1278 465 iis
1312 411 1400 481 qui
1442 408 1662 480 jamjam
1699 410 1897 463 instru-

2018 424 2111 470 ται,
2141 401 2305 470 οἶκος
2331 402 2501 466 Θεοῦ,
2544 402 2657 464 τοῖς
2688 399 2746 454 δὲ
2795 396 3186 468 στοιχειωθεῖσι
3229 393 3415 449 λοιπὸν
3463 396 3584 459 καὶ,

334 484 406 563 cti
434 515 578 573 sunt,
600 506 798 560 dictum
818 512 921 568 est,
939 502 1216 570 cujusnam
1244 503 1336 557 Dci
1368 501 1439 557 sit
1459 502 1673 566 domus,
1707 515 1900 570 nempe

2018 500 2146 561 τινος
2169 496 2327 558 Θεοῦ,
2352 496 2432 547 ὅτι
2472 492 2579 547 τοῦ
2618 491 2844 555 Ἰακὼϐ,
2886 484 2929 557 ᾧ
2978 488 3274 559 ἐχαρίσατο
3309 485 3408 557 τὴν
3444 485 3588 558 πρὸς

336 588 429 654 Dei
472 598 673 661 Iacob,
717 595 801 650 cui
855 609 914 648 se
953 593 1067 662 ipse
1122 592 1442 647 familiarem
1499 591 1741 659 praebuit.
1785 590 1898 660 Ego

333 690 475 745 enim
498 729 514 755 ,
541 687 715 757 inquit
736 724 752 750 ,
785 702 900 739 sum
927 685 1073 740 Deus
1113 684 1413 749 Abraham,
1440 694 1487 738 et
1520 682 1660 738 Deus
1704 682 1860 737 Isaac
1880 722 1895 745 ,

333 788 382 834 et
411 779 552 834 Deus
582 776 768 831 Jacob.
803 774 917 829 Hoc
942 775 1070 828 mihi
1109 782 1188 828 est
1222 789 1411 827 nomen
1441 773 1774 828 a’ternum”.
1808 773 1898 826 Et-

335 873 503 939 enim,
532 879 591 926 ut
613 870 716 925 bos
742 877 960 924 sanctos
983 867 1192 922 bonorc
1221 866 1350 919 nulli
1383 880 1616 934 unquam
1644 864 1894 919 oblivioni

336 961 601 1017 tradendo
653 957 925 1022 alliceret,
973 957 1286 1011 eorumdem
1340 971 1622 1010 servorum
1678 970 1897 1010 suorum

334 1053 552 1108 nomina
587 1051 687 1108 sibi
713 1049 955 1121 aptavit,
988 1049 1121 1102 adeo
1145 1057 1204 1101 ut
1227 1047 1440 1117 quoties
1471 1046 1560 1101 Dei
1582 1046 1737 1100 ﬁeret
1754 1062 1899 1100 men-

335 1147 408 1198 tio
430 1185 444 1210 ,
478 1145 635 1200 toties
670 1151 725 1198 et
770 1140 981 1196 illorum
1016 1139 1217 1194 mentio
1252 1137 1696 1208 conjungeretur.
1734 1137 1900 1209 530

336 1234 695 1302 Quamobrem
728 1233 827 1295 iis,
878 1231 968 1300 qui
1000 1228 1116 1298 jam
1159 1244 1473 1293 accessere,
1533 1232 1635 1283 hoc
1688 1229 1897 1298 signum

336 1328 501 1382 veluti
535 1327 629 1380 Dei
654 1325 926 1395 peculiare
955 1321 1189 1391 adjecit,
1216 1323 1440 1377 dicens:
1483 1321 1546 1374 Et
1587 1321 1656 1375 ad
1688 1322 1898 1373 domum

346 1419 439 1472 Dei
468 1417 658 1479 Jacob.
710 1415 850 1479 Sed,
887 1416 1140 1484 quoniam
1183 1412 1349 1468 Jacob
1397 1421 1480 1468 est
1519 1414 1739 1481 insuper
1769 1426 1899 1480 sup-

342 1506 663 1575 plantatoris
692 1512 746 1559 et
770 1504 991 1558 athletae
1025 1517 1218 1555 nomen
1249 1502 1267 1565 (
1283 1501 1454 1556 Jacob
1481 1500 1743 1569 siquidem
1777 1513 1903 1569 sup-

337 1598 611 1666 plantator
676 1594 970 1665 appellatur
1026 1593 1095 1648 ob
1129 1608 1280 1647 suam
1315 1593 1569 1647 adversus
1602 1591 1900 1648 obnitentia

338 1690 535 1744 luctam
582 1688 677 1740 ὀε
731 1695 916 1757 postea
957 1701 1085 1740 vero
1123 1685 1344 1740 obtenta
1403 1684 1629 1740 victoria
1692 1686 1899 1754 praemii

2003 588 2164 644 αὑτὸν
2182 586 2508 657 οἰκειότητα.
2538 582 2678 652 Ἐγὼ
2697 582 2826 653 γὰρ,
2853 592 3039 652 φησιν,
3067 582 3100 633 ό
3126 580 3267 643 Θεὸς
3298 577 3582 647 Ἀϐραὰμ,

1972 718 1975 721 -
2005 682 2103 737 καὶ
2132 684 2165 736 ό
2188 679 2331 743 Θεὸς
2368 678 2592 739 Ἰσαὰκ,
2622 677 2719 730 καὶ
2749 679 2781 729 ό
2811 674 2956 740 Θεὸς
3000 672 3224 730 Ἰακώϐ.
3278 672 3463 726 Τοῦτό
3479 670 3589 740 μοι

2003 773 2172 826 ἐστιν
2195 771 2380 839 ὄνομα
2418 768 2528 838 ('25)
2568 766 2826 822 αἰώνιον.
2860 765 2978 817 Ἵνα
3010 762 3119 833 γὰρ
3149 762 3239 815 ἀεὶ
3273 760 3584 832 μνημόνευ-

2003 881 2094 916 τον
2121 863 2321 933 ποιήσῃ
2350 860 2448 931 τὴν
2479 858 2643 931 τιμὴν
2671 860 2782 920 τοῖς
2812 857 3009 925 ἁγίοις,
3042 853 3274 925 συνῆψεν
3304 851 3485 923 ἑαυτῷ
3514 852 3587 906 τὰ
3640 901 3663 927 ἃ

2003 955 2110 1008 τῶν
2138 954 2339 1009 δούλων
2364 953 2603 1024 ὀνόματα
2622 969 2636 982 ·
2665 949 2804 1003 ὥστε
2832 949 3022 1013 ὁσάκις
3049 948 3115 1002 ἂν
3141 947 3365 1018 γένηται
3392 948 3587 1018 μνήμη

2004 1048 2164 1116 Θεοῦ,
2197 1047 2522 1109 τοσαυτάκις
2552 1045 2820 1098 κάκείνων
2863 1044 2962 1114 τὴν
3013 1044 3232 1113 μνήμην
3280 1039 3585 1108 συναναφέ-

2009 1138 2213 1209 ρεσθαι.
2246 1139 2373 1201 Τοῖς
2416 1134 2509 1191 οὖν
2559 1133 2943 1207 προεξελθοῦσιν
2994 1134 3094 1205 ἤδη
3135 1132 3197 1186 τὸ
3243 1132 3403 1186 οἱονεὶ
3447 1130 3589 1200 γνὼ-

2009 1248 2179 1303 ρισμα
2219 1231 2313 1285 τοῦ
2361 1230 2497 1284 Θεοῦ
2552 1229 2889 1300 προσέθηκεν
2935 1226 3141 1280 εἰπών·
3183 1224 3297 1279 Καὶ
3339 1226 3430 1291 εὶς
3476 1225 3589 1277 τὸν

2005 1319 2172 1377 οἷκον
2198 1322 2305 1376 τοῦ
2330 1321 2477 1377 Θεοῦ
2513 1319 2734 1375 Ἰακώϐ.
2771 1318 2909 1371 Ἀλλ’
2940 1318 3127 1387 ἐπειδὴ
3161 1316 3254 1370 καὶ
3286 1314 3482 1370 Ἰακὼὸ
3505 1316 3587 1369 ἔτι

2004 1415 2098 1468 τοῦ
2160 1414 2478 1485 πτερνιστοῦ
2528 1412 2637 1484 (26)
2687 1411 2781 1464 καὶ
2840 1408 3142 1479 ἁγωνιστοῦ
3207 1410 3354 1461 ἐστιν
3411 1406 3589 1477 ὄνομα

2007 1506 2232 1577 (Ἰακὼὸ
2278 1507 2387 1578 γὰρ
2444 1504 2768 1578 πτερνιστὴς
2821 1500 3285 1575 προσαγορεύεται
3342 1500 3430 1554 διὰ
3485 1499 3588 1571 τὴν

2006 1600 2142 1671 πρὸς
2190 1598 2258 1652 τὰ
2297 1598 2647 1668 ἀντικείμενα
2688 1596 2894 1666 πάλην·
2938 1593 3168 1665 ὕστερον
3212 1593 3270 1646 δὲ
3307 1592 3446 1663 μετὰ
3483 1592 3588 1663 τὴν

2005 1690 2160 1761 νίκην
2198 1685 2358 1743 ἆθλον
2400 1688 2560 1742 ἔλαϐε
2604 1688 2675 1743 τὸ.
2703 1686 2921 1757 Ἰσραὴλ
2980 1682 3385 1755 ὀνομάζεσθαι),
3435 1685 3465 1736 ὁ
3505 1682 3587 1736 ἔτι

338 1782 457 1834 loco
500 1792 693 1832 nomen
738 1775 902 1831 lsrael
957 1775 1278 1845 accepit‘),
1304 1774 1397 1844 qui
1430 1774 1609 1828 adhuc
1658 1773 1899 1844 proficit,

2018 1781 2346 1852 προκόπτων,
2372 1779 2510 1841 τέως
2530 1778 2790 1849 μανθάνει
2807 1777 2898 1831 τὸν
2926 1772 3072 1830 οἷκον
3088 1774 3182 1829 τοῦ
3203 1773 3337 1828 Θεοῦ
3364 1773 3585 1839 Ἰακὼϐ,

338 1881 467 1926 tunc
495 1869 690 1925 ediscit
743 1868 961 1923 domum
1008 1866 1103 1921 Dei
1142 1864 1343 1929 Jacob,
1384 1864 1639 1917 nimirum
1683 1878 1746 1919 ea
1781 1877 1902 1931 quae

337 1961 592 2018 inferiora
646 1968 811 2023 sunt,
852 1970 1076 2028 quaeque
1110 1964 1324 2027 captum
1361 1955 1529 2024 ipsius
1582 1968 1686 2009 non
1739 1967 1901 2024 supe-

338 2058 503 2104 rant:
535 2048 630 2104 sed
677 2047 890 2102 tandem
938 2044 1229 2115 aliquando
1265 2044 1430 2098 Deum
1476 2043 1638 2097 etiam
1687 2041 1903 2098 lsraelis

337 2140 643 2203 docebitur,
674 2153 797 2194 cum
838 2138 923 2191 via
968 2145 1023 2192 et
1051 2136 1245 2191 ordine
1281 2136 1391 2191 sint
1428 2136 1479 2190 ei
1519 2136 1903 2207 dispensanda:

338 2233 656 2288 traditiones
689 2230 1063 2302 perfectiores.

405 2327 492 2379 7|.
527 2322 593 2377 Et
625 2324 959 2377 annuntiabit
989 2322 1135 2376 nobis
1161 2323 1296 2375 viam
1326 2336 1503 2383 suam,
1534 2329 1582 2374 et
1607 2317 1904 2373 ambulabi-

337 2434 450 2471 mus
491 2418 546 2470 in
584 2432 669 2470 ea.
723 2412 783 2468 In
819 2422 1059 2468 montem
1102 2413 1206 2468 nisi
1259 2412 1645 2477 ascendamus,
1700 2425 1905 2479 nequa-

337 2522 496 2578 quam
530 2505 879 2560 annuutiabit
912 2504 1073 2559 nobis
1102 2504 1246 2557 viam
1292 2518 1468 2558 suam.
1501 2502 1656 2569 Quod
1706 2502 1749 2558 si
1798 2517 1902 2556 non

337 2596 621 2651 annuntiet
657 2594 847 2660 nobis,
876 2609 1111 2663 quonam
1142 2605 1300 2663 pacto
1326 2592 1765 2648 ambulabimus?
1794 2591 1905 2646 Hoc

337 2699 419 2744 est
440 2729 455 2753 ,
485 2689 530 2741 Si
561 2686 916 2758 Evangelium
948 2701 1056 2741 non
1105 2684 1506 2754 exceperimus,
1534 2686 1808 2756 quomodo
1836 2699 1902 2737 ex

337 2783 504 2852 ipsius
532 2781 849 2850 praescripto
901 2778 1181 2835 vivemus?
1230 2777 1332 2845 Qui
1385 2785 1566 2832 autem
1597 2778 1906 2837 desiderant

338 2873 479 2926 viam
518 2872 761 2940 discere,
806 2870 995 2940 utique
1044 2870 1286 2925 nondum
1333 2871 1505 2939 ipsam
1533 2885 1754 2925 novere.
1789 2868 1903 2936 Qua

338 2960 501 3031 igitur
530 2959 736 3016 ratione
765 2959 1172 3014 ascenderimus
1205 2958 1258 3013 in
1292 2967 1569 3026 montem,
1601 2959 1701 3012 viae
1753 2958 1906 3027 igna-

338 3052 422 3107 ri?
448 3051 713 3106 Nimirum
749 3052 830 3105 lue
855 3065 1019 3105 voces
1040 3088 1055 3114 ,
1094 3048 1279 3105 Venite
1312 3057 1361 3104 et
1388 3050 1754 3114 ascendamus,
1782 3064 1908 3119 pro-

338 3144 571 3213 positum
600 3143 947 3214 studiumque
970 3143 1213 3198 indicant
1234 3142 1608 3199 festinantium
1625 3159 1640 3207 ;
1659 3151 1715 3197 at
1732 3150 1908 3197 osten-
1933 3127 1975 3184 (ἶ

339 3236 475 3289 dunt
514 3235 801 3304 concupita
849 3234 1086 3288 nondum
1124 3233 1193 3291 ab
1241 3232 1376 3304 ipsis
1421 3233 1673 3289 obtineri.
1710 3232 1908 3288 Verum

344 3327 625 3383 enimvero
648 3327 911 3397 quosdam
937 3340 1125 3385 eorum
1146 3327 1237 3401 qui
1262 3341 1407 3381 nunc
1437 3326 1505 3381 ad
1534 3325 1690 3386 [idem
1714 3338 1910 3394 propc-

340 3428 498 3481 rant,
528 3433 648 3473 sese
682 3418 915 3472 invicem
945 3418 1145 3487 alloqui
1178 3428 1340 3488 atque
1363 3417 1645 3472 adhortari
1667 3417 1913 3472 credide-

340 3513 530 3565 rimus.
565 3512 808 3582 Agedum
851 3526 1144 3571 avocemus
1194 3511 1435 3565 animum
1475 3526 1505 3565 a
1558 3512 1724 3565 rebus
1762 3509 1912 3564 humi

338 3603 685 3671 repentibus;
721 3602 864 3673 agite
894 3618 955 3658 ea
988 3619 1110 3673 quae
1143 3602 1386 3657 caelestia
1412 3602 1906 3671 sunt,sapiamus:

340 3693 712 3762 ingrediantur
746 3694 800 3747 in
846 3694 1065 3749 domum
1096 3694 1210 3750 Dei.
1239 3694 1353 3750 lllic
1378 3693 1695 3749 docebimur
1730 3693 1908 3756 viam,

338 3796 444 3850 qua
474 3797 569 3849 per
597 3780 987 3851 perfectionem
1030 3784 1098 3838 ad
1131 3783 1292 3839 ﬁnem
1323 3783 1575 3839 omnibus
1603 3781 1911 3853 generatim

342 3872 674 3940 propositum
706 3872 874 3927 simus
898 3873 1238 3940 perventuri.

415 3959 504 4013 72.
534 3958 620 4012 Ea:
650 3957 781 4015 Sion
810 3962 947 4015 enim
999 3962 1157 4016 exibit
1203 3963 1320 4029 lex,
1352 3972 1403 4018 et
1447 3963 1657 4018 verbum
1695 3961 1911 4017 Domini

341 4067 406 4104 ex
418 4051 735 4106 Jerusalem.
757 4052 1031 4124 interroga
1050 4055 1327 4111 concisum
1352 4055 1647 4120 hominem,
1671 4052 1914 4108 Judaeum

341 4142 597 4197 videlicet
630 4142 926 4197 secundum
963 4157 1181 4199 carnem
1202 4185 1219 4211 ,
1248 4144 1315 4199 de
1344 4159 1453 4215 qua
1482 4144 1602 4213 lege
1637 4144 1912 4213 loquatur,

344 4234 410 4287 de
434 4248 541 4301 quo
567 4234 754 4288 verbo.
789 4232 926 4287 Num
958 4234 1023 4288 de
1044 4250 1106 4289 ea
1131 4235 1249 4304 lege
1276 4250 1395 4305 quae
1412 4250 1509 4305 per
1534 4234 1753 4303 Moysen
1787 4236 1916 4288 data

343 4324 459 4379 est?
490 4325 594 4380 Sed
644 4325 913 4395 quomodo
947 4326 1092 4380 illam
1143 4341 1211 4383 ex
1247 4326 1377 4382 Sion
1411 4327 1683 4397 prodiisse
1730 4337 1917 4381 osten-

2005 1868 2073 1921 τὰ
2093 1868 2452 1939 ὑποδεέστερα
2481 1867 2576 1921 καὶ
2615 1866 2792 1937 ἑαυτῷ
2829 1865 3056 1935 ὲφικτά·
3093 1863 3319 1936 ὕστερον
3359 1862 3417 1916 δέ
3450 1880 3587 1916 ποτε

2006 1961 2101 2014 καὶ
2142 1959 2234 2012 τὸν
2289 1958 2421 2012 Θεὸν
2474 1957 2568 2012 τοῦ
2624 1958 2841 2030 Ἰσραὴλ
2895 1955 3294 2028 διδαχθήσεται,
3335 1954 3439 2025 ὁδῷ
3489 1955 3588 2008 καὶ

2006 2051 2155 2115 τάξει
2192 2050 2298 2104 τῶν
2337 2050 2683 2121 τελειοτέρων
2729 2048 3080 2121 παραδόσεων
3114 2046 3587 2117 οἰκονομουμένων

2009 2160 2076 2195 πε
2082 2144 2137 2214 ρί
2163 2142 2347 2196 αὐτόν.

2080 2325 2168 2379 71.
2200 2324 2309 2379 Καὶ
2358 2325 2675 2395 ἀναγγελεῖ
2718 2322 2865 2393 ἡμῖν
2909 2321 3025 2391 τὴν
3058 2322 3206 2377 ὁδὸν
3235 2321 3446 2385 αὐτοῦ,
3482 2319 3586 2374 καί

2009 2418 2419 2486 πορευσόμεθα
2458 2418 2528 2471 ἐν
2558 2416 2732 2484 αὐτῇ.
2773 2416 2897 2469 Ἐὰν
2946 2414 3022 2485 μὴ
3067 2413 3356 2484 ἀναδῶμεν
3407 2414 3490 2476 είς
3528 2412 3592 2467 τὸ

2008 2508 2150 2578 ὅρος.
2192 2508 2291 2560 οὐκ
2327 2506 2617 2575 ἀναγγελεῖ
2655 2510 2787 2579 ἡμῖν
2812 2506 2910 2578 τὴν
2959 2506 3075 2558 ὁδὸν
3115 2504 3303 2559 αὑτοῦ.
3344 2502 3472 2557 Ἐὰν
3510 2504 3589 2574 μὴ

2010 2599 2302 2670 ἀναγγείλῃ
2340 2601 2490 2669 ἡμῖν,
2536 2599 2653 2663 πῶς
2691 2596 3105 2669 πορευσόμεθα;
3138 2595 3452 2659 Τουτέστιν,
3492 2594 3590 2648 ἐὰν

2015 2691 2089 2762 μὴ
2127 2689 2409 2760 δεξώμεθα
2450 2690 2512 2745 τὸ
2540 2690 2899 2759 Εὐαγγέλιον,
2950 2688 3067 2751 πῶς
3118 2685 3430 2758 βιωσόμεθα
3465 2687 3588 2740 κατ’

2011 2782 2143 2838 αὑτό
2167 2783 2313 2854 (27);
2348 2785 2410 2835 Ui
2446 2782 2502 2836 δὲ
2541 2781 2925 2851 ἐπιζητοῦντες
2959 2780 3151 2851 μαθεῖν
3187 2780 3286 2850 τὴν
3323 2779 3461 2841 ὁδὸν,
3494 2778 3593 2850 δη-

2011 2873 2183 2929 λονότι
2202 2875 2548 2946 οὐκῇδεισαν.
2573 2874 2696 2938 Πῶς
2726 2869 2819 2928 οῦν
2845 2872 3223 2943 ἁναδαίνωμεν
3250 2873 3331 2935 είς
3351 2871 3414 2924 τὸ
3435 2871 3590 2942 ἦρος,

2011 2966 2108 3038 τὴν
2132 2966 2248 3021 ὁδὸν
2278 2966 2634 3036 ἀγνοοῦντες;
2668 2966 2740 3018 Ἦ
2781 2965 2871 3029 τὸ,
2913 2963 3089 3017 Δεῦτε
3121 2963 3221 3016 καὶ
3254 2960 3589 3030 ἀναδῶμεν,

2012 3057 2110 3123 τὴν
2167 3057 2424 3129 πρόθεσιν
2476 3058 2571 3111 καὶ
2633 3058 2733 3127 τὴν
2782 3056 3016 3128 σπουδὴν
3060 3055 3168 3109 τῶν
3220 3055 3595 3126 ἐπειγομένων

2008 3146 2291 3216 ἐμφαίνει·
2326 3146 2479 3201 οὔπω
2530 3147 2712 3218 μέντοι
2744 3147 3041 3217 παρίστησι
3080 3146 3190 3199 τῶν
3235 3144 3594 3215 ὲπιθυμητῶν

2007 3239 2106 3311 τὴν
2134 3239 2428 3306 ὲπὶτευξιν.
2470 3237 2837 3310 Ἦγησὼμεθα
2875 3237 2988 3306 (28)
3017 3236 3126 3306 γάρ
3164 3252 3316 3299 τινας
3349 3235 3461 3288 τῶν
3496 3233 3595 3288 νῦν

2009 3329 2103 3381 ἐπὶ
2124 3328 2223 3399 τὴν
2261 3329 2444 3383 πίστιν
2482 3328 2851 3398 ἐπειγομένων
2894 3326 3158 3397 ἀλλήλους
3188 3324 3299 3398 (29)
3333 3340 3596 3394 προσφω-

2008 3420 2119 3471 νεῖν
2156 3418 2253 3472 καὶ
2296 3419 2621 3490 παρορμᾷνο
2661 3417 2813 3470 δεῦτε
2854 3414 3181 3486 ἀποστῶμεν
3223 3413 3331 3466 τῶν
3378 3429 3566 3483 χαμερ

2011 3510 2129 3562 πῶν
2155 3527 2169 3540 ο
2205 3509 2360 3564 δεῦτε
2391 3511 2748 3580 φρονήσωμεν
2774 3510 2843 3564 τὰ
2866 3508 3091 3580 οὐράνια
3112 3548 3127 3572 ,
3158 3504 3485 3574 εἰσέλθωμεν
3513 3507 3596 3567 εἰς

2009 3602 2099 3654 τὸν
2128 3596 2275 3655 οἷκον
2308 3601 2402 3653 τοῦ
2436 3600 2593 3653 Θεοῦ.
2639 3600 2787 3653 Ἑκεῖ
2823 3597 3182 3670 μαθησόμεθα
3222 3597 3320 3667 τὴν
3358 3596 3498 3657 δδδν,
3522 3593 3594 3647 δι’

2008 3689 2077 3766 ἧς
2101 3694 2192 3747 ἐπὶ
2220 3694 2282 3746 τὸ
2322 3692 2517 3756 κοινῶς
2550 3691 2913 3762 προκείμενον
2949 3691 3120 3744 ἆπασι
3155 3688 3328 3759 πέρας
3365 3687 3454 3741 διὰ
3489 3689 3594 3753 τῆς

2010 3784 2346 3854 τελειότητος
2374 3786 2802 3855 καταντήσομεν.

2083 3967 2171 4021 72.
2214 3968 2313 4020 Ἐκ
2335 3966 2444 4037 γὰρ
2466 3965 2619 4021 Σιὼν
2643 3965 3025 4031 ἐξελεύσεται
3054 3964 3258 4033 νόμος,
3282 3960 3378 4015 καί
3406 3963 3595 4030 λόγος

2013 4060 2234 4128 Kvplov
2258 4058 2327 4123 ἐξ
2368 4057 2777 4127 Ἰερουσαλήμ.
2814 4056 3117 4129 Ἐρὼτησον
3156 4055 3248 4108 τὸν
3278 4054 3377 4123 τῆς
3417 4070 3587 4107 καταο

2011 4152 2183 4222 τομῆς
2236 4149 2541 4221 ἄνθρωπον,
2594 4149 2687 4203 τὸν
2734 4149 2874 4202 κατὰ
2924 4149 3104 4219 σᾶρκα
3150 4145 3416 4206 Ἰουδαῖον,
3462 4143 3596 4214 περὶ

2015 4243 2169 4297 ποίου
2193 4242 2358 4313 νόμου
2380 4240 2546 4309 λέγει,
2568 4242 2663 4294 καλ⁸
2684 4240 2835 4295 ποίου
2854 4239 3033 4306 λόγου.
3070 4236 3176 4291 Τοῦ
3202 4236 3290 4290 διὰ
3313 4234 3599 4298 Μωῦσέως

2013 4331 2255 4394 δοθέντος
2281 4331 2481 4401 νόμου;
2523 4329 2684 4383 Ἀλλὰ
2714 4328 2832 4392 πῶς
2861 4324 3015 4390 οὗτος
3048 4327 3155 4381 ἀπὸ
3195 4325 3353 4391 Σιὼν,
3382 4324 3599 4381 δεικνύ-

345 4416 510 4469 dent?
536 4417 720 4486 Neque
746 4417 889 4472 enim
915 4417 1126 4490 Moyses
1151 4428 1350 4475 terram
1378 4420 1658 4489 promissa:
1684 4418 1906 4473 haeredi-

2018 4440 2214 4476 τωσαν.
2272 4422 2514 4493 Μωῦσῆς
2548 4422 2659 4494 γὰρ
2701 4422 2801 4475 οὐκ
2830 4420 3078 4492 εἰσῆλθεν
3129 4421 3211 4482 είς
3238 4419 3337 4488 τὴν
3359 4417 3463 4488 γῆν
3491 4417 3600 4486 τῆς

347 4507 474 4562 tatis
506 4507 786 4579 ingressus
816 4518 896 4564 est
926 4528 941 4569 :
974 4510 1112 4567 situs
1144 4519 1324 4566 autem
1352 4520 1434 4566 est
1462 4511 1516 4564 in
1542 4510 1728 4565 Judaza
1754 4510 1908 4565 Sion.

342 4597 528 4668 itaque
560 4601 713 4670 juxta
762 4601 909 4670 ipsos
946 4613 1095 4657 errat
1137 4603 1449 4669 Scriptura,
1486 4612 1545 4658 ut
1599 4618 1719 4673 quae
1767 4602 1913 4658 aliud

346 4707 541 4748 nomen
572 4695 691 4749 loco
720 4694 943 4750 alterius
979 4695 1179 4750 referat
1208 4714 1222 4752 :
1255 4696 1460 4751 etenim
1502 4709 1603 4765 pro
1644 4695 1773 4751 Sina
1818 4707 1913 4749 aut

344 4780 559 4838 Choreb
588 4783 808 4853 protulit
843 4782 994 4842 Sion.
1020 4786 1187 4856 Atqui
1226 4785 1295 4841 de
1334 4795 1522 4841 sancta
1552 4784 1666 4854 lege
1697 4798 1911 4840 sermo-

346 4890 472 4931 nem
513 4875 696 4933 habet.
749 4874 825 4931 De
855 4877 1129 4947 quanam?
1174 4879 1392 4946 quando
1425 4876 1580 4930 lata?
1633 4875 1722 4931 ubi
1776 4891 1912 4932 con-

2017 4514 2422 4583 κατασχέσεως·
2464 4514 2524 4567 τὸ
2551 4513 2608 4566 δὲ
2636 4511 2773 4566 Σιὼν
2816 4514 2874 4566 ἐν
2911 4515 2976 4585 τῇ
3007 4511 3254 4582 Ἰουδαίᾳ.
3289 4508 3601 4577 Ἕσφαλται

2012 4600 2105 4658 οὖν
2135 4606 2252 4657 κατ’
2283 4604 2480 4667 αὐτοὺς
2512 4604 2546 4674 ἡ
2571 4604 2784 4675 Γραφὴ,
2820 4604 2941 4656 ἀντὶ
2980 4602 3140 4656 ἄλλου
3168 4601 3431 4670 ὀνόματος
3466 4598 3601 4653 ἄλλο

2014 4695 2276 4764 λέγουσα’
2313 4695 2433 4749 ἀντὶ
2463 4696 2571 4767 γὰρ
2597 4695 2690 4747 τοῦ
2730 4695 2860 4748 Σινὰ
2903 4694 2936 4764 ἦ
2970 4693 3064 4746 τοῦ
3106 4691 3331 4764 Χωρὴὸ,
3362 4692 3422 4744 τὸ
3456 4689 3601 4743 Σιὼν

2015 4785 2254 4856 εἴρηκεν.
2295 4786 2454 4841 Ἀλλὰ
2488 4785 2616 4852 περὶ
2654 4785 2812 4853 ἁγίου
2850 4783 3016 4855 νόμου
3057 4783 3225 4851 λέγει.
3273 4782 3471 4840 Ποίου;
3499 4779 3601 4833 τοῦ

2017 4877 2147 4929 πότε
2170 4878 2279 4949 (50)
2300 4877 2569 4941 δοθέντος;
2595 4876 2687 4930 τοῦ
2710 4876 2811 4929 ποῦ
2832 4874 3224 4946 γεγραμμένου
3243 4890 3259 4939 ;
3284 4872 3396 4927 Καὶ
3412 4872 3610 4940 λόγος

417 5058 461 5088 ’⁸
491 5056 658 5110 Exod.
702 5071 797 5120 ιιι,
825 5055 879 5121 6,
902 5056 989 5111 15.
1083 5057 1129 5088 ⁹⁹
1158 5056 1293 5111 Gen.
1322 5072 1451 5120 xxv,
1483 5054 1575 5109 25.
1655 5057 1671 5087 ⁸
1706 5055 1839 5112 Gen.
1866 5074 1897 5111 ι

2042 5097 2056 5120 ,
2098 5057 2291 5112 24-28.

417 5237 530 5308 (25)
571 5237 804 5308 ngdices
836 5245 972 5308 tres,
1017 5234 1187 5308 Τοῦτό
1234 5251 1343 5305 μοι,
1391 5232 1576 5304 φησὶν,
1610 5232 1803 5305 ὄνομα.
1843 5234 1916 5287 At

346 5305 519 5370 LXX,
541 5306 712 5360 Τοῦτό
747 5306 847 5376 μού
879 5307 1023 5358 ἐστιν
1056 5305 1246 5375 ὄνομα.

418 5378 531 5446 (26)
553 5372 793 5446 Auctor,
816 5391 938 5429 cum
971 5372 1232 5446 scriberet
1260 5372 1400 5446 illa,
1427 5372 1509 5427 ἔτι
1554 5374 1649 5446 τοῦ
1691 5388 1920 5446 ξετερνιτ

348 5443 649 5511 στοῦ,⁷ειε.,
677 5445 741 5498 ad
763 5445 956 5499 Oscam
994 5444 1296 5509 respexisse
1321 5445 1549 5509 videtur,
1579 5443 1664 5503 12.
1690 5444 1743 5506 5,
1774 5443 1916 5511 apud

347 5510 844 5586 quitent‘itat'lcgitur
868 5532 882 5567 :
928 5514 1015 5567 Ἐν
1035 5517 1102 5586 τῇ
1129 5513 1308 5583 κοιλίᾳ
1335 5511 1615 5586 ἑπτέρνισε
1643 5514 1734 5565 τὸν
1765 5510 1919 5565 ἁδελ-

348 5585 448 5655 φδν
474 5584 670 5655 αὐτοῦέ
694 5583 773 5655 _ln
800 5596 945 5636 utero
974 5583 1329 5652 supplantavit
1364 5583 1582 5655 fratrem
1605 5599 1783 5655 suum.

418 5653 533 5721 (27)
568 5652 705 5707 Editi
748 5662 803 5707 et
833 5668 977 5724 mss.
1027 5651 1250 5721 aliquot,
1288 5651 1406 5706 κατ’
1454 5653 1605 5708 αὐτό.
1655 5653 1760 5708 Alii
1795 5653 1917 5724 qui-

351 5726 469 5779 dam
506 5738 659 5785 tuss.,
691 5724 749 5775 ἐν
783 5722 950 5790 αὐτῷ,
989 5739 1092 5777 non
1126 5726 1196 5778 ita
1237 5738 1403 5778 recte.

2092 5233 2686 5310 (28)-,1Ϊιολὴγησόμεθα
2742 5234 3006 5292 edendum
3062 5234 3377 5290 curavimus
3405 5248 3438 5288 e
3467 5246 3605 5289 mss.

2021 5305 2310 5377 nonnullis,
2340 5305 2697 5377 ἡγησώμεθα.

2088 5374 2199 5444 (29)
2236 5375 2308 5428 Ita
2344 5372 2570 5441 uterque
2608 5377 2760 5429 Coll).
2795 5385 2849 5429 et
2877 5373 3011 5443 Reg.
3041 5375 3335 5429 secundus.
3371 5372 3514 5427 Editi
3543 5382 3605 5425 et

2019 5446 2443 5516 mssanojtnulli.
2478 5445 2747 5516 ἀλλήλοις.

2088 5512 2201 5585 (30)
2239 5513 2351 5585 Pro,
2374 5511 2884 5585 conscripsimus,
2921 5513 3077 5575 πότε,
3106 5512 3267 5585 fidem
3300 5511 3604 5585 multorum

2020 5580 2150 5637 mss.
2182 5580 2378 5637 seaculi.
2414 5584 2615 5638 Ibidem
2657 5580 2868 5652 antiqui
2920 5585 3045 5638 libri
3102 5582 3174 5643 ﬂ.
3206 5594 3263 5639 et
3291 5580 3345 5637 J.
3404 5590 3462 5638 et
3494 5581 3604 5634 duo

2017 5652 2332 5719 Colbertini,
2365 5652 2401 5723 ἦ
2427 5652 2531 5707 ποῦ
2562 5654 2976 5725 γεγραμμένου.
