3828 6216
204 316 374 374 '2“

1150 323 1506 381 COMMENT.
1549 324 1618 379 ΙΝ
1651 325 1886 383 lSAlAM
1921 328 2364 391 PROPHETAM.
2405 333 2559 391 CAP.
2599 335 2664 391 ΙΙ.

3411 341 3531 397 243‘

267 436 343 489 ἐκ
379 432 491 503 τῆς
524 434 939 509 Ἰερουσαλήμ.
981 440 1084 495 Τὸν
1139 443 1472 515 προφητικὸν
1524 444 1673 512 λέγει
1719 446 1852 515 (Si).

1959 451 2212 519 scripta?
2260 451 2333 506 Et
2392 455 2605 508 verbum
2661 472 2725 511 ea:
2772 455 3067 513 Jerusalem
3141 459 3515 531 ProphetiCum

283 526 448 580 Ἀλλὰ
484 530 760 601 πανταχοῦ
803 532 906 605 τῆς
934 535 1192 598 ἰουδαίας
1219 536 1531 606 γεγένηται,
1562 538 1660 590 οὐκ
1688 540 1745 591 ὲν
1780 541 1847 610 τῇ

282 618 637 690 Ἰερουσαλὴμ
668 621 726 675 δὲ
755 623 934 693 μόνον,
974 625 1071 679 καὶ
1115 626 1257 680 κατὰ
1297 626 1387 681 τὸν
1428 627 1676 699 Ἰσραήλ·
1716 626 1850 680 ἀλλὰ

268 708 370 760 καὶ
394 709 454 761 ἐν
483 711 551 781 τῇ
584 712 930 785 αἰχμαλωσίᾳ
947 730 961 744 ·
987 715 1084 768 καὶ
1121 718 1179 770 ἐν
1204 717 1253 770 Ν
1259 720 1429 789 ινευῇ,
1461 717 1555 771 καὶ
1583 716 1849 786 πολλαχοῦ

266 797 373 868 τῆς
416 799 541 875 γῆς.
582 800 960 873 Ἀγχέσθωσαν
1004 802 1098 860 οὖν
1151 808 1258 861 ὑπὸ
1304 807 1406 878 τῆς
1438 806 1711 880 ἀληθείας,
1756 811 1851 863 καὶ

268 889 757 961 καταδεχέσθωσαν
783 892 881 965 τὴν
901 895 996 949 τοῦ
1023 898 1227 969 Κυρίου
1257 900 1597 970 νομοθεσίαν,
1629 901 1735 955 ἀπὸ
1753 901 1848 955 τοῦ

270 982 671 1053 σκοπευτηρίου
717 987 1010 1057 γινομένην
1040 988 1174 1059 (59),
1215 991 1324 1043 ἀπὸ
1366 992 1463 1062 τῆς
1506 994 1706 1064 σαρκὸς
1750 995 1850 1064 τῆς

268 1069 554 1143 θεοφόρου,
573 1076 670 1145 ἀφ’
695 1068 765 1149 ἦς
785 1080 1083 1133 ἐπεσκόπει
1107 1080 1177 1134 τὰ
1205 1083 1345 1136 κατὰ
1370 1084 1689 1155 ἀνθρώπους
1709 1086 1850 1157 πρά-

265 1178 478 1231 γματα.
500 1166 610 1219 Καὶ
633 1170 817 1237 λόγος
840 1173 1062 1239 Κυρίου
1086 1173 1201 1227 ἀπὸ
1240 1175 1652 1246 Ἰερουσαλήμ.
1679 1180 1849 1231 Ἐκεῖ-

264 1252 365 1306 θεν
392 1254 502 1327 γάρ
526 1257 833 1331 ἀρξάμενον
860 1264 941 1325 είς
974 1263 1151 1318 πάντα
1189 1265 1281 1319 τὸν
1326 1267 1529 1337 κόσμον
1560 1269 1846 1342 ἐπεσπάρη

263 1344 328 1398 τὺ
356 1347 641 1418 κήρυγμα.

338 1436 429 1491 75.
465 1439 575 1492 Καὶ
604 1442 798 1509 κρινεῖ
816 1444 933 1499 ἀνὰ
948 1446 1144 1515 μέσον
1167 1448 1285 1504 τῶν
1306 1449 1514 1505 ἐθνῶν.
1546 1451 1604 1504 Ὀ
1634 1451 1766 1516 Θεὸς
1788 1455 1846 1506 ἐν

266 1526 372 1595 μὲν
394 1534 684 1603 συναγωγῇ
712 1532 849 1585 θεῶν
871 1535 1024 1599 στὰς,
1057 1536 1213 1601 θεοὺς
1242 1538 1538 1611 διακρινεῖ·
1568 1542 1627 1593 ἐν
1654 1541 1713 1595 δὲ
1735 1543 1846 1604 τοῖς

262 1619 448 1675 ἔθνεσι
478 1623 684 1691 Κρινεῖ
708 1625 825 1678 ἀνὰ
846 1626 1045 1694 μέσον
1081 1626 1201 1681 τῶν
1223 1629 1432 1684 ἐθνῶν.
1466 1631 1593 1694 Τοῖς
1619 1632 1716 1702 μὲν
1736 1631 1845 1704 γὰρ

262 1710 448 1781 άγίοις
480 1713 545 1767 τὸ
573 1713 947 1787 διακρίνεσθαι
972 1718 1170 1791 πρέπει
1200 1722 1281 1783 είς
1311 1720 1409 1791 τὴν
1434 1721 1535 1793 τῆς
1568 1721 1723 1788 ἀξίας
1750 1724 1848 1776 αὒ-

1959 544 2181 595 verbum
2217 543 2369 599 dicit.
2404 546 2475 599 At
2510 546 2709 616 ubique
2733 547 2786 601 in
2821 546 3004 603 Judaaa
3039 550 3236 604 factum
3268 562 3380 620 est,
3409 568 3514 608 non

1950 644 2128 687 autem
2179 635 2354 690 solum
2390 638 2443 691 in
2491 636 2793 693 Jerusalem
2819 679 2836 708 ,
2878 649 2932 695 et
2970 640 3022 694 in
3076 642 3281 698 Israel:
3315 646 3409 699 sed
3461 648 3515 699 in

1951 725 2272 793 captivitate
2326 728 2536 795 etiam,
2574 729 2738 799 inque
2795 731 2986 788 Ninive
3032 744 3087 786 et
3136 735 3191 788 in
3246 734 3517 805 plerisque

1955 824 2111 870 terra:
2144 816 2299 873 locis.
2335 818 2757 890 Strangulentur
2788 823 2954 893 igitur
2978 839 3007 877 a
3037 825 3297 893 veritate,
3339 829 3515 883 sanci-

1953 915 2174 977 tamque
2214 923 2245 962 a
2286 909 2514 966 Domino
2559 912 2730 982 legem
2761 914 3058 982 recipiant,
3089 930 3208 985 quae
3240 933 3270 972 e
3298 920 3513 987 specula

1950 1007 2137 1049 exorta
2169 1005 2288 1062 est,
2331 1012 2522 1066 nempe
2557 1014 2586 1053 a
2638 1014 2803 1054 carne
2836 1001 2999 1055 Deum
3042 1011 3323 1071 gestante,
3352 1018 3382 1057 e
3406 1018 3513 1073 qua

1949 1089 2101 1157 quasi
2126 1102 2156 1142 e
2181 1089 2397 1159 specula
2432 1104 2523 1144 res
2544 1092 2808 1147 humanas
2829 1091 3171 1147 observabat.
3207 1090 3275 1145 Et
3300 1094 3511 1146 verbum

1948 1179 2163 1233 Domini
2206 1195 2273 1234 ex
2300 1179 2619 1236 Jerusalem.
2646 1180 2968 1237 Praedicatio
2991 1183 3136 1236 enim
3174 1183 3336 1239 ducto
3363 1183 3512 1239 illinc

1951 1270 2105 1324 initio
2136 1272 2187 1326 in
2215 1285 2428 1327 omnem
2459 1273 2717 1328 mundum
2745 1274 2987 1344 dispersa
3015 1283 3119 1330 est.

2016 1450 2107 1504 75.
2141 1449 2307 1506 Vens.
2347 1452 2403 1507 4.
2449 1453 2518 1507 Et
2558 1453 2821 1524 judicalnt
2851 1458 2989 1509 inter
3019 1463 3217 1523 gentes.
3268 1454 3410 1508 Deus
3455 1453 3510 1508 in

1956 1540 2178 1595 deorum
2206 1542 2424 1612 quidem
2453 1558 2723 1615 synagoga
2750 1556 2923 1610 stans,
2951 1545 3078 1600 deos
3107 1545 3419 1615 dijudicabit
3447 1546 3469 1577 ¹
3495 1561 3510 1610 ;

1944 1632 2038 1686 sed
2084 1633 2135 1686 in
2166 1634 2417 1703 gentibus
2434 1633 2703 1705 judicabit
2737 1636 2879 1690 inter
2907 1646 3104 1707 gentes.
3139 1638 3352 1705 Sanctis
3366 1638 3509 1692 cnim

1945 1723 2201 1777 convenit
2235 1722 2289 1777 in
2338 1723 2506 1792 ipsius
2562 1724 2842 1793 dignitatis
2894 1728 3171 1795 agnitione
3223 1728 3455 1783 discerni
3495 1747 3508 1782 :

257 1803 362 1857 τοῦ
392 1805 725 1873 ἐπίγνωσιν·
758 1810 873 1872 τοῖς
920 1808 978 1862 δὲ
1031 1811 1209 1883 μάτην
1246 1810 1534 1881 βεϐιωκόσι
1570 1814 1632 1867 τὸ
1664 1815 1845 1886 κρίνε-

1945 1812 2014 1866 iis
2038 1822 2167 1866 Vero
2202 1815 2290 1881 qui
2323 1828 2518 1867 vanam
2551 1815 2716 1870 vitam
2748 1817 3025 1881 duxerint,
3060 1817 3315 1886 judicari.
3348 1816 3505 1889 431

262 1895 412 1951 σθαι.
442 1899 669 1969 Μήποτε
694 1900 751 1955 δὲ
776 1900 1023 1955 ἐντεῦθεν
1043 1902 1315 1957 δείκνυται
1339 1904 1401 1958 τὸ
1422 1905 1676 1977 διάφορον
1702 1903 1842 1961 εἶναι

258 1989 373 2044 τῶν
396 1989 503 2055 ἔξω
532 1990 642 2063 (55)
673 1992 774 2062 τῆς
796 1993 1079 2058 εὐσεϐείας
1115 1992 1285 2050 ἐθνῶν
1311 1996 1411 2069 τὴν
1436 1997 1675 2064 κόλασιν,
1705 1999 1842 2054 ἀλλὰ

263 2080 343 2153 μὴ
368 2078 501 2153 μίαν
539 2084 633 2137 καὶ
666 2084 767 2156 τὴν
812 2086 1006 2158 αὐτήν.
1059 2087 1193 2142 Καθ’
1221 2087 1251 2142 ὃ
1289 2088 1388 2159 μὲν
1415 2089 1524 2161 γὰρ
1556 2090 1843 2144 ἐκπεπτώ-

258 2188 394 2226 κασι
421 2173 521 2245 τῆς
552 2174 899 2244 ἐπιγνώσεως
934 2177 1029 2231 τοῦ
1055 2178 1211 2243 Θεοῦ,
1246 2179 1448 2243 πάντες
1473 2180 1721 2250 βασάνων
1745 2181 1842 2235 καὶ

257 2261 541 2317 κολάσεων
580 2263 747 2330 ἄξιοι*
796 2265 919 2320 καθ’
950 2266 981 2320 δ
1015 2267 1073 2321 δὲ
1097 2268 1329 2339 διάφορα
1372 2270 1552 2329 αὐτῶν
1584 2270 1654 2324 τὰ
1699 2271 1842 2325 κατὰ

252 2352 352 2407 τὸν
380 2352 496 2424 βίον
538 2355 963 2427 ἐπιτηδεύματα,
1004 2358 1062 2412 ἐν
1102 2376 1161 2413 τε
1192 2362 1307 2425 τοῖς
1351 2361 1548 2415 πάθεσι
1582 2363 1683 2434 τῆς
1721 2364 1842 2417 άτι-

258 2445 416 2517 μίας,
438 2447 532 2499 καὶ
570 2448 629 2500 ἐν
661 2452 781 2513 ταῖς
808 2452 888 2514 είς
923 2453 1045 2515 τοὺς
1073 2450 1302 2522 πλησίον
1333 2454 1637 2525 πονηρίαις,
1670 2454 1841 2510 δεῖται

254 2538 497 2609 κρίσεως
525 2539 668 2593 κατὰ
691 2540 800 2595 τῶν
838 2542 1007 2596 ἐθνῶν
1048 2544 1150 2616 τῆς
1192 2545 1667 2618 διαλαμϐανούσης
1710 2549 1841 2621 περὶ

254 2627 368 2683 τῶν
396 2630 479 2694 είς
510 2632 637 2692 τοὺς
662 2631 831 2696 πέλας
866 2633 1228 2705 πεπλημμελη
1238 2636 1433 2706 μένων.
1474 2637 1584 2691 Καὶ
1609 2638 1842 2707 ἐλέγξει

252 2719 413 2774 λαὸν
437 2723 655 2777 πολύν.
680 2723 796 2777 Ἵνα
820 2724 968 2797 δείξῃ
996 2729 1129 2799 ἡμῖν
1148 2725 1209 2780 τὸ
1229 2728 1436 2781 δίκαιον
1463 2728 1558 2781 καὶ
1582 2729 1839 2802 ἀναντίρ-

255 2809 425 2884 ῥητον
456 2812 556 2884 τῆς
598 2814 817 2878 δικαίας
869 2817 1104 2887 κρίσεως
1156 2819 1403 2889 ἐπήγαγε
1439 2818 1550 2889 (54)
1598 2820 1678 2885 τὸ,
1728 2821 1839 2875 Kal

251 2903 490 2974 ἐλέγξει
513 2904 668 2959 λαὸν
716 2908 933 2961 πολύν.
976 2907 1234 2979 Ἐλέγξω
1269 2909 1382 2979 γάρ
1421 2926 1515 2974 σε,
1558 2912 1713 2983 φησὶ,
1740 2913 1839 2967 καί

252 2994 809 3062 παραστήσωεκατὰ
828 2997 894 3050 τὸ
921 2998 1249 3066 πρόσωπόν
1276 3014 1413 3054 σου.
1445 3001 1707 3055 Ἐνταῦθα
1741 3003 1840 3073 μὲν

249 3080 350 3139 οὖν
389 3085 676 3158 μάρτυρας
704 3091 946 3161 παριστᾷ
972 3091 1001 3143 ό
1028 3091 1331 3163 κατήγορος
1380 3093 1460 3155 είς
1487 3092 1707 3163 ἔλεγχον
1730 3094 1837 3148 τῶν

250 3177 619 3250 ἐγκλημάτων
648 3180 743 3235 τοῦ
769 3183 1267 3254 κατηγορουμένου,
1294 3185 1352 3236 ἐν
1377 3184 1434 3237 δὲ
1460 3184 1539 3256 τῷ
1572 3186 1679 3239 τῶν
1705 3203 1838 3257 κρυ-

249 3273 406 3326 πτῶν
428 3272 766 3345 δικαστηρίῳ
778 3274 916 3327 αὐτὰ
933 3274 1000 3329 τὰ
1026 3274 1327 3345 πράγματα
1353 3277 1485 3346 ἡμῖν
1510 3277 1837 3349 παρίσταται

249 3365 312 3417 ἐν
345 3363 425 3435 τῷ
457 3364 573 3436 ἰδίῳ
606 3365 869 3435 σχήματι,
910 3366 1148 3435 ἑκάστης
1192 3368 1466 3439 ἁμαρτίας
1494 3371 1835 3442 παρισταμέ-

251 3471 354 3525 νης
402 3456 516 3517 τοῖς
569 3455 965 3525 ἡμαρτηκόσιν.
1006 3455 1153 3509 Ἑκεῖ
1205 3457 1303 3528 μὲν
1345 3452 1438 3513 οὖν
1487 3459 1707 3532 ἔλεγχος
1757 3463 1838 3526 είς

252 3546 515 3599 σύστασιν
536 3547 636 3617 τῆς
657 3546 1055 3619 δικαιοκρισίας
1074 3548 1582 3621 παραλαμϐάνεται,
1606 3554 1837 3610 ἐνταῦθα

249 3634 310 3689 δὲ
338 3637 421 3699 είς
464 3635 752 3708 διόρθωσιν
790 3637 899 3689 τῶν
942 3637 1027 3706 ἐφ’
1060 3633 1141 3702 οἷς
1183 3639 1483 3709 ἐλέγχεται.
1527 3636 1709 3720 ’ξφ’ᾦ
1744 3644 1835 3697 τὸν

250 3723 519 3793 Τιμόθεον
549 3724 785 3797 χρῆσθαι
806 3729 836 3780 ό
867 3724 1186 3793 Ἀπόστολος
1209 3734 1481 3802 παραινεῖ.
1515 3730 1628 3796 Πᾶς
1654 3734 1834 3804 μέντοι

249 3816 495 3887 ἔλεγχος,
556 3819 805 3891 ἐναργῶς
846 3820 1257 3892 καθαπτόμενος
1307 3822 1404 3876 τοῦ
1457 3825 1831 3897 ἐλεγχομένου,

253 3909 495 3980 ἰσχυρῶς
524 3910 689 3963 αὐτὸν
741 3910 1038 3980 βασανίζει,
1084 3914 1355 3984 παριστὰς
1404 3913 1467 3967 τὸ
1500 3911 1687 3987 αἶσχος
1737 3916 1832 3972 τοῦ

249 4001 672 4073 ἁμαρτήματος,
704 4001 845 4056 ὥστε
872 4004 1088 4074 μεγάλα
1126 4002 1435 4076 εὐεργετεῖν
1457 4007 1548 4060 τὸν
1576 4007 1835 4080 ἀναισθη-

245 4088 450 4147 τοῦντα
475 4093 584 4147 τῶν
616 4093 762 4147 ίδίων
787 4095 1144 4166 πταισμάτων
1166 4097 1276 4167 (55)
1306 4099 1386 4161 είς
1413 4097 1512 4169 τὴν
1544 4100 1835 4170 συναίσθη-

249 4194 341 4237 σιν
354 4183 505 4252 άγων
530 4183 624 4236 καὶ
643 4183 1005 4255 μεταμέλειαν
1021 4185 1301 4257 ἀληθινήν.
1314 4186 1473 4242 Ποῖον
1491 4188 1598 4261 γὰρ
1613 4188 1833 4261 τραῦμα

248 4270 569 4344 σωματικὸν
591 4273 736 4327 οὕτω
762 4274 1010 4347 δριμεῖαν
1036 4278 1256 4348 ἐμποιεῖ
1277 4278 1377 4349 τὴν
1401 4278 1615 4351 ὀδύνην,
1642 4281 1833 4334 ὁποίαν

249 4360 487 4433 βάσανον
538 4363 759 4435 ἐμποιεί
795 4364 862 4436 τῇ
903 4364 1049 4436 ψυχῇ
1107 4364 1263 4434 λόγος
1312 4366 1610 4438 πληκτικδς
1633 4408 1648 4433 ,
1696 4368 1831 4422 καθ-

1946 1901 2051 1955 Sed
2084 1901 2223 1958 forte
2260 1904 2386 1958 hinc
2416 1914 2569 1973 patet
2614 1906 2894 1963 diversum
2922 1921 3074 1974 esse,
3103 1923 3211 1963 non
3262 1925 3425 1963 unum
3456 1921 3510 1964 et

1940 1990 2119 2055 idem,
2172 1994 2446 2047 nationum
2482 2009 2512 2047 a
2548 1995 2751 2064 pietate
2800 1996 3098 2051 alienarum
3164 1997 3505 2068 supplicium.

1943 2081 2225 2150 Quatenus
2259 2086 2402 2140 enim
2437 2100 2468 2140 a
2510 2086 2606 2140 Dei
2659 2087 2970 2158 cognitione
3016 2089 3366 2156 exciderunt,
3398 2097 3510 2144 tor-

1942 2174 2140 2229 mentis
2176 2174 2321 2244 digni
2352 2186 2479 2229 sunt
2504 2189 2569 2231 ac
2604 2177 2777 2246 poenis
2814 2192 3044 2233 omnes:
3078 2189 3345 2247 quatenus
3377 2193 3508 2233 vero

1940 2263 2154 2319 illorum
2182 2265 2398 2319 vivendi
2445 2266 2585 2321 ratio
2632 2268 2969 2335 comperitur
2996 2268 3244 2334 diversa,
3284 2270 3400 2324 sive
3451 2270 3505 2323 in

1941 2355 2252 2425 igno'minia:
2280 2356 2691 2426 cupiditatibus,
2723 2360 2838 2413 sive
2873 2358 2927 2412 in
2966 2357 3217 2414 admissis
3247 2361 3505 2414 adversus

1941 2449 2221 2519 proximos
2267 2446 2528 2519 ﬂagitiis,
2564 2464 2703 2520 opus
2731 2461 2819 2506 est
2844 2458 3031 2505 contra
3067 2461 3255 2521 gentes
3302 2451 3505 2522 judicio

1938 2540 2035 2595 Dei
2064 2556 2079 2594 :
2108 2539 2162 2593 in
2208 2554 2317 2608 quo
2366 2540 2561 2595 delicta
2597 2551 2784 2597 contra
2817 2542 3097 2611 proximos
3150 2551 3362 2609 patrata
3413 2556 3508 2597 ex-

1939 2630 2261 2698 pendentur.
2299 2628 2369 2683 Et
2397 2640 2580 2701 arguet
2627 2629 2877 2700 populum
2912 2632 3159 2688 multum.
3194 2631 3334 2687 Justi
3366 2632 3508 2688 illius

1934 2720 2123 2789 judicii
2153 2720 2464 2790 aequitatem
2495 2720 2931 2789 evidentiamque
2957 2722 3114 2777 nobis
3143 2732 3202 2776 ut
3236 2724 3504 2789 ostendat,

1939 2811 2217 2880 subjunin
2256 2827 2271 2865 :
2330 2808 2396 2863 Et
2448 2820 2633 2881 arguet
2680 2811 2932 2881 populum
2980 2812 3226 2866 multum.
3273 2813 3507 2883 Arguam

1941 2905 2080 2958 enim
2135 2913 2217 2968 te,
2255 2902 2465 2971 inquit,
2494 2913 2543 2957 et
2588 2913 2818 2957 statuam
2865 2916 3048 2956 contra
3075 2903 3264 2972 faciem
3292 2914 3437 2957 luam
3461 2904 3502 2957 ³.

1946 2994 2045 3050 llic
2075 2997 2238 3066 igitur
2290 3005 2455 3051 testes
2488 2996 2740 3066 producit
2769 3006 3056 3050 accusator
3085 3005 3144 3049 ut
3175 3011 3324 3050 reum
3357 2996 3504 3063 obje-

1941 3090 2044 3142 ctis
2097 3088 2420 3143 criminibus
2466 3087 2786 3152 convincat,
2819 3097 2875 3142 at
2902 3102 3031 3141 vero
3065 3089 3117 3140 in
3175 3088 3268 3141 illo
3322 3102 3501 3141 rerum

1939 3179 2383 3234 abscondilarum
2404 3179 2609 3251 judicio
2641 3194 2727 3234 res
2760 3180 2889 3247 ipsa:
2915 3181 3070 3233 nobis
3098 3194 3284 3233 coram
3318 3179 3503 3233 sisten-

1940 3279 2028 3324 tur
2056 3272 2109 3325 in
2143 3272 2362 3341 propria
2404 3272 2615 3342 specie,
2646 3270 3080 3341 quandoquidem
3123 3270 3328 3340 singula
3373 3286 3502 3339 pec-

1937 3370 2057 3417 cata
2091 3363 2161 3417 iis
2188 3365 2279 3432 qui
2312 3363 2694 3431 peccaverint,
2725 3364 2974 3431 ponenda
3026 3362 3095 3415 ob
3140 3361 3325 3415 oculos
3354 3368 3499 3415 sunt.

1937 3453 2049 3508 Illic
2095 3453 2258 3524 igitur
2297 3454 2650 3524 reprehensio
2691 3454 2757 3508 ad
2808 3452 3269 3522 comprobandam
3313 3451 3501 3520 judicii

1937 3545 2248 3615 aequitatem
2280 3547 2604 3613 adhibetur;
2643 3546 2730 3601 hic
2774 3559 2904 3600 vero
2933 3544 3000 3599 ad
3032 3543 3369 3599 emendanda
3401 3556 3462 3597 ea
3482 3583 3498 3607 ,

1937 3655 2167 3708 quorum
2218 3639 2399 3708 quivis
2449 3641 2714 3709 arguitur.
2750 3638 3111 3706 Quamobrem
3156 3638 3501 3692 Timotheum

1936 3730 2191 3784 admonet
2220 3730 2509 3798 Apostolus
2536 3730 2589 3795 δ,
2620 3740 2677 3783 ιιι
2719 3730 2818 3785 hac
2849 3729 3105 3801 arguendi
3139 3729 3349 3783 ratione
3380 3738 3471 3782 uta

1938 3828 2047 3874 tur.
2078 3820 2145 3873 Et
2182 3820 2401 3889 quidem
2449 3819 2801 3891 reprehensio
2842 3820 3019 3873 omnis
3053 3819 3226 3888 palam
3257 3832 3382 3872 eum
3408 3818 3500 3887 qui

1937 3910 2349 3980 reprehenditur
2382 3912 2773 3981 perstringens,
2812 3912 2985 3981 ipsum
3018 3911 3363 3966 vehementer
3393 3919 3499 3962 tor-

1933 4010 2098 4072 quet,
2142 4017 2263 4056 cum
2310 4004 2517 4070 peccati
2563 4003 2779 4072 detegat
2828 4002 3215 4073 turpitudinem
3259 4021 3273 4052 :
3324 4001 3397 4055 ita
3440 4009 3499 4054 ut

1932 4111 2055 4150 eum
2087 4095 2181 4164 qui
2210 4090 2356 4149 nullo
2403 4095 2728 4150 delictorum
2760 4111 2980 4150 suorum
3029 4110 3191 4150 sensu
3245 4094 3498 4164 tangeba-

1935 4194 2042 4251 tur,
2073 4200 2179 4239 non
2225 4185 2480 4239 mediocri
2518 4185 2721 4239 alliciat
2748 4185 3045 4247 beneﬁcio;
3086 4186 3286 4253 quippe
3315 4184 3381 4236 ad
3408 4197 3498 4235 eo-

1934 4293 2053 4332 rum
2086 4276 2472 4332 conscientiam
2507 4286 2562 4331 et
2594 4278 2660 4331 ad
2687 4290 2873 4331 veram
2920 4276 3291 4346 ptenitentiam
3321 4274 3498 4344 ipsum

1934 4368 2188 4423 deducat.
2225 4367 2397 4434 Quale
2442 4368 2588 4421 enim
2621 4368 2870 4436 corporis
2897 4367 3092 4422 vulnus
3123 4374 3274 4421 creat
3318 4379 3498 4420 acrem

247 4450 405 4504 ικνού
412 4468 574 4522 μενος
592 4452 688 4506 τοῦ
714 4453 1015 4517 συνειδότος
1028 4453 1139 4508 τῶν
1162 4456 1501 4527 ἐνεχομένων
1521 4460 1587 4530 τῇ
1605 4458 1834 4532 αίσχύνῃ

1943 4458 2175 4513 dolorem
2231 4459 2536 4529 ejusmodi,
2596 4459 2897 4528 cujusmodi
2950 4458 3253 4513 cruciatum
3307 4456 3497 4511 anima

243 4540 361 4594 τῶν
393 4541 581 4607 κακῶς
609 4545 1021 4615 πεπραγμένων
1056 4544 1200 4617 (56);

1940 4552 2081 4620 parit
2112 4566 2293 4607 sermo
2323 4552 2752 4622 objurgatorius,
2784 4564 2907 4607 cum
2938 4565 3125 4606 eorum
3154 4549 3243 4615 qui
3270 4548 3496 4617 turpitu'

244 4634 378 4688 dine
407 4643 464 4689 et
496 4635 787 4703 opprobrio
822 4651 1002 4691 rerum
1046 4638 1186 4692 male
1220 4646 1497 4706 gestarum
1538 4654 1877 4709 premuntur,
1909 4643 2301 4699 conscientiam
2331 4643 2695 4714 perstringit?

319 4818 342 4849 ³
365 4815 511 4871 Psal.
543 4832 738 4882 um,
772 4818 826 4881 1,
855 4816 913 4873 2.
990 4818 1009 4850 '
1035 4818 1178 4874 Psal.
1225 4835 1385 4886 χιιι,
1430 4820 1520 4874 21.
1597 4821 1619 4852 ⁸
1651 4821 1691 4874 ll
1724 4821 1855 4876 Tim.

1943 4838 1975 4885 ι,
2014 4822 2070 4876 2.

319 5020 439 5090 (5|)
474 5023 586 5073 Ter
612 5022 983 5090 προφητικὸν
1010 5020 1192 5092 λέγει.
1220 5020 1399 5075 Monet
1434 5021 1813 5087 Combeiisins,

243 5091 391 5146 hanc
419 5104 544 5145 esse
593 5093 1006 5159 responsionem
1047 5090 1381 5152 Judmorum,
1407 5106 1567 5158 quam
1605 5092 1813 5145 conlin—

241 5159 609 5232 gitpasiiins,
641 5170 746 5213 neu
771 5161 945 5229 ipsius
969 5160 1155 5215 Basilii
1186 5163 1566 5232 assertionem.

318 5228 563 5311 (δῇ-δίο
587 5244 722 5284 mss.
761 5228 1009 5311 plerique
1044 5246 1258 5311 omnes.
1308 5231 1467 5311 Editi,
1492 5230 1813 5311 γενομένην2

1916 5023 1966 5073 in
2001 5020 2275 5101 veteribus
2304 5020 2508 5074 nostris
2539 5020 2689 5073 libris
2722 5018 3003 5082 scribitur,
3036 5018 3301 5090 παριστᾷ,
3331 5027 3385 5070 et
3413 5021 3494 5072 sic

1915 5104 2260 5156 scripsimus.

1979 5155 2098 5240 $53)
2142 5159 2320 5240 [111“th
2341 5159 2483 5240 ὥστε
2535 5159 2709 5240 μάλα,
2739 5156 3185 5240 εὐεργετεϊντὸν
3232 5155 3496 5240 άναισθητ

1913 5227 2107 5283 τοῦντα
2122 5228 2231 5281 τῶν
2254 5230 2397 5283 ἰδίων
2413 5227 2848 5300 ἁμαρτημάτων.
2869 5232 2936 5280 At
2960 5228 3236 5300 nostrisex
3266 5241 3392 5300 mss_.
3418 5227 3495 5278 uti

241 5295 351 5354 Hie
377 5295 624 5353 imitatus
648 5311 731 5354 est
762 5295 1156 5356 Commentarii
1194 5310 1383 5354 auctor
1411 5295 1695 5360 Basilium,
1722 5295 1816 5369 qui
1916 5301 1970 5353 in
2000 5308 2272 5353 contextu.
2322 5295 2574 5369 lloeipso
2602 5295 2800 5369 inloco
2826 5307 3053 5369 uterque
3082 5296 3247 5351 Coll).
3278 5304 3336 5348 et
3360 5295 3494 5362 Reg.

243 5371 302 5424 in
334 5369 603 5439 psalmum
618 5385 710 5424 ιιι
729 5371 869 5424 dixit
893 5383 949 5425 et
973 5371 1089 5439 ipse
1121 5370 1331 5423 Domini
1356 5385 1597 5433 carnem,
1631 5370 1819 5438 θεοφό-

1916 5371 2203 5430 secundns,
2227 5365 2589 5438 μεταμέλειαν
2621 5365 2900 5437 ἀληθινήν.
2937 5366 3042 5438 Alii
3063 5377 3172 5438 tres
3206 5378 3335 5419 mss.
3375 5379 3495 5416 cum

244 5436 638 5526 poiﬁubilnde
665 5456 796 5526 mss.
827 5436 1091 5505 nonnulli,
1124 5441 1433 5493 ἐπισκοπεῖ.
1472 5441 1574 5526 Α]ἰί
1599 5436 1816 5508 quidam

1943 5439 2104 5526 alitis,
2119 5436 2479 5526 μεταμέλειαν
2494 5438 2770 5526 ἀλγεινὴν,
2786 5436 2852 5489 ad
2870 5436 3221 5518 pwnitenliam
3235 5448 3494 5526 creperum.

239 5508 303 5565 et
329 5508 484 5571 editi,
513 5509 832 5563 ἐπεσκόπει.

343 5578 437 5646 55)
467 5578 540 5632 Ita
582 5592 677 5634 sex
708 5596 838 5634 mss.
868 5576 1071 5633 Vocula
1105 5577 1212 5646 ἔξω
1243 5579 1312 5633 ab
1340 5579 1502 5634 editis
1540 5578 1749 5634 aberat.

380 5647 434 5718 4)
463 5648 628 5715 Editi,
652 5650 890 5719 ἐπήγετο
921 5648 1036 5705 καί.
1078 5649 1151 5701 At
1196 5664 1333 5713 mss.
1378 5648 1603 5719 aliquot
1640 5649 1715 5702 uti
1768 5648 1820 5702 in

243 5726 528 5774 contextu.
556 5718 757 5777 Statim
779 5720 867 5775 ubi
899 5720 954 5775 in
980 5719 1197 5776 excusis
1226 5719 1440 5789 legitur,
1471 5718 1822 5790 παρίστησιν,

1996 5503 2665 5581 (56)Ita__etne_ndandum
2705 5503 3021 5581 censuimus
3053 5520 3118 5559 ex
3151 5503 3357 5581 nostris
3402 5517 3496 5555 se:

1927 5574 2057 5632 ms's.
2087 5578 2145 5630 In
2176 5578 2334 5647 editis
2381 5578 2600 5645 legitur,
2642 5574 3016 5647 βεϐιωμένων,
3067 5576 3254 5629 eodem
3304 5587 3488 5647 sensu.

1926 5647 2039 5719 μοι)
2066 5649 2140 5719 ita
2161 5646 2336 5719 multo
2366 5641 2686 5719 po§t__i_idein
2730 5641 2902 5707 nostri
2933 5658 3027 5705 sex
3063 5659 3220 5719 mssa,
3250 5641 3491 5717 μεταϐα-

1927 5717 2061 5773 λεῖν.
2099 5717 2261 5785 Editi,
2295 5714 2671 5788 μεταϐάλλειν.
2972 5740 2975 5745 ·
