3828 6216
368 332 471 392 845

1317 330 1659 386 APPENDIX
1701 329 1990 387 OPERUM
2031 328 2089 385 S.
2130 326 2374 383 BASILll
2413 322 2649 381 MAGNI.

437 451 526 505 74.
572 447 636 502 Et
666 449 1000 518 confringant
1032 446 1235 518 gladios
1263 463 1386 502 suos
1420 449 1474 502 in
1505 459 1710 512 aratra,
1743 457 1788 501 et
1819 446 1933 499 lan-

2106 444 2195 496 74.
2231 443 2340 497 Καὶ
2380 441 2765 510 συγκόψουσι
2804 434 2910 500 τὰς
2944 430 3242 501 μαχαίρας
3279 427 3483 520 anno:

368 551 486 590 ερατ
537 551 659 588 sua:
709 539 762 588 in
807 517 992 602 falces.
1036 517 1146 591 illic
1195 546 1278 591 est
1329 521 1764 606 abjurgationum
1813 534 1933 588 ﬁnis

2043 533 2271 601 ἄροτρα,
2293 532 2389 584 καὶ
2418 529 2524 594 τὰς
2549 529 2782 590 ζὶϐὐνας
2807 523 3004 578 αὐτῶν
3027 525 3114 586 εἰς
3137 520 3423 589 δρέπανα.
3441 517 3616 570 Τοῦτό

359 617 616 696 perutilis
639 669 655 694 ,
681 629 747 682 ad
782 627 1069 697 pacificum
1099 637 1154 683 et
1188 628 1537 696 tranquillum
1575 638 1772 683 statum
1810 626 1933 680 belli

369 729 642 773 amatores
678 733 739 772 ac
788 719 1114 774 tutnultuum
1169 730 1422 775 auctores
1463 717 1778 774 transferre.
1811 718 1935 772 Cui-

369 813 452 864 vis
493 821 672 863 autem
709 821 1040 880 compertum
1069 821 1152 866 est
1205 828 1269 866 ac
1301 820 1642 882 perspectum
1669 852 1685 876 ,
1723 809 1933 866 Christi

371 901 543 971 l-gem
572 916 636 956 ac
664 916 992 966 sermonem,
1026 919 1147 958 cum
1174 905 1324 974 pacis
1354 918 1417 957 ac
1445 901 1747 958 concordiae
1773 914 1936 956 causa

367 993 440 1046 sit
477 1003 531 1045 et
577 994 734 1063 origo
761 1033 778 1058 ,
824 995 890 1049 iis
925 995 1016 1064 qui
1046 995 1203 1064 longe
1235 1003 1289 1050 et
1334 1008 1500 1063 prope
1532 1001 1690 1047 erant
1732 991 1932 1062 positi,

367 1097 552 1150 pat'eltl
579 1084 958 1138 annuntiasse.
1009 1082 1195 1152 itaque
1225 1092 1278 1136 et
1321 1081 1492 1136 Judaei
1517 1089 1572 1135 et
1597 1089 1785 1148 gentes
1812 1077 1934 1131 belli

369 1175 667 1242 deposuere
705 1176 1065 1228 instrumenta
1096 1190 1112 1228 :
1166 1183 1276 1227 tum
1306 1189 1428 1242 qua:
1467 1175 1521 1226 in
1551 1184 1844 1240 congressu
1876 1180 1934 1224 et

376 1261 432 1314 in
470 1261 662 1330 pugnis
687 1262 934 1317 cominus
968 1261 1274 1318 commissis
1316 1276 1380 1316 ac
1417 1260 1660 1315 statariis
1683 1257 1933 1312 adhiberi

368 1353 581 1417 solent,
632 1369 752 1423 quae
782 1355 996 1409 vocavit
1039 1354 1302 1424 propheta
1352 1353 1636 1423 gladium:
1675 1359 1786 1406 tum
1817 1365 1937 1420 quae

368 1444 436 1496 ad
462 1443 754 1498 vindictam
788 1443 1002 1500 eminus
1039 1444 1353 1498 sumendam
1381 1443 1684 1506 cuduntur;
1713 1455 1830 1510 quae
1860 1439 1938 1494 ait

367 1548 488 1589 esse
517 1534 701 1589 hastas
743 1543 797 1590 et
836 1535 1074 1591 lanceas.
1103 1535 1215 1589 lmo
1247 1535 1363 1590 haec
1400 1534 1730 1588 ferramenta
1764 1533 1817 1587 in
1851 1532 1936 1587 in-

367 1633 667 1678 strumenta
693 1625 1058 1694 agricolationi
1085 1625 1435 1681 accommoda
1461 1639 1489 1676 a
1517 1624 1684 1679 verbo
1701 1622 1843 1692 quod
1870 1623 1936 1676 de

367 1710 668 1767 Jerusalem
717 1727 989 1783 egressum
1026 1723 1145 1778 est,
1184 1713 1355 1769 voluit
1399 1711 1698 1767 immutari.
1728 1710 1935 1778 Quamv

2035 628 2150 679 ἐστι
2205 625 2267 678 τὸ
2319 623 2616 695 εὔχρηστον
2646 619 2797 681 τέλος
2836 616 2944 670 τῶν
2986 615 3246 684 ἐλέγχων,
3289 609 3614 690 μεταϐαλεῖν

2037 716 2172 786 πρὸς
2224 715 2506 786 εἰρηνικὴν
2547 711 2878 767 κατάστασιν
2927 707 3051 770 τοὺς
3090 701 3482 775 φιλοπολέμους
3521 699 3613 752 καὶ

2034 804 2383 876 ταραχώδεις.
2437 802 2604 873 Δῆλον
2637 801 2692 853 δὲ
2747 798 2928 859 παντὶ,
2972 797 3053 848 ὃτι
3101 797 3130 846 6
3178 788 3412 862 Χριστοῦ
3449 788 3613 857 νόμος

2036 899 2133 950 καὶ
2164 896 2275 966 (57)
2305 895 2482 963 λόγος,
2520 893 2582 946 τὸ
2630 891 2902 963 εἰρηνικὸν
2952 888 3046 941 καὶ
3084 882 3417 954 συμϐατικὸν
3452 879 3612 948 ἔχων.

2036 991 2257 1060 εἰρήνην
2293 986 2529 1057 ἐκήρυξε
2563 987 2674 1045 τοῖς
2705 982 2918 1054 μακρὰν
2959 979 3052 1032 καὶ
3083 977 3194 1038 τοῖς
3241 972 3436 1040 ἐγγύςο
3471 969 3612 1021 ὥστε

2036 1081 2132 1133 καὶ
2161 1078 2285 1140 τοὺς
2317 1076 2605 1138 Ἰουδαίους
2630 1074 2722 1127 καὶ
2753 1072 2878 1135 τοὺς
2919 1070 2978 1136 ἐξ
3010 1066 3179 1121 ἐθνῶν
3206 1062 3612 1132 καταθεμένους

2036 1171 2104 1226 τά
2131 1169 2547 1240 πολεμιστήρια,
2579 1166 2650 1220 τά
2685 1183 2743 1218 τε
2783 1163 2922 1236 πρὸς
2965 1162 3064 1231 τὴν
3113 1161 3177 1211 ἐκ
3211 1155 3301 1210 τοῦ
3349 1153 3619 1220 σύνεγγυς

2034 1264 2094 1316 ἐν
2123 1265 2236 1325 τοῖς
2269 1259 2532 1327 συστάδην
2569 1256 2874 1328 γινομένοις
2905 1253 3014 1325 (58)
3054 1249 3230 1318 ἀγῶσι
3260 1244 3614 1316 συμπλοκὴν,

2036 1353 2194 1406 ἅτινα
2223 1348 2346 1404 εἷπε
2389 1351 2681 1421 μάχαιραν,
2720 1348 2815 1401 καὶ
2853 1346 2922 1398 τά
2959 1344 3093 1415 πρὸς
3134 1341 3341 1410 ἄμυναν
3382 1336 3478 1408 τὴν
3527 1333 3620 1386 διὰ,

2041 1442 2250 1515 μακροῦ
2304 1438 2827 1513 παρεσκευασμένα,
2877 1437 3032 1490 ἅτινα
3077 1429 3213 1485 εἶναι
3271 1430 3474 1499 δόρατα
3519 1424 3618 1478 καὶ

2037 1534 2256 1598 ζιδύνας
2283 1532 2447 1603 φησί’
2487 1530 2660 1583 ταῦτα
2694 1527 2803 1598 (59)
2838 1527 2896 1579 δέ
2943 1527 3020 1588 εἰς
3065 1523 3134 1576 τὰ
3187 1521 3287 1590 τῆς
3335 1517 3618 1589 γεωργίας

2036 1625 2290 1697 ἐργαλεῖα
2323 1621 2749 1694 μετασκευάζειν
2778 1618 2868 1671 τὸν
2897 1617 3057 1684 λόγον
3085 1614 3175 1668 τὸν
3198 1615 3262 1666 ἐκ
3279 1612 3376 1682 τῆς
3414 1611 3617 1680 Ἰερου-

2038 1718 2240 1789 σαλὴμ,
2296 1719 2435 1776 ὥστε
2491 1713 2591 1783 τὴν
2639 1709 2941 1782 φθαρτικὴν
2979 1709 3248 1779 μάχαιραν
3283 1703 3616 1789 σπερμάτων

366 1807 551 1867 obrem
595 1807 862 1862 exitiosus
892 1806 983 1861 ille
1005 1807 1214 1877 gladius
1255 1806 1478 1860 idoneus
1526 1815 1637 1870 est,
1669 1804 1759 1873 qui
1791 1803 1933 1857 vita—

2043 1788 2340 1872 ζωοποιῶν,
2366 1805 2473 1858 τῶν
2503 1805 2568 1856 ἐκ
2599 1803 2699 1872 τῆς
2729 1799 2920 1869 σοφίας
2963 1796 3329 1866 ἐγγινομένων
3359 1794 3479 1852 ταῖς
3527 1788 3619 1840 λο-

367 1895 436 1948 Iia
465 1896 671 1951 semina
719 1897 1006 1952 animabus
1057 1897 1265 1950 ratione
1298 1895 1540 1965 praeditis
1584 1907 1682 1964 per
1715 1893 1933 1961 sapien-

2043 1902 2219 1968 γικαῖς
2244 1897 2464 1968 ψυχαῖς,
2511 1890 2650 1947 εἶναι
2681 1888 3198 1964 παρασκευαστικήν
3224 1903 3237 1916 ο
3267 1884 3497 1956 ἄροτρον
3523 1897 3618 1949 γε·-

365 1989 498 2043 tiam
537 1989 701 2045 insita
730 2001 1032 2060 praeparet:
1069 1991 1270 2061 quippe
1315 1991 1406 2060 qui
1444 1989 1515 2045 sit
1548 2003 1846 2045 conversus
1877 1989 1929 2042 in

365 2088 628 2148 aratrum,
666 2082 808 2150 quod
837 2097 900 2137 ea
927 2097 1047 2152 qua:
1071 2084 1475 2144 obduruerant,
1501 2080 1729 2146 emollit,
1748 2080 1934 2136 avellit

365 2171 585 2239 spinas,
647 2179 703 2227 et
753 2187 815 2228 ea
881 2175 1078 2245 quibus
1131 2175 1308 2244 gratia
1347 2173 1587 2230 ctelestis
1645 2173 1932 2228 incolumis

364 2272 630 2330 scrvetur,
661 2273 900 2333 praestat.
927 2265 1143 2322 Lancea
1183 2276 1360 2322 autem
1383 2305 1400 2333 ,
1426 2267 1583 2336 cujus
1611 2275 1697 2321 est
1716 2266 1929 2321 eminus

364 2351 628 2422 impetere
655 2369 720 2410 ac
746 2356 1046 2425 propellere
1068 2399 1084 2425 ,
1114 2359 1169 2411 in
1211 2357 1264 2412 id
1297 2359 1559 2412 vertenda
1579 2366 1736 2422 erat,
1767 2355 1930 2428 432

365 2443 448 2498 cui
494 2443 634 2501 inest
665 2446 892 2502 facultas
933 2450 1187 2504 cominus.
1207 2448 1497 2520 colligendi
1524 2487 1539 2514 ,
1586 2447 1933 2503 societatem-

365 2547 471 2603 que
518 2537 872 2593 conciliandi.
927 2539 1062 2594 Nam
1110 2540 1376 2610 ejusmodi
1423 2539 1592 2596 falces
1636 2547 1835 2610 cogunt
1876 2541 1930 2595 in

366 2638 527 2679 unum
549 2626 793 2696 dispersa
818 2671 832 2696 ,
855 2640 911 2685 et
943 2631 996 2685 in
1029 2647 1195 2686 unum
1218 2632 1576 2701 eamdemque
1603 2631 1930 2701 manipulum

367 2717 544 2787 spicas.
594 2721 920 2792 astringunt.
980 2723 1077 2776 Est
1132 2723 1301 2793 igitur
1349 2722 1630 2778 rationalis
1683 2723 1930 2792 quaedam

368 2808 598 2877 messis,
635 2811 700 2864 ad
736 2827 897 2880 quam
939 2812 1295 2884 colligendam
1322 2827 1461 2882 opus
1499 2813 1572 2868 sit
1606 2813 1813 2868 idoneis
1845 2814 1931 2867 in-

365 2902 722 2964 strumentis,
743 2903 808 2957 de
836 2917 938 2972 qua
963 2904 1166 2959 dictum
1201 2913 1326 2958 est:
1376 2903 1562 2960 Levale
1615 2903 1794 2958 oculos
1844 2921 1932 2958 ve-

364 3002 523 3054 stros,
559 3000 609 3044 et
637 2993 800 3046 videte
822 2995 949 3063 quia
981 2997 1220 3064 regiones
1243 2994 1379 3049 alba:
1405 3006 1524 3049 sunt
1559 2996 1602 3050 ³.
1635 2994 1804 3050 Nemo
1833 2995 1932 3065 igi-

365 3087 455 3133 tur
495 3079 637 3134 bella
679 3083 882 3145 sciens,
917 3083 987 3137 ad
1033 3083 1173 3138 hanc
1219 3099 1450 3138 messem
1489 3093 1648 3154 aptus
1685 3094 1785 3139 est.
1825 3084 1931 3138 Sed

2033 1993 2263 2063 νομένην
2317 1986 2591 2043 ἁπαλῦνον
2643 1986 2712 2039 τὰ
2765 1980 3150 2054 πεπωρωμένα
3184 1977 3316 2049 (40),
3369 1973 3616 2035 ἀκάνθας

2032 2084 2356 2155 ἀνατρέπον,
2385 2079 2638 2153 οὐρανίας
2660 2077 2883 2149 χάριτος
2911 2072 3294 2143 φυλακτηρίων
3316 2068 3428 2139 (Η)
3459 2083 3618 2134 ποιη-

2031 2173 2202 2226 τικόν.
2243 2173 2307 2224 Ἠ
2333 2171 2388 2224 δὲ
2421 2169 2634 2239 ζιϐύνη,
2665 2167 2728 2219 τὸ
2758 2163 3040 2236 πόρρωθεν
3071 2157 3478 2221 κατακοντίζον,
3514 2157 3613 2208 καὶ

2032 2263 2416 2334 ἀπωθούμενον
2449 2263 2528 2324 είς
2556 2261 2616 2314 τὸ
2647 2257 2970 2313 συνακτικὸν
2998 2257 3062 2310 ἐκ
3083 2254 3175 2308 τοῦ
3202 2255 3487 2321 σύνεγγυς,
3517 2249 3616 2302 καὶ

2032 2356 2314 2419 κοινωνίας
2357 2353 2684 2408 συνδετικὸν.
2742 2352 3000 2408 Τοιαῦται
3045 2347 3155 2419 γὰρ
3215 2349 3271 2400 αἱ
3319 2343 3607 2417 δρεπάναι,

2034 2446 2358 2515 συνάγουσαι
2405 2444 2478 2498 τά
2529 2442 3011 2513 διεσκορπισμένα,
3063 2438 3159 2492 καὶ
3204 2439 3285 2497 εἰς
3329 2433 3616 2488 κοινωνίαν

2032 2537 2343 2608 δράγματος
2376 2537 2690 2590 συνδέουσαι
2728 2537 2855 2599 τοὺς
2896 2533 3190 2603 ἀστάχυας.
3224 2531 3409 2582 Ἔστιν
3437 2520 3531 2578 οὖν
3559 2541 3618 2576 τι

2033 2629 2128 2681 καὶ
2156 2627 2370 2696 λογικὸν
2405 2627 2586 2698 θέρος,
2619 2628 2700 2690 εἰς
2728 2625 2756 2678 ὃ
2778 2624 2935 2696 χρεία
2966 2623 3075 2676 τῶν
3103 2617 3421 2690 ἐπιτηδείων
3445 2613 3618 2687 ὀργά-

2031 2739 2157 2782 νων,
2183 2720 2311 2791 περί
2326 2712 2387 2773 οῦ
2418 2722 2630 2791 εἴρηται
2653 2719 2757 2783 ὅτι,
2789 2717 3077 2784 Ἐπὰρατε
3100 2713 3241 2778 τοὺς
3263 2706 3619 2780 ὀφθαλμοὺς

2031 2810 2217 2879 ὑμῶν,
2251 2811 2348 2864 καὶ
2390 2809 2544 2863 ἴδετε
2571 2808 2656 2862 ὅτι
2683 2811 2743 2861 αἱ
2777 2805 2958 2876 χῶραι
2978 2805 3192 2859 λευκαί
3215 2805 3394 2856 εἰσιν.
3425 2799 3622 2861 Οὐδεὶς

2031 2901 2124 2956 οῦν
2156 2901 2512 2973 πολεμοποιὸς
2542 2902 2678 2972 πρὸς
2697 2899 2789 2952 τὸν
2817 2897 3073 2969 θερισμὸν
3101 2895 3420 2966 ἐπιτήδειος.
3452 2890 3620 2942 Ἀλλὰ

2032 2995 2158 3057 τοὺς
2192 2993 2352 3057 ἰδίους
2387 2992 2635 3063 μαθητάς
2664 2990 2800 3061 πρὸς
2838 2989 2928 3042 τὸν
2973 2987 3228 3058 θερισμὸν
3271 2983 3459 3038 τοῦτον
3508 2983 3620 3035 ἀπ-

2034 3085 2262 3149 έστειλε,
2289 3085 2417 3154 περὶ
2439 3079 2514 3136 ὧν
2547 3083 2641 3136 καὶ
2666 3077 2817 3134 εἶπεν
2837 3096 2850 3108 ·
2884 3079 2945 3131 '0
2963 3077 3078 3147 μὲν
3094 3075 3372 3145 θερισμὸς
3391 3072 3618 3138 πολὺς,

363 3181 493 3221 suos
518 3168 808 3240 discipulos
833 3173 902 3226 ad
942 3173 1080 3228 hanc
1107 3181 1349 3242 segetem
1385 3173 1758 3228 demetendam
1794 3174 1926 3227 emi-

2043 3181 2086 3231 οἱ
2109 3177 2178 3231 δὲ
2207 3177 2447 3246 ἐργάται
2481 3176 2692 3244 ὀλίγοι.
2722 3173 2945 3235 Τούτοις
2995 3166 3087 3224 οῦν
3142 3173 3254 3233 τοῖς
3312 3169 3618 3237 θερισταῖς,

363 3258 438 3314 ait
461 3298 476 3321 ,
519 3259 588 3314 de
623 3263 819 3328 qmbus
851 3263 967 3315 ait:
1000 3261 1190 3316 Messi;
1224 3264 1434 3330 quidem
1463 3263 1630 3317 multa
1659 3305 1674 3328 ,
1708 3265 1934 3326 operarii

365 3357 541 3402 autem
568 3350 728 3418 panci
769 3350 810 3404 ⁸.
858 3350 1047 3419 itaque
1090 3351 1397 3424 ltujusmodi
1436 3353 1766 3407 messoribus
1790 3393 1805 3418 ,
1845 3362 1934 3408 ut-

365 3451 490 3508 pote
522 3441 942 3499 instruntentum
972 3445 1096 3500 belli
1139 3447 1194 3501 in
1234 3447 1492 3501 cordibus
1529 3447 1643 3502 suis
1700 3463 1805 3501 non
1839 3461 1935 3517 ge-

364 3533 656 3602 stantibus,
678 3545 996 3604 potestatem
1019 3536 1441 3594 deditaﬂ'erendi
1456 3554 1641 3608 pacem
1664 3540 1932 3608 domibus,

365 3643 499 3698 quas
531 3637 712 3684 essent
741 3629 1038 3699 ingressuri
1063 3631 1107 3683 ⁷.

436 3719 524 3774 75.
558 3719 630 3776 Et
673 3737 774 3775 non
804 3723 1020 3792 accipiet
1053 3739 1176 3792 gens
1215 3732 1400 3777 contra
1441 3732 1639 3793 gentem
1661 3722 1930 3794 'gladium.

367 3809 616 3875 Quandiu
666 3813 884 3879 quidem
940 3814 1115 3867 instar
1155 3814 1295 3884 ignis
1329 3814 1615 3870 desaeviret
1656 3816 1938 3868 mundana:

366 3902 649 3970 sapientia:
673 3889 874 3968 sermo,
905 3915 1095 3976 gentes
1127 3905 1180 3960 in
1213 3920 1274 3961 se
1300 3906 1531 3962 invicem
1558 3907 1933 3976 insurgebant,

367 3993 568 4062 quippe
615 4009 736 4063 qua:
789 3997 1056 4051 sermonis
1108 3998 1344 4067 gladium
1397 3997 1553 4053 valde
1613 4006 1933 4060 exacutum,

367 4098 602 4153 eumque
650 4086 1004 4141 meditatione
1034 4103 1098 4142 ac
1137 4104 1316 4144 rerum
1351 4090 1709 4160 probabilium
1758 4091 1937 4160 specie

367 4172 660 4244 fulgentem
692 4177 746 4230 in
772 4191 830 4232 se
871 4177 1099 4231 invicem
1129 4179 1535 4249 distringerent.
1566 4180 1671 4235 Sed
1704 4181 1792 4235 ubi
1823 4181 1936 4249 pri-

369 4278 514 4316 mum
567 4263 786 4319 advenit
816 4280 918 4334 pax
949 4275 1132 4320 nostra
1159 4266 1204 4331 9,
1238 4267 1454 4338 Deoque
1480 4269 1652 4338 gloria
1693 4270 1745 4324 iu
1779 4269 1934 4324 altis-

369 4356 540 4420 simis,
577 4365 632 4412 et
663 4358 716 4410 in
750 4369 892 4412 terra
922 4372 1028 4426 pax
1050 4359 1357 4414 annuntiari
1386 4361 1551 4432 coepit
1573 4363 1616 4427 ⁸,
1637 4372 1747 4416 tum
1775 4377 1938 4418 omne

368 4448 526 4502 simul
545 4449 1105 4520 mendaciumyeritas
1121 4452 1188 4506 ad
1209 4451 1480 4510 silentium
1500 4455 1724 4523 redegit.
1743 4453 1938 4521 Quem-

368 4539 654 4598 admodum
703 4543 891 4608 enim,
939 4543 1120 4612 aquila
1183 4543 1431 4598 alicunde
1477 4545 1533 4598 in
1585 4557 1934 4616 conspectum

367 4631 597 4701 desuper
627 4634 876 4689 veniente
899 4675 915 4701 ,
941 4637 1120 4690 avium
1169 4636 1476 4706 loquacium
1506 4639 1798 4708 garrulitas
1836 4640 1934 4693 de-

367 4732 586 4792 repente
633 4725 941 4795 conticuit,
992 4728 1068 4782 ita
1117 4741 1227 4783 non
1266 4728 1497 4799 amplius
1555 4729 1648 4785 alii
1705 4730 1931 4786 aliorum

2031 3269 2121 3323 διά
2147 3269 2208 3322 τὺ
2240 3270 2314 3340 μὴ
2345 3267 2490 3338 ἔχειν
2535 3266 2774 3337 πολέμου
2809 3265 3039 3335 ὄργανον
3091 3264 3148 3313 ἐν
3178 3262 3299 3323 ταῖς
3338 3258 3622 3337 καρδίαις,

2033 3361 2200 3414 ἔδωκε
2226 3359 2450 3429 δύναμιν
2475 3357 2568 3410 τοῦ
2596 3357 2870 3426 ἐναφιέναι
2899 3353 3008 3424 (42)
3034 3353 3254 3424 εἰρήνην
3283 3352 3399 3430 τοῖς
3423 3351 3618 3413 οἴκοις,

2034 3453 2114 3515 εἰς
2142 3449 2236 3514 οὓς
2267 3448 2334 3504 ἂν
2358 3448 2693 3502 εἰσέλθωσιν.

2105 3729 2194 3784 75.
2221 3727 2329 3783 Καὶ
2363 3728 2435 3781 οὐ
2464 3725 2723 3794 λήψεται
2752 3725 2928 3788 ἔθνος
2962 3722 3052 3776 ἐπ’
3079 3719 3255 3784 ἔθνος
3288 3717 3622 3788 μάχαιραν.

2039 3822 2182 3885 Ἕως
2217 3821 2313 3891 μὲν
2341 3821 2624 3891 ἐνηργεῖτο
2650 3815 2928 3886 διαπύρως
2965 3817 2994 3868 6
3025 3815 3124 3885 τῆς
3153 3811 3246 3865 τοῦ
3276 3811 3485 3880 κόσμου
3526 3827 3625 3862 σο-

2036 3912 2164 3980 φίας
2186 3911 2360 3978 λόγος,
2389 3909 2632 3979 ἀλλήλων
2669 3905 2738 3960 τὰ
2784 3906 2909 3976 ἐθνη
2962 3902 3447 3964 κατεπανίσταντο,
3487 3917 3626 3968 σφο-

2034 4003 2177 4074 δρῶς
2231 4001 2572 4072 ἠκονημένην
2625 4002 2690 4070 τῇ
2765 3997 2961 4069 μελέτῃ
3021 3995 3116 4049 καὶ
3173 3997 3240 4066 τῇ
3296 3993 3624 4062 πιθανότητι

2038 4097 2356 4150 στίλϐουσαν
2397 4095 2489 4147 τοῦ
2523 4094 2681 4162 λόγου
2717 4091 2816 4163 τὴν
2873 4090 3149 4162 μάχαιραν
3198 4087 3451 4158 ἀλλήλοις
3490 4087 3624 4141 ἀντ-

2037 4189 2418 4259 επιφέροντες.
2465 4185 2682 4255 Ἐπειδὴ
2707 4185 2762 4238 δὲ
2787 4179 2949 4255 ἦλθεν
2984 4185 3018 4254 ἡ
3063 4181 3174 4252 (45)
3213 4181 3406 4251 εἰρήνη
3430 4179 3622 4249 ἡμῶν,

2037 4279 2130 4331 καὶ
2157 4277 2467 4348 κατηγγέλη
2499 4276 2626 4341 δόξα
2677 4276 2736 4327 ἐν
2781 4273 3025 4342 ὑψίστοις
3069 4270 3207 4339 Θεῷ,
3251 4269 3343 4321 καὶ
3382 4268 3476 4320 ἐπὶ
3512 4268 3624 4338 γῆς

2037 4371 2248 4441 εἰρήνη,
2274 4369 2415 4422 ἅπαν
2448 4367 2584 4438 ὁμοῦ
2629 4365 2690 4418 τὸ
2718 4364 2914 4434 ψεῦδος
2934 4366 3002 4434 τῇ
3033 4361 3261 4432 ἀληθείᾳ
3287 4359 3621 4430 ὑπεσιώπη-

2040 4477 2150 4518 σεν,
2186 4461 2395 4532 Ὥσπερ
2425 4459 2626 4530 ὀρνέων
2657 4457 2832 4511 λάλων
2868 4452 3428 4523 πολυφωνία·ἀθρόως
3481 4469 3622 4504 κατ-

2040 4548 2323 4618 εσιγάσθη,
2354 4547 2510 4601 ἀετοῦ
2557 4545 2719 4599 ποθεν
2765 4547 2948 4607 αὐτοῖς
2979 4542 3330 4612 ἐπιφανέντος
3368 4539 3578 4593 ἄνωθεν
3600 4559 3616 4570 ο

2039 4641 2220 4694 οὐκέτι
2246 4641 2372 4703 τοὺς
2400 4640 2642 4706 ἀλλήλων
2669 4637 3062 4692 καταϐάλλουσι
3086 4635 3275 4702 λόγους
3294 4648 3307 4664 ·
3331 4634 3359 4685 6
3388 4633 3508 4702 μὲν,
3540 4633 3620 4704 μὴ

2039 4729 2179 4784 εἶναι
2215 4730 2468 4801 πρόνοιαν
2490 4730 2549 4782 τὸ
2577 4729 2859 4799 παράπαν,
2883 4731 2910 4783 6
2937 4727 2993 4782 δὲ
3025 4727 3188 4798 μέχρι
3219 4722 3450 4795 σελήνης
3475 4743 3617 4794 προ-

434 4874 457 4907 ³
483 4873 640 4932 Joan.
671 4893 744 4946 Iv,
775 4877 866 4934 '55.
943 4883 964 4915 ⁸
989 4882 1122 4940 Luc.
1147 4897 1182 4935 ι
1203 4920 1218 4941 .
1245 4882 1303 4938 2.
1378 4884 1400 4916 ⁷
1432 4882 1629 4940 Matth.
1658 4900 1695 4940 ι
1765 4885 1855 4940 ιε.
1929 4888 1933 4915 ⁴

2043 4887 2172 4942 νικος.
2195 4901 2272 4950 ιι,
2297 4885 2384 4940 14.
2459 4885 2480 4916 ⁸
2517 4885 2650 4940 Luc.
2675 4898 2746 4949 ιι,
2781 4885 2867 4940 14.

432 5011 546 5082 (3'?)
576 5011 670 5082 Stc
697 5025 829 5082 mss.
860 5022 1113 5080 quatuor.
1139 5012 1282 5067 Editi
1331 5021 1386 5066 et
1429 5030 1570 5069 unus
1614 5029 1737 5082 ms.,
1763 5017 1856 5070 καὶ
1882 5017 1931 5070 ὁ.

433 5080 547 5154 (58)
575 5081 717 5136 Editi
751 5092 808 5136 et
854 5085 960 5139 duo
1004 5098 1137 5139 mss.
1173 5083 1507 5154 γενομένοις.
1541 5085 1644 5139 Alii
1672 5080 1930 5154 qnatuor,

367 5153 686 5222 γινομένοις.
1310 5153 1314 5154 ⁷
1377 5183 1380 5185 -
1689 5153 1702 5154 ί

367 5290 372 5291 ί
433 5221 546 5291 (59)
578 5221 656 5291 Ita
689 5221 861 5275 nostri
912 5236 1010 5277 sex
1061 5235 1194 5277 mss.
1239 5223 1308 5275 At
1346 5223 1509 5289 editi,
1541 5222 1766 5288 ταύτας.
1814 5224 1934 5278 Mox

355 5290 532 5366 iidem
561 5290 636 5344 illi
683 5304 780 5345 sex
833 5307 989 5358 mss.,
1048 5291 1503 5362 μετασκευάζειν.
1552 5294 1711 5360 Editi,
1776 5312 1942 5366 μετα-

361 5361 594 5416 σκευάσε
604 5377 650 5413 ιν
659 5403 671 5416 .

431 5431 546 5500 (40)
585 5431 824 5501 Uterque
851 5431 1003 5501 Coll).
1034 5441 1090 5486 et
1146 5447 1254 5500 .eg.
1288 5443 1513 5501 quartus
1565 5448 1684 5486 cum
1730 5433 1938 5488 dnolms

361 5500 669 5573 Ducaanis,
695 5500 1006 5573 ἀᾴιοπλῦνον
1038 5503 1108 5556 τὰ
1138 5500 1543 5573 πεπωρωμένα.
1580 5503 1728 5557 Unus
1767 5507 1932 5558 codex

361 5570 619 5642 Combef._
637 5579 690 5625 et
719 5571 934 5642 Anglic.
970 5587 1076 5626 una
1106 5586 1230 5625 cum
1263 5567 1442 5636 editis,
1478 5573 1547 5626 τὰ
1594 5577 1923 5642 πεπυρωμέ-

362 5657 448 5702 να.
482 5640 622 5694 haud
672 5640 839 5696 recte.
894 5641 1091 5696 Ibidem
1159 5654 1267 5697 tres
1318 5657 1472 5705 mss.,
1501 5640 1755 5706 ἀκάνθας
1796 5640 1926 5696 ἀνα-

363 5709 533 5772 σπῶν.
562 5709 667 5770 Alii
689 5720 797 5769 tres
821 5727 940 5770 cum
969 5710 1150 5775 editis.
1169 5711 1408 5774 ἀκάνθας
1430 5715 1754 5775 ἀνατρεπον.
1787 5714 1928 5772 haud

2040 5021 2287 5075 dissimili
2317 5037 2500 5076 sensu.
2776 5090 2826 5092 Α
2884 5090 2893 5092 _
2938 5091 2979 5092 ᾖ
3122 5082 3140 5092 ,
3305 5083 3339 5092 ,,
3381 5082 3410 5092 ..
3579 5081 3593 5092 .

2112 5092 2227 5162 (41)
2270 5093 2408 5164 Editi
2439 5101 2496 5164 et
2531 5090 2895 5164 vetereslibri
2937 5091 3004 5164 li.
3035 5098 3088 5142 et
3116 5082 3166 5164 J_.
3199 5092 3278 5164 et”
3299 5082 3618 5164 Colb.npri:

2042 5152 2601 5233 ωὑε,’φυλακτήριον.
2638 5163 2707 5216 At
2735 5159 3010 5233 (lodthF.
3041 5168 3095 5212 et
3122 5153 3336 5233 Anglic.
3371 5162 3426 5233 et
3457 5152 3616 5217 Regii

2047 5221 2240 5285 tertius
2294 5243 2348 5286 et
2403 5221 2633 5300 quartus
2684 5247 2805 5286 cum
2837 5229 2991 5283 Colb.
3022 5226 3298 5300 secundo,
3330 5221 3616 5292 φυλακτηο

2046 5301 2198 5371 ρίων,
2240 5294 2725 5368 νεοιρ.Ἀιί‹ιιιιιηιο
2751 5313 2870 5368 post
2903 5299 3032 5371 editi
3063 5311 3184 5352 cum
3216 5294 3390 5348 tribus
3441 5307 3610 5356 IIISS.,

2043 5368 2386 5423 συνακτικόν.
2415 5373 2516 5424 Alii
2557 5382 2684 5434 tres,
2725 5368 3062 5424 συνεκτικόν.

2113 5442 2228 5510 (4⁵2)
2258 5442 2410 5494 Culb.
2470 5433 2698 5508 primus,
2733 5440 2827 5494 τοῦ
2868 5439 3180 5510 ἐπαφιέναι.
3217 5433 3337 5510 Mox
3372 5441 3615 5510 quatitur

2041 5502 2570 5573 ῐηεὲηείσέλθωσιν.
2609 5511 2734 5564 ΑΙίἱ⁸
2763 5515 2868 5563 duo
2910 5521 2965 5561 et
2993 5502 3162 5565 'editi,
3215 5502 3466 5573 ἔλθωσιν.
3500 5502 3613 5555 Nec

2037 5579 2112 5635 ita
2152 5582 2318 5651 multo
2352 5590 2472 5648 post
2506 5582 2614 5635 duo
2643 5580 2966 5651 Colbertini,
3005 5572 3492 5651 xa_751ta.vfo':ato.-

2107 5650 2221 5722 (45)
2255 5652 2334 5707 Ita
2354 5643 2597 5724 quinque
2620 5666 2749 5708 mss.
2797 5648 2953 5706 Deest
2984 5647 3243 5704 articulus
3278 5644 3331 5699 in
3363 5643 3548 5701 editis.

3509 326 3674 368 ιη·
