3828 6216
193 330 291 387 265
1036 324 1397 386 COMMENT.
1436 324 1508 383 1N
1545 327 1779 385 ISAIAM
1815 325 2255 385 PROPHETAM.
2295 325 2446 382 CAP.
2486 326 2552 382 li.
3306 321 3413 381 246

193 446 384 514 διήκειν
413 442 580 514 αὐτὴν
607 440 782 512 λέγων
802 460 816 474 ·
839 442 1025 498 οὐκέτι
1053 447 1182 518 περὶ
1213 447 1419 519 ψυχῆς
1444 450 1473 502 6
1502 447 1601 519 μὲν
1626 447 1745 520 θνη-

1857 462 2142 506 sermones
2192 462 2258 503 ac
2307 446 2608 501 sententias
2650 441 2979 501 convellunt.
3011 441 3162 497 Alter
3195 441 3409 511 quidem

192 536 298 603 τὴν,
343 534 373 585 ό
416 533 474 586 δὲ
525 532 634 604 (44)
682 533 950 588 ἀθάνατον
999 537 1445 608 ἀποφαινόμενοι.
1497 539 1580 592 Τὰ
1619 542 1745 611 περὶ

1855 539 2014 593 ullam
2068 539 2288 594 omnino
2316 537 2580 607 'negabat
2632 549 2753 590 esse
2808 532 3239 606 providentiam;
3276 530 3409 586 alter

193 623 531 694 εἱμαρμένης,
557 625 587 676 6
618 625 716 694 μὲν
750 626 968 682 πάντων
995 628 1167 698 αὐτὴν
1196 632 1416 700 κρατεῖν
1433 647 1447 660 ⁸
1471 631 1499 683 6
1519 630 1576 684 δὲ
1613 632 1745 704 μηδὲ

1855 645 1980 685 vero
2010 620 2178 701 ipsam
2218 628 2580 684 contendebat
2629 627 2697 680 ad
2731 625 2910 679 lunam
2940 639 3112 692 usque
3159 637 3281 679 sese
3311 637 3410 677 ex-

192 709 316 766 είναι
344 715 511 785 αὐτὴν
536 716 595 769 1:6
619 717 903 787 παράπαν.
931 718 1149 790 Ἐπειδὴ
1196 720 1254 773 δὲ
1291 716 1454 791 ἦλθεν
1494 722 1528 793 ἡ
1566 723 1745 793 μωρία

1855 720 2093 776 tendere.
2125 720 2237 776 Nec
2276 719 2416 773 ultra
2466 718 2804 786 disceptatur
2831 717 2897 771 de
2924 715 3124 769 anima.
3159 713 3411 783 Hic-qui-

190 807 273 860 τοῦ
303 808 669 880 κηρύγματος,
702 811 798 865 κα)⁵
824 813 853 865 6
872 812 1290 885 ἐσταυρωμένος
1321 813 1623 881 δοξάζεται,
1653 814 1745 869 καὶ

1855 816 1970 870 dem
2009 813 2311 869 afﬁrmabat
2367 827 2487 867 eam
2542 811 2704 865 morti
2756 808 3080 872 obnoxiam,
3133 807 3227 862 ille
3280 822 3410 861 vero

190 898 467 963 ἀνάστασις
514 901 828 955 πιστεύεται
886 902 1020 973 (45),
1054 905 1149 957 καὶ
1203 904 1384 975 κρίσις
1440 903 1745 970 ὲλπίξεται·

1855 905 2204 959 immortalem
2254 917 2376 959 esse
2428 902 2723 958 statuebat.
2759 899 2852 955 lim
2881 901 2946 954 de
2978 898 3092 953 fato
3124 899 3408 953 moveban-

192 989 273 1043 τεν
306 991 440 1061 πρὸς
480 991 742 1063 ἀλλήλους
775 994 1011 1065 πόλεμον
1059 996 1128 1049 τὰ
1177 995 1307 1068 ἔθνη
1350 996 1748 1060 καταλύσαντα,

194 1079 285 1151 τὴν
303 1081 528 1151 ἡσυχίαν
553 1081 698 1150 ἄγει.
728 1083 1004 1156 Φοϐοῦμαι
1035 1085 1092 1140 δὲ
1123 1087 1198 1157 μὴ
1233 1086 1419 1141 θεαταὶ
1447 1088 1632 1142 λοιπὸν
1656 1088 1751 1141 τοῦ

193 1171 443 1241 ἡμετέρου
478 1172 717 1243 πολέμου
749 1175 1028 1242 γίνωνται.
1065 1176 1175 1229 Καὶ
1206 1176 1391 1248 ἐπειδὴ
1426 1177 1531 1249 πρὸ
1561 1175 1750 1231 τούτου

192 1261 320 1324 ἅπας
341 1262 369 1312 6
400 1260 514 1331 βίος
540 1265 724 1327 αὐτοῖς
756 1266 814 1318 ὲν
847 1268 911 1337 τῇ
943 1266 1052 1319 τῶν
1089 1267 1333 1338 ματαίων
1370 1267 1544 1337 λόγων
1572 1268 1750 1340 μαθή-

194 1367 266 1404 σει
296 1352 715 1407 καταναλίσκετο
750 1353 859 1426 (46)
890 1355 967 1419 ὡς
1001 1359 1101 1428 τῆς
1151 1357 1500 1429 διαλεκτικῆς
1528 1359 1753 1430 πολεμι-

1847 1005 1936 1050 ιιιι·
1978 997 2343 1065 quaestiones:
2381 994 2518 1048 alius
2553 992 2771 1062 quidem
2827 989 2881 1043 id
2936 1002 3117 1043 rerum
3165 987 3408 1041 omnium

1845 1088 2044 1158 potiri,
2079 1085 2217 1141 alius
2241 1087 2415 1155 ipsum
2454 1083 2603 1138 nullo
2631 1081 2791 1136 modo
2819 1078 3084 1134 exsistere
3107 1076 3407 1131 asserebat.

1849 1179 1953 1234 Sed
1975 1218 1991 1242 .
2013 1179 2139 1248 quia
2172 1177 2392 1232 advenit
2437 1173 2840 1245 praedicationis
2870 1170 3095 1227 stultitia
3124 1170 3200 1235 ιο,
3247 1178 3428 1235 atque-

1845 1269 2104 1326 crucillxo
2156 1268 2317 1323 datur
2366 1264 2560 1336 gloria,
2602 1263 2725 1332 quia
2772 1260 3100 1314 resurrectio
3147 1259 3407 1321 creditur,

1846 1371 2203 1431 speraturque
2222 1357 2519 1429 judicium,
2538 1366 2751 1426 gentes,
2768 1353 2970 1408 mutuis
3003 1351 3159 1406 bellis
3187 1351 3409 1415 sedatis,

192 1440 283 1511 κῆς
320 1440 479 1513 οὔσης
509 1441 758 1510 διαλόγου
784 1443 896 1515 (47)
925 1463 938 1476 ·
974 1449 1057 1500 Οὐ
1104 1448 1214 1517 μὴ,
1247 1447 1432 1518 φησὶν,
1479 1449 1745 1518 μάθωσιν

1855 1451 2021 1506 οιίιιιιι
2059 1459 2246 1523 agunt.
2278 1448 2486 1504 Vereor
2511 1456 2688 1501 autem
2718 1460 2786 1500 ne
2819 1445 3033 1498 tandem
3058 1442 3281 1513 gentiles
3309 1441 3412 1510 ipsi

190 1531 266 1584 ἔτι
292 1534 572 1603 πολεμεῖν
591 1551 604 1565 °
635 1535 756 1587 ἀντὶ
778 1536 894 1600 τοῦ,
921 1539 1117 1593 Οὐκέτι
1150 1543 1263 1605 τοῖς
1288 1541 1627 1606 διδασκάλοις
1652 1541 1745 1613 τῆς

1855 1541 1980 1598 belli
2012 1541 2183 1595 nostri
2212 1539 2346 1594 [iam
2382 1546 2738 1606 spectatores.
2778 1532 2898 1590 Jam
2924 1547 3055 1587 vero
3081 1548 3200 1586 cum
3234 1531 3412 1585 omnis

191 1624 499 1697 λογομαχίας
525 1627 1062 1700 προσδιατρίψουσιν.

1855 1646 2042 1687 eorum
2069 1631 2176 1684 vita
2212 1639 2368 1684 antea
2398 1629 2454 1683 in
2502 1640 2769 1681 vanorum
2803 1633 2858 1678 et
2904 1623 3173 1678 inutilium
3205 1635 3413 1675 sermo-

192 1731 308 1770 num
342 1719 627 1789 disciplina
706 1732 1027 1791 consumpta
1101 1723 1261 1778 fuerit
1325 1724 1614 1795 (siquidem
1648 1722 2063 1777 sermocinatrix
2117 1720 2397 1776 dialectica
2455 1718 2646 1788 pugnis
2691 1715 2924 1771 et'rixis
2962 1711 3222 1784 gaudet),
3289 1709 3429 1765 Non-

190 1806 347 1953 :l'tga,
373 1812 449 1865 ait
470 1851 485 1875 ,
512 1812 711 1867 discent
739 1809 932 1866 bellum
956 1831 1168 1886 gerere;
1192 1832 1255 1872 ac
1316 1818 1363 1873 si
1421 1818 1628 1874 diceret
1656 1835 1670 1873 :
1701 1817 1973 1888 Magistris
2031 1813 2397 1870 contentionis
2457 1812 2746 1867 verborum
2766 1873 2772 1880 ,
2792 1823 2899 1863 non
2934 1805 3162 1875 amplius
3189 1819 3437 1875 operam‘

222 1917 231 1928 ·
286 1909 393 1953 unt.
3172 1918 3175 1921 λ

222 1909 393 1957 ιιυιιιιι.
3172 1918 3175 1921 λ

249 1989 328 2045 76.
352 1992 458 2046 Kal
477 1992 617 2061 νῦν,
639 1992 803 2063 οἶκος
827 1998 934 2053 τοῦ
960 1999 1188 2067 Ἰακὼϐ,
1211 1999 1384 2055 δεῦτε
1403 2001 1501 2055 καὶ
1526 2017 1739 2071 πορευ-

1911 1999 2002 2056 76.
2059 1997 2218 2053 Vens.
2247 1996 2303 2051 5.
2339 1993 2407 2048 Ει
2434 2010 2574 2047 nunc
2597 2032 2612 2058 ,
2654 1993 2840 2047 domus
2888 1988 3057 2044 Iacob
3082 2029 3098 2053 ,
3125 1990 3290 2043 venite
3310 2029 3326 2053 ,
3364 2004 3421 2041 ιν

188 2080 360 2149 θῶμεν
381 2083 459 2149 τῷ
491 2086 642 2153 φωτὶ
663 2090 904 2157 Κυρίου.
943 2090 1179 2162 Δευτέρα
1233 2091 1425 2161 κλῆσις
1468 2092 1600 2163 (48),
1642 2091 1738 2146 ἐπὶ

1855 2090 2164 2145 tmbulemus
2204 2086 2398 2140 lumine
2447 2084 2683 2137 Domini.
2738 2079 2991 2137 Secunda
3041 2089 3125 2135 est
3159 2080 3391 2133 vocatior

189 2171 247 2224 τα
270 2172 574 2245 τελειότερα
602 2178 1020 2251 προκαλουμένη
1058 2181 1186 2244 τοὺς
1224 2182 1732 2253 εὐεργετουμένους.

188 2263 323 2317 Μετά
348 2263 456 2336 γὰρ
474 2265 538 2319 τὸ
564 2267 831 2336 ἀναϐῆναι
859 2270 940 2332 είς
962 2270 1024 2322 τὸ
1055 2269 1179 2342 ὅρος
1196 2272 1422 2344 Κυρίου,
1446 2273 1540 2326 καὶ
1566 2273 1736 2343 ὑπερ-

187 2351 334 2421 κύψαι
359 2354 427 2408 τὰ
456 2357 626 2427 γήινα
645 2372 658 2387 ·
692 2351 803 2410 οἷον
829 2357 1215 2431 καθαρωτέρας
1251 2360 1618 2432 μεταλαϐόντα
1643 2362 1740 2414 αὺ-

189 2442 278 2512 Υῆς
299 2443 428 2516 (i9),
450 2448 597 2517 φωτί
626 2448 775 2501 ἐστιν
807 2450 1048 2520 ἐντυχεῖν
1075 2449 1224 2521 θείῳ,
1247 2449 1535 2519 φωτίζοντι
1561 2451 1739 2523 ψυχῆς

188 2534 474 2609 ὀφθαλμοὺς
515 2542 601 2605 είς
633 2543 964 2615 κατανόησιν
996 2543 1106 2596 τῶν
1157 2544 1442 2615 μακαρίων
1482 2546 1578 2599 καὶ
1613 2562 1742 2617 νοη-

190 2626 281 2715 τῶν
303 2627 592 2701 θεαμάτων
630 2632 725 2686 καὶ
759 2633 918 2687 θείων
949 2632 1060 2705 (50)
1099 2633 1490 2707 θεωρημάτων.
1518 2635 1741 2706 Ὅμοιον

193 2718 341 2791 τούτῳ
367 2722 459 2774 καὶ
485 2723 549 2776 τὸ
580 2723 733 2794 παρὰ
760 2725 839 2795 τῷ
865 2724 1177 2797 Ψαλμῳδῷο
1200 2727 1569 2795 Προσέλθετε
1593 2727 1746 2796 πρὸς

190 2810 371 2877 ἔιύτὸν,
406 2813 506 2867 καὶ
529 2815 873 2884 φωτίσθητε
892 2833 905 2845 ’
936 2816 1035 2871 καὶ
1063 2818 1135 2871 τὰ
1165 2820 1457 2887 πρόσωπα
1483 2818 1650 2889 ὑμῶν
1670 2822 1745 2874 οὐ

188 2902 255 2971 μὴ
291 2907 723 2977 καταισχυνθῇ.
749 2910 824 2962 Οὐ
858 2912 1275 2981 καταισχύνεται
1305 2911 1416 2983 γὰρ
1434 2912 1522 2981 ἐφ’
1553 2911 1647 2974 οὓς
1677 2912 1745 2965 ἂν

189 2997 445 3069 σημειωθῇ
477 3000 539 3053 τὸ
576 3000 691 3068 φῶς
735 3000 825 3055 τοῦ
880 3001 1170 3072 προσώπου
1208 3003 1436 3074 Κυρίου.
1479 3005 1542 3057 '0
1577 3003 1645 3056 δὲ
1671 3003 1746 3057 τὰ

190 3087 372 3153 φαῦαα
404 3091 722 3158 πράσσων,
750 3094 924 3162 μισεῖ
952 3094 1018 3148 τὸ
1055 3095 1199 3164 φῶς.
1241 3096 1458 3166 Ἐπειδὴ
1490 3095 1600 3167 (51)
1638 3096 1694 3149 δὲ
1717 3098 1746 3148 6

189 3174 319 3244 οἶκος
344 3181 436 3236 τοῦ
473 3183 675 3238 Ἰακὼϐ
706 3185 823 3254 φῶς
879 3185 1150 3258 αὔταρκες
1190 3187 1291 3259 τὴν
1340 3191 1405 3242 ὲκ
1447 3187 1539 3242 τοῦ
1580 3188 1746 3257 νόμου

1838 2198 1958 2253 qua:
1983 2179 2265 2239 beneficiis
2303 2176 2529 2231 allectos
2568 2176 2634 2230 ad
2656 2173 2982 2244 perfectiora
3016 2172 3231 2229 invitat.
3258 2171 3400 2226 Post

1835 2288 1994 2343 quam
2025 2270 2171 2327 enim
2207 2268 2450 2325 ascendit
2486 2267 2611 2337 quis
2633 2266 2687 2319 in
2722 2274 2964 2319 montem
3001 2262 3256 2325 Domini,
3282 2276 3394 2316 eva-

1837 2365 2015 2434 sitque
2053 2362 2288 2417 terrenis
2331 2358 2598 2429 superior,
2631 2357 2760 2412 huic
2814 2354 2938 2410 licet
2985 2352 3138 2409 velut
3165 2353 3277 2422 jam
3307 2367 3397 2423 pu-

1838 2459 2003 2514 rioris
2036 2456 2180 2511 lucis
2212 2454 2507 2526 participi,
2539 2451 2783 2508 divinum
2815 2450 2994 2504 lumen
3028 2446 3239 2516 assequi
3259 2488 3277 2514 ,
3305 2460 3402 2517 qut

1839 2546 2094 2602 illustrati
2136 2545 2330 2600 animm
2362 2543 2503 2598 oculi
2558 2543 2715 2597 beata
2749 2537 3156 2610 spiritualiaque
3199 2543 3401 2606 specta-

1841 2638 1961 2694 cula
1993 2653 2057 2692 ac
2107 2638 2324 2692 divinas
2369 2633 2854 2704 contemplationes
2897 2628 3228 2701 percipiunt.
3280 2625 3404 2681 Huic

1841 2731 2123 2787 sententia:
2148 2740 2202 2786 et
2234 2730 2375 2799 apud
2417 2728 2652 2782 l’saltem
2690 2723 2892 2792 aliquid
2918 2721 3099 2777 simile
3121 2719 3369 2791 reperias
3395 2736 3407 2771 ;

1840 2823 2084 2878 Accedite
2120 2822 2190 2875 ad
2216 2838 2333 2875 eum
2353 2861 2368 2883 ,
2397 2831 2443 2873 et
2492 2817 2908 2871 illuminamini:
2944 2824 2995 2868 el
3043 2813 3202 2883 facies
3231 2821 3404 2868 uestra

1844 2930 1948 2968 non
1982 2913 2373 2982 confundenlur
2400 2912 2467 2964 “.
2512 2908 2628 2962 Non
2655 2905 3062 2960 confunduntur
3081 2906 3239 2960 enim'
3255 2917 3406 2973 super

1843 3017 1981 3073 quos
2007 3003 2283 3071 signatum
2319 3000 2482 3053 fuerit
2510 2999 2690 3052 lumen
2720 2997 2902 3051 vultus
2950 2997 3165 3051 Domini
3191 2997 3256 3049 ¹¹.
3310 2993 3406 3060 Qu-

1844 3102 2020 3146 aulem
2048 3090 2192 3145 mala
2224 3089 2387 3161 433
2422 3090 2546 3159 agit.
2576 3089 2682 3141 odit
2715 3087 2883 3140 lucem
2910 3089 2974 3143 ¹⁸.
3001 3087 3268 3153 Quoniam
3284 3099 3406 3140 verr

1846 3185 2036 3239 domus
2065 3181 2230 3238 .lacob
2250 3182 2554 3236 doctrinam
2588 3179 2723 3247 legis
2757 3177 3038 3232 sufﬁciens
3079 3176 3182 3231 sibi
3228 3175 3406 3229 lumer

189 3270 512 3329 διδασκαλίαν
549 3277 649 3329 καὶ
680 3276 872 3331 ἑαυτὸν
909 3278 1206 3348 ὑπείληφεν
1242 3279 1610 3349 ἠπατημένως
1634 3278 1745 3348 (52)

1855 3288 2000 3338 esse,
2034 3288 2203 3344 seque
2246 3273 2438 3326 ducem
2491 3286 2755 3325 ctecorum
2786 3285 2906 3325 esse
2962 3268 3098 3322 falso
3149 3267 3406 3320 arbltrata

190 3360 362 3432 ὔδηγὸν
388 3360 524 3418 εἶναι
554 3364 798 3433 τυφλῶν,
833 3365 950 3434 φῶς
982 3342 1172 3419 τῶν-έν
1204 3342 1745 3436 σκότειξδιορθού-μελ

1855 3376 1967 3430 est,
1996 3367 2170 3420 lucem
2206 3366 2457 3419 videlicet
2495 3379 2683 3417 eorum
2730 3365 2823 3442 qui
2862 3363 2914 3415 in
2957 3360 3195 3415 tenebris
3225 3358 3405 3412 ambu-

191 3468 266 3514 νος
290 3454 466 3508 αὐτῶν
493 3456 600 3527 τὴν
626 3455 849 3525 ἄγνοιαν
867 3458 895 3510 6
928 3456 1083 3525 λόγος
1112 3456 1278 3528 φησί’
1310 3457 1488 3511 Δεῦτε
1514 3456 1610 3509 καὶ
1637 3472 1746 3510 πο-

191 3543 483 3614 ρευθῶμεν,
523 3548 604 3617 μὴ
646 3546 725 3616 τῷ
750 3545 1095 3616 προφητικῷ,
1135 3547 1208 3617 μὴ
1235 3545 1320 3616 τῷ
1353 3545 1560 3617 νομικῷ
1583 3546 1745 3614 φωτὶ,

192 3634 326 3700 ἀλλὰ,
364 3635 447 3701 Τῷ
490 3637 643 3706 φωτὶ
685 3637 790 3691 τοῦ
837 3639 1082 3706 Κυρίου.
1133 3639 1243 3691 Kal.
1284 3637 1394 3710 γὰρ
1437 3637 1531 3689 καὶ
1563 3637 1746 3708 λύχνοι

193 3728 445 3799 χρήσιμοι,
493 3729 635 3783 ἀλλὰ
687 3729 792 3799 πρὸ
839 3729 991 3800 ἡλίου
1017 3744 1033 3760 ⁸
1068 3729 1295 3799 ἀστέρες
1342 3729 1585 3799 τερπνοὶ,
1630 3727 1747 3782 ἀλλ’

194 3818 241 3870 ὲν
283 3821 451 3874 νυκτί.
509 3822 579 3873 Εἰ
627 3819 685 3872 δὲ
722 3820 949 3887 γελοῖος,
995 3819 1144 3891 ἡλίου
1198 3819 1527 3889 λάμποντος,
1577 3822 1606 3873 6
1657 3818 1750 3872 λύ-

195 3927 299 3978 χνον
330 3913 503 3984 ἐαυτῷ
548 3913 911 3983 παραφαίνων
954 3912 1088 3983 (55),
1122 3910 1300 3982 πολλῷ
1332 3910 1669 3983 γελοιότερος
1697 3913 1746 3978 6,

196 4001 502 4073 Εὐαγγελίου
525 4003 963 4077 κηρυσσομένου,
997 4006 1064 4074 τῇ
1097 4004 1223 4074 σκιᾷ
1248 4005 1316 4073 τῇ
1348 4004 1544 4073 νομικῇ
1578 4018 1753 4073 παρα-

195 4094 372 4164 μένων.

250 4189 331 4243 77.
368 4190 575 4259 Ἆνῆκε
609 4191 725 4260 γὰρ
759 4189 866 4244 τὸν
896 4188 1051 4244 λαὸν
1070 4189 1280 4253 αὑτοῦ,
1315 4188 1423 4243 τόν
1451 4183 1619 4242 οἶκον
1639 4184 1747 4242 τοῦ

199 4277 442 4349 Ἰσραήλ.
473 4281 854 4348 Χαλεπωτάτη
880 4280 1054 4351 ζημία
1072 4282 1105 4350 ἡ
1133 4280 1245 4335 ἀπὸ
1263 4279 1397 4333 Θεοῦ
1427 4276 1747 4347 ἐγκατάλει-

193 4370 289 4439 ᾲις.
312 4374 483 4426 Οίονεὶ
518 4374 630 4428 ἀπὸ
669 4375 895 4443 ἰσχυρᾶς
932 4372 1172 4442 κατοχῆς
1212 4371 1432 4443 χειρῶν,
1467 4373 1533 4442 τῇ
1569 4369 1750 4424 ἀνέσει

192 4459 287 4515 τῶν
316 4462 615 4527 δακτύλων,
650 4456 733 4525 οἷς
771 4462 908 4525 τέως
947 4460 1368 4534 περιεδέδρακτό
1406 4458 1518 4529 (54)
1546 4474 1629 4521 τις
1655 4455 1750 4511 τοῦ

1850 3454 1999 3518 lant,
2036 3454 2316 3522 Scriptura
2345 3467 2533 3506 eorum
2581 3452 2941 3521 ignorantiam
2988 3448 3269 3517 corrigens
3299 3447 3411 3501 ait-

1856 3545 2036 3600 Venile
2062 3553 2111 3599 et
2134 3543 2484 3609 ambulemus,
2516 3558 2621 3596 non
2658 3541 2993 3612 prophetico,
3013 3555 3119 3594 non
3148 3538 3304 3609 legali
3329 3539 3407 3592 lu-

1849 3638 2031 3700 mine,
2086 3637 2213 3700 sed,
2267 3635 2463 3688 lumine
2511 3634 2741 3688 Domini.
2798 3632 3012 3687 Etenim
3061 3639 3189 3685 sunt
3247 3631 3409 3686 etiam

1844 3729 1964 3784 usui
2003 3728 2273 3793 lucernae,
2320 3728 2415 3782 sed
2470 3736 2596 3779 ante
2654 3724 2862 3787 solem;
2899 3722 3067 3778 stella:
3116 3722 3410 3792 jucundze,

1845 3819 1941 3873 sed
1990 3818 2044 3872 in
2080 3826 2257 3872 nocte.
2288 3817 2440 3883 Quod
2488 3815 2533 3871 si
2573 3816 2619 3869 is
2653 3813 2914 3868 ridiculus
2964 3822 3236 3876 censetur,
3276 3810 3367 3879 qni
3396 3850 3411 3872 ,

1846 3908 1962 3963 sole
2008 3906 2493 3977 exsplendesccnte
2515 3945 2528 3966 ,
2565 3904 2842 3957 lucernam
2901 3901 3005 3955 sibi
3037 3900 3413 3969 praelucentem

1850 4005 2095 4062 teneret,
2125 3995 2297 4050 multo
2332 3993 2508 4060 magis
2540 3989 2803 4046 ridiculus
2833 4000 2916 4044 est
2937 3990 3059 4058 ,qui
3081 4029 3096 4051 ,
3123 3989 3413 4058 praedicata

1850 4084 2145 4157 Evangelio
2165 4123 2182 4150 ,
2211 4085 2264 4138 in
2298 4082 2459 4151 lcgali
2484 4083 2677 4135 umbra
2702 4089 3094 4135 commoratur.

1923 4177 2015 4232 77.
2051 4176 2216 4232 Vens.
2247 4174 2301 4229 6.
2324 4174 2538 4228 Dimisit
2565 4174 2702 4227 enim
2730 4171 2979 4241 populum
3001 4186 3173 4235 suum,
3204 4170 3415 4222 domum

1852 4268 2047 4325 Israel.
2101 4269 2289 4323 Deseri
2338 4282 2367 4320 a
2419 4267 2528 4319 Deo
2575 4268 2830 4319 damnum
2887 4273 2970 4315 est
3015 4260 3414 4331 gravissimum.

1855 4359 2089 4416 Perinde
2124 4375 2188 4414 ac
2216 4359 2262 4413 si
2296 4371 2488 4411 manus
2524 4356 2716 4409 validae
2750 4370 2814 4407 ac
2840 4355 3023 4411 .fortes
3045 4351 3244 4420 aliquid
3282 4348 3415 4404 deli~

1857 4461 2054 4509 nerent
2082 4492 2099 4518 ,
2149 4464 2212 4504 ac
2249 4449 2430 4517 digitis
2470 4446 2666 4516 quibus
2693 4445 2958 4514 quispiam
2994 4458 3107 4497 rem
3156 4442 3415 4496 hactenus

255 4666 484 4724 "lCor.
516 4685 559 4735 ι,
582 4668 680 4723 2i.
755 4669 795 4700 “
825 4666 969 4723 Psal.
1003 4680 1201 4730 xum,
1238 4662 1291 4718 6.
1370 4662 1414 4695 ¹¹
1445 4659 1588 4716 Psal.
1632 4675 1705 4723 tv,
1748 4658 1800 4712 7.
1877 4656 1921 4689 ”
1953 4653 2111 4712 Joan.
2147 4668 2232 4719 ιιι,
2264 4651 2357 4706 20.

254 4822 360 4891 (Η)
391 4822 482 4878 Sic
534 4824 778 4892 quinque
836 4839 969 4878 mss.
1009 4822 1105 4892 At,
1132 4821 1265 4882 Reg.
1293 4820 1555 4892 primus,
1585 4833 1745 4892 quem

1855 4829 2017 4892 mss.,_
2038 4809 2478 4886 προκαλουμένη.
2502 4806 2643 4862 Editi
2665 4813 2723 4862 et
2738 4803 2876 4875 Reg.
2907 4804 3141 4872 primus,
3177 4820 3422 4875 προσκα-

195 4889 393 4960 sempcr
424 4889 597 4949 secuti
658 4889 782 4946 sunt
831 4891 1173 4962 typograpbi,
1200 4892 1249 4943 οί
1286 4889 1365 4943 δέ.
1402 4889 1551 4942 llaud
1587 4889 1749 4962 longe

195 4958 483 5081 ἒιὲἓήιιιεεη
519 4965 571 5017 οἱ
608 4962 668 5017 δὲ
715 4958 1190 5033 μηδὲεἶναιίΑιίἰ
1239 4971 1350 5015 tres
1387 4975 1508 5013 cum
1560 4960 1744 5023 editis,

258 5101 360 5172 (45)
390 5102 530 5156 Editi
557 5112 613 5156 et
643 5110 753 5157 tres
783 5117 940 5167 mss.,
979 5100 1278 5161 ἀνάστασις
1305 5097 1400 5172 καὶ
1442 5097 1627 5172 κρίσις
1660 5114 1750 5150 πι-

199 5168 430 5224 στεύεται
459 5172 581 5225 τόν·
616 5176 711 5227 sed
760 5174 903 5227 hunc
955 5173 1132 5226 locum
1169 5187 1232 5224 ex
1266 5168 1390 5223 aliis
1417 5168 1589 5222 tribus
1616 5185 1747 5222 mss.

197 5243 606 5296 etttcndavittttts.

262 5306 366 5390 (ιο)
422 5311 564 5365 Ειιίιί
612 5326 644 5365 e
699 5309 1084 5390 Regaprimo.
1139 5306 1592 5379 κατηναλίσκετο.
1643 5306 1751 5360 Alii

200 5381 415 5445 quinque
446 5396 603 5443 ntss.,
639 5381 1082 5435 καταναλίσκετα

228 5446 365 5528 ’(4⁸1)
399 5448 892 5528 Uterqquombef.
920 5460 975 5505 et
1000 5450 1087 5528 alii
1118 5459 1227 5528 tres
1246 5461 1375 5501 mss.
1394 5454 1740 5528 coniunctim.

200 5516 287 5586 τῆς
318 5517 580 5586 διαλόγου.
622 5520 760 5574 Editi
805 5536 931 5576 vero
957 5530 1014 5577 et
1047 5520 1201 5575 Colb.
1232 5517 1505 5573 secundus
1537 5516 1744 5571 duabus

198 5588 423 5658 vocibus,
448 5589 537 5642 διὰ
572 5589 752 5658 λόγου.

264 5654 371 5726 (68)
400 5658 539 5713 Editi
567 5667 622 5713 et
648 5654 839 5714 L‘odex
870 5660 963 5715 Fr.
994 5661 1049 5723 l.
1082 5660 1115 5726 ἡ
1148 5657 1321 5721 λύσις,
1363 5664 1630 5723 corrupte.
1672 5655 1742 5710 At

201 5726 343 5783 multi
372 5728 460 5784 alii
488 5743 645 5798 mss,
674 5730 889 5801 κλῆσις,
918 5726 1224 5787 emendato.
1264 5727 1464 5784 Ibidem
1505 5726 1742 5799 quinque

1852 4885 1945 4939 λου
1954 4884 2110 4939 μένιι.
2724 4912 2729 4921 ι
2770 4912 2773 4917 -

1927 4900 2174 5025 (ῗὲἶῄιίτο
2199 4951 2373 5021 αὐγῆς
2399 4948 2597 5019 legitur
2630 4945 2685 5001 in
2711 4945 2949 5009 excusis,
2978 4941 3171 5012 αὐτῆς,
3209 4942 3418 4998 incuria

1854 5038 2163 5081 ODPI‘JI‘IH‘I).
2762 5048 2767 5051 ι
3082 5064 3090 5069 ,

1893 5042 2208 5161 Ρῖὲὃῖᾘῖιι
2262 5104 2384 5144 cum
2424 5087 2595 5161 tribus
2642 5099 2797 5149 mss.,
2847 5082 3054 5161 νοητῷν
3082 5064 3203 5161 καὶ.
3240 5080 3420 5135 θείων.

1854 5151 1957 5219 Alii
1988 5151 2098 5216 tres
2132 5175 2260 5215 mss.
2295 5161 2390 5223 ita,
2423 5169 2483 5211 ut
2513 5157 2564 5208 in
2606 5163 2862 5211 contextu
2912 5151 3128 5223 legitur.
3156 5151 3277 5205 Mox
3311 5163 3422 5206 tres

1852 5249 2006 5293 mss.,
2039 5230 2187 5301 παρὰ
2220 5229 2298 5299 τῷ
2327 5224 2544 5298 ψαλμῷ.

1851 5374 1880 5429 ὲ
1925 5290 2038 5424 (ξι)
2074 5290 2167 5356 Sic
2198 5290 2593 5369 quinque'mss.
2628 5296 2699 5349 At
2728 5293 2857 5350 editi
2896 5306 3019 5348 cum
3051 5290 3185 5361 Reg.
3219 5290 3422 5360 primo,

1884 5390 1951 5427 πε
1981 5406 1996 5421 ο

1884 5390 1996 5427 πει.

1924 5441 2039 5512 (52)
2066 5440 2205 5512 Reg.
2230 5447 2474 5512 quartus,
2501 5435 2873 5507 ὴπατημένος.

1918 5498 2033 5583 (53)
2061 5498 2205 5565 Είιίἷὶ
2230 5498 2352 5583 curn
2383 5498 2558 5563 tribus
2585 5498 2740 5569 tussi,
2770 5500 3152 5575 παραφαίνων.
3179 5498 3282 5556 Alii
3311 5506 3425 5554 tres

1849 5578 2444 5652 ιηεςηίπαρεμφαίνων.

1925 5641 2039 5722 (54)
2074 5641 2299 5722 Codices
2349 5659 2481 5712 tres,
2523 5644 2965 5720 περιεδέδρακτο.
3004 5641 3109 5700 Alii
3160 5649 3269 5696 tres
3298 5651 3456 5693 cum.

1846 5718 2030 5790 editis,
2060 5718 2476 5793 περιδέδρακτο.
2602 5718 2605 5719 ⁷
2777 5718 2789 5720 “
3299 5748 3305 5752 .
