3828 6216
336 277 431 335 ιω
1299 279 1647 335 APPEKDIX
1684 281 1972 339 OPERL’M
2007 286 2065 342 S.
2099 286 2345 343 BASILll
2386 285 2625 343 MAGNI.
2680 290 2685 295 ”
3496 285 3599 339 259

335 411 532 470 praeter
576 399 1109 471 divinat.Sctipturte
1173 415 1391 456 sensum
1437 416 1716 458 sermones
1768 405 1910 460 haud

2053 410 2239 481 ’ραφῆς
2261 408 2654 479 συλλεξάμενον
2679 406 2785 462 ἀπὸ
2810 406 2921 460 τῶν
2944 404 3141 471 ἔξωθεν
3169 404 3266 474 τῆς
3293 404 3600 470 θεοσεϐείας

334 509 499 548 sanos
527 493 826 563 collegerit,
868 492 1250 563 exceperitque
1281 509 1311 547 a
1335 491 1616 562 quibusvis
1642 511 1672 549 a
1713 496 1911 565 pietate

2053 498 2205 567 5γους
2242 500 2341 570 οὐχ
2396 500 2596 569 ὑγιεῖς,
2639 497 2735 551 καὶ
2787 495 3231 568 παραδεξάμενον
3263 496 3485 561 αὐτοὺς,
3532 498 3601 551 τὰ

333 586 549 647 alienis,
584 583 723 638 lilios
757 583 1086 652 alienigenas
1111 584 1386 653 genuisse.

2053 590 2175 643 ἑκνα
2201 588 2474 659 ἀλλόφυλα
2502 588 2793 642 ποιεῖσθαι.

407 678 497 734 80.
536 676 698 732 Vsus.
732 676 785 729 7.
822 675 1038 744 Replela
1064 684 1140 730 est
1165 675 1300 729 enim
1323 676 1466 746 regio
1507 692 1685 730 eorum
1721 693 1909 745 argm-

335 779 388 824 ιο
423 781 471 824 et
494 785 647 830 auro,
669 779 715 822 et
738 785 841 821 non
870 777 983 822 erat
1011 784 1256 822 numerus
1280 768 1648 822 thesaurorum
1673 769 1909 823 illorum.

334 860 654 916 Divitiarum
702 860 940 914 studium
986 874 1148 928 quam
1193 875 1356 929 grave
1397 860 1467 914 sit
1498 870 1814 929 peccatum,
1845 875 1915 913 ex

335 968 402 1008 eo
438 953 626 1022 liquet,
667 952 809 1021 quod
839 951 891 1004 in
926 959 1197 1006 tantorum
1239 951 1504 1006 scelerum
1535 950 1780 1020 catalogo
1816 967 1915 1003 nu-

335 1055 595 1099 meretur.
624 1042 760 1097 Nam
788 1057 895 1096 una
925 1057 1046 1096 cum
1084 1042 1327 1111 auguriis
1344 1054 1398 1096 et
1419 1041 1544 1096 ﬁliis
1572 1042 1911 1112 alienigenis,

335 1135 429 1203 qui
456 1136 595 1190 forte
625 1134 679 1189 itt
712 1133 876 1188 Israel
913 1133 981 1187 ob
1024 1133 1377 1201 multiplicata
1427 1144 1613 1202 stupra
1645 1135 1912 1203 procreati

338 1227 590 1291 fuerant,
632 1226 735 1281 hoc
779 1225 943 1280 etiam
989 1234 1327 1279 numeratum
1364 1234 1466 1290 est,
1504 1237 1698 1293 nempe
1726 1225 1914 1294 imple-

339 1328 451 1373 tatn
479 1317 647 1374 fuisse
682 1318 959 1385 regionem
997 1326 1224 1385 argento
1257 1325 1312 1369 et
1347 1331 1498 1369 auro.
1536 1298 1916 1370 Ve°rumenim-

338 1426 471 1465 vero
517 1411 602 1479 pia
632 1425 696 1464 ac
729 1409 978 1479 reiigiosa
1008 1409 1186 1462 anima
1229 1423 1295 1462 ex
1330 1408 1531 1462 divitiis
1556 1423 1743 1462 ansam
1778 1408 1918 1460 arri-

340 1498 420 1567 pit
457 1496 860 1562 benefaciendi,
906 1504 1175 1564 quatenus
1209 1510 1307 1550 eas
1340 1496 1651 1564 itupertitnr
1675 1511 1739 1550 ac
1768 1511 1917 1551 com-

340 1587 611 1652 municat;
641 1587 835 1640 animze
858 1602 986 1640 vero
1013 1586 1311 1641 libidinosae
1336 1598 1392 1641 et
1414 1588 1661 1656 corporis
1688 1589 1913 1653 amanti,

341 1677 637 1746 voluptatis
680 1676 1123 1745 impuritatisque
1179 1678 1393 1731 occasio
1425 1687 1571 1732 sunt.
1622 1676 1917 1748 Paupertas

2087 681 2178 736 80.
2225 680 2598 747 Ἑνεπλήσθη
2645 678 2758 748 γὰρ
2806 680 2846 746 ἠ
2896 676 3056 746 χώρα
3082 674 3281 730 αὐτῶν
3316 675 3603 745 ἀργυρίου

2013 772 2113 827 καὶ
2139 774 2420 842 χρυσίου,
2461 773 2562 826 καὶ
2595 768 2818 849 οὐκοῆν
2842 769 3091 839 ἀριθμὸς
3129 768 3248 822 τῶν
3279 767 3603 837 θησαυρῶν

2013 862 2232 916 αὐτῶν.
2273 862 2488 916 Ἡλίκον
2540 862 2845 933 ἁμάρτημα
2896 861 2957 915 τὸ
2998 861 3392 930 φιλοπλουτεῖν,
3428 863 3513 915 ὅτι
3549 864 3608 914 ἐν

2014 953 2091 1024 τῷ
2115 954 2400 1025 καταλόγῳ
2425 954 2532 1007 τῶν
2562 952 2894 1023 τηλικούτων
2928 954 3340 1025 ἁμαρτημάτων
3374 952 3606 1021 ἐτάχθη.

2018 1043 2176 1098 Μετὰ
2199 1044 2308 1115 γὰρ
2340 1044 2716 1115 κληδονισμῶν
2769 1044 2863 1097 καὶ
2890 1044 3098 1097 τέκνων
3128 1043 3458 1113 ἀλλοφύλων,
3494 1044 3610 1096 τῶν

2017 1138 2084 1190 ὲκ
2124 1136 2219 1189 τοῦ
2251 1136 2623 1207 πληθυνθῆναι
2667 1136 2767 1207 τὴν
2803 1136 3064 1207 πορνείαν
3092 1136 3451 1207 γεννωμένων
3491 1134 3608 1204 (68)

2014 1230 2157 1299 τάχα
2182 1232 2239 1283 ὲν
2264 1228 2344 1300 τῷ
2386 1228 2621 1301 Ἰσραὴλ,
2653 1226 2991 1298 συγκατηρίθ
3002 1244 3168 1299 μηται
3190 1227 3285 1281 καὶ
3306 1228 3367 1279 τὸ
3394 1226 3609 1297 ἐμπλη-

2021 1321 2215 1392 σθῆναι
2247 1321 2347 1392 τὴν
2373 1320 2559 1391 χώραν
2608 1319 2876 1392 ἀργυρίου
2922 1319 3016 1371 καὶ
3055 1318 3300 1389 χρυσίου.
3326 1316 3613 1371 ιΘεοσεϐεῖ

2020 1416 2119 1485 μὲν
2147 1414 2254 1486 γὰρ
2278 1413 2424 1485 ψυχῇ
2451 1413 2674 1485 ἀφορμὴ
2708 1412 2845 1484 πρὸς
2871 1412 3121 1465 εὐποιίαν
3144 1411 3286 1465 κατά
3308 1412 3408 1482 τὴν
3439 1429 3607 1483 μετα-

2016 1504 2232 1574 δοτικὴν
2253 1503 2538 1557 κοινωνίαν
2557 1506 2585 1556 ὁ
2608 1502 2839 1564 πλοῦτος
2860 1501 3103 1571 γίνεται·
3138 1501 3402 1571 φιληδόνῳ
3428 1501 3487 1553 δὲ
3512 1502 3613 1552 καὶ

2019 1595 2386 1665 φιλοσωμάτῳ
2418 1594 2626 1664 ἑφόδιον
2670 1594 2882 1666 τρυφῆς
2915 1593 3010 1646 καὶ
3047 1593 3345 1656 ἀκολασίας
3371 1591 3609 1660 γίνεται.

2019 1686 2184 1738 Πενία
2202 1686 2301 1756 μὲν
2316 1689 2425 1754 γάρ
2449 1685 2793 1754 παιδαγωγός
2809 1687 2953 1738 ἐστιν
2971 1686 3051 1748 είς
3062 1683 3361 1746 εὐσέϐειαν,
3375 1682 3616 1746 πλοῦτος

342 1784 579 1837 namque
619 1770 724 1824 dux
765 1779 850 1824 est
896 1779 947 1824 et
992 1769 1247 1839 magistra
1271 1772 1337 1823 ad
1381 1770 1674 1839 pietatem;
1708 1781 1917 1836 contra,

2053 1777 2076 1828 ὲ
2108 1775 2319 1848 ὕϐρεώς
2346 1779 2494 1829 ἐστιν
2522 1777 2769 1848 ἀφορμή.
2818 1776 2882 1829 Ei
2911 1775 2968 1828 δὲ
2993 1776 3112 1829 ὅλον
3160 1774 3313 1837 ἔθνος
3362 1773 3617 1841 ἐγκαλεῖ-

298 1898 299 1901 η
342 1859 545 1914 divitia:
580 1860 716 1914 ﬁunt
761 1857 1075 1928 petulantia:
1122 1859 1575 1929 precacitatisque
1614 1864 1832 1915 occasio
1864 1870 1919 1916 et

342 1965 527 2006 causa.
571 1949 722 2018 Quod
757 1952 803 2006 si
846 1966 979 2020 gens
1026 1950 1234 2019 integra
1278 1950 1344 2004 de
1371 1964 1533 2017 opum
1570 1953 1722 2020 copia
1765 1968 1922 2007 accu-

343 2052 527 2108 satur,
579 2057 762 2097 secum
810 2043 966 2098 velim
1002 2052 1252 2113 rcputent
1276 2043 1494 2108 divites,
1517 2044 1789 2112 quomodo
1824 2060 1920 2112 pro

343 2135 459 2189 suis
490 2134 598 2189 sint
629 2135 894 2189 rationem
927 2135 1214 2190 reddituri.
1249 2134 1304 2188 Si
1338 2135 1465 2203 quis
1489 2149 1616 2187 vero
1643 2134 1918 2188 existimet

342 2226 416 2280 ob
466 2225 698 2295 aliquem
745 2234 1065 2296 prmtextum
1120 2226 1213 2295 qui
1254 2225 1502 2279 videatur
1554 2225 1752 2278 rationi
1796 2240 1918 2279 esse

344 2323 744 2369 consentaneus
768 2353 786 2379 ,
837 2329 959 2369 sese
993 2329 1101 2367 non
1146 2314 1266 2368 ideo
1300 2327 1526 2383 peccare
1547 2352 1563 2378 ,
1594 2315 1735 2381 quod
1767 2316 1917 2369 dives

2020 1885 2110 1921 ται
2134 1869 2453 1941 περιουσίαν
2488 1885 2596 1939 χρη
2607 1869 2811 1939 μάτων,
2841 1868 3213 1921 σκοπείτωσαν
3238 1868 3286 1919 οἱ
3314 1865 3616 1919 πλουτοῦν-

2021 1976 2135 2022 τες,
2164 1959 2283 2022 πῶς
2319 1960 2458 2031 ὑπὲρ
2498 1959 2608 2012 τῶν
2636 1959 2852 2012 οἰκείων
2892 1959 3344 2031 ἀπολογήσονται.
3396 1957 3527 2010 Ἐὰν
3550 1957 3615 2010 δέ

2019 2068 2104 2114 τις
2127 2052 2304 2120 οἴηται
2334 2051 2397 2104 ἐκ
2433 2069 2580 2116 τινος
2618 2051 2840 2120 εὐλόγου
2884 2052 3213 2124 προφάσεως
3240 2047 3616 2119 νομιζομένης

2023 2142 2266 2195 πλουτῶν
2297 2143 2370 2213 μὴ
2411 2143 2776 2214 ἁμαρτάνειν,
2813 2140 3215 2212 ἀναμνησθήτω
3240 2138 3332 2192 τοῦ
3373 2139 3614 2207 εὐαγγε-

2022 2229 2172 2283 λικοῦ
2213 2232 2651 2303 προστάγματος,
2707 2231 2895 2301 σαφῶς
2929 2229 3365 2302 ἀπαγορεύοντος
3401 2228 3476 2301 μὴ
3508 2228 3615 2298 θη-

2025 2321 2303 2392 σαυρίζειν
2333 2324 2545 2386 ἑαυτοῖς
2565 2323 2658 2377 ἐπὶ
2684 2322 2786 2393 τῆς
2817 2324 2941 2393 γῆς.

342 2406 448 2473 sit;
494 2404 803 2459 meminerit
844 2404 889 2460 is
929 2402 1224 2471 evangelici
1278 2402 1552 2473 praecepti,
1605 2418 1712 2473 quo
1758 2404 1903 2461 clare
1938 2408 2320 2481 evidenterque
2392 2414 2745 2482 prohibemur
2804 2415 3090 2469 thesauros
3160 2413 3216 2468 in
3259 2422 3402 2467 terra
3452 2409 3615 2466 nobis

341 2511 638 2567 congerere
666 2496 711 2528 “

419 2590 509 2645 8|.
546 2587 708 2642 Vens.
742 2586 796 2642 8.
821 2587 892 2641 Et
921 2585 1119 2656 repleta
1149 2595 1225 2640 est
1254 2596 1395 2641 terra
1418 2588 1588 2654 equis,
1613 2597 1662 2642 et
1687 2604 1791 2642 non
1813 2598 1927 2644 erat

344 2698 594 2739 numerus
623 2695 875 2734 curruum
911 2694 1115 2733 eorum.
1162 2676 1394 2733 Sanctos
1428 2679 1629 2749 ubique
1669 2681 1928 2735 observa-

2096 2589 2186 2643 81.
2234 2587 2345 2640 Καὶ
2381 2587 2732 2657 ἐνεπλήσθη
2762 2591 2799 2658 ἡ
2835 2588 2913 2659 γῆ
2942 2591 3162 2656 ἵππων,
3210 2591 3312 2645 καὶ
3358 2594 3473 2646 οὐκ
3531 2588 3625 2662 ἦν

2024 2680 2271 2748 ἀριθμὸς
2307 2678 2422 2732 τῶν
2444 2679 2722 2749 ἁρμάτων
2750 2681 2967 2735 αὐτῶν.
3006 2682 3294 2752 Πανταχόῦ
3337 2699 3619 2755 παραιτη-

342 2774 547 2838 vimus,
592 2786 715 2826 cum
767 2772 819 2826 in
854 2770 1061 2825 bellicis
1089 2768 1452 2838 conﬂictibus,
1479 2779 1590 2825 tutu
1627 2772 1679 2825 in
1707 2773 1922 2843 reliquis

2053 2774 2294 2843 παμένους
2322 2774 2449 2835 τοὺς
2502 2772 2693 2840 ἁγίους
2728 2775 3111 2845 τετηρήκαμεν
3142 2774 3243 2845 τὴν
3270 2773 3378 2828 τῶν
3421 2775 3619 2830 ἵππων

342 2868 471 2921 vitae
494 2863 903 2919 necessitatibus
935 2878 1195 2931 equorum
1227 2878 1381 2917 usum
1421 2862 1590 2918 fuisse
1620 2876 1922 2921 aversatos.

2053 2864 2243 2933 ίρῆσιν,
2279 2863 2370 2915 ἐπί
2404 2879 2464 2915 τε
2492 2863 2601 2915 τῶν
2637 2863 2951 2934 πολεμικῶν
2985 2862 3381 2936 παρατάξεων,
3421 2866 3520 2919 καὶ
3554 2869 3621 2920 ὲν

345 2955 707 3024 Quamobrem
743 2953 831 3007 hic
865 2952 1028 3005 etiam
1076 2967 1339 3021 equorum
1376 2969 1506 3009 usus
1535 2969 1639 3009 una
1666 2968 1790 3010 cum
1820 2971 1922 3010 cae.

2053 2957 2143 3016 λαῖς
2168 2953 2385 3017 λοιπαῖς
2407 2953 2548 3006 κατὰ
2578 2955 2670 3007 τὸν
2704 2953 2817 3024 βίον
2844 2956 3076 3026 χρείαις.
3107 2958 3185 3008 Δι’
3205 2956 3233 3008 ὃ
3258 2957 3352 3010 καὶ
3375 2958 3617 3012 ἐνταῦθα

349 3048 483 3104 teris
533 3046 1010 3102 criminationibus
1064 3047 1364 3101 recensitus
1419 3056 1524 3102 est.
1588 3046 1724 3101 Cum
1775 3052 1921 3102 enim

2053 3047 2137 3108 ei;
2161 3044 2366 3107 λοιποῖς
2397 3045 2821 3116 κατηγορήμασι
2848 3047 2942 3098 καὶ
2969 3047 3001 3117 ή
3028 3046 3138 3100 τῶν
3167 3048 3349 3101 ἵππων
3374 3065 3623 3116 συγκατ-

344 3140 478 3199 velit
520 3139 661 3194 Deus
711 3153 742 3192 a
791 3152 892 3193 suo
944 3138 1114 3207 ipsius
1166 3140 1420 3207 praesidio
1465 3154 1560 3194 eos
1594 3140 1920 3208 dependere,

2053 3136 2347 3208 γρίθμηται.
2379 3136 2487 3190 Τοῦ
2520 3137 2631 3208 γὰρ
2666 3137 2802 3190 Θεοῦ
2850 3137 3176 3210 βουλομένου
3209 3141 3311 3210 τῆς
3358 3143 3485 3212 παρ’
3510 3145 3616 3196 αὺ-

345 3234 576 3301 iliosque
618 3232 760 3285 inter
804 3231 1000 3285 bellum
1050 3232 1343 3299 gerendum
1389 3246 1732 3300 nequaquam
1771 3247 1921 3301 spem

2053 3228 2116 3282 οῦ
2147 3228 2403 3299 βοηθείας
2421 3229 2623 3291 αὐτοὺς
2646 3227 3002 3300 ἐξηρτῆσθαι,
3025 3232 3119 3284 καὶ
3139 3233 3212 3302 μὴ
3237 3234 3355 3295 ταῖς
3379 3234 3622 3298 οἰκείαις

351 3341 611 3394 reponere
658 3325 710 3379 itt
756 3327 871 3380 suis
921 3324 1163 3394 ipsorum
1203 3326 1370 3379 armis
1403 3341 1417 3376 :
1455 3334 1511 3379 et
1547 3341 1612 3380 ea
1652 3329 1717 3380 de
1760 3341 1922 3380 causa

2053 3324 2405 3391 παρασκευαῖς
2442 3320 2641 3383 αὐτοὺς
2690 3320 3005 3384 ἐπελπίζειν
3059 3323 3118 3373 ὲν
3164 3323 3279 3384 τοῖς
3329 3321 3619 3393 πολέμοις,

351 3422 453 3474 hcc
504 3428 691 3483 vetat,
743 3419 934 3473 dicens
968 3437 981 3472 :
1013 3416 1091 3471 Ne
1146 3414 1385 3485 utiquam
1444 3417 1538 3471 tibi
1603 3417 1926 3488 multiplices

352 3526 544 3579 equum
581 3512 624 3544 "
660 3524 677 3565 :
712 3511 802 3579 qui
847 3520 958 3564 tum
1010 3513 1443 3572 accusabantur,
1482 3519 1633 3563 tanta
1661 3525 1925 3579 equorum

353 3605 707 3674 ciugehantur
739 3601 1119 3664 multitudine,
1156 3608 1214 3653 ut
1251 3615 1537 3654 numerum
1569 3602 1734 3662 etiam
1759 3616 1925 3670 supe—

353 3703 520 3747 raret.
567 3691 738 3747 Porro
789 3699 884 3743 aut
933 3691 984 3744 id
1032 3688 1381 3761 hyperbolice
1426 3689 1782 3759 accipiamus,
1836 3700 1929 3744 aut

354 3785 725 3841 existimemus
763 3786 885 3840 ideo
919 3784 1123 3838 dictum
1170 3781 1341 3838 fuisse
1374 3796 1481 3837 non
1518 3797 1641 3836 esse
1671 3797 1927 3836 curruum

354 3892 657 3941 numerum,
706 3877 848 3946 quod
891 3877 1018 3930 vilia
1067 3884 1123 3929 et
1173 3876 1472 3944 praesertim
1518 3874 1746 3943 ingloria
1783 3875 1930 3931 nullo

354 3985 581 4026 numero
624 3969 677 4023 itt
720 3968 1003 4038 Scriptura
1052 3967 1375 4022 habeantur.
1425 3967 1668 4022 Observa
1701 3968 1846 4023 enim
1875 3967 1930 4021 in

354 4059 603 4116 Numeris
636 4060 680 4091 ¹⁸
716 4074 821 4113 non
873 4056 1141 4113 recenseri
1193 4056 1512 4123 mulierem,
1555 4056 1721 4110 veluti
1778 4055 1933 4110 inlir-

354 4168 497 4210 mam
532 4170 548 4206 :
587 4166 692 4207 non
728 4166 999 4220 puerum,
1043 4160 1302 4219 tanquam
1348 4147 1788 4212 aspernabilem,
1836 4163 1932 4201 ex-

354 4244 524 4313 ceptis
552 4240 924 4311 primogenitis
954 4248 1010 4294 et
1057 4238 1368 4292 Levitarum
1425 4237 1647 4319 liberis;
1683 4254 1786 4290 non
1814 4252 1931 4291 ser-

2025 3412 2120 3465 καὶ
2144 3411 2233 3464 διὰ
2259 3410 2418 3464 τοῦτο
2459 3410 2963 3481 ἀπαγορεύσαντος,
3009 3411 3093 3484 Μή
3150 3429 3280 3467 ποτε
3334 3413 3621 3486 πληθύνῃς

2028 3502 2238 3572 σεαυτῷ
2282 3501 2449 3555 ἵππον
2475 3519 2489 3533 ο
2539 3504 2590 3555 οἱ
2638 3503 2762 3557 τότε
2816 3504 3209 3575 ἐγκαλούμενοι
3254 3506 3508 3559 τοσοῦτόν
3564 3524 3621 3561 τι

2029 3592 2235 3662 πλῆθος
2256 3593 2440 3648 ἵππων
2470 3593 2911 3665 περιεϐάλλοντο,
2928 3594 3067 3648 ὥστε
3098 3597 3190 3649 καὶ
3206 3596 3436 3668 ἀριθμὸν
3452 3598 3622 3670 ὑπερ·

2030 3685 2257 3741 ϐαίνειν.
2285 3686 2459 3741 Τοῦτο
2483 3683 2541 3740 δὲ
2560 3688 2680 3758 ἦτοι
2708 3682 3085 3756 ὑπερϐολικῶς
3104 3687 3448 3758 ὲκδεξώμεθα
3476 3687 3618 3760 (69),

2031 3779 2064 3850 ἢ
2095 3778 2248 3850 παρὰ
2278 3778 2341 3832 τὸ
2366 3778 2433 3832 τὰ
2473 3779 2651 3849 φαῦλα
2681 3780 2776 3833 καὶ
2819 3778 2993 3842 ἄλλως
3026 3780 3197 3850 ἄτιμα
3238 3780 3312 3851 μὴ
3361 3780 3617 3851 ἀριθμεῖ-

2033 3870 2159 3924 σθαι
2198 3872 2256 3924 ὲν
2290 3873 2354 3942 τῇ
2381 3871 2598 3943 Γραφῇ,
2629 3871 2943 3941 νομίσωμεν
2978 3871 3232 3942 εἰρῆσθαι
3266 3873 3329 3925 τὸ
3363 3871 3437 3942 μὴ
3471 3868 3618 3925 εἶναι

2031 3959 2262 4031 ἀριθμὸν
2287 3959 2398 4014 τῶν
2428 3962 2711 4031 ἁρμάτων.
2747 3959 2916 4031 Τήρει
2949 3960 3078 4031 γὰρ,
3116 3963 3197 4015 ὅτι
3240 3963 3298 4013 ὲν
3335 3961 3620 4033 Ἀριθμοῖς

2030 4053 2093 4105 οὐ
2112 4052 2250 4124 γυνὴ
2280 4052 2616 4125 ἀριθμεῖται,
2659 4053 2735 4117 ὡς
2776 4053 3007 4125 ἀσθενής
3026 4069 3041 4084 '
3071 4054 3131 4106 οὐ
3163 4053 3395 4115 παιδίον,
3430 4054 3506 4117 ὡς
3529 4055 3624 4107 εὑ-

2033 4144 2463 4215 καταφρόνητον,
2481 4143 2619 4215 πλὴν
2644 4140 3007 4215 πρωτοτόκων
3032 4147 3128 4199 καὶ
3159 4145 3460 4199 Λευῖτικῶν
3479 4146 3618 4213 (70)°

2031 4236 2093 4289 οὐ
2136 4236 2339 4301 δοῦλος,
2385 4236 2474 4290 διὰ
2515 4237 2578 4289 τὸ
2608 4236 2838 4307 ἄτιμονο
2886 4238 2987 4310 οὐχ
3023 4241 3051 4292 ὁ
3084 4239 3391 4310 ὲπὶμικτος,
3423 4238 3512 4292 διὰ
3548 4240 3613 4293 τὸ

355 4348 503 4398 vum,
544 4342 766 4402 propter
797 4330 1031 4383 inustam
1080 4329 1182 4383 sibi
1223 4329 1619 4399 ignominiam;
1665 4343 1771 4381 non
1804 4343 1922 4381 eum

2053 4328 2330 4400 ιλλότριον.
2347 4327 2535 4391 Οὕτως
2563 4324 2657 4381 οῦν
2686 4327 2780 4381 καὶ
2808 4328 2874 4381 τὰ
2892 4329 3077 4391 κακῶς
3104 4330 3381 4412 κτηθέντα.
3398 4330 3623 4402 ἆρματα

355 4425 450 4495 qui
500 4422 771 4479 commisti
834 4431 920 4476 est
963 4420 1219 4492 generis,
1269 4432 1486 4490 propter
1534 4419 1925 4475 diversitatem.

355 4519 543 4590 Itaque
574 4518 677 4572 hac
700 4516 912 4571 ratione
943 4528 1138 4569 currus
1166 4513 1306 4568 male
1338 4523 1682 4583 comparatos
1708 4528 1772 4567 ac
1804 4527 1932 4584 pos-

356 4623 541 4667 sessos
579 4622 686 4661 non
717 4604 991 4659 numerari
1032 4603 1300 4658 ducimus.

428 4699 524 4755 82.
561 4697 634 4753 Et
671 4695 869 4766 repleta
904 4706 983 4750 est
1028 4706 1171 4749 terra
1205 4694 1681 4749 abominationious
1720 4711 1934 4766 operum

360 4807 611 4848 manuum
640 4805 844 4847 eorum.
891 4788 1183 4844 Gentilium
1226 4803 1401 4843 mores
1426 4831 1444 4851 ,
1480 4795 1691 4856 sumpta
1726 4803 1755 4841 a
1791 4787 1933 4840 divi-

359 4883 672 4941 nationibus
694 4882 925 4951 origine,
960 4895 1055 4951 per
1091 4881 1375 4934 avaritiam
1405 4888 1460 4934 et
1489 4884 1739 4934 insanum

2036 4419 2141 4486 ἔξω
2162 4417 2301 4474 εἶναι
2331 4421 2425 4474 τοῦ
2456 4419 2691 4492 ἀριθμοῦ
2711 4418 3058 4492 λογιζόμεθα.

2071 4736 2074 4740 .
2110 4693 2202 4750 82.
2242 4693 2354 4749 Καὶ
2395 4692 2743 4762 ἐνεπλήσθη
2793 4693 2833 4762 ἠ
2889 4692 2969 4763 γῆ
3016 4691 3456 4763 βδελυγμάτων
3503 4692 3625 4748 τῶν

2040 4785 2229 4856 ἔργων
2251 4786 2372 4840 τῶν
2398 4785 2612 4856 χειρῶν
2631 4784 2849 4841 αὐτῶν.
2887 4785 2969 4839 Τὰ
2996 4785 3187 4864 εθνικὰ
3214 4784 3645 4856 ἐπιτηδεύματα-

2038 4879 2145 4932 ἀπὺ
2182 4878 2554 4951 κληδονισμῶν
2579 4878 2680 4950 τὴν
2729 4878 2903 4951 ἀρχὴν
2937 4877 3188 4945 λαϐόντα,
3217 4878 3305 4932 διὰ
3352 4879 3624 4949 φιλαργυ-

356 4992 622 5050 equorum
673 4976 911 5030 studium
965 4975 1019 5027 in
1062 4973 1419 5027 idololatriam
1464 4973 1754 5042 impegere.
1798 4972 1922 5024 Nam

2053 4969 2164 5039 ρίας
2185 4970 2280 5023 καὶ
2306 4969 2639 5041 ἱππομανίας
2662 4968 3032 5040 προκόψαντα,
3067 4970 3147 5033 εἰς
3179 4967 3627 5040 εἰδωλολατρείαν

359 5070 504 5141 quod
560 5084 590 5122 a
643 5066 736 5122 Dei
770 5065 1001 5122 consilio
1052 5063 1371 5126 defecerint,
1407 5078 1471 5116 ac
1519 5063 1791 5117 vaticiniis
1816 5076 1922 5117 sese

2053 5060 2316 5127 ἐξώκειλε.
2356 5062 2456 5116 Διὰ
2486 5061 2596 5134 γὰρ
2622 5063 2685 5116 τὸ
2735 5064 3037 5134 ἀποστῆναι
3085 5060 3418 5134 συμϐουλίας
3462 5060 3627 5125 Θεοῦ,

361 5159 692 5234 praebuerint
736 5167 977 5214 attentos
1024 5170 1039 5209 :
1077 5156 1220 5227 quod
1250 5169 1358 5210 non
1393 5153 1538 5220 Deo,
1579 5155 1675 5210 sed
1710 5154 1922 5210 instabi-

2053 5154 2136 5208 καὶ
2169 5153 2392 5226 κληδόσι
2425 5154 2736 5226 προσέχειν,
2768 5152 2856 5208 διὰ
2876 5153 2937 5208 τὸ
2979 5153 3054 5227 μὴ
3085 5155 3178 5207 ἐπὶ
3206 5152 3338 5208 Θεὸν
3370 5151 3626 5206 πεπολέ-

432 5339 478 5374 ¹⁶
497 5339 685 5395 Matth.
716 5353 795 5405 νι,
826 5335 915 5394 l9.
993 5335 1036 5369 ³⁷
1066 5336 1221 5393 Deut.
1262 5350 1399 5403 xvtt,
1435 5333 1504 5391 16
1603 5333 1648 5367 ⁸⁸
1681 5331 1840 5389 Num.
1874 5348 1922 5388 ill

2053 5333 2089 5401 ἰ,
2114 5333 2205 5391 40.

433 5520 549 5594 (68)
577 5521 656 5575 Ita
694 5520 850 5577 Com.
884 5519 1157 5575 secundus
1177 5496 1392 5594 εἴ
1424 5506 1610 5594 itidem
1648 5520 1938 5571 secundus.

363 5586 506 5648 Editi
530 5586 675 5646 'vero
712 5601 769 5646 et
812 5600 924 5660 tres
963 5589 1498 5660 ιηεεηηγενομὲνων.
1535 5586 1659 5660 M035
1709 5595 1943 5660 quatuor

364 5678 521 5724 mss.,
552 5659 1089 5731 συγκατηρίθμηται.
1127 5656 1868 5731 Εόἱιξζσυγκαταριθμεῖταιί

436 5722 552 5807 (69)
579 5722 730 5790 Colb.
778 5722 1052 5788 secundus
1089 5745 1212 5787 cum
1254 5722 1680 5803 Regisecun'do,‘
1708 5722 1942 5790 ἐκλεξὼ-

2046 5515 2207 5587 μεθα.
2247 5513 2358 5587 Aﬂlii
2373 5515 2479 5570 duo
2509 5528 2668 5587 mss...
2696 5511 3049 5587 ἐκδεξάμεθα.

2115 5587 2227 5656 (70)
2260 5585 2364 5641 Ubi
2404 5587 2457 5639 in
2490 5584 2651 5656 editis
2703 5579 2917 5656 legitur,
2960 5579 3229 5655 Δευῖτῶν,
3260 5580 3524 5642 scribitur
3570 5580 3630 5639 in

2044 5652 2312 5730 aliquibus
2338 5670 2490 5724 mss.,
2524 5652 2844 5709 Λευῖτικῶν.
2960 5690 2987 5727 δ-
