  <div class='ocr_page' id='page_1' title='image "/cluster/home/n/w/nwhite01/storage/ocr_20150623/30/nnc1.0046978810/134.png"; bbox 0 0 3828 6216; ppageno 0'>
   <div class='ocr_carea' id='block_1_1' title="bbox 151 327 243 385">
    <p class='ocr_par' dir='ltr' id='par_1_1' title="bbox 151 327 243 385">
     <span class='ocr_line' id='line_1_1' title="bbox 151 327 243 385; baseline 0 0"><span class='ocrx_word' id='word_1_1' title='bbox 151 327 243 385; x_wconf 75' lang='grc'><strong>253</strong></span> 
     </span>
    </p>
   </div>
   <div class='ocr_carea' id='block_1_2' title="bbox 942 326 2507 399">
    <p class='ocr_par' dir='ltr' id='par_1_2' title="bbox 942 326 2507 399">
     <span class='ocr_line' id='line_1_2' title="bbox 942 326 2507 399; baseline 0.001 -6"><span class='ocrx_word' id='word_1_2' title='bbox 942 326 947 331; x_wconf 58' lang='grc'><em>’</em></span> <span class='ocrx_word' id='word_1_3' title='bbox 979 336 1339 396; x_wconf 75' lang='lat' dir='ltr'><strong>COMMENT.</strong></span> <span class='ocrx_word' id='word_1_4' title='bbox 1379 339 1450 395; x_wconf 81' lang='lat' dir='ltr'><strong>IN</strong></span> <span class='ocrx_word' id='word_1_5' title='bbox 1490 340 1728 397; x_wconf 74' lang='grc' dir='ltr'><strong>ΙΒΑιΑΜ</strong></span> <span class='ocrx_word' id='word_1_6' title='bbox 1765 341 2207 399; x_wconf 75' lang='lat' dir='ltr'><strong>PROPHETAM.</strong></span> <span class='ocrx_word' id='word_1_7' title='bbox 2245 338 2401 399; x_wconf 83' lang='lat' dir='ltr'><strong>CAP.</strong></span> <span class='ocrx_word' id='word_1_8' title='bbox 2440 340 2507 397; x_wconf 81' lang='grc' dir='ltr'><strong>ιι.</strong></span> 
     </span>
    </p>
   </div>
   <div class='ocr_carea' id='block_1_3' title="bbox 3272 318 3379 398">
    <p class='ocr_par' dir='ltr' id='par_1_3' title="bbox 3272 318 3379 398">
     <span class='ocr_line' id='line_1_3' title="bbox 3272 318 3379 398; baseline 0.019 -2"><span class='ocrx_word' id='word_1_9' title='bbox 3272 318 3379 398; x_wconf 58' lang='lat' dir='ltr'><strong>est</strong></span> 
     </span>
    </p>
   </div>
   <div class='ocr_carea' id='block_1_4' title="bbox 153 444 1718 524">
    <p class='ocr_par' dir='ltr' id='par_1_4' title="bbox 153 444 1718 524">
     <span class='ocr_line' id='line_1_4' title="bbox 153 444 1718 524; baseline 0.006 -26"><span class='ocrx_word' id='word_1_10' title='bbox 153 462 247 507; x_wconf 87' lang='grc' dir='ltr'>ναι,</span> <span class='ocrx_word' id='word_1_11' title='bbox 281 444 394 499; x_wconf 81' lang='grc' dir='ltr'>ἀλλ’</span> <span class='ocrx_word' id='word_1_12' title='bbox 427 445 521 501; x_wconf 74' lang='grc' dir='ltr'><strong>ἐπὶ</strong></span> <span class='ocrx_word' id='word_1_13' title='bbox 549 450 616 517; x_wconf 81' lang='grc' dir='ltr'>τῇ</span> <span class='ocrx_word' id='word_1_14' title='bbox 643 446 738 502; x_wconf 82' lang='grc' dir='ltr'>τοῦ</span> <span class='ocrx_word' id='word_1_15' title='bbox 772 447 1006 503; x_wconf 87' lang='grc' dir='ltr'>πλούτου</span> <span class='ocrx_word' id='word_1_16' title='bbox 1035 451 1358 524; x_wconf 85' lang='grc' dir='ltr'>ἀδηλότητι·</span> <span class='ocrx_word' id='word_1_17' title='bbox 1394 453 1482 508; x_wconf 83' lang='grc' dir='ltr'>διὰ</span> <span class='ocrx_word' id='word_1_18' title='bbox 1522 455 1582 507; x_wconf 86' lang='grc' dir='ltr'>τὸ</span> <span class='ocrx_word' id='word_1_19' title='bbox 1606 457 1718 519; x_wconf 82' lang='grc' dir='ltr'>τοῖς</span> 
     </span>
    </p>
   </div>
   <div class='ocr_carea' id='block_1_5' title="bbox 1809 444 3379 524">
    <p class='ocr_par' dir='ltr' id='par_1_5' title="bbox 1820 450 3379 523">
     <span class='ocr_line' id='line_1_5' title="bbox 1820 450 3379 523; baseline -0.001 -16"><span class='ocrx_word' id='word_1_20' title='bbox 1820 455 1954 509; x_wconf 85' lang='lat' dir='ltr'><strong>litati</strong></span> <span class='ocrx_word' id='word_1_21' title='bbox 1993 456 2301 509; x_wconf 68' lang='lat' dir='ltr'><strong>divitiarum</strong></span> <span class='ocrx_word' id='word_1_22' title='bbox 2337 452 2664 509; x_wconf 84' lang='lat' dir='ltr'><strong>confiderint</strong></span> <span class='ocrx_word' id='word_1_23' title='bbox 2700 470 2716 507; x_wconf 91' lang='lat'><strong>:</strong></span> <span class='ocrx_word' id='word_1_24' title='bbox 2747 453 2889 523; x_wconf 89' lang='lat' dir='ltr'><strong>quod</strong></span> <span class='ocrx_word' id='word_1_25' title='bbox 2923 453 2976 507; x_wconf 91' lang='lat' dir='ltr'><strong>in</strong></span> <span class='ocrx_word' id='word_1_26' title='bbox 3019 452 3171 522; x_wconf 86' lang='lat' dir='ltr'><strong>equis</strong></span> <span class='ocrx_word' id='word_1_27' title='bbox 3198 450 3265 506; x_wconf 85' lang='lat' dir='ltr'><strong>ad</strong></span> <span class='ocrx_word' id='word_1_28' title='bbox 3294 468 3379 508; x_wconf 82' lang='lat' dir='ltr'><strong>sa-</strong></span> 
     </span>
    </p>
   </div>
   <div class='ocr_carea' id='block_1_6' title="bbox 150 537 1708 615">
    <p class='ocr_par' dir='ltr' id='par_1_6' title="bbox 150 537 1708 615">
     <span class='ocr_line' id='line_1_6' title="bbox 150 537 1708 615; baseline 0.005 -25"><span class='ocrx_word' id='word_1_29' title='bbox 150 537 378 604; x_wconf 66' lang='grc' dir='ltr'>ψεοδέσιν</span> <span class='ocrx_word' id='word_1_30' title='bbox 400 540 481 603; x_wconf 80' lang='grc' dir='ltr'><strong>είς</strong></span> <span class='ocrx_word' id='word_1_31' title='bbox 521 541 796 611; x_wconf 79' lang='grc' dir='ltr'><strong>σωτηρίαν</strong></span> <span class='ocrx_word' id='word_1_32' title='bbox 827 540 1035 605; x_wconf 85' lang='grc' dir='ltr'>ἵπποις,</span> <span class='ocrx_word' id='word_1_33' title='bbox 1077 543 1215 597; x_wconf 86' lang='grc' dir='ltr'><strong>ἀλλά</strong></span> <span class='ocrx_word' id='word_1_34' title='bbox 1273 545 1348 615; x_wconf 84' lang='grc' dir='ltr'>μὴ</span> <span class='ocrx_word' id='word_1_35' title='bbox 1393 544 1471 615; x_wconf 81' lang='grc' dir='ltr'>τῷ</span> <span class='ocrx_word' id='word_1_36' title='bbox 1499 544 1708 615; x_wconf 77' lang='grc' dir='ltr'>δυνατῷ</span> 
     </span>
    </p>
   </div>
   <div class='ocr_carea' id='block_1_7' title="bbox 153 629 1706 707">
    <p class='ocr_par' dir='ltr' id='par_1_7' title="bbox 153 629 1706 707">
     <span class='ocr_line' id='line_1_7' title="bbox 153 629 1706 707; baseline 0.007 -27"><span class='ocrx_word' id='word_1_37' title='bbox 153 629 434 699; x_wconf 70' lang='grc' dir='ltr'>συντρίϐειν</span> <span class='ocrx_word' id='word_1_38' title='bbox 456 632 751 702; x_wconf 81' lang='grc' dir='ltr'>πολέμους,</span> <span class='ocrx_word' id='word_1_39' title='bbox 772 634 1222 707; x_wconf 82' lang='grc' dir='ltr'>ὲπιστηρίζεσθαι</span> <span class='ocrx_word' id='word_1_40' title='bbox 1238 653 1249 667; x_wconf 84' lang='grc'>·</span> <span class='ocrx_word' id='word_1_41' title='bbox 1271 639 1335 690; x_wconf 81' lang='grc' dir='ltr'><strong>ἐκ</strong></span> <span class='ocrx_word' id='word_1_42' title='bbox 1359 637 1453 690; x_wconf 77' lang='grc' dir='ltr'>τοῦ</span> <span class='ocrx_word' id='word_1_43' title='bbox 1480 637 1706 691; x_wconf 88' lang='grc' dir='ltr'>ἀκολού-</span> 
     </span>
    </p>
   </div>
   <div class='ocr_carea' id='block_1_8' title="bbox 152 721 1705 799">
    <p class='ocr_par' dir='ltr' id='par_1_8' title="bbox 152 721 1705 799">
     <span class='ocr_line' id='line_1_8' title="bbox 152 721 1705 799; baseline 0.006 -26"><span class='ocrx_word' id='word_1_44' title='bbox 152 721 235 773; x_wconf 86' lang='grc' dir='ltr'><strong>θου</strong></span> <span class='ocrx_word' id='word_1_45' title='bbox 267 721 526 792; x_wconf 79' lang='grc' dir='ltr'><strong>προῆλθον</strong></span> <span class='ocrx_word' id='word_1_46' title='bbox 568 726 649 788; x_wconf 88' lang='grc' dir='ltr'><strong>είς</strong></span> <span class='ocrx_word' id='word_1_47' title='bbox 685 723 747 777; x_wconf 79' lang='grc' dir='ltr'>τὸ</span> <span class='ocrx_word' id='word_1_48' title='bbox 778 725 1056 796; x_wconf 75' lang='grc' dir='ltr'>ἐμπλῆσαι</span> <span class='ocrx_word' id='word_1_49' title='bbox 1097 726 1196 798; x_wconf 82' lang='grc' dir='ltr'>τὴν</span> <span class='ocrx_word' id='word_1_50' title='bbox 1226 729 1329 798; x_wconf 83' lang='grc' dir='ltr'>γῆν</span> <span class='ocrx_word' id='word_1_51' title='bbox 1373 728 1554 781; x_wconf 80' lang='grc' dir='ltr'>αὐτῶν</span> <span class='ocrx_word' id='word_1_52' title='bbox 1584 728 1705 799; x_wconf 79' lang='grc' dir='ltr'>βδε-</span> 
     </span>
    </p>
   </div>
   <div class='ocr_carea' id='block_1_9' title="bbox 151 813 1706 890">
    <p class='ocr_par' dir='ltr' id='par_1_9' title="bbox 151 813 1706 890">
     <span class='ocr_line' id='line_1_9' title="bbox 151 813 1706 890; baseline 0.003 -25"><span class='ocrx_word' id='word_1_53' title='bbox 151 813 437 881; x_wconf 77' lang='grc' dir='ltr'>λυγμάτων.</span> <span class='ocrx_word' id='word_1_54' title='bbox 472 817 627 868; x_wconf 79' lang='grc' dir='ltr'>Πᾶσα</span> <span class='ocrx_word' id='word_1_55' title='bbox 657 816 757 886; x_wconf 83' lang='grc' dir='ltr'>μὲν</span> <span class='ocrx_word' id='word_1_56' title='bbox 783 813 878 869; x_wconf 77' lang='grc' dir='ltr'>οὖν</span> <span class='ocrx_word' id='word_1_57' title='bbox 907 817 1131 888; x_wconf 78' lang='grc' dir='ltr'>πρᾶξις,</span> <span class='ocrx_word' id='word_1_58' title='bbox 1160 820 1194 889; x_wconf 86' lang='grc' dir='ltr'>ὴ</span> <span class='ocrx_word' id='word_1_59' title='bbox 1244 818 1398 888; x_wconf 87' lang='grc' dir='ltr'><strong>παρά</strong></span> <span class='ocrx_word' id='word_1_60' title='bbox 1425 818 1518 872; x_wconf 86' lang='grc' dir='ltr'><strong>τὸν</strong></span> <span class='ocrx_word' id='word_1_61' title='bbox 1548 817 1706 890; x_wconf 83' lang='grc' dir='ltr'>ὀρθὸν</span> 
     </span>
    </p>
   </div>
   <div class='ocr_carea' id='block_1_10' title="bbox 149 895 1703 973">
    <p class='ocr_par' dir='ltr' id='par_1_10' title="bbox 149 895 1703 973">
     <span class='ocr_line' id='line_1_10' title="bbox 149 895 1703 973; baseline 0.005 -25"><span class='ocrx_word' id='word_1_62' title='bbox 149 895 287 964; x_wconf 86' lang='grc' dir='ltr'>λόγον</span> <span class='ocrx_word' id='word_1_63' title='bbox 310 898 695 970; x_wconf 76' lang='grc' dir='ltr'>ἐνεργουμένη,</span> <span class='ocrx_word' id='word_1_64' title='bbox 728 898 1157 973; x_wconf 70' lang='grc' dir='ltr'>βδέλυγμάὲστι</span> <span class='ocrx_word' id='word_1_65' title='bbox 1182 902 1261 973; x_wconf 86' lang='grc' dir='ltr'><strong>τῷ</strong></span> <span class='ocrx_word' id='word_1_66' title='bbox 1288 902 1428 972; x_wconf 84' lang='grc' dir='ltr'>Θεῷ.</span> <span class='ocrx_word' id='word_1_67' title='bbox 1469 904 1560 966; x_wconf 87' lang='grc' dir='ltr'>Ὠς</span> <span class='ocrx_word' id='word_1_68' title='bbox 1589 905 1703 973; x_wconf 78' lang='grc'>(71)</span> 
     </span>
    </p>
   </div>
   <div class='ocr_carea' id='block_1_11' title="bbox 149 990 1707 1065">
    <p class='ocr_par' dir='ltr' id='par_1_11' title="bbox 149 990 1707 1065">
     <span class='ocr_line' id='line_1_11' title="bbox 149 990 1707 1065; baseline 0.004 -25"><span class='ocrx_word' id='word_1_69' title='bbox 149 990 193 1041; x_wconf 83' lang='grc' dir='ltr'>οἱ</span> <span class='ocrx_word' id='word_1_70' title='bbox 239 990 609 1059; x_wconf 74' lang='grc' dir='ltr'>πομαχῶντες</span> <span class='ocrx_word' id='word_1_71' title='bbox 636 992 732 1045; x_wconf 80' lang='grc' dir='ltr'><strong>καὶ</strong></span> <span class='ocrx_word' id='word_1_72' title='bbox 760 992 1156 1064; x_wconf 84' lang='grc' dir='ltr'>εὐανάτρεπτοι</span> <span class='ocrx_word' id='word_1_73' title='bbox 1202 992 1274 1046; x_wconf 83' lang='grc' dir='ltr'>τὰ</span> <span class='ocrx_word' id='word_1_74' title='bbox 1324 994 1548 1065; x_wconf 84' lang='grc' dir='ltr'>μυσαρὰ</span> <span class='ocrx_word' id='word_1_75' title='bbox 1596 994 1707 1047; x_wconf 83' lang='grc' dir='ltr'>τῶν</span> 
     </span>
    </p>
   </div>
   <div class='ocr_carea' id='block_1_12' title="bbox 150 1079 1702 1156">
    <p class='ocr_par' dir='ltr' id='par_1_12' title="bbox 150 1079 1702 1156">
     <span class='ocr_line' id='line_1_12' title="bbox 150 1079 1702 1156; baseline 0.004 -24"><span class='ocrx_word' id='word_1_76' title='bbox 150 1079 412 1149; x_wconf 77' lang='grc' dir='ltr'><strong>θεαμάτων</strong></span> <span class='ocrx_word' id='word_1_77' title='bbox 432 1082 789 1153; x_wconf 82' lang='grc' dir='ltr'><strong>ἐκτρέπονται</strong></span> <span class='ocrx_word' id='word_1_78' title='bbox 806 1101 819 1113; x_wconf 90' lang='grc'>·</span> <span class='ocrx_word' id='word_1_79' title='bbox 843 1079 977 1149; x_wconf 74' lang='grc' dir='ltr'>οἷον,</span> <span class='ocrx_word' id='word_1_80' title='bbox 1000 1086 1430 1156; x_wconf 72' lang='grc' dir='ltr'><strong>περιττωμάτων</strong></span> <span class='ocrx_word' id='word_1_81' title='bbox 1453 1084 1702 1150; x_wconf 75' lang='grc' dir='ltr'>ἐκϐολὰς,</span> 
     </span>
    </p>
   </div>
   <div class='ocr_carea' id='block_1_13' title="bbox 149 1171 1706 1244">
    <p class='ocr_par' dir='ltr' id='par_1_13' title="bbox 149 1171 1706 1244">
     <span class='ocr_line' id='line_1_13' title="bbox 149 1171 1706 1244; baseline 0.003 -19"><span class='ocrx_word' id='word_1_82' title='bbox 149 1172 231 1225; x_wconf 78' lang='grc' dir='ltr'><strong>καὶ</strong></span> <span class='ocrx_word' id='word_1_83' title='bbox 252 1172 376 1242; x_wconf 87' lang='grc' dir='ltr'>’έλκη</span> <span class='ocrx_word' id='word_1_84' title='bbox 405 1171 634 1244; x_wconf 86' lang='grc' dir='ltr'>δυσώδη,</span> <span class='ocrx_word' id='word_1_85' title='bbox 665 1174 761 1227; x_wconf 80' lang='grc' dir='ltr'>καὶ</span> <span class='ocrx_word' id='word_1_86' title='bbox 780 1173 849 1228; x_wconf 79' lang='grc' dir='ltr'>τὰ</span> <span class='ocrx_word' id='word_1_87' title='bbox 871 1174 1125 1229; x_wconf 78' lang='grc' dir='ltr'>τοιαῦτα·</span> <span class='ocrx_word' id='word_1_88' title='bbox 1166 1175 1312 1230; x_wconf 74' lang='grc' dir='ltr'>οὕτω</span> <span class='ocrx_word' id='word_1_89' title='bbox 1348 1178 1443 1230; x_wconf 83' lang='grc' dir='ltr'><strong>καὶ</strong></span> <span class='ocrx_word' id='word_1_90' title='bbox 1473 1178 1531 1229; x_wconf 79' lang='grc' dir='ltr'>αἱ</span> <span class='ocrx_word' id='word_1_91' title='bbox 1564 1178 1706 1232; x_wconf 84' lang='grc' dir='ltr'>κατὰ</span> 
     </span>
    </p>
   </div>
   <div class='ocr_carea' id='block_1_14' title="bbox 148 1261 1705 1340">
    <p class='ocr_par' dir='ltr' id='par_1_14' title="bbox 148 1261 1705 1340">
     <span class='ocr_line' id='line_1_14' title="bbox 148 1261 1705 1340; baseline 0.004 -25"><span class='ocrx_word' id='word_1_92' title='bbox 148 1261 468 1333; x_wconf 79' lang='grc' dir='ltr'>ἀκαθαρσίαν</span> <span class='ocrx_word' id='word_1_93' title='bbox 484 1264 758 1335; x_wconf 83' lang='grc' dir='ltr'>ἐνέργειαι</span> <span class='ocrx_word' id='word_1_94' title='bbox 780 1265 1059 1335; x_wconf 78' lang='grc' dir='ltr'>βδέλυγμα</span> <span class='ocrx_word' id='word_1_95' title='bbox 1082 1268 1189 1320; x_wconf 80' lang='grc' dir='ltr'>εἰσι</span> <span class='ocrx_word' id='word_1_96' title='bbox 1204 1267 1282 1337; x_wconf 83' lang='grc' dir='ltr'><strong>τῷ</strong></span> <span class='ocrx_word' id='word_1_97' title='bbox 1304 1268 1462 1337; x_wconf 84' lang='grc' dir='ltr'>ἁγίῳ.</span> <span class='ocrx_word' id='word_1_98' title='bbox 1489 1269 1705 1340; x_wconf 81' lang='grc' dir='ltr'><strong>Ἐπειδὴ</strong></span> 
     </span>
    </p>
   </div>
   <div class='ocr_carea' id='block_1_15' title="bbox 147 1355 1703 1433">
    <p class='ocr_par' dir='ltr' id='par_1_15' title="bbox 147 1355 1703 1433">
     <span class='ocr_line' id='line_1_15' title="bbox 147 1355 1703 1433; baseline 0.006 -27"><span class='ocrx_word' id='word_1_99' title='bbox 147 1355 333 1425; x_wconf 81' lang='grc' dir='ltr'>κυρίως</span> <span class='ocrx_word' id='word_1_100' title='bbox 374 1355 443 1409; x_wconf 75' lang='grc' dir='ltr'>τὰ</span> <span class='ocrx_word' id='word_1_101' title='bbox 480 1356 675 1410; x_wconf 78' lang='grc' dir='ltr'>εἴδωλα</span> <span class='ocrx_word' id='word_1_102' title='bbox 721 1357 1067 1430; x_wconf 87' lang='grc' dir='ltr'>βδελύγματα</span> <span class='ocrx_word' id='word_1_103' title='bbox 1100 1360 1213 1424; x_wconf 74' lang='grc'>(72)</span> <span class='ocrx_word' id='word_1_104' title='bbox 1261 1360 1441 1429; x_wconf 82' lang='grc' dir='ltr'>λέγειν</span> <span class='ocrx_word' id='word_1_105' title='bbox 1477 1361 1598 1425; x_wconf 80' lang='grc' dir='ltr'>ἔθος</span> <span class='ocrx_word' id='word_1_106' title='bbox 1637 1364 1703 1433; x_wconf 85' lang='grc' dir='ltr'>τῇ</span> 
     </span>
    </p>
   </div>
   <div class='ocr_carea' id='block_1_16' title="bbox 147 1444 1706 1521">
    <p class='ocr_par' dir='ltr' id='par_1_16' title="bbox 147 1444 1706 1521">
     <span class='ocr_line' id='line_1_16' title="bbox 147 1444 1706 1521; baseline 0.007 -25"><span class='ocrx_word' id='word_1_107' title='bbox 147 1444 337 1516; x_wconf 79' lang='grc' dir='ltr'>Γραφῇ,</span> <span class='ocrx_word' id='word_1_108' title='bbox 366 1447 537 1500; x_wconf 81' lang='grc' dir='ltr'>πᾶσαι</span> <span class='ocrx_word' id='word_1_109' title='bbox 566 1450 622 1501; x_wconf 71' lang='grc' dir='ltr'>αἱ</span> <span class='ocrx_word' id='word_1_110' title='bbox 656 1448 928 1521; x_wconf 74' lang='grc' dir='ltr'>μοχθηραὶ</span> <span class='ocrx_word' id='word_1_111' title='bbox 957 1450 1245 1519; x_wconf 75' lang='grc' dir='ltr'>φαντασίαι</span> <span class='ocrx_word' id='word_1_112' title='bbox 1300 1452 1440 1506; x_wconf 87' lang='grc' dir='ltr'><strong>κατά</strong></span> <span class='ocrx_word' id='word_1_113' title='bbox 1496 1451 1706 1518; x_wconf 80' lang='grc' dir='ltr'>ἀναζω-</span> 
     </span>
    </p>
   </div>
   <div class='ocr_carea' id='block_1_17' title="bbox 146 1537 1707 1615">
    <p class='ocr_par' dir='ltr' id='par_1_17' title="bbox 146 1537 1707 1615">
     <span class='ocr_line' id='line_1_17' title="bbox 146 1537 1707 1615; baseline 0.007 -27"><span class='ocrx_word' id='word_1_114' title='bbox 146 1537 399 1607; x_wconf 70' lang='grc' dir='ltr'>γρεὶφησιν</span> <span class='ocrx_word' id='word_1_115' title='bbox 448 1539 956 1611; x_wconf 77' lang='grc' dir='ltr'>ἐναποτυπούμεναι</span> <span class='ocrx_word' id='word_1_116' title='bbox 1001 1545 1067 1613; x_wconf 81' lang='grc' dir='ltr'>τῇ</span> <span class='ocrx_word' id='word_1_117' title='bbox 1118 1541 1304 1614; x_wconf 78' lang='grc' dir='ltr'>ψυχῇ,</span> <span class='ocrx_word' id='word_1_118' title='bbox 1363 1543 1707 1615; x_wconf 84' lang='grc' dir='ltr'>βδελύγματὰ</span> 
     </span>
    </p>
   </div>
   <div class='ocr_carea' id='block_1_18' title="bbox 146 1627 1707 1708">
    <p class='ocr_par' dir='ltr' id='par_1_18' title="bbox 146 1627 1707 1708">
     <span class='ocr_line' id='line_1_18' title="bbox 146 1627 1707 1708; baseline 0.007 -30"><span class='ocrx_word' id='word_1_119' title='bbox 146 1627 238 1679; x_wconf 80' lang='grc' dir='ltr'>εἰσι</span> <span class='ocrx_word' id='word_1_120' title='bbox 262 1627 571 1700; x_wconf 79' lang='grc' dir='ltr'>πληροῦντα</span> <span class='ocrx_word' id='word_1_121' title='bbox 603 1630 703 1701; x_wconf 81' lang='grc' dir='ltr'>τὴν</span> <span class='ocrx_word' id='word_1_122' title='bbox 735 1631 950 1704; x_wconf 82' lang='grc' dir='ltr'>χώραν’</span> <span class='ocrx_word' id='word_1_123' title='bbox 1003 1634 1271 1698; x_wconf 77' lang='grc' dir='ltr'>τουτέστι,</span> <span class='ocrx_word' id='word_1_124' title='bbox 1322 1635 1421 1706; x_wconf 82' lang='grc' dir='ltr'>τὴν</span> <span class='ocrx_word' id='word_1_125' title='bbox 1464 1636 1707 1708; x_wconf 82' lang='grc' dir='ltr'>εὐρυχω-</span> 
     </span>
    </p>
   </div>
   <div class='ocr_carea' id='block_1_19' title="bbox 146 1718 1706 1796">
    <p class='ocr_par' dir='ltr' id='par_1_19' title="bbox 146 1718 1706 1796">
     <span class='ocr_line' id='line_1_19' title="bbox 146 1718 1706 1796; baseline 0.006 -26"><span class='ocrx_word' id='word_1_126' title='bbox 146 1718 255 1789; x_wconf 88' lang='grc' dir='ltr'>ρίαν</span> <span class='ocrx_word' id='word_1_127' title='bbox 292 1721 467 1773; x_wconf 78' lang='grc' dir='ltr'>πᾶσαν</span> <span class='ocrx_word' id='word_1_128' title='bbox 498 1720 594 1775; x_wconf 81' lang='grc' dir='ltr'>τοῦ</span> <span class='ocrx_word' id='word_1_129' title='bbox 639 1722 950 1790; x_wconf 90' lang='grc' dir='ltr'>λογιστικοῦ</span> <span class='ocrx_word' id='word_1_130' title='bbox 994 1727 1093 1796; x_wconf 82' lang='grc' dir='ltr'>τῆς</span> <span class='ocrx_word' id='word_1_131' title='bbox 1124 1725 1325 1796; x_wconf 79' lang='grc' dir='ltr'>ψυχῆς.</span> <span class='ocrx_word' id='word_1_132' title='bbox 1369 1726 1480 1780; x_wconf 76' lang='grc' dir='ltr'><strong>Καὶ</strong></span> <span class='ocrx_word' id='word_1_133' title='bbox 1524 1740 1706 1795; x_wconf 78' lang='grc' dir='ltr'>προσ·</span> 
     </span>
    </p>
   </div>
   <div class='ocr_carea' id='block_1_20' title="bbox 1812 542 3380 612">
    <p class='ocr_par' dir='ltr' id='par_1_20' title="bbox 1812 542 3380 612">
     <span class='ocr_line' id='line_1_20' title="bbox 1812 542 3380 612; baseline -0.001 -16"><span class='ocrx_word' id='word_1_134' title='bbox 1812 546 1976 598; x_wconf 87' lang='lat' dir='ltr'><strong>ltttetn</strong></span> <span class='ocrx_word' id='word_1_135' title='bbox 2008 545 2291 599; x_wconf 76' lang='lat' dir='ltr'><strong>fallacibus</strong></span> <span class='ocrx_word' id='word_1_136' title='bbox 2315 546 2380 609; x_wconf 83' lang='grc'>¹⁹,</span> <span class='ocrx_word' id='word_1_137' title='bbox 2413 560 2515 597; x_wconf 89' lang='lat' dir='ltr'><strong>non</strong></span> <span class='ocrx_word' id='word_1_138' title='bbox 2546 544 2597 598; x_wconf 88' lang='lat' dir='ltr'><strong>in</strong></span> <span class='ocrx_word' id='word_1_139' title='bbox 2648 557 2714 597; x_wconf 89' lang='lat' dir='ltr'><strong>eo</strong></span> <span class='ocrx_word' id='word_1_140' title='bbox 2748 543 2837 612; x_wconf 86' lang='lat' dir='ltr'><strong>qui</strong></span> <span class='ocrx_word' id='word_1_141' title='bbox 2872 542 3008 596; x_wconf 88' lang='lat' dir='ltr'><strong>bella</strong></span> <span class='ocrx_word' id='word_1_142' title='bbox 3043 552 3219 611; x_wconf 88' lang='lat' dir='ltr'><strong>potest</strong></span> <span class='ocrx_word' id='word_1_143' title='bbox 3253 558 3380 595; x_wconf 86' lang='lat' dir='ltr'><strong>cou-</strong></span> 
     </span>
    </p>
   </div>
   <div class='ocr_carea' id='block_1_21' title="bbox 1812 630 3381 699">
    <p class='ocr_par' dir='ltr' id='par_1_21' title="bbox 1812 630 3381 699">
     <span class='ocr_line' id='line_1_21' title="bbox 1812 630 3381 699; baseline -0.002 -13"><span class='ocrx_word' id='word_1_144' title='bbox 1812 643 2009 695; x_wconf 84' lang='lat' dir='ltr'><strong>terere,</strong></span> <span class='ocrx_word' id='word_1_145' title='bbox 2069 633 2268 687; x_wconf 86' lang='lat' dir='ltr'><strong>fuerint</strong></span> <span class='ocrx_word' id='word_1_146' title='bbox 2318 633 2526 697; x_wconf 79' lang='lat' dir='ltr'><strong>innixi;</strong></span> <span class='ocrx_word' id='word_1_147' title='bbox 2571 632 2693 685; x_wconf 90' lang='lat' dir='ltr'><strong>inde</strong></span> <span class='ocrx_word' id='word_1_148' title='bbox 2741 645 3081 699; x_wconf 83' lang='lat' dir='ltr'><strong>consequens</strong></span> <span class='ocrx_word' id='word_1_149' title='bbox 3126 630 3225 684; x_wconf 84' lang='lat' dir='ltr'><strong>fuit</strong></span> <span class='ocrx_word' id='word_1_150' title='bbox 3262 631 3381 683; x_wconf 81' lang='lat' dir='ltr'><strong>illos</strong></span> 
     </span>
    </p>
   </div>
   <div class='ocr_carea' id='block_1_22' title="bbox 1808 720 3379 785">
    <p class='ocr_par' dir='ltr' id='par_1_22' title="bbox 1808 720 3379 785">
     <span class='ocr_line' id='line_1_22' title="bbox 1808 720 3379 785; baseline -0.004 -8"><span class='ocrx_word' id='word_1_151' title='bbox 1808 739 1873 777; x_wconf 88' lang='lat' dir='ltr'><strong>eo</strong></span> <span class='ocrx_word' id='word_1_152' title='bbox 1903 724 2201 785; x_wconf 82' lang='lat' dir='ltr'><strong>devenisse,</strong></span> <span class='ocrx_word' id='word_1_153' title='bbox 2243 733 2303 776; x_wconf 90' lang='lat' dir='ltr'><strong>ut</strong></span> <span class='ocrx_word' id='word_1_154' title='bbox 2338 731 2538 776; x_wconf 84' lang='lat' dir='ltr'><strong>terram</strong></span> <span class='ocrx_word' id='word_1_155' title='bbox 2568 721 2682 775; x_wconf 83' lang='lat' dir='ltr'><strong>suis</strong></span> <span class='ocrx_word' id='word_1_156' title='bbox 2712 720 3203 774; x_wconf 85' lang='lat' dir='ltr'><strong>abominationibus</strong></span> <span class='ocrx_word' id='word_1_157' title='bbox 3228 735 3379 773; x_wconf 88' lang='lat' dir='ltr'><strong>com-</strong></span> 
     </span>
    </p>
   </div>
   <div class='ocr_carea' id='block_1_23' title="bbox 1810 809 3381 882">
    <p class='ocr_par' dir='ltr' id='par_1_23' title="bbox 1810 809 3381 882">
     <span class='ocr_line' id='line_1_23' title="bbox 1810 809 3381 882; baseline -0.003 -16"><span class='ocrx_word' id='word_1_158' title='bbox 1810 813 2039 882; x_wconf 84' lang='lat' dir='ltr'><strong>plerent.</strong></span> <span class='ocrx_word' id='word_1_159' title='bbox 2086 812 2275 868; x_wconf 80' lang='lat' dir='ltr'><strong>Omnis</strong></span> <span class='ocrx_word' id='word_1_160' title='bbox 2326 812 2493 881; x_wconf 75' lang='lat' dir='ltr'><strong>igitur</strong></span> <span class='ocrx_word' id='word_1_161' title='bbox 2539 811 2685 865; x_wconf 90' lang='lat' dir='ltr'><strong>actio</strong></span> <span class='ocrx_word' id='word_1_162' title='bbox 2740 820 2940 877; x_wconf 66' lang='lat' dir='ltr'><strong>praeter</strong></span> <span class='ocrx_word' id='word_1_163' title='bbox 2970 819 3171 862; x_wconf 89' lang='lat' dir='ltr'><strong>rectam</strong></span> <span class='ocrx_word' id='word_1_164' title='bbox 3212 809 3381 861; x_wconf 87' lang='lat' dir='ltr'><strong>ratio-</strong></span> 
     </span>
    </p>
   </div>
   <div class='ocr_carea' id='block_1_24' title="bbox 1809 898 3375 972">
    <p class='ocr_par' dir='ltr' id='par_1_24' title="bbox 1809 898 3375 972">
     <span class='ocr_line' id='line_1_24' title="bbox 1809 898 3375 972; baseline -0.003 -16"><span class='ocrx_word' id='word_1_165' title='bbox 1809 919 1928 957; x_wconf 89' lang='lat' dir='ltr'><strong>nem</strong></span> <span class='ocrx_word' id='word_1_166' title='bbox 1959 914 2192 972; x_wconf 87' lang='lat' dir='ltr'><strong>patrata,</strong></span> <span class='ocrx_word' id='word_1_167' title='bbox 2247 903 2355 957; x_wconf 86' lang='lat' dir='ltr'><strong>Deo</strong></span> <span class='ocrx_word' id='word_1_168' title='bbox 2403 913 2485 957; x_wconf 89' lang='lat' dir='ltr'><strong>est</strong></span> <span class='ocrx_word' id='word_1_169' title='bbox 2528 901 2881 957; x_wconf 86' lang='lat' dir='ltr'><strong>abominatio.</strong></span> <span class='ocrx_word' id='word_1_170' title='bbox 2913 898 3375 965; x_wconf 81' lang='lat' dir='ltr'><strong>Quemadmodum</strong></span> 
     </span>
    </p>
   </div>
   <div class='ocr_carea' id='block_1_25' title="bbox 1806 988 3378 1062">
    <p class='ocr_par' dir='ltr' id='par_1_25' title="bbox 1806 988 3378 1062">
     <span class='ocr_line' id='line_1_25' title="bbox 1806 988 3378 1062; baseline -0.005 -14"><span class='ocrx_word' id='word_1_171' title='bbox 1806 995 1949 1048; x_wconf 82' lang='lat' dir='ltr'><strong>enim</strong></span> <span class='ocrx_word' id='word_1_172' title='bbox 1980 995 2071 1062; x_wconf 89' lang='lat' dir='ltr'><strong>qui</strong></span> <span class='ocrx_word' id='word_1_173' title='bbox 2119 994 2425 1055; x_wconf 89' lang='lat' dir='ltr'><strong>stomaclto,</strong></span> <span class='ocrx_word' id='word_1_174' title='bbox 2460 993 2685 1062; x_wconf 86' lang='lat' dir='ltr'><strong>ejusque</strong></span> <span class='ocrx_word' id='word_1_175' title='bbox 2725 991 2867 1044; x_wconf 79' lang='lat' dir='ltr'><strong>facili</strong></span> <span class='ocrx_word' id='word_1_176' title='bbox 2903 990 3263 1043; x_wconf 75' lang='lat' dir='ltr'><strong>dissolutione</strong></span> <span class='ocrx_word' id='word_1_177' title='bbox 3299 988 3378 1040; x_wconf 89' lang='lat' dir='ltr'><strong>la-</strong></span> 
     </span>
    </p>
   </div>
   <div class='ocr_carea' id='block_1_26' title="bbox 1806 1078 3374 1151">
    <p class='ocr_par' dir='ltr' id='par_1_26' title="bbox 1806 1078 3374 1151">
     <span class='ocr_line' id='line_1_26' title="bbox 1806 1078 3374 1151; baseline -0.003 -15"><span class='ocrx_word' id='word_1_178' title='bbox 1806 1083 2021 1148; x_wconf 85' lang='lat' dir='ltr'><strong>borant,</strong></span> <span class='ocrx_word' id='word_1_179' title='bbox 2094 1085 2312 1138; x_wconf 76' lang='lat' dir='ltr'><strong>sordida</strong></span> <span class='ocrx_word' id='word_1_180' title='bbox 2376 1081 2681 1151; x_wconf 85' lang='lat' dir='ltr'><strong>spectacula</strong></span> <span class='ocrx_word' id='word_1_181' title='bbox 2737 1088 3089 1144; x_wconf 78' lang='lat' dir='ltr'><strong>aversantur;</strong></span> <span class='ocrx_word' id='word_1_182' title='bbox 3145 1078 3374 1147; x_wconf 59' lang='lat' dir='ltr'><strong>exempti</strong></span> 
     </span>
    </p>
   </div>
   <div class='ocr_carea' id='block_1_27' title="bbox 1807 1169 3378 1241">
    <p class='ocr_par' dir='ltr' id='par_1_27' title="bbox 1807 1169 3378 1241">
     <span class='ocr_line' id='line_1_27' title="bbox 1807 1169 3378 1241; baseline -0.006 -10"><span class='ocrx_word' id='word_1_183' title='bbox 1807 1190 1995 1237; x_wconf 80' lang='lat' dir='ltr'><strong>Causa,</strong></span> <span class='ocrx_word' id='word_1_184' title='bbox 2041 1184 2512 1229; x_wconf 80' lang='lat' dir='ltr'><strong>excrementorutn</strong></span> <span class='ocrx_word' id='word_1_185' title='bbox 2575 1173 2953 1241; x_wconf 76' lang='lat' dir='ltr'><strong>ejectamenta,</strong></span> <span class='ocrx_word' id='word_1_186' title='bbox 3010 1169 3190 1223; x_wconf 88' lang='lat' dir='ltr'><strong>ulcera</strong></span> <span class='ocrx_word' id='word_1_187' title='bbox 3255 1185 3378 1239; x_wconf 84' lang='lat' dir='ltr'><strong>gra-</strong></span> 
     </span>
    </p>
   </div>
   <div class='ocr_carea' id='block_1_28' title="bbox 1806 1261 3376 1331">
    <p class='ocr_par' dir='ltr' id='par_1_28' title="bbox 1806 1261 3376 1331">
     <span class='ocr_line' id='line_1_28' title="bbox 1806 1261 3376 1331; baseline -0.003 -13"><span class='ocrx_word' id='word_1_188' title='bbox 1806 1266 2069 1321; x_wconf 89' lang='lat' dir='ltr'><strong>veolentia</strong></span> <span class='ocrx_word' id='word_1_189' title='bbox 2097 1304 2111 1331; x_wconf 93' lang='lat'><strong>,</strong></span> <span class='ocrx_word' id='word_1_190' title='bbox 2165 1280 2265 1319; x_wconf 89' lang='lat' dir='ltr'><strong>nec</strong></span> <span class='ocrx_word' id='word_1_191' title='bbox 2323 1280 2427 1318; x_wconf 90' lang='lat' dir='ltr'><strong>non</strong></span> <span class='ocrx_word' id='word_1_192' title='bbox 2475 1263 2576 1317; x_wconf 90' lang='lat' dir='ltr'><strong>alia</strong></span> <span class='ocrx_word' id='word_1_193' title='bbox 2614 1264 2664 1316; x_wconf 92' lang='lat' dir='ltr'><strong>id</strong></span> <span class='ocrx_word' id='word_1_194' title='bbox 2690 1276 2858 1331; x_wconf 80' lang='lat' dir='ltr'><strong>genus</strong></span> <span class='ocrx_word' id='word_1_195' title='bbox 2891 1278 2906 1315; x_wconf 92' lang='lat'><strong>:</strong></span> <span class='ocrx_word' id='word_1_196' title='bbox 2943 1261 3026 1315; x_wconf 87' lang='lat' dir='ltr'><strong>sic</strong></span> <span class='ocrx_word' id='word_1_197' title='bbox 3067 1269 3121 1313; x_wconf 89' lang='lat' dir='ltr'><strong>et</strong></span> <span class='ocrx_word' id='word_1_198' title='bbox 3151 1261 3376 1327; x_wconf 67' lang='lat' dir='ltr'><strong>impurae</strong></span> 
     </span>
    </p>
   </div>
   <div class='ocr_carea' id='block_1_29' title="bbox 1806 1352 3373 1426">
    <p class='ocr_par' dir='ltr' id='par_1_29' title="bbox 1806 1352 3373 1426">
     <span class='ocr_line' id='line_1_29' title="bbox 1806 1352 3373 1426; baseline -0.003 -15"><span class='ocrx_word' id='word_1_199' title='bbox 1806 1359 2168 1426; x_wconf 63' lang='lat' dir='ltr'><strong>obscenaeque</strong></span> <span class='ocrx_word' id='word_1_200' title='bbox 2245 1357 2491 1411; x_wconf 79' lang='lat' dir='ltr'><strong>actiones</strong></span> <span class='ocrx_word' id='word_1_201' title='bbox 2565 1366 2757 1409; x_wconf 84' lang='lat' dir='ltr'><strong>sancto</strong></span> <span class='ocrx_word' id='word_1_202' title='bbox 2827 1363 2953 1408; x_wconf 88' lang='lat' dir='ltr'><strong>sunt</strong></span> <span class='ocrx_word' id='word_1_203' title='bbox 3021 1352 3373 1406; x_wconf 89' lang='lat' dir='ltr'><strong>abominatio.</strong></span> 
     </span>
    </p>
   </div>
   <div class='ocr_carea' id='block_1_30' title="bbox 1805 1443 3379 1518">
    <p class='ocr_par' dir='ltr' id='par_1_30' title="bbox 1805 1443 3379 1518">
     <span class='ocr_line' id='line_1_30' title="bbox 1805 1443 3379 1518; baseline -0.003 -17"><span class='ocrx_word' id='word_1_204' title='bbox 1805 1449 2250 1518; x_wconf 83' lang='lat' dir='ltr'><strong>Quandoquidem</strong></span> <span class='ocrx_word' id='word_1_205' title='bbox 2299 1448 2595 1514; x_wconf 72' lang='lat' dir='ltr'><strong>Scriptnrze</strong></span> <span class='ocrx_word' id='word_1_206' title='bbox 2650 1460 2765 1498; x_wconf 89' lang='lat' dir='ltr'><strong>mos</strong></span> <span class='ocrx_word' id='word_1_207' title='bbox 2823 1453 2908 1499; x_wconf 88' lang='lat' dir='ltr'><strong>est</strong></span> <span class='ocrx_word' id='word_1_208' title='bbox 2962 1443 3102 1497; x_wconf 86' lang='lat' dir='ltr'><strong>idola</strong></span> <span class='ocrx_word' id='word_1_209' title='bbox 3160 1443 3379 1511; x_wconf 86' lang='lat' dir='ltr'><strong>proprie</strong></span> 
     </span>
    </p>
   </div>
   <div class='ocr_carea' id='block_1_31' title="bbox 1806 1533 3379 1607">
    <p class='ocr_par' dir='ltr' id='par_1_31' title="bbox 1806 1533 3379 1607">
     <span class='ocr_line' id='line_1_31' title="bbox 1806 1533 3379 1607; baseline -0.007 -14"><span class='ocrx_word' id='word_1_210' title='bbox 1806 1540 2236 1594; x_wconf 73' lang='lat' dir='ltr'><strong>altominationes</strong></span> <span class='ocrx_word' id='word_1_211' title='bbox 2275 1537 2579 1607; x_wconf 84' lang='lat' dir='ltr'><strong>appellare,</strong></span> <span class='ocrx_word' id='word_1_212' title='bbox 2631 1537 2835 1589; x_wconf 72' lang='lat' dir='ltr'><strong>vitiosa:</strong></span> <span class='ocrx_word' id='word_1_213' title='bbox 2875 1548 3067 1588; x_wconf 88' lang='lat' dir='ltr'><strong>omnes</strong></span> <span class='ocrx_word' id='word_1_214' title='bbox 3124 1533 3379 1599; x_wconf 74' lang='lat' dir='ltr'><strong>imagina-</strong></span> 
     </span>
    </p>
   </div>
   <div class='ocr_carea' id='block_1_32' title="bbox 1805 1624 3375 1697">
    <p class='ocr_par' dir='ltr' id='par_1_32' title="bbox 1805 1624 3375 1697">
     <span class='ocr_line' id='line_1_32' title="bbox 1805 1624 3375 1697; baseline -0.006 -12"><span class='ocrx_word' id='word_1_215' title='bbox 1805 1632 1979 1685; x_wconf 89' lang='lat' dir='ltr'><strong>tiones</strong></span> <span class='ocrx_word' id='word_1_216' title='bbox 2022 1633 2194 1684; x_wconf 87' lang='lat' dir='ltr'><strong>instar</strong></span> <span class='ocrx_word' id='word_1_217' title='bbox 2232 1632 2457 1697; x_wconf 74' lang='lat' dir='ltr'><strong>pictura:</strong></span> <span class='ocrx_word' id='word_1_218' title='bbox 2496 1626 2776 1694; x_wconf 87' lang='lat' dir='ltr'><strong>ettjusdam</strong></span> <span class='ocrx_word' id='word_1_219' title='bbox 2837 1624 3020 1681; x_wconf 87' lang='lat' dir='ltr'><strong>animo</strong></span> <span class='ocrx_word' id='word_1_220' title='bbox 3078 1624 3375 1692; x_wconf 71' lang='lat' dir='ltr'><strong>impressae,</strong></span> 
     </span>
    </p>
   </div>
   <div class='ocr_carea' id='block_1_33' title="bbox 1804 1706 3375 1788">
    <p class='ocr_par' dir='ltr' id='par_1_33' title="bbox 1804 1706 3375 1788">
     <span class='ocr_line' id='line_1_33' title="bbox 1804 1706 3375 1788; baseline -0.006 -13"><span class='ocrx_word' id='word_1_221' title='bbox 1804 1706 2234 1777; x_wconf 81' lang='lat' dir='ltr'><strong>abotninationes</strong></span> <span class='ocrx_word' id='word_1_222' title='bbox 2285 1729 2409 1783; x_wconf 82' lang='lat' dir='ltr'><strong>sunt</strong></span> <span class='ocrx_word' id='word_1_223' title='bbox 2463 1720 2740 1788; x_wconf 79' lang='lat' dir='ltr'><strong>regionem</strong></span> <span class='ocrx_word' id='word_1_224' title='bbox 2788 1717 3239 1786; x_wconf 82' lang='lat' dir='ltr'><strong>implenles;ltoc</strong></span> <span class='ocrx_word' id='word_1_225' title='bbox 3270 1725 3375 1779; x_wconf 90' lang='lat' dir='ltr'><strong>est,</strong></span> 
     </span>
    </p>
   </div>
   <div class='ocr_carea' id='block_1_34' title="bbox 145 1807 1718 1880">
    <p class='ocr_par' dir='ltr' id='par_1_34' title="bbox 145 1808 1700 1880">
     <span class='ocr_line' id='line_1_34' title="bbox 145 1808 1700 1880; baseline 0.005 -19"><span class='ocrx_word' id='word_1_226' title='bbox 145 1810 433 1876; x_wconf 73' lang='grc' dir='ltr'>εκύνησαν</span> <span class='ocrx_word' id='word_1_227' title='bbox 470 1808 564 1879; x_wconf 81' lang='grc' dir='ltr'>οἷς</span> <span class='ocrx_word' id='word_1_228' title='bbox 611 1814 911 1880; x_wconf 81' lang='grc' dir='ltr'>ἐποίησαν</span> <span class='ocrx_word' id='word_1_229' title='bbox 961 1818 1015 1869; x_wconf 82' lang='grc' dir='ltr'>οι</span> <span class='ocrx_word' id='word_1_230' title='bbox 1068 1814 1357 1870; x_wconf 79' lang='grc' dir='ltr'>δάκτυλοι</span> <span class='ocrx_word' id='word_1_231' title='bbox 1391 1817 1606 1871; x_wconf 80' lang='grc' dir='ltr'>αὐτῶν.</span> <span class='ocrx_word' id='word_1_232' title='bbox 1633 1817 1700 1869; x_wconf 80' lang='grc' dir='ltr'>Ὢ</span> 
     </span>
    </p>
   </div>
   <div class='ocr_carea' id='block_1_35' title="bbox 1809 1807 3435 1880">
    <p class='ocr_par' dir='ltr' id='par_1_35' title="bbox 1812 1807 3435 1880">
     <span class='ocr_line' id='line_1_35' title="bbox 1812 1807 3435 1880; baseline -0.005 -13"><span class='ocrx_word' id='word_1_233' title='bbox 1812 1828 2022 1868; x_wconf 59' lang='lat' dir='ltr'><strong>murem</strong></span> <span class='ocrx_word' id='word_1_234' title='bbox 2075 1814 2307 1879; x_wconf 85' lang='lat' dir='ltr'><strong>amplam</strong></span> <span class='ocrx_word' id='word_1_235' title='bbox 2351 1812 2707 1880; x_wconf 84' lang='lat' dir='ltr'><strong>capacitatem</strong></span> <span class='ocrx_word' id='word_1_236' title='bbox 2766 1809 2991 1863; x_wconf 82' lang='lat' dir='ltr'><strong>rationis</strong></span> <span class='ocrx_word' id='word_1_237' title='bbox 3041 1809 3252 1861; x_wconf 74' lang='lat' dir='ltr'><strong>animm.</strong></span> <span class='ocrx_word' id='word_1_238' title='bbox 3309 1807 3375 1860; x_wconf 81' lang='lat' dir='ltr'><strong>Et</strong></span> <span class='ocrx_word' id='word_1_239' title='bbox 3432 1816 3435 1819; x_wconf 78' lang='lat'><em>&#39;</em></span> 
     </span>
    </p>
   </div>
   <div class='ocr_carea' id='block_1_36' title="bbox 145 1901 1700 1980">
    <p class='ocr_par' dir='ltr' id='par_1_36' title="bbox 145 1901 1700 1980">
     <span class='ocr_line' id='line_1_36' title="bbox 145 1901 1700 1980; baseline 0.007 -29"><span class='ocrx_word' id='word_1_240' title='bbox 145 1901 428 1971; x_wconf 79' lang='grc' dir='ltr'>ὑπερϐολῆς</span> <span class='ocrx_word' id='word_1_241' title='bbox 463 1904 577 1972; x_wconf 80' lang='grc'>(75)</span> <span class='ocrx_word' id='word_1_242' title='bbox 610 1905 841 1980; x_wconf 72' lang='grc' dir='ltr'>μανίαςε</span> <span class='ocrx_word' id='word_1_243' title='bbox 883 1906 1014 1961; x_wconf 80' lang='grc' dir='ltr'>Θεὸν</span> <span class='ocrx_word' id='word_1_244' title='bbox 1042 1905 1282 1977; x_wconf 81' lang='grc' dir='ltr'>νομίζειν</span> <span class='ocrx_word' id='word_1_245' title='bbox 1313 1908 1374 1960; x_wconf 82' lang='grc' dir='ltr'>τὸ</span> <span class='ocrx_word' id='word_1_246' title='bbox 1414 1908 1505 1961; x_wconf 82' lang='grc' dir='ltr'><strong>ὑπ’</strong></span> <span class='ocrx_word' id='word_1_247' title='bbox 1535 1907 1700 1963; x_wconf 82' lang='grc' dir='ltr'>αὑτοῦ</span> 
     </span>
    </p>
   </div>
   <div class='ocr_carea' id='block_1_37' title="bbox 145 1994 1702 2071">
    <p class='ocr_par' dir='ltr' id='par_1_37' title="bbox 145 1994 1702 2071">
     <span class='ocr_line' id='line_1_37' title="bbox 145 1994 1702 2071; baseline 0.005 -26"><span class='ocrx_word' id='word_1_248' title='bbox 145 1994 430 2064; x_wconf 75' lang='grc' dir='ltr'>γενόμενον,</span> <span class='ocrx_word' id='word_1_249' title='bbox 466 1997 563 2049; x_wconf 83' lang='grc' dir='ltr'><strong>καὶ</strong></span> <span class='ocrx_word' id='word_1_250' title='bbox 592 1999 666 2068; x_wconf 87' lang='grc' dir='ltr'>μὴ</span> <span class='ocrx_word' id='word_1_251' title='bbox 697 2001 928 2070; x_wconf 75' lang='grc' dir='ltr'>συνορᾷν</span> <span class='ocrx_word' id='word_1_252' title='bbox 962 1999 1060 2069; x_wconf 80' lang='grc' dir='ltr'>τὴν</span> <span class='ocrx_word' id='word_1_253' title='bbox 1099 2000 1329 2054; x_wconf 83' lang='grc' dir='ltr'>ἀτοπίαν</span> <span class='ocrx_word' id='word_1_254' title='bbox 1353 2000 1446 2053; x_wconf 79' lang='grc' dir='ltr'>τοῦ</span> <span class='ocrx_word' id='word_1_255' title='bbox 1475 2001 1702 2071; x_wconf 89' lang='grc' dir='ltr'>γινομέ-</span> 
     </span>
    </p>
   </div>
   <div class='ocr_carea' id='block_1_38' title="bbox 145 2087 1706 2162">
    <p class='ocr_par' dir='ltr' id='par_1_38' title="bbox 145 2087 1706 2162">
     <span class='ocr_line' id='line_1_38' title="bbox 145 2087 1706 2162; baseline 0.005 -26"><span class='ocrx_word' id='word_1_256' title='bbox 145 2101 239 2137; x_wconf 78' lang='grc' dir='ltr'>νου.</span> <span class='ocrx_word' id='word_1_257' title='bbox 270 2087 329 2139; x_wconf 71' lang='grc' dir='ltr'><strong>ΕΞ</strong></span> <span class='ocrx_word' id='word_1_258' title='bbox 354 2088 452 2156; x_wconf 79' lang='grc' dir='ltr'>μὲν</span> <span class='ocrx_word' id='word_1_259' title='bbox 489 2089 599 2160; x_wconf 80' lang='grc' dir='ltr'>γὰρ</span> <span class='ocrx_word' id='word_1_260' title='bbox 626 2088 724 2160; x_wconf 79' lang='grc' dir='ltr'>τὴν</span> <span class='ocrx_word' id='word_1_261' title='bbox 761 2089 893 2160; x_wconf 82' lang='grc' dir='ltr'>ὓλην</span> <span class='ocrx_word' id='word_1_262' title='bbox 931 2090 1253 2161; x_wconf 78' lang='grc' dir='ltr'>θαυμάζεις,</span> <span class='ocrx_word' id='word_1_263' title='bbox 1291 2092 1343 2145; x_wconf 90' lang='grc' dir='ltr'><strong>τί</strong></span> <span class='ocrx_word' id='word_1_264' title='bbox 1372 2092 1572 2162; x_wconf 83' lang='grc' dir='ltr'>δήποτε</span> <span class='ocrx_word' id='word_1_265' title='bbox 1610 2092 1706 2146; x_wconf 76' lang='grc' dir='ltr'>καὶ</span> 
     </span>
    </p>
   </div>
   <div class='ocr_carea' id='block_1_39' title="bbox 144 2178 1704 2253">
    <p class='ocr_par' dir='ltr' id='par_1_39' title="bbox 144 2178 1704 2253">
     <span class='ocr_line' id='line_1_39' title="bbox 144 2178 1704 2253; baseline 0.004 -24"><span class='ocrx_word' id='word_1_266' title='bbox 144 2178 222 2231; x_wconf 77' lang='grc' dir='ltr'>τὸν</span> <span class='ocrx_word' id='word_1_267' title='bbox 250 2178 526 2235; x_wconf 83' lang='grc' dir='ltr'>ἁτύπωτον</span> <span class='ocrx_word' id='word_1_268' title='bbox 570 2181 770 2252; x_wconf 83' lang='grc' dir='ltr'>χαλκὸν</span> <span class='ocrx_word' id='word_1_269' title='bbox 798 2182 831 2253; x_wconf 83' lang='grc' dir='ltr'>ἢ</span> <span class='ocrx_word' id='word_1_270' title='bbox 872 2181 1020 2234; x_wconf 88' lang='grc' dir='ltr'>λίθον</span> <span class='ocrx_word' id='word_1_271' title='bbox 1048 2182 1109 2234; x_wconf 86' lang='grc' dir='ltr'>ού</span> <span class='ocrx_word' id='word_1_272' title='bbox 1150 2186 1513 2253; x_wconf 85' lang='grc' dir='ltr'>προσκυνείς;</span> <span class='ocrx_word' id='word_1_273' title='bbox 1555 2183 1619 2235; x_wconf 86' lang='lat' dir='ltr'><strong>El</strong></span> <span class='ocrx_word' id='word_1_274' title='bbox 1647 2182 1704 2235; x_wconf 81' lang='grc' dir='ltr'><strong>δὲ</strong></span> 
     </span>
    </p>
   </div>
   <div class='ocr_carea' id='block_1_40' title="bbox 143 2269 1728 2344">
    <p class='ocr_par' dir='ltr' id='par_1_40' title="bbox 143 2269 1728 2344">
     <span class='ocr_line' id='line_1_40' title="bbox 143 2269 1728 2344; baseline 0.003 -22"><span class='ocrx_word' id='word_1_275' title='bbox 143 2269 223 2324; x_wconf 81' lang='grc' dir='ltr'>διὰ</span> <span class='ocrx_word' id='word_1_276' title='bbox 264 2273 359 2343; x_wconf 76' lang='grc' dir='ltr'>τὴν</span> <span class='ocrx_word' id='word_1_277' title='bbox 407 2272 627 2342; x_wconf 86' lang='grc' dir='ltr'>τέχνην,</span> <span class='ocrx_word' id='word_1_278' title='bbox 672 2271 771 2334; x_wconf 79' lang='grc' dir='ltr'>τὰς</span> <span class='ocrx_word' id='word_1_279' title='bbox 802 2274 992 2343; x_wconf 83' lang='grc' dir='ltr'>χεῖρας</span> <span class='ocrx_word' id='word_1_280' title='bbox 1021 2271 1218 2325; x_wconf 80' lang='grc' dir='ltr'>σαυτοῦ</span> <span class='ocrx_word' id='word_1_281' title='bbox 1246 2273 1540 2344; x_wconf 86' lang='grc' dir='ltr'>προσκύνει</span> <span class='ocrx_word' id='word_1_282' title='bbox 1569 2272 1728 2341; x_wconf 67' lang='grc'>(74),</span> 
     </span>
    </p>
   </div>
   <div class='ocr_carea' id='block_1_41' title="bbox 143 2357 1705 2434">
    <p class='ocr_par' dir='ltr' id='par_1_41' title="bbox 143 2357 1705 2434">
     <span class='ocr_line' id='line_1_41' title="bbox 143 2357 1705 2434; baseline 0.003 -22"><span class='ocrx_word' id='word_1_283' title='bbox 143 2364 227 2424; x_wconf 76' lang='grc' dir='ltr'><strong>τὰς</strong></span> <span class='ocrx_word' id='word_1_284' title='bbox 241 2361 601 2426; x_wconf 82' lang='grc' dir='ltr'>ἐπιϐαλούσας</span> <span class='ocrx_word' id='word_1_285' title='bbox 618 2362 767 2433; x_wconf 86' lang='grc' dir='ltr'>αύτῷ</span> <span class='ocrx_word' id='word_1_286' title='bbox 790 2362 890 2433; x_wconf 84' lang='grc' dir='ltr'>τὴν</span> <span class='ocrx_word' id='word_1_287' title='bbox 914 2362 1148 2434; x_wconf 80' lang='grc' dir='ltr'>μορφὴν,</span> <span class='ocrx_word' id='word_1_288' title='bbox 1172 2363 1204 2433; x_wconf 86' lang='grc' dir='ltr'><strong>ἣ</strong></span> <span class='ocrx_word' id='word_1_289' title='bbox 1224 2363 1290 2416; x_wconf 68' lang='grc' dir='ltr'>τὰ</span> <span class='ocrx_word' id='word_1_290' title='bbox 1309 2363 1517 2434; x_wconf 74' lang='grc' dir='ltr'>ὄργανα</span> <span class='ocrx_word' id='word_1_291' title='bbox 1541 2364 1608 2416; x_wconf 76' lang='grc' dir='ltr'>δι’</span> <span class='ocrx_word' id='word_1_292' title='bbox 1629 2357 1705 2417; x_wconf 86' lang='grc' dir='ltr'><strong>ὧν</strong></span> 
     </span>
    </p>
   </div>
   <div class='ocr_carea' id='block_1_42' title="bbox 142 2453 1703 2527">
    <p class='ocr_par' dir='ltr' id='par_1_42' title="bbox 142 2453 1703 2527">
     <span class='ocr_line' id='line_1_42' title="bbox 142 2453 1703 2527; baseline 0.001 -21"><span class='ocrx_word' id='word_1_293' title='bbox 142 2453 450 2524; x_wconf 76' lang='grc' dir='ltr'>ἀπήρτισας.</span> <span class='ocrx_word' id='word_1_294' title='bbox 467 2454 654 2523; x_wconf 84' lang='grc' dir='ltr'>Πόσην</span> <span class='ocrx_word' id='word_1_295' title='bbox 681 2454 737 2507; x_wconf 85' lang='grc' dir='ltr'>δὲ</span> <span class='ocrx_word' id='word_1_296' title='bbox 753 2454 845 2506; x_wconf 74' lang='grc' dir='ltr'>καὶ</span> <span class='ocrx_word' id='word_1_297' title='bbox 858 2453 955 2525; x_wconf 82' lang='grc' dir='ltr'>τὴν</span> <span class='ocrx_word' id='word_1_298' title='bbox 972 2454 1154 2507; x_wconf 82' lang='grc' dir='ltr'>ἄνοιαν</span> <span class='ocrx_word' id='word_1_299' title='bbox 1181 2454 1293 2525; x_wconf 77' lang='grc' dir='ltr'>ἔχει</span> <span class='ocrx_word' id='word_1_300' title='bbox 1313 2455 1375 2508; x_wconf 80' lang='grc' dir='ltr'><strong>τὸ</strong></span> <span class='ocrx_word' id='word_1_301' title='bbox 1396 2456 1451 2509; x_wconf 78' lang='grc' dir='ltr'><strong>ἐν</strong></span> <span class='ocrx_word' id='word_1_302' title='bbox 1468 2454 1703 2527; x_wconf 84' lang='grc' dir='ltr'>τοσαύτῃ</span> 
     </span>
    </p>
   </div>
   <div class='ocr_carea' id='block_1_43' title="bbox 141 2545 1706 2618">
    <p class='ocr_par' dir='ltr' id='par_1_43' title="bbox 141 2545 1706 2618">
     <span class='ocr_line' id='line_1_43' title="bbox 141 2545 1706 2618; baseline 0.002 -22"><span class='ocrx_word' id='word_1_303' title='bbox 141 2545 315 2615; x_wconf 78' lang='grc' dir='ltr'>χρόνου</span> <span class='ocrx_word' id='word_1_304' title='bbox 327 2546 512 2618; x_wconf 80' lang='grc' dir='ltr'>τριϐῇ,</span> <span class='ocrx_word' id='word_1_305' title='bbox 530 2545 654 2599; x_wconf 86' lang='grc' dir='ltr'>καθ’</span> <span class='ocrx_word' id='word_1_306' title='bbox 671 2546 736 2617; x_wconf 75' lang='grc' dir='ltr'><strong>ἢν</strong></span> <span class='ocrx_word' id='word_1_307' title='bbox 753 2546 1074 2617; x_wconf 78' lang='grc' dir='ltr'>έγλύφετο,ἦ</span> <span class='ocrx_word' id='word_1_308' title='bbox 1092 2545 1387 2616; x_wconf 83' lang='grc' dir='ltr'>ὲχωνεύετο</span> <span class='ocrx_word' id='word_1_309' title='bbox 1405 2547 1464 2599; x_wconf 77' lang='grc' dir='ltr'><strong>τὸ</strong></span> <span class='ocrx_word' id='word_1_310' title='bbox 1480 2547 1706 2615; x_wconf 85' lang='grc' dir='ltr'>ἀφίδρυ-</span> 
     </span>
    </p>
   </div>
   <div class='ocr_carea' id='block_1_44' title="bbox 144 2634 1702 2708">
    <p class='ocr_par' dir='ltr' id='par_1_44' title="bbox 144 2634 1702 2708">
     <span class='ocr_line' id='line_1_44' title="bbox 144 2634 1702 2708; baseline -0.001 -19"><span class='ocrx_word' id='word_1_311' title='bbox 144 2652 230 2705; x_wconf 84' lang='grc' dir='ltr'><strong>μα,</strong></span> <span class='ocrx_word' id='word_1_312' title='bbox 277 2636 348 2708; x_wconf 83' lang='grc' dir='ltr'>μὴ</span> <span class='ocrx_word' id='word_1_313' title='bbox 383 2637 572 2691; x_wconf 82' lang='grc' dir='ltr'>λαϐεῖν</span> <span class='ocrx_word' id='word_1_314' title='bbox 605 2636 814 2690; x_wconf 79' lang='grc' dir='ltr'>ἔννοιαν</span> <span class='ocrx_word' id='word_1_315' title='bbox 863 2634 959 2688; x_wconf 79' lang='grc' dir='ltr'>τοῦ</span> <span class='ocrx_word' id='word_1_316' title='bbox 1004 2635 1328 2705; x_wconf 86' lang='grc' dir='ltr'>γινομένου;</span> <span class='ocrx_word' id='word_1_317' title='bbox 1379 2635 1551 2689; x_wconf 80' lang='grc' dir='ltr'>Τοῦτο</span> <span class='ocrx_word' id='word_1_318' title='bbox 1591 2636 1702 2708; x_wconf 78' lang='grc' dir='ltr'><strong>γὰρ</strong></span> 
     </span>
    </p>
   </div>
   <div class='ocr_carea' id='block_1_45' title="bbox 142 2724 1707 2801">
    <p class='ocr_par' dir='ltr' id='par_1_45' title="bbox 142 2724 1707 2801">
     <span class='ocr_line' id='line_1_45' title="bbox 142 2724 1707 2801; baseline 0 -20"><span class='ocrx_word' id='word_1_319' title='bbox 142 2728 372 2797; x_wconf 72' lang='grc' dir='ltr'>ἐμφαίνει</span> <span class='ocrx_word' id='word_1_320' title='bbox 392 2729 454 2783; x_wconf 82' lang='grc' dir='ltr'><strong>τὸ</strong></span> <span class='ocrx_word' id='word_1_321' title='bbox 475 2728 614 2801; x_wconf 85' lang='grc'>(75),</span> <span class='ocrx_word' id='word_1_322' title='bbox 642 2728 754 2782; x_wconf 81' lang='grc' dir='ltr'><strong>Καὶ</strong></span> <span class='ocrx_word' id='word_1_323' title='bbox 779 2728 1250 2795; x_wconf 72' lang='grc' dir='ltr'><strong>προσεκύνησαν</strong></span> <span class='ocrx_word' id='word_1_324' title='bbox 1290 2724 1381 2793; x_wconf 83' lang='grc' dir='ltr'>οἷς</span> <span class='ocrx_word' id='word_1_325' title='bbox 1409 2727 1707 2794; x_wconf 74' lang='grc' dir='ltr'>ἐποίησαν</span> 
     </span>
    </p>
   </div>
   <div class='ocr_carea' id='block_1_46' title="bbox 140 2818 1704 2889">
    <p class='ocr_par' dir='ltr' id='par_1_46' title="bbox 140 2818 1704 2889">
     <span class='ocr_line' id='line_1_46' title="bbox 140 2818 1704 2889; baseline -0.001 -14"><span class='ocrx_word' id='word_1_326' title='bbox 140 2823 187 2875; x_wconf 80' lang='grc' dir='ltr'><strong>οί</strong></span> <span class='ocrx_word' id='word_1_327' title='bbox 218 2819 497 2878; x_wconf 73' lang='grc' dir='ltr'>δάκτυλοι</span> <span class='ocrx_word' id='word_1_328' title='bbox 519 2820 741 2875; x_wconf 80' lang='grc' dir='ltr'>αὐτῶν.</span> <span class='ocrx_word' id='word_1_329' title='bbox 784 2821 1015 2874; x_wconf 85' lang='grc' dir='ltr'>Ἔπειτα</span> <span class='ocrx_word' id='word_1_330' title='bbox 1043 2819 1226 2889; x_wconf 89' lang='grc' dir='ltr'>μέντοι</span> <span class='ocrx_word' id='word_1_331' title='bbox 1253 2820 1347 2873; x_wconf 79' lang='grc' dir='ltr'>καὶ</span> <span class='ocrx_word' id='word_1_332' title='bbox 1386 2818 1492 2873; x_wconf 85' lang='grc' dir='ltr'>τῶν</span> <span class='ocrx_word' id='word_1_333' title='bbox 1515 2819 1607 2872; x_wconf 90' lang='grc' dir='ltr'><strong>δύο</strong></span> <span class='ocrx_word' id='word_1_334' title='bbox 1644 2820 1704 2874; x_wconf 85' lang='grc' dir='ltr'>τὸ</span> 
     </span>
    </p>
   </div>
   <div class='ocr_carea' id='block_1_47' title="bbox 140 2910 1703 2987">
    <p class='ocr_par' dir='ltr' id='par_1_47' title="bbox 140 2910 1703 2987">
     <span class='ocr_line' id='line_1_47' title="bbox 140 2910 1703 2987; baseline -0.002 -20"><span class='ocrx_word' id='word_1_335' title='bbox 140 2911 307 2987; x_wconf 70' lang='grc' dir='ltr'>ἕτερον</span> <span class='ocrx_word' id='word_1_336' title='bbox 339 2912 564 2967; x_wconf 76' lang='grc' dir='ltr'>ἑλέσθαι</span> <span class='ocrx_word' id='word_1_337' title='bbox 620 2912 1120 2984; x_wconf 82' lang='grc' dir='ltr'>ἀναγκασθήσεται,</span> <span class='ocrx_word' id='word_1_338' title='bbox 1168 2911 1203 2983; x_wconf 85' lang='grc' dir='ltr'>ἢ</span> <span class='ocrx_word' id='word_1_339' title='bbox 1253 2910 1328 2981; x_wconf 83' lang='grc' dir='ltr'>μὴ</span> <span class='ocrx_word' id='word_1_340' title='bbox 1374 2910 1521 2982; x_wconf 79' lang='grc' dir='ltr'>ἔχειν</span> <span class='ocrx_word' id='word_1_341' title='bbox 1570 2911 1703 2964; x_wconf 85' lang='grc' dir='ltr'>Θεὸν</span> 
     </span>
    </p>
   </div>
   <div class='ocr_carea' id='block_1_48' title="bbox 140 3000 1699 3075">
    <p class='ocr_par' dir='ltr' id='par_1_48' title="bbox 140 3000 1699 3075">
     <span class='ocr_line' id='line_1_48' title="bbox 140 3000 1699 3075; baseline 0 -20"><span class='ocrx_word' id='word_1_342' title='bbox 140 3003 253 3073; x_wconf 81' lang='grc' dir='ltr'>πρὶν</span> <span class='ocrx_word' id='word_1_343' title='bbox 286 3002 574 3075; x_wconf 75' lang='grc' dir='ltr'>μορφῶσαι</span> <span class='ocrx_word' id='word_1_344' title='bbox 608 3003 675 3055; x_wconf 90' lang='grc' dir='ltr'>δι’</span> <span class='ocrx_word' id='word_1_345' title='bbox 700 3001 918 3064; x_wconf 81' lang='grc' dir='ltr'>ἑαυτοῦ,</span> <span class='ocrx_word' id='word_1_346' title='bbox 948 3002 981 3072; x_wconf 86' lang='grc' dir='ltr'>ἢ</span> <span class='ocrx_word' id='word_1_347' title='bbox 1010 3000 1253 3073; x_wconf 86' lang='grc' dir='ltr'>γηράσαι</span> <span class='ocrx_word' id='word_1_348' title='bbox 1280 3001 1372 3055; x_wconf 87' lang='grc' dir='ltr'>τὸν</span> <span class='ocrx_word' id='word_1_349' title='bbox 1412 3001 1699 3072; x_wconf 79' lang='grc' dir='ltr'>προϋπάρ-</span> 
     </span>
    </p>
   </div>
   <div class='ocr_carea' id='block_1_49' title="bbox 140 3092 1701 3165">
    <p class='ocr_par' dir='ltr' id='par_1_49' title="bbox 140 3092 1701 3165">
     <span class='ocr_line' id='line_1_49' title="bbox 140 3092 1701 3165; baseline -0.001 -19"><span class='ocrx_word' id='word_1_350' title='bbox 140 3109 304 3162; x_wconf 81' lang='grc' dir='ltr'>χοντα,</span> <span class='ocrx_word' id='word_1_351' title='bbox 353 3094 442 3148; x_wconf 86' lang='grc' dir='ltr'>διὰ</span> <span class='ocrx_word' id='word_1_352' title='bbox 477 3094 542 3147; x_wconf 82' lang='grc' dir='ltr'><strong>τὸ</strong></span> <span class='ocrx_word' id='word_1_353' title='bbox 588 3093 702 3163; x_wconf 89' lang='grc'>(76)</span> <span class='ocrx_word' id='word_1_354' title='bbox 747 3092 1100 3165; x_wconf 80' lang='grc' dir='ltr'>ὲπιδεηθῆναι</span> <span class='ocrx_word' id='word_1_355' title='bbox 1157 3092 1368 3163; x_wconf 81' lang='grc' dir='ltr'>έτέρου.</span> <span class='ocrx_word' id='word_1_356' title='bbox 1431 3093 1701 3146; x_wconf 78' lang='grc' dir='ltr'>Ἐπικατ-</span> 
     </span>
    </p>
   </div>
   <div class='ocr_carea' id='block_1_50' title="bbox 1807 1897 3375 1972">
    <p class='ocr_par' dir='ltr' id='par_1_50' title="bbox 1807 1897 3375 1972">
     <span class='ocr_line' id='line_1_50' title="bbox 1807 1897 3375 1972; baseline -0.006 -14"><span class='ocrx_word' id='word_1_357' title='bbox 1807 1905 2161 1958; x_wconf 76' lang='lat' dir='ltr'><strong>adoraverunt</strong></span> <span class='ocrx_word' id='word_1_358' title='bbox 2209 1919 2327 1972; x_wconf 69' lang='lat' dir='ltr'><strong>quae</strong></span> <span class='ocrx_word' id='word_1_359' title='bbox 2374 1903 2606 1969; x_wconf 79' lang='lat' dir='ltr'><strong>fecerunt</strong></span> <span class='ocrx_word' id='word_1_360' title='bbox 2656 1901 2814 1969; x_wconf 81' lang='lat' dir='ltr'><strong>digiti</strong></span> <span class='ocrx_word' id='word_1_361' title='bbox 2860 1897 3158 1952; x_wconf 78' lang='lat' dir='ltr'><strong>eorum.&#39;0</strong></span> <span class='ocrx_word' id='word_1_362' title='bbox 3213 1913 3375 1966; x_wconf 87' lang='lat' dir='ltr'><strong>quant</strong></span> 
     </span>
    </p>
   </div>
   <div class='ocr_carea' id='block_1_51' title="bbox 1805 1988 3376 2060">
    <p class='ocr_par' dir='ltr' id='par_1_51' title="bbox 1805 1988 3376 2060">
     <span class='ocr_line' id='line_1_51' title="bbox 1805 1988 3376 2060; baseline -0.006 -11"><span class='ocrx_word' id='word_1_363' title='bbox 1805 2010 2012 2050; x_wconf 79' lang='lat' dir='ltr'><strong>summa</strong></span> <span class='ocrx_word' id='word_1_364' title='bbox 2043 1994 2272 2048; x_wconf 80' lang='lat' dir='ltr'><strong>stultitia</strong></span> <span class='ocrx_word' id='word_1_365' title='bbox 2298 1992 2488 2057; x_wconf 86' lang='lat' dir='ltr'><strong>fuerit,</strong></span> <span class='ocrx_word' id='word_1_366' title='bbox 2522 1993 2575 2045; x_wconf 93' lang='lat' dir='ltr'><strong>id</strong></span> <span class='ocrx_word' id='word_1_367' title='bbox 2627 1991 2769 2060; x_wconf 87' lang='lat' dir='ltr'><strong>quod</strong></span> <span class='ocrx_word' id='word_1_368' title='bbox 2810 1990 2932 2058; x_wconf 87' lang='lat' dir='ltr'><strong>quis</strong></span> <span class='ocrx_word' id='word_1_369' title='bbox 2964 1988 3177 2050; x_wconf 88' lang='lat' dir='ltr'><strong>fecerit,</strong></span> <span class='ocrx_word' id='word_1_370' title='bbox 3211 1988 3376 2040; x_wconf 88' lang='lat' dir='ltr'><strong>Deuut</strong></span> 
     </span>
    </p>
   </div>
   <div class='ocr_carea' id='block_1_52' title="bbox 1804 2079 3375 2151">
    <p class='ocr_par' dir='ltr' id='par_1_52' title="bbox 1804 2079 3375 2151">
     <span class='ocr_line' id='line_1_52' title="bbox 1804 2079 3375 2151; baseline -0.005 -10"><span class='ocrx_word' id='word_1_371' title='bbox 1804 2085 2160 2151; x_wconf 68' lang='lat' dir='ltr'><strong>existimare,</strong></span> <span class='ocrx_word' id='word_1_372' title='bbox 2217 2100 2318 2139; x_wconf 90' lang='lat' dir='ltr'><strong>nec</strong></span> <span class='ocrx_word' id='word_1_373' title='bbox 2373 2085 2446 2139; x_wconf 91' lang='lat' dir='ltr'><strong>rei</strong></span> <span class='ocrx_word' id='word_1_374' title='bbox 2511 2084 2669 2137; x_wconf 67' lang='lat' dir='ltr'><strong>factm</strong></span> <span class='ocrx_word' id='word_1_375' title='bbox 2724 2081 3023 2147; x_wconf 81' lang='lat' dir='ltr'><strong>intelligere</strong></span> <span class='ocrx_word' id='word_1_376' title='bbox 3080 2079 3375 2149; x_wconf 77' lang='lat' dir='ltr'><strong>ineptiam!</strong></span> 
     </span>
    </p>
   </div>
   <div class='ocr_carea' id='block_1_53' title="bbox 1808 2169 3376 2243">
    <p class='ocr_par' dir='ltr' id='par_1_53' title="bbox 1808 2169 3376 2243">
     <span class='ocr_line' id='line_1_53' title="bbox 1808 2169 3376 2243; baseline -0.007 -12"><span class='ocrx_word' id='word_1_377' title='bbox 1808 2176 2047 2243; x_wconf 85' lang='lat' dir='ltr'><strong>Etenim,</strong></span> <span class='ocrx_word' id='word_1_378' title='bbox 2083 2176 2127 2229; x_wconf 91' lang='lat' dir='ltr'><strong>si</strong></span> <span class='ocrx_word' id='word_1_379' title='bbox 2163 2175 2444 2228; x_wconf 82' lang='lat' dir='ltr'><strong>materiam</strong></span> <span class='ocrx_word' id='word_1_380' title='bbox 2495 2173 2801 2236; x_wconf 82' lang='lat' dir='ltr'><strong>demiraris,</strong></span> <span class='ocrx_word' id='word_1_381' title='bbox 2840 2186 2937 2225; x_wconf 90' lang='lat' dir='ltr'><strong>cur</strong></span> <span class='ocrx_word' id='word_1_382' title='bbox 2964 2172 3129 2226; x_wconf 85' lang='lat' dir='ltr'><strong>etiam</strong></span> <span class='ocrx_word' id='word_1_383' title='bbox 3172 2184 3246 2223; x_wconf 72' lang='lat' dir='ltr'><strong>tes</strong></span> <span class='ocrx_word' id='word_1_384' title='bbox 3290 2169 3376 2221; x_wconf 88' lang='lat' dir='ltr'><strong>in-</strong></span> 
     </span>
    </p>
   </div>
   <div class='ocr_carea' id='block_1_54' title="bbox 1807 2260 3377 2334">
    <p class='ocr_par' dir='ltr' id='par_1_54' title="bbox 1807 2260 3377 2334">
     <span class='ocr_line' id='line_1_54' title="bbox 1807 2260 3377 2334; baseline -0.004 -15"><span class='ocrx_word' id='word_1_385' title='bbox 1807 2267 1976 2321; x_wconf 88' lang='lat' dir='ltr'><strong>forme</strong></span> <span class='ocrx_word' id='word_1_386' title='bbox 2025 2275 2118 2319; x_wconf 88' lang='lat' dir='ltr'><strong>aut</strong></span> <span class='ocrx_word' id='word_1_387' title='bbox 2164 2265 2396 2334; x_wconf 87' lang='lat' dir='ltr'><strong>lapidem</strong></span> <span class='ocrx_word' id='word_1_388' title='bbox 2431 2280 2534 2319; x_wconf 90' lang='lat' dir='ltr'><strong>non</strong></span> <span class='ocrx_word' id='word_1_389' title='bbox 2582 2264 2815 2318; x_wconf 80' lang='lat' dir='ltr'><strong>adoras?</strong></span> <span class='ocrx_word' id='word_1_390' title='bbox 2852 2262 3005 2329; x_wconf 87' lang='lat' dir='ltr'><strong>Quod</strong></span> <span class='ocrx_word' id='word_1_391' title='bbox 3039 2263 3084 2317; x_wconf 90' lang='lat' dir='ltr'><strong>si</strong></span> <span class='ocrx_word' id='word_1_392' title='bbox 3138 2262 3188 2313; x_wconf 93' lang='lat' dir='ltr'><strong>id</strong></span> <span class='ocrx_word' id='word_1_393' title='bbox 3240 2260 3377 2313; x_wconf 74' lang='lat' dir='ltr'><strong>lacis</strong></span> 
     </span>
    </p>
   </div>
   <div class='ocr_carea' id='block_1_55' title="bbox 1805 2350 3375 2427">
    <p class='ocr_par' dir='ltr' id='par_1_55' title="bbox 1805 2350 3375 2427">
     <span class='ocr_line' id='line_1_55' title="bbox 1805 2350 3375 2427; baseline -0.005 -16"><span class='ocrx_word' id='word_1_394' title='bbox 1805 2366 2028 2427; x_wconf 85' lang='lat' dir='ltr'><strong>propter</strong></span> <span class='ocrx_word' id='word_1_395' title='bbox 2054 2367 2227 2410; x_wconf 83' lang='lat' dir='ltr'><strong>artem</strong></span> <span class='ocrx_word' id='word_1_396' title='bbox 2254 2396 2269 2423; x_wconf 96' lang='lat'><strong>,</strong></span> <span class='ocrx_word' id='word_1_397' title='bbox 2302 2365 2418 2409; x_wconf 87' lang='lat' dir='ltr'><strong>tuas</strong></span> <span class='ocrx_word' id='word_1_398' title='bbox 2456 2354 2624 2424; x_wconf 87' lang='lat' dir='ltr'><strong>ipsius</strong></span> <span class='ocrx_word' id='word_1_399' title='bbox 2651 2369 2840 2407; x_wconf 87' lang='lat' dir='ltr'><strong>manus</strong></span> <span class='ocrx_word' id='word_1_400' title='bbox 2872 2367 2992 2422; x_wconf 69' lang='lat' dir='ltr'><strong>quas</strong></span> <span class='ocrx_word' id='word_1_401' title='bbox 3012 2353 3105 2406; x_wconf 78' lang='lat' dir='ltr'><strong>teri</strong></span> <span class='ocrx_word' id='word_1_402' title='bbox 3143 2350 3375 2405; x_wconf 84' lang='lat' dir='ltr'><strong>formam</strong></span> 
     </span>
    </p>
   </div>
   <div class='ocr_carea' id='block_1_56' title="bbox 1805 2441 3376 2513">
    <p class='ocr_par' dir='ltr' id='par_1_56' title="bbox 1805 2441 3376 2513">
     <span class='ocr_line' id='line_1_56' title="bbox 1805 2441 3376 2513; baseline -0.008 -11"><span class='ocrx_word' id='word_1_403' title='bbox 1805 2449 2082 2513; x_wconf 84' lang='lat' dir='ltr'><strong>indidere,</strong></span> <span class='ocrx_word' id='word_1_404' title='bbox 2137 2455 2231 2500; x_wconf 89' lang='lat' dir='ltr'><strong>aut</strong></span> <span class='ocrx_word' id='word_1_405' title='bbox 2280 2454 2428 2500; x_wconf 85' lang='lat' dir='ltr'><strong>certe</strong></span> <span class='ocrx_word' id='word_1_406' title='bbox 2468 2446 2823 2498; x_wconf 86' lang='lat' dir='ltr'><strong>instrumenta</strong></span> <span class='ocrx_word' id='word_1_407' title='bbox 2872 2442 3068 2512; x_wconf 82' lang='lat' dir='ltr'><strong>quibus</strong></span> <span class='ocrx_word' id='word_1_408' title='bbox 3098 2456 3216 2495; x_wconf 87' lang='lat' dir='ltr'><strong>eam</strong></span> <span class='ocrx_word' id='word_1_409' title='bbox 3264 2441 3376 2493; x_wconf 76' lang='lat' dir='ltr'><strong>far-</strong></span> 
     </span>
    </p>
   </div>
   <div class='ocr_carea' id='block_1_57' title="bbox 1805 2535 3377 2602">
    <p class='ocr_par' dir='ltr' id='par_1_57' title="bbox 1805 2535 3377 2602">
     <span class='ocr_line' id='line_1_57' title="bbox 1805 2535 3377 2602; baseline -0.004 -11"><span class='ocrx_word' id='word_1_410' title='bbox 1805 2553 1947 2591; x_wconf 79' lang='lat' dir='ltr'><strong>inam</strong></span> <span class='ocrx_word' id='word_1_411' title='bbox 1985 2537 2296 2601; x_wconf 84' lang='lat' dir='ltr'><strong>absolvisti,</strong></span> <span class='ocrx_word' id='word_1_412' title='bbox 2349 2538 2537 2590; x_wconf 84' lang='lat' dir='ltr'><strong>adora.</strong></span> <span class='ocrx_word' id='word_1_413' title='bbox 2592 2535 2856 2589; x_wconf 63' lang='lat' dir='ltr'><strong>Caeterum</strong></span> <span class='ocrx_word' id='word_1_414' title='bbox 2908 2541 3108 2602; x_wconf 88' lang='lat' dir='ltr'><strong>quanta</strong></span> <span class='ocrx_word' id='word_1_415' title='bbox 3163 2545 3377 2600; x_wconf 87' lang='lat' dir='ltr'><strong>quoque</strong></span> 
     </span>
    </p>
   </div>
   <div class='ocr_carea' id='block_1_58' title="bbox 1805 2624 3378 2699">
    <p class='ocr_par' dir='ltr' id='par_1_58' title="bbox 1805 2624 3378 2699">
     <span class='ocr_line' id='line_1_58' title="bbox 1805 2624 3378 2699; baseline -0.006 -16"><span class='ocrx_word' id='word_1_416' title='bbox 1805 2629 2109 2699; x_wconf 87' lang='lat' dir='ltr'><strong>insipientia</strong></span> <span class='ocrx_word' id='word_1_417' title='bbox 2138 2638 2224 2683; x_wconf 89' lang='lat' dir='ltr'><strong>est</strong></span> <span class='ocrx_word' id='word_1_418' title='bbox 2253 2629 2305 2680; x_wconf 92' lang='lat' dir='ltr'><strong>in</strong></span> <span class='ocrx_word' id='word_1_419' title='bbox 2358 2636 2507 2680; x_wconf 82' lang='lat' dir='ltr'><strong>tanto</strong></span> <span class='ocrx_word' id='word_1_420' title='bbox 2562 2626 2815 2693; x_wconf 85' lang='lat' dir='ltr'><strong>temporis</strong></span> <span class='ocrx_word' id='word_1_421' title='bbox 2871 2624 3045 2692; x_wconf 79' lang='lat' dir='ltr'><strong>spatio</strong></span> <span class='ocrx_word' id='word_1_422' title='bbox 3077 2663 3093 2687; x_wconf 91' lang='lat'><strong>,</strong></span> <span class='ocrx_word' id='word_1_423' title='bbox 3146 2638 3252 2691; x_wconf 91' lang='lat' dir='ltr'><strong>quo</strong></span> <span class='ocrx_word' id='word_1_424' title='bbox 3282 2636 3378 2674; x_wconf 82' lang='lat' dir='ltr'><strong>ex-</strong></span> 
     </span>
    </p>
   </div>
   <div class='ocr_carea' id='block_1_59' title="bbox 1802 2713 3374 2786">
    <p class='ocr_par' dir='ltr' id='par_1_59' title="bbox 1802 2713 3374 2786">
     <span class='ocr_line' id='line_1_59' title="bbox 1802 2713 3374 2786; baseline -0.006 -12"><span class='ocrx_word' id='word_1_425' title='bbox 1802 2718 2158 2786; x_wconf 86' lang='lat' dir='ltr'><strong>sculperetur,</strong></span> <span class='ocrx_word' id='word_1_426' title='bbox 2209 2727 2300 2770; x_wconf 81' lang='lat' dir='ltr'><strong>aut</strong></span> <span class='ocrx_word' id='word_1_427' title='bbox 2349 2725 2692 2771; x_wconf 88' lang='lat' dir='ltr'><strong>constaretur</strong></span> <span class='ocrx_word' id='word_1_428' title='bbox 2746 2724 2944 2775; x_wconf 88' lang='lat' dir='ltr'><strong>statua,</strong></span> <span class='ocrx_word' id='word_1_429' title='bbox 3002 2718 3067 2765; x_wconf 87' lang='lat' dir='ltr'><strong>ad</strong></span> <span class='ocrx_word' id='word_1_430' title='bbox 3113 2713 3188 2764; x_wconf 86' lang='lat' dir='ltr'><strong>rei</strong></span> <span class='ocrx_word' id='word_1_431' title='bbox 3221 2713 3374 2765; x_wconf 70' lang='lat' dir='ltr'><strong>facta:</strong></span> 
     </span>
    </p>
   </div>
   <div class='ocr_carea' id='block_1_60' title="bbox 1802 2802 3370 2877">
    <p class='ocr_par' dir='ltr' id='par_1_60' title="bbox 1802 2802 3370 2877">
     <span class='ocr_line' id='line_1_60' title="bbox 1802 2802 3370 2877; baseline -0.006 -16"><span class='ocrx_word' id='word_1_432' title='bbox 1802 2808 2166 2877; x_wconf 79' lang='lat' dir='ltr'><strong>cognitionem</strong></span> <span class='ocrx_word' id='word_1_433' title='bbox 2220 2805 2361 2859; x_wconf 85' lang='lat' dir='ltr'><strong>haud</strong></span> <span class='ocrx_word' id='word_1_434' title='bbox 2408 2804 2760 2873; x_wconf 87' lang='lat' dir='ltr'><strong>pervenisse?</strong></span> <span class='ocrx_word' id='word_1_435' title='bbox 2810 2802 2944 2856; x_wconf 85' lang='lat' dir='ltr'><strong>Nam</strong></span> <span class='ocrx_word' id='word_1_436' title='bbox 3003 2802 3204 2856; x_wconf 85' lang='lat' dir='ltr'><strong>indicat</strong></span> <span class='ocrx_word' id='word_1_437' title='bbox 3243 2815 3370 2854; x_wconf 85' lang='lat' dir='ltr'><strong>seu-</strong></span> 
     </span>
    </p>
   </div>
   <div class='ocr_carea' id='block_1_61' title="bbox 1801 2892 3367 2962">
    <p class='ocr_par' dir='ltr' id='par_1_61' title="bbox 1801 2892 3367 2962">
     <span class='ocr_line' id='line_1_61' title="bbox 1801 2892 3367 2962; baseline -0.006 -11"><span class='ocrx_word' id='word_1_438' title='bbox 1801 2912 1921 2951; x_wconf 68' lang='lat' dir='ltr'><strong>sum</strong></span> <span class='ocrx_word' id='word_1_439' title='bbox 1964 2897 2105 2951; x_wconf 88' lang='lat' dir='ltr'><strong>hunc</strong></span> <span class='ocrx_word' id='word_1_440' title='bbox 2144 2896 2268 2949; x_wconf 89' lang='lat' dir='ltr'><strong>illud</strong></span> <span class='ocrx_word' id='word_1_441' title='bbox 2310 2911 2324 2948; x_wconf 90' lang='lat'><strong>:</strong></span> <span class='ocrx_word' id='word_1_442' title='bbox 2357 2894 2422 2948; x_wconf 87' lang='lat' dir='ltr'><strong>Et</strong></span> <span class='ocrx_word' id='word_1_443' title='bbox 2456 2896 2804 2948; x_wconf 84' lang='lat' dir='ltr'><strong>adoraverunt</strong></span> <span class='ocrx_word' id='word_1_444' title='bbox 2855 2909 2975 2962; x_wconf 71' lang='lat' dir='ltr'><strong>qua:</strong></span> <span class='ocrx_word' id='word_1_445' title='bbox 3011 2893 3245 2961; x_wconf 77' lang='lat' dir='ltr'><strong>fecerunt</strong></span> <span class='ocrx_word' id='word_1_446' title='bbox 3278 2892 3367 2944; x_wconf 82' lang='lat' dir='ltr'><strong>di-</strong></span> 
     </span>
    </p>
   </div>
   <div class='ocr_carea' id='block_1_62' title="bbox 1802 2986 3371 3059">
    <p class='ocr_par' dir='ltr' id='par_1_62' title="bbox 1802 2986 3371 3059">
     <span class='ocr_line' id='line_1_62' title="bbox 1802 2986 3371 3059; baseline -0.003 -18"><span class='ocrx_word' id='word_1_447' title='bbox 1802 2989 2124 3059; x_wconf 77' lang='lat' dir='ltr'><strong>gitieorum.</strong></span> <span class='ocrx_word' id='word_1_448' title='bbox 2185 2988 2427 3055; x_wconf 89' lang='lat' dir='ltr'><strong>Denique</strong></span> <span class='ocrx_word' id='word_1_449' title='bbox 2474 3001 2540 3040; x_wconf 93' lang='lat' dir='ltr'><strong>eo</strong></span> <span class='ocrx_word' id='word_1_450' title='bbox 2597 2986 2939 3040; x_wconf 82' lang='lat' dir='ltr'><strong>necessitatis</strong></span> <span class='ocrx_word' id='word_1_451' title='bbox 2987 2986 3255 3051; x_wconf 76' lang='lat' dir='ltr'><strong>adigetur,</strong></span> <span class='ocrx_word' id='word_1_452' title='bbox 3312 2988 3371 3037; x_wconf 81' lang='lat' dir='ltr'><strong>ut</strong></span> 
     </span>
    </p>
   </div>
   <div class='ocr_carea' id='block_1_63' title="bbox 1803 3075 3369 3145">
    <p class='ocr_par' dir='ltr' id='par_1_63' title="bbox 1803 3075 3369 3145">
     <span class='ocr_line' id='line_1_63' title="bbox 1803 3075 3369 3145; baseline -0.004 -13"><span class='ocrx_word' id='word_1_453' title='bbox 1803 3078 2030 3133; x_wconf 88' lang='lat' dir='ltr'><strong>alterum</strong></span> <span class='ocrx_word' id='word_1_454' title='bbox 2079 3094 2111 3130; x_wconf 86' lang='lat' dir='ltr'><strong>e</strong></span> <span class='ocrx_word' id='word_1_455' title='bbox 2144 3077 2352 3131; x_wconf 85' lang='lat' dir='ltr'><strong>duobus</strong></span> <span class='ocrx_word' id='word_1_456' title='bbox 2400 3076 2563 3145; x_wconf 83' lang='lat' dir='ltr'><strong>eligat</strong></span> <span class='ocrx_word' id='word_1_457' title='bbox 2620 3075 2750 3129; x_wconf 88' lang='lat' dir='ltr'><strong>:vel</strong></span> <span class='ocrx_word' id='word_1_458' title='bbox 2798 3085 2858 3127; x_wconf 90' lang='lat' dir='ltr'><strong>ut</strong></span> <span class='ocrx_word' id='word_1_459' title='bbox 2896 3075 3058 3126; x_wconf 88' lang='lat' dir='ltr'><strong>Deum</strong></span> <span class='ocrx_word' id='word_1_460' title='bbox 3104 3083 3228 3125; x_wconf 82' lang='lat' dir='ltr'><strong>ante</strong></span> <span class='ocrx_word' id='word_1_461' title='bbox 3265 3088 3369 3125; x_wconf 88' lang='lat' dir='ltr'><strong>non</strong></span> 
     </span>
    </p>
   </div>
   <div class='ocr_carea' id='block_1_64' title="bbox 140 3143 1718 3252">
    <p class='ocr_par' dir='ltr' id='par_1_64' title="bbox 140 3143 1700 3252">
     <span class='ocr_line' id='line_1_64' title="bbox 140 3143 1700 3252; baseline -0.003 -14"><span class='ocrx_word' id='word_1_462' title='bbox 140 3143 340 3252; x_wconf 44' lang='grc' dir='ltr'>(Ἔρατος</span> <span class='ocrx_word' id='word_1_463' title='bbox 365 3183 434 3237; x_wconf 85' lang='grc' dir='ltr'>δὲ</span> <span class='ocrx_word' id='word_1_464' title='bbox 458 3143 936 3251; x_wconf 39' lang='grc' dir='ltr'>πάὶᾶνθρωποςξ</span> <span class='ocrx_word' id='word_1_465' title='bbox 968 3143 1137 3247; x_wconf 46' lang='grc' dir='ltr'>ὅστις</span> <span class='ocrx_word' id='word_1_466' title='bbox 1165 3143 1402 3247; x_wconf 71' lang='grc' dir='ltr'>ποίήσει</span> <span class='ocrx_word' id='word_1_467' title='bbox 1431 3180 1700 3251; x_wconf 76' lang='grc' dir='ltr'>γλυπτὸν</span> 
     </span>
    </p>
   </div>
   <div class='ocr_carea' id='block_1_65' title="bbox 1809 3143 3358 3252">
    <p class='ocr_par' dir='ltr' id='par_1_65' title="bbox 1809 3143 3358 3235">
     <span class='ocr_line' id='line_1_65' title="bbox 1809 3143 3358 3235; baseline -0.006 -11"><span class='ocrx_word' id='word_1_468' title='bbox 1809 3167 2084 3233; x_wconf 81' lang='lat' dir='ltr'><strong>habuerit,</strong></span> <span class='ocrx_word' id='word_1_469' title='bbox 2140 3181 2300 3235; x_wconf 89' lang='lat' dir='ltr'><strong>quam</strong></span> <span class='ocrx_word' id='word_1_470' title='bbox 2355 3143 2504 3218; x_wconf 84' lang='lat' dir='ltr'><strong>illutn</strong></span> <span class='ocrx_word' id='word_1_471' title='bbox 2538 3165 2652 3232; x_wconf 86' lang='lat' dir='ltr'><strong>ipse</strong></span> <span class='ocrx_word' id='word_1_472' title='bbox 2684 3163 2970 3218; x_wconf 85' lang='lat' dir='ltr'><strong>formasset</strong></span> <span class='ocrx_word' id='word_1_473' title='bbox 3001 3182 3014 3216; x_wconf 90' lang='lat'><strong>:</strong></span> <span class='ocrx_word' id='word_1_474' title='bbox 3049 3165 3128 3215; x_wconf 82' lang='lat' dir='ltr'><strong>vel</strong></span> <span class='ocrx_word' id='word_1_475' title='bbox 3160 3173 3217 3214; x_wconf 90' lang='lat' dir='ltr'><strong>ut</strong></span> <span class='ocrx_word' id='word_1_476' title='bbox 3240 3164 3358 3215; x_wconf 80' lang='lat' dir='ltr'><strong>ideo</strong></span> 
     </span>
    </p>
   </div>
   <div class='ocr_carea' id='block_1_66' title="bbox 139 3272 1295 3347">
    <p class='ocr_par' dir='ltr' id='par_1_66' title="bbox 139 3272 1295 3347">
     <span class='ocr_line' id='line_1_66' title="bbox 139 3272 1295 3347; baseline -0.003 -16"><span class='ocrx_word' id='word_1_477' title='bbox 139 3277 173 3343; x_wconf 79' lang='grc' dir='ltr'><em>ἢ</em></span> <span class='ocrx_word' id='word_1_478' title='bbox 197 3277 511 3347; x_wconf 78' lang='grc' dir='ltr'>χωνευτὸν,</span> <span class='ocrx_word' id='word_1_479' title='bbox 553 3275 735 3346; x_wconf 76' lang='grc' dir='ltr'>ἔργον</span> <span class='ocrx_word' id='word_1_480' title='bbox 758 3272 971 3346; x_wconf 80' lang='grc' dir='ltr'>χειρῶν</span> <span class='ocrx_word' id='word_1_481' title='bbox 999 3274 1295 3343; x_wconf 74' lang='grc' dir='ltr'>τεχνίτου.</span> 
     </span>
    </p>
   </div>
   <div class='ocr_carea' id='block_1_67' title="bbox 201 3536 1699 3611">
    <p class='ocr_par' dir='ltr' id='par_1_67' title="bbox 201 3536 1699 3611">
     <span class='ocr_line' id='line_1_67' title="bbox 201 3536 1699 3611; baseline -0.002 -16"><span class='ocrx_word' id='word_1_482' title='bbox 201 3540 281 3595; x_wconf 79' lang='lat'><strong>83.</strong></span> <span class='ocrx_word' id='word_1_483' title='bbox 334 3542 444 3596; x_wconf 82' lang='lat' dir='ltr'><strong>Kal</strong></span> <span class='ocrx_word' id='word_1_484' title='bbox 496 3542 734 3611; x_wconf 63' lang='grc' dir='ltr'>ἔκυψεν</span> <span class='ocrx_word' id='word_1_485' title='bbox 787 3540 1096 3610; x_wconf 80' lang='grc' dir='ltr'>ἄνθρωπος</span> <span class='ocrx_word' id='word_1_486' title='bbox 1121 3584 1136 3608; x_wconf 94' lang='grc'>,</span> <span class='ocrx_word' id='word_1_487' title='bbox 1193 3540 1293 3595; x_wconf 78' lang='grc' dir='ltr'>καὶ</span> <span class='ocrx_word' id='word_1_488' title='bbox 1340 3536 1699 3606; x_wconf 80' lang='grc' dir='ltr'>ἐταπεινώθη</span> 
     </span>
    </p>
   </div>
   <div class='ocr_carea' id='block_1_68' title="bbox 141 3627 1698 3702">
    <p class='ocr_par' dir='ltr' id='par_1_68' title="bbox 141 3627 1698 3702">
     <span class='ocr_line' id='line_1_68' title="bbox 141 3627 1698 3702; baseline 0.001 -21"><span class='ocrx_word' id='word_1_489' title='bbox 141 3627 295 3697; x_wconf 80' lang='grc' dir='ltr'><strong>ἁνήρ.</strong></span> <span class='ocrx_word' id='word_1_490' title='bbox 338 3630 778 3702; x_wconf 86' lang='grc' dir='ltr'>Σχετλιαστικῶς</span> <span class='ocrx_word' id='word_1_491' title='bbox 818 3629 1060 3701; x_wconf 75' lang='grc' dir='ltr'>ἡγοῦμαι</span> <span class='ocrx_word' id='word_1_492' title='bbox 1092 3629 1266 3683; x_wconf 83' lang='grc' dir='ltr'>ταῦτα</span> <span class='ocrx_word' id='word_1_493' title='bbox 1303 3629 1587 3701; x_wconf 76' lang='grc' dir='ltr'>εἰρῆσθαι,</span> <span class='ocrx_word' id='word_1_494' title='bbox 1637 3633 1698 3684; x_wconf 84' lang='grc' dir='ltr'>οὐ</span> 
     </span>
    </p>
   </div>
   <div class='ocr_carea' id='block_1_69' title="bbox 144 3717 1697 3791">
    <p class='ocr_par' dir='ltr' id='par_1_69' title="bbox 144 3717 1697 3791">
     <span class='ocr_line' id='line_1_69' title="bbox 144 3717 1697 3791; baseline 0.003 -22"><span class='ocrx_word' id='word_1_495' title='bbox 144 3717 376 3786; x_wconf 72' lang='grc' dir='ltr'>φέροντος</span> <span class='ocrx_word' id='word_1_496' title='bbox 402 3719 515 3773; x_wconf 84' lang='grc' dir='ltr'>τῶν</span> <span class='ocrx_word' id='word_1_497' title='bbox 541 3718 847 3791; x_wconf 78' lang='grc' dir='ltr'>ἀνθρώπων</span> <span class='ocrx_word' id='word_1_498' title='bbox 891 3720 990 3790; x_wconf 77' lang='grc' dir='ltr'>τὴν</span> <span class='ocrx_word' id='word_1_499' title='bbox 1017 3719 1119 3788; x_wconf 83' lang='grc' dir='ltr'><strong>τῆς</strong></span> <span class='ocrx_word' id='word_1_500' title='bbox 1142 3719 1297 3785; x_wconf 82' lang='grc' dir='ltr'>ἀξίας</span> <span class='ocrx_word' id='word_1_501' title='bbox 1328 3719 1697 3775; x_wconf 82' lang='grc' dir='ltr'>κατάπτωσιν.</span> 
     </span>
    </p>
   </div>
   <div class='ocr_carea' id='block_1_70' title="bbox 152 3804 1703 3880">
    <p class='ocr_par' dir='ltr' id='par_1_70' title="bbox 152 3804 1703 3880">
     <span class='ocr_line' id='line_1_70' title="bbox 152 3804 1703 3880; baseline 0.003 -23"><span class='ocrx_word' id='word_1_502' title='bbox 152 3804 430 3877; x_wconf 74' lang='grc' dir='ltr'>’Υπέκυψε,</span> <span class='ocrx_word' id='word_1_503' title='bbox 474 3809 638 3880; x_wconf 69' lang='grc' dir='ltr'>φησι,</span> <span class='ocrx_word' id='word_1_504' title='bbox 686 3809 766 3879; x_wconf 85' lang='grc' dir='ltr'>τῷ</span> <span class='ocrx_word' id='word_1_505' title='bbox 798 3807 1001 3878; x_wconf 83' lang='grc' dir='ltr'>εἰδώλῳ</span> <span class='ocrx_word' id='word_1_506' title='bbox 1050 3809 1164 3880; x_wconf 91' lang='grc'>(77)</span> <span class='ocrx_word' id='word_1_507' title='bbox 1209 3809 1238 3860; x_wconf 92' lang='grc' dir='ltr'><strong>ὁ</strong></span> <span class='ocrx_word' id='word_1_508' title='bbox 1283 3808 1570 3880; x_wconf 81' lang='grc' dir='ltr'>ἄνθρωπος</span> <span class='ocrx_word' id='word_1_509' title='bbox 1623 3811 1703 3872; x_wconf 85' lang='grc' dir='ltr'><strong>είς</strong></span> 
     </span>
    </p>
   </div>
   <div class='ocr_carea' id='block_1_71' title="bbox 145 3893 1704 3970">
    <p class='ocr_par' dir='ltr' id='par_1_71' title="bbox 145 3893 1704 3970">
     <span class='ocr_line' id='line_1_71' title="bbox 145 3893 1704 3970; baseline 0.002 -21"><span class='ocrx_word' id='word_1_510' title='bbox 145 3896 512 3968; x_wconf 81' lang='grc' dir='ltr'>προσκύνησιν,</span> <span class='ocrx_word' id='word_1_511' title='bbox 559 3893 671 3951; x_wconf 83' lang='grc' dir='ltr'><strong>τῶν</strong></span> <span class='ocrx_word' id='word_1_512' title='bbox 704 3899 796 3954; x_wconf 75' lang='grc' dir='ltr'>ἐπὶ</span> <span class='ocrx_word' id='word_1_513' title='bbox 828 3900 931 3970; x_wconf 82' lang='grc' dir='ltr'><strong>γῆς</strong></span> <span class='ocrx_word' id='word_1_514' title='bbox 965 3897 1119 3964; x_wconf 78' lang='grc' dir='ltr'>ζώων</span> <span class='ocrx_word' id='word_1_515' title='bbox 1150 3899 1212 3952; x_wconf 86' lang='grc' dir='ltr'><strong>τὸ</strong></span> <span class='ocrx_word' id='word_1_516' title='bbox 1264 3898 1608 3970; x_wconf 81' lang='grc' dir='ltr'>τιμιώτατον,</span> <span class='ocrx_word' id='word_1_517' title='bbox 1639 3899 1704 3952; x_wconf 84' lang='grc' dir='ltr'>τὸ</span> 
     </span>
    </p>
   </div>
   <div class='ocr_carea' id='block_1_72' title="bbox 146 3985 1702 4062">
    <p class='ocr_par' dir='ltr' id='par_1_72' title="bbox 146 3985 1702 4062">
     <span class='ocr_line' id='line_1_72' title="bbox 146 3985 1702 4062; baseline 0.002 -20"><span class='ocrx_word' id='word_1_518' title='bbox 146 3985 266 4057; x_wconf 77' lang='grc' dir='ltr'>με,τά</span> <span class='ocrx_word' id='word_1_519' title='bbox 286 3989 555 4058; x_wconf 77' lang='grc' dir='ltr'><strong>ἀγγέλους</strong></span> <span class='ocrx_word' id='word_1_520' title='bbox 584 3991 640 4042; x_wconf 80' lang='grc' dir='ltr'>ἐν</span> <span class='ocrx_word' id='word_1_521' title='bbox 673 3989 912 4058; x_wconf 82' lang='grc' dir='ltr'>λογικοῖς</span> <span class='ocrx_word' id='word_1_522' title='bbox 934 3990 1291 4060; x_wconf 88' lang='grc' dir='ltr'>τεταγμένον,</span> <span class='ocrx_word' id='word_1_523' title='bbox 1346 3991 1374 4044; x_wconf 88' lang='grc' dir='ltr'>ὁ</span> <span class='ocrx_word' id='word_1_524' title='bbox 1421 3993 1487 4062; x_wconf 83' lang='grc' dir='ltr'>τῇ</span> <span class='ocrx_word' id='word_1_525' title='bbox 1535 3990 1702 4045; x_wconf 79' lang='grc' dir='ltr'>εἰκόνι</span> 
     </span>
    </p>
   </div>
   <div class='ocr_carea' id='block_1_73' title="bbox 142 4075 1703 4156">
    <p class='ocr_par' dir='ltr' id='par_1_73' title="bbox 142 4075 1703 4156">
     <span class='ocr_line' id='line_1_73' title="bbox 142 4075 1703 4156; baseline 0.004 -29"><span class='ocrx_word' id='word_1_526' title='bbox 142 4075 222 4128; x_wconf 82' lang='grc' dir='ltr'><strong>τοῦ</strong></span> <span class='ocrx_word' id='word_1_527' title='bbox 248 4078 374 4156; x_wconf 72' lang='grc' dir='ltr'>Θεοῦ</span> <span class='ocrx_word' id='word_1_528' title='bbox 400 4079 790 4151; x_wconf 80' lang='grc' dir='ltr'>τετιμημένος,</span> <span class='ocrx_word' id='word_1_529' title='bbox 825 4083 853 4134; x_wconf 87' lang='grc' dir='ltr'>ὁ</span> <span class='ocrx_word' id='word_1_530' title='bbox 878 4083 941 4153; x_wconf 82' lang='grc' dir='ltr'>τῇ</span> <span class='ocrx_word' id='word_1_531' title='bbox 966 4081 1060 4134; x_wconf 82' lang='grc' dir='ltr'>τοῦ</span> <span class='ocrx_word' id='word_1_532' title='bbox 1088 4081 1246 4150; x_wconf 89' lang='grc' dir='ltr'>λόγου</span> <span class='ocrx_word' id='word_1_533' title='bbox 1265 4081 1490 4152; x_wconf 83' lang='grc' dir='ltr'>δυνάμει</span> <span class='ocrx_word' id='word_1_534' title='bbox 1510 4082 1703 4152; x_wconf 84' lang='grc' dir='ltr'>τέχνας</span> 
     </span>
    </p>
   </div>
   <div class='ocr_carea' id='block_1_74' title="bbox 142 4167 1703 4245">
    <p class='ocr_par' dir='ltr' id='par_1_74' title="bbox 142 4167 1703 4245">
     <span class='ocr_line' id='line_1_74' title="bbox 142 4167 1703 4245; baseline 0.004 -26"><span class='ocrx_word' id='word_1_535' title='bbox 142 4167 375 4245; x_wconf 75' lang='grc' dir='ltr'>ἐξευρών.</span> <span class='ocrx_word' id='word_1_536' title='bbox 402 4173 487 4225; x_wconf 78' lang='grc' dir='ltr'><strong>Τά</strong></span> <span class='ocrx_word' id='word_1_537' title='bbox 508 4174 558 4245; x_wconf 80' lang='grc'><strong>(7</strong></span> <span class='ocrx_word' id='word_1_538' title='bbox 570 4173 624 4243; x_wconf 78' lang='grc'>8)</span> <span class='ocrx_word' id='word_1_539' title='bbox 643 4175 701 4225; x_wconf 85' lang='grc' dir='ltr'>ὲν</span> <span class='ocrx_word' id='word_1_540' title='bbox 724 4175 789 4244; x_wconf 84' lang='grc' dir='ltr'><strong>τῇ</strong></span> <span class='ocrx_word' id='word_1_541' title='bbox 819 4175 888 4245; x_wconf 84' lang='grc' dir='ltr'>γῇ</span> <span class='ocrx_word' id='word_1_542' title='bbox 922 4173 1201 4241; x_wconf 76' lang='grc' dir='ltr'>ἐπιγνοὺς,</span> <span class='ocrx_word' id='word_1_543' title='bbox 1226 4172 1409 4243; x_wconf 81' lang='grc' dir='ltr'>φυτῶν</span> <span class='ocrx_word' id='word_1_544' title='bbox 1430 4174 1521 4244; x_wconf 68' lang='grc' dir='ltr'>χαὶ</span> <span class='ocrx_word' id='word_1_545' title='bbox 1538 4172 1703 4244; x_wconf 77' lang='grc' dir='ltr'>ῥιζῶν</span> 
     </span>
    </p>
   </div>
   <div class='ocr_carea' id='block_1_75' title="bbox 142 4260 1701 4334">
    <p class='ocr_par' dir='ltr' id='par_1_75' title="bbox 142 4260 1701 4334">
     <span class='ocr_line' id='line_1_75' title="bbox 142 4260 1701 4334; baseline 0.001 -19"><span class='ocrx_word' id='word_1_546' title='bbox 142 4260 226 4321; x_wconf 65' lang='grc' dir='ltr'><strong>καὶ</strong></span> <span class='ocrx_word' id='word_1_547' title='bbox 271 4262 497 4331; x_wconf 84' lang='grc' dir='ltr'>καρπῶν</span> <span class='ocrx_word' id='word_1_548' title='bbox 556 4262 846 4333; x_wconf 84' lang='grc' dir='ltr'>δυνάμεις,</span> <span class='ocrx_word' id='word_1_549' title='bbox 911 4262 1191 4334; x_wconf 83' lang='grc' dir='ltr'>θαλάσσης</span> <span class='ocrx_word' id='word_1_550' title='bbox 1247 4263 1701 4333; x_wconf 84' lang='grc' dir='ltr'>κατατολμήσας,</span> 
     </span>
    </p>
   </div>
   <div class='ocr_carea' id='block_1_76' title="bbox 140 4349 1706 4426">
    <p class='ocr_par' dir='ltr' id='par_1_76' title="bbox 140 4349 1706 4426">
     <span class='ocr_line' id='line_1_76' title="bbox 140 4349 1706 4426; baseline 0.002 -24"><span class='ocrx_word' id='word_1_551' title='bbox 140 4349 284 4422; x_wconf 79' lang='grc' dir='ltr'>ἀέρος</span> <span class='ocrx_word' id='word_1_552' title='bbox 305 4355 488 4423; x_wconf 81' lang='grc' dir='ltr'>φύσιν,</span> <span class='ocrx_word' id='word_1_553' title='bbox 517 4354 738 4425; x_wconf 84' lang='grc' dir='ltr'>ἀνέμων</span> <span class='ocrx_word' id='word_1_554' title='bbox 776 4354 1012 4424; x_wconf 90' lang='grc' dir='ltr'>γένεσιν,</span> <span class='ocrx_word' id='word_1_555' title='bbox 1045 4354 1294 4426; x_wconf 84' lang='grc' dir='ltr'>ἀστέρων</span> <span class='ocrx_word' id='word_1_556' title='bbox 1335 4353 1507 4419; x_wconf 83' lang='grc' dir='ltr'>θέσιν,</span> <span class='ocrx_word' id='word_1_557' title='bbox 1551 4354 1706 4424; x_wconf 86' lang='grc' dir='ltr'>κινή-</span> 
     </span>
    </p>
   </div>
   <div class='ocr_carea' id='block_1_77' title="bbox 1800 3252 3363 3328">
    <p class='ocr_par' dir='ltr' id='par_1_77' title="bbox 1800 3252 3363 3328">
     <span class='ocr_line' id='line_1_77' title="bbox 1800 3252 3363 3328; baseline -0.006 -14"><span class='ocrx_word' id='word_1_558' title='bbox 1800 3260 2022 3314; x_wconf 87' lang='lat' dir='ltr'><strong>alterius</strong></span> <span class='ocrx_word' id='word_1_559' title='bbox 2067 3258 2390 3328; x_wconf 80' lang='lat' dir='ltr'><strong>indigucrit,</strong></span> <span class='ocrx_word' id='word_1_560' title='bbox 2423 3257 2565 3326; x_wconf 89' lang='lat' dir='ltr'><strong>quod</strong></span> <span class='ocrx_word' id='word_1_561' title='bbox 2615 3257 2763 3325; x_wconf 89' lang='lat' dir='ltr'><strong>prior</strong></span> <span class='ocrx_word' id='word_1_562' title='bbox 2786 3255 3150 3309; x_wconf 85' lang='lat' dir='ltr'><strong>consenuerit.</strong></span> <span class='ocrx_word' id='word_1_563' title='bbox 3197 3252 3363 3305; x_wconf 77' lang='lat' dir='ltr'><strong>Mate-</strong></span> 
     </span>
    </p>
   </div>
   <div class='ocr_carea' id='block_1_78' title="bbox 1800 3345 3369 3415">
    <p class='ocr_par' dir='ltr' id='par_1_78' title="bbox 1800 3345 3369 3415">
     <span class='ocr_line' id='line_1_78' title="bbox 1800 3345 3369 3415; baseline -0.004 -11"><span class='ocrx_word' id='word_1_564' title='bbox 1800 3352 1971 3405; x_wconf 82' lang='lat' dir='ltr'><strong>dictus</strong></span> <span class='ocrx_word' id='word_1_565' title='bbox 2021 3362 2199 3404; x_wconf 89' lang='lat' dir='ltr'><strong>autem</strong></span> <span class='ocrx_word' id='word_1_566' title='bbox 2242 3349 2395 3402; x_wconf 85' lang='lat' dir='ltr'><strong>homo</strong></span> <span class='ocrx_word' id='word_1_567' title='bbox 2423 3350 2617 3413; x_wconf 71' lang='lat' dir='ltr'><strong>omnis,</strong></span> <span class='ocrx_word' id='word_1_568' title='bbox 2659 3349 2894 3415; x_wconf 75' lang='lat' dir='ltr'><strong>quisquis</strong></span> <span class='ocrx_word' id='word_1_569' title='bbox 2934 3346 3088 3413; x_wconf 76' lang='lat' dir='ltr'><strong>faciet</strong></span> <span class='ocrx_word' id='word_1_570' title='bbox 3123 3345 3369 3412; x_wconf 78' lang='lat' dir='ltr'><strong>sculptile</strong></span> 
     </span>
    </p>
   </div>
   <div class='ocr_carea' id='block_1_79' title="bbox 1800 3438 2879 3510">
    <p class='ocr_par' dir='ltr' id='par_1_79' title="bbox 1800 3438 2879 3510">
     <span class='ocr_line' id='line_1_79' title="bbox 1800 3438 2879 3510; baseline -0.006 -14"><span class='ocrx_word' id='word_1_571' title='bbox 1800 3453 1890 3496; x_wconf 84' lang='lat' dir='ltr'><strong>aut</strong></span> <span class='ocrx_word' id='word_1_572' title='bbox 1921 3440 2097 3510; x_wconf 80' lang='lat' dir='ltr'><strong>fusile,</strong></span> <span class='ocrx_word' id='word_1_573' title='bbox 2125 3457 2253 3509; x_wconf 79' lang='lat' dir='ltr'><strong>0pm</strong></span> <span class='ocrx_word' id='word_1_574' title='bbox 2283 3455 2534 3494; x_wconf 81' lang='lat' dir='ltr'><strong>manuum</strong></span> <span class='ocrx_word' id='word_1_575' title='bbox 2563 3438 2782 3505; x_wconf 73' lang='lat' dir='ltr'><strong>arti/icit</strong></span> <span class='ocrx_word' id='word_1_576' title='bbox 2812 3438 2879 3490; x_wconf 82' lang='grc'>²⁰.</span> 
     </span>
    </p>
   </div>
   <div class='ocr_carea' id='block_1_80' title="bbox 1836 3525 3370 3595">
    <p class='ocr_par' dir='ltr' id='par_1_80' title="bbox 1836 3525 3370 3595">
     <span class='ocr_line' id='line_1_80' title="bbox 1836 3525 3370 3595; baseline -0.005 -9"><span class='ocrx_word' id='word_1_577' title='bbox 1836 3590 1839 3595; x_wconf 63' lang='grc'>,</span> <span class='ocrx_word' id='word_1_578' title='bbox 1871 3532 1960 3586; x_wconf 77' lang='lat'><strong>85.</strong></span> <span class='ocrx_word' id='word_1_579' title='bbox 1994 3529 2163 3585; x_wconf 68' lang='lat' dir='ltr'><strong>Vens.</strong></span> <span class='ocrx_word' id='word_1_580' title='bbox 2190 3529 2243 3585; x_wconf 91' lang='lat'><strong>9.</strong></span> <span class='ocrx_word' id='word_1_581' title='bbox 2285 3530 2356 3584; x_wconf 82' lang='lat' dir='ltr'><strong>Et</strong></span> <span class='ocrx_word' id='word_1_582' title='bbox 2388 3531 2676 3583; x_wconf 83' lang='lat' dir='ltr'><strong>incurvavit</strong></span> <span class='ocrx_word' id='word_1_583' title='bbox 2698 3544 2751 3580; x_wconf 77' lang='lat' dir='ltr'><strong>se</strong></span> <span class='ocrx_word' id='word_1_584' title='bbox 2781 3528 2966 3589; x_wconf 75' lang='lat' dir='ltr'><strong>Itomo&#39;,</strong></span> <span class='ocrx_word' id='word_1_585' title='bbox 2996 3535 3045 3580; x_wconf 79' lang='lat' dir='ltr'><strong>et</strong></span> <span class='ocrx_word' id='word_1_586' title='bbox 3061 3525 3370 3579; x_wconf 73' lang='lat' dir='ltr'><strong>humiliatus</strong></span> 
     </span>
    </p>
   </div>
   <div class='ocr_carea' id='block_1_81' title="bbox 1799 3618 3375 3691">
    <p class='ocr_par' dir='ltr' id='par_1_81' title="bbox 1799 3618 3375 3691">
     <span class='ocr_line' id='line_1_81' title="bbox 1799 3618 3375 3691; baseline -0.006 -13"><span class='ocrx_word' id='word_1_587' title='bbox 1799 3633 1875 3678; x_wconf 78' lang='lat' dir='ltr'><strong>est</strong></span> <span class='ocrx_word' id='word_1_588' title='bbox 1908 3624 2006 3677; x_wconf 82' lang='lat' dir='ltr'><strong>vir.</strong></span> <span class='ocrx_word' id='word_1_589' title='bbox 2047 3623 2174 3678; x_wconf 72' lang='lat' dir='ltr'><strong>Hazc</strong></span> <span class='ocrx_word' id='word_1_590' title='bbox 2225 3637 2320 3691; x_wconf 89' lang='lat' dir='ltr'><strong>per</strong></span> <span class='ocrx_word' id='word_1_591' title='bbox 2363 3622 2891 3677; x_wconf 86' lang='lat' dir='ltr'><strong>commiserationem</strong></span> <span class='ocrx_word' id='word_1_592' title='bbox 2936 3634 2965 3672; x_wconf 86' lang='lat' dir='ltr'><strong>a</strong></span> <span class='ocrx_word' id='word_1_593' title='bbox 2994 3618 3253 3687; x_wconf 86' lang='lat' dir='ltr'><strong>propheta</strong></span> <span class='ocrx_word' id='word_1_594' title='bbox 3290 3619 3375 3670; x_wconf 78' lang='lat' dir='ltr'><strong>di-</strong></span> 
     </span>
    </p>
   </div>
   <div class='ocr_carea' id='block_1_82' title="bbox 1800 3710 3374 3785">
    <p class='ocr_par' dir='ltr' id='par_1_82' title="bbox 1800 3710 3374 3785">
     <span class='ocr_line' id='line_1_82' title="bbox 1800 3710 3374 3785; baseline -0.007 -12"><span class='ocrx_word' id='word_1_595' title='bbox 1800 3727 1889 3773; x_wconf 83' lang='lat' dir='ltr'><strong>cta</strong></span> <span class='ocrx_word' id='word_1_596' title='bbox 1919 3717 2085 3771; x_wconf 89' lang='lat' dir='ltr'><strong>fuisse</strong></span> <span class='ocrx_word' id='word_1_597' title='bbox 2117 3725 2276 3783; x_wconf 88' lang='lat' dir='ltr'><strong>puto,</strong></span> <span class='ocrx_word' id='word_1_598' title='bbox 2307 3716 2449 3785; x_wconf 90' lang='lat' dir='ltr'><strong>quod</strong></span> <span class='ocrx_word' id='word_1_599' title='bbox 2483 3714 2730 3769; x_wconf 87' lang='lat' dir='ltr'><strong>homines</strong></span> <span class='ocrx_word' id='word_1_600' title='bbox 2778 3727 2807 3765; x_wconf 80' lang='grc' dir='ltr'><strong>ιι</strong></span> <span class='ocrx_word' id='word_1_601' title='bbox 2862 3727 2958 3766; x_wconf 84' lang='lat' dir='ltr'><strong>sua</strong></span> <span class='ocrx_word' id='word_1_602' title='bbox 3004 3713 3262 3781; x_wconf 77' lang='lat' dir='ltr'><strong>dignitate</strong></span> <span class='ocrx_word' id='word_1_603' title='bbox 3294 3710 3374 3762; x_wconf 84' lang='lat' dir='ltr'><strong>la-</strong></span> 
     </span>
    </p>
   </div>
   <div class='ocr_carea' id='block_1_83' title="bbox 1803 3801 3372 3877">
    <p class='ocr_par' dir='ltr' id='par_1_83' title="bbox 1803 3801 3372 3877">
     <span class='ocr_line' id='line_1_83' title="bbox 1803 3801 3372 3877; baseline -0.004 -18"><span class='ocrx_word' id='word_1_604' title='bbox 1803 3823 1926 3877; x_wconf 90' lang='lat' dir='ltr'><strong>psos</strong></span> <span class='ocrx_word' id='word_1_605' title='bbox 1953 3821 2074 3860; x_wconf 84' lang='lat' dir='ltr'><strong>esse</strong></span> <span class='ocrx_word' id='word_1_606' title='bbox 2124 3807 2264 3861; x_wconf 84' lang='lat' dir='ltr'><strong>ferre</strong></span> <span class='ocrx_word' id='word_1_607' title='bbox 2301 3821 2409 3860; x_wconf 90' lang='lat' dir='ltr'><strong>non</strong></span> <span class='ocrx_word' id='word_1_608' title='bbox 2439 3812 2638 3874; x_wconf 78' lang='lat' dir='ltr'><strong>posset.</strong></span> <span class='ocrx_word' id='word_1_609' title='bbox 2689 3804 2997 3859; x_wconf 84' lang='lat' dir='ltr'><strong>lncurvavit</strong></span> <span class='ocrx_word' id='word_1_610' title='bbox 3034 3817 3127 3865; x_wconf 91' lang='lat' dir='ltr'><strong>se,</strong></span> <span class='ocrx_word' id='word_1_611' title='bbox 3178 3801 3372 3871; x_wconf 83' lang='lat' dir='ltr'><strong>inquit,</strong></span> 
     </span>
    </p>
   </div>
   <div class='ocr_carea' id='block_1_84' title="bbox 1803 3895 3376 3966">
    <p class='ocr_par' dir='ltr' id='par_1_84' title="bbox 1803 3895 3376 3966">
     <span class='ocr_line' id='line_1_84' title="bbox 1803 3895 3376 3966; baseline -0.007 -12"><span class='ocrx_word' id='word_1_612' title='bbox 1803 3900 1965 3954; x_wconf 84' lang='lat' dir='ltr'><strong>homo</strong></span> <span class='ocrx_word' id='word_1_613' title='bbox 1997 3899 2062 3951; x_wconf 86' lang='lat' dir='ltr'><strong>ad</strong></span> <span class='ocrx_word' id='word_1_614' title='bbox 2098 3899 2430 3952; x_wconf 84' lang='lat' dir='ltr'><strong>adorandum</strong></span> <span class='ocrx_word' id='word_1_615' title='bbox 2484 3896 2683 3951; x_wconf 79' lang='lat' dir='ltr'><strong>idolum</strong></span> <span class='ocrx_word' id='word_1_616' title='bbox 2709 3936 2725 3961; x_wconf 94' lang='lat'><strong>,</strong></span> <span class='ocrx_word' id='word_1_617' title='bbox 2760 3910 3070 3966; x_wconf 84' lang='lat' dir='ltr'><strong>quanquam</strong></span> <span class='ocrx_word' id='word_1_618' title='bbox 3111 3905 3230 3948; x_wconf 83' lang='lat' dir='ltr'><strong>erat</strong></span> <span class='ocrx_word' id='word_1_619' title='bbox 3257 3895 3376 3947; x_wconf 81' lang='lat' dir='ltr'><strong>ani-</strong></span> 
     </span>
    </p>
   </div>
   <div class='ocr_carea' id='block_1_85' title="bbox 1803 3985 3373 4053">
    <p class='ocr_par' dir='ltr' id='par_1_85' title="bbox 1803 3985 3373 4053">
     <span class='ocr_line' id='line_1_85' title="bbox 1803 3985 3373 4053; baseline -0.004 -11"><span class='ocrx_word' id='word_1_620' title='bbox 1803 3990 2020 4042; x_wconf 86' lang='lat' dir='ltr'><strong>ntaliunt</strong></span> <span class='ocrx_word' id='word_1_621' title='bbox 2075 3989 2125 4041; x_wconf 89' lang='lat' dir='ltr'><strong>in</strong></span> <span class='ocrx_word' id='word_1_622' title='bbox 2175 3998 2317 4040; x_wconf 86' lang='lat' dir='ltr'><strong>terra</strong></span> <span class='ocrx_word' id='word_1_623' title='bbox 2374 3987 2920 4053; x_wconf 69' lang='lat' dir='ltr'><strong>prazstantissimutn,</strong></span> <span class='ocrx_word' id='word_1_624' title='bbox 2952 3985 3247 4038; x_wconf 91' lang='lat' dir='ltr'><strong>secundum</strong></span> <span class='ocrx_word' id='word_1_625' title='bbox 3277 4000 3373 4035; x_wconf 82' lang='lat' dir='ltr'><strong>an-</strong></span> 
     </span>
    </p>
   </div>
   <div class='ocr_carea' id='block_1_86' title="bbox 1802 4071 3375 4148">
    <p class='ocr_par' dir='ltr' id='par_1_86' title="bbox 1802 4071 3375 4148">
     <span class='ocr_line' id='line_1_86' title="bbox 1802 4071 3375 4148; baseline -0.004 -18"><span class='ocrx_word' id='word_1_626' title='bbox 1802 4077 1950 4148; x_wconf 78' lang='lat' dir='ltr'><strong>gelos</strong></span> <span class='ocrx_word' id='word_1_627' title='bbox 1985 4074 2035 4127; x_wconf 89' lang='lat' dir='ltr'><strong>itt</strong></span> <span class='ocrx_word' id='word_1_628' title='bbox 2081 4075 2433 4128; x_wconf 87' lang='lat' dir='ltr'><strong>rationalibus</strong></span> <span class='ocrx_word' id='word_1_629' title='bbox 2457 4073 2776 4127; x_wconf 87' lang='lat' dir='ltr'><strong>collocatum</strong></span> <span class='ocrx_word' id='word_1_630' title='bbox 2824 4090 2837 4126; x_wconf 88' lang='lat'>:</span> <span class='ocrx_word' id='word_1_631' title='bbox 2878 4074 2968 4142; x_wconf 88' lang='lat' dir='ltr'><strong>qui</strong></span> <span class='ocrx_word' id='word_1_632' title='bbox 3014 4071 3108 4125; x_wconf 89' lang='lat' dir='ltr'><strong>Dei</strong></span> <span class='ocrx_word' id='word_1_633' title='bbox 3143 4072 3375 4139; x_wconf 79' lang='lat' dir='ltr'><strong>imagine</strong></span> 
     </span>
    </p>
   </div>
   <div class='ocr_carea' id='block_1_87' title="bbox 1803 4159 3372 4232">
    <p class='ocr_par' dir='ltr' id='par_1_87' title="bbox 1803 4159 3372 4232">
     <span class='ocr_line' id='line_1_87' title="bbox 1803 4159 3372 4232; baseline -0.006 -11"><span class='ocrx_word' id='word_1_634' title='bbox 1803 4168 2228 4229; x_wconf 88' lang='lat' dir='ltr'><strong>cohonestattts,</strong></span> <span class='ocrx_word' id='word_1_635' title='bbox 2294 4165 2343 4216; x_wconf 79' lang='lat' dir='ltr'><strong>vi</strong></span> <span class='ocrx_word' id='word_1_636' title='bbox 2398 4164 2625 4217; x_wconf 87' lang='lat' dir='ltr'><strong>rationis</strong></span> <span class='ocrx_word' id='word_1_637' title='bbox 2678 4171 2826 4215; x_wconf 88' lang='lat' dir='ltr'><strong>artes</strong></span> <span class='ocrx_word' id='word_1_638' title='bbox 2875 4162 3219 4232; x_wconf 81' lang='lat' dir='ltr'><strong>excogitavit.</strong></span> <span class='ocrx_word' id='word_1_639' title='bbox 3272 4159 3372 4226; x_wconf 87' lang='lat' dir='ltr'><strong>Qui</strong></span> 
     </span>
    </p>
   </div>
   <div class='ocr_carea' id='block_1_88' title="bbox 1807 4254 3376 4325">
    <p class='ocr_par' dir='ltr' id='par_1_88' title="bbox 1807 4254 3376 4325">
     <span class='ocr_line' id='line_1_88' title="bbox 1807 4254 3376 4325; baseline -0.004 -13"><span class='ocrx_word' id='word_1_640' title='bbox 1807 4270 2023 4314; x_wconf 83' lang='lat' dir='ltr'><strong>terrena</strong></span> <span class='ocrx_word' id='word_1_641' title='bbox 2082 4258 2269 4319; x_wconf 88' lang='lat' dir='ltr'><strong>novit,</strong></span> <span class='ocrx_word' id='word_1_642' title='bbox 2308 4256 2613 4325; x_wconf 85' lang='lat' dir='ltr'><strong>plantarum</strong></span> <span class='ocrx_word' id='word_1_643' title='bbox 2658 4254 2874 4308; x_wconf 82' lang='lat' dir='ltr'><strong>scilicet</strong></span> <span class='ocrx_word' id='word_1_644' title='bbox 2928 4254 3275 4322; x_wconf 87' lang='lat' dir='ltr'><strong>radicumque</strong></span> <span class='ocrx_word' id='word_1_645' title='bbox 3320 4265 3376 4306; x_wconf 83' lang='lat' dir='ltr'><strong>et</strong></span> 
     </span>
    </p>
   </div>
   <div class='ocr_carea' id='block_1_89' title="bbox 1806 4345 3377 4414">
    <p class='ocr_par' dir='ltr' id='par_1_89' title="bbox 1806 4345 3377 4414">
     <span class='ocr_line' id='line_1_89' title="bbox 1806 4345 3377 4414; baseline -0.006 -10"><span class='ocrx_word' id='word_1_646' title='bbox 1806 4350 2082 4404; x_wconf 82' lang='lat' dir='ltr'><strong>fructuum</strong></span> <span class='ocrx_word' id='word_1_647' title='bbox 2124 4349 2402 4411; x_wconf 87' lang='lat' dir='ltr'><strong>virtutes;</strong></span> <span class='ocrx_word' id='word_1_648' title='bbox 2462 4346 2555 4414; x_wconf 91' lang='lat' dir='ltr'><strong>qui</strong></span> <span class='ocrx_word' id='word_1_649' title='bbox 2623 4358 2772 4398; x_wconf 90' lang='lat' dir='ltr'><strong>mare</strong></span> <span class='ocrx_word' id='word_1_650' title='bbox 2820 4358 3173 4413; x_wconf 37' lang='lat' dir='ltr'><strong>.nequaquam</strong></span> <span class='ocrx_word' id='word_1_651' title='bbox 3236 4345 3377 4395; x_wconf 71' lang='lat' dir='ltr'><strong>exti-</strong></span> 
     </span>
    </p>
   </div>
   <div class='ocr_carea' id='block_1_90' title="bbox 143 4434 1718 4538">
    <p class='ocr_par' dir='ltr' id='par_1_90' title="bbox 143 4445 1704 4538">
     <span class='ocr_line' id='line_1_90' title="bbox 143 4445 1704 4538; baseline 0.007 -42"><span class='ocrx_word' id='word_1_652' title='bbox 143 4457 240 4538; x_wconf 62' lang='grc' dir='ltr'>σεις</span> <span class='ocrx_word' id='word_1_653' title='bbox 263 4445 483 4509; x_wconf 84' lang='grc' dir='ltr'>τούτων,</span> <span class='ocrx_word' id='word_1_654' title='bbox 522 4447 924 4517; x_wconf 84' lang='grc' dir='ltr'>ἀποστήματα,</span> <span class='ocrx_word' id='word_1_655' title='bbox 968 4446 1294 4518; x_wconf 79' lang='grc' dir='ltr'>συνδρομὰς,</span> <span class='ocrx_word' id='word_1_656' title='bbox 1331 4446 1433 4516; x_wconf 80' lang='grc' dir='ltr'>τὴν</span> <span class='ocrx_word' id='word_1_657' title='bbox 1473 4445 1567 4498; x_wconf 61' lang='grc' dir='ltr'><strong>ἐπὶ</strong></span> <span class='ocrx_word' id='word_1_658' title='bbox 1600 4445 1704 4515; x_wconf 84' lang='grc' dir='ltr'>γῆς</span> 
     </span>
    </p>
   </div>
   <div class='ocr_carea' id='block_1_91' title="bbox 1809 4434 3376 4538">
    <p class='ocr_par' dir='ltr' id='par_1_91' title="bbox 1809 4434 3376 4508">
     <span class='ocr_line' id='line_1_91' title="bbox 1809 4434 3376 4508; baseline -0.004 -15"><span class='ocrx_word' id='word_1_659' title='bbox 1809 4442 1983 4506; x_wconf 88' lang='lat' dir='ltr'><strong>ntuit;</strong></span> <span class='ocrx_word' id='word_1_660' title='bbox 2025 4439 2116 4508; x_wconf 90' lang='lat' dir='ltr'><strong>qui</strong></span> <span class='ocrx_word' id='word_1_661' title='bbox 2151 4437 2295 4492; x_wconf 89' lang='lat' dir='ltr'><strong>aeris</strong></span> <span class='ocrx_word' id='word_1_662' title='bbox 2328 4436 2583 4504; x_wconf 83' lang='lat' dir='ltr'><strong>cognovit</strong></span> <span class='ocrx_word' id='word_1_663' title='bbox 2635 4444 2921 4499; x_wconf 86' lang='lat' dir='ltr'><strong>naturam,</strong></span> <span class='ocrx_word' id='word_1_664' title='bbox 2953 4445 3234 4488; x_wconf 90' lang='lat' dir='ltr'><strong>ventorum</strong></span> <span class='ocrx_word' id='word_1_665' title='bbox 3265 4434 3376 4488; x_wconf 82' lang='lat' dir='ltr'><strong>cti-</strong></span> 
     </span>
    </p>
   </div>
   <div class='ocr_carea' id='block_1_92' title="bbox 140 4526 1718 4609">
    <p class='ocr_par' dir='ltr' id='par_1_92' title="bbox 140 4527 1704 4609">
     <span class='ocr_line' id='line_1_92' title="bbox 140 4527 1704 4609; baseline 0.004 -27"><span class='ocrx_word' id='word_1_666' title='bbox 140 4527 502 4607; x_wconf 83' lang='grc' dir='ltr'>διακόσμησιν,</span> <span class='ocrx_word' id='word_1_667' title='bbox 548 4536 651 4600; x_wconf 84' lang='grc' dir='ltr'><strong>τάς</strong></span> <span class='ocrx_word' id='word_1_668' title='bbox 686 4536 892 4602; x_wconf 87' lang='grc' dir='ltr'>πόλεις,</span> <span class='ocrx_word' id='word_1_669' title='bbox 932 4538 1058 4602; x_wconf 85' lang='grc' dir='ltr'>τοὺς</span> <span class='ocrx_word' id='word_1_670' title='bbox 1105 4537 1325 4607; x_wconf 87' lang='grc' dir='ltr'>νόμους,</span> <span class='ocrx_word' id='word_1_671' title='bbox 1362 4534 1464 4600; x_wconf 87' lang='grc' dir='ltr'><strong>τὰς</strong></span> <span class='ocrx_word' id='word_1_672' title='bbox 1505 4552 1704 4609; x_wconf 88' lang='grc' dir='ltr'>στρατ-</span> 
     </span>
    </p>
   </div>
   <div class='ocr_carea' id='block_1_93' title="bbox 1809 4526 3374 4609">
    <p class='ocr_par' dir='ltr' id='par_1_93' title="bbox 1810 4526 3374 4607">
     <span class='ocr_line' id='line_1_93' title="bbox 1810 4526 3374 4607; baseline -0.007 -18"><span class='ocrx_word' id='word_1_673' title='bbox 1810 4535 2026 4607; x_wconf 83' lang='lat' dir='ltr'><strong>ginem,</strong></span> <span class='ocrx_word' id='word_1_674' title='bbox 2056 4532 2334 4589; x_wconf 83' lang='lat' dir='ltr'><strong>stellarum</strong></span> <span class='ocrx_word' id='word_1_675' title='bbox 2370 4531 2532 4586; x_wconf 86' lang='lat' dir='ltr'><strong>situm</strong></span> <span class='ocrx_word' id='word_1_676' title='bbox 2555 4571 2572 4595; x_wconf 88' lang='lat'><strong>,</strong></span> <span class='ocrx_word' id='word_1_677' title='bbox 2608 4530 2800 4584; x_wconf 83' lang='lat' dir='ltr'><strong>harum</strong></span> <span class='ocrx_word' id='word_1_678' title='bbox 2830 4538 3009 4582; x_wconf 90' lang='lat' dir='ltr'><strong>motus</strong></span> <span class='ocrx_word' id='word_1_679' title='bbox 3032 4566 3047 4593; x_wconf 93' lang='lat'><strong>,</strong></span> <span class='ocrx_word' id='word_1_680' title='bbox 3073 4526 3374 4593; x_wconf 85' lang='lat' dir='ltr'><strong>intervalla,</strong></span> 
     </span>
    </p>
   </div>
   <div class='ocr_carea' id='block_1_94' title="bbox 208 4729 1444 4802">
    <p class='ocr_par' dir='ltr' id='par_1_94' title="bbox 208 4729 1444 4802">
     <span class='ocr_line' id='line_1_94' title="bbox 208 4729 1444 4802; baseline 0.003 -16"><span class='ocrx_word' id='word_1_681' title='bbox 208 4730 245 4761; x_wconf 85' lang='grc'><strong>⁸⁹</strong></span> <span class='ocrx_word' id='word_1_682' title='bbox 282 4729 426 4788; x_wconf 85' lang='lat' dir='ltr'><strong>Psal.</strong></span> <span class='ocrx_word' id='word_1_683' title='bbox 480 4747 664 4800; x_wconf 76' lang='lat' dir='ltr'><strong>uxtt,</strong></span> <span class='ocrx_word' id='word_1_684' title='bbox 718 4733 807 4789; x_wconf 82' lang='grc'><strong>17.</strong></span> <span class='ocrx_word' id='word_1_685' title='bbox 883 4734 931 4767; x_wconf 82' lang='grc'><strong>²⁰</strong></span> <span class='ocrx_word' id='word_1_686' title='bbox 970 4733 1128 4791; x_wconf 86' lang='lat' dir='ltr'><strong>Deut.</strong></span> <span class='ocrx_word' id='word_1_687' title='bbox 1175 4734 1444 4802; x_wconf 79' lang='lat' dir='ltr'><strong>xxvn,l5.</strong></span> 
     </span>
    </p>
   </div>
   <div class='ocr_carea' id='block_1_95' title="bbox 202 4906 1701 4984">
    <p class='ocr_par' dir='ltr' id='par_1_95' title="bbox 202 4906 1701 4984">
     <span class='ocr_line' id='line_1_95' title="bbox 202 4906 1701 4984; baseline 0.003 -24"><span class='ocrx_word' id='word_1_688' title='bbox 202 4906 304 4980; x_wconf 83' lang='lat' dir='ltr'><strong>(7i)</strong></span> <span class='ocrx_word' id='word_1_689' title='bbox 327 4907 419 4966; x_wconf 88' lang='lat' dir='ltr'><strong>Sic</strong></span> <span class='ocrx_word' id='word_1_690' title='bbox 445 4910 691 4979; x_wconf 87' lang='lat' dir='ltr'><strong>quinque</strong></span> <span class='ocrx_word' id='word_1_691' title='bbox 723 4924 851 4984; x_wconf 56' lang='lat' dir='ltr'><strong>mss.</strong></span> <span class='ocrx_word' id='word_1_692' title='bbox 895 4910 965 4964; x_wconf 85' lang='lat' dir='ltr'><strong>At</strong></span> <span class='ocrx_word' id='word_1_693' title='bbox 1012 4911 1384 4984; x_wconf 61' lang='lat' dir='ltr'><strong>editi,tiaatrsp</strong></span> <span class='ocrx_word' id='word_1_694' title='bbox 1417 4910 1547 4984; x_wconf 82' lang='grc' dir='ltr'>γάρ.</span> <span class='ocrx_word' id='word_1_695' title='bbox 1581 4911 1701 4966; x_wconf 82' lang='lat' dir='ltr'><strong>Mox</strong></span> 
     </span>
    </p>
   </div>
   <div class='ocr_carea' id='block_1_96' title="bbox 142 4972 1577 5054">
    <p class='ocr_par' dir='ltr' id='par_1_96' title="bbox 142 4972 1577 5054">
     <span class='ocr_line' id='line_1_96' title="bbox 142 4972 1577 5054; baseline 0.002 -24"><span class='ocrx_word' id='word_1_696' title='bbox 142 4972 533 5054; x_wconf 40' lang='lat' dir='ltr'><strong>Regjuarttis,</strong></span> <span class='ocrx_word' id='word_1_697' title='bbox 573 4972 974 5054; x_wconf 50' lang='lat' dir='ltr'><strong>ctopgtxoﬁvrsg</strong></span> <span class='ocrx_word' id='word_1_698' title='bbox 1003 4983 1099 5035; x_wconf 77' lang='grc' dir='ltr'><strong>καὶ</strong></span> <span class='ocrx_word' id='word_1_699' title='bbox 1129 4972 1577 5054; x_wconf 44' lang='grc' dir='ltr'>ε’ὑανάστρεῇοι.</span> 
     </span>
    </p>
   </div>
   <div class='ocr_carea' id='block_1_97' title="bbox 200 5048 1705 5121">
    <p class='ocr_par' dir='ltr' id='par_1_97' title="bbox 200 5048 1705 5121">
     <span class='ocr_line' id='line_1_97' title="bbox 200 5048 1705 5121; baseline 0.004 -24"><span class='ocrx_word' id='word_1_700' title='bbox 200 5048 302 5117; x_wconf 72' lang='lat'><strong>(72)</strong></span> <span class='ocrx_word' id='word_1_701' title='bbox 330 5050 438 5121; x_wconf 78' lang='lat' dir='ltr'><strong>Alii</strong></span> <span class='ocrx_word' id='word_1_702' title='bbox 484 5065 647 5115; x_wconf 85' lang='lat' dir='ltr'><strong>mss.,</strong></span> <span class='ocrx_word' id='word_1_703' title='bbox 674 5048 999 5121; x_wconf 59' lang='grc' dir='ltr'>βδέλυγμα.</span> <span class='ocrx_word' id='word_1_704' title='bbox 1028 5054 1129 5105; x_wconf 85' lang='lat' dir='ltr'><strong>Alii</strong></span> <span class='ocrx_word' id='word_1_705' title='bbox 1156 5069 1278 5106; x_wconf 89' lang='lat' dir='ltr'><strong>cum</strong></span> <span class='ocrx_word' id='word_1_706' title='bbox 1306 5048 1489 5117; x_wconf 76' lang='lat' dir='ltr'><strong>editis,</strong></span> <span class='ocrx_word' id='word_1_707' title='bbox 1519 5050 1705 5121; x_wconf 84' lang='grc' dir='ltr'>βδελύ-</span> 
     </span>
    </p>
   </div>
   <div class='ocr_carea' id='block_1_98' title="bbox 140 5119 1699 5193">
    <p class='ocr_par' dir='ltr' id='par_1_98' title="bbox 140 5119 1699 5193">
     <span class='ocr_line' id='line_1_98' title="bbox 140 5119 1699 5193; baseline 0.003 -24"><span class='ocrx_word' id='word_1_708' title='bbox 140 5130 329 5193; x_wconf 71' lang='grc' dir='ltr'>γματα.</span> <span class='ocrx_word' id='word_1_709' title='bbox 378 5119 677 5193; x_wconf 81' lang='lat' dir='ltr'><strong>Aliquanto</strong></span> <span class='ocrx_word' id='word_1_710' title='bbox 703 5119 1000 5193; x_wconf 38' lang='lat' dir='ltr'><strong>&#39;post_t:res</strong></span> <span class='ocrx_word' id='word_1_711' title='bbox 1053 5138 1208 5193; x_wconf 47' lang='lat' dir='ltr'><strong>mss,</strong></span> <span class='ocrx_word' id='word_1_712' title='bbox 1247 5119 1528 5193; x_wconf 77' lang='grc' dir='ltr'>βλέλυγμά</span> <span class='ocrx_word' id='word_1_713' title='bbox 1573 5123 1699 5174; x_wconf 75' lang='grc' dir='ltr'>εἰσι.</span> 
     </span>
    </p>
   </div>
   <div class='ocr_carea' id='block_1_99' title="bbox 140 5187 1625 5262">
    <p class='ocr_par' dir='ltr' id='par_1_99' title="bbox 140 5187 1625 5262">
     <span class='ocr_line' id='line_1_99' title="bbox 140 5187 1625 5262; baseline 0.004 -25"><span class='ocrx_word' id='word_1_714' title='bbox 140 5187 517 5262; x_wconf 56' lang='lat' dir='ltr'><strong>Ali_i_£l_uo_cutn</strong></span> <span class='ocrx_word' id='word_1_715' title='bbox 545 5187 735 5253; x_wconf 64' lang='lat' dir='ltr'><strong>editis,</strong></span> <span class='ocrx_word' id='word_1_716' title='bbox 768 5189 1137 5262; x_wconf 83' lang='grc' dir='ltr'>βδελύγματα.</span> <span class='ocrx_word' id='word_1_717' title='bbox 1174 5187 1317 5259; x_wconf 76' lang='lat' dir='ltr'><strong>Lege.</strong></span> <span class='ocrx_word' id='word_1_718' title='bbox 1348 5187 1625 5262; x_wconf 72' lang='lat' dir='ltr'><strong>Dttcteutn.</strong></span> 
     </span>
    </p>
   </div>
   <div class='ocr_carea' id='block_1_100' title="bbox 202 5256 1696 5333">
    <p class='ocr_par' dir='ltr' id='par_1_100' title="bbox 202 5256 1696 5333">
     <span class='ocr_line' id='line_1_100' title="bbox 202 5256 1696 5333; baseline 0.005 -26"><span class='ocrx_word' id='word_1_719' title='bbox 202 5256 308 5333; x_wconf 73' lang='lat'><strong>(73)</strong></span> <span class='ocrx_word' id='word_1_720' title='bbox 347 5258 434 5333; x_wconf 62' lang='lat' dir='ltr'><strong>ita</strong></span> <span class='ocrx_word' id='word_1_721' title='bbox 494 5269 727 5333; x_wconf 80' lang='lat' dir='ltr'><strong>uterque</strong></span> <span class='ocrx_word' id='word_1_722' title='bbox 760 5256 1128 5333; x_wconf 67' lang='lat' dir='ltr'><strong>comet-tinus.</strong></span> <span class='ocrx_word' id='word_1_723' title='bbox 1166 5256 1349 5333; x_wconf 27' lang='lat' dir='ltr'><strong>“Editi,</strong></span> <span class='ocrx_word' id='word_1_724' title='bbox 1398 5261 1696 5333; x_wconf 84' lang='grc' dir='ltr'>ὑπερϐολή.</span> 
     </span>
    </p>
   </div>
   <div class='ocr_carea' id='block_1_101' title="bbox 139 5322 1215 5395">
    <p class='ocr_par' dir='ltr' id='par_1_101' title="bbox 139 5322 1215 5395">
     <span class='ocr_line' id='line_1_101' title="bbox 139 5322 1215 5395; baseline 0.007 -18"><span class='ocrx_word' id='word_1_725' title='bbox 139 5322 247 5380; x_wconf 74' lang='lat' dir='ltr'><strong>Mox</strong></span> <span class='ocrx_word' id='word_1_726' title='bbox 270 5322 421 5382; x_wconf 85' lang='lat' dir='ltr'><strong>Colb.</strong></span> <span class='ocrx_word' id='word_1_727' title='bbox 463 5322 761 5395; x_wconf 80' lang='lat' dir='ltr'><strong>secundus,</strong></span> <span class='ocrx_word' id='word_1_728' title='bbox 785 5329 878 5385; x_wconf 77' lang='grc' dir='ltr'>τὸν</span> <span class='ocrx_word' id='word_1_729' title='bbox 904 5330 995 5383; x_wconf 82' lang='grc' dir='ltr'>ὑπ’</span> <span class='ocrx_word' id='word_1_730' title='bbox 1026 5330 1215 5385; x_wconf 80' lang='grc' dir='ltr'>αὐτοῦ.</span> 
     </span>
    </p>
   </div>
   <div class='ocr_carea' id='block_1_102' title="bbox 201 5396 1700 5469">
    <p class='ocr_par' dir='ltr' id='par_1_102' title="bbox 201 5396 1700 5469">
     <span class='ocr_line' id='line_1_102' title="bbox 201 5396 1700 5469; baseline 0.003 -21"><span class='ocrx_word' id='word_1_731' title='bbox 201 5396 305 5465; x_wconf 77' lang='grc'>(74)</span> <span class='ocrx_word' id='word_1_732' title='bbox 330 5397 499 5469; x_wconf 67' lang='grc' dir='ltr'>Εόίιί,</span> <span class='ocrx_word' id='word_1_733' title='bbox 530 5403 879 5469; x_wconf 86' lang='grc' dir='ltr'>προσκυνεῖς,</span> <span class='ocrx_word' id='word_1_734' title='bbox 910 5402 1126 5454; x_wconf 76' lang='lat' dir='ltr'><strong>adoras.</strong></span> <span class='ocrx_word' id='word_1_735' title='bbox 1155 5400 1392 5468; x_wconf 86' lang='lat' dir='ltr'><strong>Uterque</strong></span> <span class='ocrx_word' id='word_1_736' title='bbox 1433 5400 1700 5455; x_wconf 69' lang='lat' dir='ltr'><strong>Lollterti»</strong></span> 
     </span>
    </p>
   </div>
   <div class='ocr_carea' id='block_1_103' title="bbox 142 5464 1696 5542">
    <p class='ocr_par' dir='ltr' id='par_1_103' title="bbox 142 5464 1696 5542">
     <span class='ocr_line' id='line_1_103' title="bbox 142 5464 1696 5542; baseline 0.004 -24"><span class='ocrx_word' id='word_1_737' title='bbox 142 5464 235 5542; x_wconf 76' lang='lat' dir='ltr'><strong>ltus</strong></span> <span class='ocrx_word' id='word_1_738' title='bbox 255 5476 309 5519; x_wconf 90' lang='lat' dir='ltr'><strong>et</strong></span> <span class='ocrx_word' id='word_1_739' title='bbox 330 5464 464 5542; x_wconf 45' lang='lat' dir='ltr'><strong>Reg.</strong></span> <span class='ocrx_word' id='word_1_740' title='bbox 491 5464 762 5524; x_wconf 77' lang='lat' dir='ltr'><strong>secundus</strong></span> <span class='ocrx_word' id='word_1_741' title='bbox 779 5464 909 5542; x_wconf 60' lang='lat' dir='ltr'><strong>cum</strong></span> <span class='ocrx_word' id='word_1_742' title='bbox 943 5486 1050 5542; x_wconf 84' lang='lat' dir='ltr'><strong>uno</strong></span> <span class='ocrx_word' id='word_1_743' title='bbox 1084 5464 1351 5542; x_wconf 52' lang='lat' dir='ltr'><strong>Qombelf.,</strong></span> <span class='ocrx_word' id='word_1_744' title='bbox 1380 5470 1696 5542; x_wconf 82' lang='grc' dir='ltr'>προσκύνει,</span> 
     </span>
    </p>
   </div>
   <div class='ocr_carea' id='block_1_104' title="bbox 140 5537 1700 5609">
    <p class='ocr_par' dir='ltr' id='par_1_104' title="bbox 140 5537 1700 5609">
     <span class='ocr_line' id='line_1_104' title="bbox 140 5537 1700 5609; baseline 0.006 -24"><span class='ocrx_word' id='word_1_745' title='bbox 140 5537 309 5609; x_wconf 60' lang='lat' dir='ltr'><strong>adora.</strong></span> <span class='ocrx_word' id='word_1_746' title='bbox 341 5537 479 5609; x_wconf 53' lang='grc' dir='ltr'>γει-ο</span> <span class='ocrx_word' id='word_1_747' title='bbox 504 5549 561 5592; x_wconf 87' lang='lat' dir='ltr'><strong>et</strong></span> <span class='ocrx_word' id='word_1_748' title='bbox 588 5547 735 5593; x_wconf 85' lang='lat' dir='ltr'><strong>recte</strong></span> <span class='ocrx_word' id='word_1_749' title='bbox 772 5539 1042 5609; x_wconf 86' lang='lat' dir='ltr'><strong>judicavit</strong></span> <span class='ocrx_word' id='word_1_750' title='bbox 1080 5537 1462 5606; x_wconf 81' lang='lat' dir='ltr'><strong>Combelisius,</strong></span> <span class='ocrx_word' id='word_1_751' title='bbox 1492 5542 1544 5595; x_wconf 86' lang='lat' dir='ltr'><strong>id</strong></span> <span class='ocrx_word' id='word_1_752' title='bbox 1581 5556 1700 5595; x_wconf 84' lang='lat' dir='ltr'><strong>ent-</strong></span> 
     </span>
    </p>
   </div>
   <div class='ocr_carea' id='block_1_105' title="bbox 146 5603 1311 5678">
    <p class='ocr_par' dir='ltr' id='par_1_105' title="bbox 146 5603 1311 5678">
     <span class='ocr_line' id='line_1_105' title="bbox 146 5603 1311 5678; baseline 0.006 -22"><span class='ocrx_word' id='word_1_753' title='bbox 146 5603 352 5678; x_wconf 56' lang='lat' dir='ltr'><strong>phasim</strong></span> <span class='ocrx_word' id='word_1_754' title='bbox 368 5607 595 5671; x_wconf 84' lang='lat' dir='ltr'><strong>habere,</strong></span> <span class='ocrx_word' id='word_1_755' title='bbox 625 5603 790 5677; x_wconf 73' lang='lat' dir='ltr'><strong>atque</strong></span> <span class='ocrx_word' id='word_1_756' title='bbox 816 5624 912 5678; x_wconf 91' lang='lat' dir='ltr'><strong>per</strong></span> <span class='ocrx_word' id='word_1_757' title='bbox 943 5610 1172 5664; x_wconf 86' lang='lat' dir='ltr'><strong>ironiam</strong></span> <span class='ocrx_word' id='word_1_758' title='bbox 1203 5611 1311 5678; x_wconf 82' lang='lat' dir='ltr'><strong>dici</strong></span> 
     </span>
    </p>
   </div>
   <div class='ocr_carea' id='block_1_106' title="bbox 204 5672 1699 5755">
    <p class='ocr_par' dir='ltr' id='par_1_106' title="bbox 204 5672 1699 5755">
     <span class='ocr_line' id='line_1_106' title="bbox 204 5672 1699 5755; baseline 0.007 -29"><span class='ocrx_word' id='word_1_759' title='bbox 204 5672 309 5755; x_wconf 52' lang='lat'><strong>(7&quot;?)</strong></span> <span class='ocrx_word' id='word_1_760' title='bbox 338 5675 412 5755; x_wconf 84' lang='lat' dir='ltr'><strong>lt_a</strong></span> <span class='ocrx_word' id='word_1_761' title='bbox 438 5678 681 5755; x_wconf 71' lang='lat' dir='ltr'><strong>quinque</strong></span> <span class='ocrx_word' id='word_1_762' title='bbox 697 5672 849 5755; x_wconf 56' lang='lat' dir='ltr'><strong>&#39;tnss&#39;.</strong></span> <span class='ocrx_word' id='word_1_763' title='bbox 866 5680 938 5733; x_wconf 86' lang='lat' dir='ltr'><strong>At</strong></span> <span class='ocrx_word' id='word_1_764' title='bbox 961 5679 1093 5733; x_wconf 87' lang='lat' dir='ltr'><strong>editi</strong></span> <span class='ocrx_word' id='word_1_765' title='bbox 1123 5690 1179 5755; x_wconf 70' lang='lat' dir='ltr'><strong>et</strong></span> <span class='ocrx_word' id='word_1_766' title='bbox 1208 5677 1344 5747; x_wconf 81' lang='lat' dir='ltr'><strong>Reg.</strong></span> <span class='ocrx_word' id='word_1_767' title='bbox 1368 5681 1699 5755; x_wconf 78' lang='lat' dir='ltr'><strong>p_rimtts,xat&#39;t</strong></span> 
     </span>
    </p>
   </div>
   <div class='ocr_carea' id='block_1_107' title="bbox 141 5740 1563 5816">
    <p class='ocr_par' dir='ltr' id='par_1_107' title="bbox 141 5740 1563 5816">
     <span class='ocr_line' id='line_1_107' title="bbox 141 5740 1563 5816; baseline 0.008 -18"><span class='ocrx_word' id='word_1_768' title='bbox 141 5740 212 5799; x_wconf 73' lang='grc' dir='ltr'>τό.</span> <span class='ocrx_word' id='word_1_769' title='bbox 241 5740 344 5802; x_wconf 76' lang='lat' dir='ltr'><strong>Nec</strong></span> <span class='ocrx_word' id='word_1_770' title='bbox 372 5740 643 5804; x_wconf 70' lang='lat' dir='ltr'><strong>ita&#39;multo</strong></span> <span class='ocrx_word' id='word_1_771' title='bbox 670 5757 791 5809; x_wconf 76' lang='lat' dir='ltr'><strong>post</strong></span> <span class='ocrx_word' id='word_1_772' title='bbox 820 5749 924 5807; x_wconf 90' lang='lat' dir='ltr'><strong>duo</strong></span> <span class='ocrx_word' id='word_1_773' title='bbox 952 5763 1111 5809; x_wconf 52' lang='lat' dir='ltr'><strong>mss”</strong></span> <span class='ocrx_word' id='word_1_774' title='bbox 1136 5740 1563 5816; x_wconf 66' lang='grc' dir='ltr'>ἀναγκαᾶθῆναι.</span> 
     </span>
    </p>
   </div>
   <div class='ocr_carea' id='block_1_108' title="bbox 1879 4903 3380 4981">
    <p class='ocr_par' dir='ltr' id='par_1_108' title="bbox 1879 4903 3380 4981">
     <span class='ocr_line' id='line_1_108' title="bbox 1879 4903 3380 4981; baseline -0.001 -18"><span class='ocrx_word' id='word_1_775' title='bbox 1879 4908 1991 4981; x_wconf 81' lang='grc'>(76)</span> <span class='ocrx_word' id='word_1_776' title='bbox 2021 4909 2185 4981; x_wconf 74' lang='lat' dir='ltr'><strong>Editi,</strong></span> <span class='ocrx_word' id='word_1_777' title='bbox 2235 4909 2324 4963; x_wconf 85' lang='grc' dir='ltr'>διὰ</span> <span class='ocrx_word' id='word_1_778' title='bbox 2347 4907 2527 4981; x_wconf 83' lang='grc' dir='ltr'>τοῦτο,</span> <span class='ocrx_word' id='word_1_779' title='bbox 2554 4922 2680 4981; x_wconf 83' lang='lat' dir='ltr'><strong>_no_n</strong></span> <span class='ocrx_word' id='word_1_780' title='bbox 2728 4915 2896 4963; x_wconf 88' lang='lat' dir='ltr'><strong>recte.</strong></span> <span class='ocrx_word' id='word_1_781' title='bbox 2938 4903 3144 4961; x_wconf 82' lang='lat' dir='ltr'><strong>Partim</strong></span> <span class='ocrx_word' id='word_1_782' title='bbox 3177 4904 3380 4961; x_wconf 79' lang='lat' dir='ltr'><strong>habent</strong></span> 
     </span>
    </p>
   </div>
   <div class='ocr_carea' id='block_1_109' title="bbox 1806 4977 2675 5045">
    <p class='ocr_par' dir='ltr' id='par_1_109' title="bbox 1806 4977 2675 5045">
     <span class='ocr_line' id='line_1_109' title="bbox 1806 4977 2675 5045; baseline -0.002 -11"><span class='ocrx_word' id='word_1_783' title='bbox 1806 4977 2070 5043; x_wconf 68' lang='grc' dir='ltr'>ιιιεςηδιά</span> <span class='ocrx_word' id='word_1_784' title='bbox 2092 4980 2208 5032; x_wconf 67' lang='grc' dir='ltr'>τοῦδ</span> <span class='ocrx_word' id='word_1_785' title='bbox 2241 4981 2457 5045; x_wconf 86' lang='lat' dir='ltr'><strong>partim.</strong></span> <span class='ocrx_word' id='word_1_786' title='bbox 2488 4977 2580 5042; x_wconf 76' lang='grc' dir='ltr'>διὰ</span> <span class='ocrx_word' id='word_1_787' title='bbox 2594 4978 2675 5032; x_wconf 89' lang='grc' dir='ltr'>τό.</span> 
     </span>
    </p>
   </div>
   <div class='ocr_carea' id='block_1_110' title="bbox 1876 5045 3377 5120">
    <p class='ocr_par' dir='ltr' id='par_1_110' title="bbox 1876 5045 3377 5120">
     <span class='ocr_line' id='line_1_110' title="bbox 1876 5045 3377 5120; baseline -0.003 -17"><span class='ocrx_word' id='word_1_788' title='bbox 1876 5050 1987 5120; x_wconf 80' lang='lat'><strong>(77)</strong></span> <span class='ocrx_word' id='word_1_789' title='bbox 2028 5052 2149 5103; x_wconf 72' lang='lat' dir='ltr'><strong>llmc</strong></span> <span class='ocrx_word' id='word_1_790' title='bbox 2171 5050 2354 5110; x_wconf 84' lang='lat' dir='ltr'><strong>verba,</strong></span> <span class='ocrx_word' id='word_1_791' title='bbox 2383 5048 2693 5120; x_wconf 14' lang='grc' dir='ltr'>ίῪπέκυψε,</span> <span class='ocrx_word' id='word_1_792' title='bbox 2718 5045 3178 5120; x_wconf 85' lang='lat' dir='ltr'><strong>etc.,_edita_sunt</strong></span> <span class='ocrx_word' id='word_1_793' title='bbox 3219 5058 3377 5120; x_wconf 76' lang='lat' dir='ltr'><strong>a_no—</strong></span> 
     </span>
    </p>
   </div>
   <div class='ocr_carea' id='block_1_111' title="bbox 1807 5114 3379 5184">
    <p class='ocr_par' dir='ltr' id='par_1_111' title="bbox 1807 5114 3379 5184">
     <span class='ocr_line' id='line_1_111' title="bbox 1807 5114 3379 5184; baseline -0.004 -11"><span class='ocrx_word' id='word_1_794' title='bbox 1807 5114 1894 5173; x_wconf 72' lang='lat' dir='ltr'><strong>Itis</strong></span> <span class='ocrx_word' id='word_1_795' title='bbox 1915 5114 1980 5173; x_wconf 85' lang='lat' dir='ltr'><strong>eo</strong></span> <span class='ocrx_word' id='word_1_796' title='bbox 2006 5121 2216 5182; x_wconf 85' lang='lat' dir='ltr'><strong>ordine,</strong></span> <span class='ocrx_word' id='word_1_797' title='bbox 2247 5133 2355 5184; x_wconf 88' lang='lat' dir='ltr'><strong>quo</strong></span> <span class='ocrx_word' id='word_1_798' title='bbox 2380 5119 2432 5171; x_wconf 92' lang='lat' dir='ltr'><strong>in</strong></span> <span class='ocrx_word' id='word_1_799' title='bbox 2462 5114 2672 5173; x_wconf 81' lang='lat' dir='ltr'><strong>duobus</strong></span> <span class='ocrx_word' id='word_1_800' title='bbox 2704 5132 2834 5171; x_wconf 91' lang='lat' dir='ltr'><strong>mss.</strong></span> <span class='ocrx_word' id='word_1_801' title='bbox 2857 5116 3221 5170; x_wconf 87' lang='lat' dir='ltr'><strong>inveniuntur.</strong></span> <span class='ocrx_word' id='word_1_802' title='bbox 3241 5114 3379 5167; x_wconf 86' lang='lat' dir='ltr'><strong>Pau-</strong></span> 
     </span>
    </p>
   </div>
   <div class='ocr_carea' id='block_1_112' title="bbox 1806 5184 3376 5255">
    <p class='ocr_par' dir='ltr' id='par_1_112' title="bbox 1806 5184 3376 5255">
     <span class='ocr_line' id='line_1_112' title="bbox 1806 5184 3376 5255; baseline -0.004 -12"><span class='ocrx_word' id='word_1_803' title='bbox 1806 5191 1859 5243; x_wconf 94' lang='lat' dir='ltr'><strong>lo</strong></span> <span class='ocrx_word' id='word_1_804' title='bbox 1892 5189 2051 5242; x_wconf 86' lang='lat' dir='ltr'><strong>aliter</strong></span> <span class='ocrx_word' id='word_1_805' title='bbox 2099 5190 2461 5255; x_wconf 81' lang='lat' dir='ltr'><strong>disponuntur</strong></span> <span class='ocrx_word' id='word_1_806' title='bbox 2514 5190 2565 5242; x_wconf 93' lang='lat' dir='ltr'><strong>in</strong></span> <span class='ocrx_word' id='word_1_807' title='bbox 2620 5188 2858 5242; x_wconf 88' lang='lat' dir='ltr'><strong>editione</strong></span> <span class='ocrx_word' id='word_1_808' title='bbox 2893 5184 3376 5255; x_wconf 71' lang='lat' dir='ltr'><strong>Parisiensi._lteg.</strong></span> 
     </span>
    </p>
   </div>
   <div class='ocr_carea' id='block_1_113' title="bbox 1805 5252 3380 5329">
    <p class='ocr_par' dir='ltr' id='par_1_113' title="bbox 1805 5252 3380 5329">
     <span class='ocr_line' id='line_1_113' title="bbox 1805 5252 3380 5329; baseline -0.004 -16"><span class='ocrx_word' id='word_1_809' title='bbox 1805 5260 2079 5329; x_wconf 70' lang='lat' dir='ltr'><strong>secundus</strong></span> <span class='ocrx_word' id='word_1_810' title='bbox 2109 5268 2164 5310; x_wconf 86' lang='lat' dir='ltr'><strong>et</strong></span> <span class='ocrx_word' id='word_1_811' title='bbox 2189 5252 2630 5329; x_wconf 20' lang='lat' dir='ltr'><strong>&#39;C‘olbaprimus,</strong></span> <span class='ocrx_word' id='word_1_812' title='bbox 2670 5259 2860 5329; x_wconf 61' lang='grc' dir='ltr'>φησιν,</span> <span class='ocrx_word' id='word_1_813' title='bbox 2894 5256 2974 5318; x_wconf 81' lang='grc' dir='ltr'><strong>είς</strong></span> <span class='ocrx_word' id='word_1_814' title='bbox 3006 5252 3380 5326; x_wconf 83' lang='grc' dir='ltr'>προσκύνησιν</span> 
     </span>
    </p>
   </div>
   <div class='ocr_carea' id='block_1_114' title="bbox 1802 5326 3381 5395">
    <p class='ocr_par' dir='ltr' id='par_1_114' title="bbox 1802 5326 3381 5395">
     <span class='ocr_line' id='line_1_114' title="bbox 1802 5326 3381 5395; baseline -0.003 -13"><span class='ocrx_word' id='word_1_815' title='bbox 1802 5329 1912 5382; x_wconf 83' lang='grc' dir='ltr'>τῶν</span> <span class='ocrx_word' id='word_1_816' title='bbox 1942 5326 2194 5380; x_wconf 73' lang='grc' dir='ltr'>εἰδώλων.</span> <span class='ocrx_word' id='word_1_817' title='bbox 2225 5326 2335 5381; x_wconf 86' lang='lat' dir='ltr'><strong>lloc</strong></span> <span class='ocrx_word' id='word_1_818' title='bbox 2362 5326 2478 5395; x_wconf 80' lang='lat' dir='ltr'><strong>ipso</strong></span> <span class='ocrx_word' id='word_1_819' title='bbox 2507 5329 2558 5380; x_wconf 92' lang='lat' dir='ltr'><strong>in</strong></span> <span class='ocrx_word' id='word_1_820' title='bbox 2590 5327 2709 5380; x_wconf 92' lang='lat' dir='ltr'><strong>loco</strong></span> <span class='ocrx_word' id='word_1_821' title='bbox 2733 5326 2861 5380; x_wconf 84' lang='lat' dir='ltr'><strong>editi</strong></span> <span class='ocrx_word' id='word_1_822' title='bbox 2885 5335 2940 5379; x_wconf 90' lang='lat' dir='ltr'><strong>et</strong></span> <span class='ocrx_word' id='word_1_823' title='bbox 2971 5333 3205 5395; x_wconf 81' lang='lat' dir='ltr'><strong>quatuor</strong></span> <span class='ocrx_word' id='word_1_824' title='bbox 3224 5339 3381 5387; x_wconf 84' lang='lat' dir='ltr'><strong>tnss.,</strong></span> 
     </span>
    </p>
   </div>
   <div class='ocr_carea' id='block_1_115' title="bbox 1802 5393 3380 5524">
    <p class='ocr_par' dir='ltr' id='par_1_115' title="bbox 1802 5393 3380 5524">
     <span class='ocr_line' id='line_1_115' title="bbox 1802 5393 3380 5524; baseline -0.004 -72"><span class='ocrx_word' id='word_1_825' title='bbox 1802 5400 1899 5524; x_wconf 59' lang='grc' dir='ltr'>ικαὶ</span> <span class='ocrx_word' id='word_1_826' title='bbox 1946 5398 2038 5450; x_wconf 72' lang='grc' dir='ltr'><strong>ἐπὶ</strong></span> <span class='ocrx_word' id='word_1_827' title='bbox 2067 5398 2171 5469; x_wconf 82' lang='grc' dir='ltr'>γῆς</span> <span class='ocrx_word' id='word_1_828' title='bbox 2203 5395 2342 5461; x_wconf 80' lang='grc' dir='ltr'><strong>ζῶον</strong></span> <span class='ocrx_word' id='word_1_829' title='bbox 2368 5393 2451 5451; x_wconf 85' lang='grc' dir='ltr'>τό.</span> <span class='ocrx_word' id='word_1_830' title='bbox 2495 5397 2570 5451; x_wconf 81' lang='lat' dir='ltr'><strong>At</strong></span> <span class='ocrx_word' id='word_1_831' title='bbox 2599 5396 2736 5466; x_wconf 73' lang='lat' dir='ltr'><strong>Reg.</strong></span> <span class='ocrx_word' id='word_1_832' title='bbox 2779 5395 2988 5465; x_wconf 88' lang='lat' dir='ltr'><strong>primus</strong></span> <span class='ocrx_word' id='word_1_833' title='bbox 3027 5401 3086 5447; x_wconf 88' lang='lat' dir='ltr'><strong>ut</strong></span> <span class='ocrx_word' id='word_1_834' title='bbox 3120 5393 3174 5446; x_wconf 92' lang='lat' dir='ltr'><strong>in</strong></span> <span class='ocrx_word' id='word_1_835' title='bbox 3209 5402 3380 5456; x_wconf 79' lang='lat' dir='ltr'><strong>textu,</strong></span> 
     </span>
     <span class='ocr_line' id='line_1_116' title="bbox 1841 5484 1960 5523; baseline -0.017 0"><span class='ocrx_word' id='word_1_836' title='bbox 1841 5484 1960 5523; x_wconf 83' lang='lat' dir='ltr'><strong>ene.</strong></span> 
     </span>
    </p>
   </div>
   <div class='ocr_carea' id='block_1_116' title="bbox 1841 5484 1960 5523">
    <p class='ocr_par' dir='ltr' id='par_1_116' title="bbox 1841 5484 1960 5523">
     <span class='ocr_line' id='line_1_117' title="bbox 1841 5484 1960 5523; baseline -0.017 0"><span class='ocrx_word' id='word_1_837' title='bbox 1841 5484 1960 5523; x_wconf 83' lang='lat' dir='ltr'><strong>ene.</strong></span> 
     </span>
    </p>
   </div>
   <div class='ocr_carea' id='block_1_117' title="bbox 1876 5529 3379 5610">
    <p class='ocr_par' dir='ltr' id='par_1_117' title="bbox 1876 5529 3379 5610">
     <span class='ocr_line' id='line_1_118' title="bbox 1876 5529 3379 5610; baseline -0.007 -18"><span class='ocrx_word' id='word_1_838' title='bbox 1876 5537 1989 5610; x_wconf 90' lang='lat'><strong>(78)</strong></span> <span class='ocrx_word' id='word_1_839' title='bbox 2026 5536 2182 5610; x_wconf 28' lang='lat' dir='ltr'><strong>Editiﬂ</strong></span> <span class='ocrx_word' id='word_1_840' title='bbox 2197 5545 2252 5591; x_wconf 88' lang='lat' dir='ltr'><strong>et</strong></span> <span class='ocrx_word' id='word_1_841' title='bbox 2281 5544 2392 5591; x_wconf 89' lang='lat' dir='ltr'><strong>tres</strong></span> <span class='ocrx_word' id='word_1_842' title='bbox 2408 5549 2579 5610; x_wconf 84' lang='lat' dir='ltr'><strong>_n_tss.,</strong></span> <span class='ocrx_word' id='word_1_843' title='bbox 2613 5533 2705 5610; x_wconf 78' lang='grc' dir='ltr'>τά.</span> <span class='ocrx_word' id='word_1_844' title='bbox 2733 5532 2838 5588; x_wconf 77' lang='lat' dir='ltr'><strong>Alii</strong></span> <span class='ocrx_word' id='word_1_845' title='bbox 2875 5540 3020 5610; x_wconf 85' lang='lat' dir='ltr'><strong>tres_,</strong></span> <span class='ocrx_word' id='word_1_846' title='bbox 3042 5529 3180 5594; x_wconf 71' lang='grc' dir='ltr'>Γτάς.</span> <span class='ocrx_word' id='word_1_847' title='bbox 3209 5529 3379 5610; x_wconf 75' lang='lat' dir='ltr'><strong>Paulo</strong></span> 
     </span>
    </p>
   </div>
   <div class='ocr_carea' id='block_1_118' title="bbox 1803 5602 3384 5679">
    <p class='ocr_par' dir='ltr' id='par_1_118' title="bbox 1803 5602 3384 5679">
     <span class='ocr_line' id='line_1_119' title="bbox 1803 5602 3384 5679; baseline -0.005 -16"><span class='ocrx_word' id='word_1_848' title='bbox 1803 5602 1925 5678; x_wconf 76' lang='lat' dir='ltr'><strong>post</strong></span> <span class='ocrx_word' id='word_1_849' title='bbox 1958 5602 2109 5679; x_wconf 78' lang='lat' dir='ltr'><strong>editi,</strong></span> <span class='ocrx_word' id='word_1_850' title='bbox 2150 5606 2368 5679; x_wconf 75' lang='grc' dir='ltr'>ἄστρων</span> <span class='ocrx_word' id='word_1_851' title='bbox 2403 5604 2665 5679; x_wconf 35' lang='grc' dir='ltr'>θέσιν.-Α-ι</span> <span class='ocrx_word' id='word_1_852' title='bbox 2695 5618 2824 5679; x_wconf 64' lang='lat' dir='ltr'><strong>mss,</strong></span> <span class='ocrx_word' id='word_1_853' title='bbox 2862 5602 3057 5679; x_wconf 66' lang='lat' dir='ltr'><strong>partim</strong></span> <span class='ocrx_word' id='word_1_854' title='bbox 3096 5617 3218 5679; x_wconf 71' lang='lat' dir='ltr'><strong>cum</strong></span> <span class='ocrx_word' id='word_1_855' title='bbox 3253 5602 3384 5679; x_wconf 75' lang='lat' dir='ltr'><strong>ipsis</strong></span> 
     </span>
    </p>
   </div>
   <div class='ocr_carea' id='block_1_119' title="bbox 1805 5671 3380 5743">
    <p class='ocr_par' dir='ltr' id='par_1_119' title="bbox 1805 5671 3380 5743">
     <span class='ocr_line' id='line_1_120' title="bbox 1805 5671 3380 5743; baseline -0.003 -12"><span class='ocrx_word' id='word_1_856' title='bbox 1805 5671 2160 5740; x_wconf 70' lang='lat' dir='ltr'><strong>conveniunt,</strong></span> <span class='ocrx_word' id='word_1_857' title='bbox 2191 5671 2386 5743; x_wconf 73' lang='lat' dir='ltr'><strong>partim</strong></span> <span class='ocrx_word' id='word_1_858' title='bbox 2426 5677 2494 5729; x_wconf 87' lang='lat' dir='ltr'><strong>ab</strong></span> <span class='ocrx_word' id='word_1_859' title='bbox 2535 5676 2738 5730; x_wconf 87' lang='lat' dir='ltr'><strong>eisdem</strong></span> <span class='ocrx_word' id='word_1_860' title='bbox 2765 5671 3051 5743; x_wconf 74' lang='lat' dir='ltr'><strong>dissident.</strong></span> <span class='ocrx_word' id='word_1_861' title='bbox 3104 5672 3207 5726; x_wconf 81' lang='lat' dir='ltr'><strong>Alii</strong></span> <span class='ocrx_word' id='word_1_862' title='bbox 3236 5676 3380 5727; x_wconf 78' lang='lat' dir='ltr'><strong>enim</strong></span> 
     </span>
    </p>
   </div>
   <div class='ocr_carea' id='block_1_120' title="bbox 1805 5740 3119 5818">
    <p class='ocr_par' dir='ltr' id='par_1_120' title="bbox 1805 5740 3119 5818">
     <span class='ocr_line' id='line_1_121' title="bbox 1805 5740 3119 5818; baseline -0.008 -13"><span class='ocrx_word' id='word_1_863' title='bbox 1805 5747 2028 5816; x_wconf 79' lang='lat' dir='ltr'><strong>habent,</strong></span> <span class='ocrx_word' id='word_1_864' title='bbox 2052 5740 2267 5818; x_wconf 77' lang='grc' dir='ltr'>ἄστρων</span> <span class='ocrx_word' id='word_1_865' title='bbox 2296 5745 2494 5811; x_wconf 80' lang='grc' dir='ltr'>θέσειςο</span> <span class='ocrx_word' id='word_1_866' title='bbox 2530 5745 2642 5813; x_wconf 81' lang='lat' dir='ltr'><strong>alii,</strong></span> <span class='ocrx_word' id='word_1_867' title='bbox 2671 5744 2915 5814; x_wconf 80' lang='grc' dir='ltr'>ἀστέρων</span> <span class='ocrx_word' id='word_1_868' title='bbox 2948 5740 3119 5798; x_wconf 68' lang='grc' dir='ltr'>θέσιν.</span> 
     </span>
    </p>
   </div>
  </div>
