3828 6216
340 250 444 307 255

1298 246 1644 304 APPENDIX
1682 245 1969 304 OPERUM
2007 246 2066 302 S.
2109 243 2352 301 BASiLll
2390 241 2624 299 MAGNI.

3470 196 3603 283 sse

341 381 636 423 concursus
660 408 677 435 ,
721 377 882 422 terra:
929 374 1178 422 ornatum
1231 374 1284 420 et
1311 368 1553 421 ordinem
1581 407 1597 433 ,
1624 367 1871 422 civitates
1894 405 1909 429 ,
1944 418 1948 429 ,

2064 365 2195 432 γίας,
2221 362 2328 416 τῶν
2354 359 2559 430 τεχνῶν
2576 358 2675 421 τάς
2698 374 2759 410 τε
2788 356 2925 427 πρὸς
2942 354 3002 407 τὸ
3027 354 3126 422 ζῇν
3147 345 3476 435 ἀναγκαίας,
3492 344 3602 435 καὶ

343 452 493 523 leges
516 494 532 518 ,
573 455 905 508 exercituum
942 456 1291 525 praefecturas
1312 495 1328 519 ,
1361 466 1505 509 artes
1525 498 1541 522 ,
1568 465 1680 510 tum
1704 471 1822 524 qua:
1852 456 1918 508 ad

2064 456 2118 518 it:
2150 454 2286 525 πρὸς
2311 450 2695 520 καλλωπισμὸν
2725 448 2821 500 καὶ
2856 443 3145 508 ἐπίδειξινε
3185 432 3341 500 οὗτος
3393 434 3604 525 ὑπέπε-

345 546 508 599 vitam
533 548 791 616 agendam
812 549 1130 601 necessarim
1145 546 1454 618 537mm,
1484 555 1593 600 tum
1617 562 1734 615 quae
1755 561 1917 598 orna-

348 651 531 691 mento
585 647 638 691 et
689 639 1038 693 ostentationi
1081 641 1427 692 subserviunt
1471 653 1487 692 :
1525 638 1613 692 ille
1656 640 1768 707 ipse
1795 648 1921 692 ante

348 728 547 781 idolum
576 729 827 795 procidit,
867 738 1121 799 tanquam
1149 733 1214 785 ab
1244 746 1308 784 eo
1339 731 1572 784 salutem
1611 741 1919 798 rogaturus,

348 823 483 874 adeo
517 829 576 874 ut
603 821 874 875 animatus
911 823 979 875 ab
1010 822 1307 875 inanimato
1330 862 1345 886 ,
1382 829 1438 875 et
1486 821 1699 875 ratione
1730 822 1925 888 praedi-

353 921 438 966 tus
472 927 503 965 a
548 926 742 966 sensus
789 912 999 980 experti
1046 922 1214 980 petat.
1238 912 1288 967 Is
1316 928 1345 965 a
1378 913 1533 979 cuius
1574 928 1736 965 manu
1795 911 1925 966 sub-

350 1001 552 1054 duntur
609 1000 864 1055 animalia
921 1017 937 1054 :
994 1002 1062 1054 ad
1130 1001 1285 1069 cujus
1345 1001 1657 1054 servitutem
1709 998 1924 1052 redacta

351 1101 478 1146 sunt
520 1102 715 1146 cuncta
763 1093 1058 1146 animantia
1095 1107 1190 1160 per
1226 1096 1390 1145 Deum
1427 1091 1541 1145 haec
1575 1089 1727 1144 nobis
1761 1089 1926 1158 subji-

352 1178 584 1233 cientem
606 1221 622 1247 ,
675 1181 848 1249 quiin
900 1181 1003 1235 hoc
1058 1196 1155 1234 nos
1189 1181 1256 1234 ad
1288 1196 1441 1233 suam
1476 1180 1765 1249 imaginem
1793 1194 1926 1233 con-

353 1266 519 1335 didit,
575 1271 717 1338 quod
763 1270 1088 1340 aquatilibus
1138 1271 1480 1325 dominemur
1536 1269 1696 1324 simul
1736 1278 1788 1322 et
1813 1279 1926 1323 ter-

354 1361 619 1414 restribus
648 1379 661 1414 :
694 1361 784 1416 ille
837 1364 950 1432 ipse
996 1362 1293 1416 animantis
1333 1364 1493 1416 uuius
1520 1363 1727 1416 ratione
1758 1363 1928 1417 desd-

356 1452 488 1514 tuti,
521 1460 611 1506 aut
661 1452 921 1508 deformis
974 1452 1200 1520 alicujus
1256 1454 1499 1508 mulieris
1522 1494 1539 1520 ,
1561 1463 1655 1507 aut
1677 1456 1778 1507 viri
1814 1465 1928 1508 tur-

356 1542 566 1612 pissimi
622 1544 920 1599 simulacro
972 1560 1041 1598 ne
1081 1555 1260 1598 astare
1306 1545 1523 1613 quidem
1570 1546 1683 1615 pari
1718 1546 1838 1614 jure
1867 1562 1931 1599 ac

355 1634 667 1688 conditione
714 1636 912 1701 audet,
956 1637 1152 1688 nedum
1182 1636 1274 1688 uni
1302 1634 1581 1688 brutorum
1614 1636 1928 1688 animalium

357 1725 565 1780 viribus
609 1730 980 1796 praistantium
1035 1745 1096 1784 se
1154 1732 1311 1786 sistat

2023 564 2113 599 σεν
2146 524 2370 615 εἰδώλῳ,
2403 543 2479 606 ὡς
2508 542 2607 611 τῆς
2640 539 2769 612 παρ’
2801 536 2966 592 αὐτοῦ
2999 535 3249 604 δεόμενος
3290 524 3603 615 σωτηρίας

2020 637 2049 689 ὁ
2074 613 2334 707 ἔμψυχος,
2348 635 2442 687 τοῦ
2460 632 2685 702 ἀψύχου·
2707 632 2734 682 ὁ
2754 628 2989 697 λογικὸς,
3005 625 3099 679 τοῦ
3122 620 3450 689 ἀναισθήτου
3463 613 3603 685 (79).

2034 727 2091 781 '0
2139 728 2303 799 θηρία
2349 726 2454 779 ὑπὸ
2490 726 2648 795 χεῖρα
2690 721 2892 784 λαϐὼν,
3014 718 3193 771 πάντα
3237 711 3608 799 ὑποτέτακται

2022 818 2102 881 εἰς
2158 798 2404 870 δουλείαν
2454 814 2524 866 τὰ
2572 813 2763 880 ἄλογα,
2803 811 2892 863 διὰ
2946 809 3036 862 τὸν
3089 801 3432 867 ὑποτάξαντα
3475 798 3610 867 ἡμῖν

2023 908 2175 972 Θεὸν,
2202 907 2260 971 ὃς
2288 910 2345 960 ὲν
2368 906 2543 976 τούτῳ
2576 904 2775 957 ἔδωκεν
2806 904 2933 973 ἡμῖν
2959 900 3021 953 τὸ
3043 899 3161 952 κατ’
3196 894 3405 954 εἰκόνα,
3439 891 3503 942 ὲν
3530 884 3610 956 τῷ

2025 998 2439 1068 κατακυριεύειν
2485 997 2595 1050 τῶν
2620 1013 2683 1050 τε
2714 995 2952 1066 ἐνύδρων
2997 989 3131 1062 ὁμοῦ
3179 986 3275 1040 καὶ
3318 983 3429 1037 τῶν
3482 995 3612 1048 χερ-

2028 1094 2222 1145 σαίωψ
2265 1084 2420 1154 οὗτος
2447 1090 2545 1160 οὐχ
2574 1089 2656 1142 ὲνί
2680 1087 2789 1141 τῶν
2817 1086 3025 1153 ἀλόγων
3066 1080 3172 1134 τῶν
3205 1080 3262 1131 ὲν
3300 1073 3447 1145 ἰσχύϊ
3494 1071 3612 1123 δια-

2028 1182 2325 1254 φερόντων,
2349 1179 2486 1233 me
2506 1180 2786 1250 μιμήματι
2804 1176 2914 1248 (80)
2933 1174 3071 1239 ζώου
3099 1169 3217 1234 ἐνὸς
3241 1165 3351 1221 τῶν
3370 1163 3611 1254 ἀλόγων,

2028 1252 2170 1343 ἦπου
2204 1271 2299 1323 καὶ
2338 1269 2602 1337 γυναικός
2643 1284 2789 1330 τινος
2827 1266 3156 1335 ἀσχήμονος,
3204 1257 3239 1328 ἢ
3284 1253 3479 1325 ἀνδρὸς
3514 1252 3614 1343 ξίῖ

2031 1339 2250 1432 σχίστου
2283 1361 2404 1413 οὐδὲ
2431 1358 2771 1431 παρεστάναι
2808 1355 2981 1425 τολμᾷ
3025 1351 3133 1405 ἀπὸ
3162 1346 3256 1400 τοῦ
3292 1346 3409 1399 ἴσου
3429 1359 3442 1372 ·
3475 1339 3616 1394 em

2031 1454 2197 1524 φυϐού
2206 1471 2385 1524 μενος,
2412 1453 2508 1507 καὶ
2536 1453 2616 1515 είς
2646 1452 2744 1521 τὴν
2762 1451 2865 1521 γῆν
2894 1444 3168 1514 κεκυφὼς,
3203 1440 3348 1505 ἄξιος
3377 1436 3455 1490 ὧν
3478 1433 3617 1524 μηᾷ

2030 1522 2312 1599 ἀνανεῦειν
2343 1543 2455 1615 (8!)
2489 1543 2624 1616 πρὸς
2653 1543 2744 1596 τὸν
2771 1538 3018 1612 οὐρανὸν,
3048 1534 3139 1590 διὰ
3167 1532 3267 1604 τὴν
3288 1531 3370 1593 εἰς
3404 1526 3499 1580 τὸν
3524 1522 3621 1577 οῦ-

2010 1632 2017 1638 ’
2036 1638 2218 1708 ράνιον
2248 1636 2544 1707 ἁμαρτίαν.

1364 1749 1377 1785 :
1431 1732 1526 1785 sed
1615 1746 1736 1785 eum
1811 1732 2006 1785 timore
2039 1732 2295 1802 vultuque
2350 1736 2401 1787 in
2459 1743 2658 1786 terram
2712 1728 2947 1784 demisso
2978 1738 3165 1781 coram
3209 1721 3407 1785 adest,
3439 1724 3500 1770 ut
3526 1710 3620 1783 qu!

357 1824 428 1878 ob
462 1822 755 1876 admissum
790 1824 842 1876 in
878 1824 1073 1879 ctelum
1106 1823 1283 1878 scelus
1313 1823 1567 1893 indignus
1612 1822 1683 1876 sit
1722 1821 1814 1890 qui
1843 1822 2029 1877 oculos
2066 1824 2133 1877 ad
2165 1824 2441 1878 caelestem
2478 1820 2713 1877 attollat.

429 1914 520 1969 84.
558 1913 627 1967 Et
673 1914 960 1969 incurvavit
987 1932 1041 1969 se
1086 1915 1241 1969 homo
1262 1955 1278 1979 ,
1307 1928 1355 1969 et
1387 1916 1699 1968 humiliatus
1724 1924 1799 1968 est
1842 1916 1940 1969 vir.

2109 1918 2199 1973 84.
2254 1915 2368 1970 Καὶ
2417 1917 2652 1984 ἔκυψεν
2701 1912 3010 1980 ἄνθρωπος
3032 1947 3048 1972 ,
3106 1905 3204 1961 καὶ
3252 1898 3622 1968 ἐταπεινώθη

360 2002 483 2058 Mali
509 2007 751 2060 accessio
778 2015 865 2060 est
887 2043 905 2069 ,
940 2008 1114 2059 virum
1137 2006 1231 2075 qui
1261 2008 1329 2059 ad
1363 2006 1726 2074 principatum
1759 2008 1938 2075 aptior

361 2105 466 2162 est,
497 2097 587 2166 qui
627 2095 917 2166 perfectior
951 2106 1036 2151 est
1065 2096 1419 2167 intelligentia
1442 2135 1458 2159 ,
1492 2097 1585 2166 qui
1615 2098 1804 2152 fortius
1840 2112 1938 2150 va-

370 2188 640 2257 lidiusque
673 2191 815 2259 agit,
849 2189 993 2243 hunc
1021 2190 1272 2243 eumdem
1319 2189 1599 2258 dignitatis
1648 2204 1759 2243 sua:
1805 2188 1943 2241 υυιισ

367 2290 521 2344 tum,
557 2281 698 2335 idolo
735 2296 859 2336 sese
893 2281 1232 2335 submisisse.
1268 2279 1403 2334 Cum
1451 2280 1629 2349 imago
1660 2280 1729 2334 sit
1764 2280 1858 2334 Dei
1888 2290 1944 2332 et

367 2370 562 2440 gloria,
605 2383 871 2441 caputque
916 2372 1003 2425 sui
1031 2371 1201 2440 ipsius
1236 2371 1432 2432 habeat
1460 2370 1776 2434 Christum,
1819 2371 1947 2423 sub-

365 2461 561 2514 stiavit
595 2476 655 2514 se
686 2459 823 2513 infra
852 2460 1052 2515 idolum
1078 2497 1094 2523 ,
1134 2474 1442 2529 quanquam
1479 2460 1640 2514 homo
1679 2467 1782 2514 est.
1820 2457 1947 2512 llaec

366 2558 452 2607 Osi.
498 2549 782 2606 calamitas
810 2551 1150 2621 gravissima.
1191 2550 1403 2605 Etenim
1442 2551 1486 2606 si
1524 2565 1656 2619 puer
1682 2558 1863 2617 esset,
1899 2549 1945 2603 si

367 2643 564 2698 mulier
606 2649 790 2711 esset;
840 2645 968 2698 huic
1010 2644 1225 2712 quidem
1268 2653 1489 2713 pr0pter
1534 2653 1749 2698 etatem
1775 2685 1790 2711 ,
1830 2659 1948 2696 mu-

367 2733 486 2788 lieri
532 2747 660 2787 vero
699 2733 769 2788 ob
800 2733 1102 2788 naturalem
1155 2734 1528 2788 infirmitatem
1574 2734 1725 2788 venia
1768 2733 1947 2802 aliqua

369 2826 596 2880 concedi
652 2834 857 2894 posset.
916 2823 1074 2881 Nunc
1130 2841 1260 2882 vero
1330 2826 1653 2881 humiliatus
1708 2833 1791 2880 est
1844 2827 1948 2888 vir,

369 2917 516 2985 quod
541 2932 757 2972 onmem
802 2917 1112 2987 ignominia:
1158 2918 1375 2973 modum
1408 2931 1830 2985 mensuramque
1857 2932 1950 2969 suc

371 3017 549 3078 perat.
604 3006 676 3061 Et
720 3025 825 3063 non
868 3011 1130 3063 dimittam
1184 3026 1292 3065 eos.
1350 3009 1394 3066 Ο
1431 3011 1942 3064 comminationem!

373 3097 623 3168 Nunquid
662 3100 872 3167 isthzec,
927 3118 1033 3155 non
1080 3102 1340 3154 dimittam
1384 3116 1509 3165 eos,
1554 3111 1776 3179 pr0pter
1798 3109 1953 3153 acter-

2040 2011 2217 2081 ἀνήρ.
2244 2002 2530 2073 Ἐπίτασις
2550 2007 2661 2078 (82)
2689 2006 2783 2060 τοῦ
2805 2003 2998 2066 κακοῦ,
3024 2000 3194 2072 ἄνδρα
3207 1998 3299 2051 τὸν
3324 1993 3626 2067 ἀρχικώτε-

2042 2120 2156 2175 ρον,
2201 2102 2292 2155 τὸν
2336 2101 2671 2172 τελειότερον
2711 2101 2768 2151 ὲν
2808 2099 2874 2167 τῇ
2905 2096 3111 2164 νοήσει,
3155 2087 3527 2157 δυνατώτερον
3565 2086 3625 2138 ὲν

2038 2198 2159 2259 ταῖς
2187 2192 2438 2265 πράξεσι,
2460 2190 2649 2245 τοῦτον
2672 2187 2767 2241 τοῦ
2800 2187 2929 2240 ἰδίου
2959 2183 3268 2253 ἀξιώματος
3297 2175 3629 2265 ἐπιλαθόμε-

2043 2304 2133 2340 νον
2163 2263 2568 2355 ταπεινωθῆναι
2603 2280 2709 2334 ὑπὸ
2736 2279 2797 2332 τὸ
2823 2276 3062 2331 εἴδωλον.
3102 2274 3161 2326 '0
3193 2269 3356 2324 εἰκὼν
3377 2269 3474 2321 καὶ
3499 2263 3630 2328 δόξα

2043 2381 2178 2435 Θεοῦ
2211 2381 2497 2451 ὑπάρχων,
2529 2379 2557 2429 ὁ
2585 2372 2828 2444 κεφαλὴν
2856 2370 2995 2441 ἔχων
3020 2364 3218 2422 ἑαυτοῦ
3247 2364 3338 2417 τὸν
3366 2359 3629 2451 Χριστδν,

2044 2448 2393 2542 ἐταπεινώθη(
2413 2470 2519 2523 ὑπὸ
2552 2468 2612 2521 τὸ
2648 2466 2864 2519 εἴδωλον
2885 2479 2899 2493 ο
2935 2461 3032 2515 καὶ
3075 2458 3251 2512 ταῦτα
3270 2457 3434 2525 ἀνήρ.
3457 2448 3633 2542 Τοῦτό

2046 2568 2163 2618 ἐστι
2192 2564 2291 2633 τῆς
2319 2541 2605 2632 συμφορᾶς
2636 2556 2698 2611 τὸ
2725 2552 3130 2626 χαλεπώτατον.
3163 2550 3227 2601 Εἰ
3253 2547 3364 2617 γὰρ
3394 2541 3632 2608 παιδίον,

2045 2658 2096 2709 εἰ
2149 2655 2260 2728 γὰρ
2324 2653 2495 2724 γυνὴ,
2550 2647 2618 2723 ἦν
2653 2651 2718 2704 ἄν
2743 2664 2828 2711 τις
2871 2645 2950 2718 τῷ
2996 2645 3093 2717 μὲν
3151 2645 3216 2695 ἐκ
3251 2641 3352 2710 τῆς
3392 2634 3633 2728 ἠλιδξίαςι

2047 2750 2116 2820 τῇ
2171 2725 2239 2801 δὲ.
2286 2749 2351 2799 ὲκ
2402 2746 2501 2817 τῆς
2550 2741 2692 2796 κατὰ
2739 2739 2901 2810 φύσιν
2949 2733 3232 2796 ἀσθενείας
3309 2725 3633 2820 συγγνώμη.

2049 2818 2164 2895 Νῦν
2192 2839 2250 2892 δὲ
2278 2838 2419 2908 ἀνὴρ
2450 2832 2810 2904 ἐταπεινώθη,
2841 2830 2871 2884 δ
2901 2830 3081 2882 πᾶσαν
3115 2823 3408 2896 ὑπεραίρει
3440 2818 3636 2891 αἰσχύ-

2050 2949 2149 3003 νης
2193 2928 2525 3001 ὑπερϐολήν.
2559 2927 2667 2979 Καὶ
2693 2926 2764 2978 οὺ
2794 2921 2881 2993 μὴ
2910 2917 3120 2987 ἀνήσω
3156 2916 3398 2981 αὐτούς.
3528 2910 3639 2963 τῶν

2051 3002 2490 3090 ἀπειλουμένωνί
2519 3014 2667 3089 τΑρα
2706 3016 2779 3086 μὴ
2798 3014 2885 3067 διὰ
2911 3013 3009 3083 τὴν
3038 3008 3261 3063 αἰωνίαν
3278 3004 3388 3075 (85)
3417 3002 3641 3057 κόλασιν

2051 3113 2248 3178 ταῦτα,
2286 3115 2369 3166 Οὐ
2406 3109 2486 3179 μὴ
2514 3110 2723 3175 ἀνήσω
2764 3105 3024 3170 αὐτούς;
3055 3103 3200 3164 Ἕως
3227 3099 3336 3170 γὰρ
3366 3092 3645 3164 ἐκληδονί-

375 3204 504 3243 nutn
549 3189 872 3259 supplicium
921 3191 1064 3246 dicta
1116 3190 1282 3245 sunt?
1345 3186 1485 3243 Nam
1531 3191 1656 3244 dum
1688 3190 1948 3243 vaticina-

2064 3205 2234 3270 ζοντο,
2264 3204 2370 3267 ἓως
2403 3202 2663 3272 ἀλλότρια
2689 3198 2853 3253 τέκνα
2874 3194 3181 3267 ὲπλήθυναν
3212 3190 3322 3261 (84)
3352 3187 3482 3259 παρ’
3509 3188 3640 3239 ἑαυ-

376 3288 566 3334 rentur
588 3319 605 3345 ,
649 3281 776 3334 dum
820 3281 962 3349 apud
996 3296 1059 3335 se
1098 3282 1247 3351 ipsos
1280 3279 1418 3335 filios
1448 3279 1657 3335 alienos
1699 3279 1948 3349 multipli-

2064 3300 2189 3361 τοῖς,
2222 3296 2327 3355 ἓως
2354 3294 2619 3364 ἐπτόηντο
2647 3292 2727 3353 εἰς
2759 3288 3044 3360 ἀργύριον,
3072 3286 3178 3348 ἕως
3209 3280 3432 3335 ἱππικὸν
3476 3279 3644 3347 ὲξηρ·

376 3381 585 3438 carent,
626 3370 753 3425 dum
806 3371 1019 3440 argenti
1071 3372 1397 3440 congerendi
1447 3386 1636 3428 amore
1690 3373 1951 3442 percelle-

382 3474 616 3528 rentur,
674 3463 800 3518 dum
851 3474 1159 3534 equestrem
1203 3471 1520 3534 apparatum
1577 3464 1952 3530 instruerent,

382 3555 650 3622 speranda
695 3563 750 3608 et
798 3553 1164 3623 exspectanda
1212 3555 1368 3608 venia
1419 3560 1576 3608 erat:
1606 3569 1729 3607 cum
1773 3561 1953 3606 autem

383 3646 439 3700 in
475 3645 838 3700 idololatriam
871 3645 1132 3699 malorum
1173 3646 1469 3699 maximum
1510 3645 1774 3709 incidunt,
1806 3659 1959 3699 cum-

380 3753 492 3806 que
528 3738 756 3807 propria:
802 3736 1050 3805 dignitati
1106 3753 1213 3791 non
1265 3738 1630 3801 attendentes,
1693 3736 1955 3790 honorem

385 3830 581 3885 honori
620 3829 710 3882 Dei
740 3844 845 3884 non
902 3829 1163 3899 imparem
1206 3829 1499 3883 simulacro
1537 3829 1801 3891 tribuunt,
1848 3844 1952 3880 non

386 3918 657 3976 dimittam
687 3934 796 3972 eos.
825 3919 1004 3988 Atque
1033 3920 1135 3974 hoc
1167 3918 1342 3988 ipsum
1374 3919 1618 3973 beneficii
1652 3918 1771 3973 loco
1799 3917 1963 3971 efﬁcit

388 4009 564 4065 bonus
614 4010 724 4065 ille.
763 4009 899 4064 Cum
943 4010 1086 4064 enim
1129 4011 1285 4064 venia
1318 4010 1625 4079 petulantiae
1653 4011 1869 4063 occasio
1892 4010 1963 4063 sit

389 4114 556 4171 atque
580 4101 843 4165 libidinis,
877 4118 982 4155 non
1020 4101 1283 4154 dimittant
1329 4117 1451 4163 eos;
1507 4111 1562 4154 ut
1598 4100 1815 4154 afﬂictio
1850 4102 1961 4155 sal-

392 4203 497 4251 tem
525 4195 675 4264 ipsos
705 4194 798 4248 Dei
842 4193 1152 4247 meminisse
1183 4204 1360 4261 cogat.
1388 4193 1753 4247 Comminatio
1802 4193 1966 4262 igitur

311 4288 325 4305 '
391 4284 616 4341 minime
665 4293 748 4338 est
794 4284 959 4338 noxia
1003 4301 1016 4336 :
1056 4283 1167 4337 imo
1219 4297 1347 4336 vero
1389 4299 1495 4337 non
1538 4283 1774 4346 dimitti,
1801 4284 1967 4335 ducu-

393 4384 633 4432 mentum
664 4385 745 4430 est
777 4374 1036 4429 salutare.
1073 4373 1188 4430 Non
1230 4376 1375 4428 enim
1402 4384 1455 4429 te
1479 4414 1494 4437 ,
1525 4373 1703 4443 inquit
1730 4414 1745 4438 ,
1781 4374 1969 4426 dimit-

395 4477 529 4531 tam,
560 4483 734 4537 neque
763 4479 814 4521 te
837 4467 1205 4536 derelinquam
1231 4468 1300 4520 “.

465 4559 553 4615 85.
588 4560 749 4613 Vsus.
795 4557 879 4612 10.
924 4557 994 4612 Et
1044 4574 1182 4611 nunc
1221 4557 1557 4628 ingredimini
1594 4557 1649 4610 in
1676 4565 1850 4626 petras
1873 4598 1887 4618 ,
1922 4567 1970 4610 et

465 4700 512 4733 ³³
550 4697 664 4754 Jos.
696 4712 734 4764 ι,
771 4696 824 4754 5.
850 4661 867 4718 ἰ

2058 3392 2284 3456 τύοντο,
2313 3384 2383 3458 ἦν
2423 3387 2578 3449 ἐλπὶς
2602 3385 2695 3439 καὶ
2723 3383 2961 3442 ἀνέσεως
2992 3376 3318 3449 προσδοκίαο
3351 3370 3545 3441 ἐπειδὴ
3584 3366 3645 3421 δὲ

2061 3485 2142 3546 εἰς
2164 3481 2261 3552 τὴν
2282 3475 2722 3547 εἰδωλολατρείαν
2753 3473 2814 3527 τὸ
2842 3471 3071 3542 ἔσχατον
3100 3467 3208 3521 τῶν
3246 3463 3437 3518 κακῶν
3478 3464 3648 3514 ἐκπε-

2067 3574 2340 3635 πτώκασι,
2373 3571 2468 3624 καὶ
2496 3567 2589 3622 τοῦ
2623 3567 2753 3621 ἰδίου
2792 3562 3102 3633 ἀξιώματος
3136 3556 3209 3630 μὴ
3238 3554 3649 3624 αἰσθανόμενοι,

2062 3664 2140 3736 τῷ
2177 3664 2379 3734 εἰδώλῳ
2404 3663 2503 3726 τὰς
2538 3659 2778 3721 ἰσοθέους
2815 3654 2982 3725 τιμὰς
3024 3650 3412 3720 ἀπονέμουσιν,
3450 3647 3536 3698 Οὐ
3558 3643 3651 3736 ,μὴ

2064 3733 2273 3819 οἰκήσω
2291 3733 2533 3817 αὐτούς.
2550 3750 2659 3802 Καὶ
2677 3746 2835 3801 τοῦτο
2854 3745 2963 3816 (85)
2986 3743 3070 3795 ἐπ’
3094 3738 3381 3810 εὐεργεσίᾳ
3397 3733 3653 3827 eamea;

2067 3848 2305 3917 ἐνεργεῖ.
2348 3843 2502 3896 Ἐπεὶ
2535 3841 2645 3912 γὰρ
2685 3842 2717 3911 ἡ
2752 3840 2937 3898 ἄνεσις
2964 3832 3259 3893 ἀκολασίας
3297 3828 3655 3917 ὲπίνμόιερορ-

2072 3939 2147 4010 μὴ
2189 3938 2322 4009 (86),
2369 3937 2451 3989 Οὐ
2476 3934 2561 4005 μὴ
2590 3932 2799 3997 ἀνήσω
2826 3928 3049 3994 αὐτούς
3072 3944 3084 3957 ·
3120 3926 3206 3978 ἵνα
3239 3925 3272 3993 ή
3311 3922 3490 3990 θλίψις
3521 3918 3657 3987 γοῦν

2070 4030 2316 4098 ἀνάγκην
2341 4028 2523 4089 αὐτοῖς
2547 4025 2647 4095 τῆς
2666 4023 2756 4077 τοῦ
2773 4020 2907 4075 Θεοῦ
2942 4020 3161 4090 μνήμης
3187 4015 3465 4087 παράσχῃι
3487 4011 3659 4064 Ὥστε

2070 4120 2170 4173 οὐκ
2197 4118 2395 4188 ἀπειλὴ
2422 4114 2680 4196 βλαϐερὰ,
2724 4111 2860 4167 ἀλλὰ
2893 4107 3236 4176 παιδαγωγία
3282 4107 3552 4175 σωτήριος
3574 4103 3661 4196 Are

2076 4211 2150 4282 μὴ
2184 4210 2461 4278 ἀνεθῆναι.
2496 4206 2569 4260 Οὐ
2597 4193 2672 4277 μὴ
2706 4203 2816 4273 γάρ
2847 4218 2906 4254 σε
2937 4198 3070 4262 ἀνῶ,
3099 4198 3284 4268 φησὶν,
3313 4197 3422 4249 οὐδ’
3452 4196 3512 4248 οὐ
3543 4193 3658 4267 (87)

2072 4304 2150 4373 μή
2183 4317 2241 4353 σε
2276 4298 2644 4370 ἐγκαταλίπω,

2151 4564 2245 4620 85.
2270 4564 2383 4619 Καὶ
2412 4563 2531 4619 νῦν
2555 4561 2857 4617 εἰσέλθετε
2886 4562 2974 4626 εἰς
3001 4556 3109 4625 τὰς
3140 4555 3380 4624 πέτρας,
3402 4550 3503 4606 καί
3521 4550 3665 4605 κού-

469 4815 584 4889 (79)
615 4815 691 4889 Ita
722 4813 893 4889 nostri
940 4827 1035 4889 se;
1078 4827 1219 4889 mss.
1255 4819 1327 4865 At
1366 4810 1519 4874 editi,
1563 4810 1593 4862 6
1630 4807 1873 4879 ἔμψυχος
1902 4807 1948 4860 τε

2064 4826 2221 4865 ινιον.
2252 4807 2406 4863 Haud
2435 4805 2592 4889 longe
2615 4814 2728 4889 tres
2772 4820 2924 4863 mss..
2957 4801 3189 4889 ανήσει,
3231 4795 3389 4851 male.
3424 4793 3531 4847 Alii
3556 4804 3666 4848 tres

398 4882 591 5014 dii/58%?
616 4889 644 4941 ὁ
667 4884 883 4955 λογικὸς
904 4882 982 4954 τῷ
1000 4882 1330 4953 ἀναισθήτῳ.

472 4962 489 5031 (
564 4959 675 5031 )_lta
696 4967 922 5031 uterque
934 4953 1184 5009 Combcf.
1200 4951 1328 5031 _et_al

564 4948 675 5029 )_lta
696 4948 922 5029 uterque
934 4948 1184 5009 Combcf.
1200 4948 1831 5029 _et_alii_qualuorLEditt,‘
1848 4952 1983 5029 μνήτ

402 5018 783 5101 ματιίΝεοΑῑιει
806 5018 974 5101 ῐήιιιιο
1002 5036 1123 5101 post
1150 5018 1608 5101 editi,__a_.icixia':ou
1629 5018 1687 5101 ὃς
1714 5018 1857 5071 οὑδέζ
1877 5018 1984 5075 Sed

400 5093 647 5153 irae-illam
678 5098 738 5159 ὃς
772 5095 897 5150 inde
929 5095 1270 5159 sustulimus,
1306 5093 1566 5145 librorum
1603 5098 1844 5143 veterum
1888 5107 1985 5144 au-

400 5171 652 5223 t-tm-itate
682 5164 880 5221 innixi.

473 5240 583 5307 (8|)
618 5239 694 5292 Ita
737 5246 1007 5307 sexgmss.
1035 5233 1296 5307 Atediti,
1333 5230 1648 5307 ἀνανεῦσαι,
1698 5228 1819 5283 Mox
1850 5229 1986 5307 editi

400 5319 455 5362 et
479 5301 589 5361 duo
617 5322 773 5372 niss.,
808 5304 1060 5377 οὐρανόν.
1098 5304 1203 5359 Alii
1234 5313 1493 5370 quatuor,
1515 5301 1800 5379 οὐοὰνιον,
1826 5301 1986 5377 paulo

402 5379 616 5433 melius.

472 5449 586 5516 (82)
613 5447 848 5517 Additur
879 5444 1146 5517 particula
1167 5438 1223 5517 ᾗ)
1263 5451 1389 5496 ante
1430 5456 1616 5517 vocem
1653 5441 1903 5517 ἐπίτασις
1923 5439 1989 5517 _in

402 5509 799 5586 (Zo'lb.'primo.
832 5509 1035 5571 Ibidem
1067 5516 1119 5568 in
1166 5515 1300 5575 Reg.
1343 5513 1525 5586 tertio.
1570 5529 1665 5580 pro
1708 5512 1890 5583 νοήσει
1922 5509 1993 5563 le-

403 5589 585 5669 gitur).
604 5585 886 5669 (ερονῄσει,
919 5586 1200 5669 prudentia
1228 5585 1672 5669 prws'tant'iorem.

474 5654 590 5728 τεῦ)
617 5649 680 5714 Ἰἱι
713 5649 837 5714 aliis
859 5649 990 5712 mss.
1020 5649 1299 5723 scribitur,
1326 5653 1570 5709 αἰωνίαν·
1601 5655 1651 5707 in
1687 5651 1825 5718 aliis,
1862 5649 1992 5705 αἰώ-

2089 4896 2218 4934 mss.
2251 4893 2372 4931 cum
2413 4879 2591 4939 editis,
2624 4877 2827 4947 ἀνήσω,
2863 4882 3027 4947 recte.
3057 4938 3105 4947 η
3384 4934 3397 4946 ⁸
3443 4943 3456 4947 _
3582 4933 3594 4944 .

2161 4950 2272 5021 (84)
2304 4947 2407 5021 Ubi
2440 4948 2492 5001 in
2525 4938 2683 5000 editis
2705 4938 3261 5021 l'egi'tur,_éiri.ﬁpovov,
3289 4938 3665 5021 scriptitarin-

2089 5005 2337 5073 veninius
2371 5019 2423 5070 in
2457 5024 2691 5084 quatuor
2740 5005 2896 5073 mss“
2930 5005 3255 5081 ὲπλήθυναν·
3289 5007 3341 5060 in
3386 5005 3511 5058 aliis
3538 5019 3667 5058 vero

2091 5088 2322 5150 duobus,
2349 5085 2731 5156 ὲπληθύνοντο.
2970 5153 2979 5156 _
3483 5140 3524 5156 .,
3597 5141 3609 5151 .

2165 5140 2277 5228 (85)
2309 5140 2403 5213 Sic
2460 5140 2593 5211 mss.
2648 5157 2904 5228 qtiinqtte.
2957 5153 3025 5203 At
3071 5159 3258 5228 nostra
3290 5143 3456 5228 editio
3483 5140 3660 5194 Paris.

2084 5214 2205 5285 cum
2242 5214 2376 5298 Reg.
2407 5230 2603 5294 primo,
2633 5214 2848 5288 τοῦτον,
2873 5237 2977 5298 non
3011 5219 3142 5273 satis
3175 5214 3487 5298 emendate.

2389 5279 2628 5371 quatuor
2655 5311 2808 5371 ‘mss.
2835 5279 3664 5371 ἐοτὶρευιιιητερρςξψξηᾷρχῇο

2086 5355 2266 5439 sitque,
2306 5355 2541 5421 libidinis
2585 5365 2921 5439 principium.
2959 5355 3077 5413 Nec
3102 5359 3176 5412 ita
3204 5357 3370 5411 multo
3404 5361 3530 5423 post
3562 5355 3664 5403 ali-

2087 5432 2219 5510 quid
2247 5454 2402 5510 m§s-.
2438 5440 2657 5507 μνήμης
2685 5432 3004 5510 παρᾴσχοιε
3194 5497 3234 5510 ..

2162 5486 2402 5581 (ἐπ’)’ἱῐὲ
2422 5486 2741 5563 ἑὲῖἱιόἑιτι
2762 5486 2909 5558 fibri"
2924 5509 3158 5556 veteres.
3194 5493 3341 5553 Editi
3374 5504 3542 5558 vero,
3576 5486 3667 5541 οὑ-
