3828 6216
443 267 553 325 259

1394 262 1741 320 APPENDIX
1778 262 2067 321 OPERUM
2109 263 2167 319 S.
2212 261 2458 320 BASILII
2497 262 2734 322 MAGNI.

3615 263 3726 320 260

443 401 566 443 sum
616 383 834 440 suaderi
889 392 1131 453 putares,
1163 379 1365 451 adjecit
1402 381 1571 437 illud:
1629 380 1784 436 Oculi
1823 380 2033 435 Domini

2139 379 2235 451 τὴν
2254 381 2363 435 ἀπὸ
2390 379 2525 434 Θεοῦ
2547 377 2893 452 ἆναχώρησιν
2923 381 3328 453 συμϐουλεύειν,
3361 382 3616 451 ἐπήγαγε
3637 386 3725 443 τὸ,

442 477 714 542 sublimes,
750 476 906 529 homo
934 485 1109 528 autem
1139 472 1371 526 Immitis.
1401 471 1546 525 Nihil
1566 488 1756 528 eorum
1790 487 1913 543 qua:
1944 471 2029 525 in-

442 566 527 622 fra
553 572 841 637 geruntur,
886 563 1015 617 latet
1057 578 1205 628 eum,
1251 561 1345 632 qui
1388 575 1420 616 e
1452 562 1675 617 sublimi
1723 562 2027 632 despectat,

446 672 574 712 cum
606 655 710 711 sub
762 654 885 725 ejus
937 661 1217 724 aspectum
1269 654 1493 708 veniant
1542 653 1747 719 omnia,
1784 652 2031 722 nihilque

440 739 589 799 illius
613 746 790 801 ocul-is
821 746 1074 801 tenebras
1099 744 1359 800 oﬂendat.
1396 744 1445 797 Η
1455 744 1631 798 umilis
1651 753 1826 797 autem
1852 744 2031 809 homo;

448 835 536 903 qui
558 835 644 888 vel
675 850 735 890 se
765 836 881 905 ipse
912 850 1013 905 pro
1043 835 1214 889 nihilo
1236 834 1563 898 ducit,.cum
1600 850 1658 888 se
1690 833 1888 887 divinae
1918 847 2034 885 ma-

446 928 625 997 iestati
680 935 984 996 comparat,
1038 927 1123 982 vel
1170 927 1265 997 qui
1312 936 1660 996 arrogantem
1711 925 2035 995 superbien-

448 1029 663 1089 temque
681 1018 938 1089 spiritum
967 1019 1223 1089 deposuit
1269 1034 1365 1088 per
1405 1018 1757 1083 modestiam,
1790 1018 1876 1072 vel
1908 1027 2033 1070 tan-

447 1110 565 1165 dem
610 1111 705 1180 qui
737 1126 835 1180 per
866 1119 1153 1179 peccatum
1198 1126 1231 1165 a
1266 1110 1501 1181 pristina
1546 1125 1649 1165 sua
1700 1109 2033 1164 celsitudine

450 1218 508 1259 se
550 1201 731 1271 ipsum
781 1201 998 1271 dejccit.
1048 1203 1117 1256 Et
1174 1204 1538 1257 humiliabitur
1577 1201 1802 1255 altitudo
1860 1201 2033 1253 homi-

451 1312 594 1349 num.
623 1293 681 1348 In
705 1295 1084 1365 superioribus
1113 1310 1268 1349 suam
1302 1292 1623 1347 humiliabat
1652 1290 2035 1345 celsitudinem

449 1388 632 1452 homo,
696 1402 760 1442 ac
813 1387 1240 1457 reprehensione
1290 1397 1408 1441 erat
1469 1385 1696 1455 dignus:
1764 1384 2034 1453 siquidem

448 1476 751 1533 Incuivavit
791 1495 845 1533 se
879 1481 1053 1542 homo,
1095 1488 1143 1532 et
1178 1478 1487 1531 humiliatus
1509 1487 1583 1531 est
1624 1478 1722 1530 rir.
1763 1475 1862 1529 Hie
1906 1490 2035 1530 vero

444 1570 733 1625 humilitas
762 1577 846 1625 est
887 1569 1159 1640 perutilis.
1189 1570 1322 1623 Cum
1355 1569 1501 1623 enim
1541 1584 1714 1623 vanus
1743 1568 2036 1638 deponitur

448 1663 645 1726 fastus,
669 1680 904 1734 cumque
928 1664 996 1718 ab
1025 1664 1263 1718 elatione
1284 1674 1339 1718 et
1369 1678 1400 1717 a
1424 1663 1661 1732 superba
1685 1662 2031 1725 celsitudine,

2135 476 2199 527 Οἱ
2226 472 2519 542 ὀφθαλμοὶ
2563 472 2785 539 Κυρίου
2815 473 3062 541 ὑψηλοὶ,
3100 477 3132 528 ό
3168 473 3236 526 δὲ
3265 473 3580 541 ἅνθρωπος
3617 489 3692 525 τα
3712 502 3725 512 ο

2131 565 2355 628 ⁴πιιεινός.
2381 562 2483 616 Τὸν
2515 561 2573 628 ἐξ
2596 561 2763 631 ὕψους
2790 564 3234 619 ἀποσκοπεὺοντα
3254 565 3404 618 οὐδὲν
3428 563 3540 617 τῶν
3566 564 3723 617 κάτω

2132 638 2406 717 λανθάνει,
2440 652 2657 705 πάντων
2692 653 2782 705 ὑπ’
2817 654 2940 723 όψιν
2970 655 3160 719 ὄντων,
3194 658 3289 709 καὶ⁸
3326 654 3552 726 μηδενὸς
3596 656 3718 707 ἐπι-

2135 742 2451 806 σκοτοῦν-τος
2471 745 2583 806 τοῖς
2612 742 2784 813 ὀφθαλ
2792 748 2933 815 μοῖς.
2974 749 3256 812 Ταπεινές
3282 745 3350 798 δὲ
3385 745 3720 813 ἅνθρωπος,

2132 835 2166 905 ἦ
2199 837 2228 889 ὁ
2257 838 2323 906 τῇ
2363 836 2646 905 συγκρίσει
2689 837 2789 907 τῆς
2833 837 2924 890 τοῦ
2958 838 3092 892 Θεοῦ
3135 838 3612 910 μεγαλοπρεπείας
3659 836 3723 889 τὸ

2139 927 2303 997 μηδὲν
2326 928 2518 980 ἑαυτὸν
2542 926 2891 998 λογιζόμενος
2910 947 2923 959 ο
2950 929 2983 999 ἢ
3017 932 3045 983 ὁ
3081 929 3169 984 διὰ
3201 929 3623 1000 μετριοπάθειαν
3660 927 3723 981 τὸ

2135 1016 2442 1082 ἀλοζονικὸν
2468 1018 2800 1088 ἀποθέμενος
2830 1020 3081 1091 φρόνημα
3099 1037 3112 1050 ·
3154 1020 3188 1091 ἡ
3217 1021 3246 1073 ό
3281 1019 3368 1073 διὰ
3395 1019 3496 1088 τῆς
3531 1020 3719 1090 ἁμαρ-

2133 1109 2255 1173 τίας
2278 1110 2342 1163 ἐκ
2372 1109 2467 1162 τοῦ
2493 1112 2758 1184 προτέρου
2792 1111 2959 1181 ὕψους
2987 1112 3173 1164 ἑαυτὸν
3200 1112 3564 1183 καταρῤίψας.
3608 1111 3721 1165 Καὶ

2135 1203 2635 1271 ταπεινωθήσεται
2674 1204 2740 1257 τὸ
2776 1204 2932 1273 ὕψος
2965 1202 3084 1257 τῶν
3106 1205 3449 1272 ἀνθρώπων.
3489 1205 3581 1258 Ἑν
3604 1207 3723 1268 τοῖς

2136 1292 2364 1346 κατόπιν
2388 1293 2448 1346 τὸ
2474 1292 2607 1361 ὕψος
2644 1294 3012 1358 ἐταπεινοῦτο,
3044 1294 3135 1347 καὶ
3159 1294 3490 1365 κατηγορίας
3518 1280 3669 1361 ἄξιος
3693 1298 3724 1348 ὁ

2138 1381 2452 1453 ἄνθρωπος·
2492 1383 2726 1449 Ἐκυψε
2758 1382 2864 1453 γὰρ
2892 1380 3223 1449 ἅνθρωπος,
3270 1384 3371 1436 καὶ
3403 1382 3724 1437 ἐταπεινώ-

2136 1478 2208 1543 θη
2235 1474 2410 1544 ἀνήρ.
2459 1473 2720 1528 Ἐνταῦθα
2759 1474 2815 1528 δὲ
2861 1475 3138 1545 ὠφέλιμος
3184 1476 3597 1546 ἡταπείνωσις.
3655 1477 3721 1529 'iI

2135 1569 2244 1639 γὰρ
2274 1568 2533 1631 ἀπόθεσις
2574 1566 2669 1621 τοῦ
2711 1567 2941 1637 ματαίου
2983 1568 3348 1639 φρονήματος,
3389 1568 3484 1621 καὶ
3533 1569 3569 1637 ἡ
3613 1568 3723 1621 ἀπὸ

2137 1657 2229 1711 τοῦ
2274 1657 2590 1728 ἐπάρματος
2637 1658 2731 1712 καὶ
2772 1657 2937 1727 ὕψους
2966 1656 3285 1721 ἀλαζονικοῦ
3329 1658 3426 1712 καὶ
3453 1659 3724 1728 οἰήματος

449 1772 661 1810 necnon
712 1772 743 1810 a
792 1771 931 1810 vana
984 1756 1051 1811 de
1075 1772 1134 1812 se
1184 1755 1588 1812 existimatione
1638 1753 1706 1806 ad
1752 1753 2032 1822 proprium

2139 1725 2397 1801 διακένου-
2417 1725 2551 1819 πρὸς
2578 1747 2675 1819 τὴν
2707 1725 2911 1802 οἰκείαν
2944 1748 3100 1813 ἀξίαν
3130 1750 3408 1815 ἐπάνοδος,
3452 1725 3724 1803 ταπείνωο

431 1850 702 1916 meritum
735 1857 790 1904 et
817 1849 1187 1904 conditionem
1221 1847 1453 1908 reditur,
1476 1847 1591 1900 hanc
1623 1852 1708 1900 est
1735 1843 1901 1916 439
1928 1844 2033 1896 hu-

448 1942 651 1995 militas
678 1940 984 1995 laudabilis.
1014 1939 1172 2003 Nam,
1221 1939 1267 1993 si
1297 1938 1644 2008 confugerint
1684 1937 1925 2005 quipiam
1966 1934 2036 1988 ad

448 2044 681 2104 petram,
706 2049 769 2088 ac
793 2041 1075 2104 sperantes
1108 2039 1515 2088 rcsurrecturos
1545 2046 1605 2085 se
1632 2044 1760 2083 cum
1793 2028 2033 2092 Christo,

448 2127 505 2181 in
537 2135 683 2182 terra
717 2143 921 2197 corpus
959 2142 1119 2181 suum
1165 2126 1270 2180 sibi
1314 2125 1574 2184 subdant,
1611 2121 1929 2176 altitudines
1967 2122 2037 2175 ab

447 2219 766 2289 insipientia
799 2227 939 2272 natae
985 2218 1303 2280 concidunt,
1350 2231 1701 2286 przecepsque
1754 2215 1866 2268 ruit
1898 2229 2037 2270 vana

449 2326 549 2366 sua
580 2310 647 2365 de
677 2325 738 2364 se
769 2310 904 2379 ipsis
942 2310 1162 2379 Opinio;
1197 2323 1325 2361 vera
1358 2314 1538 2361 autem
1580 2304 1895 2361 testificatio
1924 2305 2038 2361 cel-

451 2404 713 2459 situdinis
740 2403 852 2457 Deo
876 2403 978 2457 soli
1002 2402 1070 2456 ab
1100 2401 1234 2470 ipsis
1266 2400 1529 2455 defertur.

521 2492 610 2546 87.
648 2490 712 2544 Et
737 2491 1060 2545 exaltabitur
1090 2490 1347 2543 Dominus
1381 2490 1523 2543 solus
1561 2489 1618 2542 in
1655 2490 1739 2542 die
1771 2486 1886 2541 illa.
1912 2485 2037 2540 Vel-

451 2582 534 2636 uti
586 2581 652 2635 ad
687 2590 872 2636 notam
921 2582 1086 2645 diem,
1129 2592 1185 2636 et
1228 2596 1349 2651 quae
1380 2581 1433 2635 in
1472 2580 1729 2637 confesso
1776 2580 1848 2635 sit
1895 2578 2039 2649 apud

451 2682 666 2732 omnes,
704 2666 990 2737 Scriptura
1037 2683 1140 2723 nos
1185 2669 1435 2722 remittit.
1476 2666 1542 2722 In
1585 2669 1668 2721 die
1698 2668 1814 2733 illa,
1844 2682 2039 2737 nempe

454 2757 671 2812 dierum
693 2759 939 2810 omnium
972 2757 1363 2826 ultima,quam
1392 2772 1567 2827 neque
1598 2772 1706 2811 nox
1737 2756 2050 2827 intercidit,

428 2842 431 2845 λ
457 2862 637 2916 neque
665 2853 882 2916 tempus
907 2846 1340 2902 circumscribit:
1369 2848 1457 2901 cui
1485 2862 1659 2917 neque
1684 2847 2035 2917 principium,

459 2954 640 3009 neque
674 2938 834 2994 finem
877 2939 971 2992 lux
1013 2952 1276 3007 corporea
1305 2939 1528 3008 praebet,
1565 2938 1659 2993 sed
1705 2954 1813 2992 una
1839 2946 1924 2993 est
1951 2938 2037 2992 sui

2137 1837 2221 1900 σίς
2255 1838 2404 1891 ἐστιν
2450 1838 2728 1908 ἐπαινετή.
2775 1838 2895 1891 Τῶν
2922 1837 3031 1910 γὰρ
3055 1840 3477 1910 προσφυγόντων
3512 1838 3628 1910 (95)
3654 1842 3721 1910 τῇ

2136 1929 2331 1998 πέτρᾳ,
2367 1929 2461 1980 καὶ
2512 1929 2571 1981 ἐν
2612 1931 2678 1999 τῇ
2723 1931 2793 2000 γῇ
2834 1929 3043 1983 ἑαυτῶν
3081 1932 3419 2001 ποιησάντων
3466 1930 3531 1984 τὸ
3562 1933 3724 2002 σῶμα

2135 2019 2193 2071 ἐν
2251 2018 2424 2072 ἐλπίδι
2483 2017 2585 2089 τῆς
2628 2020 2764 2090 μετὰ
2812 2021 3050 2092 Χριστοῦ
3099 2023 3470 2087 ἀναστάσεως,
3529 2024 3723 2078 πίπτει

2139 2109 2237 2178 μὲν
2275 2108 2346 2160 τὰ
2390 2107 2449 2173 ἐξ
2500 2108 2724 2177 ἀλογίας
2782 2110 3071 2181 ὑψώματα,
3139 2113 3233 2167 καὶ
3301 2115 3334 2184 ἠ
3400 2113 3528 2185 περὶ
3596 2116 3724 2166 ἐαυ-

2134 2197 2241 2250 τῶν
2276 2198 2544 2269 ὑπόληψις
2578 2200 2757 2254 αὐτῶν
2793 2201 3029 2271 ματαίαο
3083 2204 3467 2275 ἀναπέμπεται
3495 2204 3555 2258 δὲ
3588 2206 3722 2275 παρ’

2135 2287 2314 2343 αὐτῶν
2381 2288 2526 2362 μόνῳ
2593 2290 2674 2363 τῷ
2734 2291 2854 2364 Θεῷ
2918 2295 2952 2365 ἡ
3015 2294 3221 2367 ἀληθὴς
3281 2297 3556 2369 μαρτυρία
3624 2294 3722 2351 τοῦ

2137 2375 2328 2448 ὕψους.

2150 2512 2161 2526 ι
2209 2490 2298 2545 87.
2333 2488 2446 2544 Καὶ
2469 2492 2855 2562 ὑψωθήσεται
2886 2496 3101 2564 Κύριος
3115 2499 3304 2565 μόνος
3334 2497 3404 2551 ἐν
3431 2497 3510 2567 τῆ
3531 2498 3724 2569 ἡμέρᾳ

2135 2581 2357 2651 ἐκείνῃ.
2398 2582 2485 2647 Ὠς
2517 2585 3019 2658 ἐπιγινωσκομένην
3049 2589 3283 2659 ἡμέραν,
3328 2590 3422 2643 καὶ
3452 2591 3557 2643 ὑπὸ
3593 2592 3723 2646 πάνυ

2134 2689 2242 2727 των
2271 2674 2703 2746 ὁμολογουμένην
2724 2678 2753 2729 ὁ
2777 2678 2934 2747 λόγος
2960 2681 3105 2750 ἡμᾶς
3135 2679 3470 2751 ἀναπέμπει.
3519 2683 3626 2760 Ἑν
3649 2682 3724 2753 τῇ

2136 2762 2327 2831 ἡμέρᾳ
2362 2764 2586 2835 ἐκείνῃ,
2623 2771 2690 2839 τῇ
2738 2769 2943 2843 ἐσχάτῃ
2978 2770 3166 2824 πασῶν
3205 2772 3448 2842 ἡμερῶν,
3493 2775 3561 2844 ἠν
3600 2774 3725 2829 οὕτε

2136 2851 2232 2917 νὺξ
2265 2853 2564 2919 διακόπτει,
2608 2858 2670 2910 οὑ
2713 2859 2904 2930 χρόνος
2942 2860 3264 2934 περιορίζει,
3302 2862 3362 2914 οὑ
3413 2866 3726 2933 σωματικὸν

2139 2945 2254 3014 φῶς
2289 2947 2464 3019 ἀρχὴν
2510 2949 2646 3019 αὑτῇ
2683 2950 2911 3023 παρέχει
2952 2954 3045 3005 καὶ
3068 2952 3241 3017 τέλος,
3270 2953 3407 3007 ἀλλὰ
3442 2955 3542 3025 μία
3579 2958 3726 3011 ἐστὶν

458 3029 685 3092 similis,
746 3028 1073 3094 immobilis,
1122 3042 1349 3097 vespere
1398 3043 1635 3093 carens,
1692 3028 2033 3084 successioni

2139 3038 2301 3109 ὁμοία
2324 3040 2461 3111 πρὸς
2482 3042 2702 3113 ἑαυτὴν,
2733 3043 3009 3113 ἀκίνητος,
3042 3044 3362 3116 ἀνέσπερος,
3387 3046 3724 3112 ἁδιάδεκτος.

458 3120 606 3177 haud
627 3121 880 3176 obnoxia.
904 3119 1092 3189 itaque
1130 3119 1186 3172 in
1210 3121 1293 3172 die
1314 3118 1410 3171 illa
1435 3119 1762 3173 exaltabimr
1790 3120 2039 3175 Dominus

454 3214 621 3278 notus,
656 3226 781 3266 cum
816 3212 996 3266 omnis
1027 3209 1392 3280 superborum
1422 3210 1585 3264 elatio
1619 3225 1683 3263 ac
1715 3209 1887 3264 fastus
1911 3226 2043 3265 con-

455 3301 622 3358 cidet.
658 3301 928 3357 Caeterum
965 3316 1181 3356 omnem
1213 3300 1499 3356 beatarum
1529 3302 1792 3354 virtutum
1822 3302 2042 3356 clarita-

457 3403 565 3449 tem
603 3393 1091 3465 przestantissimus
1117 3392 1302 3463 gloriae
1328 3393 1471 3447 illius
1502 3393 1759 3463 splendor
1791 3394 1958 3448 vincit
1985 3403 2041 3449 et

456 3485 739 3543 obscurat.
786 3483 913 3539 Sive
946 3482 1109 3538 fuerit
1137 3486 1420 3554 propheta,
1452 3485 1567 3539 sive
1592 3485 1889 3553 apostolus,
1926 3486 2042 3541 sive

459 3577 658 3629 fuerint
697 3584 902 3630 sancta:
935 3582 990 3629 et
1025 3576 1279 3640 cmlestes
1314 3583 1648 3643 potestates;
1679 3576 1769 3630 ubi
1801 3578 2040 3646 primum

456 3665 864 3735 ensplenduerit
892 3680 1019 3720 vera
1068 3666 1159 3718 illa
1189 3666 1481 3730 celsitudo,
1512 3654 1695 3720 omnia
1730 3668 1956 3723 humilia
1986 3679 2041 3724 et

457 3757 669 3824 abjecta
721 3755 1110 3810 ccnsebuntur.
1168 3755 1411 3824 ldipsum
1463 3757 1608 3827 quod
1663 3757 1866 3812 dicitur
1920 3760 2037 3823 tibi,

455 3860 664 3916 qumso,
686 3844 825 3913 finge
848 3845 917 3898 ab
945 3845 1192 3913 exemplo
1218 3847 1456 3914 quodam
1488 3862 1554 3901 ex
1592 3849 1779 3902 saeculi
1815 3864 1918 3904 usu
1945 3849 2040 3905 de-

456 3945 694 4005 sumpto.
744 3936 826 3988 Sit
871 3936 1053 4005 aliqua
1082 3938 1456 4005 operariorum
1490 3941 1773 3994 hominum
1819 3941 2037 4007 civitas,

453 4029 548 4100 qui
601 4044 667 4081 ex
698 4042 861 4097 opere
902 4028 1222 4097 quotidiano
1263 4030 1351 4084 vix
1400 4031 1525 4086 vita:
1578 4034 1892 4089 necessaria
1930 4034 2039 4090 sibi

454 4129 800 4190 comparent:
826 4119 934 4172 siut
962 4135 1157 4175 rursus
1186 4121 1276 4176 hic
1302 4122 1470 4192 aliqui
1501 4123 1623 4178 aliis
1647 4125 2039 4194 supramodum

457 4212 785 4282 pauperibus
822 4211 1213 4280 npulcntiores,
1250 4212 1345 4283 qui
1386 4214 1609 4269 interim
1639 4216 1708 4271 ab
1736 4216 1859 4271 istis
1886 4231 2039 4271 men-

455 4304 595 4358 dicis
644 4304 1008 4374 prmdiccntur
1052 4304 1218 4369 beati,
1274 4320 1339 4359 ac
1386 4307 1780 4376 suspiciantur.
1832 4308 2037 4364 Deinde

2155 3127 2257 3183 Ἐν
2279 3125 2372 3184 οὑν
2399 3130 2474 3199 τῇ
2501 3132 2690 3201 ἡμέρᾳ
2721 3134 2830 3206 (96)
2864 3135 3065 3205 ἐκείνῃ
3099 3137 3485 3205 ὑψωθήσεται
3508 3140 3724 3208 Κύριος

2135 3220 2354 3290 μόνος·
2401 3224 2490 3276 ὅτε
2538 3228 2780 3279 πεσεῖται
2817 3227 2916 3297 μὲν
2963 3229 3072 3280 πᾶν
3110 3227 3473 3300 ὑπερηφάνων
3526 3230 3725 3302 φρόνηο

2144 3333 2222 3387 μα
2240 3333 2256 3349 ο
2301 3319 2450 3371 πᾶσα
2471 3318 2526 3372 δὲ
2547 3318 2869 3391 λαμπρότης
2902 3322 3010 3376 τῶν
3043 3323 3326 3393 μακαρίων
3354 3324 3641 3395 δυνάμεων
3660 3328 3725 3397 τῇ

2141 3408 2413 3479 ὑπερϐολῇ
2435 3409 2544 3463 τῶν
2574 3411 2951 3482 μαρμαρυγῶν
2969 3413 3067 3482 τῆς
3088 3412 3247 3484 δόξης
3276 3414 3493 3485 ἐκείνης
3523 3415 3725 3485 ἐναφαο

2139 3499 2362 3564 νίζεται.
2394 3500 2512 3553 Κᾶν
2546 3504 2828 3574 προφήτης
2856 3499 2911 3575 ᾗ,
2952 3503 3056 3557 κᾶν
3088 3504 3405 3569 ἀπόστολος,
3442 3504 3548 3558 κᾶν
3576 3506 3725 3575 ἅγιαι

2137 3590 2396 3661 δυνάμεις
2433 3586 2534 3644 ῶσι
2568 3592 2664 3645 καὶ
2694 3594 3050 3665 ὑπερκόσμιοι
3070 3612 3083 3625 ·
3117 3596 3445 3664 ἐκφανέντος
3470 3596 3569 3650 τοῦ
3598 3598 3704 3668 ἀλη

2140 3679 2287 3733 θινοῦ
2335 3679 2524 3749 ὕψους,
2570 3681 2753 3736 πάντα
2790 3671 3020 3737 ταπεινὰ
3070 3683 3472 3756 λογισθήσεται.
3511 3688 3727 3759 Νόησόν

2143 3788 2233 3842 μοι
2290 3773 2397 3826 ἀπό
2436 3790 2584 3837 τινος
2610 3762 2723 3827 τῶν
2769 3774 2910 3827 κατὰ
2939 3775 3031 3828 τὸν
3070 3775 3183 3845 βίον
3224 3777 3630 3848 ὑποδείγματος
3670 3781 3727 3835 τὸ

2138 3863 2446 3933 λεγόμενον.
2482 3865 2661 3918 Ἔστω
2702 3882 2786 3930 τις
2819 3866 2974 3930 πόλις
3022 3869 3377 3939 χειροτεχνῶν
3408 3871 3628 3941 ἀνδρῶν
3666 3875 3726 3926 ἐκ

2138 3955 2237 4025 τῆς
2265 3955 2350 4023 ἐφ’
2379 3956 2592 4027 ἡμέραν
2624 3956 2737 4026 (97)
2766 3958 3031 4027 ἐργασίας
3070 3959 3222 4029 μόλις
3254 3959 3321 4013 τὰ
3350 3962 3633 4031 ἀναγκαῖα
3662 3964 3725 4017 τὰ

2141 4044 2277 4114 πρὸς
2309 4044 2400 4097 τὸν
2433 4043 2542 4113 βίον
2574 4044 2948 4117 ποριζομένων
2967 4064 2981 4077 ·
3025 4044 3161 4101 εἶναι
3197 4049 3256 4102 δέ
3288 4067 3439 4114 τινας
3489 4053 3724 4107 ἐνταῦθα

2135 4133 2245 4187 τῶν
2279 4134 2401 4187 καθ’
2434 4135 2742 4208 ὑπερσολὴν
2783 4139 3031 4209 πενήτων
3067 4139 3496 4211 εὐπορωτέρους,
3545 4162 3722 4215 μακα-

2139 4225 2454 4297 ριζομένους
2487 4227 2626 4292 τέως
2658 4228 2763 4281 ὑπὸ
2794 4229 2903 4283 τῶν
2944 4234 3336 4302 πτωχευόντων
3365 4237 3462 4288 καὶ
3490 4237 3722 4291 ἀποϐλε-

2137 4316 2436 4386 πομένους·
2469 4311 2588 4369 εἶτα
2627 4317 2964 4388 ἐπιδημῆσαι
3005 4337 3127 4373 τινα
3160 4324 3224 4391 τῇ
3270 4322 3421 4377 πόλει
3479 4325 3723 4395 βασιλέα,

453 4408 550 4447 rex
601 4392 869 4463 quispiam
914 4393 969 4447 in
1016 4392 1157 4448 hanc
1198 4394 1454 4450 adveniat
1497 4395 1804 4462 civitatem,
1850 4414 2033 4469 regum

2144 4404 2360 4458 πάντων
2395 4404 2660 4475 βασιλέων
2695 4406 3119 4473 πλουσιώτατον,
3150 4410 3318 4465 πολὺν
3346 4412 3445 4483 μὲν
3472 4392 3565 4468 τὸν
3592 4433 3722 4487 χρυ-

451 4482 695 4538 omnium
722 4481 1050 4547 ditissimus,
1085 4484 1178 4553 qui
1204 4485 1434 4537 multum
1459 4485 1658 4540 habeat
1683 4487 1803 4540 auri
1841 4503 2037 4559 argen-

453 4575 621 4643 tique,
652 4581 705 4627 et
729 4574 930 4629 multos
960 4574 1168 4645 |apides
1191 4575 1482 4645 pretiosos,
1511 4577 1650 4634 alios
1672 4580 1841 4651 regali
1867 4596 2035 4635 orna-

451 4675 635 4721 mento
665 4668 901 4723 intextas
965 4668 1102 4722 alios
1150 4669 1217 4722 ad
1251 4671 1675 4726 ostentationem
1725 4674 2029 4743 expositos.

452 4755 534 4811 Sit
561 4758 795 4812 vestium
822 4758 968 4812 illius
1003 4758 1269 4827 immensa
1297 4759 1543 4829 quwdam
1591 4762 1936 4828 pulchritudo
1964 4781 2030 4821 ac

449 4850 607 4919 copia
652 4850 965 4919 singularis.
1000 4849 1230 4918 Superet
1258 4867 1545 4906 numerum
1584 4851 1909 4910 famulorum
1941 4872 2030 4912 sa-

447 4941 789 5011 tellitumque
812 4949 1024 4997 turma:
1058 4943 1359 5012 impensam
1391 4943 1554 4997 faciat
1585 4945 2025 5005 inenarrabilem.

450 5030 524 5084 Ea
552 5031 624 5085 sit
650 5033 983 5086 camelorum
1019 5040 1074 5088 et
1111 5033 1383 5087 mulorum
1412 5033 1633 5091 divitias
1671 5039 2028 5111 sarcinasque

444 5123 848 5191 exportantium
877 5122 1192 5189 multitudo,
1220 5137 1341 5193 qua:
1380 5126 1657 5179 numerari
1689 5143 1796 5183 non
1835 5133 2024 5200 possit.

2141 4494 2233 4549 σὸν
2261 4495 2474 4567 ἔχοντα,
2504 4498 2670 4551 πολὺν
2697 4497 2756 4551 δὲ
2794 4499 2885 4552 τὸν
2918 4501 3179 4573 ἄργυρον,
3207 4503 3433 4569 πολλοὺς
3458 4505 3516 4558 δέ
3544 4507 3721 4573 λίθους

2134 4586 2243 4639 τῶν
2278 4586 2680 4659 πολυτιμήτων,
2712 4590 2839 4651 τοὺς
2869 4590 2966 4659 μὲν
2989 4592 3047 4643 ἐν
3079 4590 3157 4661 τῷ
3183 4592 3372 4664 κόσμῳ
3411 4594 3490 4665 τῷ
3516 4596 3722 4667 βασιλι-

2135 4676 2217 4746 κῷ
2250 4678 2652 4749 ἐπικειμένους,
2688 4678 2815 4742 τοὺς
2846 4678 2901 4732 δὲ
2931 4681 3012 4743 εἰς
3040 4681 3299 4746 ἐπίδειξιν
3342 4686 3721 4761 προϐεϐλημέ-

2134 4784 2277 4832 νους,
2307 4768 2531 4838 ἐσθῆτός
2574 4786 2627 4822 τι
2661 4770 2857 4833 κάλλος
2901 4772 2998 4826 καὶ
3025 4773 3229 4843 πλῆθος
3268 4775 3378 4845 (98)
3417 4778 3720 4850 ἀμήχανον,

2133 4858 2359 4911 οἰκετῶν
2393 4860 2489 4912 καὶ
2522 4859 2834 4930 δορυφόρων
2870 4861 3073 4931 πλῆθος
3103 4864 3335 4936 ἀριθμὸν
3374 4868 3719 4940 ὑπερξαῖνον.

2131 4950 2379 5021 δαπάνην
2408 4951 2709 5022 ἀμύθητον,
2746 4953 3011 5023 καμήλων
3046 4957 3142 5009 καὶ
3166 4958 3403 5028 ἡμιόνων
3439 4961 3722 5036 ἀμύθητόν

2132 5061 2185 5096 τι
2218 5045 2408 5116 χρῆμα
2439 5045 2530 5097 τὸν
2561 5044 2785 5100 πλοῦτον
2812 5049 3332 5117 σκευαγωγούντων,
3355 5052 3559 5118 ἵππους
3595 5076 3719 5128 χρυ,

2134 5135 2215 5190 σῶ
2245 5137 2340 5191 καὶ
2365 5137 2604 5210 τάπησιν
2634 5136 2917 5209 ἁλουργοῖς
2949 5144 3569 5215 κατακεκοσμημένους,
3599 5154 3721 5215 τοὶς

514 5317 826 5419 (ἓξῖὶιῐσῖιιίιί,
851 5321 1322 5391 ποοσφευγόντων.
1352 5323 1424 5379 At
1462 5341 1593 5383 mss.
1628 5344 1747 5398 sex,
1776 5349 2021 5405 προσφυο

2139 5333 2445 5419 τρημέραςη
2480 5334 2583 5419 Alii
2622 5346 2856 5419 quatuor
2885 5355 3042 5419 mss"
3086 5339 3299 5412 ἀνδρῶν
3346 5342 3434 5413 ἐφ’
3480 5344 3719 5419 ἡμέραν.

444 5388 667 5455 γόντων.

516 5458 826 5539 (96)__E_d_iti,
856 5458 950 5513 οὖν
973 5461 1161 5533 ἡμέρα
1188 5464 1277 5539 τῇ.
1305 5463 1376 5517 At
1411 5482 1544 5523 mss.
1574 5485 1665 5525 sex
1692 5474 1767 5528 uti
1799 5473 1853 5527 in
1889 5489 2023 5529 con-

440 5533 613 5650 ξιξῖιι.
639 5528 837 5650 Ιόιξάοιιι
864 5542 974 5599 tres
997 5528 1154 5597 nisi,
1184 5528 1277 5586 ὅ·ὲέ
1310 5539 1573 5597 πεσεῖται.
1601 5542 1707 5597 Alii
1733 5559 1864 5599 mss.
1898 5528 2020 5600 cum

512 5610 529 5666 t
558 5613 624 5666 is,
715 5615 755 5655 t.

511 5665 626 5737 (97)
655 5667 909 5738 Editi,.’.¢
924 5687 1023 5741 της
1054 5671 1378 5749 ὲφημερίου.
1404 5676 1536 5753 Reg.
1565 5682 1775 5741 tertius.
1812 5686 1879 5738 ἐκ
1916 5684 2021 5752 τῆς

2129 5405 2519 5474 itemqui-rtus
2556 5407 2652 5470 ita,
2686 5417 2743 5459 ut
2772 5405 3064 5467 edidimus.

2202 5473 2328 5552 (98ιΔ
2353 5475 2505 5552 illud,
2546 5478 2641 5529 καὶ
2681 5476 2908 5546 πλῆθος,
2953 5495 3020 5535 ex
3069 5492 3304 5552 quatuor
3332 5498 3466 5538 mss.
3510 5487 3719 5539 addidi-

2129 5560 2271 5597 mus.
2302 5545 2595 5625 Aliquanto
2634 5560 2753 5625 ροει
2779 5545 2880 5625 sex
2929 5545 3101 5625 mss._,'
3124 5554 3317 5625 χρῆμα
3351 5553 3445 5607 τὸν
3486 5554 3719 5609 πλοῦτον

2130 5631 2321 5696 σκευα.
2368 5608 2530 5696 Editi,
2564 5608 2895 5696 acim
2947 5608 3177 5696 ττλοῦτὸιῖ
3218 5608 3415 5679 auena.
3466 5627 3525 5678 Id
3578 5608 3719 5696 quod

2132 5684 2585 5765 fortasseinelius
2606 5684 2781 5742 rideri
2814 5689 3015 5748 poterit
3451 5705 3458 5710 '
