3828 6216
173 301 275 357 2⁸31

1014 297 1396 355 'COMMENT.
1437 297 1507 354 IN
1543 298 1783 356 ISAIAM
1821 295 2272 356 ΡΒΟΡΗΕΤΑΜ.
2312 299 2469 357 CAP.
2512 300 2580 356 ll.

3358 302 3466 357 2‘52

174 416 273 487 μὲν
307 414 737 488 ὑπηρετοῦντας,
775 415 902 479 τοὺς
936 414 994 468 δὲ
1028 414 1541 487 προπομπεύοντας.
1590 416 1657 470 Τί
1691 416 1758 471 ἂν
1788 440 1803 487 λ

1873 415 2069 471 Habeat
2088 430 2260 488 equos
2282 431 2416 472 auro
2434 416 2803 488 stragulisque
2828 415 3121 486 purpureis
3144 425 3463 483 exornatas,

173 508 267 560 ἐπὶ
313 510 380 578 τῇ
427 506 616 561 τούτου
670 507 782 579 (99)
829 507 928 579 θέᾳ
980 507 1173 562 παθεῖν
1217 508 1307 562 τὸν
1352 508 1566 578 πτωχὸν
1596 508 1766 579 δῆμον

173 598 402 662 ἐκεῖνον,
429 598 523 653 τὸν
549 599 689 663 τέως
711 599 781 653 τά
817 598 989 669 μικρὰ
1022 597 1375 669 θαυμάζοντα
1402 600 1529 663 τοὺς
1557 599 1767 653 ἑαυτῶν

169 688 579 759 ὑπερέχοντας;
631 691 752 760 οὐχὶ
805 689 1160 760 αἰσχυνθῆναι
1219 690 1319 760 μὲν
1358 690 1450 743 ἐπὶ
1482 693 1547 761 τῇ
1589 691 1768 763 οἰκείᾳ

168 780 377 849 κρίσει,
410 780 629 834 πάντων
648 780 704 834 δὲ
731 781 1141 852 καταφρονῆσαι
1172 783 1236 850 τῇ
1263 780 1397 851 πρὸς
1417 781 1478 833 τὸ
1500 781 1767 852 ὑπερέχον

168 868 480 941 συγκρίσει,
530 871 677 940 μόνῳ
723 870 780 923 δὲ
816 871 974 936 δόξαν
1014 871 1107 924 καὶ
1151 870 1381 925 πλοῦτον
1424 870 1502 942 τῷ
1548 871 1765 943 ἀληθῶς

168 960 415 1032 πλουσίῳ
446 964 927 1033 προσμαρτυρεῖν;
965 961 1121 1016 Οὕτω
1148 964 1328 1016 τοίνυν
1359 963 1484 1016 ὅσον
1514 963 1762 1034 ἀποκρύ-

165 1070 363 1107 πτεται
396 1054 460 1107 τὸ
490 1053 624 1131 ὕφος
667 1054 762 1108 καὶ
801 1054 863 1107 τὸ
900 1054 1130 1125 μέγεθος
1166 1056 1265 1125 τῆς
1305 1056 1499 1124 σοφίας
1541 1057 1633 1110 καὶ
1664 1056 1763 1129 τῆς

163 1143 454 1214 δυνάμεως
481 1144 575 1198 τοῦ
612 1145 771 1208 Θεοῦ,
808 1146 980 1199 πολλὰ
1007 1145 1148 1212 δόξει
1184 1142 1325 1200 εἶναι
1351 1146 1422 1200 τὰ
1454 1147 1635 1217 ὑψηλὰ
1668 1150 1763 1202 καὶ

168 1235 386 1305 μεγάλα
416 1234 569 1306 παρὰ
594 1238 706 1299 τοῖς
737 1238 795 1289 ὲν
821 1237 1027 1309 ἐσλάτῃ
1061 1238 1306 1308 πτωχείᾳ
1329 1236 1723 1305 καθεστηκόσιν
1744 1253 1757 1267 ·

164 1326 310 1381 ἐπὰν
342 1328 401 1381 δὲ
427 1330 637 1399 ἐκφανῇ
666 1328 728 1381 τὸ
751 1328 919 1394 ὅντως
953 1329 1135 1398 σοφὸν,
1162 1329 1257 1383 καὶ
1289 1330 1350 1383 τὸ
1380 1328 1649 1398 ἀληθινῶς
1670 1328 1763 1382 δυ-

161 1419 347 1482 νατὸν,
382 1419 560 1483 οὐδεὶς
585 1418 709 1473 οὔτε
736 1420 920 1489 σοφὸς,
949 1420 1071 1473 οὔτε
1092 1420 1317 1483 δυνατὸς
1342 1419 1419 1490 (1)
1443 1419 1764 1490 λογισθήσε-

160 1526 275 1563 ται.
309 1508 469 1564 Οὖτω
500 1510 631 1563 ποτὲ
669 1511 764 1564 καὶ
795 1511 1036 1581 Μωῦσῆς
1067 1508 1391 1580 ἰσχνόφωνον
1437 1509 1531 1562 καὶ
1565 1508 1764 1581 βραδύ-

160 1603 414 1671 γλωσσον
465 1603 656 1656 ἑαυτὸν
702 1601 994 1673 ὡμολόγει,
1056 1600 1245 1671 ἐπειδὴ
1294 1598 1428 1653 Θεοῦ
1472 1599 1761 1663 λαλοῦντος

161 1693 304 1765 πρὸς
354 1694 518 1747 αὑτὸν
569 1693 790 1764 ἤκουσε.
847 1693 958 1746 Καὶ
1010 1691 1261 1762 Ἀϐραάμ
1306 1692 1395 1745 ὅτε
1438 1691 1570 1744 Θεὸν
1597 1687 1755 1758 εἶδεν,

1871 522 2106 578 quorum
2159 507 2252 561 alii
2286 509 2607 572 inserviant,
2651 509 2743 562 alii
2787 522 2919 562 vero
2963 522 3171 578 pompze
3201 520 3459 577 praeeunt.

1869 598 1948 653 Eo
1978 613 2104 669 rege
2134 607 2450 669 conspecto,
2482 615 2592 670 quo
2644 599 2840 654 affectu
2882 598 3027 667 tangi
3060 607 3218 667 putas
3244 599 3461 667 inopem

1870 689 2023 743 illum
2056 688 2341 758 populum,
2373 688 2461 743 cui
2497 690 2764 743 hactenus
2798 689 3012 742 fuerant
3039 688 3392 742 admirationi
3422 687 3460 743 ii

1868 782 1963 850 qui
1991 796 2050 835 se
2077 788 2264 834 essent
2292 781 2457 849 paulo
2489 780 2935 849 praestantiores?
2960 778 3150 834 Nonne
3174 779 3462 834 existimas

1868 886 1992 925 eum
2025 885 2126 926 suo
2162 870 2336 939 ipsius
2371 871 2581 940 judicio
2618 869 3066 925 confundendum
3096 885 3221 925 esse
3258 884 3322 925 ac
3359 886 3463 940 pu-

1867 961 2003 1016 dore
2033 961 2496 1016 sulfundendum?
2523 964 2718 1015 Annon
2750 962 2819 1016 ob
2849 961 3152 1016 institutam
3190 977 3314 1016 cum
3339 976 3461 1015 ma-

1860 1051 2077 1122 joribus
2106 1053 2315 1109 divitiis
2360 1054 2825 1123 comparationem
2859 1068 3049 1107 omnes
3077 1054 3230 1122 parvi
3285 1053 3462 1108 factu-

1866 1160 1960 1197 rus
1980 1145 2103 1198 est?
2132 1144 2324 1199 Nonne
2344 1146 2393 1199 ei
2421 1145 2524 1199 soli
2558 1144 2648 1214 qui
2677 1160 2801 1197 vere
2825 1144 2978 1198 dives
3005 1152 3110 1205 est,
3146 1145 3379 1214 gloriam
3403 1152 3461 1197 et
3498 1196 3505 1204 ,

1864 1233 2086 1287 divitias
2127 1249 2228 1288 suo
2276 1234 2591 1288 testimonio
2623 1242 2708 1288 est
2750 1234 3161 1289 attributurus?
3198 1235 3277 1289 Ad
3313 1236 3458 1291 hunc

1864 1324 2032 1395 igitur
2058 1327 2281 1379 modum
2311 1326 2555 1394 quaudiu
2593 1327 2863 1380 celsitudo
2911 1341 2978 1381 ac
3003 1327 3322 1396 magnitudo
3362 1343 3455 1383 sa-

1863 1417 2082 1486 pientiae
2113 1418 2443 1488 virtutisque
2489 1417 2583 1472 Dei
2624 1419 3005 1478 absconditur.
3051 1420 3222 1474 multa
3257 1420 3325 1474 iis
3356 1421 3453 1490 qui

1862 1510 1919 1562 in
1961 1515 2205 1564 extrema
2241 1509 2407 1582 440
2439 1520 2761 1581 paupertate
2791 1512 3079 1567 constituti
3112 1521 3264 1578 sunt,
3307 1514 3456 1568 vide-

1863 1599 2069 1655 buntur
2115 1616 2238 1657 esse
2286 1603 2499 1657 excelsa
2552 1618 2617 1657 ac
2666 1618 2896 1673 magna:
2945 1603 3042 1658 sed
3094 1604 3258 1659 simul
3289 1612 3456 1674 atque

1869 1707 1998 1745 vera
2028 1693 2316 1763 sapientia,
2347 1711 2584 1767 veraque
2605 1695 2847 1765 potentia
2871 1711 2991 1751 sese
3017 1696 3071 1750 in
3094 1706 3451 1766 conspectum

156 1783 360 1838 ἑαυτὸν
418 1784 498 1854 (2)
551 1784 659 1853 γῆν
709 1783 805 1837 καὶ
852 1783 1046 1835 σποδὸν
1096 1782 1384 1853 ὡμολόγει.
1451 1781 1639 1845 Οὐδεὶς
1668 1772 1803 1843 οὖν]

1873 1782 2092 1846 dederit,
2137 1799 2297 1839 nemo
2321 1793 2416 1839 aut
2455 1788 2695 1856 sapiens,
2726 1793 2820 1840 aut
2859 1796 3053 1859 potens
3086 1788 3450 1855 reputabitur.

154 1876 486 1946 ἀξιούμενος
516 1877 708 1947 ὲνορᾷν
736 1877 802 1947 τῇ
836 1875 932 1928 τοῦ
959 1874 1095 1928 Θεοῦ
1126 1874 1424 1946 ἁγαθότητι
1452 1874 1548 1927 καὶ
1570 1872 1753 1944 σοφίᾳ,

155 1970 450 2041 δυνήσεται
488 1969 522 2039 ἢ
563 1967 739 2039 ἑαυτῷ
765 1969 797 2038 ἢ
827 1967 970 2037 ἄλλῳ
995 1966 1188 2036 σοφίαν
1220 1966 1253 2037 ἢ
1284 1965 1512 2037 δύναμιν
1549 1982 1758 2036 μαρτυ-

156 2061 349 2132 ρῆσαι.
375 2062 440 2114 Οἱ
462 2059 573 2131 γὰρ
592 2059 736 2128 ἅγιοι
760 2059 962 2121 πάντες
984 2052 1093 2110 οἷον
1113 2058 1188 2128 (5)
1216 2056 1333 2126 φῶς
1353 2059 1460 2111 εἱσι
1481 2057 1754 2126 λυχνιαίον

153 2153 218 2204 ὲν
263 2152 584 2223 μεσημϐρίᾳ
631 2150 879 2222 σταθηρᾷ
925 2148 1443 2222 ὑπεραυγαζόμενον
1486 2148 1566 2221 τῷ
1595 2149 1750 2220 ἡλίῳ.

152 2245 258 2297 Διὰ
277 2243 436 2296 τοῦτο
462 2244 987 2321 ὑπερυψωθέσεται
997 2246 1208 2317 Κύριος
1215 2242 1404 2311 μόνος
1425 2241 1495 2296 ἐν
1518 2239 1594 2311 τῇ
1613 2239 1755 2309 ἠμέ-

150 2354 231 2404 ρᾳ
255 2338 481 2405 ἐκείνη.

1862 1875 1939 1928 lta
1967 1881 2022 1928 et
2051 1874 2266 1946 Moyses
2308 1878 2582 1945 quondam
2621 1892 2746 1932 cum
2779 1878 2945 1932 Deum
2993 1878 3238 1933 audisset
3286 1879 3352 1933 ad
3392 1895 3453 1941 se

1860 1966 2196 2036 loquentem,
2234 1967 2601 2024 haesitantium
2630 1968 2829 2038 linguae
2854 1984 2917 2023 ac
2940 1969 3196 2039 loquendi
3224 1972 3452 2026 tardita-

1860 2067 1967 2115 tem
2003 2074 2111 2129 qua
2141 2059 2442 2123 laborabat,
2475 2061 2839 2116 confitebatur
2887 2062 2953 2117 ²².
2997 2062 3140 2126 Quin
3171 2071 3226 2116 et
3258 2063 3449 2119 Abra-

1861 2149 1985 2203 ham
2013 2150 2236 2220 quando
2264 2151 2431 2205 Deum
2457 2151 2614 2214 vidit,
2634 2167 2693 2207 se
2717 2152 3076 2222 proﬁtebatur
3100 2162 3300 2208 terram
3325 2170 3450 2210 esse

1860 2254 1924 2293 ac
1945 2240 2185 2294 cinerem
2203 2241 2269 2293 ³³.
2291 2240 2463 2296 Nemo
2495 2242 2661 2311 igitur
2691 2258 2758 2297 eo
2786 2245 2933 2312 quod
2960 2245 3164 2314 dignus
3184 2245 3450 2301 habeatur

1860 2332 1955 2401 qui
1979 2331 2159 2387 videat
2181 2331 2275 2387 Dei
2302 2334 2598 2388 bonitatem
2629 2349 2693 2389 ac
2714 2336 3063 2405 sapientiam,
3095 2344 3193 2391 aut
3221 2338 3323 2392 sibi
3352 2346 3449 2393 aut

151 2429 318 2483 atteri
364 2427 686 2497 sapientiam
719 2426 804 2482 vel
855 2425 1156 2498 potentiam
1209 2424 1494 2481 vindicare
1536 2424 1754 2495 poterit.
1798 2421 1984 2477 Sancti
2027 2424 2171 2478 enim
2252 2438 2446 2480 omnes
2491 2425 2652 2495 quasi
2720 2425 2901 2481 lumen
2941 2436 3070 2481 sunt
3101 2427 3445 2484 lucernarum

151 2524 212 2577 in
261 2520 492 2576 meridie
525 2518 932 2575 ferventissima
962 2527 1019 2574 et
1054 2517 1400 2574 clarissima:
1442 2516 1591 2587 quod
1633 2516 1826 2583 majori
1855 2515 1990 2570 solis
2018 2516 2138 2572 luce
2192 2517 2514 2575 obtunditur
2575 2533 2641 2573 ac
2693 2530 3006 2590 superatur.
3072 2521 3443 2589 Quamobrem

148 2625 324 2679 supra
377 2608 603 2663 modum
657 2608 981 2662 exaltubilur
1019 2607 1275 2661 Dominus
1306 2609 1450 2662 solus
1476 2612 1532 2663 in
1571 2610 1657 2662 die
1691 2607 1805 2661 illa.

226 2703 316 2757 88.
371 2702 579 2770 Ἡμέρα
598 2700 709 2769 γὰρ
730 2700 952 2768 Κυρίου
987 2697 1061 2771 (4)
1099 2698 1201 2752 ἐπὶ
1225 2699 1423 2753 πάντα
1455 2699 1748 2768 ὑϐριστὴν

147 2794 255 2850 καὶ
296 2792 708 2861 ὑπερήφανον.
749 2792 903 2862 Τάχα
945 2791 1136 2863 πρώτη
1178 2792 1423 2863 ἁμαρτία
1465 2791 1624 2864 ὖϐρις
1653 2794 1746 2846 καὶ

147 2883 542 2957 ὑπερηφανία·
573 2883 735 2952 εἰπερ
777 2884 806 2936 ὁ
848 2881 1092 2946 διάϐολος
1146 2882 1437 2953 ἐξυϐρίσας
1482 2881 1561 2953 τῷ
1596 2882 1744 2955 κόρῳ

1927 2699 2019 2756 88.
2052 2698 2218 2758 Vsus.
2276 2700 2364 2756 l2.
2413 2701 2542 2758 Dies
2585 2704 2727 2758 enim
2776 2703 2989 2761 Domini
3031 2722 3190 2775 super
3239 2723 3447 2764 omnem

1854 2794 2291 2848 contumeliosum
2318 2804 2367 2849 et
2401 2795 2706 2860 superbum.
2742 2796 3015 2853 Fortassis
3047 2799 3283 2869 primum
3319 2815 3449 2871 pec-

1851 2894 2034 2939 catum
2070 2884 2399 2940 contumelia
2434 2884 2538 2941 fuit
2582 2901 2648 2941 ac
2679 2888 2971 2958 superbia:
3018 2890 3288 2959 siquidem
3326 2891 3448 2946 dis-

144 2978 261 3032 τῶν
305 2976 435 3048 περὶ
473 2976 636 3029 αὑτὸν
671 2974 892 3044 ἀγαθῶν
931 2974 1144 3045 ἀπέστη
1184 2973 1351 3039 Θεοῦ,
1387 2976 1483 3028 καὶ
1535 2992 1741 3028 συναπη
1772 2999 1803 3055 ε

1873 2974 2026 3037 notus,
2058 2975 2321 3029 bonorum
2352 2975 2551 3044 quibus
2577 2976 2796 3032 dotatus
2829 2977 3007 3033 fuerat
3040 2977 3280 3045 fastidio,
3313 2996 3447 3036 cnu-

144 3072 385 3139 ἔστησεν
414 3066 595 3138 ἑαυτῷ
638 3067 738 3131 τὰς
780 3067 1163 3138 ἀντικειμένας
1207 3065 1488 3137 δυνάμεις,
1534 3064 1739 3136 λέγων’

160 3159 398 3214 Ἐπάνω
424 3156 544 3211 τῶν
566 3157 803 3225 ἄστρων
823 3153 1083 3224 θήσομαι
1105 3155 1214 3208 τὸν
1233 3155 1462 3223 θρόνον,
1470 3172 1591 3223 μου
1607 3172 1619 3184 ·
1646 3154 1745 3208 και

146 3250 340 3310 καθιεῖ)
384 3249 456 3303 ἐν
488 3248 611 3318 ὄρει
658 3244 877 3316 ὑψηλῷ
913 3247 1007 3300 ἐπὶ
1042 3246 1115 3301 τὰ
1152 3246 1258 3313 ὄρη
1302 3245 1377 3298 τὰ
1415 3245 1627 3313 ὑψηλά
1672 3246 1746 3298 τὰ

145 3342 305 3414 πρὸς
354 3342 610 3411 βορρᾶν.
687 3338 1080 3408 Ἁναόήσομαι
1142 3336 1345 3391 ἐπάνω
1404 3336 1525 3391 τῶν
1579 3353 1747 3405 νεφε-

145 3438 280 3495 λῶν
311 3436 414 3507 (5),
446 3434 661 3503 ἔσομαι
699 3432 899 3503 ὅμοιος
915 3430 993 3497 τῷ
1030 3431 1304 3500 Ὑψίστῳ.
1337 3430 1437 3484 Διὰ
1468 3429 1625 3483 τοῦτο
1656 3432 1742 3482 ὲν-

145 3531 345 3588 τεῦθεν
380 3530 477 3584 καὶ
518 3531 552 3602 ἠ
597 3527 877 3599 ἐκδίκησις
917 3524 1169 3597 ἄρχεται.
1203 3522 1315 3576 Καὶ
1360 3522 1416 3576 εί
1441 3540 1527 3586 τις
1560 3522 1744 3592 μέντοι

145 3623 424 3694 τυφωθεὶς
464 3622 544 3684 εἰς
581 3621 757 3692 κρῖμα
794 3615 1126 3689 ἐμπέπτωκε
1168 3613 1264 3669 τοῦ
1304 3613 1574 3678 διαϐόλου,
1607 3613 1746 3684 μετὰ

146 3715 244 3770 τοῦ
273 3710 523 3785 ἀρχηγοῦ
554 3711 651 3764 καὶ
676 3708 842 3762 οἱονεὶ
870 3704 1205 3777 δημιουργοῦ
1221 3703 1336 3773 ’τῆς
1365 3703 1745 3774 ὑπερηφανίας

146 3804 685 3875 καταδικασθήσεται
706 3819 718 3832 ·
757 3800 972 3869 Κύριος
994 3798 1105 3869 γὰρ
1133 3794 1540 3865 ὑπερηφάνοις
1577 3797 1742 3850 ἀντι·

145 3898 464 3955 τάσσεται.
523 3894 709 3949 Ἔοικὲ
762 3910 878 3956 πως
929 3890 1073 3963 ἀρχὴ
1134 3889 1235 3960 τῆς
1284 3887 1666 3960 ὑπερηφανίας
1709 3887 1742 3958 ἡ

147 3988 312 4059 ὕϐρις
345 3982 507 4040 εἶναι.
544 3985 603 4037 '0
634 3982 742 4054 γὰρ
768 3979 1042 4035 διαπτύων
1062 3979 1188 4042 τοὺς
1211 3976 1420 4044 ἄλλους,
1455 3978 1551 4030 καὶ
1582 3977 1657 4047 (ϐ)
1681 3975 1745 4028 τὸ

147 4081 322 4151 μηδὲν
361 4076 686 4149 ἡγούμενος,
731 4072 866 4128 ἀλλὰ
900 4073 1028 4135 τοὺς
1066 4071 1165 4141 μὲν
1204 4069 1475 4139 πτωχοὺς,
1526 4070 1652 4132 τοὺς
1685 4068 1744 4121 δὲ

142 4171 453 4239 δυσγενεῖς,
513 4168 640 4230 τοὺς
692 4165 749 4218 δὲ
797 4163 1031 4235 ἀμαθεῖς
1074 4160 1497 4232 ὑπολαμϐάνων,
1540 4161 1606 4213 ὲκ
1644 4160 1745 4231 τῆς

148 4263 367 4335 ’ὑϐρεως
400 4259 605 4329 ταύτης
631 4259 710 4320 εἰς
735 4255 796 4308 τὺ
823 4254 983 4326 μόνον
1011 4252 1201 4306 ἑαυτὸν
1236 4251 1444 4305 οἴεσθαι
1482 4245 1622 4305 εἶναι
1654 4268 1744 4304 σο-

148 4355 272 4427 φδν,
323 4350 565 4413 συνετὸν,
612 4347 830 4417 εὐγενῆ,
879 4343 1155 4407 πλούσιον,
1207 4343 1432 4397 δυνατὸν
1472 4344 1742 4414 ὑποφέρε-

145 4464 235 4501 ται
267 4444 382 4514 (7)·
420 4440 594 4511 ἀρχὴν
623 4437 759 4509 πρὸς
788 4436 850 4489 τὸ
878 4432 1388 4505 ὑπερηφανεύεσθαι
1428 4432 1530 4505 τὴν
1567 4432 1740 4503 ὑπερ-

141 4538 306 4609 dum
353 4533 671 4604 λαμϐάνων.
721 4526 894 4581 Τοῦτο
942 4527 1051 4597 γάρ
1086 4528 1204 4578 ἐστι
1240 4525 1302 4577 τὸ
1334 4523 1742 4596 ὑπερηφανεὺε-

1849 3063 2190 3119 tumeliosum
2235 3079 2295 3119 se
2332 3067 2580 3134 praebens
2619 3068 2848 3122 descivit
2894 3083 2924 3123 a
2972 3068 3106 3135 Deo,
3150 3084 3446 3142 secumque

1847 3155 2191 3210 adversarias
2236 3163 2536 3224 potestates
2577 3160 2803 3213 adduxit
2834 3161 2902 3215 ad
2940 3159 3326 3229 defectionem,
3358 3167 3444 3219 di-

1845 3262 2011 3301 cens:
2054 3247 2229 3316 Super
2275 3259 2421 3302 astra
2450 3266 2643 3319 ponam
2695 3252 2888 3306 solium
2919 3269 3114 3321 meum,
3160 3265 3210 3309 et
3254 3259 3442 3311 sedebo

1846 3336 1897 3389 in
1929 3346 2103 3390 monte
2128 3337 2332 3392 excelso
2366 3356 2525 3410 super
2553 3350 2755 3395 montes
2801 3343 3058 3407 excelsos,
3080 3345 3170 3415 qui
3216 3354 3340 3401 sunt
3370 3348 3442 3402 ad

1844 3427 2166 3497 aquilonem.
2200 3428 2497 3483 Ascendam
2532 3448 2690 3500 super
2719 3434 2877 3487 nubes
2899 3448 2919 3489 :
2949 3417 3038 3489 ora
3063 3436 3255 3490 similis
3286 3436 3445 3492 Altis-

1843 3522 1974 3573 simo
2003 3518 2068 3571 “.
2129 3520 2202 3574 Ea
2230 3522 2297 3575 de
2342 3538 2507 3577 causa
2548 3523 2697 3579 illinc
2744 3525 2958 3579 initium
2993 3528 3141 3582 ducit
3178 3529 3436 3583 vindicta.

1845 3610 2157 3678 Enimvero,
2198 3613 2241 3666 si
2275 3614 2398 3682 quis
2420 3613 2563 3669 fastu
2593 3617 2768 3672 elatus
2795 3634 2859 3674 ac
2902 3630 3133 3687 tumens,
3165 3622 3220 3677 in
3240 3623 3437 3679 diaboli

1838 3702 2103 3786 judicium
2138 3704 2410 3769 inciderit,
2448 3722 2552 3760 una
2591 3721 2715 3762 cum
2762 3710 3007 3779 principe
3048 3722 3105 3767 et
3147 3715 3301 3782 quasi
3344 3729 3439 3771 suo

1846 3795 2045 3860 μοι-Μαί
2066 3796 2256 3863 opilice
2282 3798 2762 3856 eondemnabitur:
2792 3801 3052 3858 Dominus
3085 3806 3226 3860 enim
3251 3822 3438 3873 super-

1845 3889 1924 3942 bis
1968 3891 2158 3943 resistit
2220 3891 2289 3944 ³³.
2334 3891 2561 3949 Videtur
2605 3899 2839 3967 quodam
2893 3901 3053 3955 modo
3103 3904 3433 3959 contumelia

1844 3980 1995 4048 origo
2025 3993 2146 4033 esse
2175 3983 2441 4050 superbiae
2466 3995 2628 4055 atque
2655 3989 3005 4059 principium.
3036 3992 3171 4049 Nam
3208 4007 3439 4055 caeteros

1844 4071 1936 4138 qui
1963 4081 2304 4141 aspernatur,
2329 4091 2394 4130 ac
2416 4091 2513 4145 pro
2538 4081 2707 4135 nihilo
2729 4096 2823 4136 eos
2854 4086 3023 4151 ducit,
3051 4088 3188 4144 alios
3213 4091 3435 4160 quidem

1844 4176 2068 4231 egenos,
2118 4164 2253 4221 alios
2298 4182 2428 4223 vero
2471 4170 2753 4241 ignobiles,
2807 4178 2944 4233 alios
2999 4190 3179 4235 autem
3234 4182 3436 4239 inscios

1845 4267 1965 4308 esse
1999 4266 2168 4322 ratus,
2203 4273 2300 4327 per
2329 4260 2468 4315 hanc
2502 4266 2885 4321 contumeliam
2918 4284 2983 4324 eo
3015 4271 3254 4339 devenit,
3288 4283 3347 4327 ut
3373 4290 3436 4331 se

1845 4344 2018 4399 solum
2049 4347 2325 4403 existimet
2350 4364 2473 4406 esse
2502 4356 2826 4424 sapientem,
2860 4358 3215 4430 intelligentia
3245 4365 3435 4433 praedi-

1845 4444 1980 4501 tum,
2041 4437 2298 4505 nobilem,
2345 4443 2586 4505 divitem.
2642 4456 2956 4515 potentem:
2999 4453 3200 4524 quippe
3243 4471 3434 4525 super-

1838 4525 2021 4581 biendi
2048 4528 2261 4584 initium
2288 4546 2354 4587 ex
2378 4534 2607 4590 aliorum
2634 4546 2966 4610 comtetnptu
2997 4546 3182 4599 sumit.
3210 4543 3430 4604 Conniti

145 4631 292 4692 σθαι,
325 4628 386 4682 τὺ
417 4622 847 4697 ὑπερφαίνεσθαι
888 4620 996 4673 τῶν
1038 4616 1247 4672 πολλῶν
1280 4617 1599 4687 ἐπιχειρεῖν.
1651 4617 1739 4670 Ἐν
1770 4699 1803 4705 ᾗ

1873 4633 2076 4690 tamque
2124 4632 2184 4677 ut
2228 4625 2348 4680 aliis
2376 4628 2625 4697 plurimis
2658 4631 2895 4689 videaris
2936 4638 3299 4705 prazstantior,
3330 4641 3432 4695 hoc

141 4720 200 4775 ἃ
248 4718 332 4789 τῷ
363 4715 523 4769 τοῦτο
569 4714 645 4785 (8)
691 4715 885 4775 ποιεῖν,
917 4709 1184 4775 ἐξουδενοῖ
1218 4707 1315 4778 μὲν
1350 4706 1443 4759 τὸν
1487 4706 1737 4777 πλησίον,
1768 4699 1803 4758 Ι]

1873 4725 2019 4779 psum
2069 4719 2322 4786 superbia
2374 4730 2479 4777 est.
2534 4722 2724 4792 Porro,
2758 4724 2886 4780 dum
2937 4699 2995 4783 id
3050 4729 3234 4794 elllcit.
3276 4699 3430 4787 nihili

216 4815 264 4846 ³³
288 4812 466 4867 Exod.
499 4825 573 4874 tv,
608 4808 701 4862 10.
772 4806 818 4838 ³³
844 4804 980 4862 Gen.
1006 4820 1161 4869 xvm,
1185 4802 1274 4856 ‘27.
1350 4801 1398 4832 “
1422 4802 1530 4857 lsa.
1562 4818 1676 4869 xw,
1706 4803 1795 4869 15,

1873 4806 1914 4861 ι.
1996 4807 2040 4840 ³⁸
2076 4809 2093 4863 l
2122 4810 2267 4870 Petr.
2293 4828 2346 4878 v,
2381 4815 2435 4870 5.

215 4907 334 4977 (99)
368 4904 535 4977 Editi,
570 4903 799 4977 τούτων.
828 4903 907 4977 At
941 4916 1034 4977 sex
1068 4913 1225 4977 mss"
1243 4895 1465 4977 τούτου.
1494 4895 1615 4951 Mox
1642 4912 1737 4953 ve-

143 4969 239 5033 lini
270 4969 680 5029 animadvertas
711 4975 865 5037 illud,
901 4971 971 5025 τά
1016 4969 1420 5042 μικρά,-Ιοου.ηι
1467 4981 1737 5042 occupare

146 5066 253 5103 non
281 5061 479 5099 suum:
512 5045 778 5113 siquidem
808 5036 934 5095 ante
986 5036 1171 5113 vocent
1203 5036 1572 5113 ὑπερέχοντας
1608 5036 1735 5106 poni

143 5122 436 5171 debuerat.
471 5108 727 5182 Alioquin
756 5114 903 5166 enim
939 5110 1162 5189 ridiCIIla
1195 5123 1261 5162 ac
1298 5108 1449 5189 falsa
1482 5109 1733 5189 diceren-

140 5199 254 5249 tur,
287 5201 415 5241 cum
467 5180 696 5255 populus
746 5182 1000 5255 quemvis
1051 5180 1233 5255 seipso
1274 5180 1728 5255 ‘pra’stantiorem

142 5246 253 5311 non
294 5246 511 5324 parum,
541 5246 641 5309 sed
675 5246 830 5307 valde
868 5246 1190 5324 admodu_2_n__
1218 5246 1531 5324 miraretur.
1566 5246 1732 5324 _liaud

142 5318 314 5445 lix-gae;
330 5325 572 5394 quinque
598 5339 756 5391 mss.,
781 5324 848 5395 τῇ
864 5320 1065 5391 οἰκείᾳ.
1095 5318 1237 5374 Editi
1258 5327 1313 5374 et
1341 5318 1477 5387 Reg.
1497 5318 1728 5388 primus,

142 5412 167 5445 ζ
318 5412 376 5445 α..

137 5398 206 5450 τῆ
243 5396 376 5450 ἰδία.

174 5398 206 5470 ᾖ
243 5398 376 5465 ἰδίᾳ.
1428 5457 1441 5470 .

214 5468 297 5533 (ι)
336 5463 497 5529 Editi,
530 5462 753 5527 δυνατός
782 5479 887 5527 τις.
912 5460 1079 5533 Abest
1098 5474 1183 5522 τις
1214 5472 1243 5512 a
1272 5467 1473 5533 nostris
1492 5471 1622 5513 mss.

213 5528 296 5606 (9.)
336 5528 530 5606 Ϋοοοιη
564 5534 757 5606 ἑαυτᾷν
785 5550 826 5606 e_
846 5528 1571 5606 nostrismss.__addidimus.

216 5596 300 5678 (ὅ)
337 5604 506 5678 Edi_ti,
556 5604 740 5678 οἱονεί.
795 5602 902 5678 Sed
948 5601 1162 5678 variant
1191 5597 1311 5678 libri
1346 5606 1582 5678 veteres.
1627 5596 1733 5653 Alii

140 5667 371 5739 habent,
401 5667 532 5727 οἷον·
565 5675 678 5737 alii,
700 5673 797 5737 ὡς.
824 5672 1019 5725 Statim
1062 5684 1209 5741 mss.
1239 5668 1466 5741 aliquot,
1517 5684 1733 5741 μεσημ-

139 5745 276 5820 ϐρίᾳ
303 5737 565 5817 σταθερᾷ.
592 5742 774 5801 Codex
798 5742 889 5799 Fr.
916 5744 943 5798 1
974 5756 1097 5800 cum
1125 5739 1314 5803 editis,
1340 5737 1606 5809 σταθηρᾷ.

1919 4904 2253 4986 (4LEditiet
2279 4926 2413 4986 mss.
2441 4912 2633 4977 nostri,
2662 4914 2894 4986 Κυρίου.
2952 4916 3059 4969 Sed
3097 4917 3238 4986 apud
3286 4918 3431 4977 LXX

1840 4977 2208 5065 3Q§§a6a¢9
2243 4982 2482 5065 additur,
2510 4998 2632 5065 quas
2661 4977 2877 5065 qudque
2908 4986 2961 5041 in
2993 4977 3215 5056 Vulgata
3245 4994 3430 5059 expri-

1841 5047 2050 5167 tniturb:
2096 5049 2236 5114 Quia
2279 5051 2390 5106 dies
2419 5047 2632 5107 Domini
2666 5047 2989 5110 exercituum
3015 5047 3174 5125 super
3223 5047 3428 5117 omnem

1841 5130 1999 5167 Bttner
2034 5133 2141 5167 ηηι.

1838 5130 2141 5182 superbum.

1909 5185 1999 5258 (ὄλ
2019 5186 2180 5251 Editi,
2209 5184 2451 5258 νεφελῶν
2472 5185 2569 5239 τοῦ
2602 5187 2857 5258 οὐρανοῦ.
2886 5189 2993 5258 Sen
3029 5191 3178 5254 ..md,
3209 5190 3305 5244 τοῦ
3333 5191 3427 5246 οὑ·-

1839 5254 2026 5379 ῧαῖοὖ,
2061 5272 2185 5311 cum
2210 5257 2265 5310 in
2288 5258 2489 5311 nostris
2507 5273 2637 5312 mss.
2670 5254 2725 5313 et
2745 5263 2886 5329 apud
2910 5256 3054 5313 LXX
3074 5277 3177 5316 non
3195 5262 3425 5333 legatur,

1875 5340 1904 5379 e
1928 5339 2158 5379 erimus.

1965 5341 2158 5381 vumus.

1921 5395 2000 5462 (6)
2032 5394 2124 5451 Sic
2153 5395 2272 5465 libri
2307 5405 2541 5451 veteres.
2574 5395 2714 5452 Editi
2740 5413 2891 5465 vero,
2919 5399 3114 5465 ἄλλους
3139 5416 3192 5459 ο.

1937 5465 1989 5550 Ξ)
2018 5463 2330 5550 Ξρρςτᾘκλ
2345 5466 2740 5550 ὑπερφέρεται.

1937 5535 1991 5605 8)
2016 5535 2257 5617 Εΰ-ἰιίιεν
2284 5535 2342 5616 δὲ
2371 5535 2573 5617 rotisqu—
2600 5553 2704 5591 non
2725 5548 2891 5617 recte.
2926 5539 2999 5594 At
3023 5555 3154 5596 mss.
3181 5540 3428 5617 plerique

1841 5617 2053 5680 omnes,
2084 5607 2141 5680 tv
2247 5606 2326 5680 τῷ
2353 5606 2530 5680 τοῦτο,
2554 5606 2945 5680 βθιιοηιιιίροῐη
2990 5626 3120 5666 mss.
3159 5606 3426 5680 nonnulli,

1842 5669 2141 5750 ἐξουδενείζ
2166 5669 2321 5750 Haud
2360 5677 2432 5750 ita
2450 5677 2625 5750 multo
2651 5677 2957 5750 infraReg.
2986 5681 3193 5746 primus
3228 5691 3285 5735 et
3306 5682 3394 5741 edi

1846 5743 1904 5811 ti,
1933 5744 2022 5800 διὰ
2048 5744 2208 5800 τοῦτο
2230 5746 2324 5802 καὶ
2353 5747 2409 5819 ἡ.
2433 5748 2505 5803 At
2538 5749 2690 5804 deest
2716 5748 2810 5802 καί
2841 5749 2894 5805 in
2906 5743 3141 5822 'reliquis
3162 5765 3295 5808 mss.
