3828 6216
367 291 391 308 ‘
424 306 532 364 sca
1389 293 1734 352 serenum
1770 293 2012 352 ornem

2117 294 2152 350 i.
2192 292 2441 350 BASILII
2480 290 2717 349 MAGNI.
3578 287 3684 345 264

427 428 643 499 quidem
682 422 811 481 facit
858 422 1186 494 proximum,
1213 434 1272 475 se
1299 419 1476 488 ipsum
1507 435 1640 475 vero
1681 418 1868 490 iactat.
1916 419 2009 473 Est

2117 417 2303 471 ἑαυτὸν
2323 416 2381 471 δὲ
2405 414 2790 487 ἀποσεμνύνει.
2813 414 2922 470 Καὶ
2947 413 3094 469 ἔστιν
3129 414 3163 486 ἡ
3198 412 3358 484 ὑϐρις
3396 414 3689 485 ὑπερηφα.

425 524 646 588 insuper
674 516 937 585 superbim
973 515 1126 583 origo
1151 512 1497 578 contumelia,
1530 512 1780 581 superbia
1821 511 2004 565 itidem

426 594 600 665 malus
638 609 757 662 iens
811 614 916 669 est,
970 614 1026 659 et
1078 605 1233 673 origo
1279 604 1576 671 superbiae;
1631 602 1880 671 superbia
1926 609 2010 655 est

428 698 770 753 contumelia:
813 694 976 750 fetus.
1020 693 1360 763 Quapropter
1393 692 1628 746 vindicta
1667 692 2010 747 exercebitur

425 793 480 847 in
518 806 730 843 onmem
775 787 1223 843 contumeliosum
1266 796 1321 840 et
1367 789 1680 854 superbum.
1730 786 2007 854 Siquidem

427 893 644 954 pet-cata
672 897 789 950 qua:
819 888 1107 950 quamdam
1139 881 1278 933 inter
1305 893 1363 933 se
1394 880 1764 945 cognationem
1790 879 2007 942 habent,

427 978 544 1046 pari
576 977 787 1031 ratione
821 974 1136 1043 puniuntur.
1175 972 1394 1026 luducct
1425 986 1553 1040 ergo
1582 970 1875 1024 vindictam
1922 970 2012 1025 ille

430 1068 645 1123 Domini
677 1069 794 1121 dies
822 1066 1204 1121 celeberrimus
1238 1065 1290 1117 in
1322 1078 1536 1116 omnem
1563 1062 2010 1116 contumeliosum

427 1170 485 1214 et
518 1160 825 1228 superbum.
853 1155 962 1210 Nos
989 1163 1188 1219 autem,
1215 1154 1305 1223 qui
1330 1169 1515 1207 smnus
1545 1152 2013 1205 commiseratione

431 1252 605 1321 digni,
632 1259 739 1304 tota
766 1250 853 1303 die
876 1251 929 1302 in
952 1249 1020 1302 iis
1048 1247 1202 1299 malis
1234 1254 1531 1307 versantes,
1560 1256 1630 1296 ne
1663 1241 2013 1309 intelligimus

431 1345 647 1413 quidem
671 1342 849 1411 qualia
879 1343 985 1394 sint
1013 1339 1175 1404 mala,
1200 1353 1321 1407 qum
1345 1346 1469 1391 sunt
1495 1350 1526 1388 a
1551 1334 1704 1388 nobis
1738 1333 1969 1386 admissa
1994 1348 2011 1385 :

436 1428 686 1484 Μαιεάίεὲ
717 1428 864 1497 regni
922 1426 1022 1479 Dei
1072 1426 1431 1478 hwreditatem
1481 1438 1584 1475 non
1639 1422 1892 1489 accipient
1944 1419 2012 1472 ³⁸.

433 1520 543 1575 Nos
580 1528 754 1573 tamen
787 1517 1184 1581 maledicimus,
1224 1524 1388 1584 atque
1429 1514 1570 1568 inter
1601 1512 2014 1568 conviciandum

433 1628 540 1666 non
565 1608 1049 1664 animadvertimus
1075 1609 1236 1662 verba
1255 1608 1443 1660 isthatc
1469 1620 1589 1674 quae
1609 1619 1753 1658 nunc
1776 1603 2013 1673 profero,

434 1705 565 1758 milii
592 1718 716 1759 esse
751 1703 807 1757 in
839 1701 928 1756 die
962 1700 1176 1756 Domini
1199 1697 1529 1769 objicienda,
1559 1711 1843 1766 meamque
1872 1697 2014 1750 viam

2104 509 2223 572 νίας
2248 509 2410 580 ἁρχὴ,
2447 509 2540 561 καὶ
2569 511 2601 579 ἡ
2634 504 2979 579 ὑπερηφανία
2997 506 3166 561 κακὸν
3191 506 3411 575 ἐγγονόν
3443 508 3563 560 ἐστι
3587 508 3687 579 τῆς

2106 601 2337 673 ὕϐρεως.
2381 601 2477 655 Διὰ
2504 601 2664 654 τοῦτο
2694 602 2726 671 ἡ
2767 599 3045 671 ἐκδίκησις
3085 599 3180 651 ἐπὶ
3215 600 3393 651 πάντα
3424 599 3689 670 ὑϐριστὴν

2106 694 2201 746 καὶ
2236 695 2606 764 ὑπερήφανον.
2646 693 2711 744 Αἱ
2760 694 3038 759 συγγενεῖς
3072 692 3180 762 γὰρ
3212 692 3479 762 ἁμαρτίαι
3509 692 3692 759 ὁμοιο-

2106 783 2319 854 τρόπως
2349 782 2682 848 κολάζονται.
2722 783 2944 847 Ἐπάξει
2983 779 3076 836 οὖν
3116 784 3147 853 ἡ
3179 782 3463 851 διαϐόητος
3505 783 3693 854 ἡμέρα

2107 875 2200 927 τοῦ
2244 875 2449 946 Κυρίου
2490 875 2588 945 τὴν
2621 876 2897 946 ἐκδίκησιν
2942 877 3033 928 ἐπὶ
3079 879 3256 929 πάντα
3294 874 3558 946 ὑϐριστὴν
3601 875 3696 927 καὶ

2109 967 2477 1036 ὑπερήφανον.
2521 966 2711 1036 Ἡμεῖς
2742 966 2800 1018 δὲ
2830 968 2877 1018 oi
2904 966 3143 1028 ἐλεεινοί,
3176 968 3356 1019 πᾶσαν
3388 966 3605 1037 ἡμέραν
3637 967 3697 1019 ἐν

2108 1059 2221 1120 τοῖς
2250 1059 2443 1120 κακοῖς
2470 1056 2681 1120 τούτοις
2706 1058 3082 1129 στρεφόμενοι,
3106 1058 3227 1109 οὑδὲ
3264 1057 3515 1127 συνίεμεν
3536 1059 3701 1111 ὁποῖα

2111 1148 2257 1201 κακὰ
2304 1149 2721 1219 ἁμαρτάνομεν·
2766 1150 3038 1217 Λοίδεροι
3077 1150 3407 1213 ,βασιλείαν
3435 1150 3588 1203 Θεοῦ
3624 1150 3697 1203 οὐ

2112 1240 2697 1309 κληρονομήσουσιν.
2734 1241 2845 1293 Καὶ
2873 1243 3031 1312 ἡμεῖς
3061 1240 3428 1311 λοιδοροῦμεν,
3459 1244 3516 1294 ἐν
3547 1240 3699 1311 αὑτῷ

2109 1333 2189 1404 τῷ
2229 1333 2489 1404 λοιδορεῖν
2525 1333 2597 1403 μὴ
2636 1334 2927 1396 συνιέντες,
2974 1334 3054 1386 ὅτι
3092 1334 3263 1387 ταῦτα
3292 1332 3328 1385 ἆ
3359 1331 3455 1387 νῦν
3492 1332 3700 1403 ἀφίημι

2117 1427 2336 1496 ῥήματα
2378 1427 2435 1477 ἐν
2462 1426 2527 1494 τῇ
2570 1425 2753 1495 ἡμέρᾳ
2797 1424 2890 1476 τοῦ
2922 1424 3123 1495 Κυρίου
3155 1424 3535 1496 ἀντιστήσεταί
3584 1441 3697 1494 μοι,

2114 1517 2209 1572 καὶ
2241 1516 2483 1584 διακόψει
2524 1534 2625 1586 μου
2654 1517 2752 1585 τὴν
2784 1516 2920 1580 ὁδὸν,
2951 1516 3044 1569 κα)⁵
3074 1516 3262 1587 ῶσπερ
3299 1517 3502 1586 τειχίον
3536 1516 3701 1586 γενήο

2117 1622 2268 1658 σεται
2307 1604 2678 1676 ὑπερϐαθῖψαι
2717 1605 2791 1676 μὴ
2820 1605 3133 1676 δυνάμενον.
3173 1607 3269 1669 Τίς
3301 1606 3457 1677 ἡμῶν
3503 1606 3700 1660 ἑαυτὸν

2116 1698 2215 1768 οὑχ
2260 1696 2545 1768 ὑπεραίρει
2569 1696 2677 1769 (9);
2713 1697 2797 1760 τίς
2826 1697 2917 1750 τὸν
2948 1697 3174 1768 πλησίον
3212 1698 3273 1750 οὑ
3299 1696 3581 1761 diam-mist;
3632 1696 3701 1749 Ἡ

434 1796 834 1864 interseptura,.
856 1801 1020 1864 atque
1068 1793 1241 1846 instar
1284 1792 1421 1845 muri
1450 1789 1630 1845 futura
1658 1804 1801 1854 esse,
1850 1803 2010 1858 quem

2117 1789 2172 1842 δὲ
2221 1787 2375 1860 ὑϐρις
2424 1788 2588 1842 πλέον
2629 1788 2681 1840 τί
2727 1791 2841 1841 ἐστι
2885 1791 2985 1858 τῆς
3027 1788 3316 1860 λοιδορίας.
3351 1789 3417 1841 Ἡ
3451 1788 3553 1859 μὲν
3586 1788 3701 1859 γὰρ

432 1902 592 1941 nemo
639 1887 1021 1940 transcendere
1066 1891 1262 1952 potest.
1305 1880 1438 1947 Quis
1492 1890 1736 1935 nostrum
1790 1893 1850 1934 se
1898 1879 2015 1947 ipse

440 1995 604 2051 supra
651 1976 871 2030 modum
927 1990 1035 2028 non
1087 1972 1289 2030 (ﬁeri?
1338 1971 1463 2043 quis
1518 1969 1827 2041 proximum
1903 1982 2015 2022 non

428 2060 784 2132 aspernatur?
805 2060 1147 2116 Contumelia
1170 2067 1350 2113 autem
1371 2068 1457 2114 est
1492 2059 1620 2129 quid
1649 2057 1823 2126 majus
1850 2072 2013 2128 quam

430 2152 835 2208 maledicentia.
866 2151 991 2207 llaec
1006 2151 1153 2207 enim
1180 2150 1660 2220 duntaxatlinguae
1672 2158 1756 2205 est
1781 2148 2015 2204 dedecus

426 2257 482 2300 et
521 2246 816 2316 probrum;
869 2243 1197 2299 contumelia
1251 2256 1383 2296 vero
1440 2240 1642 2310 aliquid
1699 2239 1879 2308 reipsa
1941 2239 2010 2293 ad

429 2337 782 2407 ignominiam
810 2350 999 2391 eorum
1024 2334 1116 2404 qui
1149 2332 1475 2388 contumelia
1504 2331 1865 2396 lacessuntur,
1894 2346 2010 2383 mo-

429 2427 576 2481 litur.
606 2426 945 2497 Quiquidem
974 2426 1148 2479 elatus
1169 2432 1275 2489 est,
1294 2431 1472 2493 potest
1499 2424 1677 2487 hodie,
1695 2424 1742 2478 si
1769 2423 1919 2485 velit,
1941 2423 2007 2476 ad

430 2519 717 2573 humilium
740 2516 1096 2584 abjectionem
1129 2512 1289 2585 “1
1316 2512 1682 2578 descendere;
1713 2511 2008 2581 periculum

426 2624 560 2665 vero
590 2609 753 2664 fuerit
785 2609 833 2664 ei
863 2609 951 2677 qui
989 2623 1135 2661 nunc
1164 2605 1386 2660 humilis
1415 2612 1520 2666 est,
1554 2618 1620 2658 ne
1652 2606 1718 2657 ad
1750 2603 2013 2673 superbo-
2042 2608 2056 2623 ’

427 2717 553 2758 rum
595 2701 885 2757 elationem
939 2700 1326 2755 transferatur.
1374 2696 1665 2751 Enimvero
1721 2710 1847 2750 cum
1886 2695 2012 2765 quis

427 2809 490 2849 se
518 2793 694 2850 credit
718 2793 787 2848 ad
814 2791 1139 2846 humilitatis
1160 2790 1446 2859 pertigisse
1484 2790 1716 2858 apicem,
1749 2787 1804 2842 id
1833 2788 2008 2857 ipsum

2115 1877 2366 1949 γλώσσης
2408 1881 2526 1933 ἐστὶ
2561 1879 2718 1950 μόνον
2744 1880 2937 1949 ἀτιμία
2959 1895 2973 1909 ·
3006 1881 3039 1950 ὴ
3073 1879 3130 1932 δέ
3161 1878 3320 1950 ὑϐρις
3352 1880 3447 1932 καὶ
3475 1878 3576 1949 τὴν
3608 1878 3704 1932 διὰ

2113 1971 2224 2024 τῶν
2262 1971 2439 2041 ἔργων
2491 1972 2577 2023 ἐπ’
2623 1970 2851 2043 αἰσχύνῃ
2891 1969 2999 2024 τῶν
3033 1970 3405 2042 ὑϐριζομένων
3450 1970 3702 2023 ἐπίνοιαν

2114 2060 2246 2130 ἔχει.
2297 2060 2529 2114 Δυνατὸν
2566 2060 2746 2131 μέντοι
2780 2062 3017 2133 σήμερον
3053 2060 3363 2131 βουληθέντι
3400 2060 3479 2132 τῷ
3505 2059 3704 2132 ὑψηλῷ

2115 2149 2394 2202 κατελθεῖν
2432 2152 2512 2213 εἰς
2542 2150 2640 2221 τὴν
2669 2150 2777 2204 τῶν
2804 2151 3073 2205 ταπεινῶν
3095 2151 3451 2205 ταπείνωσιν·
3491 2155 3587 2205 καὶ
3617 2148 3702 2222 τῷ

2114 2242 2210 2295 νῦν
2252 2242 2432 2313 μέντοι
2468 2243 2705 2314 ταπεινῷ
2745 2244 2984 2308 κίνδυνος
3026 2246 3483 2316 ἁντιμεταστῆναι
3522 2248 3605 2308 εἰς
3633 2245 3703 2298 τὸ

2112 2334 2220 2387 τῶν
2246 2335 2612 2406 ὑπερηφάνων
2643 2336 2862 2408 ὕψωμα.
2890 2337 3032 2390 Αὑτὸ
3053 2337 3162 2408 γὰρ
3189 2340 3250 2392 τὸ
3275 2336 3565 2392 ὑπολαϐεῖν
3593 2353 3701 2389 πε-

2119 2424 2171 2494 ρὶ
2200 2423 2397 2477 ἑαυτοῦ
2436 2426 2516 2488 είς
2542 2424 2602 2478 τὸ
2627 2426 2796 2496 ἄκρον
2820 2425 2924 2495 τῆς
2948 2425 3328 2490 ταπεινώσεως
3357 2425 3698 2496 ἐληλυθέναι,

2114 2512 2404 2585 ὑψώματός
2454 2516 2601 2568 ἐστιν
2659 2517 2902 2588 ἀφορμὴ,
2961 2516 3055 2569 καὶ
3103 2517 3167 2570 τὸ
3207 2516 3303 2571 τοῦ
3356 2517 3563 2588 σφόδρα
3612 2515 3705 2571 60-

2114 2605 2336 2670 κοῦντος
2366 2607 2425 2659 ἐν
2446 2607 2743 2679 ἁμαρτίαις
2776 2605 2916 2663 εἶναι
2954 2610 3385 2683 κατεπαρθῆναι,
3413 2611 3707 2681 ὑπερηφα-

2113 2696 2201 2750 νία
2251 2698 2419 2766 δεινὴ,
2465 2698 2532 2769 ἢν
2591 2698 2791 2754 ἔπαθεν
2837 2700 2867 2753 ό
2918 2701 3211 2773 Φαρισαῖος
3268 2702 3412 2757 κατὰ
3456 2701 3554 2756 τοῦ
3608 2719 3706 2756 τε·

2114 2789 2309 2844 λωνυυ.

426 2891 554 2945 elati
591 2889 757 2943 animi
795 2896 1171 2959 argumentum
1210 2893 1315 2950 est,
1346 2894 1402 2940 et
1443 2896 1637 2955 praeter
1670 2884 1890 2937 modum
1925 2882 2105 2938 eﬂerri
2162 2886 2425 2943 adversus
2488 2900 2614 2940 eum
2680 2886 2776 2956 qui
2846 2887 2904 2942 in
2941 2895 3182 2960 peccatis
3218 2887 3423 2943 versari
3456 2887 3701 2956 videtur,

428 2984 611 3052 gravis
659 2990 746 3037 est
792 2981 1081 3051 superbia,
1127 2996 1295 3051 quam
1340 2995 1538 3051 passus
1592 2978 1695 3033 fuit
1748 2979 2009 3034 adversus
2045 2979 2391 3050 publicanum
2420 2982 2749 3038 Phariszeus.

500 3076 589 3130 89.
622 3073 692 3127 Et
742 3089 900 3140 super
945 3089 1146 3127 omnem
1173 3072 1433 3126 excelsum
1468 3082 1515 3126 et
1552 3071 1847 3128 sublimem.
1878 3073 2017 3126 Vitio
2044 3081 2086 3136 ο

428 3171 604 3225 eidem
631 3167 875 3222 excelsus
923 3166 1191 3221 obnoxius
1231 3176 1315 3221 est
1337 3176 1500 3235 atque
1528 3164 1797 3231 sublimis,
1830 3174 1890 3219 ut
1916 3164 2013 3235 qui

429 3261 626 3317 affectu
690 3259 1062 3315 tantummodo
1126 3272 1156 3310 a
1219 3258 1612 3312 contumelioso
1670 3267 1725 3310 et
1778 3260 2013 3324 superbo

429 3353 664 3410 dilIerat.
697 3351 796 3406 Hic
849 3365 1079 3419 namque
1142 3350 1425 3403 adversum
1465 3357 1691 3401 cieteros
1741 3357 2043 3405 eontume-V

430 3447 557 3501 liam
605 3443 1025 3516 superbiamque
1071 3442 1323 3506 adhibet;
1376 3441 1462 3494 ille
1495 3455 1645 3503 vero,
1691 3441 1853 3495 etiam
1889 3457 2010 3495 cum

429 3537 576 3592 solus
616 3544 722 3601 est,
756 3534 876 3603 plus
921 3547 1074 3602 aequo
1118 3547 1176 3586 se
1215 3533 1385 3600 ipsum
1416 3529 1590 3597 etIert,
1620 3531 1892 3600 animique
1923 3546 2014 3583 va—

430 3630 677 3682 nitate-se
707 3625 966 3686 sustollit,
996 3640 1061 3678 ac
1090 3623 1271 3692 erigit.
1304 3622 1482 3690 Atque
1507 3632 1564 3674 ut
1594 3621 1861 3690 intelligas
1891 3622 2013 3689 qais

431 3720 502 3774 sit
535 3733 753 3788 prorsus
791 3715 1058 3779 sublimis,
1109 3715 1183 3767 tui
1220 3715 1388 3783 ipsius
1428 3714 1800 3776 reminisci-re,
1838 3713 2013 3781 qualis

431 3811 803 3882 injuventutis
838 3819 943 3864 tum
969 3807 1204 3860 vanitate
1244 3806 1445 3860 fueris:
1468 3807 1512 3859 si
1544 3807 1759 3874 quando
1785 3820 2010 3873 usquam

432 3907 558 3959 dum
609 3903 754 3958 solus
806 3900 899 3955 tibi
928 3913 1191 3963 vacares,
1237 3898 1361 3951 vita:
1408 3898 1667 3951 rationem
1721 3912 1785 3952 ac
1834 3896 2013 3950 studia

430 3995 744 4059 attendisti;
779 4007 941 4063 quam
975 3990 1135 4044 facile
1171 3989 1367 4043 mentis
1390 3989 1719 4057 cogitatione
1747 4004 1776 4040 a
1806 3988 2012 4057 princi-

430 4096 563 4158 patu
619 4085 674 4138 in
724 4083 1109 4152 principatum,
1160 4096 1190 4133 a
1239 4078 1517 4132 dominatu
1575 4079 1628 4131 in
1678 4080 2011 4131 dominatum

430 4189 807 4239 concurreres,
836 4186 1182 4238 comparares
1202 4169 1441 4232 divitias,
1465 4168 1652 4223 domos
1676 4181 2008 4233 exstrueres,

430 4282 723 4337 seponeres
755 4278 946 4317 aurum
995 4271 1049 4316 et
1100 4271 1404 4330 argentum,
1454 4243 1653 4329 praedia
1706 4260 2008 4329 colligeres,

431 4374 502 4413 ex
524 4358 721 4426 quibus
749 4353 974 4423 singulis
1023 4352 1180 4405 annis
1216 4358 1294 4404 tot
1328 4359 1578 4417 tantaque
1625 4347 1722 4403 tibi
1773 4350 2012 4403 redirent

2190 3075 2277 3130 89.
2312 3074 2421 3128 Καὶ
2455 3074 2555 3128 ἐπὶ
2586 3074 2784 3129 πάντα
2816 3075 3200 3146 sweet»,ij
3224 3075 3541 3146 μετέωρον.
3584 3075 3705 3147 Τῆς

2113 3166 2283 3238 αὑτῆς
2320 3167 2517 3230 κακίας
2546 3168 2662 3220 ἐστὶ
2702 3167 2798 3220 καὶ
2836 3169 2865 3221 ό
2906 3167 3106 3239 ὑψηλὸς
3130 3168 3224 3221 καὶ
3258 3168 3551 3239 μετέωρος,
3581 3167 3706 3221 δια-

2114 3260 2294 3333 φέρων
2337 3260 2473 3330 πρδς
2500 3260 2590 3313 τὸν
2622 3259 2883 3332 ὑϐριστὴν
2914 3262 3007 3315 καὶ
3035 3262 3380 3332 ὑπερήφανον
3410 3262 3476 3331 τῇ
3516 3260 3705 3330 σχέσει

2118 3351 2296 3421 μόνον.
2369 3351 2427 3403 Ὀ
2480 3350 2579 3421 μὲν
2632 3350 2742 3423 γὰρ
2790 3350 2911 3404 καθ’
2963 3351 3163 3422 ἐτέρων
3203 3353 3268 3421 τῇ
3310 3349 3465 3421 ὕϐρει
3505 3350 3703 3422 καὶτῇ

2114 3442 2460 3515 ὑπερηφανίᾳ
2497 3443 2792 3514 κέχρηται·
2832 3445 2862 3497 ό
2900 3444 2977 3508 δὲ,
3021 3446 3114 3497 καὶ¹
3168 3444 3326 3515 μόνος
3365 3441 3462 3505 ῶν,
3502 3443 3704 3496 ἑαυτὸν

2113 3534 2421 3605 ὑπεραίρει,
2452 3535 2548 3586 καὶ
2586 3534 2905 3605 μετεωρίςει
2951 3535 3015 3605 τῇ
3069 3535 3385 3604 ματαιότητι
3426 3532 3523 3587 τοῦ
3555 3533 3703 3599 νοὸς,

2114 3627 2207 3679 καὶ
2238 3627 2445 3696 ἁνυιζιοῖ.
2482 3625 2588 3678 Καὶ
2623 3627 2709 3680 ἵνα
2741 3643 2831 3697 μοι
2860 3627 3058 3698 νοήσῃς
3091 3626 3182 3679 τὸν
3206 3625 3448 3697 ἀκριϐῶς
3489 3626 3704 3697 μετέω-

2118 3733 2229 3786 ρον,
2256 3718 2563 3787 ἀνάμνησον
2596 3716 2821 3771 σεαυτὸν
2851 3717 2910 3770 ἐν
2935 3720 3000 3788 τῇ
3028 3716 3344 3787 ματαιότητι
3372 3717 3475 3787 τῆς
3504 3718 3704 3788 νεότη-

2111 3805 2203 3868 τός
2244 3822 2358 3870 σου,
2409 3807 2619 3859 εἴποτε
2661 3806 2800 3860 κατὰ
2842 3811 3037 3859 σαυτὸν
3064 3807 3349 3876 γενόμενος
3388 3806 3577 3871 ἔλαϐες
3615 3807 3708 3860 εν-

2113 3914 2261 3951 νοιαν
2304 3896 2397 3951 τοῦ
2429 3896 2567 3968 βίου,
2597 3899 2691 3952 καὶ
2728 3898 2836 3950 τῶν
2882 3897 3355 3969 ἐπιτηδευμάτων·
3392 3897 3512 3961 πῶς
3549 3899 3708 3953 εὑκὸ-

2112 3988 2219 4052 λως
2248 3988 2388 4042 κατὰ
2417 3988 2515 4060 τὴν
2543 3988 2839 4058 φαντασίαν
2867 3988 2960 4042 τοῦ
2991 3987 3083 4041 νοῦ
3109 3988 3416 4060 ἐπέδραμες
3437 3990 3616 4060 ἀρχὰς
3640 3990 3704 4057 ἐξ

2113 4082 2318 4154 ἀρχῶν,
2345 4082 2663 4144 δυναστείας
2700 4084 2765 4135 ἐκ
2785 4080 3132 4144 δυναστειῶν,
3170 4079 3399 4133 πλοῦτον
3432 4081 3701 4154 περιεϐά-

2111 4171 2228 4237 λου,
2273 4172 2450 4236 οἰκίας
2500 4172 2877 4243 ᾡκοδόμησας,
2929 4172 3128 4243 χρυσὸν
3178 4173 3271 4225 καὶ
3313 4172 3553 4245 ἄργυρον
3586 4174 3702 4246 (i0)

2112 4264 2335 4328 ἀπέθου,
2378 4265 2601 4333 κτήσεις
2644 4265 2968 4332 συνήγαγες,
3007 4262 3140 4315 τόσα
3175 4262 3268 4315 καὶ
3297 4263 3429 4315 τόσα
3458 4264 3704 4319 τάλαντα

2112 4356 2234 4409 κατ’
2280 4354 2398 4418 ἔτος
2441 4351 2933 4426 προηομιζοὺσας,
2973 4351 3185 4415 οἰκέτας
3231 4352 3391 4421 ἔσχες
3442 4356 3697 4425 pugio-4;,

435 4425 657 4511 talenta,
711 4445 937 4498 haberes
993 4441 1224 4495 famulos
1269 4439 1607 4505 innumeros,
1660 4448 1805 4492 artes
1834 4438 2011 4493 omnis

2117 4449 2306 4519 τέχνας
2337 4447 2702 4510 παντοδαπὰς,
2729 4445 2828 4509 τὰς
2851 4448 2915 4498 ἐκ
2933 4447 3137 4500 τούτων
3160 4446 3474 4516 προσόδους,
3496 4449 3702 4516 ἀγέλας

433 4553 671 4609 generis.
689 4544 982 4606 proventus
995 4548 1061 4587 ex
1085 4533 1169 4586 bis
1193 4540 1552 4600 emergentes,
1584 4540 1827 4585 armenta
1848 4546 2012 4600 equa-

2117 4539 2317 4601 ἵππων,
2353 4539 2576 4609 ποίμνια
2616 4539 2710 4591 καὶ
2742 4537 3017 4607 βουκόλια,
3052 4536 3120 4591 τὰ
3150 4539 3214 4590 ἐκ
3237 4538 3443 4591 τούτων
3473 4543 3703 4612 χρημα-

436 4646 579 4697 rum,
607 4628 799 4684 ovillos
823 4640 1017 4698 greges
1051 4625 1321 4693 boumque
1366 4632 1632 4686 armenta,
1668 4638 1799 4691 opes
1828 4637 1895 4676 ex
1928 4624 2012 4677 bis

2117 4645 2199 4693 τα,
2235 4632 2468 4698 γυναῖκα
2494 4629 2587 4681 καὶ
2612 4629 2828 4693 παῖδας,
2868 4628 2962 4681 καὶ
2998 4628 3203 4682 τούτων
3243 4629 3313 4683 τὰ
3341 4629 3541 4698 ἔκγονα
3562 4632 3701 4701 (Η),

433 4722 838 4794 provenientes,
870 4732 1117 4777 uxorem,
1151 4716 1375 4778 liberos,
1402 4728 1466 4768 ac
1493 4729 1679 4767 eorum
1724 4715 1964 4768 sobolem
1991 4731 2006 4781 ;

2117 4720 2298 4790 φίλους
2322 4720 2707 4791 εὑεργέτησας,
2742 4719 2971 4790 ἐχθροὺς
3007 4720 3221 4792 ὴμὺνω,
3264 4716 3439 4794 ἦρξας
3464 4722 3700 4787 πόλεων,

435 4814 679 4871 adiceres
700 4813 905 4866 amicos
925 4807 1233 4865 beneﬁciis:
1264 4816 1317 4860 te
1341 4807 1407 4860 de
1432 4806 1666 4860 inimicis
1683 4804 2008 4871 vindicares,

2117 4809 2231 4865 εἶτα
2281 4810 2471 4875 ἐθνῶν,
2524 4811 2586 4864 τὸ
2634 4811 2941 4866 τελευταῖον
2979 4813 3075 4865 καὶ
3113 4812 3491 4877 ἐϐασίλευσας.
3534 4814 3705 4886 Ὁρᾷς

434 4906 796 4979 principatum
843 4902 1122 4958 obtineres
1172 4899 1492 4962 civitatum,
1541 4898 1735 4951 deinde
1778 4906 1833 4951 et
1883 4912 2012 4968 geu-

2117 4903 2234 4965 πῶς
2263 4903 2368 4956 ὑπὸ
2397 4903 2729 4974 κουφότητος
2754 4906 2783 4958 ὁ
2810 4902 3052 4967 τοιοῦτος
3084 4903 3207 4967 νοῦς
3233 4904 3438 4975 ὑψηλός
3463 4905 3581 4958 ἐστι
3608 4908 3703 4960 καὶ

437 5001 613 5065 tium;
646 5011 710 5050 ac
746 4996 959 5048 tandem
993 5006 1213 5062 regnum
1233 4989 1731 5058 occupares.Vides
1757 4989 2013 5058 quemad-

436 5090 651 5143 modum
680 5086 940 5154 ejusmodi
981 5086 1194 5138 auinms
1219 5097 1327 5153 pta:
1356 5081 1575 5137 levitate
1614 5097 1707 5135 sua
1739 5084 1913 5135 elatus
1943 5082 2013 5136 sit

435 5192 491 5234 ρι
527 5179 811 5236 sublimis?
857 5178 1131 5247 Nusquam
1171 5175 1440 5241 constitit,
1480 5175 1576 5229 sed
1609 5175 1747 5229 ultra
1777 5176 1830 5230 id
1863 5176 2011 5244 quod

503 5381 551 5414 ⁵³
584 5382 600 5436 Ι
633 5381 759 5437 Cor.
799 5396 875 5443 vr,
898 5379 986 5434 IO.

513 5563 584 5633 (τι)
624 5561 760 5633 Editi
789 5571 844 5614 et
872 5560 975 5633 duo
1002 5552 1574 5632 ιιιεε.,ὑπερέχει.Αιιῑ
1609 5559 1836 5624 quatuor
1851 5568 2004 5616 mss.,

438 5631 742 5705 ὑπεραίρει,
771 5631 989 5705 rectius.

509 5691 796 5777 (‘iot'lﬂditi
832 5710 885 5755 et
918 5698 1046 5767 Reg.
1083 5698 1287 5767 primus
1339 5695 1618 5768 ἀργύριον.
1660 5692 1767 5747 Sed
1803 5691 1855 5746 in
1886 5691 2006 5746 aliis

2121 4994 2426 5066 μετέωρος;
2459 4995 2709 5066 Οὑδαμοῦ
2736 4997 3075 5068 ἐστήρικται,
3101 4995 3215 5051 ἀλλ’
3243 4998 3385 5067 ὑπὲρ
3406 4995 3476 5050 τὰ
3514 4996 3707 5051 ἀδύνα-

2117 5101 2210 5147 τα,
2230 5086 2370 5156 ὑπὲρ
2400 5084 2498 5157 τὴν
2527 5086 2689 5154 φύσιν
2713 5086 2957 5158 φέρεται.
2998 5088 3324 5142 ’Δπειλιῐται
3350 5084 3444 5144 οὖν
3468 5089 3565 5142 καὶ
3588 5092 3705 5151 eoi;

2120 5176 2415 5248 μετεώροις
2445 5177 2534 5248 κτὰ
2581 5178 2787 5250 φυσερά
2829 5181 2927 5249 τῆς
2975 5179 3209 5252 ἡμέρας
3270 5179 3542 5251 ’Δμαρτεα
3588 5180 3719 5256 γάρ’

2116 5552 2359 5625 quinque
2384 5567 2513 5625 mss.
2546 5551 2785 5625 ἄργυρον
2817 5550 3029 5621 legitur.

2187 5621 2296 5693 (li)
2338 5622 2442 5678 Pro
2464 5621 2661 5692 ἔκγονα
2683 5621 2886 5691 aliquot
2911 5638 3038 5679 mss.
3083 5621 3299 5692 habent,
3326 5622 3549 5695 ἔγγονα.
