3828 6216
166 274 280 330 265

1066 270 1421 331 COMMENT.
1459 274 1529 331 1N
1563 269 1805 332 ISAIAM
1845 275 2296 338 PROPHETAM.
2337 281 2489 336 CAP.
2531 283 2598 338 ll.

3350 291 3453 348 266

163 398 307 459 Last,
363 392 550 465 φησὶν,
603 395 634 447 ὁ
675 392 1072 466 μετεωρισμός.
1130 395 1331 451 Ἀκουε
1362 394 1473 468 γὰρ
1520 394 1615 450 τοῦ
1647 396 1761 469 (12)
1792 402 1836 459 Α

1867 397 1985 454 ﬁeri
2005 406 2204 468 potest,
2241 399 2379 456 ultra
2412 411 2622 461 natura:
2649 406 3014 463 conditionem
3043 408 3237 466 fertur.
3266 410 3455 483 Itaque

164 488 377 562 Κυρίου
412 487 697 556 λέγοντοςσ
734 488 844 542 Καὶ
874 485 955 556 μὴ
982 486 1420 557 μετεωρίζεσθε.
1449 490 1559 544 Καὶ
1594 491 1622 544 ὁ
1657 508 1761 562 μα-

166 578 545 651 κάριοςΔαϐὶδ
560 579 620 632 ὲν
642 579 759 641 τοῖς
779 574 1169 648 κατορθώμασι
1192 576 1421 651 ἀριθμεῖ
1440 578 1502 632 τὸ
1530 578 1605 650 μὴ
1629 596 1760 650 μετ-

163 671 521 743 εωρισθῆναι,
556 668 690 741 μηδὲ
727 667 1031 738 ὑψωθῆναι.
1061 667 1244 737 Κύριε
1267 668 1398 740 γὰρ,
1435 670 1621 741 φησὶν,
1645 672 1759 741 οὐχ

163 763 382 834 ύψιίθη
425 765 466 834 ἡ
515 762 731 832 καρδία
759 779 900 831 μου,
945 760 1090 816 οὐδὲ
1142 763 1665 833 ἐμετεωρίσθησαν
1705 767 1759 819 ol

163 857 470 926 ὀφθαλμοί
489 873 630 926 μου.
661 855 817 907 Ἐστι
855 853 1039 925 μέντοι
1074 853 1170 907 καὶ
1197 855 1498 921 ὲπαινετῶς
1539 857 1759 929 ὑψωθῆ-

163 965 272 1011 ναι,
330 948 461 1000 ὅταν
492 946 568 1017 μὴ
600 944 984 1017 μικροπρεπὴς
1024 940 1120 1018 ᾗς,
1171 945 1308 1018 μηδὲ
1348 948 1578 1002 ταπεινά
1613 967 1761 1020 μεριο

167 1037 340 1110 μνῶν,
370 1036 511 1092 ἀλλά
538 1035 961 1107 διεγηγερμένος
990 1035 1053 1090 τὸ
1082 1036 1358 1109 φρόνημα,
1392 1044 1485 1092 καὶ
1516 1040 1594 1110 τῷ
1625 1041 1757 1094 ἀνα-

164 1130 405 1201 στήματι
433 1128 535 1199 τῆς
559 1128 761 1200 ἀρετῆς
795 1126 901 1180 ὑπὸ
943 1128 1348 1200 μεγαλοψυχίας
1395 1131 1490 1184 καὶ
1527 1132 1758 1203 μεγαλο-

161 1223 313 1286 νοίας
356 1220 792 1291 κεκοσμημένος.
843 1219 918 1273 Τὸ
960 1219 1201 1274 τοιοῦτον
1234 1220 1367 1291 ὕψος
1398 1225 1498 1294 τῆς
1531 1223 1757 1295 γνώμης

160 1315 487 1378 ἁποδεκτὸν,
526 1313 590 1366 τὸ
635 1313 1004 1367 ἀταπείνωτον
1060 1316 1118 1368 ὲν
1171 1314 1404 1385 θλίψεσι,
1456 1316 1518 1369 τὸ
1573 1317 1756 1389 ὑπερ-

161 1406 395 1479 φρονῶν
430 1404 540 1458 τῶν
571 1404 666 1457 ἐπὶ
699 1402 820 1474 γῆς.
852 1403 1103 1467 Τοιοῦτος
1136 1405 1166 1457 ὁ
1201 1405 1264 1457 τὸ
1292 1405 1592 1477 πολίτευμα
1615 1406 1754 1478 ἔχων

159 1503 218 1555 ὲν
237 1502 516 1573 οὐρανοῖς,
540 1499 570 1552 ὁ
589 1498 689 1569 τὴν
722 1497 952 1568 καρδίαν
980 1498 1325 1570 ἐπτοημένην
1347 1498 1485 1569 ἔχων
1520 1502 1600 1562 εἰς
1624 1502 1755 1564 τοὺς

157 1596 276 1648 ἐκεῖ
335 1589 667 1663 θησαυρούς.
726 1588 838 1642 Καὶ
869 1588 1016 1641 ἔοικε
1067 1589 1226 1643 τοῦτο
1264 1589 1325 1643 τὸ
1354 1590 1485 1661 ὕψος
1512 1593 1611 1664 τῆς
1641 1592 1753 1647 δια.

156 1688 329 1749 νοίας,
376 1683 515 1756 πρὸς
560 1681 659 1753 τὴν
712 1683 775 1733 ὲκ
808 1678 902 1733 τοῦ
949 1680 1119 1750 τύφου
1163 1680 1415 1753 ἔπαρσιν,
1450 1684 1549 1755 τὴν
1579 1684 1749 1756 αὐτὴν

1863 506 1984 561 qua:
2010 492 2208 548 suntin
2232 492 2320 550 die
2348 493 2436 549 illa
2464 495 2822 565 formidanda,
2851 499 3174 555 sublimibus
3208 501 3454 558 intermi-

1862 595 2043 641 natur.
2083 584 2244 654 Nam,
2270 586 2461 659 inquit,
2487 589 2675 655 elatio,
2705 599 2984 660 peccatum
3012 601 3114 647 est.
3139 592 3279 647 Audi
3309 592 3450 647 enim

1862 675 2148 733 Dominum
2184 680 2452 736 dicentem
2507 701 2521 736 :
2558 681 2624 735 Et
2667 681 2826 737 nolite
2874 685 2930 738 in
2970 684 3192 738 sublime
3240 684 3356 739 tolli
3386 685 3440 743 ³⁷.

1862 770 1930 825 Ει
1960 772 2150 826 beatus
2176 771 2345 825 David
2389 772 2529 828 inter
2558 774 2806 840 virtutes,
2838 784 2892 828 et
2919 774 3180 844 praeclara
3208 775 3442 831 facinora

1860 871 2167 928 enumerat,
2198 863 2243 918 si
2275 864 2397 933 quis
2428 880 2487 921 se
2524 866 2576 919 in
2609 864 2843 920 sublime
2888 881 2995 920 non
3038 865 3235 921 evehat
3274 852 3475 937 nequef

1859 950 2199 1008 sustollatur.
2233 952 2454 1007 Domine
2486 954 2653 1019 enim,
2689 954 2887 1024 inquit,
2919 971 3021 1009 non
3046 964 3120 1008 est
3155 954 3441 1009 exaltatum

1859 1057 1950 1096 cor
1976 1057 2168 1107 meum,
2198 1059 2362 1114 neque
2395 1044 2519 1098 elati
2548 1054 2666 1099 sunt
2695 1044 2835 1098 oculi
2856 1045 2977 1100 mei.
3000 1045 3044 1077 ³⁸
3065 1044 3229 1101 Potes
3265 1054 3447 1101 tamen

1858 1133 2201 1190 laudabiliter
2240 1137 2494 1204 exaltari,
2537 1153 2660 1192 cum
2693 1138 2934 1192 animum
2966 1154 3074 1193 non
3116 1138 3444 1209 despondes.

1858 1242 2032 1296 neque
2057 1227 2182 1281 vilia
2211 1237 2303 1281 aut
2330 1225 2544 1295 abiecta
2579 1242 2760 1293 curas,
2788 1227 2883 1283 sed
2913 1238 3235 1298 experrecto
3264 1229 3447 1285 animo

1856 1331 1914 1376 et
1949 1320 2140 1384 alacri,
2172 1327 2335 1390 atque
2371 1319 2590 1376 virtutis
2626 1319 2960 1377 sublimitate
3002 1335 3099 1392 per
3132 1320 3299 1375 animi
3345 1336 3446 1376 ex-

1856 1412 2156 1468 eelsitatcm
2187 1426 2253 1466 ac
2276 1411 2701 1481 magnitudinem
2732 1420 2958 1467 ornatus
2982 1426 3063 1466 es.
3096 1411 3249 1468 Talis
3277 1413 3444 1468 animi

1855 1501 2021 1557 elatio
2051 1502 2485 1567 commendatur,
2522 1503 2568 1557 si
2601 1502 2815 1557 animus
2846 1502 2899 1556 in
2929 1500 3310 1560 afﬂictionibus
3333 1520 3441 1558 non

1853 1594 2126 1663 abjicitur,
2159 1599 2203 1648 si
2235 1604 2452 1651 terrena
2482 1604 2922 1653 contemnuntur.
2968 1594 3114 1649 Talis
3142 1604 3246 1659 est,
3289 1594 3444 1665 cujus

1853 1696 1940 1743 est
1978 1690 2328 1744 conversatio
2362 1691 2413 1743 in
2465 1689 2636 1755 caelis,
2686 1689 2842 1759 cujus
2886 1703 2981 1743 cor
3029 1688 3300 1743 thesauris
3333 1688 3443 1743 illic

156 1779 304 1849 ἔχειν
343 1748 774 1847 διαφορὰν-(15),
804 1773 873 1843 ἢν
902 1748 1131 1843 ἀληθινὴ
1168 1748 1350 1840 εὐεξία
1385 1748 1520 1845 πρὸς
1554 1774 1652 1848 τὴν
1688 1748 1749 1841 ἐξ
1783 1748 1823 1802 Β
1854 1797 1857 1832 1

1865 1780 2150 1834 reconditis
2178 1780 2371 1835 inhiat.
2411 1779 2582 1835 Porro
2617 1779 2757 1836 idem
2790 1781 3001 1834 videtur
3034 1779 3297 1834 interesse
3326 1781 3440 1835 dis-

156 1869 351 1941 ὑδέρου
400 1865 694 1936 γινομένην
733 1864 833 1934 τῆς
868 1863 1071 1933 σαρκὸς
1100 1864 1488 1919 ἐπανάστασιν.
1528 1867 1745 1934 Ὤγκω-

152 1978 244 2016 ται
302 1960 403 2031 μὲν
464 1959 575 2031 γὰρ
628 1959 690 2013 τὸ
744 1958 924 2031 σῶμα.
986 1957 1104 2013 ἀλλ’
1166 1956 1398 2010 ὕπουλόν
1469 1959 1586 2012 ἐστι
1650 1961 1747 2015 καὶ

153 2057 321 2109 νοσεῖ.

1853 1875 2057 1929 crimen
2091 1874 2235 1929 inter
2281 1874 2424 1929 hanc
2459 1873 2626 1927 animi
2657 1872 3029 1928 celsitudinem
3070 1881 3126 1927 et
3171 1873 3439 1941 superbiae

1851 1966 2167 2030 elationem,
2192 1966 2336 2036 quod
2366 1966 2509 2019 inter
2530 1965 2779 2035 corporis
2803 1965 3170 2020 habitudinem
3201 1979 3267 2018 ac
3309 1980 3438 2019 car-

1850 2060 1935 2115 nis
1964 2069 2232 2114 tumorem
2266 2074 2331 2113 ex
2360 2072 2497 2126 aqua
2522 2057 2786 2112 intercute
2808 2056 3106 2128 profectum
3131 2056 3439 2112 intercedit.

153 2146 474 2202 lntumeseit
520 2144 744 2215 quidem
790 2160 855 2199 ac
908 2154 1081 2214 turget
1127 2157 1364 2213 corpus,
1415 2145 1510 2198 sed
1560 2145 1749 2199 subter
1782 2163 1985 2220 aegrum
2011 2156 2095 2204 est
2122 2158 2177 2212 et
2201 2148 2539 2204 morbosum.

222 2237 315 2295 90.
364 2237 476 2293 Kal
523 2239 626 2293 ἐπὶ
669 2236 878 2294 πᾶσαν
921 2237 1138 2308 κέδρον
1171 2239 1281 2294 τοῦ
1322 2239 1585 2295 Λιϐάνου
1628 2239 1749 2294 τῶν

152 2332 417 2403 ὑψηλῶν
446 2333 563 2405 καὶ)
572 2332 901 2404 μετεώρων.
933 2333 1069 2385 Ποία
1109 2333 1301 2398 κακία,
1333 2335 1487 2405 φησὶ,
1525 2335 1625 2407 τῆς
1657 2334 1750 2389 κέ-

149 2427 301 2498 δρου,
331 2426 415 2480 ὃτι
435 2425 609 2479 καὶτὸ
630 2424 833 2495 ταύτης
856 2424 1081 2496 ὑψηλὸν,
1109 2425 1247 2496 ὅπερ
1275 2427 1341 2479 ὲκ
1369 2425 1584 2495 φύσεως
1608 2427 1745 2498 αὐτῇ

149 2518 468 2589 πρόσεστιν,
508 2519 590 2581 είς
624 2516 872 2582 ἐξέτασιν
916 2515 1144 2586 ἅγεται;
1175 2516 1276 2571 Διά
1315 2518 1368 2570 τί
1395 2517 1458 2574 δὲ
1484 2518 1622 2582 ὅλως
1651 2522 1748 2575 καὶ

144 2612 273 2674 ταῖς
309 2610 371 2664 ὲν
390 2608 471 2681 τῷ
508 2609 727 2676 Λιϐάνῳ
761 2608 976 2679 κέδροις
1006 2609 1221 2663 ἀπειλεῖ
1242 2609 1341 2681 τὴν
1370 2610 1585 2681 ἡμέραν
1613 2613 1642 2665 ὁ
1661 2612 1748 2667 λό-

144 2719 277 2772 γος;
306 2703 433 2759 ’Ὅτι
469 2701 567 2773 μὲν
591 2698 685 2756 οὖν
716 2701 847 2773 περὶ
879 2700 1138 2772 ἐμψύχων
1180 2703 1208 2754 ὁ
1238 2701 1394 2771 λόγος
1431 2701 1542 2756 τῶν
1574 2721 1748 2775 πεφυ-

148 2794 459 2865 σιωμένων,
480 2793 576 2848 καὶ
603 2793 742 2865 μετά
779 2793 1141 2864 ἀναισθησίας
1167 2794 1401 2864 ἐχόντων
1446 2795 1544 2866 τὴν
1575 2795 1748 2869 ἔπαρ-

145 2904 258 2949 σιν,
284 2886 464 2950 οὐδεὶς
495 2887 732 2957 ἀντερεῖ.
773 2885 936 2939 Ἀλλά
971 2886 1061 2940 διὰ
1082 2887 1138 2939 τί
1169 2887 1385 2958 κέδροι;
1425 2888 1521 2942 καὶ
1555 2887 1644 2943 διὰ
1670 2889 1744 2955 τί,

142 2979 245 3036 τοῦ
277 2978 515 3034 Λιϐάνου
536 2995 551 3044 ;
574 2980 641 3032 Al
680 2978 862 3048 κέδροι
896 2978 1062 3047 φυτόν
1092 2980 1250 3045 εἰσιν,
1284 2979 1573 3051 ἀχρήστων
1615 2998 1748 3054 καρ-

146 3072 270 3129 πῶν
302 3073 563 3137 οίστικαὶ,
597 3073 677 3136 είς
720 3072 833 3144 (14)
881 3072 1015 3141 ὕψος
1061 3072 1325 3144 μήκιστον
1354 3072 1741 3145 αὐξανόμεναι,

144 3164 245 3220 καὶ
276 3164 370 3219 ἀεὶ
396 3164 731 3219 ὲπιδιδοῦσαι
762 3164 904 3221 κατά
930 3164 1028 3236 τὴν
1059 3164 1378 3236 προσθήκην
1405 3165 1500 3218 τοῦ
1527 3166 1742 3237 χρόνου,

144 3254 272 3311 οὕτε
296 3254 552 3327 γηρῶσαι
588 3256 806 3327 ῥᾳδίως,
833 3256 956 3310 οὕτε
992 3255 1230 3320 εὐκόλως
1252 3257 1707 3329 κατασηπόμεναι
1727 3276 1741 3289 ’

143 3352 175 3404 ὁ
197 3348 258 3403 δὲ
285 3348 523 3412 Λίὸανος
550 3348 676 3420 ὅρος
702 3348 1143 3421 είδωλολατρείας
1169 3348 1232 3402 τὸ
1259 3349 1485 3403 παλαιὸν
1508 3345 1596 3420 ἦν.
1628 3352 1745 3404 Ἵνα

143 3439 239 3499 οὖν
280 3441 386 3505 τὰς
423 3441 543 3496 ἐκεῖ
581 3441 1063 3513 ὲμφιλοχωρούσας
1100 3441 1213 3512 (15)
1262 3441 1542 3514 ὀλεθρίους
1581 3442 1742 3497 δυνά-

1920 2246 2009 2301 9υ.
2044 2242 2213 2300 Vsns.
2246 2243 2333 2298 15.
2358 2242 2426 2296 Et
2451 2259 2607 2312 super
2623 2259 2803 2296 omnes
2826 2244 3007 2297 cedros
3042 2241 3231 2297 Libani
3265 2242 3439 2296 excel-

1849 2354 1937 2392 sas
1968 2347 2016 2392 et
2044 2336 2314 2392 sublimes.
2339 2334 2549 2390 Dixerit
2579 2334 2849 2405 quispiam
2874 2353 2886 2389 :
2925 2333 3210 2402 Quodnam
3243 2334 3436 2390 vitium

1851 2433 1994 2488 inest
2026 2433 2215 2495 cedro,
2241 2430 2312 2488 ob
2340 2430 2484 2501 quod
2510 2440 2565 2486 et
2584 2429 2758 2499 ipsius
2799 2429 3026 2485 altitudo
3055 2429 3160 2485 sibi
3187 2444 3218 2485 a
3247 2438 3436 2486 natura

1851 2524 2021 2579 indita
2073 2524 2140 2579 ad
2191 2536 2421 2579 examen
2467 2521 2810 2577 adducatur?
2851 2520 2963 2577 Cur
2993 2522 3159 2577 etiam
3213 2537 3438 2592 prorsus

1851 2613 1997 2668 diem
2045 2613 2193 2668 illam
2241 2613 2418 2668 cedris
2466 2611 2657 2667 Libani
2698 2611 2994 2683 Scriptura
3031 2612 3441 2668 comminatur!

1849 2702 2019 2758 Nemo
2039 2704 2078 2757 it
2109 2704 2320 2759 inficias
2353 2704 2484 2775 quin
2518 2718 2700 2759 sermo
2732 2703 2800 2758 de
2829 2702 3440 2777 animaMﬁprzeditis

1851 2795 2133 2860 habeatur,
2147 2796 2236 2866 qui
2248 2801 2461 2850 tument
2475 2811 2538 2850 ac
2552 2802 2887 2867 turgescunt,
2901 2811 2967 2851 ac
2981 2811 3177 2853 sensus
3188 2810 3440 2867 expertes

1849 2903 1970 2944 sese
1988 2886 2243 2944 ell‘erunt.
2274 2887 2381 2945 Sed
2412 2889 2609 2959 ecquid
2636 2888 2826 2944 cedri?
2851 2896 2907 2943 et
2935 2903 3099 2958 quam
3129 2888 3201 2945 ob
3220 2904 3438 2945 causam

1848 2981 1996 3036 cedri
2028 2980 2262 3037 Libani?
2294 2979 2456 3036 Cedri
2492 2980 2718 3036 arbores
2744 2987 2893 3047 sunt,
2931 2995 3052 3051 quae
3081 2980 3289 3037 fructus
3320 2981 3437 3037 usi-

1848 3073 1950 3129 bus
1976 3072 2119 3127 haud
2167 3073 2390 3128 idoneos
2421 3070 2623 3140 ferunt,
2664 3082 3026 3143 crescuntque
3065 3073 3120 3127 in
3161 3073 3437 3144 amplissi-

1848 3180 1991 3217 mam
2023 3164 2391 3227 altitudinem,
2413 3170 2468 3217 et
2495 3177 2593 3231 pro
2620 3162 2880 3233 temporis
2910 3177 3197 3232 progressu
3221 3178 3440 3232 semper

1848 3264 2139 3328 augentur,
2169 3255 2263 3311 vix
2294 3264 2607 3321 senescunt,
2644 3256 2848 3326 vixque
2881 3263 3240 3325 putrescunt:
3277 3254 3440 3310 Liba-

1850 3364 1953 3404 nus
1978 3358 2159 3405 autem
2216 3348 2344 3403 olim
2375 3362 2534 3404 mons
2579 3356 2701 3403 erat
2752 3346 3095 3401 idololatriae.
3154 3347 3340 3417 Itaque
3381 3358 3439 3401 ut

1848 3441 2110 3496 exitiosus
2136 3449 2432 3510 potestates
2465 3439 2574 3494 illic
2602 3448 3005 3494 commorantes
3035 3439 3194 3495 nobis
3226 3439 3436 3494 indica-

147 3553 273 3608 μεις
309 3534 613 3606 ἐνδείξηται
647 3536 803 3606 ἡμῖν,
828 3533 1056 3605 κέδρους
1080 3533 1334 3604 ὠνόμασε
1372 3533 1467 3587 τοῦ
1506 3535 1743 3588 Λιϐάνου
1774 3537 1813 3591 C
1849 3549 1857 3585 l

1865 3540 1950 3597 -et,
1997 3531 2314 3586 altitudines
2357 3530 2635 3600 nequitiae,
2694 3531 2956 3584 adversus
3004 3530 3097 3585 Dei
3151 3530 3433 3586 scientiam

141 3628 210 3684 τὰ
238 3627 519 3700 ὑψώματα
549 3627 651 3697 τῆς
680 3628 968 3699 πονηρίας,
1000 3626 1070 3680 τὰ
1096 3625 1435 3698 ὲπαιρὸμενα
1474 3626 1614 3681 κατὰ
1645 3628 1742 3699 τῆς

141 3722 406 3793 γνώσεως
428 3720 523 3775 τοῦ
557 3719 714 3787 Θεοῦ,
747 3720 877 3791 περὶ
907 3713 984 3774 ὧν
1014 3720 1109 3774 καὶ
1139 3722 1168 3774 ὁ
1194 3719 1410 3790 ψαλμός
1449 3737 1634 3793 φησιν,
1660 3722 1742 3776 ὅτι

144 3814 475 3883 imply-et
510 3815 729 3882 Κύριος
758 3813 867 3880 τὰς
908 3811 1161 3880 κέδρους
1197 3811 1304 3864 τοῦ
1331 3809 1610 3865 Λιϐάνου.
1643 3810 1742 3864 Δύ-

141 3926 305 3964 ναται
361 3907 421 3960 δὲ
473 3907 543 3960 τὰ
598 3908 657 3959 ἐν
708 3904 1019 3978 ἀνθρώποις
1089 3901 1388 3966 ἀλαζονικὰ
1447 3903 1553 3981 ἢθη
1612 3902 1740 3957 ἄνευ

142 3998 331 4060 αἰτίας
364 3996 513 4060 τινὸς
540 3994 834 4053 ἀκολούθου
862 3994 1000 4067 πρὸς
1031 3994 1132 4065 τὴν
1161 3993 1427 4063 φυσίωσιν
1452 3993 1743 4065 ἐπαιρόμε-

139 4106 211 4143 να
269 4087 363 4141 διὰ
411 4087 519 4140 τῶν
566 4086 774 4158 κέδρων
807 4083 1167 4139 αἰνίσσεσθαι.
1205 4083 1362 4135 Ἔστι
1400 4081 1509 4153 γὰρ
1548 4083 1641 4135 καὶ
1685 4085 1742 4136 ὲν

144 4178 415 4251 (poeniteat
445 4178 479 4248 ἦ
510 4177 711 4248 πιθανή
739 4194 823 4240 τις
849 4176 999 4230 αίτία
1024 4174 1122 4246 τὴν
1155 4173 1386 4244 ἔπαρσιν
1414 4173 1740 4241 ἐμποιοῦσα,

142 4271 177 4342 ἢ
233 4270 416 4341 πάντη
464 4268 676 4336 ἄλογος.
725 4262 850 4321 Οἷον
894 4266 1029 4338 (16),
1079 4268 1270 4337 φρονεῖ
1312 4281 1396 4327 τις
1440 4265 1526 4334 ἐφ’
1565 4266 1743 4337 ἑαυτῷ

141 4363 209 4417 δι’
274 4362 638 4432 ἐγκράτειανσ
704 4363 894 4432 φρονεῖ
948 4359 1036 4413 διὰ
1099 4358 1478 4432 σωφροσύνην,
1555 4363 1744 4430 φρονεί

141 4453 233 4508 διὰ
274 4453 343 4507 τὸ
384 4454 445 4505 ὲν
488 4455 612 4516 ταῖς
660 4455 993 4524 προσευχαῖς
1043 4453 1335 4523 ἐπίμονον·
1399 4451 1586 4515 κακῶς
1644 4451 1744 4522 μὲν

145 4549 297 4601 ποιεῖ
339 4545 472 4616 παρ’
499 4544 529 4597 ὃ
556 4545 637 4597 δεῖ
661 4543 895 4615 φρονῶν,
942 4543 1083 4616 πλὴν
1123 4543 1238 4596 ἀλλ’
1269 4542 1383 4613 ἔχει
1420 4542 1743 4597 ἀκολουθίαν

142 4635 204 4691 τὺ
258 4634 483 4705 ὕψωμα.
549 4634 609 4686 '0
659 4634 898 4697 τοιοῦτος
954 4633 1159 4704 ὑψηλὸν
1216 4633 1315 4704 μὲν
1374 4634 1492 4685 ἐστι
1553 4634 1740 4701 φυτὸν,

138 4728 259 4782 ἀλλ’
309 4726 590 4797 ἔγκαρπον
615 4742 628 4757 ο
663 4728 693 4778 ὁ
735 4727 793 4780 δὲ
826 4728 956 4782 ἄνευ
998 4726 1265 4799 ἐργασίας
1314 4723 1458 4788 τινὸς
1506 4725 1742 4795 ἀγαθῆς,

139 4820 171 4888 ἦ
206 4816 301 4872 διὰ
334 4817 587 4883 πλοῦτον,
615 4818 649 4889 ἢ
675 4818 744 4871 δι’
772 4817 1079 4886 εὐγένειαν,
1106 4817 1139 4888 ἢ
1171 4816 1261 4870 διά
1302 4814 1557 4886 σώματος
1590 4819 1744 4887 ἰσχὺν

144 4907 639 4981 μετεωριζόμενος,
668 4909 861 4981 κέδρος
889 4909 1061 4976 ἐστὶν,
1091 4908 1331 4982 ἀκάρπῳ
1371 4908 1485 4978 ζωῇ
1523 4909 1617 4961 καὶ
1666 4909 1753 4962 ἀν-

224 5051 269 5082 ³⁷
300 5048 435 5105 Luc.
472 5066 572 5118 xu,
597 5049 689 5106 29.
763 5051 808 5083 ³⁸
862 5049 1004 5105 Psal.
1043 5065 1208 5115 επις,
1241 5050 1292 5104 1.
1370 5048 1416 5080 ³⁹
1450 5048 1495 5103 ll
1550 5050 1674 5106 Cor.
1714 5066 1743 5104 κ

215 5186 336 5255 (l2)
374 5184 570 5258 Addita
595 5195 736 5242 este
763 5187 1085 5256 quibusdam
1128 5199 1260 5241 mss.
1297 5186 1565 5256 particula
1601 5187 1731 5258 γάρ.

141 5257 280 5328 Reg.
312 5256 540 5328 primus,
564 5258 816 5322 ἄκουσον,
843 5258 958 5313 τοῦ.

212 5326 333 5398 (15)
366 5326 447 5398 lla
476 5329 645 5382 nostri
672 5344 764 5382 sex
807 5345 939 5383 mss.
982 5331 1050 5384 At
1079 5328 1231 5389 editi.
1263 5328 1517 5398 ἔπαρσιν,
1542 5327 1737 5398 διαφο-

146 5396 245 5470 ρὰν
276 5396 485 5451 λαϐεῖν.
529 5399 721 5471 Statim
768 5409 883 5471 tres,
926 5416 1080 5471 mss.,
1125 5396 1430 5471 é§_66épou.
1470 5397 1574 5451 Alii
1615 5396 1736 5466 qui-

140 5477 264 5591 2am
278 5483 433 5550 _mss.
468 5485 589 5525 cum
613 5469 792 5536 editis,
827 5469 887 5535 ἐξ
915 5469 1144 5542 ὑδέρων.
1175 5469 1416 5525 Subinde
1444 5483 1583 5524 unus
1609 5484 1736 5534 ms.,

168 5556 427 5591 γκουται.

207 5556 427 5592 κουται.
1704 5592 1710 5601 .

227 5557 287 5592 .r'
413 5580 427 5592 ο

168 5557 517 5685 γῖίιῖἷῖἒάὶιί
546 5618 602 5665 et
633 5618 741 5685 tres
771 5627 930 5676 mss.,
964 5611 1215 5685 καρπῶν,
1248 5612 1304 5666 αἱ
1339 5609 1567 5685 καὶ-εἱς,
1589 5592 1735 5685 haud

142 5680 316 5740 recte.
365 5681 481 5754 Reg
548 5680 773 5745 tertius,
829 5680 1057 5756 καρπῶν
1109 5682 1368 5736 εἱστιικαὶ
1420 5682 1535 5745 είςο
1594 5681 1742 5748 quod

554 5779 830 5836 PATROL.
888 5776 1006 5837 Gn.
1055 5773 1108 5836 X
1123 5774 1269 5837 XX.

1844 3638 1905 3679 se
1932 3623 2242 3679 attollentes
2260 3622 2327 3688 ³⁸,
2355 3624 2548 3678 cedros
2576 3621 2768 3676 Libani
2801 3622 3120 3687 nominavit,
3147 3622 3213 3677 de
3235 3622 3438 3692 quibus
3508 3626 3511 3629 λ

1845 3715 1923 3771 ait
1972 3715 2210 3784 psalmus
2238 3732 2252 3769 :
2285 3713 2593 3784 Confringet
2629 3713 2885 3768 Dominus
2930 3715 3114 3768 cedros
3144 3714 3334 3770 Libani
3366 3717 3434 3771 ‘°.

1846 3806 2019 3863 Porro
2052 3807 2287 3877 superba
2316 3808 2595 3862 hominum
2623 3805 2839 3877 ingenia
2870 3807 3006 3860 citra
3031 3806 3194 3862 ullam
3224 3824 3434 3879 aequam

1848 3901 2113 3952 rat'onem
2154 3900 2220 3952 ad
2253 3907 2519 3952 tumorem
2565 3912 2740 3965 usque
2765 3896 2905 3952 elata
2949 3913 3047 3968 per
3085 3899 3278 3955 cedros
3308 3915 3436 3970 pos-
3552 3932 3575 3951 .

1844 4000 1973 4044 sunt
2001 3988 2322 4059 signiﬁcari.
2370 3988 2664 4044 Enimvero
2705 3990 2869 4043 etiam
2904 3989 2958 4043 in
3001 3989 3169 4044 animi
3223 3998 3438 4046 tumore

1844 4091 1938 4135 aut
1963 4083 2128 4137 elatio
2172 4082 2413 4152 gignitur
2461 4096 2527 4135 ex
2567 4083 2812 4150 speciosa
2865 4080 3046 4152 aliqua
3103 4098 3292 4147 causa,
3343 4093 3437 4136 aut

1847 4176 2058 4230 ratione
2105 4175 2250 4230 nulla
2319 4175 2531 4229 nititur.
2582 4174 2830 4244 Exempli
2890 4176 3109 4243 gratia,
3167 4176 3435 4245 quispiam

1845 4270 1944 4323 sibi
2005 4268 2230 4323 nimium
2266 4277 2486 4336 arrogat
2517 4277 2732 4336 pr0pter
2781 4267 3210 4322 continentiam:
3259 4268 3437 4337 seipse

1845 4361 1914 4413 ob
1945 4361 2360 4429 temperantiam
2394 4358 2572 4427 dfert,
2602 4361 2774 4428 jactat
2800 4374 2860 4415 se
2882 4361 2952 4413 ob
2983 4376 3137 4415 suam
3171 4361 3224 4414 in
3256 4364 3435 4430 preci—

1848 4455 1947 4509 bus
2003 4453 2502 4524 perseverantiam:
2560 4452 2720 4518 plane
2775 4466 3062 4522 perperam
3094 4455 3245 4524 agit,
3306 4456 3436 4509 dum

1845 4554 2207 4615 praeterquam
2273 4547 2417 4615 quod
2491 4545 2645 4600 decet
2687 4583 2702 4607 ,
2767 4545 3032 4615 gloriatur
3083 4564 3097 4601 :
3164 4559 3439 4603 verumta-

1848 4653 1970 4694 men
2034 4637 2299 4692 rationem
2363 4645 2799 4704 praetextati-que
2871 4636 3036 4691 habet
3084 4636 3270 4695 elatio.
3333 4642 3434 4709 Qui

1845 4730 2111 4799 ejusmodi
2174 4740 2279 4794 est,
2353 4730 2518 4784 arbor
2587 4730 2808 4799 quidem
2879 4740 2965 4784 est
3019 4731 3281 4797 excelsa,
3341 4740 3436 4790 sed

1847 4822 2173 4890 fructifera;
2201 4825 2294 4892 qui
2338 4838 2470 4877 vero
2513 4823 2633 4878 sine
2660 4823 2806 4879 bono
2839 4822 2949 4876 ullo
2984 4838 3151 4894 opere
3185 4842 3306 4882 sese
3341 4843 3437 4882 ex-

1786 4904 1829 4959 D
1861 4914 2023 4979 tollit,
2049 4923 2201 4983 puta,
2231 4913 2316 4966 vel
2360 4922 2585 4983 propter
2615 4912 2861 4979 divitias,
2888 4914 2968 4969 vel
3007 4916 3223 4983 generis
3255 4917 3435 4987 splen-

1754 5091 1769 5115 ,
1819 5050 1871 5103 5.
1952 5050 1998 5080 ⁵⁰
2054 5047 2194 5103 Psal.
2228 5064 2423 5117 xxvut,
2454 5049 2507 5103 5.

1846 5186 2065 5256 quidem
2096 5201 2191 5255 per
2221 5203 2280 5243 se
2312 5189 2629 5243 mendosum
2665 5198 2768 5256 est,
2805 5190 2899 5245 sed
2933 5190 3008 5244 ita
3040 5198 3241 5257 tamen,
3277 5201 3338 5246 ut
3367 5192 3435 5246 ad

1834 5272 2019 5313 veram
2078 5257 2361 5312 lectionem
2406 5259 2667 5331 proxime
2729 5261 2975 5331 accedat.
3034 5259 3188 5331 Regii
3227 5264 3436 5330 primus

1834 5338 1891 5382 et
1936 5337 2189 5400 quartus,
2240 5328 2470 5400 καρπῶν
2538 5329 2812 5399 οἰστικαί,
2881 5328 3147 5400 fructuum

1934 5337 2189 5410 .quartus,
2240 5332 2470 5400 καρπῶν
2538 5332 2812 5399 οἰστικαί,
2881 5332 3147 5400 fructuum
3206 5332 3432 5402 feraces,

1836 5406 2057 5469 optime.

1911 5467 2035 5547 (liii
2062 5467 2199 5547 Editi
2244 5478 2299 5525 et
2328 5470 2434 5547 duo
2460 5486 2615 5540 mss.,
2663 5470 3092 5545 φιλοχωρούσας.
3145 5473 3249 5530 Alii
3301 5491 3436 5547 qua-

1839 5539 2527 5612 ιιιοηὲμφιλοχωρούσας.

1913 5608 2027 5686 (lli)
2055 5606 2428 5686 ‘lta_trcs:libri
2464 5613 2690 5686 antiqui.
2731 5613 2889 5670 Deest
2935 5606 3047 5667 οἷον
3087 5613 3140 5669 in
3184 5615 3349 5674 editis
3380 5629 3436 5674 et

1840 5680 1896 5738 in
1926 5681 2044 5737 aliis
2081 5682 2399 5751 quibusdam
2430 5699 2561 5740 mss.

3081 5778 3119 5836 9
