3828 6216
394 290 498 347 267

1344 280 1686 337 APPENDIX
1723 254 2019 336 OPERUM'
2046 278 2105 334 s.
2146 275 2385 333 BASlLll
2424 274 2660 332 MAGNI.

3553 268 3664 325 268

403 420 624 480 dorem,
649 409 735 468 vel
777 392 847 466 ob
875 406 1123 478 carperis
1161 405 1363 468 robur,
1393 402 1590 457 cedrus
1624 410 1728 466 est,
1760 414 1884 456 cum
1913 400 1973 454 de

2121 398 2259 469 νήτῳ
2284 395 2743 467 ἐπαγαλλόμενος.
2774 391 2876 445 Διὰ
2921 390 3059 444 τίδὲ
3099 391 3195 444 καὶ
3227 386 3337 443 τοῦ
3366 383 3667 450 Αιϐάνου;

395 511 511 566 vita
548 505 886 563 infructuosa
918 511 973 557 et
990 498 1179 555 'inutili
1222 495 1525 567 superbiat.
1554 492 1678 549 1am
1715 508 1847 548 vero
1875 507 1974 547 cur

397 601 711 671 adjunctum
746 603 854 660 'est,
880 584 1122 646 Libani?
1146 588 1286 656 Quia
1313 588 1458 645 sicut
1478 586 1702 642 arbores
1730 585 1784 640 in
1813 598 1969 639 mon-

396 693 546 748 tibus
585 693 707 744 lixa:
754 685 985 741 alienam
1023 682 1304 751 accipiunt
1344 677 1688 734 altitudinem
1721 694 1735 731 :
1765 676 1839 730 ita
1878 675 1972 744 qui

394 782 698 842 obtendunt
745 777 964 833 divitias
1016 784 1109 830 aut
1168 781 1521 843 potestatem,
1570 767 1665 827 aut
1705 769 1971 840 majorum

396 875 658 947 gloriam,
701 871 863 927 rebus
909 867 1044 923 nihil
1085 867 1152 922 ad
1187 880 1247 923 se
1288 860 1691 936 pertinentibus
1720 862 1788 917 ad
1829 876 1974 930 prae-

390 968 624 1023 bendam
706 979 818 1018 suae
899 961 1128 1017 elationi
1205 960 1549 1015 occasionem
1654 957 1972 1011 abutuntur.

395 1047 536 1128 Quin
577 1052 636 1113 et
682 1056 973 1109 laudantur
1016 1051 1168 1107 cedri
1205 1049 1646 1106 :Saturabuntur
1687 1046 1830 1116 tigna
1874 1044 1975 1098 Do-

391 1155 545 1219 mini,
591 1150 733 1205 cedri
776 1134 983 1210 Libani,
1022 1158 1156 1216 quas
1190 1144 1445 1213 plantavit
1469 1141 1537 1195 δι.
1588 1139 1698 1194 lmo
1729 1141 1797 1194 ad
1842 1139 1975 1193 dan-

394 1244 520 1297 dam
562 1240 672 1293 Deo
703 1237 932 1307 gloriam
971 1234 1117 1304 ligna
1153 1228 1439 1288 lructifera
1499 1231 1759 1300 cedrique
1783 1244 1975 1284 omnes

402 1333 770 1388 admittuntur
788 1318 858 1393 ";
882 1336 942 1382 ut
962 1321 1422 1381 ostendaturnihil
1448 1326 1568 1378 esse
1580 1328 1770 1390 suapte
1782 1331 1974 1374 natura

395 1427 600 1482 malum
627 1424 871 1491 nihilque
895 1436 925 1476 a
962 1419 1075 1475 Deo
1105 1419 1423 1480 alienatum,
1454 1417 1550 1471 sed
1574 1413 1787 1485 singula
1816 1416 1884 1468 ex
1916 1428 1976 1467 se

394 1518 450 1572 in
492 1529 655 1571 causa
694 1528 817 1569 esse
856 1528 953 1567 cur
991 1528 1022 1566 a
1066 1508 1179 1566 Deo
1216 1519 1311 1564 aut
1360 1505 1684 1571 abscedant,
1716 1510 1811 1559 aut
1848 1512 1973 1559 cum

392 1611 514 1680 ipso
539 1607 965 1678 coniungantur.
1007 1603 1134 1659 ideo
1166 1610 1221 1657 et
1245 1601 1501 1657 adhibitae
1542 1598 1611 1653 ad
1654 1606 1974 1653 construen-

393 1705 523 1759 dum
556 1698 810 1771 templum
843 1696 1016 1762 cedri,
1047 1710 1116 1751 ex
1148 1693 1380 1761 Libano,
1415 1693 1494 1746 uti
1526 1690 1754 1746 histOria
1786 1689 1969 1751 docet,

2083 489 2205 542 Ὅτι
2238 478 2427 559 ὥσπερ
2472 485 2542 539 τὰ
2592 484 2686 538 ἐπὶ
2722 481 2830 536 τῶν
2861 480 3005 554 ὀρῶν
3039 478 3332 549 πεπηγότα
3360 476 3502 546 φυτὰ
3540 474 3666 544 ὕψει

2075 577 2336 649 ἀλλοτρίῳ
2361 575 2734 646 συγκέχρηται
2754 612 2770 637 ,
2792 570 2969 634 οὕτως
2992 571 3044 623 οἱ
3075 568 3324 629 πλοῦτον,
3351 566 3384 638 ἢ
3410 564 3665 635 δύναμιν,

2076 669 2109 740 ἦ
2146 668 2303 735 δόξαν
2346 665 2627 739 προγόνων
2671 661 3122 731 ὑποϐαλλόμενοι,
3173 661 3288 721 τοῖς
3333 655 3455 709 κατ’
3508 653 3667 708 οὐδὲν

2076 759 2443 829 προσήκουσιν
2504 757 2585 818 εἰς
2649 751 2905 823 ἀφορμὴν
2964 751 3065 822 τῆς
3118 749 3325 813 οἰκείας
3379 747 3689 829 ἐπάρσεως,
3734 798 3746 813 .

2075 801 2499 920 ἀζεοκέχρηνται.
2531 801 2653 901 [Sict
2685 801 3423 917 ilév'ioivxal'grratvodpevat
3456 801 3693 910 κὶ-εδροιῐι

2075 939 2558 1009 Χορτασθήσεται
2579 935 2655 990 τὰ
2683 936 2842 999 ξύλα
2884 933 2994 987 τοῦ
3036 932 3260 1000 Κυρίου
3282 930 3415 1002 (17),
3456 932 3515 982 αἰ
3564 928 3668 982 κέ-

2075 1033 2201 1101 δροι
2241 1032 2347 1086 τοῦ
2374 1030 2655 1092 Λιϐάνου,
2685 1026 2758 1093 ἀς
2784 1028 3101 1097 ἐφύτευσε.
3130 1027 3243 1080 Κα)⁸
3275 1026 3355 1089 εἰς
3387 1022 3485 1095 τὴν
3515 1022 3669 1089 δοξο-

2076 1124 2263 1193 λογίαν
2291 1122 2788 1195 παραλαμϐάνεται
2820 1119 2956 1186 ξύλα
2984 1116 3331 1191 καρποφόρα,
3362 1115 3457 1167 καὶ¹
3494 1116 3672 1168 πᾶσαι

2079 1212 2279 1282 κέδροι·
2316 1211 2404 1266 ἵνα
2435 1210 2642 1282 δειχθῇ,
2677 1211 2761 1263 ὅτι
2792 1209 2944 1262 οὐδὲν
2970 1210 3036 1279 τῇ
3070 1206 3228 1277 φύσει
3263 1205 3523 1277 πονηρὸν,
3545 1204 3671 1258 οὐδὲ

2075 1303 2504 1376 ἡλλοτριωμένον
2537 1303 2697 1367 Θεοῦ,
2731 1301 2874 1356 ἀλλὰ
2919 1299 3073 1372 παρὰ
3110 1298 3209 1371 τὴν
3239 1298 3448 1352 ἑαυτῶν
3488 1297 3671 1351 αἰτίαν

2076 1396 2283 1451 ἕκαστα
2310 1396 2343 1467 ἢ
2370 1394 2665 1465 ἀφίσταται
2693 1395 2805 1448 ἀπὸ
2824 1394 2935 1465 (18)
2969 1391 3126 1454 Θεοῦ,
3158 1392 3191 1462 ἢ
3222 1389 3670 1463 προσοικειοῦται

2076 1487 2244 1559 αὐτῷ.
2267 1486 2369 1540 Διὰ
2386 1486 2546 1540 τοῦτο
2567 1488 2661 1539 καὶ
2686 1487 2744 1539 αἱ
2773 1486 2854 1550 εἰς
2882 1485 3229 1556 κατασκευὴν
3258 1483 3353 1537 τοῦ
3381 1483 3510 1537 ναοῦ
3540 1500 3670 1536 συν-

2075 1580 2360 1635 τελέσασαι
2382 1580 2565 1650 κέδροι
2580 1581 2645 1632 ὲκ
2660 1579 2751 1631 τοῦ
2769 1578 3001 1631 Λιϐάνου
3025 1572 3165 1647 ἦσαν
3186 1575 3671 1646 κατακεκομισμέ-

2076 1691 2164 1728 ναι
2197 1673 2330 1744 (l9),
2364 1672 2465 1743 τῆς
2497 1669 2738 1742 ἱστορίας
2771 1668 3296 1740 παραδεικνυούσης,
3329 1667 3412 1720 ὅτι
3441 1666 3673 1720 δυνατὸν

389 1794 609 1851 fuerant
641 1758 960 1862 e-xportatae,
1003 1758 1161 1859 quod
1200 1758 1374 1856 possit
1417 1782 1721 1839 idololatria
1755 1782 1813 1837 in
1847 1797 1972 1835 san-

2121 1769 2133 1833 ξ
2158 1763 2602 1835 εἰδωλολατρείας
2624 1767 2704 1827 εἰς
2725 1761 2999 1832 ἁγιασμὸν
3027 1759 3371 1832 μεταϐαλεῖν.
3390 1758 3491 1812 Διὰ
3510 1758 3675 1811 τοῦτο

394 1887 640 1942 ctitatem
687 1880 1064 1937 transmutari.
1092 1878 1357 1945 Quocirca
1383 1875 1546 1931 modo
1588 1874 1807 1944 quidem
1841 1888 1973 1929 con-

390 1962 651 2049 fringitur
678 1976 895 2039 cedrus,
920 1987 1044 2029 cum
1068 1987 1099 2028 a
1129 1970 1339 2027 Libano
1368 1985 1473 2025 non
1499 1976 1825 2039 separatur:
1855 1980 1966 2022 mov

391 2073 462 2128 do
502 2086 631 2126 vero
678 2085 802 2124 eum
845 2065 1037 2122 relicta
1085 2072 1381 2129 vetustate,
1435 2062 1619 2117 evadit
1670 2061 1833 2130 digna
1885 2060 1971 2114 cui

392 2160 656 2217 sanctitas
682 2155 1019 2213 conferatur.
1048 2152 1170 2210 Uno
1196 2151 1366 2208 verbo
1392 2150 1709 2205 animalium
1744 2147 1971 2215 indoles,

389 2257 712 2329 speciesque
767 2252 1028 2309 arborum
1067 2252 1137 2306 ad
1205 2248 1410 2303 variam
1461 2246 1663 2302 mentis
1725 2245 1974 2302 humana:

393 2349 732 2407 aliectionem
757 2344 1146 2415 designandam
1180 2349 1561 2397 assumuntur.

462 2443 555 2498 91.
583 2438 653 2493 Et
684 2455 841 2508 super
878 2451 1083 2491 omnem
1113 2434 1355 2488 arborem
1387 2432 1600 2504 glandis
1640 2431 1840 2489 Basan.
1870 2433 1975 2487 Ar-

390 2536 543 2592 boris
570 2532 710 2588 alius
735 2531 796 2585 ﬁt
829 2528 1057 2592 mentio,
1095 2534 1155 2582 ut
1184 2525 1441 2581 ostendat
1484 2527 1775 2580 humanam
1807 2525 1972 2580 vitam

391 2621 836 2684 comminationis
858 2618 1065 2690 judicio
1100 2617 1218 2673 fore
1244 2618 1560 2673 obnoxiam.
1593 2616 1731 2671 Nam
1767 2615 1976 2673 indoles

390 2718 713 2779 inhumana,
735 2708 1070 2776 inflexibilis,
1097 2709 1351 2763 omnibus
1370 2708 1622 2763 obnitens
1642 2717 1697 2763 et
1723 2707 1972 2773 adversa,

390 2826 460 2867 ex
519 2804 794 2863 communi
856 2807 1010 2858 more
1078 2801 1300 2872 quercui
1371 2799 1533 2873 443
1601 2809 1971 2871 comparatur.

390 2902 570 2957 Arbor
602 2908 784 2953 autem
829 2895 920 2950 illa
964 2887 1203 2949 fructum
1240 2892 1459 2962 quidem
1495 2892 1675 2961 aﬂ‘ert,
1719 2896 1815 2949 sed
1849 2908 1976 2964 por-

390 2994 515 3049 cino
557 2988 676 3046 esui
703 2988 976 3042 idoneum.
1008 2984 1354 3054 Quapropter
1394 2982 1696 3038 nominavit
1739 2983 1974 3054 ignomi-

391 3085 497 3139 niaa
524 3081 773 3137 arborem
801 3093 816 3131 :
841 3077 1110 3147 siquidem
1150 3076 1328 3131 Basan
1359 3076 1426 3130 ad
1476 3075 1831 3147 ignominiam
1873 3075 1971 3131 de-

390 3176 683 3233 notaudam
722 3179 1011 3241 usurpant.
1043 3167 1286 3236 Quorum
1321 3168 1488 3238 igitur
1521 3168 1696 3240 gloria
1743 3170 1968 3226 uberem

390 3265 704 3337 ignominiaa
734 3261 968 3317 fructum
997 3260 1158 3329 parit,
1194 3260 1358 3314 etiam
1389 3260 1442 3315 in
1467 3260 1588 3315 illos
1611 3261 1727 3317 dies
1758 3261 1970 3317 Domini

391 3361 674 3431 impinget.
711 3356 851 3423 Quin
887 3363 943 3410 et
980 3351 1345 3407 idololatriam
1382 3353 1564 3406 vocari
1616 3352 1967 3423 ignominiam

391 3450 873 3522 deprehendimus,
907 3445 984 3500 uti
1018 3446 1071 3498 in
1107 3446 1270 3499 tertio
1301 3443 1612 3515 Regnorum
1644 3444 1785 3499 libro
1821 3443 1969 3500 Elias

392 3545 460 3601 ad
501 3543 721 3601 Achaab
756 3540 994 3610 loquitur
1036 3552 1053 3592 :
1087 3536 1151 3591 Et
1220 3553 1359 3591 nunc
1407 3538 1574 3600 mitte,
1630 3547 1679 3590 et
1709 3553 1969 3607 congrega

392 3637 460 3689 ad
480 3650 561 3688 me
580 3647 782 3687 omnem
798 3628 969 3684 Israel
985 3630 1043 3682 in
1076 3637 1302 3681 montem
1326 3624 1577 3692 Carmeli,
1614 3638 1661 3681 et
1687 3629 1971 3696 prop/tetas

391 3727 719 3799 ignominiw,
742 3733 791 3778 et
812 3722 1087 3792 praphetas
1104 3720 1343 3773 lucorum
1370 3732 1390 3771 :
1406 3720 1816 3789 quadringentos
1835 3719 1970 3772 viros

391 3817 767 3872 manducantes
788 3828 1019 3867 mensam
1037 3808 1247 3865 Iezabel
1266 3808 1334 3864 ".
1350 3807 1487 3875 Quia
1504 3809 1666 3877 igitur
1678 3810 1851 3862 Arbor
1862 3823 1974 3861 om-

392 3912 475 3966 nis
486 3924 602 3981 quae
626 3923 729 3961 non
744 3905 873 3976 facit
889 3903 1116 3974 fructum
1133 3902 1345 3965 bonum,
1362 3901 1643 3964 exciditur,
1660 3910 1707 3953 et
1729 3901 1785 3953 in
1804 3901 1972 3969 ignem

391 3998 622 4054 mittitur
641 3995 714 4058 “,
744 3993 1029 4048 arboribus
1053 3991 1216 4047 etiam
1249 3990 1575 4062 ignominiae,
1603 3991 1740 4046 diem
1766 3989 1975 4045 Domini

393 4100 652 4163 tanquam
688 4086 1013 4142 horrendam
1038 4094 1093 4140 et
1146 4082 1545 4139 formidabilem
1593 4083 1976 4139 interminatur

464 4290 510 4323 δι
539 4290 683 4345 l'sal.
714 4286 941 4355 cm,16.
1019 4287 1064 4320 ⁸³
1087 4287 1228 4343 Psal.
1255 4303 1474 4353 curm,
1502 4288 1556 4342 7.

2074 1858 2206 1912 ποτὲ
2244 1857 2341 1928 μὲν
2374 1855 2719 1925 συντρίϐεται
2768 1854 2983 1925 κέδρος,
3015 1854 3145 1906 ὅταν
3179 1851 3484 1927 ἀχώριστος
3575 1849 3673 1902 τοῦ

2074 1949 2340 2005 Λι6άνου’
2377 1948 2505 2003 ποτὲ
2528 1948 2607 2009 δὲ,
2634 1949 2765 2000 ὅταν
2786 1936 3163 1999 καταλιποῦσα
3186 1944 3257 1997 τὰ
3284 1944 3510 2016 ἀρχαῖα,
3544 1941 3674 2008 ἀξία

2072 2040 2166 2094 τοῦ
2196 2036 2515 2110 ἁγιάζεσθαι
2548 2038 2793 2110 γένηται.
2829 2037 3076 2092 Καθόλου
3113 2036 3296 2108 μέντοι
3329 2036 3425 2090 καὶ
3457 2035 3530 2090 τὰ
3561 2036 3672 2090 τῶν

2075 2133 2230 2200 ζώων
2269 2133 2373 2204 ῆθη
2411 2133 2508 2187 καὶ
2553 2132 2622 2186 τὰ
2663 2131 2773 2185 τῶν
2825 2130 3010 2200 φυτῶν
3057 2130 3172 2202 εἴδη
3208 2132 3289 2194 εἰς
3322 2129 3385 2183 τὸ
3425 2128 3674 2184 ποικίλον

2075 2230 2175 2300 τῆς
2204 2227 2577 2298 προαιοέσεως
2606 2226 2714 2281 τῶν
2752 2225 3056 2298 ἀνθρώπων
3087 2225 3449 2297 λαμϐάνεται.

2145 2432 2234 2489 91.
2261 2432 2372 2487 Καὶ
2394 2432 2495 2487 ἐπὶ
2522 2433 2646 2489 πᾶν
2674 2432 2931 2503 δένδρον
2952 2434 3233 2501 βαλάνου
3266 2433 3500 2490 Βασάν.
3540 2435 3673 2489 Ἀλ-

2075 2527 2168 2580 λου
2215 2524 2385 2596 φυτοῦ
2697 2528 2835 2599 πρὸς
2881 2528 3107 2595 ἔνδειξιν
3153 2527 3499 2600 ἀνθρωπείου
3551 2527 3673 2598 βίου

2075 2618 2371 2671 ὑποπεσεῖν
2414 2617 2808 2690 ἀπειλουμένου
2847 2622 2913 2691 τῇ
2952 2620 3154 2695 κρίσει.
3188 2619 3270 2673 Τὰ
3301 2618 3413 2692 γὰρ
3453 2619 3676 2692 σκληρὰ

2074 2709 2179 2781 ἥϐη
2218 2711 2314 2764 καὶ
2348 2709 2625 2777 δύσεικτα,
2668 2711 2978 2775 ἀντιτύπως
3010 2710 3149 2784 πρὸς
3182 2711 3362 2765 πάντα
3392 2710 3488 2765 καὶ
3518 2712 3675 2765 ἀντι-

2076 2798 2316 2863 ϐατικῶς
2339 2800 2681 2871 διακείμενα,
2707 2801 2802 2854 καὶ
2833 2802 2867 2871 ἡ
2899 2801 3054 2872 κοινὴ
3080 2799 3339 2868 συνήθεια
3368 2799 3493 2873 δρυῒ
3524 2816 3677 2871 παρ-

2081 2891 2313 2956 εικάζει.
2367 2892 2529 2964 Φέρει
2588 2892 2647 2945 δὲ
2704 2893 2768 2945 τὸ
2809 2893 3024 2967 δένδρον
3062 2893 3224 2947 τοῦτο
3261 2892 3497 2963 καρπὸν,
3534 2892 3678 2946 ἀλλὰ

2076 2983 2276 3056 χοίρων
2307 2986 2535 3056 τροφήν.
2562 2984 2663 3039 Διὰ
2683 2983 2841 3040 τοῦτο
2861 2985 3075 3056 δένδρον
3098 2988 3365 3058 αἰσχύνης
3388 2986 3672 3056 ὠνόμασε·

2074 3074 2138 3128 τὸ
2168 3073 2279 3146 γὰρ
2320 3073 2502 3128 Βασὰν
2545 3077 2628 3139 εἰς
2666 3073 2765 3147 τὴν
2815 3074 3081 3147 αἰσχύνην
3133 3075 3673 3148 μεταλαμϐάνουσιν.

2074 3159 2177 3220 Ὧν
2204 3162 2299 3221 οὖν
2337 3168 2371 3238 ή
2402 3167 2529 3233 δόξα
2556 3168 2657 3239 τῆς
2703 3168 3084 3240 καρποφορίας
3115 3168 3346 3240 αίσχύνη
3385 3168 3529 3234 ἐστὶ,
3578 3170 3679 3223 καὶ

2077 3261 2172 3314 ἐπὶ
2205 3258 2416 3323 τούτοις
2444 3258 2557 3331 (20)
2589 3259 2743 3313 ἔσται
2782 3261 2817 3332 ἡ
2842 3258 3045 3331 ἡμέρα
3069 3259 3164 3313 τοῦ
3194 3260 3425 3334 Κυρίου.
3462 3261 3577 3316 Καὶ
3610 3262 3678 3333 δὴ

2076 3353 2171 3406 κα)⁸
2210 3351 2309 3424 τὴν
2356 3351 2800 3423 εἰδωλολατρείαν
2838 3344 3107 3424 αἰσχύνην
3159 3350 3394 3424 εὕρομεν
3438 3351 3677 3423 λεγομέ-

2074 3462 2195 3518 νην,
2222 3444 2301 3509 ὼς
2321 3447 2379 3500 ὲν
2401 3446 2468 3516 τῇ
2494 3444 2652 3515 τρίτῃ
2679 3442 2788 3498 τῶν
2809 3445 3109 3499 Βασιλειῶν
3142 3444 3327 3507 Ἠλίας
3355 3444 3507 3513 λέγει
3535 3446 3681 3517 πρὸς

2075 3538 2168 3593 τὸν
2213 3536 2416 3609 Ἀχαάό
2440 3555 2453 3568 ·
2490 3537 2601 3591 Καὶ
2632 3535 2752 3591 νῦν
2797 3536 3169 3592 ἀπόστειλον
3207 3537 3308 3591 καὶ
3343 3536 3678 3604 συν-ἀθροι-

2078 3640 2196 3681 σον
2219 3628 2370 3696 πρὸς
2392 3626 2472 3697 μὲ
2503 3625 2702 3680 πάντα
2751 3626 3001 3696 Ἰσραὴλ
3041 3630 3130 3694 εἰς
3159 3628 3297 3696 ὅρος
3339 3626 3406 3681 τὸ
3430 3628 3681 3696 Καρμή-

2076 3722 2234 3783 λιον,
2267 3718 2370 3773 καὶ
2396 3718 2539 3785 τοὺς
2569 3716 2879 3787 προφήτας
2910 3716 3020 3786 τῆς
3042 3720 3367 3788 αἰσχύνης,
3392 3718 3493 3773 καὶ
3525 3718 3682 3786 τοὺς

2078 3809 2391 3879 προφήτας
2462 3806 2585 3865 τῶν
2649 3810 2895 3878 ἀλσῶν,
2955 3810 3382 3879 τετρακοσίους
3441 3808 3681 3878 ἄνδρας

2078 3902 2395 3969 ἐσθίοντας
2419 3901 2713 3971 τράπεζαν
2741 3902 2852 3975 (21)
2891 3902 3162 3964 Ἰεζάϐελ.
3212 3902 3363 3955 Ἐπεὶ
3402 3890 3504 3956 ὀῦν
3541 3902 3682 3957 Πᾶν

2078 3993 2333 4063 δένδρον
2374 3994 2458 4064 μὴ
2497 3995 2715 4051 ποιοῦν
2755 3995 2988 4065 καρπὸν
3031 3984 3244 4059 καλὸν,
3291 3995 3681 4057 ἐκκόπτεται,

2081 4085 2180 4139 καί
2203 4088 2291 4152 εἰς
2313 4086 2434 4154 πῦρ
2451 4085 2777 4152 βάλλεται,
2802 4088 2837 4158 η
2867 4085 2963 4140 τοῦ
2992 4086 3201 4157 Κυρίου
3228 4084 3411 4157 ἡμέρα
3437 4084 3536 4139 καὶ
3558 4087 3682 4149 τοῖς

1655 4288 1702 4320 ⁸³
1735 4287 1800 4342 ιιι
1829 4289 1960 4361 Reg.
1995 4306 2154 4356 xvm,
2190 4291 2278 4349 19.
2357 4291 2404 4324 “
2437 4292 2626 4348 Matth.
2661 4309 2744 4359 ιιι,
2778 4294 2865 4347 l0.

466 4441 580 4515 (l7)
618 4439 1061 4515 Dissidereinter
1090 4454 1150 4515 se
1182 4438 1428 4515 hocloco
1451 4439 1622 4515 libros
1643 4451 1854 4515 veteres
1882 4457 1975 4515 no-
2011 4445 2053 4499 D
2082 4451 2313 4515 guntur,
2364 4443 2497 4515 ipsa
2564 4460 2685 4500 esse
2743 4444 2907 4515 verba
2971 4444 3332 4515 antiquissimi
3397 4445 3681 4513 interpre..

393 4509 507 4570 tum
535 4509 620 4567 est
655 4531 668 4567 :
713 4526 812 4566 nec
840 4510 1034 4564 mirum
1063 4509 1235 4564 videri
1266 4510 1443 4573 debet,
1475 4511 1520 4563 si
1555 4509 1691 4564 alius
1715 4511 1875 4564 aliter
1903 4513 1979 4567 le-

394 4596 504 4656 gat.
525 4581 1024 4656 pucazuscodicum
1050 4593 1269 4656 suorum
1297 4578 1515 4656 H._et_J_.
1538 4589 1592 4656 et
1615 4578 1874 4650 Vulgatae,
1895 4591 1978 4656 at-

393 4649 500 4726 que
524 4652 769 4726 Procopii
794 4651 1118 4726 auctoritate
1142 4652 1336 4726 fretus,
1356 4649 1458 4726 legi
1480 4650 1677 4726 debere
1701 4649 1868 4726 p’_utat,
1890 4651 1977 4726 ξύ-

394 4719 464 4781 λα
489 4721 585 4778 τοῦ
616 4721 820 4785 πεδίου,
854 4721 999 4790 ligna
1033 4721 1244 4789 campi:
1277 4719 1372 4790 sed
1408 4719 1667 4774 reclamat
1703 4719 1979 4775 Combeﬂ-

395 4799 532 4859 sius,
571 4795 754 4861 aitque
783 4789 1086 4861 sibi’videri
1117 4791 1295 4860 potius
1317 4789 1624 4861 legendum
1658 4803 1799 4853 esse,
1845 4791 1978 4855 ξύλα

391 4865 488 4918 τοῦ
512 4858 746 4934 Κυρίου,
768 4861 912 4934 ligna
938 4858 1173 4924 Domini,
1206 4861 1276 4914 ob
1307 4858 1464 4913 (idem
1489 4858 1737 4915 videlicet
1776 4863 1977 4934 codicis

393 4936 456 4991 F.
485 4935 538 5001 1,
577 4932 633 4988 et
674 4932 1002 5002 psalmorum
1044 4945 1150 4984 non
1182 4945 1522 5002 paucorum.
1549 4938 1604 4983 et
1641 4932 1979 5002 exemplaris

397 4998 969 5071 ilebraiciCPrieterea
1007 5002 1125 5055 viro
1154 5002 1367 5071 erudito
1405 5000 1604 5071 licebat
1636 4998 1975 5071 Symmachi,

396 5075 735 5145 Hieronymi,
779 5070 1125 5138 Theodoreti,
1169 5070 1321 5145 Regii
1354 5070 1531 5145 tertii,
1564 5069 1861 5145 galbertini
1888 5085 1977 5126 se-

393 5147 581 5211 cumli,
602 5138 824 5212 'quinta:
855 5150 910 5195 et
948 5151 1117 5195 sexta:
1145 5138 1408 5212 editionis
1458 5138 1822 5212 testimonium
1858 5156 1980 5212 pros

396 5219 538 5269 ferre
566 5208 650 5267 ξιιῖ
666 5214 805 5269 idem
838 5212 1259 5281 ostendendum.
1276 5208 1547 5281 #Vicissim
1585 5211 1811 5281 Ductups
1855 5208 1974 5281 opi-

392 5287 613 5339 nionem
646 5298 798 5338 suam
821 5282 1147 5336 auctoritate
1177 5279 1319 5336 LXX
1354 5281 1710 5350 interpretum
1729 5279 1973 5336 Eusebii-

394 5368 500 5423 que
528 5358 589 5409 et
613 5351 765 5423 Regii
793 5353 968 5422 quarti
992 5352 1575 5423 confirmarepoterat.
1607 5350 1717 5405 Nec
1736 5351 1863 5405 illud
1891 5352 1968 5405 si-

393 5422 564 5478 lentio
622 5420 1074 5491 pri-tereundum,
1136 5423 1191 5474 in
1241 5420 1553 5475 Colbertino
1608 5423 1781 5488 primo
1840 5423 1979 5475 scri-

392 5504 546 5562 ptum
581 5492 820 5562 greperiri
874 5495 1113 5547 secunda
1152 5491 1444 5562 etdreceuti
1487 5505 1671 5556 manu,
1716 5491 1850 5557 ξύλα
1882 5491 1976 5562 τοῦ

394 5560 843 5636 δρυμοῦ,“ίὶερια
878 5563 1126 5636 nemoris.
1174 5560 1295 5636 llic
1343 5575 1831 5636 quoque__mouere
1873 5561 1980 5636 ju-

393 5629 515 5697 vat,
539 5634 652 5696 illa,
679 5632 708 5683 ὁ
729 5629 997 5704 ““Ε6ραῖοξ
1020 5631 1119 5704 καὶ.
1141 5632 1188 5685 οἱ
1212 5629 1408 5704 λοιποὶ,
1438 5629 1531 5685 τοῦ
1554 5630 1782 5704 Κυρίου,
1801 5629 1980 5704 τεθεί-

396 5719 546 5770 κασι,
597 5717 717 5773 qua:
778 5699 919 5772 apud
971 5700 1238 5758 Nobilium
1296 5703 1349 5756 in
1393 5704 1609 5757 modum
1643 5699 1857 5759 'scholii
1901 5702 1978 5758 le-

2084 4513 2155 4567 tis
2213 4513 2455 4568 Eusebii.
2509 4516 2702 4586 Aquila
2760 4524 2817 4569 et
2852 4513 3277 4586 TlteodotiOLut
3324 4515 3521 4586 scribit
3563 4515 3679 4586 ου-

2082 4597 2252 4655 czeus,
2306 4584 2591 4655 utrumque
2652 4585 2883 4655 amplexi
2945 4594 3090 4655 sunt,
3148 4585 3281 4650 ξύλα
3329 4584 3425 4638 τοῦ
3483 4584 3678 4638 πεδίου

2079 4652 2311 4724 Κυρίου,
2338 4653 2478 4724 ligna
2502 4652 2675 4722 campi
2704 4652 2943 4709 Domini.
2975 4654 3081 4709 Nos
3117 4658 3250 4725 nihil
3281 4657 3576 4725 quidquam
3615 4656 3677 4710 in

2080 4734 2336 4778 comextu
2394 4727 2713 4780 mutandum
2772 4726 3103 4780 censuimus.
3144 4724 3259 4780 Hoc
3299 4724 3416 4792 ipso
3458 4726 3512 4777 in
3553 4724 3680 4778 loco

2082 4802 2313 4879 uterque
2335 4792 2712 4879 Col‘b._et”duo
2732 4794 2912 4879 Regii,
2946 4794 3271 4863 ἐφύτευσας.
3297 4795 3440 4850 Editi
3473 4804 3531 4849 et
3560 4794 3680 4849 Re-

2080 4878 2151 4932 gtt
2181 4877 2387 4931 prtmus
2418 4874 2472 4916 et
2492 4874 2706 4928 tertius,
2735 4874 3051 4935 εφύτευσεν.

2144 4930 2254 5015 (ιβ)
2285 4934 2361 5015 ita
2388 4943 2617 5015 uterque
2643 4936 2988 5015 Colbertinus
3010 4945 3065 4989 et.
3088 4936 3219 5015 Reg.
3245 4938 3537 4994 secundus.
3560 4937 3679 4992 De-

2080 5013 2169 5073 est
2190 5002 2386 5073 ὰπόὶη
2423 5002 2647 5073 reliquis
2668 5021 2798 5061 mss.
2834 5014 2889 5059 et
2912 5006 2964 5059 in
2992 5002 3228 5061 excusis.

2151 5072 2265 5143 (l9)
2299 5072 2459 5146 [ξι-ἰοτ
2490 5072 2656 5130 editio
2683 5074 2859 5146 Paris.
2892 5085 2948 5129 et
2971 5077 3213 5146 quinque
3239 5092 3397 5141 mss.,
3423 5094 3677 5131 κατακε-

2081 5142 2456 5215 κοσμημέναι,
2499 5155 2787 5208 exornatte,
2829 5142 3032 5214 inepte.
3074 5144 3355 5201 Posterior
3401 5150 3571 5202 editio
3616 5158 3681 5203 ι-Ι.

2080 5212 2234 5287 Colb.
2269 5215 2559 5287 secundus,
2587 5216 3151 5287 κατακεκομισμέναι,
3173 5227 3481 5284 exportattc,
3511 5230 3675 5287 apte;

2080 5234 2234 5292 υοιυ.
2269 5234 2559 5277 secunaus,
2588 5234 3151 5287 κατακεκομισμεναι,
3173 5234 3481 5284 exponam,
3511 5234 3583 5288 ap

2080 5291 2137 5338 et
2172 5294 2247 5337 Ita
2281 5283 2486 5350 legerat
2515 5284 2855 5339 Tilmannus.

2153 5352 2266 5424 (20)
2293 5354 2463 5427 _Cu|b.
2497 5356 2786 5427 secundus,
2813 5354 3055 5419 τούτους.
3095 5355 3246 5411 Haud
3272 5356 3432 5427 longe
3462 5357 3677 5427 aliquot

2082 5422 2500 5496 ηιδξ.,“εῦραμεν
2528 5424 2827 5496 λεγομένην

2152 5493 2266 5562 (21)
2307 5493 2441 5548 Illud
2483 5493 2733 5564 loquendi
2783 5493 2976 5563 genus,
2998 5496 3318 5561 ἐσθίοντας
3348 5494 3669 5565 τράπεζαν,

2083 5565 2462 5634 manducantes
2484 5580 2737 5628 mensam,
2763 5565 3122 5634 Hiebraismus
3148 5576 3270 5633 est;
3302 5569 3557 5634 idemque
3581 5581 3670 5620 va-

2082 5630 2383 5757 litma'tque
2426 5635 2478 5692 id
2508 5634 2649 5706 quod
2690 5636 2744 5690 in
2776 5633 2999 5706 Vulgata
3032 5630 3263 5708 legitur,
3297 5630 3581 5693 comedunt
3609 5638 3671 5691 de
