3828 6216
165 319 274 374 269

1063 313 1416 370 COMMENT.
1458 313 1526 368 lN
1565 311 1804 369 ISAIAM
1841 311 2289 370 PROPHETAM.
2325 312 2477 368 CAP.
2513 313 2581 369 Il.

3337 315 3444 372 270

163 431 405 503 δένδροις
436 429 536 503 τῆς
559 430 821 502 αίσχύνης
846 429 922 495 ὡς
946 429 1152 502 φοϐερὰ
1173 431 1494 485 ἀπειλεῖται.
1525 429 1624 484 Διὰ
1647 429 1758 501 (22)
1789 435 1811 489 1

1865 430 2166 500 Scriptura.
2191 435 2369 498 Quare
2387 442 2442 487 et
2468 447 2562 487 rex
2596 431 2767 486 Basan
2787 433 2864 502 Og
2909 433 3206 503 appellatus
3225 445 3333 489 est.
3360 434 3444 506 0g

165 524 328 578 τοῦτο
360 525 458 578 καὶ
494 527 523 578 6
557 523 811 595 βασιλεὺς
838 525 937 596 τῆς
958 524 1140 578 Βασὰν
1171 525 1271 593 Ὢγ
1300 524 1754 596 προσηγόρευται.

168 617 270 684 Ὦγ
312 616 371 670 δὲ
407 616 772 688 ἑρμηνεύεται
811 616 1162 686 διάφραξιςο
1188 617 1262 679 ὡς
1297 615 1407 669 τῶν
1453 615 1628 686 ἔργων
1661 615 1760 685 τῆς

167 707 436 779 αἰσχύνης
463 709 563 780 τὴν
594 708 711 761 ὁδὸν
743 709 876 779 ἡμῖν
910 709 1010 779 τῆς
1057 709 1332 779 σωτηρίας
1376 705 1758 776 ἀποφρασσόν-

167 815 294 850 των.
327 797 528 868 Πόρνοι
561 797 692 869 γὰρ,
732 798 828 852 καὶ
875 799 1074 870 μοιχοὶ,
1117 799 1210 852 καὶ
1247 797 1505 869 μαλακοὶ,
1542 797 1636 850 καὶ
1663 797 1762 866 ἁρ-

171 889 497 950 σενοκοίται,
521 889 614 940 καὶ
645 888 847 951 πάντες
875 890 974 960 τῆς
996 889 1260 961 αἰσχύνης
1286 888 1516 961 ἐργάται
1537 889 1643 942 ὑπὸ
1663 888 1760 942 τοῦ

169 979 273 1046 Ὦγ
311 977 718 1047 βασιλεύοντος,
749 980 845 1033 τοῦ
874 981 973 1052 τὴν
1001 981 1108 1034 ἀπὸ
1139 980 1276 1034 Θεοῦ
1309 980 1577 1051 διακοπὴν
1607 980 1761 1049 ἐνερ-

167 1069 397 1139 γοῦντος
413 1089 427 1101 ·
451 1071 511 1126 ὃν
531 1073 806 1144 συντρίϐει
823 1073 1070 1145 ὀΚύριος
1092 1075 1178 1127 ἐπ’
1198 1072 1481 1144 ἐλευθερίᾳ
1510 1071 1618 1124 τῶν
1639 1088 1765 1142 κρα-

167 1163 470 1234 τουμένων.
513 1165 997 1236 Ἐξομολοτεῒσθε
1025 1165 1138 1236 γὰρ
1166 1166 1246 1233 τῷ
1276 1167 1492 1234 Κυρίῳ,
1515 1164 1606 1219 ὅτι
1624 1182 1764 1234 χρηι

165 1256 342 1322 στὸς,
370 1257 452 1323 τῷ
475 1258 810 1323 πατάξαντι
830 1258 1116 1323 βασιλεῖς
1138 1258 1463 1329 μεγάλους,
1502 1257 1600 1311 καὶ
1624 1257 1766 1312 ἀπο-

166 1349 472 1403 κτείναντι
497 1349 784 1417 βασιλεῖς
814 1351 1152 1418 κραταιοὺς,
1187 1349 1294 1404 τὸν
1330 1350 1502 1418 Σηὼν
1527 1349 1626 1404 καὶ
1655 1349 1764 1403 τὸν

169 1441 298 1510 Ὠγ.

236 1533 329 1588 92.
363 1533 476 1588 Καὶ
511 1534 612 1588 ἐπὶ
662 1533 784 1589 πᾶν
815 1532 975 1603 ὄρος.
1009 1535 1107 1589 καὶ
1138 1536 1237 1589 ἐπὶ
1279 1535 1478 1590 πάντα
1505 1537 1760 1600 βουνὸν,

168 1624 268 1677 καὶ
306 1623 410 1677 ἐπὶ
462 1623 661 1678 πάντα
703 1626 934 1694 πύργον
976 1627 1244 1695 ὑψηλόν,
1297 1628 1508 1698 Ὥσπερ
1548 1627 1616 1680 τὰ
1660 1627 1759 1698 ὅρη

167 1716 307 1786 πρὸς
348 1715 475 1779 τοὺς
509 1716 731 1786 βουνοὺς
761 1715 858 1786 τὴν
893 1715 1037 1769 κατὰ
1070 1715 1300 1787 μέγεθος
1333 1716 1444 1787 ἔχει
1473 1716 1756 1789 διαφορὰν,

166 1807 246 1877 τῷ
272 1808 331 1861 δὲ
359 1807 533 1878 λοιπῷ
558 1809 628 1864 τὰ
653 1808 794 1862 αὐτὰ
817 1808 1066 1879 ἀλλήλοις
1089 1808 1235 1862 ἐστίν
1253 1825 1266 1839 ·
1289 1807 1432 1861 οὕτω
1458 1809 1549 1862 καὶ
1572 1809 1628 1861 αἱ
1644 1808 1756 1878 (25)

168 1899 409 1952 ἐναντίαι
447 1900 706 1971 δυνάμεις
739 1903 806 1972 τῇ
843 1901 941 1971 μὲν
984 1900 1303 1971 προαιρέσει
1351 1900 1608 1972 ἀλλήλαις
1654 1900 1759 1952 ἐοί-

166 2009 317 2057 κασι,
350 1991 427 2063 τῷ
467 1992 523 2045 δὲ
563 1993 782 2063 μεγέθει
814 1992 923 2046 τῶν
967 1992 1318 2064 ἀδικημάτων
1351 1992 1752 2064 διενηνόχασιν.

165 2084 410 2148 Εἰκότως
449 2080 540 2138 οὖν
579 2087 672 2138 καὶ
711 2086 852 2139 κατὰ
886 2085 1091 2138 τούτων
1125 2085 1297 2157 ή(24)
1341 2085 1524 2157 ἡμέρα
1555 2085 1756 2156 Κυρίου

167 2175 399 2229 Σαϐαὼθ
459 2177 796 2247 ἐνστήσεται.
850 2177 916 2229 Τί
973 2177 1030 2229 δέ
1089 2176 1334 2246 βούλεται
1370 2177 1451 2241 τὸ,
1507 2176 1618 2230 Καὶ
1659 2176 1759 2230 ἐπὶ

167 2265 368 2320 πάντα
390 2268 656 2337 πύργονς
709 2269 766 2321 Ὀ
803 2268 1011 2340 πύργος
1045 2267 1196 2320 ἐστὶν
1220 2267 1422 2338 ὑψηλὸν
1450 2270 1756 2340 σκοπευτή-

171 2374 285 2427 ριον
318 2359 458 2430 πρὸς
491 2359 736 2430 φυλακὴν
779 2360 1005 2423 πόλεως,
1049 2361 1142 2414 καὶ
1179 2360 1382 2430 γνῶσιν
1415 2361 1618 2429 ἐφόδων
1665 2379 1759 2414 πο-

167 2447 411 2518 λεμικῶν
440 2451 764 2521 ἐπιτήδειον.
786 2453 1037 2516 Τοιοῦτος
1066 2453 1198 2523 ἡμῖν
1221 2452 1430 2505 δέδοται
1451 2453 1546 2505 καὶ
1563 2455 1590 2506 6
1610 2453 1754 2516 νοῦς,

167 2542 505 2610 φυλακτικὸς
536 2544 645 2597 τῶν
691 2543 932 2614 ἀγαθῶν,
986 2545 1350 2616 προορατικὺς
1384 2545 1491 2598 τῶν
1541 2544 1759 2598 ἐπιϐού-

166 2633 295 2688 λων.
334 2634 539 2691 Τοῦτον
584 2637 644 2689 οὐ
680 2637 784 2708 χρὴ
819 2639 876 2690 ὲν
910 2636 1090 2707 ἐαυτῷ
1122 2637 1244 2690 οὐδὲ
1283 2637 1371 2690 διὰ
1399 2637 1508 2690 τῶν
1557 2637 1758 2707 γηίνων

164 2726 265 2798 τὴν
294 2729 378 2791 είς
402 2728 630 2800 οὐρανὸν
672 2729 855 2784 ἄνοδον
887 2729 1392 2801 πραγματεύεσθαι.
1422 2729 1757 2783 Καταϐαίνει

166 2819 277 2891 γὰρ
305 2821 336 2872 6
360 2819 564 2892 Κύριος
604 2821 739 2891 πρὸς
766 2820 929 2875 αὐτὸν
959 2823 1110 2874 κάτω
1141 2821 1376 2874 πεσόντα
1406 2821 1492 2874 διὰ
1520 2821 1584 2874 τὸ
1623 2821 1756 2892 φρό-

165 2928 340 2980 νημα,
373 2911 471 2966 καὶ
509 2911 608 2982 τὴν
639 2912 776 2982 πρὸς
803 2912 866 2964 τὸ
895 2912 1064 2965 κακὸν
1093 2913 1260 2966 αὐτοῦ
1297 2913 1617 2983 συμφωνίαν
1643 2914 1760 2966 δια-

169 3005 282 3074 σπᾷ
331 3005 419 3057 ἐπ’
465 3005 755 3076 εὐεργεσίᾳ
786 3005 881 3058 καὶ
929 3006 1193 3078 σωτηρίᾳ.
1243 3007 1381 3080 Περὶ
1421 3007 1520 3077 τῆς
1563 3007 1755 3060 τούτου

1862 533 2042 578 autem
2064 524 2491 594 interpretantur
2517 525 2929 578 obstructionem
2951 564 2966 587 ,
2993 525 3138 596 quod
3160 525 3444 596 turpitudi-

1861 615 1947 670 nis
1967 629 2128 686 opera
2155 617 2345 672 salutis
2375 618 2530 674 nobis
2548 619 2687 672 viam
2714 618 3126 688 praecludant“.
3160 618 3448 692 Scortato-z

1862 721 1950 762 res
1993 707 2159 773 enim,
2188 708 2442 772 adulteri,
2479 707 2686 773 molles,
2719 719 2775 761 et
2805 709 2896 778 qui
2921 709 3287 764 concumbunt
3316 713 3452 764 cuml

1863 799 2140 864 masculis,
2166 815 2464 871 omnesque
2484 801 2798 873 ignominiaa.
2835 802 3068 870 operarii
3097 802 3176 872 0g
3217 804 3317 872 ipsi
3345 817 3443 858 eos

1863 907 1893 945 a
1926 893 2035 949 Deo
2067 895 2384 964 praeeidenti
2413 910 2478 948 ac
2511 894 2815 965 separanti,
2851 909 2949 949 ceu
3003 895 3114 965 regi
3143 894 3443 962 subjiciun-

1867 993 1985 1051 tur;
2021 1002 2182 1056 quem
2231 987 2469 1042 conterit
2506 987 2784 1049 Dominus,
2833 995 2894 1041 ut
2932 987 2990 1052 ii,
3023 988 3224 1055 quibus
3262 988 3438 1042 domi-

1867 1087 2046 1146 natur,
2115 1080 2435 1136 liberentur.
2503 1078 2836 1148 Conﬁlemini
2891 1080 3028 1133 enim
3076 1078 3448 1148 Dominoque-

1865 1172 2008 1224 niam
2045 1173 2210 1226 bonus
2241 1174 2333 1238 qui
2371 1173 2630 1240 percussit
2679 1187 2824 1241 reges
2861 1187 3103 1241 magnos,
3156 1180 3203 1224 et
3251 1171 3442 1225 occidit

1866 1279 2008 1332 reges
2037 1263 2221 1333 fortes,
2256 1263 2392 1319 Seon
2423 1277 2468 1318 et
2506 1264 2584 1334 Og
2606 1264 2670 1316 ⁵⁸.

1933 1531 2022 1585 92.
2058 1532 2221 1585 Vens.
2243 1531 2329 1598 14,
2363 1531 2450 1585 15.
2486 1530 2554 1584 Et
2588 1547 2742 1600 super
2767 1546 2971 1584 omnem
3008 1538 3252 1595 montem,
3273 1539 3320 1582 et
3351 1544 3444 1582 su-
3545 1525 3548 1528 ’

1862 1640 1954 1692 per
1973 1639 2176 1678 omnem
2204 1623 2405 1687 collem,
2435 1633 2482 1676 et
2512 1639 2670 1692 super
2695 1639 2900 1677 omnem
2933 1622 3123 1676 turrim
3158 1620 3439 1678 excelsam.

1865 1716 2327 1782 Quemadmodum
2358 1724 2576 1770 montes
2609 1729 2639 1768 a
2673 1714 2902 1771 collibus
2933 1713 3302 1784 magnitudine
3329 1713 3441 1769 dis-

1859 1814 2116 1875 crepant,
2177 1807 2273 1860 sed
2321 1805 2373 1860 in
2423 1804 2646 1874 reliquis
2688 1805 2914 1860 omnino
2961 1805 3104 1858 inter
3146 1819 3204 1860 se
3233 1818 3441 1859 conve—

1861 1899 2021 1952 niunt
2044 1915 2058 1950 :
2089 1899 2164 1953 ita
2189 1907 2245 1952 et
2267 1899 2559 1953 contrariae
2583 1906 2886 1967 potestates
2909 1897 3188 1967 proposito
3209 1895 3432 1966 quidem

1863 2001 1918 2043 et
1953 1989 2181 2045 consilio
2209 1990 2312 2044 sibi
2356 1990 2587 2044 invicem
2614 1997 2743 2044 sunt
2770 1990 3102 2054 consimiles,
3137 1989 3234 2044 sed
3266 1989 3442 2045 scele-

1866 2098 1984 2135 rum
2029 2084 2398 2152 magnitudine
2435 2082 2712 2138 diﬂerunt.
2753 2081 2948 2137 Merito
2997 2083 3162 2153 igitur
3189 2083 3306 2138 dies
3328 2082 3437 2136 Do-

1861 2173 1992 2226 mini
2025 2173 2265 2227 Sabaoth
2304 2174 2425 2227 illos
2478 2174 2717 2228 invadet.
2769 2171 2909 2240 Quid
2965 2182 3144 2227 autem
3200 2173 3304 2228 hoc
3333 2173 3438 2228 sibi

1863 2265 1976 2335 vult
2007 2280 2021 2317 :
2055 2263 2126 2318 Et
2157 2281 2317 2334 super
2349 2281 2553 2319 omnem
2597 2266 2826 2318 turrim?
2865 2265 3056 2320 Turris
3099 2264 3317 2335 specula
3353 2276 3440 2320 est

1860 2357 2112 2413 eminens
2144 2360 2210 2413 ad
2258 2359 2510 2414 tuendam
2545 2359 2848 2422 civitatem,
2900 2369 2957 2414 et
2997 2360 3065 2414 ad
3110 2359 3332 2415 bellicos
3367 2360 3443 2414 in-

1861 2465 2053 2506 cursus
2110 2451 2520 2517 cognoscendas
2568 2453 2999 2507 accommodata.
3036 2451 3188 2508 Mens
3224 2467 3444 2522 quoque

1860 2544 2124 2610 ejusmodi
2165 2558 2428 2598 concessa
2485 2543 2643 2600 nobis
2685 2553 2790 2610 est,
2837 2547 3105 2599 bonorum
3144 2552 3353 2608 custos,
3383 2551 3444 2599 et.

1860 2652 1981 2706 qum
2029 2635 2352 2691 insidiantes
2407 2635 2705 2705 prospiciat
2747 2651 2812 2690 ac
2855 2635 3248 2704 deprehendat.
3289 2633 3440 2689 Hanc

1861 2741 2034 2794 neque
2063 2742 2159 2796 per
2192 2742 2251 2782 se
2283 2741 2461 2796 neque
2513 2743 2610 2798 per
2647 2744 2733 2783 res
2775 2737 3021 2784 terrenas
3053 2742 3339 2784 ascensum
3372 2731 3440 2782 ad

1859 2819 2054 2873 cmlum
2111 2819 2284 2872 moliri
2323 2828 2559 2888 Oportet.
2607 2821 2689 2874 Ad
2738 2822 2909 2890 ipsam
2952 2821 3096 2874 enim
3139 2821 3209 2876 ob
3241 2819 3437 2876 fastum

1861 2911 2114 2963 deorsum
2163 2910 2475 2978 prolapsam
2524 2911 2808 2966 descendit
2848 2909 3140 2976 Dominus,
3173 2924 3236 2964 ac
3267 2911 3439 2965 bene-

1865 3001 1971 3054 ﬁcii
1995 3011 2051 3054 et
2076 3000 2268 3054 salutis
2293 3014 2443 3068 ergo,
2484 3001 2624 3054 banc
2653 3001 2823 3069 ipsius
2848 3016 2973 3055 cum
3009 3000 3155 3055 malo
3197 3000 3442 3058 necessi-

165 3096 459 3167 οἰκοδομῆς
484 3095 694 3149 κελεύει
727 3097 876 3166 ἡμᾶς
910 3097 938 3148 ὁ
970 3097 1177 3168 Κύριος
1203 3097 1534 3162 καθίσαντας
1585 3100 1753 3170 ψηφί-
1785 3117 1811 3175 ί

1865 3095 2102 3148 tudinem
2141 3094 2710 3164 conspirationemque
2746 3093 2990 3162 dissipat.
3043 3091 3204 3148 Jubet
3236 3093 3302 3147 de
3333 3093 3435 3147 bu-

168 3205 295 3254 σαι,
364 3191 412 3242 εί
482 3188 681 3260 ἔχομεν
744 3189 816 3243 τά
889 3191 1026 3258 πρὸς
1077 3193 1444 3263 ἀπαρτισμὸν.
1519 3194 1594 3258 ὡς
1657 3196 1754 3267 δη-

165 3281 246 3333 λοί
279 3281 424 3351 αὑτὴ
455 3283 488 3352 ἡ
525 3281 840 3353 σύμφρασις
871 3281 966 3334 τοῦ
989 3283 1342 3352 Εὐαγγελίου.
1371 3286 1475 3338 Τὸν
1498 3282 1590 3339 οὖν
1617 3287 1753 3358 ὕψη·

167 3371 403 3444 λόφρονα
439 3373 580 3436 νοῦν,
630 3375 724 3426 καὶ
759 3373 1085 3446 ὑπέρογκον,
1121 3377 1215 3429 καὶ
1243 3376 1452 3440 πάντας
1493 3378 1759 3444 ἐξευτελίυ

165 3461 352 3528 ζοντα,
402 3464 498 3516 καὶ
545 3464 734 3517 ἐαυτὸν
773 3466 1147 3536 μακαρίζοντα
1195 3469 1476 3537 φοϐεῖσθαι
1525 3475 1554 3525 6
1601 3473 1758 3542 λόγος

160 3554 260 3626 τὴν
303 3555 524 3625 ἡμέραν
570 3557 778 3625 Κυρίου
814 3557 1084 3626 βούλεται.
1117 3560 1226 3614 Καὶ
1272 3561 1372 3614 ἐπὶ
1405 3561 1529 3617 πᾶν
1560 3565 1759 3633 τεῖχος

161 3648 434 3717 ὑψηλόν.
471 3647 639 3700 Πάλιν
672 3652 848 3720 τεῖχος
874 3649 1054 3721 ἔρυμά
1078 3654 1194 3704 ἐστι
1222 3653 1360 3723 πρὸς
1391 3654 1636 3727 φυλακὴν
1663 3657 1760 3709 πόα

161 3740 301 3794 λεων
366 3739 760 3809 πεποιημένον,
801 3742 892 3794 καὶ
933 3741 1034 3806 τὰς
1077 3742 1384 3813 προσϐολὰς
1447 3745 1555 3798 τῶν
1597 3746 1758 3800 πολε-

165 3832 308 3903 μίων
333 3832 780 3902 ἀποκρουόμενον
802 3849 815 3862 ·
852 3831 1028 3896 οὕτως
1058 3834 1165 3887 εἰσί
1197 3852 1341 3898 τινες
1370 3836 1465 3888 καὶ
1494 3836 1663 3906 λόγοι,
1709 3841 1757 3892 οἱ

167 3924 266 3995 μὲν
317 3925 384 3975 ἐκ
423 3922 523 3992 τῆς
571 3923 831 3992 ἀληθείας
878 3924 1046 3994 αὐτῆς
1089 3924 1466 3996 περικείμενοι
1508 3928 1663 3997 ἡμῖν,
1698 3929 1760 3982 τὸ

162 4015 534 4085 ἀκαθαίρετον
563 4015 672 4068 τῶν
713 4016 1000 4087 σωτηρίων
1031 4017 1320 4088 δογμάτων
1353 4019 1754 4090 διατηροῦντες⁴

160 4110 212 4161 οἱ
244 4108 304 4161 δὲ
351 4109 417 4160 ἐκ
456 4107 558 4176 τῆς
595 4106 794 4171 ἔξωθεν
837 4109 1078 4172 ἐπινοίας
1124 4109 1261 4180 πρὸς
1304 4109 1574 4181 ὀχύρωσιν
1628 4112 1759 4182 ψεύ-

159 4202 288 4264 δους
323 4200 421 4253 καὶ
455 4199 699 4271 φυλακὴν
733 4201 1090 4272 ματαιότητος
1138 4203 1634 4274 ἐπιτετηδευμένοι.
1692 4205 1758 4258 Ἦ

161 4292 277 4363 γὰρ
303 4292 407 4362 τῆς
428 4292 776 4362 διαλεκτικῆς
802 4291 1028 4362 δύναμις
1054 4294 1231 4363 τεῖχός
1262 4296 1378 4348 ἐστι
1405 4299 1515 4360 τοῖς
1549 4298 1756 4368 δόγμα-

163 4401 274 4446 σιν,
311 4384 414 4436 ούκ
445 4382 588 4436 ἐῶσα
621 4383 760 4436 αὐτὰ
804 4383 1173 4454 εύδιάρπαστα
1199 4381 1337 4439 εἶναι
1375 4387 1466 4440 καὶ
1509 4388 1754 4442 εὐάλωται

161 4476 281 4537 τοῖς
312 4473 675 4544 βουλομένοις.
707 4477 807 4527 Διά
841 4452 998 4528 τοῦτο
1023 4475 1092 4528 τὰ
1129 4477 1226 4547 μὲν
1252 4477 1352 4546 τῆς
1401 4479 1754 4552 Ἰερουσαλὴμ
1786 4452 1830 4506 D

161 4563 320 4634 τείχη
350 4564 676 4635 ἀνάγραπτά
703 4567 852 4619 ἐστιν
880 4566 974 4620 ἐπὶ
1000 4566 1108 4619 τῶν
1138 4568 1340 4640 χειρῶν
1368 4569 1464 4622 τοῦ
1501 4573 1710 4643 Κυρίου
1737 4589 1750 4603 ο

162 4660 238 4713 τὰ
284 4660 345 4712 δὲ
391 4659 740 4730 Ἱεριχοῦντος
789 4659 896 4712 ὑπὸ
957 4658 1131 4728 Ἰησοῦ
1187 4660 1550 4732 καθαιρεῖται.
1601 4667 1750 4736 φωνῇ

166 4751 309 4823 μόνῃ
344 4750 691 4820 διαλυόμενα.
716 4752 864 4802 Ἀνω
899 4749 997 4820 μὲν
1023 4746 1116 4802 οὖν
1142 4749 1278 4820 μόνα
1309 4751 1377 4804 τὰ
1408 4752 1588 4824 ὑψηλὰ
1625 4771 1754 4806 κατ-

163 4844 455 4913 ηγορεῖται
478 4859 491 4870 ·
546 4841 781 4895 ἐνταῦθα
819 4841 876 4893 δὲ
923 4842 1018 4893 καὶ
1053 4841 1122 4894 τὰ
1153 4841 1305 4911 ἰσχύν
1338 4859 1459 4895 τινα
1491 4844 1632 4916 μετὰ
1659 4845 1751 4898 τοῦ

164 4935 340 5004 ὕψους
384 4933 614 5004 ἔχοντα’
664 4934 763 5006 τὴν
811 4936 870 4989 ἐν
906 4940 1027 5002 ταῖς
1072 4938 1478 5001 ἀποδεικτικαῖς
1512 4937 1753 5007 μεθόδοις

163 5025 507 5095 πιθανότητα
540 5025 632 5078 ἐπὶ
681 5026 817 5079 πολὺ
853 5028 1289 5100 κραταιωθεῖσαν
1320 5028 1414 5081 καὶ
1447 5028 1752 5096 ύψωθείσαν

160 5121 349 5188 τεῖχος
375 5116 576 5188 ὑψηλὸν
604 5119 882 5190 τροπικῶς
913 5120 1161 5189 λέγοντος
1199 5120 1290 5173 τοῦ
1323 5121 1626 5190 προφήτου,
1659 5121 1752 5172 καὶ

1858 3184 1946 3253 jus
1973 3185 2183 3240 aedilicii
2213 3185 2421 3239 fabrica
2469 3186 2748 3249 Dominus,
2779 3195 2837 3239 ut
2863 3186 3111 3241 sedentes
3155 3195 3440 3252 compute-

1862 3293 2001 3344 mus,
2037 3293 2106 3332 an
2159 3292 2222 3334 ea
2255 3278 2453 3348 quibus
2497 3294 2634 3347 opus
2675 3288 2756 3332 est
2783 3279 2850 3332 ad
2897 3279 3306 3347 perliciendum,
3335 3279 3440 3334 ha-

1860 3373 2110 3439 beamus,
2139 3372 2215 3426 uti
2245 3372 2418 3442 ipstun
2462 3371 2736 3439 Evangelii
2781 3370 3067 3425 consilium
3107 3371 3437 3426 declarat".

1860 3463 1988 3519 Vult
2021 3466 2186 3536 igitur
2213 3464 2492 3533 Scriptura
2518 3463 2975 3517 utbanc‘Domini
3008 3463 3150 3518 diem
3182 3461 3440 3520 formidet

1862 3571 1924 3610 ac
1959 3565 2163 3612 metuat
2207 3556 2426 3610 animus
2471 3556 2581 3619 ille,
2639 3556 2730 3626 qui
2767 3557 2835 3609 de
2880 3569 2939 3608 se
2987 3555 3098 3610 alte
3157 3556 3324 3611 sentit
3372 3570 3439 3611 ac

1859 3647 2000 3701 ultra
2025 3647 2245 3702 modum
2275 3647 2613 3712 intumescit,
2648 3647 2850 3716 quique
2879 3658 3197 3715 aspernatur
3225 3662 3436 3712 omnes,

1860 3749 1916 3792 et
1941 3754 2000 3794 se
2035 3739 2151 3809 ipse
2181 3740 2446 3810 praedicat
2495 3739 2733 3793 beatum.
2777 3738 2846 3790 Et
2888 3755 3044 3804 super
3074 3755 3278 3794 omnem
3323 3756 3440 3794 mu-

1860 3845 1978 3884 rum
2004 3831 2282 3884 excelsum.
2319 3831 2555 3884 Rursum
2592 3844 2780 3883 murus
2815 3839 3026 3900 septum
3051 3839 3133 3884 est
3156 3846 3221 3884 ac
3259 3835 3438 3886 inuui-

1863 3938 1983 3976 men
2015 3923 2080 3974 ad
2114 3923 2498 3976 cusmdiendas
2531 3921 2800 3986 civitates,
2825 3931 2880 3976 et
2913 3925 2978 3974 ad
3013 3922 3236 3978 hostiles
3268 3925 3438 3994 impe-

1863 4021 1947 4065 tus
1980 4012 2378 4080 propulsandos
2409 4022 2746 4068 exstructum
2774 4030 2786 4064 :
2822 4013 2895 4068 ita
2930 4025 3056 4069 sunt
3082 4027 3136 4070 et
3161 4032 3440 4073 sermones

1860 4108 2106 4175 quidam,
2151 4107 2352 4175 quibus
2393 4109 2460 4162 ab
2520 4108 2633 4177 ipsa
2685 4110 2916 4164 veritate
2972 4111 3354 4181 pra-cingimur
3384 4123 3440 4168 ct

1861 4200 2158 4264 munimur,
2191 4199 2284 4267 qui
2331 4201 2438 4253 vim
2492 4200 2814 4256 salutarium
2862 4203 3175 4274 dogmatqu
3215 4207 3442 4276 inexpu-

1861 4292 2131 4361 gnabilem
2165 4301 2423 4346 tuentur:
2454 4293 2544 4346 alii
2587 4308 2716 4348 vero
2748 4295 2815 4348 ab
2859 4307 3083 4350 externa
3130 4299 3328 4351 astutia
3369 4300 3435 4353 ad

1865 4385 2330 4438 corroborandum
2362 4383 2529 4457 444Ι
2566 4386 2906 4440 mendacium
2929 4398 2984 4442 et
3006 4389 3071 4442 ad
3100 4390 3439 4446 retinendum

1863 4476 2156 4529 vanitatem
2193 4491 2384 4544 magna
2432 4491 2554 4531 cum
2602 4476 2883 4546 diligentia
2940 4489 3069 4534 sunt
3121 4482 3434 4552 excogitati.

1863 4565 1958 4621 Vis
1983 4581 2218 4635 namque
2248 4566 2584 4634 dialectices,
2615 4568 2927 4638 dogmatum
2963 4582 3047 4626 est
3080 4589 3288 4639 murus,
3319 4591 3440 4646 quae

1861 4674 1925 4712 ea
1964 4674 1992 4712 a
2027 4658 2364 4728 quibuslibet
2397 4660 2487 4729 qui
2526 4661 2750 4726 vellent,
2801 4663 2960 4718 facile
2997 4666 3303 4732 interverti,
3346 4677 3441 4722 aut.

1865 4751 2022 4804 facile
2059 4752 2356 4821 expugnari
2406 4768 2511 4807 non
2562 4752 2714 4807 sinit.
2756 4753 3099 4825 Quapropter
3146 4760 3285 4814 muri
3316 4761 3440 4829 qui-

1862 4843 1981 4896 dem
2020 4840 2316 4897 Jerusalem
2353 4844 2604 4899 manibus
2665 4846 2875 4901 Domini
2919 4849 3176 4919 descripti
3210 4852 3438 4908 sunt“:

1862 4943 1916 4986 at
1953 4933 2340 4989 Jerichontinaz
2370 4937 2607 4994 civitatis
2644 4942 2838 4996 mmnia
2877 4943 2990 4996 solo
3021 4944 3261 5000 clamore
3287 4945 3441 5001 diru-

1865 5035 1942 5088 ta,
1971 5041 1998 5077 a
2039 5025 2166 5080 .lesu
2212 5039 2534 5084 evertuntur
2557 5031 2631 5085 δν.
2671 5031 2932 5102 Superius
2978 5038 3195 5106 quidem
3227 5053 3289 5094 ea
3322 5041 3437 5095 sola

1862 5134 1981 5187 qua:
2017 5118 2232 5172 excelsa
2283 5133 2461 5187 erant,
2501 5127 2828 5193 reprehensa
2877 5140 3043 5196 sunt;
3089 5131 3179 5186 bic
3213 5147 3341 5187 vero
3373 5148 3436 5186 ea

234 5239 282 5271 “
308 5239 326 5294 Ι
353 5239 478 5294 Cor.
513 5237 701 5304 ",10.
778 5238 823 5270 “
861 5237 1006 5294 Psal.
1045 5254 1240 5306 cxxxv,
1273 5239 1326 5304 1,
1368 5237 1554 5292 17-20.
1633 5238 1828 5296 “Luc.
1859 5254 1970 5304 xw,
1997 5238 2087 5293 28.
2166 5237 2329 5293 “lsa.
2369 5257 2512 5306 mx,
2547 5244 2633 5298 16.
2710 5246 2754 5278 ⁴⁹
2783 5245 2894 5302 Jos.
2926 5265 2997 5311 vn,
3031 5249 3122 5305 20.

238 5394 355 5467 (92)
394 5395 560 5467 Editi,
599 5395 708 5448 Kal.
732 5395 838 5467 διά.
867 5395 940 5467 At
966 5396 1115 5450 deest
1141 5397 1235 5450 καί
1265 5396 1316 5450 in
1350 5411 1480 5450 mss.
1511 5398 1744 5451 nonnul-

161 5466 229 5521 lis
249 5465 270 5530 ”;
306 5481 411 5534 nec,
435 5465 654 5518 dubium
683 5466 812 5534 quin
844 5466 1032 5519 melius
1068 5467 1230 5520 absit.

237 5535 355 5605 (23)
391 5533 496 5605 Si_c_
517 5550 647 5588 mss.
685 5533 907 5604 aliquot.
939 5534 1134 5590 Vocula
1164 5540 1219 5590 αἱ
1255 5537 1306 5590 in
1338 5537 1496 5593 editis
1533 5536 1744 5591 deside-

1853 5399 2024 5522 otitlisa
2057 5401 2147 5466 sit,
2181 5408 2292 5455 tum
2333 5399 2476 5470 quod
2514 5401 2566 5455 in
2609 5403 2807 5458 nostris
2842 5419 2932 5458 sex
2966 5421 3096 5460 mss.
3137 5422 3243 5462 non
3282 5423 3436 5481 repe-

1853 5484 1932 5522 I‘la
1964 5487 2047 5522 lll'.

1853 5484 2047 5524 I‘lallll'.

1927 5539 2039 5612 (24)
2082 5540 2172 5595 Sic
2203 5556 2331 5596 mss.
2365 5540 2534 5595 nostri
2577 5556 2787 5598 omnes.
2833 5543 3035 5599 Aberat
3077 5549 3338 5605 articulus
3364 5551 3434 5606 ab

163 5602 568 5685 rfibatti‘rt‘Mox
598 5602 1009 5685 qtiidam‘nissz,‘
1036 5606 1315 5685 αλλήλοιις.
1342 5607 1444 5685 Alii
1474 5623 1596 5660 cum
1629 5609 1750 5685 edi:

1863 5602 2032 5685 adius:
2065 5611 2260 5685 Summ
2285 5612 2521 5685 quinque
2550 5628 2702 5676 mss.,
2728 5615 3065 5685 ἐνστήσεται.
3119 5619 3264 5674 Ειίὶιίν
3285 5602 3433 5677 {ea}

163 5677 262 5762 tis,
289 5673 569 5758 ἀλλήλοιςζ
583 5675 724 5762 Al'o‘x
751 5676 900 5737 editi,
925 5673 1181 5762 ἀλλήλαις
1212 5677 1581 5762 διενηνόχασιν
1603 5695 1616 5707 ·
1633 5676 1748 5762 'sed

1863 5690 1911 5734 et
1933 5681 2068 5762 βεδε.
2101 5673 2327 5762 primus,
2357 5673 2702 5756 ἐκστήσεται.
2731 5673 2969 5742 Subinde
3003 5705 3136 5746 mss.
3165 5673 3430 5762 bonnell,

166 5747 296 5802 inde
327 5759 517 5800 vocem
546 5743 803 5817 ἀλλήλαις
836 5743 1173 5813 sustulimus,
1208 5759 1318 5802 tum
1348 5743 1490 5818 quod
1537 5763 1602 5804 eo
1632 5747 1750 5806 loco

1859 5751 2104 5823 φυλακην
2135 5751 2364 5805 πόλεων.
