3828 6216
360 313 460 369 271

1305 307 1646 362 ΑΡΡΕΝΟΙΧ
1684 306 1970 362 OPERUM
2005 308 2062 364 S.
2106 307 2350 362 BASILII
2386 307 2622 362 MAGNE.

3513 306 3628 361 ‘272

361 435 529 491 etiam
575 447 695 502 quae
747 430 962 497 aliquod
1006 429 1169 483 robur
1209 427 1521 482 cclsitudiui
1573 427 1926 497 conjunctum

2069 425 2525 498 αθαιρεθήσεσθαι
2565 426 2695 478 αὑτὸ
2742 427 2800 478 ἐν
2828 429 2893 496 τῇ
2925 425 3110 496 ἡμέρᾳ
3139 425 3233 478 τοῦ
3267 426 3474 496 Κυρίου
3510 425 3620 478 διε.-

363 538 523 583 nacta
574 535 717 588 sunt,
767 531 1156 592 coarguuntur.
1208 520 1472 573 Nimirum
1534 521 1793 589 propheta
1828 521 1934 571 vim

2043 519 2258 574 ϐεϐαιου
2267 519 2452 590 μένου.

365 617 720 690 persuadendi
759 616 810 669 in
858 613 1193 683 argumentis
1240 611 1682 667 demonstrativis
1740 615 1920 673 sitam,
1990 611 2217 665 multum
2261 612 2681 666 invalescentem
2729 622 2784 666 et
2847 614 2898 666 in
2973 613 3203 668 sublime
3241 624 3622 680 exsurgentem

366 713 573 782 tropice
604 720 814 763 murum
851 702 1127 758 excelsum
1175 709 1466 770 nuncupat,
1509 710 1564 756 et
1598 715 1722 754 eum
1753 701 1804 752 in
1840 699 2049 753 Domini
2076 701 2163 754 die
2197 713 2477 758 asseverat
2501 719 2752 759 eversum
2787 703 2874 756 iri.

347 847 350 880 ᾖ
437 805 527 860 95.
563 801 724 856 Vens.
761 796 850 851 16.
869 795 934 848 Ει
961 809 1118 862 super
1143 809 1344 846 omnem
1378 808 1560 846 navem
1580 793 1763 845 maris.
1789 791 1936 846 [Eni-

368 905 548 966 gmata
587 900 716 948 sunt
758 891 824 944 ad
864 886 1226 942 exercendam
1261 895 1498 938 mentem
1528 893 1770 938 nostram
1815 898 1938 950 pro-

366 990 558 1060 posita,
595 994 655 1039 ut
677 997 743 1038 ne
758 981 1056 1035 oscitanter
1087 979 1372 1031 audiamus
1397 975 1734 1046 Scripturam
1756 1014 1773 1041 ,
1808 991 1940 1029 neve

369 1082 604 1135 animum
637 1078 688 1129 in
729 1085 928 1127 terram
963 1069 1283 1139 deligamus.
1329 1068 1616 1138 Postquam
1649 1068 1716 1122 de
1758 1069 1941 1120 animo

367 1176 473 1228 alta
506 1171 804 1240 cogitante,
831 1180 932 1219 nec
959 1163 1025 1216 de
1053 1177 1112 1217 se
1141 1162 1377 1215 demisse
1406 1171 1500 1214 aut
1521 1159 1797 1214 humiliter
1819 1174 1943 1212 sen-

369 1268 536 1321 tiente
575 1273 881 1316 sermonem
928 1257 1136 1320 habuit,
1172 1262 1574 1322 consequenter
1622 1251 1772 1318 juxta
1805 1253 1941 1303 idem

367 1355 638 1427 allegoria:
671 1365 842 1422 genus
871 1349 1036 1403 etiam
1083 1349 1149 1401 de
1183 1346 1508 1414 corporibus
1533 1344 1792 1414 loquitur.
1826 1342 1942 1395 Non

367 1450 510 1504 enim
543 1448 657 1502 dies
695 1444 784 1498 illa
816 1441 1031 1496 Domini
1079 1438 1400 1492 inanimatis
1431 1436 1660 1490 navibus
1689 1434 1944 1488 formida-

367 1537 494 1592 bilis
539 1544 624 1590 est
689 1542 746 1587 et
787 1528 1190 1585 extimescenda
1223 1565 1240 1590 ,
1287 1527 1383 1581 sed
1431 1527 1516 1590 iis,
1571 1527 1664 1596 qui
1703 1541 1800 1594 per
1845 1539 1941 1578 sua

369 1642 598 1697 corpora
627 1627 678 1679 in
709 1636 896 1678 amaro
915 1620 1072 1690 hujus
1099 1621 1224 1672 vitae
1245 1617 1411 1672 fluctu
1428 1617 1726 1686 jactantur.
1746 1615 1946 1682 Quem-

370 1720 658 1776 admodum
694 1717 839 1773 enim
896 1715 1110 1783 navigia
1163 1728 1330 1767 onere
1376 1713 1668 1781 degravata
1700 1726 1805 1764 non
1842 1710 1943 1762 nisi

370 1827 512 1884 aegre
541 1811 661 1865 vehi
705 1816 949 1878 possunt,
992 1822 1056 1860 ac
1085 1805 1242 1861 facile
1283 1807 1519 1858 subeunt
1565 1803 1942 1870 naufragium:

371 1907 446 1959 ita
473 1913 525 1958 et
549 1916 776 1970 corpora
801 1915 922 1970 quae
951 1898 1200 1965 plurimis
1241 1910 1306 1950 ac
1336 1895 1597 1950 uberibus
1630 1894 1838 1948 deliciis
1881 1893 1948 1946 ad

373 1994 765 2064 corpulentiam
821 2001 1079 2060 vergunt,
1149 2003 1245 2057 per
1298 1987 1630 2055 voluptatem
1704 1985 1948 2052 voragini

371 2087 689 2159 perditionis
714 2082 1038 2146 innatantia,
1060 2082 1226 2135 maris
1250 2095 1414 2134 naves
1438 2078 1799 2148 appellantur.
1821 2075 1951 2130 Vice

370 2195 526 2236 versa
560 2179 937 2235 collaudantur
969 2175 1208 2244 navigia,
1259 2174 1459 2242 quibus
1504 2180 1735 2226 utuntur
1760 2170 1850 2238 qui
1884 2169 1950 2222 ad

371 2273 744 2342 operationem
797 2271 849 2324 in
915 2267 1071 2338 aquis
1117 2265 1304 2322 multis
1351 2263 1660 2318 faciendam
1709 2264 1763 2315 in
1801 2273 1952 2314 mare

371 2362 796 2426 descendunt",
828 2369 884 2415 et
925 2361 991 2414 de
1030 2359 1228 2429 quibus
1280 2357 1333 2410 in
1382 2355 1590 2426 psalmo
1622 2354 1688 2406 ad
1741 2353 1953 2407 divinas

373 2456 561 2510 laudes
623 2452 980 2508 celebrandas
1037 2448 1349 2518 composito
1408 2446 1617 2500 dictum
1673 2453 1798 2498 est:
1833 2441 1952 2495 Illic

374 2563 528 2600 naves
568 2541 1019 2614 pertranseunt“.
1046 2542 1176 2607 Quae
1221 2539 1368 2595 enim
1403 2553 1572 2591 naves
1601 2550 1752 2589 mare
1790 2533 1949 2603 traji-

375 2639 546 2702 ciunt,
586 2651 685 2690 nec
716 2637 768 2688 in
802 2651 867 2688 eo
907 2641 1254 2703 permanent,
1288 2646 1391 2686 nec
1438 2629 1694 2683 ﬂuctibus
1734 2627 1953 2681 immer-

376 2736 598 2796 guntur,
636 2724 741 2778 illa:
789 2724 1083 2777 laudantur
1117 2739 1132 2776 :
1167 2729 1330 2790 atque
1384 2721 1520 2774 adeo
1559 2717 1650 2787 qui
1702 2716 1754 2769 in
1789 2730 1953 2770 carne

376 2820 600 2886 degunt,
650 2829 750 2868 nec
780 2814 1015 2868 militant
1060 2811 1354 2866 secundum
1382 2824 1622 2871 carnem,
1667 2807 1761 2862 sed
1794 2804 1952 2873 hujus

373 2912 498 2966 vitae
527 2907 738 2962 calcant
770 2904 1016 2966 fluctum,
1047 2916 1222 2971 eoque
1267 2903 1581 2969 superiores
1631 2899 1787 2958 fiunt,
1817 2911 1950 2965 ope-

377 3003 644 3058 rationem
703 3000 756 3054 in
803 2999 961 3068 aquis
1011 2996 1198 3051 multis
1234 2993 1460 3049 faciunt.
1514 2991 1792 3063 Ejusmodi
1828 2997 1954 3045 sunt

377 3095 687 3166 quicunque
720 3106 778 3147 se
818 3092 873 3144 in
910 3091 1014 3144 hac
1045 3090 1153 3142 vita
1179 3087 1488 3150 demittunt,
1521 3095 1582 3139 ut
1611 3084 1822 3154 aliquos
1857 3097 1952 3137 eo-
1984 3111 2027 3168 ρ

377 3201 497 3240 rum
526 3183 621 3250 qui
651 3183 704 3237 in
731 3181 999 3252 profundo
1024 3179 1256 3234 demersi
1288 3187 1436 3241 sunt,
1474 3176 1776 3232 lucrentur.
1807 3174 1956 3242 Qua-

378 3287 598 3347 propter
645 3274 860 3329 Domini
918 3287 1083 3343 opera
1140 3281 1439 3336 noverunt,
1485 3280 1543 3324 ut
1593 3269 1681 3338 qui
1735 3283 1959 3338 operum

378 3369 595 3425 Domini
627 3379 682 3423 et
709 3381 892 3424 rerum
937 3367 990 3420 in
1015 3364 1285 3435 prolundo
1301 3359 1346 3396 "
1387 3362 1802 3418 admirationem
1841 3375 1959 3414 mo-

379 3463 622 3517 ventium
677 3458 1088 3528 intelligentiam
1163 3470 1261 3525 pro
1337 3451 1670 3523 operationis
1714 3451 1960 3506 mercede

379 3552 708 3622 receperint.
749 3548 818 3603 Et
851 3564 1006 3617 super
1041 3562 1243 3600 onmem
1267 3552 1533 3614 aspectum
1555 3542 1960 3611 pulchritudinis

380 3645 615 3700 nauium.
663 3642 906 3697 Audiant
956 3641 1144 3694 isthazc
1195 3637 1286 3707 qui
1333 3637 1386 3692 in
1439 3637 1686 3691 ornando
1732 3649 1961 3703 corpore

379 3736 622 3790 studium
649 3739 880 3803 ponunt,
910 3745 976 3784 ac
1017 3730 1069 3784 in
1106 3729 1191 3784 bis
1221 3728 1534 3798 spectandis
1560 3726 1830 3782 curiosius
1856 3726 1960 3778 im-

384 3837 686 3883 morantur.
718 3823 831 3879 Nec
856 3823 1002 3878 enim
1047 3821 1267 3875 navium
1318 3829 1574 3890 aspectus
1603 3819 1800 3873 noxius
1831 3826 1915 3872 est
1944 3836 1957 3870 :

381 3919 480 3975 sed
512 3917 672 3972 noxia
699 3925 785 3970 est
819 3913 1066 3983 corporis
1101 3913 1244 3982 quod
1285 3911 1685 3981 concupiscitur
1713 3917 1961 3964 content-

383 4011 570 4084 platio.
605 4009 725 4064 Erit
767 4008 929 4076 igitur
955 4007 1071 4061 dies
1103 4005 1319 4060 Domini
1357 4019 1522 4074 super
1553 4017 1768 4058 omnem
1805 4016 1965 4070 aspe—

385 4115 532 4161 ctum
567 4097 988 4172 pulchritudinis
1020 4098 1260 4152 navium.
1289 4095 1652 4162 Quamobrem
1682 4094 1776 4162 qui
1812 4094 1962 4147 vide-

383 4198 456 4252 rit
501 4194 789 4250 mulierem
843 4191 910 4245 ad
968 4189 1488 4258 concupiscendum,
1541 4187 1595 4239 in
1635 4185 1800 4240 corde
1855 4199 1958 4238 suo

382 4286 688 4342 moechatus
717 4293 799 4338 est
823 4282 891 4334 ⁸³.
927 4280 1071 4351 Quin
1096 4289 1150 4334 et
1191 4277 1387 4333 mulier
1417 4293 1538 4347 qua:
1566 4277 1688 4332 ideo
1713 4290 1772 4330 se
1803 4291 1962 4330 exor-

2112 792 2314 847 93.Kai
2333 794 2429 848 ἐπὶ
2449 793 2570 849 πᾶν
2588 795 2804 849 πλοῖον
2815 793 3155 860 θαλάσσης.
3173 792 3484 864 Αἰνίγματά
3513 796 3629 850 ἐστι

2045 888 2183 956 πρὸς
2201 885 2298 956 τὴν
2325 887 2635 954 γυμνασίαν
2661 885 2754 938 τοῦ
2787 885 2878 938 νοῦ
2906 884 3067 956 ἡμῶν
3093 885 3365 954 προϐεϐλη
3376 885 3535 954 μένα,
3557 885 3632 956 μὴ

2046 977 2231 1049 ἀργῶς
2261 977 2544 1049 ἀκούωμεν
2565 979 2674 1047 (25)
2705 980 2804 1049 τῆς
2827 978 3071 1050 Γραφῆς,
3106 978 3194 1032 ἵνα
3225 979 3299 1050 μὴ
3332 996 3398 1048 χα
3411 980 3513 1048 μαὶ
3541 979 3632 1031 τὸν

2048 1071 2170 1124 νοῦν
2201 1071 2611 1142 καταϐάλωμεν.
2649 1070 2832 1124 Εἰπὼν
2856 1071 2968 1141 (‘26)
2999 1072 3130 1142 περὶ
3171 1069 3266 1124 τοῦ
3307 1071 3399 1124 νοῦ
3430 1070 3526 1124 τοῦ
3567 1072 3636 1124 τά

2050 1162 2229 1232 ὑψηλά
2256 1163 2597 1234 φρονοῦντος,
2626 1163 2720 1216 καὶ
2755 1161 2829 1232 μὴ
2865 1165 2978 1225 τοῖς
3005 1166 3282 1225 ταπεινοῖς
3322 1180 3634 1232 συναπαγό-

2053 1256 2237 1324 μένου,
2270 1254 2576 1314 ἀκολούθως
2609 1256 2666 1307 ἐν
2695 1253 2774 1324 τῷ
2804 1253 2954 1324 αὑτῷ
2996 1253 3124 1306 εῖδει
3153 1255 3253 1324 τῆς
3285 1254 3636 1326 ἐπικρύψεως

2054 1348 2142 1400 καὶ
2184 1349 2311 1418 περὶ
2360 1347 2626 1416 σωμάτων
2655 1345 2980 1414 διαλέγεται.
3018 1347 3092 1398 Οὐ
3123 1347 3232 1416 γὰρ
3273 1345 3482 1416 φοϐερὰ
3525 1348 3637 1406 τοῖς

2050 1440 2276 1510 ἀψύχοις
2334 1439 2540 1501 πλοίοις
2596 1441 2628 1508 ἡ
2698 1437 2792 1491 τοῦ
2849 1437 3052 1508 Κυρίου
3105 1437 3311 1507 ἡμέρα,
3348 1437 3482 1490 ἀλλά
3525 1438 3639 1500 τοῖς

2050 1531 2139 1584 διὰ
2169 1530 2278 1582 τῶν
2330 1529 2598 1600 σωμάτων
2629 1531 2686 1581 ἐν
2719 1527 2798 1598 τῷ
2837 1527 3070 1599 ἁλμυρῷ
3117 1528 3349 1581 κλύδωνι
3389 1527 3484 1580 τοῦ
3521 1527 3640 1598 βίου

2050 1621 2241 1674 τούτου
2277 1619 2678 1690 σαλευομένοις.
2730 1620 2939 1689 ’Ὠσπερ
2970 1617 3078 1688 γάρ
3107 1617 3176 1670 τὰ
3201 1617 3362 1670 πλοῖα
3400 1617 3646 1670 καταϐα-

2055 1713 2324 1784 ρυνόμενα
2373 1711 2453 1782 τῷ
2505 1711 2708 1782 φόρτῳ,
2757 1711 3051 1779 δυσάγωγά
3099 1710 3235 1772 ἐστι,
3293 1709 3388 1762 καὶ⁵
3443 1707 3644 1762 εὑκολα

2052 1804 2186 1874 πρὸς
2221 1803 2477 1872 ναυάγιον
2498 1821 2510 1833 ·
2543 1801 2684 1855 οὑτω
2715 1802 2808 1854 καὶ¹
2841 1806 2909 1854 τὰ
2944 1801 3190 1871 σώματα,
3218 1802 3318 1854 ὅσα
3346 1801 3516 1871 πολλῇ
3547 1801 3645 1853 καὶ

2048 1896 2261 1966 δαψιλεῖ
2292 1899 2358 1966 τῇ
2391 1899 2570 1966 τρυφῇ
2595 1895 2706 1965 (27)
2750 1897 2830 1957 εἰς
2875 1893 3246 1964 πολυσαρκίαν
3295 1893 3646 1962 καταπεφόρ-

2049 2007 2248 2052 τισται,
2280 1988 2368 2042 διὰ
2400 1988 2732 2058 φιληδονίαν,
2772 1987 2850 2054 τῷ
2891 1986 3038 2057 βυθῷ
3085 1986 3182 2056 τῆς
3225 1985 3501 2050 ἀπωλείας
3525 1987 3647 2038 ἐπι-

2051 2075 2348 2144 νηχόμενα,
2383 2076 2545 2128 πλοῖα
2576 2075 2852 2145 θαλάσσης
2877 2074 3116 2142 λέγεται;
3149 2075 3308 2128 Ἔστι
3338 2074 3524 2146 μέντοι
3549 2075 3647 2128 καὶ

2051 2167 2419 2239 ἐπαινούμενα
2449 2168 2609 2222 πλοῖα
2635 2167 2703 2221 τὰ
2729 2168 3107 2240 ὑπηρετοῦντα
3141 2171 3254 2232 τοῖς
3280 2169 3649 2238 καταϐαίνου-

2055 2279 2137 2316 σιν
2181 2264 2262 2325 είς
2303 2262 2401 2332 τὴν
2436 2262 2712 2316 θάλασσαν
2755 2261 2847 2313 ἐπὶ
2884 2259 2962 2331 τῷ
2977 2259 3088 2330 (28)
3121 2261 3346 2330 ποιῆσαι
3380 2261 3646 2332 ἐργασίαν

2051 2353 2110 2404 ἐν
2156 2351 2308 2404 ὕδασι
2362 2351 2600 2415 πολλοῖς,
2653 2351 2750 2404 καὶ
2791 2351 2922 2421 περὶ
2963 2345 3038 2403 ὧν
3087 2351 3147 2402 ἐν
3188 2350 3266 2421 τῷ
3312 2350 3515 2422 ψαλμῷ
3547 2351 3650 2419 τῆς

2053 2442 2364 2512 δοξολογίας
2392 2443 2630 2515 εἴρηται,
2659 2443 2742 2496 ὃτι
2777 2441 2938 2496 Ἐκεῖ
2957 2441 3139 2495 πλοῖα
3167 2441 3650 2509 διαπορεύονται.

2054 2531 2135 2584 Τά
2168 2532 2277 2603 γὰρ
2308 2531 2656 2586 διαϐαίνοντα
2691 2532 2790 2603 τὴν
2837 2531 3112 2584 θάλασσαν
3151 2531 3337 2599 πλοῖα,
3384 2531 3523 2585 ἀλλὰ
3571 2533 3648 2603 μὴ

2055 2624 2458 2695 ἐναπομένοντα
2487 2624 2648 2696 αὐτῇ,
2689 2625 2824 2696 μηδέ
2854 2623 3376 2695 καταϐαπτιζόμενα
3398 2627 3513 2689 τοῖς
3541 2624 3653 2678 .κὺ-

2057 2733 2244 2788 μασιν,
2293 2717 2632 2769 ἐπαινείται·
2668 2718 2762 2770 καὶ
2804 2719 2854 2769 οἱ
2900 2719 2959 2770 ὲν
2996 2717 3162 2787 σαρκὶ
3201 2716 3257 2770 δὲ
3299 2715 3525 2781 ζῶντες,
3553 2718 3653 2772 καὶ

2059 2805 2134 2876 μὴ
2188 2804 2330 2858 κατὰ
2376 2805 2557 2876 σάρκα
2604 2805 3050 2876 στρατευόμενοι,
3082 2805 3532 2862 καταπατοῦντες
3559 2806 3656 2860 τὸν

2055 2896 2298 2950 κλύδωνα
2323 2895 2415 2950 τοῦ
2439 2896 2577 2966 βίου,
2601 2899 2695 2952 καὶ
2734 2897 3055 2971 ὑψηλότεροι
3076 2899 3243 2953 αὑτοῦ
3265 2900 3438 2964 ϐντες,
3464 2899 3657 2953 ποιοῦ-

2057 3006 2142 3041 σιν
2184 2989 2448 3059 ἐργασίαν
2501 2990 2560 3042 ἐν
2600 2988 2754 3043 ὕδασι
2794 2989 3036 3054 πολλοῖς’
3071 2992 3187 3044 ὅσοι
3205 2990 3317 3061 (29)
3371 3009 3656 3060 συγκατα-

2063 3077 2309 3131 ϐαίνουσι
2343 3076 2421 3148 τῷ
2452 3077 2553 3148 βίῳ
2579 3079 2672 3132 ἐπὶ
2708 3078 2787 3149 τῷ
2828 3078 3091 3152 κερδῆσαί
3137 3098 3289 3144 τινας
3332 3079 3438 3134 τῶν
3495 3080 3663 3151 βἐϐυο

2063 3169 2357 3241 θισμένων.
2427 3169 2528 3223 Διά
2593 3170 2754 3223 τοῦτο
2815 3172 3029 3225 είδοσαν
3086 3171 3159 3226 τὰ
3221 3173 3359 3244 ἔργα
3421 3175 3655 3244 Κυρίου,

2067 3261 2257 3332 μισθὸν
2282 3263 2382 3332 τῆς
2417 3264 2680 3336 ἐργασίας
2708 3264 2805 3335 τὴν
2835 3265 3052 3318 σύνεσιν
3091 3265 3200 3319 τῶν
3239 3266 3416 3336 ἔργων
3446 3267 3659 3338 Κυρίου

2063 3360 2158 3414 καὶ
2185 3359 2291 3413 τῶν
2331 3362 2388 3413 ὲν
2419 3359 2499 3431 τῷ
2547 3360 2693 3431 βυθῷ
2727 3361 3050 3432 θαυμασίων
3105 3361 3494 3432 λαμϐάνοντες.
3544 3364 3660 3416 Καὶ

2063 3451 2160 3504 ἐπὶ
2193 3451 2400 3507 πᾶσαν
2424 3451 2562 3506 θέαν
2609 3453 2839 3506 πλοίων·
2871 3453 3162 3519 κάλλουςο
3200 3452 3584 3506 Ἀκουὲτωσαν
3611 3455 3664 3506 oi

2067 3545 2196 3615 περὶ
2227 3544 2317 3597 τὸν
2349 3543 2734 3614 καλλωπισμὸν
2775 3545 2871 3598 τοῦ
2919 3545 3172 3616 σώματος
3209 3545 3446 3616 ἔχοντες,
3482 3547 3582 3599 καὶ
3613 3549 3664 3598 οἱ

2069 3638 2196 3707 περὶ
2239 3637 2338 3706 τὴν
2385 3637 2588 3690 τούτων
2637 3637 2765 3691 θέαν
2806 3637 3117 3708 περιέργως
3163 3637 3547 3706 ἐσχολακότες.
3586 3639 3664 3690 υὺ

2068 3729 2176 3797 γὰρ
2205 3731 2238 3799 ἡ
2268 3728 2377 3782 τῶν
2407 3729 2610 3782 πλοίων
2652 3729 2750 3784 θέα
2792 3730 3057 3801 βλαϐερά·
3091 3729 3206 3782 ἀλλ’
3240 3731 3274 3800 ἡ
3303 3729 3442 3800 πρὸς
3470 3729 3667 3782 ἐπιθυ-

2073 3819 2200 3889 μίαν
2239 3819 2333 3873 τοῦ
2377 3819 2628 3891 σώματος
2667 3823 3019 3892 κατανόησις.
3058 3823 3256 3876 Ἔσται
3283 3817 3376 3875 οῦν
3412 3823 3446 3892 ἠ
3477 3821 3668 3892 ἡμέρα

2067 3913 2274 3982 Κυρίου
2310 3913 2403 3965 ἐπὶ
2444 3915 2626 3967 πᾶσαν
2657 3914 2784 3968 θέαν
2815 3915 3015 3968 πλοίων
3051 3915 3301 3978 κάλλους,
3338 3914 3476 3967 διότι
3505 3916 3536 3966 ὁ
3566 3915 3668 3984 ἐμ-

2069 4003 2272 4074 ϐλέψας
2325 4007 2546 4074 γυναικὶ
2578 4007 2717 4078 πρὸς
2749 4009 2810 4061 τὸ
2853 4008 3214 4080 ἐπιθυμῆσαι,
3262 4010 3319 4062 ἐν
3349 4009 3415 4078 τῇ
3464 4005 3668 4076 καρδίᾳ

2069 4095 2232 4147 αὑτοῦ
2263 4095 2586 4165 ἐμοίχευσε·
2623 4097 2716 4150 καὶ
2761 4099 2795 4167 ἡ
2835 4095 3288 4166 καλλωπιζομένη
3336 4093 3474 4165 γυνὴ
3529 4091 3668 4162 πρὸς

2067 4190 2126 4240 τὸ
2174 4187 2270 4250 τὰς
2321 4189 2615 4259 ἐπιθυμίας
2662 4189 2746 4258 ἐφ’
2781 4191 2982 4260 ἑαυτὴν
3010 4189 3121 4260 (5m
3174 4187 3284 4241 τῶν
3339 4185 3672 4239 ἀκολάστων

2069 4280 2311 4350 κινῆσαι,
2353 4283 2410 4334 ἐν
2441 4284 2506 4352 τῇ
2543 4282 2744 4355 καρδίᾳ.
2771 4283 2942 4352 αὑτῆς
2969 4284 3070 4354 ήδη
3100 4283 3484 4354 μεμοίχευται.

384 4391 503 4446 nat,
541 4391 604 4436 ut
646 4379 934 4436 libidinosa
975 4373 1430 4430 incontinentium
1481 4371 1750 4428 desideria
1801 4372 1870 4425 ad
1904 4385 1961 4424 se
1996 4374 2219 4440 alliciat,
2252 4377 2361 4446 jam
2387 4378 2439 4430 in
2473 4378 2636 4431 corde
2669 4392 2766 4431 suo
2791 4377 3116 4431 adulterium
3145 4377 3447 4431 commisit.

451 4472 616 4547 445
647 4473 738 4529 94.
763 4470 924 4525 Vens.
954 4467 1046 4522 17.
1076 4464 1142 4520 Et
1177 4463 1547 4519 humiliabitur
1583 4464 1751 4517 omnis
1784 4463 1954 4516 homo.

2142 4465 2230 4520 94.
2281 4468 2390 4521 Kal
2446 4463 2955 4534 ταπεινωθήσεται
3011 4464 3129 4531 πᾶς
3178 4465 3516 4532 ἅνθρωπος.
3575 4463 3671 4515 Ἐκ

387 4563 548 4619 Hisce
572 4562 751 4618 verbis
793 4559 1073 4627 Scriptura
1109 4553 1424 4618 declaravit,
1459 4552 1639 4608 omnia
1655 4565 1776 4621 quas
1807 4560 1963 4605 antea

387 4655 550 4709 allata
599 4661 746 4718 sunt,
799 4651 854 4704 in
909 4649 1196 4718 aenigmate
1243 4655 1300 4702 et
1333 4645 1655 4702 abscondite
1697 4644 1868 4699 fuisse
1901 4644 1967 4698 de

386 4746 698 4803 hominibus
739 4745 904 4799 dicta.
965 4743 1246 4813 Siquidem
1280 4751 1400 4812 post
1427 4739 1881 4796 contumeliosum
1913 4749 1968 4794 et

383 4839 714 4909 su‘perbum,-
740 4845 863 4906 post
909 4835 1180 4891 excelsum
1233 4843 1289 4888 et
1332 4833 1646 4896 sublimem,
1683 4841 1806 4900 post
1850 4845 1968 4886 om-

385 4947 510 4988 nem
537 4933 756 4986 cedrum
796 4929 1014 4993 Libani,
1049 4935 1172 4997 post
1201 4940 1416 4982 omnem
1449 4925 1700 4980 arborem
1757 4923 1968 4993 glandis

2071 4559 2276 4613 τούτων
2311 4557 2512 4625 ἔδειξεν
2541 4560 2569 4611 ὁ
2594 4559 2773 4628 λόγος,
2816 4559 2898 4610 ὅτι
2927 4557 2997 4611 τὰ.
3035 4556 3347 4628 προάγοντα
3387 4555 3574 4607 πάντα
3611 4554 3672 4605 ἐν

2074 4650 2354 4720 αἰνίγματι
2392 4653 2507 4730 οκαὶ
2564 4649 3130 4722 περικεκαλυμμένως
3174 4649 3304 4717 περὶ
3359 4643 3672 4714 ἀνθρώπων

2074 4745 2260 4814 εἴρητο
2283 4744 2417 4813 (5i).
2450 4743 2606 4796 Μετὰ
2627 4744 2735 4814 γάρ
2759 4741 2851 4794 τὸν
2876 4740 3137 4812 ὑϐριστὴν
3160 4741 3255 4793 καὶ
3289 4738 3670 4808 ὑπερήφανον,

2076 4835 2171 4888 καὶ
2218 4837 2355 4905 μετὰ
2405 4835 2498 4887 τὸν
2543 4833 2746 4904 ὑψηλὸν
2790 4834 2886 4886 καὶ
2943 4832 3236 4903 μετέωρον,
3293 4828 3434 4901 μετὰ
3485 4830 3674 4881 πᾶσαν

2073 4927 2264 4997 κέδρον
2310 4926 2404 4980 τοῦ
2437 4927 2691 4989 Λιϐάνου,
2727 4925 2868 4997 μετὰ
2909 4926 3018 4978 πᾶν
3050 4924 3266 4994 δένδρον
3296 4921 3530 4992 βαλάνου
3568 4919 3674 4971 Βα-

489 5048 536 5082 ⁸⁰
567 5045 707 5104 Psal.
733 5059 842 5106 cvr,
870 5043 960 5096 9.5.
1037 5041 1080 5072 ³*
1109 5039 1251 5093 Psal.
1275 5035 1486 5100 cm,‘26.
1563 5036 1607 5066 ⁵²
1642 5033 1786 5088 Psal.
1818 5049 1930 5098 cvr,

2127 5037 2173 5068 ⁵³
2208 5037 2398 5093 Matth.
2435 5039 2600 5102 v,28.

379 5218 385 5242 .
458 5174 572 5251 {‘25)
598 5177 827 5251 Sic__tres
849 5171 971 5228 libri
1006 5181 1237 5251 veteres.
1271 5169 1373 5251 alii
1395 5177 1532 5248 tres,
1559 5167 1652 5246 τρῦ
1687 5167 1760 5251 μὴ
1785 5165 1970 5251 aprili);

385 5236 627 5304 ἁκὸὺεἱν.
677 5245 869 5300 Nostra
917 5258 1043 5296 vero
1082 5242 1247 5295 editio
1290 5239 1483 5302 Paris.,
1519 5238 1613 5290 τοῦ
1661 5236 1759 5308 μὴ’
1785 5236 1971 5308 ἀργῶς

386 5320 658 5389 ἀκούομεν
676 5333 689 5346 ο
720 5316 807 5389 ubi
826 5314 1092 5389 voculatio,
1116 5309 1233 5374 τοῦ,
1261 5308 1546 5379 παρέλκειν
1574 5307 1805 5363 constat.
1835 5307 1968 5376 Reg.

388 5381 678 5456 secundus,
709 5385 784 5457 μὴ
816 5381 908 5457 οῦν
934 5381 1138 5457 ἀργῶς.

462 5452 574 5529 (26)
617 5447 942 5529 Particulam
967 5447 1094 5523 γάρ,
1126 5450 1330 5529 quaein
1367 5449 1580 5504 excusis
1611 5447 1824 5517 legitur,
1871 5463 1971 5500 au-

387 5522 650 5584 ctoritate
679 5527 917 5595 quinque
939 5522 1086 5595 _mss._
1107 5522 1424 5595 delevimus.

465 5596 578 5669 (27)
617 5587 777 5650 Noiat
804 5587 1179 5669 Combelisius,
1211 5592 1555 5669 interpretem
1586 5587 1798 5669 legisse,
1837 5603 1966 5669 τρο-

393 5658 494 5740 φῇ,
526 5658 709 5740 aitque
729 5680 846 5720 eam
881 5665 1202 5740 scripturam
1234 5660 1336 5740 sibi
1371 5676 1541 5728 magis
1576 5659 1812 5740 probari.
1835 5658 1966 5712 Cer-

399 5730 549 5794 (ac:
589 5730 742 5792 nobis
788 5730 1004 5805 quoque
1037 5734 1206 5805 magis
1247 5736 1419 5801 placet
1451 5749 1463 5785 :
1497 5730 1751 5802 quoniam
1790 5739 1970 5782 tamen

2070 5171 2329 5244 scriptum
2379 5172 2683 5227 invenimus
2715 5176 2765 5227 in
2805 5174 3003 5244 nostris
3038 5188 3188 5237 mss.,
3223 5175 3427 5244 τρυφῇ,
3466 5174 3676 5230 idcirco

2071 5242 2617 5312 quidquammutare
2647 5245 2700 5297 in
2733 5243 2962 5312 vulgatis
2991 5242 3285 5298 noluimus.

2291 5310 2566 5384 Edilhfcd.
2593 5313 2663 5367 Αι
2685 5329 2779 5368 sex
2811 5310 2963 5384 mss.,
2992 5313 3090 5384 τῷ.

2143 5382 2255 5455 (29)
2290 5381 2396 5455 Pro
2449 5383 2561 5436 ὅσοι
2599 5384 2816 5450 scripsit
2850 5381 3334 5455 Procopius.76-:s,
3399 5383 3455 5438 id
3521 5386 3668 5455 quod

2071 5450 2304 5522 cuipiam
2329 5450 2558 5522 fortasse
2594 5456 2792 5507 rectius
2830 5454 2998 5507 videri
3025 5450 3248 5522 poterit.

2072 5521 2252 5644 tua?
2290 5521 2395 5579 Alii
2428 5537 2582 5585 mss.,
2630 5525 2715 5593 ἐφ’
2759 5525 2980 5595 ἑαυτήν.
3028 5521 3134 5577 Alii
3176 5539 3297 5578 cum
3349 5523 3536 5593 editis,
3588 5524 3664 5593 sq:

2101 5609 2200 5647 αυτ

2297 5659 2458 5730 Εαίιῑ,
2487 5662 2722 5734 εἴρηται.
2753 5663 2823 5719 At
2849 5679 2943 5718 sex
2977 5679 3138 5730 mss.,
3170 5663 3379 5734 εἴρητο.
