3828 6216
219 318 335 375 275

1119 319 1474 378 COMMENT.
1516 321 1583 377 IN
1623 324 1860 378 ISAIAM
1900 325 2342 386 PROPllETAM.
2382 332 2534 387 CAP.
2576 333 2642 389 ll.

3372 340 3481 397 ΞΠ

222 437 348 499 σὰν,
393 436 536 506 μετά
579 437 758 490 πάντα
806 437 1015 509 πύργον
1054 437 1276 509 ὑψηλὸν,
1321 440 1459 510 μετά
1501 443 1607 494 πᾶν
1636 444 1812 511 τεῖχος

1918 444 2110 511 Basan,
2150 458 2270 517 post
2305 465 2519 505 omnem
2568 451 2754 507 turrim
2781 451 3070 519 excelsam,
3126 463 3250 522 post
3300 454 3471 511 altum

221 529 452 600 ὑψηλὸν,
472 528 612 599 μετά
640 530 821 582 πᾶσαν
849 530 977 582 θέαν
1003 530 1202 583 πλοίων
1223 532 1480 595 κὰλλους’
1507 533 1628 586 τότε
1656 535 1807 605 φησί’

226 619 741 687 Ταπεινωθήσεται
788 619 908 685 πᾶς
957 622 1295 690 ἅνθρωπος·
1335 625 1614 690 τουτέστι,
1663 628 1812 681 πᾶσα

223 711 340 765 ἰδέα
361 710 475 763 τῶν
500 712 559 764 ὲν
584 712 894 782 ἀνθρώποις
910 714 1524 773 κακῶν-καταπεσεῖται.
1538 718 1809 790 Είσήχθη-

222 820 325 872 μεν
345 802 403 855 δὲ
423 802 615 875 ὥσπερ
643 806 724 867 εἰς
754 806 932 858 κοινὸν
961 805 1336 861 διδασκαλεῖον
1361 808 1453 862 τὸν
1478 808 1683 880 κόσμον
1701 810 1808 880 ('52)

218 895 415 948 τοῦτον
441 896 492 948 oi
525 894 824 967 ἅνθρωποι,
870 896 967 951 καὶ¹
1009 896 1431 969 ὲκελεύσθημεν,
1464 898 1589 955 νοῦν
1630 917 1690 953 τε
1717 900 1813 959 λατ

218 986 434 1054 εόντες,
466 989 562 1041 καὶ
602 988 915 1059 ὀφθαλμοὺς
954 991 1033 1053 είς
1071 991 1402 1062 κατανόησιν
1431 992 1663 1062 ἔχοντες,
1698 988 1810 1049 οἷον

216 1078 330 1131 ἀπὸ
360 1080 708 1150 γραμμάτων
754 1081 916 1134 τινῶν
948 1081 1058 1135 τῶν
1091 1082 1233 1137 κατὰ
1255 1083 1351 1155 τὴν
1382 1085 1691 1156 οἰκονομίαν
1716 1085 1817 1153 καὶ

214 1166 490 1238 διοίκησιν
531 1168 626 1222 τοῦ
680 1170 882 1235 παντὸς
930 1171 1025 1225 τὸν
1063 1171 1197 1226 Θεὸν
1243 1173 1587 1242 ἀναγνῶναι·
1633 1175 1720 1228 ἵνα
1759 1176 1809 1228 oi

218 1258 475 1321 θέλοντες
520 1260 648 1331 περὶ
696 1261 795 1334 τὴν
827 1262 926 1333 τῆς
960 1262 1218 1335 ἀληθείας
1257 1262 1483 1336 ζήτησιν
1526 1266 1811 1335 καταγίνε-

220 1348 375 1411 σθαι,
393 1348 456 1414 ἐξ
478 1343 553 1404 ὧν
582 1351 871 1423 εἰλήφασιν
896 1354 1181 1424 ἀφορμῶν,
1210 1356 1408 1420 ἱκανῶς
1429 1358 1811 1427 παρασκευσά-

221 1456 400 1509 μενοι,
434 1441 532 1494 καὶ
578 1443 677 1512 τῆς
719 1443 1011 1515 πρόσωπον
1033 1445 1144 1509 (55)
1176 1444 1313 1517 πρὸς
1361 1446 1649 1518 πρόσωπον
1682 1447 1809 1511 θέας

216 1531 330 1585 τῶν
354 1531 539 1595 καλῶς
584 1531 928 1604 ζητηθέντων
964 1536 1290 1600 ἀξιωθῶσιν,
1323 1538 1356 1608 ἢ
1384 1538 1673 1609 παραπολὺ
1711 1539 1809 1609 τῆς

218 1621 485 1693 ἀληθείας
510 1624 955 1694 παρενεχθέντες,
981 1627 1071 1678 ἐπ’
1101 1627 1271 1697 αὐτῆς
1296 1629 1397 1698 τῆς
1424 1627 1679 1699 ἀληθείας
1716 1631 1808 1683 ἐπὶ

215 1710 299 1781 τῷ
328 1711 517 1783 ψεύδει
542 1714 1011 1784 καταισχυνθῶσιν
1031 1734 1045 1747 ο
1071 1716 1202 1770 Ὅτι
1229 1717 1478 1785 γνόντες
1501 1719 1608 1771 τὸν
1637 1718 1805 1782 Θεὸν,

217 1807 336 1873 οὐχ
370 1805 454 1870 ὡς
502 1806 653 1859 Θεὸν
690 1806 1014 1873 ἐδόξασαν,
1072 1808 1112 1877 ἢ
1159 1809 1639 1878 ηὐχαρίστησαν.
1686 1811 1806 1864 Τῶν
1839 1786 1882 1841 Β

221 1896 329 1965 μὲν
360 1897 468 1967 γάρ
489 1898 659 1965 ἁγίων
679 1901 708 1952 ὁ
732 1898 859 1963 νοῦς
885 1901 983 1971 οὐχ
1007 1902 1108 1975 δρᾷ
1134 1901 1313 1972 μόνον,
1337 1902 1470 1954 ἀλλά
1500 1903 1590 1955 καὶ
1621 1903 1806 1956 ἀκούει

217 1988 324 2059 τῆς
353 1987 585 2050 κτίσεως
609 1988 679 2041 τὰ
703 1991 830 2060 περὶ
854 1990 1013 2060 δόξης
1042 1991 1178 2044 Θεοῦ
1204 1992 1564 2066 διηγουμένης
1583 2010 1595 2021 ·
1613 1996 1678 2047 0i
1709 1997 1808 2046 οὐ·

208 2080 393 2150 ρανοί
422 2079 680 2152 γάρ(54),
719 2082 875 2153 φησὶ,
924 2081 1271 2151 διηγοῦνται
1317 2083 1507 2148 δόξαν
1545 2085 1715 2138 Θεοῦ.
1745 2086 1807 2137 Oi

216 2170 277 2224 δὲ
329 2170 440 2225 τῶν
492 2173 829 2242 φαινομένων
880 2172 1040 2228 πλέον
1094 2174 1262 2245 μηδὲν
1311 2175 1599 2239 συνιέντες,
1641 2177 1809 2245 Ἐμα-

216 2259 586 2329 ταιὼθησαν,
644 2265 743 2318 καὶ
797 2265 1243 2335 ἐσεϐάσθησαν,
1295 2269 1394 2322 καὶ
1434 2269 1809 2338 ἐλάτρευσαν

217 2353 298 2423 τῇ
324 2356 521 2410 κτίσει
561 2358 723 2425 παρά
765 2357 874 2412 τὸν
916 2359 1227 2414 κτίσαντα.

293 2530 386 2587 95.
411 2531 521 2586 Kal
554 2532 937 2602 ὑψωθήσεται
970 2536 1185 2605 Κύριος
1209 2538 1399 2604 μόνος
1424 2539 1494 2591 ἐν
1519 2538 1592 2607 τῇ
1621 2536 1809 2609 ἡμέρᾳ

220 2624 450 2697 ἐκείνῃ.
480 2626 661 2689 Φωτδς
688 2627 1074 2697 ἀναφανέντος,
1115 2630 1436 2699 ἀφανίζεται
1468 2631 1674 2696 σκότος,
1713 2633 1809 2685 καὶ

220 2718 417 2786 ὑγείας
459 2718 759 2789 παρούσης,
807 2720 876 2774 τά
911 2720 1117 2792 ὀχληρά
1160 2723 1260 2791 τῆς
1298 2722 1453 2776 νόσου
1498 2723 1802 2777 πέπαυται·

220 2810 320 2863 καὶ
361 2809 618 2880 ἀληθείας
678 2810 1111 2883 ἀποδειχθείσης,
1156 2811 1249 2865 τοῦ
1293 2812 1524 2883 ψεύδους
1566 2817 1599 2886 ἠ
1649 2815 1807 2884 φύσις

219 2903 509 2973 ἐλέγχεται
536 2904 667 2975 (55).
696 2905 807 2958 Καὶ
832 2905 925 2958 τοῦ
953 2904 1219 2976 ἀληθινῶς
1255 2906 1458 2979 ὑψηλοῦ
1483 2907 1810 2978 γνωρισθέν-

218 3012 338 3058 τος,
372 2997 495 3049 ὃσον
522 2995 668 3049 ἐστὶν
698 2995 839 3067 ὑπὲρ
871 2996 1049 3050 πάντα
1086 2997 1210 3065 νοῦν
1241 2998 1446 3070 ὑψηλὸν
1479 3001 1570 3053 καὶ
1607 2999 1809 3071 μετέω-

225 3103 355 3155 ρον⁶
391 3086 487 3140 καὶ
527 3087 707 3158 πάσης
739 3089 839 3159 τῆς
877 3088 1138 3160 ἀληθινῆς
1181 3090 1411 3162 θεωρίας
1451 3091 1810 3162 καταληφθεί-

222 3196 350 3250 σης,
390 3179 453 3232 τὸ
497 3179 762 3250 πρότερον
807 3180 1120 3250 aequm
1167 3183 1419 3254 μετέωρα
1444 3183 1553 3253 (56)
1582 3185 1815 3237 εὐκατα-

222 3271 476 3343 φρόνητα
518 3271 679 3336 δόξει.
720 3273 882 3344 Μόνῳ
911 3269 1004 3327 οὖν
1041 3273 1161 3344 Θεῷ
1202 3273 1265 3326 τὸ
1309 3274 1577 3345 ἀληθινῶς
1614 3275 1814 3346 ὑψηλὸν

223 3363 322 3416 καὶ
352 3362 495 3432 μέγα
524 3363 675 3435 παρά
701 3365 883 3435 πάσης
908 3363 1135 3436 λογικῆς
1160 3364 1373 3433 φύσεως
1403 3366 1816 3437 μαρτυρηθήσε-

221 3473 339 3518 ται,
376 3456 486 3508 τῶν
516 3456 654 3519 τέως
682 3456 1053 3526 ἠπατημένων
1085 3456 1184 3519 τάς
1213 3456 1307 3509 ἐπὶ
1334 3459 1447 3521 τοῖς
1479 3456 1815 3527 καθέκαστον

221 3548 577 3619 ιζνιευδοδοξίας
603 3548 976 3619 ἀποθεμένων.

297 3723 394 3778 96.
422 3725 534 3777 Καὶ
567 3723 640 3777 τὰ
666 3724 1052 3792 χειροποίητα
1080 3722 1279 3777 πάντα
1300 3726 1833 3801 κατακρύψουσιν,

225 3815 678 3884 εισενέγκαντες
705 3818 793 3881 εἰς
820 3815 894 3869 τὰ
925 3814 1218 3882 σπήλαια,
1254 3816 1354 3869 καὶ
1406 3818 1493 3882 εὶς
1528 3816 1636 3882 τὰς
1681 3833 1817 3887 σχιη

226 3904 392 3975 σμὸς
428 3904 546 3958 τῶν
574 3904 824 3973 πετρῶν,
864 3905 960 3958 καὶ
981 3909 1068 3972 εὶς
1104 3905 1212 3971 τὰς
1234 3905 1501 3976 τρώγλας
1532 3904 1642 3973 τῆς
1670 3906 1803 3975 τῆς,

225 3996 352 4051 ἀπὸ
396 3994 720 4065 προσώπου
753 3996 860 4049 τσῦ
895 3997 1085 4064 ερόὸου
1125 3994 1370 4065 Κυρίου,
1414 3997 1513 4050 καὶ
1554 3998 1672 4050 ἀπὸ
1702 3998 1815 4066 τῆς

229 4088 417 4155 δόξης
454 4087 564 4155 τῆς
604 4088 819 4156 ἰσχύος
849 4087 1056 4153 αὐτοῦ,
1099 4086 1245 4142 ὅταν
1271 4087 1508 4157 ἀναστῇ
1557 4088 1813 4157 θραῦσαι

231 4180 345 4248 τὴν
373 4178 511 4249 γῆν.
552 4165 772 4250 Ἐπειδῆ
805 4178 1064 4243 πολλάκις
1094 4181 1127 4251 ἠ
1156 4179 1348 4251 Γραφὴ
1375 4180 1578 4251 ὁμοίως
1607 4182 1734 4254 περί
1753 4198 1812 4234 τε

229 4270 333 4339 τῆς
366 4270 426 4321 ὲν
460 4268 624 4338 σαρκὶ
669 4268 966 4340 ἐπιδημίας
1003 4268 1098 4321 τοῦ
1130 4268 1389 4339 Χριστοῦ,
1424 4270 1520 4322 καὶ
1557 4270 1813 4341 περὶτῆς

230 4363 290 4413 ὲν
314 4362 382 4430 τῇ
413 4360 592 4429 κρίσει
620 4359 947 4428 διαλέγεται,
970 4362 1067 4414 καὶ
1093 4360 1223 4432 περὶ
1253 4361 1362 4413 τῶν
1382 4360 1475 4413 δύο
1497 4362 1811 4432 παρουσιῶν

1914 553 2130 592 omnem
2178 556 2412 605 murum,
2449 553 2569 613 post
2607 558 2820 596 onmem
2857 555 3131 611 aspectum
3160 544 3479 615 pulchritu-

1914 631 2054 685 dinis
2082 633 2321 695 navium,
2362 644 2473 687 tum
2528 632 2806 704 subjungit
2835 651 2849 686 :
2882 633 3271 690 Humiliabitur‘
3313 640 3482 691 omnis

1911 722 2100 787 homo;
2125 723 2227 779 hoc
2259 735 2363 787 est,
2390 726 2567 780 omnis
2596 728 2806 796 species
2839 727 3105 782 malorum
3154 729 3207 782 in
3248 730 3484 783 homini-

1914 812 2014 867 bus
2040 813 2276 871 decidet.
2305 813 2474 868 Porro
2502 831 2602 871 nos
2642 817 2887 871 homines
2919 817 2972 870 in
3016 818 3272 871 mundum
3328 818 3480 886 quasi

1916 904 1969 957 in
1998 920 2341 961 communem
2364 906 2605 961 scholam
2630 922 2817 961 sumus
2848 910 3160 973 introducti,
3185 918 3346 976 atque
3370 919 3481 961 tum

1917 1004 2095 1051 mente
2122 996 2328 1060 donati,
2372 1006 2482 1051 tum
2510 996 2695 1051 oculos
2728 998 2794 1051 ad
2841 998 3242 1066 intelligendum
3280 998 3483 1053 haben-

1915 1096 2014 1148 tes,
2050 1087 2215 1141 Deum
2250 1095 2504 1157 tanquam
2535 1103 2601 1143 ex
2636 1090 2955 1158 quibusdam
2986 1089 3183 1144 litteris
3228 1105 3327 1159 per
3365 1089 3477 1144 dis-

1912 1178 2288 1245 pensationem
2359 1179 2916 1251 gnbernatiouemque
2963 1182 3197 1234 universi
3243 1180 3483 1234 exaratis

1910 1284 2239 1339 cognoscere
2283 1269 2420 1338 jussi
2473 1287 2695 1325 sumus:
2726 1282 2785 1325 ut
2831 1272 2924 1341 qui
2969 1272 3166 1327 vellent
3196 1272 3478 1330 veritatem

1911 1359 2193 1432 indagare,
2220 1363 2286 1416 iis
2317 1378 2438 1431 qua:
2460 1378 2718 1432 accepere
2757 1364 3019 1419 subsidiis
3042 1364 3258 1419 abunde
3283 1364 3479 1418 instru-

1909 1451 2007 1513 cti,
2032 1451 2177 1521 digni
2208 1451 2400 1506 fierent
2438 1453 2529 1522 qui
2572 1453 2709 1507 facie
2741 1453 2807 1507 ad
2839 1453 3029 1510 faciem
3058 1471 3146 1510 res
3181 1466 3327 1510 recte
3366 1456 3477 1510 dis-

1910 1539 2140 1609 quisitas
2190 1542 2736 1612 contemplarentur;
2787 1546 2870 1598 vel
2916 1547 2961 1599 si
2995 1545 3152 1616 longe
3194 1561 3221 1599 a
3254 1547 3493 1602 veritate.

1912 1629 2249 1698 aberrarent,
2308 1647 2491 1687 coram
2551 1634 2665 1703 ipsa
2720 1637 2949 1690 veritate
3012 1638 3082 1707 ob
3141 1637 3475 1691 mendacium

1910 1722 2375 1777 confunderentur
2406 1742 2420 1780 :
2453 1723 2713 1789 Quoniam
2745 1743 2863 1780 cum
2903 1729 3262 1796 cognovissent
3293 1726 3482 1789 Deum,

1913 1828 2018 1865 non
2064 1812 2196 1864 sicut
2248 1812 2414 1866 Deum
2460 1813 2917 1883 gloriﬁcaverunt,
2957 1827 3050 1868 aut
3107 1816 3307 1885 gratias
3368 1832 3497 1885 ege-.

1914 1902 2118 1956 runt“.
2151 1902 2301 1958 Mens
2328 1905 2473 1958 enim
2503 1916 2817 1959 sanctorum
2861 1921 2968 1961 non
3005 1908 3150 1961 videt
3186 1908 3363 1972 modo,
3390 1909 3482 1961 sed

1915 1992 2063 2045 audit
2094 1994 2255 2048 etiam
2285 2004 2592 2048 creaturam
2629 2010 2691 2049 ea
2723 2010 2841 2062 quae
2871 1997 2936 2049 ad
2974 1996 3067 2051 Dei
3098 1997 3322 2066 gloriam
3357 2013 3482 2065 per-

1915 2084 2090 2137 tinent
2151 2083 2545 2140 edisserentem
2575 2103 2590 2139 :
2620 2084 2746 2142 Cati
2788 2086 2956 2151 enim,
2992 2087 3185 2157 inquit,
3236 2098 3483 2142 enarrant

1914 2174 2136 2243 gloriam
2192 2176 2291 2228 Dei
2308 2177 2374 2229 ”.
2411 2176 2472 2229 Hi
2504 2192 2632 2232 vero
2676 2187 2871 2246 praeter
2919 2193 2980 2232 ea
3030 2194 3150 2248 qua:
3199 2180 3268 2233 ob
3299 2178 3485 2234 oculos

1921 2275 2048 2320 sunt
2080 2267 2280 2335 posita,
2311 2267 2448 2321 nihil
2482 2268 2863 2338 intelligentes,
2912 2269 3047 2324 Vani
3093 2270 3221 2338 facti
3252 2281 3396 2335 sunt,
3435 2281 3482 2323 et

1912 2373 1974 2415 ea
2013 2373 2128 2427 quae
2167 2357 2377 2413 condita
2409 2368 2554 2426 sunt,
2596 2359 2876 2417 Conditore
2918 2363 3219 2431 praeterito,
3253 2363 3483 2416 uenerati

1912 2459 2031 2503 sunt
2055 2464 2117 2502 ac
2141 2448 2415 2504 coluerunt
2433 2451 2498 2508 ⁸⁸.

1983 2538 2075 2593 95.
2138 2535 2208 2591 Et
2263 2540 2586 2594 exaltabilur
2631 2540 2883 2596 Dominus
2932 2542 3076 2597 solus
3127 2544 3180 2597 in
3222 2543 3306 2596 die
3365 2541 3484 2601 illa.

1917 2628 2262 2685 Evanescunt
2316 2630 2573 2696 tenebrae,
2632 2631 2751 2686 luce
2803 2632 3478 2702 exoriente:simulatque

1915 2722 2070 2776 adest
2107 2721 2333 2788 sanitas,
2367 2724 2619 2778 desinunt
2649 2724 2821 2777 morbi
2856 2725 3112 2779 molestiae
3140 2740 3154 2776 :
3188 2732 3482 2793 apparente

1914 2828 2131 2883 quoque
2159 2814 2390 2869 veritate
2437 2814 2706 2870 mendacii
2758 2826 2950 2870 natura
2986 2818 3248 2887 arguitur.
3288 2818 3475 2873 Itidem

1913 2920 2037 2958 cum
2074 2904 2122 2959 is
2166 2905 2258 2974 qui
2308 2920 2433 2960 vere
2483 2905 2732 2960 excelsus
2780 2916 2885 2973 est,
2916 2921 3241 2977 omnemque
3280 2907 3489 2964 intelle-

1914 3005 2058 3049 ctum
2108 2996 2382 3051 excelsum
2437 3011 2501 3050 ac
2549 2996 2834 3051 sublimem
2880 3010 3121 3067 superat,
3170 2999 3483 3066 innotuerit,

1918 3101 2147 3156 cumque
2180 3087 2516 3155 apprehensa
2565 3085 2732 3142 fuerit
2776 3089 2952 3143 omnis
2984 3103 3108 3142 vera
3143 3089 3485 3157 contempla-

1866 3174 1883 3193 ⁴
1921 3179 2182 3247 tiozquae
2230 3177 2381 3247 prius
2436 3179 2649 3232 excelsa
2705 3180 3068 3232 censebantur
3104 3188 3160 3232 et
3209 3178 3484 3241 sublimia,

1914 3270 2238 3323 videbuntur
2272 3281 2396 3323 esse
2455 3270 2874 3323 contenmenda.
2906 3268 3093 3337 Itaque
3127 3269 3215 3323 ubi
3249 3267 3483 3337 primum

1915 3362 1951 3416 ii
1987 3362 2078 3431 qui
2113 3363 2379 3416 hactenus
2428 3359 2639 3413 fuerant
2670 3362 2903 3430 decepti,
2936 3359 3101 3413 falsas
3132 3374 3260 3413 suas
3288 3363 3355 3414 de
3394 3375 3482 3414 re-

1913 3456 2015 3509 bus
2056 3454 2284 3523 singulis
2319 3452 2603 3522 0piniones
2659 3451 3029 3520 deposuerint,
3066 3459 3258 3504 natura
3304 3450 3483 3504 omnis

1914 3547 2123 3602 ratione
2147 3545 2368 3614 praedita
2398 3559 2583 3597 veram
2620 3543 2995 3597 celsitudinem
3029 3542 3486 3607 magnitudinem—

1913 3648 2019 3704 que
2048 3634 2156 3688 Deo
2184 3633 2274 3688 nni
2302 3633 2593 3687 convenire
2616 3631 2921 3686 testabitur.

1984 3725 2075 3781 96.
2113 3724 2275 3780 Vens.
2319 3725 2524 3791 18,19.
2567 3722 2633 3775 Et
2693 3722 2999 3790 manufacta
3056 3738 3233 3776 omnia
3270 3723 3489 3776 abscon-

1914 3821 2057 3883 dent,
2088 3817 2367 3885 inferentes
2417 3817 2473 3868 in
2524 3813 2823 3878 speluncas,
2863 3824 2910 3866 et
2940 3814 2993 3865 in
3024 3815 3281 3867 scissuras
3309 3826 3485 3877 petra-

1915 3924 2053 3973 rum,
2085 3915 2134 3959 ιι
2163 3906 2217 3958 in
2250 3904 2518 3971 foramina
2554 3913 2731 3969 terra,
2762 3919 2793 3955 a
2828 3903 2965 3972 facie
3000 3904 3203 3956 timoris
3252 3903 3486 3967 Domini,

1912 4009 1960 4052 et
1995 4014 2027 4050 a
2059 3997 2232 4067 gloria
2257 3995 2594 4064 fortitudinis
2638 3994 2770 4063 ejus,
2809 4009 2925 4047 cum
2956 3994 3242 4048 surrexerit
3272 3994 3341 4046 ad
3362 4009 3484 4063 per-

1913 4088 2214 4143 cutiendum
2238 4099 2455 4140 terram.
2485 4086 2936 4156 Quandoquidem
2974 4086 3267 4155 'Scriptura
3306 4085 3487 4140 multis

1914 4182 1967 4235 in
1991 4180 2125 4235 locis
2150 4179 2266 4249 pari
2298 4179 2511 4233 ratione
2546 4178 2613 4232 de
2642 4177 2851 4233 Christi
2881 4180 2935 4233 in
2972 4193 3196 4234 carnem
3225 4178 3480 4243 adventu,

1915 4280 2079 4339 atque
2106 4269 2174 4321 de
2201 4281 2268 4321 eo
2297 4282 2404 4335 quo
2432 4266 2501 4319 ad
2528 4266 2789 4335 judicium
2835 4276 3095 4321 venturus
3123 4279 3228 4329 εει,
3265 4280 3476 4321 sermo-

1917 4376 2038 4416 nem
2069 4360 2236 4424 facit,
2265 4360 2431 4414 etiam
2467 4373 2859 4427 nonnunquam
2886 4360 2952 4413 de
2985 4369 3219 4428 utroque
3248 4359 3480 4412 adventu

232 4438 719 4521 ὲπιπεπλεγμένως
768 4450 1098 4519 ἀπαγγέλλει
1150 4451 1352 4504 ἐνίοτε·
1408 4450 1686 4521 ἡγούμεθα
1740 4453 1809 4505 τὰ

1918 4453 2238 4525 conjunctim
2258 4451 2496 4522 loquitur
2520 4468 2536 4504 :
2557 4466 2676 4521 quae
2690 4466 2833 4507 nunc
2849 4462 3164 4514 occurrunt,
3188 4451 3254 4504 de
3276 4464 3487 4505 assum-

229 4542 351 4601 νυνὶ
389 4542 563 4595 ταῦτα
606 4543 735 4613 περὶ
779 4542 880 4613 τῆς
931 4542 1395 4614 ὲνανθρωπήσεως
1426 4542 1713 4612 λέγεσθαι·
1763 4548 1811 4598 εί

230 4636 328 4690 καὶ
369 4635 453 4687 ὅτι
490 4633 623 4705 μηδὲ
662 4635 798 4706 πρὸς
828 4634 899 4688 τὰ
946 4634 1213 4706 μέλλοντα
1250 4636 1345 4688 καὶ
1392 4634 1814 4724 προσδοκώμενα

230 4728 428 4801 ἀπᾴδει
457 4728 565 4781 τῶν
593 4729 967 4801 προκειμένων
994 4732 1027 4798 ὴ
1065 4728 1261 4784 ἔννοια.
1287 4729 1443 4783 Μετά
1470 4729 1577 4801 γὰρ
1598 4730 1696 4800 τὴν
1717 4730 1811 4783 τοῦ

231 4819 468 4893 Χριστοῦ
513 4820 806 4892 ἐπιδημίαν
845 4822 880 4892 ἡ
934 4822 1060 4891 περὶ
1105 4820 1176 4874 τὰ
1211 4821 1559 4893 χειροποίητα
1602 4821 1805 4891 σπουδὴ

229 4910 630 4982 παρέῤῥιπται.
656 4911 853 4966 Οὐκέτι
885 4912 983 4983 μὲν
1015 4911 1445 4982 ἀγαλματοποιοὶ
1479 4910 1807 4974 σπουδάζον-

280 5094 331 5127 ⁸⁸
362 5093 519 5171 Rom.
558 5109 596 5156 ι,
622 5091 713 5147 21.
790 5094 837 5125 ⁵⁸
867 5093 1010 5147 Psal.
1038 5108 1189 5160 xvnt,
1225 5094 1277 5149 1.
1353 5092 1400 5124 ⁵⁸
1428 5092 1584 5148 Rom.
1620 5110 1659 5157 ι,
1684 5091 1777 5160 22,
1804 5092 1896 5149 25.

306 5273 418 5343 (δὴ
454 5272 617 5333 Editi,
641 5272 1032 5343 εἰσήλθομεν...
1057 5272 1138 5335 είς
1166 5274 1259 5327 τὸν
1287 5271 1510 5343 κόσμον.
1540 5272 1610 5325 At
1648 5273 1804 5341 quin-

230 5342 357 5414 que,
377 5358 506 5414 mss:
539 5346 614 5397 uti
646 5342 698 5395 iu
724 5342 995 5414 contextu.

305 5412 421 5483 (55)
458 5411 659 5467 Vocem
695 5412 986 5484 πρόσωπον
1033 5426 1099 5465 ex
1143 5411 1377 5481 quinque
1420 5427 1547 5467 mss.
1607 5410 1808 5479 adjeci-

236 5499 374 5538 nius.

304 5552 421 5624 (ὃὸ)
451 5551 663 5608 Rursus
689 5552 932 5624 voculam
961 5551 1071 5621 γάρ
1097 5549 1418 5619 addidimus,
1448 5552 1614 5606 secuti
1650 5551 1806 5606 ﬁdem

236 5622 496 5682 librorum
527 5622 881 5690 quorumdam
914 5633 1173 5675 veterum.

306 5692 420 5763 (55)
445 5693 665 5784 Editilet
692 5702 806 5784 tres
822 5706 981 5784 lmss.,
1008 5691 1352 5774 πέπαυται...
1378 5690 1676 5784 ἐλέγχεται.

240 5760 348 5835 tres
374 5760 530 5832 "155.,
562 5762 719 5819 νόσου
755 5760 1100 5832 ἐλέγχεται...
1134 5760 1292 5831 φύσις
1326 5760 1666 5832 γνωρίζεται.
1702 5761 1812 5814 Ali-

1919 4556 2007 4615 pta
2039 4544 2382 4600 humanitate
2426 4545 2568 4599 dicta
2618 4557 2740 4597 esse
2768 4542 3122 4607 arbitramur,
3154 4541 3364 4596 etiamsi
3396 4555 3489 4596 eo-

1915 4656 2033 4694 rum
2070 4652 2194 4708 quze
2228 4646 2607 4706 proponuntur
2633 4649 2825 4690 sensus
2855 4650 2962 4688 non
2992 4634 3153 4689 etiam
3183 4633 3390 4689 alienus
3418 4634 3489 4688 sit

1916 4729 2104 4795 abiis,
2159 4742 2279 4796 quas
2331 4728 2512 4781 futura
2568 4735 2695 4781 sunt
2742 4739 2808 4778 ac
2861 4734 3166 4795 sperantur.
3200 4723 3491 4778 Enimvero

1916 4830 2038 4890 post
2054 4820 2258 4875 Christi
2290 4820 2609 4884 adventum,
2640 4818 2877 4873 studium
2915 4816 3057 4884 quod
3078 4816 3144 4870 ad
3177 4814 3487 4869 manufacta

1918 4912 2304 4969 conferebatur
2361 4912 2607 4967 evanuit.
2670 4910 2787 4965 Non
2846 4909 2958 4980 jam
3032 4909 3084 4962 in
3148 4907 3327 4977 aliquo
3387 4921 3491 4959 nu-

1911 5279 2117 5336 quanto
2144 5279 2285 5336 post.
2314 5268 2401 5322 ubi
2439 5266 2633 5334 legitur
2662 5266 2713 5318 in
2745 5264 2903 5336 editis
2930 5263 3061 5336 etin
3095 5261 3298 5336 aliquot
3330 5276 3486 5336 mss”

1916 5331 2037 5394 ὅσον
2061 5331 2232 5402 ἐστίν,
2271 5331 2570 5392 ῡιιεαξιιείιι
2598 5336 2781 5389 codice
2803 5333 2862 5387 F.
2891 5333 3150 5400 scriptum
3187 5331 3409 5402 invenit,
3430 5331 3488 5395 ὃς

1918 5414 2098 5464 ἐστιν·
2132 5425 2290 5477 quam
2325 5412 2662 5477 scripturam
2687 5413 3141 5477 tuenturquoque
3187 5401 3338 5477 Regii
3381 5414 3489 5455 ter-

1920 5484 2026 5535 tius
2054 5489 2108 5534 et
2139 5472 2395 5548 quartus;
2431 5472 2529 5531 nec
2578 5474 2796 5529 dubium
2842 5472 3100 5527 habemus
3140 5473 3269 5541 quin
3303 5483 3489 5526 auctor

1921 5552 1993 5604 ita
2021 5550 2315 5614 scripserit.

1990 5618 2100 5692 (56)
2133 5613 2560 5692 Ειιίιίημεγ-ἀλα.
2597 5613 2667 5667 At
2696 5614 2863 5692 nostri
2902 5628 2995 5667 sex
3041 5627 3177 5692 mss.
3207 5613 3456 5692 μετέωρα

1918 5692 1971 5744 in
1993 5680 2217 5757 quorum
2239 5680 2728 5757 trib'us‘hoctamen
2748 5684 2858 5740 vitii
2882 5693 2983 5750 est,
3000 5683 3141 5753 quod
3165 5680 3339 5753 inepte
3355 5680 3489 5751 πρό-

1916 5754 2051 5832 τερα
2087 5760 2293 5829 legatur
2318 5772 2413 5825 pro
2442 5754 2722 5827 πρότερον.
