  <div class='ocr_page' id='page_1' title='image "/cluster/home/n/w/nwhite01/storage/ocr_20150623/30/nnc1.0046978810/145.png"; bbox 0 0 3828 6216; ppageno 0'>
   <div class='ocr_carea' id='block_1_1' title="bbox 348 301 454 356">
    <p class='ocr_par' dir='ltr' id='par_1_1' title="bbox 348 301 454 356">
     <span class='ocr_line' id='line_1_1' title="bbox 348 301 454 356; baseline 0 -1"><span class='ocrx_word' id='word_1_1' title='bbox 348 301 454 356; x_wconf 73' lang='lat'><strong>275</strong></span> 
     </span>
    </p>
   </div>
   <div class='ocr_carea' id='block_1_2' title="bbox 1323 286 2641 350">
    <p class='ocr_par' dir='ltr' id='par_1_2' title="bbox 1323 286 2641 350">
     <span class='ocr_line' id='line_1_2' title="bbox 1323 286 2641 350; baseline -0.008 0"><span class='ocrx_word' id='word_1_2' title='bbox 1323 293 1667 350; x_wconf 76' lang='lat' dir='ltr'><strong>APPENDlX</strong></span> <span class='ocrx_word' id='word_1_3' title='bbox 1705 288 1990 350; x_wconf 78' lang='lat' dir='ltr'><strong>OPERUM</strong></span> <span class='ocrx_word' id='word_1_4' title='bbox 2026 290 2084 346; x_wconf 90' lang='lat' dir='ltr'><strong>S.</strong></span> <span class='ocrx_word' id='word_1_5' title='bbox 2126 288 2369 344; x_wconf 83' lang='lat' dir='ltr'><strong>BASlLll</strong></span> <span class='ocrx_word' id='word_1_6' title='bbox 2409 286 2641 343; x_wconf 67' lang='lat' dir='ltr'><strong>MAGNI.</strong></span> 
     </span>
    </p>
   </div>
   <div class='ocr_carea' id='block_1_3' title="bbox 3496 285 3604 340">
    <p class='ocr_par' dir='ltr' id='par_1_3' title="bbox 3496 285 3604 340">
     <span class='ocr_line' id='line_1_3' title="bbox 3496 285 3604 340; baseline 0.009 -2"><span class='ocrx_word' id='word_1_7' title='bbox 3496 285 3604 340; x_wconf 62' lang='lat'><strong>376</strong></span> 
     </span>
    </p>
   </div>
   <div class='ocr_carea' id='block_1_4' title="bbox 354 399 1938 484">
    <p class='ocr_par' dir='ltr' id='par_1_4' title="bbox 354 399 1927 484">
     <span class='ocr_line' id='line_1_4' title="bbox 354 399 1927 484; baseline -0.004 -14"><span class='ocrx_word' id='word_1_8' title='bbox 354 432 503 470; x_wconf 76' lang='lat' dir='ltr'><strong>mero</strong></span> <span class='ocrx_word' id='word_1_9' title='bbox 539 422 813 483; x_wconf 87' lang='lat' dir='ltr'><strong>ponuntur</strong></span> <span class='ocrx_word' id='word_1_10' title='bbox 844 413 1114 478; x_wconf 75' lang='lat' dir='ltr'><strong>statuarii,</strong></span> <span class='ocrx_word' id='word_1_11' title='bbox 1151 421 1205 467; x_wconf 90' lang='lat' dir='ltr'><strong>et</strong></span> <span class='ocrx_word' id='word_1_12' title='bbox 1246 399 1585 483; x_wconf 67' lang='lat' dir='ltr'><strong>quaecunque</strong></span> <span class='ocrx_word' id='word_1_13' title='bbox 1623 413 1927 484; x_wconf 87' lang='lat' dir='ltr'><strong>antiquitus</strong></span> 
     </span>
    </p>
   </div>
   <div class='ocr_carea' id='block_1_5' title="bbox 2044 399 3608 484">
    <p class='ocr_par' dir='ltr' id='par_1_5' title="bbox 2044 400 3608 476">
     <span class='ocr_line' id='line_1_5' title="bbox 2044 400 3608 476; baseline -0.003 -16"><span class='ocrx_word' id='word_1_14' title='bbox 2044 425 2140 472; x_wconf 77' lang='grc' dir='ltr'>ται,</span> <span class='ocrx_word' id='word_1_15' title='bbox 2171 407 2290 464; x_wconf 88' lang='grc' dir='ltr'><strong>οὑδέ</strong></span> <span class='ocrx_word' id='word_1_16' title='bbox 2318 408 2417 461; x_wconf 84' lang='grc' dir='ltr'>ὅσα</span> <span class='ocrx_word' id='word_1_17' title='bbox 2448 402 2516 476; x_wconf 79' lang='grc' dir='ltr'>ἦν</span> <span class='ocrx_word' id='word_1_18' title='bbox 2545 407 2608 458; x_wconf 86' lang='grc' dir='ltr'>ὲκ</span> <span class='ocrx_word' id='word_1_19' title='bbox 2655 400 2881 457; x_wconf 83' lang='grc' dir='ltr'>παλαιοῦ</span> <span class='ocrx_word' id='word_1_20' title='bbox 2912 401 3320 474; x_wconf 83' lang='grc' dir='ltr'><strong>θεραπευόμενα</strong></span> <span class='ocrx_word' id='word_1_21' title='bbox 3352 402 3451 472; x_wconf 81' lang='grc' dir='ltr'>τῆς</span> <span class='ocrx_word' id='word_1_22' title='bbox 3486 405 3608 473; x_wconf 81' lang='grc' dir='ltr'>ῐσης</span> 
     </span>
    </p>
   </div>
   <div class='ocr_carea' id='block_1_6' title="bbox 354 506 1926 580">
    <p class='ocr_par' dir='ltr' id='par_1_6' title="bbox 354 506 1926 580">
     <span class='ocr_line' id='line_1_6' title="bbox 354 506 1926 580; baseline -0.001 -20"><span class='ocrx_word' id='word_1_23' title='bbox 354 507 688 572; x_wconf 74' lang='lat' dir='ltr'><strong>colebantur,</strong></span> <span class='ocrx_word' id='word_1_24' title='bbox 721 506 884 580; x_wconf 67' lang='grc'><strong>446</strong></span> <span class='ocrx_word' id='word_1_25' title='bbox 916 522 1019 560; x_wconf 93' lang='lat' dir='ltr'><strong>non</strong></span> <span class='ocrx_word' id='word_1_26' title='bbox 1045 506 1156 578; x_wconf 88' lang='lat' dir='ltr'><strong>jam</strong></span> <span class='ocrx_word' id='word_1_27' title='bbox 1179 506 1310 574; x_wconf 85' lang='lat' dir='ltr'><strong>ipsis</strong></span> <span class='ocrx_word' id='word_1_28' title='bbox 1329 522 1427 577; x_wconf 89' lang='lat' dir='ltr'><strong>par</strong></span> <span class='ocrx_word' id='word_1_29' title='bbox 1457 508 1694 562; x_wconf 86' lang='lat' dir='ltr'><strong>studium</strong></span> <span class='ocrx_word' id='word_1_30' title='bbox 1723 506 1926 576; x_wconf 88' lang='lat' dir='ltr'><strong>imper—</strong></span> 
     </span>
    </p>
   </div>
   <div class='ocr_carea' id='block_1_7' title="bbox 2029 494 3608 572">
    <p class='ocr_par' dir='ltr' id='par_1_7' title="bbox 2029 494 3608 572">
     <span class='ocr_line' id='line_1_7' title="bbox 2029 494 3608 572; baseline -0.006 -18"><span class='ocrx_word' id='word_1_31' title='bbox 2029 501 2378 572; x_wconf 74' lang='grc' dir='ltr'><strong>ἐπιτυγχάνει</strong></span> <span class='ocrx_word' id='word_1_32' title='bbox 2424 497 2680 567; x_wconf 79' lang='grc' dir='ltr'><strong>σπουδῆς,</strong></span> <span class='ocrx_word' id='word_1_33' title='bbox 2730 494 2844 548; x_wconf 83' lang='grc' dir='ltr'>ἀλλ’</span> <span class='ocrx_word' id='word_1_34' title='bbox 2893 495 2950 548; x_wconf 87' lang='grc' dir='ltr'><strong>ἐν</strong></span> <span class='ocrx_word' id='word_1_35' title='bbox 2995 494 3302 565; x_wconf 82' lang='grc' dir='ltr'>σπηλαίοις,</span> <span class='ocrx_word' id='word_1_36' title='bbox 3351 494 3447 546; x_wconf 78' lang='grc' dir='ltr'><strong>καὶ</strong></span> <span class='ocrx_word' id='word_1_37' title='bbox 3486 498 3608 558; x_wconf 87' lang='grc' dir='ltr'>ταῖς</span> 
     </span>
    </p>
   </div>
   <div class='ocr_carea' id='block_1_8' title="bbox 355 582 1938 666">
    <p class='ocr_par' dir='ltr' id='par_1_8' title="bbox 355 598 1925 666">
     <span class='ocr_line' id='line_1_8' title="bbox 355 598 1925 666; baseline -0.003 -12"><span class='ocrx_word' id='word_1_38' title='bbox 355 601 490 655; x_wconf 92' lang='lat' dir='ltr'><strong>titur</strong></span> <span class='ocrx_word' id='word_1_39' title='bbox 519 616 534 652; x_wconf 90' lang='lat'><strong>:</strong></span> <span class='ocrx_word' id='word_1_40' title='bbox 559 600 652 655; x_wconf 89' lang='lat' dir='ltr'><strong>sed</strong></span> <span class='ocrx_word' id='word_1_41' title='bbox 695 600 752 652; x_wconf 88' lang='lat' dir='ltr'><strong>in</strong></span> <span class='ocrx_word' id='word_1_42' title='bbox 778 599 1080 666; x_wconf 84' lang='lat' dir='ltr'><strong>speluncas,</strong></span> <span class='ocrx_word' id='word_1_43' title='bbox 1110 613 1396 662; x_wconf 83' lang='lat' dir='ltr'><strong>cavernas,</strong></span> <span class='ocrx_word' id='word_1_44' title='bbox 1427 609 1482 652; x_wconf 91' lang='lat' dir='ltr'><strong>et</strong></span> <span class='ocrx_word' id='word_1_45' title='bbox 1523 598 1925 652; x_wconf 77' lang='lat' dir='ltr'><strong>abstrusissitna</strong></span> 
     </span>
    </p>
   </div>
   <div class='ocr_carea' id='block_1_9' title="bbox 2044 582 3605 666">
    <p class='ocr_par' dir='ltr' id='par_1_9' title="bbox 2044 582 3605 658">
     <span class='ocr_line' id='line_1_9' title="bbox 2044 582 3605 658; baseline -0.003 -16"><span class='ocrx_word' id='word_1_46' title='bbox 2044 593 2218 658; x_wconf 64' lang='grc' dir='ltr'>ὃπαῖς,</span> <span class='ocrx_word' id='word_1_47' title='bbox 2257 590 2350 642; x_wconf 73' lang='grc' dir='ltr'><strong>καὶ</strong></span> <span class='ocrx_word' id='word_1_48' title='bbox 2403 591 2516 651; x_wconf 87' lang='grc' dir='ltr'>τοῖς</span> <span class='ocrx_word' id='word_1_49' title='bbox 2585 583 2979 656; x_wconf 87' lang='grc' dir='ltr'>ἀφανεστάτοις</span> <span class='ocrx_word' id='word_1_50' title='bbox 3031 582 3342 654; x_wconf 72' lang='grc' dir='ltr'>παρεῤῥίφη</span> <span class='ocrx_word' id='word_1_51' title='bbox 3395 582 3605 647; x_wconf 84' lang='grc' dir='ltr'><strong>τόποις.</strong></span> 
     </span>
    </p>
   </div>
   <div class='ocr_carea' id='block_1_10' title="bbox 357 672 1938 761">
    <p class='ocr_par' dir='ltr' id='par_1_10' title="bbox 357 690 1924 761">
     <span class='ocr_line' id='line_1_10' title="bbox 357 690 1924 761; baseline -0.003 -15"><span class='ocrx_word' id='word_1_52' title='bbox 357 692 478 746; x_wconf 86' lang='lat' dir='ltr'><strong>loca</strong></span> <span class='ocrx_word' id='word_1_53' title='bbox 529 691 740 761; x_wconf 89' lang='lat' dir='ltr'><strong>dejecta</strong></span> <span class='ocrx_word' id='word_1_54' title='bbox 769 700 916 745; x_wconf 92' lang='lat' dir='ltr'><strong>sunt.</strong></span> <span class='ocrx_word' id='word_1_55' title='bbox 942 691 1072 758; x_wconf 64' lang='lat' dir='ltr'><strong>Quae</strong></span> <span class='ocrx_word' id='word_1_56' title='bbox 1093 691 1238 746; x_wconf 92' lang='lat' dir='ltr'><strong>enim</strong></span> <span class='ocrx_word' id='word_1_57' title='bbox 1273 701 1497 746; x_wconf 88' lang='lat' dir='ltr'><strong>eatenus</strong></span> <span class='ocrx_word' id='word_1_58' title='bbox 1520 690 1845 745; x_wconf 92' lang='lat' dir='ltr'><strong>delituerant</strong></span> <span class='ocrx_word' id='word_1_59' title='bbox 1873 690 1924 742; x_wconf 93' lang='lat' dir='ltr'><strong>in</strong></span> 
     </span>
    </p>
   </div>
   <div class='ocr_carea' id='block_1_11' title="bbox 2044 672 3608 761">
    <p class='ocr_par' dir='ltr' id='par_1_11' title="bbox 2044 672 3608 750">
     <span class='ocr_line' id='line_1_11' title="bbox 2044 672 3608 750; baseline -0.003 -18"><span class='ocrx_word' id='word_1_60' title='bbox 2044 677 2180 732; x_wconf 77' lang='grc' dir='ltr'>Ξῖδον</span> <span class='ocrx_word' id='word_1_61' title='bbox 2207 680 2334 750; x_wconf 77' lang='grc' dir='ltr'>γὰρ,</span> <span class='ocrx_word' id='word_1_62' title='bbox 2368 678 2460 732; x_wconf 89' lang='grc' dir='ltr'><strong>τοῦ</strong></span> <span class='ocrx_word' id='word_1_63' title='bbox 2497 677 2676 746; x_wconf 82' lang='grc' dir='ltr'>φωτὸς</span> <span class='ocrx_word' id='word_1_64' title='bbox 2717 673 3160 744; x_wconf 79' lang='grc' dir='ltr'>ἀναλάμψαντος,</span> <span class='ocrx_word' id='word_1_65' title='bbox 3188 672 3256 726; x_wconf 79' lang='grc' dir='ltr'><strong>τά</strong></span> <span class='ocrx_word' id='word_1_66' title='bbox 3285 675 3342 726; x_wconf 86' lang='grc' dir='ltr'><strong>ἐν</strong></span> <span class='ocrx_word' id='word_1_67' title='bbox 3369 673 3447 744; x_wconf 80' lang='grc' dir='ltr'><strong>τῷ</strong></span> <span class='ocrx_word' id='word_1_68' title='bbox 3478 675 3608 728; x_wconf 81' lang='grc' dir='ltr'>σκό-</span> 
     </span>
    </p>
   </div>
   <div class='ocr_carea' id='block_1_12' title="bbox 355 781 1928 853">
    <p class='ocr_par' dir='ltr' id='par_1_12' title="bbox 355 781 1928 853">
     <span class='ocr_line' id='line_1_12' title="bbox 355 781 1928 853; baseline -0.001 -19"><span class='ocrx_word' id='word_1_69' title='bbox 355 783 678 853; x_wconf 74' lang='lat' dir='ltr'><strong>ignorantiae</strong></span> <span class='ocrx_word' id='word_1_70' title='bbox 727 782 984 846; x_wconf 88' lang='lat' dir='ltr'><strong>tenebris,</strong></span> <span class='ocrx_word' id='word_1_71' title='bbox 1019 797 1103 846; x_wconf 91' lang='lat' dir='ltr'><strong>ea,</strong></span> <span class='ocrx_word' id='word_1_72' title='bbox 1143 784 1262 836; x_wconf 89' lang='lat' dir='ltr'><strong>luce</strong></span> <span class='ocrx_word' id='word_1_73' title='bbox 1305 791 1517 843; x_wconf 84' lang='lat' dir='ltr'><strong>exorta,</strong></span> <span class='ocrx_word' id='word_1_74' title='bbox 1546 781 1825 844; x_wconf 81' lang='lat' dir='ltr'><strong>viderunt,</strong></span> <span class='ocrx_word' id='word_1_75' title='bbox 1860 781 1928 832; x_wconf 90' lang='lat' dir='ltr'><strong>li-</strong></span> 
     </span>
    </p>
   </div>
   <div class='ocr_carea' id='block_1_13' title="bbox 353 870 1926 942">
    <p class='ocr_par' dir='ltr' id='par_1_13' title="bbox 353 870 1926 942">
     <span class='ocr_line' id='line_1_13' title="bbox 353 870 1926 942; baseline 0.001 -20"><span class='ocrx_word' id='word_1_76' title='bbox 353 886 515 937; x_wconf 78' lang='lat' dir='ltr'><strong>gnum</strong></span> <span class='ocrx_word' id='word_1_77' title='bbox 559 870 810 926; x_wconf 84' lang='lat' dir='ltr'><strong>videlicet</strong></span> <span class='ocrx_word' id='word_1_78' title='bbox 861 878 1119 940; x_wconf 79' lang='lat' dir='ltr'><strong>tanquam</strong></span> <span class='ocrx_word' id='word_1_79' title='bbox 1154 871 1377 942; x_wconf 87' lang='lat' dir='ltr'><strong>lignum,</strong></span> <span class='ocrx_word' id='word_1_80' title='bbox 1410 882 1464 926; x_wconf 92' lang='lat' dir='ltr'><strong>et</strong></span> <span class='ocrx_word' id='word_1_81' title='bbox 1492 871 1722 940; x_wconf 91' lang='lat' dir='ltr'><strong>lapidem</strong></span> <span class='ocrx_word' id='word_1_82' title='bbox 1758 880 1816 936; x_wconf 88' lang='lat' dir='ltr'><strong>ut</strong></span> <span class='ocrx_word' id='word_1_83' title='bbox 1849 871 1926 923; x_wconf 94' lang='lat' dir='ltr'><strong>la-</strong></span> 
     </span>
    </p>
   </div>
   <div class='ocr_carea' id='block_1_14' title="bbox 357 959 1928 1030">
    <p class='ocr_par' dir='ltr' id='par_1_14' title="bbox 357 959 1928 1030">
     <span class='ocr_line' id='line_1_14' title="bbox 357 959 1928 1030; baseline 0.001 -17"><span class='ocrx_word' id='word_1_84' title='bbox 357 961 556 1028; x_wconf 90' lang='lat' dir='ltr'><strong>pidem.</strong></span> <span class='ocrx_word' id='word_1_85' title='bbox 582 959 766 1030; x_wconf 86' lang='lat' dir='ltr'><strong>Neque</strong></span> <span class='ocrx_word' id='word_1_86' title='bbox 805 961 917 1030; x_wconf 90' lang='lat' dir='ltr'><strong>jam</strong></span> <span class='ocrx_word' id='word_1_87' title='bbox 957 977 1025 1016; x_wconf 85' lang='lat' dir='ltr'><strong>ex</strong></span> <span class='ocrx_word' id='word_1_88' title='bbox 1057 961 1226 1016; x_wconf 87' lang='lat' dir='ltr'><strong>forma</strong></span> <span class='ocrx_word' id='word_1_89' title='bbox 1260 963 1409 1016; x_wconf 89' lang='lat' dir='ltr'><strong>hisce</strong></span> <span class='ocrx_word' id='word_1_90' title='bbox 1437 963 1597 1016; x_wconf 88' lang='lat' dir='ltr'><strong>rebus</strong></span> <span class='ocrx_word' id='word_1_91' title='bbox 1625 963 1928 1030; x_wconf 79' lang='lat' dir='ltr'><strong>circumpo-</strong></span> 
     </span>
    </p>
   </div>
   <div class='ocr_carea' id='block_1_15' title="bbox 355 1052 1928 1121">
    <p class='ocr_par' dir='ltr' id='par_1_15' title="bbox 355 1052 1928 1121">
     <span class='ocr_line' id='line_1_15' title="bbox 355 1052 1928 1121; baseline 0.001 -17"><span class='ocrx_word' id='word_1_92' title='bbox 355 1053 456 1105; x_wconf 86' lang='lat' dir='ltr'><strong>sita</strong></span> <span class='ocrx_word' id='word_1_93' title='bbox 495 1052 548 1106; x_wconf 94' lang='lat' dir='ltr'><strong>in</strong></span> <span class='ocrx_word' id='word_1_94' title='bbox 580 1067 824 1107; x_wconf 85' lang='lat' dir='ltr'><strong>errorem</strong></span> <span class='ocrx_word' id='word_1_95' title='bbox 874 1054 1221 1118; x_wconf 89' lang='lat' dir='ltr'><strong>inducuntur,</strong></span> <span class='ocrx_word' id='word_1_96' title='bbox 1263 1053 1356 1107; x_wconf 87' lang='lat' dir='ltr'><strong>sed</strong></span> <span class='ocrx_word' id='word_1_97' title='bbox 1415 1068 1483 1106; x_wconf 78' lang='lat' dir='ltr'><strong>ex</strong></span> <span class='ocrx_word' id='word_1_98' title='bbox 1537 1053 1751 1121; x_wconf 88' lang='lat' dir='ltr'><strong>propria</strong></span> <span class='ocrx_word' id='word_1_99' title='bbox 1784 1054 1928 1121; x_wconf 89' lang='lat' dir='ltr'><strong>ipsa-</strong></span> 
     </span>
    </p>
   </div>
   <div class='ocr_carea' id='block_1_16' title="bbox 2024 763 3607 844">
    <p class='ocr_par' dir='ltr' id='par_1_16' title="bbox 2024 763 3607 844">
     <span class='ocr_line' id='line_1_16' title="bbox 2024 763 3607 844; baseline -0.007 -18"><span class='ocrx_word' id='word_1_100' title='bbox 2024 791 2107 827; x_wconf 87' lang='grc' dir='ltr'><strong>τει</strong></span> <span class='ocrx_word' id='word_1_101' title='bbox 2145 774 2243 844; x_wconf 84' lang='grc' dir='ltr'><strong>τῆς</strong></span> <span class='ocrx_word' id='word_1_102' title='bbox 2280 773 2504 842; x_wconf 83' lang='grc' dir='ltr'>ἀγνοίας</span> <span class='ocrx_word' id='word_1_103' title='bbox 2549 769 2688 833; x_wconf 84' lang='grc' dir='ltr'>τέως</span> <span class='ocrx_word' id='word_1_104' title='bbox 2733 766 3176 832; x_wconf 84' lang='grc' dir='ltr'>διαλανθάνοντα,</span> <span class='ocrx_word' id='word_1_105' title='bbox 3227 765 3288 818; x_wconf 85' lang='grc' dir='ltr'><strong>τὸ</strong></span> <span class='ocrx_word' id='word_1_106' title='bbox 3327 763 3484 833; x_wconf 80' lang='grc' dir='ltr'>ξύλον</span> <span class='ocrx_word' id='word_1_107' title='bbox 3529 766 3607 831; x_wconf 78' lang='grc' dir='ltr'>ὡς</span> 
     </span>
    </p>
   </div>
   <div class='ocr_carea' id='block_1_17' title="bbox 2029 857 3612 931">
    <p class='ocr_par' dir='ltr' id='par_1_17' title="bbox 2029 857 3612 931">
     <span class='ocr_line' id='line_1_17' title="bbox 2029 857 3612 931; baseline -0.005 -12"><span class='ocrx_word' id='word_1_108' title='bbox 2029 864 2202 931; x_wconf 82' lang='grc' dir='ltr'>ξύλον,</span> <span class='ocrx_word' id='word_1_109' title='bbox 2235 864 2330 918; x_wconf 75' lang='grc' dir='ltr'><strong>καὶ</strong></span> <span class='ocrx_word' id='word_1_110' title='bbox 2354 865 2442 917; x_wconf 78' lang='grc' dir='ltr'><strong>τὸν</strong></span> <span class='ocrx_word' id='word_1_111' title='bbox 2465 862 2611 916; x_wconf 80' lang='grc' dir='ltr'>λίθον</span> <span class='ocrx_word' id='word_1_112' title='bbox 2653 861 2728 924; x_wconf 83' lang='grc' dir='ltr'>ὡς</span> <span class='ocrx_word' id='word_1_113' title='bbox 2750 859 2896 913; x_wconf 89' lang='grc' dir='ltr'>λίθον</span> <span class='ocrx_word' id='word_1_114' title='bbox 2915 876 2928 890; x_wconf 88' lang='grc'><strong>·</strong></span> <span class='ocrx_word' id='word_1_115' title='bbox 2959 858 3142 912; x_wconf 88' lang='grc' dir='ltr'>οὑκέτι</span> <span class='ocrx_word' id='word_1_116' title='bbox 3167 857 3346 912; x_wconf 79' lang='grc' dir='ltr'>ἐκιτοῦ</span> <span class='ocrx_word' id='word_1_117' title='bbox 3374 875 3612 930; x_wconf 88' lang='grc' dir='ltr'>περικει-</span> 
     </span>
    </p>
   </div>
   <div class='ocr_carea' id='block_1_18' title="bbox 2030 943 3610 1030">
    <p class='ocr_par' dir='ltr' id='par_1_18' title="bbox 2030 943 3610 1030">
     <span class='ocr_line' id='line_1_18' title="bbox 2030 943 3610 1030; baseline -0.008 -22"><span class='ocrx_word' id='word_1_118' title='bbox 2030 955 2191 1026; x_wconf 81' lang='grc' dir='ltr'>μένου</span> <span class='ocrx_word' id='word_1_119' title='bbox 2229 953 2576 1025; x_wconf 78' lang='grc' dir='ltr'>χαρακτῆρος</span> <span class='ocrx_word' id='word_1_120' title='bbox 2627 949 2810 1012; x_wconf 84' lang='grc' dir='ltr'>αὐτοῖς</span> <span class='ocrx_word' id='word_1_121' title='bbox 2854 948 3224 1018; x_wconf 88' lang='grc' dir='ltr'>ἀπατώμενοι,</span> <span class='ocrx_word' id='word_1_122' title='bbox 3261 943 3373 999; x_wconf 83' lang='grc' dir='ltr'>ἀλλ’</span> <span class='ocrx_word' id='word_1_123' title='bbox 3409 948 3480 1030; x_wconf 31' lang='grc' dir='ltr'>ἐκ.</span> <span class='ocrx_word' id='word_1_124' title='bbox 3511 948 3610 1012; x_wconf 85' lang='grc' dir='ltr'>τῆς</span> 
     </span>
    </p>
   </div>
   <div class='ocr_carea' id='block_1_19' title="bbox 2029 1035 3617 1117">
    <p class='ocr_par' dir='ltr' id='par_1_19' title="bbox 2029 1035 3617 1117">
     <span class='ocr_line' id='line_1_19' title="bbox 2029 1035 3617 1117; baseline -0.005 -18"><span class='ocrx_word' id='word_1_125' title='bbox 2029 1045 2378 1117; x_wconf 85' lang='grc' dir='ltr'>ὑπαρχούσης</span> <span class='ocrx_word' id='word_1_126' title='bbox 2427 1041 2641 1110; x_wconf 88' lang='grc' dir='ltr'>φύσεως</span> <span class='ocrx_word' id='word_1_127' title='bbox 2711 1038 3184 1108; x_wconf 88' lang='grc' dir='ltr'>ἐπιγινώσκοντες.</span> <span class='ocrx_word' id='word_1_128' title='bbox 3243 1035 3455 1108; x_wconf 79' lang='grc' dir='ltr'>Φοῦερά</span> <span class='ocrx_word' id='word_1_129' title='bbox 3500 1036 3617 1106; x_wconf 73' lang='grc' dir='ltr'><strong>γὰρ</strong></span> 
     </span>
    </p>
   </div>
   <div class='ocr_carea' id='block_1_20' title="bbox 357 1125 1938 1212">
    <p class='ocr_par' dir='ltr' id='par_1_20' title="bbox 357 1141 1928 1212">
     <span class='ocr_line' id='line_1_20' title="bbox 357 1141 1928 1212; baseline 0.001 -16"><span class='ocrx_word' id='word_1_130' title='bbox 357 1157 476 1196; x_wconf 91' lang='lat' dir='ltr'><strong>rum</strong></span> <span class='ocrx_word' id='word_1_131' title='bbox 521 1150 714 1196; x_wconf 90' lang='lat' dir='ltr'><strong>natura</strong></span> <span class='ocrx_word' id='word_1_132' title='bbox 763 1157 858 1196; x_wconf 92' lang='lat' dir='ltr'><strong>eas</strong></span> <span class='ocrx_word' id='word_1_133' title='bbox 905 1152 1223 1212; x_wconf 82' lang='lat' dir='ltr'><strong>agnoscunt.</strong></span> <span class='ocrx_word' id='word_1_134' title='bbox 1262 1141 1394 1196; x_wconf 86' lang='lat' dir='ltr'><strong>Nam</strong></span> <span class='ocrx_word' id='word_1_135' title='bbox 1438 1143 1637 1197; x_wconf 86' lang='lat' dir='ltr'><strong>Christi</strong></span> <span class='ocrx_word' id='word_1_136' title='bbox 1666 1144 1928 1198; x_wconf 76' lang='lat' dir='ltr'><strong>adventus</strong></span> 
     </span>
    </p>
   </div>
   <div class='ocr_carea' id='block_1_21' title="bbox 2044 1125 3610 1212">
    <p class='ocr_par' dir='ltr' id='par_1_21' title="bbox 2044 1125 3610 1209">
     <span class='ocr_line' id='line_1_21' title="bbox 2044 1125 3610 1209; baseline -0.006 -22"><span class='ocrx_word' id='word_1_137' title='bbox 2044 1137 2274 1209; x_wconf 64' lang='lat' dir='ltr'><strong>iaipoatv</strong></span> <span class='ocrx_word' id='word_1_138' title='bbox 2296 1136 2329 1206; x_wconf 84' lang='grc' dir='ltr'>ἡ</span> <span class='ocrx_word' id='word_1_139' title='bbox 2360 1133 2626 1205; x_wconf 80' lang='grc' dir='ltr'>σωτήριος</span> <span class='ocrx_word' id='word_1_140' title='bbox 2643 1129 2720 1201; x_wconf 80' lang='grc' dir='ltr'>τῷ</span> <span class='ocrx_word' id='word_1_141' title='bbox 2738 1129 2930 1199; x_wconf 84' lang='grc' dir='ltr'>κόσμῳ</span> <span class='ocrx_word' id='word_1_142' title='bbox 2947 1129 3108 1180; x_wconf 72' lang='grc' dir='ltr'>παντὶ</span> <span class='ocrx_word' id='word_1_143' title='bbox 3123 1125 3215 1180; x_wconf 87' lang='grc' dir='ltr'><strong>τοῦ</strong></span> <span class='ocrx_word' id='word_1_144' title='bbox 3241 1125 3477 1197; x_wconf 76' lang='grc' dir='ltr'>Χριστοῦ</span> <span class='ocrx_word' id='word_1_145' title='bbox 3497 1126 3610 1194; x_wconf 80' lang='grc'><strong>(57)</strong></span> 
     </span>
    </p>
   </div>
   <div class='ocr_carea' id='block_1_22' title="bbox 358 1231 1929 1303">
    <p class='ocr_par' dir='ltr' id='par_1_22' title="bbox 358 1231 1929 1303">
     <span class='ocr_line' id='line_1_22' title="bbox 358 1231 1929 1303; baseline -0.001 -18"><span class='ocrx_word' id='word_1_146' title='bbox 358 1231 450 1303; x_wconf 85' lang='lat' dir='ltr'><strong>qui</strong></span> <span class='ocrx_word' id='word_1_147' title='bbox 480 1232 736 1286; x_wconf 87' lang='lat' dir='ltr'><strong>universo</strong></span> <span class='ocrx_word' id='word_1_148' title='bbox 772 1233 889 1286; x_wconf 91' lang='lat' dir='ltr'><strong>orbi</strong></span> <span class='ocrx_word' id='word_1_149' title='bbox 918 1244 1003 1286; x_wconf 91' lang='lat' dir='ltr'><strong>est</strong></span> <span class='ocrx_word' id='word_1_150' title='bbox 1032 1232 1315 1298; x_wconf 81' lang='lat' dir='ltr'><strong>salutaris,</strong></span> <span class='ocrx_word' id='word_1_151' title='bbox 1344 1233 1679 1288; x_wconf 76' lang='lat' dir='ltr'><strong>dzemonibus</strong></span> <span class='ocrx_word' id='word_1_152' title='bbox 1702 1233 1800 1286; x_wconf 88' lang='lat' dir='ltr'><strong>fuit</strong></span> <span class='ocrx_word' id='word_1_153' title='bbox 1821 1242 1929 1285; x_wconf 83' lang='lat' dir='ltr'><strong>ter-</strong></span> 
     </span>
    </p>
   </div>
   <div class='ocr_carea' id='block_1_23' title="bbox 2028 1219 3612 1297">
    <p class='ocr_par' dir='ltr' id='par_1_23' title="bbox 2028 1219 3612 1297">
     <span class='ocr_line' id='line_1_23' title="bbox 2028 1219 3612 1297; baseline -0.005 -18"><span class='ocrx_word' id='word_1_154' title='bbox 2028 1227 2290 1297; x_wconf 87' lang='grc' dir='ltr'>ἐπιδημία</span> <span class='ocrx_word' id='word_1_155' title='bbox 2313 1243 2325 1255; x_wconf 88' lang='grc'><strong>·</strong></span> <span class='ocrx_word' id='word_1_156' title='bbox 2359 1227 2453 1279; x_wconf 72' lang='grc' dir='ltr'><strong>καὶ</strong></span> <span class='ocrx_word' id='word_1_157' title='bbox 2495 1223 2918 1278; x_wconf 88' lang='grc' dir='ltr'>καταλελοίπασι</span> <span class='ocrx_word' id='word_1_158' title='bbox 2949 1221 3043 1274; x_wconf 91' lang='grc' dir='ltr'><strong>νῦν</strong></span> <span class='ocrx_word' id='word_1_159' title='bbox 3086 1223 3211 1283; x_wconf 84' lang='grc' dir='ltr'>τοὺς</span> <span class='ocrx_word' id='word_1_160' title='bbox 3251 1219 3612 1291; x_wconf 72' lang='grc' dir='ltr'>περιϐοήτους</span> 
     </span>
    </p>
   </div>
   <div class='ocr_carea' id='block_1_24' title="bbox 359 1311 1938 1388">
    <p class='ocr_par' dir='ltr' id='par_1_24' title="bbox 359 1323 1928 1388">
     <span class='ocr_line' id='line_1_24' title="bbox 359 1323 1928 1388; baseline -0.001 -10"><span class='ocrx_word' id='word_1_161' title='bbox 359 1323 508 1388; x_wconf 87' lang='lat' dir='ltr'><strong>rori;</strong></span> <span class='ocrx_word' id='word_1_162' title='bbox 547 1335 602 1379; x_wconf 89' lang='lat' dir='ltr'><strong>et</strong></span> <span class='ocrx_word' id='word_1_163' title='bbox 653 1339 796 1377; x_wconf 91' lang='lat' dir='ltr'><strong>nunc</strong></span> <span class='ocrx_word' id='word_1_164' title='bbox 849 1323 965 1382; x_wconf 82' lang='lat' dir='ltr'><strong>loca</strong></span> <span class='ocrx_word' id='word_1_165' title='bbox 1023 1324 1160 1378; x_wconf 90' lang='lat' dir='ltr'><strong>adeo</strong></span> <span class='ocrx_word' id='word_1_166' title='bbox 1213 1324 1498 1378; x_wconf 84' lang='lat' dir='ltr'><strong>decantata</strong></span> <span class='ocrx_word' id='word_1_167' title='bbox 1561 1340 1656 1377; x_wconf 90' lang='lat' dir='ltr'><strong>ceu</strong></span> <span class='ocrx_word' id='word_1_168' title='bbox 1707 1323 1928 1378; x_wconf 75' lang='lat' dir='ltr'><strong>fallacia:</strong></span> 
     </span>
    </p>
   </div>
   <div class='ocr_carea' id='block_1_25' title="bbox 2044 1311 3609 1388">
    <p class='ocr_par' dir='ltr' id='par_1_25' title="bbox 2044 1311 3609 1386">
     <span class='ocr_line' id='line_1_25' title="bbox 2044 1311 3609 1386; baseline -0.005 -14"><span class='ocrx_word' id='word_1_169' title='bbox 2044 1320 2245 1383; x_wconf 75' lang='grc' dir='ltr'>τόπους,</span> <span class='ocrx_word' id='word_1_170' title='bbox 2279 1319 2345 1372; x_wconf 80' lang='grc' dir='ltr'>τὰ</span> <span class='ocrx_word' id='word_1_171' title='bbox 2383 1319 2482 1386; x_wconf 79' lang='grc' dir='ltr'>τῆς</span> <span class='ocrx_word' id='word_1_172' title='bbox 2514 1317 2729 1386; x_wconf 84' lang='grc' dir='ltr'>ἀπάτης</span> <span class='ocrx_word' id='word_1_173' title='bbox 2759 1315 3118 1386; x_wconf 74' lang='grc' dir='ltr'>ἐργαστήρια.</span> <span class='ocrx_word' id='word_1_174' title='bbox 3159 1311 3356 1364; x_wconf 80' lang='grc' dir='ltr'>Οὐκέτι</span> <span class='ocrx_word' id='word_1_175' title='bbox 3392 1311 3609 1379; x_wconf 61' lang='grc' dir='ltr'>Δελφοὶ,</span> 
     </span>
    </p>
   </div>
   <div class='ocr_carea' id='block_1_26' title="bbox 355 1404 1938 1485">
    <p class='ocr_par' dir='ltr' id='par_1_26' title="bbox 355 1414 1926 1485">
     <span class='ocr_line' id='line_1_26' title="bbox 355 1414 1926 1485; baseline -0.001 -16"><span class='ocrx_word' id='word_1_176' title='bbox 355 1414 602 1470; x_wconf 74' lang='lat' dir='ltr'><strong>ofﬁcinas</strong></span> <span class='ocrx_word' id='word_1_177' title='bbox 639 1415 1067 1485; x_wconf 90' lang='lat' dir='ltr'><strong>dereliquerunt.</strong></span> <span class='ocrx_word' id='word_1_178' title='bbox 1121 1415 1235 1468; x_wconf 86' lang='lat' dir='ltr'><strong>Non</strong></span> <span class='ocrx_word' id='word_1_179' title='bbox 1287 1416 1517 1485; x_wconf 86' lang='lat' dir='ltr'><strong>amplius</strong></span> <span class='ocrx_word' id='word_1_180' title='bbox 1562 1416 1750 1485; x_wconf 81' lang='lat' dir='ltr'><strong>Delphi</strong></span> <span class='ocrx_word' id='word_1_181' title='bbox 1779 1432 1795 1470; x_wconf 89' lang='lat'><strong>:</strong></span> <span class='ocrx_word' id='word_1_182' title='bbox 1823 1432 1926 1469; x_wconf 89' lang='lat' dir='ltr'><strong>non</strong></span> 
     </span>
    </p>
   </div>
   <div class='ocr_carea' id='block_1_27' title="bbox 2044 1404 3610 1485">
    <p class='ocr_par' dir='ltr' id='par_1_27' title="bbox 2044 1404 3610 1480">
     <span class='ocr_line' id='line_1_27' title="bbox 2044 1404 3610 1480; baseline -0.004 -18"><span class='ocrx_word' id='word_1_183' title='bbox 2044 1410 2208 1464; x_wconf 79' lang='grc' dir='ltr'>&gt;ὑκέτι</span> <span class='ocrx_word' id='word_1_184' title='bbox 2255 1409 2323 1480; x_wconf 77' lang='grc' dir='ltr'>τὰ</span> <span class='ocrx_word' id='word_1_185' title='bbox 2369 1409 2695 1479; x_wconf 72' lang='grc' dir='ltr'>χρηστήριαο</span> <span class='ocrx_word' id='word_1_186' title='bbox 2741 1407 2836 1462; x_wconf 79' lang='grc' dir='ltr'><strong>καὶ</strong></span> <span class='ocrx_word' id='word_1_187' title='bbox 2887 1407 3066 1476; x_wconf 82' lang='grc' dir='ltr'>σιωπᾷ</span> <span class='ocrx_word' id='word_1_188' title='bbox 3095 1405 3194 1475; x_wconf 81' lang='grc' dir='ltr'><strong>μὲν</strong></span> <span class='ocrx_word' id='word_1_189' title='bbox 3224 1407 3256 1477; x_wconf 81' lang='grc' dir='ltr'>ἡ</span> <span class='ocrx_word' id='word_1_190' title='bbox 3287 1404 3610 1475; x_wconf 81' lang='grc' dir='ltr'>πρόμαντις,</span> 
     </span>
    </p>
   </div>
   <div class='ocr_carea' id='block_1_28' title="bbox 359 1506 1930 1580">
    <p class='ocr_par' dir='ltr' id='par_1_28' title="bbox 359 1506 1930 1580">
     <span class='ocr_line' id='line_1_28' title="bbox 359 1506 1930 1580; baseline -0.001 -20"><span class='ocrx_word' id='word_1_191' title='bbox 359 1506 594 1576; x_wconf 89' lang='lat' dir='ltr'><strong>amplius</strong></span> <span class='ocrx_word' id='word_1_192' title='bbox 621 1509 839 1561; x_wconf 90' lang='lat' dir='ltr'><strong>oracula</strong></span> <span class='ocrx_word' id='word_1_193' title='bbox 873 1523 887 1559; x_wconf 90' lang='lat'><strong>:</strong></span> <span class='ocrx_word' id='word_1_194' title='bbox 923 1517 1087 1578; x_wconf 89' lang='lat' dir='ltr'><strong>atque</strong></span> <span class='ocrx_word' id='word_1_195' title='bbox 1132 1509 1448 1562; x_wconf 86' lang='lat' dir='ltr'><strong>conticescit</strong></span> <span class='ocrx_word' id='word_1_196' title='bbox 1484 1509 1700 1580; x_wconf 86' lang='lat' dir='ltr'><strong>quidem</strong></span> <span class='ocrx_word' id='word_1_197' title='bbox 1737 1508 1930 1560; x_wconf 83' lang='lat' dir='ltr'><strong>mulier</strong></span> 
     </span>
    </p>
   </div>
   <div class='ocr_carea' id='block_1_29' title="bbox 359 1596 1926 1670">
    <p class='ocr_par' dir='ltr' id='par_1_29' title="bbox 359 1596 1926 1670">
     <span class='ocr_line' id='line_1_29' title="bbox 359 1596 1926 1670; baseline 0.003 -21"><span class='ocrx_word' id='word_1_198' title='bbox 359 1596 584 1652; x_wconf 87' lang='lat' dir='ltr'><strong>fatidica</strong></span> <span class='ocrx_word' id='word_1_199' title='bbox 616 1617 630 1653; x_wconf 89' lang='lat'><strong>:</strong></span> <span class='ocrx_word' id='word_1_200' title='bbox 655 1597 856 1653; x_wconf 89' lang='lat' dir='ltr'><strong>bibitur</strong></span> <span class='ocrx_word' id='word_1_201' title='bbox 883 1615 1015 1654; x_wconf 92' lang='lat' dir='ltr'><strong>vero</strong></span> <span class='ocrx_word' id='word_1_202' title='bbox 1042 1597 1161 1654; x_wconf 87' lang='lat' dir='ltr'><strong>fons</strong></span> <span class='ocrx_word' id='word_1_203' title='bbox 1186 1598 1486 1665; x_wconf 78' lang='lat' dir='ltr'><strong>Castalius;</strong></span> <span class='ocrx_word' id='word_1_204' title='bbox 1526 1610 1581 1652; x_wconf 91' lang='lat' dir='ltr'><strong>et</strong></span> <span class='ocrx_word' id='word_1_205' title='bbox 1609 1608 1786 1655; x_wconf 90' lang='lat' dir='ltr'><strong>tamen</strong></span> <span class='ocrx_word' id='word_1_206' title='bbox 1834 1600 1926 1670; x_wconf 87' lang='lat' dir='ltr'><strong>qui</strong></span> 
     </span>
    </p>
   </div>
   <div class='ocr_carea' id='block_1_30' title="bbox 358 1687 1923 1760">
    <p class='ocr_par' dir='ltr' id='par_1_30' title="bbox 358 1687 1923 1760">
     <span class='ocr_line' id='line_1_30' title="bbox 358 1687 1923 1760; baseline 0.002 -21"><span class='ocrx_word' id='word_1_207' title='bbox 358 1687 572 1755; x_wconf 79' lang='lat' dir='ltr'><strong>bibunt,</strong></span> <span class='ocrx_word' id='word_1_208' title='bbox 599 1704 790 1744; x_wconf 83' lang='lat' dir='ltr'><strong>sanam</strong></span> <span class='ocrx_word' id='word_1_209' title='bbox 821 1690 1058 1744; x_wconf 87' lang='lat' dir='ltr'><strong>retinent</strong></span> <span class='ocrx_word' id='word_1_210' title='bbox 1089 1700 1322 1743; x_wconf 89' lang='lat' dir='ltr'><strong>mentem</strong></span> <span class='ocrx_word' id='word_1_211' title='bbox 1343 1733 1355 1755; x_wconf 89' lang='lat'><strong>,</strong></span> <span class='ocrx_word' id='word_1_212' title='bbox 1389 1690 1520 1760; x_wconf 81' lang='lat' dir='ltr'><strong>fugit</strong></span> <span class='ocrx_word' id='word_1_213' title='bbox 1543 1692 1923 1758; x_wconf 80' lang='lat' dir='ltr'><strong>Amphiaraus;</strong></span> 
     </span>
    </p>
   </div>
   <div class='ocr_carea' id='block_1_31' title="bbox 2031 1495 3608 1572">
    <p class='ocr_par' dir='ltr' id='par_1_31' title="bbox 2031 1495 3608 1572">
     <span class='ocr_line' id='line_1_31' title="bbox 2031 1495 3608 1572; baseline -0.004 -17"><span class='ocrx_word' id='word_1_214' title='bbox 2031 1503 2242 1556; x_wconf 83' lang='grc' dir='ltr'>πίνεται</span> <span class='ocrx_word' id='word_1_215' title='bbox 2272 1502 2328 1555; x_wconf 89' lang='grc' dir='ltr'><strong>δέ</strong></span> <span class='ocrx_word' id='word_1_216' title='bbox 2350 1505 2383 1572; x_wconf 84' lang='grc' dir='ltr'>ἡ</span> <span class='ocrx_word' id='word_1_217' title='bbox 2410 1501 2710 1565; x_wconf 79' lang='grc' dir='ltr'>Κασταλία,</span> <span class='ocrx_word' id='word_1_218' title='bbox 2752 1501 2847 1553; x_wconf 72' lang='grc' dir='ltr'>καὶ</span> <span class='ocrx_word' id='word_1_219' title='bbox 2881 1496 3248 1569; x_wconf 76' lang='grc' dir='ltr'>σωφρονοῦσιν</span> <span class='ocrx_word' id='word_1_220' title='bbox 3269 1497 3317 1549; x_wconf 88' lang='grc' dir='ltr'>οἱ</span> <span class='ocrx_word' id='word_1_221' title='bbox 3342 1495 3608 1558; x_wconf 86' lang='grc' dir='ltr'>πίνοντες·</span> 
     </span>
    </p>
   </div>
   <div class='ocr_carea' id='block_1_32' title="bbox 2031 1587 3611 1664">
    <p class='ocr_par' dir='ltr' id='par_1_32' title="bbox 2031 1587 3611 1664">
     <span class='ocr_line' id='line_1_32' title="bbox 2031 1587 3611 1664; baseline -0.006 -16"><span class='ocrx_word' id='word_1_222' title='bbox 2031 1595 2208 1664; x_wconf 83' lang='grc' dir='ltr'>φυγὰς</span> <span class='ocrx_word' id='word_1_223' title='bbox 2255 1595 2284 1646; x_wconf 84' lang='grc' dir='ltr'><strong>ὁ</strong></span> <span class='ocrx_word' id='word_1_224' title='bbox 2349 1594 2684 1664; x_wconf 70' lang='grc' dir='ltr'>Ἀμφιάραος</span> <span class='ocrx_word' id='word_1_225' title='bbox 2715 1592 2857 1661; x_wconf 78' lang='grc'><strong>(58)·</strong></span> <span class='ocrx_word' id='word_1_226' title='bbox 2907 1595 2935 1646; x_wconf 86' lang='grc' dir='ltr'>ὁ</span> <span class='ocrx_word' id='word_1_227' title='bbox 2990 1589 3314 1661; x_wconf 86' lang='grc' dir='ltr'>Ἀμφίλοχος</span> <span class='ocrx_word' id='word_1_228' title='bbox 3351 1587 3611 1658; x_wconf 80' lang='grc' dir='ltr'>οὐδαμοῦ,</span> 
     </span>
    </p>
   </div>
   <div class='ocr_carea' id='block_1_33' title="bbox 2030 1679 3616 1758">
    <p class='ocr_par' dir='ltr' id='par_1_33' title="bbox 2030 1679 3616 1758">
     <span class='ocr_line' id='line_1_33' title="bbox 2030 1679 3616 1758; baseline -0.004 -19"><span class='ocrx_word' id='word_1_229' title='bbox 2030 1689 2125 1740; x_wconf 74' lang='grc' dir='ltr'><strong>καὶ</strong></span> <span class='ocrx_word' id='word_1_230' title='bbox 2160 1686 2232 1758; x_wconf 72' lang='grc' dir='ltr'>τὰ</span> <span class='ocrx_word' id='word_1_231' title='bbox 2272 1685 2621 1756; x_wconf 80' lang='grc' dir='ltr'>ἀφιδρύματα</span> <span class='ocrx_word' id='word_1_232' title='bbox 2652 1682 3034 1755; x_wconf 80' lang='grc' dir='ltr'>ἐξηφάνισται’</span> <span class='ocrx_word' id='word_1_233' title='bbox 3074 1683 3166 1736; x_wconf 75' lang='grc' dir='ltr'><strong>καὶ</strong></span> <span class='ocrx_word' id='word_1_234' title='bbox 3196 1683 3252 1736; x_wconf 82' lang='grc' dir='ltr'>αἱ</span> <span class='ocrx_word' id='word_1_235' title='bbox 3281 1681 3504 1754; x_wconf 77' lang='grc' dir='ltr'>ἀόρατοι</span> <span class='ocrx_word' id='word_1_236' title='bbox 3531 1679 3616 1733; x_wconf 84' lang='grc' dir='ltr'>δυ-</span> 
     </span>
    </p>
   </div>
   <div class='ocr_carea' id='block_1_34' title="bbox 359 1763 1938 1851">
    <p class='ocr_par' dir='ltr' id='par_1_34' title="bbox 359 1777 1928 1849">
     <span class='ocr_line' id='line_1_34' title="bbox 359 1777 1928 1849; baseline 0.003 -19"><span class='ocrx_word' id='word_1_237' title='bbox 359 1777 749 1847; x_wconf 86' lang='lat' dir='ltr'><strong>Amphilochns</strong></span> <span class='ocrx_word' id='word_1_238' title='bbox 775 1795 1039 1849; x_wconf 87' lang='lat' dir='ltr'><strong>nusquam</strong></span> <span class='ocrx_word' id='word_1_239' title='bbox 1070 1790 1312 1848; x_wconf 78' lang='lat' dir='ltr'><strong>apparet,</strong></span> <span class='ocrx_word' id='word_1_240' title='bbox 1337 1781 1554 1835; x_wconf 73' lang='lat' dir='ltr'><strong>abolitae</strong></span> <span class='ocrx_word' id='word_1_241' title='bbox 1591 1791 1803 1845; x_wconf 68' lang='lat' dir='ltr'><strong>statua&#39;,</strong></span> <span class='ocrx_word' id='word_1_242' title='bbox 1835 1783 1928 1835; x_wconf 91' lang='lat' dir='ltr'><strong>sed</strong></span> 
     </span>
    </p>
   </div>
   <div class='ocr_carea' id='block_1_35' title="bbox 2044 1763 3614 1851">
    <p class='ocr_par' dir='ltr' id='par_1_35' title="bbox 2044 1772 3614 1851">
     <span class='ocr_line' id='line_1_35' title="bbox 2044 1772 3614 1851; baseline -0.005 -19"><span class='ocrx_word' id='word_1_243' title='bbox 2044 1781 2224 1851; x_wconf 65' lang='grc' dir='ltr'>θάμεις</span> <span class='ocrx_word' id='word_1_244' title='bbox 2270 1779 2757 1850; x_wconf 85' lang='grc' dir='ltr'>ὑποκεχωρήκασιν</span> <span class='ocrx_word' id='word_1_245' title='bbox 2808 1777 2916 1830; x_wconf 87' lang='grc' dir='ltr'><strong>ἀπὸ</strong></span> <span class='ocrx_word' id='word_1_246' title='bbox 2967 1773 3260 1846; x_wconf 85' lang='grc' dir='ltr'>προσώπου</span> <span class='ocrx_word' id='word_1_247' title='bbox 3308 1772 3401 1826; x_wconf 86' lang='grc' dir='ltr'><strong>τοῦ</strong></span> <span class='ocrx_word' id='word_1_248' title='bbox 3445 1773 3614 1843; x_wconf 78' lang='grc' dir='ltr'>φόὸου</span> 
     </span>
    </p>
   </div>
   <div class='ocr_carea' id='block_1_36' title="bbox 363 1867 1930 1940">
    <p class='ocr_par' dir='ltr' id='par_1_36' title="bbox 363 1867 1930 1940">
     <span class='ocr_line' id='line_1_36' title="bbox 363 1867 1930 1940; baseline 0.003 -20"><span class='ocrx_word' id='word_1_249' title='bbox 363 1877 417 1920; x_wconf 93' lang='lat' dir='ltr'><strong>et</strong></span> <span class='ocrx_word' id='word_1_250' title='bbox 445 1867 745 1923; x_wconf 83' lang='lat' dir='ltr'><strong>invisibiles</strong></span> <span class='ocrx_word' id='word_1_251' title='bbox 776 1880 1074 1940; x_wconf 86' lang='lat' dir='ltr'><strong>potestates</strong></span> <span class='ocrx_word' id='word_1_252' title='bbox 1103 1886 1129 1922; x_wconf 92' lang='lat' dir='ltr'><strong>a</strong></span> <span class='ocrx_word' id='word_1_253' title='bbox 1165 1867 1302 1924; x_wconf 85' lang='lat' dir='ltr'><strong>facie</strong></span> <span class='ocrx_word' id='word_1_254' title='bbox 1360 1871 1572 1926; x_wconf 88' lang='lat' dir='ltr'><strong>timoris</strong></span> <span class='ocrx_word' id='word_1_255' title='bbox 1631 1871 1846 1925; x_wconf 87' lang='lat' dir='ltr'><strong>Domini</strong></span> <span class='ocrx_word' id='word_1_256' title='bbox 1876 1882 1930 1925; x_wconf 90' lang='lat' dir='ltr'><strong>et</strong></span> 
     </span>
    </p>
   </div>
   <div class='ocr_carea' id='block_1_37' title="bbox 361 1959 1925 2030">
    <p class='ocr_par' dir='ltr' id='par_1_37' title="bbox 361 1959 1925 2030">
     <span class='ocr_line' id='line_1_37' title="bbox 361 1959 1925 2030; baseline 0.003 -20"><span class='ocrx_word' id='word_1_257' title='bbox 361 1959 584 2028; x_wconf 86' lang='lat' dir='ltr'><strong>agloria</strong></span> <span class='ocrx_word' id='word_1_258' title='bbox 636 1959 974 2015; x_wconf 84' lang='lat' dir='ltr'><strong>fortitudinis</strong></span> <span class='ocrx_word' id='word_1_259' title='bbox 1019 1960 1137 2027; x_wconf 91' lang='lat' dir='ltr'><strong>ejus</strong></span> <span class='ocrx_word' id='word_1_260' title='bbox 1191 1977 1486 2016; x_wconf 88' lang='lat' dir='ltr'><strong>recessere.</strong></span> <span class='ocrx_word' id='word_1_261' title='bbox 1532 1961 1608 2014; x_wconf 84' lang='lat' dir='ltr'><strong>Ex</strong></span> <span class='ocrx_word' id='word_1_262' title='bbox 1641 1977 1748 2030; x_wconf 91' lang='lat' dir='ltr'><strong>quo</strong></span> <span class='ocrx_word' id='word_1_263' title='bbox 1796 1977 1925 2014; x_wconf 85' lang='lat' dir='ltr'><strong>crux</strong></span> 
     </span>
    </p>
   </div>
   <div class='ocr_carea' id='block_1_38' title="bbox 361 2050 1928 2122">
    <p class='ocr_par' dir='ltr' id='par_1_38' title="bbox 361 2050 1928 2122">
     <span class='ocr_line' id='line_1_38' title="bbox 361 2050 1928 2122; baseline 0.001 -20"><span class='ocrx_word' id='word_1_264' title='bbox 361 2050 688 2114; x_wconf 73' lang='lat' dir='ltr'><strong>nominatur,</strong></span> <span class='ocrx_word' id='word_1_265' title='bbox 731 2054 910 2120; x_wconf 83' lang='lat' dir='ltr'><strong>fugata</strong></span> <span class='ocrx_word' id='word_1_266' title='bbox 966 2052 1101 2105; x_wconf 87' lang='lat' dir='ltr'><strong>idola</strong></span> <span class='ocrx_word' id='word_1_267' title='bbox 1154 2064 1298 2106; x_wconf 90' lang='lat' dir='ltr'><strong>sunt.</strong></span> <span class='ocrx_word' id='word_1_268' title='bbox 1352 2052 1521 2106; x_wconf 90' lang='lat' dir='ltr'><strong>Porro</strong></span> <span class='ocrx_word' id='word_1_269' title='bbox 1549 2054 1928 2122; x_wconf 88' lang='lat' dir='ltr'><strong>phantasmata</strong></span> 
     </span>
    </p>
   </div>
   <div class='ocr_carea' id='block_1_39' title="bbox 360 2144 1933 2212">
    <p class='ocr_par' dir='ltr' id='par_1_39' title="bbox 360 2144 1933 2212">
     <span class='ocr_line' id='line_1_39' title="bbox 360 2144 1933 2212; baseline 0.004 -23"><span class='ocrx_word' id='word_1_270' title='bbox 360 2157 546 2195; x_wconf 50' lang='lat' dir='ltr'><strong>eorum</strong></span> <span class='ocrx_word' id='word_1_271' title='bbox 578 2145 668 2212; x_wconf 91' lang='lat' dir='ltr'><strong>qui</strong></span> <span class='ocrx_word' id='word_1_272' title='bbox 704 2145 1022 2206; x_wconf 90' lang='lat' dir='ltr'><strong>mendaciis,</strong></span> <span class='ocrx_word' id='word_1_273' title='bbox 1058 2155 1167 2198; x_wconf 91' lang='lat' dir='ltr'><strong>tum</strong></span> <span class='ocrx_word' id='word_1_274' title='bbox 1215 2145 1280 2199; x_wconf 92' lang='lat' dir='ltr'><strong>de</strong></span> <span class='ocrx_word' id='word_1_275' title='bbox 1311 2144 1442 2208; x_wconf 89' lang='lat' dir='ltr'><strong>Deo,</strong></span> <span class='ocrx_word' id='word_1_276' title='bbox 1472 2154 1584 2198; x_wconf 91' lang='lat' dir='ltr'><strong>tum</strong></span> <span class='ocrx_word' id='word_1_277' title='bbox 1621 2145 1685 2198; x_wconf 92' lang='lat' dir='ltr'><strong>de</strong></span> <span class='ocrx_word' id='word_1_278' title='bbox 1712 2159 1772 2198; x_wconf 90' lang='lat' dir='ltr'><strong>re</strong></span> <span class='ocrx_word' id='word_1_279' title='bbox 1798 2159 1933 2212; x_wconf 89' lang='lat' dir='ltr'><strong>qua-</strong></span> 
     </span>
    </p>
   </div>
   <div class='ocr_carea' id='block_1_40' title="bbox 359 2230 1932 2302">
    <p class='ocr_par' dir='ltr' id='par_1_40' title="bbox 359 2230 1932 2302">
     <span class='ocr_line' id='line_1_40' title="bbox 359 2230 1932 2302; baseline 0.003 -21"><span class='ocrx_word' id='word_1_280' title='bbox 359 2230 442 2284; x_wconf 91' lang='lat' dir='ltr'><strong>vis</strong></span> <span class='ocrx_word' id='word_1_281' title='bbox 473 2231 524 2284; x_wconf 94' lang='lat' dir='ltr'><strong>in</strong></span> <span class='ocrx_word' id='word_1_282' title='bbox 553 2233 906 2302; x_wconf 62' lang='lat' dir='ltr'><strong>quaestionem</strong></span> <span class='ocrx_word' id='word_1_283' title='bbox 936 2233 1166 2287; x_wconf 86' lang='lat' dir='ltr'><strong>adducta</strong></span> <span class='ocrx_word' id='word_1_284' title='bbox 1196 2233 1552 2302; x_wconf 82' lang='lat' dir='ltr'><strong>excogitatis,‘</strong></span> <span class='ocrx_word' id='word_1_285' title='bbox 1585 2233 1742 2287; x_wconf 83' lang='lat' dir='ltr'><strong>(idem</strong></span> <span class='ocrx_word' id='word_1_286' title='bbox 1777 2233 1932 2287; x_wconf 87' lang='lat' dir='ltr'><strong>adhi-</strong></span> 
     </span>
    </p>
   </div>
   <div class='ocr_carea' id='block_1_41' title="bbox 359 2322 1930 2393">
    <p class='ocr_par' dir='ltr' id='par_1_41' title="bbox 359 2322 1930 2393">
     <span class='ocr_line' id='line_1_41' title="bbox 359 2322 1930 2393; baseline -0.001 -15"><span class='ocrx_word' id='word_1_287' title='bbox 359 2322 508 2386; x_wconf 86' lang='lat' dir='ltr'><strong>bent,</strong></span> <span class='ocrx_word' id='word_1_288' title='bbox 533 2323 578 2377; x_wconf 89' lang='lat' dir='ltr'><strong>si</strong></span> <span class='ocrx_word' id='word_1_289' title='bbox 609 2324 828 2378; x_wconf 88' lang='lat' dir='ltr'><strong>cuilibet</strong></span> <span class='ocrx_word' id='word_1_290' title='bbox 851 2324 1044 2377; x_wconf 86' lang='lat' dir='ltr'><strong>animae</strong></span> <span class='ocrx_word' id='word_1_291' title='bbox 1061 2324 1260 2380; x_wconf 79' lang='lat' dir='ltr'><strong>fuerint</strong></span> <span class='ocrx_word' id='word_1_292' title='bbox 1287 2325 1551 2393; x_wconf 89' lang='lat' dir='ltr'><strong>insculpta</strong></span> <span class='ocrx_word' id='word_1_293' title='bbox 1571 2363 1586 2388; x_wconf 90' lang='lat'><strong>,</strong></span> <span class='ocrx_word' id='word_1_294' title='bbox 1617 2333 1743 2379; x_wconf 91' lang='lat' dir='ltr'><strong>sunt</strong></span> <span class='ocrx_word' id='word_1_295' title='bbox 1768 2325 1930 2379; x_wconf 91' lang='lat' dir='ltr'><strong>etiam</strong></span> 
     </span>
    </p>
   </div>
   <div class='ocr_carea' id='block_1_42' title="bbox 363 2414 1932 2484">
    <p class='ocr_par' dir='ltr' id='par_1_42' title="bbox 363 2414 1932 2484">
     <span class='ocr_line' id='line_1_42' title="bbox 363 2414 1932 2484; baseline 0.002 -18"><span class='ocrx_word' id='word_1_296' title='bbox 363 2414 526 2468; x_wconf 85' lang='lat' dir='ltr'><strong>idola.</strong></span> <span class='ocrx_word' id='word_1_297' title='bbox 557 2415 732 2482; x_wconf 82' lang='lat' dir='ltr'><strong>Atque</strong></span> <span class='ocrx_word' id='word_1_298' title='bbox 766 2416 1004 2484; x_wconf 82' lang='lat' dir='ltr'><strong>quandiu</strong></span> <span class='ocrx_word' id='word_1_299' title='bbox 1062 2417 1144 2468; x_wconf 90' lang='lat' dir='ltr'><strong>vis</strong></span> <span class='ocrx_word' id='word_1_300' title='bbox 1202 2424 1256 2468; x_wconf 90' lang='lat' dir='ltr'><strong>et</strong></span> <span class='ocrx_word' id='word_1_301' title='bbox 1317 2414 1628 2484; x_wconf 77' lang='lat' dir='ltr'><strong>explanatio</strong></span> <span class='ocrx_word' id='word_1_302' title='bbox 1683 2414 1932 2469; x_wconf 82' lang='lat' dir='ltr'><strong>veritatis</strong></span> 
     </span>
    </p>
   </div>
   <div class='ocr_carea' id='block_1_43' title="bbox 365 2506 1926 2576">
    <p class='ocr_par' dir='ltr' id='par_1_43' title="bbox 365 2506 1926 2576">
     <span class='ocr_line' id='line_1_43' title="bbox 365 2506 1926 2576; baseline 0.001 -16"><span class='ocrx_word' id='word_1_303' title='bbox 365 2521 474 2560; x_wconf 91' lang='lat' dir='ltr'><strong>non</strong></span> <span class='ocrx_word' id='word_1_304' title='bbox 531 2506 866 2576; x_wconf 78' lang='lat' dir='ltr'><strong>intelligitur,</strong></span> <span class='ocrx_word' id='word_1_305' title='bbox 905 2521 1002 2560; x_wconf 89' lang='lat' dir='ltr'><strong>sua</strong></span> <span class='ocrx_word' id='word_1_306' title='bbox 1057 2506 1287 2574; x_wconf 84' lang='lat' dir='ltr'><strong>quisque</strong></span> <span class='ocrx_word' id='word_1_307' title='bbox 1335 2507 1589 2574; x_wconf 82' lang='lat' dir='ltr'><strong>figmenta</strong></span> <span class='ocrx_word' id='word_1_308' title='bbox 1618 2515 1926 2570; x_wconf 89' lang='lat' dir='ltr'><strong>veneratur,</strong></span> 
     </span>
    </p>
   </div>
   <div class='ocr_carea' id='block_1_44' title="bbox 363 2595 1931 2667">
    <p class='ocr_par' dir='ltr' id='par_1_44' title="bbox 363 2595 1931 2667">
     <span class='ocr_line' id='line_1_44' title="bbox 363 2595 1931 2667; baseline -0.001 -15"><span class='ocrx_word' id='word_1_309' title='bbox 363 2613 429 2662; x_wconf 82' lang='lat' dir='ltr'><strong>ac</strong></span> <span class='ocrx_word' id='word_1_310' title='bbox 453 2597 580 2652; x_wconf 90' lang='lat' dir='ltr'><strong>colit</strong></span> <span class='ocrx_word' id='word_1_311' title='bbox 607 2615 622 2666; x_wconf 69' lang='grc' dir='ltr'><strong>ς</strong></span> <span class='ocrx_word' id='word_1_312' title='bbox 654 2609 1008 2667; x_wconf 85' lang='lat' dir='ltr'><strong>posteaquam</strong></span> <span class='ocrx_word' id='word_1_313' title='bbox 1039 2609 1218 2650; x_wconf 87' lang='lat' dir='ltr'><strong>autem</strong></span> <span class='ocrx_word' id='word_1_314' title='bbox 1245 2595 1509 2651; x_wconf 89' lang='lat' dir='ltr'><strong>celsitudo</strong></span> <span class='ocrx_word' id='word_1_315' title='bbox 1537 2603 1592 2650; x_wconf 92' lang='lat' dir='ltr'><strong>et</strong></span> <span class='ocrx_word' id='word_1_316' title='bbox 1616 2597 1931 2665; x_wconf 68' lang='lat' dir='ltr'><strong>praestantia</strong></span> 
     </span>
    </p>
   </div>
   <div class='ocr_carea' id='block_1_45' title="bbox 364 2676 1935 2758">
    <p class='ocr_par' dir='ltr' id='par_1_45' title="bbox 364 2676 1935 2758">
     <span class='ocr_line' id='line_1_45' title="bbox 364 2676 1935 2758; baseline 0.001 -16"><span class='ocrx_word' id='word_1_317' title='bbox 364 2689 482 2756; x_wconf 75' lang='lat' dir='ltr'><strong>ejus</strong></span> <span class='ocrx_word' id='word_1_318' title='bbox 507 2688 600 2758; x_wconf 93' lang='lat' dir='ltr'><strong>qui</strong></span> <span class='ocrx_word' id='word_1_319' title='bbox 657 2689 817 2758; x_wconf 86' lang='lat' dir='ltr'><strong>plane</strong></span> <span class='ocrx_word' id='word_1_320' title='bbox 865 2676 1026 2744; x_wconf 88' lang='lat' dir='ltr'><strong>verus</strong></span> <span class='ocrx_word' id='word_1_321' title='bbox 1081 2703 1144 2742; x_wconf 90' lang='lat' dir='ltr'><strong>ac</strong></span> <span class='ocrx_word' id='word_1_322' title='bbox 1195 2701 1360 2742; x_wconf 84' lang='lat' dir='ltr'><strong>verax</strong></span> <span class='ocrx_word' id='word_1_323' title='bbox 1405 2697 1488 2742; x_wconf 84' lang='lat' dir='ltr'><strong>est</strong></span> <span class='ocrx_word' id='word_1_324' title='bbox 1516 2686 1775 2751; x_wconf 80' lang='lat' dir='ltr'><strong>illuxcrit,</strong></span> <span class='ocrx_word' id='word_1_325' title='bbox 1807 2697 1935 2744; x_wconf 88' lang='lat' dir='ltr'><strong>tunc</strong></span> 
     </span>
    </p>
   </div>
   <div class='ocr_carea' id='block_1_46' title="bbox 362 2777 1934 2850">
    <p class='ocr_par' dir='ltr' id='par_1_46' title="bbox 362 2777 1934 2850">
     <span class='ocr_line' id='line_1_46' title="bbox 362 2777 1934 2850; baseline -0.001 -17"><span class='ocrx_word' id='word_1_326' title='bbox 362 2794 460 2849; x_wconf 79' lang='lat' dir='ltr'><strong>sua</strong></span> <span class='ocrx_word' id='word_1_327' title='bbox 499 2780 699 2850; x_wconf 87' lang='lat' dir='ltr'><strong>quique</strong></span> <span class='ocrx_word' id='word_1_328' title='bbox 732 2779 978 2848; x_wconf 80' lang='lat' dir='ltr'><strong>dogmata</strong></span> <span class='ocrx_word' id='word_1_329' title='bbox 1015 2779 1133 2832; x_wconf 85' lang='lat' dir='ltr'><strong>ideo</strong></span> <span class='ocrx_word' id='word_1_330' title='bbox 1164 2777 1611 2842; x_wconf 78' lang='lat' dir='ltr'><strong>condetnnantes,</strong></span> <span class='ocrx_word' id='word_1_331' title='bbox 1646 2779 1806 2846; x_wconf 85' lang='lat' dir='ltr'><strong>quod</strong></span> <span class='ocrx_word' id='word_1_332' title='bbox 1836 2795 1934 2833; x_wconf 81' lang='lat' dir='ltr'><strong>eo-</strong></span> 
     </span>
    </p>
   </div>
   <div class='ocr_carea' id='block_1_47' title="bbox 366 2869 1934 2940">
    <p class='ocr_par' dir='ltr' id='par_1_47' title="bbox 366 2869 1934 2940">
     <span class='ocr_line' id='line_1_47' title="bbox 366 2869 1934 2940; baseline -0.001 -14"><span class='ocrx_word' id='word_1_333' title='bbox 366 2888 486 2930; x_wconf 90' lang='lat' dir='ltr'><strong>rnm</strong></span> <span class='ocrx_word' id='word_1_334' title='bbox 529 2871 712 2938; x_wconf 85' lang='lat' dir='ltr'><strong>animo</strong></span> <span class='ocrx_word' id='word_1_335' title='bbox 770 2871 990 2925; x_wconf 84' lang='lat' dir='ltr'><strong>fallaces</strong></span> <span class='ocrx_word' id='word_1_336' title='bbox 1047 2870 1256 2940; x_wconf 82' lang='lat' dir='ltr'><strong>species</strong></span> <span class='ocrx_word' id='word_1_337' title='bbox 1309 2869 1538 2938; x_wconf 71' lang='lat' dir='ltr'><strong>objecta:</strong></span> <span class='ocrx_word' id='word_1_338' title='bbox 1597 2879 1800 2937; x_wconf 90' lang='lat' dir='ltr'><strong>essent,</strong></span> <span class='ocrx_word' id='word_1_339' title='bbox 1822 2871 1934 2940; x_wconf 87' lang='lat' dir='ltr'><strong>jam</strong></span> 
     </span>
    </p>
   </div>
   <div class='ocr_carea' id='block_1_48' title="bbox 366 2963 1934 3036">
    <p class='ocr_par' dir='ltr' id='par_1_48' title="bbox 366 2963 1934 3036">
     <span class='ocr_line' id='line_1_48' title="bbox 366 2963 1934 3036; baseline -0.002 -16"><span class='ocrx_word' id='word_1_340' title='bbox 366 2965 632 3028; x_wconf 88' lang='lat' dir='ltr'><strong>mendacii</strong></span> <span class='ocrx_word' id='word_1_341' title='bbox 686 2964 954 3036; x_wconf 71' lang='lat' dir='ltr'><strong>imagines</strong></span> <span class='ocrx_word' id='word_1_342' title='bbox 1005 2973 1184 3018; x_wconf 87' lang='lat' dir='ltr'><strong>mente</strong></span> <span class='ocrx_word' id='word_1_343' title='bbox 1237 2973 1528 3032; x_wconf 87' lang='lat' dir='ltr'><strong>conceptas</strong></span> <span class='ocrx_word' id='word_1_344' title='bbox 1564 2965 1744 3020; x_wconf 90' lang='lat' dir='ltr'><strong>delere</strong></span> <span class='ocrx_word' id='word_1_345' title='bbox 1781 2963 1934 3018; x_wconf 89' lang='lat' dir='ltr'><strong>festi-</strong></span> 
     </span>
    </p>
   </div>
   <div class='ocr_carea' id='block_1_49' title="bbox 2032 1864 3614 1942">
    <p class='ocr_par' dir='ltr' id='par_1_49' title="bbox 2032 1864 3614 1942">
     <span class='ocr_line' id='line_1_49' title="bbox 2032 1864 3614 1942; baseline -0.006 -18"><span class='ocrx_word' id='word_1_346' title='bbox 2032 1871 2260 1942; x_wconf 83' lang='grc' dir='ltr'>Κυρίου,</span> <span class='ocrx_word' id='word_1_347' title='bbox 2299 1871 2394 1924; x_wconf 72' lang='grc' dir='ltr'>καὶ</span> <span class='ocrx_word' id='word_1_348' title='bbox 2431 1871 2540 1924; x_wconf 84' lang='grc' dir='ltr'><strong>ἀπὸ</strong></span> <span class='ocrx_word' id='word_1_349' title='bbox 2577 1872 2678 1942; x_wconf 85' lang='grc' dir='ltr'>τῆς</span> <span class='ocrx_word' id='word_1_350' title='bbox 2714 1870 2872 1942; x_wconf 83' lang='grc' dir='ltr'>δόξης</span> <span class='ocrx_word' id='word_1_351' title='bbox 2917 1869 3013 1938; x_wconf 82' lang='grc' dir='ltr'><strong>τῆς</strong></span> <span class='ocrx_word' id='word_1_352' title='bbox 3058 1867 3236 1936; x_wconf 78' lang='grc' dir='ltr'>ἰσχύος</span> <span class='ocrx_word' id='word_1_353' title='bbox 3266 1864 3452 1920; x_wconf 85' lang='grc' dir='ltr'>αὑτοῦ.</span> <span class='ocrx_word' id='word_1_354' title='bbox 3491 1865 3614 1933; x_wconf 84' lang='grc' dir='ltr'><strong>Ἀφ’</strong></span> 
     </span>
    </p>
   </div>
   <div class='ocr_carea' id='block_1_50' title="bbox 2031 1955 3611 2032">
    <p class='ocr_par' dir='ltr' id='par_1_50' title="bbox 2031 1955 3611 2032">
     <span class='ocr_line' id='line_1_50' title="bbox 2031 1955 3611 2032; baseline -0.003 -16"><span class='ocrx_word' id='word_1_355' title='bbox 2031 1956 2090 2016; x_wconf 73' lang='grc' dir='ltr'>οὗ</span> <span class='ocrx_word' id='word_1_356' title='bbox 2140 1961 2464 2032; x_wconf 79' lang='grc' dir='ltr'>ὀνομάζεται</span> <span class='ocrx_word' id='word_1_357' title='bbox 2510 1963 2538 2015; x_wconf 89' lang='grc' dir='ltr'>ὁ</span> <span class='ocrx_word' id='word_1_358' title='bbox 2590 1961 2842 2032; x_wconf 85' lang='grc' dir='ltr'>σταυρὸς,</span> <span class='ocrx_word' id='word_1_359' title='bbox 2886 1959 3230 2028; x_wconf 80' lang='grc' dir='ltr'>ἐφυγαδεύθη</span> <span class='ocrx_word' id='word_1_360' title='bbox 3281 1957 3350 2010; x_wconf 80' lang='grc' dir='ltr'>τὰ</span> <span class='ocrx_word' id='word_1_361' title='bbox 3393 1955 3611 2012; x_wconf 77' lang='grc' dir='ltr'>εἴδωλα.</span> 
     </span>
    </p>
   </div>
   <div class='ocr_carea' id='block_1_51' title="bbox 2032 2050 3612 2124">
    <p class='ocr_par' dir='ltr' id='par_1_51' title="bbox 2032 2050 3612 2124">
     <span class='ocr_line' id='line_1_51' title="bbox 2032 2050 3612 2124; baseline -0.006 -16"><span class='ocrx_word' id='word_1_362' title='bbox 2032 2054 2239 2108; x_wconf 79' lang='grc' dir='ltr'>Εἴδωλα</span> <span class='ocrx_word' id='word_1_363' title='bbox 2279 2054 2461 2124; x_wconf 86' lang='grc' dir='ltr'>μέντοι</span> <span class='ocrx_word' id='word_1_364' title='bbox 2499 2055 2616 2106; x_wconf 71' lang='grc' dir='ltr'>ἐστὶ</span> <span class='ocrx_word' id='word_1_365' title='bbox 2654 2053 2748 2108; x_wconf 74' lang='grc' dir='ltr'>καὶ</span> <span class='ocrx_word' id='word_1_366' title='bbox 2786 2053 2855 2107; x_wconf 79' lang='grc' dir='ltr'>τὰ</span> <span class='ocrx_word' id='word_1_367' title='bbox 2883 2052 3087 2123; x_wconf 78' lang='grc' dir='ltr'>ἑκάστῃ</span> <span class='ocrx_word' id='word_1_368' title='bbox 3118 2053 3182 2122; x_wconf 82' lang='grc' dir='ltr'>τῇ</span> <span class='ocrx_word' id='word_1_369' title='bbox 3212 2050 3359 2120; x_wconf 74' lang='grc' dir='ltr'>ψυχῇ</span> <span class='ocrx_word' id='word_1_370' title='bbox 3387 2051 3612 2101; x_wconf 87' lang='grc' dir='ltr'>ἐντετυ-</span> 
     </span>
    </p>
   </div>
   <div class='ocr_carea' id='block_1_52' title="bbox 2032 2140 3617 2217">
    <p class='ocr_par' dir='ltr' id='par_1_52' title="bbox 2032 2140 3617 2217">
     <span class='ocr_line' id='line_1_52' title="bbox 2032 2140 3617 2217; baseline -0.004 -18"><span class='ocrx_word' id='word_1_371' title='bbox 2032 2147 2261 2217; x_wconf 85' lang='grc' dir='ltr'>πωμένα</span> <span class='ocrx_word' id='word_1_372' title='bbox 2286 2145 2396 2216; x_wconf 81' lang='grc'><strong>(59)</strong></span> <span class='ocrx_word' id='word_1_373' title='bbox 2438 2148 2800 2217; x_wconf 81' lang='grc' dir='ltr'>φαντάσματα</span> <span class='ocrx_word' id='word_1_374' title='bbox 2832 2147 2938 2199; x_wconf 85' lang='grc' dir='ltr'><strong>τῶν</strong></span> <span class='ocrx_word' id='word_1_375' title='bbox 2971 2144 3040 2198; x_wconf 82' lang='grc' dir='ltr'>τὰ</span> <span class='ocrx_word' id='word_1_376' title='bbox 3073 2143 3241 2214; x_wconf 74' lang='grc' dir='ltr'>ψευδῆ</span> <span class='ocrx_word' id='word_1_377' title='bbox 3293 2140 3617 2210; x_wconf 78' lang='grc' dir='ltr'>ὑπολαμϐα-</span> 
     </span>
    </p>
   </div>
   <div class='ocr_carea' id='block_1_53' title="bbox 2032 2231 3615 2310">
    <p class='ocr_par' dir='ltr' id='par_1_53' title="bbox 2032 2231 3615 2310">
     <span class='ocr_line' id='line_1_53' title="bbox 2032 2231 3615 2310; baseline -0.006 -17"><span class='ocrx_word' id='word_1_378' title='bbox 2032 2240 2252 2303; x_wconf 88' lang='grc' dir='ltr'>νόντων,</span> <span class='ocrx_word' id='word_1_379' title='bbox 2293 2239 2403 2292; x_wconf 81' lang='grc' dir='ltr'>εἴτε</span> <span class='ocrx_word' id='word_1_380' title='bbox 2454 2239 2582 2310; x_wconf 77' lang='grc' dir='ltr'>περὶ</span> <span class='ocrx_word' id='word_1_381' title='bbox 2618 2239 2775 2301; x_wconf 85' lang='grc' dir='ltr'>Θεοῦ,</span> <span class='ocrx_word' id='word_1_382' title='bbox 2827 2238 2936 2290; x_wconf 77' lang='grc' dir='ltr'>εἴτε</span> <span class='ocrx_word' id='word_1_383' title='bbox 2973 2237 3102 2308; x_wconf 69' lang='grc' dir='ltr'>περὶ</span> <span class='ocrx_word' id='word_1_384' title='bbox 3149 2232 3457 2289; x_wconf 81' lang='grc' dir='ltr'>οὑτινοσοῦν</span> <span class='ocrx_word' id='word_1_385' title='bbox 3502 2231 3615 2285; x_wconf 82' lang='grc' dir='ltr'>τῶν</span> 
     </span>
    </p>
   </div>
   <div class='ocr_carea' id='block_1_54' title="bbox 2034 2319 3618 2408">
    <p class='ocr_par' dir='ltr' id='par_1_54' title="bbox 2034 2319 3618 2408">
     <span class='ocr_line' id='line_1_54' title="bbox 2034 2319 3618 2408; baseline -0.004 -25"><span class='ocrx_word' id='word_1_386' title='bbox 2034 2331 2398 2401; x_wconf 78' lang='grc' dir='ltr'>ζητουμένων.</span> <span class='ocrx_word' id='word_1_387' title='bbox 2429 2319 2542 2384; x_wconf 69' lang='grc' dir='ltr'>Καϊ</span> <span class='ocrx_word' id='word_1_388' title='bbox 2568 2333 2692 2384; x_wconf 84' lang='grc' dir='ltr'>ὅσον</span> <span class='ocrx_word' id='word_1_389' title='bbox 2725 2332 2822 2400; x_wconf 84' lang='grc' dir='ltr'><strong>μὲν</strong></span> <span class='ocrx_word' id='word_1_390' title='bbox 2850 2332 2881 2408; x_wconf 79' lang='grc' dir='ltr'><strong>ἡ</strong></span> <span class='ocrx_word' id='word_1_391' title='bbox 2909 2329 3158 2399; x_wconf 87' lang='grc' dir='ltr'>ἐνέργεια</span> <span class='ocrx_word' id='word_1_392' title='bbox 3183 2326 3278 2380; x_wconf 70' lang='grc' dir='ltr'>καὶ</span> <span class='ocrx_word' id='word_1_393' title='bbox 3302 2327 3334 2396; x_wconf 81' lang='grc' dir='ltr'>ἡ</span> <span class='ocrx_word' id='word_1_394' title='bbox 3358 2325 3458 2396; x_wconf 82' lang='grc' dir='ltr'>τῆς</span> <span class='ocrx_word' id='word_1_395' title='bbox 3484 2325 3618 2394; x_wconf 79' lang='grc' dir='ltr'>ἀλη-</span> 
     </span>
    </p>
   </div>
   <div class='ocr_carea' id='block_1_55' title="bbox 2035 2415 3618 2493">
    <p class='ocr_par' dir='ltr' id='par_1_55' title="bbox 2035 2415 3618 2493">
     <span class='ocr_line' id='line_1_55' title="bbox 2035 2415 3618 2493; baseline -0.004 -19"><span class='ocrx_word' id='word_1_396' title='bbox 2035 2422 2185 2486; x_wconf 84' lang='grc' dir='ltr'>θείας</span> <span class='ocrx_word' id='word_1_397' title='bbox 2213 2423 2515 2493; x_wconf 84' lang='grc' dir='ltr'>φανέρωσις</span> <span class='ocrx_word' id='word_1_398' title='bbox 2537 2423 2598 2476; x_wconf 86' lang='grc' dir='ltr'><strong>οὑ</strong></span> <span class='ocrx_word' id='word_1_399' title='bbox 2630 2425 2853 2486; x_wconf 87' lang='grc' dir='ltr'>νοεῖται,</span> <span class='ocrx_word' id='word_1_400' title='bbox 2873 2420 3100 2483; x_wconf 79' lang='grc' dir='ltr'>ἕκαστος</span> <span class='ocrx_word' id='word_1_401' title='bbox 3132 2417 3386 2487; x_wconf 87' lang='grc' dir='ltr'>περιέπει</span> <span class='ocrx_word' id='word_1_402' title='bbox 3412 2416 3482 2470; x_wconf 90' lang='grc' dir='ltr'><strong>τά</strong></span> <span class='ocrx_word' id='word_1_403' title='bbox 3509 2415 3618 2468; x_wconf 76' lang='grc' dir='ltr'>ἴδια</span> 
     </span>
    </p>
   </div>
   <div class='ocr_carea' id='block_1_56' title="bbox 2035 2507 3617 2585">
    <p class='ocr_par' dir='ltr' id='par_1_56' title="bbox 2035 2507 3617 2585">
     <span class='ocr_line' id='line_1_56' title="bbox 2035 2507 3617 2585; baseline -0.006 -17"><span class='ocrx_word' id='word_1_404' title='bbox 2035 2515 2458 2585; x_wconf 82' lang='grc' dir='ltr'>ἀναπλάσματα·</span> <span class='ocrx_word' id='word_1_405' title='bbox 2502 2515 2641 2568; x_wconf 73' lang='grc' dir='ltr'>ἐπὰν</span> <span class='ocrx_word' id='word_1_406' title='bbox 2683 2513 2740 2566; x_wconf 86' lang='grc' dir='ltr'><strong>δέ</strong></span> <span class='ocrx_word' id='word_1_407' title='bbox 2789 2513 2851 2566; x_wconf 75' lang='grc' dir='ltr'><strong>τὸ</strong></span> <span class='ocrx_word' id='word_1_408' title='bbox 2895 2511 3026 2580; x_wconf 46' lang='lat' dir='ltr'><strong>Nlo;</strong></span> <span class='ocrx_word' id='word_1_409' title='bbox 3053 2512 3148 2564; x_wconf 77' lang='grc' dir='ltr'><strong>καὶ</strong></span> <span class='ocrx_word' id='word_1_410' title='bbox 3180 2511 3214 2580; x_wconf 82' lang='grc' dir='ltr'>ἡ</span> <span class='ocrx_word' id='word_1_411' title='bbox 3249 2508 3493 2579; x_wconf 82' lang='grc' dir='ltr'>ὑπεροχὴ</span> <span class='ocrx_word' id='word_1_412' title='bbox 3521 2507 3617 2560; x_wconf 88' lang='grc' dir='ltr'><strong>τοῦ</strong></span> 
     </span>
    </p>
   </div>
   <div class='ocr_carea' id='block_1_57' title="bbox 2032 2597 3618 2676">
    <p class='ocr_par' dir='ltr' id='par_1_57' title="bbox 2032 2597 3618 2676">
     <span class='ocr_line' id='line_1_57' title="bbox 2032 2597 3618 2676; baseline -0.004 -18"><span class='ocrx_word' id='word_1_413' title='bbox 2032 2606 2202 2668; x_wconf 76' lang='grc' dir='ltr'>ὅντως</span> <span class='ocrx_word' id='word_1_414' title='bbox 2223 2605 2334 2676; x_wconf 69' lang='grc'><strong>(40)</strong></span> <span class='ocrx_word' id='word_1_415' title='bbox 2360 2606 2511 2669; x_wconf 74' lang='grc' dir='ltr'>ὄντος</span> <span class='ocrx_word' id='word_1_416' title='bbox 2540 2604 2773 2676; x_wconf 86' lang='grc' dir='ltr'>ἀληθοῦς</span> <span class='ocrx_word' id='word_1_417' title='bbox 2806 2605 3036 2672; x_wconf 82' lang='grc' dir='ltr'>ἐκφανῇ,</span> <span class='ocrx_word' id='word_1_418' title='bbox 3075 2601 3197 2654; x_wconf 87' lang='grc' dir='ltr'>τότε</span> <span class='ocrx_word' id='word_1_419' title='bbox 3243 2601 3473 2661; x_wconf 78' lang='grc' dir='ltr'>ἕκαστος</span> <span class='ocrx_word' id='word_1_420' title='bbox 3508 2597 3618 2652; x_wconf 76' lang='grc' dir='ltr'>τῶν</span> 
     </span>
    </p>
   </div>
   <div class='ocr_carea' id='block_1_58' title="bbox 2039 2686 3621 2766">
    <p class='ocr_par' dir='ltr' id='par_1_58' title="bbox 2039 2686 3621 2766">
     <span class='ocr_line' id='line_1_58' title="bbox 2039 2686 3621 2766; baseline -0.006 -18"><span class='ocrx_word' id='word_1_421' title='bbox 2039 2696 2182 2750; x_wconf 72' lang='grc' dir='ltr'>ἰδίων</span> <span class='ocrx_word' id='word_1_422' title='bbox 2223 2695 2506 2766; x_wconf 87' lang='grc' dir='ltr'>δογμάτων</span> <span class='ocrx_word' id='word_1_423' title='bbox 2553 2692 2936 2762; x_wconf 85' lang='grc' dir='ltr'>κατεγνωκὼς,</span> <span class='ocrx_word' id='word_1_424' title='bbox 2974 2691 3048 2754; x_wconf 61' lang='lat' dir='ltr'><strong>tia;</strong></span> <span class='ocrx_word' id='word_1_425' title='bbox 3083 2689 3294 2760; x_wconf 66' lang='grc' dir='ltr'>ψευδῶς</span> <span class='ocrx_word' id='word_1_426' title='bbox 3325 2687 3492 2742; x_wconf 84' lang='grc' dir='ltr'>αὑτοῦ</span> <span class='ocrx_word' id='word_1_427' title='bbox 3517 2686 3621 2755; x_wconf 80' lang='grc' dir='ltr'>τῆς</span> 
     </span>
    </p>
   </div>
   <div class='ocr_carea' id='block_1_59' title="bbox 2035 2779 3618 2856">
    <p class='ocr_par' dir='ltr' id='par_1_59' title="bbox 2035 2779 3618 2856">
     <span class='ocr_line' id='line_1_59' title="bbox 2035 2779 3618 2856; baseline -0.003 -19"><span class='ocrx_word' id='word_1_428' title='bbox 2035 2785 2210 2856; x_wconf 75' lang='grc' dir='ltr'>ψυχῆς</span> <span class='ocrx_word' id='word_1_429' title='bbox 2240 2785 2729 2856; x_wconf 85' lang='grc' dir='ltr'>φαντασιουμένης,</span> <span class='ocrx_word' id='word_1_430' title='bbox 2758 2784 3080 2852; x_wconf 74' lang='grc' dir='ltr'>ἐξαφανίσαι</span> <span class='ocrx_word' id='word_1_431' title='bbox 3111 2781 3401 2846; x_wconf 81' lang='grc' dir='ltr'>σπουδάζει</span> <span class='ocrx_word' id='word_1_432' title='bbox 3427 2780 3496 2833; x_wconf 88' lang='grc' dir='ltr'><strong>τά</strong></span> <span class='ocrx_word' id='word_1_433' title='bbox 3526 2779 3618 2833; x_wconf 84' lang='grc' dir='ltr'><strong>τοῦ</strong></span> 
     </span>
    </p>
   </div>
   <div class='ocr_carea' id='block_1_60' title="bbox 2035 2871 3624 2947">
    <p class='ocr_par' dir='ltr' id='par_1_60' title="bbox 2035 2871 3624 2947">
     <span class='ocr_line' id='line_1_60' title="bbox 2035 2871 3624 2947; baseline -0.004 -19"><span class='ocrx_word' id='word_1_434' title='bbox 2035 2876 2262 2945; x_wconf 77' lang='grc' dir='ltr'>ψεύδους</span> <span class='ocrx_word' id='word_1_435' title='bbox 2281 2876 2549 2947; x_wconf 81' lang='grc' dir='ltr'>νοήματα,</span> <span class='ocrx_word' id='word_1_436' title='bbox 2568 2876 2730 2928; x_wconf 58' lang='grc' dir='ltr'><strong>οἱονεὶ⁴</strong></span> <span class='ocrx_word' id='word_1_437' title='bbox 2752 2873 3038 2944; x_wconf 88' lang='grc' dir='ltr'>σπηλαίοις</span> <span class='ocrx_word' id='word_1_438' title='bbox 3052 2873 3145 2926; x_wconf 63' lang='grc' dir='ltr'><strong>καὶ⁷</strong></span> <span class='ocrx_word' id='word_1_439' title='bbox 3163 2871 3436 2943; x_wconf 86' lang='grc' dir='ltr'>τρώγλαις</span> <span class='ocrx_word' id='word_1_440' title='bbox 3457 2872 3624 2938; x_wconf 75' lang='grc' dir='ltr'>ἐγκαο</span> 
     </span>
    </p>
   </div>
   <div class='ocr_carea' id='block_1_61' title="bbox 2036 2960 3625 3038">
    <p class='ocr_par' dir='ltr' id='par_1_61' title="bbox 2036 2960 3625 3038">
     <span class='ocr_line' id='line_1_61' title="bbox 2036 2960 3625 3038; baseline -0.005 -17"><span class='ocrx_word' id='word_1_441' title='bbox 2036 2966 2321 3038; x_wconf 56' lang='grc' dir='ltr'>τακρύῴας</span> <span class='ocrx_word' id='word_1_442' title='bbox 2350 2967 2489 3021; x_wconf 87' lang='grc' dir='ltr'>αὑτά</span> <span class='ocrx_word' id='word_1_443' title='bbox 2509 2966 2620 3038; x_wconf 76' lang='grc'><strong>(41)</strong></span> <span class='ocrx_word' id='word_1_444' title='bbox 2643 2985 2654 2998; x_wconf 91' lang='grc'><strong>·</strong></span> <span class='ocrx_word' id='word_1_445' title='bbox 2689 2966 2830 3036; x_wconf 85' lang='grc' dir='ltr'>ὁρῶν</span> <span class='ocrx_word' id='word_1_446' title='bbox 2877 2964 3063 3017; x_wconf 75' lang='grc' dir='ltr'>λοιπὸν</span> <span class='ocrx_word' id='word_1_447' title='bbox 3091 2966 3155 3016; x_wconf 89' lang='grc' dir='ltr'><strong>ἐκ</strong></span> <span class='ocrx_word' id='word_1_448' title='bbox 3199 2964 3297 3032; x_wconf 78' lang='grc' dir='ltr'><strong>τῆς</strong></span> <span class='ocrx_word' id='word_1_449' title='bbox 3339 2960 3625 3032; x_wconf 76' lang='grc' dir='ltr'>ἐνεργείας</span> 
     </span>
    </p>
   </div>
   <div class='ocr_carea' id='block_1_62' title="bbox 367 3051 1938 3150">
    <p class='ocr_par' dir='ltr' id='par_1_62' title="bbox 367 3055 1935 3126">
     <span class='ocr_line' id='line_1_62' title="bbox 367 3055 1935 3126; baseline -0.002 -14"><span class='ocrx_word' id='word_1_450' title='bbox 367 3066 535 3123; x_wconf 85' lang='lat' dir='ltr'><strong>nant,</strong></span> <span class='ocrx_word' id='word_1_451' title='bbox 569 3057 716 3126; x_wconf 85' lang='lat' dir='ltr'><strong>ipsas</strong></span> <span class='ocrx_word' id='word_1_452' title='bbox 747 3057 911 3110; x_wconf 86' lang='lat' dir='ltr'><strong>veluti</strong></span> <span class='ocrx_word' id='word_1_453' title='bbox 967 3055 1018 3110; x_wconf 90' lang='lat' dir='ltr'><strong>in</strong></span> <span class='ocrx_word' id='word_1_454' title='bbox 1061 3055 1334 3124; x_wconf 83' lang='lat' dir='ltr'><strong>speluncis</strong></span> <span class='ocrx_word' id='word_1_455' title='bbox 1359 3065 1414 3109; x_wconf 89' lang='lat' dir='ltr'><strong>et</strong></span> <span class='ocrx_word' id='word_1_456' title='bbox 1460 3055 1816 3109; x_wconf 82' lang='lat' dir='ltr'><strong>foraminibus</strong></span> <span class='ocrx_word' id='word_1_457' title='bbox 1849 3072 1935 3110; x_wconf 79' lang='lat' dir='ltr'><strong>re-</strong></span> 
     </span>
    </p>
   </div>
   <div class='ocr_carea' id='block_1_63' title="bbox 2044 3051 3624 3150">
    <p class='ocr_par' dir='ltr' id='par_1_63' title="bbox 2044 3051 3624 3127">
     <span class='ocr_line' id='line_1_63' title="bbox 2044 3051 3624 3127; baseline -0.005 -17"><span class='ocrx_word' id='word_1_458' title='bbox 2044 3057 2211 3126; x_wconf 80' lang='grc' dir='ltr'>αὐτῆς</span> <span class='ocrx_word' id='word_1_459' title='bbox 2240 3057 2308 3109; x_wconf 86' lang='grc' dir='ltr'>τὰ</span> <span class='ocrx_word' id='word_1_460' title='bbox 2340 3055 2547 3127; x_wconf 75' lang='grc' dir='ltr'>φοϐερά</span> <span class='ocrx_word' id='word_1_461' title='bbox 2580 3055 2676 3109; x_wconf 89' lang='grc' dir='ltr'><strong>τοῦ</strong></span> <span class='ocrx_word' id='word_1_462' title='bbox 2719 3054 2879 3117; x_wconf 88' lang='grc' dir='ltr'>Θεοῦ,</span> <span class='ocrx_word' id='word_1_463' title='bbox 2910 3055 3004 3107; x_wconf 75' lang='grc' dir='ltr'><strong>καὶ</strong></span> <span class='ocrx_word' id='word_1_464' title='bbox 3042 3054 3144 3116; x_wconf 83' lang='grc' dir='ltr'>ὅτι,</span> <span class='ocrx_word' id='word_1_465' title='bbox 3177 3052 3268 3104; x_wconf 78' lang='grc' dir='ltr'>ἐπὶ</span> <span class='ocrx_word' id='word_1_466' title='bbox 3298 3051 3376 3122; x_wconf 82' lang='grc' dir='ltr'>τῷ</span> <span class='ocrx_word' id='word_1_467' title='bbox 3419 3051 3624 3120; x_wconf 78' lang='grc' dir='ltr'>ἐξαφα-</span> 
     </span>
    </p>
   </div>
   <div class='ocr_carea' id='block_1_64' title="bbox 366 3145 1937 3218">
    <p class='ocr_par' dir='ltr' id='par_1_64' title="bbox 366 3145 1937 3218">
     <span class='ocr_line' id='line_1_64' title="bbox 366 3145 1937 3218; baseline -0.002 -14"><span class='ocrx_word' id='word_1_468' title='bbox 366 3147 681 3218; x_wconf 72' lang='grc' dir='ltr'>οοηιιθιιιεε,</span> <span class='ocrx_word' id='word_1_469' title='bbox 715 3145 924 3215; x_wconf 82' lang='lat' dir='ltr'><strong>Quippe</strong></span> <span class='ocrx_word' id='word_1_470' title='bbox 953 3145 1066 3215; x_wconf 75' lang='lat' dir='ltr'><strong>jam</strong></span> <span class='ocrx_word' id='word_1_471' title='bbox 1114 3161 1180 3201; x_wconf 86' lang='lat' dir='ltr'><strong>ex</strong></span> <span class='ocrx_word' id='word_1_472' title='bbox 1214 3145 1316 3200; x_wconf 90' lang='lat' dir='ltr'><strong>hac</strong></span> <span class='ocrx_word' id='word_1_473' title='bbox 1356 3146 1469 3214; x_wconf 82' lang='lat' dir='ltr'><strong>ipsa</strong></span> <span class='ocrx_word' id='word_1_474' title='bbox 1501 3149 1551 3201; x_wconf 89' lang='lat' dir='ltr'><strong>vi</strong></span> <span class='ocrx_word' id='word_1_475' title='bbox 1603 3157 1656 3202; x_wconf 90' lang='lat' dir='ltr'><strong>et</strong></span> <span class='ocrx_word' id='word_1_476' title='bbox 1698 3147 1937 3216; x_wconf 70' lang='lat' dir='ltr'><strong>emcacia</strong></span> 
     </span>
    </p>
   </div>
   <div class='ocr_carea' id='block_1_65' title="bbox 364 3235 1941 3302">
    <p class='ocr_par' dir='ltr' id='par_1_65' title="bbox 364 3235 1941 3302">
     <span class='ocr_line' id='line_1_65' title="bbox 364 3235 1941 3302; baseline 0.001 -12"><span class='ocrx_word' id='word_1_477' title='bbox 364 3237 553 3291; x_wconf 90' lang='lat' dir='ltr'><strong>vident</strong></span> <span class='ocrx_word' id='word_1_478' title='bbox 588 3237 886 3290; x_wconf 87' lang='lat' dir='ltr'><strong>terribilem</strong></span> <span class='ocrx_word' id='word_1_479' title='bbox 933 3235 1028 3290; x_wconf 89' lang='lat' dir='ltr'><strong>Dei</strong></span> <span class='ocrx_word' id='word_1_480' title='bbox 1056 3244 1111 3290; x_wconf 92' lang='lat' dir='ltr'><strong>et</strong></span> <span class='ocrx_word' id='word_1_481' title='bbox 1141 3236 1208 3290; x_wconf 92' lang='lat' dir='ltr'><strong>ad</strong></span> <span class='ocrx_word' id='word_1_482' title='bbox 1262 3235 1555 3302; x_wconf 82' lang='lat' dir='ltr'><strong>abolendas</strong></span> <span class='ocrx_word' id='word_1_483' title='bbox 1595 3247 1821 3302; x_wconf 82' lang='lat' dir='ltr'><strong>cunctas</strong></span> <span class='ocrx_word' id='word_1_484' title='bbox 1857 3254 1941 3292; x_wconf 91' lang='lat' dir='ltr'><strong>res</strong></span> 
     </span>
    </p>
   </div>
   <div class='ocr_carea' id='block_1_66' title="bbox 366 3330 1938 3401">
    <p class='ocr_par' dir='ltr' id='par_1_66' title="bbox 366 3330 1938 3401">
     <span class='ocr_line' id='line_1_66' title="bbox 366 3330 1938 3401; baseline -0.001 -13"><span class='ocrx_word' id='word_1_485' title='bbox 366 3346 680 3401; x_wconf 87' lang='lat' dir='ltr'><strong>corporeas,</strong></span> <span class='ocrx_word' id='word_1_486' title='bbox 709 3339 764 3386; x_wconf 91' lang='lat' dir='ltr'><strong>et</strong></span> <span class='ocrx_word' id='word_1_487' title='bbox 795 3330 960 3388; x_wconf 90' lang='lat' dir='ltr'><strong>veluti</strong></span> <span class='ocrx_word' id='word_1_488' title='bbox 991 3331 1057 3384; x_wconf 89' lang='lat' dir='ltr'><strong>ad</strong></span> <span class='ocrx_word' id='word_1_489' title='bbox 1086 3332 1415 3384; x_wconf 89' lang='lat' dir='ltr'><strong>conterenda</strong></span> <span class='ocrx_word' id='word_1_490' title='bbox 1450 3338 1662 3384; x_wconf 87' lang='lat' dir='ltr'><strong>terrena</strong></span> <span class='ocrx_word' id='word_1_491' title='bbox 1688 3331 1938 3386; x_wconf 87' lang='lat' dir='ltr'><strong>virtutem</strong></span> 
     </span>
    </p>
   </div>
   <div class='ocr_carea' id='block_1_67' title="bbox 367 3420 1941 3492">
    <p class='ocr_par' dir='ltr' id='par_1_67' title="bbox 367 3420 1941 3492">
     <span class='ocr_line' id='line_1_67' title="bbox 367 3420 1941 3492; baseline -0.003 -13"><span class='ocrx_word' id='word_1_492' title='bbox 367 3439 434 3492; x_wconf 82' lang='lat' dir='ltr'><strong>ac</strong></span> <span class='ocrx_word' id='word_1_493' title='bbox 457 3423 868 3487; x_wconf 80' lang='lat' dir='ltr'><strong>fortitudinem;</strong></span> <span class='ocrx_word' id='word_1_494' title='bbox 898 3423 1042 3492; x_wconf 91' lang='lat' dir='ltr'><strong>quod</strong></span> <span class='ocrx_word' id='word_1_495' title='bbox 1084 3422 1145 3476; x_wconf 85' lang='lat' dir='ltr'><strong>fit</strong></span> <span class='ocrx_word' id='word_1_496' title='bbox 1187 3432 1244 3475; x_wconf 94' lang='lat' dir='ltr'><strong>ut</strong></span> <span class='ocrx_word' id='word_1_497' title='bbox 1289 3420 1553 3490; x_wconf 88' lang='lat' dir='ltr'><strong>spiritalia</strong></span> <span class='ocrx_word' id='word_1_498' title='bbox 1587 3423 1941 3488; x_wconf 76' lang='lat' dir='ltr'><strong>manifestan-</strong></span> 
     </span>
    </p>
   </div>
   <div class='ocr_carea' id='block_1_68' title="bbox 371 3512 1946 3582">
    <p class='ocr_par' dir='ltr' id='par_1_68' title="bbox 371 3512 1946 3582">
     <span class='ocr_line' id='line_1_68' title="bbox 371 3512 1946 3582; baseline -0.001 -13"><span class='ocrx_word' id='word_1_499' title='bbox 371 3525 480 3570; x_wconf 87' lang='lat' dir='ltr'><strong>tur.</strong></span> <span class='ocrx_word' id='word_1_500' title='bbox 517 3513 658 3581; x_wconf 86' lang='lat' dir='ltr'><strong>Quin</strong></span> <span class='ocrx_word' id='word_1_501' title='bbox 705 3524 762 3568; x_wconf 89' lang='lat' dir='ltr'><strong>et</strong></span> <span class='ocrx_word' id='word_1_502' title='bbox 806 3523 1020 3582; x_wconf 90' lang='lat' dir='ltr'><strong>oportet</strong></span> <span class='ocrx_word' id='word_1_503' title='bbox 1068 3514 1238 3582; x_wconf 89' lang='lat' dir='ltr'><strong>ipsam</strong></span> <span class='ocrx_word' id='word_1_504' title='bbox 1278 3514 1394 3580; x_wconf 89' lang='lat' dir='ltr'><strong>ejus</strong></span> <span class='ocrx_word' id='word_1_505' title='bbox 1422 3512 1514 3580; x_wconf 90' lang='lat' dir='ltr'><strong>qui</strong></span> <span class='ocrx_word' id='word_1_506' title='bbox 1552 3515 1830 3568; x_wconf 86' lang='lat' dir='ltr'><strong>terrestris</strong></span> <span class='ocrx_word' id='word_1_507' title='bbox 1862 3523 1946 3568; x_wconf 90' lang='lat' dir='ltr'><strong>est</strong></span> 
     </span>
    </p>
   </div>
   <div class='ocr_carea' id='block_1_69' title="bbox 371 3603 1946 3675">
    <p class='ocr_par' dir='ltr' id='par_1_69' title="bbox 371 3603 1946 3675">
     <span class='ocr_line' id='line_1_69' title="bbox 371 3603 1946 3675; baseline 0.001 -18"><span class='ocrx_word' id='word_1_508' title='bbox 371 3605 658 3674; x_wconf 77' lang='lat' dir='ltr'><strong>imaginem</strong></span> <span class='ocrx_word' id='word_1_509' title='bbox 721 3603 910 3669; x_wconf 88' lang='lat' dir='ltr'><strong>deleri,</strong></span> <span class='ocrx_word' id='word_1_510' title='bbox 944 3613 1003 3657; x_wconf 92' lang='lat' dir='ltr'><strong>ut</strong></span> <span class='ocrx_word' id='word_1_511' title='bbox 1037 3604 1215 3675; x_wconf 87' lang='lat' dir='ltr'><strong>imago</strong></span> <span class='ocrx_word' id='word_1_512' title='bbox 1269 3603 1388 3670; x_wconf 88' lang='lat' dir='ltr'><strong>ejus</strong></span> <span class='ocrx_word' id='word_1_513' title='bbox 1442 3606 1533 3672; x_wconf 86' lang='lat' dir='ltr'><strong>qui</strong></span> <span class='ocrx_word' id='word_1_514' title='bbox 1592 3604 1829 3659; x_wconf 82' lang='lat' dir='ltr'><strong>caelestis</strong></span> <span class='ocrx_word' id='word_1_515' title='bbox 1863 3614 1946 3659; x_wconf 89' lang='lat' dir='ltr'><strong>est</strong></span> 
     </span>
    </p>
   </div>
   <div class='ocr_carea' id='block_1_70' title="bbox 371 3693 1944 3764">
    <p class='ocr_par' dir='ltr' id='par_1_70' title="bbox 371 3693 1944 3764">
     <span class='ocr_line' id='line_1_70' title="bbox 371 3693 1944 3764; baseline 0.002 -16"><span class='ocrx_word' id='word_1_516' title='bbox 371 3694 657 3750; x_wconf 86' lang='lat' dir='ltr'><strong>videndam</strong></span> <span class='ocrx_word' id='word_1_517' title='bbox 696 3709 756 3748; x_wconf 90' lang='lat' dir='ltr'><strong>se</strong></span> <span class='ocrx_word' id='word_1_518' title='bbox 787 3695 1042 3764; x_wconf 71' lang='lat' dir='ltr'><strong>praebeat.</strong></span> <span class='ocrx_word' id='word_1_519' title='bbox 1080 3693 1269 3763; x_wconf 85' lang='lat' dir='ltr'><strong>Itaque</strong></span> <span class='ocrx_word' id='word_1_520' title='bbox 1302 3693 1470 3749; x_wconf 85' lang='lat' dir='ltr'><strong>falsas</strong></span> <span class='ocrx_word' id='word_1_521' title='bbox 1498 3697 1563 3749; x_wconf 88' lang='lat' dir='ltr'><strong>de</strong></span> <span class='ocrx_word' id='word_1_522' title='bbox 1591 3695 1700 3749; x_wconf 92' lang='lat' dir='ltr'><strong>Deo</strong></span> <span class='ocrx_word' id='word_1_523' title='bbox 1731 3698 1944 3764; x_wconf 91' lang='lat' dir='ltr'><strong>opinio-</strong></span> 
     </span>
    </p>
   </div>
   <div class='ocr_carea' id='block_1_71' title="bbox 373 3783 1946 3856">
    <p class='ocr_par' dir='ltr' id='par_1_71' title="bbox 373 3783 1946 3856">
     <span class='ocr_line' id='line_1_71' title="bbox 373 3783 1946 3856; baseline -0.001 -14"><span class='ocrx_word' id='word_1_524' title='bbox 373 3800 470 3842; x_wconf 88' lang='lat' dir='ltr'><strong>nes</strong></span> <span class='ocrx_word' id='word_1_525' title='bbox 496 3786 589 3854; x_wconf 88' lang='lat' dir='ltr'><strong>qui</strong></span> <span class='ocrx_word' id='word_1_526' title='bbox 641 3784 862 3854; x_wconf 84' lang='lat' dir='ltr'><strong>habent,</strong></span> <span class='ocrx_word' id='word_1_527' title='bbox 914 3784 1220 3854; x_wconf 88' lang='lat' dir='ltr'><strong>spiritalem</strong></span> <span class='ocrx_word' id='word_1_528' title='bbox 1253 3785 1543 3853; x_wconf 89' lang='lat' dir='ltr'><strong>quamdam</strong></span> <span class='ocrx_word' id='word_1_529' title='bbox 1600 3783 1650 3838; x_wconf 92' lang='lat' dir='ltr'><strong>in</strong></span> <span class='ocrx_word' id='word_1_530' title='bbox 1710 3801 1768 3840; x_wconf 92' lang='lat' dir='ltr'><strong>se</strong></span> <span class='ocrx_word' id='word_1_531' title='bbox 1814 3788 1946 3856; x_wconf 90' lang='lat' dir='ltr'><strong>ipsis</strong></span> 
     </span>
    </p>
   </div>
   <div class='ocr_carea' id='block_1_72' title="bbox 370 3876 1944 3947">
    <p class='ocr_par' dir='ltr' id='par_1_72' title="bbox 370 3876 1944 3947">
     <span class='ocr_line' id='line_1_72' title="bbox 370 3876 1944 3947; baseline -0.001 -15"><span class='ocrx_word' id='word_1_532' title='bbox 370 3876 724 3943; x_wconf 87' lang='lat' dir='ltr'><strong>idololatriam</strong></span> <span class='ocrx_word' id='word_1_533' title='bbox 737 3877 1153 3941; x_wconf 81' lang='lat' dir='ltr'><strong>exsuscitantes,</strong></span> <span class='ocrx_word' id='word_1_534' title='bbox 1178 3891 1241 3931; x_wconf 89' lang='lat' dir='ltr'><strong>ea</strong></span> <span class='ocrx_word' id='word_1_535' title='bbox 1258 3891 1376 3946; x_wconf 71' lang='lat' dir='ltr'><strong>qua:</strong></span> <span class='ocrx_word' id='word_1_536' title='bbox 1395 3891 1501 3930; x_wconf 92' lang='lat' dir='ltr'><strong>non</strong></span> <span class='ocrx_word' id='word_1_537' title='bbox 1528 3885 1674 3941; x_wconf 90' lang='lat' dir='ltr'><strong>sunt,</strong></span> <span class='ocrx_word' id='word_1_538' title='bbox 1689 3889 1944 3947; x_wconf 88' lang='lat' dir='ltr'><strong>tanquam</strong></span> 
     </span>
    </p>
   </div>
   <div class='ocr_carea' id='block_1_73' title="bbox 370 3966 1949 4036">
    <p class='ocr_par' dir='ltr' id='par_1_73' title="bbox 370 3966 1949 4036">
     <span class='ocr_line' id='line_1_73' title="bbox 370 3966 1949 4036; baseline 0.001 -14"><span class='ocrx_word' id='word_1_539' title='bbox 370 3970 416 4031; x_wconf 73' lang='lat' dir='ltr'><strong>si</strong></span> <span class='ocrx_word' id='word_1_540' title='bbox 443 3977 645 4033; x_wconf 80' lang='lat' dir='ltr'><strong>essent,</strong></span> <span class='ocrx_word' id='word_1_541' title='bbox 668 3967 850 4022; x_wconf 88' lang='lat' dir='ltr'><strong>animo</strong></span> <span class='ocrx_word' id='word_1_542' title='bbox 873 3966 974 4020; x_wconf 90' lang='lat' dir='ltr'><strong>sibi</strong></span> <span class='ocrx_word' id='word_1_543' title='bbox 1002 3967 1241 4036; x_wconf 86' lang='lat' dir='ltr'><strong>tingunt;</strong></span> <span class='ocrx_word' id='word_1_544' title='bbox 1275 3975 1440 4036; x_wconf 89' lang='lat' dir='ltr'><strong>atque</strong></span> <span class='ocrx_word' id='word_1_545' title='bbox 1467 3981 1526 4020; x_wconf 91' lang='lat' dir='ltr'><strong>se</strong></span> <span class='ocrx_word' id='word_1_546' title='bbox 1551 3967 1650 4035; x_wconf 90' lang='lat' dir='ltr'><strong>ipsi</strong></span> <span class='ocrx_word' id='word_1_547' title='bbox 1681 3969 1949 4023; x_wconf 81' lang='lat' dir='ltr'><strong>obnoxios</strong></span> 
     </span>
    </p>
   </div>
   <div class='ocr_carea' id='block_1_74' title="bbox 2039 3142 3622 3215">
    <p class='ocr_par' dir='ltr' id='par_1_74' title="bbox 2039 3142 3622 3215">
     <span class='ocr_line' id='line_1_74' title="bbox 2039 3142 3622 3215; baseline -0.004 -15"><span class='ocrx_word' id='word_1_548' title='bbox 2039 3148 2184 3201; x_wconf 88' lang='grc' dir='ltr'>νίσαι</span> <span class='ocrx_word' id='word_1_549' title='bbox 2212 3147 2280 3200; x_wconf 82' lang='grc' dir='ltr'><strong>τά</strong></span> <span class='ocrx_word' id='word_1_550' title='bbox 2308 3148 2468 3202; x_wconf 87' lang='grc' dir='ltr'>ὑλικά</span> <span class='ocrx_word' id='word_1_551' title='bbox 2501 3147 2701 3211; x_wconf 87' lang='grc' dir='ltr'>πάντα,</span> <span class='ocrx_word' id='word_1_552' title='bbox 2749 3147 2844 3200; x_wconf 73' lang='grc' dir='ltr'><strong>καὶ</strong></span> <span class='ocrx_word' id='word_1_553' title='bbox 2873 3145 3036 3199; x_wconf 74' lang='grc' dir='ltr'>οἱονεὶ</span> <span class='ocrx_word' id='word_1_554' title='bbox 3075 3145 3309 3215; x_wconf 89' lang='grc' dir='ltr'>θραῦσαι</span> <span class='ocrx_word' id='word_1_555' title='bbox 3340 3142 3410 3196; x_wconf 85' lang='grc' dir='ltr'>τὰ</span> <span class='ocrx_word' id='word_1_556' title='bbox 3434 3146 3622 3213; x_wconf 76' lang='grc' dir='ltr'>γήινα,</span> 
     </span>
    </p>
   </div>
   <div class='ocr_carea' id='block_1_75' title="bbox 2041 3235 3625 3308">
    <p class='ocr_par' dir='ltr' id='par_1_75' title="bbox 2041 3235 3625 3308">
     <span class='ocr_line' id='line_1_75' title="bbox 2041 3235 3625 3308; baseline -0.004 -16"><span class='ocrx_word' id='word_1_557' title='bbox 2041 3239 2130 3294; x_wconf 79' lang='grc' dir='ltr'>ἵνα</span> <span class='ocrx_word' id='word_1_558' title='bbox 2179 3239 2248 3293; x_wconf 81' lang='grc' dir='ltr'><strong>τά</strong></span> <span class='ocrx_word' id='word_1_559' title='bbox 2277 3239 2628 3308; x_wconf 84' lang='grc' dir='ltr'>πνευματικά</span> <span class='ocrx_word' id='word_1_560' title='bbox 2672 3237 3001 3308; x_wconf 83' lang='grc' dir='ltr'>φανερωθῇ,</span> <span class='ocrx_word' id='word_1_561' title='bbox 3045 3238 3138 3290; x_wconf 73' lang='grc' dir='ltr'><strong>καὶ</strong></span> <span class='ocrx_word' id='word_1_562' title='bbox 3185 3236 3263 3288; x_wconf 89' lang='grc' dir='ltr'><strong>δεῖ</strong></span> <span class='ocrx_word' id='word_1_563' title='bbox 3303 3235 3400 3306; x_wconf 82' lang='grc' dir='ltr'>τὴν</span> <span class='ocrx_word' id='word_1_564' title='bbox 3441 3235 3625 3288; x_wconf 80' lang='grc' dir='ltr'>εἰκόνα</span> 
     </span>
    </p>
   </div>
   <div class='ocr_carea' id='block_1_76' title="bbox 2038 3326 3627 3402">
    <p class='ocr_par' dir='ltr' id='par_1_76' title="bbox 2038 3326 3627 3402">
     <span class='ocr_line' id='line_1_76' title="bbox 2038 3326 3627 3402; baseline -0.005 -17"><span class='ocrx_word' id='word_1_565' title='bbox 2038 3333 2132 3385; x_wconf 84' lang='grc' dir='ltr'><strong>τοῦ</strong></span> <span class='ocrx_word' id='word_1_566' title='bbox 2161 3331 2346 3402; x_wconf 81' lang='grc' dir='ltr'>χοϊκοῦ</span> <span class='ocrx_word' id='word_1_567' title='bbox 2372 3330 2815 3401; x_wconf 81' lang='grc' dir='ltr'>ἐξαφανισθῆναι,</span> <span class='ocrx_word' id='word_1_568' title='bbox 2849 3331 2935 3383; x_wconf 83' lang='grc' dir='ltr'><strong>ἵνα</strong></span> <span class='ocrx_word' id='word_1_569' title='bbox 2965 3332 2998 3401; x_wconf 85' lang='grc' dir='ltr'>ἡ</span> <span class='ocrx_word' id='word_1_570' title='bbox 3023 3329 3117 3382; x_wconf 88' lang='grc' dir='ltr'><strong>τοῦ</strong></span> <span class='ocrx_word' id='word_1_571' title='bbox 3145 3326 3468 3398; x_wconf 88' lang='grc' dir='ltr'>ἐπουρανίου</span> <span class='ocrx_word' id='word_1_572' title='bbox 3495 3327 3627 3378; x_wconf 82' lang='grc' dir='ltr'>ἀνα-</span> 
     </span>
    </p>
   </div>
   <div class='ocr_carea' id='block_1_77' title="bbox 2041 3417 3628 3496">
    <p class='ocr_par' dir='ltr' id='par_1_77' title="bbox 2041 3417 3628 3496">
     <span class='ocr_line' id='line_1_77' title="bbox 2041 3417 3628 3496; baseline -0.005 -19"><span class='ocrx_word' id='word_1_573' title='bbox 2041 3425 2205 3496; x_wconf 82' lang='grc' dir='ltr'>φανῇ.</span> <span class='ocrx_word' id='word_1_574' title='bbox 2244 3423 2406 3476; x_wconf 82' lang='grc' dir='ltr'>Ὥστε</span> <span class='ocrx_word' id='word_1_575' title='bbox 2454 3423 2550 3476; x_wconf 76' lang='grc' dir='ltr'><strong>καὶ</strong></span> <span class='ocrx_word' id='word_1_576' title='bbox 2593 3422 2644 3475; x_wconf 87' lang='grc' dir='ltr'>οἰ</span> <span class='ocrx_word' id='word_1_577' title='bbox 2691 3421 2906 3491; x_wconf 77' lang='grc' dir='ltr'>ψευδεῖς</span> <span class='ocrx_word' id='word_1_578' title='bbox 2957 3421 3086 3492; x_wconf 69' lang='grc' dir='ltr'>περὶ</span> <span class='ocrx_word' id='word_1_579' title='bbox 3135 3418 3269 3472; x_wconf 87' lang='grc' dir='ltr'>Θεοῦ</span> <span class='ocrx_word' id='word_1_580' title='bbox 3324 3417 3628 3488; x_wconf 76' lang='grc' dir='ltr'>ὑπολήψεις</span> 
     </span>
    </p>
   </div>
   <div class='ocr_carea' id='block_1_78' title="bbox 2042 3501 3632 3586">
    <p class='ocr_par' dir='ltr' id='par_1_78' title="bbox 2042 3501 3632 3586">
     <span class='ocr_line' id='line_1_78' title="bbox 2042 3501 3632 3586; baseline -0.005 -18"><span class='ocrx_word' id='word_1_581' title='bbox 2042 3501 2274 3586; x_wconf 75' lang='grc' dir='ltr'>ἔχοντες,</span> <span class='ocrx_word' id='word_1_582' title='bbox 2299 3514 2421 3568; x_wconf 78' lang='grc' dir='ltr'>τινὰ</span> <span class='ocrx_word' id='word_1_583' title='bbox 2449 3514 2647 3585; x_wconf 83' lang='grc' dir='ltr'>νοητὴν</span> <span class='ocrx_word' id='word_1_584' title='bbox 2674 3511 3117 3582; x_wconf 84' lang='grc' dir='ltr'>είδωλολατρείαν</span> <span class='ocrx_word' id='word_1_585' title='bbox 3154 3509 3632 3572; x_wconf 84' lang='grc' dir='ltr'>είδωλοποιοῦντες</span> 
     </span>
    </p>
   </div>
   <div class='ocr_carea' id='block_1_79' title="bbox 2041 3599 3634 3676">
    <p class='ocr_par' dir='ltr' id='par_1_79' title="bbox 2041 3599 3634 3676">
     <span class='ocr_line' id='line_1_79' title="bbox 2041 3599 3634 3676; baseline -0.004 -17"><span class='ocrx_word' id='word_1_586' title='bbox 2041 3609 2098 3659; x_wconf 81' lang='grc' dir='ltr'><strong>ἐν</strong></span> <span class='ocrx_word' id='word_1_587' title='bbox 2127 3608 2360 3669; x_wconf 81' lang='grc' dir='ltr'>ἑαυτοῖς,</span> <span class='ocrx_word' id='word_1_588' title='bbox 2388 3605 2458 3658; x_wconf 80' lang='grc' dir='ltr'>τὰ</span> <span class='ocrx_word' id='word_1_589' title='bbox 2487 3605 2562 3676; x_wconf 83' lang='grc' dir='ltr'>μὴ</span> <span class='ocrx_word' id='word_1_590' title='bbox 2594 3605 2721 3658; x_wconf 78' lang='grc' dir='ltr'>ὅντα</span> <span class='ocrx_word' id='word_1_591' title='bbox 2749 3605 2823 3668; x_wconf 91' lang='grc' dir='ltr'><strong>ώς</strong></span> <span class='ocrx_word' id='word_1_592' title='bbox 2851 3604 2980 3657; x_wconf 76' lang='grc' dir='ltr'>ὄντα</span> <span class='ocrx_word' id='word_1_593' title='bbox 3005 3602 3220 3673; x_wconf 79' lang='grc' dir='ltr'>έχουσι·</span> <span class='ocrx_word' id='word_1_594' title='bbox 3255 3601 3349 3654; x_wconf 75' lang='grc' dir='ltr'>καὶ</span> <span class='ocrx_word' id='word_1_595' title='bbox 3379 3599 3634 3652; x_wconf 83' lang='grc' dir='ltr'>ὑπόδικοι</span> 
     </span>
    </p>
   </div>
   <div class='ocr_carea' id='block_1_80' title="bbox 2041 3692 3632 3768">
    <p class='ocr_par' dir='ltr' id='par_1_80' title="bbox 2041 3692 3632 3768">
     <span class='ocr_line' id='line_1_80' title="bbox 2041 3692 3632 3768; baseline -0.005 -16"><span class='ocrx_word' id='word_1_596' title='bbox 2041 3692 2184 3763; x_wconf 76' lang='grc' dir='ltr'>οὗτοι</span> <span class='ocrx_word' id='word_1_597' title='bbox 2206 3697 2450 3768; x_wconf 71' lang='grc' dir='ltr'><strong>γίνονται¹</strong></span> <span class='ocrx_word' id='word_1_598' title='bbox 2471 3696 2582 3766; x_wconf 74' lang='grc'><strong>(42)</strong></span> <span class='ocrx_word' id='word_1_599' title='bbox 2611 3699 2676 3765; x_wconf 82' lang='grc' dir='ltr'>τῇ</span> <span class='ocrx_word' id='word_1_600' title='bbox 2704 3696 2920 3767; x_wconf 72' lang='grc' dir='ltr'>κατάρᾳ</span> <span class='ocrx_word' id='word_1_601' title='bbox 2941 3698 3006 3767; x_wconf 80' lang='grc' dir='ltr'>τῇ</span> <span class='ocrx_word' id='word_1_602' title='bbox 3032 3694 3266 3764; x_wconf 79' lang='grc' dir='ltr'>λεγούσῃ</span> <span class='ocrx_word' id='word_1_603' title='bbox 3292 3708 3306 3721; x_wconf 87' lang='grc'><strong>·</strong></span> <span class='ocrx_word' id='word_1_604' title='bbox 3352 3693 3632 3746; x_wconf 76' lang='grc' dir='ltr'>Ἐπικατ-</span> 
     </span>
    </p>
   </div>
   <div class='ocr_carea' id='block_1_81' title="bbox 2040 3783 3636 3862">
    <p class='ocr_par' dir='ltr' id='par_1_81' title="bbox 2040 3783 3636 3862">
     <span class='ocr_line' id='line_1_81' title="bbox 2040 3783 3636 3862; baseline -0.005 -19"><span class='ocrx_word' id='word_1_605' title='bbox 2040 3789 2257 3857; x_wconf 81' lang='grc' dir='ltr'>άρατος</span> <span class='ocrx_word' id='word_1_606' title='bbox 2306 3789 2423 3862; x_wconf 71' lang='grc' dir='ltr'>πᾶς</span> <span class='ocrx_word' id='word_1_607' title='bbox 2463 3789 2770 3856; x_wconf 78' lang='grc' dir='ltr'>ἅνθρωπος</span> <span class='ocrx_word' id='word_1_608' title='bbox 2816 3789 2882 3854; x_wconf 88' lang='grc' dir='ltr'>ὂς</span> <span class='ocrx_word' id='word_1_609' title='bbox 2916 3786 3156 3854; x_wconf 81' lang='grc' dir='ltr'>ποιήσει</span> <span class='ocrx_word' id='word_1_610' title='bbox 3198 3783 3472 3855; x_wconf 77' lang='grc' dir='ltr'>γλυπτὸν</span> <span class='ocrx_word' id='word_1_611' title='bbox 3529 3783 3636 3836; x_wconf 75' lang='grc' dir='ltr'>καὶ</span> 
     </span>
    </p>
   </div>
   <div class='ocr_carea' id='block_1_82' title="bbox 2044 3875 3639 3950">
    <p class='ocr_par' dir='ltr' id='par_1_82' title="bbox 2044 3875 3639 3950">
     <span class='ocr_line' id='line_1_82' title="bbox 2044 3875 3639 3950; baseline -0.005 -15"><span class='ocrx_word' id='word_1_612' title='bbox 2044 3881 2366 3950; x_wconf 76' lang='grc' dir='ltr'>χωνευτὸν,</span> <span class='ocrx_word' id='word_1_613' title='bbox 2399 3879 2717 3950; x_wconf 75' lang='grc' dir='ltr'>βδέλυγμα</span> <span class='ocrx_word' id='word_1_614' title='bbox 2736 3882 2948 3948; x_wconf 70' lang='grc' dir='ltr'>Κιιρίῳ,</span> <span class='ocrx_word' id='word_1_615' title='bbox 2983 3881 3160 3948; x_wconf 75' lang='grc' dir='ltr'>ἔργον</span> <span class='ocrx_word' id='word_1_616' title='bbox 3187 3875 3400 3947; x_wconf 79' lang='grc' dir='ltr'>χειρῶν</span> <span class='ocrx_word' id='word_1_617' title='bbox 3431 3875 3639 3943; x_wconf 66' lang='grc' dir='ltr'>τεχτ-ι’-</span> 
     </span>
    </p>
   </div>
   <div class='ocr_carea' id='block_1_83' title="bbox 2043 3969 3165 4038">
    <p class='ocr_par' dir='ltr' id='par_1_83' title="bbox 2043 3969 3165 4038">
     <span class='ocr_line' id='line_1_83' title="bbox 2043 3969 3165 4038; baseline 0 -16"><span class='ocrx_word' id='word_1_618' title='bbox 2043 3987 2171 4034; x_wconf 85' lang='grc' dir='ltr'>του,</span> <span class='ocrx_word' id='word_1_619' title='bbox 2208 3970 2304 4023; x_wconf 81' lang='grc' dir='ltr'>καὶ</span> <span class='ocrx_word' id='word_1_620' title='bbox 2339 3969 2512 4038; x_wconf 80' lang='grc' dir='ltr'>θήσει</span> <span class='ocrx_word' id='word_1_621' title='bbox 2543 3971 2687 4024; x_wconf 82' lang='grc' dir='ltr'>αὐτὸ</span> <span class='ocrx_word' id='word_1_622' title='bbox 2723 3972 2791 4023; x_wconf 82' lang='grc' dir='ltr'>ἐν</span> <span class='ocrx_word' id='word_1_623' title='bbox 2820 3971 3165 4038; x_wconf 62' lang='grc' dir='ltr'>ἀποκρύφῳ.</span> 
     </span>
    </p>
   </div>
   <div class='ocr_carea' id='block_1_84' title="bbox 370 4056 3634 4134">
    <p class='ocr_par' dir='ltr' id='par_1_84' title="bbox 370 4056 3634 4134">
     <span class='ocr_line' id='line_1_84' title="bbox 370 4056 3634 4134; baseline -0.002 -16"><span class='ocrx_word' id='word_1_624' title='bbox 370 4061 604 4122; x_wconf 76' lang='lat' dir='ltr'><strong>reddunt</strong></span> <span class='ocrx_word' id='word_1_625' title='bbox 633 4059 1018 4121; x_wconf 88' lang='lat' dir='ltr'><strong>maledictioni,</strong></span> <span class='ocrx_word' id='word_1_626' title='bbox 1050 4075 1169 4129; x_wconf 76' lang='lat' dir='ltr'><strong>qua:</strong></span> <span class='ocrx_word' id='word_1_627' title='bbox 1203 4059 1370 4112; x_wconf 89' lang='lat' dir='ltr'><strong>dicit:</strong></span> <span class='ocrx_word' id='word_1_628' title='bbox 1402 4056 1722 4124; x_wconf 72' lang='lat' dir='ltr'><strong>Maledictus</strong></span> <span class='ocrx_word' id='word_1_629' title='bbox 1773 4061 1944 4114; x_wconf 84' lang='lat' dir='ltr'><strong>omnis</strong></span> <span class='ocrx_word' id='word_1_630' title='bbox 1983 4065 2136 4114; x_wconf 80' lang='lat' dir='ltr'><strong>homo</strong></span> <span class='ocrx_word' id='word_1_631' title='bbox 2205 4062 2297 4130; x_wconf 86' lang='lat' dir='ltr'><strong>qui</strong></span> <span class='ocrx_word' id='word_1_632' title='bbox 2363 4061 2517 4129; x_wconf 78' lang='lat' dir='ltr'><strong>faciet</strong></span> <span class='ocrx_word' id='word_1_633' title='bbox 2552 4061 2791 4134; x_wconf 60' lang='lat' dir='ltr'><strong>sculptile</strong></span> <span class='ocrx_word' id='word_1_634' title='bbox 2849 4073 2894 4116; x_wconf 82' lang='lat' dir='ltr'><strong>et</strong></span> <span class='ocrx_word' id='word_1_635' title='bbox 2949 4061 3126 4129; x_wconf 82' lang='lat' dir='ltr'><strong>fusile,</strong></span> <span class='ocrx_word' id='word_1_636' title='bbox 3185 4059 3634 4114; x_wconf 84' lang='lat' dir='ltr'><strong>abominationem</strong></span> 
     </span>
    </p>
   </div>
   <div class='ocr_carea' id='block_1_85' title="bbox 374 4150 2272 4220">
    <p class='ocr_par' dir='ltr' id='par_1_85' title="bbox 374 4150 2272 4220">
     <span class='ocr_line' id='line_1_85' title="bbox 374 4150 2272 4220; baseline 0.001 -14"><span class='ocrx_word' id='word_1_637' title='bbox 374 4152 621 4215; x_wconf 74' lang='lat' dir='ltr'><strong>Domino,</strong></span> <span class='ocrx_word' id='word_1_638' title='bbox 662 4166 792 4220; x_wconf 87' lang='lat' dir='ltr'><strong>opus</strong></span> <span class='ocrx_word' id='word_1_639' title='bbox 848 4166 1099 4203; x_wconf 88' lang='lat' dir='ltr'><strong>manuum</strong></span> <span class='ocrx_word' id='word_1_640' title='bbox 1139 4150 1379 4218; x_wconf 78' lang='lat' dir='ltr'><strong>artiﬁcia,</strong></span> <span class='ocrx_word' id='word_1_641' title='bbox 1410 4160 1458 4204; x_wconf 83' lang='lat' dir='ltr'><strong>et</strong></span> <span class='ocrx_word' id='word_1_642' title='bbox 1515 4159 1672 4219; x_wconf 80' lang='lat' dir='ltr'><strong>ponet</strong></span> <span class='ocrx_word' id='word_1_643' title='bbox 1719 4150 1854 4215; x_wconf 75' lang='lat' dir='ltr'><strong>illud</strong></span> <span class='ocrx_word' id='word_1_644' title='bbox 1892 4153 1949 4206; x_wconf 86' lang='lat' dir='ltr'><strong>in</strong></span> <span class='ocrx_word' id='word_1_645' title='bbox 1985 4153 2185 4206; x_wconf 87' lang='lat' dir='ltr'><strong>occulto</strong></span> <span class='ocrx_word' id='word_1_646' title='bbox 2205 4153 2272 4207; x_wconf 80' lang='grc'><strong>⁸⁷.</strong></span> 
     </span>
    </p>
   </div>
   <div class='ocr_carea' id='block_1_86' title="bbox 441 4240 1938 4314">
    <p class='ocr_par' dir='ltr' id='par_1_86' title="bbox 441 4240 1938 4309">
     <span class='ocr_line' id='line_1_86' title="bbox 441 4240 1938 4309; baseline -0.003 -11"><span class='ocrx_word' id='word_1_647' title='bbox 441 4241 534 4298; x_wconf 89' lang='lat'><strong>97.</strong></span> <span class='ocrx_word' id='word_1_648' title='bbox 573 4240 736 4304; x_wconf 70' lang='lat' dir='ltr'><strong>Vsus.</strong></span> <span class='ocrx_word' id='word_1_649' title='bbox 769 4241 862 4308; x_wconf 71' lang='lat'><strong>20,</strong></span> <span class='ocrx_word' id='word_1_650' title='bbox 894 4241 986 4296; x_wconf 69' lang='grc'><strong>21.</strong></span> <span class='ocrx_word' id='word_1_651' title='bbox 1028 4241 1128 4295; x_wconf 86' lang='lat' dir='ltr'><strong>Die</strong></span> <span class='ocrx_word' id='word_1_652' title='bbox 1155 4241 1292 4294; x_wconf 86' lang='lat' dir='ltr'><strong>enim</strong></span> <span class='ocrx_word' id='word_1_653' title='bbox 1317 4241 1408 4294; x_wconf 81' lang='lat' dir='ltr'><strong>illa</strong></span> <span class='ocrx_word' id='word_1_654' title='bbox 1431 4242 1603 4309; x_wconf 57' lang='lat' dir='ltr'><strong>eliciet</strong></span> <span class='ocrx_word' id='word_1_655' title='bbox 1637 4242 1792 4302; x_wconf 81' lang='lat' dir='ltr'><strong>homo</strong></span> <span class='ocrx_word' id='word_1_656' title='bbox 1821 4242 1938 4295; x_wconf 89' lang='lat' dir='ltr'><strong>abo-</strong></span> 
     </span>
    </p>
   </div>
   <div class='ocr_carea' id='block_1_87' title="bbox 2044 4240 3640 4314">
    <p class='ocr_par' dir='ltr' id='par_1_87' title="bbox 2123 4240 3640 4314">
     <span class='ocr_line' id='line_1_87' title="bbox 2123 4240 3640 4314; baseline -0.003 -15"><span class='ocrx_word' id='word_1_657' title='bbox 2123 4244 2213 4300; x_wconf 88' lang='lat'><strong>97.</strong></span> <span class='ocrx_word' id='word_1_658' title='bbox 2254 4244 2333 4312; x_wconf 74' lang='grc' dir='ltr'><strong>Τῇ</strong></span> <span class='ocrx_word' id='word_1_659' title='bbox 2360 4245 2470 4313; x_wconf 75' lang='grc' dir='ltr'>τὰρ</span> <span class='ocrx_word' id='word_1_660' title='bbox 2507 4244 2699 4314; x_wconf 76' lang='grc' dir='ltr'>ἡμέρᾳ</span> <span class='ocrx_word' id='word_1_661' title='bbox 2727 4245 2930 4312; x_wconf 81' lang='grc' dir='ltr'>ἐκείνῃ</span> <span class='ocrx_word' id='word_1_662' title='bbox 2957 4241 3207 4299; x_wconf 76' lang='grc' dir='ltr'>ἐκϐαλεῖ</span> <span class='ocrx_word' id='word_1_663' title='bbox 3221 4240 3533 4308; x_wconf 77' lang='grc' dir='ltr'>ἅνθρωπος</span> <span class='ocrx_word' id='word_1_664' title='bbox 3565 4242 3640 4294; x_wconf 84' lang='grc' dir='ltr'>τὰ</span> 
     </span>
    </p>
   </div>
   <div class='ocr_carea' id='block_1_88' title="bbox 371 4333 1947 4404">
    <p class='ocr_par' dir='ltr' id='par_1_88' title="bbox 371 4333 1947 4404">
     <span class='ocr_line' id='line_1_88' title="bbox 371 4333 1947 4404; baseline -0.001 -17"><span class='ocrx_word' id='word_1_665' title='bbox 371 4335 688 4397; x_wconf 75' lang='lat' dir='ltr'><strong>minationes</strong></span> <span class='ocrx_word' id='word_1_666' title='bbox 722 4351 845 4393; x_wconf 85' lang='lat' dir='ltr'><strong>suas</strong></span> <span class='ocrx_word' id='word_1_667' title='bbox 881 4345 1155 4404; x_wconf 83' lang='lat' dir='ltr'><strong>argenteas</strong></span> <span class='ocrx_word' id='word_1_668' title='bbox 1185 4344 1231 4387; x_wconf 86' lang='lat' dir='ltr'><strong>et</strong></span> <span class='ocrx_word' id='word_1_669' title='bbox 1271 4349 1462 4386; x_wconf 88' lang='lat' dir='ltr'><strong>aureas</strong></span> <span class='ocrx_word' id='word_1_670' title='bbox 1487 4374 1502 4397; x_wconf 96' lang='lat'><strong>,</strong></span> <span class='ocrx_word' id='word_1_671' title='bbox 1541 4350 1673 4402; x_wconf 85' lang='lat' dir='ltr'><strong>quas</strong></span> <span class='ocrx_word' id='word_1_672' title='bbox 1710 4333 1947 4403; x_wconf 80' lang='lat' dir='ltr'><strong>fecerunt</strong></span> 
     </span>
    </p>
   </div>
   <div class='ocr_carea' id='block_1_89' title="bbox 373 4421 1951 4490">
    <p class='ocr_par' dir='ltr' id='par_1_89' title="bbox 373 4421 1951 4490">
     <span class='ocr_line' id='line_1_89' title="bbox 373 4421 1951 4490; baseline -0.001 -13"><span class='ocrx_word' id='word_1_673' title='bbox 373 4425 442 4479; x_wconf 82' lang='lat' dir='ltr'><strong>ad</strong></span> <span class='ocrx_word' id='word_1_674' title='bbox 468 4424 800 4478; x_wconf 85' lang='lat' dir='ltr'><strong>adorandum</strong></span> <span class='ocrx_word' id='word_1_675' title='bbox 826 4440 986 4486; x_wconf 82' lang='lat' dir='ltr'><strong>vana,</strong></span> <span class='ocrx_word' id='word_1_676' title='bbox 1012 4433 1058 4476; x_wconf 86' lang='lat' dir='ltr'><strong>et</strong></span> <span class='ocrx_word' id='word_1_677' title='bbox 1090 4421 1477 4490; x_wconf 81' lang='lat' dir='ltr'><strong>vespertiliones</strong></span> <span class='ocrx_word' id='word_1_678' title='bbox 1496 4436 1515 4474; x_wconf 91' lang='lat'><em>:</em></span> <span class='ocrx_word' id='word_1_679' title='bbox 1539 4422 1608 4476; x_wconf 85' lang='lat' dir='ltr'><strong>ad</strong></span> <span class='ocrx_word' id='word_1_680' title='bbox 1640 4423 1951 4476; x_wconf 85' lang='lat' dir='ltr'><strong>intrandum</strong></span> 
     </span>
    </p>
   </div>
   <div class='ocr_carea' id='block_1_90' title="bbox 371 4515 1952 4583">
    <p class='ocr_par' dir='ltr' id='par_1_90' title="bbox 371 4515 1952 4583">
     <span class='ocr_line' id='line_1_90' title="bbox 371 4515 1952 4583; baseline -0.003 -13"><span class='ocrx_word' id='word_1_681' title='bbox 371 4516 430 4570; x_wconf 82' lang='lat' dir='ltr'><strong>in</strong></span> <span class='ocrx_word' id='word_1_682' title='bbox 461 4531 711 4570; x_wconf 77' lang='lat' dir='ltr'><strong>cavernas</strong></span> <span class='ocrx_word' id='word_1_683' title='bbox 745 4515 916 4583; x_wconf 72' lang='lat' dir='ltr'><strong>ﬁrma:</strong></span> <span class='ocrx_word' id='word_1_684' title='bbox 943 4525 1123 4582; x_wconf 62' lang='lat' dir='ltr'><strong>parte,</strong></span> <span class='ocrx_word' id='word_1_685' title='bbox 1153 4525 1198 4568; x_wconf 80' lang='lat' dir='ltr'><strong>et</strong></span> <span class='ocrx_word' id='word_1_686' title='bbox 1223 4515 1280 4568; x_wconf 86' lang='lat' dir='ltr'><strong>in</strong></span> <span class='ocrx_word' id='word_1_687' title='bbox 1309 4515 1570 4568; x_wconf 83' lang='lat' dir='ltr'><strong>scissuras</strong></span> <span class='ocrx_word' id='word_1_688' title='bbox 1597 4525 1888 4583; x_wconf 83' lang='lat' dir='ltr'><strong>petrarum,</strong></span> <span class='ocrx_word' id='word_1_689' title='bbox 1920 4531 1952 4566; x_wconf 92' lang='lat' dir='ltr'><strong>a</strong></span> 
     </span>
    </p>
   </div>
   <div class='ocr_carea' id='block_1_91' title="bbox 372 4604 1948 4677">
    <p class='ocr_par' dir='ltr' id='par_1_91' title="bbox 372 4604 1948 4677">
     <span class='ocr_line' id='line_1_91' title="bbox 372 4604 1948 4677; baseline -0.002 -17"><span class='ocrx_word' id='word_1_690' title='bbox 372 4606 509 4677; x_wconf 81' lang='lat' dir='ltr'><strong>facie</strong></span> <span class='ocrx_word' id='word_1_691' title='bbox 543 4605 750 4660; x_wconf 83' lang='lat' dir='ltr'><strong>timoris</strong></span> <span class='ocrx_word' id='word_1_692' title='bbox 793 4605 1029 4670; x_wconf 80' lang='lat' dir='ltr'><strong>Domini,</strong></span> <span class='ocrx_word' id='word_1_693' title='bbox 1070 4616 1118 4659; x_wconf 86' lang='lat' dir='ltr'><strong>et</strong></span> <span class='ocrx_word' id='word_1_694' title='bbox 1149 4623 1180 4656; x_wconf 82' lang='grc' dir='ltr'><strong>α</strong></span> <span class='ocrx_word' id='word_1_695' title='bbox 1225 4605 1396 4675; x_wconf 86' lang='lat' dir='ltr'><strong>gloria</strong></span> <span class='ocrx_word' id='word_1_696' title='bbox 1429 4604 1762 4673; x_wconf 77' lang='lat' dir='ltr'><strong>fortitudinis</strong></span> <span class='ocrx_word' id='word_1_697' title='bbox 1795 4605 1908 4672; x_wconf 86' lang='lat' dir='ltr'><strong>ejus</strong></span> <span class='ocrx_word' id='word_1_698' title='bbox 1933 4645 1948 4669; x_wconf 95' lang='lat'><strong>,</strong></span> 
     </span>
    </p>
   </div>
   <div class='ocr_carea' id='block_1_92' title="bbox 371 4693 1950 4750">
    <p class='ocr_par' dir='ltr' id='par_1_92' title="bbox 371 4693 1950 4750">
     <span class='ocr_line' id='line_1_92' title="bbox 371 4693 1950 4750; baseline -0.001 0"><span class='ocrx_word' id='word_1_699' title='bbox 371 4711 490 4750; x_wconf 83' lang='lat' dir='ltr'><strong>cum</strong></span> <span class='ocrx_word' id='word_1_700' title='bbox 537 4697 825 4750; x_wconf 76' lang='lat' dir='ltr'><strong>surrexerit</strong></span> <span class='ocrx_word' id='word_1_701' title='bbox 885 4699 952 4748; x_wconf 87' lang='lat' dir='ltr'><strong>ad</strong></span> <span class='ocrx_word' id='word_1_702' title='bbox 1011 4693 1380 4749; x_wconf 83' lang='lat' dir='ltr'><strong>conterendam</strong></span> <span class='ocrx_word' id='word_1_703' title='bbox 1435 4705 1649 4749; x_wconf 86' lang='lat' dir='ltr'><strong>terram.</strong></span> <span class='ocrx_word' id='word_1_704' title='bbox 1711 4693 1950 4749; x_wconf 72' lang='grc' dir='ltr'>Βεροιιάἰ</span> 
     </span>
    </p>
   </div>
   <div class='ocr_carea' id='block_1_93' title="bbox 452 4871 988 4937">
    <p class='ocr_par' dir='ltr' id='par_1_93' title="bbox 452 4871 988 4937">
     <span class='ocr_line' id='line_1_93' title="bbox 452 4871 988 4937; baseline -0.009 -8"><span class='ocrx_word' id='word_1_705' title='bbox 452 4875 496 4906; x_wconf 88' lang='grc'><strong>⁸⁷</strong></span> <span class='ocrx_word' id='word_1_706' title='bbox 517 4875 670 4929; x_wconf 84' lang='lat' dir='ltr'><strong>Deut.</strong></span> <span class='ocrx_word' id='word_1_707' title='bbox 704 4888 874 4937; x_wconf 78' lang='lat' dir='ltr'><strong>xxvn,</strong></span> <span class='ocrx_word' id='word_1_708' title='bbox 905 4871 988 4925; x_wconf 81' lang='grc'><strong>15.</strong></span> 
     </span>
    </p>
   </div>
   <div class='ocr_carea' id='block_1_94' title="bbox 416 5069 1953 5162">
    <p class='ocr_par' dir='ltr' id='par_1_94' title="bbox 416 5069 1953 5162">
     <span class='ocr_line' id='line_1_94' title="bbox 416 5069 1953 5162; baseline -0.006 -33"><span class='ocrx_word' id='word_1_709' title='bbox 416 5075 557 5162; x_wconf 44' lang='grc'><strong>’(57)</strong></span> <span class='ocrx_word' id='word_1_710' title='bbox 597 5075 700 5130; x_wconf 87' lang='lat' dir='ltr'><strong>Alii</strong></span> <span class='ocrx_word' id='word_1_711' title='bbox 764 5090 895 5131; x_wconf 90' lang='lat' dir='ltr'><strong>mss.</strong></span> <span class='ocrx_word' id='word_1_712' title='bbox 939 5089 1061 5128; x_wconf 88' lang='lat' dir='ltr'><strong>cum</strong></span> <span class='ocrx_word' id='word_1_713' title='bbox 1122 5072 1300 5136; x_wconf 81' lang='lat' dir='ltr'><strong>editis,</strong></span> <span class='ocrx_word' id='word_1_714' title='bbox 1357 5069 1617 5142; x_wconf 86' lang='grc' dir='ltr'>Χριστοῦ,</span> <span class='ocrx_word' id='word_1_715' title='bbox 1671 5070 1780 5134; x_wconf 93' lang='lat' dir='ltr'><strong>alii,</strong></span> <span class='ocrx_word' id='word_1_716' title='bbox 1837 5072 1953 5122; x_wconf 85' lang='grc' dir='ltr'><strong>Κυ-</strong></span> 
     </span>
    </p>
   </div>
   <div class='ocr_carea' id='block_1_95' title="bbox 376 5163 1952 5283">
    <p class='ocr_par' dir='ltr' id='par_1_95' title="bbox 376 5163 1952 5283">
     <span class='ocr_line' id='line_1_95' title="bbox 376 5163 1952 5283; baseline -0.006 -13"><span class='ocrx_word' id='word_1_717' title='bbox 376 5163 560 5283; x_wconf 54' lang='grc' dir='ltr'><strong>ρυῗὲἒ)</strong></span> <span class='ocrx_word' id='word_1_718' title='bbox 602 5213 839 5282; x_wconf 86' lang='lat' dir='ltr'><strong>Uterque</strong></span> <span class='ocrx_word' id='word_1_719' title='bbox 871 5211 1022 5266; x_wconf 89' lang='lat' dir='ltr'><strong>Colb.</strong></span> <span class='ocrx_word' id='word_1_720' title='bbox 1043 5221 1103 5283; x_wconf 82' lang='lat' dir='ltr'><strong>et</strong></span> <span class='ocrx_word' id='word_1_721' title='bbox 1123 5211 1255 5280; x_wconf 78' lang='lat' dir='ltr'><strong>Reg.</strong></span> <span class='ocrx_word' id='word_1_722' title='bbox 1278 5210 1565 5283; x_wconf 80' lang='lat' dir='ltr'><strong>secundus,</strong></span> <span class='ocrx_word' id='word_1_723' title='bbox 1596 5210 1952 5280; x_wconf 85' lang='grc' dir='ltr'>Ἀμφιάραος.</span> 
     </span>
    </p>
   </div>
   <div class='ocr_carea' id='block_1_96' title="bbox 373 5281 1954 5353">
    <p class='ocr_par' dir='ltr' id='par_1_96' title="bbox 373 5281 1954 5353">
     <span class='ocr_line' id='line_1_96' title="bbox 373 5281 1954 5353; baseline -0.006 -13"><span class='ocrx_word' id='word_1_724' title='bbox 373 5281 477 5340; x_wconf 82' lang='lat' dir='ltr'><strong>Alii</strong></span> <span class='ocrx_word' id='word_1_725' title='bbox 525 5281 632 5340; x_wconf 84' lang='lat' dir='ltr'><strong>tres</strong></span> <span class='ocrx_word' id='word_1_726' title='bbox 663 5281 816 5349; x_wconf 86' lang='lat' dir='ltr'><strong>mss.,</strong></span> <span class='ocrx_word' id='word_1_727' title='bbox 856 5281 1201 5353; x_wconf 84' lang='grc' dir='ltr'>Ἀμφιάρεως</span> <span class='ocrx_word' id='word_1_728' title='bbox 1224 5299 1244 5353; x_wconf 80' lang='lat'><strong>-_</strong></span> <span class='ocrx_word' id='word_1_729' title='bbox 1276 5281 1415 5353; x_wconf 82' lang='lat' dir='ltr'><strong>quod</strong></span> <span class='ocrx_word' id='word_1_730' title='bbox 1455 5281 1756 5353; x_wconf 77' lang='lat' dir='ltr'><strong>idemesse</strong></span> <span class='ocrx_word' id='word_1_731' title='bbox 1794 5295 1954 5353; x_wconf 77' lang='lat' dir='ltr'><strong>nemo</strong></span> 
     </span>
    </p>
   </div>
   <div class='ocr_carea' id='block_1_97' title="bbox 374 5348 1952 5420">
    <p class='ocr_par' dir='ltr' id='par_1_97' title="bbox 374 5348 1952 5420">
     <span class='ocr_line' id='line_1_97' title="bbox 374 5348 1952 5420; baseline -0.006 -12"><span class='ocrx_word' id='word_1_732' title='bbox 374 5372 482 5409; x_wconf 84' lang='lat' dir='ltr'><strong>non</strong></span> <span class='ocrx_word' id='word_1_733' title='bbox 516 5356 696 5419; x_wconf 90' lang='lat' dir='ltr'><strong>videt;</strong></span> <span class='ocrx_word' id='word_1_734' title='bbox 737 5348 1120 5420; x_wconf 53' lang='lat' dir='ltr'><strong>pt-rimleac&#39;si</strong></span> <span class='ocrx_word' id='word_1_735' title='bbox 1157 5351 1278 5418; x_wconf 92' lang='lat' dir='ltr'><strong>quis</strong></span> <span class='ocrx_word' id='word_1_736' title='bbox 1309 5351 1513 5404; x_wconf 89' lang='lat' dir='ltr'><strong>diceret</strong></span> <span class='ocrx_word' id='word_1_737' title='bbox 1549 5350 1767 5410; x_wconf 84' lang='lat' dir='ltr'><strong>usitate,</strong></span> <span class='ocrx_word' id='word_1_738' title='bbox 1794 5348 1952 5411; x_wconf 74' lang='grc' dir='ltr'><strong>λαός⁸</strong></span> 
     </span>
    </p>
   </div>
   <div class='ocr_carea' id='block_1_98' title="bbox 375 5421 1459 5491">
    <p class='ocr_par' dir='ltr' id='par_1_98' title="bbox 375 5421 1459 5491">
     <span class='ocr_line' id='line_1_98' title="bbox 375 5421 1459 5491; baseline -0.007 -13"><span class='ocrx_word' id='word_1_739' title='bbox 375 5433 469 5478; x_wconf 88' lang='lat' dir='ltr'><strong>aut</strong></span> <span class='ocrx_word' id='word_1_740' title='bbox 499 5425 696 5491; x_wconf 84' lang='lat' dir='ltr'><strong>Attice,</strong></span> <span class='ocrx_word' id='word_1_741' title='bbox 735 5422 892 5486; x_wconf 86' lang='grc' dir='ltr'>λεώς.</span> <span class='ocrx_word' id='word_1_742' title='bbox 922 5422 1085 5483; x_wconf 79' lang='lat' dir='ltr'><strong>Etliti,</strong></span> <span class='ocrx_word' id='word_1_743' title='bbox 1123 5421 1459 5491; x_wconf 80' lang='grc' dir='ltr'>Ἀμφιάρεω.</span> 
     </span>
    </p>
   </div>
   <div class='ocr_carea' id='block_1_99' title="bbox 448 5488 1955 5564">
    <p class='ocr_par' dir='ltr' id='par_1_99' title="bbox 448 5488 1955 5564">
     <span class='ocr_line' id='line_1_99' title="bbox 448 5488 1955 5564; baseline -0.006 -16"><span class='ocrx_word' id='word_1_744' title='bbox 448 5493 562 5564; x_wconf 79' lang='grc'><strong>(59)</strong></span> <span class='ocrx_word' id='word_1_745' title='bbox 601 5488 804 5550; x_wconf 66' lang='grc' dir='ltr'>Ιιιιέεκ</span> <span class='ocrx_word' id='word_1_746' title='bbox 831 5509 960 5548; x_wconf 87' lang='lat' dir='ltr'><strong>mss.</strong></span> <span class='ocrx_word' id='word_1_747' title='bbox 998 5492 1138 5546; x_wconf 88' lang='lat' dir='ltr'><strong>Editi</strong></span> <span class='ocrx_word' id='word_1_748' title='bbox 1171 5488 1299 5544; x_wconf 70' lang='lat' dir='ltr'><strong>vero</strong></span> <span class='ocrx_word' id='word_1_749' title='bbox 1328 5488 1667 5560; x_wconf 72' lang='lat' dir='ltr'><strong>Simpliciter,</strong></span> <span class='ocrx_word' id='word_1_750' title='bbox 1704 5505 1955 5540; x_wconf 86' lang='grc' dir='ltr'>τετυπω-</span> 
     </span>
    </p>
   </div>
   <div class='ocr_carea' id='block_1_100' title="bbox 378 5565 1957 5702">
    <p class='ocr_par' dir='ltr' id='par_1_100' title="bbox 378 5565 1957 5702">
     <span class='ocr_line' id='line_1_100' title="bbox 378 5565 1957 5702; baseline -0.004 -15"><span class='ocrx_word' id='word_1_751' title='bbox 378 5565 560 5702; x_wconf 37' lang='lat' dir='ltr'><strong>ﬁmi)</strong></span> <span class='ocrx_word' id='word_1_752' title='bbox 599 5632 672 5686; x_wconf 87' lang='lat' dir='ltr'><strong>lta</strong></span> <span class='ocrx_word' id='word_1_753' title='bbox 719 5641 952 5701; x_wconf 89' lang='lat' dir='ltr'><strong>quatuor</strong></span> <span class='ocrx_word' id='word_1_754' title='bbox 993 5646 1124 5702; x_wconf 73' lang='lat' dir='ltr'><strong>mss.</strong></span> <span class='ocrx_word' id='word_1_755' title='bbox 1168 5637 1364 5701; x_wconf 67' lang='lat' dir='ltr'><strong>prteter</strong></span> <span class='ocrx_word' id='word_1_756' title='bbox 1408 5644 1570 5702; x_wconf 80' lang='lat' dir='ltr'><strong>unum</strong></span> <span class='ocrx_word' id='word_1_757' title='bbox 1610 5626 1957 5702; x_wconf 27' lang='lat' dir='ltr'><strong>Co‘mbefisia-</strong></span> 
     </span>
    </p>
   </div>
   <div class='ocr_carea' id='block_1_101' title="bbox 377 5694 1954 5767">
    <p class='ocr_par' dir='ltr' id='par_1_101' title="bbox 377 5694 1954 5767">
     <span class='ocr_line' id='line_1_101' title="bbox 377 5694 1954 5767; baseline -0.006 -9"><span class='ocrx_word' id='word_1_758' title='bbox 377 5694 676 5762; x_wconf 59' lang='lat' dir='ltr'><strong>nutusus</strong></span> <span class='ocrx_word' id='word_1_759' title='bbox 713 5694 882 5765; x_wconf 70' lang='grc' dir='ltr'>ὅντως</span> <span class='ocrx_word' id='word_1_760' title='bbox 909 5704 960 5756; x_wconf 90' lang='lat' dir='ltr'><strong>in</strong></span> <span class='ocrx_word' id='word_1_761' title='bbox 989 5701 1146 5758; x_wconf 79' lang='lat' dir='ltr'><strong>editis</strong></span> <span class='ocrx_word' id='word_1_762' title='bbox 1169 5694 1374 5758; x_wconf 74' lang='lat' dir='ltr'><strong>deerat.</strong></span> <span class='ocrx_word' id='word_1_763' title='bbox 1410 5700 1602 5756; x_wconf 88' lang='lat' dir='ltr'><strong>Statim</strong></span> <span class='ocrx_word' id='word_1_764' title='bbox 1635 5699 1785 5766; x_wconf 86' lang='lat' dir='ltr'><strong>editi,</strong></span> <span class='ocrx_word' id='word_1_765' title='bbox 1819 5694 1954 5767; x_wconf 74' lang='grc' dir='ltr'>ψεῦ-</span> 
     </span>
    </p>
   </div>
   <div class='ocr_carea' id='block_1_102' title="bbox 2039 4331 3642 4405">
    <p class='ocr_par' dir='ltr' id='par_1_102' title="bbox 2039 4331 3642 4405">
     <span class='ocr_line' id='line_1_102' title="bbox 2039 4331 3642 4405; baseline -0.001 -17"><span class='ocrx_word' id='word_1_766' title='bbox 2039 4336 2430 4405; x_wconf 78' lang='grc' dir='ltr'>,βδελύγματα</span> <span class='ocrx_word' id='word_1_767' title='bbox 2463 4335 2648 4391; x_wconf 86' lang='grc' dir='ltr'>αὐτοῦ</span> <span class='ocrx_word' id='word_1_768' title='bbox 2679 4337 2750 4396; x_wconf 82' lang='grc' dir='ltr'>τὰ</span> <span class='ocrx_word' id='word_1_769' title='bbox 2784 4333 3011 4404; x_wconf 72' lang='grc' dir='ltr'>ἀργυρᾶ</span> <span class='ocrx_word' id='word_1_770' title='bbox 3067 4334 3165 4388; x_wconf 78' lang='grc' dir='ltr'>καὶ</span> <span class='ocrx_word' id='word_1_771' title='bbox 3212 4333 3285 4388; x_wconf 80' lang='grc' dir='ltr'>τὰ</span> <span class='ocrx_word' id='word_1_772' title='bbox 3333 4331 3558 4402; x_wconf 81' lang='grc' dir='ltr'>χρυσᾶ,</span> <span class='ocrx_word' id='word_1_773' title='bbox 3600 4332 3642 4386; x_wconf 79' lang='grc' dir='ltr'>ἁ</span> 
     </span>
    </p>
   </div>
   <div class='ocr_carea' id='block_1_103' title="bbox 2044 4424 3642 4506">
    <p class='ocr_par' dir='ltr' id='par_1_103' title="bbox 2044 4424 3642 4506">
     <span class='ocr_line' id='line_1_103' title="bbox 2044 4424 3642 4506; baseline -0.001 -26"><span class='ocrx_word' id='word_1_774' title='bbox 2044 4428 2342 4495; x_wconf 83' lang='grc' dir='ltr'>ἐποίησαν</span> <span class='ocrx_word' id='word_1_775' title='bbox 2371 4428 2742 4500; x_wconf 79' lang='grc' dir='ltr'>προσκυνεῖν</span> <span class='ocrx_word' id='word_1_776' title='bbox 2764 4428 2888 4506; x_wconf 78' lang='grc' dir='ltr'>τοῖς</span> <span class='ocrx_word' id='word_1_777' title='bbox 2902 4428 3178 4497; x_wconf 78' lang='grc' dir='ltr'>ματαίοις</span> <span class='ocrx_word' id='word_1_778' title='bbox 3199 4465 3215 4490; x_wconf 94' lang='grc'><strong>,</strong></span> <span class='ocrx_word' id='word_1_779' title='bbox 3259 4425 3356 4478; x_wconf 82' lang='grc' dir='ltr'>καὶ</span> <span class='ocrx_word' id='word_1_780' title='bbox 3383 4424 3512 4490; x_wconf 85' lang='grc' dir='ltr'>ταῖς</span> <span class='ocrx_word' id='word_1_781' title='bbox 3528 4442 3642 4478; x_wconf 76' lang='grc' dir='ltr'><strong>νυ-</strong></span> 
     </span>
    </p>
   </div>
   <div class='ocr_carea' id='block_1_104' title="bbox 2047 4513 3638 4588">
    <p class='ocr_par' dir='ltr' id='par_1_104' title="bbox 2047 4513 3638 4588">
     <span class='ocr_line' id='line_1_104' title="bbox 2047 4513 3638 4588; baseline -0.003 -17"><span class='ocrx_word' id='word_1_782' title='bbox 2047 4520 2280 4586; x_wconf 81' lang='grc' dir='ltr'>κτερίσι</span> <span class='ocrx_word' id='word_1_783' title='bbox 2300 4535 2312 4549; x_wconf 90' lang='grc'>·</span> <span class='ocrx_word' id='word_1_784' title='bbox 2342 4519 2447 4573; x_wconf 86' lang='grc' dir='ltr'><strong>τοῦ</strong></span> <span class='ocrx_word' id='word_1_785' title='bbox 2485 4519 2785 4575; x_wconf 70' lang='grc' dir='ltr'>εἰσελθεῖν</span> <span class='ocrx_word' id='word_1_786' title='bbox 2811 4522 2898 4586; x_wconf 79' lang='grc' dir='ltr'>εἰς</span> <span class='ocrx_word' id='word_1_787' title='bbox 2937 4521 3043 4585; x_wconf 84' lang='grc' dir='ltr'>τὰς</span> <span class='ocrx_word' id='word_1_788' title='bbox 3070 4518 3338 4588; x_wconf 80' lang='grc' dir='ltr'>τρώγλας</span> <span class='ocrx_word' id='word_1_789' title='bbox 3367 4513 3474 4583; x_wconf 80' lang='grc' dir='ltr'>τῆς</span> <span class='ocrx_word' id='word_1_790' title='bbox 3494 4531 3638 4568; x_wconf 88' lang='grc' dir='ltr'>στε-</span> 
     </span>
    </p>
   </div>
   <div class='ocr_carea' id='block_1_105' title="bbox 2039 4603 3637 4680">
    <p class='ocr_par' dir='ltr' id='par_1_105' title="bbox 2039 4603 3637 4680">
     <span class='ocr_line' id='line_1_105' title="bbox 2039 4603 3637 4680; baseline -0.004 -18"><span class='ocrx_word' id='word_1_791' title='bbox 2039 4607 2190 4676; x_wconf 80' lang='grc' dir='ltr'>ρεᾶς</span> <span class='ocrx_word' id='word_1_792' title='bbox 2219 4608 2458 4677; x_wconf 81' lang='grc' dir='ltr'>πέτρας,</span> <span class='ocrx_word' id='word_1_793' title='bbox 2495 4609 2594 4664; x_wconf 77' lang='grc' dir='ltr'><strong>καί</strong></span> <span class='ocrx_word' id='word_1_794' title='bbox 2629 4612 2715 4675; x_wconf 79' lang='grc' dir='ltr'>εις</span> <span class='ocrx_word' id='word_1_795' title='bbox 2753 4610 2858 4675; x_wconf 82' lang='grc' dir='ltr'>τὰς</span> <span class='ocrx_word' id='word_1_796' title='bbox 2905 4609 3172 4680; x_wconf 77' lang='grc' dir='ltr'>σχισμὰς</span> <span class='ocrx_word' id='word_1_797' title='bbox 3217 4607 3336 4661; x_wconf 83' lang='grc' dir='ltr'><strong>τῶν</strong></span> <span class='ocrx_word' id='word_1_798' title='bbox 3379 4603 3637 4672; x_wconf 77' lang='grc' dir='ltr'>πετρῶν,</span> 
     </span>
    </p>
   </div>
   <div class='ocr_carea' id='block_1_106' title="bbox 2049 4685 3641 4770">
    <p class='ocr_par' dir='ltr' id='par_1_106' title="bbox 2049 4685 3641 4770">
     <span class='ocr_line' id='line_1_106' title="bbox 2049 4685 3641 4770; baseline -0.004 -18"><span class='ocrx_word' id='word_1_799' title='bbox 2049 4697 2167 4752; x_wconf 76' lang='grc' dir='ltr'>ἀπὸ</span> <span class='ocrx_word' id='word_1_800' title='bbox 2201 4699 2524 4766; x_wconf 68' lang='grc' dir='ltr'>προσώπου</span> <span class='ocrx_word' id='word_1_801' title='bbox 2575 4699 2680 4752; x_wconf 86' lang='grc' dir='ltr'><strong>τοῦ</strong></span> <span class='ocrx_word' id='word_1_802' title='bbox 2713 4701 2902 4768; x_wconf 63' lang='grc' dir='ltr'>φόϐου</span> <span class='ocrx_word' id='word_1_803' title='bbox 2945 4685 3191 4770; x_wconf 77' lang='grc' dir='ltr'>υρίου,</span> <span class='ocrx_word' id='word_1_804' title='bbox 3225 4695 3324 4749; x_wconf 77' lang='grc' dir='ltr'>καὶ</span> <span class='ocrx_word' id='word_1_805' title='bbox 3372 4693 3490 4749; x_wconf 75' lang='grc' dir='ltr'>ἀπὸ</span> <span class='ocrx_word' id='word_1_806' title='bbox 3524 4693 3641 4762; x_wconf 79' lang='grc' dir='ltr'>τῆς</span> 
     </span>
    </p>
   </div>
   <div class='ocr_carea' id='block_1_107' title="bbox 2063 5072 2959 5144">
    <p class='ocr_par' dir='ltr' id='par_1_107' title="bbox 2063 5072 2959 5144">
     <span class='ocr_line' id='line_1_107' title="bbox 2063 5072 2959 5144; baseline -0.002 -18"><span class='ocrx_word' id='word_1_807' title='bbox 2063 5074 2168 5136; x_wconf 87' lang='grc' dir='ltr'>ὃος.</span> <span class='ocrx_word' id='word_1_808' title='bbox 2196 5073 2266 5129; x_wconf 83' lang='lat' dir='ltr'><strong>At</strong></span> <span class='ocrx_word' id='word_1_809' title='bbox 2288 5074 2520 5144; x_wconf 87' lang='lat' dir='ltr'><strong>quinque</strong></span> <span class='ocrx_word' id='word_1_810' title='bbox 2547 5088 2701 5138; x_wconf 91' lang='lat' dir='ltr'><strong>mss.,</strong></span> <span class='ocrx_word' id='word_1_811' title='bbox 2731 5072 2959 5143; x_wconf 77' lang='grc' dir='ltr'>ψευδῶς.</span> 
     </span>
    </p>
   </div>
   <div class='ocr_carea' id='block_1_108' title="bbox 2135 5141 3634 5216">
    <p class='ocr_par' dir='ltr' id='par_1_108' title="bbox 2135 5141 3634 5216">
     <span class='ocr_line' id='line_1_108' title="bbox 2135 5141 3634 5216; baseline -0.001 -18"><span class='ocrx_word' id='word_1_812' title='bbox 2135 5144 2246 5216; x_wconf 69' lang='lat' dir='ltr'><strong>(4i)</strong></span> <span class='ocrx_word' id='word_1_813' title='bbox 2287 5141 2451 5208; x_wconf 65' lang='lat' dir='ltr'><strong>Editi,</strong></span> <span class='ocrx_word' id='word_1_814' title='bbox 2478 5141 2852 5216; x_wconf 47' lang='lat' dir='ltr'><strong>abvpig,g&#39;ravi</strong></span> <span class='ocrx_word' id='word_1_815' title='bbox 2879 5143 3088 5216; x_wconf 82' lang='lat' dir='ltr'><strong>mendo.</strong></span> <span class='ocrx_word' id='word_1_816' title='bbox 3115 5141 3181 5196; x_wconf 84' lang='lat' dir='ltr'><strong>At</strong></span> <span class='ocrx_word' id='word_1_817' title='bbox 3210 5143 3448 5216; x_wconf 87' lang='lat' dir='ltr'><strong>quinque</strong></span> <span class='ocrx_word' id='word_1_818' title='bbox 3474 5157 3634 5216; x_wconf 75' lang='lat' dir='ltr'><strong>mss.,</strong></span> 
     </span>
    </p>
   </div>
   <div class='ocr_carea' id='block_1_109' title="bbox 2063 5213 3640 5284">
    <p class='ocr_par' dir='ltr' id='par_1_109' title="bbox 2063 5213 3640 5284">
     <span class='ocr_line' id='line_1_109' title="bbox 2063 5213 3640 5284; baseline 0 -18"><span class='ocrx_word' id='word_1_819' title='bbox 2063 5213 2234 5276; x_wconf 67' lang='grc' dir='ltr'>αὑτά,</span> <span class='ocrx_word' id='word_1_820' title='bbox 2252 5213 2740 5284; x_wconf 15' lang='grc' dir='ltr'>εηιρηιίοιθ.ίῐ)ουιο</span> <span class='ocrx_word' id='word_1_821' title='bbox 2766 5222 2886 5281; x_wconf 90' lang='lat' dir='ltr'><strong>post</strong></span> <span class='ocrx_word' id='word_1_822' title='bbox 2907 5213 3143 5283; x_wconf 90' lang='lat' dir='ltr'><strong>quinque</strong></span> <span class='ocrx_word' id='word_1_823' title='bbox 3169 5229 3320 5279; x_wconf 91' lang='lat' dir='ltr'><strong>mss.,</strong></span> <span class='ocrx_word' id='word_1_824' title='bbox 3350 5213 3640 5284; x_wconf 83' lang='grc' dir='ltr'>ἐνεργείας</span> 
     </span>
    </p>
   </div>
   <div class='ocr_carea' id='block_1_110' title="bbox 2060 5283 2697 5352">
    <p class='ocr_par' dir='ltr' id='par_1_110' title="bbox 2060 5283 2697 5352">
     <span class='ocr_line' id='line_1_110' title="bbox 2060 5283 2697 5352; baseline 0.003 -14"><span class='ocrx_word' id='word_1_825' title='bbox 2060 5284 2252 5351; x_wconf 84' lang='grc' dir='ltr'>αὑτῆς.</span> <span class='ocrx_word' id='word_1_826' title='bbox 2285 5285 2445 5348; x_wconf 68' lang='grc' dir='ltr'><strong>Ειὲἱιί,</strong></span> <span class='ocrx_word' id='word_1_827' title='bbox 2475 5283 2697 5352; x_wconf 85' lang='grc' dir='ltr'>ταύτης.</span> 
     </span>
    </p>
   </div>
   <div class='ocr_carea' id='block_1_111' title="bbox 2139 5351 3639 5425">
    <p class='ocr_par' dir='ltr' id='par_1_111' title="bbox 2139 5351 3639 5425">
     <span class='ocr_line' id='line_1_111' title="bbox 2139 5351 3639 5425; baseline -0.003 -19"><span class='ocrx_word' id='word_1_828' title='bbox 2139 5355 2250 5425; x_wconf 70' lang='grc'>(42)</span> <span class='ocrx_word' id='word_1_829' title='bbox 2292 5355 2406 5410; x_wconf 79' lang='lat' dir='ltr'><strong>Vox</strong></span> <span class='ocrx_word' id='word_1_830' title='bbox 2452 5351 2689 5422; x_wconf 82' lang='grc' dir='ltr'>γίνονται</span> <span class='ocrx_word' id='word_1_831' title='bbox 2727 5354 2778 5406; x_wconf 93' lang='lat' dir='ltr'><strong>in</strong></span> <span class='ocrx_word' id='word_1_832' title='bbox 2825 5353 3022 5425; x_wconf 64' lang='lat' dir='ltr'><strong>nostris</strong></span> <span class='ocrx_word' id='word_1_833' title='bbox 3065 5367 3162 5425; x_wconf 61' lang='lat' dir='ltr'><strong>ses</strong></span> <span class='ocrx_word' id='word_1_834' title='bbox 3197 5367 3325 5406; x_wconf 88' lang='lat' dir='ltr'><strong>mss.</strong></span> <span class='ocrx_word' id='word_1_835' title='bbox 3346 5351 3639 5425; x_wconf 68' lang='lat' dir='ltr'><strong>_tlesitler:i-</strong></span> 
     </span>
    </p>
   </div>
   <div class='ocr_carea' id='block_1_112' title="bbox 2067 5417 3635 5493">
    <p class='ocr_par' dir='ltr' id='par_1_112' title="bbox 2067 5417 3635 5493">
     <span class='ocr_line' id='line_1_112' title="bbox 2067 5417 3635 5493; baseline -0.001 -16"><span class='ocrx_word' id='word_1_836' title='bbox 2067 5417 2155 5478; x_wconf 82' lang='lat' dir='ltr'><strong>tur</strong></span> <span class='ocrx_word' id='word_1_837' title='bbox 2183 5442 2195 5475; x_wconf 93' lang='lat'><strong>:</strong></span> <span class='ocrx_word' id='word_1_838' title='bbox 2222 5417 2448 5493; x_wconf 81' lang='lat' dir='ltr'><strong>quorum</strong></span> <span class='ocrx_word' id='word_1_839' title='bbox 2464 5417 2524 5478; x_wconf 78' lang='lat' dir='ltr'><strong>in</strong></span> <span class='ocrx_word' id='word_1_840' title='bbox 2567 5424 2736 5478; x_wconf 91' lang='lat' dir='ltr'><strong>tribus</strong></span> <span class='ocrx_word' id='word_1_841' title='bbox 2766 5438 2861 5490; x_wconf 84' lang='lat' dir='ltr'><strong>pro</strong></span> <span class='ocrx_word' id='word_1_842' title='bbox 2887 5417 3029 5475; x_wconf 77' lang='grc' dir='ltr'>οὗτοι</span> <span class='ocrx_word' id='word_1_843' title='bbox 3067 5423 3276 5493; x_wconf 75' lang='lat' dir='ltr'><strong>legitur,</strong></span> <span class='ocrx_word' id='word_1_844' title='bbox 3299 5420 3472 5476; x_wconf 80' lang='grc' dir='ltr'>αὐτοί.</span> <span class='ocrx_word' id='word_1_845' title='bbox 3504 5423 3635 5475; x_wconf 87' lang='lat' dir='ltr'><strong>Sta-</strong></span> 
     </span>
    </p>
   </div>
   <div class='ocr_carea' id='block_1_113' title="bbox 2067 5492 3637 5562">
    <p class='ocr_par' dir='ltr' id='par_1_113' title="bbox 2067 5492 3637 5562">
     <span class='ocr_line' id='line_1_113' title="bbox 2067 5492 3637 5562; baseline -0.001 -15"><span class='ocrx_word' id='word_1_846' title='bbox 2067 5496 2160 5547; x_wconf 93' lang='lat' dir='ltr'><strong>tim</strong></span> <span class='ocrx_word' id='word_1_847' title='bbox 2200 5492 2328 5548; x_wconf 91' lang='lat' dir='ltr'><strong>editi</strong></span> <span class='ocrx_word' id='word_1_848' title='bbox 2382 5503 2436 5549; x_wconf 87' lang='lat' dir='ltr'><strong>et</strong></span> <span class='ocrx_word' id='word_1_849' title='bbox 2489 5504 2598 5548; x_wconf 87' lang='lat' dir='ltr'><strong>tres</strong></span> <span class='ocrx_word' id='word_1_850' title='bbox 2649 5507 2804 5558; x_wconf 92' lang='lat' dir='ltr'><strong>mss.,</strong></span> <span class='ocrx_word' id='word_1_851' title='bbox 2855 5495 2962 5555; x_wconf 81' lang='grc' dir='ltr'><strong>πᾶς</strong></span> <span class='ocrx_word' id='word_1_852' title='bbox 3005 5492 3322 5562; x_wconf 85' lang='grc' dir='ltr'>ἄνθρωπος’</span> <span class='ocrx_word' id='word_1_853' title='bbox 3385 5493 3477 5546; x_wconf 87' lang='lat' dir='ltr'><strong>sed</strong></span> <span class='ocrx_word' id='word_1_854' title='bbox 3530 5507 3637 5546; x_wconf 81' lang='lat' dir='ltr'><strong>vo:</strong></span> 
     </span>
    </p>
   </div>
   <div class='ocr_carea' id='block_1_114' title="bbox 2062 5564 3636 5688">
    <p class='ocr_par' dir='ltr' id='par_1_114' title="bbox 2062 5564 3636 5688">
     <span class='ocr_line' id='line_1_114' title="bbox 2062 5564 3636 5688; baseline -0.001 -71"><span class='ocrx_word' id='word_1_855' title='bbox 2245 5565 2297 5620; x_wconf 90' lang='lat' dir='ltr'><strong>in</strong></span> <span class='ocrx_word' id='word_1_856' title='bbox 2326 5565 2444 5621; x_wconf 91' lang='lat' dir='ltr'><strong>aliis</strong></span> <span class='ocrx_word' id='word_1_857' title='bbox 2476 5564 2646 5621; x_wconf 90' lang='lat' dir='ltr'><strong>tribus</strong></span> <span class='ocrx_word' id='word_1_858' title='bbox 2683 5579 2812 5620; x_wconf 92' lang='lat' dir='ltr'><strong>mss.</strong></span> <span class='ocrx_word' id='word_1_859' title='bbox 2840 5579 2944 5620; x_wconf 92' lang='lat' dir='ltr'><strong>non</strong></span> <span class='ocrx_word' id='word_1_860' title='bbox 2970 5564 3261 5628; x_wconf 87' lang='lat' dir='ltr'><strong>invenitur,</strong></span> <span class='ocrx_word' id='word_1_861' title='bbox 3292 5576 3466 5634; x_wconf 85' lang='lat' dir='ltr'><strong>neque</strong></span> <span class='ocrx_word' id='word_1_862' title='bbox 3493 5565 3636 5634; x_wconf 85' lang='lat' dir='ltr'><strong>apud</strong></span> 
     </span>
    </p>
   </div>
  </div>
