3828 6216
195 317 302 372 277

1089 315 1446 372 COMMENT.
1488 316 1559 372 IN
1599 314 1834 371 ISAIAM
1874 312 2318 372 PROPHETAM.
2358 311 2513 369 CAP.
2551 309 2616 367 ll.

3362 311 3489 383 273,

197 432 385 501 δόξης
406 431 521 500 τῆς
565 430 781 501 ἰσχύος
816 433 1025 500 αὑτοῦ,
1057 432 1205 488 ὅταν
1242 433 1482 504 ἀναστῇ
1533 433 1789 504 θραῦσαι

1893 434 2034 489 idola
2087 435 2357 490 indicabat
2410 433 2663 503 superior
2708 430 3001 498 sententia,
3035 444 3189 495 nunc,
3223 444 3357 502 vero
3402 445 3468 484 ea

198 525 317 594 τὴν
346 524 484 596 γῆν.
528 525 617 579 Ἐν
648 529 763 589 τοῖς
796 526 1029 580 κατόπιν
1061 526 1242 597 λόγοις
1290 527 1781 600 κατακρύπτεσθαι

198 619 420 686 ἐλέγετο
442 617 515 672 τά
550 616 768 681 εἴδωλα,
801 618 897 673 νῦν
938 618 995 671 δὲ
1026 619 1383 674 ἐκϐάλλεσθαι
1403 637 1417 651 ·
1450 619 1585 673 διότι
1626 621 1786 684 ἐπαι-

200 710 502 782 ηυνθῆναι
546 710 811 782 πρότερον
842 711 924 765 δεῖ
953 710 1032 783 τῷ
1059 712 1245 782 ψεύδει
1276 712 1413 783 (45),
1440 707 1559 766 εἶτα
1589 711 1791 772 ὲκὸάλτ

197 804 315 855 λειν
352 802 488 857 αὐτὸ
526 804 592 856 ὲκ
629 802 728 873 τῆς
763 803 1013 875 καρδίας.
1057 804 1341 869 Ἐκὸἀλλει
1380 800 1473 879 οὖν
1503 805 1571 858 τὰ
1595 804 1789 878 εἴδωλα

198 893 270 947 τὰ
297 894 521 966 ἀργυρᾶ
538 895 568 948 ὁ
596 895 725 957 τοὺς
753 894 813 947 ὲν
845 895 993 971 πάσῃ
1015 896 1791 973 πιθανότητιηκατασκευάζοντ

198 1005 300 1052 τας
340 987 403 1042 τὸ
436 986 634 1057 ψεῦδος
675 986 869 1055 λόγους
904 972 1014 1041 τῶν
1059 988 1319 1061 κρυπτῶν
1371 989 1567 1043 ἑαυτοῦ
1615 988 1791 1062 ἐξορί-

200 1074 345 1141 ζωνο
379 1078 476 1132 καὶ
522 1076 592 1130 τὰ
645 1077 843 1147 χρυσᾶ,
869 1078 899 1129 ὁ
926 1076 1054 1141 τοὺς
1087 1079 1146 1130 ὲν
1182 1080 1248 1149 τῇ
1294 1077 1504 1150 διανοίᾳ
1536 1078 1667 1150 περ).
1689 1076 1786 1131 τοῦ

197 1168 434 1238 ψεύδους
461 1169 851 1239 ὲγγινομὲνους
881 1167 992 1239 (44)
1019 1168 1226 1234 τύπους
1258 1168 1619 1237 ὲξατανίζων.
1654 1171 1788 1234 Ταῖς

199 1263 259 1315 δὲ
286 1263 567 1334 νυκτερίσι
593 1265 892 1336 προσκυνεῖ
919 1263 947 1314 ὁ
971 1260 1070 1334 τὴν
1097 1260 1208 1325 τῶν
1251 1261 1521 1331 δαιμόνων
1559 1260 1788 1333 δύναμιν

202 1353 446 1426 συγγενῆ
471 1349 637 1431 οὖσαν
663 1352 742 1427 τῷ
771 1353 952 1408 σκότει
978 1352 1260 1407 θεοποιῶν.
1307 1353 1370 1409 Ἡ
1398 1354 1507 1426 γὰρ
1535 1354 1788 1426 νυκτερὶς

201 1446 345 1511 ζῶόν
358 1449 475 1519 ἐστι
496 1446 653 1521 νυκτὶ
668 1444 819 1514 φίλον
833 1446 928 1498 καὶ
948 1445 1128 1499 σκότει
1150 1445 1587 1519 ἐνδιαιτώμενον,
1612 1446 1788 1517 αὐγὴν

198 1537 359 1613 ⁴ἡλίου
406 1536 483 1615 μὴ
533 1537 720 1607 φέρον,
752 1537 811 1589 ὲν
854 1536 1113 1609 ἐρημίαις
1157 1537 1513 1608 φιλοχωροῦν.
1546 1539 1610 1592 Τί
1640 1538 1697 1591 δὲ
1736 1540 1787 1591 οί

198 1627 490 1699 δαίμονες;
514 1629 595 1711 .οΰ
628 1626 857 1682 τοιοῦτοι
878 1630 1262 1705 ςλὲρημοποιοὶ,
1295 1631 1357 1685 τὸ
1388 1631 1503 1701 φῶς
1546 1630 1789 1711 ἀποφεύ-

200 1735 393 1785 γοντες
439 1706 519 1771 τᾶ
550 1716 825 1789 ἀληθινὸν,
863 1717 925 1771 τὸ
948 1718 1041 1772 τοῦ
1067 1719 1275 1789 κόσμου
1318 1721 1554 1785 παντός;
1601 1721 1667 1773 Ἦ
1692 1706 1786 1782 νυ-

200 1809 392 1879 κτερὶς
418 1807 515 1861 καὶ
551 1808 753 1878 πτηνόν
803 1811 940 1873 ἐστι,
985 1810 1079 1862 καὶ
1130 1811 1231 1863 οὐκ
1286 1810 1617 1883 ἐπτέρωται,
1664 1810 1783 1864 ἀλλ’

200 1899 366 1969 ὑμένι
402 1899 652 1971 σαρκίνῳ
678 1900 998 1954 διαπέταται
1025 1902 1117 1955 τὸν
1154 1903 1309 1974 ἀέρα.
1352 1901 1595 1970 Τοιοῦτοι
1616 1904 1711 1965 καὶ
1734 1905 1783 1957 οἱ

188 1987 477 2059 δαίμονες,
512 1988 794 2061 ἀσώματοι
828 1991 927 2062 μέν
959 1991 1071 2062 (45)
1111 1995 1269 2057 είσιν,
1305 1994 1405 2046 οὐκ
1446 1994 1784 2065 ὲπτέρωνται

201 2079 260 2159 δε
290 2078 371 2150 τῷ
405 2078 533 2157 θείῳ
574 2079 745 2151 πόθῳ,
778 2080 892 2134 ἀλλ’
923 2082 1087 2135 οίονεὶ
1135 2082 1630 2153 ἀπεσαρκωθησαν,
1662 2087 1785 2146 ταῖς

208 2170 333 2247 τῶν·
359 2171 559 2225 ὑλικῶν
590 2172 912 2242 ἐπιθυμίαις
938 2161 1391 2244 προστετηκότες.
1435 2174 1501 2227 Ἦ
1532 2177 1785 2246 νυκτερὶς

201 2264 300 2341 καὶ
326 2264 528 2337 πτηνόν
556 2266 671 2317 ἐστι
698 2264 793 2317 καὶ
820 2265 1146 2337 τετράπουν,
1173 2265 1288 2329 ἀλλ’
1308 2263 1433 2319 οὗτε
1478 2268 1593 2330 τοῖς
1628 2268 1785 2321 ποσὶν

198 2354 465 2434 ἀσφαλῶς
501 2356 843 2427 ἐστήρικται,
873 2356 998 2410 οὔτε
1030 2356 1132 2427 τὴν
1154 2357 1354 2428 πτῆσιν
1397 2356 1621 2427 βεϐαίαν
1648 2359 1781 2430 ἔχει.

205 2446 450 2523 Γοιοῦτοι
470 2446 527 2501 δὲ
559 2448 656 2501 καὶ
682 2449 731 2501 oi
763 2447 1038 2521 δαίμονες,
1071 2447 1195 2502 οὔτε
1223 2448 1444 2518 ἄγγελοί
1477 2452 1632 2516 εἰσιν,
1659 2450 1784 2505 οὔτε

198 2539 298 2596 ἀνθ
307 2556 478 2612 ρωποι
496 2555 512 2571 ο
529 2538 637 2599 τῶν
659 2541 758 2611 μὲν
771 2541 871 2612 τὴν
894 2540 1051 2606 ἀξίαν
1074 2540 1458 2607 ἀπολέσαντες,
1481 2542 1591 2597 τῶν
1613 2543 1784 2616 δὲτὴν

196 2633 367 2705 φύσιν
398 2631 474 2704 μὴ
490 2631 706 2702 ἔχοντες
728 2632 861 2704 (46).
880 2633 991 2687 Καὶ
1019 2632 1237 2697 ὀδόντας
1259 2632 1498 2704 ἔχουσιν,
1525 2636 1665 2708 ὅπερ
1683 2637 1784 2691 οὐκ

195 2723 419 2802 ἔχουσιν
441 2723 657 2796 δρνιθες
673 2741 688 2755 ο
708 2726 997 2796 ἀμυντικοὶ
1018 2724 1077 2778 δὲ
1094 2725 1188 2780 καὶ
1203 2726 1541 2798 οἰδαίμονες,
1555 2728 1693 2801 ὅπερ
1721 2730 1781 2783 οὐ

194 2815 450 2871 ποιοῦσιν
477 2817 717 2886 ἄγγελοι.
759 2817 920 2872 Ἀλλὰ
937 2818 1032 2872 καὶ
1049 2819 1151 2874 οὐκ
1174 2818 1498 2875 ὠοτοκοῦσιν
1519 2821 1709 2894 ὥσπερ
1733 2823 1783 2876 οἱ

194 2903 437 2975 ῠρνιθες,
471 2904 586 2959 ἀλλ’
608 2905 770 2971 εὐθὺς
794 2905 908 2972 ζῶα
931 2907 1194 2962 τίκτουσι.
1218 2908 1460 2963 Τοιοῦτοι
1512 2911 1570 2964 δὲ
1612 2914 1708 2966 καὶ
1733 2913 1783 2966 οἱ

193 2993 479 3064 δαίμονες,
512 2994 674 3060 εὐθὺς
699 2996 795 3050 καὶ
821 2997 918 3050 σὺν
942 2996 1125 3070 πολλῷ
1164 2996 1242 3069 τῷ
1287 2998 1442 3069 τάχει
1480 3000 1786 3073 τελεσιουρ-

192 3084 426 3155 γοῦντες
446 3085 546 3157 τὴν
574 3087 862 3160 πονηρίαν.
901 3089 1063 3141 Ὥστε
1093 3090 1142 3143 οἱ
1168 3089 1386 3160 δαίμοσι
1413 3092 1782 3163 προσκυνοῦν-
1810 3118 1852 3175 c

191 3194 314 3241 τες,
335 3178 618 3250 νυκτερίσι
657 3178 937 3249 τροπικῶς
968 3181 1216 3253 εἴρηνται
1243 3185 1589 3252 προσκυνεῖν.
1613 3183 1782 3237 Ὅταν

190 3271 257 3339 δέ
301 3288 390 3334 τις
439 3270 711 3342 ἀποθῆται
748 3270 847 3342 τὴν
889 3272 1227 3343 ματαιότητα
1252 3271 1363 3326 τῶν
1406 3272 1661 3338 εἰδώλων,
1689 3275 1784 3328 καὶ

192 3361 485 3434 παύσηται
534 3366 862 3434 προσκυνεῖν
905 3365 1026 3427 ταῖς
1067 3363 1367 3436 νυκτερίσι,
1393 3364 1512 3418 τότε
1558 3365 1783 3435 ζητήσει

193 3453 466 3534 είσελθεῖν
493 3457 575 3518 είς
605 3453 707 3519 τὰς
734 3453 986 3526 τρώγλας
1028 3454 1129 3524 τῆς
1155 3456 1382 3526 στερεᾶς
1421 3455 1647 3526 πέτρας,
1688 3457 1783 3511 καὶ

194 3548 281 3610 είς
322 3545 425 3609 τὰς
449 3546 689 3617 σχισμάς
718 3546 829 3600 τῶν
855 3547 1092 3619 πετρῶν.
1129 3541 1319 3617 Οῖμαι,
1347 3547 1431 3601 ὅτι
1451 3547 1693 3618 τρῶγλαι
1723 3549 1781 3601 αί

196 3638 396 3717 πολλαὶ
419 3639 599 3711 μοναὶ,
630 3638 686 3691 αἳ
713 3637 856 3693 κατά
880 3639 979 3711 τὴν
1006 3638 1295 3706 ἀναλογίαν
1321 3639 1422 3710 τῆς
1443 3642 1523 3703 είς
1548 3639 1782 3711 Χριστὸν

194 3730 443 3794 πίστεως
490 3730 707 3801 ἑκάστῳ
763 3729 1203 3803 διῄρηντανκαὶ
1262 3731 1494 3802 σχισμαὶ
1547 3731 1659 3802 (47)
1695 3749 1784 3786 πε-

192 3818 369 3891 τρῶν,
398 3820 461 3873 τὸ
487 3819 657 3883 πάθος
688 3820 807 3873 ἐστὶ
844 3820 937 3874 τοῦ
972 3821 1228 3898 σώματος
1274 3820 1440 3876 αὐτοῦ
1460 3838 1475 3852 ο
1506 3814 1552 3890 ᾧ
1579 3825 1629 3876 oi
1671 3840 1780 3877 σω-

194 3905 422 3975 ζόμενοι
455 3910 792 3977 προσφυγεῖν
820 3909 916 3962 καὶ
946 3907 1474 3982 ἐγκατακρυφθῆναι
1522 3910 1689 3965 αὐτοῦ
1710 3914 1777 3984 τῇ

416 3992 684 4071 εὖχονται.

267 4276 362 4335 98.
378 4277 706 4332 Παύσασθε
720 4275 838 4331 ἀπὸ
854 4277 1190 4346 ἀνθρώπου,
1212 4272 1261 4345 ᾧ
1278 4278 1555 4348 ἀναπνοὴ
1573 4268 1643 4333 ἐν
1667 4278 1775 4353 (48)

1890 523 2013 595 ejici
2065 525 2345 580 dicuntur.
2394 523 2531 592 Nam
2575 510 2739 594 prius.
2765 530 2980 592 oportet
3006 522 3077 579 ob
3125 521 3469 577 mendacium

1890 618 2095 694 pudore
2124 616 2292 683 allici,
2318 615 2514 671 deinde
2539 615 2599 681 id,
2625 629 2692 682 ex
2719 615 2885 669 corde
2912 612 3131 695 ejicere.
3160 608 3347 684 itaque
3376 613 3485 687 qui.

1888 724 1984 764 eos
2020 724 2301 765 sermones
2335 708 2628 782 eliminat,
2668 708 2759 777 qui
2794 708 2941 773 omni
2973 707 3472 778 verisimilitudinis

1889 814 2090 870 genere
2132 799 2473 868 mendacium
2519 797 2903 868 fallaciamque
2940 798 3393 871 concinnabat“,
3425 798 3471 852 is

1893 907 1961 948 ex
1990 890 2223 947 occultis
2255 891 2370 945 suis
2401 889 2770 960 penetralibus
2806 889 2945 943 idola
2984 899 3238 958 argentea
3273 889 3419 957 ejicit
3454 906 3468 943 :

1890 994 1948 1038 at
1979 998 2107 1040 vero
2135 982 2348 1052 ablegat
2380 997 2568 1048 aurea,
2605 982 2694 1050 qui
2736 981 2949 1050 species
2982 980 3250 1036 mendacii
3287 981 3471 1034 animo

1892 1076 2210 1131 informatas
2252 1074 2411 1128 delet.
2446 1076 2650 1129 Aderat
2682 1082 2862 1126 autem
2895 1071 3334 1141 vespertiliones,
3374 1072 3468 1140 qui

1889 1169 2193 1223 daemonum
2264 1174 2589 1233 potestatem
2641 1162 2804 1236 447
2848 1162 3086 1217 tenebris
3143 1161 3301 1231 plane
3370 1177 3469 1218 co-

1891 1269 2109 1329 gnatam
2142 1268 2196 1311 et
2230 1257 2444 1311 amnem
2474 1270 2573 1326 pro
2602 1255 2709 1309 Deo
2743 1256 2925 1310 habet.
2958 1253 3052 1307 Est
3077 1254 3220 1307 enim
3251 1268 3471 1323 vesper-

1892 1346 2006 1399 tilio
2028 1345 2229 1400 animal
2260 1345 2438 1400 noctis
2462 1359 2676 1408 amans,
2706 1358 2932 1398 versans
2964 1343 3016 1395 in
3049 1342 3307 1406 tenebris,
3340 1344 3470 1397 solis

1889 1438 2235 1507 splendorem
2281 1452 2389 1491 non
2434 1436 2636 1501 ferens,
2688 1436 2831 1490 etin
2863 1435 3097 1490 desertis
3147 1435 3280 1488 locis
3309 1436 3469 1504 perli-

1889 1528 2081 1583 benter
2107 1527 2436 1582 inhabitans.
2474 1527 2682 1599 Ecquid
2717 1537 2898 1580 autem
2931 1526 3246 1581 dmmones?
3272 1528 3467 1580 Annon

1890 1615 2157 1687 ejusmodi
2187 1617 2350 1673 sunt?
2379 1631 2561 1673 nonne
2599 1616 2872 1672 vastitatis
2902 1626 3031 1672 sunt
3057 1615 3320 1683 Opifices?
3342 1631 3467 1671 cum

1889 1729 2075 1768 veram
2104 1715 2270 1770 totius
2296 1714 2480 1769 mundi
2527 1713 2701 1769 lucem
2737 1712 3107 1769 aversentur?
3140 1713 3469 1784 Vespertilio

1887 1816 1970 1862 est
1994 1816 2044 1862 et
2074 1805 2331 1870 volucris,
2362 1820 2460 1861 nec
2492 1815 2671 1860 tamen
2701 1806 2894 1874 pennis
2920 1804 3187 1858 instructa
3220 1813 3338 1871 est,
3370 1806 3467 1861 sed

1888 1898 2206 1952 membrana
2237 1910 2436 1952 carnea
2465 1910 2562 1966 per
2590 1910 2772 1951 aerem
2806 1895 2973 1949 volat.
3024 1895 3301 1965 Ejusmodi
3339 1880 3468 1969 sunt

1887 1996 1941 2042 et
1970 1987 2274 2050 daemones,
2306 1984 2678 2055 incorporales
2712 1985 2929 2054 quidem
2953 2023 2968 2048 ,
3001 1985 3095 2039 sed
3126 1985 3293 2040 divini
3323 2000 3470 2039 amoq

1887 2081 1965 2136 ris
1991 2080 2188 2150 pennis
2221 2079 2595 2134 destituuntur
2623 2098 2636 2134 :
2676 2078 2786 2133 imo
2820 2091 3004 2132 rerum
3037 2077 3342 2132 carnalium
3373 2076 3470 2135 de.-

1887 2173 2105 2230 sideriis
2143 2171 2351 2237 dediti,
2407 2169 2575 2225 veluti
2621 2170 2804 2225 carnis
2850 2180 3100 2224 naturam
3151 2169 3464 2227 induerunt.

1891 2261 2214 2335 Vespertilio
2263 2270 2320 2317 et
2367 2259 2601 2316 volatilis
2643 2268 2736 2329 est.
2754 2270 2808 2315 et
2855 2259 3197 2329 quadrupes;
3241 2271 3344 2313 nec
3389 2267 3470 2313 ta-

1888 2371 2010 2412 men
2058 2354 2288 2426 pedibus
2324 2362 2443 2409 tuto
2490 2352 2734 2419 fulcitur,
2767 2366 2867 2429 nec
2899 2336 3058 2406 validi
3092 2362 3178 2407 est
3225 2351 3465 2408 volatus.

1886 2447 2165 2517 Ejusmodi
2196 2455 2376 2501 autem
2415 2452 2543 2500 sunt
2576 2452 2630 2499 et
2671 2444 2942 2499 daemones
2972 2458 2984 2491 :
3045 2457 3220 2512 neque
3248 2444 3466 2513 angeli,

1886 2558 2063 2612 neque
2096 2525 2346 2597 homines
2375 2547 2501 2595 sunt
2537 2556 2552 2593 :
2592 2537 2807 2592 illorum
2839 2536 3121 2606 siquidem.
3149 2536 3466 2607 dignitatem

1885 2635 2209 2700 amiserunt,
2239 2634 2436 2688 borum
2468 2645 2598 2705 vero
2628 2640 2822 2686 natura
2852 2644 2960 2685 non
2994 2629 3287 2684 donantur.
3325 2629 3467 2697 Quin

1885 2737 1942 2783 et
1968 2729 2159 2783 dentes
2181 2726 2385 2782 habent
2410 2723 2849 2800 vespertiliones,
2877 2737 3005 2778 aves
3027 2722 3145 2777 alia:
3169 2738 3275 2777 non
3299 2723 3465 2787 item;

1887 2823 2163 2875 daemones
2194 2819 2365 2887 etiam
2397 2816 2465 2871 ad
2494 2815 2794 2870 vindictam
2843 2820 2972 2867 sunt
3001 2813 3214 2882 parati;
3255 2811 3311 2867 id
3358 2829 3464 2870 non

1885 2909 2124 2965 emcinnt
2153 2906 2352 2976 angeli.
2397 2904 2824 2981 vespertiliones
2865 2902 3090 2970 insuper
3132 2901 3312 2955 avium
3356 2902 3473 2958 ritu

1885 3016 1988 3057 ova
2024 3015 2131 3055 non
2167 2999 2356 3062 edunt,
2391 2997 2485 3051 sed
2526 2995 2712 3050 statim
2741 2993 2961 3063 pariunt
2988 2992 3268 3047 animalia.
3305 2991 3468 3050 Tales

1886 3103 2015 3147 sunt
2055 3100 2110 3145 et
2140 3091 2452 3153 daemones;
2483 3095 2727 3141 actutum
2762 3094 2816 3140 et
2847 3099 2970 3139 cum
3009 3085 3241 3154 plurima
3268 3084 3467 3141 celeri-

1889 3193 2002 3240 tale
2045 3180 2340 3252 nequitiam
2391 3176 2700 3248 perﬁciunt.
2733 3177 2914 3242 Quare
2954 3175 3047 3244 qui
3079 3176 3313 3230 adorant
3342 3176 3467 3230 (ιω-

1886 3288 2106 3337 mones,
2137 3287 2235 3343 per
2283 3269 2654 3339 metaphoram
2696 3268 2828 3323 dicti
2874 3276 3003 3322 sunt
3048 3267 3466 3336 vespertillones

1883 3366 2165 3439 adorare:
2187 3363 2294 3438 Sed
2328 3361 2419 3416 ubi
2448 3360 2718 3430 quispiam
2760 3359 2975 3414 exuerit
3016 3357 3279 3415 idolorum
3310 3359 3459 3413 vani-

1872 3464 2073 3518 tatem,
2103 3463 2267 3524 atque
2299 3452 2717 3523 vespertiliones
2747 3451 2933 3505 colere
2971 3464 3037 3505 ac
3066 3450 3310 3504 venerari
3367 3450 3464 3504 de-

1882 3546 2058 3613 sierit,
2086 3536 2295 3600 tunc‘in
2327 3544 2590 3598 foramina
2620 3541 2808 3598 solidae
2840 3548 3008 3612 petra:
3035 3548 3090 3596 et
3117 3542 3167 3595 in
3198 3541 3470 3596 scissuras

1883 3649 2158 3709 petrarum
2212 3637 2418 3708 ingredi
2463 3634 2722 3691 studebit.
2757 3633 3069 3688 Mansiones
3111 3632 3313 3688 multas
3361 3648 3462 3704 per

1882 3714 2161 3803 petrarum
2212 3728 2478 3783 foramina
2521 3724 2793 3794 designari
2841 3724 3102 3788 arbitror,
3140 3739 3263 3795 quas
3309 3725 3462 3791 iuxta

1882 3821 2004 3889 ﬁdei
2035 3835 2155 3890 qua:
2193 3820 2246 3874 in
2270 3819 2544 3874 Christum
2585 3828 2669 3871 est
2699 3815 3003 3886 analogiam
3025 3856 3041 3880 ,
3076 3817 3307 3887 singulis
3349 3818 3462 3885 dis:
3569 3837 3571 3840 ‘

1884 3915 2196 3969 tribuuntur
2226 3930 2241 3967 :
2288 3919 2344 3964 at
2388 3926 2520 3965 vero
2552 3919 2831 3980 petrarum
2873 3909 3123 3966 scissum
3153 3911 3469 3980 passionem

1882 4011 2050 4079 ipsius
2077 4008 2322 4078 corporis
2345 4007 2631 4070 denOtant,
2664 4008 2730 4061 ad
2754 4021 2917 4077 quam
2950 4006 3042 4075 qui
3072 4005 3303 4062 salutem
3333 4017 3465 4063 sunt

1880 4101 2250 4164 consecuturi,
2278 4099 2602 4170 confugere,
2638 4114 2805 4169 seque
2850 4101 2949 4155 sub
2995 4098 3111 4167 ejus
3155 4108 3467 4171 tegnmeutq

1882 4193 2218 4250 abscondere
2247 4200 2528 4262 exoptant.

1953 4286 2043 4342 98.
2086 4285 2251 4341 Vsus.
2282 4283 2376 4360 εἳ.
2421 4282 2682 4349 Quieacite
2730 4284 2794 4336 ab
2824 4284 3034 4335 homine
3058 4322 3074 4346 ,
3125 4283 3211 4334 cui
3240 4281 3460 4349 spiratio

185 4369 459 4442 μυκτῆρι
490 4367 705 4423 αὑτοῦ·
739 4368 830 4422 ὅτι
855 4369 925 4423 ἐν
956 4370 1075 4425 τίνι
1110 4371 1398 4443 ἐλογίσθη
1433 4370 1778 4436 αὐτοῑς;Ἑν

1889 4380 1936 4432 in
1984 4393 2115 4432 nare
2160 4376 2320 4446 ejus:
2363 4376 2490 4445 quia
2518 4376 2572 4428 in
2615 4391 2718 4445 quo
2761 4384 3030 4443 reputatus
3072 4384 3148 4427 est
3199 4370 3373 4438 ipsis?
3401 4371 3457 4425 In

190 4466 311 4528 τοῖς
344 4462 702 4532 ἀντιγράφοις
730 4460 832 4531 τῆς
860 4466 1047 4533 κοινῆς
1075 4463 1341 4528 ἐκδόσεως
1360 4463 1424 4517 οὑ
1448 4466 1624 4518 κεῖται
1651 4462 1777 4517 reii-
1809 4520 1811 4525 γ

1889 4465 2282 4537 exemplaribus
2308 4463 2614 4520 communis
2637 4463 2894 4518 editionis
2925 4461 3148 4515 minime
3175 4475 3459 4530 apponun-

187 4580 278 4626 το,
310 4558 430 4614 ἀλλ’
454 4559 513 4610 ὲν
546 4554 625 4626 τῷ
660 4554 937 4626 Ἐϐραῖκῷ
968 4557 1242 4629 κείμενον,
1299 4560 1364 4611 ὲκ
1412 4557 1525 4611 τῶν
1572 4555 1775 4610 λοιπῶν

1889 4573 1970 4615 tur
2002 4562 2120 4633 haec
2153 4559 2314 4613 verba
2349 4575 2361 4610 :
2394 4556 2488 4611 sed
2515 4540 2646 4608 cum
2698 4554 2751 4607 in
2790 4551 3058 4607 Hebraico
3096 4553 3457 4620 reperiantur,

192 4646 597 4724 μετεκομίσθη.
633 4644 694 4701 '0
720 4645 777 4699 δὲ
796 4646 922 4711 νοῦς
952 4648 1189 4717 τοιοῦτός
1220 4650 1336 4719 ἐστι
1355 4665 1370 4680 ⁸
1397 4647 1660 4740 ⁴ιεείοάσθε
1684 4646 1776 4723 τοῦ

1889 4668 1951 4709 ex
1986 4651 2208 4722 reliquis
2238 4649 2623 4719 interpretibus
2654 4648 2761 4702 huc
2783 4645 3041 4701 translata
3072 4653 3219 4701 sunt.
3249 4645 3348 4701 Hic
3375 4656 3461 4701 est

187 4743 513 4817 ἀνθρώπου.
558 4742 954 4816 προσπαλαίειν
1000 4739 1149 4811 αὐτῷ
1175 4780 1191 4807 ,
1233 4740 1330 4795 καὶ
1387 4738 1782 4812 στρατεύεσθαι

1889 4755 2066 4811 autem
2102 4758 2296 4799 sensus
2323 4761 2338 4797 :
2362 4741 2563 4797 cavete
2583 4741 2649 4793 ab
2678 4740 2922 4804 homine,
2949 4752 3016 4792 ne
3045 4754 3167 4793 cum
3194 4752 3258 4793 eo
3286 4738 3462 4793 lucte-

188 4839 317 4891 κατ’
356 4835 545 4900 αὑτοῦ,
581 4837 641 4899 ὃς
676 4833 935 4904 τοιαύτης
983 4832 1099 4900 ἐστὶ
1127 4835 1474 4903 κατασκευῆς
1505 4830 1677 4897 οὕτως
1709 4832 1775 4885 ἀι

1889 4836 2039 4908 mini,
2086 4850 2154 4891 ne
2182 4835 2446 4890 adversus
2475 4847 2599 4888 eum
2637 4832 2834 4886 bellum
2882 4829 3162 4894 inferatis,
3197 4832 3287 4900 qui
3335 4831 3461 4883 talis

189 4926 442 4994 σθενοῦς,
468 4926 609 4981 ὥστε
638 4927 737 4999 τὴν
789 4924 1026 4996 ζωτικὴν
1082 4924 1357 4997 ἀναπνοὴν
1409 4923 1551 4994 ἔχειν
1596 4925 1654 4977 ὲν
1698 4922 1777 4996 τῷ

1889 4933 1965 4980 est
2010 4923 2415 4981 constitutionis
2454 4937 2630 4993 usque
2659 4922 2797 4977 adeo
2839 4921 3092 4990 infirmae,
3124 4922 3175 4976 ei
3217 4930 3273 4974 ut
3304 4922 3377 4975 sit
3406 4921 3458 4972 in

260 5185 381 5260 (45)
422 5184 499 5240 Ila
530 5199 624 5260 sex
653 5198 817 5260 mss._,
859 5198 960 5239 nec
999 5181 1165 5246 aliter.
1195 5182 1414 5251 scripsit
1458 5182 1768 5254 Procopius.

188 5254 333 5309 Editi
360 5254 515 5320 'vero,
549 5255 612 5308 τὸ
638 5254 853 5324 ψευδές.

259 5326 378 5395 (44)
416 5323 475 5395 in
504 5322 707 5395 aliquot
736 5340 866 5379 mss.
902 5322 1125 5395 legitur,
1150 5322 1558 5395 ἐγγενομένους.

189 5464 223 5519 Γ
260 5390 380 5468 (45)
420 5390 624 5450 Vocula
646 5394 755 5466 γάρ
783 5403 911 5448 ante
933 5392 1033 5464 μέν
1064 5390 1275 5448 additur
1303 5390 1360 5447 in
1392 5409 1522 5449 mss.
1546 5390 1774 5477 nonnul-

211 5480 277 5519 ts.

262 5532 381 5606 (46)
421 5533 661 5606 Uterque
702 5534 857 5606 Colb.
895 5542 951 5606 et
1004 5532 1135 5601 Reg.
1176 5533 1480 5606 secundus,
1531 5532 1767 5606 ἔχοντες,

188 5601 286 5659 καῖ
328 5601 588 5677 ἡμιόνοις
624 5602 1095 5677 παρεικάσθησαν,
1163 5601 1434 5677 Ειηιηιιίὶε
1467 5601 1769 5677 comparati

190 5671 484 5742 attnu'seu,
529 5671 726 5729 similes
748 5674 874 5741 lacti
907 5671 1038 5731 sunt
1071 5688 1104 5744 ε¹
1124 5674 1217 5726 sed
1244 5671 1351 5731 illa.
1397 5675 1491 5726 καὶ
1521 5671 1768 5744 ἡμιόνοις

1880 5183 2244 5237 additamenta
2285 5182 2651 5235 librariorum.

1951 5252 2061 5375 (4‘7)
2094 5253 2257 5319 Editi,
2325 5252 2553 5323 σχίσμα.
2609 5251 2680 5305 At
2746 5254 2912 5307 nostri
2969 5269 3062 5309 sex
3126 5266 3283 5317 mss,
3335 5270 3455 5325 σχι-

1951 5340 2033 5375 α.

1880 5339 2033 5377 σμαι.

1918 5340 2065 5476 Pal?)
2101 5390 2278 5476 Editio
2302 5389 2710 5476 nostra-Paris“
2742 5392 2929 5476 év‘sﬁf
2974 5393 3067 5449 sed
3096 5404 3453 5476 praeterquam

1877 5460 2254 5534 quod'nnllus
2308 5460 2570 5534 articulus
2617 5462 2667 5534 in
2714 5460 2919 5534 nostris
2974 5460 3109 5534 mss.
3163 5460 3453 5534 reperitur,

1876 5529 2082 5587 editum
2111 5540 2445 5600 oportuerat,
2492 5530 2572 5602 ὲν,
2597 5529 2696 5602 τῷ.
2732 5531 2855 5601 Hic.
2900 5533 3125 5590 ut.alibi
3171 5529 3274 5602 non
3310 5529 3451 5596 raro,

1877 5602 2117 5676 reperias
2152 5603 2302 5676 _scitu
2357 5603 2511 5670 digna
2562 5601 2797 5676 intretis
2825 5603 3272 5676 Duca‘itlbidenr
3300 5605 3454 5676 Regii

1876 5672 1952 5744 illi
1983 5685 2121 5742 quos
2152 5671 2376 5744 Ducarius
2411 5671 2638 5744 contulit
2675 5671 2818 5742 libri,
2849 5690 2971 5730 cum
3007 5675 3123 5731 aliis
3168 5677 3359 5744 tribus,
3383 5671 3454 5730 ’ὲν

193 5737 669 5821 metuebas”,
701 5737 832 5801 nihil
865 5760 984 5801 esse
1016 5737 1173 5799 nobis
1205 5744 1450 5798 videntur
1481 5737 1583 5799 nisi
1615 5758 1763 5799 mera

1889 5737 2017 5809 ιίνιξ
2042 5756 2139 5813 per
2175 5741 2671 5812 interrogationem.
