3828 6216
385 297 495 355 285

1379 308 1731 365 APPENDIX
1764 307 2049 366 OPERUM
2091 311 2149 368 S.
2192 312 2436 369 BASILII
2476 314 2714 371 MAGNI.

3534 318 3633 375 284

385 426 603 483 cunque
632 421 815 469 autem
847 415 1007 472 mina;
1038 418 1298 474 adversus
1342 418 1463 476 illos
1487 421 1557 477 ob
1587 438 1741 478 suam
1774 423 1826 477 in
1856 422 1950 477 Do‘

2064 441 2179 489 νοις
2197 425 2286 482 διὰ
2315 427 2414 500 τὴν
2437 429 2518 492 εἰς
2551 426 2642 483 τὸν
2681 427 2886 501 Κύριον
2924 429 3180 483 ἀπιστίαν
3216 430 3631 504 ἀπειληθέντων,

385 504 592 559 minum
641 506 1074 564 incredulitatem
1120 510 1397 566 intentata!
1439 522 1596 579 sum,
1644 515 1848 571 eaedem
1905 523 1963 571 et

385 596 541 650 nobis
568 634 584 660 ,
616 595 664 650 si
694 599 864 652 simus
894 599 1153 653 increduli
1179 640 1196 667 ,
1229 600 1440 658 intendi
1473 616 1716 674 possunt.
1758 606 1962 662 Desunt

385 685 653 754 siquidem
694 698 749 742 et
780 688 936 744 nobis
978 690 1267 747 bellatores
1291 732 1310 761 ,
1335 694 1447 762 qui,
1494 706 1711 765 arrepta
1747 696 1959 752 Domini

384 784 658 831 armatura
684 778 870 843 omni,
905 794 1026 835 sese
1057 779 1278 836 fortiter
1316 782 1515 839 diaboli
1563 785 1772 840 insidiis
1794 802 1962 856 oppo-

385 873 533 931 nant,
561 881 683 921 cum
713 868 1001 925 inﬁdelitas
1022 874 1357 941 oppresserit
1402 890 1524 942 nos,
1554 877 1834 947 simusque
1863 877 1959 931 ad-

381 959 642 1014 versariis
689 962 901 1017 traditi.
959 962 1064 1018 Sed
1124 965 1474 1022 Obsecremus
1526 968 1846 1032 Dominum,
1901 978 1959 1022 ut

385 1063 454 1103 ne
486 1065 516 1103 a
558 1051 714 1106 nobis
764 1053 985 1108 tollatur
1013 1054 1265 1119 bellator,
1304 1057 1389 1112 vir
1423 1058 1545 1114 ﬁdei
1594 1060 1762 1114 lorica
1808 1074 1958 1116 com-

380 1141 623 1198 munitus
656 1161 670 1197 ι
700 1144 895 1199 salutis
947 1144 1168 1203 indutus
1228 1148 1440 1219 galeam
1485 1151 1784 1221 praecipuas
1837 1167 1959 1206 cor-

381 1231 532 1298 poris
573 1232 742 1301 ipsius
781 1243 965 1303 parles
1000 1246 1269 1307 tegentem
1292 1280 1308 1304 ,
1342 1239 1496 1309 cujus
1521 1243 1684 1311 pedes
1731 1243 1783 1296 in
1820 1258 1959 1313 pra:-

381 1320 723 1387 parationem
749 1322 1026 1394 Evangelii
1064 1325 1211 1381 ﬁrmi
1240 1330 1350 1384 sint
1377 1332 1670 1387 etstabiles
1690 1334 1739 1365 ⁷⁵
1762 1350 1777 1387 :
1804 1332 1959 1402 cujus

379 1410 592 1479 gladius
632 1412 705 1467 sit
751 1414 1068 1482 districtus,
1122 1431 1177 1473 et
1223 1420 1290 1474 ad
1335 1421 1698 1477 ulciscendum
1740 1439 1956 1479 omnem

378 1501 802 1559 inobedientiam
854 1516 1078 1574 paratus
1104 1510 1195 1562 τες
1243 1520 1298 1565 et
1335 1526 1442 1566 uno
1485 1513 1680 1576 verbo,
1713 1514 1840 1582 qui,
1899 1523 1958 1570 ut

378 1590 553 1646 bonus
579 1591 781 1648 Christi
814 1595 969 1651 miles
994 1597 1064 1663 ⁷⁸,
1096 1595 1449 1655 afflictionum
1485 1600 1757 1671 Evangelii
1784 1603 1957 1671 parti-

377 1695 505 1750 ceps
530 1684 640 1749 sit,
671 1700 772 1741 nec
798 1687 921 1741 vitae
965 1690 1197 1758 negotiis
1229 1690 1559 1760 implicetur,
1592 1702 1651 1746 ut
1680 1693 1729 1747 ei
1761 1693 1853 1763 qui
1895 1708 1956 1750 se

375 1769 433 1824 in
461 1772 707 1828 militiam
739 1777 973 1847 delegit,
1009 1779 1241 1848 placeat.

450 1863 577 1922 i02.
623 1864 798 1922 Habet
833 1878 1015 1925 autem
1066 1870 1305 1926 Ecclesia
1330 1881 1384 1927 et
1411 1873 1624 1941 iudices
1648 1916 1665 1941 ,
1695 1878 1786 1946 qui
1822 1892 1948 1944 pos-

375 1953 486 2007 sint
512 1954 735 2012 fratrem
781 1958 937 2014 fratri
975 1962 1350 2028 reconciliare,
1385 1979 1415 2016 a
1454 1965 1952 2036 quibusjudicatur

373 2044 548 2116 550.
584 2056 643 2102 et
674 2051 946 2115 mundus;
997 2052 1088 2120 qui
1134 2053 1358 2121 angelos
1399 2055 1564 2113 etiam
1607 2054 1949 2124 iudicabunt.

377 2137 720 2208 Quapropter
750 2141 796 2197 si
824 2145 1039 2212 quando
1066 2144 1273 2210 fuerint
1297 2146 1640 2216 multiplicati
1674 2148 1950 2218 vaniloqui

372 2237 430 2285 et
454 2234 713 2290 mentium
740 2243 1091 2305 corruptores
1127 2237 1194 2302 ⁷⁷,
1223 2238 1481 2297 docentes
1509 2253 1630 2307 quae
1660 2253 1764 2291 non
1793 2254 1953 2308 opor-

373 2326 471 2385 tet,
500 2323 689 2391 domos
719 2335 861 2390 totas
882 2326 1058 2395 turpis
1086 2326 1221 2381 lucri
1253 2328 1428 2395 gratia
1452 2330 1831 2402 subvertentes
1861 2330 1945 2398 '3;

370 2428 472 2468 nec
502 2423 689 2479 tamen
722 2416 783 2485 in,
806 2416 1047 2472 Ecclesia
1085 2417 1317 2472 adfuerit
1351 2419 1443 2488 qui
1468 2418 1669 2473 talibus
1695 2435 1757 2474 os
1786 2421 1949 2475 obtu-

369 2516 490 2570 ret,
526 2517 799 2573 eteorum
845 2507 1191 2562 altitudinem
1230 2522 1291 2562 se
1345 2509 1607 2563 adversus
1660 2510 1947 2565 scientiam

370 2596 469 2651 Dei
514 2597 871 2664 extollentem,
909 2607 1120 2654 evertat
1148 2600 1239 2665 7’;
1294 2600 1437 2654 scire
1486 2608 1701 2670 oportet
1752 2603 1951 2658 dereli-

368 2696 517 2743 ctam
549 2704 671 2744 eam
706 2705 830 2747 esse
857 2692 927 2755 ob
963 2691 1378 2761 multiplicatam
1413 2708 1579 2760 suam,
1621 2694 1944 2752 inubedien-

368 2780 521 2834 tiam.
570 2781 724 2849 Quod
773 2783 821 2838 si
874 2783 1064 2851 nullus,
1087 2792 1173 2838 est
1201 2784 1429 2855 sapiens,
1452 2786 1549 2853 qui
1599 2785 1777 2854 possit.
1806 2788 1951 2843 inter

368 2870 597 2928 fratrem
627 2882 685 2929 et
734 2873 958 2930 fratrem
988 2874 1290 2946 dijudicare
1320 2876 1366 2908 ⁸ο
1392 2918 1406 2942 ,
1445 2876 1541 2931 sed
1583 2891 1696 2947 prae
1725 2888 1949 2933 sancto-

368 2979 491 3019 rum
525 2966 749 3034 penuria
773 2964 1086 3035 iudicentur
1135 2967 1203 3020 ab
1236 2966 1582 3034 infidelibus,
1636 2969 1742 3024 hoc
1781 2971 1946 3026 etiam

371 3055 696 3111 desertiouis
727 3068 810 3112 est
840 3057 1050 3126 signum
1088 3073 1104 3119 ι
1141 3058 1366 3119 abstulit
1398 3060 1546 3113 enim
1590 3059 1853 3116 Dominus
1888 3072 1945 3117 et

361 3148 619 3216 judicem.
651 3148 716 3202 Et
746 3154 1079 3218 prophetam,
1113 3160 1161 3204 et
1184 3151 1557 3221 coniectorem.
1580 3152 1661 3206 Ad
1682 3151 1946 3225 Joannem

368 3254 543 3311 usque
574 3241 854 3309 prophetia
882 3241 1062 3295 omnis
1095 3254 1262 3309 penes
1290 3241 1505 3303 iudzeos
1533 3244 1726 3311 stetit;
1754 3245 1851 3301 sed
1880 3245 1950 3301 ab

369 3333 460 3388 illo
485 3343 730 3403 tempore
755 3333 836 3388 eis
862 3331 1056 3389 defuit.
1086 3333 1196 3389 Nec
1220 3344 1307 3390 est
1333 3334 1483 3397 ullus
1501 3336 1641 3405 apud
1676 3339 1836 3407 ipsos
1853 3339 1945 3407 qui

368 3425 504 3496 legis
542 3440 763 3480 sensum
807 3425 966 3481 modo
999 3424 1231 3495 spiritali
1269 3424 1683 3495 interpretetur,
1726 3430 1797 3484 ob
1827 3443 1949 3485 eam

372 3532 493 3588 quae
518 3517 701 3573 lsraeli
729 3518 955 3587 contigit
976 3517 1299 3573 caecitatem.
1333 3517 1438 3573 Sed
1470 3519 1805 3589 benignitate
1829 3521 1949 3592 ejus

373 3611 464 3680 qui
498 3610 676 3678 posuit
716 3611 770 3663 in
814 3608 1059 3664 Ecclesia
1112 3609 1345 3679 primum
1402 3612 1716 3682 apostolos,
1752 3613 1949 3669 deinde

367 3705 657 3773 prophetas
687 3704 757 3770 υ,
797 3717 942 3757 nunc
988 3700 1043 3756 in
1087 3702 1333 3759 Ecclesia
1393 3703 1594 3758 donum
1647 3706 1949 3776 prophetia:

372 3798 663 3866 reperitur.
681 3795 1044 3862 Quamobrem
1069 3794 1115 3851 si
1136 3795 1353 3866 quando
1374 3796 1682 3853 introierint
1704 3799 1950 3855 inﬁdeles

368 3903 425 3945 et
452 3890 661 3954 idiotaa,
699 3903 877 3956 neque
924 3897 1103 3942 tamen
1153 3897 1546 3955 coarguantur,
1582 3904 1761 3959 neque
1809 3891 1951 3962 diju—

368 3981 639 4045 dicentur,
686 3978 817 4034 illud
859 3978 1028 4033 etiam
1098 3978 1320 4032 denotat
1382 3977 1811 4033 derelictionem.
1885 3979 1947 4036 Si

367 4074 528 4140 enim,
557 4070 750 4140 inquit,
796 4069 1130 4139 praphetetis,
1159 4069 1318 4122 intret
1359 4079 1539 4123 autem
1566 4071 1685 4138 quis
1706 4071 1945 4141 inﬁdelis

369 4162 449 4218 vel
495 4162 662 4215 idiota
683 4198 700 4227 ,
735 4159 1059 4213 convincitur
1087 4159 1152 4211 ab
1187 4157 1426 4212 omnibus
1450 4198 1465 4223 ,
1511 4158 1839 4227 diiudicatur
1880 4165 1945 4215 ab

368 4254 610 4310 omnibus
651 4267 670 4307 :
722 4251 931 4305 occulta
971 4248 1146 4302 cordis
1196 4247 1310 4317 ejus
1368 4249 1656 4318 manifesta
1710 4251 1844 4312 ﬁunt
1876 4252 1945 4306 δ’.

369 4346 643 4416 Propheta
690 4343 855 4413 igitur
886 4351 970 4398 est
1003 4340 1095 4409 qui
1124 4339 1281 4409 juxta
1314 4339 1553 4410 Spiritus
1583 4344 1760 4398 sancti
1795 4360 1946 4402 reve-

2062 516 2285 573 δυνατδν
2349 520 2445 575 καὶ
2492 520 2578 589 ἐφ’
2635 520 2795 592 ἡμῶν
2839 521 3116 590 γενέσθαι,
3151 521 3248 575 ὲάν
3301 523 3630 596 ἀπειθῶμεν.

2073 610 2442 664 Ἐπιλείπουσι
2474 610 2591 682 γὰρ
2617 613 2713 665 καὶ
2753 613 2902 683 ἡμᾶς
2942 612 3287 684 πολεμισταὶ.
3317 616 3367 667 oi
3395 616 3634 688 ἀναλαμ-

2062 702 2319 767 ϐάνοντες
2338 704 2438 773 τὴν
2481 703 2575 757 τοῦ
2632 703 2841 776 Κυρίου
2870 703 3197 767 πανοπλίαν,
3232 705 3330 758 καὶ
3359 707 3633 777 ἱστάμενοι

2059 794 2324 861 γενναίως
2356 795 2492 867 πρὸς
2524 795 2626 859 τάς
2662 794 2942 865 μεθοδείας
2970 795 3065 849 τοῦ
3089 795 3356 861 διαϐόλου,
3386 798 3514 852 ὅταν
3540 816 3638 851 κα-

2057 885 2379 956 τακρατήσῃ
2405 883 2517 954 (65)
2548 884 2705 956 ἡμῶν
2734 886 2766 955 ἡ
2795 885 3044 949 ἀπιστία,
3097 885 3193 938 καὶ
3246 887 3635 959 παραδοθῶμεν

2059 977 2170 1037 τοῖς
2225 974 2589 1038 ὑπεναντίοις·
2641 975 2801 1028 Ἀλλά
2843 973 3091 1046 δεώμεθα
3143 976 3238 1030 τοῦ
3298 977 3524 1050 Κυρί⁰υ’
3562 980 3633 1051 μὴ

2056 1064 2291 1135 ἀρθῆναι
2313 1066 2407 1134 ἀφ’
2432 1067 2465 1136 ή
2476 1065 2593 1136 μῶν
2627 1065 2978 1139 πολεμιστὴν,
3009 1067 3177 1137 ἄνδρα
3197 1065 3275 1138 τῷ
3307 1067 3516 1140 θώρακι
3540 1071 3635 1141 τῆς

2059 1160 2301 1225 πίστεως
2343 1161 2725 1235 ὠχυρωμένον,
2761 1163 2857 1215 καὶ⁹
2900 1162 2999 1233 τὴν
3054 1162 3492 1233 περικεφαλαίαν
3539 1161 3631 1215 τοῦ

2061 1249 2327 1320 σωτηρίου
2358 1250 2669 1304 σκέπουσαν
2716 1250 2882 1305 αὑτοῦ
2918 1251 2988 1305 τὰ
3011 1250 3201 1323 καίρια
3230 1253 3629 1323 περικείμενον,

2058 1340 2154 1392 καὶ
2180 1340 2307 1404 τοὺς
2356 1340 2524 1405 πόδας
2553 1342 2611 1393 ὲν
2645 1341 2937 1413 ἑτοιμασίᾳ
2962 1340 3058 1395 τοῦ
3085 1342 3420 1410 Εὐαγγελίου
3452 1343 3631 1412 ἠσφα-

2057 1430 2340 1501 λισμένον·
2382 1432 2725 1503 ἐσπασμένον
2752 1432 2810 1486 δὲ
2843 1434 2936 1487 καὶ
2960 1433 3061 1506 τὴν
3108 1434 3384 1504 μάχαιραν
3402 1435 3633 1505 ἑτοίμως

2057 1519 2250 1590 ἔχοντα
2297 1521 2582 1593 ἐκδικῆσαι
2613 1524 2795 1576 πᾶσαν
2830 1524 3143 1595 -παρακοήνυ
3180 1525 3275 1577 καὶ
3302 1524 3362 1577 τὸ
3389 1524 3529 1589 ὅλον,
3557 1523 3632 1588 ὡς

2061 1612 2226 1666 καλὸν
2286 1613 2629 1686 στρατιώτην
2676 1613 2936 1687 Χριστοῦ,
2969 1615 3493 1684 συγκακοπαθοῦντα
3552 1614 3632 1688 τῷ

2056 1703 2395 1776 Εὑαγγελίῳ,
2430 1706 2503 1777 μὴ
2542 1706 2950 1778 ὲμπλεκόμενον
2999 1710 3122 1770 ταῖς
3166 1707 3261 1760 τοῦ
3310 1707 3425 1779 βίου
3483 1726 3631 1780 πρα-

1985 1783 2027 1838 Β
2055 1798 2366 1868 γματείαις,
2397 1798 2484 1852 ἵνα
2512 1798 2592 1870 τῷ
2625 1799 3113 1871 στρατολογήσαντι
3141 1800 3332 1871 ἀρέσῃ.

2129 1890 2252 1943 102.
2292 1891 2445 1960 Ἔχει
2486 1891 2544 1944 δὲ
2584 1891 2680 1944 καὶ
2704 1890 2964 1954 δικαστὰς
2992 1893 3025 1961 ἠ
3064 1891 3359 1963 Ἐκκλησία
3388 1891 3521 1955 τοὺς
3544 1892 3605 1945 δυ

2053 1983 2323 2052 ναμένους
2360 1983 2591 2051 ἀδελφὸν
2643 1984 2782 2054 μετά
2817 1982 2930 2052 (64)
2986 1983 3217 2053 ἀδελφοῦ
3260 1984 3629 2055 συμϐιϐάσαισ

2056 2073 2143 2142 ἐφ’
2175 2066 2251 2127 ὧν
2298 2074 2394 2127 καὶ
2418 2076 2447 2127 ὁ
2479 2074 2683 2145 κόσμος
2728 2074 2996 2146 κρίνεται,
3022 2073 3072 2126 οἳ
3093 2076 3187 2128 καὶ
3211 2075 3478 2145 ἀγγέλους
3509 2091 3633 2147 κριυ

2053 2164 2253 2219 νοῦσιν.
2294 2165 2418 2219 Ἐὰν
2455 2161 2548 2218 οὖν
2577 2182 2708 2218 ποτε
2754 2164 3101 2235 πληθυνθῶσι
3139 2167 3491 2237 ματαιολόγοι
3535 2168 3636 2223 καὶ

2055 2256 2420 2327 φρεναπάται,
2463 2256 2808 2320 διδάσκοντες
2859 2256 2898 2310 ἃ.
2961 2257 3036 2329 μὴ
3083 2258 3182 2323 δεῖ,
3221 2258 3634 2330 ἀνατρέποντες

2050 2349 2206 2412 ὅλους
2252 2347 2435 2411 οἴκους
2483 2346 2711 2419 αἰσχροῦ
2763 2349 2990 2421 κέρδους
3017 2349 3208 2421 χάριν⁹
3238 2350 3333 2402 καὶ
3353 2351 3635 2403 δὲπιστο-

2054 2437 2229 2509 μίζων
2267 2439 2325 2490 ὲν
2352 2437 2648 2508 Ἐκκλησία
2672 2436 2797 2500 τοὺς
2823 2438 3101 2502 τοιούτους
3132 2438 3207 2509 μὴ
3228 2435 3288 2512 ᾗ,
3326 2438 3466 2510 μηδὲ
3494 2438 3634 2492 καθ-

2049 2528 2226 2599 αιρῶν
2283 2528 2466 2583 αὐτῶν
2509 2528 2580 2582 τά
2637 2530 2975 2602 ὲπαιρόμενα
3020 2528 3290 2600 ὑψώματα
3339 2532 3484 2585 κατά
3531 2530 3636 2600 τῆς

2049 2620 2304 2690 γνώσεως
2328 2621 2424 2674 τοῦ
2451 2621 2607 2687 Θεοῦ,
2638 2622 2838 2676 εἰδέναι
2869 2622 2969 2689 δεῖ,
3014 2623 3095 2675 ὅτι
3132 2621 3221 2675 διά
3246 2622 3308 2675 τὸ
3336 2621 3638 2693 πληθυνθῆ-

2050 2731 2140 2768 ναι
2167 2714 2269 2787 τὴν
2294 2715 2581 2787 παρακοὴν
2626 2714 2798 2786 αὐτῆς
2831 2714 3341 2785 ἐγκαταλέλειπται.
3392 2714 3507 2767 Καὶ
3537 2713 3634 2767 ἐὰν

2053 2805 2243 2880 μηδεὶς
2387 2807 2552 2879 σοφὸς
2592 2809 2622 2861 ὁ
2669 2808 2966 2879 δυνάμενος
3008 2806 3215 2880 κρίνειν
3239 2805 3514 2877 ἀναμέσον
3537 2804 3633 2859 τοῦ

2050 2897 2302 2969 ἀδελφοῦ,
2331 2899 2449 2953 ἀλλ’
2477 2900 2569 2952 ἐπὶ
2618 2898 2727 2954 τῶν
2766 2900 3014 2954 ἀπίστων
3057 2898 3351 2970 κρίνωνται
3397 2896 3466 2949 δι’
3497 2897 3635 2951 ἀπο-

2053 2991 2174 3063 ρίαν
2229 2990 2401 3060 ἁγίων
2420 3007 2435 3022 ο
2494 2993 2717 3061 σημεῖον
2770 2991 2864 3044 καὶ
2926 2987 3086 3043 τοῦτο
3152 2988 3631 3058 ἐγκαταλείψεως·

1974 3117 2020 3177 c
2050 3081 2239 3150 ἀφεῖλε
2271 3080 2384 3154 (65)
2410 3081 2519 3152 γὰρ
2546 3081 2750 3154 Κύριος
2794 3081 2891 3165 και
2932 3080 3212 3150 δικαστήν.
3262 3079 3374 3133 Καὶ
3403 3078 3638 3177 5.130591)-

2050 3191 2183 3242 την,
2212 3174 2312 3233 καὶ
2343 3173 2716 3243 στοχαστήν.
2771 3160 2929 3229 Πᾶσα
2972 3172 3279 3244 προφητεία
3307 3170 3460 3243 παρὰ
3507 3173 3638 3225 Ίου-
3665 3180 3679 3191 ’

2047 3265 2226 3328 δαίοις,
2250 3265 2413 3336 μέχρι
2454 3265 2733 3320 ’1ωάννου’
2762 3264 2825 3318 τὸ
2848 3265 2905 3318 δὲ
2930 3266 3025 3319 ἀπ’
3055 3264 3266 3319 ἐκείνου
3292 3263 3639 3317 ἐπιλέλοιπεν

2049 3354 2266 3419 αὐτούς.
2293 3356 2404 3409 Καὶ
2426 3356 2456 3409 ό
2484 3354 2579 3409 τοῦ
2605 3357 2771 3427 νόμου
2793 3356 2850 3408 δὲ
2877 3353 3265 3425 πνευματικῶς
3305 3352 3641 3425 στοχαζόμε-

2048 3464 2139 3511 νος
2177 3445 2272 3500 τοῦ
2318 3430 2659 3519 βουλήματος
2704 3449 2835 3519 παρ’
2864 3447 3048 3510 αὐτοῖς
3076 3446 3179 3499 οὐκ
3227 3445 3367 3509 ἔστι,
3397 3444 3490 3498 διά
3536 3445 3639 3516 τὴν

2049 3535 2307 3609 πώρωσιν
2335 3535 2433 3608 τὴν
2460 3536 2857 3609 γενομένηντῷ
2891 3535 3131 3608 Ἰσραήλ.
3165 3533 3327 3588 Ἀλλὰ
3352 3534 3446 3587 καὶ
3480 3535 3541 3588 ὲν
3569 3536 3637 3605 τῇ

2060 3629 2356 3701 Ἐκκλησία
2374 3629 2620 3701 χάρισμα
2640 3630 2757 3682 ἐστι
2779 3628 3135 3701 προφητικὸν,
3152 3627 3241 3680 διὰ
3284 3627 3377 3680 τὸν
3406 3626 3639 3698 θέμενον

2048 3722 2106 3775 ὲν
2124 3724 2190 3793 τῇ
2217 3721 2511 3792 Ἐκκλησία
2527 3721 2742 3792 πρῶτον
2771 3722 3121 3786 ἀποστόλους,
3142 3721 3392 3792 δεύτερον
3414 3722 3641 3791 προφή-

2044 3829 2166 3877 τας.
2205 3812 2332 3867 Ἐἀν
2347 3809 2441 3866 οὖν
2471 3830 2603 3868 ποτε
2624 3812 2938 3878 είσέλθωσιν
2976 3812 3251 3883 ἄπιστοιῆ
3286 3810 3514 3876 ίδιιῖιται,
3544 3812 3642 3867 καὶ

2051 3903 2125 3975 μὴ
2154 3902 2452 3974 ἐλεγχθῶσι
2484 3902 2618 3974 (66),
2653 3903 2787 3975 μηδὲ
2818 3902 3180 3975 ἀνακριθῶσι,
3224 3901 3519 3974 γνώρισμα
3541 3903 3643 3957 καὶ

2047 3995 2209 4050 τοῦτο
2227 3996 2686 4066 ὲγκαταλείψεως.
2706 3994 2843 4061 Ἐὰν
2861 3997 2993 4066 γὰρ,
3018 3997 3172 4066 φησι,
3194 3997 3642 4065 προφητεύητε,

2047 4088 2292 4159 εἰσέλθῃ
2343 4087 2412 4142 δέ
2459 4105 2551 4156 τις
2606 4088 2864 4155 ἄπιστος
2909 4089 2948 4157 ἢ
3004 4086 3261 4155 ἰδιώτης,
3318 4087 3644 4158 ἐλέγχετε..

2046 4182 2166 4240 ὑπὸ
2218 4182 2329 4253 (67)
2377 4181 2639 4249 πάντων,
2676 4182 3058 4252 ἀνακρίνεται
3110 4180 3230 4235 ὑπὸ
3264 4178 3530 4246 πάντων,
3563 4184 3643 4234 τὰ

2047 4276 2282 4344 κρυπτὰ
2306 4274 2418 4345 τῆς
2456 4275 2706 4344 καρδίας
2735 4274 2921 4329 αὐτοῦ
2954 4274 3184 4345 φανερὰ
3213 4274 3459 4344 γίνεται.
3491 4273 3644 4327 Οὐκ-

2048 4369 2143 4425 οὖν
2192 4369 2477 4442 προφήτης
2525 4368 2624 4440 μέν
2670 4369 2854 4429 ἐστιν,
2886 4368 2916 4420 ὁ
2955 4366 3099 4444 κατά
3143 4364 3490 4445 ἀποκάλυψιν
3538 4362 3639 4416 τοῖ’)

369 4438 627 4493 lationem
659 4433 905 4489 futurum
939 4430 1314 4503 praenuntiat:
1359 4430 1636 4501 coniector
1668 4449 1820 4502 vero,
1851 4436 1945 4505 qui

2062 4430 2374 4532 [Ινεύματοςν
2392 4430 2782 4532 προαγορεύων
2804 4459 2866 4512 τὸ
2898 4440 3125 4529 μέλλον·
3164 4430 3467 4530 στοχαοτῆς
3504 4458 3589 4525 δὲ,
3609 4460 3640 4512 ό

369 4544 464 4599 per
490 4527 774 4584 scientiam
817 4538 982 4595 quam
1015 4537 1083 4578 ex
1132 4522 1404 4577 similibus
1436 4522 1600 4578 rebus
1632 4524 1794 4579 simul
1824 4525 1940 4581 col-

371 4620 496 4674 latis
534 4616 871 4687 comparavit
903 4616 973 4670 ob
1003 4624 1293 4670 eventuum
1330 4616 1733 4683 praeteritorum
1776 4632 1943 4688 expe-

370 4709 620 4766 rientiam
651 4706 832 4762 futura
863 4704 1155 4775 coniectat.
1189 4702 1348 4768 Puta,
1384 4703 1429 4758 si
1456 4704 1728 4774 quispiam
1760 4707 1940 4763 dicat:

367 4804 425 4860 Si
454 4799 948 4874 perpetraverimus
987 4796 1190 4867 ﬂagitia
1233 4796 1618 4865 Sodomorum,
1667 4798 1835 4854 simili
1869 4811 1947 4854 at-

366 4910 474 4965 que
508 4893 586 4949 illi
614 4906 774 4963 ptena
802 4889 1122 4959 plectemur.
1162 4887 1383 4942 Aut:Si
1419 4902 1518 4943 nos
1552 4904 1657 4943 non
1689 4905 1849 4947 secus
1877 4909 1943 4948 ac

368 4984 635 5046 Ninivitas
668 4981 1020 5053 paenituerit,
1052 4979 1277 5049 perinde
1315 4990 1477 5049 atque
1511 4980 1590 5035 illi
1633 4982 1945 5039 misericor-

372 5079 511 5134 jiam
542 5086 959 5142 consequemur.

440 5175 490 5207 τι
527 5172 728 5240 Ephes.
765 5185 843 5239 vr,
882 5169 975 5224 14.
1038 5169 1131 5240 ﬂ"
1169 5166 1214 5240 ll
1251 5166 1379 5222 Cor.
1419 5184 1479 5233 Χ,
1510 5169 1564 5224 8-

1670 5172 1718 5205 τε
1756 5169 1804 5225 ll
1831 5170 1973 5229 Tim.
2001 5190 2064 5239 ιι,
2100 5174 2156 5228 5.

2047 4555 2136 4610 διά
2170 4555 2389 4608 σύνεσιν
2429 4556 2495 4607 ὲκ
2546 4554 2646 4624 τῆς
2676 4551 2774 4606 τοῦ
2808 4553 2997 4624 ὁμοίου
3027 4552 3385 4625 παραθέσεως
3412 4550 3503 4606 διὰ
3533 4553 3639 4622 τὴν

2049 4650 2244 4722 πεῖραν
2267 4646 2374 4701 τῶν
2419 4645 2802 4717 προλαϐόντων
2829 4645 2890 4698 τὸ
2930 4643 3125 4716 μέλλον
3156 4643 3640 4715 συντεκμαιρόμε-

2046 4756 2154 4802 νος.
2174 4738 2232 4792 '0
2256 4738 2430 4806 λέγων
2452 4736 2587 4806 (68),
2604 4735 2728 4789 Ἐὰν
2757 4737 3072 4807 ποιήσωμεν
3087 4735 3157 4789 τά
3172 4734 3445 4804 Σοδόμων,
3471 4736 3641 4806 ὅμοια

2048 4832 2274 4897 ἐκείνοις
2302 4830 2627 4904 πεισόμεθα.
2656 4818 2728 4884 ’Ἦ
2765 4832 2870 4895 ὅτι,
2911 4829 3038 4886 Ἐὰν
3084 4830 3513 4901 μετανοήσωμεν
3562 4830 3644 4892 ὡς

2050 4926 2099 4977 οἱ
2129 4923 2428 4989 Νινευῖται,
2453 4923 2851 4996 παραπλησίως
2884 4922 3116 4987 ἐκείνοις
3149 4921 3587 4993 ὲλεηθησόμεθα.

2260 5173 2305 5206 ’⁷
2345 5171 2478 5228 ibid.
2507 5170 2565 5227 4.
2670 5170 2716 5205 ⁷⁸
2750 5170 2856 5227 Tit.
2905 5186 2945 5239 t,
2992 5171 3083 5238 10,
3134 5171 3221 5227 ii.
3318 5169 3365 5203 "
3403 5169 3447 5225 ΙΙ
3509 5172 3640 5226 Cor.

366 5261 421 5311 χ,
464 5243 522 5300 5.
576 5237 645 5275 ’⁸ο
685 5240 709 5295 l
745 5237 870 5296 Cor.
910 5255 986 5306 vt,
1035 5239 1091 5294 5.
1164 5238 1211 5271 ⁸¹
1249 5240 1424 5293 lCor.
1459 5237 1678 5307 1511,28.
1750 5241 1796 5273 ⁸³
1836 5243 1855 5297 Ι
1891 5244 1950 5299 Ο(

2062 5260 2169 5309 (tv,
2196 5242 2287 5308 ει,
2311 5242 2405 5297 25.

442 5336 553 5407 (65)
584 5335 1000 5407 lidem__vet_eres
1033 5330 1109 5384 illi
1139 5344 1275 5407 quos
1320 5346 1444 5385 mox
1477 5333 1754 5407 nominavi
1785 5334 1945 5407 libri,

369 5406 693 5477 κατακρατῇ

376 5468 693 5550 μέθῃ-Ἀρί
704 5482 815 5550 [res
847 5488 979 5527 mss.
990 5513 1007 5539 ,
1036 5468 1319 5550 δεώμεθα-η
1340 5470 1560 5550 rectius.

447 5544 559 5618 (64)
602 5543 847 5618 Editi_et
898 5558 1033 5598 mss.
1077 5542 1345 5607 nonnulli,
1403 5542 1566 5613 μετά.
1597 5542 1707 5599 Alii
1737 5545 1954 5615 quidam

375 5612 510 5674 mss.
522 5612 550 5686 ,⁷
577 5612 798 5686 μεταξύ.

700 5444 713 5457 .
745 5403 939 5457 Statim
975 5400 1217 5456 nonnulli
1241 5416 1371 5454 mss.
1408 5410 1462 5454 et
1486 5404 1648 5468 editi,
1673 5403 1811 5459 ἀλλά
1842 5405 1957 5459 δεό-

2122 5334 2237 5403 (66)
2269 5334 2426 5388 Coll).
2454 5335 2685 5403 primus,
2722 5331 3096 5403 διελεγχθῶσι.

2121 5400 2235 5478 (67)
2267 5400 2467 5478 Nostra
2504 5406 2687 5478 editio,
2716 5403 2844 5478 ἀπό.
2875 5400 2946 5456 At.
2973 5418 3069 5457 sex
3094 5417 3251 5469 mss.,
3276 5400 3403 5456 ὑπό.
3434 5400 3639 5457 Statim

2049 5474 2172 5547 tres
2186 5474 2339 5547 iussu
2366 5475 2462 5547 και
2485 5474 2554 5547 τά
2584 5474 2821 5547 amoma:

2124 5545 2237 5615 (68)
2270 5546 2431 5611 Editi,
2450 5542 2637 5614 λέγων
2656 5546 2758 5598 ὅτι.
2785 5542 2946 5615 Deest
2967 5544 3049 5615 ὅτι
3074 5543 3138 5615 in
3151 5544 3477 5615 nostrissex
3500 5556 3639 5596 mss.

2054 5612 2392 5686 Hand'longe
2420 5612 2663 5686 quinque
2690 5629 2847 5686 mss"
2876 5612 3307 5686 ἐλεηθῃσόμεθα.
3342 5613 3414 5669 At
3450 5623 3643 5671 nostra

450 5681 697 5758 (65γιιειΔ
737 5682 1023 5758 edidimus,
1049 5681 1141 5758 liii
1173 5681 1495 5758 _in_no_stris
1540 5699 1633 5758 sex
1681 5686 1950 5746 codicibus

2062 5687 2223 5743 editio
2261 5681 2470 5758 etReg.
2510 5681 2739 5757 primus,
2765 5681 3124 5756 ἑλεησόμεθά.

384 5751 650 5829 scriptum
686 5752 1007 5812 invenimus.
1047 5751 1209 5822 Editi,
1251 5752 1459 5823 ἀφελεῖ,
1494 5755 1716 5826 auferet.
