3828 6216
185 308 295 364 9.85

1051 301 1407 360 COMMENT.
1453 301 1520 356 ΙΝ
1561 300 1795 356 ISAIAM
1835 298 2280 356 PROPIIETAM.
2321 299 2478 356 CAP.
2515 297 2604 352 Ill.

3352 291 3460 348 286

262 423 386 477 105.
424 420 532 475 Καὶ
587 421 1015 489 πρεσϐυτερον.
1065 420 1156 472 Ἐν
1202 421 1316 482 τοῖς
1367 415 1782 486 ἀπειλουμένοις
1811 420 1843 477 Α

1963 417 2084 472 105.
2133 414 2201 468 Et
2230 416 2507 469 seniorem.
2544 411 2688 466 Inter
2733 420 2926 468 cmtera
2971 409 3203 464 minatur
3247 405 3459 465 ablatu-

188 513 308 566 ἐστὶ
343 513 439 567 καὶ
473 514 506 583 ἡ
534 511 628 564 τοῦ
653 512 1028 586 πρεσϐυτέρου
1055 512 1366 583 ἀφαίρεσις,
1400 511 1475 574 ὡς
1503 510 1694 578 ὄφελος
1719 510 1780 563 ού

190 604 391 676 μικρὸν
413 606 478 656 ὲκ
502 603 597 656 τοῦ
625 605 880 674 παρεῖναι
912 603 1264 674 παρέχοντος.
1288 598 1419 673 Ἆρ’
1449 597 1543 654 οὖν
1561 602 1588 654 6
1603 603 1784 654 ὁπωσ-

185 695 282 748 οῦν
327 694 440 764 (69)
471 694 568 764 τῆς
602 694 896 766 προεδρίας
929 693 1205 758 ἀξιωθεὶς,
1247 693 1342 746 καὶ
1393 691 1781 760 ὲγκαταλεγεὶς

186 785 268 854 τῷ
296 784 700 856 πρεσϐυτερίῳ,
733 781 887 849 οὗτος
913 785 1323 856 πρεσϐύτερος;
1357 783 1390 854 ἢ
1419 786 1448 836 6
1480 783 1662 854 φέρων
1691 782 1782 835 τὸν

188 875 524 947 χαρακτῆρα
571 875 668 928 τοῦ
719 876 1092 946 πρεσϐυτέρου
1128 874 1477 944 ἀνεγκλήτως
1510 873 1645 940 (70),
1679 873 1783 941 μά-

188 961 350 1013 λιστα
388 961 486 1032 μὲν
533 962 832 1032 ἀπείρατος
865 963 1158 1030 γυναικός;
1193 963 1256 1016 Εἰ
1287 961 1344 1014 δὲ
1388 961 1498 1032 ἀρα
1524 961 1665 1014 κατά
1689 961 1782 1014 τὸν

186 1052 285 1106 τοῦ
319 1053 529 1122 Κυρίου
563 1053 726 1123 νόμον
779 1056 908 1125 μιᾶς
953 1054 1218 1124 γυναικὸς
1250 1054 1410 1125 ἀνὴρ,
1444 1053 1610 1107 τέκνα
1640 1053 1780 1124 ἔχων

191 1141 382 1202 πιστὰ,
413 1141 490 1213 μὴ
522 1143 581 1194 ὲν
619 1143 927 1215 κατηγορίᾳ
961 1144 1199 1208 ἀσωτίας
1229 1143 1262 1212 ἢ
1299 1143 1668 1206 ἀνυπότακτα,
1705 1144 1779 1214 μὴ

191 1229 456 1302 αὐθάδης,
479 1231 553 1302 μὴ
576 1231 814 1301 ὀργίλος,
846 1233 922 1302 μὴ
947 1233 1225 1303 πάροινος,
1264 1233 1338 1302 μὴ
1363 1233 1776 1304 αἰσχροκερδής·

188 1321 333 1375 ἀλλὰ
366 1322 665 1391 φιλόξενος,
693 1321 1016 1392 φιλάγαθος,
1048 1322 1300 1394 σώφρων,
1349 1324 1512 1388 ὅσιος,
1551 1323 1778 1387 δίκαιος,

191 1413 495 1485 ἐγκρατὴς,
537 1414 898 1486 ἀντεχόμενος
949 1415 1045 1468 τοῦ
1093 1415 1232 1469 κατά
1264 1416 1364 1486 τὴν
1412 1416 1634 1486 διδαχὴν
1664 1417 1777 1486 (Ἠ)

191 1503 388 1556 πιστοῦ
413 1503 598 1573 λόγου,
626 1505 700 1569 ὡς
724 1505 950 1569 δυνατὸς
975 1501 1228 1566 εἶναικαὶ
1262 1507 1600 1577 παρακαλεῖν
1625 1509 1682 1559 ὲν
1711 1509 1776 1577 τῇ

190 1594 515 1666 ὑγιαινούσῃ
541 1596 880 1668 διδασκαλίᾳ,
910 1597 1006 1650 καὶ
1036 1598 1165 1662 τοὺς
1195 1597 1576 1665 ἀντιλέγοντας
1629 1597 1780 1664 ὲλέγ-

189 1703 339 1756 χειν·
367 1682 523 1750 οὗτος
553 1687 946 1760 πρεσϐύτερος,
987 1688 1047 1743 ὃν
1092 1689 1200 1742 ἀπὸ
1245 1687 1339 1742 τοῦ
1373 1689 1780 1760 ἁμαρτάνοντος

188 1777 324 1832 λαοῦ
347 1778 656 1849 ἀφαιρεῖται
676 1778 897 1850 Κύριος.
917 1780 1002 1842 Ὠς
1029 1779 1279 1850 ἰσχύοντα
1307 1780 1400 1832 καὶ
1423 1779 1534 1849 (72)
1571 1776 1776 1848 ἰσχύου-
1811 1768 1852 1822 Β

191 1885 317 1932 σαν,
348 1869 426 1935 ὼς
458 1869 611 1939 ἰσχὺν
672 1870 840 1940 ἄρτου
903 1871 999 1924 καὶ
1051 1870 1204 1940 ἰσχὺν
1261 1870 1474 1934 ὓδατος,
1503 1871 1579 1934 ὡς
1621 1869 1780 1922 πολε-

191 1959 416 2031 μιστὴν,
463 1961 539 2024 ὡς
580 1961 1022 2038 δικαστὴν,ο’ύτω
1047 1963 1143 2036 καὶ
1183 1961 1579 2034 πρεσϐύτερον.
1607 1962 1777 2014 Ὅταν

186 2048 285 2106 οὖν
316 2052 432 2126 ίδῃς
461 2052 617 2116 ὄντας
671 2053 771 2124 μέν
815 2071 969 2117 τινας
1011 2053 1194 2118 ἀξίους
1224 2054 1318 2106 τοῦ
1375 2053 1779 2122 ἐγκατατάσσε-

189 2143 318 2217 σθαι
350 2147 462 2207 τοῖς
510 2145 922 2218 πρεσϐυτέροις,
967 2146 1328 2215 λανθάνοντας
1359 2147 1438 2212 δὲ,
1478 2145 1510 2216 ἢ
1541 2146 1777 2217 ἀμελου-

189 2235 415 2308 μένους,
441 2237 534 2290 καὶ
585 2237 703 2291 ἀντ’
733 2237 914 2292 αὐτῶν
943 2240 1070 2302 τοὺς
1102 2238 1358 2304 ἀναξίους
1400 2237 1778 2308 προϐεϐλημέ-

185 2344 334 2390 νους’
363 2328 618 2395 γίνωσκε,
661 2329 745 2382 ὅτι
774 2329 882 2384 άπὸ
927 2329 1021 2382 τοῦ
1050 2329 1292 2384 τοιούτου
1331 2328 1460 2382 λαοῦ
1496 2329 1714 2399 ἀφεῖλεν
1747 2329 1776 2380 6

183 2417 398 2491 Κύριος
445 2419 835 2491 πρεσϐύτερον.
882 2420 1097 2474 Ἥλίκου
1126 2421 1184 2474 δέ
1217 2423 1335 2474 ἐστι
1383 2422 1534 2499 χρεία
1576 2439 1777 2494 τραπε-

182 2509 366 2574 ζίτου,
397 2509 538 2564 ὥστε
593 2510 668 2582 μὴ
725 2510 1098 2565 διαλανθάνειν
1131 2511 1292 2566 αὑτὸν
1321 2512 1410 2564 τὸν
1437 2513 1551 2581 (75)
1580 2513 1638 2565 ἐν
1662 2512 1776 2565 τού-

180 2617 300 2664 τοις
329 2600 568 2671 δόκιμον,
597 2601 796 2669 ἔδειξεν
826 2605 854 2655 6
887 2602 1021 2666 Θεὸς
1052 2602 1130 2674 τῷ
1163 2603 1384 2679 μεγάλῳ
1412 2604 1578 2660 αὐτοῦ
1612 2604 1774 2677 θερά-

182 2710 346 2746 ποντι
380 2694 607 2746 Μωῦσεῖ
637 2692 735 2764 τὴν
764 2693 874 2748 τῶν
908 2693 1165 2747 τοιούτων
1199 2695 1429 2766 ἐκλογὴν
1445 2695 1771 2766 ’ὲπιτρέψας.

181 2782 499 2853 Συνὰγαγε
549 2784 658 2856 γάρ
696 2802 819 2854 μοι,
876 2786 1031 2858 φησι,
1089 2785 1498 2855 ἐϐδομήκοντα
1551 2787 1776 2856 ἄνδρας

176 2874 307 2929 ἀπὸ
342 2874 461 2928 τῶν
510 2876 930 2945 πρεσϐυτέρων
982 2877 1090 2931 τοῦ
1133 2878 1406 2946 Ἰσραὴλ,
1439 2878 1548 2945 οὓς
1593 2879 1772 2946 αὐτὸς

181 2966 272 3020 σὺ
303 2963 496 3032 οἶδας,
525 2968 614 3021 ὅτι
647 2964 816 3023 οὗτοι
845 2971 964 3022 εἱσι
1012 2971 1403 3038 πρεσϐύτεροι
1447 2969 1552 3024 τοῦ
1583 2970 1770 3024 λαοῦο

179 3058 284 3112 καὶ
319 3059 610 3125 συνάξεις
641 3059 866 3126 αὐτοὺς
890 3059 990 3113 ἐπὶ
1028 3059 1142 3128 τὴν
1169 3060 1411 3129 σκηνὴν
1430 3060 1538 3116 τοῦ
1560 3077 1774 3130 μαρτυ-

167 3149 340 3222 ρίου,
375 3149 474 3202 καὶ
507 3149 842 3220 στήσονται
880 3150 1009 3204 ἐκεῖ
1053 3151 1204 3222 μετὰ
1247 3151 1364 3206 σοῦ
1385 3169 1399 3182 θ
1436 3151 1534 3206 καὶ
1566 3151 1769 3221 ὠφελῶ

175 3242 303 3296 ἀπὸ
357 3241 466 3295 τοῦ
514 3243 856 3314 πνεύματος
903 3243 1013 3298 τοῦ
1064 3243 1166 3297 ἐπὶ
1219 3243 1341 3307 σοὶ,
1371 3243 1471 3297 καὶ
1503 3241 1770 3310 ἐπιθήσω

174 3335 274 3386 ἐπ’
309 3332 555 3400 αὐτοὺς,
589 3334 690 3388 καὶ
721 3335 1282 3404 συναντιλήψονται
1315 3333 1468 3404 μετὰ
1507 3323 1624 3388 σοῦ
1655 3333 1770 3400 τὴν

177 3421 382 3491 ὁρμὴν
416 3423 524 3477 τοῦ
567 3424 725 3478 λαοῦ
761 3426 998 3492 τούτου,
1027 3425 1124 3480 καί
1166 3427 1277 3480 οὐκ
1317 3424 1509 3492 οἴσεις
1549 3423 1771 3489 αὐτοὺς

177 3513 263 3575 σὺ
286 3513 498 3585 μόνας·

255 3605 384 3673 104.
419 3606 652 3674 Τούτους
682 3607 738 3662 δὲ
766 3608 873 3680 χρὴ
904 3604 1042 3662 εἶναι
1070 3608 1450 3680 προσήκοντας
1491 3607 1612 3661 καθ’
1651 3609 1771 3680 ἡλι-

178 3698 337 3762 κίαν,
365 3697 580 3760 πολλῶν
605 3700 705 3769 μὲν
729 3699 1170 3776 πεπειραμένους
1203 3698 1292 3752 διά
1319 3699 1410 3752 τὸν
1436 3700 1646 3770 χρόνον,
1676 3699 1771 3753 καὶ

175 3789 242 3842 τὸ
259 3788 523 3852 εὐπαθὲς
537 3790 644 3842 τῶν
668 3791 814 3859 ἠθῶν
825 3793 890 3853 ἐκ
900 3791 1000 3862 τῆς
1023 3789 1366 3861 ἐπανθούσης
1388 3791 1570 3855 αὐτοῖς
1582 3790 1774 3855 πολιᾶς

179 3875 605 3944 ὑποφαίνοντας.
632 3878 787 3942 Δόξα
830 3878 940 3952 γὰρ
966 3879 1406 3953 πρεσϐυτέρων,
1431 3879 1613 3934 πολιά
1636 3881 1768 3950 (74).

1889 525 2006 563 rutn
2034 523 2094 562 se
2137 507 2300 562 etiam
2329 507 2631 569 seniorem,
2663 512 2722 557 ut
2749 504 2842 574 qui
2885 518 2980 558 sua
3011 501 3298 572 przesentia
3343 518 3452 557 non

1888 615 2080 671 parum
2135 599 2328 654 atferat
2380 597 2750 652 emolumenti.
2809 594 2944 648 Num
2996 595 3160 665 igitur
3209 593 3457 665 quisquis

1884 707 2100 764 quoquo
2135 689 2294 745 modo
2339 687 2585 758 praesulis
2623 687 2948 756 dignitatem
2987 685 3214 753 adeptus
3246 692 3368 750 est,
3409 691 3462 736 et

1885 787 2328 857 presbyterorum
2375 780 2542 836 coetui
2597 780 2884 847 ascriptus,
2929 774 3210 846 presbyter
3254 781 3339 828 est
3393 787 3460 829 ac

1883 877 2110 934 senior?
2151 890 2218 930 an
2263 875 2440 945 potius
2480 873 2555 936 is,
2593 871 2684 938 qui
2725 868 3022 940 presbyteri
3067 867 3280 935 insigne
3326 865 3459 920 cha-

1884 980 2260 1037 racteremque
2304 967 2438 1020 citra
2494 963 2658 1018 ullam
2706 960 3183 1030 reprehensionem
3233 971 3347 1027 prae
3396 971 3457 1011 se

1884 1061 2013 1126 fert,
2047 1061 2282 1114 maxime
2331 1057 2376 1111 si
2425 1069 2651 1109 uxorem
2692 1067 2798 1106 non
2835 1049 3098 1104 duxerit?
3150 1049 3362 1104 Rursus
3411 1050 3458 1104 si

1877 1153 2032 1221 juxta
2080 1150 2292 1204 Domini
2329 1151 2500 1217 legem
2529 1146 2576 1178 ⁸³
2615 1145 2686 1199 sit
2737 1143 2901 1198 unius
2937 1142 3123 1197 uxoris
3161 1141 3265 1207 vir,
3317 1141 3456 1195 ﬁlios

1884 1239 2091 1293 habens
2136 1236 2342 1299 ﬁdeles,
2383 1234 2473 1304 qui
2524 1231 2759 1286 lasciviae
2802 1245 2907 1284 non
2961 1239 3313 1298 accusentur,
3363 1241 3458 1284 aut

1881 1333 1973 1401 qui
2008 1347 2113 1386 non
2137 1333 2241 1386 sint
2273 1327 2686 1384 intractabiles:
2721 1326 2766 1380 si
2794 1340 2898 1380 non
2931 1323 3312 1394 sitsuperbus,
3347 1339 3455 1378 non

1884 1424 2193 1488 iracundus,
2225 1438 2336 1476 non
2368 1421 2698 1484 vinolentus,
2725 1433 2831 1473 non
2857 1417 2996 1486 turpi
3022 1416 3172 1471 lucro
3201 1416 3416 1470 deditus
3441 1432 3456 1470 :

1884 1517 1975 1570 sed
2016 1513 2336 1582 hospitalis,
2375 1514 2639 1567 bonorum
2681 1523 2904 1570 amans,
2933 1509 3168 1572 sobrius,
3199 1517 3456 1574 sanctus,

1884 1609 2084 1676 justus,
2115 1607 2415 1667 continens,
2455 1613 2611 1658 tenax
2642 1603 2760 1671 ejus
2805 1601 2894 1668 qui
2927 1601 3224 1655 secundum
3255 1600 3458 1654 doctri-

1885 1717 2008 1754 nam
2068 1708 2152 1754 est
2225 1697 2398 1752 ﬁdelis
2453 1695 2751 1760 sermonis,
2796 1703 2855 1746 ut
2910 1701 3100 1761 potens
3155 1693 3225 1747 sit
3290 1694 3456 1748 etiam

1883 1791 2160 1847 exhortari
2205 1790 2257 1842 in
2293 1788 2536 1843 doctrina
2579 1801 2732 1851 sana,
2765 1793 2820 1840 et
2849 1784 3288 1838 contradicentes
3323 1799 3455 1838 con-

1881 1885 2140 1939 vincere:
2180 1885 2269 1937 hic
2305 1882 2584 1949 presbyter
2617 1893 2683 1938 ac
2721 1877 2904 1931 senior
2934 1883 3051 1938 est,
3085 1890 3244 1944 quem
3280 1875 3455 1930 aufert

1881 1970 2138 2025 Dominus
2177 1986 2205 2022 a
2236 1969 2582 2039 delinquentc
2609 1965 2825 2035 populo.
2865 1964 2933 2019 Ut
2958 1965 3192 2019 validum
3224 1973 3278 2020 et
3310 1966 3448 2018 vali-

1879 2063 2025 2126 dam,
2053 2070 2113 2116 ut
2141 2062 2307 2115 robur
2348 2061 2503 2128 panis
2537 2069 2592 2112 et
2620 2059 2785 2112 robur
2813 2073 2986 2126 aqum,
3017 2065 3075 2110 ut
3109 2057 3449 2122 bellatorem,

1879 2152 2217 2222 utjudicem,
2261 2151 2332 2205 ita
2364 2159 2419 2204 et
2445 2150 2719 2204 seniorem
2769 2148 2966 2202 aufert.
3003 2148 3188 2218 Itaque
3221 2163 3343 2202 cum
3374 2150 3456 2202 vi-

1878 2241 2023 2296 deris
2044 2243 2308 2310 quosdam
2341 2241 2435 2310 qui
2456 2241 2565 2294 sint
2593 2241 2809 2310 quidem
2837 2240 2982 2310 digni
3008 2241 3100 2308 qui
3128 2240 3180 2294 in
3207 2241 3452 2295 ordinem

1879 2333 2322 2403 presbylerorum
2380 2341 2744 2400 cooptentm,
2825 2331 2920 2386 sed
2977 2331 3298 2385 delitescant
3361 2341 3456 2385 aut

1879 2424 2246 2494 negligantur,
2279 2431 2537 2479 eteorum
2571 2421 2730 2495 45],
2764 2421 2883 2477 loco
2914 2422 3120 2476 videris
3150 2421 3333 2476 oﬂ‘crri
3366 2424 3452 2477 in-

1875 2517 2090 2583 dignos,
2126 2515 2410 2570 Dominum
2446 2515 2514 2568 ab
2546 2515 2812 2584 ejusmodi
2850 2513 3046 2583 populo
3074 2513 3452 2584 presbyterum

1877 2607 2163 2662 abstulisse
2192 2608 2357 2664 scias.
2395 2605 2548 2672 Quali
2595 2614 2775 2659 autem
2818 2605 3082 2674 trapezita
3112 2620 3247 2674 opus
3273 2605 3364 2672 sit,
3391 2615 3450 2656 ut

1875 2708 2172 2768 cognoscat
2209 2700 2332 2768 quis
2361 2699 2414 2752 in
2459 2698 2527 2752 iis
2561 2697 2762 2767 probus
2790 2699 2893 2762 sit,
2925 2699 3062 2752 Deus
3107 2713 3304 2768 magno
3349 2713 3452 2754 suo

1877 2787 2081 2842 famulo
2110 2787 2278 2858 Moysi
2309 2788 2578 2851 ostendit,
2619 2787 2886 2855 permisso
2917 2789 3020 2857 ipsi
3066 2789 3252 2842 talium
3290 2788 3444 2844 dele-

1877 2887 1988 2932 ctu.
2030 2876 2304 2946 Congrega
2335 2876 2478 2929 enim
2500 2914 2516 2940 ,
2553 2875 2758 2944 inquit,
2789 2877 2920 2929 mihi
2951 2878 3285 2946 septuaginta
3315 2878 3454 2932 viros

1876 2969 1941 3024 de
1967 2967 2260 3024 senioribus
2286 2965 2479 3032 Israel,
2513 2982 2643 3036 quos
2673 2975 2729 3019 tu
2757 2967 2865 3034 ipse
2891 2969 3050 3032 nosti,
3080 2969 3220 3038 quod
3247 2969 3302 3021 hi
3329 2980 3453 3022 sunt

1875 3059 2109 3113 seniores
2152 3057 2350 3127 populi,
2397 3056 2659 3126 simulque
2700 3057 2928 3112 adduces
2978 3075 3065 3112 eos
3098 3061 3167 3112 ad
3205 3061 3452 3114 taberna-

1875 3150 2049 3205 culum
2086 3150 2390 3213 testimonii,
2451 3159 2499 3204 et
2541 3151 2756 3205 stabunt
2796 3151 2906 3204 illic
2953 3161 3121 3206 tecum
3156 3168 3175 3206 :
3217 3163 3266 3207 et
3300 3155 3454 3221 aufe-

1874 3257 1990 3294 ram
2015 3243 2082 3295 de
2111 3242 2305 3311 spiritu
2330 3244 2419 3311 qui
2452 3244 2507 3296 in
2541 3251 2590 3296 te
2623 3252 2724 3310 est,
2755 3253 2803 3297 et
2835 3244 3102 3313 imponam
3128 3261 3284 3313 super
3317 3263 3404 3299 eos
3432 3259 3452 3297 :

1872 3342 1920 3386 et
1955 3333 2283 3387 sustinebunt
2312 3343 2483 3388 tecum
2510 3335 2761 3407 impetum
2803 3335 2987 3406 populi
3031 3336 3212 3406 hujus,
3257 3346 3304 3390 et
3344 3354 3448 3392 non

1871 3424 2100 3492 portabis
2139 3441 2226 3478 eos
2253 3433 2309 3478 tu
2333 3425 2477 3481 solus
2493 3424 2559 3481 ⁸⁸.

1946 3605 2068 3662 104.
2109 3605 2333 3676 Oportet
2370 3616 2552 3662 autem
2600 3607 2697 3662 bos
2744 3621 2867 3662 esse
2915 3615 3074 3662 aetate
3125 3619 3440 3678 provectos,

1874 3696 2010 3751 adeo
2041 3704 2100 3750 ut
2141 3695 2306 3750 multa
2345 3697 2454 3750 sint
2499 3696 2760 3766 temporis
2804 3697 3159 3752 diuturnitate
3203 3701 3446 3768 experti,

1875 3797 2040 3857 atque
2063 3802 2132 3848 ex
2169 3788 2370 3842 canitie
2414 3787 2468 3840 in
2503 3787 2634 3855 ipsis
2663 3787 3036 3843 elllorescente
3075 3792 3444 3846 constantiam

1872 3895 2086 3934 morum
2133 3880 2442 3934 ostendant.
2498 3879 2681 3933 Gloria
2742 3879 2888 3933 enim
2956 3880 3246 3946 seniorum,
3296 3884 3449 3935 cani-

178 3965 246 4016 Εί
283 3963 342 4016 δέ
376 3983 477 4018 που
509 3967 603 4020 καὶ
642 3969 700 4020 ὲν
743 3969 930 4040 ἡλικίᾳ
954 3969 1051 4044 νέᾳ,
1100 3970 1466 4049 πρεσϐυτικὸν
1516 3971 1771 4043 εὑρεθείη

1883 3972 1970 4024 ties
1997 3969 2064 4024 ⁸⁸.
2091 3970 2342 4024 Attamen
2371 3969 2417 4024 si
2452 3971 2670 4038 quando
2698 3971 3065 4040 comperietur
3096 3973 3146 4025 in
3172 3983 3331 4027 aetate
3363 3973 3452 4043 ju-

177 4054 462 4125 φρόνημα,
493 4056 594 4110 οὐκ
620 4058 951 4130 ἀτιμαστέον
978 4061 1040 4114 τὸ
1067 4061 1262 4135 δῶρον,
1286 4062 1423 4119 ἀλλὰ
1455 4062 1772 4116 πιστευτέον

1883 4061 2045 4118 venili
2077 4061 2269 4116 senilis
2309 4062 2621 4130 prudentia,
2655 4063 2854 4116 donum
2893 4063 2996 4118 hoc
3037 4065 3451 4134 haudquaquam

175 4145 261 4215 τῷ
283 4146 516 4215 λέγοντι·
543 4152 732 4205 [Iolla
756 4151 824 4205 δέ
851 4152 984 4206 ἐστι
1003 4155 1299 4223 φρόνησις
1320 4155 1388 4208 ἐν
1413 4154 1768 4222 ἀνθρώποις.

1883 4153 2260 4223 aSpernsbile:
2298 4154 2393 4207 sed
2440 4151 2690 4208 habenda
2737 4155 2872 4209 ﬁdes
2906 4165 2988 4209 est
3033 4157 3081 4210 ei
3115 4157 3206 4226 qui
3265 4157 3443 4212 dicit:

177 4239 374 4293 Πλεῖον
403 4240 514 4314 γὰρ
541 4243 618 4314 τῷ
639 4244 752 4298 ὄντι
778 4248 860 4310 εἰς
892 4247 1266 4320 πρεσϐυτέρου
1302 4246 1559 4301 σύστασιν
1585 4246 1686 4317 τῆς
1716 4249 1773 4300 ὲν

1883 4245 2115 4300 Canities
2146 4255 2320 4300 autem
2351 4255 2425 4299 est
2453 4246 2734 4314 prudentia
2788 4247 2843 4300 in
2877 4246 3173 4301 hominibus
3206 4248 3274 4303 ⁸⁸.
3315 4247 3450 4302 Nam

177 4330 328 4401 θριξὶ
361 4331 710 4405 λευκότητος,
740 4336 802 4388 τὸ
833 4337 893 4390 ὲν
925 4339 1186 4409 φρονήσει
1222 4337 1590 4410 πρεσϐυτικόν
1636 4337 1770 4407 (75).

1883 4348 2072 4389 revera
2110 4333 2232 4402 plus
2253 4333 2467 4388 confert
2493 4333 2560 4386 ad
2587 4335 2820 4388 senioris
2869 4351 2934 4390 ac
2961 4339 3267 4408 presbyteri
3299 4353 3452 4392 com-

174 4421 412 4492 Μήποτε
437 4423 547 4495 γὰρ
575 4425 734 4480 τοῦτο
759 4427 1010 4498 βούλεται
1036 4429 1132 4483 καὶ
1155 4432 1183 4484 6
1209 4429 1385 4498 λόγος·
1433 4430 1566 4484 Ἀπὸ
1596 4445 1780 4498 προσ·
1810 4446 1843 4506 ιζ

1885 4427 2284 4482 mendationem
2339 4438 2596 4481 senectus
2641 4429 2867 4494 mentis,
2904 4445 3066 4498 quam
3103 4433 3334 4486 crinium
3368 4435 3452 4486 al-

171 4511 348 4569 ώπου
427 4517 644 4572 πολιοῦ
683 4519 1098 4591 ἐξαναστήσῃ,
1140 4521 1239 4575 καὶ
1279 4520 1551 4591 τιμήσεις
1600 4523 1787 4590 πρόσ-

1895 4522 2011 4574 bor.
2060 4518 2318 4574 Fortasse
2372 4519 2518 4573 enim
2581 4519 2685 4575 hoc
2731 4521 2895 4575 etiam
2947 4523 3135 4578 isthmc
3184 4525 3450 4578 sententia

249 4677 299 4709 ⁸³
339 4678 445 4735 Tit.
484 4697 527 4743 ι,
555 4682 675 4738 6-9.
753 4684 801 4718 ⁸⁸
841 4685 1001 4742 Num.
1026 4685 1309 4755 x1,16,l7.
1388 4685 1432 4717 ⁸⁸
1475 4685 1634 4739 Prov.
1671 4702 1762 4752 xx,
1789 4685 1843 4742 ἓξ

1958 4685 2004 4715 ⁸⁸
2035 4681 2162 4754 Sap.
2211 4699 2282 4750 tv,
2317 4683 2369 4738 9.

407 4818 462 4894 [ιι
501 4839 633 4878 mss.
672 4826 945 4881 nonnullis
968 4827 1183 4894 legitur,
1209 4829 1238 4881 ό
1266 4828 1416 4890 ὅπως
1437 4826 1657 4894 δήποτε.

261 4889 380 4970 (7οὶ
405 4890 542 4970 .Reg.
584 4897 810 4970 primus,
847 4889 1621 4970 apsc6urépou_dtveyzlfj19U,
1653 4912 1770 4970 ρτε·

176 4960 380 5038 ειμιετί
400 4960 673 5038 ίεοῃιράιί.
703 4967 805 5020 Alii
834 4960 942 5022 tres
972 4960 1135 5030 mss;
1153 4960 1504 5038 ἀνεγκλήτοςζ
1532 4960 1771 5038 inculpa-

179 5032 268 5087 tus
298 5032 388 5108 sit.
421 5033 560 5108 Edili
597 5046 652 5089 et
681 5039 788 5108 duo
829 5054 980 5100 mss.,
1027 5032 1398 5108 ἀνεγκλήτως-⁷.
1433 5039 1566 5108 citra
1606 5035 1770 5108 ullam

178 5101 655 5225 τῖῗνειιεηδίοηεηι.
688 5107 978 5177 Aliquanto
1004 5101 1292 5176 post'mss.
1321 5106 1586 5170 nonnulli,
1619 5104 1650 5176 ἢ
1675 5105 1769 5176 ὀρ-

178 5191 214 5225 γ
273 5188 356 5225 ος.

175 5188 356 5242 γιλος.

254 5239 370 5311 (71)
399 5239 474 5294 lla
504 5256 597 5294 sex
634 5255 788 5310 mss.,
818 5258 924 5297 non
960 5257 1118 5298 secus
1149 5257 1214 5296 ac
1245 5250 1425 5296 textus
1454 5255 1626 5296 sacer.
1653 5244 1773 5298 Edi-

179 5313 245 5377 li,
280 5311 654 5365 διδασκαλίαν.

253 5381 369 5449 (72)
401 5381 538 5452 Editi
569 5390 625 5435 et
675 5381 914 5452 quinque
940 5398 1098 5445 mss.,
1137 5382 1230 5436 mi.
1267 5381 1362 5444 ὡς.
1397 5379 1467 5434 At
1487 5380 1638 5435 Coll).
1664 5383 1774 5450 pri-

179 5467 327 5511 mus.
370 5451 484 5513 καί,
518 5459 686 5506 recte.
730 5451 866 5506 Nam
899 5453 1146 5510 voculam
1193 5452 1268 5516 ὡς
1306 5452 1397 5506 hic
1435 5468 1538 5504 non
1571 5466 1769 5508 conve-

178 5521 305 5575 nire
332 5523 677 5590 perspicuum
711 5532 812 5576 est.

253 5591 374 5661 (73)
411 5589 648 5658 Uterque
691 5590 840 5649 Colb.
873 5601 925 5644 et
971 5591 1103 5655 Reg.
1151 5589 1441 5653 secundus,
1481 5589 1770 5646 διαλανθά-

176 5676 294 5714 νειν
316 5661 514 5724 αὐτοὺς
540 5661 652 5724 τόν,
692 5671 966 5730 corrupte.
1003 5664 1106 5716 Alit
1143 5673 1253 5716 tres
1289 5676 1442 5722 mss.,
1483 5662 1646 5714 αὑτὸν
1684 5665 1766 5725 τό,

178 5731 314 5798 etc.,
360 5731 485 5786 auid
513 5733 568 5786 in
615 5732 682 5786 iis
733 5731 950 5801 probum
983 5733 1070 5788 sit.
1134 5731 1326 5787 Nostra
1379 5730 1567 5798 editio,
1605 5733 1767 5786 αὐτὸν

1872 4818 1984 4884 τόν,
2019 4819 2136 4888 quis
2174 4819 2230 4872 in
2265 4817 2331 4871 iis
2357 4817 2550 4887 probus
2578 4815 2832 4888 sit._7Sive
2865 4816 2980 4884 τόν,
3009 4817 3122 4873 sive
3143 4817 3204 4871 τό
3232 4817 3449 4888 legeris.

1875 4899 1996 4960 apta
2020 4886 2299 4960 fetidonea
2324 4886 2590 4960 sententia
2615 4886 2896 4960 efﬁcietur.

1947 4959 2068 5030 ('14)_
2095 4957 2227 5030 Reg.
2257 4958 2526 5030 secundus
2570 4967 2626 5030 et
2667 4959 2771 5012 duo
2797 4957 3113 5030 Colbertini,
3148 4955 3450 5028 πρεσϐυτέ-

1878 5027 1963 5100 ρῳ
1985 5027 2168 5100 πολιά,
2203 5027 2422 5100 canities
2445 5029 2614 5100 gloria
2646 5036 2736 5100 est
2762 5028 2988 5100 _se_n_i_ori.
3015 5029 3121 5100 Alii
3154 5027 3266 5100 tres
3295 5042 3449 5090 mss.,

1880 5096 2270 5170 πρεσϐυτέρων
2301 5096 2481 5152 πολιά.
2516 5096 2920 5170 ΕιΙίιί-ειὲωίξ,
2938 5097 3333 5170 ,πρεσϐυτέρων
3361 5114 3451 5170 πο·

1879 5167 2012 5230 λιαί,
2061 5169 2114 5221 in
2149 5167 2373 5222 numero
2422 5167 2800 5222 multitudinis.
2859 5167 3047 5232 Πολιά,
3101 5182 3208 5222 non
3231 5167 3447 5224 πολιαί.

1883 5242 2042 5292 edere
2092 5237 2266 5292 libuit.
2293 5237 2426 5290 Nam
2461 5247 2820 5305 prasterquam
2853 5240 2994 5305 quod
3033 5240 3104 5290 ita
3156 5237 3206 5289 in
3251 5240 3451 5290 nostris

1883 5325 2012 5363 mss.
2055 5307 2279 5376 legatur,
2317 5308 2506 5361 eodem
2540 5307 2695 5375 plane
2735 5309 2893 5360 modo
2939 5308 3205 5377 scripsere
3238 5321 3450 5374 quoque

1879 5379 2239 5446 antiquissimi
2292 5388 2401 5432 tres
2437 5377 2784 5445 interpretes.
2822 5379 3034 5446 Aquila,
3085 5377 3446 5446 Symmachus

1877 5459 1931 5505 et
1955 5447 2273 5502 Theodotio.

1947 5516 2060 5589 (75)
2093 5517 2245 5588 Regii
2278 5517 2482 5589 primus
2507 5527 2559 5571 et
2584 5526 2830 5589 quartus,
2865 5516 3312 5589 πρεσϐυτερικόν.
3340 5515 3442 5570 Alii

1877 5585 2109 5659 quatuor
2140 5585 2292 5642 ηἱεεξ
2308 5595 2362 5639 et
2388 5588 2538 5659 editi,
2571 5585 2952 5657 πρεσϐυτικόν.
2976 5588 3128 5659 Apud
3148 5585 3294 5641 LXX
3321 5601 3446 5641 vero

1876 5657 2090 5728 legitur,
2131 5659 2438 5728 πρεσϐεῖον,
2462 5657 2707 5712 honorem
2735 5658 3032 5715 senectutis.
