3828 6216
392 300 500 357 287

1342 299 1688 355 APPENDIX
1724 298 2008 356 OPERUM
2047 301 2105 355 S.
2146 301 2389 358 BASlLll
2428 303 2662 360 MAGNI.

3543 306 3652 361 288

393 421 546 475 \‘tlll:
586 419 623 472 Α
651 419 787 488 {acie
807 421 926 474 cani
951 434 1196 489 exsurges
1222 458 1236 483 ,
1271 428 1320 471 et
1345 419 1628 472 honorabis
1670 418 1860 487 facient
1891 436 1969 473 se-

2095 438 2187 475 τον
2240 423 2664 491 πρεσϐυτέρου.
2706 422 2831 477 Ἐὰν
2858 424 2966 495 γάρ
2998 440 3082 488 τις
3110 418 3168 497 ᾖ,
3199 423 3341 479 κατά
3364 424 3458 477 τὸν
3486 426 3654 494 σοφὸν

392 510 558 563 niaris
586 508 655 561 θ’.
688 509 901 563 Etenim
936 510 981 563 si
1043 510 1202 577 quis,
1236 508 1302 562 ad
1352 509 1660 574 exemplum
1701 510 1967 576 sapientis

396 599 665 662 Danielis,
705 612 937 667 corpore
962 598 1178 666 quidem
1211 597 1433 667 juvenis
1473 598 1577 660 sit,
1611 607 1795 653 mente
1841 612 1969 654 vero

395 702 565 742 canas
588 728 603 755 ,
630 689 676 741 is
722 687 926 756 potiori
955 687 1080 756 jure
1118 687 1290 756 pluris
1318 687 1672 742 aestimandus
1698 698 1782 743 est
1806 702 1969 757 quam

394 781 485 847 qui
534 782 778 847 corporis
823 780 1083 835 canitiem
1113 794 1238 833 cum
1277 780 1463 833 animo
1493 778 1706 847 impuro
1729 781 1970 834 circum-

393 871 598 936 ferunt,
633 872 827 940 quales
859 881 1018 926 erant
1044 871 1120 924 illi
1153 868 1444 940 Babylonis
1484 871 1732 926 seniores
1779 872 1971 927 diebus

395 960 550 1016 malis
581 961 899 1019 inveterati.
935 963 1114 1029 Quare
1137 970 1191 1016 et
1226 963 1292 1014 ad
1327 960 1602 1016 Danielem
1633 976 1757 1017 cum
1791 963 1970 1017 adhuc

390 1066 529 1121 puer
564 1064 712 1108 esset
738 1094 753 1115 .
784 1062 838 1108 et
880 1063 1041 1111 aetate
1072 1053 1315 1107 sensibili
1357 1053 1564 1123 junior,
1606 1053 1700 1109 sed
1736 1054 1968 1124 spiritali

392 1143 696 1212 prudentia:
744 1143 948 1201 canitie
1008 1143 1439 1207 cohonestatus,
1498 1142 1697 1197 donum
1758 1144 1972 1197 transiit

394 1236 747 1305 presbyterii.
769 1234 886 1289 Non
921 1237 1068 1290 enim
1111 1236 1518 1289 mentiebantur
1557 1235 1649 1303 qui
1682 1235 1973 1295 dicebant:

414 1324 648 1392 Veni,et
689 1330 811 1381 sede
844 1328 899 1379 in
945 1326 1117 1381 medio
1165 1335 1405 1379 nostrum
1436 1343 1455 1379 :
1501 1327 1630 1396 quia
1686 1327 1781 1379 tibi
1829 1327 1971 1380 dedit

398 1415 546 1470 Deus
575 1417 825 1472 honorem
851 1418 1162 1487 presbyterii
1189 1416 1255 1469 ⁸⁸.
1295 1416 1449 1472 ilunc
1480 1420 1550 1471 ad
1584 1419 1802 1471 modum
1830 1432 1974 1471 non-

396 1522 673 1577 nunquam
718 1510 1019 1580 contingit,
1056 1519 1115 1562 ut
1144 1508 1372 1579 juvenes
1404 1507 1595 1577 majori
1632 1510 1838 1562 bonore
1889 1510 1971 1563 di-

396 1599 615 1666 gniores
648 1600 994 1655 inveniantur
1030 1615 1195 1668 quam
1233 1600 1514 1666 seniores,
1546 1599 1638 1675 qui
1674 1602 1975 1655 oscitanter

393 1691 745 1762 segniterque
787 1693 954 1746 vitam
990 1692 1301 1746 traducunt.
1340 1690 1423 1745 Illi
1471 1691 1637 1761 igitur
1686 1691 1826 1759 apud
1877 1688 1973 1744 Ju-

2074 513 2291 584 Δανιὴλ,
2334 514 2454 576 νέος
2495 514 2592 584 μὲν
2631 513 2692 565 τὸ
2726 514 2908 585 σῶμα,
2938 513 3122 577 πολιὸς
3154 512 3213 566 δὲ
3238 513 3337 581 τὴν
3366 514 3653 585 φρόνησιν,

2073 607 2404 678 δικαιότερος
2436 606 2806 678 προτιμᾶσθαι
2841 606 2947 659 τῶν
2978 606 3079 669 τάς
3107 604 3427 676 σωματικὰς
3461 604 3654 669 πολιὰς

2074 699 2133 750 ἐν
2164 696 2448 767 ἀκολάστῳ
2474 700 2540 768 τῇ
2581 697 2897 768 προαιρέσει
2924 696 3327 767 προφερόντων,
3358 694 3503 748 κατά
3528 695 3650 760 τοὺς

2075 790 2168 842 ἐπὶ
2209 791 2311 860 τῆς
2342 789 2687 852 Βαϐυλωνίας
2723 788 3147 860 πρεσϐυτέρους,
3176 790 3302 851 τοὺς
3337 786 3645 841 πεπαλαιω-

2082 884 2275 953 μένους
2336 882 2560 954 ἡμερῶν
2608 881 2814 935 κακῶν.
2863 880 2955 933 Διὸ
3011 881 3107 933 καὶ
3159 879 3255 932 ἐπὶ
3316 879 3409 933 τὸν
3455 876 3658 948 Δανιὴλ

2079 976 2361 1047 παιδάριον
2417 974 2565 1039 ὄντα,
2610 972 2704 1027 καὶ
2748 971 3012 1044 νεώτερον
3056 973 3199 1025 κατά
3244 970 3343 1041 τὴν
3390 968 3657 1040 αἰσθητὴν

2081 1064 2317 1134 ἡλικίαν,
2343 1062 2440 1135 τὴν
2471 1063 2528 1117 δὲ
2570 1061 2764 1133 νοητὴν
2811 1060 3001 1114 πολιὰν
3046 1062 3142 1113 ἐπὶ
3187 1060 3288 1131 τῆς
3335 1060 3659 1131 φρονήσεως

2079 1156 2304 1227 ἔχοντα,
2340 1155 2573 1226 μετῆλθε
2616 1153 2711 1207 τοῦ
2751 1151 3147 1225 πρεσϐυτερίου
3175 1152 3239 1204 τὸ
3277 1152 3543 1222 χάρισμα.
3580 1151 3658 1203 Οὐ

2078 1246 2185 1319 γὰρ
2237 1245 2520 1315 ἐψεύδοντο
2562 1244 2814 1313 λέγοντες
2837 1261 2852 1274 ·
2900 1243 3102 1311 Δεῦρο,
3154 1241 3256 1296 καὶ
3298 1241 3554 1295 κάθισον
3588 1241 3661 1294 ἐν

2072 1339 2242 1409 μέσῳ
2266 1337 2451 1407 ἡμῶν
2493 1337 2582 1391 ὅτι
2610 1353 2710 1391 σοι
2742 1336 2965 1390 ἔδωκεν
2988 1339 3024 1389 ό
3058 1335 3202 1401 Θεὸς
3227 1334 3296 1389 τὸ
3326 1333 3660 1403 πρεσϐυτέ»

2071 1448 2228 1499 ριον.
2281 1429 2469 1493 Οὕτως
2497 1429 2769 1500 ἐνδέχεται
2796 1446 2947 1493 ποτε,
2980 1428 3368 1500 πρεσϐυτέρων
3397 1426 3661 1500 ῥᾳθύμως

2079 1521 2175 1575 καὶ
2196 1520 2557 1592 ἠμελημένως
2586 1520 2842 1590 βιούντων
2863 1519 3288 1591 προτιμοτέρους
3310 1517 3660 1591 εὑρίσκεσθαι

2079 1614 2253 1677 νέους.
2276 1612 2632 1683 Ψευδώνυμοι
2658 1613 2837 1665 τοίνυν
2861 1614 2909 1665 οἱ
2931 1611 3081 1683 παρά
3118 1610 3389 1673 Ἰουδαίοις
3419 1610 3662 1681 πρεσϐύο

2079 1723 2248 1777 τεροι.
2287 1704 2502 1774 Ἀφεῖλε
2541 1705 2649 1775 γὰρ
2677 1706 2706 1759 ὁ
2748 1703 2900 1769 Θεὸς,
2932 1703 3009 1768 ὡς
3042 1702 3373 1773 πολεμιστὴν
3402 1702 3499 1756 καὶ
3530 1719 3663 1772 προ-

402 1783 548 1842 datos
596 1785 843 1839 seniores
895 1784 1164 1838 ementito
1217 1783 1440 1837 nomine
1489 1784 1570 1838 sic
1620 1785 1973 1837 vocabantur.

2095 1796 2278 1866 ρὴτην,
2330 1793 2472 1847 οὕτω
2523 1793 2619 1847 καὶ
2669 1792 3040 1864 πρεσϐύτερον
3086 1792 3194 1846 ἀπὸ
3232 1791 3326 1844 τοῦ
3379 1790 3513 1844 λαοῦ
3561 1792 3662 1844 αύ-

394 1875 633 1928 Absmlit
658 1875 804 1929 enim
840 1876 1018 1941 Deus,
1049 1886 1108 1929 ut
1141 1874 1459 1931 bellatorem
1511 1887 1567 1931 et
1607 1876 1971 1945 prophetam,

401 1966 476 2018 ita
512 1974 568 2019 et
619 1966 890 2021 seniorem
927 1983 956 2021 a
1002 1966 1311 2025 Iudaeorum
1355 1967 1574 2039 populo.
1621 1966 1754 2026 Oret
1792 1976 1971 2020 autem

394 2058 644 2112 Ecclesia
673 2097 690 2124 ,
722 2074 787 2113 ne
838 2076 867 2113 a
901 2075 960 2115 se
1004 2062 1288 2116 auferatur
1321 2062 1609 2132 presbyter
1656 2074 1719 2113 ac
1764 2060 1973 2124 senior,

394 2151 486 2219 qui
517 2151 621 2205 hoc
662 2151 860 2221 dignus
901 2152 973 2206 sit
999 2154 1239 2207 nomine.
1265 2152 1320 2206 ld
1345 2165 1527 2208 autem
1561 2152 1749 2221 quanti
1790 2152 1873 2212 sit,
1891 2151 1976 2204 fa-

393 2242 646 2307 ciendum
705 2243 997 2298 didicimus
1038 2244 1092 2297 in
1131 2244 1469 2298 Abrahamo.
1501 2241 1639 2296 Nam
1700 2245 1753 2296 in
1815 2256 1979 2311 supe-

397 2331 639 2387 rioribus
691 2334 1140 2401 generationibus
1193 2342 1586 2389 enumerantur
1643 2332 1835 2399 multi,
1884 2334 1975 2403 qui

398 2426 703 2495 longiorem
756 2443 920 2497 quam
968 2428 1080 2497 ipse
1130 2431 1296 2487 vitam
1345 2438 1592 2498 egerunt.
1626 2428 1776 2484 Vixit
1831 2431 1976 2483 enim

395 2517 570 2571 Adam
601 2520 896 2588 nongentis
924 2531 979 2574 et
1016 2520 1239 2588 triginta
1266 2520 1425 2575 annis
1454 2536 1471 2575 :
1504 2520 1805 2575 Mathusala
1841 2535 1977 2573 non-

405 2608 591 2676 gentis
627 2620 682 2663 et
708 2611 1053 2681 septuaginta
1093 2612 1251 2666 anuis
1281 2612 1453 2678 vixit,
1478 2622 1534 2667 et
1583 2621 1830 2667 mortuus
1856 2620 1978 2666 est:

397 2698 536 2752 visit
584 2697 698 2754 Noe
743 2700 1034 2775 nongentis
1087 2701 1277 2766 annis;
1317 2710 1498 2756 tamen
1554 2715 1713 2755 nemo
1761 2700 1979 2754 illorum

396 2790 604 2847 senior.
640 2794 709 2846 At
746 2792 1021 2847 Abraham
1064 2791 1167 2867 fuit
1213 2792 1397 2848 senior
1421 2792 1599 2848 Sarrae
1633 2793 1979 2855 testimonio,

400 2897 527 2953 qua
561 2884 692 2939 dicit
720 2904 731 2936 :
756 2885 1004 2938 Nondum
1036 2885 1249 2954 quidem
1275 2884 1404 2938 mihi
1433 2887 1651 2956 contigit
1685 2885 1939 2941 hactenus
1960 2898 1980 2936 :

405 2976 653 3030 dominus
682 2987 863 3031 autem
890 2995 1038 3038 mens
1068 2979 1253 3046 senior
1281 2977 1350 3031 ⁸⁸.
1383 2979 1517 3032 Erat
1565 2987 1744 3034 autem
1775 2978 1979 3041 senior,

402 3070 545 3140 quod
578 3070 753 3125 virtus
784 3071 1027 3124 animum
1059 3071 1232 3140 ipsius
1260 3069 1461 3126 canitie
1484 3077 1805 3126 ornaverat.

473 3161 599 3216 105.
643 3160 809 3218 Vens.
851 3163 905 3217 ὅ.
958 3162 1024 3215 Et
1056 3164 1343 3233 principem
1375 3179 1532 3233 super
1574 3162 1979 3233 quinquaginta.

400 3254 791 3311 Interminatur
824 3255 1084 3309 Dominus
1121 3256 1463 3311 exercituum
1495 3254 1807 3309 ablaturum
1844 3269 1904 3309 se
1950 3272 1981 3309 a

401 3344 567 3416 452
592 3343 793 3401 ludatis
823 3360 948 3401 cum
986 3345 1215 3415 reliquis
1266 3346 1432 3400 etiam
1487 3345 1789 3415 principem
1824 3360 1988 3416 super

402 3436 820 3507 quinquaginta.
858 3438 977 3504 Qua
1015 3437 1080 3491 de
1114 3452 1283 3491 causa
1316 3436 1422 3501 hoc
1457 3437 1629 3491 dicit?
1656 3436 1809 3503 Quod
1837 3435 1989 3490 ordi»

406 3539 593 3585 natam
620 3544 838 3584 omnem
864 3545 1051 3585 eorum
1075 3530 1525 3599 gubernationem
1557 3528 1997 3599 administratio-~

411 3639 680 3693 nemque,
731 3634 842 3678 toto
869 3638 967 3693 per
1000 3634 1210 3693 partem
1257 3621 1569 3689 designato,
1610 3618 1871 3674 confundi
1923 3633 1988 3671 ac

407 3714 726 3785 permisceri
754 3716 921 3768 sinat.
945 3713 1158 3768 Etenim
1190 3712 1258 3766 de
1283 3713 1513 3767 consilio
1531 3710 1723 3767 Jolbor
1742 3710 1812 3774 9°,
1837 3710 1989 3781 Moy-

408 3820 497 3860 ses
529 3806 798 3871 tribunos,
831 3806 1203 3873 centuriones,
1230 3805 1504 3877 principes
1535 3817 1698 3872 super
1718 3805 1989 3874 quinqua-

407 3899 558 3968 ginta
592 3939 609 3965 ,
649 3908 706 3953 et
749 3898 1077 3953 decuriones
1125 3898 1449 3960 constituit,
1486 3905 1551 3951 ut
1611 3895 1714 3963 ipsi
1777 3895 1991 3965 pondus

410 3990 594 4060 populi
635 3991 1010 4054 sustinerent,
1054 3989 1377 4059 minoraque
1400 3986 1609 4055 judicia
1637 3986 1693 4039 in
1744 4000 1805 4040 se
1852 3986 1995 4040 reei-

411 4091 604 4150 perent
647 4096 839 4137 eorum
861 4124 878 4149 ,
907 4083 1106 4152 quibus
1131 4096 1269 4151 Opus
1306 4089 1451 4135 esset
1488 4080 1715 4151 judicio.
1751 4077 1994 4133 Minatur

411 4172 566 4239 fore,
600 4181 658 4226 ut
688 4174 825 4227 ordo
852 4172 944 4227 ille
968 4188 1033 4228 ac
1069 4182 1245 4227 status
1277 4172 1359 4227 eis
1392 4171 1695 4226 auferatur.
1740 4170 1993 4241 Quapro-

413 4274 536 4333 pter
564 4266 965 4320 intermln'a‘t'tii“
982 4266 1303 4335 ‘p’ri’ncipem
1346 4278 1512 4333 super
1558 4264 1990 4335 quinquaginta,

413 4357 767 4422 bellatorem,
798 4358 1071 4428 judicem,
1117 4356 1520 4426 conjectorem,
1559 4355 1879 4425 proobetam
1927 4369 1994 4408 ac

418 4451 692 4505 seniorem
720 4450 787 4504 ab
816 4450 896 4503 eis
924 4447 1164 4503 ablatum
1189 4448 1277 4501 iri.

487 4539 614 4594 106.
647 4539 717 4593 Et
742 4539 1114 4593 admirabilem
1142 4537 1529 4591 consiliarium.
1567 4533 1860 4591 Consilium
1880 4548 1987 4588 non

416 4648 609 4702 parum
643 4631 805 4687 all‘ert
837 4630 1088 4685 utilitatis
1118 4644 1182 4685 ac
1216 4627 1565 4683 emolumenti
1599 4626 1667 4681 ad
1690 4626 1858 4680 vitam
1886 4626 1989 4680 bo-

419 4725 627 4778 minum
657 4722 1055 4778 instituendam
1080 4762 1097 4786 ,
1128 4721 1270 4792 quod
1304 4735 1465 4775 nemo
1493 4734 1634 4774 unus
1660 4718 1735 4774 sit
1765 4718 1867 4773 sibi
1902 4734 1996 4773 sa-

423 4814 494 4869 tis
523 4812 596 4867 ad
622 4812 804 4867 omnia
833 4812 1184 4883 perﬁcienda,
1206 4809 1304 4865 sed
1337 4809 1407 4863 ad
1437 4823 1499 4863 ea
1527 4822 1650 4878 qua;
1675 4807 1999 4862 conducibi-

2008 3120 2055 3182 (Ξ

2022 4467 2070 4521 ι)

2076 1886 2186 1939 τῶν
2212 1886 2345 1960 (76).
2387 1886 2454 1939 Ἠ
2480 1885 2537 1939 δὲ
2573 1885 2869 1957 Ἐκκλησία
2897 1884 3159 1956 εὐχέσθω,
3188 1884 3263 1961 μὴ
3295 1881 3663 1955 ἀφαιρεθῆναι

2076 1979 2247 2051 αὐτῆς
2279 1977 2672 2051 πρεσϐύτερον,
2705 1977 2798 2032 τὸν
2821 1977 2920 2048 τῆς
2958 1976 3332 2049 προσηγορίας
3357 1975 3508 2040 ἄξιον
3531 1973 3665 2027 ταύ-

2076 2090 2197 2143 της.
2234 2072 2405 2125 Τοῦτο
2442 2072 2499 2125 δὲ
2530 2071 2721 2143 ἡλίκον
2751 2071 2921 2135 ἐστὶν,
2954 2070 3047 2123 ἐπὶ
3071 2068 3167 2122 τοῦ
3207 2068 3461 2140 Ἀϐραὰμ
3491 2084 3669 2139 μεμα-

2077 2164 2343 2236 θήκαμεν·
2366 2164 2448 2216 ὅτι
2476 2162 2959 2237 πολυχρονιώτεροι
2990 2161 3088 2232 μὲν
3118 2160 3284 2214 αὑτοῦ
3310 2160 3497 2213 πολλοὶ
3524 2176 3659 2213 κατ-

2078 2256 2411 2328 ηρίθμηνται
2443 2258 2501 2308 ὲν
2545 2260 2665 2320 ταῖς
2705 2257 2818 2310 ἄνω
2861 2257 3103 2323 γενεαίςο
3160 2254 3324 2326 ἔζησε
3373 2252 3432 2307 δὲ
3490 2252 3665 2323 Ἀδάμ

2079 2350 2393 2402 ὲννεακόσια
2425 2350 2519 2401 καὶ
2547 2348 2839 2419 τριάκοντα
2864 2347 2981 2419 έτη,
3012 2349 3108 2401 καὶ
3145 2346 3304 2416 ἔζησε
3330 2343 3665 2399 Μαθουσάλα

2080 2440 2398 2495 ὲννεακόσια
2427 2442 2520 2493 καὶ
2554 2441 2924 2512 ἑϐδομήκοντα
2968 2440 3086 2511 ἐτη,
3128 2441 3226 2494 καὶ
3268 2437 3541 2492 ἀπέθανε·
3573 2437 3667 2491 καὶ

2080 2530 2243 2603 ἔζησε
2273 2532 2397 2584 Νῶε
2422 2532 2744 2586 ὲννεακόσια
2771 2532 2865 2604 ἔτη
2886 2549 2899 2563 '
2926 2532 3020 2585 καὶ
3039 2531 3413 2603 πρεσϐύτερος
3439 2529 3668 2583 ἐκείνων

2080 2623 2275 2687 οὐδείς.
2325 2624 2462 2677 Ἀλλ’
2519 2625 2770 2696 Ἀϐραὰμ
2811 2624 3183 2697 πρεσϐύτερος
3214 2622 3358 2676 κατά
3386 2623 3490 2695 τὴν
3524 2637 3668 2693 μαρ-

2079 2712 2273 2783 τυρίαν
2317 2713 2557 2786 Σάρρας,
2602 2714 2865 2785 λεγούσης
2888 2733 2902 2746 ο
2948 2714 3123 2767 Οὔπω
3147 2713 3265 2782 μέν
3285 2728 3387 2781 μοι
3419 2711 3672 2781 γέγονεν

2083 2803 2195 2869 ἓως
2221 2802 2328 2857 τοῦ
2360 2803 2478 2858 νῦν
2496 2821 2508 2835 ·
2553 2820 2584 2859 ο
2621 2804 2690 2859 δὲ
2711 2807 2914 2874 κύριός
2928 2822 3046 2875 μου
3072 2806 3493 2873 πρεσϐύτερος.
3536 2805 3674 2875 Πρε-

2084 2895 2342 2967 σϐύτερος
2381 2898 2440 2950 δὲ
2480 2893 2549 2968 ἦν
2577 2897 2666 2951 διὰ
2706 2898 2805 2969 τὴν
2834 2896 3179 2951 πολιώσασαν
3224 2894 3388 2951 αὐτοῦ
3436 2895 3542 2967 τὴν
3569 2896 3674 2965 dm-

2082 2985 2185 3057 χὴν
2213 2985 2325 3057 (77)
2355 2985 2576 3057 ἀρετήν.
2764 2968 2769 2969 ⁷
3396 2968 3405 2977 ⁷

2159 3163 2282 3220 105.
2321 3164 2432 3218 Kal
2497 3165 3045 3235 πεντηκόνταρχον.
3119 3164 3472 3236 ’Δφαιρήσειν
3534 3164 3677 3236 μετά

2085 3254 2192 3310 τῶν
2238 3254 2442 3309 λοιπῶν
2473 3255 2688 3309 ἀπειλεῖ
2722 3255 2930 3328 Κύριος
2975 3254 3202 3310 Σαϐαὼθ
3250 3258 3343 3309 καὶ
3374 3256 3678 3328 πεντηκόν-

2086 3364 2284 3418 ταρχον
2330 3346 2440 3418 (78)
2483 3346 2594 3400 τῶν
2634 3346 2921 3403 Ἰουδαίων.
2979 3348 3045 3401 Τί
3082 3346 3244 3402 τοῦτο
3288 3347 3499 3417 λέγων;
3552 3350 3678 3401 Ὅτι

2088 3441 2271 3493 πᾶσαν
2316 3440 2415 3511 τὴν
2467 3439 2731 3494 εὔτακτον
2783 3441 2913 3512 περὶ
2966 3442 3165 3505 αὐτοὺς
3210 3441 3528 3511 οἰκονομίαν
3583 3443 3680 3495 κα)⁵

2088 3533 2354 3604 διοίκησιν
2379 3533 2571 3605 ἀφίησι
2608 3534 2963 3605 συγχυθῆναι,
2988 3534 3098 3588 ἀπὸ
3127 3534 3325 3606 μέρους
3354 3534 3417 3587 τὸ
3442 3535 3566 3588 ὅλον
3590 3534 3682 3588 λέ-

2090 3641 2222 3693 γων.
2248 3622 2559 3696 Χιλιάρχων
2588 3624 2698 3698 γὰρ
2740 3626 2834 3679 καὶ
2882 3627 3299 3698 ἑκατοντάρχων
3331 3626 3429 3679 καὶ
3475 3643 3681 3696 πεντη-

2093 3715 2414 3787 κοντάρχων
2483 3717 2578 3769 καὶ
2634 3716 2913 3787 δεκάρχων
2932 3754 2948 3781 ,
3001 3717 3144 3770 κατὰ
3199 3717 3297 3787 τὴν
3364 3716 3683 3788 συμϐουλὴν

2105 3806 2311 3879 Ἰοθὼρ,
2371 3808 2480 3861 ὑπὸ
2519 3808 2798 3872 Μωῦσέως
2851 3810 3265 3864 καταστάντωνο
3305 3808 3447 3863 ὥστε
3487 3810 3686 3865 διαϐα-

2096 3899 2313 3963 στάξειν
2334 3899 2528 3962 αὐτοὺς
2551 3898 2643 3952 τὸν
2670 3899 2820 3963 λαὸν,
2843 3902 2937 3953 κα)⁵
2959 3900 3028 3953 τὰ
3048 3901 3250 3970 ἥσσονα
3292 3901 3538 3972 κρίματα
3570 3902 3682 3954 τῶν

2093 3990 2364 4061 δεομένων
2402 3991 2639 4061 κρίσεως
2668 3993 2753 4060 ἐφ’
2779 3993 3006 4057 ἑαυτοὺς
3043 3991 3415 4063 ἀναδέχεσθαι,
3443 3996 3479 4065 ή
3513 3995 3709 4061 ἀπειε

2095 4082 2161 4153 λὴ
2212 4083 2396 4145 αὐτοῖς
2434 4084 2572 4144 ἐστι,
2627 4082 2729 4154 τὴν
2785 4082 3148 4155 διακόσμησιν
3199 4083 3405 4156 ταύτην
3449 4085 3687 4157 ἀφαιρε-

2098 4172 2381 4244 θήσεσθαι.
2410 4173 2509 4226 Διά
2534 4172 2693 4227 τοῦτο
2724 4172 3185 4246 ἀφαιρεθήσεσθαι
3219 4174 3399 4228 αὐτῶν
3428 4176 3524 4228 καὶ
3550 4191 3686 4228 πεν-

2100 4264 2467 4335 τηκόνταρχον
2492 4264 2725 4318 ἀπειλεῦ
2758 4264 3108 4337 πολεμιστὴν,
3156 4266 3247 4319 καὶ
3275 4265 3561 4337 δικαστὴν,
3590 4264 3689 4319 καὶ

2104 4355 2425 4428 στοχαστὴν,
2453 4357 2548 4409 καὶ
2573 4359 2855 4429 προφήτην
2881 4357 2977 4411 καὶ
3004 4356 3373 4430 πρεσϐύτερον
3401 4357 3537 4429 (79).

2145 4533 2266 4592 106.
2284 4537 2393 4591 Καὶ
2412 4538 3138 4607 θαυμαστὸνσύμϐουλον.
3156 4537 3296 4592 Πολὺ
3311 4538 3373 4591 τὸ
3387 4539 3690 4607 ἀναγκαιον

2103 4629 2199 4683 καὶ
2228 4632 2500 4703 χρήσιμον
2530 4631 2596 4684 ἐκ
2621 4630 2719 4699 τῆς
2746 4629 3057 4701 συμϐουλῆς
3075 4628 3153 4701 τῷ
3186 4630 3287 4701 βίῳ
3312 4630 3423 4683 τῶν
3448 4630 3566 4700 (80)
3591 4634 3688 4686 ἀν-

2106 4720 2361 4793 θρώπων,
2406 4722 2497 4776 διὰ
2544 4722 2605 4775 τὸ
2650 4722 2749 4776 ἕνα
2797 4721 2999 4793 μηδένα
3032 4719 3210 4792 ἑαυτῷ
3245 4719 3500 4793 ἐξαρκεῖν
3550 4723 3692 4794 πρὸς

2111 4813 2311 4875 πάντα,
2338 4813 2474 4867 ἀλλά
2509 4811 2717 4867 δεῖσθαι
2748 4813 3023 4867 κοινωνῶν
3058 4812 3223 4866 πλέον
3250 4811 3396 4866 κατά
3428 4812 3535 4883 τὴν
3580 4814 3693 4866 τῶν

493 4956 543 5041 ⁸;
574 5004 750 5060 Levit.
784 5017 912 5071 ιιι,
940 4999 1032 5056 52.
1101 4999 1148 5032 ⁸⁸
1179 4997 1319 5053 Dan.
1366 5012 1500 5061 xm,
1531 4995 1623 5050 50.
1697 4994 1743 5026 δ’
1786 4993 1923 5049 Gen.
1978 5010 1981 5046 :

2101 4992 2266 5059 ι,ΙΞ.
2344 4991 2391 5022 ⁸ο
2430 4988 2605 5044 Exod.
2656 5007 2822 5056 mn,
2872 4990 2964 5055 21.

487 5163 771 5247 μϐλῐὶεε.
806 5175 1176 5247 secuqaus_et
1223 5170 1484 5247 uterque-
1498 5154 1679 5247 Cio-lib,
1718 5153 1857 5247 λαοῦ
1874 5155 2000 5247 Δ«αςδῖ

421 5225 539 5303 τού,
580 5225 644 5289 ab
674 5225 786 5303 ipso
817 5232 1029 5299 populo.
1073 5225 1488 5303 Animadvertas
1527 5225 1680 5303 velim
1713 5240 1835 5294 quae
1866 5239 2001 5303 tuo:

425 5295 618 5361 auctor
645 5295 830 5359 narrat
855 5295 922 5357 de
961 5302 1121 5356 annis
1149 5297 1455 5353 Matltusala
1483 5305 1537 5349 et
1570 5296 1636 5346 de
1670 5305 1831 5349 aetate
1866 5295 1999 5354 Noe,

423 5359 637 5431 eat—non
677 5375 901 5429 omnino
928 5370 1237 5427 consentire
1275 5383 1449 5436 neque
1478 5382 1599 5421 cum
1631 5363 1794 5432 LXX,
1833 5379 2005 5433 neque
2112 5359 2205 5413 tim
2235 5361 2473 5436 quinque
2503 5359 2657 5436 n_.ss.,
2676 5359 2798 5436 fiuit
2826 5359 2889 5436 τὲ
2914 5359 3029 5436 ’ἕνα

427 5462 551 5502 cum
581 5445 829 5515 Vulgata.

502 5515 615 5595 (77}
644 5502 735 5594 Sic
761 5513 910 5595 ςόῖιξ.
946 5513 1012 5595 A_t
1057 5526 1149 5568 sex
1184 5507 1354 5564 nostri
1389 5520 1547 5570 mss.,
1575 5504 1663 5560 διὰ
1689 5505 1789 5577 τὴν
1816 5502 2012 5558 πολιῶ-

431 5603 533 5642 σαν
551 5583 718 5637 αὐτοῦ
739 5585 836 5654 τῆς
857 5583 1056 5654 ψυχῆς.

2177 5147 2286 5220 (79)
2309 5147 2416 5220 Alii
2450 5164 2580 5204 mss.
2614 5149 2835 5215 habent,
2864 5146 3198 5220 πρεσϐύτην.
3228 5147 3473 5202 Aliicum
3504 5146 3691 5210 editis,

2108 5218 2284 5292 πρεσϐ
2293 5218 2502 5292 ύ-τε-ρον.

2180 5290 2290 5360 (80)
2321 5285 2483 5353 Etl'iti,
2507 5289 2584 5360 τῷ
2612 5289 2712 5359 βίῳ
2739 5290 2819 5360 τῷ
2836 5289 2967 5360 τῶν.
2996 5290 3065 5343 Αι
3083 5303 3240 5360 πνεῖς..
3275 5285 3376 5360 βιῳ
3408 5285 3695 5360 τῷν-διε-

3074 5356 3285 5429 μηδέναί
3312 5356 3513 5429 ἑαυτῷ.
3550 5358 3690 5426 Reg.

2108 5440 2351 5500 quartus,
2376 5429 2472 5500 bad
2495 5429 2556 5484 τὸ
2592 5430 2813 5500 μηδένα.
2850 5429 3013 5492 Editi,
3047 5427 3221 5482 διάτὺ
3252 5428 3347 5481 ἕνα
3394 5427 3717 5500 μηδὲίὲαψε

2108 5446 2351 5498 quartus,
2383 5446 2472 5482 οια
2495 5446 2556 5484 το
2592 5446 2813 5501 μηοενα.
2851 5446 3013 5492 natu,
3047 5446 3134 5482 οια
3160 5446 3221 5481 το
3252 5446 3347 5481 ενα
3389 5446 3533 5549 gnos
3566 5446 3686 5480 εαυ-

2107 5500 2186 5570 τῴ
2212 5516 2223 5527 ο
2255 5498 2345 5552 ubi
2373 5499 2478 5553 hoc
2506 5503 2676 5554 solum
2699 5502 2814 5554 vitii
2843 5509 2964 5570 est,
2986 5501 3127 5567 quod
3156 5508 3283 5570 post
3312 5515 3387 5569 μη
3424 5497 3450 5549 έ
3477 5498 3686 5570 syllaba

2111 5566 2175 5623 να
2219 5572 2570 5638 typograpbis
2603 5571 2888 5625 exciderit.
2936 5566 3176 5624 Subinde
3229 5566 3384 5638 Reg.
3412 5566 3689 5638 secundus

500 5636 1457 5726 (78)111ιιὰ,’Α’καιδπεντηκόνταρχον,
1517 5645 1753 5703 additum
1805 5654 1888 5703 est
1946 5660 1976 5701 e

2110 5642 2301 5726 fil-dli?
2330 5636 2646 5707 Colbertini,
2689 5640 2960 5696 κοινωνῶν
3004 5639 3287 5701 πλειόνων,
3318 5636 3560 5708 pluribus
3588 5637 3687 5689 ad-

435 5723 668 5798 qnatuor
706 5723 856 5781 libris
891 5723 1189 5779 veteribus.

2103 5708 2408 5781 jutoribuss
