3828 6216
164 318 273 374 289

1033 314 1390 373 COMMENT.
1430 313 1497 373 IN
1531 313 1764 369 ISAIAM
1804 313 2249 371 PBOPHETAM.
2292 313 2445 369 CAP.
2488 314 2579 368 Ill.
3332 316 3440 372 390

166 426 563 500 συμφερόντων
615 429 868 499 ἐκλογὴν,
916 430 951 501 ἢ
997 428 1138 483 κατά
1181 428 1281 492 τὰς
1330 429 1611 499 ἐνεργείας
1658 428 1749 490 τὰς

1866 432 1930 486 lia
1971 442 2097 486 sunt
2123 432 2371 498 eligenda
2408 431 2581 501 magis
2599 429 2941 501 adjutoribus
2972 429 3245 496 indigeat,
3270 444 3434 500 quam

164 518 507 591 σωματικὰς.
555 518 721 573 Ὥστε
766 516 1207 591 ἀσυμϐούλευτὸς
1245 519 1531 592 ἄνθρωπος
1576 520 1757 575 πλοῖόν

163 612 315 665 ἐστιν
339 610 735 682 ἀκυϐέρνητον,
771 611 848 676 ὡς
877 611 1038 683 ἔτυχε
1065 614 1188 677 ταῖς
1217 615 1412 684 φοραῖς
1448 613 1556 667 τῶν
1589 630 1755 667 πνευ-

165 700 355 771 μάτων
386 701 759 773 ἐκδεδομένον.
792 704 858 757 Εί
888 704 1072 759 τοίνυν
1111 705 1171 758 ἐν
1198 707 1320 769 ταῖς
1361 705 1492 776 περὶ
1521 704 1632 759 τῶν
1660 722 1757 757 τυ-

163 793 371 864 χόντων
408 793 634 864 σκέψεσι
679 795 1019 867 συμϐούλους
1061 796 1569 868 παραλαμϐάνομεν
1621 796 1756 866 (Si).

166 884 295 938 ὅταν
328 886 470 957 ὑπὲρ
514 886 696 958 ψυχῆς
734 888 831 941 καὶ
875 887 985 941 τῶν
1030 887 1402 960 διαφερόντων
1446 888 1586 959 αὐτῇ
1631 887 1757 957 βου-

164 972 476 1044 λευώμεθα,
521 976 641 1041 πῶς
682 977 808 1048 οὐχὶ
852 978 980 1042 τοὺς
1021 977 1372 1050 θαυμαστοὺς
1420 979 1758 1051 συμϐούλους

164 1066 534 1139 ἐπιζητητέον
570 1071 739 1141 ήμῖν;
793 1070 1036 1124 Ἰουδαῖοι
1066 1070 1247 1125 τοίνυν
1288 1072 1382 1139 ἀφ’
1409 1066 1471 1124 οῦ
1495 1071 1556 1125 τὸ
1587 1070 1754 1141 πονη-

166 1161 262 1233 ρὸν
293 1162 622 1233 συμϐούλιον
650 1164 975 1234 ἐποιήσαντο
1002 1163 1064 1216 τὸ
1091 1162 1210 1227 πῶς
1235 1161 1618 1234 παραδώσουσι
1647 1161 1759 1234 (82)

163 1256 256 1311 τὺν
284 1254 525 1327 Κύριον,
572 1254 793 1323 ἀφεῖλεν
830 1253 1010 1307 αὐτῶν
1039 1256 1068 1307 6
1092 1252 1301 1325 Κύριος
1326 1253 1420 1307 τὸν
1447 1253 1759 1324 θαυμαστὸν

166 1346 497 1420 σύμϐουλον,
542 1337 605 1398 οὗ
634 1345 734 1408 τὰς
779 1344 877 1415 μὲν
912 1343 1222 1415 συμϐουλὰς
1254 1342 1562 1414 ἐθαύμαζον
1584 1361 1595 1374 ·
1642 1344 1761 1409 Ἐξ-

162 1438 560 1506 επλήσσοντο
574 1436 683 1508 γὰρ
710 1435 809 1489 ἐπὶ
826 1433 902 1504 τῇ
921 1432 1142 1504 διδαχῇ
1159 1434 1364 1489 αὐτοῦ’
1385 1437 1506 1498 ταῖς
1528 1434 1585 1488 δὲ
1618 1452 1759 1506 παρ⁶

163 1530 443 1584 αινέσεσιν
483 1527 546 1581 οὐ
592 1529 901 1598 προσεῖχον.
937 1524 1065 1589 Πῶς
1093 1525 1152 1578 δὲ
1177 1526 1240 1579 οὐ
1269 1523 1585 1596 θαυμαστὸς
1624 1526 1760 1596 σύμ-

164 1621 379 1686 ϐουλος,
416 1621 446 1673 6
486 1618 613 1674 ἀντὶ
653 1619 772 1687 τοῦ,
821 1615 1158 1687 Ὀφθαλμὸν
1203 1616 1340 1672 ἀντὶ
1389 1616 1501 1688 (85)
1538 1618 1760 1686 ὀφθαλ-

154 1713 303 1783 μοῦ,
318 1694 738 1784 συμϐουλεύων,
761 1709 844 1781 τῷ
870 1709 1155 1780 ῥαπίζοντι
1177 1709 1275 1781 τὴν
1299 1709 1482 1775 δεξιὰν
1507 1712 1756 1781 σιαγόνα,

1861 524 1928 576 ad
1960 520 2277 589 corporales
2307 521 2556 578 actiones
2599 521 2996 590 producendus.
3028 519 3218 593 Itaque
3271 521 3435 576 homo

1871 614 2187 670 consiliario
2213 629 2445 681 carens,
2480 615 2634 670 navis
2667 623 2750 671 est
2797 629 2896 670 suo
2940 615 3199 669 destituta
3237 614 3439 682 guber-

1861 715 2082 771 natore,
2112 713 2423 773 temereque
2448 706 2693 775 exposita
2719 704 3105 775 agitationibus
3123 713 3431 759 ventorum.

1858 795 1978 851 Jam
2006 811 2138 852 vero
2164 796 2208 853 si
2242 795 2296 849 in
2324 795 2727 864 quaestionibus
2763 795 2831 850 de
2861 794 3024 857 rebus
3066 793 3287 851 levioris
3322 807 3438 847 mo-
3476 790 3477 797 “

1859 888 2029 943 menti
2068 885 2272 943 habitis
2296 886 2615 944 adhibemus
2643 886 2988 941 consiliarios
3017 903 3031 940 :
3062 901 3184 941 cum
3206 887 3276 941 de
3319 884 3440 941 ani~

1859 992 1946 1032 ma
1974 986 2031 1031 et
2057 978 2126 1031 de
2158 976 2322 1032 rebus
2346 976 2777 1033 emolumentum
2813 974 3035 1045 aliquod
3071 975 3172 1045 ipsi
3199 974 3437 1030 afferen-

1860 1065 2006 1121 tibus
2067 1065 2271 1120 inimus
2338 1065 2665 1131 consilium,
2715 1079 2896 1121 nonne
2947 1065 3253 1134 inquirendi
3316 1073 3443 1119 sunt

1858 1158 2019 1214 nobis
2045 1157 2396 1213 admirabiles
2426 1157 2778 1213 consiliarii?
2809 1158 2886 1212 Ex
2933 1172 3042 1227 quo
3074 1158 3239 1226 igitur
3270 1155 3439 1215 Judaei

1858 1265 2083 1321 pravum
2117 1249 2454 1305 constituere
2485 1250 2777 1309 consilium
2799 1288 2816 1314 ,
2868 1263 3107 1318 quonam
3141 1257 3302 1317 pacto
3334 1247 3444 1301 Do-

1860 1343 2065 1398 minum
2131 1342 2384 1397 tradituri
2447 1352 2635 1398 essent
2674 1382 2689 1407 ,
2749 1342 3013 1396 Dominus
3075 1340 3442 1395 consiliarium

1859 1431 2265 1500 admirabilem,
2298 1432 2452 1501 cujus
2479 1433 2706 1489 consilia
2737 1432 2844 1488 illis
2872 1442 3031 1488 erant
3057 1431 3442 1493 admirationi,

1859 1526 1931 1579 ab
1981 1524 2115 1591 ipsis
2170 1523 2439 1579 abstulit:
2504 1524 2850 1579 Mirabantur
2892 1525 3038 1578 enim
3091 1524 3149 1576 in
3204 1523 3447 1577 doctrina

1860 1614 1975 1685 ejus
2008 1613 2079 1680 ἰ,
2112 1631 2214 1671 nec
2270 1626 2449 1673 tamen
2501 1618 2745 1671 animum
2796 1617 3158 1672 attendebant
3215 1618 3283 1670 ad
3327 1614 3446 1682 eius

1863 1706 2089 1761 monita.
2126 1706 2317 1762 Nonne
2378 1706 2724 1762 consiliarius
2775 1706 2867 1760 ille
2919 1714 3042 1759 erat
3084 1705 3443 1765 admirabilis,

163 1807 429 1878 στρέφειν
452 1804 602 1876 αὐτῷ
624 1804 720 1858 καὶ
737 1803 837 1874 τὴν
862 1803 1047 1874 ἀλλην*
1076 1802 1150 1874 μὴ
1173 1801 1514 1875 ὀργίζεσθαι,
1543 1805 1618 1875 μὴ
1644 1804 1749 1875 (84]

1866 1798 1952 1867 qui
1996 1798 2119 1854 loco
2175 1799 2323 1855 illius
2369 1800 2645 1864 mandati,
2677 1798 2906 1853 Oculum
2961 1814 3058 1866 pro
3091 1796 3241 1852 oculo
3281 1796 3351 1862 ",
3392 1797 3443 1849 id

160 1895 510 1962 δικάζεσθαι,
555 1897 631 1967 μὴ
673 1894 963 1965 ἐπιθυμεῖν
993 1893 1103 1947 τῶν
1148 1893 1415 1967 αἰσχρῶν,
1444 1894 1638 1967 ἐχθρὸν
1682 1895 1756 1968 μὴ

160 1991 444 2063 ἡγεῖσθαι,
478 1989 593 2043 ἀλλ’
618 1989 840 2059 ἀγαπᾷν
864 1988 992 2052 τοὺς
1023 1986 1336 2059 μισοῦντας,
1372 1988 1447 2061 μὴ
1485 1990 1759 2061 μεριμνᾷν

163 2084 299 2155 περὶ
322 2083 434 2137 τῶν
460 2081 720 2155 φθαρτῶν
742 2096 755 2111 ’
787 2079 862 2152 μὴ
905 2081 1337 2152 μετεωρίζεσθαι
1366 2081 1464 2154 τὴν
1496 2082 1757 2147 διάνοιαν,

166 2175 245 2248 μὴ
273 2176 461 2247 ζητεῖν
488 2173 638 2245 παρὰ
663 2171 798 2228 Θεοῦ
826 2172 896 2225 τὰ
929 2172 1122 2244 μικρά·
1155 2174 1216 2226 ἐν
1250 2173 1469 2245 οὐρανῷ
1497 2174 1600 2245 τὴν
1630 2192 1762 2245 καρ-

160 2264 285 2320 δίαν
328 2265 496 2336 ἔχειν,
536 2266 654 2318 ἐκεῖ
700 2261 1058 2334 μετατιθέντα
1093 2263 1224 2328 τοὺς
1264 2263 1608 2337 θησαυροὺς,
1640 2265 1762 2337 Θεῷ

162 2358 429 2418 συνεῖναι,
461 2353 781 2423 φιλάδελφον
807 2348 974 2415 εἶναι,
1009 2351 1299 2423 συμπαθῆ,
1325 2353 1642 2407 κοινωνικὸν
1677 2346 1756 2407 ὧν

160 2445 303 2517 ἔχει,
339 2444 414 2516 μὴ
456 2447 516 2498 ἐν
539 2441 794 2513 βρώμασι
824 2441 889 2494 τὸ
927 2441 1147 2512 μιαρὸν,
1180 2441 1294 2495 ἀλλ’
1325 2445 1388 2496 ἐν
1424 2442 1622 2513 καρδίᾳ
1664 2442 1762 2497 καὶ

160 2537 488 2608 προαιρέσει
529 2533 813 2600 τίθεσθαι;
863 2532 1067 2587 Τοῦτον
1111 2532 1206 2587 τὸν
1251 2533 1323 2587 τά
1352 2534 1578 2588 τοιαῦτα
1624 2548 1762 2607 συμέ

161 2629 515 2692 ϐουλεύοντα,
563 2623 706 2681 οὕτω
752 2626 875 2681 θεῖα
915 2626 1011 2679 καὶ
1060 2624 1386 2697 θαυμαστὰ,
1435 2627 1525 2682 διὰ
1576 2627 1640 2681 τὺ
1685 2627 1761 2701 μὴ

157 2720 423 2792 δεχθῆναι
448 2721 579 2793 παρ’
621 2719 822 2785 αὐτῶν,
849 2716 1070 2787 ἀφεῖλεν
1095 2719 1124 2771 6
1148 2716 1354 2790 Κύριος
1385 2718 1521 2788 (85).
1562 2720 1762 2774 Οὐκέτι

158 2807 262 2867 οῦν
294 2811 609 2882 θαυμαστός
643 2811 773 2881 παρ’
807 2809 991 2871 αὐτοῖς
1026 2807 1351 2879 σύμϐουλος.
1382 2810 1681 2883 Εύξώμεθα
1704 2813 1762 2866 δὲ

161 2904 245 2975 μὴ
289 2901 740 2973 ἀποστερηθῆναι
788 2898 1109 2971 θαυμαστοῦ
1156 2900 1463 2971 συμϐούλου
1495 2902 1595 2974 τὴν
1646 2904 1764 2957 Ἐκ-

158 2996 401 3067 κλησίαν
447 2994 674 3066 ταύτην,
708 2994 819 3057 ἵνα,
863 2993 1083 3048 ἐπειδὰν
1116 2992 1400 3067 καταλάϐῃ
1423 2994 1548 3048 τινὰ
1572 2996 1763 3068 καιρὸς

158 3089 266 3149 τῆς
304 3087 447 3157 ὑπὲρ
481 3085 591 3140 τῶν
621 3084 936 3153 ἀναγκαίων
962 3082 1177 3154 βουλῆς,
1207 3084 1528 3155 ἀπαντήσας
1565 3086 1645 3149 είς
1669 3085 1762 3140 τὸν

1861 1891 1956 1943 dat
1983 1890 2197 1946 consilii
2224 1929 2242 1956 ,
2276 1899 2337 1945 ut
2374 1892 2421 1946 si
2452 1891 2576 1960 quis
2622 1891 2905 1947 dexteram
2961 1899 3107 1946 tuam
3160 1887 3440 1944 maxillam

1861 1980 2228 2049 percusserit,
2259 1980 2513 2037 obvertas
2539 1980 2617 2035 illi
2648 1991 2704 2035 et
2748 1980 2979 2035 alteram
3014 1979 3062 2021 ⁸³
3091 1996 3105 2034 :
3141 1987 3200 2033 ut
3245 1991 3315 2032 ne
3339 1977 3448 2031 ira-

1861 2072 2056 2136 scaris,
2084 2085 2154 2125 ne
2186 2070 2391 2141 ligites,
2421 2088 2489 2127 ne
2519 2072 2697 2142 turpia
2732 2071 3140 2140 concuspiscas,
3172 2082 3241 2124 ne
3277 2066 3442 2122 ullum

1861 2163 2142 2220 existimes
2176 2163 2271 2217 tibi
2322 2164 2638 2230 inimicum,
2694 2164 2825 2234 quin
2874 2164 3055 2232 potius
3094 2170 3152 2218 ut
3190 2177 3312 2226 eos,
3352 2163 3447 2235 qui

1864 2261 1916 2309 te
1945 2254 2071 2309 odio
2096 2254 2338 2321 habent,
2374 2254 2598 2324 diligas;
2626 2256 2721 2325 qui
2750 2262 2935 2315 monet
2960 2263 3018 2307 ut
3044 2267 3117 2308 ne
3157 2255 3446 2322 quisquam

1862 2346 1931 2403 de
1981 2347 2147 2402 rebus
2207 2347 2543 2416 corruptioui
2593 2346 2850 2401 obnoxiis
2906 2344 2977 2398 sit
3030 2343 3334 2409 sollicitus,
3377 2360 3446 2399 ne

1862 2447 2047 2493 mente
2077 2436 2357 2503 efferatur.
2390 2453 2459 2493 ne
2484 2450 2653 2508 parva
2687 2453 2719 2493 a
2752 2438 2864 2493 Deo
2887 2446 3073 2508 petat,
3099 2447 3160 2493 ut
3189 2439 3245 2494 in
3275 2442 3442 2502 cutio.

1864 2529 2205 2584 transmissis
2237 2529 2367 2583 illuc
2403 2529 2697 2593 thesauris.
2724 2544 2822 2584 cor
2850 2530 3069 2596 haheat,
3098 2540 3160 2586 ut
3184 2546 3307 2586 cum
3334 2530 3448 2586 Deo

1861 2629 2133 2686 versetur,
2187 2620 2388 2675 fratres
2422 2631 2596 2688 amet,
2637 2620 2833 2677 alienis
2863 2633 3279 2677 commoveatur
3297 2625 3447 2677 cala-

1862 2708 2176 2774 mitatibus,
2205 2708 2348 2764 alios
2382 2724 2571 2765 eorum
2611 2724 2732 2778 qua:
2777 2712 3023 2779 possidet
3060 2710 3229 2767 faciat
3278 2714 3448 2781 parti-

1862 2800 2033 2871 cipes,
2076 2811 2134 2856 ut
2162 2817 2230 2856 ne
2272 2810 2426 2870 putet
2458 2803 2513 2856 in
2548 2802 2698 2859 cibis
2736 2803 2918 2859 inesse
2950 2804 3247 2873 quidquam
3274 2804 3450 2875 pollu-

1866 2902 1978 2948 tum
1999 2933 2014 2958 ,
2047 2893 2142 2948 sed
2179 2894 2232 2948 in
2259 2897 2424 2950 corde
2453 2905 2508 2949 et
2537 2896 2592 2949 in
2617 2895 2786 2953 animi
2817 2896 3137 2965 proposito?
3162 2897 3264 2965 Qui
3297 2895 3449 2966 ejus-

1863 2985 2007 3043 n'odi
2056 2985 2285 3045 consilia
2346 2986 2484 3042 adeo
2522 2988 2707 3043 divina
2759 2997 2814 3045 et
2846 2989 3189 3045 admirabilia
3240 2990 3449 3055 dabat,

1865 3091 1992 3132 cum
2020 3077 2144 3132 ideo
2186 3078 2452 3135 Dominus
2499 3079 2765 3147 abstulit,
2799 3080 2944 3150 quod
2976 3082 3153 3150 ipsum
3207 3096 3316 3137 non
3349 3098 3445 3137 ac-

159 3176 318 3234 οἶκον
371 3177 564 3231 τοῦτον
613 3177 676 3231 τὸ
731 3176 910 3231 κοινὸν
956 3174 1065 3231 τῶν
1109 3174 1303 3245 ψυχῶν.
1358 3174 1749 3248 βουλευτήριον,

1866 3171 2134 3241 ceperint.
2167 3171 2355 3241 Itaque
2384 3187 2491 3226 non
2516 3180 2602 3228 est
2638 3172 2751 3241 jam
2784 3149 2924 3244 apud
2960 3149 3108 3242 ipsos
3152 3173 3450 3231 admirabi-

158 3272 306 3346 εὕρῃ
331 3271 446 3342 (86)
474 3270 631 3340 λόγον
669 3267 1092 3340 παρακλήσεως,
1126 3260 1237 3319 οἷόν
1262 3284 1314 3321 τι
1342 3268 1458 3336 φῶς
1501 3266 1637 3338 πρὸς
1661 3267 1761 3340 τὴν

159 3365 388 3435 εὕρεσιν
420 3361 530 3416 τῶν
565 3360 882 3430 ἀναγκαίων
924 3361 1047 3422 ταῖς
1071 3357 1272 3428 ψυχαῖς
1317 3358 1664 3429 ἐμποιοῦντα,
1704 3360 1760 3414 Ὀ

160 3455 244 3520 δὲ,
284 3451 576 3524 παρούσης
614 3449 924 3522 ωμὸουλῆς
957 3447 1194 3518 ἀγαθῆς,
1236 3445 1317 3518 τῷ
1347 3446 1617 3519 θελήματι
1660 3449 1761 3519 τῆς

160 3546 398 3619 καρδίας
424 3543 590 3599 αὐτοῦ
618 3542 985 3614 πορευόμενος
1014 3541 1114 3610 τῆς
1146 3539 1402 3610 ματαίας,
1428 3541 1613 3611 ὅμοιός
1642 3543 1762 3594 ἐστι

158 3637 246 3708 τῷ
278 3635 541 3706 Ῥοϐοάμ,
568 3634 628 3698 ὃς
654 3633 931 3704 ἀτιμάσας
963 3631 1062 3702 τὴν
1089 3631 1368 3697 σώζουσαν
1396 3629 1622 3701 γνώμην
1649 3631 1761 3686 τῶν

163 3728 598 3803 πρεσϐυτέρων,
637 3724 924 3796 ἠκολούθει
960 3726 1075 3788 τοῖς
1113 3723 1402 3796 νεωτέροις
1430 3725 1544 3787 τοῖς
1578 3741 1764 3777 συνεκ-

158 3821 456 3894 τραφεῖσιν
487 3816 671 3887 αὐτῷ,
710 3817 777 3870 δι’
817 3815 913 3878 οὓς
955 3816 1049 3870 καὶ
1100 3815 1209 3869 τῶν
1246 3814 1380 3868 δέκα
1439 3813 1623 3884 φυλῶν
1661 3815 1762 3887 τῆς

164 3911 449 3984 βασιλείας
474 3909 754 3977 ἐξέπεσεν.

1863 3262 1933 3317 lis
1983 3263 2355 3319 consiliarius.
2402 3262 2674 3319 Caeterum
2725 3279 3046 3333 precemur,
3094 3279 3162 3320 ne
3208 3264 3452 3321 Ecclesia

1862 3354 1969 3415 hoc
1996 3355 2305 3412 admirabili
2341 3356 2662 3412 consiliario
2707 3356 3058 3422 destituatnr,
3095 3365 3154 3409 ut
3182 3370 3306 3413 cum
3350 3370 3444 3410 oc-

1868 3449 2024 3502 casio
2078 3447 2299 3517 petendi
2339 3448 2406 3502 dc
2457 3447 2620 3504 rebus
2669 3448 2996 3503 necessariis
3056 3447 3273 3503 consilii
3328 3462 3452 3502 sese

1868 3541 2100 3611 cuipiam
2171 3540 2412 3604 dederit,
2489 3540 2555 3594 ad
2616 3539 2757 3594 hanc
2837 3538 3096 3604 domum,
3162 3553 3453 3599 commune

1868 3634 2175 3688 animarum
2229 3631 2558 3699 consilium,
2608 3630 2874 3697 veniens,
2928 3629 3173 3685 inveniat
3220 3631 3444 3685 verbum

1868 3724 2331 3790 consolatorium,
2381 3738 2491 3793 quo
2525 3723 2690 3778 veluti
2727 3722 2818 3776 lux
2862 3722 3109 3791 quadam
3165 3723 3453 3779 animabus

1870 3816 1936 3870 ad
1990 3816 2315 3869 invenienda
2362 3829 2425 3870 ea
2466 3829 2588 3886 qua:
2620 3813 2725 3868 sibi
2757 3812 3114 3885 conducunt_,
3164 3809 3447 3869 all'eratnr.

1867 3905 2036 3960 Porro
2064 3907 2156 3974 qui
2185 3906 2307 3960 vani
2340 3906 2423 3961 sui
2465 3907 2649 3961 cordis
2679 3903 2965 3958 voluntate
2996 3903 3191 3969 fertur,
3221 3904 3445 3959 etiamsi

160 4003 457 4062 consilium
506 4003 707 4055 bonum
750 3997 948 4052 habeat
992 3995 1062 4051 ad
1102 3994 1318 4050 manum
1342 4038 1357 4063 ,
1414 3995 1460 4048 is
1514 3995 1772 4050 assimilis
1808 4004 1892 4049 est
1931 3993 2171 4049 Roboam
2195 4037 2211 4063 ,
2286 3996 2380 4065 qui
2447 3997 2724 4052 seniorum
2761 3992 2987 4052 salutari
3020 3992 3184 4066 453
3222 3995 3449 4050 εοιιείιὶυ

162 4105 375 4166 spreto,
405 4090 651 4162 iuniores
683 4101 873 4142 secum
898 4085 1155 4140 educatos
1179 4095 1402 4140 secutus
1424 4095 1530 4149 est,
1555 4100 1782 4153 quorum
1806 4101 1969 4154 opera
2013 4088 2303 4156 imperium
2329 4088 2383 4141 in
2405 4089 2590 4144 decem
2619 4088 2794 4143 tribus
2822 4085 3014 4141 amisit
3047 4086 3111 4139 “.

240 4186 368 4243 {07.
408 4182 523 4238 Καὶ
558 4179 758 4249 σοφὸν
796 4176 1205 4246 ἀρχιτέκτονα,
1237 4178 1392 4233 Μετὰ
1423 4178 1485 4231 τὸ
1522 4176 1757 4249 ἀρθῆναι

162 4280 281 4336 ἀπὸ
327 4276 439 4331 τῶν
506 4272 775 4329 Ἰουδαίων
814 4272 914 4344 τὴν
963 4272 1233 4342 ὠφέλειαν
1283 4270 1378 4325 τοῦ
1435 4269 1753 4339 θαυμαστοῦ

165 4367 500 4442 συμϐούλου,
537 4365 597 4429 ὃς
624 4364 898 4417 ἐδείκνυτο
926 4362 1002 4416 ὢν
1043 4364 1072 4415 ὁ
1106 4360 1311 4434 Κύριος
1341 4360 1501 4433 ὴμῶν
1546 4362 1753 4432 Ἰησοῦς

161 4458 426 4534 Χριστὸς,
458 4455 602 4529 ῆρθη
643 4455 735 4507 ἀπ’
764 4454 945 4507 αὐτῶν
995 4454 1089 4508 καὶ
1128 4455 1156 4507 6
1191 4452 1354 4522 σοφὸς
1384 4452 1748 4524 ἀρχιτέκτων,
1786 4485 1832 4540 D

162 4554 264 4607 καὶ
284 4549 506 4618 ἐγένετο
523 4543 819 4607 ἀπόστολος
833 4542 1023 4609 ἐθνῶν,
1039 4545 1068 4596 6
1101 4542 1351 4614 Ἐϐραῖος
1370 4542 1429 4609 ἐξ
1462 4541 1749 4612 Ἐϐραίων,

157 4645 193 4696 ὁ
230 4639 379 4696 κατὰ
421 4638 587 4710 νόμον
630 4638 949 4709 Φαρισαῖος,
991 4633 1203 4698 Παῦλος
1246 4632 1433 4697 δοῦλος
1463 4635 1754 4704 γενόμενος

173 4732 356 4804 Ἰησοῦ
388 4725 651 4800 Χριστοῦ,
690 4726 749 4779 ὃν
786 4725 978 4779 ἐδίωκε
1024 4724 1163 4795 (87).
1213 4722 1310 4786 Τίς
1337 4725 1373 4793 ἡ
1401 4722 1502 4793 τῆς
1539 4723 1759 4795 ἀρχιτε-

160 4822 428 4893 κτονικῆς
454 4818 620 4875 αὐτοῦ
643 4819 955 4890 ἐπιστήμης
987 4816 1263 4883 ἀπόδειξις
1285 4832 1300 4881 ;
1322 4815 1495 4878 Αὐτὸς
1524 4815 1633 4886 γάρ
1656 4832 1759 4885 φη-

166 4934 254 4971 σιν
274 4932 292 4948 ο
340 4914 441 4979 Ὠς
464 4912 660 4981 σοφὸς
679 4908 1042 4979 ἁρχιτέκτων
1075 4908 1354 4978 θεμέλιον
1383 4906 1639 4961 τέθεικα.
1675 4902 1760 4960 Οἷ-

167 5029 267 5083 μαι
291 5008 373 5073 δέ,
400 5008 483 5060 ὅτι
508 5005 602 5059 καὶ
632 5002 694 5056 τὺ
722 5001 950 5072 Πνεῦμα
976 5000 1036 5053 τὸ
1060 4999 1214 5067 ἅγιον
1235 4999 1612 5071 ἀρχιτεκτονεῖ
1645 4998 1761 5050 Ἐκ-

163 5100 401 5171 κλησίαν
432 5095 591 5160 Θεοῦ,
614 5094 736 5148 κατ’
764 5093 927 5146 αὐτὸν
959 5091 1052 5144 τὸν
1073 5089 1287 5143 Παῦλον
1317 5089 1568 5157 λέγοντα·
1605 5090 1758 5141 Συν-

1938 4178 2061 4235 107.
2113 4179 2180 4233 Et
2212 4180 2501 4249 sapientem
2534 4182 2901 4236 architectum.
2934 4177 3231 4248 Postquam
3272 4191 3304 4232 a
3346 4175 3447 4232 Ju-

1865 4268 1995 4323 daais
2055 4269 2263 4324 utilitas
2314 4272 2564 4325 submota
2601 4281 2690 4326 est
2721 4268 3064 4325 admirabilis
3103 4266 3402 4322 consiliarii
3427 4308 3442 4327 .

1861 4359 1953 4429 qui
1985 4360 2298 4415 declaratus
2326 4371 2414 4417 est
2441 4377 2564 4417 esse
2593 4363 2857 4417 Dominus
2888 4368 3077 4417 noster
3106 4358 3266 4415 Jesus
3295 4356 3448 4413 Chri-

1861 4460 1999 4516 stus,
2032 4452 2101 4507 ab
2137 4453 2324 4508 iisdem
2371 4468 2587 4525 quoque
2618 4453 2833 4509 ablatus
2863 4462 2949 4507 est
2988 4451 3211 4520 sapiens
3256 4451 3444 4504 archi-

1863 4552 2069 4612 tectus,
2106 4554 2162 4601 et
2199 4546 2378 4602 factus
2405 4556 2489 4602 est
2542 4548 2785 4616 gentium
2822 4544 3105 4612 apostolus
3133 4581 3149 4607 ,
3187 4541 3450 4596 Hebraus

1867 4621 1936 4690 ex
1964 4635 2231 4706 Hebraais,
2271 4639 2573 4695 secundum
2612 4638 2782 4707 legem
2813 4637 3122 4692 Pharismus
3152 4634 3220 4700 ",
3244 4633 3452 4688 Paulus

1866 4725 1991 4782 Jesu
2018 4727 2260 4795 Christi,
2285 4746 2446 4800 quem
2471 4730 2928 4800 persequebatur,
2967 4743 3161 4783 servus
3185 4724 3447 4782 eli‘ectns.

1869 4820 2152 4888 Quodnam
2177 4833 2259 4879 est
2283 4833 2667 4895 argumentum
2703 4823 2821 4893 ejus
2849 4836 2955 4890 qua
2998 4818 3235 4889 pollebat
3266 4816 3445 4871 scien-

1868 4913 1957 4967 tia:
1986 4914 2466 4972 architectonicas?
2497 4916 2660 4971 Certe
2684 4917 2760 4970 ait
2790 4915 2905 4984 ipse
2932 4932 2946 4968 :
2981 4911 3051 4968 Ut
3089 4910 3300 4980 sapient
3342 4924 3440 4960 ar-

1865 5000 2113 5056 chitectus
2148 5003 2551 5073 fundamentum
2589 5007 2742 5075 posui
2768 5005 2835 5056 ³⁸.
2866 5003 3120 5058 Arbitror
3163 5010 3345 5053 autem
3387 5009 3442 5051 ιιι

1866 5106 1894 5142 n
1930 5089 2137 5161 Spiritu
2177 5106 2366 5151 sancto
2394 5112 2494 5151 ceu
2541 5098 2611 5152 ab
2641 5095 2945 5149 architecto
2993 5091 3296 5146 Ecclesium
3345 5088 3437 5141 Dei

250 5196 298 5229 ’ί
334 5188 526 5244 Matth.
557 5201 669 5260 irin
690 5224 706 5251 ,
736 5186 827 5240 55.
901 5185 948 5216 ⁸³
976 5183 1150 5239 Levit.
1179 5180 1448 5249 xxxv,_20.
1525 5180 1572 5213 ”
1606 5180 1749 5234 Mattl

1866 5199 1893 5244 π,
1926 5184 2014 5241 59.
2092 5187 2140 5219 ⁸⁸
2172 5187 2236 5246 Ill
2275 5188 2408 5260 Reg.
2442 5206 2518 5244 xu
2539 5228 2555 5253 ,
2587 5189 2655 5243 l0
2680 5203 2838 5257 seqq.
2912 5186 2959 5219 "
2991 5185 3222 5252 Philipp.
3252 5197 3312 5235 ιιι
3333 5222 3349 5248 ,

162 5270 211 5301 ’⁸
247 5268 265 5321 1
290 5264 420 5321 Cor.
455 5273 552 5322 ιιι,
576 5257 664 5309 l0.

233 5364 353 5437 (8i)
394 5360 474 5417 Ita
500 5378 600 5437 sex
638 5377 775 5417 mss.
818 5359 889 5413 At
912 5350 1746 5437 θάἰιῖησυμπαραλαρλϐόινομενἶ

1926 5353 2038 5423 (8ί)
2074 5351 2293 5408 Veteres
2324 5362 2554 5423 quatuor
2592 5352 2712 5407 libri
2765 5347 3107 5421 simpliciter,
3153 5342 3254 5414 μή.
3294 5339 3439 5401 Editi

158 5422 371 5492 Ne‘cit'a
400 5433 573 5487 multo
613 5442 733 5503 post
760 5446 906 5503 _mss.
941 5428 1115 5503 multi,
1146 5422 1555 5498 βουλευώμεθα.
1603 5422 1748 5476 Editi

1866 5422 2063 5503 vero_et
2090 5425 2197 5503 duo
2224 5422 2379 5503 tussi,
2423 5423 2581 5495 μηδέ.

158 5517 218 5563 et
248 5497 636 5574 Reg._tertius,
665 5497 1051 5574 βουλευόμεθα,

235 5559 364 5648 (8‘2)
378 5572 472 5629 Sic
502 5559 717 5648 veteres
749 5559 987 5640 quinque
1010 5566 1157 5624 libri.
1200 5565 1343 5622 Editi
1364 5577 1495 5620 vero
1527 5569 1582 5618 et
1612 5559 1745 5632 Reg.

162 5640 814 5723 ντίζιειεεμῖεαραδφῖωσι-
914 5710 926 5722 .
1117 5708 1130 5723 .
1202 5708 1217 5723 .
1339 5704 1366 5716 -

236 5714 353 5789 (85)
377 5704 525 5789 Editi
575 5721 630 5767 et
667 5712 799 5781 Reg.
849 5710 1072 5782 primus,
1107 5708 1227 5763 ἀντὶ
1273 5704 1389 5760 τοῦ.
1438 5704 1605 5760 Abest
1651 5704 1744 5755 τοῦ

166 5784 387 5844 ab'aliis
421 5784 663 5855 quinque
688 5796 820 5837 mss.

1851 5561 1894 5615 Θ
1924 5492 2036 5615 (85)
2092 5492 2152 5548 ln
2190 5480 2458 5564 aliquibus
2485 5480 2636 5548 'mss.
2693 5491 2957 5561 scriptum
3013 5485 3360 5550 oll'endimus,
3406 5480 3441 5533 ὁ

1896 5580 1921 5615 ε
1956 5581 2008 5615 ε.

1896 5580 2033 5704 208?)
2073 5630 2286 5704 Habent
2302 5642 2437 5704 mss.
2467 5624 2727 5704 nonnulli,
2758 5622 2929 5704 εὖροι.

1923 5691 2035 5776 (87')
2064 5702 2228 5768 Editi,
2269 5697 2476 5766 ἐδίωξε.
2515 5700 2585 5753 At
2620 5711 2749 5751 mss.
2782 5691 3035 5764 quatuor,
3074 5691 3322 5747 ἐδίωκεν.
