3828 6216
376 326 475 382 291

1330 317 1668 375 ΑΡΡΕΝΒΙΧ
1709 317 1994 375 OPERUM
2035 318 2095 373 S.
2137 312 2382 370 BASlLll
2409 312 2652 370 MAGNI.

3531 317 3640 374 992

378 440 669 505 aediﬁcari,
714 438 1012 494 secundum
1060 434 1285 491 Paulum
1341 435 1517 506 ipsum
1554 475 1570 500 ,
1619 435 1710 504 qui
1768 436 1941 491 dicit:

2066 430 2458 500 ηκοδομεῖσθε
2491 429 2605 500 (88)
2633 430 2721 495 εἰς
2755 426 3212 496 κατοικητήριον
3237 428 3346 483 τοῦ
3383 428 3533 483 Θεοῦ
3567 431 3642 486 ἐν

377 529 794 601 Cowdiﬁcamini
838 529 894 581 in
945 527 1305 580 habitaculum
1365 526 1463 580 Dei
1516 528 1569 580 in
1622 525 1828 596 Spiritu
1861 526 1946 591 ";

378 623 683 691 asseritque
705 619 1003 674 Ecclesiam
1023 618 1368 673 ministrante
1393 617 1602 687 Spiritu
1623 618 1948 672 coaediﬁcari

379 724 434 769 et
459 727 707 768 crescere
730 711 786 765 in
815 710 1073 781 templum
1103 721 1356 765 sanctum
1391 709 1443 764 in
1486 708 1738 763 Domino.
1767 708 1952 779 Itaque

375 818 508 867 eos,
548 802 638 870 qui
695 798 845 856 hunc
915 799 1292 855 admirabilem
1344 800 1722 854 consiliarium
1776 799 1949 854 Deum

381 889 617 943 Verbum
689 887 1032 955 reiecerunt,
1085 887 1318 958 sapienti
1372 890 1676 945 architecto
1744 889 1949 958 Spiritu

376 987 564 1032 sancto
598 979 870 1047 spoliavit.
901 975 1270 1046 Quapropter,
1295 992 1420 1032 cum
1461 992 1566 1032 non
1594 977 1829 1032 habeant
1857 976 1950 1045 qui

374 1083 470 1121 eos
499 1076 842 1139 coagmentet
872 1083 934 1122 ac
963 1068 1277 1137 compingat
1297 1107 1313 1134 ,
1337 1072 1480 1134 {sunt
1510 1067 1672 1122 soluti
1717 1077 1880 1137 atque
1922 1082 1950 1120 a

376 1171 434 1212 se
465 1158 695 1212 invicem
727 1159 995 1227 separati,
1028 1172 1201 1228 neque
1227 1173 1324 1228 per
1348 1157 1684 1225 spiritualem
1712 1157 1951 1212 aediﬁca-

378 1254 578 1306 tionem
611 1253 726 1308 ﬁeri
764 1253 854 1307 Dei
888 1253 1143 1322 templum
1181 1262 1432 1321 possunt.
1464 1251 1576 1306 Nos
1601 1266 1732 1306 vero
1765 1265 1956 1321 prece-

376 1361 520 1410 mur,
553 1354 611 1399 ut
637 1345 891 1399 Ecclesia).
920 1346 1259 1398 ministretur
1295 1343 1533 1412 Spiritus
1568 1343 1706 1397 adeo
1750 1351 1807 1396 ut
1851 1358 1953 1397 no-

374 1435 462 1488 bis
503 1435 775 1505 spiritales
827 1436 1157 1489 architectos
1224 1433 1570 1497 constituat,
1639 1432 1950 1502 cujusmodi

374 1537 496 1582 erat
536 1527 776 1582 Beseleel
798 1571 813 1595 ,
851 1541 1015 1597 quem
1048 1525 1295 1594 implevit
1332 1526 1473 1579 Deus
1500 1524 1708 1594 Spiritu
1743 1523 1952 1588 divino,

377 1618 583 1688 Spiritu
615 1617 989 1686 intelligentia:
1019 1625 1076 1671 et
1100 1615 1342 1670 scientiae
1372 1615 1439 1681 θε,
1469 1625 1529 1667 ut
1555 1615 1955 1669 architectoni-

374 1725 467 1765 ces
489 1723 651 1780 Opera
689 1695 872 1762 omnia
903 1705 1292 1761 fabrefaceret.
1332 1706 1396 1759 Et
1425 1705 1735 1775 prudentem
1788 1704 1952 1758 audi-

2051 523 2348 592 Πνεύματι
2366 536 2382 550 ·
2412 521 2508 574 καὶ
2534 521 2596 573 τὸ
2623 519 2712 574 διὰ
2740 520 2842 590 τῆς
2879 520 3238 591 ἐπιχορηγίας
3260 519 3355 573 τοῦ
3388 520 3644 591 Πνεύμα-

2049 633 2140 679 τος
2191 611 2688 684 συνοικοδομεῖσθαι
2731 611 2826 665 καὶ
2877 609 3064 674 αὔξειν
3109 613 3189 673 εἰς
3221 610 3349 664 ναὸν
3386 611 3541 678 ἅγιον
3579 611 3644 664 ὲν

2051 705 2260 776 Κυρίῳ.
2298 706 2438 768 Τοὺς
2469 699 2563 758 οὖν
2595 701 3000 765 ἀποϐάλλοντας
3027 701 3118 754 τὸν
3146 700 3456 770 θαυμαστὸν
3495 699 3641 771 σύμ-

2051 797 2262 862 ϐουλον,
2289 796 2382 850 τὸν
2408 796 2542 850 Θεὸν
2575 797 2772 864 Λόγον,
2805 794 3049 864 ἐρήμους
3076 792 3301 863 ἐποίησε
3332 791 3426 846 τοῦ
3471 790 3639 860 σοφοῦ

2051 888 2452 960 ἀρχιτέκτονος,
2472 887 2567 939 τοῦ
2587 887 2743 954 ἁγίου
2761 885 2903 938 Πνεύ
2911 900 3097 954 ματος.
3115 882 3216 935 Διά
3231 883 3388 936 τοῦτο
3409 881 3481 952 μὴ
3500 881 3643 951 ἕχον-

2050 995 2142 1042 τες
2183 977 2275 1031 τὸν
2316 975 2824 1048 συναρμολογοῦντα
2855 971 3178 1036 αὑτοὺς-καὶ
3211 970 3641 1042 συμϐιόάζοντα,

2052 1069 2332 1140 λελυμένοι
2356 1069 2464 1120 εἰσὶ
2485 1068 2578 1120 καὶ
2609 1065 2919 1142 ἐσχισμένοι
2958 1065 3053 1118 ἀπ’
3092 1063 3359 1134 ἀλλήλων,
3385 1060 3642 1131 γενέσθαι

2053 1162 2176 1225 ναὸς
2196 1160 2330 1213 Θεοῦ
2355 1160 2443 1213 διὰ
2464 1160 2563 1229 τῆς
2585 1159 2958 1228 πνευματικῆς
2977 1156 3267 1226 οἰκοδομῆς
3303 1154 3376 1225 μὴ
3405 1154 3645 1223 δυνάμε-

2053 1268 2153 1305 νοι.
2214 1249 2356 1303 Ἀλλ’
2408 1251 2572 1319 ἡμεῖς
2621 1245 2929 1317 εὐξώμεθα,
2970 1245 3113 1316 ἔχειν
3154 1245 3255 1315 τὴν
3312 1241 3642 1313 Ἐκκλησίαν

2053 1346 2151 1417 τὴν
2174 1345 2535 1415 ὲπιχορηγίαν
2557 1341 2651 1395 τοῦ
2684 1340 3023 1410 Πνεύματος,
3056 1337 3197 1390 ὥστε
3224 1333 3642 1390 ἀναδείκνυσθαι

2056 1438 2188 1508 ἡμῖν
2234 1437 2359 1500 τοὺς
2396 1433 2798 1504 πνευματικοὺς
2850 1430 3258 1500 ἀρχιτέκτονας.
3294 1429 3477 1490 ὁποῖος
3507 1421 3578 1496 ἦν
3611 1425 3642 1478 ἑ

2055 1527 2340 1598 Βεσελεὴλ,
2371 1527 2429 1579 ὃν
2451 1525 2742 1594 ἐνέπλησεν
2771 1523 2945 1585 ὁΘεὸς
2973 1520 3198 1591 Πνεῦμα
3222 1517 3384 1582 Θεῖον,
3411 1517 3643 1588 Πνεῦμα

2057 1619 2324 1681 συνέσεως
2355 1619 2450 1671 καὶ
2481 1617 2814 1686 ἐπιστήμης,
2853 1613 3257 1685 ἀρχιτεκτονεῖν
3285 1610 3429 1664 κατὰ
3459 1608 3643 1662 πάντα

2052 1709 2122 1763 τὰ
2140 1709 2276 1781 ἔργα
2295 1709 2395 1779 τῆς
2423 1708 2851 1778 ἀρχιτεκτονίας.
2882 1705 2991 1760 Kal
3019 1703 3281 1758 συνετὸν
3301 1702 3631 1772 ἀκροατήν.

376 1811 563 1854 torem.
604 1798 664 1852 Si
707 1799 866 1867 juxta
922 1796 1270 1852 Salomonem
1299 1839 1313 1864 ,
1355 1794 1537 1850 Sermo
1591 1797 1853 1863 pretiosus
1901 1797 1951 1848 in

2066 1803 2120 1854 Ei
2161 1800 2304 1853 κατά
2329 1800 2420 1852 τὸν
2446 1798 2797 1869 Σολομῶντα,
2822 1797 3012 1865 Λόγος
3046 1789 3402 1860 πολυτελὴξ
3415 1793 3526 1864 (89)
3553 1795 3643 1859 εἰς

375 1907 557 1946 aurem
588 1891 908 1944 obedientem
935 1889 1008 1954 '9,
1059 1887 1151 1942 ubi
1187 1901 1367 1942 sermo
1394 1902 1499 1941 non
1528 1896 1632 1951 est,
1661 1887 1842 1941 auditu
1875 1886 1958 1940 ni-

374 1982 449 2035 hil
477 1995 611 2051 opus
638 1989 740 2035 est.
779 1980 913 2034 Cum
947 1979 1116 2049 igitur
1165 1992 1197 2032 e
1232 1977 1412 2032 medio
1467 1977 1716 2032 sublatus
1745 1978 1818 2032 sit
1857 1978 1954 2032 ad-

2055 1888 2164 1957 οὖς
2211 1890 2494 1956 εὑήκοον,
2550 1891 2684 1942 ὅπου
2737 1889 2894 1957 λόγος
2947 1888 3048 1940 οὐκ
3093 1888 3261 1950 ἔστιν,
3307 1885 3431 1938 οὐδὲ
3471 1885 3646 1954 ἀκοῆς

2054 1982 2234 2054 χρεία.
2282 1981 2437 2034 Ἐπεὶ
2461 1976 2554 2034 οὖν
2580 1979 2723 2053 ῆρΘη
2745 1982 2773 2032 ὁ
2809 1979 3122 2050 θαυμαστὸς
3153 1975 3476 2048 σύμϐουλος,
3506 1975 3643 2028 ἀκο-

374 2073 640 2127 mirabilis
682 2071 772 2126 ille
831 2070 1228 2134 consiliarius,
1280 2069 1516 2138 quadam
1569 2069 1951 2138 consequentia

2066 2073 2260 2137 immeo;
2304 2071 2654 2143 συναφῃρέθη
2687 2071 2782 2124 καὶ
2815 2071 2843 2123 ὁ
2884 2071 3104 2133 συνετὸς
3141 2069 3436 2140 ἀκροατής.
3465 2067 3644 2121 Ὅπου

373 2165 537 2219 etiam
573 2165 812 2233 prudens
845 2163 1062 2218 auditor
1098 2161 1260 2217 simul
1290 2161 1508 2217 ablatus
1539 2168 1646 2216 est.
1679 2160 1777 2215 Ubi
1809 2161 1951 2214 enim

2066 2163 2162 2234 γὰρ
2191 2162 2453 2234 ἀργύριον
2486 2163 2586 2215 οὐκ
2623 2161 2767 2224 ἐστι,
2795 2160 3133 2232 τραπεζίτης
3165 2161 3346 2232 ἀργεῖ.
3381 2156 3645 2229 Λυπηρὸν

372 2263 654 2324 argentum
709 2270 814 2308 non
865 2262 986 2317 est,
1017 2254 1225 2308 otiatur
1275 2253 1563 2322 trapezita.
1617 2252 1712 2306 Est
1768 2261 1948 2305 autem

2066 2253 2112 2306 se
2141 2253 2237 2306 καὶ
2264 2254 2391 2306 ὅταν
2418 2253 2574 2321 λόγος
2606 2252 2705 2323 μὲν
2790 2252 3005 2323 πλήρης,
3039 2251 3348 2322 νοημάτων,
3380 2249 3475 2302 καὶ
3499 2247 3644 2301 κατά

372 2347 661 2402 molestum
691 2347 981 2417 quiddam,
1019 2361 1142 2400 cum
1175 2359 1358 2399 sermo
1389 2345 1611 2414 quidem
1650 2343 1950 2412 intelligen-

2066 2344 2398 2415 πραγμάτων
2427 2344 2746 2414 φερόμενος,
2781 2346 2810 2397 ὁ
2834 2343 2891 2396 δὲ
2919 2343 3154 2406 συνετῶς
3176 2341 3356 2396 αὐτῶν
3379 2339 3645 2394 ἐπαισθα-

374 2432 463 2493 tiae
504 2448 560 2494 et
589 2439 982 2493 sententiarum
1010 2437 1216 2504 (plenus
1245 2437 1501 2501 habetur,
1526 2444 1580 2490 et
1611 2435 1703 2504 qui
1737 2435 1803 2489 de
1831 2433 1951 2488 offi-

2066 2437 2280 2507 νόμενος
2311 2437 2384 2506 μή
2421 2439 2590 2507 παρῇ,
2621 2435 2699 2506 τῷ
2732 2436 2805 2507 μὴ
2838 2435 2984 2506 ἔχειν
3014 2433 3083 2487 τὰ
3109 2429 3222 2487 ὦτα
3246 2435 3346 2505 τῆς
3371 2433 3575 2504 ψυχῆς,
3607 2429 3646 2485 ἃ

374 2529 478 2581 ciis
512 2537 732 2594 tractet,
767 2542 866 2581 nec
907 2535 1087 2581 tamen
1125 2527 1279 2582 adest
1311 2528 1602 2596 quisquam
1634 2528 1726 2596 qui
1759 2528 1951 2582 isthmc

2066 2512 2089 2580 ό
2114 2529 2318 2600 Κύριος
2349 2528 2483 2598 πρὸς
2511 2529 2611 2598 τὴν
2640 2527 2749 2581 τῶν
2784 2526 2928 2581 ἰδίων
2954 2527 3126 2597 λόγων
3152 2525 3415 2597 ἀκρόασιν
3450 2523 3646 2594 ὲπιζη⁴

370 2617 670 2686 prudenter
727 2617 1042 2686 percipiat,
1092 2626 1383 2685 propterea
1421 2618 1568 2686 quod
1609 2632 1704 2672 eas
1760 2617 1951 2671 anima:

2066 2623 2163 2684 τεῖ,
2198 2620 2402 2688 λέγων·
2452 2620 2504 2672 Ὁ
2534 2620 2693 2687 ἔχων
2728 2614 2849 2689 ὦτα
2872 2619 3145 2684 ἀκούειν,
3175 2616 3461 2672 ἀκουέτω.

375 2723 537 2761 aures
569 2723 674 2761 non
731 2707 961 2772 habeat,
995 2723 1134 2777 quas
1161 2709 1424 2764 Dominus
1467 2711 1534 2763 ad
1576 2723 1800 2763 suorum
1835 2723 2148 2765 sermonum
2215 2711 2668 2767 auscultationem
2729 2711 2977 2780 requirit,
3044 2711 3268 2765 dicens:
3338 2707 3446 2774 Qui
3485 2705 3642 2761 habet

372 2815 528 2853 aures
559 2797 850 2864 audiendi,
884 2799 1068 2852 audiat
1110 2801 1152 2854 ί.

480 2896 569 2950 08.
599 2896 763 2950 Vens.
794 2896 848 2948 4.
881 2894 948 2948 Et
994 2896 1260 2965 imponam
1302 2867 1656 2950 adolescentes
1691 2897 1949 2965 principes

2125 2892 2247 2946 108.
2289 2891 2404 2945 Καὶ
2449 2890 2762 2960 ἐπιστήσω
2793 2889 3158 2954 νεανίσκους
3202 2887 3501 2956 ἄρχοντας
3532 2888 3645 2941 αὐ-

372 3003 554 3043 eorum
595 3003 613 3042 :
654 2987 912 3040 derisores
972 2985 1388 3040 dominabuntur
1437 2988 1534 3041 eis.
1597 2987 1800 3055 Duplex
1869 2995 1954 3042 est

374 3096 548 3150 poenae
592 3094 785 3150 genus,
823 3090 879 3134 et
911 3077 1070 3133 bonis
1121 3078 1358 3147 privari,
1396 3088 1451 3134 et
1487 3079 1629 3133 tradi
1660 3079 1953 3133 deteriori-

372 3172 494 3228 bus.
529 3171 889 3241 Posteaquam
919 3171 1063 3225 enim
1106 3169 1423 3224 Dominator
1470 3169 1731 3226 Dominus
1762 3171 1950 3224 abstu~

372 3263 436 3318 lit
461 3263 528 3317 ab
555 3261 736 3317 Judaea
771 3273 828 3316 et
875 3262 942 3316 ab
979 3259 1279 3315 Jerusalem
1315 3262 1481 3315 robur
1508 3261 1666 3330 panis
1699 3270 1754 3316 et
1787 3263 1952 3316 robur

373 3371 570 3426 aquae,
610 3355 882 3425 gigantem
944 3354 1139 3408 fortem
1177 3391 1192 3417 ,
1255 3354 1530 3407 hominem
1591 3353 1948 3417 bellatorem,

371 3447 648 3516 judicent,
678 3447 1074 3516 coniectorem,
1112 3445 1416 3516 principem
1463 3457 1631 3513 super
1679 3446 1952 3515 quinqua-

373 3535 522 3604 ginta
540 3573 555 3599 ,
581 3535 960 3589 admirabilem
994 3534 1364 3589 consiliarium
1386 3573 1402 3600 ,
1425 3535 1731 3604 sapientem
1782 3538 1954 3590 archi-

373 3633 578 3680 tectum
617 3633 674 3679 et
705 3625 1024 3694 prudentem
1067 3625 1372 3681 auditorem
1403 3643 1419 3682 :
1471 3635 1600 3682 tunc
1631 3629 1835 3682 minata
1870 3638 1952 3684 est

376 3715 658 3786 Scriptura
681 3757 696 3784 ,
733 3715 850 3770 fore
874 3725 934 3770 ut
968 3716 1100 3785 ipsis
1131 3716 1507 3773 adolescentes
1528 3718 1805 3790 principes
1829 3721 1953 3774 mit-

372 3814 661 3864 terentur:
697 3809 834 3878 adeo
869 3818 1092 3862 noverat
1125 3809 1265 3862 hanc
1293 3823 1513 3877 pinnam
1548 3811 1948 3878 gravissimam,

377 3915 498 3954 cum
545 3901 613 3954 ab
660 3897 1098 3954 adolescentibus
1161 3900 1372 3968 regitur
1429 3900 1954 3970 administraturque

374 3991 592 4045 civitas.
624 3990 722 4043 Est
766 3990 909 4043 enim
939 3988 1311 4042 adolescentia
1360 3989 1567 4043 levitati
1602 3991 1842 4045 obnoxia
1897 4001 1952 4044 et

377 4083 444 4137 ad
467 4080 671 4152 ﬂagitia
692 4095 859 4150 prona
885 4098 898 4133 :
921 4079 1240 4146 cupiditates
1255 4077 1548 4144 eil'renatae,
1571 4082 1817 4136 belluinac
1837 4085 1952 4148 irae,

374 4173 696 4241 petulantia,
717 4170 1036 4226 contumelia
1055 4168 1241 4241 454,
1272 4171 1521 4239 superbia
1540 4181 1595 4226 et
1623 4176 1951 4244 arrOguntia,

2057 2985 2199 3049 τῶν,
2232 2984 2331 3038 καί
2362 2983 2676 3054 ἐμπαῖκται
2717 2984 3149 3052 κυριεύσουσιν
3196 2979 3416 3034 αὐτῶν.
3467 2980 3645 3051 Διπλῆ

2057 3076 2320 3147 τιμωρία,
2345 3075 2441 3128 καὶ⁹
2478 3074 2845 3145 ἀφαιρεθῆναι
2873 3075 2939 3128 τὰ
2974 3072 3178 3142 ἀγαθὰ,
3213 3072 3306 3125 καὶ
3334 3072 3648 3144 παραδοθῆ-

2059 3187 2145 3222 ναι
2170 3171 2283 3230 τοῖς
2311 3166 2538 3238 χείροσι.
2570 3165 2726 3221 Μετὰ
2764 3166 2874 3239 γὰρ
2901 3167 2961 3220 τὸ
2995 3165 3212 3237 ἀφελεῖν
3243 3165 3333 3218 τὸν
3361 3164 3648 3235 Δεσπότην

2059 3259 2263 3331 Κύριον
2287 3258 2396 3311 ἀπὸ
2418 3258 2516 3328 τῆς
2555 3257 2814 3321 Ἰουδαίας
2841 3257 2933 3310 καὶ
2954 3258 3062 3311 ἀπὸ
3104 3254 3462 3326 Ἰερουσαλὴμ
3489 3256 3648 3326 ἰσχὺν

2058 3352 2226 3423 ἄρτου
2262 3349 2356 3403 καὶ
2389 3351 2540 3419 ἰσχὺν
2573 3348 2789 3413 ὓδατος,
2823 3350 3055 3417 γίγαντα
3097 3348 3190 3401 καὶ
3236 3346 3508 3417 ἰσχύοντα,
3552 3347 3646 3400 καὶ

2059 3443 2344 3514 ἄνθρωπον
2373 3440 2730 3511 πολεμιστὴν,
2761 3440 2854 3493 καὶ
2878 3438 3162 3510 δικαστὴν,
3191 3439 3286 3492 καὶ
3319 3439 3646 3509 στοχαστὴν,

2059 3533 2151 3588 καὶ
2183 3533 2675 3602 πεντηκόνταρχον,
2707 3533 2802 3584 καὶ
2838 3531 3149 3602 θαυμαστὸν
3188 3529 3513 3601 σύμϐουλον,
3551 3531 3649 3584 καὶ

2061 3625 2224 3694 σοφὸν
2290 3623 2670 3696 ἀρχιτέκτονα,
2734 3624 2830 3676 καὶ
2887 3622 3104 3676 συνετὸν
3155 3623 3466 3694 ἀκροατήν·
3521 3622 3649 3676 τότε

2057 3716 2351 3788 ἠπείλησεν
2394 3717 2423 3768 ὁ
2468 3715 2625 3783 λόγος
2680 3716 2860 3778 αὐτοῖς
2913 3712 3424 3785 ὲπιπεμφθήσεσθαι
3469 3716 3651 3768 νεανί-

2061 3825 2221 3871 σκους
2251 3807 2517 3877 ἄρχοντας
2540 3820 2555 3835 °
2588 3805 2730 3859 οὕτω
2775 3806 3165 3876 χαλεπωτάτην
3199 3801 3307 3858 οἶδε
3348 3806 3646 3876 τιμωρίαν,

2061 3899 2166 3952 ὑπὸ
2202 3900 2498 3952 νεανίσκων
2527 3897 2788 3968 ἄρχεσθαι
2829 3899 2923 3951 καὶ
2955 3898 3270 3952 διοικεῖσθαι
3299 3897 3473 3950 πόλιν.
3507 3898 3650 3951 Κοῦ-

2061 4007 2159 4058 φον
2188 3989 2296 4060 γὰρ
2321 3992 2355 4060 ή
2389 3990 2579 4060 νεότης
2607 3991 2700 4043 καὶ
2728 3991 3011 4061 εὐκίνητον
3039 3990 3176 4062 πρὸς
3199 3989 3268 4043 τὰ
3294 3989 3492 4059 φαῦλα⁶
3524 3991 3652 4044 ἐπι-

2062 4081 2248 4152 θυμίαι
2292 4079 2682 4146 δυσκάθεκτοι,
2734 4081 2895 4153 ὀργαὶ
2939 4081 3258 4154 θηριώδεις,
3294 4083 3646 4155 προπέτειαι,

2063 4174 2250 4247 ὕϐρεις
2290 4173 2426 4245 (90),
2462 4175 2831 4246 ὑπερηφανίαι
2874 4177 2968 4228 καὶ
3006 4176 3332 4244 φυσιώσεις,
3368 4175 3649 4247 σύντροφα

377 4265 510 4318 vitia
552 4271 682 4319 sunt
729 4279 838 4317 una
871 4277 994 4317 cum
1027 4263 1313 4330 iuventute
1340 4264 1610 4321 enutrita.
1669 4267 1951 4322 Excitatur

2066 4271 2121 4339 τῇ
2153 4268 2364 4339 νεότητι
2401 4267 2546 4339 πάθη
2572 4285 2585 4298 ο
2618 4267 2801 4336 φθόνοι
2834 4268 2971 4339 πρὸς
3008 4269 3068 4321 τὸ
3099 4269 3382 4340 ὑπερέχον,
3414 4269 3650 4337 ὑποψίαι

378 4353 583 4408 invidia
609 4353 866 4408 adversus
894 4353 1153 4406 virtutem
1185 4353 1698 4420 praestantissimum
1724 4393 1739 4419 ,
1774 4357 1954 4424 suspi-

377 4442 564 4495 ciones
591 4441 862 4495 habentur
890 4439 1157 4494 adversus
1183 4440 1531 4496 domesticos.
1574 4443 1957 4498 Innumerabi-

379 4531 511 4585 lium
540 4530 811 4584 malorum
863 4537 1041 4584 turma
1070 4528 1409 4596 iuventutem
1461 4534 1774 4599 comitatur,
1817 4552 1956 4603 quo-

381 4637 498 4674 rum
548 4621 789 4676 omnium
823 4626 1108 4675 consortes
1141 4632 1266 4674 esse
1305 4621 1554 4677 subditos
1595 4638 1816 4678 necesse
1847 4636 1954 4678 esu

378 4712 589 4781 Quippe
621 4711 924 4780 principum
959 4711 1090 4764 vitia
1144 4709 1487 4765 calamitates
1541 4721 1668 4764 sunt
1713 4713 1958 4766 subdito-

378 4820 496 4858 rum
529 4817 592 4856 ac
627 4804 920 4857 cruciatus.
954 4800 1233 4872 Imponam
1275 4799 1633 4855 adolescentes
1689 4804 1954 4870 principes

375 4911 579 4949 eorum.
611 4893 760 4950 Bona
804 4895 1020 4964 quidem
1052 4909 1277 4948 numero
1325 4893 1586 4964 singulari
1642 4897 1956 4964 expressit,

2062 4358 2198 4429 πρὸς
2228 4358 2287 4410 τὸ
2319 4360 2536 4411 οἰκεῖον.
2577 4359 2804 4429 Μυρίων
2851 4359 3038 4413 κακῶν
3073 4359 3237 4429 ἐσμὸς
3285 4359 3651 4424 συνέζευκται

2057 4455 2124 4522 τῇ
2156 4451 2400 4522 νεότητι·
2433 4444 2507 4504 ὧν
2538 4451 2754 4506 πάντων
2783 4452 2996 4522 ἀνάγκη
3044 4450 3336 4507 ἀπολαύειν
3372 4453 3501 4516 τοὺς
3547 4455 3652 4526 ἀρ-

2061 4543 2343 4612 χομένους,
2371 4543 2504 4596 διότι
2530 4545 2598 4596 τά
2622 4545 2730 4597 τῶν
2753 4545 3029 4616 ἀρχόντων
3060 4544 3204 4598 κακά
3227 4547 3504 4615 συμφοραί⁹
3531 4549 3650 4610 τοῖς

2060 4631 2384 4702 ἀρχομένοις
2455 4634 2754 4702 γίγνονται.
2855 4636 3197 4701 Ἐπιστήσω
3276 4637 3650 4704 νεανίσκους

2057 4721 2354 4790 ἄρχοντας
2396 4725 2617 4780 αὐτῶν.
2649 4725 2729 4778 Τά
2774 4727 2872 4796 μὲν
2903 4725 3084 4794 ἀγαθά
3119 4727 3314 4789 ἑνικῶς
3356 4727 3646 4798 ἀπηγγέλ-

2066 4810 2208 4876 λετο,
2241 4812 2494 4884 ἰσχύοντα
2519 4816 2616 4869 καὶ
2639 4815 2950 4886 ἰσχύουσαν,
2979 4817 3331 4888 πολεμιστὴν,
3359 4817 3648 4889 δικαστὴν,

2069 4906 2370 4976 προφήτην,
2431 4907 2763 4978 στοχαστὴν,
2817 4910 3284 4980 πεντηκόνταρχον
3321 4911 3452 4982 (91),
3512 4909 3650 4964 Θαυ-

447 5032 493 5063 ⁹⁷
523 5031 719 5101 Ephes.
747 5044 813 5094 tl,
840 5029 931 5084 22.
1007 5030 1055 5062 ⁸⁸
1087 5030 1258 5086 Exod.
1281 5045 1434 5094 xxxx,
1454 5029 1512 5085 5.
1587 5031 1632 5063 ⁸⁸
1663 5029 1822 5088 Prov.
1857 5049 1951 5087 xxv

2066 5035 2104 5089 ι.
2184 5038 2198 5068 ι
2252 5037 2441 5092 Matth.
2472 5042 2690 5106 x1,15.

450 5189 562 5264 (88)
595 5187 822 5264 V_eteres
849 5182 1088 5264 quinque
1116 5188 1262 5264 libri,
1293 5189 1783 5264 συνοικοδομεῖσθε.
1817 5190 1956 5245 Editi

378 5259 509 5318 vero
530 5259 584 5313 et
615 5260 747 5328 Reg.
778 5263 1005 5329 primus,
1045 5269 1099 5313 et
1124 5259 1439 5330 Procopius,
1481 5259 1602 5331 pag.
1637 5261 1727 5325 64,
1773 5277 1954 5314 συνοιο

378 5329 749 5380 κοδοιιεῖσθαι.

376 5332 500 5387 κοδο
508 5332 702 5387 μεῖσθα
711 5347 725 5381 ι
735 5371 749 5382 .

451 5348 749 5400 οομεισυαι.

451 5401 562 5472 (89)
608 5401 760 5474 Apud
801 5398 967 5474 LXX,
1024 5414 1121 5470 pro
1167 5399 1464 5474 πολυτελής
1503 5402 1719 5471 legitur,
1769 5400 1952 5474 σοφός.

376 5467 553 5539 Λόγος
578 5471 738 5542 σοφὸς
772 5472 852 5534 εἰς
877 5467 1103 5542 εύήκοον
1144 5467 1257 5536 οὖς,
1308 5467 1491 5527 Sermo
1525 5467 1730 5537 sapiens
1775 5467 1952 5523 infau-

379 5539 836 5613 remobedientem
858 5558 876 5595 :
906 5539 975 5613 in:
1004 5556 1109 5610 quo
1143 5542 1268 5608 quid
1293 5544 1615 5613 scriptorem
1655 5542 1946 5613 deceperit,

382 5611 556 5674 facile,
591 5611 802 5681 opinor,
835 5612 1090 5681 intelliget
1136 5613 1224 5681 qui
1257 5610 1420 5668 verba
1463 5612 1838 5667 antecedentia
1869 5610 1948 5681 le-

378 5696 507 5750 gere
528 5679 777 5751 voluerit.
811 5681 935 5735 Hzec
969 5679 1315 5742 autemﬁsunt,
1352 5684 1432 5745 είς
1463 5681 1682 5734 ἐνώτιον
1710 5679 1945 5751 χρυσοῦν

377 5749 472 5805 καὶ
509 5749 730 5822 Σάρδιον
769 5752 1058 5814 πολυτελὲς
1096 5752 1323 5820 δέδεται,
1369 5757 1422 5807 in
1457 5770 1669 5808 auream
1711 5749 1946 5805 turturem

2068 5194 2232 5273 etiam
2270 5193 2523 5273 Sardium
2553 5201 2834 5273 pretiosum
2859 5201 3075 5273 ligatum
3116 5211 3213 5256 est.
3241 5201 3469 5258 Videtur
3495 5205 3644 5259 enim

2066 5265 2333 5329 interpres
2351 5265 2456 5343 _i|l_e
2482 5265 2669 5343 vocem
2698 5265 2994 5343 πολυτελής
3014 5275 3081 5326 ab
3113 5289 3216 5327 una
3255 5275 3458 5341 periodi
3491 5286 3646 5343 parte

2066 5334 2392 5436 uvnmvltrxgg'
2405 5337 2768 5436 :dp'aépeﬁpart
2796 5342 2849 5394 in
2878 5334 3113 5427 alteram,
3127 5334 3506 5436 transtulisse.-
3560 5415 3572 5424 .

2135 5404 2247 5472 (90)
2277 5404 2659 5484 Editi,'i'a6'ptt;'.'_
2682 5413 2868 5484 At_sex
2901 5427 3052 5484 mss.,
3089 5410 3297 5484 ὕϐρεις.
3327 5413 3446 5468 Mox
3479 5415 3644 5482 quin-

2063 5487 2166 5553 que
2196 5489 2349 5535 mss.,
2386 5478 2592 5553 φθόνοι.
2633 5480 2702 5532 Αι
2736 5481 2868 5548 Reg.
2895 5483 3127 5553 primus,
3162 5478 3200 5536 ’θ
3233 5498 3340 5550 quo
3377 5478 3540 5553 grave
3573 5484 3642 5536 il-

2057 5543 2157 5664 luat;
2190 5543 2429 5600 erratum
2463 5550 2513 5603 in
2567 5543 3134 5608 nostram'editionem
3172 5543 3411 5618 transiit",
3447 5554 3638 5620 habet,

2057 5629 2093 5664 (Ω
2164 5631 2260 5664 νυ).

2057 5629 2260 5680 φυονω.

2131 5685 2241 5758 ίυί)
2278 5684 2353 5758 ita
2388 5682 2508 5758 libri
2537 5697 2628 5737 sex
2659 5683 2899 5758 antiqui.
2940 5684 3098 5758 Editi,
3139 5685 3637 5758 πεντηκόνταρχον,

2056 5753 2150 5805 καὶ
2179 5753 2248 5806 τά
2277 5753 2461 5821 λοιπὰ,
2483 5753 2814 5824 Θαυμαστόν.
2841 5754 2994 5822 Illud,
3019 5755 3111 5807 καὶ
3136 5755 3205 5809 τὰ
3230 5753 3414 5822 λοιπά,
3446 5753 3637 5826 etiam,
