3828 6216
371 284 482 342 Ξῦὅ
513 312 517 319 ·

1327 280 1671 341 APPENDIX
1711 279 1995 336 OPERUM
2035 281 2090 335 S.
2139 280 2383 335 BASlLll
2423 281 2657 338 MAGNI.

3525 274 3634 329 296

372 405 732 460 excmcaverit
774 413 1060 473 peccatum
1083 444 1096 468 ,
1126 405 1175 458 is
1218 405 1287 459 ab
1320 404 1645 473 alienigenis
1679 403 1942 459 illuditnr.

2057 404 2178 465 πᾶς,
2203 401 2262 455 ὃν
2291 401 2357 455 ἀν
2384 400 2752 475 ἀποτυφλώσῃ
2771 403 2806 473 ἡ
2827 398 3091 472 ἁμαρτία,
3123 394 3454 469 ἐμπαίζεται
3478 392 3635 464 παρά

374 496 486 553 Hos
524 508 706 552 autem
737 497 994 551 irrisores
1037 512 1143 551 non
1184 498 1551 551 comminatur
1597 497 1859 551 Dominus
1887 511 1947 550 se

373 602 496 642 esse
524 588 747 657 perinde
782 586 1155 641 instituturum
1175 626 1192 654 ,
1220 595 1381 656 atque
1411 587 1783 641 adolescentes
1806 586 1949 656 prin-

374 680 559 748 cipes:
595 680 686 733 sed
712 680 787 732 ait
827 681 992 733 hosce
1023 678 1296 736 derisores
1327 679 1459 748 ipsis
1495 681 1801 734 volentibus
1825 693 1949 732 esse

374 767 751 822 duminaturos
773 808 789 832 ,
821 768 966 837 quod
1014 768 1129 822 suis
1166 768 1395 837 quisque
1442 768 1700 836 operibus
1741 782 1802 821 se
1835 770 1948 835 ipse

372 871 558 910 eorum
582 856 825 911 dominio
849 857 1121 926 subjiciat.
1155 858 1412 913 Fortasse
1439 858 1623 926 igitur,
1655 856 1799 926 quod
1821 866 1949 911 ante

372 962 590 1002 crucem
642 946 870 1001 Domino
903 948 1121 1003 illusere
1174 948 1323 1005 illum
1357 948 1704 1012 cruciﬁxuri,
1757 963 1949 1003 recen-

375 1039 497 1092 tiori
537 1037 909 1093 Romanorum
947 1040 1174 1109 imperio
1220 1041 1403 1094 traditi
1445 1049 1611 1106 sunt,
1642 1041 1829 1106 eisque
1855 1040 1950 1093 do-

373 1131 563 1185 minati
610 1141 737 1185 sunt
766 1131 1071 1197 derisores,
1110 1133 1203 1201 qui
1241 1133 1381 1201 apud
1434 1146 1493 1186 se
1522 1133 1805 1186 veritatem
1850 1132 1948 1184 mi-

376 1226 520 1279 nime
564 1226 860 1280 habebant.
901 1223 1051 1290 Quod
1092 1225 1139 1278 si
1180 1225 1478 1279 Ecclesiam
1517 1225 1584 1279 ab
1628 1225 1692 1278 iis
1725 1223 1816 1293 qui
1850 1239 1948 1278 sua

374 1317 619 1371 versutia
671 1316 980 1370 adulterant
1008 1318 1232 1371 verbum
1259 1357 1274 1381 ,
1323 1328 1377 1371 et
1419 1333 1516 1388 per
1548 1317 1946 1372 simulationem

376 1408 715 1462 mendacium
743 1409 964 1461 dicunt.
997 1409 1350 1475 gnbernatam
1375 1409 1728 1477 conspexeris
1757 1426 1771 1461 :
1808 1407 1951 1463 scias

373 1498 475 1566 ipsi
504 1498 777 1552 dominari
833 1501 1138 1564 derisores,
1180 1500 1271 1569 qui
1324 1500 1687 1570 blandiloquis
1730 1515 1795 1555 ac
1828 1503 1947 1568 pero

379 1589 732 1645 suasibilibus
756 1589 937 1644 verbis
972 1592 1336 1661 simpliciores
1365 1593 1662 1661 decipiunt.

2047 492 2154 546 τῶν
2197 493 2511 566 ἀλλοτρίων.
2553 492 2790 556 Τούτους
2840 493 2898 546 δὲ
2943 492 3069 556 τοὺς
3114 488 3481 561 ἐμπαίζοντας
3530 489 3632 541 οὐκ

2047 585 2208 647 αὐτὸς
2263 586 2577 656 ἐπιστήσειν
2629 586 2658 637 6
2710 583 2915 656 Κύριος
2969 581 3216 646 ἀπειλεῖ,
3264 580 3455 651 ὥσπερ
3501 582 3631 643 τοὺς

2048 677 2361 740 νεανίσκους
2393 676 2681 746 ἄρχοντας,
2727 673 2843 727 ἀλλ’
2878 674 2969 743 ἀφ’
3005 672 3216 726 ἑαυτῶν
3247 669 3356 743 (99)
3391 670 3496 742 ἔφη
3530 689 3628 724 κυ-

2053 768 2303 840 ριεύσειν,
2337 767 2396 834 ἐξ
2429 760 2504 820 ὧν
2546 766 2611 820 ἂν
2641 766 2873 831 ἕκαστος
2904 764 3083 835 ἑαυτῴ
3107 763 3197 817 διὰ
3229 762 3341 816 τῶν
3368 762 3546 835 ἔργων
3572 762 3634 815 τὸ

2047 860 2398 932 κυριευθῆναι
2441 860 2569 930 παρ’
2611 857 2790 911 αὐτῶν
2815 857 3207 927 ἐπισπάσηται.
3239 856 3394 925 Τάχα
3421 850 3515 908 οὖν
3547 854 3635 906 διὰ.

2047 952 2108 1006 τὸ
2155 952 2417 1023 ἐμπαῖξαι
2454 953 2532 1023 τῷ
2563 951 2755 1023 Κυρίῳ
2787 950 2894 1022 πρὸ
2926 950 3019 1003 τοῦ
3068 946 3302 1018 σταυροῦ
3335 948 3461 1010 τοὺς
3505 944 3635 1016 μὲλ-

2046 1041 2236 1106 λοντας
2262 1043 2550 1114 σταυροῦν,
2586 1040 2964 1114 παρεδόθησαν
2991 1040 3232 1112 νεωτέρα
3257 1039 3400 1110 ἀρχῇ
3421 1039 3490 1108 τῇ
3523 1034 3633 1089 τῶν

2060 1132 2365 1202 Ῥωμαίων
2403 1135 2704 1202 ἐμπαῖκται
2761 1130 2819 1183 δέ
2865 1128 3299 1200 κατεκυρίευσαν
3339 1127 3543 1189 αὐτῶν,
3582 1126 3632 1178 οἱ

2047 1222 2145 1294 τὴν
2173 1222 2430 1294 ἀλήθειαν
2455 1224 2530 1294 μὴ
2558 1223 2770 1292 ἔχοντες
2798 1222 2929 1293 παρ’
2968 1224 3202 1285 ἑαυτοῖς.
3233 1219 3354 1273 Κάν
3399 1217 3635 1287 Ἐκκλη-

2050 1312 2169 1365 σίαν
2198 1313 2255 1365 δέ
2297 1313 2414 1384 ἴδῃς
2451 1313 2556 1366 ὑπὸ
2589 1314 2698 1367 τῶν
2738 1314 2796 1365 ἐν
2831 1312 3139 1384 πανουργία
3170 1311 3502 1366 δουλούντων
3540 1310 3633 1364 τὸν

2046 1403 2202 1473 λόγον
2246 1405 2541 1476 ἀγομένην,
2576 1406 2669 1458 καὶ
2709 1405 2812 1458 ύπὸ
2838 1405 2944 1458 τῶν
2976 1407 3033 1458 ἐν
3064 1405 3349 1475 ὑποκρίσει
3376 1402 3635 1472 ψευδολό-

2047 1511 2179 1563 γων,
2212 1496 2447 1562 γίνωσκε
2480 1496 2561 1548 ὅτι
2606 1497 2912 1565 ἐμπαῖκται
2952 1493 3297 1566 κυριεύουσιν
3340 1495 3534 1564 αὐτῆς,
3580 1495 3631 1546 oi

2046 1587 2136 1640 διὰ
2165 1589 2263 1658 τῆς
2288 1588 2680 1659 χρηστολογίας
2704 1588 2796 1640 καὶ
2834 1586 3213 1655 πιθανολογίας
3251 1586 3633 1654 ἐξαπατῶντες

2046 1681 2172 1743 τοὺς
2203 1682 2301 1733 ἀκε
2312 1680 2637 1749 ραιοτέρους.

445 1772 568 1828 ΗΟ.
592 1774 758 1828 Vens.
785 1773 840 1826 5.
873 1771 937 1827 Et
961 1774 1200 1841 conﬂige!
1230 1773 1472 1840 papulas,
1501 1774 1654 1825 Immo
1677 1776 1745 1826 ad
1775 1766 1945 1827 homi-

2122 1774 2244 1827 110.
2282 1772 2393 1825 Καὶ
2422 1771 2817 1839 συμπεσεῖται
2850 1775 2883 1825 ό
2919 1769 3093 1838 λαός,
3138 1770 3450 1840 ἄνθρωπος
3477 1770 3631 1840 πρὸς

374 1882 524 1925 nem.
569 1874 617 1919 et
654 1865 809 1919 homo
841 1873 911 1917 ad
948 1867 1250 1932 proximum
1282 1880 1460 1920 suum.
1500 1866 1680 1918 Palam
1727 1874 1951 1920 enarrat

376 1957 638 2026 propheta
666 1972 786 2026 qua:
829 1955 972 2010 facta
1018 1966 1145 2010 sunt
1185 1968 1314 2010 ante
1353 1967 1655 2010 extremam
1691 1958 1835 2010 illam
1865 1957 1949 2012 Je-

374 2048 765 2115 rosolymorum
826 2049 1316 2117 expugnationem,
1356 2058 1476 2117 post
1514 2064 1675 2117 quam
1719 2049 1948 2117 dispersi

373 2147 521 2194 sunt.
542 2137 660 2192 Non
693 2138 925 2207 amplius
958 2153 1267 2193 sermonem
1297 2138 1508 2207 profert
1536 2155 1634 2208 per
1657 2141 1947 2209 aenigmata

373 2228 691 2297 prophetica
713 2267 728 2290 ,
767 2229 861 2282 sed
891 2228 1037 2282 nude
1064 2239 1117 2282 et
1151 2230 1435 2298 perspicue
1475 2230 1625 2297 ipsas
1652 2244 1737 2283 res
1766 2240 1949 2299 gestas

372 2329 600 2380 narrat,
652 2335 772 2373 cum
821 2320 1034 2375 scilicet
1078 2321 1222 2374 inter
1262 2335 1321 2374 se
1362 2322 1636 2390 congressi
1684 2322 1950 2376 seditione

375 2424 429 2468 et
459 2414 607 2469 caede
636 2415 913 2469 civitatem
947 2414 1258 2484 implevere,
1298 2430 1474 2484 neque
1498 2431 1528 2468 a
1561 2416 1676 2469 suis
1699 2415 1948 2471 hostibus

378 2506 527 2575 ipsos
576 2506 815 2574 undique
872 2506 1251 2560 obsidentibus
1300 2508 1367 2559 ad
1421 2507 1769 2561 concordiam
1829 2524 1949 2576 qua!

375 2599 685 2653 necessaria
730 2608 885 2663 erat,
930 2607 1057 2653 sunt
1091 2599 1355 2653 adducti:
1402 2601 1497 2654 sed
1545 2612 1791 2653 extrema
1846 2603 1945 2655 sibi

375 2695 680 2741 metuentes
715 2732 729 2752 ,
782 2689 1005 2744 civitate
1046 2699 1254 2743 tantum
1308 2705 1411 2744 non
1462 2678 1650 2758 capta,
1707 2692 1951 2762 disjectis

376 2778 546 2833 nturis
571 2819 585 2842 ,
619 2781 869 2835 hostibus
913 2781 1371 2849 ingredientibus,
1403 2783 1459 2837 in
1496 2798 1556 2836 se
1588 2785 1819 2838 invicem
1849 2785 1941 2839 do-

376 2868 527 2921 minii
551 2883 616 2923 ac
649 2870 914 2939 primatus
942 2870 1363 2926 obtinendorutn
1391 2875 1570 2927 studio
1602 2876 1941 2930 invaserunt.

286 3012 307 3037 ι
373 2961 553 3029 Atque
587 2961 701 3014 haec
737 2961 856 3016 ideo
886 2962 1247 3032 patiebantur,
1283 2967 1425 3034 quod
1468 2966 1680 3023 ablatus
1705 2976 1848 3022 esset
1883 2968 1951 3022 ab

2051 1859 2395 1926 ἄνθρωπον,
2430 1860 2526 1912 καὶ
2563 1858 2873 1927 ἄνθρωπος
2901 1857 3051 1927 πρὸς
3089 1858 3198 1913 τόν
3222 1860 3493 1929 πλησίον
3520 1862 3626 1914 αὺ-

2049 1950 2177 2006 τοῦ.
2212 1951 2504 2020 Ἀντικρυς
2543 1951 2613 2003 τά
2651 1951 2758 2023 πρὸ
2785 1953 2883 2022 τῆς
2913 1950 3165 2017 ἁλώσεως
3213 1950 3630 2023 Ἱεροσολύμων,

2050 2043 2149 2113 τῆς
2176 2041 2490 2104 τελευταίας
2519 2040 2724 2112 ταύτης
2752 2042 2872 2111 μεθ’
2906 2043 2973 2112 ἣν
3001 2045 3066 2112 τῇ
3099 2041 3371 2113 διασπορᾷ
3399 2043 3631 2114 παρεδό-

2051 2134 2242 2205 θησαν,
2269 2135 2537 2206 διηγεῖται
2563 2136 2591 2186 ό
2627 2136 2914 2205 προφήτης
2934 2152 2947 2163 ·
2976 2133 3164 2187 οὐκέτι
3201 2133 3267 2186 δι’
3292 2134 3632 2205 αἰνιγμάτων

2050 2225 2403 2296 προφητικῶν
2448 2224 2704 2296 προάγων
2741 2226 2830 2279 τὸν
2864 2225 3020 2294 λόγον
3040 2243 3053 2257 ·
3093 2224 3232 2281 ἀλλὰ
3273 2226 3498 2297 γυμνῶς
3537 2226 3633 2279 καὶ

2051 2314 2354 2380 ἀναφανδὸν
2406 2313 2543 2365 αὐτὰ
2597 2313 2666 2365 τὰ
2727 2313 3028 2384 πράγματα
3095 2312 3485 2385 διηγούμενος·
3543 2315 3632 2367 ὅτε

2053 2406 2426 2476 συμπεσόντες
2457 2405 2726 2476 ἀλλήλοις,
2762 2406 3004 2468 στάσεως
3040 2406 3136 2461 καὶ
3163 2407 3325 2476 φόνου
3350 2405 3449 2478 τὴν
3476 2406 3631 2460 πόλιν

2050 2497 2386 2568 ἐνέπλησαν,
2433 2496 2552 2549 ούδέ
2599 2496 2703 2549 ὑπὸ
2763 2496 2871 2549 τῶν
2927 2498 3481 2569 περιεστοιχισμένων
3531 2498 3631 2551 αύ-

2047 2592 2160 2652 τοῖς
2201 2588 2276 2659 (1)
2318 2588 2591 2658 πολεμίων
2629 2591 2709 2652 εἰς
2747 2587 2845 2660 τὴν
2889 2589 3189 2657 ἀναγκαίαν
3221 2589 3474 2660 ὁμόνοιαν
3510 2607 3633 2643 συν·-

2049 2677 2414 2748 ελαυνόμενοι,
2445 2675 2581 2729 ἀλλά
2606 2677 2733 2746 περὶ
2757 2677 2864 2730 τῶν
2881 2677 3124 2746 ἐσχάτων
3147 2678 3512 2747 ἀγωνιῶντες,
3530 2679 3633 2749 τῆς

2051 2769 2257 2832 πόλεως
2287 2767 2387 2839 ἤδη
2418 2767 2857 2838 λαμϐανομένης,
2895 2768 3004 2822 τῶν
3041 2768 3237 2840 τειχῶν
3271 2771 3634 2841 καταρριπτο-

2053 2861 2250 2933 μένων,
2294 2860 2403 2915 τῶν
2435 2861 2709 2931 πολεμίων
2755 2860 3137 2932 εἰσχεομένων,
3186 2861 3293 2915 ὑπὸ
3338 2862 3634 2935 φιλαρχίας

2052 2952 2145 3007 καὶ
2206 2950 2602 3023 φιλοπρωτείας
2664 2951 2916 3022 ἀλλήλοις
2969 2951 3311 3023 ἀντεπῄεσαν
3359 2954 3463 3024 (2).
3519 2953 3635 3007 Καὶ

292 3044 313 3066 ⁸
375 3052 457 3106 eis
518 3052 798 3120 propheta,
856 3052 1174 3122 coniector,
1223 3055 1439 3118 senior,
1480 3066 1535 3111 et
1589 3057 1932 3112 admirabilis

2057 3043 2226 3098 ταῦτα
2263 3042 2497 3114 ἔπασχον
2524 3042 2613 3096 διὰ
2636 3043 2696 3096 τὸ
2723 3042 2955 3114 ἀρθῆναι
2981 3044 3076 3097 ἀπ’
3105 3044 3285 3100 αὐτῶν
3318 3045 3634 3116 προφήτην,

374 3142 716 3197 consiliarius
747 3159 762 3195 :
804 3154 1030 3209 contra,
1067 3159 1230 3213 supra
1273 3148 1421 3216 ipsos
1448 3149 1727 3202 constituti
1765 3160 1950 3204 essent

2057 3136 2151 3188 καὶ
2208 3135 2535 3207 στοχαστὴν,
2576 3135 2670 3188 καὶ
2729 3134 3119 3207 πρεσϐύτερον,
3176 3137 3271 3191 καὶ
3319 3137 3636 3208 θαυμαστὸν

381 3231 758 3286 adolescentes
809 3232 1112 3302 principes,
1145 3234 1339 3303 eisque
1361 3237 1774 3292 dominarentur
1806 3240 1951 3293 deri-

374 3333 549 3374 seres.
583 3318 649 3372 Ει
691 3321 964 3373 invehatur
992 3338 1122 3390 puer
1172 3323 1229 3375 in
1262 3338 1455 3387 senem,
1495 3324 1846 3380 inhonoralus
1894 3328 1950 3382 in

378 3407 716 3463 honoratum.
740 3409 870 3475 Quae
897 3418 1025 3463 sunt
1045 3411 1473 3479 perturbationis
1506 3411 1954 3484 confusionisque

379 3500 598 3570 propria
652 3510 892 3554 enarrat.
926 3499 1061 3554 Nam
1092 3501 1378 3557 seditionis
1416 3503 1694 3570 proprium
1721 3514 1835 3567 est,
1871 3506 1954 3560 ni-

380 3592 455 3646 hil
486 3602 546 3645 ut
591 3591 978 3647 discernatur:
1023 3594 1120 3648 sed
1156 3603 1214 3648 ut
1252 3608 1387 3663 puer
1425 3597 1539 3649 seni
1571 3596 1861 3651 molestum
1891 3611 1952 3651 se

374 3686 649 3751 prrebeat,
680 3686 821 3737 etin
863 3685 982 3755 ejus
1030 3686 1357 3741 documenta
1410 3687 1722 3747 invehatur.
1762 3691 1827 3743 Et
1862 3692 1951 3759 qui

378 3773 743 3829 inlionoratus
767 3784 854 3831 est
875 3777 946 3831 ob
971 3778 1211 3832 inustum
1239 3778 1341 3833 sibi
1369 3794 1465 3849 per
1492 3780 1801 3850 ignominiae
1826 3784 1952 3838 vitia

379 3864 645 3931 dedecus,
682 3868 966 3923 honestior
1015 3871 1322 3940 majorique
1366 3874 1673 3927 reverentia
1717 3873 1952 3942 dignior,

379 3971 541 4025 quant
572 3957 665 4027 qui
705 3959 1045 4015 honorabilis
1065 3973 1147 4016 est
1175 4002 1190 4026 ,
1229 3962 1370 4017 volet
1412 3963 1622 4018 haberi.
1658 3964 1837 4020 Metuo
1865 3982 1956 4019 au-

382 4055 490 4101 tem
537 4062 606 4101 ne
638 4049 824 4103 istltaec
870 4051 937 4104 ad
973 4066 1072 4106 nos
1105 4053 1267 4107 etiam
1296 4054 1645 4123 pertingant,
1683 4064 1738 4108 et
1774 4071 1843 4109 ne
1872 4056 1955 4110 Ine

381 4136 510 4204 ipsa:
547 4137 846 4206 prophetiae
881 4138 983 4192 hac
1027 4148 1191 4194 astate
1246 4141 1595 4209 impleantur,
1646 4157 1752 4210 qua
1802 4145 1954 4212 pueri

382 4232 544 4279 aetate
569 4225 824 4294 juvenes,
856 4228 1097 4282 moribus
1117 4226 1388 4297 iuniores,
1425 4231 1746 4285 adoriuntur
1771 4232 1954 4286 Eccle-

379 4314 474 4368 sia:
520 4317 862 4385 presbyteros
895 4355 910 4380 ,
952 4331 1128 4386 neque
1182 4332 1338 4371 sacra
1385 4318 1599 4373 illorum
1651 4322 1949 4377 ministeria

2057 3226 2386 3299 σύμϐουλον·
2419 3227 2705 3297 ἐπιστῆναι
2741 3226 2818 3297 (5)
2844 3227 2902 3280 δὲ
2942 3229 3126 3291 αὐτοῖς
3162 3229 3432 3301 ἄρχοντας
3463 3229 3639 3283 νεανί-

2057 3334 2238 3383 σκους,
2261 3320 2356 3372 καὶ
2379 3318 2693 3388 ἐμπαίκτας
2711 3319 2889 3372 αὐτῶν
2912 3319 3218 3390 κυριεῦσαι.
3243 3321 3355 3374 Καὶ
3381 3321 3639 3388 arpr

2054 3412 2158 3478 ψει
2203 3410 2271 3463 τὸ
2314 3409 2558 3464 παιδίον
2601 3412 2751 3480 πρὸς
2792 3411 2899 3465 τὸν
2943 3413 3318 3480 πρεσϐύτην,
3360 3415 3393 3466 ό
3425 3413 3638 3482 ἄτιμος

2054 3501 2205 3570 πρὸς
2244 3499 2353 3555 τόν
2394 3502 2653 3571 ἔντιμον.
2704 3501 3086 3572 Ἐπεξὲρχεται
3131 3506 3244 3565 τοῖς
3282 3503 3384 3573 τῆς
3428 3501 3637 3573 συγχύ-

2056 3610 2195 3658 σεως
2236 3590 2542 3663 ίδιὼμασιν.
2577 3593 2737 3647 Ἵδιον
2778 3592 2888 3665 γὰρ
2918 3593 3181 3660 στάσεως,
3217 3595 3279 3647 τὸ
3310 3595 3475 3666 μηδὲν
3512 3595 3638 3649 δια-

2055 3686 2293 3757 κρίνειν·
2355 3683 2495 3739 ἀλλά
2544 3686 2640 3740 καὶ
2694 3685 2787 3739 τὸν
2845 3686 3011 3740 παῖδα
3056 3687 3502 3758 δυσαρεστεῖσθαι
3556 3686 3639 3759 τῷ

2054 3776 2357 3847 πρεσϐύτῃ,
2400 3777 2494 3830 καὶ
2530 3776 2898 3848 προσκόπτειν
2942 3777 3107 3831 αὐτοῦ
3152 3780 3267 3841 τοῖς
3304 3778 3634 3849 διδάγμασιο

2055 3870 2151 3923 καὶ
2170 3870 2199 3920 6
2226 3870 2420 3938 ἄτιμος
2444 3868 2532 3921 διὰ
2554 3868 2617 3922 τὸ
2649 3870 2706 3922 ἐν
2733 3868 2893 3933 πάθει
2929 3868 3006 3940 (4)
3036 3868 3260 3940 ἀτιμίας
3296 3868 3637 3941 ἐνυϐρίσθαι,

2056 3956 2378 4027 σεμνότερον
2398 3956 2589 4011 ἑαυτὸν
2616 3956 2933 4028 βουλήσεται
2957 3956 3272 4027 νομίζεσθαι
3293 3957 3387 4011 τοῦ
3416 3958 3632 4028 τιμίου.

2055 4048 2330 4118 Φοϐοῦμαι
2358 4048 2417 4102 δὲ
2459 4048 2533 4120 μὴ
2565 4049 2660 4102 καὶ
2685 4050 2772 4118 ἐφ’
2807 4050 2953 4119 ἡμᾶς
2985 4048 3163 4121 φθάνῃ
3206 4048 3283 4120 (5)
3314 4049 3510 4115 ταῦτα,
3540 4051 3639 4106 καὶ

2055 4140 2147 4194 ἐπὶ
2170 4140 2262 4193 τοῦ
2297 4139 2559 4211 παρόντος
2587 4140 2781 4211 καιροῦ
2814 4135 2947 4195 ὦσιν
2985 4142 3040 4194 αἱ
3068 4144 3401 4213 προφητεῖαι
3431 4135 3598 4196 αὗται
3618 4159 3634 4173 ⁶

2054 4233 2143 4287 ὅτε
2171 4232 2358 4296 παῖδες
2385 4232 2494 4286 νέοι
2525 4233 2622 4303 τὴν
2651 4230 2890 4304 ἠλικίαν,
2925 4232 3249 4305 νεαρώτεροι
3280 4233 3372 4287 τὸν
3410 4233 3637 4306 τρόπον,

2056 4326 2164 4386 τοῖς
2220 4323 2609 4396 πρεσϐυτέροις
2654 4323 2757 4393 τῆς
2825 4323 3150 4395 Ἑκκλησίας
3205 4324 3637 4397 προσκόπτουσι,

379 4407 709 4470 admittunt,
753 4422 931 4477 neque
971 4423 1271 4478 congruum
1304 4411 1655 4479 debitumque
1703 4412 1950 4465 Ecclesia:

2061 4415 2197 4484 μήτε
2226 4413 2328 4478 τὰς
2360 4415 2667 4487 ἱερουργίας
2707 4414 2884 4469 αὐτῶν
2920 4415 3303 4486 προσιέμενοι,
3354 4417 3491 4487 μήτε
3536 4416 3639 4486 τὴν

385 4499 631 4553 ordinem
683 4510 923 4555 servant.
960 4501 1100 4566 Quin
1146 4501 1308 4554 etiam
1344 4517 1465 4556 cum
1496 4505 1586 4573 qui
1619 4504 1758 4559 male
1804 4505 1953 4557 vixe-

383 4597 546 4655 runt,
578 4591 767 4659 probis
802 4590 1108 4658 reipublicte
1145 4589 1684 4649 administratoribus
1710 4593 1950 4648 inferunt

389 4858 512 4929 παρ’
550 4858 751 4924 αὐτῶν,
782 4860 831 4912 in
867 4859 1012 4915 nullo
1033 4878 1135 4917 ms.
1165 4862 1392 4933 legitur;
1417 4863 1487 4915 ob
1526 4863 1686 4931 idque
1714 4863 1837 4917 inde
1862 4862 1957 4915 tol-

384 4930 599 4983 tendum
652 4930 979 4984 censuimus.
1036 4933 1238 4986 ibidem
1277 4933 1430 4994 editi,
1485 4934 1611 4995 λιιᾶς,
1659 4932 1718 4985 ὃν
1750 4934 1952 4986 ἀποτυ-

381 4997 525 5067 φλοῖ.
577 4999 648 5051 At
704 5014 797 5053 sex
845 5016 972 5055 mss.
1012 5005 1088 5055 uti
1128 5004 1179 5055 in
1217 5012 1492 5056 contextu.
1524 5004 1632 5058 Nec
1659 5005 1734 5056 ita
1783 5005 1950 5060 multo

380 5080 502 5142 post
521 5069 737 5142 aliquot
768 5086 926 5142 mss.,
949 5071 1057 5126 ὑπὸ
1078 5072 1187 5127 τῶν
1210 5072 1526 5142 ἀλλοτρίων.

453 5138 568 5210 (99)
599 5137 739 5212 E_diti
772 5148 825 5194 et
856 5141 987 5212 Reg.
1043 5146 1271 5212 primus,
1313 5137 1441 5209 quo,
1480 5152 1539 5195 ut
1578 5143 1689 5211 jam
1736 5142 1953 5196 monui-

381 5225 527 5274 mus,
551 5209 799 5281 'usiASIInt
830 5209 1168 5281 typogra'plii.
1208 5212 1291 5281 ἐφ’
1324 5212 1552 5268 ἑαυτῶν.
1581 5209 1684 5265 Alii
1715 5213 1953 5280 quinque

382 5279 927 5354 Ψευδη-άφίέαυτῶν.
962 5279 1161 5354 Ibidem
1204 5279 1615 5354 allqttot_tnss.,
1655 5279 1955 5354 κυριεύειν.

385 5349 501 5421 Hoc
540 5346 653 5418 ipso
681 5349 733 5403 in
758 5350 884 5421 loco
915 5353 1045 5407 editi
1070 5346 1348 5421 corrupte,
1389 5352 1449 5418 ἐξ
1469 5346 1543 5407 ὧν
1576 5346 1955 5421 ἀναγκάστως.

381 5420 453 5492 ᾼι
480 5428 708 5492 uterque
734 5420 979 5477 Combef.
1026 5433 1081 5476 et
1128 5420 1261 5491 Reg.
1287 5435 1514 5492 quartus
1540 5420 1866 5490 emendate,
1896 5423 1956 5486 ἐξ

382 5479 460 5540 ὧν
492 5487 556 5541 ἂν
586 5479 836 5554 ἕκαστος.

456 5558 533 5629 (1)
562 5556 638 5611 lta
692 5563 861 5615 nostri
912 5578 1002 5615 sex
1048 5562 1170 5617 libri
1222 5573 1455 5618 veteres.
1517 5563 1681 5629 Editi,
1737 5562 1952 5625 αὐτούς.

380 5627 670 5757 Αιὶῖιιιιιιιιυ
739 5644 859 5699 post
905 5634 1060 5689 Colb.
1129 5634 1355 5704 primus,
1433 5634 1534 5688 ὑπὸ
1597 5627 1955 5706 φιλαργυρίας

381 5719 454 5756 κα
487 5739 505 5757 .

381 5719 505 5758 και.

2057 4506 2371 4578 πρέπουσαν
2404 4506 2656 4571 εὐταξίαν
2699 4508 2797 4578 τῆς
2856 4506 3181 4578 Ἐκκλησίας
3222 4506 3297 4578 (6)
3334 4506 3622 4576 φυλάσσονι

2055 4614 2165 4660 τες.
2194 4597 2303 4649 Καὶ
2336 4597 2461 4651 ὅταν
2491 4597 2548 4650 δέ
2580 4599 2628 4651 οἱ
2662 4598 2849 4661 κακῶς
2880 4596 3203 4669 βεϐιωκότες
3231 4596 3372 4651 κατά
3401 4597 3510 4651 τῶν
3541 4598 3640 4650 εύ-

2135 4862 2210 4931 (2)
2241 4861 2390 4935 Unus
2414 4865 2599 4935 codex
2647 4863 2894 4920 Combef.
2925 4872 2980 4920 et
3015 4864 3105 4918 alii
3151 4876 3405 4935 quatuor,
3436 4865 3637 4919 ἀντεπ-

2061 4934 2230 5004 ῄεσαν
2249 5003 2260 5004 7
2282 4934 2447 4999 Editi,
2474 4933 2801 4989 άντὲπεσαν.

2132 5005 2210 5074 (5)
2244 5003 2389 5059 Libri
2429 5004 2643 5073 quidam
2671 5018 2901 5066 veteres,
2926 5004 3241 5074 ἐπιστῆσαι.

2130 5072 2328 5143 (ηςὸἰσ
2355 5072 2499 5128 mss-
2522 5075 2693 5128 nostri
2721 5089 2929 5129 omnes.
2965 5072 3127 5143 Editi,
3159 5077 3216 5126 ἐν
3248 5072 3471 5129 πάθεσι.
3507 5073 3637 5128 Sta-

2062 5143 2155 5198 lim
2185 5142 2338 5197 Colb.
2371 5144 2598 5209 primus,
2624 5143 2814 5197 ἑαυτὸν
2850 5142 3219 5209 βουλεύσεται,

2234 5212 2759 5299 δῆξιῐὶοεἏΡιῆιηυξ,
2798 5212 2900 5299 Alii
2948 5214 3188 5299 quinque
3233 5228 3390 5299 mss"
3416 5212 3617 5299 φθάνει

2052 5281 2215 5348 Editi,
2245 5283 2481 5354 φθάσῃ.⁸
2504 5281 2660 5338 Haud
2704 5283 2878 5354 longe
2920 5281 3053 5339 nfss.
3083 5281 3214 5348 tres,
3272 5283 3349 5347 ὡς
3394 5281 3536 5337 εἶναι
3580 5284 3638 5338 αί

2053 5347 2382 5425 προφητεῖαι
2399 5347 2596 5419 "hbeat,
2625 5362 2678 5425 et
2702 5352 2774 5407 ita
2796 5347 3237 5425 quoquehabent
3259 5354 3390 5407 editi
3419 5364 3474 5409 et
3496 5369 3637 5425 unius

2052 5422 2185 5490 10's.,
2217 5422 2315 5479 nisi
2347 5425 2488 5494 quod
2525 5423 2711 5477 vocula
2753 5422 2810 5475 αἱ
2846 5423 2899 5475 in
2932 5422 3062 5494 ipsis
3089 5424 3454 5480 desideratur.
3494 5424 3635 5492 Reg.

2054 5488 2297 5574 quartus,
2329 5488 2404 5558 ὥς
2430 5488 2568 5546 εἷναι
2612 5494 2939 5565 προφητεῖαι
2953 5488 3156 5547 ταῦτα.
3193 5494 3327 5566 Reg.
3356 5496 3554 5550 tertius
3579 5488 3636 5547 ﬁt

2055 5579 2107 5618 111
2145 5574 2420 5618 αοιιιυχιιι.

2127 5632 2202 5704 (6)
2238 5635 2370 5706 Reg.
2402 5645 2648 5706 quartus,
2681 5636 2748 5705 τῇ
2791 5632 3111 5704 Ἐκκλησία.
