3828 6216
204 233 313 291 297

1048 232 1398 291 COMMENT.
1438 231 1505 289 IN
1542 232 1779 290 ISAIAM
1818 230 2258 289 PROPHETAM.
2296 232 2446 289 CAP.
2496 232 2579 288 ill.

3341 238 3447 296 £98

202 323 534 380 πολιτεύτων
586 328 1021 399 στρατεύωνται,
1061 333 1111 384 οί
1156 330 1338 401 ἄτιμοι
1383 333 1496 394 τοῖς
1538 331 1767 401 ἑντίμοις

1878 328 2111 394 bellum,
2148 340 2259 384 tum
2307 331 2615 385 inhonorati
2662 332 2922 389 adversus
2972 333 3315 389 honorabiles
3356 336 3446 391 in-

202 416 658 486 προσκόπτουσιν.
707 420 777 471 Ἢ
823 420 933 492 γὰρ
986 422 1084 491 οὐχ
1140 421 1357 493 ὁρῶμεν
1411 421 1607 492 ἄνδρας
1653 421 1776 474 καθ’

202 503 442 576 ἑκάστην
470 507 683 577 ἡμέραν
712 507 821 561 ἀπὸ
854 508 1027 579 μέθης
1055 511 1150 563 καὶ
1173 510 1635 582 γαστριμαργίας.
1670 510 1779 563 ἀπὸ

200 592 312 648 τῶν
336 597 717 666 χαμαιτυπιῶν
738 599 1147 669 ἀνισταμένους,
1182 601 1277 654 καὶ
1304 603 1433 671 περὶ
1458 601 1590 654 Θεοῦ
1609 600 1779 655 διαλε-

200 685 489 756 γομένους,
519 688 615 742 καὶ
645 688 928 759 κρίνοντας
957 692 1084 754 τοὺς
1112 692 1326 762 τιμίους
1356 690 1452 744 τοῦ
1482 691 1643 756 λαοῦς

270 777 398 831 111.
440 778 563 832 Ὀτι
607 780 965 849 ἐπιλήψεται
1011 782 1320 851 ἄνθρωπος
1364 783 1471 837 τοῦ
1511 781 1777 852 ἀδελφοῦ

198 867 411 930 αὐτοῦ,
445 869 542 921 καὶ
574 869 683 924 τοῦ
715 873 988 941 πλησίον
1018 872 1126 927 τοῦ
1168 874 1389 941 πατρὸς
1419 875 1635 942 αὐτοῦ,
1673 875 1775 929 ,λέ-ἑ

198 973 342 1025 ογσωε»ν
360 957 618 1026 ἰμάτιον
645 960 825 1028 ἔχεις,
861 962 1125 1032 ἀρχηγὸς
1158 963 1330 1033 ἡμῶν
1349 965 1548 1034 γενοῦ,
1580 966 1679 1019 καὶ
1707 965 1774 1019 τὸ

192 1046 410 1116 ,βρῶμα
436 1047 503 1101 τὸ
527 1048 675 1118 ἐμὸν
698 1051 815 1105 ὑπὸ
844 1052 920 1107 σὲ
941 1053 1115 1106 ἔστω.
1141 1053 1336 1124 Σαφῶς
1362 1057 1457 1109 καὶ
1482 1055 1656 1110 ταῦτα
1683 1057 1776 1110 ἐπὶ

195 1136 291 1190 τὺν
320 1136 512 1210 καιρὸν
545 1138 700 1209 φέρει
734 1141 832 1211 τῆς
875 1140 1171 1214 Ἰουδαϊκῆς
1192 1142 1467 1209 ἁλώσεως,
1499 1146 1590 1198 ὅτε
1621 1147 1774 1199 ἐκτε-

197 1228 430 1298 τηκότες
451 1229 614 1301 λιμῷ,
641 1231 717 1295 ὡς
738 1233 832 1285 καὶ
864 1235 943 1296 είς
975 1233 1409 1306 ἀλληλογραφίαν
1444 1235 1543 1308 (6⁸)
1577 1237 1773 1301 αὐτοὺς

196 1320 479 1386 ἐκπεσεῖν,
507 1324 621 1386 τοῖς
654 1322 901 1376 δοκοῦσιν
932 1326 1183 1398 εὐπορεῖν
1227 1327 1630 1400 προσεχώρουν,
1673 1328 1773 1392 τὰς

195 1413 535 1484 προστασίας
574 1413 755 1468 αὐτῶν
805 1415 1245 1487 ἐπικαλούμενοι.
1304 1417 1560 1487 Ἰμάτιον
1589 1417 1770 1488 ἔχεις,

193 1503 464 1573 ἀρχηγὸς
504 1504 579 1574 (7)
614 1503 783 1572 ἡμῶν
802 1505 1001 1573 γενοῦ.
1046 1507 1103 1558 '0
1131 1505 1346 1578 ἀληθῶς
1369 1508 1551 1578 ἄρχων
1578 1509 1676 1560 οὐκ
1708 1510 1772 1560 ὲκ

191 1593 306 1647 τῶν
339 1594 537 1659 ἔξωθεν
590 1594 871 1665 συμβόλων
918 1596 1261 1668 γνωρίζεται,
1301 1593 1413 1650 οἷον
1460 1597 1766 1670 πορφύρας,

1881 430 2124 492 surgunt.
2156 422 2441 476 Enimvero
2468 436 2644 477 nonne
2671 424 2913 493 quotidie
2942 424 3089 481 viros
3128 427 3403 483 cernimus
3423 467 3444 496 ,

1878 510 1969 579 qui
1999 524 2066 564 ex
2100 510 2363 564 ebrietate
2395 518 2454 564 et
2480 509 2744 579 ingluvie,
2778 521 2832 564 et
2872 510 3115 578 lupanari
3160 512 3446 582 egredien-

1879 608 1993 665 tes,
2025 602 2091 655 de
2133 599 2242 654 Deo
2281 613 2582 654 sermonem
2612 599 2846 664 habent,
2876 614 2942 654 ac
2979 613 3072 654 eos
3114 601 3207 658 aui
3245 616 3312 656 ex
3346 616 3444 662 nov

1877 689 2003 761 pulo
2040 700 2166 746 sunt
2193 691 2526 757 honorandi,
2547 691 2829 761 j’udicant?

1946 782 2070 837 111.
2109 781 2270 837 Vens.
2312 781 2366 836 6.
2420 782 2556 848 Quia
2610 782 2955 852 apprehendat
2987 785 3157 838 Ἰιοηιο
3220 784 3442 854 fratrem

1874 888 2051 935 suum,
2095 882 2143 927 et
2176 874 2527 944 propinquum
2562 875 2730 943 patris
2759 876 2864 939 sui,
2901 876 3077 930 dicens
3104 892 3123 930 :
3158 876 3445 931 Vestimen-

1875 971 1986 1017 tum
2014 964 2194 1031 habes,
2220 967 2458 1033 princeps
2478 976 2587 1019 esto
2622 979 2817 1030 noster,
2847 977 2895 1020 et
2919 968 3063 1020 cibus
3098 980 3243 1021 meus
3270 967 3364 1021 sub
3395 978 3444 1022 te

1873 1055 1963 1109 sit.
2013 1056 2213 1124 Aperte
2253 1066 2309 1111 et
2360 1057 2547 1113 istbaec
2595 1068 2842 1125 spectant
2878 1060 2945 1113 ad
2991 1057 3203 1115 Judaici
3246 1062 3443 1115 excidii

1877 1153 2104 1214 tempus,
2124 1149 2339 1215 quando
2366 1146 2507 1202 tame
2530 1150 2885 1213 tabescentes,
2918 1150 2992 1203 ita
3015 1151 3252 1205 utetiam
3277 1149 3445 1223 456

1874 1236 1966 1291 alii
1999 1236 2136 1292 alios
2163 1238 2555 1294 manducarent
2584 1278 2599 1303 ,
2639 1239 2694 1293 in
2719 1251 2899 1309 partes
2934 1241 3235 1296 transibant
3255 1257 3441 1297 eorum

1872 1329 1966 1397 qui
2005 1330 2371 1398 opulentiores
2422 1331 2787 1398 videbantur,
2840 1341 3006 1402 atque
3052 1344 3111 1386 ut
3160 1334 3261 1388 sibi
3307 1321 3445 1404 prae.-

1872 1426 2074 1484 essent,
2104 1421 2387 1488 rogabant.
2438 1418 2808 1475 Vestimentum
2842 1422 3022 1487 habes,
3056 1424 3292 1489 princeps
3332 1435 3444 1479 esto

1874 1517 2065 1564 noster.
2081 1507 2182 1575 Qui
2203 1524 2327 1564 vere
2353 1510 2606 1581 princeps
2628 1520 2731 1577 est,
2747 1528 2852 1567 non
2880 1514 2948 1568 ab
2961 1514 3203 1570 externis
3221 1515 3445 1586 insigni:-

1872 1595 1971 1650 bus
2001 1596 2356 1666 dignoscitur,
2378 1599 2455 1653 uti
2481 1614 2738 1672 purpura.
2767 1601 3166 1671 paludamento,
3184 1615 3238 1660 et
3267 1607 3446 1662 diade-

191 1682 477 1754 χλαμίδος,
500 1683 593 1736 καὶ
613 1682 762 1755 διαδή
772 1701 957 1753 ματος·
981 1666 1097 1738 ἀλλ’
1125 1687 1190 1739 ἐκ
1209 1685 1303 1738 τοῦ
1323 1686 1412 1756 ἔχε
1421 1703 1468 1740 ιν
1484 1666 1582 1757 τῆν
1610 1666 1738 1757 ἀρχι
1752 1718 1766 1727 -

1871 1694 2013 1740 male
2034 1729 2049 1752 ,
2080 1688 2174 1743 sed
2204 1689 2271 1743 ab
2295 1666 2643 1757 imperatoria
2678 1666 2782 1762 qua
2816 1693 3072 1762 praeditus
3107 1706 3190 1751 est
3221 1699 3441 1756 virtute.

189 1773 299 1843 κὴν
325 1773 543 1845 ἀρετήν.
594 1774 652 1826 '0
677 1773 785 1845 γὰρ
817 1774 1116 1846 ἀρχόμενος
1146 1777 1251 1829 ὑπὸ
1286 1776 1393 1831 τῶν
1417 1777 1642 1848 ἡδονῶν,
1671 1781 1766 1833 καὶ

187 1865 462 1934 ἀγόμενος
503 1865 817 1936 ἐπιθυμίαις
859 1866 934 1937 (8)
988 1866 1291 1934 ποικίλαις,
1322 1868 1505 1932 δοῦλος
1552 1867 1631 1924 ὣν
1664 1870 1766 1939 τῆς

188 1955 488 2029 ἁμαρτίας,
523 1957 894 2030 ἀνεπιτήδειός
930 1960 1046 2012 ἐστι
1098 1961 1234 2031 πρὸς
1281 1960 1343 2013 τὸ
1387 1963 1594 2032 ἄρχειν.
1646 1964 1763 2016 Ἐν-

182 2047 366 2101 ταῦθα
402 2048 584 2118 μέντοι
631 2051 665 2118 ἡ
717 2049 989 2122 μαρτυρία
1016 2050 1110 2103 τοῦ
1154 2050 1414 2105 δύνασθαι
1451 2052 1637 2124 ἄρχειν
1665 2055 1765 2108 οὐκ

183 2138 299 2192 ἀπὸ
331 2137 427 2191 τοῦ
459 2139 559 2209 τὴν
589 2138 765 2209 ψυχὴν
794 2141 1188 2213 κεκοσμῆσθαι,
1226 2141 1341 2196 ἀλλ’
1377 2143 1486 2196 ἀπὸ
1513 2145 1611 2215 τῆς
1654 2145 1761 2199 τῶν

185 2229 425 2299 ἱματίων
478 2230 787 2303 περιϐολῆς.
867 2233 1005 2287 Ἀλλ’
1057 2236 1217 2306 ἡμεῖς
1272 2232 1573 2305 εὐξώμεθα,
1635 2237 1762 2301 τοὺς

179 2318 459 2389 ἄρχοντας
506 2320 614 2374 τῶν
660 2320 1014 2395 Ἐκκλησιῶν,
1058 2324 1154 2377 καὶ⁸
1198 2323 1647 2396 καθηγουμένους
1665 2325 1758 2381 τοῦ

179 2407 319 2461 λαοῦ
349 2410 425 2481 μὴ
465 2412 530 2464 ὲκ
552 2412 652 2482 τῆς
691 2410 890 2475 ἔξωθεν
919 2413 1229 2485 περιϐολῆς,
1258 2417 1353 2470 καὶ
1383 2415 1477 2470 τοῦ
1506 2419 1762 2487 ἐπιφερο-

180 2500 350 2571 μένου
386 2501 460 2571 (9)
506 2505 886 2575 σχηματισμοῦ
933 2507 1033 2577 τὴν
1081 2508 1387 2580 μαρτυρίαν
1429 2507 1595 2580 ἔχειν,
1643 2509 1757 2562 ἀλλ’

174 2590 280 2642 ἀπ’
332 2591 505 2660 αὐτῆς
542 2593 645 2663 τῆς
692 2594 971 2665 ἀληθείας,
1025 2596 1167 2650 ὥστε
1213 2597 1392 2666 λέγειν
1427 2599 1607 2668 ἡμᾶς’
1644 2598 1759 2652 Οὐκ

174 2677 371 2751 ἐπειδὴ
413 2681 475 2734 τδ
506 2681 707 2749 ἔξωθέν
754 2700 848 2737 σου
901 2686 1255 2759 κεκόσμηται,
1311 2688 1405 2741 καὶ
1441 2688 1637 2752 ἱκανῶς
1676 2707 1758 2742 σοι

173 2770 410 2843 πλάσμα
447 2775 545 2845 τῆς
572 2775 853 2842 εὐσεϐείας
884 2779 1262 2852 κατώρθωται,
1294 2781 1408 2835 ἀλλ’
1441 2783 1627 2854 ἐπειδή
1664 2800 1756 2836 σου

170 2860 281 2932 τὴν
308 2862 487 2935 ψυχὴν
508 2866 756 2921 ἐνέδυσεν
782 2869 811 2922 ὁ
836 2870 967 2933 θεὸς
1003 2870 1214 2940 ἱμάτιον
1240 2872 1530 2942 σωτηρίου,
1560 2873 1652 2925 καὶ
1676 2891 1759 2942 χι-

171 2951 329 3005 τῶνα
353 2956 710 3029 εὐφροσύνης,
742 2960 833 3013 καί¹
863 2960 1027 3014 παντὶ
1056 2960 1270 3031 πλούτῳ
1304 2978 1363 3015 σε
1405 2962 1754 3033 ἐμεγάλυνεν,

170 3045 425 3115 ἀρχηγὸς
450 3047 607 3118 ἡμῶν
633 3049 815 3118 γενοῦ,
847 3051 994 3114 ὅπως
1019 3051 1085 3105 ἂν
1118 3052 1226 3105 ἀπὸ
1253 3052 1353 3123 τῆς
1385 3055 1443 3106 ὲν
1476 3054 1620 3125 λόγῳ
1661 3055 1756 3108 καὶ
1783 3045 1827 3068 “

171 3134 346 3206 σοφίᾳ
414 3137 506 3190 καὶ
580 3136 762 3210 ἔργοις
818 3139 1041 3208 ἀγαθοῖς
1113 3143 1432 3212 περιουσίας
1503 3143 1754 3211 εὐθηνίαν

169 3221 315 3291 ἡμῖν
338 3223 451 3294 (10)
480 3226 545 3279 ἐκ
567 3228 666 3299 τῆς
692 3228 792 3299 σῆς
816 3229 1092 3295 διακονίας
1122 3230 1231 3285 τῶν
1264 3235 1648 3305 πνευματικῶν
1675 3235 1757 3288 εὓ-

172 3328 366 3383 ρωμεν
391 3315 761 3371 ἀπολαύσεων.
786 3319 895 3373 Καὶ
930 3319 994 3373 τὸ
1018 3318 1228 3390 βρῶμα
1255 3321 1321 3375 τὸ
1347 3323 1494 3392 ἐμὸν
1523 3325 1638 3378 ὑπὸ
1679 3324 1754 3377 σὲ

168 3402 357 3470 ἔστω,
380 3406 647 3474 τουτέστι,
674 3407 735 3461 τὸ
767 3412 1103 3483 σιτομέτριον
1128 3413 1234 3466 ὑπὸ
1262 3413 1320 3466 σὲ
1343 3413 1502 3469 ἔστω.

251 3495 375 3548 112.
417 3497 526 3550 Καὶ
563 3500 903 3569 ἀποκριθεὶς
928 3504 999 3556 ἑν
1020 3503 1095 3573 τῇ
1123 3503 1315 3573 ἡμέρᾳ
1355 3504 1558 3574 ἐκείνῃ
1595 3506 1715 3575 ἐρεῖ
1736 3525 1750 3539 ·

173 3587 304 3639 Οὐκ
326 3586 540 3657 ἔσομαι
572 3589 834 3661 ἀρχηγὸς
864 3593 1032 3664 ὑμῶν
1064 3594 1196 3665 (11).
1228 3597 1311 3649 Οὐ
1342 3595 1453 3664 γάρ
1483 3596 1655 3650 ἐστιν
1684 3598 1754 3651 ἐν

167 3673 258 3738 τῷ
292 3675 438 3740 οῑκῳ
473 3694 595 3745 μου
633 3678 844 3748 ἄρτος,
885 3683 1028 3738 οὐδὲ
1063 3684 1314 3754 ἱμάτιον.
1350 3687 1469 3740 Ἔτι
1498 3688 1567 3740 τὰ
1612 3689 1754 3743 κατά

166 3766 273 3837 τὴν
304 3767 516 3832 στάσιν,
559 3770 635 3834 ὡς
665 3772 802 3843 πρὸς
826 3774 926 3845 τὴν
962 3777 1221 3848 ἱστορίαν,
1261 3779 1292 3830 ό
1334 3778 1488 3847 λόγος
1515 3780 1752 3834 αἰνίσσε-

164 3873 300 3922 ται,
325 3859 425 3929 τὴν
451 3861 533 3924 είς
558 3861 786 3933 ἔσχατον
830 3866 1035 3920 πτῶσιν
1067 3866 1160 3921 τοῦ
1199 3867 1331 3923 λαοῢ
1373 3870 1749 3943 διηγούμενος,

163 3951 250 4015 ὡς
284 3952 423 4023 μηδὲ
463 3955 655 4027 μέχρις
698 3959 816 4022 ἑνὸς
846 3960 1061 4031 ἱματίου
1099 3963 1499 4035 εὐπορούντων,
1529 3966 1638 4020 τῶν
1669 3969 1751 4031 είς

165 4042 527 4111 προστασίαν-
552 4047 681 4116 παρ’
720 4048 899 4103 αὐτῶν
943 4051 1271 4122 ἑλκομένων.
1313 4053 1561 4108 Δείκνυσι
1595 4055 1653 4109 δὲ
1688 4056 1748 4111 τὸ

163 4135 556 4188 στασιαστικὸν
589 4136 692 4207 τῆς
725 4140 965 4204 στάσεως
999 4142 1107 4196 τῶν
1139 4145 1478 4216 πραγμάτων
1505 4147 1636 4219 (12),
1684 4149 1747 4202 τὸ

165 4221 248 4294 μὴ
274 4224 340 4277 ἐκ
372 4227 682 4296 συμφώνου,
726 4231 859 4302 μηδὲ
898 4235 964 4286 ὲκ
998 4239 1299 4305 συμπνοίας
1330 4238 1536 4304 πάντας
1567 4241 1744 4313 ὁρμᾷν

1868 1774 1967 1842 Qui
1984 1779 2126 1832 enim
2145 1780 2391 1836 subditur
2408 1782 2793 1851 voluptatibus,
2811 1800 2874 1841 ac
2887 1788 3050 1842 variis
3063 1790 3443 1858 cupiditatibus

1867 1860 2080 1916 ducitur
2098 1864 2140 1928 ν,
2163 1879 2352 1919 servos
2373 1880 2494 1921 cum
2514 1866 2586 1921 sit
2599 1870 2826 1936 peccati,
2841 1871 2907 1925 ad
2931 1870 3299 1940 imperandum
3325 1874 3443 1930 ido-

1865 1963 1997 2006 neus
2016 1968 2119 2008 non
2137 1964 2240 2008 est.
2259 1953 2355 2010 llic
2371 1957 2582 2025 quidem
2600 1959 2985 2025 testimonium,
3005 1977 3115 2032 quo
3138 1964 3439 2034 imperandi

1867 2039 2094 2098 facultas
2121 2044 2453 2114 designatur,
2484 2063 2591 2102 non
2625 2049 2693 2104 ab
2713 2051 2877 2105 animi
2912 2063 3128 2119 ornatu,
3156 2057 3250 2111 sed
3281 2071 3310 2110 a
3344 2072 3440 2112 ve-

1864 2133 2237 2190 stimentorum
2272 2138 2420 2192 cultu
2453 2140 2770 2194 desumitur.
2795 2142 2955 2212 Atqui
2982 2159 3202 2200 oremus
3232 2162 3352 2216 nos,
3380 2161 3440 2205 ut

1863 2222 2227 2281 Ecclesiarum
2283 2229 2560 2301 principes
2598 2232 2890 2302 populique
2936 2235 3098 2290 duces
3146 2250 3321 2307 neque
3367 2241 3439 2297 ab

1862 2317 2122 2375 exteriori
2152 2318 2375 2387 amictu,
2423 2335 2599 2392 neque
2636 2325 2704 2379 ab
2742 2337 2807 2377 eo
2834 2341 2995 2394 quem
3023 2342 3134 2394 prae
3164 2343 3223 2383 se
3251 2328 3436 2390 ferant

1861 2406 2070 2472 habitu,
2113 2409 2210 2464 sed
2259 2411 2327 2465 ab
2382 2412 2611 2481 ipsamet
2650 2398 2876 2471 veritate
2919 2422 3284 2479 testiinonium
3338 2427 3439 2482 ha-

1858 2499 2057 2563 beant,
2090 2502 2164 2554 ita
2199 2510 2258 2555 nt
2285 2502 2467 2558 ulcere
2511 2504 2781 2573 possimus
2816 2522 2830 2559 :
2874 2506 2992 2564 Non
3038 2515 3182 2581 quod
3223 2530 3343 2583 quae
3377 2517 3432 2571 in

1862 2601 1914 2644 te
1955 2591 2296 2648 extrinsecus
2347 2607 2630 2664 apparent,
2672 2607 2864 2653 ornata
2911 2602 3041 2668 sint,
3086 2615 3180 2659 aut
3214 2606 3435 2674 pietatis

1858 2680 2007 2736 larva
2042 2698 2073 2737 a
2123 2694 2176 2738 te
2217 2685 2442 2740 multum
2487 2688 2704 2743 exculta
2740 2691 2841 2755 sit,
2873 2694 2968 2747 sed
2998 2696 3141 2763 quod
3197 2699 3432 2755 animam

1862 2781 2005 2826 tuam
2041 2775 2366 2831 vestimento
2401 2777 2658 2836 salutaris
2714 2784 3002 2854 tunicaque
3046 2785 3247 2842 laetitiae
3295 2790 3435 2846 Deus

1859 2862 2053 2930 induit,
2074 2866 2328 2934 omnique
2351 2868 2657 2923 divitiarum
2677 2886 2871 2942 genere
2902 2883 2953 2928 te
2981 2878 3346 2946 magniﬁcavit
3363 2882 3428 2947 ιο,

1860 2952 2111 3025 princeps
2146 2957 2222 3012 sis
2251 2968 2458 3024 noster,
2492 2969 2551 3014 ut
2578 2975 2676 3030 per
2698 2961 3078 3020 abundantiam
3105 2969 3158 3023 in
3178 2985 3430 3027 sermone

1859 3056 1913 3100 et
1950 3051 2214 3117 sapientia
2239 3061 2293 3106 et
2318 3051 2575 3122 operibus
2610 3053 2767 3109 bonis
2809 3058 3139 3113 reconditam
3172 3063 3326 3119 nobis
3361 3080 3431 3120 ex
3516 3051 3539 3089 ⁵

1862 3147 1951 3192 tuo
1978 3142 2280 3197 ministerio
2313 3157 2693 3213 comparemus
2716 3147 3081 3215 spiritualium
3112 3153 3427 3212 deliciarum

1857 3232 2089 3299 copiam.
2122 3231 2190 3286 Et
2237 3235 2383 3289 cibus
2423 3252 2567 3292 meus
2610 3239 2705 3293 sub
2734 3249 2784 3293 te
2834 3241 2926 3307 sit,
2978 3242 3077 3297 hoc
3104 3256 3190 3299 εει
3257 3248 3424 3305 tritici

1857 3334 2105 3375 mensura
2132 3323 2230 3378 sub
2267 3334 2316 3378 te
2336 3324 2423 3380 sit.

1926 3503 2049 3560 “2.
2091 3505 2253 3563 Vens.
2287 3508 2337 3563 7.
2386 3509 2456 3565 Et
2504 3516 2819 3584 respondens
2858 3521 2915 3571 in
2968 3519 3061 3573 illa
3103 3522 3188 3576 die
3244 3525 3379 3581 dicet
3406 3543 3422 3558 ο

1856 3595 1982 3651 Non
2017 3614 2108 3652 ero
2145 3602 2387 3672 princeps
2410 3614 2599 3659 vester.
2635 3608 2756 3661 Non
2783 3609 2920 3663 enim
2952 3621 3027 3666 est
3053 3614 3108 3667 in
3136 3614 3290 3670 domo
3312 3635 3426 3673 mea

1851 3690 2024 3756 panis,
2057 3704 2220 3759 neque
2247 3677 2627 3749 vestimentum.
2654 3697 2847 3754 Adhuc
2872 3714 2936 3756 ea
2962 3715 3082 3771 quae
3128 3705 3184 3759 in
3214 3707 3305 3761 illa
3332 3724 3424 3764 se-

1852 3780 2057 3835 ditione
2100 3790 2247 3852 gesta
2305 3793 2449 3852 sunt,
2486 3789 2628 3855 quod
2657 3789 2725 3842 ad
2772 3789 3056 3848 historiam
3103 3796 3318 3864 attinet,
3346 3782 3429 3855 si-i

1851 3871 2071 3940 gniﬁcat
2100 3873 2420 3943 Scriptura:
2457 3876 2712 3933 nimirum
2750 3894 2972 3938 enarrat
2995 3898 3296 3944 extremum
3321 3907 3421 3962 po-

1849 3960 2286 4032 puliexcidium,
2319 3967 2394 4021 ita
2417 3978 2474 4021 ut
2500 3981 2569 4022 ne
2603 3985 2767 4025 unum
2805 3973 3020 4043 quidem
3048 3960 3420 4038 indumentum

1849 4064 2156 4123 suppeteret
2188 4056 2278 4120 iis,
2311 4072 2447 4127 quos
2471 4060 2536 4113 ad
2577 4061 2939 4134 principatum
2968 4066 3269 4127 trahebant.
3304 4072 3418 4130 Hoc

1847 4155 2026 4200 autem
2075 4147 2465 4204 tumultuosum
2509 4165 2687 4207 rerum
2728 4155 2781 4209 in
2832 4158 3097 4216 seditione
3143 4173 3413 4231 gestarum

1847 4248 2047 4295 statum
2075 4244 2334 4311 ostendit,
2367 4248 2509 4314 quod
2548 4263 2738 4306 omnes
2760 4256 3030 4310 communi
3061 4271 3326 4315 consensu
3360 4272 3417 4318 et

160 4314 262 4367 ἐπὶ
285 4315 385 4386 τὴν
422 4318 653 4390 ἐκλογὴν
682 4321 775 4375 τοῦ
815 4322 1114 4379 δυναμένου
1163 4327 1350 4385 ἀογειν
1396 4331 1597 4396 αὐτῶν,
1626 4333 1741 4387 ἀλλ’

1864 4335 2198 4413 :oncordibus
2220 4337 2414 4393 animis
2438 4338 2505 4395 ad
2520 4340 2822 4410 eligendum
2843 4358 2965 4399 eum
2992 4346 3086 4416 qui
3119 4350 3250 4419 ipsis

235 4489 327 4544 ’ll
356 4491 497 4548 Tim.
526 4510 611 4562 ut,
645 4496 700 4564 ὅ,
775 4497 828 4554 6.
906 4500 950 4534 ⁸ο
977 4500 1079 4558 lsa.
1110 4519 1222 4570 ut,
1268 4504 1353 4561 10.

230 4645 348 4726 (ϐξ)
384 4648 917 4726 Ἆλᾷηλογραςρίαν.
958 4654 1232 4726 interpres
1274 4657 1470 4726 legisse
1503 4660 1735 4725 videtur,

155 4714 585 4839 ἓλληλοφαγίαῦ,
644 4714 791 4792 quod
833 4734 890 4780 et
932 4714 1122 4795 magis.
1158 4714 1581 4785 consentaneum
1631 4714 1732 4786 est.

203 4802 323 4839 υιτ.

203 4802 323 4840 Dl'l'.

228 4856 310 4923 (7)
337 4851 488 4908 Colb.
535 4853 762 4929 primus,
814 4859 1142 4929 στρατηγός,
1185 4860 1487 4929 imperator.
1532 4864 1732 4923 Ibidem

154 4934 284 4996 post
316 4936 500 4996 vocem
524 4922 720 4996 γενοῦ,
745 4925 813 4996 in
845 4922 1065 4984 excusis
1098 4922 1370 4985 adduntur
1399 4934 1508 4996 illa,
1544 4938 1638 4990 καὶ
1658 4922 1730 4993 τὸ

155 4991 360 5067 βρῶμα
392 4991 453 5043 τδ
478 4992 609 5061 ἐμὸν
631 4993 749 5067 ὐπδ
771 4995 830 5047 σὲ
851 4996 993 5051 εστω
1017 5014 1030 5027 -
1058 5012 1179 5067 qua:
1211 5002 1373 5056 verba
1402 4991 1522 5057 cum
1552 5006 1606 5059 in
1631 4991 1728 5064 ns;

152 5066 291 5116 stris
323 5077 415 5134 se;
435 5076 710 5134 _mss._non
736 5065 1098 5134 inveniantur,
1129 5067 1305 5123 delere
1336 5085 1442 5125 non
1469 5075 1727 5132 dubitavi-

152 5146 300 5212 mus.
338 5130 535 5185 Ibidem
585 5131 719 5205 Reg.
748 5135 976 5204 primus,
1036 5130 1297 5210 δ’ἀληθὴς
1337 5138 1543 5212 ἄρχων,
1576 5130 1724 5203 verus

148 5204 419 5269 princeps.

243 5270 301 5345 8)
340 5266 565 5345 Editiet
593 5266 730 5345 Reg.
747 5270 975 5345 primus,
1014 5272 1330 5345 ἐπιθυμίαις
1350 5276 1572 5342 πολλαῖς
1596 5284 1688 5335 καί

243 5285 301 5335 δ)
341 5285 481 5324 Mlti
509 5285 564 5324 et
593 5285 639 5322 rs
710 5309 723 5321 .
747 5285 975 5339 primus,
1014 5285 1330 5345 επιυυμιαις
1350 5285 1572 5342 πολλαῖς
1596 5285 1688 5335 καί

148 5285 246 5393 κδ
275 5342 405 5407 quin
438 5340 589 5406 illud,
614 5285 835 5404 Sim;
858 5342 974 5408 καί,
1003 5345 1233 5414 expungi
1268 5346 1479 5412 debeat,
1504 5351 1722 5406 dubimr.

150 5422 260 5477 non
300 5409 578 5464 habemus.
610 5410 744 5463 Nam
782 5410 895 5465 haec
933 5412 1094 5467 verba
1126 5424 1182 5467 et
1203 5416 1257 5467 in
1282 5429 1439 5471 sacro
1471 5428 1619 5474 textu
1664 5433 1720 5477 et

148 5476 207 5531 in
235 5481 477 5548 quinque
513 5494 641 5534 mss.
680 5481 880 5548 pariter
916 5482 1311 5537 desiderantur.

235 5492 477 5601 gulaque
513 5494 641 5534 mss.
680 5492 880 5548 pariter
916 5492 1311 5537 desiderantur.

221 5559 242 5616 (
286 5553 304 5613 )
356 5550 427 5600 Ita
462 5563 593 5635 mss.
628 5564 836 5635 omnes,
894 5549 1061 5635 Ediit‘i,
1100 5555 1195 5635 κιαι
1234 5553 1328 5635 τοῦ
1357 5556 1717 5635 ἐπιφαινομέ-

146 5632 265 5683 νου,
299 5633 460 5687 neque
493 5618 559 5671 ab
586 5627 866 5687 apparente
890 5622 1091 5676 habitu.
1121 5621 1231 5680 Nec
1272 5626 1343 5679 ita
1380 5618 1547 5684 multo
1579 5618 1719 5685 inl'ra

389 5711 663 5773 Ρλτιιοι..
702 5710 823 5773 Gn.
860 5709 1065 5775 XXX.

1837 4662 2011 4784 gostri
2068 4678 2160 4719 sex
2205 4681 2372 4733 «11153.,
2419 4668 2481 4721 τδ
2529 4668 2746 4737 ἔξωθεν.
2796 4673 2959 4742 Editi,
3001 4678 3070 4732 τὰ
3123 4681 3220 4736 μὲν
3273 4683 3409 4752 ἔξω·

1871 4748 1947 4784 εν.

1871 4748 1947 4784 εν.

1906 4800 2027 4886 (⁸10).
2059 4800 2164 4859 Ubi
2208 4806 2262 4886 in
2301 4806 2461 4863 editis
2493 4807 2736 4886 legimus,
2771 4815 2950 4886 ἡμεῖς.
2992 4817 3044 4871 in
3079 4821 3278 4876 nostris
3306 4838 3405 4883 sex

1835 4872 2112 4958 codicibus
2145 4875 2400 4958 scripturn
2440 4872 2733 4958 repéritur,
2760 4872 3076 4955 ἡμῖνίῖιιιιι]
3100 4872 3403 4958 Quot—lituo;

1835 4941 2099 5064 ἱῖἓυίιυτ,
2140 4941 2269 4997 sua
2292 4945 2351 4998 σὲ
2374 4941 2535 5014 ἔστω,
2569 4941 2812 5008 adunati;
2839 4966 2923 5011 est
2960 4972 2991 5012 e
3022 4941 3402 5017 Iibdéiéién:

1903 5077 2016 5150 (ll)
2051 5075 2374 5154 V9x__bttt3v
2409 5085 2560 5139 deest
2588 5087 2803 5154 quidem
2856 5089 2911 5145 in
2960 5092 3119 5148 editis
3153 5113 3169 5150 :
3218 5100 3312 5152 sed
3343 5101 3397 5154 in

1833 5148 2063 5218 utroque
2093 5148 2572 5236 Colbsinvenitnr.
2604 5148 2816 5236 ibidem
2862 5162 3015 5236 editi,
3042 5148 3164 5216 ἐστί
3182 5148 3399 5236 μὸὶῖιῖἐ

1832 5232 2018 5294 vocem
2053 5232 2166 5284 μοι,
2205 5229 2508 5294 nostrorum
2553 5228 2798 5282 codicum
2844 5234 3085 5287 omnium
3133 5228 3401 5294 lidemse-

1830 5290 1964 5348 cuti,
1998 5290 2380 5351 expunximus.

1904 5356 2015 5429 (12)
2044 5356 2272 5443 'Legitulr;
2302 5361 2627 5443 ct_inheditis
2664 5377 2719 5421 et
2749 5369 2803 5423 in
2829 5385 2957 5426 mss.
2985 5374 3255 5443 omnibus,
3291 5377 3402 5436 τῶν

1828 5427 2200 5511 πραγμάτων.
2233 5427 2587 5489 Combeﬁsius
2612 5445 2810 5503 tamen,
2846 5451 2902 5493 ut
2934 5456 3074 5510 saepe
3104 5427 3258 5511 alias:
3284 5427 3401 5500 viil;

1829 5508 1952 5589 gata
1981 5499 2214 5589 lectio-ne
2237 5515 2393 5589 mea
2415 5513 2719 5589 contentus,
2757 5499 2836 5589 ait
2866 5512 2963 5565 sibi
2990 5499 3157 5568 videri
3216 5499 3399 5589 legen-

1828 5568 1975 5658 duim,
2031 5565 2509 5658 featfa'ctépsvw.
2544 5565 2716 5632 Haud,
2756 5578 2912 5651 longe
2954 5565 3397 5658 lassitudini},

1828 5637 2004 5692 πάντα
2029 5637 2227 5708 όρμᾷν.

2993 5749 3066 5807 10
