3828 6216
108 6094 148 6136 Δ

356 236 461 292 2-99
1023 205 1029 213 ’
1310 231 1652 287 APPENDIX
1693 232 1979 289 OPERUM
2026 233 2083 288 s.
2123 231 2364 288 BASlLll
2407 231 2641 289 MAGNI.
3503 230 3614 287 suo

355 368 480 409 esse
532 358 740 421 posset,
793 365 898 406 non
957 360 1370 413 concurrerent,
1421 351 1513 406 sed
1561 351 1925 421 unusquisque

2036 352 2262 405 ἕκαστον
2291 347 2384 404 τοῦ
2415 349 2807 423 προστυχόντος
2844 347 2953 418 (15)
2990 345 3477 419 ἐπιλαμϐάνεσθαι,
3517 348 3614 400 καὶ

358 445 653 515 quemlibet
676 442 893 499 obvium
923 452 1362 505 assumeret,non
1386 457 1507 496 eum
1539 443 1631 511 qui
1654 452 1798 498 esset
1824 443 1934 498 ele-

356 533 536 586 ctione
550 532 759 601 dignus,
776 531 868 585 sed
894 529 985 599 qui
1013 528 1414 599 sibifamiliaris
1431 536 1575 584 esset
1595 544 1659 584 ac
1689 542 1933 588 necessa-

357 624 497 688 rius;
533 638 637 678 non
659 637 782 676 eum
809 622 897 693 qui
931 622 1109 679 salvos
1138 622 1282 693 ipsos
1300 637 1365 679 ac
1394 622 1691 677 incolumes
1710 638 1932 679 servare

360 722 558 783 posset,
600 714 692 767 sed
731 712 821 781 qui
849 711 1127 781 sanguinis
1166 713 1563 767 necessitudine
1600 714 1771 781 ipsum
1801 728 1932 767 con-

360 803 608 870 tingeret.
659 801 1022 872 Apprehendet
1064 803 1224 869 enim,
1267 802 1463 871 inquit,
1505 804 1657 855 homo
1706 802 1929 870 fratrem

357 910 532 969 suum,
570 903 617 947 et
663 892 1006 947 domesticum
1052 892 1222 960 patris
1256 892 1358 944 sui.
1399 890 1555 944 Absit
1591 899 1737 946 certe
1766 904 1834 945 ne
1875 889 1928 943 id

355 990 448 1042 ﬁat
498 987 551 1040 in
597 983 899 1039 tribuendis
934 982 1297 1038 Ecclesiarum
1333 980 1664 1050 praefecturis
1700 998 1715 1035 :
1756 981 1833 1036 ita
1873 988 1932 1036 ut

352 1077 889 1150 quilibetquemlibet
915 1076 1102 1145 eligat,
1119 1090 1240 1131 eum
1265 1090 1461 1144 nempe
1482 1076 1572 1145 qui
1600 1076 1931 1146 nuptialibus

355 1174 689 1228 indumentis
729 1179 931 1238 careat,
969 1171 1059 1239 qui
1082 1171 1153 1225 sit
1180 1169 1391 1224 decenti
1426 1167 1574 1225 cultu
1617 1168 1927 1236 destitutus,

352 1267 442 1335 qui
470 1263 835 1335 spiritualium
858 1271 1016 1332 egeat
1041 1260 1419 1315 alimentorum
1453 1277 1467 1313 :
1505 1269 1559 1316 et
1574 1261 1663 1330 qui
1690 1262 1742 1314 in
1770 1261 1931 1315 domo

353 1372 473 1422 sua,
508 1358 613 1411 hoc
645 1364 750 1419 est,
783 1355 837 1408 in
880 1368 1079 1408 arcano
1125 1353 1304 1406 cordis
1354 1352 1437 1409 sui
1475 1367 1697 1407 secessu
1736 1365 1928 1422 panem

352 1463 543 1503 verum
585 1462 646 1501 ac
700 1447 964 1499 viventem
1007 1456 1350 1511 nequaquam
1392 1443 1576 1508 habet,
1614 1444 1707 1513 qui
1756 1444 1931 1513 possit

354 1556 449 1594 cor
476 1539 712 1594 hominis
745 1537 1069 1592 conﬁrmare
1098 1538 1162 1588 ιι.
1211 1536 1362 1590 Nunc
1398 1547 1577 1590 autem
1630 1538 1793 1591 timeo
1839 1551 1929 1598 ne.

353 1644 414 1685 ut-
434 1631 560 1685 olim
591 1627 892 1684 iniudaica
932 1628 1197 1684 seditione
1239 1637 1396 1682 erant
1427 1628 1517 1697 qui
1556 1628 1765 1698 seipsos
1788 1629 1931 1683 arbi-

2037 445 2111 516 μὴ
2142 446 2232 498 τὸν
2264 445 2412 509 ἀξιον
2440 442 2731 515 αἱρεῖσθαι,
2753 440 2889 494 ἀλλά
2914 441 3006 494 τὸν
3033 438 3182 510 αὑτῷ
3225 440 3443 492 οἰκεῖον·
3475 439 3615 509 μηδὲ

2030 538 2121 591 τὸν
2168 536 2358 601 σώζειν
2401 537 2716 607 δυνάμενον,
2760 534 2895 588 ἀλλὰ
2943 533 3034 586 τόν
3087 532 3229 586 κατά
3267 532 3422 600 γένος
3459 528 3616 601 αὐτῷ

2030 630 2371 699 διαφέροντα.
2443 625 2829 695 Ἐπιλήψεται
2872 625 3004 696 γὰρ,
3061 625 3244 694 φησὶν,
3298 621 3615 690 ἅνθρωπος

2028 719 2137 775 τοῦ
2171 720 2436 789 ἀδελφοῦ
2470 718 2677 783 αὐτοῦ,
2712 719 2812 771 καὶ
2840 717 2946 771 τοῦ
2976 715 3199 769 οἰκείου
3219 713 3327 768 τοῦ
3354 712 3469 784 (14)
3496 727 3614 765 πα-

2028 814 2167 882 τρὸς
2210 811 2416 866 αὐτοῦ.
2451 812 2630 881 Ὅπερ
2669 810 2835 880 ἀπείη
2870 810 2927 862 ἐν
2960 810 3080 871 ταῖς
3121 805 3230 859 τῶν
3271 802 3614 875 Ἐκκλησιῶν

2029 905 2388 977 προστασίαις
2416 904 2689 974 γενέσθαι,
2725 903 2865 955 ὥστε
2894 902 2986 956 τὸν
3016 906 3249 971 τυχόντα
3288 897 3382 952 τοῦ
3424 898 3620 968 τυχόν-

2027 1012 2115 1060 τος
2171 993 2669 1065 ἐπιλαμϐάνεσθαι,
2724 992 2817 1046 καὶ
2861 991 2952 1043 τὸν
3005 988 3313 1060 ἀποροῦντα
3356 985 3618 1057 γαμικῶν

2028 1085 2362 1156 ἐνδυμάτων,
2390 1085 2487 1137 καὶ
2520 1084 2724 1153 κόσμου
2764 1080 2858 1134 τοῦ
2888 1080 3194 1154 πρέποντος
3222 1076 3613 1150 ἐστερημένον,

2031 1177 2379 1248 πτωχεύοντα
2400 1174 2707 1248 βρωμάτων
2732 1170 3138 1244 πνευματικῶν,
3168 1170 3262 1222 καὶ
3288 1170 3390 1222 οὐκ
3418 1168 3617 1238 ἔχοντα

2031 1272 2088 1324 ὲν
2117 1274 2183 1343 τῇ
2214 1271 2361 1342 οἰκίᾳ
2389 1268 2574 1333 αὑτοῦ,
2604 1267 2879 1320 τουτέστιν
2906 1268 2963 1319 ὲν
2988 1265 3067 1335 τῷ
3094 1261 3319 1334 κρυπτῷ
3346 1262 3444 1332 τῆς
3472 1277 3617 1330 καρ-

2030 1363 2146 1426 δίας
2198 1361 2382 1426 αὐτοῦ,
2419 1361 2580 1433 ἄρτον
2619 1358 2871 1429 ἀληθινὸν
2925 1356 3020 1409 καὶ
3067 1354 3276 1420 ζῶντα,
3313 1353 3616 1421 δυνάμενον

2034 1453 2308 1526 στηρίζειν
2339 1453 2438 1524 τὴν
2471 1451 2698 1523 καρδίαν
2732 1447 3042 1522 ἀνθρώπου.
3074 1447 3189 1501 Νῦν
3216 1447 3273 1500 δὲ
3313 1442 3611 1514 φοϐοῦμαι,

2036 1547 2109 1616 μὴ
2144 1548 2200 1598 ἐν
2238 1546 2334 1615 μὲν
2380 1547 2444 1615 τῇ
2508 1542 2770 1613 Ἰουδαϊκῇ
2805 1540 2988 1593 στάσει
3020 1534 3160 1609 ἦσάν
3201 1552 3343 1600 τινες
3392 1535 3442 1587 οἱ
3512 1535 3618 1587 άν-

2033 1638 2217 1703 αξίους
2244 1638 2470 1699 ἑαυτοὺς
2486 1635 2579 1688 τοῦ
2606 1634 2806 1705 ἐτέρων
2835 1633 3020 1702 ἄρχειν
3046 1628 3362 1701 ἡγούμενοι,
3390 1624 3481 1679 διὰ
3511 1626 3618 1696 τὴν

353 1732 630 1777 trarentur
676 1723 945 1792 indignos,
995 1723 1082 1791 qui
1129 1721 1343 1776 caeteris
1382 1721 1816 1790 praeﬁcerentur,
1853 1731 1925 1777 ut-

2037 1727 2385 1799 συναίσθησιν
2439 1726 2540 1796 τῆς
2602 1721 3012 1794 ἐνυπαρχούσης
3059 1720 3245 1782 αὐτοῖς
3297 1716 3614 1787 πτωχείας·

350 1826 476 1887 pnte
504 1832 617 1872 sua:
664 1816 905 1886 ipsorum
939 1815 1273 1885 paupertatis
1301 1815 1528 1881 conscii,
1561 1815 1630 1868 ita
1663 1815 1763 1870 hoc
1792 1824 1929 1870 tem-

350 1924 482 1977 pore
512 1908 619 1963 sint
641 1906 1008 1975 nonnulli,qui
1038 1904 1456 1961 licetChristum
1487 1915 1542 1960 et
1563 1908 1929 1964 miserationis

349 2003 554 2054 viscera
576 1998 739 2072 457
758 1998 927 2052 induti
949 2013 1054 2053 non
1079 1998 1206 2062 sint,
1227 1999 1519 2054 secundum
1535 2000 1846 2069 Apostolum
1861 2001 1924 2067 ",

347 2096 393 2148 si
422 2093 543 2161 quis
572 2101 748 2146 tamen
780 2104 874 2146 eos
904 2099 1239 2160 promoveat,
1269 2105 1373 2145 non
1417 2091 1792 2146 contradicant
1828 2108 1840 2143 :
1874 2101 1929 2146 et

348 2186 396 2242 si
425 2191 737 2255 promoveat
760 2197 936 2250 nemo,
961 2181 1175 2253 plurimi
1205 2196 1263 2237 se
1296 2182 1602 2237 intrudunt.
1628 2181 1757 2236 Nam
1781 2183 1927 2253 prin-

349 2276 580 2343 cipatum
622 2273 865 2327 ambiunt
911 2289 1013 2327 non
1075 2274 1252 2342 pauci,
1314 2288 1410 2327 sua
1471 2272 1712 2342 ipsorum
1762 2287 1926 2342 opera

348 2366 541 2430 creati,
575 2374 893 2433 praesentem
939 2364 1313 2419 claritudinem
1360 2374 1751 2430 consectantes,
1788 2365 1929 2419 futu~

350 2475 467 2513 rum
502 2472 630 2513 vero
652 2455 916 2525 judicium
968 2472 1309 2527 nequaquam
1356 2457 1733 2532 praevidentes.
1766 2457 1925 2526 Atqui

350 2566 454 2605 non
476 2550 737 2621 ejusmodi
767 2548 868 2603 fuit
902 2548 1145 2620 Moyses,
1181 2548 1273 2602 sed
1307 2548 1358 2601 in
1387 2548 1637 2603 omnibus
1668 2548 1927 2602 obediens

348 2658 412 2697 ac
436 2640 756 2711 morigerus,
800 2639 1015 2707 quando
1058 2639 1123 2691 ad
1169 2637 1418 2707 populum
1466 2637 1929 2698 mittebatur,aie-

348 2735 443 2787 bat
467 2751 479 2787 :
507 2731 756 2796 Obsecro,
798 2729 1041 2795 Domine,
1079 2730 1208 2799 elige
1253 2730 1419 2783 alium
1452 2745 1602 2799 quem
1650 2730 1822 2782 mittes
1857 2728 1924 2783 ¹³.

351 2824 428 2877 Ex
462 2838 569 2893 quo
598 2822 796 2877 factum
822 2832 907 2877 est
939 2833 997 2877 ut
1033 2822 1173 2876 Deus
1198 2823 1368 2890 ipsum
1392 2830 1605 2889 urgeret
1629 2822 1780 2890 quasi
1807 2836 1927 2890 per-

348 2911 615 2976 tinacius,
649 2919 835 2978 utpote
877 2910 965 2977 qui
1023 2910 1123 2965 hac
1172 2912 1283 2979 ipsa
1336 2912 1674 2967 recusatione
1719 2919 1772 2965 et
1816 2926 1927 2965 sua:

349 3003 684 3057 inﬁrmitatis
726 3001 1064 3058 confessione
1100 3016 1158 3057 se
1207 3003 1443 3073 primatu
1492 3003 1711 3072 dignum
1741 3014 1926 3058 osten-

2030 1823 2122 1874 ἐπὶ
2144 1821 2202 1874 δὲ
2234 1819 2342 1874 τῶν
2372 1819 2677 1889 παρόντων,
2709 1817 2813 1869 κᾶν
2842 1814 2917 1887 μὴ
2954 1809 3056 1867 ὦσι
3084 1829 3229 1875 τινες
3268 1809 3613 1878 ἐνδεδυμένοι

2028 1912 2281 1984 Χριστὸν,
2326 1910 2461 1982 μηδέ
2493 1909 2772 1978 σπλάγχνα
2812 1906 3117 1978 οἰκτιρμοῦ,
3141 1902 3289 1957 κατά
3315 1901 3406 1954 τὸν
3446 1899 3614 1952 Ἀπό-

2030 2005 2233 2069 στολον,
2266 2003 2369 2057 κᾶν
2413 2001 2524 2071 (15)
2575 1999 2900 2070 ἐπιλάϐηταί
2947 2015 3049 2062 τις,
3096 1996 3196 2049 οὐκ
3241 1992 3611 2059 ἀντιλέγουσι,

2028 2097 2129 2151 κᾶν
2166 2095 2238 2166 μὴ
2274 2094 2622 2164 ἐπιλάϐηται,
2658 2081 3006 2145 εἰσωθοῦνται
3032 2089 3239 2153 πολλοὶ,
3269 2084 3612 2154 σπουδάρχαι

2025 2186 2082 2240 δέ
2115 2186 2297 2240 πολλοὶ
2325 2184 2434 2256 (16)
2478 2183 2994 2255 αὐτοχειροτόνητοι,
3018 2181 3117 2252 τὴν
3154 2177 3429 2250 παροῦσαν
3468 2176 3613 2245 λαμ-

2026 2279 2273 2350 πρότητα
2322 2276 2646 2339 διώκοντες,
2690 2275 2789 2345 τὴν
2849 2273 2905 2326 δὲ
2947 2271 3245 2344 μέλλουσαν
3291 2268 3471 2340 κρίσιν
3528 2264 3610 2336 μὴ

2027 2370 2417 2443 προορώμενοι.
2487 2368 2625 2421 Ἀλλ’
2682 2368 2740 2421 οὐ
2801 2365 3039 2435 Μωῦσῆς
3095 2360 3364 2425 τοιοῦτος’
3410 2359 3529 2413 ἀλλ’
3577 2360 3612 2414 ὁ

2027 2463 2206 2516 πάντα
2248 2461 2505 2531 εὐπειθὴς
2543 2460 2638 2513 καὶ
2673 2460 2930 2530 εὐὴκοος,
2958 2458 3046 2510 ὅτε
3079 2454 3435 2509 ἀπεστέλλετο
3468 2451 3611 2523 πρὸς

2026 2554 2115 2607 τὸν
2146 2554 2291 2607 λαόν·
2328 2553 2557 2623 Δέομαί,
2596 2553 2747 2624 φησὶ,
2784 2552 2980 2619 Κύριε,
3017 2547 3387 2617 προχείρισαι
3409 2545 3609 2598 ἄλλον

2028 2645 2100 2699 ὃν
2128 2644 2504 2710 ἀποστελεῖς.
2544 2647 2620 2697 Δι’
2644 2644 2672 2697 ὃ
2712 2644 2806 2697 καὶ
2837 2643 2997 2696 οἱονεὶ
3027 2640 3453 2711 φιλονεικότερον
3479 2637 3613 2690 ἀντ-

2026 2735 2243 2805 έχεσθαι
2276 2734 2440 2789 αὑτοῦ
2471 2735 2562 2787 τὸν
2603 2734 2735 2788 Θεὸν
2768 2733 3168 2786 κατεσκεύασεν
3201 2732 3334 2801 (17),
3362 2730 3498 2800 αὐτῇ
3534 2730 3606 2797 τῇ

2027 2828 2355 2899 παραιτήσει
2386 2826 2480 2880 καὶ
2516 2828 2582 2897 τῇ
2623 2826 2883 2896 ὁμολογίᾳ
2919 2824 3020 2894 τῆς
3049 2822 3330 2903 ἀσθενείας
3360 2821 3418 2873 τὸ
3455 2818 3611 2883 ἄξιος

2027 2915 2165 2973 εἶναι
2193 2920 2287 2971 τοῦ
2320 2920 2647 2990 προεστάναι
2669 2917 2901 2981 δεικνύς.
2932 2917 3022 2970 Διὸ
3047 2915 3228 2979 καλῶς
3254 2915 3365 2986 ἔχει
3384 2913 3443 2965 τὸ
3472 2929 3612 2982 παρα

2028 3011 2306 3082 ἁγγελμα·
2357 3010 2453 3079 Μὴ
2511 3009 2622 3082 (18)
2674 3009 2827 3079 ζήτει
2878 3007 3157 3080 γενέσθαι
3199 3007 3433 3075 κριτὴς,
3485 3004 3608 3073 μή-

346 3088 518 3143 deret.
567 3093 905 3159 Quapropter
943 3092 1156 3161 egregia
1208 3069 1291 3145 est
1344 3069 1638 3146 admonitio
1670 3092 1758 3146 illa
1794 3111 1807 3147 :
1841 3090 1924 3146 Ne

2181 3069 2292 3155 οὐκ
2319 3069 2831 3171 Ζσχιὶσειςιέξίίέραι
2873 3069 3128 3166 ἀδικίας.
3170 3069 3246 3153 Ὀ-
3274 3069 3454 3169 μέντοι
3480 3069 3613 3170 προ-

344 3194 553 3246 queres
578 3179 693 3245 ﬁeri
736 3179 925 3247 judex,
969 3197 1030 3233 ne
1060 3181 1194 3249 forte
1229 3198 1332 3235 non
1377 3183 1547 3251 possis
1574 3181 1785 3251 auferre
1820 3184 1925 3237 ini-

345 3271 567 3338 quitates
588 3270 653 3323 ¹⁸.
694 3272 947 3326 Attamen
986 3272 1379 3341 recusationem
1415 3287 1624 3339 eorum,
1655 3274 1746 3342 qui
1774 3290 1802 3327 a
1827 3288 1923 3329 se-

344 3361 558 3417 ditiosis
597 3363 665 3415 ad
697 3362 1075 3432 excipiendum
1124 3363 1484 3433 principatum
1517 3364 1920 3434 compelleban-

347 3461 454 3518 tur,
495 3452 801 3522 generalem
834 3468 939 3508 non
972 3453 1141 3508 fuisse
1191 3453 1433 3510 declarat
1479 3470 1658 3510 sermo
1702 3457 1925 3526 prophe-

346 3544 504 3596 licus.
532 3542 644 3597 Non
678 3545 820 3598 enim
862 3545 1180 3614 simpliciter
1205 3545 1281 3599 ait
1310 3562 1323 3599 :
1358 3543 1481 3599 Non
1529 3561 1617 3599 ero
1642 3547 1921 3614 princeps;

344 3635 439 3688 sed
467 3649 586 3688 cmn
633 3634 955 3702 adjeclione,
978 3633 1100 3689 Non
1133 3651 1221 3689 ero
1253 3636 1493 3705 princeps
1520 3636 1702 3707 papuli
1725 3639 1919 3708 hujus;

345 3736 506 3795 atque
536 3741 754 3780 causam
778 3728 1074 3797 subiunxit.

418 3817 539 3869 115.
575 3815 732 3872 ἵειιε.
764 3818 820 3883 8,
852 3817 906 3874 9.
941 3816 1077 3883 Quia
1107 3818 1366 3873 dissoluta
1406 3829 1481 3875 est
1514 3819 1833 3886 Jerusalem,
1872 3829 1920 3874 et

345 3907 539 3962 Judwa
563 3909 808 3973 concidit,
837 3920 885 3962 et
931 3909 1125 3978 lingua:
1161 3926 1339 3964 eorum
1365 3926 1483 3963 cum
1514 3913 1807 3980 iniquitate,
1837 3913 1921 3966 his

344 4016 461 4073 qua:
496 4000 701 4054 Domini
735 4010 1001 4067 sunt,non
1030 4000 1716 4071 obtemperantJerusalem
1752 4005 1918 4070 enim,

345 4106 466 4159 quae
504 4091 762 4146 hactenus
795 4105 895 4160 per
921 4091 1130 4145 Domini
1169 4107 1384 4147 manum
1412 4093 1584 4149 fuerat
1617 4099 1922 4153 concordia:

348 4180 561 4234 vinculo
598 4180 866 4250 colligata,
899 4195 1040 4234 nunc
1091 4182 1349 4237 dissoluta
1387 4195 1474 4237 est
1514 4193 1569 4238 et
1619 4188 1917 4257 repudiata.

345 4272 416 4327 Et
443 4272 636 4327 Judwa
667 4274 916 4341 concidit,
967 4274 1247 4330 subductis
1299 4276 1414 4346 ejus
1458 4276 1803 4334 l'u‘lcimentis.
1842 4280 1921 4334 Ac

346 4368 681 4422 calamitates
705 4367 918 4436 quidem
952 4382 1130 4422 nonne
1161 4369 1297 4423 tales
1319 4369 1488 4423 sunt?
1521 4371 1650 4437 Quae
1672 4387 1801 4428 vero
1841 4374 1919 4427 di-

344 4458 563 4527 ligentia
599 4458 667 4512 ab
716 4459 794 4513 eis
851 4459 1090 4513 adhibita
1137 4470 1220 4515 est
1266 4462 1331 4515 ad
1363 4476 1421 4515 se
1464 4463 1768 4518 reddendos
1810 4463 1919 4519 Deo

344 4560 551 4618 gratos,
584 4549 801 4618 etquod
837 4551 1075 4604 studium
1120 4552 1185 4605 ad
1237 4553 1609 4622 paenitentiam
1657 4556 1916 4625 agendam

344 4653 620 4696 Ostensum
655 4652 757 4707 est,
796 4652 853 4696 ut
892 4642 1016 4699 inde
1060 4643 1344 4717 all’ulgeret
1397 4662 1521 4716 spes
1569 4647 1730 4702 [luem
1765 4649 1920 4705 malis

343 4733 626 4788 intentatis
657 4733 964 4802 impositum
997 4736 1061 4788 iri
1097 4735 1119 4788 ’ἒ
1153 4737 1313 4805 Atqui
1347 4735 1564 4808 Lingua:
1608 4753 1788 4791 eorum
1815 4740 1918 4803 his,

343 4840 460 4895 quae
484 4825 696 4878 Domini
715 4836 858 4892 sunt,
888 4844 991 4882 non
1016 4826 1392 4894 obtemperant,
1439 4844 1536 4884 nec
1577 4830 1920 4901 inobsequen-

2027 3194 2252 3264 φητικὸς
2278 3192 2434 3262 λόγος
2467 3194 2562 3265 τὴν
2592 3193 2922 3264 παραίτησιν
2948 3192 3057 3245 τῶν
3087 3192 3392 3262 ἑλκομένων
3417 3191 3609 3261 ἄρχειν

2026 3285 2129 3339 ὑπὸ
2157 3286 2264 3338 τῶν
2297 3286 2692 3350 στασιαζόντων
2727 3286 2786 3340 οὺ
2818 3285 3048 3339 καθόλου
3085 3286 3217 3355 φησὶ
3251 3281 3605 3352 γεγενῆσθαι.

2024 3375 2099 3429 Οὐ
2141 3374 2250 3447 γάρ
2290 3372 2443 3428 εἶπεν
2477 3374 2693 3441 ἁπλῶς,
2736 3377 2859 3428 Οὐκ
2896 3373 3109 3445 ἔσομαι
3150 3373 3431 3443 ἀρχηγὸς,
3469 3371 3613 3425 ἀλλὰ

2026 3466 2164 3538 μετὰ
2200 3467 2550 3539 προσθήκης,
2601 3469 2724 3521 Οὐκ
2761 3466 2975 3536 ἔσομαι
3005 3465 3267 3537 ἀρχηγὸς
3303 3463 3411 3519 τοῦ
3449 3463 3609 3519 ,1αοῦ

2023 3559 2235 3613 τούτου
2253 3576 2267 3589 ·
2297 3561 2389 3612 καὶ
2408 3558 2510 3630 ,τὴν
2540 3559 2717 3612 αἰτίαν
2743 3558 3038 3630 ἐπήγαγεν.

2097 3826 2216 3881 115.
2262 3826 2393 3880 Ὀτι
2447 3825 2673 3880 ἀνεῖται
2744 3827 3153 3896 Ἰερουσαλὴμ,
3208 3827 3307 3881 καί
3351 3829 3391 3896 ἠ
3461 3830 3605 3883 Ἰου-

2020 3913 2160 3968 δαία
2178 3914 2596 3984 συμπέπτωκε,
2620 3916 2720 3969 καὶ
2737 3919 2796 3970 αἱ
2815 3916 3088 3987 γλῶσσαι
3106 3916 3303 3971 αὐτῶν
3312 3917 3466 3987 μετὰ
3491 3918 3605 3989 (19)

2020 4007 2271 4077 ἀνομίας
2296 4008 2366 4062 τὰ
2396 4009 2543 4078 πρὸς
2565 4009 2784 4077 Κύριον·
2809 4009 3182 4064 ἀπειθοῦσιν.
3240 4010 3304 4063 Ἦ
3332 4010 3441 4081 γὰρ
3466 4011 3609 4077 τέως

2023 4099 2353 4170 συνεχομένη
2389 4100 2492 4152 ὑπὸ
2522 4102 2620 4172 τῆς
2662 4100 2841 4171 χειρὸς
2867 4100 2978 4172 (20)
3012 4100 3106 4154 τοῦ
3141 4102 3347 4173 Κυρίου
3387 4103 3606 4175 Ἰερου-

2022 4190 2203 4262 σαλὴμ
2250 4191 2327 4262 τῷ
2374 4189 2558 4262 δεσμῷ
2603 4192 2698 4262 τῆς
2752 4195 3067 4261 συναφείας,
3108 4195 3313 4248 ἀνεῖται
3361 4194 3461 4248 νῦν
3512 4197 3609 4249 καὶ

2020 4282 2358 4353 ἐκϐέϐληται.
2389 4282 2502 4338 Καὶ
2525 4285 2562 4351 ἡ
2608 4283 2866 4338 Ἰουδαία
2888 4285 3304 4355 συμπέπτωκε,
3331 4286 3440 4339 τῶν
3472 4303 3606 4359 στη-

2024 4375 2304 4447 ριγμάτων
2347 4377 2517 4448 αὐτῆς
2575 4377 2995 4450 ὑφαιρεθέντων.
3050 4380 3159 4433 Καὶ
3208 4381 3328 4451 οὐχὶ
3380 4381 3446 4434 τά
3506 4382 3609 4451 μὲν

2025 4470 2172 4542 πάθη
2215 4470 2471 4536 τοιαῦτα;
2524 4471 2810 4541 ἐπιμέλεια
2851 4471 2906 4524 δὲ
2954 4472 3041 4535 τίς
3096 4470 3189 4525 τοῦ
3237 4472 3608 4542 εὐαρεστῆσαι

2023 4562 2163 4633 Θεῷ,
2206 4563 2301 4616 καὶ
2339 4561 2540 4634 σπουδὴ
2582 4565 2661 4625 εἰς
2707 4563 3015 4633 μετάνοιαν,
3053 4562 3192 4617 ὥστε
3222 4561 3473 4615 ἐντεῦθεν
3513 4561 3605 4614 ἐλ-

2024 4654 2152 4708 πίδα
2178 4650 2317 4707 εἶναι
2342 4653 2715 4725 παυθησεσθαι
2746 4654 2814 4708 τὰ
2835 4654 3015 4720 δεινά;
3054 4653 3193 4707 Ἀλλ’
3224 4656 3294 4708 Al
3328 4652 3605 4724 γλῶσσαι

2024 4742 2223 4798 αὐτῶν
2254 4744 2325 4798 τὰ
2351 4744 2499 4812 πρὸς
2527 4746 2746 4814 Κύριον
2769 4745 3143 4806 ἀπειθοῦσιν,
3178 4744 3272 4797 καὶ
3291 4745 3391 4815 οὐχ
3417 4745 3609 4810 ἁπλῶς

2026 4835 2394 4896 ἀπειθοῦσιν,
2417 4836 2554 4890 ἀλλὰ
2575 4836 2724 4906 μετὰ
2738 4836 2989 4906 ἀνομίας
3005 4853 3018 4866 ο
3035 4835 3130 4900 ὡς,
3156 4834 3244 4888 διὰ
3267 4833 3329 4887 τὸ
3353 4835 3452 4908 τὴν
3475 4853 3607 4906 καρ-

418 4988 458 5018 ”
494 4985 637 5043 Psal.
664 5003 780 5053 cur,
825 4990 906 5044 l5.
987 4991 1029 5023 ¹²
1058 4991 1264 5049 Coloss.
1299 5009 1380 5058 ιιι,
1416 4994 1501 5048 12.
1603 4995 1646 5026 ¹³
1670 4995 1842 5050 Exod.
1880 5011 1925 5049 tv

2036 5000 2072 5053 5.
2152 4999 2197 5034 ιδ
2216 4999 2379 5056 Eccli.
2411 5016 2509 5067 vn,
2534 4999 2592 5056 6.

422 5170 531 5241 (l3)
568 5171 646 5225 lta
694 5188 823 5228 mss.
863 5188 1071 5230 omnes.
1114 5175 1279 5240 Editi,
1349 5176 1441 5229 τοῦ
1481 5177 1915 5250 προστυγχάνον-

345 5257 436 5292 τος
446 5281 454 5291 .

386 5259 531 5377 If”)
562 5308 729 5379 _Etliti,
760 5309 983 5362 οἰκείου.
1032 5311 1097 5362 At
1125 5326 1253 5364 mss.
1284 5311 1508 5379 aliquot,
1557 5314 1756 5370 οἰκείου
1807 5316 1921 5370 τοῦ.

418 5376 531 5447 (lii)
561 5376 719 5450 Libri
740 5391 970 5450 veteres,
1016 5376 1511 5448 Ἀπόστολον,’κᾶν.
1557 5384 1722 5450 Editi,
1763 5387 1925 5441 Ἀπό-

348 5450 554 5519 σωὶξον,
582 5447 925 5519 ἐνδεδυμένα,
958 5450 1077 5503 κάν.

421 5518 530 5586 (16)
580 5517 740 5586 Editi,
773 5517 1134 5572 εἰσωθοῦνται
1186 5520 1404 5584 πολλοὶ,
1443 5526 1535 5577 καὶ
1581 5526 1680 5579 οὐκ
1718 5527 1928 5581 ἀντιλέ-

345 5585 739 5660 γουσα-πολλοὶ
778 5589 1183 5660 σπουδαρχίδαι,
1228 5590 1431 5658 πολλοί,
1478 5597 1618 5653 haud
1664 5608 1829 5655 recte.
1858 5599 1927 5653 At

356 5661 500 5712 nunc
533 5657 707 5712 locum
733 5674 762 5712 e
800 5675 928 5715 mss.
966 5657 1392 5720 emendavimus.

2123 5178 2208 5254 Π)
2241 5178 2436 5254 [Iasex
2461 5181 2583 5254 libri
2596 5190 2827 5254 veteres.
2851 5181 2989 5254 Editi
3005 5179 3602 5254 νετοηπαρεσκεύασεν.

2126 5249 2210 5320 l8)
2238 5250 2401 5323 Editi,
2426 5250 2488 5323 τὸ
2512 5252 2610 5323 μή.
2638 5251 2798 5306 Deest
2818 5252 2880 5306 τό
2906 5255 2957 5308 in
2987 5268 3115 5309 mss.
3147 5249 3345 5308 Statim
3370 5265 3608 5318 quatuor

2025 5319 2311 5393 mss_.,;ov§x
2336 5319 2577 5393 ίσχύσῂς.

2100 5388 2209 5461 (19)
2245 5390 2300 5443 In
2330 5388 2614 5465 edi'tis'pro
2642 5393 2797 5465 perdt
2828 5393 3023 5462 legitur
3051 5394 3268 5464 μεσταί,
3301 5411 3405 5450 non
3441 5395 3607 5465 libra-

2026 5458 2231 5539 riorum
2273 5461 2490 5539 quidem
2520 5458 2679 5531 vitio,
2709 5464 2800 5534 qui
2828 5458 3115 5533 diligenter
3141 5466 3409 5534 scripSere
3437 5464 3603 5539 μετά,

2028 5532 2120 5600 sed
2131 5534 2628 5600 Atypographorum.

2102 5597 2395 5676 (20)__l:sibl:i—
2419 5603 2621 5676 aliquot
2646 5612 2872 5676 veteres,
2908 5602 3016 5659 τῶν
3060 5604 3277 5676 χειρῶν.
3322 5605 3440 5663 Mox
3469 5622 3606 5663 mss.

2031 5670 2291 5736 nonnulli,
2314 5670 2484 5735 αὐτῆς
2503 5672 2927 5740 ἀφαιρεθέντων.
