3828 6216
276 299 375 356 31⁵1

1128 306 1485 365 COMMENT.
1526 308 1593 364 IN
1628 309 1856 367 lSAlAM
1896 295 2336 370 PROPHETAM.
2377 310 2528 369 CAP.
2565 310 2656 369 lli.

3412 313 3518 369 30?.

274 418 395 473 δίαν
423 418 816 493 ἠλλοτριῶσθαι
847 425 955 478 ἀπὸ
981 426 1139 492 Θεοῦ,
1172 431 1264 483 καὶ
1300 431 1673 486 ἀνυπότακτον
1716 428 1855 487 εἶναι

1961 444 2035 490 tes
2057 444 2179 493 sunt
2205 434 2541 508 simpliciter,
2581 435 2675 491 sed
2708 450 2824 488 cum
2851 434 3145 507 iniquitate.
3170 432 3303 488 Nam
3339 432 3521 505 lingua

273 510 373 564 τοῦ
400 510 546 565 θείου
572 515 759 585 νόμου,
801 516 901 586 τῆς
936 517 1187 591 γλώσσης
1227 521 1424 586 αὐτῶν,
1469 522 1587 576 δέον
1626 523 1856 596 μελετᾷν

276 604 473 668 νυκτὸς
509 607 605 659 καὶ
637 608 852 679 ἡμέρας
878 610 969 663 τὸν
998 612 1161 683 νόμον
1200 614 1426 685 Κυρίου,
1473 615 1857 687 ἀντιλεγούσης

277 695 375 747 καὶ
404 696 755 769 ἀπειθούσης.
787 700 943 765 Τίνος
982 697 1077 755 οὖν
1108 702 1277 774 ἄρξω,
1310 705 1476 776 φησί;
1511 706 1623 775 Τῆς
1666 707 1857 779 Ἰερου-

278 785 496 857 σαλήμ;
566 789 726 843 Ἀλλά
769 791 1096 863 ἐκϐέϐληται
1139 795 1236 849 καὶ
1284 797 1513 851 ἀνεῖται.
1554 799 1668 868 Τῆς
1728 801 1858 852 Ἰου-

274 875 464 942 δαίας;
534 880 675 933 Ἀλλ’
731 882 916 936 οὐκέτι
970 883 1200 957 ἕστηκεν
1260 886 1428 960 ὀρθή·
1490 890 1858 960 συμπέπτωκε

276 969 411 1039 γάρ.
439 970 560 1022 Τῶν
584 974 1023 1041 μετανοούντων;
1062 975 1201 1029 Ἀλλ’
1221 976 1506 1031 ἀπειθοῦσι
1535 983 1656 1044 ταῖς
1678 980 1857 1048 γλώσ-

279 1074 406 1123 σαις
436 1060 634 1115 αὐτων.
666 1063 819 1134 Τάχα
846 1065 1027 1119 τοίνυν
1054 1064 1142 1120 διὰ
1164 1066 1263 1137 τὴν
1296 1068 1759 1140 προῦπάρχουσαν
1781 1070 1861 1124 δό-

279 1157 400 1215 ξαν,
439 1152 634 1223 σεμνὸν
662 1154 724 1206 τὸ
754 1155 940 1226 ἄρχειν
969 1156 1078 1210 τῶν
1105 1155 1381 1212 τοιούτων.
1424 1159 1564 1212 Ἀλλ’
1610 1160 1860 1215 Ὲταπει-

275 1240 461 1310 νώθη,
505 1244 704 1314 φησὶν,
732 1246 772 1314 ἠ
804 1245 958 1311 δόξα
1003 1246 1220 1310 αὐτῶν,
1256 1250 1355 1301 καὶ
1389 1251 1428 1317 ἠ
1457 1251 1720 1322 αίσχύνη
1750 1250 1858 1305 τοῦ

276 1331 606 1399 προσώπου
639 1333 840 1387 αὐτῶν
864 1335 1127 1404 ἀντέστη
1150 1337 1372 1404 αὐτοῖς.
1400 1338 1711 1403 Τουτέστιν,
1737 1340 1858 1394 οὐδὲ

275 1424 564 1495 παρρησία
584 1426 764 1489 αὐτοῖς
793 1427 1077 1481 ἀνανεύειν
1107 1428 1245 1499 πρὸς
1270 1429 1361 1482 τὸν
1385 1429 1538 1493 Θεὸν,
1565 1429 1651 1483 διὰ
1674 1429 1734 1483 τὸ
1761 1428 1858 1501 τὴν

274 1514 555 1585 ἁμαρτίαν
582 1514 693 1586 (21)
730 1518 805 1588 μὴ
834 1517 933 1589 τὴν
963 1519 1232 1588 τυχοῦσαν
1258 1515 1420 1595 εἶναι,
1446 1520 1579 1573 ἀλλά
1605 1522 1671 1591 τῇ
1708 1520 1860 1574 Σοδο-

282 1603 457 1672 μιτῶν
500 1605 658 1671 ἀξίαν
699 1602 837 1662 εἶναι
894 1608 1361 1680 παραϐάλλεσθαι,
1405 1610 1475 1681 ἢν
1519 1609 1640 1680 οὐχὶ
1686 1608 1861 1681 λάθρα

273 1694 400 1749 οὐδὲ
419 1696 871 1768 ἐπαισχυνόμενοι
892 1698 1275 1769 πεποιήκασιν,
1295 1697 1410 1752 ἀλλ’
1433 1700 1595 1755 οἱονεὶ¹
1619 1701 1858 1768 ἐπαγαλ-

1958 538 2142 581 eorum
2168 542 2290 582 cum
2325 535 2481 581 nocte
2513 541 2577 581 ac
2604 526 2690 581 die
2714 524 2883 595 legem
2916 523 3123 586 Domini
3149 524 3391 581 meditari
3422 524 3518 578 de-

1958 618 2187 683 buisset,
2210 617 2533 673 contradicit
2555 630 2619 672 ac
2642 616 2946 684 refragatur
2961 655 2976 680 ,
2998 614 3138 683 quod
3166 614 3454 670 alienatum
3490 629 3522 669 ει

1934 704 2069 759 1)εο
2091 704 2161 759 sit
2189 718 2285 758 cor
2306 718 2513 771 eorum,
2550 716 2724 772 neque
2754 700 2865 772 legi
2897 701 3090 760 divinae
3117 701 3388 756 subditum
3423 698 3523 754 Cui

1958 808 2108 864 ergo,
2145 793 2339 863 inquit,
2367 793 2647 863 imperabo
2679 792 2703 846 ?
2743 791 3087 847 Jerusalem?
3114 790 3219 846 Sed
3250 790 3417 860 ejecta
3444 799 3527 849 εει

1958 892 2013 936 ει
2040 882 2322 937 dissoluta.
2355 883 2435 936 An
2479 881 2714 937 Judtete?
2744 880 2849 937 Sed
2879 897 2981 937 non
3016 883 3248 950 amplius
3298 890 3405 936 stat
3438 896 3526 935 re-

1959 982 2042 1025 cta
2073 990 2087 1026 :
2117 973 2380 1042 siquidem
2428 972 2662 1041 collapsa
2694 983 2797 1028 est.
2826 973 2965 1028 iisne
3012 974 3104 1047 qui
3155 973 3523 1042 paenitentiam

1959 1072 2122 1132 agunt
2147 1063 2171 1116 ?
2199 1064 2303 1117 Sed
2336 1064 2533 1134 linguis
2562 1064 2674 1119 suis
2713 1064 2993 1133 imperium
3035 1066 3356 1120 detrectant.
3384 1062 3525 1119 For-

1961 1162 2106 1205 tasse
2136 1153 2302 1222 igitur
2335 1153 2405 1207 ob
2456 1151 2737 1222 pristinam
2791 1154 3016 1222 gloriam
3047 1152 3333 1221 gloriosum
3366 1153 3528 1208 fuerit

1962 1242 2013 1295 in
2051 1242 2150 1297 bos
2176 1244 2457 1313 imperium
2490 1245 2712 1303 habere.
2750 1243 2854 1299 Sed
2881 1244 3175 1299 Humiliata
3203 1255 3300 1312 est,
3333 1246 3525 1315 inquit,

1958 1333 2127 1403 gloria
2170 1351 2370 1402 eorum,
2407 1346 2454 1390 et
2493 1336 2731 1406 confusio
2769 1336 2940 1391 vultus
2975 1352 3155 1392 eorum
3196 1338 3389 1391 resistit
3432 1339 3528 1392 eis.

1962 1425 2072 1479 Hoc
2105 1438 2209 1489 est,
2250 1425 2395 1479 nulla
2427 1427 2508 1482 eis
2538 1428 2860 1497 relinquitur
2898 1428 3090 1482 ﬁducia
3116 1428 3297 1484 oculos
3328 1428 3524 1485 sustol-

1958 1510 2101 1571 lendi
2130 1518 2198 1571 ad
2239 1518 2427 1584 Deum,
2475 1520 2617 1587 quod
2662 1528 2941 1588 peccatum
2984 1533 3170 1573 eorum
3203 1532 3306 1573 non
3347 1519 3532 1590 qualo-

1960 1620 2172 1677 cunque
2211 1608 2311 1676 sit,
2368 1610 2462 1664 sed
2495 1609 2717 1680 dignum
2762 1609 2905 1679 quod
2946 1610 3161 1664 crimini
3191 1622 3533 1681 comparetur

1961 1695 2359 1754 Sodomitarum
2377 1738 2393 1764 ,
2421 1701 2566 1770 quod
2595 1713 2767 1769 neque
2791 1699 3112 1765 clanculum,
3142 1715 3315 1773 neque
3339 1702 3531 1772 pudori

275 1786 496 1857 λόμενοι
529 1788 641 1858 (22)
674 1792 741 1860 τῇ
786 1789 1020 1860 ἐργασίᾳ
1065 1789 1174 1843 τῶν
1207 1789 1458 1861 πονηρῶν
1479 1832 1493 1856 ,
1527 1790 1855 1861 ἀνήγγειλαν

1961 1787 2144 1844 siiusi
2176 1790 2444 1845 admisere
2500 1790 2614 1845 lmo
2662 1792 2819 1865 quasi
2857 1792 2922 1845 de
2954 1789 3171 1862 ﬂagitiis
3214 1796 3533 1862 perpetratis

273 1880 414 1931 πᾶσι
447 1880 541 1933 καὶ
570 1880 919 1948 ἐνεφάνισαν·
952 1881 1140 1952 ῶσπερ
1168 1882 1388 1949 ἐκεῖνοι,
1419 1882 1512 1934 ἐπὶ
1544 1881 1642 1945 τὰς
1674 1898 1853 1953 παρα-

274 1966 476 2038 νόμους
503 1968 697 2038 ήδονάς
721 1970 1017 2041 ὁρμῶντες,
1046 1972 1167 2042 οὐχὶ
1201 1974 1441 2043 ῥήμασιν
1482 1971 1594 2043 (23)
1623 1973 1856 2043 εὐπροσ-

273 2059 450 2123 ώποις
475 2057 573 2131 τὴν
621 2061 907 2130 ἀσέλγειαν
945 2063 1379 2118 Δειύνεκιῑιλυπτον.
1410 2064 1534 2119 Ποῦ
1570 2063 1683 2134 γάρ
1713 2068 1853 2130 εισι,

273 2154 468 2222 φησιν,
498 2157 550 2207 οἱ
584 2152 799 2222 ἄνδρες
843 2158 900 2209 οἱ
927 2158 1306 2223 εἰσελθόντες
1364 2157 1523 2225 παρὰ
1553 2157 1656 2210 σοί
1671 2173 1691 2221 ;
1735 2157 1858 2223 Ἐξ-

272 2243 692 2314 ἁγαγεαύτοὺς
702 2246 852 2315 πρὸς
877 2247 1051 2317 ἡμᾶς,
1081 2249 1182 2303 ἵνα
1196 2248 1851 2320 αὐτοῖς’συγγενώμεθσ.

285 2333 903 2408 Ἐκείνηνιέμιμήσαντο
929 2339 1028 2409 τὴν
1058 2340 1353 2410 ἁμαρτίαν.
1389 2339 1499 2411 Τὴν
1533 2341 1640 2412 γὰρ
1678 2343 1858 2414 ἀμαρ-

270 2424 401 2477 τίαν
423 2424 623 2488 αὐτῶν,
648 2426 724 2489 ὡς
750 2426 1001 2499 Σοδόμων
1024 2427 1077 2498 (2
1088 2428 1155 2498 ι).
1183 2429 1513 2500 ἀνήγγειλαν
1538 2430 1632 2484 καὶ
1666 2433 1858 2501 ἐνεφά-

273 2516 456 2572 νισαν.
505 2516 693 2572 Ταῦτα
729 2519 758 2570 ὁ
797 2517 1036 2589 ἐντυχὼν
1074 2521 1141 2590 τῇ
1177 2522 1387 2593 ἱστορίᾳ
1431 2521 1763 2596 διηγουμένη
1791 2523 1858 2577 τά

271 2613 389 2683 πρὸ
411 2614 509 2684 τῆς
535 2614 920 2686 καταστροφῆς
956 2611 1310 2685 Ἰερουσαλὴμ
1339 2611 1507 2683 πάθην
1530 2612 1630 2683 τῆς
1653 2628 1858 2684 προφη-

269 2705 432 2769 τείας
469 2706 528 2760 τὺ
577 2706 806 2778 ἐναργὲς
849 2705 1272 2776 ὲκπλαγήσεται.
1320 2706 1425 2758 Δύο
1468 2704 1646 2759 τοίνυν
1689 2704 1858 2759 αἰτίαι

271 2798 667 2869 παραιτήσεως
696 2796 919 2865 εὐλόγου
949 2795 1056 2848 τῶν
1086 2796 1166 2860 εἰς
1196 2795 1528 2866 προστασίαν
1554 2793 1858 2865 ἑλκομένων

268 2887 377 2941 τοῦ
403 2887 553 2953 λαοῦ,
599 2891 633 2959 ἡ
660 2887 837 2941 οἰκεία
864 2885 1027 2941 αὐτοῦ
1059 2887 1349 2958 ἀδυναμία,
1388 2885 1481 2941 καὶ
1509 2886 1542 2955 ή
1573 2883 1682 2937 τῶν
1718 2900 1858 2955 πρα-

271 2978 509 3049 γμάτων
535 2979 811 3043 δυσκολία,
836 2975 1240 3049 δυσδιορθώτων
1266 2977 1435 3030 ὄντων
1457 2974 1566 3028 τῶν
1594 2973 1739 3027 λαῶν
1772 2973 1861 3026 διά

270 3071 382 3143 τὴν
421 3071 619 3142 πολλὴν
662 3071 820 3141 χύσιν
854 3071 954 3142 τῆς
996 3068 1301 3141 ἁμαρτίαςο
1339 3067 1481 3138 ἅπερ
1512 3065 1796 3136 ἀμφότερα
1831 3066 1861 3117 ὁ
1888 3097 1929 3154 C

274 3163 640 3234 προκείμενος
671 3162 915 3233 περιέχει
939 3161 1095 3229 λόγος
1117 3176 1130 3190 ·
1155 3157 1284 3231 περὶ
1324 3158 1422 3230 μὲν
1451 3157 1552 3227 τῆς
1580 3156 1715 3219 ιδίας
1737 3154 1861 3208 ἀδυ-

271 3252 500 3324 ναμίας,
529 3254 622 3306 τοῦ
656 3253 765 3325 τὴν·
791 3251 964 3324 ἀρχὴν
1003 3250 1386 3320 ἐξομνυμένου,
1422 3247 1670 3317 λέγοντος
1692 3264 1705 3276 ·
1738 3246 1860 3299 Οὐκ

273 3345 453 3399 ἐστιν
474 3344 652 3413 ἄρτος
687 3345 757 3398 ἐν
784 3343 864 3410 τῷ
896 3344 1038 3408 οἴκῳ
1063 3360 1183 3411 μου
1206 3382 1221 3407 ,
1248 3339 1391 3395 οὐδὲ
1420 3339 1682 3409 ἱμάτιον·
1716 3337 1779 3390 τὺ
1803 3337 1861 3391 δέ

272 3438 377 3492 τοῦ
409 3437 540 3490 λαοῦ
569 3437 809 3503 ἀνίατον,
834 3438 898 3489 ἐκ
924 3433 1020 3488 τοῦ
1054 3435 1230 3487 εἰπεῖν
1249 3433 1395 3485 Ὀὐκ
1422 3429 1636 3499 ἔσομαι
1662 3427 1863 3498 ἄρχων

273 3528 390 3583 τοῦ
417 3528 570 3583 λαοῦ
591 3528 826 3591 τούτου,
860 3526 948 3579 ὅτι
976 3524 1202 3580 ἀνεῖται
1245 3519 1660 3590 Ἰερουσαλὴμ,
1688 3518 1787 3572 καὶ
1820 3519 1859 3586 ἠ

289 3618 546 3674 Ἰουδαία
591 3615 989 3687 συμπέπτωκε
1009 3656 1024 3680 ,
1068 3613 1167 3668 καὶ
1218 3614 1278 3666 αἱ
1334 3610 1611 3680 γλῶσσαι
1663 3606 1863 3662 αὐτῶν

270 3707 429 3779 μετὰ
451 3705 563 3777 (25)
590 3706 840 3776 ἀνομίας
868 3705 942 3759 τὰ
973 3704 1122 3773 πρὸς
1147 3702 1255 3756 τὸν
1281 3701 1500 3769 Κύριον
1525 3698 1857 3754 ἀπειθοῦσι.

281 3798 408 3867 Τὴν
432 3797 541 3869 γὰρ
572 3798 827 3867 ἀνομίαν
851 3795 1050 3850 αὐτῶν
1077 3796 1159 3859 ὡς
1197 3792 1476 3861 Σοδόμων
1497 3789 1863 3859 ἀνήγγειλαν

276 3890 383 3946 καὶ
410 3889 794 3959 ἐνεφάνισαν.
830 3888 962 3942 Οὐδὲ
990 3886 1098 3957 γὰρ
1127 3883 1418 3954 Σοδομίτας
1446 3876 1526 3945 εἷς
1557 3880 1623 3934 ἂν
1647 3880 1861 3949 ἐγένετο

274 3981 504 4044 δυνατὸς
543 3978 980 4051 περισώσασθαι,
1029 3975 1142 4029 ἀλλ’
1182 3972 1414 4045 ἔχρῃζον
1463 3969 1689 4023 δικαίων
1726 3968 1857 4021 δέκα

275 4074 341 4127 τὸ
367 4072 481 4143 (26)
519 4072 830 4142 ἐλάχιστον,
857 4068 965 4123 τῶν
996 4066 1395 4136 ἐξαιτουμένων
1420 4060 1638 4124 αὐτούς.

1959 1878 2350 1949 gloriantes,'ea
2377 1870 2764 1937 nuntiaverunt
2789 1883 3037 1940 omnibus
3065 1897 3129 1936 ac
3159 1884 3531 1956 prodiderunt,

1958 1968 2183 2037 perinde
2214 1979 2380 2041 atque
2431 1972 2505 2026 iiii
2536 1972 2588 2026 in
2632 1973 3043 2031 scelestissimas
3078 1974 3330 2033 libidines
3379 1976 3532 2033 festi-

1958 2067 2172 2126 nantes,
2209 2060 2482 2117 lasciviam
2510 2078 2662 2118 suam
2707 2065 2967 2134 speciosis
3007 2066 3183 2121 verbis
3216 2082 3320 2122 non
3351 2068 3533 2125 occul-

1959 2158 2160 2205 tarunt.
2189 2150 2290 2205 Ubi
2323 2155 2462 2207 enim
2494 2163 2638 2219 sunt,
2670 2156 2866 2226 inquit,
2898 2156 2997 2210 uiri
3035 2157 3127 2227 qui
3164 2157 3384 2226 ingressi
3408 2170 3530 2212 sunt

1959 2243 2099 2311 apud
2126 2253 2172 2297 te
2196 2242 2389 2298 ?Educ
2420 2244 2544 2299 illos
2584 2246 2652 2300 ad
2686 2262 2800 2311 nos,
2836 2257 2892 2300 ut
2929 2264 3170 2302 coeamus
3209 2265 3327 2302 cum
3361 2253 3435 2303 eis
3463 2252 3528 2306 ".

1960 2329 2245 2387 Peccatum
2278 2332 2407 2387 illud
2457 2344 2583 2388 sunt
2627 2334 2845 2390 imitati.
2875 2334 3007 2390 Nam
3040 2347 3316 2406 peccatum
3348 2355 3529 2407 suum,

1959 2424 2409 2491 quemadmodum
2437 2435 2718 2494 peccatum
2747 2426 3100 2482 Sodomorum
3130 2428 3397 2500 vulgatum
3416 2433 3533 2486 lue-

1959 2522 2065 2576 rat,
2110 2514 2498 2585 cvulgaverunt
2532 2533 2596 2572 ac
2650 2517 3021 2587 prodiderunt.
3055 2517 3306 2591 Quisquis
3336 2521 3388 2576 in
3438 2521 3528 2579 hi-

1960 2602 2184 2658 storiam
2219 2618 2314 2660 eas
2361 2620 2482 2675 quae
2535 2616 2664 2662 ante
2716 2605 3226 2678 Jerosolymitauum
3257 2613 3527 2673 excidium

1961 2695 2276 2750 acciderunt
2324 2697 2660 2752 calamitates
2708 2709 3053 2754 enarrantem
3110 2701 3382 2768 inciderit,
3413 2705 3531 2759 evi-

1962 2787 2198 2843 dentiam
2231 2790 2781 2860 perspicuitatemque
2823 2791 3115 2863 prophetiae
3158 2793 3530 2853 admirabitur.

1961 2879 2164 2949 Duplex
2191 2881 2370 2950 itaque
2393 2876 2561 2952 458
2575 2882 2831 2950 speciosae
2852 2883 2995 2939 illius
3018 2884 3425 2942 detrectationis
3448 2904 3536 2946 ra-

1965 2971 2042 3026 tio
2060 2952 2379 3041 suppetebat
2408 2973 2495 3037 iis,
2517 2975 2608 3043 qui
2636 2975 2915 3047 imperium
2937 2981 2989 3031 in
3014 2978 3264 3048 populum
3283 2981 3531 3050 accipere

1964 3063 2439 3132 compellebantnr,
2493 3067 2709 3135 propria
2765 3067 3133 3131 imbecillitas,
3176 3084 3240 3123 ac
3293 3070 3527 3126 dillicilis

1970 3168 2146 3207 rerum
2178 3163 2371 3219 status,
2423 3156 2858 3226 quandoquidem
2907 3159 3134 3227 populus
3175 3162 3262 3214 vix
3305 3162 3372 3219 ad
3412 3161 3532 3220 [ων

1967 3260 2085 3317 gem
2110 3246 2305 3300 bonam
2332 3247 2507 3304 redire
2530 3257 2764 3318 poterat,
2782 3250 2850 3305 ob
2872 3250 3157 3319 plurimam
3186 3263 3529 3321 peccatorum

1965 3334 2272 3405 congeriem
2306 3351 2322 3388 :
2354 3337 2496 3406 quod
2529 3347 2820 3409 utrumque
2850 3340 2937 3394 bic
2991 3356 3170 3396 sermo
3219 3342 3537 3412 complecti-

1969 3436 2076 3484 tur.
2106 3425 2239 3480 Nam
2265 3428 2354 3495 qui
2381 3439 2595 3483 recusat
2626 3429 3010 3499 principatum,
3038 3431 3102 3485 de
3127 3445 3221 3485 sua
3253 3432 3422 3501 ipsius
3454 3435 3537 3488 in-

1970 3516 2223 3571 ﬁrmitate
2264 3518 2391 3572 dicit
2421 3534 2435 3571 :
2471 3516 2594 3573 Non
2631 3527 2711 3574 est
2751 3521 2902 3590 panis
2938 3520 2995 3573 in
3027 3521 3182 3576 domo
3204 3537 3339 3587 mea,
3376 3538 3538 3593 neque

1968 3611 2323 3664 uestimentum
2363 3627 2382 3675 ;
2414 3612 2595 3681 populi
2629 3627 2756 3667 vero
2787 3612 2986 3669 malum
3024 3612 3323 3668 insanabile
3351 3625 3535 3670 osten-

1969 3701 2065 3761 dit,
2097 3701 2221 3754 dum
2256 3702 2425 3757 dicit:
2458 3701 2582 3756 Non
2617 3719 2705 3757 ero
2738 3704 2978 3772 princeps
3001 3704 3184 3773 pepuli
3207 3706 3387 3776 hujus,
3415 3709 3538 3778 quia

1968 3789 2226 3845 dissoluta
2259 3803 2334 3846 est
2385 3792 2718 3860 Jerusalem,
2743 3803 2793 3848 et
2824 3795 3016 3852 Judwa
3053 3798 3314 3864 concidit;
3353 3811 3401 3853 et
3435 3800 3540 3853 lin-

1965 3896 2082 3949 gua:
2102 3898 2282 3936 eorum
2325 3900 2442 3941 cum
2480 3885 2758 3955 iniquitate
2786 3885 2866 3940 his
2895 3903 3011 3955 qua:
3041 3886 3251 3942 Domini
3279 3899 3539 3953 sunt,non

1964 3971 2341 4042 obtemperant.
2373 3974 2712 4045 Iniquitatem
2739 3979 2877 4032 enim
2904 3996 3053 4033 suam
3083 3983 3236 4049 quasi
3280 3982 3540 4038 Sodoma.-

1962 4077 2079 4115 rum
2132 4064 2466 4134 divulgarunt
2497 4084 2558 4121 ac
2589 4070 2954 4137 proaiderunt.
3009 4068 3196 4140 Neque
3227 4073 3372 4127 enim
3420 4089 3537 4128 ser-

277 4181 412 4220 vare
449 4174 656 4235 poterat
697 4179 836 4218 unus
889 4161 1088 4230 aliquis
1134 4157 1475 4220 Sodomitas,
1517 4154 1610 4208 sed
1664 4152 1850 4208 decem
1893 4150 2084 4208 saltem
2138 4157 2300 4225 luetis
2363 4158 2615 4226 egebant,
2676 4162 2766 4231 qui
2797 4175 2985 4216 eorum
3036 4178 3250 4233 ptenam
3282 4166 3537 4235 depreca-

275 4269 490 4315 rentur.

353 4349 479 4403 lu.
518 4348 663 4403 Οὐαὶ
694 4345 770 4415 τῇ
803 4344 977 4415 ψυχῇ
1022 4341 1242 4406 αὐτῶν,
1293 4339 1381 4394 ὅτι
1418 4338 1853 4404 ,ϐεϐούλευνται

2031 4337 2151 4391 114.
2194 4337 2361 4394 Vens.
2403 4340 2489 4394 10.
2534 4341 2623 4396 Vw
2652 4344 2844 4397 anima:
2893 4360 3106 4408 eorum,
3135 4347 3259 4415 quia
3302 4314 3548 4405 inierunt

271 4438 526 4507 ,βουλὴν
567 4437 837 4506 πονηρὰν
863 4437 992 4490 καθ’
1025 4431 1274 4494 ἑαυτῶν,
1314 4429 1616 4494 εἰπόντες·
1649 4426 1853 4496 Δήσω-

270 4547 395 4599 μεν
449 4531 552 4583 τὸν
605 4529 868 4590 δίκαιον,
929 4526 1020 4579 ὅτι
1069 4524 1455 4593 δύσχρηστος
1511 4518 1655 4589 ἡμῖν
1703 4519 1852 4573 ἐστι.

281 4620 501 4677 Τοίνυν
519 4620 594 4672 τὰ
618 4616 958 4688 γεννήματα
975 4615 1094 4669 τῶν
1117 4613 1305 4683 ἔργων
1324 4607 1521 4664 αὐτῶν
1545 4607 1852 4678 φάγονται.

356 4803 400 4834 ³⁸
442 4799 578 4857 Gen.
609 4817 721 4867 nx,
747 4801 800 4857 5.

351 4963 468 5037 (2i)
502 4964 664 5028 Editi,
695 4959 969 5035 ἁμαρτίαν
998 4954 1198 5013 αὐτῶν.
1230 4955 1343 5013 Vox
1372 4954 1553 5011 αὐτῶν
1577 4956 1629 5011 in
1666 4952 1868 5008 nostris

273 5049 413 5087 mss.
448 5036 559 5088 non
592 5036 876 5103 reperitur.

349 5093 719 5174 (227)7Varia'nt
745 5103 885 5174 inter
904 5115 965 5155 se
987 5099 1108 5174 libri
1138 5096 1364 5174 antiqui.
1385 5094 1600 5149 Habent
1625 5103 1755 5174 tres,
1781 5093 1868 5145 ἐν-

271 5164 674 5245 ἀγαλλόμενοι,
727 5172 816 5226 alii
864 5180 1003 5238 trcs,
1052 5164 1538 5240 ἐναγαλλιὼμενοι,
1587 5164 1867 5220 exsultau-

268 5255 467 5383 ιαίίὶᾷ)
492 5308 635 5383 Bcg.
667 5314 914 5375 quartus,
956 5306 1165 5377 ῥήμασι
1188 5303 1402 5383 μόνον..
1592 5370 1607 5383 Α

346 5370 630 5452 ζ-ιῇΕιΙίἷὶ
658 5370 967 5452 etquatnor
999 5370 1152 5439 niss.,
1173 5370 1551 5452 d§;_}3066uwv.
1580 5370 1684 5424 Alii
1724 5371 1851 5434 duo,

265 5444 369 5516 ὡς’
390 5449 618 5518 Σόδομα.
663 5444 950 5518 Aliquanto
992 5454 1116 5514 pust
1147 5444 1274 5498 editi
1317 5452 1368 5518 et
1409 5456 1714 5518 unus_ms.,
1757 5455 1853 5492 κα-

265 5509 701 5588 τοίπλαγήσεται.
730 5509 833 5588 ᾹΙίί
869 5509 1105 5588 quinque
1132 5528 1288 5588 ms_s.,
1321 5509 1751 5588 ἐκπλαγήσεταιἶ

348 5579 945 5662 (ist'l'ammonuimus
988 5579 1090 5653 legi
1138 5583 1357 5662 debere.
1393 5579 1847 5650 quemadmodum

268 5664 328 5719 in
354 5651 507 5728 ‘nis's.
530 5658 757 5728 legitur,
776 5651 1089 5728 μετάζ-ηοίι-
1106 5651 1321 5728 μεσταί,

345 5729 463 5797 ιὲϐ)
494 5720 631 5784 Ειιιῖἱ
679 5720 879 5780 mino.
928 5720 1126 5779 Vocula
1177 5721 1270 5777 καί
1302 5722 1356 5777 in
1404 5733 1539 5776 mss.
1576 5731 1845 5789 nusquam

1962 4429 2241 4487 consilium
2265 4431 2461 4490 malum
2489 4445 2675 4488 contra
2707 4451 2785 4499 se,
2822 4437 3051 4491 dicentes
3077 4454 3097 4489 :
3124 4437 3410 4507 Alligemus
3443 4442 3540 4510 ju-

1963 4529 2127 4585 stum,
2149 4524 2275 4592 quia
2314 4525 2520 4578 inutilis
2548 4535 2623 4579 est
2669 4527 2837 4583 nobis.
2878 4527 3062 4597 Itaque
3093 4529 3297 4598 fructus
3325 4547 3538 4600 operum

1962 4627 2180 4671 suorum
2225 4615 2518 4671 comedent.
2555 4616 2913 4688 Posteaquam
2965 4623 3178 4676 tandem
3215 4623 3537 4687 advertisset

1968 4963 2262 5023 comparet.
2313 4952 2466 5019 Quod
2516 4955 2591 5009 ait
2620 4955 2723 5010 hoc
2765 4956 2882 5011 loco
2923 4955 3295 5022 Combelisius,
3337 4960 3535 5016 verbo-

1964 5022 2352 5098 rum’illorum,
2384 5023 2515 5079 δέκα
2545 5024 2629 5098 τὸ
2670 5026 2973 5098 ἐλάχιστον,
3035 5036 3165 5098 etc.,
3224 5028 3370 5083 hunc
3416 5043 3538 5085 esse

1963 5107 2204 5167 sensum,
2227 5093 2400 5167 decem
2424 5096 2699 5167 minimum
2730 5093 2968 5167 egebant,
2995 5097 3084 5165 qui
3118 5105 3436 5167 expeterent,
3479 5102 3534 5153 in

1963 5176 2029 5216 eo
2056 5161 2337 5237 insigniter
2358 5161 2914 5237 _hallucin‘atumiesse
2961 5161 3312 5237 arbitramur.
3348 5161 3535 5237 Neque

1965 5232 2102 5304 satis
2125 5230 2497 5304 intelligimus
2524 5233 2650 5300 quid
2687 5235 2786 5289 sibi
2815 5237 2983 5290 velint
3007 5235 3117 5300 illa,
3147 5250 3272 5304 qua:
3295 5238 3376 5289 vir
3406 5230 3536 5292 eru-

1965 5300 2262 5373 ditissimus
2282 5300 2511 5373 _addidit
2545 5304 2612 5357 ad
2643 5306 3055 5373 approbandam
3080 5300 3231 5358 suam
3266 5304 3535 5372 interpre-

1951 5367 2402 5445 tationem,_Cunt_
2438 5388 2574 5445 unus
2612 5367 3316 5445 id'prwstaretdbraham.
3367 5367 3535 5445 Igitur

1949 5441 2171 5493 verbum
2198 5437 2541 5513 éEatteivgllic
2565 5456 2668 5513 non
2694 5437 2855 5497 debet
2885 5443 3021 5497 sumi
3065 5458 3161 5512 pro
3185 5459 3251 5499 eo
3281 5437 3422 5513 quod
3449 5455 3536 5505 est

1948 5520 2184 5584 expetere
2207 5523 2232 5584 _:
2266 5511 2359 5564 sed
2393 5511 2534 5584 idem
2581 5511 2745 5584 valet,
2779 5513 2923 5582 quod
2982 5511 3186 5579 pinnam
3235 5511 3531 5584 deprecari.

1951 5576 2294 5706 Respitggbat
2327 5579 2588 5651 scriptor,
2620 5576 2868 5653 quisquis
2895 5576 3002 5650 est,
3033 5584 3103 5638 ad
3136 5576 3531 5646 verba'Genes.

1951 5663 2101 5706 mn.
2200 5685 2216 5702 .

1947 5663 2101 5713 xvtn,
2126 5663 2216 5706 az.
