3828 6216
324 303 430 358 sos
1284 271 1626 352 APPENDIX
1668 294 1918 351 OPERUl

2025 295 2054 352 ἱ.
2094 292 2340 349 BASlLlI
2378 291 2617 348 MAGNI.
3467 287 3577 342 504

323 415 583 488 propheta
608 413 861 486 populum
905 413 1077 468 instar
1109 411 1468 468 Sodomorum
1503 413 1620 468 sine
1659 412 1766 466 ullo
1798 429 1898 484 pu-

2025 411 2186 465 Γαῦτα
2213 410 2396 465 λοιπὸν
2422 413 2450 464 ὁ
2477 409 2763 479 προφήτης
2795 406 2932 478 μετὰ
2957 406 3018 459 τὸ
3046 406 3173 459 ἰδεῖν
3204 405 3296 458 τὸν
3319 404 3444 458 λαὸν
3468 423 3579 458 πα-

325 509 458 564 dore
498 508 564 562 ad
605 517 884 577 peccatum
921 505 1246 574 praecipitem
1296 505 1448 571 ferri,
1488 505 1561 559 ita
1605 515 1664 559 ut
1709 519 1775 559 ne
1808 519 1898 560 oc-

2025 504 2316 573 >απλησίως
2348 502 2600 572 Σοδόμοις
2634 498 3114 570 ἀπερυθριάσαντα
3144 498 3278 568 πρὸς
3308 498 3368 549 τὸ
3395 498 3582 566 ἀμαρ-

326 600 470 654 culte
503 599 718 669 quidem
768 605 863 651 aut
911 596 1227 652 abscondite
1261 605 1575 665 peccarent,
1623 597 1732 651 imo
1775 610 1896 651 cum

2025 595 2196 656 ’άνειν,
2233 591 2307 655 ὡς
2350 591 2484 661 μηδέ
2528 588 2668 660 μετὰ
2709 588 3085 657 ἐπικαλύψεως
3111 588 3205 640 καὶ
3231 586 3582 657 ἐπικρύψεως

327 693 555 762 plurima
607 692 831 745 audacia
885 699 940 744 et
985 690 1318 761 impudentia
1370 704 1490 745 sese
1534 698 1899 760 gerentes,ex

2025 683 2243 745 πταίειν,
2280 682 2395 735 ἀλλ’
2444 678 2988 752 ἐμπαρῤησιάζεσθαι
3035 676 3442 746 ἀναισχύντως,
3485 676 3584 729 καὶ

330 779 699 850 ignominiosis
718 779 1050 833 facinoribus
1081 778 1464 848 gloriarentur,
1495 779 1640 849 ipsos
1672 778 1897 841 deflens,

2025 772 2456 844 ηπισεμνύνεσθαι
2504 775 2618 836 τοῖς
2661 772 2938 842 αίσχροῖς,
2985 769 3310 840 ἀποθρηνῶν
3356 769 3579 830 αὐτοὺς,

323 873 440 927 haec
466 873 628 926 verba
655 871 860 940 profert
888 886 903 923 :
947 869 1040 925 Va:
1067 871 1257 924 animae
1284 886 1485 935 eorum,
1511 871 1636 940 quia
1676 870 1902 924 inierunt

2025 864 2198 936 ρησίψ
2247 863 2390 917 Οὐαὶ
2433 861 2508 931 τῇ
2552 861 2722 930 ψυχῇ
2758 859 2974 924 αὐτῶν,
3021 859 3108 912 ὅτι
3142 860 3585 922 βεϐούλευνται

329 967 604 1020 consilium
637 966 832 1020 malum
879 967 1153 1019 aduersum
1187 981 1262 1026 se.
1313 965 1536 1018 dicentes
1568 979 1586 1017 .'
1615 962 1902 1032 Alligemus

2025 957 2242 1024 Ξουλὶιν
2269 955 2538 1024 πονηρὰν
2570 955 2696 1008 καθ’
2727 950 2975 1016 ἑαυτῶν,
3007 953 3290 1022 λέγοντες
3313 966 3327 980 ·
3375 950 3583 1016 Δήσω-

320 1061 552 1128 justum,
603 1060 727 1128 quia
777 1057 979 1111 inutilis
1032 1058 1176 1110 nobis
1209 1068 1306 1110 est.
1359 1055 1597 1110 Consilia
1645 1056 1904 1110 adversus

2025 1064 2113 1100 ιεν
2143 1046 2250 1099 τὸν
2279 1045 2536 1109 δίκαιον,
2571 1044 2659 1098 ὅτι
2703 1045 3086 1113 δύσχρηστος
3118 1042 3262 1113 ἡμῖν
3288 1043 3478 1098 ἐστιν.
3515 1044 3586 1095 ΑΞ

324 1152 502 1220 justos
527 1151 658 1204 inita
709 1150 763 1204 in
815 1148 1234 1204 consultantium
1271 1148 1447 1219 capita
1479 1155 1901 1217 retorquentur:

2025 1137 2146 1192 ιατά
2181 1137 2287 1191 τῶν
2315 1137 2537 1189 δικαίων
2565 1137 2749 1206 βουλαὶ
2788 1137 3205 1206 ἐπιστρέφουσιν
3238 1136 3328 1188 ἐπὶ
3359 1136 3457 1197 τὰς
3493 1153 3589 1188 κε-

328 1238 781 1308 quemadmodum
809 1238 915 1292 tela
954 1239 1098 1308 jacta
1132 1253 1161 1292 a
1193 1237 1379 1292 solidis
1409 1252 1471 1291 ac
1499 1238 1712 1305 repulsu
1767 1253 1906 1306 prae-

2025 1231 2180 1299 ραλάς
2218 1229 2326 1282 τῶν
2362 1229 2760 1298 βουλευομένων
2801 1229 2911 1299 (27)
2932 1245 2944 1257 ·
2985 1228 3174 1299 ὥσπερ
3203 1227 3312 1280 ἀπὸ
3339 1228 3588 1299 στεῤῥῶν

329 1332 459 1385 ditis
487 1331 804 1400 corporibus
838 1330 888 1384 in
938 1345 1065 1384 suos
1102 1330 1434 1397 iaculatores
1483 1329 1749 1384 resiliunt.
1774 1329 1905 1383 Eam

2025 1325 2100 1376 ιαί
2126 1322 2430 1375 ἀντιτύπων
2462 1323 2728 1391 σωμάτων
2767 1321 2835 1374 τὰ
2872 1322 3254 1393 προσπεσόντα
3286 1320 3412 1391 βέλη
3448 1322 3589 1393 πρὸς

321 1420 398 1474 ob
426 1434 537 1472 rem
570 1419 646 1471 ait
674 1433 687 1468 :
726 1416 970 1472 Inierunt
1003 1419 1279 1472 consilium
1314 1419 1592 1472 adversum
1617 1436 1671 1473 se
1691 1460 1705 1484 ,
1727 1420 1907 1473 dicen-

2025 1417 2129 1480 τοὺς
2171 1415 2429 1483 ἀφιέντας
2478 1416 2744 1469 ἐπάνεισι.
2795 1414 2895 1467 Διά
2932 1414 3088 1467 τοῦτό
3126 1432 3322 1485 φησιν·
3395 1416 3593 1468 Ἐϐου-

331 1520 405 1562 tes
434 1524 452 1563 :
486 1507 772 1578 Alligemus
799 1508 1026 1576 justum,
1051 1509 1174 1577 quia
1198 1509 1400 1563 inutilis
1431 1510 1582 1564 nobis
1612 1520 1706 1564 est.
1738 1509 1905 1564 Judaai

2025 1509 2309 1562 ἳεύσαντο
2335 1506 2581 1574 ,βουλὴν
2615 1507 2740 1560 καθ’
2775 1505 3022 1571 ἑαυτῶν,
3057 1509 3360 1571 εἰπόντες·
3391 1505 3592 1571 Δήσω-

332 1610 511 1653 antem
559 1597 882 1652 adveniente
926 1598 1148 1654 Domino
1188 1599 1302 1654 htec
1364 1600 1676 1654 faciebant:
1713 1600 1909 1670 quippe

2025 1617 2120 1653 uer
2145 1599 2253 1652 τὸν
2275 1597 2527 1660 δίκαιον,
2550 1597 2640 1650 ὅτι
2665 1589 3049 1667 δύσχρηστος
3070 1597 3214 1666 ἡμῖν
3229 1598 3378 1651 ἐστι.
3398 1597 3594 1650 Ταῦτα

336 1690 511 1760 ipsum
565 1688 787 1757 ligatum
823 1688 1095 1742 deduxere
1135 1690 1201 1743 ad
1245 1689 1502 1758 Caipham
1539 1690 1604 1742 ιθ.
1642 1689 1911 1759 Ligabant

2025 1691 2066 1744 ῑέ
2095 1690 2310 1744 ἐποίουν
2349 1691 2398 1742 οἱ
2440 1690 2678 1743 Ἰουδαῖοι
2717 1691 2774 1742 ἐν
2813 1692 2878 1760 τῇ
2923 1690 3188 1760 ἐπιδημίᾳ
3218 1688 3312 1742 τοῦ
3347 1688 3590 1759 Κυρίουο

336 1793 550 1845 manus,
581 1794 699 1847 qua:
729 1778 873 1848 ipsos
915 1778 1192 1832 beneficiis
1225 1779 1658 1847 cumulaverant,
1689 1796 1786 1836 nec
1815 1781 1908 1850 ju-

2025 1783 2271 1853 Βήσαντες
2317 1781 2425 1852 γὰρ
2481 1780 2642 1835 αὑτὸν
2687 1781 2893 1851 ήγαγον
2947 1779 3055 1849 (‘28)
3109 1779 3246 1850 πρὸς
3304 1781 3590 1850 Καϊάφαν.

332 1872 494 1925 stitia:
543 1869 789 1924 ferebant
819 1869 1192 1938 praesentiam,
1228 1870 1370 1939 quod
1399 1871 1657 1926 malitiam
1700 1872 1910 1926 abolent

2025 1871 2307 1941 Ἐδέσμουν
2332 1871 2430 1930 τὰς
2460 1873 2647 1941 χεῖρας
2672 1870 2768 1933 τὰς
2794 1871 3208 1942 εὑεργετούσας,
3239 1871 3299 1924 ού
3330 1873 3596 1944 φέροντες

332 1973 387 2019 et
425 1963 768 2018 exterminet.
805 1963 911 2038 Est.
931 1962 1071 2016 enim
1094 1962 1303 2031 justitia
1345 1964 1560 2034 iniustis
1600 1981 1666 2020 ac
1714 1965 1909 2035 iniquis

2025 1964 2106 2034 τῆς
2143 1963 2488 2034 δικαιοσύνης
2512 1964 2608 2034 τὴν
2631 1962 2946 2032 ἐπιδημίαν,
2969 1962 3102 2015 διότι
3123 1964 3385 2034 πονηρίας
3409 1965 3599 2036 ὑπῆρ-

334 2053 584 2116 molesta,
609 2053 830 2122 perinde
865 2063 1022 2120 atque
1062 2053 1142 2106 sol
1171 2052 1538 2122 lippientibus.
1572 2054 1909 2122 Quapmpter

2025 2073 2101 2125 (εν
2131 2055 2480 2123 ἀφανιστική.
2513 2053 2857 2124 Δύσχρηστος
2877 2054 2984 2124 γὰρ
3012 2057 3123 2116 τοῖς
3151 2055 3426 2108 ἀδικοῦσιν
3452 2057 3485 2126 ή
3511 2057 3599 2110 δι-

335 2146 410 2200 ail
446 2163 458 2198 :
498 2142 730 2198 Fructus
765 2161 976 2212 aperum
1004 2161 1217 2197 suorum
1241 2145 1522 2199 comedent.
1557 2146 1776 2200 lllorum
1814 2162 1910 2200 au-

2025 2146 2291 2216 ιαιοσύνη·
2344 2145 2531 2216 ὥσπερ
2576 2144 2947 2216 ὀφθαλμιῶσιν
2997 2148 3024 2198 ὁ
3055 2145 3222 2215 ἥλιος.
3269 2147 3360 2200 Διό
3415 2165 3591 2218 φησί’

335 2248 442 2292 tem
475 2253 698 2306 operum
741 2235 880 2291 fetus
915 2245 1040 2289 sunt
1069 2236 1373 2305 captivitas,
1406 2236 1689 2306 dispersio,
1726 2238 1907 2306 templi

335 2333 568 2394 eversio,
598 2330 779 2400 lapsus
809 2343 837 2382 a
865 2327 1056 2399 gloria,
1089 2328 1334 2382 confusio
1365 2328 1546 2381 vultus
1568 2343 1778 2390 eorum,
1815 2342 1910 2394 per

337 2439 499 2494 quam
526 2422 606 2476 eis
635 2437 740 2475 non
774 2420 901 2474 licet
930 2417 1114 2472 oculos
1144 2419 1209 2471 ad
1234 2415 1425 2478 Deum,
1459 2417 1527 2471 ob
1578 2416 1798 2485 impium
1831 2415 1912 2469 fa-

337 2517 498 2570 cinus
541 2515 594 2568 in
627 2511 978 2582 Unigenitum
1030 2509 1350 2574 admissum,
1383 2509 1588 2562 tollere.
1624 2508 1810 2576 Itaque
1851 2508 1912 2562 li-

341 2607 554 2663 duciam
580 2606 817 2672 priorem
862 2602 1166 2672 perdidere,
1193 2601 1392 2670 quippe
1435 2600 1524 2670 qui
1562 2615 1662 2655 nec
1686 2602 1914 2668 prophe-

2017 2239 2091 2292 Τὰ
2116 2237 2454 2306 γεννήματα
2481 2237 2599 2290 τῶν
2630 2238 2815 2306 ἔργων
2836 2237 3035 2291 αὐτῶν
3059 2237 3367 2307 φάγονται.
3398 2240 3596 2296 Ταῦτα.

2009 2328 2065 2380 δὲ
2098 2329 2318 2381 ἐκείνων
2349 2328 2456 2380 τῶν
2489 2327 2662 2398 ἔργων
2689 2327 2757 2380 τὰ
2780 2329 3114 2398 γεννήματα,
3149 2332 3182 2401 ή
3216 2331 3589 2400 αίχμαλωσία,

2011 2419 2044 2488 ή
2087 2417 2355 2488 διασπορὰ
2375 2460 2389 2483 ,
2421 2420 2453 2488 ή
2489 2417 2964 2489 καταστροφὴ.τοῦ
2988 2417 3140 2483 ναοῦ,
3171 2420 3203 2490 ή
3235 2419 3344 2473 ἀπὸ
3369 2422 3470 2490 τῆς
3495 2422 3594 2475 δό-

2013 2511 2110 2582 ξης
2157 2512 2588 2580 κατάπτωσις,ή
2638 2510 2868 2582 αἰσχύνη
2909 2509 3004 2563 τοῦ
3052 2511 3344 2582 προσώπου
3383 2514 3594 2580 αὐτῶν,

2012 2605 2112 2655 οὐκ
2155 2601 2301 2655 ἐῶσα
2336 2603 2533 2664 αὐτοὺς
2563 2602 2698 2673 πρὸς
2726 2601 2858 2655 Θεὸν
2901 2603 3248 2667 ἀναϐλέπειν,
3279 2604 3366 2657 διὰ
3386 2606 3484 2675 τὴν
3507 2608 3600 2670 εἰς

340 2709 444 2762 tas,
475 2711 576 2752 nec
601 2695 804 2750 cultum
832 2695 1066 2748 habeant
1090 2711 1103 2746 :
1128 2693 1300 2746 Verbo
1325 2701 1506 2745 autem
1531 2692 1715 2759 ligato,
1747 2692 1912 2762 ligata

2025 2695 2102 2747 τὸν
2145 2693 2424 2763 Μονογενῆ
2466 2695 2762 2766 ἁμαρτίαν.
2807 2695 3118 2750 Ἀπώλεσαν
3150 2690 3242 2750 οὖν
3271 2697 3369 2769 τὴν
3396 2699 3601 2769 προτέ-

339 2787 592 2850 veritate,
620 2785 740 2838 luce
769 2783 956 2853 ligata,
981 2781 1190 2850 iustitia
1214 2780 1584 2850 ligata,ligato
1608 2781 1912 2844 Salvatore,

339 2879 504 2948 ligato
555 2875 786 2940 medico,
840 2872 1134 2926 liberatore
1183 2870 1516 2940 ligato,qu:e
1546 2871 1724 2924 omnia
1758 2869 1915 2924 Chri-

340 2982 457 3025 stus
487 2976 568 3024 est
587 2967 738 3034 juxta
763 2964 967 3019 variam
1002 2978 1122 3034 qua:
1158 2963 1221 3017 de
1245 2978 1308 3018 eo
1333 2962 1566 3017 habetur
1590 2961 1862 3014 notionem
1894 2999 1910 3024 ,

341 3060 535 3134 privati
588 3068 714 3114 sunt
757 3055 1000 3121 lumine,
1043 3054 1236 3124 privati
1294 3064 1418 3108 sunt
1468 3052 1666 3116 verbo,
1713 3052 1911 3121 privati

340 3163 466 3208 sunt
497 3151 747 3216 veritate,
777 3149 832 3203 in
885 3147 1169 3216 iniquitate
1217 3144 1452 3214 degunt,
1485 3145 1676 3198 morbo
1705 3143 1914 3196 insana-

339 3247 432 3303 bili
482 3244 751 3299 lziborant.
780 3241 844 3296 Hi
876 3248 1001 3294 sunt
1051 3237 1260 3292 fruntus
1293 3251 1519 3307 operum
1555 3250 1742 3291 eorum
1777 3250 1913 3305 quos

342 3335 652 3392 comedunt.
720 3351 722 3353 '

2017 2803 2117 2857 ραν
2169 2786 2516 2857 παρρησίαν·
2569 2787 2708 2856 μήτε
2767 2787 3070 2857 προφήτας,
3139 2787 3275 2858 μήτε
3333 2786 3599 2858 λατρείαν

2015 2877 2230 2948 ἔχοντες
2253 2895 2265 2907 ·
2299 2878 2558 2948 δήσαντες
2589 2877 2644 2930 δὲ
2678 2877 2768 2930 τὸν
2798 2878 2991 2945 Λόγον,
3032 2877 3287 2948 δήσαντες
3320 2878 3418 2949 τὴν
3458 2878 3602 2949 ἀλή-

2015 2967 2188 3033 Θειαν,
2228 2968 2492 3039 δήσαντες
2525 2968 2584 3021 τὸ
2628 2969 2766 3036 φῶς,
2811 2968 3070 3040 δήσαντες
3103 2968 3200 3041 τήν
3225 2969 3600 3041 δικαιοσύνην,

2014 3060 2275 3132 δήσαντες
2307 3061 2398 3112 τὸν
2432 3061 2682 3131 Σωτῆρα,
2723 3060 2982 3131 δήσαντες
3020 3061 3111 3114 τὸν
3144 3063 3354 3132 ἰατρὸν,
3397 3062 3605 3133 δήσαν-

2013 3171 2104 3216 τες
2132 3153 2221 3206 τὸν
2251 3153 2649 3223 ἐλευθερωειῖήν⁶
2686 3152 2831 3224 ἆπερ
2869 3154 3044 3207 πάντα
3083 3153 3221 3217 ἐστὶ,
3246 3154 3384 3208 κατά
3414 3157 3602 3208 ποικί-

2012 3245 2110 3314 λην
2148 3246 2247 3318 τὴν
2285 3246 2411 3316 περὶ
2438 3245 2603 3298 αὑτοῦ
2629 3244 2740 3316 (‘29)
2769 3245 3033 3309 ἐπίνοιαν,
3070 3248 3097 3298 ὁ
3124 3247 3378 3316 Χριστός.
3411 3248 3599 3300 Ἐστέ-

2017 3354 2206 3406 ρηνται
2242 3337 2443 3406 φωτὸς,
2481 3337 2802 3409 ἐστέρηνται
2853 3337 3012 3406 λόγου
3036 3382 3049 3403 ,
3097 3339 3415 3410 ἐστέρηνται
3460 3339 3598 3409 ἀληο

2015 3427 2190 3492 Θείας·
2255 3429 2438 3501 ἀδικίᾳ
2501 3429 2757 3494 συζῶσιν,
2827 3431 3018 3484 ἀνίατα
3079 3429 3345 3484 νοσοῦσιν.
3409 3430 3603 3485 Ταῦτά

2015 3520 2126 3593 (50)
2152 3523 2267 3574 ἐστι
2291 3523 2359 3575 τὰ
2387 3524 2700 3594 γεννήματα
2730 3522 2837 3575 τῶν
2867 3523 3064 3594 ἔργων,
3097 3522 3132 3576 ἀ
3162 3523 3450 3576 ἐσθίουσιν.

2087 3611 2208 3664 “5.
2253 3611 2397 3664 Οὐαὶ
2442 3609 2522 3675 τῷ
2577 3613 2777 3680 ἀνόμῳ
2806 3612 2825 3663 !
2855 3612 3089 3680 Πονηρὰ
3132 3613 3283 3665 κατὰ
3332 3611 3400 3666 τὰ
3454 3613 3602 3682 ἔργα

2015 3702 2133 3755 τῶν
2185 3702 2398 3772 χειρῶν
2447 3702 2632 3757 αὑτοῦ
2672 3703 3046 3772 συμϐήσεται
3090 3702 3270 3768 αύτῷ.
3316 3705 3452 3774 Περι
3496 3705 3602 3774 τῆς

2018 3791 2165 3854 Θείας
2198 3792 2452 3862 κρίσεως,
2482 3793 2582 3862 τῆς
2610 3791 3068 3862 ἀνταποδιδούσης
3111 3793 3326 3862 ἑκάστῳ
3357 3793 3424 3846 τὰ
3462 3795 3602 3865 πρὸς

2018 3882 2192 3949 ἀξίαν,
2223 3883 2394 3936 ταῦτα
2422 3883 2673 3955 εἰρῆσθαί
2707 3901 2906 3954 φαμεν.
2952 3886 3015 3938 Ei
3043 3885 3100 3938 δὲ
3141 3885 3225 3938 διὰ
3259 3885 3417 3939 τοῦτο
3453 3887 3604 3941 Οὐαὶ

2018 3974 2099 4038 τῷ
2117 3976 2335 4044 ἀνόμῳ,
2359 3977 2441 4029 ἃτι
2464 3977 2703 4044 Πονηρὰ
2731 3979 2880 4030 κατὰ
2901 3977 2972 4030 τὰ
2999 3978 3142 4046 ἔργα
3159 3979 3343 4032 αὐτοῦ
3370 3980 3604 4050 συμϐή-

2019 4083 2185 4121 σεται
2224 4067 2401 4132 αὐτῷ,
2435 4061 2480 4136 ᾧ
2510 4068 2584 4140 μὴ
2619 4068 3002 4140 προεχώρησεν
3031 4071 3109 4132 εἰς
3135 4069 3294 4141 ἔργον
3326 4072 3358 4141 ή
3395 4071 3602 4136 ἀδικία,

2020 4158 2131 4211 ἀλλ’
2178 4161 2234 4212 ἐν
2279 4159 2356 4229 τῷ
2402 4160 2633 4231 κρυπτῷ
2666 4160 2764 4230 τῆς
2807 4161 3036 4232 καρδίας
3080 4161 3458 4232 συνετελέσθη·
3494 4159 3637 4234 ἆραι

349 4241 616 4313 inﬂigetur
645 4253 825 4310 paena,
867 4237 940 4291 ita
976 4246 1034 4290 ut
1075 4233 1163 4290 Vw
1195 4235 1292 4304 ipsi
1337 4234 1501 4287 etiam
1530 4234 1774 4302 adaptari
1805 4248 1918 4302 pos-

2025 4248 2120 4302 οὐκ
2149 4249 2518 4320 ὲπαχΘήσεται
2541 4252 2574 4320 ή
2601 4249 2841 4312 κόλασις,
2871 4250 3013 4303 ὥστε
3033 4252 3342 4322 ἐφαρμόσαι
3371 4253 3432 4304 τὸ
3457 4233 3605 4306 Οὐαὶ

346 4332 465 4388 sit?
492 4333 599 4386 Aut
629 4331 718 4384 ubi
745 4328 888 4399 quod
911 4329 964 4382 in
1005 4326 1208 4381 malitia
1241 4325 1538 4394 perfectum
1575 4337 1677 4389 est,
1706 4326 1918 4391 retulit;

2025 4341 2115 4394 καὶ
2142 4340 2323 4412 αύτῷ;
2371 4343 2442 4394 Ἦ
2482 4342 2543 4394 τὸ
2587 4341 2790 4395 τέλειον
2827 4341 2996 4395 εἰπὼν
3024 4343 3082 4395 ἐν
3119 4343 3306 4414 κακίᾳ,
3349 4345 3433 4397 σοὶ
3463 4347 3603 4397 νοεῖν

347 4424 492 4494 quod
532 4423 711 4477 minus
735 4430 839 4486 est,
879 4419 930 4474 id
965 4418 1056 4473 tibi
1089 4418 1433 4487 proportione
1467 4427 1681 4470 servata
1708 4416 1918 4486 reliquit

2025 4431 2084 4490 τὸ
2123 4431 2304 4485 λεῖπον
2350 4433 2409 4498 ἐξ
2459 4432 2752 4501 ἀναλογίας
2790 4434 3068 4487 κατέλιπε.
3108 4435 3301 4489 Τελεία
3353 4437 3452 4506 μὲν
3493 4437 3604 4508 γὰρ

347 4513 785 4584 excogitandum.
809 4511 904 4566 Est
933 4511 1078 4565 enim
1116 4508 1354 4580 perfecta
1383 4508 1607 4572 malitia,
1645 4523 1767 4562 cum
1800 4510 1918 4578 quis

2029 4522 2216 4587 κακία,
2245 4523 2304 4575 τὸ
2333 4525 2424 4575 καὶ
2450 4521 2642 4594 γνώμῃ
2679 4524 2772 4576 καὶ
2801 4523 3062 4594 πράξεσιν
3089 4524 3423 4596 ἁμαρτάνειν
3455 4526 3564 4595 (51)
3587 4542 3602 4556 °

347 4619 402 4662 et
426 4605 699 4662 voluntate
726 4611 913 4674 peccat
936 4609 990 4656 et
1007 4600 1162 4657 factis
1193 4617 1207 4652 :
1239 4600 1458 4654 dimidia
1483 4615 1610 4655 vero
1641 4599 1766 4653 mali
1796 4615 1918 4669 pars

2029 4613 2198 4683 ἥμισυ
2229 4613 2284 4666 δὲ
2309 4613 2402 4666 τοῦ
2437 4615 2631 4676 κακοῦ,
2672 4615 2764 4667 ἐπὶ
2807 4615 2906 4684 τῆς
2953 4617 3129 4686 ὁρμῆς
3158 4617 3256 4680 τῆς
3300 4617 3444 4670 κατὰ
3485 4617 3603 4671 διά-

347 4709 450 4766 est,
473 4713 594 4752 cum
623 4705 901 4766 peccatum
931 4694 984 4748 in
1018 4693 1179 4748 animi
1210 4693 1485 4762 proposito
1516 4701 1713 4747 manet.
1740 4691 1918 4763 Itaque

2027 4721 2174 4758 νοιαν
2206 4707 2392 4776 στῆναι
2422 4705 2518 4777 τὴν
2557 4707 2848 4778 ἁμαρτίαν.
2879 4707 2954 4760 Οὐ
2989 4709 3164 4778 πάντη
3196 4706 3288 4762 οὖν
3321 4709 3607 4782 ἀτιμώρηο

347 4789 436 4858 ιιυί
472 4786 798 4857 cogitatione
827 4792 1036 4854 peccat,
1065 4799 1169 4838 non
1203 4785 1427 4839 omnino
1460 4798 1810 4840 rcmansurus
1840 4794 1918 4842 est

2027 4815 2120 4861 τος
2151 4800 2178 4851 ὁ
2212 4799 2350 4852 κατὰ
2390 4799 2628 4853 διάνοιαν
2663 4798 3012 4870 ἁμαρτάνων,
3052 4798 3168 4853 ἀλλ’
3205 4800 3327 4852 ὅσον
3367 4800 3608 4879 ἐλλείττε⁸

412 3598 534 3654 115.
569 3595 732 3652 Vens.
774 3594 860 3649 ll.
921 3592 1009 3648 Va:
1054 3593 1231 3664 iniquo
1272 3592 1292 3645 !
1330 3590 1479 3645 Mala
1536 3608 1631 3662 pro
1679 3593 1915 3660 operibus

341 3708 593 3745 manuum
631 3687 921 3760 559ejus
944 3687 1173 3740 evenient
1202 3685 1269 3738 ei.
1305 3683 1429 3738 Haec
1461 3685 1524 3739 de
1556 3684 1735 3740 divino
1775 3685 1919 3753 judi-

343 3785 452 3844 cio,
474 3779 615 3850 quod
641 3778 932 3847 unicuique
964 3792 1062 3842 pro
1095 3776 1289 3830 merito
1320 3775 1622 3829 mercedem
1653 3775 1916 3843 rependit,

346 3877 490 3928 dicta
536 3871 701 3926 fuisse
751 3869 1101 3924 arbitramur.
1133 3868 1284 3934 Quod
1326 3867 1369 3922 si
1414 3868 1534 3920 ideo
1596 3864 1682 3920 Vw
1715 3867 1917 3930 iniquo,

346 3968 570 4030 dicitur,
607 3963 750 4032 quod
786 3960 930 4015 Mala
963 3976 1057 4029 pro
1093 3959 1332 4027 operibus
1373 3958 1534 4028 ipsius
1582 3959 1811 4011 evenient
1833 3957 1918 4012 ei:

347 4057 499 4124 cujus
529 4055 733 4110 malitia
773 4053 839 4107 ad
869 4067 1005 4122 opus
1034 4067 1205 4122 usque
1248 4066 1353 4105 non
1408 4051 1694 4119 processit,
1729 4050 1824 4105 sed
1865 4050 1919 4106 in

349 4164 551 4205 arcano
601 4147 778 4202 cordis
820 4159 1038 4200 recessu
1084 4151 1461 4198 consummata
1504 4151 1616 4208 est,
1657 4156 1835 4196 nonne
1872 4141 1922 4197 ei

420 4994 463 5030 “
489 4992 647 5048 Joan.
680 5006 840 5056 xvm,
869 4988 960 5043 28.

419 5150 529 5218 (27)
560 5147 700 5201 Editi
750 5156 805 5204 et
835 5146 979 5218 Reg.
1018 5148 1246 5218 primus,
1300 5146 1404 5200 τῶν
1430 5145 1922 5218 Ῠβεδουλευμένων.

348 5222 449 5275 Alii
483 5217 721 5288 quinque
767 5217 934 5281 mss,
953 5217 1388 5340 Βουλευομένων.
1429 5217 1600 5271 Paulo
1637 5225 1760 5286 post
1793 5231 1924 5270 mss.

349 5289 611 5340 nonnulli.
646 5287 780 5340 πρὸς
801 5289 926 5340 τοὺς
990 5288 1208 5340 ωένταε.

348 5287 611 5359 nonnulli,
646 5287 780 5359 πρὸς
801 5289 926 5350 τοὺς
953 5287 1208 5359 ἀφέντας.

425 5358 539 5429 (28)
571 5357 723 5414 Colb.
749 5360 979 5428 primus,
1009 5358 1196 5421 αὐτὸν,
1251 5358 1434 5429 φησὶν,
1461 5357 1790 5429 ἀπήγαγον-ξ
1815 5369 1932 5423 qna:

347 5445 450 5483 vos
467 5430 588 5501 iam

351 5500 582 5554 dicibus.

593 5427 764 5498 γαγον
812 5429 1077 5497 reperitur
1104 5427 1322 5498 quoque
1360 5428 1412 5482 in
1449 5428 1660 5482 duobus
1701 5427 1818 5481 aliis
1842 5440 1935 5478 co-

423 5565 964 5639 (29)_Regii_duo_et
1011 5562 1270 5639 Anglicus
1315 5561 1627 5639 ιιηυςητὴν
1676 5559 1936 5639 περὶ-αὑ-

351 5628 719 5701 τούς.ὈοιΙΕχ
749 5637 842 5691 Fr.
881 5635 934 5698 1,
989 5628 1274 5705 τῆν’περὶ
1325 5631 1553 5694 ἑαυτοὺς
1585 5628 1934 5705 ’συμϐουλίαν

355 5699 470 5764 καί.
496 5711 564 5764 At
592 5709 949 5764 llenricianus
973 5714 1026 5762 et
1045 5699 1263 5776 ‘Anglici
1295 5705 1403 5771 alii,
1434 5713 1488 5759 et
1521 5699 1746 5772 uterque
1779 5699 1931 5754 Colb.

2034 5145 2110 5198 uti
2139 5145 2190 5198 in
2225 5154 2502 5200 contextu.

2104 5215 2215 5282 ('50)
2241 5212 2317 5267 Ita
2349 5215 2466 5270 libri
2500 5211 2923 5282 veteres.iEditi,
2956 5213 3130 5267 ταῦτα
3154 5214 3229 5268 δέ.

2103 5281 2215 5356 (5|)
2241 5283 2434 5339 Totum
2470 5283 2622 5356 illud,
2671 5281 2864 5356 Τελεία
2899 5284 2998 5356 μὲν
3030 5285 3141 5356 γὰρ
3199 5284 3366 5356 κακία
3410 5283 3472 5338 τὸ
3508 5285 3614 5339 καὶ

2032 5354 2224 5428 γνώμῃ
2259 5357 2354 5408 καὶ
2399 5352 2658 5428 πράξεσιν
2702 5352 3058 5428 ἁμαρτάνειν,
3104 5352 3169 5410 ex
3198 5353 3524 5428 Henriciano
3560 5365 3619 5411 et

2033 5443 2097 5480 ex
2135 5424 2454 5495 ap'ngraplio'
2473 5424 2698 5492 Anglico
2737 5424 3041 5478 addendum
3077 5440 3217 5490 esse,
3251 5436 3302 5478 et
3329 5427 3495 5479 textui
3529 5428 3616 5480 in-

2033 5497 2344 5560 serendum,
2369 5495 2479 5563 jam
2511 5503 2793 5547 monuerat
2820 5495 3222 5549 eruditissimus
3247 5497 3328 5548 vir
3358 5495 3612 5548 Ducazus.

2034 5565 2312 5620 Munemus
2355 5581 2452 5619 nos
2487 5565 2598 5617 haec
2651 5564 2765 5629 ipsa
2819 5567 2982 5618 verba
3019 5565 3243 5635 τερα-τίτί
3279 5579 3498 5635 quoque
3554 5565 3616 5621 in

2036 5637 2156 5692 aliis
2187 5637 2394 5693 duobus
2435 5635 2618 5704 Regiis
2647 5644 2702 5690 et
2728 5635 2780 5688 in
2806 5643 3039 5706 utroque
3064 5633 3402 5691 Colbertino.
