3828 6216
284 340 394 397 305

1120 302 1496 400 'COMMENT.
1539 344 1605 399 lN
1644 347 1879 403 ISAIAM
1914 346 2360 405 pnornsun.
2401 320 2561 403 CAP.
2593 347 2685 405 ιιι.

3419 348 3524 406 506

283 457 382 513 τοῦ
408 458 605 524 κακοῦ,
633 458 884 513 τοσοῦτον
902 457 1049 529 αὐτῷ
1069 460 1177 514 τῶν
1211 461 1388 515 πόνων
1419 462 1860 535 ὑφαιρεθήσεται.

1972 465 2211 522 inultus:
2247 466 2341 521 sed
2391 477 2653 536 quantum
2699 464 2878 521 deficit
2926 479 2956 520 a
3005 464 3167 531 malo,
3220 472 3428 523 tantum
3474 469 3525 527 ei

283 551 427 605 οὐαὶ
455 544 548 604 οὖν
574 549 653 622 τῷ
682 551 887 622 ἀνόμῳ,
928 552 1008 605 ὅτι
1040 554 1250 624 πονηρὰ
1278 554 1427 624 αὑτῷ
1460 555 1604 609 κατά
1630 555 1701 609 τά
1740 558 1863 609 ἀνο-

287 643 365 713 μή
375 660 542 713 ματα,
572 643 664 697 καὶ
694 643 833 697 κατά
857 643 925 696 τὰ
952 644 1086 715 ἔργα
1110 644 1215 698 τῶν
1241 646 1439 717 χειρῶν
1468 647 1630 701 αὑτοῦ
1656 648 1862 719 συμϐή-

286 751 444 790 σεται
470 734 620 806 αὑτῷ
647 734 761 804 (52)
785 752 798 765 ·
829 735 961 789 διότι
991 738 1045 789 αἱ
1075 738 1254 808 χεῖρες
1279 736 1486 809 ὄργανά
1517 738 1621 791 εἰσι
1649 737 1750 807 τῆς
1777 739 1863 791 ὲν-

282 826 455 889 νοίας.
504 826 590 889 Ὠς
620 824 686 879 ἂν
706 821 798 879 οὖν
823 827 945 898 κινῇ
980 824 1041 880 τὸ
1062 826 1357 899 κατάρχον,
1380 826 1522 881 οὕτω
1548 831 1774 882 κινεῖται
1802 828 1863 882 τὸ

283 918 565 987 ἐνεργοῦν.

362 1007 479 1061 H6.
533 1005 694 1072 Λαός
730 1024 876 1074 μου,
910 1008 966 1060 oi
995 1004 1323 1075 πράκτορες
1354 1004 1523 1076 ὑμῶν
1554 1005 1863 1077 παλαμῶν-

279 1114 379 1151 ται
412 1096 589 1167 ὑμᾶς,
634 1098 731 1152 καὶ
776 1099 832 1151 οι
884 1095 1277 1162 ἀπαιτοῦντες
1321 1099 1707 1166 κυριεύουσιν
1747 1098 1860 1170 (55)

281 1189 471 1259 ὑμῶν.
518 1189 985 1260 Ἀνακαλουμένου
1010 1188 1101 1242 τὸν
1125 1188 1253 1242 λαὸν
1286 1192 1320 1261 ἡ
1346 1172 1529 1261 φωνὴ,
1545 1190 1640 1244 καὶ
1666 1190 1861 1244 συναλ-

280 1279 510 1351 γοῦντος
540 1285 654 1345 τοῖς
678 1281 1059 1352 κακουμένοις,
1085 1281 1244 1345 Λαός
1257 1298 1398 1350 μου.
1430 1282 1568 1352 Πρὶν
1593 1282 1749 1353 δῆσαι
1772 1282 1863 1336 τὸν

280 1376 516 1439 δίκαιον,
550 1377 681 1448 πρὶν
714 1377 811 1447 τὴν
843 1376 1038 1447 χρῆσιν
1082 1373 1246 1428 αὑτοῦ
1291 1374 1760 1446 παραιτήσασθαι,
1810 1375 1863 1428 τί

283 1467 626 1532 πεπόνθατε;
679 1468 791 1524 Νῦν
838 1468 948 1539 (54)
984 1467 1276 1538 κατάχρεοι
1308 1466 1603 1536 γεγένησθε
1654 1465 1862 1519 πολλῶν

281 1559 633 1630 ὀφλημάτων.
675 1558 774 1612 Διά
798 1558 955 1613 τοῦτο
983 1562 1097 1622 τοῖς
1126 1557 1530 1630 ὲκπρὰσσουσιν
1576 1558 1720 1628 ὑμᾶς
1748 1557 1860 1629 (55)

281 1650 384 1721 τὴν
408 1648 626 1720 ὀφειλὴν
666 1648 871 1703 ἔκδοτοι
911 1649 1227 1720 γεγένησθε·
1258 1650 1307 1703 οἳ
1342 1649 1529 1721 ἐπειδὴ
1574 1649 1862 1722 δράγματα

281 1743 347 1794 ὲν
376 1743 502 1812 ὑμῖν
533 1742 629 1813 οὐχ
661 1742 1033 1814 εὑρίσκουσιν,
1063 1741 1182 1794 οὐδὲ
1210 1740 1439 1812 καρπῶν
1468 1740 1742 1811 εὐθηνίαν,
1770 1759 1863 1794 κα-

1962 572 2242 628 poenarum
2272 556 2597 611 remittetur.
2631 557 2720 612 Va:
2746 556 2908 627 igitur
2941 557 3147 628 iniquo,
3165 558 3291 627 quia
3312 558 3363 614 ei
3390 559 3528 614 mala

1963 646 2261 703 secundum
2303 646 2616 717 iniquitates
2642 655 2698 703 et
2730 648 3024 703 secundum
3076 662 3236 719 opera
3272 664 3526 705 manuum

1962 737 2080 807 ejus
2134 739 2405 807 evenient,
2449 740 2591 808 quod
2647 751 2839 794 manus
2894 753 3095 810 organa
3149 750 3274 795 sunt
3318 741 3529 813 cogita-

1965 829 2147 883 tionis.
2189 829 2413 899 Quoquo
2442 830 2605 901 igitur
2628 830 2785 884 modo
2821 839 3103 886 moveatur
3129 830 3181 886 id
3214 830 3357 902 quod
3382 831 3529 902 prin-

1961 919 2158 990 cipium
2197 931 2298 983 est,
2334 920 2523 976 eodem
2564 930 2812 975 movetur
2840 920 2891 975 id
2921 922 3064 992 quod
3090 922 3420 991 exsequitur.

2032 1010 2156 1067 H6.
2192 1012 2351 1067 Vnus.
2385 1010 2474 1068 i2.
2506 1010 2703 1083 Popule
2741 1028 2909 1077 meus,
2940 1023 3206 1068 exactores
3239 1014 3397 1068 vestri
3437 1012 3529 1068 den

1960 1113 2156 1159 metunt
2178 1119 2284 1170 vos,
2300 1110 2351 1157 et
2370 1105 2632 1174 exigentes
2658 1103 2997 1160 dominantur
3012 1105 3177 1159 nobis.
3191 1104 3304 1160 Vox
3324 1102 3528 1169 isthmc,

1964 1193 2167 1264 Popule
2194 1211 2357 1262 meus,
2394 1203 2480 1250 est
2524 1195 2861 1252 adhortantis
2906 1195 3179 1268 populum,
3204 1204 3259 1250 et
3284 1195 3422 1248 male
3450 1195 3531 1251 af-

1962 1286 2133 1343 fectos
2185 1286 2516 1341 miserantis.
2555 1283 2877 1356 Priusquam
2938 1285 3265 1356 alligassetis
3299 1285 3528 1355 justum,

1959 1378 2276 1448 priusquam
2317 1391 2382 1432 eo
2412 1378 2486 1432 uti
2521 1377 2895 1443 recusassetis,
2922 1377 3051 1447 quid
3085 1377 3226 1447 passi
3255 1376 3479 1433 fueratis
3508 1374 3536 1432 τ

1960 1467 2078 1523 Jam
2108 1468 2303 1524 debitis
2329 1468 2515 1523 multis
2539 1469 2781 1525 obstricti
2803 1469 3175 1526 estis.ldcirco
3203 1468 3382 1524 traditi
3398 1468 3530 1524 estis

1963 1563 2019 1617 in
2050 1577 2241 1618 manus
2273 1562 2606 1634 exigentium
2639 1576 2669 1616 a
2704 1562 2858 1617 vobis
2910 1560 3110 1625 debita,
3150 1561 3239 1630 qui
3282 1575 3402 1616 cum
3437 1575 3533 1616 ne-

1962 1668 2068 1724 que
2112 1654 2442 1725 manipulos,
2485 1668 2662 1725 neque
2690 1654 2884 1709 uberes
2914 1653 3123 1709 fructus
3148 1652 3287 1724 apud
3320 1668 3417 1708 vos
3446 1652 3532 1707 in-

1962 1748 2280 1811 veniant,in
2313 1746 2529 1801 modum
2571 1744 2832 1816 spicilegii
2868 1744 3092 1816 exiguos
3136 1760 3234 1801 vos
3264 1753 3427 1815 atque
3454 1745 3533 1802 vi.

279 1833 567 1903 λαμῶνται
609 1834 750 1902 ὑμᾶς
804 1834 1027 1906 μικροὺς
1074 1834 1168 1886 καὶ
1219 1832 1477 1895 εὐτελεῖς,
1516 1833 1859 1887 κατακεκλα-

1972 1840 2044 1895 les
2071 1840 2383 1904 demetunt,
2414 1837 2722 1893 confractos
2751 1837 3051 1891 animarum
3079 1845 3378 1891 vestrarum
3418 1834 3534 1892 fru-

283 1925 518 1993 σμένους
549 1925 794 1996 καρποὺς
834 1925 941 1979 τῶν
979 1923 1167 1995 ψυχῶν
1197 1924 1351 1995 ὑμῶν
1387 1923 1497 1995 (36)
1526 1924 1856 1992 ἐκλέγοντες.

283 2015 530 2070 Τοιοῦτοι
577 2017 634 2070 δέ
683 2018 869 2086 ἐσμεν,
919 2015 1313 2089 μικροπρεπῶς
1352 2017 1446 2069 καὶ
1486 2015 1719 2080 εὐτελῶς
1768 2017 1862 2070 καὶ

279 2109 551 2178 ἀκάρπως
579 2109 983 2180 μετανοοῦντες.
1020 2114 1080 2163 Ὃ
1113 2113 1225 2182 γὰρ
1265 2114 1498 2182 σπείρει
1532 2112 1858 2183 ἅνθρωπος,

280 2198 463 2253 τοῦτο
492 2201 590 2254 καὶ
623 2202 867 2272 θερίσει.
914 2203 972 2257 Ὀ
1015 2204 1194 2257 τοίνυν
1231 2207 1296 2276 τῇ
1336 2205 1598 2276 ἀξιολόγῳ
1631 2222 1863 2276 μεταμε-

278 2292 404 2364 λείᾳ
429 2293 698 2359 πλουσίως
730 2296 967 2366 σπείρων
994 2297 1073 2361 εἰς
1113 2296 1173 2350 τὸ
1200 2298 1443 2368 Πνεῦμα,
1470 2298 1859 2369 ἐλεημοσύνην,

279 2384 710 2456 εὐσπλαγχνίαν,
747 2387 977 2451 ἱκεσίαν,
1012 2387 1377 2457 δικαιοσύνην,
1418 2387 1650 2457 δάκρυον
1684 2387 1861 2459 διηνε-

279 2476 414 2539 κές·
452 2469 605 2539 οὗτος
632 2478 870 2550 σπείρων
894 2481 951 2532 ὲν
977 2479 1259 2551 δάκρυσιν,
1293 2480 1351 2532 ὲν
1381 2478 1695 2549 ἀγαλλιάσει
1724 2478 1865 2551 θερί-

280 2586 401 2635 σει,
448 2570 617 2641 αἷρων
661 2570 763 2640 τῆς
811 2570 1099 2641 μετανοίας
1145 2572 1215 2625 τὰ
1257 2572 1579 2644 δράγματα,
1611 2572 1748 2625 ὥστε
1787 2571 1864 2643 τῷ

277 2661 558 2734 πράκτορι
602 2661 722 2716 ὅλον
756 2663 1012 2717 ἀποτῖσαι
1059 2663 1120 2716 τὸ
1166 2664 1345 2735 χρέος.
1408 2665 1464 2719 '0
1511 2663 1567 2717 δὲ
1620 2681 1863 2735 μεταμε·

277 2755 406 2826 λείᾳ
445 2754 556 2825 (57)
590 2754 700 2807 τῶν
743 2755 1257 2826 προημαρτημένων
1302 2755 1475 2828 μικρά
1508 2755 1766 2827 σπείρων,
1807 2757 1864 2809 ὲν

278 2846 647 2918 ἐλεημοσύνη,
685 2848 743 2899 ὲν
780 2850 1078 2917 προσευχῇ,
1116 2846 1320 2918 ἔρημον
1370 2847 1578 2919 καρποῦ
1612 2847 1866 2919 καλάμην

275 2934 521 3006 τρέφων,
550 2936 669 2988 οὐδὲ
689 2934 891 3005 ταύτην
916 2935 1021 2988 ὑπὸ
1045 2936 1137 2989 τοῦ
1163 2936 1469 3008 iapix-copo;
1493 2915 1637 3007 ἔχειν
1656 2954 1866 3007 συγχω-

283 3026 605 3099 ρηθήσεται.
642 3028 739 3091 Τίς
768 3026 823 3079 δὲ
852 3029 880 3080 6
910 3026 1168 3100 πράκτωρ
1200 3022 1374 3092 οὗτος,
1408 3031 1472 3083 ἐκ
1511 3030 1611 3100 τῆς
1641 3029 1783 3083 κατά
1805 3030 1866 3082 τὸ

277 3118 618 3186 Εὑαγγέλιον
665 3119 1038 3188 παραινέσεως
1090 3119 1447 3190 διδαχθῶμεν,
1506 3121 1600 3174 τοῦ
1658 3120 1861 3193 Κυρίου

1962 1941 2084 1985 ctus
2138 1929 2470 1999 colligentes.
2522 1927 2720 1982 Sumus
2771 1937 2950 1981 autem
2998 1924 3297 1994 ejusmodi,
3332 1926 3376 1981 si
3409 1941 3532 1981 cum

1964 2020 2160 2092 pusillo
2176 2019 2492 2088 abjectoque
2516 2021 2696 2073 animo
2718 2033 2780 2073 ac
2810 2019 2928 2074 sine
2951 2017 3127 2073 fructu
3153 2017 3531 2088 paenitentiam

1962 2111 2190 2181 agimus.
2229 2109 2385 2175 Quod
2416 2110 2553 2163 enim
2592 2111 2817 2163 seminat
2857 2110 3172 2177 homo,lhoc
3204 2120 3250 2164 et
3288 2118 3437 2165 metet
3466 2109 3531 2164 ".

1963 2202 2064 2272 Qui
2099 2202 2262 2272 igitur
2299 2201 2719 2271 eleemosynam,
2772 2203 3328 2269 commiserationem,
3371 2200 3532 2258 obse-

1962 2295 2281 2362 crationem,
2310 2276 2599 2364 justitiam,
2652 2295 2919 2365 lacrymas
2964 2295 3205 2350 assiduas
3254 2308 3351 2363 per
3396 2306 3535 2362 pra-

1963 2386 2166 2442 claram
2197 2385 2630 2456 laudabilemque
2654 2385 3026 2456 paenitentiam
3055 2387 3108 2440 iu
3135 2384 3338 2454 Spiritu
3367 2385 3536 2439 abun-

1963 2478 2155 2534 danter
2185 2478 2440 2544 seminat,
2465 2477 2555 2533 hic
2574 2479 2847 2533 seminans
2873 2478 2925 2533 in
2970 2477 3243 2549 lacrymis,
3282 2485 3451 2532 metet
3477 2476 3534 2531 in

1962 2568 2321 2626 exsultatione
2336 2568 2401 2635 ης
2430 2577 2592 2635 atque
2625 2568 2926 2639 manipulos
2942 2568 3274 2639 paenitentiae
3305 2565 3560 2633 auferetk

1964 2662 2099 2717 adeo
2126 2670 2186 2716 ut
2212 2660 2455 2716 exactori
2483 2659 2720 2717 debitum
2746 2673 2907 2716 omne
2926 2657 3189 2714 exsolvat.
3210 2656 3378 2725 Quem
3411 2671 3538 2713 vero

1964 2753 2190 2825 poenitet
2222 2761 2566 2823 peccatorum
2615 2759 2741 2806 ante
2784 2750 3221 2814 commissorum,
3249 2749 3292 2803 si
3338 2748 3534 2818 exigua

1964 2844 2227 2914 quaepiam
2260 2843 2490 2899 seminat
2540 2840 2595 2897 in
2634 2841 2979 2911 eleemosyna
3007 2847 3061 2894 et
3094 2838 3148 2893 in
3172 2840 3487 2909 precatione
3516 2854 3533 2903 ;

1966 2939 2013 2994 is
2044 2952 2269 2993 vacuam
2310 2936 2487 2991 fructu
2518 2934 2769 3005 stipulam
2801 2933 3068 2997 nutriens,
3108 2944 3176 2987 ne
3226 2931 3364 2986 hanc
3413 2928 3537 3000 qui-

1967 3033 2088 3086 dem
2119 3030 2355 3084 retinere
2378 3026 2722 3098 permittetur
2759 3023 2829 3080 ab
2862 3031 3134 3079 exactore.
3180 3020 3313 3089 Quis
3358 3030 3564 3076 autem.

1970 3126 2071 3178 iste
2113 3123 2183 3178 sit
2208 3128 2453 3187 exactor,
2480 3118 2807 3174 edoceamur
2831 3130 2929 3187 per
2954 3114 3320 3185 evangelicam
3349 3112 3537 3167 admo-

277 3208 562 3279 ὶέ-ίθντος·
625 3209 719 3273 Ὡς
769 3207 879 3277 γὰρ
918 3205 1168 3275 ὑπάγεις
1202 3209 1349 3277 μετὰ
1398 3209 1505 3263 τοῦ
1552 3208 1860 3265 ἀντιδίκου

1972 3217 2253 3280 nitionem,
2304 3213 2516 3267 dicente
2561 3208 2830 3263 Domino:
2863 3204 2998 3261 Cum
3036 3206 3175 3259 enim
3208 3204 3359 3258 vadis
3413 3218 3534 3257 cum

277 3318 403 3357 σου
436 3303 527 3356 ἐπ’
557 3298 837 3370 ἄρχοντα,
870 3300 940 3355 ἐν
967 3298 1039 3370 τῇ
1070 3299 1185 3367 ὀδῷ
1217 3302 1319 3370 δὸς
1349 3305 1635 3374 ἐργασίαν
1665 3306 1860 3371 ἀπηλ-

275 3394 505 3463 λάχθαι
542 3393 767 3447 αὐτοῦ’
796 3392 1030 3464 μήποτε
1074 3396 1385 3463 κατασύρῃ
1435 3411 1509 3449 σε
1557 3396 1707 3463 πρὸς
1757 3396 1863 3450 τὸν

279 3487 520 3554 κριτὴν,
561 3486 662 3539 καὶ
696 3488 729 3539 δ
763 3485 968 3555 κριτής
1017 3503 1091 3539 σε
1138 3486 1380 3555 παραδῷ
1420 3486 1497 3552 τῷ
1539 3486 1821 3556 πράκτορι
1845 3505 1857 3517 ·

279 3579 385 3632 καὶ
410 3581 443 3632 ὀ
465 3578 738 3646 πράκτωρ
763 3592 836 3633 σε
857 3578 1023 3648 βάλῃ
1051 3580 1138 3643 εἰς
1179 3578 1482 3646 φυλακήν.
1509 3579 1721 3650 Νόησον
1752 3578 1861 3651 γάρ

280 3673 406 3726 εκεῖ
434 3670 523 3723 τὸν
546 3670 811 3723 ἀντίδικον
831 3672 922 3724 καὶ
947 3671 1044 3740 τὴν
1073 3669 1189 3723 ὁδόν
1208 3686 1222 3699 ο
1248 3666 1365 3723 εἷτα
1399 3669 1489 3723 τὸν
1516 3670 1749 3742 ἄρχοντα
1772 3672 1862 3725 τὸν

282 3762 611 3835 προεστῶτα
655 3762 748 3815 τοῦ
795 3761 1063 3815 ἀντιδίκου
1098 3760 1278 3833 ἡμῶν.
1337 3760 1484 3825 Ὁδὸς
1535 3760 1632 3832 μὲν
1676 3762 1803 3832 γὰρ,
1835 3760 1864 3811 6

286 3856 406 3927 βίος
433 3854 623 3926 ἡμῶν·
656 3853 921 3917 ἀντίδικος
945 3853 1024 3915 δὲ,
1056 3855 1090 3925 ἠ
1140 3851 1564 3906 ἀντιπαλαίουσα
1608 3852 1738 3921 ἡμῖν
1775 3850 1864 3904 δύ·

284 3964 454 4018 ναμις
492 3946 587 3999 καὶ
615 3944 970 4016 παρεπομένη
1004 3943 1082 4015 τῷ
1113 3942 1245 4014 βίῳ,
1278 3944 1425 4015 πάσῃ
1459 3940 1710 4013 μεθοδεία
1760 3958 1863 4011 μη-

284 4037 578 4109 χανωμένη
618 4035 883 4106 ἐκτρέψαι
929 4035 1074 4104 ημᾶς
1119 4033 1220 4104 τῆς
1265 4033 1401 4105 πρὸς
1443 4033 1571 4086 Θεὸν
1624 4034 1864 4103 ἀγούσης

284 4128 413 4184 ὁδοῦ
434 4146 448 4159 ·
481 4129 661 4200 ἄρχων
690 4127 767 4192 δὲ,
798 4130 826 4180 6
849 4126 940 4180 τοῦ
973 4128 1176 4197 κόσμου
1202 4126 1391 4179 τούτου
1420 4124 1622 4197 ἅρχων.
1652 4126 1774 4197 περὶ
1801 4119 1862 4178 οὗ

284 4225 317 4277 6
353 4222 559 4293 Κύριος
590 4219 810 4292 εἴρηκε·
856 4219 985 4273 Νῦν
1014 4220 1247 4288 ἔρχεται
1294 4221 1327 4271 ό
1369 4216 1569 4285 ἅρχων
1618 4217 1724 4270 τοῦ
1768 4219 1865 4270 κό-

284 4330 452 4384 σμου
477 4313 709 4378 τούτου,
734 4309 832 4364 καὶ
857 4311 925 4363 ἐν
946 4309 1073 4380 ἐμοὶ
1100 4308 1343 4377 εὑρήσει
1371 4307 1482 4378 (58)
1509 4308 1707 4361 οὐδέν.
1728 4308 1864 4361 Ἀλλ’

284 4410 350 4460 ἐν
380 4407 482 4475 μὲν
514 4402 593 4476 τῷ
620 4404 810 4474 Κυρίῳ
840 4396 995 4474 εὗρεν
1035 4400 1205 4465 οὐδὲν,
1243 4400 1380 4453 διότι
1418 4399 1724 4468 Ἀμιιρτίαν
1754 4400 1865 4451 οὐκ

1968 3308 2266 3362 adversario
2302 3313 2393 3359 tuo
2431 3304 2500 3358 ad
2555 3300 2862 3367 principem,
2909 3299 2964 3352 in
2995 3299 3078 3352 via
3117 3297 3187 3350 da
3237 3310 3449 3364 operam
3481 3302 3536 3348 ut

1967 3401 2201 3455 libereris
2233 3398 2297 3453 ab
2321 3414 2401 3462 eo,
2429 3412 2490 3451 ne
2521 3397 2653 3466 forte
2681 3391 2952 3464 pem-altat
2992 3398 3040 3445 ιε
3083 3388 3153 3443 ad
3182 3388 3416 3458 judicent
3438 3424 3455 3451 ,
3488 3393 3538 3441 st

1958 3493 2130 3562 judea:
2156 3490 2328 3544 tradat
2358 3499 2406 3543 le
2451 3485 2705 3551 exactori,
2734 3492 2784 3539 et
2815 3490 3033 3538 exactor
3056 3482 3229 3535 mittat
3257 3487 3308 3533 te
3334 3481 3390 3533 in
3415 3494 3537 3531 car-

1968 3602 2137 3640 cerem
2164 3584 2228 3637 ¹⁹.
2256 3580 2504 3636 Profecto
2532 3578 2621 3634 hic
2652 3576 2963 3633 consideres
2991 3573 3150 3628 velim
3179 3571 3539 3626 adversarium

1969 3684 2017 3729 et
2076 3674 2244 3738 viam,
2281 3680 2465 3741 postea
2515 3667 2835 3738 principem,
2867 3664 2960 3735 qui
3001 3661 3314 3717 adversario
3353 3668 3539 3715 nostro

1969 3762 2255 3834 przefectus
2287 3770 2390 3817 est.
2423 3757 2521 3813 Via
2560 3759 2797 3829 quidem,
2827 3762 3013 3810 nostra
3047 3753 3158 3808 vita
3186 3759 3275 3807 est
3304 3767 3318 3805 :
3350 3751 3541 3805 adver-

1969 3852 2145 3909 sarius
2172 3864 2324 3914 vero,
2355 3849 2530 3902 virtus
2554 3857 2638 3901 est
2670 3844 2824 3901 nobis
2852 3844 3159 3906 obluctans,
3192 3841 3423 3910 vitaeque
3447 3853 3540 3894 so.

1969 3945 2077 4011 cia,
2108 3958 2227 4015 quae
2254 3942 2429 3995 nullas
2457 3938 2624 4011 560
2653 3953 2758 3992 non
2786 3936 3061 4005 excogitat
3088 3933 3329 3997 insidias,
3346 3931 3565 4001 quibus.

1970 4050 2069 4091 nos
2116 4049 2145 4089 a
2175 4034 2260 4088 via
2303 4033 2369 4086 ad
2417 4030 2583 4085 Deum
2623 4029 2922 4084 deducente
2966 4028 3197 4083 abducat
3244 4043 3258 4079 :
3293 4023 3541 4093 princeps

1970 4136 2150 4182 autem
2182 4133 2265 4179 est
2295 4126 2408 4194 ipse
2439 4122 2623 4177 mundi
2652 4119 2812 4190 hujus
2841 4120 3111 4191 princeps,
3134 4117 3201 4173 de
3225 4130 3334 4187 quo
3364 4112 3542 4170 Domi-

1972 4235 2074 4274 nus
2107 4217 2279 4273 dixit:
2311 4215 2470 4270 Nunc
2503 4215 2635 4269 venit
2682 4215 2920 4284 princeps
2967 4211 3149 4266 mundi
3190 4210 3375 4280 hujus,
3404 4216 3451 4262 et
3487 4206 3553 4260 in.

1972 4328 2053 4365 me
2098 4326 2200 4364 non
2253 4309 2473 4361 inveniet
2503 4306 2788 4377 quidquam
2814 4305 2879 4361 ³⁸.
2905 4302 3048 4359 Sane
3078 4303 3130 4357 in
3169 4301 3394 4356 Domino
3421 4298 3541 4368 qui-

1974 4404 2093 4456 dem
2125 4399 2256 4454 nihil
2283 4398 2513 4464 invenit,
2536 4398 2661 4468 quia
2702 4395 2998 4451 Peccatum
3027 4410 3132 4449 non
3156 4393 3298 4464 fecit,
3334 4407 3425 4446 nec
3454 4390 3539 4445 ins

283 4500 604 4566 ἐποίησεν,
636 4494 779 4550 οὐδὲ
816 4493 1027 4562 εὐρέθῃ
1066 4493 1245 4558 δόλος
1277 4492 1347 4544 ἑν
1374 4489 1451 4553 τῷ
1477 4491 1727 4559 στόματι
1762 4491 1867 4542 αὺ-

1974 4503 2153 4547 ventus
2186 4501 2262 4545 est
2301 4489 2453 4542 dolus
2484 4489 2538 4542 in
2587 4504 2675 4542 ore
2724 4486 2838 4557 ejus
2868 4488 2952 4553 ";
2990 4486 3115 4540 licet
3149 4493 3387 4540 tentatus
3426 4480 3541 4538 fue-

286 4590 429 4645 τοῖν
471 4587 548 4657 τῷ
590 4585 980 4656 πεπειραμένῳ
1009 4581 1151 4637 κατὰ
1189 4581 1366 4635 πάντα
1394 4580 1515 4634 καθ’
1543 4579 1863 4651 ὁμοιότητα,

286 4685 463 4757 χωρὶς
493 4681 785 4753 ἁμαρτίας.

371 4843 411 4874 ’⁷
445 4840 565 4896 Gal.
589 4856 664 4904 vt,
695 4840 750 4894 8.
830 4837 873 4869 ³⁸
904 4835 1049 4890 Psal.
1078 4851 1239 4903 cxxv,
1273 4834 1325 4889 6.
1404 4835 1447 4867 ¹⁹
1465 4831 1597 4889 Luc.
1634 4847 1735 4896 xtl,
1772 4828 1864 4902 58.

1972 4828 1986 4858 ’
2014 4822 2170 4880 Joan.
2196 4835 2308 4884 xxv,
2337 4819 2427 4873 50.
2504 4819 2547 4850 “
2578 4816 2732 4871 lPet.
2761 4831 2823 4882 ιι,
2848 4815 2940 4871 22.

368 4978 482 5051 (52)
514 4977 607 5051 sic
648 4975 769 5032 libri
815 4982 1062 5051 quatuor‘
1099 4979 1330 5026 veteres.
1365 4970 1566 5051 Qberat
1599 4967 1865 5051 αὐτῷ-ει)

287 5034 478 5107 editis.
513 5049 602 5101 Illa
649 5061 770 5115 quae
818 5034 1000 5098 statim
1048 5043 1318 5115 leguntur,
1358 5039 1542 5115 _d>;_a_v
1574 5034 1687 5104 οὖν,
1722 5034 1865 5101 ’θιοη

293 5123 520 5187 Quoquo
547 5111 701 5170 modo
729 5125 1001 5187 moveatur
1040 5113 1093 5164 id
1111 5111 1258 5187 quod
1289 5111 1598 5187 principium
1637 5119 1735 5187 est,
1780 5123 1868 5187 eo-

288 5178 683 5243 dem'movetur
738 5187 789 5237 id
819 5186 955 5253 quod
1005 5178 1326 5249 exsequitur,
1381 5182 1463 5233 sic
1524 5178 1866 5253 intelligenda

291 5271 419 5313 esse
445 5269 572 5325 pulo
634 5272 649 5308 :
708 5249 926 5323 Quoquo
955 5253 1108 5325 modo
1156 5258 1636 5325 moventur_causa
1665 5249 1864 5325 prima,

290 5318 477 5382 eodem
505 5342 707 5396 quoque
726 5318 955 5376 mouetur
977 5323 1403 5396 instrumentum.
1433 5318 1495 5371 Et
1515 5332 1641 5371 vero
1665 5318 1867 5396 instru-

292 5387 539 5452 mentum
571 5387 675 5448 tale
701 5404 803 5456 est,
837 5403 917 5456 ut,
952 5390 1090 5460 quod
1132 5406 1159 5442 a
1192 5389 1361 5453 prima
1388 5403 1552 5442 causa
1587 5387 1861 5456 excogita-

292 5477 412 5523 tum
440 5476 539 5525 est.
580 5473 927 5531 exsequatur.

372 5536 484 5604 (55)
512 5535 652 5589 Editi
678 5526 888 5604 et'Beg.
930 5531 1157 5604 primus,
1187 5526 1588 5604 κυριειόσουσινζ
1619 5526 1867 5604 domina-

292 5594 514 5660 buntur.
548 5608 615 5657 At
647 5605 699 5656 in
730 5594 864 5655 aliis'
889 5594 1127 5670 quinque
1154 5594 1283 5652 mss.
1312 5609 1363 5651 et
1404 5599 1542 5666 apud
1569 5594 1708 5650 LXX
1739 5596 1867 5664 legi-

290 5686 407 5738 tur,
438 5692 505 5728 κυ
548 5674 805 5736 ιεύουσιν,
840 5671 1198 5723 dominantur.

374 5693 614 5799 ιειιῗιιο
648 5744 797 5799 locus
844 5741 917 5795 ita
962 5741 1198 5799 interpnr

374 5744 486 5817 (δι)

1976 4583 2046 4636 rit
2074 4598 2171 4653 per
2193 4581 2373 4635 omnia
2405 4594 2503 4648 pro
2529 4578 2901 4645 similitudine,
2931 4580 3133 4645 absque
3167 4584 3389 4647 peccato
3416 4574 3482 4628 ”.

3044 4816 3088 4846 ³⁸
3128 4812 3291 4867 Hebr.
3321 4827 3394 4875 Iv,
3414 4810 3499 4866 15.

1968 4961 2088 5016 aliis
2119 4971 2247 5011 mss.
2274 4966 2503 5027 ponatur
2543 4964 2669 5008 ante
2700 4951 2936 5007 voculam
2979 4946 3093 5003 Νῦν
3122 4986 3138 5012 ,
3182 4947 3237 5001 in
3268 4945 3389 5000 aliis
3419 4952 3543 5017 post

1969 5030 2238 5087 eamdem.
2704 5086 2719 5087 γ
2955 5084 2964 5087 ,
3180 5082 3193 5087 ,
3247 5065 3251 5067 λ

2043 5078 3114 5183 (35)Ἐςῑιξοῄρῇοιιλεξῃιῖξέῖωριὶιιιιιε,
3168 5081 3339 5153 ἡμᾶς,
3377 5078 3537 5134 male.

1969 5159 2071 5226 Alii
2094 5159 2334 5236 quinque
2363 5178 2518 5236 ιιιεε..
2546 5159 2713 5230 ὑμᾶς,
2743 5159 2901 5236 μηδ’
2936 5226 2948 5236 _
3015 5222 3040 5236 ,
3169 5224 3186 5236 ,
3209 5220 3240 5236 ..

2043 5219 2335 5312 (Ξῦῌὶιξιιίἰ
2387 5219 2643 5310 όιιοόιιίιι
2673 5219 2871 5290 ἐὐὶιιε,
2926 5222 3102 5296 ἡμῶν.
3157 5219 3264 5275 Alii
3310 5225 3553 5289 quatuor,

1971 5301 2585 5377 ms's.,'6pt1'iv,rectiu_s.
2643 5365 2685 5377 __
2767 5367 2782 5377 _
2864 5366 2877 5377 _
3026 5363 3045 5377 λ
3095 5361 3109 5377 ,
3237 5359 3294 5377 ,Α

2041 5355 2408 5449 ἰξιίίιίὀι
2442 5371 2610 5449 codex
2643 5365 2734 5449 Fr.
2861 5361 3168 5449 ἐπιμελείᾳ,
3198 5355 3544 5449 3‘2.-

1971 5425 2388 5507 terﬁonibeﬂsii
2437 5442 2605 5493 codex
2652 5446 2707 5492 et
2738 5425 2827 5490 alii
2875 5425 3541 5504 ιιοιίιιιιιιί;’μεταμελείᾳ,

1973 5529 2160 5659 ΐθῖέξέ)
2197 5579 2648 5659 Apnddoam'tcm
2699 5590 2807 5659 xlv,
2861 5574 2959 5659 ει,
2999 5574 3164 5659 paulo
3205 5567 3547 5659 aluei-3,1663

1978 5641 2260 5731 ἔχει,ίῇοή
2292 5653 2463 5730 habet.
2511 5646 2810 5731 lilotand‘utn
2863 5641 3543 5731 tattten,nvocetn

567 5710 805 5799 ἲόἓὶιὲ
840 5710 1377 5807 it‘S'iiiiéi'ﬁihgnur,
1419 5746 1476 5790 nt
1520 5744 1775 5805 punctum
1816 5734 1893 5787 in'
1980 5710 2155 5787 ιῖὂιιίιὶ
2174 5735 2227 5780 et
2244 5725 2414 5795 ipsam
2442 5723 2495 5775 in
2517 5718 2664 5772 Novo
2686 5714 3033 5771 Testamento
3062 5713 3370 5771 Oxoniensi.
3396 5710 3545 5778 Quin
