3828 6216
271 303 376 363 507

1246 299 1588 357 APPENDIX
1629 295 1912 354 OPERUM
1950 295 2008 351 S.
2052 295 2295 353 BASILII
2333 293 2563 351 MAGNI.

3412 280 3522 337 598

343 421 465 477 117.
504 418 637 474 Cum
686 419 939 491 igitur.,in
980 418 1134 475 nobis
1180 418 1447 473 invenerit
1484 416 1674 480 multa,
1734 430 1831 468 nos

2008 412 2130 466 117.
2190 411 2439 466 Ἐπειδὰν
2476 406 2568 464 οὖν
2616 409 2755 481 εὖρῃ
2801 408 2857 460 ἐν
2898 408 3034 477 ἡμῖν
3066 400 3256 466 πολλὰ,
3294 399 3521 462 πολλαῖς

274 511 455 566 multis
476 519 821 580 peccatorum
863 522 1092 580 quorum
1126 517 1319 563 auctor
1340 518 1424 563 est
1459 506 1687 563 vinculis
1716 519 1840 575 per-

274 612 496 667 tractos,
546 600 740 671 quibus
770 599 1138 667 nosmetipsos
1179 596 1606 660 obstrinximus,
1664 594 1841 649 tradet

271 695 455 763 judici.
499 693 666 749 Judex
717 703 897 750 autem
928 694 1015 750 cui
1057 693 1319 763 judicium
1357 706 1518 748 omne
1565 690 1712 746 dedit
1740 688 1843 744 Pa-

277 796 358 840 ter
386 786 453 850 ”,
499 800 597 841 nos
634 785 956 842 criminibus
1001 785 1186 841 multis
1222 784 1290 839 ab
1330 782 1646 839 adversario
1672 791 1729 836 et
1769 782 1838 835 ab

274 874 449 930 ultore
480 887 767 947 coargutos
794 876 1229 946 apprehendens,
1258 873 1436 929 tradet
1462 872 1702 928 exactori
1727 869 1843 927 exi-

274 964 460 1036 gendis
490 968 663 1037 poenis
696 968 1034 1037 praestituto;
1066 966 1159 1035 qui
1195 981 1294 1020 nos
1340 965 1520 1018 mittet
1559 962 1615 1019 in
1651 977 1839 1017 carce-

273 1073 416 1124 rem,
440 1059 541 1113 hoc
574 1068 680 1123 est,
708 1059 761 1112 in
794 1058 1046 1128 supplicii
1082 1059 1278 1121 locum,
1307 1055 1492 1125 ﬂagris
1523 1053 1846 1108 immanissi-

275 1149 382 1203 mis
410 1163 507 1218 pro
536 1148 698 1203 rebus
732 1147 814 1203 vel
844 1147 1084 1201 minimis
1122 1156 1171 1201 et
1204 1161 1300 1217 pro
1345 1146 1582 1215 peccatis
1623 1160 1650 1198 a
1688 1142 1845 1199 nobis

278 1254 400 1293 cum
423 1247 733 1308 contemptu
755 1238 978 1307 patratis
996 1252 1286 1307 reposcens
1306 1252 1368 1292 ac
1389 1237 1608 1307 exigens
1629 1248 1841 1304 ptenas.

277 1329 541 1396 Quocirca
588 1329 870 1384 consilium
917 1330 1009 1383 dat
1055 1318 1351 1394 Dominus,
1395 1338 1456 1381 ut
1491 1328 1615 1382 dum
1660 1326 1713 1381 in
1759 1326 1846 1379 via

278 1434 401 1473 cum
436 1417 746 1473 adversario
774 1432 961 1472 sumus
985 1417 1052 1482 “,
1080 1416 1270 1472 demus
1299 1432 1520 1485 operam
1555 1425 1615 1470 ut
1660 1414 1728 1470 ab
1757 1412 1848 1469 illo

279 1509 591 1573 liberemur,
623 1508 725 1564 hoc
756 1519 858 1574 est,
901 1523 963 1565 ea
995 1509 1292 1564 efﬁciamus
1315 1524 1500 1579 opera,
1535 1508 1730 1578 quibus
1780 1508 1849 1562 ab

279 1598 505 1653 inimico
529 1598 806 1655 valeamus
832 1597 1082 1665 liberari;
1113 1613 1213 1654 nec
1241 1613 1477 1667 unquam
1501 1598 1844 1661 iuducamur,

279 1696 338 1743 ut
366 1689 654 1744 adventum
681 1699 937 1746 extremae
965 1689 1107 1745 illius
1133 1690 1284 1746 hora:
1309 1698 1707 1759 exspectemus,
1743 1703 1846 1758 qua

280 1779 536 1849 princeps
565 1789 748 1836 astans
779 1796 876 1837 nos
921 1780 1349 1851 perscrutabitur
1392 1799 1406 1833 :
1455 1780 1545 1848 qui
1595 1782 1639 1834 si
1683 1778 1847 1833 multa

281 1887 401 1942 qua!
447 1873 527 1928 sui
573 1872 739 1941 ipsius
792 1873 1026 1943 impulsu
1072 1882 1284 1942 patrata
1336 1872 1582 1940 fuerint,
1641 1873 1694 1926 in
1740 1872 1850 1925 vita

281 1975 467 2020 ucstra
501 1966 783 2030 invenerit,
822 1967 999 2021 tradet
1035 1982 1132 2020 nos
1160 1965 1351 2035 judici,
1384 1981 1688 2036 coarguens
1719 1979 1848 2028 nos,

282 2070 382 2111 nec
416 2070 614 2124 negare
647 2071 744 2111 nos
774 2057 980 2120 sinens,
1011 2068 1068 2110 ut
1104 2057 1195 2126 qui
1224 2057 1380 2111 nobis
1406 2066 1762 2110 revocaturus
1794 2054 1847 2108 in

283 2149 597 2203 memoriam
639 2149 708 2204 sit
742 2146 921 2204 locum
951 2148 1002 2203 in
1046 2166 1152 2219 quo
1187 2158 1465 2220 peccatum
1495 2148 1852 2212 admisimus,

283 2238 425 2307 quod
459 2251 602 2295 esset
628 2239 932 2305 uobiscum,
961 2250 1015 2295 et
1043 2234 1147 2295 una
1177 2239 1457 2295 nobiscum
1486 2238 1688 2293 malum
1720 2253 1853 2294 con-

285 2329 505 2398 ficeret;
545 2328 671 2387 item
725 2333 940 2386 modum
990 2347 1096 2400 quo
1129 2331 1485 2400 deliquimus,
1532 2335 1692 2400 atque
1729 2345 1850 2386 eum

284 2437 393 2493 quo
418 2426 764 2494 peccavimus
787 2422 1061 2479 alfectum.
1083 2424 1269 2493 Itaque
1292 2424 1497 2478 interea
1518 2424 1642 2477 dum
1662 2423 1852 2493 agendi

287 2514 551 2571 habemus
593 2525 912 2585 potestatem
936 2555 950 2577 ,
987 2531 1244 2569 navemus
1270 2530 1515 2583 operam,
1554 2523 1611 2567 ut
1643 2516 1712 2567 ab
1755 2512 1853 2567 ad-

287 2606 531 2661 versario
576 2605 887 2660 liberemur.
923 2605 986 2658 Et
1022 2606 1278 2674 exigentes
1318 2603 1661 2657 dominantur
1689 2601 1852 2656 vobis.

1946 502 2093 571 ἡμᾶς
2125 503 2355 571 σειραῖς,
2387 494 2477 562 αῖς
2501 497 2727 559 ἑαυτοὺς
2755 494 3157 565 κατεδήσαμεν,
3186 489 3297 543 τῶν
3322 487 3521 541 ἐαυτοῦ

1945 589 2226 662 ἁμαρτιῶν
2267 589 2677 659 ἐπισυρόμενος,
2729 581 3045 656 παραδώσει
3095 579 3174 651 τῷ
3229 580 3411 650 κριτῇ.
3459 578 3523 631 ’0

1940 682 1997 735 δέ
2023 680 2234 753 κριτὴς,
2254 673 2299 747 ᾧ
2327 681 2504 733 πᾶσαν
2521 678 2700 748 κρίσιν
2731 676 2928 730 ἔδωκεν
2953 675 2981 726 6
3011 672 3219 744 Πατὴρ,
3251 668 3402 741 παρά
3424 667 3523 722 τοῦ

1942 772 2138 845 ἐχθροῦ
2175 771 2265 825 καί
2292 768 2574 841 ἐκδικητοῦ
2592 767 2945 838 ἐλεγχθέντας
2971 766 3062 818 ἐπὶ
3082 762 3296 824 πολλοῖς
3315 761 3523 829 ἐγκλή-

1947 882 2079 936 μασι
2109 861 2459 935 παραλαϐὼν,
2481 859 2796 931 παραδώσει
2810 857 2888 929 τῷ
2911 853 3272 928 πράκτοριτῷ
3298 852 3525 906 ἐπὶτῶν

1943 955 2216 1009 κολάσεων
2268 951 2619 1022 τεταγμένῳο
2656 950 2716 1013 ὃς
2764 949 2917 1018 βαλεῖ
2961 948 3042 1009 είς
3074 945 3175 1016 τὴν
3225 942 3473 1013 φυλακήν
3505 957 3520 971 ·

1944 1045 2245 1107 τουτέστιν,
2278 1045 2357 1106 είς
2391 1040 2484 1094 τὸν
2516 1040 2678 1093 τόπον
2706 1039 2804 1107 τῆς
2830 1036 3124 1097 κολάσεως,
3152 1032 3219 1085 δι’
3249 1031 3527 1085 ἐπιπόνων

1950 1134 2238 1207 μαστίγων
2266 1131 2510 1186 ἀπαιτῶν
2562 1130 2654 1183 καὶ
2708 1128 3033 1196 ἐκπράσσων
3070 1124 3231 1195 μέχρι
3273 1122 3365 1176 καὶ
3414 1120 3527 1174 τῶν

1952 1226 2297 1298 μικροτάτων
2330 1226 2425 1278 καὶ
2478 1221 2616 1294 μετά
2668 1219 3126 1290 καταφρονήσεως
3179 1216 3308 1286 παρ’
3359 1214 3527 1284 ἡμῶν

1947 1314 2425 1389 ἁμαρτανομένων.
2449 1313 2537 1385 Διό
2564 1309 2919 1382 συμϐουλεύει
2944 1308 2972 1360 ὀ
2993 1306 3216 1378 Κύριος,
3230 1304 3334 1369 ἓως
3354 1305 3527 1375 ἐσμὲν

1947 1408 2004 1461 ἐν
2054 1410 2121 1479 τῇ
2176 1406 2279 1477 ὀδῷ
2333 1403 2470 1475 μετά
2523 1402 2617 1457 τοῦ
2679 1400 2970 1461 ἀντιδίκου,
3027 1398 3208 1451 δοῦναι
3255 1396 3528 1467 ἐργασίαν

1948 1496 2287 1570 ἀπηλλάχθαι
2328 1495 2525 1561 αὐτοῦ,
2570 1493 2815 1547 τουτέστι
2866 1493 3037 1545 ποιεῖν
3082 1489 3151 1542 τὰ
3198 1488 3333 1559 ἔργα
3384 1487 3529 1558 πρὸς

1948 1589 2265 1658 ἀπαλλαγὴν
2282 1586 2377 1640 τοῦ
2409 1585 2624 1656 ἐχθροῦ,
2643 1584 2737 1638 καὶ
2773 1583 2847 1655 μὴ
2880 1581 3169 1652 ἀναμένειν
3197 1580 3327 1632 ποτὲ
3346 1578 3499 1650 ἀχθῶ
3514 1608 3533 1618 ο

1956 1697 2074 1750 μεν,
2109 1680 2268 1733 ὁπότε
2308 1677 2423 1747 (39)
2458 1676 2590 1749 ἔλθῃ
2619 1677 2651 1746 ἡ
2674 1674 2957 1728 τελευταία
2979 1673 3097 1744 ὥρα
3114 1689 3127 1701 “
3157 1673 3213 1724 ἐν
3298 1670 3533 1733 ἐπιστὰς

1952 1775 1980 1826 ὁ
2019 1773 2200 1844 ἄρχων
2252 1768 2659 1841 διερευνήσεται
2714 1768 2899 1837 ἡμᾶς·
2942 1766 3001 1827 ὃς
3058 1764 3154 1817 ἐὰν
3200 1763 3370 1817 πολλά
3415 1762 3532 1814 τῶν

1951 1864 2143 1919 ἑαυτοῦ
2184 1865 2240 1916 ἐν
2273 1862 2350 1934 τῷ
2383 1862 2482 1933 βίῳ
2512 1860 2669 1931 ἡμῶν
2706 1859 2871 1931 εὕρῃ,
2916 1855 3227 1929 παραδώσει
3275 1857 3423 1927 ἡμᾶς
3450 1855 3534 1924 τῷ

1951 1960 2135 2029 κριτῇ,
2165 1956 2401 2026 ἐλέγχων
2421 1954 2591 2026 ἡμᾶς,
2616 1951 2710 2005 καὶ
2734 1951 2832 2021 τὴν
2861 1949 3087 2021 ἄρνησιν
3109 1947 3185 2019 μὴ
3206 1944 3531 2016 συγχωρῶν,

1956 2046 2400 2117 ὑπομιμνήσκων
2464 2044 2613 2115 ήμᾶς
2644 2041 2737 2094 τοῦ
2767 2041 2933 2094 τόπου
2998 2041 3055 2094 ἐν
3144 2032 3187 2106 ᾧ
3237 2034 3535 2106 ἐποιοῦμεν

1951 2137 2049 2209 τὴν
2083 2136 2374 2209 ἁμαρτίαν,
2409 2134 2485 2198 ὡς
2520 2132 2639 2206 μεθ’
2662 2133 2816 2204 ήμῶν
2832 2132 3110 2202 ὑπάρχων,
3131 2130 3224 2183 καὶ
3249 2127 3536 2198 συνεργῶν

1952 2232 2082 2300 ἡμῖν
2113 2229 2174 2282 τὸ
2203 2229 2391 2291 κακὸν,
2417 2226 2511 2280 τοῦ
2541 2225 2784 2298 τρόπουὸ
2819 2224 2927 2297 (40)
2953 2222 3411 2293 ἐπετηδεύσαμεν,
3431 2221 3537 2289 τῆς

1952 2321 2246 2384 διαθέσεως
2273 2320 2390 2392 μεθ’
2423 2312 2491 2391 ἧς
2524 2317 2863 2390 ἡμάρτομεν.
2899 2317 3042 2378 Ἕως
3069 2310 3162 2368 οὖν
3207 2315 3374 2383 ἐσμεν
3426 2312 3536 2365 κύ-
3560 2382 3571 2387 ⁵

1959 2430 2064 2485 ριοι
2100 2411 2194 2466 τοῦ
2253 2406 2602 2484 ἐργάζεσθαι,
2653 2409 2832 2480 δῶμεν
2878 2407 3139 2479 ἐργασίαν
3189 2404 3534 2475 ἀπηλλάχθαι

1953 2507 2048 2561 τοῦ
2071 2502 2366 2561 ἀντιδίκου.
2386 2504 2497 2558 Καὶ
2519 2506 2572 2557 oi
2588 2499 2981 2565 ἀπαιτοῦντες
3010 2498 3396 2566 κυριεύουσιν
3419 2496 3535 2565 (41)

1957 2596 2143 2667 ὑμῶν.
2181 2596 2245 2649 Οἱ
2275 2593 2401 2657 τοὺς
2437 2594 2679 2663 πένητας
2711 2591 2925 2655 πολλοῖς
2966 2589 3271 2659 ὀφλήμασιν
3312 2585 3539 2641 ὑποκει-

287 2694 560 2766 Pauperes
590 2695 760 2751 multo
788 2711 895 2751 tere
930 2695 1106 2750 alieno
1138 2708 1423 2763 oppressos
1454 2695 1509 2748 in
1537 2692 1854 2748 servitutem

1965 2690 2154 2761 μένους
2181 2686 2559 2752 ἀπαιτοῦντες,
2592 2685 2838 2740 ἕλκουσιν
2895 2685 2973 2747 εἰς
3028 2680 3291 2736 δουλείαν.
3351 2678 3538 2733 Καλὸν

290 2787 540 2858 redigunt
571 2784 875 2844 exactores.
922 2787 988 2842 Et
1029 2787 1245 2857 quidem
1287 2800 1466 2856 operae
1503 2786 1735 2855 pretium
1774 2792 1857 2837 est

1965 2782 2058 2853 μὲν
2090 2777 2204 2847 οὖν,
2241 2782 2316 2852 μὴ
2354 2779 2728 2850 ὀφλισκάνειν·
2781 2776 3031 2847 δεύτερον
3066 2770 3145 2837 δὲ,
3167 2772 3254 2825 ·τὺ
3290 2773 3363 2842 μὴ
3398 2772 3541 2824 ἀπο-

290 2877 427 2930 nihil
456 2877 696 2932 debere:
745 2877 1051 2947 proximum
1084 2882 1266 2929 autem
1313 2874 1494 2940 fuerit,
1531 2874 1656 2927 aeris
1696 2870 1856 2926 alieni

1965 2877 2071 2945 ρεῖν
2117 2873 2254 2946 πρὸς
2307 2871 2407 2943 τὴν
2457 2870 2698 2925 διάλυσιν
2733 2867 2827 2921 τοῦ
2853 2867 3182 2936 ὀφλήματος.
3231 2861 3295 2916 Εἰ
3338 2863 3395 2914 δὲ
3433 2862 3537 2931 μὴ,

291 2968 620 3024 dissolvendi
648 2984 752 3022 non
783 2968 970 3023 deesse
996 2965 1304 3022 facultatem
1339 2983 1354 3020 :
1387 2966 1469 3019 sin
1506 2962 1705 3027 minus,
1735 2976 1855 3016 cum

1965 2967 2113 3019 πᾶσα
2142 2964 2378 3033 ἀνάγκη,
2430 2960 2614 3015 δοῦλον
2665 2952 2804 3012 εἶναι
2855 2956 2963 3011 τῶν
3001 2953 3355 3024 ἐπαγομένων
3382 2953 3540 3024 αὐτῷ

292 3062 536 3117 rationes
558 3068 835 3131 repetentu
845 3076 890 3123 r,
912 3074 1124 3115 servum
1145 3073 1264 3114 esse
1286 3071 1506 3112 necesse
1520 3067 1602 3111 est
1616 3056 1853 3109 omnino.

1965 3058 2333 3130 ἀπαιτήσεων.
2358 3053 2543 3109 Ταῦτα
2568 3053 2656 3106 διὰ
2677 3053 2755 3115 τὸ,
2778 3054 2843 3104 Οἱ
2873 3049 3197 3118 πράκτορες
3228 3046 3394 3115 ὑμῶν
3430 3062 3544 3099 και

292 3154 417 3209 Hac
450 3155 591 3209 dicta
635 3153 744 3209 sint
785 3162 1004 3222 propter
1037 3151 1169 3206 illud
1200 3165 1215 3204 :
1249 3149 1541 3204 Exactorex
1578 3149 1737 3202 vestri
1767 3148 1857 3200 de-

291 3257 488 3302 metunt
522 3262 630 3312 vos,
658 3254 705 3298 et
737 3245 995 3314 exigentes
1019 3243 1362 3296 dominantur
1385 3239 1549 3296 vobis.

363 3337 486 3393 118.
526 3336 727 3406 Popule
758 3351 921 3400 meus,
960 3334 1049 3403 qui
1080 3334 1256 3387 beatos
1285 3349 1375 3387 vos
1405 3330 1729 3402 prtcdicant,
1764 3331 1858 3384 de-

293 3426 489 3498 cipiunt
523 3443 610 3481 vos
635 3466 650 3492 ,
692 3436 741 3480 et
787 3426 1030 3479 semitam
1063 3425 1253 3492 pedum
1290 3432 1581 3478 vestrorum
1627 3425 1857 3477 turbant.

294 3516 395 3587 Qui
425 3516 857 3572 adolescentibus
883 3514 1267 3583 subjiciuntur,
1307 3522 1363 3568 et
1391 3513 1692 3569 derisorum
1729 3515 1860 3566 sub-

294 3614 494 3665 duntur
569 3609 845 3672 dominio,
909 3609 1001 3675 qui
1052 3608 1226 3663 instar
1283 3604 1861 3676 spicilegiidemetun-

297 3712 384 3756 tur
411 3701 479 3756 ab
517 3701 895 3764 exactoribus,
926 3709 981 3754 et
1028 3700 1355 3754 addicuntur
1398 3695 1683 3759 servituti,
1721 3692 1862 3762 quod

296 3808 403 3847 non
424 3792 626 3847 habent
654 3792 795 3846 unde
817 3791 1050 3853 solvant,
1083 3789 1344 3859 atque-ob
1372 3787 1592 3842 nimiam
1623 3784 1863 3856 inopiam

295 3879 528 3934 amisere
565 3877 892 3941 libertatem,
936 3877 970 3929 ii
1006 3876 1250 3945 profecto
1299 3872 1576 3944 digniores
1618 3883 1745 3927 sunt
1774 3873 1863 3943 qui

296 3978 675 4025 commoveant
711 3967 1146 4032 miserationem,
1186 3980 1349 4035 quam
1384 3971 1443 4017 ut
1484 3962 1625 4018 beati
1670 3964 1864 4032 praedi-

297 4071 511 4118 centur.
542 4059 646 4126 Qui
675 4060 837 4130 igitur
864 4059 997 4112 tales
1029 4057 1215 4112 beatos
1256 4055 1538 4125 praedicat,
1570 4054 1867 4111 adulatoris

298 4164 481 4225 partes
505 4154 614 4223 agit
639 4169 654 4217 ;
683 4161 881 4222 praeter
907 4150 1160 4206 decorum
1190 4149 1255 4203 ad
1282 4146 1606 4217 captandam
1636 4147 1867 4215 gratiam

299 4250 524 4318 loquens
549 4286 564 4311 ,
595 4261 690 4301 eos
721 4244 922 4313 decipit
943 4285 957 4305 .
991 4257 1092 4298 nec
1123 4241 1467 4297 mediocriter
1517 4249 1673 4293 nocet
1698 4276 1714 4303 ,
1747 4253 1868 4292 cum

299 4352 517 4394 sensum
549 4344 893 4405 peccatorum
917 4333 1154 4395 adimat;
1179 4337 1363 4399 atque,
1390 4331 1515 4381 dum
1543 4327 1614 4382 ob
1639 4325 1872 4381 beatitu-

1962 3147 2265 3218 λοιμῶν-ται
2293 3142 2468 3215 ὑμᾶς,
2493 3143 2589 3197 καὶ
2621 3145 2673 3196 oi
2692 3139 3083 3203 ἀπαιτοῦντες
3100 3136 3210 3199 (42)
3227 3135 3542 3203 κυριεύου-

1959 3255 2064 3294 σιν
2093 3237 2277 3308 ὑμῶν.

2032 3331 2155 3384 118.
2187 3330 2345 3393 Λαός
2362 3345 2505 3397 μου,
2539 3329 2592 3380 οἱ
2619 3320 3044 3394 μακαρίζοντες
3086 3316 3265 3387 ὑμᾶς,
3305 3313 3543 3369 πλανῶ-

1960 3435 2064 3476 σιν
2082 3418 2260 3491 ὑμᾶς,
2282 3419 2381 3473 καὶ
2407 3419 2523 3486 τὴν
2549 3416 2752 3484 τρίϐον
2773 3412 2891 3466 τῶν
2904 3407 3105 3462 ποδῶν
3131 3405 3298 3476 ὑμῶν
3326 3404 3543 3472 ταράσ-

1960 3527 2200 3567 σουσιν.
2244 3511 2308 3563 Ol
2339 3508 2445 3562 ὑπὸ
2489 3506 2785 3561 νεανίσκων
2831 3501 3142 3573 ἀρχόμενοι,
3182 3499 3276 3552 καὶ
3301 3498 3405 3550 ὑπὸ
3434 3498 3541 3565 ἐμ-

1964 3602 2212 3659 παικτῶν
2244 3599 2648 3672 κυριευόμενοι,
2698 3596 2747 3648 οἱ
2783 3593 2887 3647 ὑπὸ
2928 3592 3035 3644 τῶν
3067 3588 3391 3660 πρακτόρων
3440 3604 3546 3638 κα·-

1961 3694 2297 3767 λαμώμενοι,
2341 3690 2435 3746 καὶ
2474 3687 2564 3742 διὰ
2606 3687 2668 3741 τὸ
2712 3687 2940 3757 ἀπορεῖν
2981 3683 3117 3754 πρὸς
3150 3680 3249 3750 τὴν
3294 3678 3543 3730 διάλυσιν

1964 3787 2045 3848 είς
2086 3781 2328 3837 δουλείαν
2362 3779 2646 3850 ἀγόμενοι,
2691 3776 2788 3829 καὶ
2819 3775 2917 3846 τὴν
2962 3771 3276 3841 ἐλευθερίαν
3313 3768 3419 3820 ὑπὸ
3440 3768 3545 3836 τῆς

1966 3878 2104 3945 ἄγαν
2157 3873 2346 3936 πενίας
2397 3867 2840 3932 ἀπολωλεκότες,
2895 3862 2992 3917 τοῦ
3047 3862 3314 3915 ἐλεεῖσθαι
3374 3858 3547 3923 ἀξίως

1967 3968 2277 4041 πράσσουσι
2316 3963 2514 4036 μᾶλλον
2549 3959 2582 4032 ἧ
2621 3959 2716 4013 τοῦ
2747 3955 3168 4029 μακαρίζεσθαι.
3221 3954 3278 4007 '0
3307 3948 3400 4005 οὖν
3435 3969 3547 4021 μα-

1968 4060 2207 4131 καρίζων
2252 4058 2377 4121 τοὺς
2422 4052 2713 4114 τοιούτους,
2752 4048 2982 4109 κόλακος
3024 4045 3192 4099 ποιῶν
3225 4043 3404 4114 ἔργον,
3446 4059 3551 4096 κα-

1968 4149 2395 4223 ταχαριζόμενος
2441 4141 2593 4214 παρὰ
2633 4141 2693 4194 τὸ
2735 4139 3032 4210 προσῆκον,
3074 4136 3251 4205 πλανᾷ
3293 4133 3551 4205 βλάπτων

1970 4245 2033 4298 οὐ
2063 4242 2278 4314 μέτρια,
2305 4237 2405 4308 τὴν
2440 4234 2533 4288 ἐπί
2553 4233 2665 4295 τοῖς
2695 4230 3084 4302 ἁμαρτήμασιν
3115 4225 3365 4297 αἴσθησιν
3390 4224 3553 4293 ἀφαι-

1976 4333 2269 4407 ρούμενος·
2322 4326 2430 4380 τῶν
2478 4324 2537 4378 δὲ
2589 4319 2967 4393 ἀπατωμένων
3004 4320 3096 4371 ἐπὶ
3137 4316 3216 4386 τῷ
3266 4315 3416 4385 παρὰ
3448 4315 3550 4385 τὴν

300 4427 478 4480 dinem
528 4404 802 4479 immerito
869 4422 1186 4475 attributam
1253 4418 1615 4488 decipiuntur,
1672 4416 1857 4470 semita

1973 4404 2133 4489 ἀξίαν
2166 4413 2505 4490 μακαρισμῷ
2536 4412 2629 4466 καὶ
2675 4412 2708 4481 ἡ
2762 4409 2946 4480 τρίϐος
2990 4406 3103 4460 τῶν
3130 4404 3306 4458 ποδῶν
3351 4420 3552 4457 συντα-

299 4517 496 4586 pedum
538 4530 723 4571 eorum
753 4513 1128 4568 conturbatur.
1159 4510 1503 4580 Quapropter
1530 4508 1857 4563 calamitates

1976 4515 2259 4583 ρὰσσεται.
2295 4508 2440 4561 Διότι
2470 4506 2526 4559 αἱ
2556 4504 2653 4575 μὲν
2677 4501 2884 4571 θλίψεις
2926 4501 3019 4552 ἐπὶ
3059 4497 3384 4551 ταπείνωσιν
3408 4513 3548 4567 προ-

299 4584 518 4676 quidem
560 4615 861 4676 provocant
903 4604 969 4658 ad
1002 4602 1363 4657 humilitatem
1384 4640 1399 4665 ,
1433 4599 1711 4654 beatitatis
1741 4613 1857 4652 vero

1970 4597 2254 4651 καλοῦνται
2275 4613 2288 4625 ·
2320 4597 2349 4647 6
2368 4594 2423 4646 δέ
2454 4590 2797 4663 μακαρισμὸς
2822 4587 3083 4657 φυσίωσιν
3119 4587 3354 4654 ἐμποιεῖ.
3392 4584 3549 4638 Καθ-

301 4672 688 4770 felicitatisque
736 4698 1048 4769 praedicatio
1097 4705 1357 4751 tumorem
1413 4693 1554 4764 parit
1597 4701 1654 4747 et
1706 4690 1857 4763 46]

1969 4692 2090 4745 όλου
2153 4688 2210 4741 δέ
2258 4685 2431 4747 εἶπεν,
2479 4685 2658 4748 Λαός·
2706 4680 2902 4752 δηλῶν,
2934 4679 3018 4730 ὅτι
3051 4672 3350 4759 οὖχὶθοῦτος
3389 4676 3551 4745 μόνον

303 4765 638 4861 superbiant.
686 4765 831 4843 Dixit
858 4798 1039 4843 autem
1070 4786 1365 4856 generatim
1389 4825 1405 4851 ,
1447 4784 1666 4852 Popuie.
1699 4782 1857 4836 Nimi-

1977 4779 2247 4843 ταπεινῶς
2281 4776 2619 4846 διακείμενος
2653 4772 2785 4844 (45),
2824 4770 2899 4835 ὡς
2937 4771 2994 4821 ἐν
3018 4771 3131 4832 τοῖς
3158 4765 3554 4839 ἀπηριθμημέ-

375 4905 421 4937 ¹³
442 4903 599 4958 Joan.
624 4918 678 4968 v,
699 4902 792 4957 22.
896 4901 940 4935 ⁸³
964 4901 1094 4956 Luc.
1122 4914 1222 4964 χιι,
1243 4898 1311 4954 58

304 5010 354 5051 et
387 4996 705 5052 Theodorus
748 4992 908 5058 Bcza,
946 5004 1001 5047 ut
1040 5004 1219 5048 monet
1270 4991 1517 5052 Ducmus,
1551 4990 1622 5042 ita
1656 5002 1872 5058 quoque

305 5070 359 5121 in
399 5066 611 5121 duobus
659 5066 1058 5135 exemplaribus
1093 5064 1318 5132 legerat,
1364 5063 1464 5131 οὐχ
1491 5061 1734 5131 εὑρήσει,
1771 5064 1873 5112 non

304 5139 545 5190 inveniet.

379 5206 491 5275 (39)
533 5205 675 5259 Editi
717 5213 772 5260 et
806 5205 1044 5275 quinque
1090 5217 1249 5265 mss.,
1286 5200 1438 5254 πότε.
1486 5199 1554 5252 At
1598 5199 1729 5268 Reg.
1770 5208 1878 5251 ter-

308 5278 433 5345 tius,
463 5278 646 5329 ὁπότε.

380 5344 493 5415 (ιο)
523 5345 750 5415 Ειίὶιίίει
783 5355 891 5397 tres
920 5359 1072 5407 mss,
1121 5342 1322 5412 τρόπου
1364 5342 1393 5394 ὅ
1416 5381 1432 5405 ,
1459 5349 1524 5415 ct
1557 5339 1629 5393 ita
1668 5349 1883 5406 quoque

310 5410 566 5469 scribitur
592 5413 807 5467 inColb.
828 5416 1088 5476 secundo,
1105 5410 1271 5482 prima
1290 5425 1466 5464 manu.
1489 5410 1620 5477 Reg.
1635 5420 1878 5482 quartus,

311 5486 397 5537 cui
455 5484 598 5537 lavet
639 5484 790 5537 Colb.
843 5476 1134 5545 secundus,
1158 5482 1391 5537 secuuda
1423 5476 1603 5547 _manu
1629 5476 1884 5547 ,τρόπος

311 5554 391 5605 ὅν.
424 5552 571 5607 Alter
601 5552 907 5606 Combelisii
952 5542 1142 5615 codex,
1182 5552 1382 5621 τρόπος
1414 5542 1481 5617 ᾧ.
1522 5548 1639 5601 Mox
1674 5542 1815 5621 editi
1832 5554 1886 5597 et

316 5622 445 5690 Reg.
476 5624 699 5690 primus,
720 5623 1124 5693 ἡμαρτάνομεν.
1152 5615 1255 5676 Alii
1278 5615 1510 5691 quinque
1534 5634 1688 5682 mss.,
1707 5615 1887 5686 ήμάρο

310 5709 496 5748 τοαεν.

2052 4982 2163 5054 (41)
2195 4979 2332 5054 [ξοδ.
2354 4970 2980 5054 ρι’ῑιηυεκκυριεόσουυσι.

2055 5033 2165 5122 ξόὲᾖ
2196 5033 2739 5122 Εόῖιίξάπαιτοῐξντὲς
2766 5035 3099 5122 υμᾶς.ηγρκ
3148 5034 3331 5122 ultima
3344 5033 3552 5122 irino:

1982 5104 2117 5178 stris
2144 5104 2239 5174 sex
2281 5104 2410 5171 mss.
2449 5130 2555 5169 non
2602 5104 2889 5167 invenitur.
2937 5108 3136 5163 Ibidem
3180 5104 3313 5171 Reg.
3341 5104 3563 5173 primus

1987 5206 2190 5252 rursus,
2222 5185 2619 5257 κυριεύσουσιν.
2847 5249 2860 5257 ⁸
2891 5248 2903 5257 _
3130 5244 3142 5256 .
3340 5241 3352 5252 .

2022 5240 2656 5330 ridiYSic'emendatum
2689 5249 2860 5318 reperi
2891 5248 2942 5330 in
2976 5244 3218 5328 margine
3249 5240 3548 5330 mei‘lifbri-z

1984 5317 2096 5396 sed,
2126 5317 2184 5381 ut
2217 5341 2405 5380 verum
2454 5324 2644 5396 fatear,
2665 5389 2681 5396 _
2702 5317 2816 5396 non
2846 5317 3023 5396 notavi
3047 5331 3176 5395 _qua
3231 5317 3556 5365 auctoritate

1983 5383 2155 5470 quove
2194 5394 2505 5470 testimonio
2558 5393 2606 5445 id
2659 5389 2896 5465 fecerim.
2933 5383 3059 5470 Mih'i
3098 5395 3274 5437 tamen
3314 5391 3401 5470 estl
3429 5394 3554 5470 pler-

1985 5451 2379 5527 suasissirrtuni,
2423 5476 2507 5515 me
2542 5476 2646 5514 non
2680 5456 2983 5521 coniectura
3019 5451 3403 5527 ductnm,__sed
3450 5451 3554 5503 [ide

1986 5519 2226 5607 alicuius
2251 5519 2453 5587 codicis
2495 5531 2757 5607 innisum,
2786 5519 2876 5579 Vita
2916 5524 3230 5607 castigasse.
3270 5519 3551 5607 {inﬁnitam

2306 5618 2443 5654 nunc
2476 5587 2783 5664 ascribunt,
2837 5611 2954 5664 quze
2998 5587 3110 5646 Ιιειῖε
3140 5603 3222 5664 est
3250 5608 3262 5644 :
3302 5587 3553 5664 Καθόλου

1989 5657 2291 5736 δήένκ-αῖτπᾶς
2320 5673 2346 5725 ὀ
2375 5670 2522 5733 λαὸς,
2554 5669 2672 5738 οὺχ).
2697 5657 2867 5729 οὗτος
2878 5664 3037 5735 μόνον
3065 5665 3092 5715 ὀ
3120 5659 3261 5713 οὕτω
3286 5657 3561 5717 ταπεινῶς
