3828 6216
249 328 363 385 309

1137 338 1496 398 COMMENT.
1537 344 1605 400 IN
1643 346 1881 405 lSAlAM
1918 349 2356 411 PROPHETAM.
2397 355 2548 412 CAP.
2591 358 2680 416 lll.

3390 373 3495 425 3H)

251 462 368 510 νοις
404 441 543 501 εἶναι
577 450 909 521 παθήμασιν·
944 454 1078 508 ἀλλὰ
1101 460 1207 522 πᾶς
1244 457 1335 513 οὗν
1366 463 1394 513 6
1420 462 1645 516 καθόλου
1676 464 1823 532 λαὸς,

1929 486 2048 525 rum
2089 474 2324 528 ostendit
2352 490 2455 529 non
2502 477 2659 532 modo
2705 493 2825 533 eum
2867 471 3118 550 poplitum
3151 484 3241 553 qui
3279 485 3350 539 ita
3399 488 3492 542 de-

250 536 337 607 τῷ
360 536 630 610 ἄθροισμα
664 538 801 596 εἶναι
831 544 1132 616 ἀνθρώπων
1163 552 1226 603 ἐκ
1255 551 1528 624 διαφόρων
1551 556 1829 626 ἐπιτηδευο

256 630 448 700 μάτων
474 634 567 685 καὶ
595 634 821 705 ἡλικιῶν
850 638 943 690 καὶ
971 639 1100 708 βίων
1141 643 1568 715 συνειλεγμένος,
1613 651 1701 717 ὑφ’
1730 650 1827 706 ἕνα

255 722 480 775 πίπτειν
529 728 876 798 μακαρισμὸν
925 731 1202 802 ὁμοτίμως
1245 736 1306 788 οὐ
1354 736 1594 793 δύναται.
1636 740 1826 795 Ἀλλαι

256 814 365 886 γὰρ
417 818 591 882 ἄλλως
644 821 755 889 (44)
805 821 934 876 ἴδιαι
990 825 1216 881 ἕκαστον
1252 831 1527 902 συμφοραὶ
1561 834 1828 906 κατατρύ-

253 925 447 988 χορσι·
476 912 569 963 τὸν
614 914 712 982 μὲν
756 912 823 967 τὰ
861 915 955 969 τοῦ
994 919 1180 988 γήρως
1219 921 1484 975 ἐπίπονα·
1530 924 1623 978 τὸν
1656 925 1713 978 δὲ
1757 926 1828 980 τὰ

376 978 787 1066 δουλείας-κακά
805 1023 817 1036 ·
840 978 1182 1062 ἄλλον-πενία
1202 1027 1214 1039 ·
1244 1011 1459 1081 ἐτέρους
1480 1014 1692 1069 οἰκείων
1714 978 1823 1086 (45⁵

254 1090 497 1164 ἀποϐολή
520 1111 534 1124 ·
566 1095 757 1159 ἄλλους
792 1097 954 1151 νόσοι.
983 1099 1105 1163 [Ιῶς
1131 1096 1223 1154 οὖν
1248 1102 1347 1156 οὐκ
1380 1105 1657 1177 ἀπατηλός
1678 1109 1826 1162 ἐστιν

252 1182 287 1234 6
320 1187 665 1256 μακαρισμὸς
684 1189 714 1241 6
740 1188 854 1260 λαῷ
882 1192 1044 1244 παντὶ
1079 1195 1515 1266 προσαγόμενος;
1553 1198 1610 1251 '0
1640 1202 1826 1270 μέντοι

254 1273 481 1345 Κύριος,
513 1280 559 1329 εἰ
584 1280 675 1331 καὶ
699 1279 901 1350 πλῆθος
930 1283 1181 1353 ἐμφαίνει
1209 1284 1297 1338 διὰ
1322 1286 1414 1339 τοῦ
1450 1291 1820 1362 μακαρισμοῦ·

254 1365 548 1435 Μακάριοι
581 1372 634 1422 οἱ
660 1372 879 1439 πτωχοὶ
912 1372 991 1438 τῷ
1019 1378 1309 1446 πνεύματι
1330 1397 1342 1409 ο
1381 1380 1496 1442 καὶ,
1533 1383 1826 1450 Μακάριοι

253 1461 310 1510 οἱ
339 1459 659 1526 πεινῶντες
679 1480 692 1492 ο
728 1465 844 1526 καὶ,
887 1467 1173 1537 Μακάριοι
1202 1474 1257 1524 οὶ
1305 1474 1620 1541 κλαίοντες
1643 1493 1654 1504 ·
1690 1476 1824 1531 ἀλλὰ

253 1549 335 1620 τῷ
383 1551 496 1621 (46)
547 1553 682 1623 πρὸς
734 1557 1008 1628 παρόντας
1048 1561 1428 1618 ἀποτείνεσθαι
1476 1565 1712 1622 δείκνυσι
1765 1570 1826 1624 τὸ

254 1642 623 1715 εὐαρίθμητον
679 1647 786 1702 τῶν
843 1653 1319 1724 μακαριζομένων.
1355 1657 1522 1729 Δῆλον
1559 1658 1702 1732 γὰρ,
1743 1662 1825 1715 ὅτι

254 1735 385 1805 περὶ
406 1735 515 1787 τῶν
548 1738 805 1810 μαθητῶν
822 1743 1053 1796 ἐποιεῖτο
1075 1745 1166 1798 τὸν
1186 1749 1364 1815 Λόγον,
1383 1749 1491 1803 τῶν
1506 1751 1821 1824 δεδιδαγμέ-

252 1843 360 1880 νων
386 1827 487 1899 τὴν
526 1830 812 1902 ἐπαινετὴν
858 1838 1377 1910 ταπεινοφροσύνην,
1413 1843 1677 1897 καὶκατὰ
1723 1846 1822 1918 τὴν
1856 1818 1896 1871 Β

254 1918 393 1988 πρὸς
422 1920 584 1974 αὑτὸν
610 1922 946 1993 ἐξομοίωσιν,
990 1928 1078 1981 τὸν
1112 1929 1177 1983 δι’
1220 1933 1366 2002 ἡμᾶς
1411 1936 1820 2006 πτωχεύσαντα,

250 2008 354 2080 τὴν
389 2011 446 2063 ἐν
477 2010 553 2082 τῷ
600 2014 906 2085 φρονήματι
959 2022 1229 2091 πτωχείαν
1282 2024 1668 2096 ἀνειληφότων.
1726 2031 1824 2083 Διὰ

251 2102 413 2156 τοῦτό
448 2121 630 2174 φησιν,
674 2106 754 2161 ὃτι
801 2108 1079 2179 Ὑμετὲρα
1106 2113 1277 2189 ἐστὶν
1304 2116 1342 2183 ἡ
1366 2118 1655 2180 βασιλεία
1705 2120 1825 2174 τῶν

251 2195 547 2262 οὐρανῶνο
578 2198 672 2250 καὶ
686 2198 768 2264 τὸ,
816 2200 1103 2270 Μακάριοι
1131 2208 1184 2258 οἱ
1220 2205 1537 2274 πεινῶντες
1558 2209 1693 2275 νῦν,
1735 2209 1824 2264 ὅτι

250 2285 421 2340 αὐτοὶ
483 2291 1022 2358 χορτασθήσονται.
1056 2296 1119 2348 Ei
1152 2295 1209 2348 δὲ
1257 2296 1414 2368 στενὴ
1464 2300 1496 2370 ἡ
1539 2299 1676 2364 ὁδὸς,
1731 2302 1824 2356 καὶ

247 2374 424 2443 ὀλίγοι
456 2379 505 2430 οἱ
541 2379 888 2451 εὑρίσκοντες
939 2383 1127 2455 αὐτὴν,
1183 2385 1286 2439 ποῦ
1333 2386 1553 2442 δυνατὸν
1598 2392 1824 2458 πολλοὺς

249 2462 394 2520 εἶναι
441 2469 567 2532 τοὺς
603 2471 1110 2543 μακαριζομένους;
1141 2476 1302 2529 Ὥστε
1354 2478 1571 2544 πάντως
1620 2483 1648 2533 6
1698 2482 1824 2537 λαὸν

248 2558 374 2611 ὅλον
399 2558 737 2631 μακαρίζων,
769 2563 947 2635 πλανᾷ
973 2565 1067 2618 καὶ
1098 2569 1360 2638 ταράσσει
1398 2571 1583 2637 αὐτὸν,
1614 2573 1688 2645 μὴ
1718 2574 1825 2628 ἐῶν

246 2651 459 2705 ὁδεύειν
480 2655 790 2726 εἰρηνικῶς.
821 2658 977 2711 Ἔστι
1011 2659 1068 2713 δὲ
1101 2661 1278 2730 ῥᾴδιον
1321 2662 1521 2718 ἁλῶναι
1553 2666 1632 2737 τῷ
1663 2667 1822 2722 πάθει

245 2747 362 2800 τῶν
408 2748 643 2803 ἐπαίνων
689 2750 813 2814 τοὺς
845 2751 920 2823 μὴ
975 2754 1358 2826 προσέχοντας,
1409 2757 1511 2811 ὑπὸ
1541 2760 1824 2828 φιλαυτίας

244 2837 486 2891 ἑκάστου
517 2838 715 2910 ῥαδίως
749 2844 867 2905 ταῖς
889 2844 954 2894 ἐκ
978 2843 1086 2895 τῶν
1118 2845 1415 2900 κολακειῶν
1446 2850 1687 2913 ἀπάταις
1728 2853 1824 2904 ὑπ-

245 2930 552 3000 αγομένουο
574 2931 764 3002 ἀνδρὸς
788 2932 845 2985 δὲ
872 2932 1053 3005 ὠφελη
1064 2935 1226 3005 μένου
1247 2938 1384 3011 (47),
1406 2942 1545 3011 μήτε
1576 2946 1697 3007 ταῖς
1722 2962 1822 2999 κα-

246 3022 540 3094 ηγορίαις
563 3024 724 3077 τινῶν
747 3026 1116 3081 ὑποπίπτοντα
1129 3031 1534 3099 ταπεινοῦσθαι,
1568 3036 1705 3107 μηδὲ
1730 3054 1823 3089 συ-

1928 578 2147 647 pressus
2168 572 2268 621 'est
2299 577 2358 621 ut
2386 567 2439 621 in
2475 568 2630 624 malis
2655 575 2986 629 enumeratis
3016 587 3280 648 versetur,
3308 579 3402 633 sed
3437 581 3490 634 in

1927 642 2236 711 universum
2274 663 2520 728 quemvis
2547 662 2830 731 populum,
2871 642 3061 734 utpote
3093 669 3183 737 qui
3215 668 3288 723 sil.
3320 681 3493 725 cintus

1928 748 2246 816 hominum,
2281 766 2347 805 ex
2390 751 2619 807 diversis
2665 754 2858 809 studiis
2889 758 3247 831 mtatibusque
3286 770 3342 816 et
3369 763 3493 817 vita:

1927 836 2194 892 institutis
2239 839 2519 906 collectus,
2551 859 2713 897 unum
2743 853 2797 898 et
2829 845 2970 900 idem
3020 847 3296 905 beatitatis
3323 866 3493 922 genus

1925 944 1987 983 ex
2015 944 2173 999 mquo
2203 931 2419 1000 assequi
2466 948 2569 987 non
2604 950 2778 1004 posse.
2821 936 2954 993 Alia:
2998 939 3142 994 enim
3172 942 3279 996 alio
3311 942 3491 1008 modo,
3535 936 3543 943 ’

1925 1032 1978 1076 et
2008 1038 2117 1077 sua:
2155 1038 2421 1094 quemque
2461 1027 2802 1084 calamitates
2842 1030 3132 1097 divexant;
3184 1035 3325 1089 hunc
3374 1037 3494 1104 qui-

1925 1116 2043 1171 dem
2075 1127 2309 1173 senectae
2354 1119 2713 1187 incommoda,
2759 1122 2901 1177 hunc
2932 1139 3058 1179 vero
3088 1126 3363 1181 servitutis
3391 1128 3494 1181 mi.-

1923 1209 2080 1263 seria:
2124 1227 2136 1262 :
2192 1211 2355 1263 alium
2405 1226 2736 1282 paupertas,
2784 1226 3011 1271 caeteros
3062 1220 3491 1273 necessariorum

1924 1299 2162 1361 amissio,
2196 1300 2330 1355 alios
2362 1303 2532 1356 morbi
2566 1303 2824 1375 alIligunt.
2867 1305 3147 1373 Quomodo
3178 1310 3342 1378 igitur
3366 1314 3496 1367 bea—

1926 1390 2094 1444 titatis
2119 1391 2429 1459 praedicatio
2458 1395 2654 1463 p0pulo
2686 1397 2830 1451 omni
2868 1398 3148 1467 attributa,
3180 1399 3356 1456 fucata
3386 1418 3492 1457 non

1923 1493 2006 1539 est
2047 1492 2101 1538 et
2124 1484 2405 1552 captiosa?
2436 1485 2692 1541 Dominus
2730 1497 2911 1544 autem
2943 1491 3157 1545 etiamsi
3195 1492 3494 1547 multitudi-

1930 1588 2051 1628 nem
2084 1572 2325 1628 declarat
2363 1574 2414 1628 in
2458 1575 2884 1633 beatitudinibus
2921 1580 3304 1650 designandis,
3337 1580 3493 1636 Beati

1920 1680 2171 1733 pauperes
2198 1663 2386 1732 spiritu
2401 1664 2472 1729 ",
2494 1674 2569 1728 et,
2595 1663 2751 1720 Beati
2782 1668 2871 1736 qui
2904 1669 3137 1722 esuriant
3162 1670 3230 1734 '“,
3249 1679 3323 1733 et,
3344 1670 3495 1725 Beati

1921 1757 2011 1827 qui
2064 1756 2239 1827 lugent
2273 1758 2354 1822 "’,
2404 1766 2579 1812 tamen
2629 1774 2694 1814 eo
2743 1760 2884 1829 quod
2927 1776 3020 1815 eos
3063 1761 3151 1830 qui
3200 1772 3496 1831 praesentes

1926 1849 2151 1903 aderant
2195 1849 2583 1918 alloqueretur,
2641 1850 2871 1919 eos'qui
2919 1851 3063 1906 beati
3105 1854 3492 1922 przedicantur,

1925 1938 2079 1993 facile
2108 1942 2382 1996 numerari
2414 1956 2572 2011 posse
2598 1941 2773 1997 docet.
2805 1940 3028 1996 Planum
3060 1953 3143 1998 est
3172 1945 3341 2009 enim,
3369 1960 3511 1999 eum-

1924 2033 1991 2086 de
2023 2031 2302 2100 discipulis
2342 2048 2650 2088 sermonem
2699 2032 2991 2100 habuisse,
3039 2034 3131 2104 qui
3166 2034 3492 2090 laudabilem

1924 2123 2102 2177 edocti
2134 2122 2347 2179 fuerant
2375 2125 2756 2189 humilitatem,
2786 2135 2947 2195 atque
2981 2126 3047 2179 ad
3079 2125 3491 2181 similitudinem

1926 2220 2041 2289 ejus
2076 2220 2165 2288 qui
2204 2228 2423 2289 propter
2464 2235 2561 2274 nos
2597 2234 2798 2291 egenus
2835 2220 3007 2275 laetus
3047 2231 3129 2275 est
3150 2221 3215 2287 ’⁸,
3255 2235 3493 2290 pauper-

1930 2320 2087 2366 tatem
2139 2312 2364 2381 spiritus
2418 2322 2575 2367 erant
2630 2312 2886 2381 amplexi.
2938 2313 3300 2379 Quamobrem
3357 2313 3490 2365 ait:

1934 2401 2175 2457 Vestrum
2204 2414 2279 2458 est
2311 2420 2526 2474 regnum
2575 2406 2822 2459 caelorum
2846 2406 2890 2438 '°
2917 2424 2931 2469 ;
2965 2416 3020 2460 et
3047 2406 3198 2467 illud.
3228 2404 3382 2460 Beati
3403 2407 3493 2475 qui

1922 2490 2065 2549 nunc
2110 2496 2393 2562 esuriant,
2425 2498 2551 2560 quia
2593 2499 2690 2565 ipsi
2737 2498 3121 2552 saturabuutur
3154 2497 3220 2552 ³⁰.
3261 2497 3412 2564 Quod
3447 2498 3493 2551 si

1924 2594 2150 2653 angusta
2181 2594 2265 2640 est
2289 2585 2398 2649 via,
2429 2598 2481 2640 et
2516 2589 2669 2657 pauci
2696 2600 2824 2643 sunt
2846 2590 2937 2657 qui
2970 2589 3253 2642 inveniant
3280 2602 3398 2642 eam
3424 2588 3492 2650 ³⁸,

1924 2677 2017 2747 qui
2049 2677 2163 2733 ﬁeri
2187 2688 2365 2748 potest
2393 2687 2450 2732 ut
2479 2680 2629 2735 multi
2661 2680 2771 2735 sint
2799 2681 2889 2750 qui
2915 2681 3279 2750 praedicentur
3302 2679 3447 2735 beati
3469 2680 3495 2734 ἲ

1928 2771 2112 2841 Itaque
2145 2773 2394 2842 quisquis
2426 2788 2641 2828 omnem
2676 2774 2898 2828 omnino
2933 2774 3185 2843 populum
3232 2773 3494 2844 praedicat

1924 2864 2164 2929 beatum,
2220 2865 2430 2920 seducit
2492 2866 2664 2935 ipsum
2718 2875 2772 2920 et
2816 2865 3141 2929 conturbat,
3201 2880 3301 2920 nec
3345 2864 3492 2919 illum

1929 2956 2216 3025 tranquille
2263 2956 2512 3011 incedere
2554 2957 2702 3011 sinit.
2739 2955 2920 3010 Facile
2961 2968 3138 3011 autent
3174 2966 3258 3011 est
3292 2955 3359 3012 iis
3398 2957 3493 3026 qui

1926 3048 2147 3103 minime
2177 3057 2304 3103 sunt
2329 3047 2518 3103 attenti
2552 3047 2769 3102 laudum
2799 3045 2995 3103 all'ectu
3029 3064 3094 3102 ac
3125 3049 3304 3103 studio
3334 3048 3493 3118 capi,

244 3114 437 3168 στέλλε
453 3116 564 3170 ςθαι
600 3118 749 3189 παρὰ
796 3119 972 3185 τοῦτο,
1011 3122 1148 3191 μήτε
1200 3122 1587 3185 ὑπὸ,ὲπαίνων
1631 3127 1824 3200 ἀγνοίᾳ

1928 3154 2048 3193 cum
2098 3139 2469 3209 unusquisque
2508 3140 2935 3193 assentationum
2976 3139 3205 3195 fallaciis
3245 3156 3354 3208 prae
3401 3143 3487 3196 sui

238 3206 357 3261 τῶν
395 3208 516 3261 καθ’
550 3211 741 3264 ἑαυτὸν
762 3211 1072 3278 ὲξοιδαίνειν
1104 3215 1300 3286 ῥᾳδίως
1343 3218 1436 3270 καὶ
1477 3219 1819 3288 φυσιοῦσθαι.

256 3301 416 3353 Ἐπεὶ
460 3300 516 3355 δὲ
547 3302 732 3373 τρίϐος
764 3304 910 3358 ἐστὶν
943 3307 975 3376 ή
1006 3311 1451 3382 προτετριμμένη
1479 3313 1574 3366 καὶ
1599 3312 1815 3368 διωδευ-

244 3391 388 3462 μένη
422 3389 533 3461 (48)
566 3393 668 3446 ὑπὸ
699 3393 808 3448 τῶν
849 3397 1231 3468 προλαϐόντων
1266 3402 1405 3466 ὁδὸς,
1436 3405 1464 3456 ὁ
1494 3405 1569 3476 μὴ
1604 3404 1709 3459 ἐῶν
1738 3408 1820 3471 είς

240 3481 500 3553 αἴσθησιν
546 3483 719 3539 ἐλθεῖν
762 3486 1011 3561 λυπηρὰν
1053 3492 1181 3555 τοὺς
1220 3492 1685 3567 ἀπολειπομένους
1722 3498 1816 3553 τοῦ

243 3572 413 3645 ζήλου
442 3573 551 3627 τῶν
586 3579 965 3648 προαγόντων,
1015 3581 1130 3636 ἀλλ’
1167 3583 1242 3649 ὡς
1277 3587 1677 3658 κατορθοῦντας
1711 3608 1817 3662 μα-

243 3667 491 3734 καρίζων
521 3671 646 3733 τοὺς
688 3671 1120 3746 ἁμαρτάνοντας,
1157 3677 1255 3748 τὴν
1285 3678 1470 3750 τρίϐον
1502 3680 1610 3734 τῶν
1646 3684 1820 3738 ποδῶν

244 3757 426 3810 αᾶτὼν
462 3760 836 3831 συνταράσσει.

1923 3230 2093 3299 ipsius
2126 3246 2313 3286 amore
2346 3232 2487 3287 haud
2518 3230 2803 3288 dilIiculter
2834 3233 3146 3288 seducatur.
3180 3233 3277 3288 Est
3311 3245 3492 3290 autem

1923 3322 2024 3376 viri
2079 3332 2334 3390 provecta
2384 3323 2584 3379 virtute
2634 3325 2843 3394 praediti
2897 3338 3240 3395 nequaquam
3292 3325 3490 3392 dejici,

1922 3410 2183 3464 conviciis
2212 3412 2569 3479 quorumdam
2610 3413 3050 3467 succumbentem
3077 3454 3093 3479 ,
3130 3428 3302 3483 neque
3340 3416 3415 3471 ob
3439 3414 3492 3471 id

1922 3500 2105 3554 animo
2132 3501 2405 3569 contrahi,
2440 3518 2615 3571 neque
2653 3503 2811 3557 facile
2839 3519 2949 3572 prae
2983 3504 3229 3562 laudibus
3263 3504 3496 3559 intume-

1926 3603 2080 3648 scere
2107 3608 2171 3648 ac
2202 3592 2376 3648 inﬂari
2417 3595 2498 3649 sui
2530 3595 2700 3664 ipsius
2729 3606 2930 3653 statum
2958 3596 3320 3667 ignorantem.
3358 3595 3493 3664 Quia

1927 3698 2058 3739 vero
2087 3686 2279 3740 semita
2313 3687 2417 3740 iter
2446 3696 2528 3741 est
2552 3686 2664 3755 jam
2702 3688 2911 3753 tritum,
2940 3697 3002 3749 ,et
3032 3690 3099 3742 ab
3135 3688 3201 3743 iis
3228 3688 3319 3759 qui
3356 3704 3494 3758 prte-

1926 3786 2209 3831 eesserunt
2255 3775 2868 3849 confectum-,,_quisquis
2907 3795 3002 3834 eos
3040 3783 3131 3851 qui
3169 3796 3199 3834 a
3236 3783 3496 3836 decessu»

242 3863 366 3903 rum
400 3853 580 3904 studio
624 3853 918 3920 deticiunt,
965 3864 1155 3911 morsto
1186 3872 1249 3913 ac
1287 3859 1427 3914 tristi
1462 3877 1621 3917 sensu
1661 3864 1796 3920 allici
1840 3880 1944 3922 non
1977 3869 2129 3935 sinit,
2197 3870 2306 3925 imo
2374 3887 2513 3929 vero.
2535 3874 2912 3943 delinquentes
2941 3878 3098 3945 quasi
3129 3886 3280 3931 recte
3310 3891 3368 3931 se
3397 3891 3493 3948 ge-

244 3951 461 4007 rerent,
498 3944 754 4011 praedicat
794 3944 999 4010 beatos,
1036 3950 1081 4003 is
1115 3951 1361 4005 semitam
1393 3955 1585 4023 pedum
1616 3972 1802 4012 eorum
1832 3963 2141 4017 conturbat.

321 4037 441 4093 H9.
482 4037 658 4092 Ἀλλὰ
705 4040 820 4094 νῦν
859 4043 1304 4110 καταστήσεται
1335 4051 1422 4114 εις
1459 4054 1661 4118 κρίσιν
1702 4054 1818 4108 Κύ-

239 4147 393 4199 ριος,
445 4129 544 4184 καὶ
591 4131 808 4199 στήσει
853 4136 940 4199 εὶς
995 4138 1200 4204 κρίσιν
1242 4140 1350 4193 τὸν
1397 4144 1552 4196 λαὸν
1607 4146 1812 4201 αὐτοῦ.

240 4221 434 4274 Πάντα
456 4221 633 4292 κρίσει
664 4222 784 4294 θείᾳ
803 4226 895 4277 καὶ
916 4226 1129 4280 συνέσει
1159 4231 1301 4283 κατὰ
1324 4231 1422 4301 τὴν
1460 4231 1819 4306 δυσδιήγητον

244 4312 442 4380 σοφίαν
467 4312 842 4385 ὲπιμερίζεται
873 4317 1087 4388 ἑκάστῳ
1132 4320 1268 4390 πρὸς
1298 4322 1397 4391 τὴν
1427 4323 1582 4390 ἀξίαν
1603 4342 1616 4354 ·
1647 4326 1717 4379 τά
1758 4344 1817 4382 τε

242 4402 341 4456 νῦν
373 4405 710 4477 ὲπαγόμενα,
756 4406 827 4461 τά
864 4424 922 4460 τε
983 4409 1125 4463 κατὰ
1173 4410 1266 4465 τὸν
1319 4412 1584 4482 μέλλοντα
1623 4417 1814 4471 αἰῶνα.

256 4494 411 4547 Ἐπεὶ
434 4493 528 4549 οὖν
555 4497 798 4562 τοιαῦτα,
826 4499 1011 4570 φησὶν,
1039 4501 1311 4574 ὴνόμησεν
1355 4506 1383 4558 6
1412 4505 1561 4570 λαὸς,
1592 4508 1817 4564 τοιαῦτα

240 4586 302 4639 δὲ
331 4585 482 4658 αὑτῷ
514 4589 791 4659 ἐπήγαγεν
822 4593 850 4646 6
878 4590 1101 4662 Κύριος.
1135 4593 1235 4646 Διὰ
1281 4596 1342 4648 τὸ
1390 4599 1552 4652 οἱονεὶ
1599 4600 1818 4657 ἀποδεις

240 4676 441 4749 χθῆναι
468 4679 705 4749 ὀφείλειν
736 4682 847 4753 (i9)
879 4683 947 4737 τὰ
1002 4686 1134 4755 περὶ
1184 4687 1285 4757 τῆς
1329 4688 1675 4764 δικαιοσύνης
1721 4694 1814 4749 τοῦ

313 4816 361 4848 ’³
385 4814 576 4940 ιῖςὶιιιι.
617 4832 668 4880 v,
701 4818 754 4871 5.
830 4819 876 4851 “
914 4819 1042 4873 ibitl.
1073 4819 1125 4874 6.
1203 4824 1253 4856 ’⁷
1295 4825 1424 4879 ibid.
1447 4828 1499 4881 5.

313 4903 358 4940 ι.
482 4926 495 4939 .

242 4901 318 4941 VII
341 4925 358 4950 ,
408 4901 495 4940 14.

234 5001 619 5096 διακείμειὶιρς1
629 5004 704 5069 ὡς
731 5006 790 5096 ξιν
821 5010 933 5094 τοῖς
958 5010 1440 5096 ἔιτςηριθμηιὲένοις
1473 5008 1610 5096 εἶναι
1640 5014 1814 5096 παθή-

324 5073 444 5157 σινί·
487 5073 623 5128 ἀλλὰ
660 5075 757 5131 καὶ
802 5080 909 5143 πᾶς
958 5073 1099 5143 λαδξ
1123 5073 1189 5133 τὸ
1229 5073 1499 5151 ἄθροισμα
1541 5079 1678 5136 εἶναι
1716 5073 1812 5137 ἁν-

592 5216 785 5290 ἄλλους
810 5217 1124 5290 seripsimus
1163 5219 1356 5285 ἄλλως,
1397 5237 1498 5276 non
1539 5224 1679 5290 quod
1711 5238 1812 5277 vox

227 5281 796 5359 ﬂlwg‘nobismagis
831 5281 1088 5352 arrideat,
1123 5292 1216 5344 sed
1260 5281 1401 5359 quod
1430 5308 1523 5347 sex
1556 5281 1806 5347 codicum

228 5355 565 5407 auctoritate
598 5354 871 5411 fulci'atur.

308 5421 424 5495 (μῦ)
456 5423 597 5495 Editi
630 5435 683 5477 et
704 5435 934 5495 quatuor
961 5429 1369 5493 mss..oixeiwv,
1398 5433 1809 5486 necessariorum

228 5492 470 5563 amissio.
495 5493 567 5546 At
587 5492 811 5563 uterque
834 5497 1138 5551 Combelisii
1162 5492 1363 5561 codex,
1384 5500 1589 5563 οἰκιῶν,
1612 5503 1807 5556 mdium

223 5561 477 5635 jactura,-
509 5573 563 5635 ιιι
600 5564 671 5617 ita
715 5561 843 5635 legit
882 5566 1146 5635 vertitque
1170 5568 1504 5625 'l‘ilmannus.
1536 5561 1727 5625 Statim
1753 5575 1804 5626 in

228 5631 395 5708 editis
429 5631 644 5708 legitur,
668 5631 859 5708 νόσος·
892 5636 1001 5708 sed
1040 5631 1297 5707 scriptum
1335 5643 1599 5708 reperitur
1623 5641 1806 5695 in-nou

230 5702 364 5754 stris
392 5702 804 5766 sex’codicibus,
846 5706 1007 5759 νόσοι.

312 5770 425 5842 (46)
455 5770 618 5838 Editi,
659 5774 741 5831 τό.
773 5778 840 5829 At
888 5792 1039 5842 mss.,
1083 5774 1180 5846 τῷ.
1219 5776 1346 5832 Illud
1385 5779 1525 5847 quod
1562 5794 1683 5835 mox
1714 5795 1802 5836 se-

1139 5978 1167 5999 ιο

1604 4832 1655 4863 ’θ’
1683 4831 1725 4885 ll
1764 4829 1891 4887 Cor.
1941 4848 2060 4900 vui,
2100 4834 2152 4889 9.
2231 4837 2275 4868 ”
2316 4837 2505 4892 Matth.
2555 4855 2606 4904 v,
2654 4838 2708 4894 5‘.

1993 4058 2114 4113 119.
2167 4057 2325 4116 Visus.
2363 4063 2449 4117 15.
2493 4063 2595 4117 Sed
2627 4068 3137 4121 uunoconstituetur
3161 4067 3212 4120 in
3228 4066 3495 4135 judicium

1922 4148 2203 4217 Dominus,
2228 4163 2277 4206 et
2303 4154 2450 4210 sistet
2475 4157 2528 4208 in
2544 4156 2812 4225 judicium
2830 4158 3081 4228 populum
3103 4175 3276 4212 suum.
3298 4157 3491 4213 Omnia

1922 4243 2105 4297 divino
2135 4244 2341 4314 judicio
2385 4261 2450 4301 ae
2480 4247 2764 4316 prudentia
2814 4233 3106 4320 unicuique
3147 4266 3244 4320 pro
3294 4250 3492 4305 merito

1921 4334 2325 4391 distribuuntur
2347 4336 2501 4405 juxta
2530 4340 2948 4405 inenarrabilem
2983 4342 3339 4411 sapientiam;
3371 4354 3486 4396 tum

1921 4438 1983 4479 ea
2015 4440 2135 4495 qua:
2176 4443 2318 4484 nunc
2359 4431 2618 4501 temporis
2652 4431 2980 4498 inferuntur,
3011 4444 3123 4487 tum
3163 4448 3284 4503 qua:
3312 4435 3365 4487 in
3398 4432 3488 4487 ΐιιτ

1925 4524 2046 4575 turo
2082 4520 2279 4575 saeculo
2330 4533 2696 4578 reservantur.
2743 4523 3011 4591 Quoniam
3048 4524 3233 4594 igitur,
3270 4524 3489 4595 inquit,

1927 4609 2119 4665 talibus
2149 4626 2270 4667 sese
2301 4613 2677 4684 iniquitatibus
2708 4616 3002 4671 obnoxium
3035 4616 3284 4685 praestitit
3315 4631 3487 4685 popu-

1923 4696 2006 4754 lus
2029 4741 2044 4765 ,
2082 4699 2216 4756 tales
2247 4704 2373 4756 item
2403 4702 2454 4757 ei
2486 4702 2749 4773 irrogavit
2776 4718 2967 4775 poenas
2997 4704 3271 4759 Dominus.
3322 4704 3489 4771 Quasi

2804 4839 2849 4871 ³⁰
2895 4838 3045 4895 ibid.’
3073 4840 3135 4894 6.(
3214 4840 3263 4871 ³¹ί
3298 4838 3483 4894 Matth.

1918 5017 2119 5087 quitur,
2149 5018 2241 5071 τὸν
2267 5017 2445 5087 λόγον,
2470 5020 2522 5072 in
2548 5021 2745 5074 nostris
2772 5034 2862 5075 sex
2891 5034 3019 5074 mss.
3045 5034 3148 5072 non
3180 5019 3483 5084 invenitur;

1920 5101 2093 5159 neque
2123 5099 2298 5159 tamen
2330 5090 2620 5159 quidquam
2658 5091 2955 5144 delendum
2977 5089 3307 5159 censuimus.

1991 5155 2102 5227 (4⁸7)
2131 5156 2268 5211 Editi
2295 5155 2358 5213 et
2381 5155 2513 5237 “fit.
2552 5161 2776 5237 primus,
2811 5159 3101 5237 ὠφελίμου
3123 5157 3230 5237 ἈΙίἱ
3253 5166 3485 5237 qualiter

1913 5242 2054 5308 mss.
2084 5226 2217 5308 eum
2262 5244 2369 5282 uno
2415 5226 2830 5308 coitibelisiapo,
2880 5226 3249 5308 ὠφελημένους
3285 5226 3482 5308 Ibid-ein

1919 5296 2046 5352 editi
2083 5307 2137 5351 et
2163 5297 2268 5349 duo
2299 5313 2449 5359 mss.,
2480 5299 2856 5378 κατηγορίαις,
2899 5295 3337 5378 accusationibus.
3376 5295 3483 5378 Alii

1911 5375 2149 5447 quatuor_
2171 5382 2325 5447 tnss.,
2358 5366 2738 5447 κακηγορίαις,
2776 5371 3036 5447 conviciis.
3066 5366 3330 5447 Proba'ur
3365 5366 3486 5447 qui:

1910 5439 2030 5507 dem
2064 5437 2672 5507 nobisqutraque’leetio
2712 5455 2725 5491 :
2773 5440 2866 5493 sed
2898 5453 3016 5492 eam
3047 5438 3355 5507 selegimus,
3391 5437 3482 5490 cui

1909 5505 2091 5574 plures
2119 5505 2334 5561 codices
2359 5505 2561 5563 favent.

1982 5574 2094 5645 (48)
2127 5575 2264 5648 Editi
2298 5587 2360 5648 et
2381 5592 2507 5648 mss.
2540 5578 2803 5644 nonnulli,
2827 5578 3187 5648 διοδευομένη.
3233 5578 3335 5631 Alii
3363 5575 3481 5648 qui-

1915 5643 2035 5718 dam
2051 5643 2219 5718 ipss,
2246 5645 2594 5718 διωᾷευμένη.

1989 5712 2100 5790 ς49)
2129 5714 2287 5777 Editi,
2324 5712 2571 5790 dispelle.'
2611 5719 2741 5788 Reg.
2796 5720 3004 5790 tertius,
3053 5720 3276 5790 ὀφείλει.
3315 5720 3381 5772 At
3423 5716 3493 5788 in,

1915 5783 2035 5838 aliis
2068 5783 2295 5852 quatuor
2324 5783 2452 5843 ntSs.
2491 5783 2710 5856 legitur,
2734 5788 2987 5857 ὀφείλειν.
