3828 6216
14 6088 251 6182 Α

391 313 490 368 511

1383 321 1725 381 APPENDIX
1757 325 2040 383 OPERUM
2081 329 2138 385 s.
2179 331 2423 387 essan
2458 316 2698 392 MAG'NL

3526 337 3634 393 312

388 444 515 502 qua
547 430 611 484 ad
651 430 742 485 Dei
770 429 1036 499 justitiam
1087 432 1360 502 pertinent
1407 435 1578 490 oculis
1612 436 1809 507 subjici
1859 440 1954 494 de-

2061 443 2218 507 Θεοῦ,
2244 445 2323 498 ὅτι
2352 446 2450 517 οὐχ
2483 446 2725 519 ὑπερέϐη
2757 447 2819 500 τὸ
2844 449 3038 522 μέτρον
3068 449 3176 503 τῶν
3196 449 3546 521 ἀδικημάτων
3571 452 3633 505 ἐν

388 518 585 584 beant,
617 522 759 591 quod
791 522 1041 576 videlicet
1090 524 1432 593 iniquitatum
1486 543 1794 582 mensuram
1843 532 1961 585 vin-

389 610 550 666 dictae
594 614 961 682 magnitudine
996 629 1101 668 non
1134 617 1442 685 superarit,
1497 618 1703 673 ideirco
1756 620 1957 675 dictum

390 714 476 760 est
507 726 517 759 :
554 702 657 760 Sed
701 720 839 759 nunc
873 707 1223 760 constituetur
1268 708 1322 761 in
1349 707 1615 778 judicium
1661 709 1913 766 Dominus
1941 728 1960 765 :

389 804 451 848 ut
509 796 768 865 particula
815 813 956 850 nunc
1009 798 1376 871 distinguatur
1426 816 1455 855 a
1508 801 1691 858 futuro
1739 805 1959 860 saeculo.

386 889 495 942 Aut
523 886 661 944 forte
689 889 853 952 illud,
922 907 1079 950 nunc.
1123 893 1263 961 apud
1297 907 1395 948 nos
1428 894 1644 962 quidem
1676 897 1958 952 minimum

385 988 438 1031 et
467 977 801 1031 individuum
828 980 1086 1049 temporis
1112 991 1441 1034 momentum
1468 982 1735 1052 signiﬁcat
1758 1004 1771 1039 :
1798 984 1961 1058 462

385 1071 478 1125 sed
511 1072 561 1125 in
596 1072 705 1126 Deo
732 1112 746 1133 .
771 1070 927 1140 juxta
956 1072 1410 1141 signiﬁcationem
1455 1075 1604 1130 vocis
1671 1093 1835 1142 nunc,
1866 1080 1962 1132 ad-

378 1163 566 1232 jacent
611 1171 666 1218 et
711 1173 894 1218 astant
948 1165 1154 1218 omnia.
1206 1165 1347 1219 Nihil
1399 1167 1545 1222 enim
1601 1170 1741 1239 apud
1786 1170 1958 1239 ipsum

384 1258 717 1325 praeteritum
753 1266 872 1323 est,
909 1256 1045 1312 nihil
1085 1257 1326 1312 futurum
1381 1275 1396 1312 :
1442 1258 1540 1313 sed
1589 1266 1783 1313 cuncta
1835 1264 1961 1313 sunt

386 1348 693 1417 praesentia,
724 1356 924 1418 etquae
952 1350 1136 1418 procul
1175 1364 1204 1402 a
1241 1348 1396 1404 nobis
1429 1348 1609 1405 futura
1643 1357 1962 1418 exspectan-

389 1450 496 1504 tur,
529 1449 781 1510 tanquam
808 1442 922 1511 jam
970 1441 1260 1512 praesentia
1305 1457 1332 1494 a
1383 1441 1585 1496 divinis
1623 1440 1795 1497 oculis
1828 1455 1962 1495 con-

386 1530 710 1598 spiciuntur,
758 1532 830 1585 ita
864 1532 1007 1586 utin
1055 1531 1163 1585 Deo
1195 1532 1285 1586 illa
1331 1532 1587 1600 temporis
1626 1547 1752 1601 pars
1803 1531 1960 1586 Nunc

385 1636 559 1674 aevum
596 1622 759 1676 etiam
816 1621 1057 1677 futurum
1111 1624 1523 1694 complectatur.
1578 1622 1712 1677 Cum
1771 1622 1956 1692 igitur,

388 1722 647 1780 .1uantum
683 1714 748 1766 ad
782 1714 947 1768 Deum
994 1713 1225 1776 attinet,
1261 1729 1365 1766 non
1405 1713 1561 1781 longe
1587 1712 1728 1767 absit
1768 1711 1959 1765 deﬁni-

2058 536 2138 606 τῷ
2166 537 2359 608 πλήθει
2382 539 2480 609 τῆς
2499 540 2788 611 τιμωρίας,
2820 541 3033 611 εἴρηται
3057 541 3118 594 τὸ
3139 540 3274 612 (50),
3304 542 3487 597 Ἀλλά
3514 542 3634 595 νῦν

2061 627 2505 697 καταστήσεται
2559 633 2648 696 είς
2699 632 2903 699 κρίσιν
2952 633 3202 701 Κύριος·
3259 632 3346 686 ενα
3390 632 3451 686 τὸ
3513 632 3638 688 νῦν

2059 719 2219 772 τοῦτο
2248 719 2325 791 τῷ
2386 720 2632 792 μέλλοντι
2659 721 2814 775 αίῶνι
2863 722 3380 794 ἀντιδιαστέλληται.
3403 723 3475 775 Ἢ
3524 724 3634 793 μή-

2062 826 2188 863 ποτε
2223 811 2307 876 τὸ,
2333 812 2466 876 νῦν,
2490 813 2587 884 ἐφ’
2622 813 2777 884 ἡμῶν
2837 815 2936 885 μὲν
2992 814 3051 868 τὸ
3095 815 3375 886 ἀκαριαῖον
3424 814 3519 867 καὶ
3569 814 3637 867 τὸ

2061 899 2368 971 ἀδιαίρετον
2400 900 2495 955 τοῦ
2532 901 2723 974 χρόνου
2752 902 3005 973 σημαίνει
3026 919 3040 933 ο
3079 904 3172 956 ἐπὶ
3208 902 3265 956 δὲ
3285 901 3420 956 Θεοῦ
3453 903 3636 957 πάντα

2060 990 2200 1043 κατὰ
2224 990 2322 1062 τὴν
2357 991 2473 1055 τοῦ,
2496 991 2630 1058 νῦν,
2657 994 2906 1062 αἴσθησιν
2946 995 3294 1065 παράκειται.
3325 994 3491 1051 Οὐδὲν
3522 994 3636 1067 γὰρ

2059 1080 2209 1150 αὐτῷ
2260 1082 2556 1153 παρῆλθεν,
2593 1085 2713 1137 οὐδὲ
2739 1084 2941 1156 μέλλει,
2982 1084 3118 1139 ἀλλὰ
3148 1086 3322 1140 πάντα
3348 1086 3634 1157 ἐνέστηκε,

2058 1174 2152 1228 καὶ
2183 1174 2251 1228 τὰ
2285 1175 2561 1247 πόρρωθεν
2601 1178 2732 1248 ἡμῖν
2777 1177 3213 1249 προσδοκώμενα,
3249 1178 3324 1241 ὼς
3362 1177 3463 1250 ήδη
3490 1194 3637 1250 παρ-

2057 1262 2187 1318 όντα
2223 1265 2326 1318 ὑπὸ
2353 1265 2446 1319 τοῦ
2476 1266 2621 1320 θείου
2657 1266 2940 1339 ὀφθαλμοῦ
2971 1268 3271 1341 καθορᾶται
3302 1310 3317 1334 ,
3349 1270 3493 1323 ὥστε
3536 1270 3637 1322 ἐπὶ

2057 1354 2192 1408 Θεοῦ
2222 1356 2299 1421 τὸ,
2321 1356 2455 1422 νῦν,
2471 1358 2564 1411 καὶ
2590 1357 2681 1411 τὸν
2716 1357 2978 1428 μέλλοντα
3008 1359 3196 1422 αἰῶνα,
3223 1358 3635 1430 συμπαραλαμ-

2058 1446 2243 1498 6ἀνειν
2274 1445 2406 1517 (51).
2446 1447 2597 1499 Ἐπεὶ
2634 1444 2727 1500 οὖν
2750 1447 2810 1502 οὐ
2842 1448 3059 1518 μακράν
3084 1449 3231 1502 ἐστιν
3257 1447 3334 1510 ὡς
3359 1447 3494 1519 πρὸς
3539 1447 3635 1500 τὸν

2059 1536 2212 1602 Θεὸν,
2241 1540 2268 1592 6
2293 1538 2595 1609 ὡρισμένος
2621 1539 2722 1608 τῆς
2756 1539 2988 1611 κρίσεως
3020 1540 3336 1610 καιρὸς,ὲπἰ
3351 1541 3453 1612 τὴν
3475 1539 3636 1594 καθο-

2060 1626 2216 1698 λικὴν
2291 1628 2469 1699 κρίσιν
2545 1629 2913 1701 ἀναφέρεσθαι
2959 1629 3022 1682 τὸ
3071 1629 3187 1683 νῦν
3247 1629 3630 1702 ὲξειλήιραμεν.

2063 1713 2515 1784 Καταστήσεται
2544 1717 2602 1770 δὲ
2638 1719 2724 1783 εὶς
2752 1718 2974 1785 κρίσιν,
3012 1716 3258 1781 ὲξαπλῶν
3290 1718 3416 1781 τοὺς
3440 1717 3635 1784 λόγους

388 1810 499 1851 tum
536 1798 724 1868 judicii
758 1807 1004 1868 tempus,
1039 1815 1224 1854 vocem
1262 1802 1400 1855 hanc
1448 1817 1590 1854 nunc
1637 1802 1703 1855 ad
1737 1800 1954 1855 univer-

2061 1806 2158 1876 τῆς
2187 1807 2532 1881 δικαιοσύνης
2550 1807 2736 1871 αὑτοῦ,
2763 1808 2884 1863 καθ’
2912 1808 3006 1874 οὓς
3036 1808 3149 1881 (52)
3174 1810 3267 1862 ἐπὶ
3294 1812 3410 1872 τοῖς
3446 1810 3636 1873 αὐτοῖς

386 1887 499 1942 sale
540 1889 798 1958 judicium
834 1890 1022 1945 referri
1068 1892 1337 1946 duximus.
1375 1890 1734 1946 Constituelur
1774 1901 1953 1947 autem

388 1980 442 2032 in
465 1979 755 2048 judicium.
810 1981 1057 2036 Deelarat
1086 1984 1323 2036 rationes
1345 1982 1568 2050 iustitiae
1617 1997 1753 2046 suae,
1793 1983 1949 2053 juxta

385 2083 526 2137 quas
551 2068 621 2121 ob
651 2070 764 2140 ipsa
808 2086 973 2140 opera
1024 2086 1231 2141 :equam
1279 2072 1331 2125 in
1368 2072 1644 2127 sumendis
1685 2074 1955 2142 ejusmodi

386 2158 664 2229 suppliciis
697 2160 869 2214 vicem
902 2160 1122 2216 adhibet
1159 2179 1172 2215 :
1206 2163 1284 2216 sic.
1329 2171 1386 2215 ut
1423 2162 1457 2215 ii
1502 2163 1665 2216 etiam
1696 2164 1788 2232 qui
1817 2179 1954 2218 con-

381 2251 726 2317 demnantur,
757 2252 1106 2321 pronuntiato
1147 2256 1430 2307 adversum
1477 2268 1537 2308 se
1577 2253 1784 2322 judicio
1831 2265 1954 2308 tan-

382 2356 542 2417 quam
570 2340 875 2409 iustissimo
899 2343 1279 2397 assentiantur.

459 2429 581 2485 120.
628 2430 692 2484 Et
718 2432 862 2485 sistet
898 2432 956 2484 in
979 2432 1245 2501 judicium
1289 2434 1538 2502 populum
1575 2434 1952 2495 lsraeliticum.

384 2523 713 2594 (Quicunque
728 2526 864 2577 enim
892 2525 944 2578 in
972 2525 1079 2595 lege
1112 2537 1470 2591 peccauerunt,
1502 2546 1595 2596 per
1614 2529 1775 2599 legem
1799 2530 1978 2599 judiv

384 2617 643 2669 cabuntur
673 2613 763 2685 ³⁹.)
784 2613 1132 2684 Nequaquam
1178 2627 1357 2669 autem
1407 2620 1735 2673 sententiam
1769 2632 1954 2688 parem

382 2707 692 2777 prolaturus
718 2714 799 2760 est
832 2706 884 2759 in
922 2706 1158 2774 reliquos
1186 2706 1430 2775 populos.
1471 2705 1604 2761 Nam
1647 2706 1957 2778 Quicunque

381 2799 496 2852 sine
521 2797 628 2867 lege
657 2806 1022 2865 peccaverunt,
1053 2797 1164 2850 sine
1197 2796 1307 2863 lege
1334 2797 1492 2851 etiam
1521 2799 1760 2867 peribunt
1785 2798 1952 2866 ".Et,

382 2889 545 2958 Impii
577 2904 680 2941 non
710 2897 975 2957 resurgant
1004 2888 1059 2941 in
1079 2888 1286 2957 judicio
1316 2888 1384 2953 “,
1414 2888 1511 2943 sed
1539 2890 1592 2945 in
1625 2890 1956 2945 condemna-

384 2984 550 3037 tione.
592 2980 862 3036 Judicium
902 2989 1079 3033 autem
1097 2984 1198 3034 'est
1231 2994 1395 3046 penes
1420 2995 1635 3036 omnem
1677 2982 1957 3052 legislatu-

2058 1894 2240 1966 ἔργοις
2285 1896 2500 1951 δικαίαν
2538 1900 2770 1951 ποιεῖται
2814 1896 2921 1950 τῶν
2973 1896 3191 1951 τοιῶνδε
3230 1897 3507 1951 κολάσεων
3534 1897 3635 1968 τὴν

2057 1986 2436 2049 ἀνταπόδοσιν,
2468 1986 2609 2040 ὥστε
2626 1988 2868 2051 καὶτοὺς
2897 1987 3428 2058 καταδικαζομένους
3455 1986 3636 2041 συντί-

2058 2074 2246 2128 θεσθαι
2273 2075 2369 2146 τὴν
2399 2076 2518 2130 κατ’
2548 2076 2730 2133 αὐτῶν
2768 2077 3172 2146 ἁποφανθεῖσαν
3203 2077 3383 2131 κοίνσιν
3431 2077 3508 2141 ὡς
3555 2076 3634 2130 δι-

2055 2166 2365 2233 καιοτάτην.

2128 2427 2251 2483 120.
2280 2425 2391 2480 Καὶ
2425 2427 2641 2492 στήσει
2666 2430 2752 2494 εὶς
2774 2427 2975 2495 κρίσιν
3001 2426 3108 2482 τὸν
3134 2428 3288 2485 λαὸν
3313 2428 3401 2481 τὸν
3417 2428 3635 2499 Ἰσραη-

2056 2517 2261 2573 λιτικὺν
2293 2518 2509 2590 (Ὅσοι
2556 2518 2664 2589 γὰρ
2701 2519 2771 2573 ἐν
2802 2521 2965 2591 νόμῳ
2988 2521 3274 2590 ἥμαρτον,
3301 2519 3399 2574 διὰ
3440 2520 3635 2589 νόμου

2056 2609 2487 2680 κριθήσονται),
2518 2611 2645 2674 τοὺς
2675 2611 2733 2663 δὲ
2766 2611 2983 2676 λοιποὺς
3043 2613 3206 2677 λαοὺς
3249 2612 3463 2666 οὐκέτι·
3495 2611 3633 2665 διότι

2057 2702 2231 2756 ’Ὅσοι
2253 2702 2487 2771 ἀνόμως
2510 2701 2794 2772 ἥμαρτον,
2818 2702 3052 2771 ἀνόμως
3078 2702 3177 2756 καὶ
3207 2701 3586 2757 ἀπολοῦνται
3613 2720 3631 2734 ο

2054 2795 2169 2857 καὶ,
2209 2796 2274 2847 Ol
2316 2793 2553 2860 ἀσεϐεῖς
2593 2796 2705 2848 οὐκ
2765 2793 3220 2861 ἀναστήσονται
3268 2794 3339 2848 ἐν
3392 2794 3631 2863 κρίσει,

2053 2884 2167 2944 ἀλλ’
2195 2887 2252 2937 ὲν
2285 2885 2626 2956 κατακρίσει.
2686 2885 2856 2943 Παντὶ
2898 2885 2956 2938 δὲ
3005 2885 3273 2958 νομοθέτῃ
3320 2885 3436 2955 (55)
3490 2885 3635 2956 πρὸς

2053 2975 2177 3038 τοὺς
2205 2974 2344 3029 κατὰ
2371 2974 2460 3027 τὸν
2494 2974 2585 3028 ὑπ’
2615 2974 2780 3029 αὑτοῦ
2812 2976 3194 3047 γεγραμμένον
3233 2977 3397 3044 νόμον
3434 2992 3627 3047 κρινοο

380 3089 499 3128 rem
545 3074 597 3127 iu
644 3087 737 3127 eos
779 3072 871 3145 qui
919 3071 1214 3126 secundum
1260 3072 1432 3142 legem
1478 3074 1546 3127 ab
1591 3090 1657 3128 eo
1699 3075 1953 3144 scriptam

2059 3068 2249 3138 μένους
2276 3068 2456 3139 κρίσις
2497 3067 2645 3121 ἐστὶν
2686 3068 2744 3121 ὲν
2776 3070 2841 3139 τῇ
2880 3067 3241 3139 παρεξετάσει
3274 3068 3372 3137 τῆς
3402 3084 3462 3120 τε
3487 3067 3634 3139 πρά-

377 3166 716 3236 judicantur,
742 3179 863 3219 eum
896 3173 952 3217 et
976 3177 1036 3217 ea
1059 3176 1180 3232 quae
1206 3172 1328 3218 aeta
1374 3172 1520 3231 sunt,
1547 3174 1603 3220 et
1628 3164 1954 3234 legislatoris

2059 3134 2191 3226 ξεως
2216 3134 2433 3212 καὶ-τοῦ
2466 3158 2629 3230 βουλή
2641 3134 3293 3230 ματος-’τοῦ-νομοθέτοῦ.
3329 3134 3423 3211 Διὸ
3603 3161 3634 3213 ό

381 3258 634 3312 voluntas
693 3255 838 3309 inter
899 3268 959 3331 se
1011 3263 1425 3322 comparantur.
1475 3252 1818 3324 Quapropter
1881 3256 1958 3311 ait

383 3348 546 3404 etiam
581 3345 836 3401 Dominus
865 3343 1094 3399 :Sermo
1120 3359 1275 3412 quem
1306 3342 1517 3399 locutus
1556 3361 1694 3410 sum,
1724 3344 1833 3412 ipse
1867 3361 1955 3399 vos

372 3439 638 3513 judicabit
665 3438 711 3471 ³⁸
739 3455 752 3492 :
784 3437 984 3507 quippe
1031 3435 1391 3504 cogitationes
1435 3434 1541 3491 sibi
1578 3435 1812 3492 invicem
1858 3436 1955 3490 ad-

380 3543 688 3597 versantur,
721 3539 832 3585 tum
864 3545 928 3585 ea
955 3544 1074 3599 quae
1113 3546 1143 3583 a
1186 3528 1417 3584 Domino
1463 3527 1792 3599 suggeritur,
1841 3537 1953 3581 tum

322 3626 327 3632 ’
379 3640 443 3679 ea
472 3639 592 3695 quae
624 3623 691 3678 ad
731 3629 1012 3693 peccatum
1055 3620 1270 3674 invitat.
1306 3618 1475 3685 Nam,
1520 3618 1677 3688 juxta
1723 3617 1863 3674 Osee
1886 3618 1952 3686 “,

379 3715 795 3772 circumdabant
842 3727 1287 3783 unumquemque
1349 3711 1711 3782 cogitationes
1758 3712 1950 3781 ipsius.

379 3807 695 3862 Videbimus
726 3806 870 3862 enim
901 3804 1063 3860 simul
1102 3803 1285 3859 omnia
1325 3818 1490 3873 opera
1531 3803 1689 3858 nobis
1715 3817 1811 3872 per
1838 3816 1954 3856 me-

381 3901 606 3954 moriam
637 3898 801 3953 veluti
831 3897 1090 3961 astantia,
1121 3904 1289 3966 atque
1312 3908 1380 3949 ex
1405 3895 1631 3950 adversa
1666 3894 1805 3949 facie
1830 3909 1952 3949 cum

379 3991 614 4062 propriis
656 3988 848 4044 formis
881 3988 1050 4045 menti
1080 3997 1286 4042 nostrae
1312 3984 1547 4056 objecta,
1580 3994 1745 4056 prout
1778 4000 1947 4040 unum

380 4083 631 4154 quodque
668 4080 753 4135 vel
801 4088 1034 4150 gestum,
1066 4078 1153 4133 vel
1198 4078 1476 4148 prolatum
1518 4086 1621 4132 est.
1656 4076 1951 4148 Postquam

378 4175 523 4228 enim
549 4172 827 4235 Dominus,
855 4170 997 4240 quod
1025 4172 1092 4225 ad
1119 4171 1359 4240 gentium
1392 4184 1424 4223 a
1456 4183 1516 4224 se
1548 4178 1953 4239 assumptarum

379 4278 569 4319 curam
598 4255 830 4328 attinet,
877 4276 943 4315 ea
969 4261 1151 4314 omnia
1184 4275 1305 4330 quae
1339 4260 1580 4314 muneris
1607 4259 1754 4314 illius
1785 4268 1950 4328 sunt,

378 4355 601 4409 omnino
622 4352 943 4423 praestitisse
963 4366 1025 4407 se
1046 4351 1305 4416 ostendit,
1339 4353 1453 4406 tum
1480 4352 1680 4407 dicitur
1705 4354 1953 4420 vincere,

2054 3252 2278 3322 Κύριος,
2318 3252 2370 3304 Ὁ
2404 3253 2607 3322 λόγος,
2636 3252 2819 3322 φησὶν,
2849 3251 2921 3307 ὃν
2950 3252 3246 3320 ἐλάλησα,
3279 3251 3635 3322 αὐτὸς-ὑμᾶς

2054 3344 2272 3411 κρινεῖ·
2301 3345 2382 3397 ὅτι
2408 3346 2455 3397 οἱ
2487 3344 2738 3415 λογισμοὶ
2761 3344 3011 3416 ἀλλήλοις
3052 3343 3531 3399 ἀντικαθίστανται
3557 3362 3573 3378 ·
3605 3345 3636 3399 ὃ

2053 3453 2113 3490 τε
2145 3437 2296 3508 παρὰ
2324 3436 2416 3490 τοῦ
2471 3437 2679 3506 Κυρίου
2731 3435 3074 3508 ὑποϐληθείς,
3128 3437 3224 3491 καὶ
3267 3439 3295 3491 6
3344 3439 3480 3509 πρὸς
3526 3439 3634 3509 τὴν

2056 3528 2328 3599 ἁμαρτίαν
2359 3528 2815 3599 ὲκκαλεσάμενος.
2853 3528 3009 3582 Κατὰ
3032 3528 3141 3599 γὰρ
3170 3529 3259 3582 τὸν
3302 3528 3477 3600 Ὠσηὲ,
3534 3546 3637 3583 κυ-

2055 3619 2253 3675 κλώσει
2289 3622 2519 3676 ἕκαστον
2550 3621 2619 3674 τὰ
2670 3619 2949 3677 ὃιαδούλια
2985 3620 3170 3674 αὐτοῦ.
3208 3620 3481 3693 Ὀψόμεθα
3517 3623 3634 3696 γὰρ

2055 3715 2171 3783 ἃμα
2200 3713 2378 3767 πάντα
2396 3715 2558 3767 οἱονεὶ
2584 3714 2914 3785 παρεστῶτα
2959 3715 3088 3784 ἡμῖν
3121 3712 3189 3765 τὰ
3242 3712 3377 3785 ἔργα
3409 3713 3500 3766 διὰ
3526 3717 3633 3785 τῆς

2058 3807 2313 3878 μνήμης,
2368 3807 2464 3859 καὶ
2515 3807 2815 3877 φαινόμενα
2861 3805 3250 3876 ἀντιπρόσωπα
3297 3808 3362 3876 τῇ
3414 3804 3634 3879 διανοίᾳ

2054 3897 2209 3968 ἡμῶν
2236 3896 2373 3968 μετὰ
2400 3895 2506 3949 τῶν
2538 3896 2680 3950 ἰδίων
2705 3897 2911 3961 τύπων,
2940 3896 3015 3960 ὡς
3034 3897 3261 3950 ἕκαστον
3285 3897 3629 3968 πέπρακται,

2055 3989 2089 4059 ἢ
2117 3989 2191 4051 ὡς
2214 3987 2522 4058 λελάληται.
2566 3987 2815 4041 Ἐπειδὰν
2842 3987 2950 4060 γὰρ
2979 3986 3224 4061 ἐπιδείξῃ
3251 3984 3321 4039 τὰ
3344 3986 3467 4040 καθ’
3498 3989 3634 4046 ἐαυ-

2055 4081 2146 4131 τὸν
2171 4078 2346 4131 πάντα
2373 4078 2676 4141 ἀνελλιπῶς
2724 4078 3066 4148 πεποιηκότα
3095 4080 3221 4149 περὶ
3241 4079 3338 4150 τὴν
3366 4073 3440 4132 ὧν
3471 4079 3626 4155 εἵλη-

2056 4186 2154 4239 φεν
2191 4168 2358 4223 ἐθνῶν
2394 4169 2711 4240 ἐπιμέλειαν
2736 4172 2763 4223 6
2786 4169 3009 4242 Κύριος,
3034 4171 3188 4241 νικᾷν
3210 4169 3426 4238 λέγεται
3460 4174 3517 4224 ἐν
3553 4172 3635 4245 τῷ

2056 4260 2334 4334 κρίνεσθαι
2359 4261 2495 4333 πρὸς
2517 4262 2686 4333 ἡμᾶς.
2733 4261 2807 4315 Οὐ
2866 4261 2972 4333 μὴν
2999 4262 3221 4333 χρόνους
3251 4279 3314 4331 γε
3359 4265 3634 4334 προσήκει

2055 4351 2298 4422 νομίζειν
2354 4351 2905 4423 καταναλωθήσεσθαι
2953 4353 3032 4417 είς
3083 4352 3144 4406 τὸ
3206 4352 3434 4407 ἕκαστον
3498 4355 3633 4409 ἰδεῖν

380 4459 503 4498 cum
545 4443 685 4510 apud
721 4457 818 4497 nos
848 4441 1125 4513 judicatur
1152 4440 1221 4496 ³⁷.
1278 4440 1424 4498 Sane
1455 4442 1600 4497 haud
1649 4445 1947 4514 putandum

2059 4444 2249 4497 ἑαυτὸν
2282 4443 2423 4511 μετὰ
2450 4443 2559 4497 τῶν
2594 4443 2788 4497 ἑαυτοῦ
2829 4445 3102 4517 πράξεων,
3154 4445 3248 4499 καὶ
3292 4445 3383 4499 τὸν
3430 4447 3633 4519 κριτὴν

378 4544 464 4591 est
486 4534 709 4589 multum
734 4533 992 4602 temporis
1014 4542 1396 4602 consumptum
1422 4532 1511 4598 iri,
1540 4542 1598 4587 ut
1625 4548 1687 4589 se
1710 4534 1945 4605 quisque

378 4640 499 4681 cum
530 4625 835 4680 actionibus
863 4624 978 4679 suis
1006 4623 1321 4694 conspicere
1346 4623 1526 4678 valeat
1555 4642 1569 4691 ;
1600 4625 1803 4695 quippe
1828 4626 1950 4680 ani-

377 4734 498 4775 mus
523 4718 573 4772 vi
608 4714 1006 4786 inexplicabili,
1039 4723 1315 4769 momento
1342 4719 1629 4783 temporis,
1663 4725 1774 4772 tum
1800 4715 1945 4784 judi-

376 4822 529 4870 cem,
561 4815 673 4860 tum
710 4820 832 4875 quae
861 4805 1045 4861 divino
1071 4804 1279 4874 judicio
1325 4805 1613 4876 conjuncta
1662 4816 1809 4874 sunt,
1845 4807 1951 4863 sibi

376 4896 492 4967 ipse
520 4895 721 4966 ﬁnget,
757 4895 969 4964 sibique
1002 4894 1415 4963 repraesentabit
1447 4896 1629 4950 omnia
1656 4892 1680 4960 ,‘
1705 4912 1768 4950 ac
1802 4899 1949 4952 velut

375 4992 429 5044 in
483 4987 738 5057 speculo,
790 5001 980 5041 eorum
1027 5001 1147 5056 quae
1193 4996 1349 5057 gesta
1402 4997 1528 5045 sunt
1579 4987 1784 5043 formas
1836 4991 1953 5046 acie

376 5081 575 5136 mentis
609 5078 974 5134 contuebitur.

2056 4535 2149 4589 καὶ
2179 4534 2249 4586 τὰ
2278 4534 2547 4589 ἀκόλουθα
2576 4533 2654 4604 τῷ
2671 4534 2799 4607 θείῳ
2824 4537 3156 4609 δικαστηρίῳ
3176 4537 3367 4609 ἀφάτῳ
3397 4538 3630 4610 δυνάμει

2054 4626 2114 4679 ὲν
2152 4628 2291 4697 ῥοπῇ
2327 4626 2524 4697 καιροῦ
2557 4629 3023 4699 φαντασιουμένου
3054 4628 3145 4683 τοῦ
3173 4628 3288 4695 νοῦ,
3327 4631 3420 4684 καὶ
3449 4632 3631 4687 πάντα

2056 4718 2582 4790 ἀναζωγραφοῦντος
2606 4717 2804 4789 ἐαυτῷ,
2845 4720 2940 4773 καὶ
2968 4721 3131 4774 οἱονεὶ
3151 4723 3207 4774 ὲν
3239 4723 3530 4794 κατόπτρῳ
3548 4725 3629 4794 τῷ

2056 4809 2372 4882 ἡγεμονικῷ
2409 4808 2704 4879 ὲνορῶντος
2745 4809 2870 4874 τοὺς
2913 4810 3114 4875 τύπους
3154 4812 3264 4869 τῶν
3304 4815 3625 4885 πεπραγμέ-

2052 4920 2178 4968 νων.

448 5262 491 5292 ³⁸
532 5259 695 5316 Rom.
760 5276 831 5328 ll,
885 5260 972 5313 19..
1066 5259 1111 5290 ³⁸
1151 5258 1280 5313 ibid.
1358 5258 1403 5290 "
1440 5257 1582 5315 Psal.
1625 5276 1665 5326 ι,
1700 5262 1753 5316 5.
1830 5263 1877 5294 ³⁸
1913 5260 1954 5317 ι.

2059 5305 2070 5317 .
2106 5279 2205 5327 χιι,
2241 5263 2329 5318 48.
2406 5265 2449 5296 ³⁸
2489 5263 2616 5321 Ose.
2646 5281 2743 5331 vn,
2766 5264 2822 5320 2.
2898 5265 2942 5297 ³⁷
2978 5262 3121 5320 Psal.
3150 5280 3204 5331 ι,
3234 5264 3288 5319 6.

448 5481 558 5552 (50)
588 5483 665 5536 lta
704 5480 837 5552 Reg.
880 5490 1129 5551 quartus.
1169 5480 1330 5535 Deest
1375 5481 1436 5532 τό
1480 5481 1533 5534 in
1560 5479 1681 5536 aliis
1711 5481 1951 5551 quinque

376 5567 506 5605 mss.
543 5562 595 5607 et
627 5553 679 5605 in
707 5552 1057 5621 pervulgatis.

446 5621 557 5688 (51)
603 5622 824 5676 Veteres
852 5620 1086 5691 quatuor
1106 5620 1249 5678 libri.
1283 5620 1838 5691 συμπεριλαμϐάνειν.

447 5691 559 5762 (5)2)
589 5691 726 5745 Editi
762 5699 815 5745 et
844 5688 1083 5762 quinque
1105 5705 1259 5762 mss.,
1288 5688 1507 5762 καθώςῖ
1525 5688 1620 5745 sed
1651 5707 1747 5762 pro
1768 5688 1950 5755 καθώς

375 5764 428 5816 in
458 5759 591 5835 Reg.
622 5770 818 5831 quarto
851 5760 1048 5824 rectius
1072 5759 1285 5832 legitur,
1312 5760 1429 5815 καθ’
1453 5760 1564 5825 οὓς.

2122 5482 2236 5553 (55)
2280 5483 2397 5546 Hic.
2428 5492 2485 5539 ut
2513 5499 2655 5553 saepe
2675 5484 2830 5548 alias,
2863 5487 3100 5555 graviter
3123 5487 3463 5555 olfenderunt
3490 5500 3624 5553 ope-

2050 5566 2144 5615 rae,
2178 5568 2296 5620 quin
2333 5570 2454 5608 cum
2486 5570 2551 5610 ex
2594 5569 2721 5609 mss.
2753 5554 3017 5610 edendum
3060 5565 3227 5620 esset,
3258 5555 3421 5609 παντὶ
3448 5554 3507 5607 δὲ
3532 5570 3624 5607 νο-

2048 5622 2475 5762 ρὲἓξέἔιὲεἴδιὶυιί
2527 5625 2829 5695 cogitantes
2874 5626 3094 5685 edidere
3132 5636 3308 5684 tamen
3353 5625 3532 5681 πάντα
3561 5623 3627 5689 δὲ
