3828 6216
198 279 309 338 513

1111 285 1465 343 COMMENT.
1506 286 1576 342 IN
1613 286 1852 343 ISAIAM
1886 285 2322 342 PROPHETAM.
2354 289 2506 346 CAP.
2541 290 2624 346 lll.

3330 288 3435 344 5M

276 400 399 455 121.
441 402 636 468 Αὐτὸς
684 403 900 475 Κύριος
937 404 1026 468 είς
1070 404 1277 471 κρίσιν
1316 403 1447 471 ἣξει
1483 404 1633 474 μετὰ
1661 403 1780 458 τῶν

1959 405 2075 460 lii.
2119 404 2280 460 Vens.
2324 372 2427 461 14.⁴
2449 407 2571 476 Ipse
2603 408 2856 465 Dominus
2897 412 2953 467 in
2977 410 3251 480 judicium
3278 425 3443 472 veniet

198 492 622 561 πρεσϐυτέρων
666 494 772 550 τοῦ
804 494 982 557 λαοῦ,
1027 496 1126 548 καὶ
1148 497 1299 565 μετὰ
1322 496 1440 549 τῶν
1469 498 1778 565 ἀρχόντων

198 581 411 637 αὐτοῦ.
441 583 562 647 Πῶς
591 584 702 653 (54)
736 586 832 638 καὶ
861 584 1231 656 σφοδροτέραν
1259 587 1358 657 τὴν
1400 589 1719 659 συγκίνησιν
1749 589 1778 640 6

197 673 360 742 λόγος
408 675 659 744 ἐμφαίνει
704 678 762 729 ὲν
809 675 907 745 τῷ,
956 677 1148 743 Αὐτὸς
1176 679 1391 747 Κύριος
1433 683 1519 747 εἰς
1576 680 1778 748 κρίσιν

200 765 370 833 ἧξει;
415 766 539 821 Ἐπὶ
562 768 660 838 μὲν
683 768 793 839 γὰρ
825 766 918 821 τοῦ
949 768 1080 822 λαοῦ
1111 768 1326 839 εἴρηται
1358 770 1439 833 τὸ,
1469 769 1778 837 Καταστή-

197 871 368 911 aetat
400 857 512 928 (55)
540 862 621 925 εἰς
658 862 864 928 κρίσιν
892 860 1126 927 Κύριος,
1159 862 1258 914 καὶ
1293 860 1508 926 στήσει
1541 863 1627 927 είς
1651 861 1776 928 κρί-

197 962 307 1002 σιν
331 949 439 1003 τὸν
466 951 623 1004 λαὸν
664 952 851 1006 αὐτοῦ
869 968 882 982 ο
915 952 1006 1004 ἐπὶ
1046 951 1103 1005 δὲ
1127 951 1234 1004 τῶν
1264 951 1646 1023 πρεσϐυτέρων
1679 953 1775 1004 καὶ

195 1037 308 1090 τῶν
350 1039 629 1109 ἀρχόντων
665 1040 747 1103 τὸ,
799 1039 993 1105 Αὐτὸς
1031 1041 1245 1107 Κύριος
1288 1042 1376 1105 εὶς
1409 1040 1612 1107 κρίσιν
1661 1038 1775 1110 (56)

196 1125 353 1193 ἣξει.
387 1127 609 1199 Πρῶτον
642 1132 763 1200 μὲν,
799 1130 888 1182 ἵνα
933 1127 1294 1199 διδαχθῶμεν,
1325 1129 1407 1182 ὅτι
1455 1130 1684 1193 ἕκαστος
1716 1131 1776 1182 ἐν

194 1215 275 1287 τῷ
308 1217 423 1289 ἰδίῳ
464 1219 704 1289 τάγματι
746 1219 1141 1291 κριθησόμεθα,
1187 1221 1217 1271 6
1261 1218 1407 1283 λαὸς,
1445 1221 1494 1271 oi
1534 1219 1776 1291 πρεσϐύ-

195 1324 367 1377 τεροι,
393 1310 440 1360 οί
470 1309 747 1379 ἄρχοντες.
778 1310 842 1362 Ὀ
863 1307 980 1378 μὲν
1002 1309 1109 1378 γὰρ
1140 1307 1482 1378 ἐλάχιστος,
1514 1325 1774 1378 συγγνω-

194 1398 344 1466 στός
367 1398 538 1452 ἐστιν
554 1399 795 1466 ἐλέους’
822 1398 1065 1453 δυνατοὶ
1100 1398 1170 1451 δὲ
1206 1399 1477 1465 δυνατῶς
1520 1399 1772 1466 ἐτασθή-

1881 511 1998 547 cum
2047 497 2339 549 senioribus
2392 498 2588 565 papuli,
2651 510 2697 553 et
2753 516 2871 553 cum
2923 502 3244 569 principibus
3297 502 3436 571 ejus.

1878 585 2157 640 Acriorem
2202 587 2431 656 quodam
2489 589 2647 642 modo
2698 592 3116 644 commotionem
3163 590 3444 661 Scriptura

1879 677 2080 731 indicat
2109 677 2192 731 bis
2218 679 2441 739 verbis;
2471 677 2593 748 Ipse
2622 680 2872 735 Dominus
2903 683 2954 734 in
2969 682 3233 752 judicium
3263 687 3446 744 ueniet.

1880 768 1953 821 De
1984 768 2178 837 populo
2212 770 2430 836 quidem
2470 771 2673 825 dictum
2708 783 2790 825 est
2819 791 2832 826 :
2880 771 3243 828 Constituetur
3278 775 3333 828 in
3353 775 3446 843 ju-

1876 859 2074 913 dicium
2129 861 2413 928 Dominus,
2467 874 2517 916 et
2579 865 2718 918 sistet
2773 865 2830 919 in
2878 866 3145 936 judicium
3196 869 3445 936 populum

1875 966 2048 1005 suum.
2100 952 2171 1004 At
2209 968 2336 1006 vero
2385 953 2449 1007 de
2488 955 2797 1009 senioribus
2828 957 3272 1026 principibusque
3303 959 3443 1013 dici-

1878 1048 1963 1094 tur
2002 1058 2018 1098 :
2060 1041 2179 1112 Ipse
2225 1043 2480 1098 Dominus
2537 1045 2593 1099 in
2642 1047 2916 1114 judicium
2962 1050 3150 1104 veniet.
3197 1049 3438 1104 Primum

1874 1132 2118 1202 quidem,
2160 1142 2218 1187 ut
2256 1134 2549 1188 doceamur
2599 1135 2732 1202 fore,
2771 1148 2828 1191 ιιι
2865 1153 2963 1192 δυο
3011 1139 3213 1209 quique
3250 1141 3441 1194 ordine

1867 1224 2192 1294 judicemur,
2251 1227 2507 1295 populus,
2553 1229 2832 1293 seniores,
2884 1230 3181 1299 principes.
3232 1228 3441 1301 Exiguo

1871 1313 2008 1366 enim
2041 1314 2340 1366 conceditur
2366 1316 2724 1369 misericordia
2752 1330 2770 1368 :
2799 1327 3028 1387 potentes
3058 1327 3233 1372 autem
3263 1328 3441 1387 poten-

1872 1412 1950 1456 ter
1981 1406 2422 1460 examinabuntur
2449 1406 2513 1458 ³⁸.
2546 1407 2739 1476 Liquet
2765 1419 2943 1463 autem
2976 1410 3027 1463 in
3059 1409 3319 1476 judicium
3354 1425 3439 1465 νον

191 1504 427 1542 σονται.
461 1489 631 1561 Δῆλον
661 1490 737 1554 δὲ,
770 1491 851 1545 ὅτι
882 1493 961 1553 εἰς
995 1490 1176 1561 κρίσιν
1204 1491 1518 1561 ἐρχόμενος,
1554 1492 1652 1545 οὐκ
1681 1493 1771 1543 ἐπὶ

1870 1495 2129 1558 nientem,
2164 1512 2268 1550 non
2302 1497 2367 1551 ad
2392 1497 2766 1567 judicandum,
2799 1502 2892 1554 sed
2927 1502 2993 1554 ad
3025 1501 3438 1555 discernendum

190 1580 272 1651 τῷ
304 1585 509 1654 κρῖναι,
537 1581 649 1636 ἀλλ’
681 1583 775 1636 ἐπὶ
819 1582 898 1653 τῷ
941 1583 1213 1655 διακρῖναι
1256 1583 1366 1653 (57)
1393 1583 1534 1653 ἥξει.
1564 1583 1638 1635 Οὐ
1661 1583 1770 1653 γὰρ

1868 1586 2074 1640 venire.
2114 1586 2228 1640 Non
2252 1589 2393 1643 enim
2416 1599 2496 1644 est
2528 1588 2909 1661 463judicis
2944 1608 3063 1646 cum
3088 1591 3258 1661 iisqui
3291 1592 3406 1660 judi
3434 1622 3440 1627 ε

188 1671 287 1724 τοῦ
317 1673 598 1743 κρίνοντος
631 1674 746 1727 ἐστι
775 1673 915 1744 μετὰ
966 1675 1075 1728 τῶν
1125 1675 1461 1747 κρινομένων
1511 1673 1765 1744 ἔρχεσθαι

1869 1682 2077 1738 cantor,
2112 1673 2177 1726 ad
2210 1674 2467 1742 judicium
2492 1678 2677 1730 venire
2713 1697 2724 1731 :
2758 1677 2852 1731 sed
2885 1691 3071 1730 eorum
3096 1689 3198 1740 est.
3232 1679 3321 1747 qui
3353 1679 3436 1746 Ῑιῖο

187 1763 331 1834 πρὸς
362 1765 461 1836 τὴν
487 1766 687 1837 κρίσιν,
708 1764 842 1819 ἀλλὰ
875 1765 980 1818 τῶν
1004 1766 1339 1836 κρινομένων
1375 1765 1490 1835 μετ’
1521 1764 1764 1835 ἀλλήλων

1867 1765 2076 1817 dicundi
2129 1778 2273 1829 sunt,
2327 1767 2489 1821 simul
2534 1767 2790 1822 collectos
2819 1768 3054 1835 judicent
3090 1770 3262 1823 adire.
3302 1770 3437 1824 Cum

187 1856 439 1927 ἀπαντᾷ-ν
490 1857 627 1928 πρὸς
655 1855 747 1910 τὸν
776 1857 1049 1928 κρίνοντα.
1096 1854 1298 1909 Ἐλθὼν
1346 1856 1403 1909 δὲ
1452 1858 1531 1918 εἰς
1583 1855 1763 1926 κρίσιν

1871 1865 2048 1907 autem
2079 1856 2143 1908 ad
2170 1854 2434 1921 judicium
2479 1873 2604 1927 cum
2656 1858 2791 1926 ipsis
2840 1859 3083 1922 venerit,
3127 1862 3310 1913 statim
3346 1876 3439 1914 eos

192 1947 529 2015 μετ’ώτῶν,
555 1948 716 2010 εὐθὺς
747 1949 840 2002 καὶ
882 1947 1165 2015 ἐγκαλέσει
1193 1946 1545 2015 ἐλεγκτικῶς,
1568 1945 1761 2014 λέγων’

1865 1955 2140 2015 coarguet,
2193 1947 2350 1999 modo
2399 1948 2766 2019 objurgatorio
2819 1951 3003 2004 dicens
3054 1951 3240 2020 (Vens.
3285 1952 3434 2024 l5):

200 2037 403 2110 ’Υμεῖς
430 2037 500 2092 δὲ
517 2040 574 2092 τί
595 2040 990 2109 ἐνεπυρίσιιτέ
1005 2058 1124 2108 μου
1158 2040 1264 2093 τὸν
1284 2039 1626 2108 ἀμπελῶνα,
1665 2039 1764 2092 καὶ

1874 2034 1973 2089 l’os
2034 2047 2231 2103 autem,
2275 2041 2456 2106 utquid
2486 2042 2787 2094 inremtistis
2817 2042 3019 2095 vineam
3049 2059 3241 2106 meam,
3271 2053 3315 2095 et
3349 2060 3437 2096 ra-

185 2129 227 2196 ἠ
272 2128 512 2197 ἁρπαγὴ
562 2129 671 2183 τοῦ
718 2129 956 2196 πτωχοῦ
984 2129 1054 2182 ἑν
1082 2129 1207 2195 τοῖς
1258 2129 1448 2194 οἴκοις
1472 2128 1640 2198 ὑμῶν
1663 2145 1682 2191 ;
1709 2130 1766 2183 τί

1865 2127 1985 2194 pina
2010 2128 2253 2194 pauperis
2279 2130 2333 2180 in
2356 2127 2596 2181 domibus
2626 2131 2805 2184 vestris
2831 2132 2855 2185 ?
2888 2132 3069 2200 utquid
3118 2147 3206 2183 vos
3234 2130 3435 2199 injuria

184 2219 360 2288 ὑμεῖς
378 2219 640 2273 ἀδικεῖτε
666 2221 774 2274 τὸν
795 2221 950 2274 λαόν
986 2237 1106 2290 μου
1134 2219 1245 2292 (58)
1269 2237 1284 2287 ;
1312 2219 1761 2290 Βουλευσὼμεθα,

1865 2217 2063 2283 efﬁcitis
2105 2219 2351 2287 populum
2401 2221 2614 2272 meum?
2649 2220 2903 2275 Seniores
2956 2236 3019 2274 ac
3053 2222 3233 2290 populi
3281 2222 3432 2291 prin-

182 2313 233 2363 οί
260 2312 624 2382 πρεσϐύτεροι
646 2313 739 2365 καὶ
781 2313 830 2365 oi
856 2313 1113 2383 ἄρχοντες
1141 2312 1235 2365 τοῦ
1265 2310 1418 2372 λαοῦ,
1448 2310 1501 2363 τί
1531 2314 1762 2382 ἀποκρι-

179 2400 409 2474 νώμεθα
451 2402 528 2471 τῷ
570 2402 920 2470 ἐγκαλοῦντν
973 2402 1170 2472 μᾶλλον
1220 2401 1277 2453 δὲ
1334 2400 1640 2473 εὐξώμεθα,
1685 2403 1759 2474 μὴ

185 2488 553 2560 ὲςρευρεθῆναι
608 2489 676 2542 τὰ
708 2490 833 2556 ἄξια
864 2489 958 2546 τοῦ
1005 2489 1351 2556 ἐγκαλεῖσθαι
1396 2491 1465 2544 τὰ
1510 2492 1756 2547 τοιαῦτα.

179 2581 353 2651 Δῆλον
391 2581 521 2652 γὰρ,
556 2583 640 2635 ὄτι
671 2583 806 2653 πρὸς
856 2584 1002 2653 ἡμᾶς
1052 2584 1080 2634 6
1128 2576 1342 2650 λόγος⁰’
1371 2585 1499 2647 τοὺς
1552 2584 1652 2660 μὲν
1702 2586 1760 2637 ἐν

176 2670 581 2742 πρεσϐυτερίῳ,
642 2675 771 2737 τοὺς
820 2673 877 2727 δὲ
925 2675 986 2727 ὲν
1049 2673 1255 2744 μείζονι
1305 2676 1437 2745 τιμῇ
1483 2674 1578 2727 τοῦ
1629 2674 1758 2728 λαοῦ

180 2763 555 2830 προεστῶτας.
602 2765 929 2819 Ἐπίστευσα
963 2766 1090 2837 ὑμῖν
1134 2765 1376 2835 ἄμπελον
1406 2765 1757 2838 εὑθηνοῦσαν,

177 2854 361 2908 πᾶσαν
392 2855 673 2927 ἀληθινὴν,
720 2859 798 2921 είς
851 2858 910 2911 τὸ
960 2861 1135 2911 ποιεῖν
1166 2859 1333 2930 αὐτὴν
1367 2859 1499 2922 τοὺς
1533 2856 1758 2924 δέοντας
1788 2866 1796 2874 “

177 2946 431 3016 καρποὺς
462 2946 549 2999 διὰ
574 2946 673 3015 τῆς
700 2947 1015 3017 ἐπιμελείας
1047 2946 1200 3018 ὑμῶν
1226 2963 1239 2977 ο
1296 2948 1455 3018 ὑμεῖς
1488 2947 1544 3000 δὲ
1570 2949 1629 3001 ου
1663 2950 1758 3018 μό-

175 3054 271 3090 νον
301 3035 932 3110 ἁπεχερσὼσατεαύτὴν,
958 3037 1095 3090 ἀλλὰ
1122 3038 1217 3090 καὶ
1250 3040 1753 3109 προσενεπρήσατε.

173 3127 351 3183 Τοῦτο
381 3127 438 3181 δὲ
466 3128 695 3196 γίνεται,
730 3129 858 3183 ὅταν
900 3132 1034 3200 πρὸς
1079 3128 1157 3200 τῷ
1195 3129 1304 3200 (59)
1351 3130 1424 3201 μὴ
1479 3131 1752 3184 διδάσκειν

170 3220 241 3274 τὰ
268 3220 480 3284 δέοντα,
502 3220 581 3275 ἔτι
607 3223 700 3275 καὶ
723 3221 813 3275 τὸν
847 3224 911 3275 ἐκ
932 3221 1034 3289 τῆς
1057 3221 1373 3284 δυσσεϐείας
1399 3223 1749 3294 ἐμπρησμὸν,

171 3306 288 3364 οἶόν
320 3328 444 3365 τινα
474 3311 647 3380 φλόγα
677 3312 949 3383 ἕρπουσαν
976 3309 1275 3381 πανταχοῦ,
1302 3313 1396 3365 καὶ
1429 3314 1515 3364 ἀεὶ
1547 3313 1615 3365 τὰ
1639 3330 1754 3366 συν-

173 3405 277 3472 εχῆ
322 3401 856 3472 ἐπιλαμϐανομένην,
891 3404 985 3457 καὶ
1025 3405 1104 3465 εἰς
1132 3403 1222 3455 τὸν
1250 3402 1549 3472 ἀμπελῶνα
1571 3419 1751 3474 παρα-

171 3492 478 3562 ἂξὼμεθα,
509 3494 570 3545 Οἱ
601 3509 666 3546 τα
700 3492 809 3561 (60)
843 3492 982 3557 τέως
1014 3491 1274 3546 θάλλοντα
1300 3494 1395 3545 καὶ
1422 3492 1752 3563 εὐθηνοῦντα

173 3584 244 3637 τὰ
290 3584 545 3654 κλήματα
576 3582 716 3654 ξηρὰ
740 3584 835 3637 καὶ
867 3584 1091 3655 ἀπρεπῆ
1142 3585 1235 3637 κα)⁵
1280 3583 1505 3654 ἄκαρπα
1556 3585 1754 3636 ἐπιδει-

173 3676 452 3739 κνύοντες,
481 3676 575 3728 καὶ
605 3676 655 3727 οἱ
685 3676 752 3729 τὰ
776 3676 840 3728 ὲκ
869 3675 977 3729 τῶν
1023 3676 1433 3746 πεπυρωμένων
1458 3675 1627 3745 βελῶν
1654 3674 1751 3728 τοῦ

171 3768 427 3823 διαϐόλου
472 3769 798 3839 ὲγγινόμενα
831 3768 975 3839 πάθη
1024 3769 1100 3839 μὴ
1150 3769 1488 3832 σϐεννύντες,
1524 3768 1659 3821 ἀλλὰ
1683 3772 1749 3841 τῇ

172 3857 394 3912 ἑκλύσει
413 3856 507 3911 τοῦ
541 3857 657 3929 βίου
679 3857 773 3911 τοῦ
791 3858 913 3912 καθ’
939 3860 1162 3922 ἑαυτοὺς
1182 3858 1348 3911 πολλὰ
1363 3859 1608 3928 γίνεσθαι
1622 3876 1755 3927 συγ-τ

173 3950 500 4021 χωροῦντες,
515 3950 874 4022 ὲμπυρίζουσι
899 3950 989 4003 τὸν
1004 3949 1316 4021 ἀμπελῶνα.
1336 3950 1495 4004 Ἀλλὰ
1510 3952 1602 4004 καὶ
1623 3953 1650 4004 6
1665 3951 1752 4004 διὰ

172 4043 276 4114 τῆς
303 4042 832 4111 ήδείαςτπλεονεξίας
852 4042 1080 4106 πολλοὺς
1109 4045 1190 4106 εἰς
1213 4042 1311 4112 τὴν
1332 4042 1438 4095 τῶν
1458 4042 1752 4112 ἀλλοτρίων

170 4133 472 4204 ἐπιθυμίαν
500 4132 957 4205 προκαλούμενος,
985 4132 1276 4204 ὲμπυρίζει
1308 4133 1400 4186 τὸν
1432 4130 1749 4202 ἀμπελῶνα.

184 4225 575 4280 Ἐπισυνάπτει
602 4224 735 4293 γοῦν
762 4225 842 4288 τὸ,
875 4226 980 4278 Kal
1004 4225 1043 4293 ἡ
1085 4223 1321 4293 ἁρπαγὴ
1360 4222 1467 4276 τοῦ
1513 4223 1751 4291 πτωχοῦ

1863 2306 2032 2372 cipes,
2066 2308 2194 2375 quid
2222 2309 2391 2361 simus
2421 2310 2468 2362 ei
2508 2310 2556 2361 in
2584 2308 2674 2377 jus
2701 2311 2909 2364 vocanti
2946 2312 3281 2379 responsuri,
3313 2327 3434 2381 per-

1861 2398 2158 2466 pendamus
2197 2414 2212 2451 :
2255 2398 2363 2452 imo
2393 2413 2523 2453 vero
2557 2415 2863 2468 precemur,
2916 2408 2974 2454 ut
3020 2402 3071 2455 in
3116 2404 3272 2457 nobis
3305 2401 3432 2456 talia

1862 2486 2085 2541 minime
2114 2487 2479 2551 inveniantur,
2513 2505 2632 2559 quae
2663 2493 3087 2562 reprehensione
3114 2493 3271 2563 digna
3298 2494 3430 2548 sint.

1861 2577 2207 2646 Compertum
2253 2593 2336 2635 est
2369 2584 2532 2648 enim,
2576 2584 2690 2638 haec
2727 2586 2887 2656 verba
2917 2585 2984 2638 ad
3025 2601 3122 2640 nos
3152 2595 3426 2653 spectare,

1860 2684 2090 2738 quorum
2134 2672 2222 2726 alii
2258 2675 2493 2744 cooptati
2544 2684 2669 2729 sunt
2712 2676 2765 2729 in
2812 2678 3248 2747 presbyterorum
3287 2680 3435 2733 ordi-

1860 2776 2003 2826 nem,
2032 2761 2121 2815 alii
2159 2778 2289 2818 vero
2321 2764 2372 2817 in
2401 2764 2607 2821 honore
2636 2777 2690 2820 et
2712 2767 2880 2836 gradu
2911 2768 3100 2837 majori
3128 2769 3430 2835 constituti,

1859 2851 2055 2920 pupulo
2089 2864 2348 2922 praesunt.
2377 2854 2707 2910 Concredidi
2745 2857 2896 2910 vobis
2927 2858 3139 2912 vineam
3173 2857 3430 2924 fertilem,

1859 2955 2026 2997 totum
2066 2960 2272 3010 veram,
2305 2955 2363 2999 ut
2410 2961 2541 2999 cura
2575 2957 2753 3002 vestra
2785 2963 2849 3001 ac
2887 2946 3164 3017 diligentia
3214 2948 3431 3006 fructus

1860 3032 2081 3087 idoneos
2112 3036 2297 3089 ederet
2328 3058 2340 3091 ;
2389 3051 2484 3090 vos
2517 3048 2699 3090 autem
2737 3052 2844 3091 non
2880 3038 2928 3091 ei
2962 3039 3135 3091 solum
3172 3039 3432 3094 intulistis

1861 3126 2202 3189 vastitatem,
2238 3128 2330 3182 sed
2370 3128 2538 3197 ipsam
2584 3129 2746 3182 etiam
2785 3129 3121 3184 incendistis.
3154 3127 3212 3183 ld
3243 3141 3426 3185 autem

1861 3217 2144 3286 contingit,
2175 3232 2294 3271 cum
2325 3231 2683 3287 prsetcrqnam
2717 3220 2859 3289 quod
2888 3235 2991 3273 non
3021 3221 3278 3276 docemus
3308 3236 3429 3291 quae

1858 3304 2015 3359 ofﬁcii
2062 3316 2186 3360 sunt
2212 3322 2276 3361 ac
2305 3309 2543 3362 muneris
2569 3349 2582 3371 ,
2613 3309 2775 3363 etiam
2819 3322 2882 3362 ex
2927 3309 3208 3379 impietate
3242 3310 3432 3366 incen-

1859 3397 2006 3451 dium
2041 3400 2192 3467 quasi
2218 3400 2514 3467 ,quamdam
2559 3397 2830 3453 llammnm
2864 3391 3062 3468 ubique
3096 3412 3429 3468 serpentem,

1858 3500 1913 3544 et
1941 3505 2199 3559 perpetuo
2226 3502 2406 3560 partes
2429 3492 2712 3560 contiguas
2734 3493 3098 3556 invadentetn,
3126 3493 3178 3546 in
3212 3494 3428 3547 vineam

1860 3581 2184 3637 inducimus.
2212 3583 2312 3649 Qui
2350 3584 2586 3636 virentes
2616 3583 2879 3637 hactenus
2910 3585 3214 3652 uberesque
3241 3582 3432 3652 palmi-

1861 3681 1942 3728 tes
1967 3674 2197 3729 rcddunt
2225 3675 2439 3742 aridos,
2480 3672 2772 3740 deformes,
2821 3674 3214 3739 infructuosos,
3245 3687 3300 3730 et
3335 3676 3430 3746 qui

1857 3766 1985 3819 vitia
2014 3781 2078 3820 ex
2110 3767 2292 3834 ignitis
2318 3767 2512 3821 diaboli
2544 3766 2741 3835 iaculis
2766 3778 2891 3821 nata
2919 3784 3024 3821 non
3050 3768 3427 3836 exstinguunt.

1859 3855 1968 3908 imo
2015 3856 2178 3909 etiam
2229 3871 2339 3911 sua:
2375 3858 2498 3913 vitae
2540 3859 2763 3926 privatas
2816 3858 3227 3929 intemperantia
3282 3858 3431 3913 vitiis

1860 3942 2046 4002 multis
2064 3950 2190 4015 dant
2209 3949 2406 4015 locum,
2431 3951 2485 4004 hi
2512 3951 2721 4005 vineam
2754 3951 3068 4009 incendunt.
3100 3951 3239 4018 Quin
3258 3952 3426 4006 etiam

1859 4042 1951 4110 qui
1983 4058 2076 4111 per
2108 4042 2357 4097 stolidam
2389 4045 2672 4099 avaritiam
2714 4034 2795 4098 ad
2828 4044 3005 4099 aliena
3040 4044 3181 4099 bona
3225 4059 3425 4098 concu-

1858 4134 2111 4203 piscenda
2144 4135 2339 4190 multos
2370 4135 2579 4202 invitat,
2612 4136 2657 4191 is
2687 4136 2924 4191 incendit
2950 4135 3181 4189 vineam.
3214 4135 3422 4204 Adjun-

1859 4225 1934 4294 git
1961 4224 2124 4295 igitur
2147 4224 2280 4279 illud
2321 4242 2335 4280 :
2372 4224 2439 4279 Et
2486 4226 2670 4295 rapina
2697 4226 2942 4295 pauperis
2973 4226 3027 4278 in
3055 4223 3297 4278 domibus
3340 4241 3428 4278 ve-

168 4316 394 4382 ἐντοῖς
422 4317 612 4383 οἶκοις
636 4316 824 4386 ὑμῶν.
859 4317 1019 4370 Ὥστε
1070 4318 1163 4371 καὶ
1218 4319 1265 4370 οί
1318 4316 1501 4371 ἄδικον
1559 4315 1751 4384 κτῆσιν

1865 4318 2002 4371 stris.
2032 4318 2216 4387 Itaque
2237 4319 2325 4386 qui
2358 4318 2589 4387 injustas
2609 4334 2740 4389 opes
2768 4319 2956 4387 rapina
2978 4329 3031 4374 et
3061 4318 3111 4372 vi
3143 4318 3429 4390 colligunt,

168 4410 282 4463 ἀπὺ
324 4408 582 4479 ἁρπαγῆς
618 4410 714 4462 καὶ
747 4408 868 4477 βίας
893 4407 1260 4477 συλλέγοντες,
1293 4408 1471 4461 αἰτίαν
1518 4406 1612 4459 τοῦ
1654 4408 1751 4476 ὲμ-
1784 4440 1786 4490 ί

1865 4409 2026 4463 vineae
2072 4410 2324 4466 incendio
2369 4424 2589 4464 causam
2645 4424 2944 4479 ansamqne
3000 4410 3132 4463 dant
3180 4409 3431 4479 exemplo

168 4500 435 4572 πρησμοῦ
475 4499 553 4571 τῷ
592 4500 877 4571 ἀμπελῶνι
909 4499 1257 4572 παρέχουσιν,
1292 4502 1356 4552 ὲκ
1388 4497 1479 4552 τοῦ
1513 4497 1752 4568 πονηροῦ

1865 4517 2047 4571 pravo,
2083 4517 2191 4571 quo
2224 4502 2404 4558 omnis
2429 4503 2592 4557 etiam
2635 4502 2864 4572 populus
2902 4501 2992 4556 alii
3025 4500 3254 4556 aliorum
3287 4502 3431 4556 bona

168 4589 572 4660 ὑποδείγματος
615 4588 711 4642 τοῦ
761 4589 903 4643 κατὰ
941 4589 1070 4651 τοὺς
1122 4587 1469 4659 προεστῶτας
1519 4586 1613 4639 κα)⁵
1656 4583 1751 4638 τοῦ

1865 4592 2230 4660 praefectorum
2301 4595 2606 4651 imitatione
2662 4594 3047 4663 concupiscere
3101 4594 3420 4648 edocentur.

167 4682 304 4736 λαοῦ
344 4683 547 4746 παντὸς
594 4684 675 4746 εἰς
708 4682 809 4754 τὴν
849 4682 969 4736 κατ’
1000 4681 1244 4752 ἀλλήλων
1274 4678 1586 4746 πλεονεξίαν
1623 4695 1752 4732 παι-

1865 4682 2117 4741 Seniores
2147 4687 2314 4756 igitur
2339 4702 2404 4744 ac
2433 4687 2725 4758 principes,
2759 4685 2851 4755 qui
2876 4698 2974 4756 per
3005 4700 3195 4741 sanam
3224 4685 3430 4739 doctri-

238 4796 287 4829 ⁸⁸
322 4796 453 4867 Sap.
494 4812 567 4865 vt,
594 4797 646 4856 7.

241 4934 370 5014 (54)
400 4934 564 5014 Editi,
605 4934 838 5014 ἐνταῦθρι
874 4935 1011 5014 πῶς.
1053 4934 1167 5014 Y9;
1212 4934 1363 5014 prior
1394 4935 1445 4989 in
1474 4950 1603 4990 mss.
1643 4953 1750 5014 non

1865 4943 2148 5014 διακρῖναι,
2187 4943 2301 4998 sive
2343 4942 2709 5014 διακριθῆναι,
2736 4950 2795 5014 ιιι
2822 4940 2876 5014 in
2918 4938 3070 4994 Colb.
3104 4937 3299 5008 primo,
3332 4938 3431 5002 ita,

170 5003 467 5059 invenitur.
498 5003 610 5059 Hoc
650 5006 765 5074 ipso
794 5006 847 5059 in
880 5006 999 5060 loco
1031 5006 1157 5059 editi
1187 5016 1242 5060 et
1278 5005 1410 5073 Reg.
1456 5008 1751 5073 secundus,
1859 5003 2056 5067 Dircaeo
2083 5003 2240 5074 teste,
2275 5014 2329 5066 in
2364 5003 2705 5067 Hen'rici'ano
2723 5010 3076 5065 desideratur.

405 5091 557 5156 epos;
574 5074 676 5156 Alii
706 5077 1137 5156 qtti_nqtte__mss.,
1155 5074 1537 5156 σφοδροτέραν,

1895 5083 2051 5156 ,(58)-
2076 5084 2293 5151 Antiqui
2329 5095 2438 5137 tres
2476 5084 2621 5147 libri,
2660 5082 2752 5156 τρν
2790 5078 3089 5152 ἀμπελῶνα
3120 5094 3243 5156 μορ,
3282 5075 3427 5156 inju-

243 5142 360 5214 (55)
399 5142 492 5199 Sic
518 5142 832 5200 Combelisii
853 5142 1068 5200 codices
1092 5154 1147 5199 et
1174 5142 1369 5201 nostri.
1394 5142 1555 5213 Editi,
1586 5165 1755 5203 κατα·
1859 5142 2171 5215 νίάαρῖείιὶε
2202 5142 2402 5207 vineam
2447 5142 2635 5207 meum.
2668 5151 2790 5206 Mox
2821 5142 2952 5206 t'ttss.
2998 5142 3262 5215 nonnulli,
3288 5142 3427 5199 ἀπο-

278 5231 383 5267 σει.
1858 5222 2211 5276 κοινούμεθα.

170 5216 383 5285 στήσει.
881 5283 892 5294 ⁸
1858 5222 2211 5294 κρινούμεθα.

201 5355 216 5363 _
240 5284 372 5363 (56).
388 5281 645 5338 Additum
675 5291 759 5339 est
790 5297 821 5338 e
855 5282 1013 5338 libris
1034 5293 1271 5354 quatuor
1303 5285 1579 5341 veteribus
1602 5287 1752 5354 illud,
1925 5291 2036 5363 (59)
2075 5292 2213 5346 Editi
2238 5301 2292 5363 et
2329 5302 2437 5346 tres
2465 5306 2621 5363 mss”
2653 5289 2735 5343 τό.
2769 5289 2869 5363 Alii
2902 5298 3030 5355 tres,
3053 5287 3151 5360 τῷ.

166 5354 533 5435 ειεξιξίεειι.
618 5422 694 5435 _.
785 5423 820 5435 ..
935 5423 961 5435 -
1119 5423 1179 5435 --
1413 5424 1424 5435 .
1514 5424 1575 5435 κ.

1928 5354 2042 5435 (60)
2070 5362 2297 5435 ΕιΙὶιίςῆ
2344 5364 2431 5417 τά.
2465 5361 2574 5435 Nec
2600 5354 3162 5435 entendatioressnnt
3208 5354 3425 5435 codices

239 5422 356 5495 (57)
383 5423 533 5505 .Edili
568 5431 634 5505 ἐξ
666 5422 900 5505 ᾼιιειῑοη
931 5423 1295 5505 διακριθῆναι,
1323 5424 1424 5505 sed
1464 5424 1755 5505 ulrjudicio

1865 5422 1993 5495 tres,
2022 5422 2097 5505 "in
2147 5422 2342 5505 quibus
2387 5434 2602 5505 legitur,
2641 5424 2767 5505 sicut
2793 5446 2807 5459 ·
2842 5430 2934 5505 sed
2968 5430 3028 5505 in
3053 5428 3188 5505 _a|iis_
3216 5425 3427 5505 duobus

166 5493 474 5569 contendat,
501 5493 583 5548 vel
604 5494 812 5562 judicio
832 5495 1159 5569 experiatur.
1177 5493 1253 5548 ’At
1280 5503 1505 5569 utenque
1525 5493 1755 5549 Combe-
1854 5493 2137 5569 emendate
2165 5493 2800 5569 scriptmnvinvenimus,
2836 5501 2885 5552 εἰ
2918 5498 3005 5552 τά.
3050 5493 3423 5569 Statimediti,

167 5565 395 5643 fisiauus
418 5578 541 5617 cum
565 5574 797 5643 utroque
823 5563 1358 5643 Colbertinoetcum
1384 5563 1515 5643 μσς.
1535 5575 1751 5634 quarto,

1865 5569 1992 5643 ξηρὰ
2031 5571 2125 5643 καὶ
2171 5563 2405 5643 ἀτερπῆ.
2452 5573 2521 5626 At
2570 5580 2793 5641 uterque
2844 5566 3113 5634 Combel‘.,
3145 5563 3285 5638 ξηρὰ
3329 5563 3427 5627 καὶ

164 5633 470 5711 διακρῖναι,
492 5635 583 5687 sed
609 5643 666 5711 ut
686 5633 949 5711 discernat
977 5634 1120 5711 inter
1141 5633 1494 5711 jud_i_eandos._
1511 5633 1570 5711 et
1594 5649 1750 5711 suum

1865 5633 2092 5711 Ξιπρεπῆ.

166 5702 369 5779 cuique
399 5718 495 5773 pro
532 5703 724 5761 merito
760 5703 969 5761 reddat.
1000 5702 1192 5761 Totum
1230 5703 1382 5769 illud,
1410 5703 1525 5757 ἀλλ’
1553 5704 1646 5757 ἐπὶ
1674 5704 1752 5776 τῷ
