3828 6216
379 337 490 392 515

1341 328 1693 385 APPENDiX
1731 325 2018 386 οΡΕιιυιι
2059 325 2114 381 S.
2159 323 2404 381 BASILII
2441 321 2673 379 MAGNI.

3539 320 3649 377 5ἒὸ

381 467 508 504 nam
543 465 607 504 ac
639 465 734 519 per
757 449 898 505 bona
929 448 1054 502 vita:
1081 448 1304 518 privatae
1332 447 1580 516 exempla
1617 463 1722 500 non
1754 445 1958 502 excoli-

2088 440 2308 512 ῖοτριϐου
2320 439 2506 511 μένου.
2539 433 2908 508 Πρεσϐύτεροι
2935 431 3027 488 οὖν
3055 434 3150 487 καὶ
3177 433 3458 506 ἄρχοντες,
3486 436 3534 487 0i
3568 435 3646 506 μὴ

385 560 506 598 llttts
556 543 806 604 vineam,
849 541 1040 595 borum
1091 541 1490 595 accusabimur.
1529 538 1640 593 Nec
1687 538 1959 592 immerito

384 651 571 691 sumus
609 635 845 690 audituri
877 633 1004 687 illud
1033 651 1047 688 :
1085 630 1154 684 Et
1189 633 1374 700 rapina
1409 629 1656 700 pauperis
1689 629 1744 682 in
1783 629 1955 682 domi-

384 727 480 780 bus
496 727 710 790 vestris;
750 725 945 794 siqua:
988 737 1250 777 concessa
1281 731 1409 776 sunt
1448 735 1740 789 pauperum
1782 719 1959 773 suble-

384 820 681 873 vandornm
707 833 894 883 causa,
919 817 1064 871 domi
1093 817 1448 880 retineamus,
1478 824 1642 883 atque
1667 813 1960 882 spoliemus

384 907 710 978 indigentes.

457 1161 581 1217 122.
622 1163 788 1218 Vens.
821 1162 909 1219 15.
955 1162 1094 1229 Quid
1120 1179 1210 1218 vos
1233 1163 1436 1232 injuria
1473 1165 1680 1234 aﬂicitis
1707 1166 1960 1235 populum

384 1270 559 1308 meum
579 1294 594 1317 ,
623 1265 671 1308 et
697 1254 896 1308 vultum
927 1271 1216 1324 pauperum
1242 1255 1612 1324 confunditis?
1639 1253 1754 1310 Mos
1783 1266 1867 1309 est
1896 1257 1962 1310 iis

385 1345 480 1412 qui
515 1345 764 1414 injuriam
807 1345 1079 1410 inferunt,
1112 1353 1166 1398 et
1191 1345 1444 1414 spoliant,
1484 1356 1561 1411 ut,
1598 1361 1718 1402 cum
1755 1361 1786 1400 a
1818 1347 1962 1402 laesis

385 1436 822 1506 expostulantur,
856 1437 1202 1492 contumeliis
1244 1447 1298 1491 et
1345 1437 1612 1491 conviciis
1655 1437 1798 1506 ipsos
1832 1452 1963 1491 con-

387 1525 654 1593 fundant,
723 1527 1118 1597 vilipendentes
1167 1542 1231 1581 ac
1281 1528 1464 1597 plagas
1522 1529 1961 1592 comminantes,

386 1635 592 1690 eosque
640 1628 896 1688 tanquam
939 1620 1181 1689 litigandi
1213 1620 1438 1688 cupidos
1465 1620 1832 1674 traducentes.
1858 1620 1964 1674 Ita-

387 1727 494 1781 que
539 1727 643 1765 non
671 1711 846 1766 solum
885 1712 995 1773 ait,
1025 1709 1230 1779 lnjuria
1271 1709 1488 1765 adicitis
1515 1725 1836 1781 pauperem,
1869 1711 1962 1781 qui

2060 532 2148 585 διὰ
2179 533 2278 602 τῆς
2313 528 2666 600 ὑγιαινούσης
2697 525 3043 588 διδασκαλίας
3091 525 3184 579 καὶ
3221 523 3330 579 τῶν
3373 525 3514 578 κατὰ
3553 526 3649 578 τὸν

2063 623 2192 676 ἴδιον
2243 623 2356 692 βίον
2421 618 2643 690 ἀγαθῶν
2710 617 3126 688 ὑποδειγμάτων
3183 617 3274 670 τὸν
3343 617 3649 688 ἀμπελῶνα

2059 711 2452 782 γεωργοῦντες,
2478 708 2648 764 ταῦτα
2679 707 3158 778 ἑγκληθησόμεθα·
3192 707 3428 775 εὐλόγως
3453 707 3512 760 δὲ
3550 708 3650 762 καὶ

2060 803 2404 874 ἀκουσόμεθα
2428 802 2509 866 τὸ,
2548 801 2657 856 Καὶ
2682 802 2720 870 ἡ
2754 799 2994 870 ἁρπαγὴ
3018 799 3123 852 τοῦ
3155 797 3395 868 πτωχοῦ
3424 799 3495 852 ἐν
3519 800 3650 866 τοῖς

2061 897 2249 964 οἴκοις
2274 895 2470 966 ὑμῶν,
2507 896 2603 950 ἐὰν
2632 894 2702 948 τὰ
2723 896 2802 957 είς
2829 892 2986 962 λόγον
3018 893 3117 963 τῆς
3153 891 3514 956 ἀναπαύσεως
3536 892 3650 946 τῶν

2063 990 2308 1058 πενήτων
2347 987 2620 1058 διδόμενα,
2661 988 2718 1039 ὲν
2764 987 2877 1048 τοῖς
2910 985 3080 1048 οἴκοις
3123 983 3358 1056 ἔχωμεν,
3407 985 3650 1038 ἀποστε-

2065 1080 2282 1153 ροῦντες
2309 1082 2438 1145 τοὺς
2465 1081 2684 1145 ἐνδεεῖς.

2134 1172 2257 1226 129..
2307 1173 2368 1226 Τί
2414 1172 2586 1242 ὑμεῖς
2630 1173 2887 1227 ἀδικεῖτε
2925 1171 3033 1226 τὸν
3059 1170 3210 1226 λαόν
3259 1188 3398 1240 μου,
3430 1168 3530 1222 καί
3578 1167 3651 1222 τὸ

2063 1265 2390 1331 πρόσωπον
2419 1262 2540 1317 τῶν
2565 1261 2817 1332 πτωχῶν
2842 1263 3276 1330 καταισχύνετε
3298 1277 3318 1324 ;
3338 1260 3500 1322 Ἐθος
3533 1263 3655 1322 τοῖς

2063 1353 2307 1406 ἀδικοῦσι
2334 1355 2424 1407 καὶ
2450 1351 2862 1423 ἀποστεροῦσιν,
2895 1351 3113 1405 ἐπειδὰν
3137 1349 3475 1418 ἐγκαλῶνται
3497 1349 3656 1421 παρά

2063 1444 2173 1498 τῶν
2199 1444 2562 1516 ἠδικημένων,
2601 1443 2791 1514 ὕϐρεσι
2816 1445 2910 1498 καὶ
2939 1441 3230 1514 λοιδορίαις
3261 1439 3653 1510 καταισχύνειν

2065 1537 2262 1599 αὐτοὺς
2290 1534 2736 1601 ὲξευτελίζοντες,
2768 1535 2864 1588 καὶ
2891 1534 3104 1605 πληγάς
3146 1533 3517 1596 ἀπειλοῦντες,
3554 1532 3655 1584 καὶ¹

2065 1625 2140 1690 ὡς
2173 1627 2624 1699 φιλοπράγμονας
2673 1625 3067 1690 διαϐάλλοντες.
3101 1626 3176 1679 Οὐ
3217 1624 3376 1696 μόνον
3405 1619 3500 1678 οὖν
3541 1640 3652 1694 φη-

2071 1740 2176 1787 σιν,
2226 1723 2486 1776 Ἀδικεῖτε
2524 1723 2616 1776 τὸν
2645 1723 2872 1794 πένητα,
2908 1722 3303 1793 εὐδιάρπαστον
3355 1719 3519 1782 ὄντα,
3556 1717 3657 1771 καὶ

387 1801 546 1856 facile
589 1811 764 1871 potest
793 1802 1012 1872 Spoliari
1040 1843 1054 1869 ,
1098 1803 1297 1872 cuique
1333 1811 1517 1874 utpote
1553 1804 1770 1858 auxiliis
1799 1805 1967 1860 desti-

2088 1786 2535 1878 ιὺεπιϐούλευτον,
2567 1812 2656 1866 διὰ
2687 1786 3085 1884 τὴνἛρημίανί
3123 1809 3262 1864 ἀλλὰ
3291 1809 3405 1873 καὶ,
3435 1809 3655 1860 Καται-

387 1901 504 1949 tuto
559 1893 700 1948 haud
771 1894 1054 1949 difﬁculter
1119 1905 1380 1967 parantur
1433 1897 1686 1960 insidiae,
1757 1897 1851 1951 sed
1912 1908 1968 1952 et

391 1984 608 2038 additur

386 2091 502 2130 rem
555 2091 661 2145 quo
721 2093 786 2132 ex
839 2079 983 2133 illata
1029 2079 1223 2148 injuria
1281 2079 1418 2135 al‘ﬁci
1471 2081 1816 2146 debueratis,
1879 2089 1966 2153 ty-

387 2168 613 2222 rannide
643 2180 822 2224 vestra
859 2172 910 2225 in
939 2187 1206 2241 pauperes
1236 2173 1548 2228 rel'uuditis.
1587 2173 1967 2228 Subornantes

389 2271 586 2330 testes,
637 2263 888 2317 mercede
929 2263 1236 2319 conducitis
1278 2275 1574 2334 patronos,
1611 2265 1966 2335 corrumpitis

379 2353 614 2422 judices,
656 2356 830 2408 donec
880 2364 1076 2425 praeter
1121 2355 1385 2424 reliquam
1427 2356 1770 2425 iniquitatem
1805 2356 1973 2426 pudo-

388 2461 502 2500 rem
527 2447 689 2501 etiam
721 2461 786 2500 ex
808 2447 1162 2518 schphantia
1202 2455 1383 2502 ortum
1410 2446 1462 2500 in
1490 2461 1757 2516 pauperes
1782 2457 1966 2500 trans-

390 2536 645 2590 tuleritis.
691 2535 800 2590 Sed
850 2545 905 2589 et
944 2535 1078 2589 alias
1109 2535 1443 2590 incurrimus
1489 2535 1540 2588 in
1584 2535 1812 2596 crimen,
1843 2549 1966 2587 cum

385 2625 460 2682 ob
505 2627 655 2694 paria
699 2627 894 2681 delicta
932 2641 1202 2695 pauperes
1231 2626 1433 2680 acriter
1474 2625 1838 2680 lacessimus:
1873 2623 1964 2694 qui

387 2715 602 2770 scilicet
648 2717 937 2785 prodamus
985 2713 1151 2788 464
1195 2716 1420 2785 quidem.
1465 2715 1653 2768 eorum
1701 2724 1966 2785 peccata,

391 2809 698 2880 probroque
723 2809 870 2862 omni
912 2808 1182 2873 adhibito,
1227 2807 1430 2876 Deique
1463 2807 1581 2861 zelo
1611 2808 1662 2862 in
1695 2823 1964 2878 pauperes

391 2907 628 2962 ostenso,
679 2899 778 2952 hoc
818 2905 974 2966 pacto
1017 2897 1196 2951 vultus
1241 2898 1487 2967 ipsorum
1543 2898 1961 2954 contendamus.

391 2990 528 3058 Quia
561 3004 688 3044 vero
733 2988 970 3043 nonnulli
1004 3004 1270 3058 pauperes
1317 2990 1575 3044 dicuntur
1603 2990 1746 3044 beati
1773 2990 1840 3056 ”,
1873 2991 1966 3060 qui

388 3079 606 3149 pietatis
649 3093 810 3134 causa
843 3080 1119 3148 aspernati
1159 3088 1287 3133 sunt
1336 3080 1549 3142 omnia,
1583 3090 1746 3148 atque
1780 3081 1968 3149 acqui-

387 3171 678 3225 rendarum
729 3170 820 3224 Dei
875 3170 1195 3225 divitiarum
1253 3183 1348 3240 spe
1390 3170 1613 3234 educti,
1668 3171 1969 3225 mundanas

386 3278 516 3333 opes
551 3262 705 3316 nihili
733 3264 1108 3329 aestimarunt;
1141 3265 1358 3332 quando
1383 3263 1417 3316 ii
1447 3263 1536 3332 qui
1566 3262 1704 3318 male
1730 3271 1971 3333 praesunt

387 3353 606 3424 populo,
636 3368 760 3408 cum
793 3353 1097 3420 huiusmodi
1130 3368 1395 3424 pauperes
1440 3355 1629 3408 beatos
1677 3357 1972 3423 prtedicare

387 3441 748 3504 debuissent,
788 3455 883 3496 eos
916 3442 1340 3508 calumniantur,
1392 3443 1872 3512 vilipenduntque,
1917 3453 1971 3500 et

387 3532 876 3587 commendabilem
944 3550 1136 3590 eorum
1191 3535 1558 3590 humilitatem
1628 3537 1970 3608 contemptui

387 3623 611 3689 habent,
657 3633 766 3678 tum
799 3626 994 3680 merito
1020 3627 1400 3698 objurgantur,
1447 3631 1682 3683 maxime
1709 3629 1752 3682 si
1787 3629 1970 3683 senio-

389 3729 480 3770 res
511 3715 620 3770 sint
645 3725 738 3770 aut
765 3717 1074 3787 principes,
1105 3721 1374 3789 siquidem
1402 3733 1718 3776 sanctorum
1765 3737 1968 3790 paup».-

303 3878 308 3881 _
389 3822 512 3861 rum
539 3808 776 3866 vultibus
809 3811 1081 3865 incutiunt
1109 3813 1397 3882 pudorem.
1437 3813 1677 3869 Joannes
1707 3823 1828 3868 erat.
1868 3815 1968 3868 lm-

386 3898 619 3970 jusmodi
647 3917 872 3972 pauper,
902 3907 1122 3960 domum
1149 3922 1251 3960 non
1280 3908 1510 3974 habens,
1539 3924 1650 3960 non
1681 3906 1971 3972 fatnulum,

391 4009 502 4048 non
548 3993 738 4050 bovem
783 4006 1078 4064 aratorem,
1128 4014 1232 4053 non
1283 3999 1541 4069 agellum,
1581 4015 1688 4054 non
1749 3999 1970 4061 lectum.

393 4099 500 4137 non
526 4099 740 4154 panem.
775 4087 924 4142 Talis
967 4089 1112 4144 Elias
1133 4100 1272 4145 erat.
1303 4091 1579 4160 Ejusmodi
1608 4103 1766 4147 erant
1787 4093 1961 4146 sancti

392 4189 612 4244 omnes,
654 4179 746 4247 qui
789 4179 1126 4235 Circuierunt
1167 4184 1221 4236 in
1264 4185 1468 4237 melotis
1494 4225 1507 4249 ,
1543 4184 1598 4238 in
1627 4182 1852 4252 pellibus
1880 4199 1973 4238 ca-

390 4267 580 4338 prinis,
611 4281 816 4340 egentes
837 4311 851 4334 ,
877 4274 1168 4342 angustiati
1190 4313 1204 4338 ,
1236 4275 1410 4346 aﬂlicti
1437 4273 1508 4328 ‘°.

464 4359 588 4418 ιεσ.
624 4359 782 4416 Vens.
813 4363 901 4428 i6,
939 4364 1026 4420 17.
1075 4363 1202 4419 Haec
1253 4367 1378 4420 dicit
1417 4366 1672 4422 Dominus
1703 4381 1721 4420 :
1772 4367 1876 4424 Pro
1911 4385 1972 4422 eo

670 2003 684 2039 :
751 1985 1094 2042 Conlunditis
1162 1989 1340 2042 vultus
1405 2003 1722 2058 pauperum.
1791 1988 2019 2044 Pado--

2070 1905 2293 1976 σκύνετε
2323 1904 2392 1958 τὰ
2434 1905 2702 1975 πρόσωπα
2747 1903 2856 1956 τῶν
2897 1903 3148 1973 πτωχῶν·
3181 1902 3292 1972 Τὴν
3331 1901 3460 1971 ὑμῖν
3486 1917 3659 1972 ’⁸9θῷ

2068 1997 2304 2066 ἡκουσαν
2348 1997 2412 2048 ὲκ
2454 1995 2552 2064 τῆς
2599 1995 2814 2058 ἀδικίας
2857 1995 3141 2065 αἰσχύνην.
3189 1993 3395 2063 ταύτην
3435 1992 3500 2044 ὲκ
3556 1992 3658 2062 τῆς

2066 2087 2382 2157 τυραννίδος
2410 2084 2565 2154 ὑμῶν
2608 2088 2718 2150 τοῖς
2747 2088 2982 2156 πτωχοῖς
3011 2084 3400 2156 περιτρέπετε,
3443 2083 3657 2154 μάρτυ-

2073 2196 2169 2250 ρας
2227 2177 2632 2240 ἀναπείθοντες,
2686 2177 3018 2247 συνηγόρους
3081 2175 3476 2246 μισθούμενοι,
3531 2174 3660 2236 τοὺς

2067 2271 2388 2336 δικάζοντας
2420 2268 2876 2341 παραπείθοντες,
2935 2268 3040 2332 ἕως
3089 2267 3156 2322 ἂν
3204 2266 3338 2338 πρὸς
3387 2269 3454 2336 τῇ
3495 2264 3656 2334 λοιπῇ

2068 2366 2250 2434 eam;
2294 2364 2389 2418 καὶ
2433 2363 2534 2435 τὴν
2582 2365 2646 2415 ὲκ
2687 2361 2788 2431 τῆς
2835 2363 3203 2430 συκοφαντίας
3232 2358 3498 2429 αἰσχύνην
3545 2360 3662 2420 τοῖς

2069 2459 2264 2529 πένησι
2304 2457 2693 2528 περιστήσητε.
2724 2453 2939 2506 Γίνεται
2967 2453 3023 2506 δὲ
3055 2453 3148 2506 καὶ
3178 2441 3354 2514 ἄλλως
3389 2450 3661 2521 ἡμέτερον

2067 2551 2132 2603 τὸ
2161 2549 2431 2619 ἔγκλημα,
2459 2549 2586 2602 ὅταν
2621 2548 2678 2600 ὲν
2698 2548 2812 2610 1:07.;
2850 2545 3057 2616 ὁμοίοις
3087 2543 3395 2612 πταίσμασι
3421 2541 3535 2595 τῶν
3560 2541 3660 2612 μὲν

2070 2635 2318 2712 πενήτ’ων
2351 2639 2597 2714 σφοδρῶς
2627 2637 3038 2709 καθαπτὼμεθα
3065 2635 3198 2708 (61),
3239 2633 3662 2706 δημοσιεύοντες

2073 2735 2170 2804 μὲν
2194 2732 2372 2786 αὐτῶν
2397 2733 2464 2786 τὰ
2493 2731 2832 2802 πταίσματα,
2874 2730 2966 2784 καὶ
3009 2727 3239 2799 μηδενὸς
3268 2725 3508 2788 ὀνείδους
3538 2741 3663 2795 φειο

2069 2827 2307 2895 δόμενοι,
2341 2821 2677 2878 ἐνεπιδεικνύ
2687 2839 2841 2893 μενοι
2877 2821 2933 2874 δὲ
2963 2815 3056 2873 τὸν
3083 2819 3179 2872 τοῦ
3206 2816 3342 2872 Θεοῦ
3361 2816 3524 2888 ζῆλον
3548 2820 3664 2879 τοῖς

2072 2913 2288 2984 πένησι,
2323 2911 2415 2965 καὶ
2451 2914 2516 2964 ἐκ
2539 2911 2734 2964 τούτου
2762 2909 2832 2964 τὰ
2858 2909 3127 2981 πρόσωπα
3157 2907 3338 2962 αὐτῶν
3371 2905 3666 2977 καταισεό-

2069 3022 2270 3068 νοντες.
2316 3003 2470 3056 Ἐπεὶ
2499 3004 2558 3057 δέ
2581 3001 2686 3055 εἰσί
2714 3019 2862 3065 τινες
2889 3000 3093 3071 πτωχοὶ
3130 2996 3588 3070 μακαριζόμενα,
3614 2999 3663 3050 οἱ

1996 3123 2038 3180 c
2073 3098 2162 3150 διὰ
2196 3098 2295 3168 τὴν
2347 3094 2656 3149 θεοσέϐειαν
2704 3095 2924 3148 πάντων
2972 3093 3512 3164 καταφρονήσαντες,
3569 3090 3666 3143 καὶ

2071 3190 2158 3240 ἐπ’
2190 3188 2364 3242 ἐλπίδι
2393 3187 2487 3242 τοῦ
2508 3187 2648 3242 κατά
2675 3186 2808 3240 Θεὸν
2837 3185 3092 3249 πλούτου,
3125 3185 3224 3255 τῆς
3251 3182 3527 3254 κοσμικῆς
3568 3199 3668 3234 πε-

2076 3281 2316 3351 ριουσίας
2341 3279 2705 3350 ὑπεριδόντες,
2741 3279 2791 3332 οἱ
2825 3279 3012 3342 κακῶς
3034 3275 3374 3348 προεστῶτες
3390 3275 3483 3328 τοῦ
3504 3273 3664 3340 λαοῦ,

2070 3373 2192 3425 ἀντὶ
2231 3371 2326 3424 τοῦ
2367 3371 2691 3444 μακαρίζειν
2734 3371 2860 3432 τοὺς
2894 3368 3038 3422 οὕτω
3086 3367 3490 3438 πτωχεύοντας,
3545 3367 3666 3420 δια-

2073 3462 2384 3527 ϐάλλοντες,
2421 3451 2524 3517 καῖ
2571 3461 3012 3530 ἐξουθενοῦντες,
3065 3462 3161 3514 καὶ
3217 3460 3317 3530 τὴν
3368 3459 3666 3529 ἐπαινετὴν

2074 3555 2255 3608 αὐτῶν
2322 3554 2826 3626 ταπεινοφροσύνην
2904 3551 3373 3618 ἐξευτελίζοντες,
3433 3551 3667 3614 εἰκότως

2075 3646 2434 3715 ἐγκαλοῦνται
2459 3664 2472 3678 ο
2511 3646 2743 3717 μάλιστα
2781 3645 2876 3698 saw
2913 3643 3276 3717 πρεσϐύτεροι
3315 3639 3512 3713 ὧσινῆ
3551 3643 3664 3712 (δε)

2075 3737 2333 3808 ἄρχοντες
2353 3775 2367 3798 ,
2397 3737 2473 3799 ὡς
2506 3738 2574 3788 τὰ
2611 3737 2876 3804 πρόσωπα
2915 3735 3020 3787 τῶν
3050 3734 3221 3802 ἁγίων
3261 3734 3504 3803 πτωχῶν.
3528 3751 3666 3786 καῖ-

2075 3829 2438 3900 αισχύνοντες.
2477 3829 2688 3892 Ὀποῖος
2715 3824 2782 3900 ἦν
2818 3829 3032 3899 πτωχὸς
3075 3828 3348 3899 Ἰωάννης,
3381 3829 3458 3900 μὴ
3513 3824 3667 3881 οἷκον

2076 3919 2232 3989 ἔχων,
2271 3919 2345 3992 μὴ
2375 3919 2614 3990 οἰκέτην.
2662 3920 2734 3990 μὴ
2777 3918 2902 3989 βοῦν
2941 3919 3205 3991 ἀροτῆρα,
3236 3918 3312 3990 μὴ
3342 3918 3553 3991 γήδιον,
3591 3919 3667 3990 μὴ

2075 4012 2284 4082 κλίνην,
2324 4011 2399 4083 μὴ
2449 4011 2748 4083 τράπεζαν,
2803 4013 2878 4084 μὴ
2925 4012 3110 4082 ἄρτον.
3164 4014 3379 4076 Ὀποῖος
3450 4013 3664 4076 Ἠλίας.

2089 4103 2300 4167 Ὀποῖος
2325 4103 2434 4157 τῶν
2469 4104 2639 4172 ἁγίων
2673 4104 2936 4166 ἕκαστος,
2979 4103 3028 4156 οἳ
3078 4102 3410 4172 Περιῆλοον
3440 4104 3510 4156 ἐν
3548 4123 3668 4174 μη-

2074 4193 2311 4260 λωταῖς,
2333 4193 2404 4246 ἐν
2423 4195 2670 4264 αἰγείοις
2707 4195 3020 4265 δέρμασιν,
3056 4196 3510 4264 ὑστερούμενοι,
3539 4197 3668 4248 θλι-

2077 4285 2332 4353 ϐόμενοι,
2359 4287 2852 4354 κακουχούμενοι.

2151 4376 2273 4430 1°25.
2315 4375 2458 4431 Τάδε
2482 4377 2646 4446 λέγει
2673 4379 2886 4446 Κύριος
2907 4395 2920 4408 ο
2962 4379 3106 4434 Ἀνθ⁶
3134 4372 3222 4433 ὧν
3245 4377 3586 4446 suaenam:
3606 4380 3667 4430 αι

389 4453 533 4522 quod
553 4453 766 4510 elevatw
785 4465 906 4510 sunt
927 4457 1056 4526 ﬁlia:
1085 4457 1238 4522 Sion,
1279 4466 1329 4513 et
1375 4460 1774 4516 ambulaverunt
1803 4471 1967 4514 erecto

2088 4467 2396 4536 θυγατέρες
2428 4469 2600 4534 Σιὼν,
2623 4469 2721 4524 καὶ
2744 4471 3164 4539 ἐπορεύθησαν
3194 4470 3412 4538 ὑψηλῷ
3440 4469 3666 4540 τραχή-

388 4545 551 4611 collo,
583 4557 629 4602 et
661 4549 716 4602 in
748 4549 962 4605 nutibus
997 4551 1291 4620 oculorum,
1317 4562 1366 4607 et
1391 4569 1572 4622 gressu
1594 4555 1782 4623 pedum
1815 4555 1976 4608 simul

391 4639 655 4693 trahentes
681 4643 910 4706 tunicas,
935 4653 982 4696 et
1019 4643 1236 4712 pedibus
1283 4645 1442 4698 simul
1485 4643 1722 4698 ludentes
1745 4661 1764 4698 :
1793 4654 1842 4700 et
1873 4645 1972 4698 Im—

391 4729 618 4784 miliabit
642 4731 784 4787 Deus
813 4735 1076 4804 principes
1094 4735 1236 4805 ﬁlias
1268 4736 1422 4794 Sion.
1445 4737 1558 4792 Etsi
1588 4739 1750 4793 verba
1780 4737 1972 4792 istbasc

393 4835 483 4876 res
519 4825 806 4892 quaspiam
859 4827 1082 4897 majoris
1132 4830 1390 4884 momenti
1423 4832 1767 4900 potissimum
1807 4831 1974 4900 signi-

393 4913 578 4978 ﬁcant,
612 4923 790 4972 tamen
814 4933 935 4989 quae
967 4921 1249 4990 dicuntur,
1287 4925 1572 4978 continent
1609 4923 1770 4977 etiam
1804 4922 1858 4976 in
1889 4937 1976 4976 se-

393 5006 528 5078 ipsis
552 5009 810 5077 quiddam
847 5013 1060 5081 populis
1101 5014 1252 5078 utile,
1282 5025 1338 5069 et
1371 5015 1616 5070 moribus
1638 5013 1977 5084 corrigendis

392 5101 824 5158 accommodum.
862 5101 1160 5160 Relrenant
1176 5107 1321 5162 enim
1345 5107 1628 5162 mulierum
1649 5106 1974 5161 lascivarum

391 5191 584 5256 vitam,
607 5208 726 5263 quae
745 5193 954 5262 habitu,
973 5210 1216 5268 aspectu,
1247 5197 1460 5253 incessu
1486 5199 1798 5268 amictuque
1821 5213 1972 5254 suam

393 5282 462 5336 ad
525 5291 774 5354 stuprum
827 5287 1224 5357 proclivitatem
1259 5289 1512 5358 produnt.
1555 5288 1690 5344 Cum
1724 5289 1868 5343 enim
1902 5289 1973 5344 ob

464 5471 512 5506 ει
553 5473 746 5534 Matth.
776 5494 828 5545 ν,
872 5480 928 5535 3.
1001 5480 1048 5514 ιο
1083 5480 1246 5539 Hebr.
1274 5466 1363 5551 x1;
1383 5483 1472 5540 57.

457 5631 582 5716 ⁹(ςὶί)
617 5632 842 5716 Yeteres
867 5636 1074 5716 aliquot
1098 5639 1240 5704 libri,
1275 5642 1520 5716 σφοδρῶς
1537 5643 1970 5716 νκαθαπτώμεθα.

395 5703 596 5788 Ibidem
625 5703 1016 5788 Begquartn‘s,
1051 5703 1466 5788 oqpoatetiovréq
1481 5703 1600 5786 μέν.
1620 5719 1775 5771 Deest
1807 5703 1973 5788 μένίιι

398 5775 562 5830 editis
595 5784 647 5831 et
682 5776 732 5830 in
771 5779 890 5834 aliis
931 5794 1058 5837 mss.
1097 5775 1334 5840 Subinde
1374 5775 1509 5841 idem
1551 5789 1738 5856 codex,
1774 5775 1975 5843 ἐπιδει-

2079 4563 2186 4624 λῳ,
2237 4560 2336 4613 καὶ
2375 4561 2445 4614 ἐν
2491 4563 2788 4631 νεύμασιν
2815 4561 3164 4632 ὀφθαλμῶν,
3199 4563 3296 4616 καί
3328 4560 3401 4629 τῇ
3453 4563 3669 4630 πορείᾳ

2055 4651 2198 4724 ,τῶν
2217 4649 2420 4706 ποδῶν
2456 4651 2576 4721 ἅμα
2599 4654 2900 4722 σύρουσαι
2927 4653 3069 4720 τοὺς
3106 4653 3382 4723 χιτῶνας,
3415 4653 3514 4707 καὶ
3539 4654 3669 4719 τοῖς

2079 4740 2266 4794 ποσὶν
2309 4739 2431 4809 ἅμα
2485 4739 2835 4802 παίζουσαι·
2890 4743 2989 4796 καὶ
3043 4742 3396 4798 ταπεινώσει
3435 4748 3468 4797 ό
3515 4745 3666 4810 Θεθις

2074 4830 2384 4898 ἀρχούσας
2435 4831 2762 4902 θυγατέρας
2805 4833 2978 4888 Σιών.
3021 4836 3085 4888 Ei
3129 4836 3222 4889 καὶ
3264 4835 3488 4905 μείζονά
3529 4851 3666 4888 -τινα

2077 4923 2502 4992 προηγουμένως
2548 4925 2804 4994 ἐμφαίνει
2839 4929 2866 4980 ὁ
2891 4927 3068 4996 λόγος.
3105 4927 3221 4980 ἀλλ’
3255 4929 3404 4998 ὅμως
3448 4927 3582 4998 ἔχειν
3610 4945 3664 4980 τι

2077 5013 2172 5066 καὶ
2207 5013 2432 5066 αὐτόθεν
2461 5016 2573 5078 τοῖς
2607 5015 2837 5087 πλήθεσι
2870 5019 3142 5089 χρήσιμον
3183 5018 3278 5072 καὶ
3307 5021 3663 5090 ὲπιστρεπτι-

2083 5104 2176 5158 κὸν
2208 5106 2276 5160 τὰ
2303 5106 2590 5178 λεγόμενα.
2613 5108 2897 5162 Συστέλλει
2919 5111 3026 5182 γὰρ
3043 5110 3357 5165 ἀκολάστων
3383 5109 3664 5179 γυναικῶν

2081 5195 2180 5266 τὴν
2213 5194 2378 5268 ζωὴν,
2446 5198 2542 5250 καὶ
2578 5201 2843 5271 σχήματι,
2881 5203 2975 5256 καὶ
3031 5203 3324 5274 βλέμματι,
3379 5203 3470 5256 καὶ
3505 5201 3663 5272 βαδί-

2083 5305 2269 5360 σματι,
2313 5293 2408 5344 καὶ
2427 5291 2586 5362 στολῇ
2629 5293 2730 5364 τὴν
2775 5295 2911 5366 πρὸς
2961 5299 3217 5366 πορνείαν
3261 5295 3510 5349 εὐκολίαν
3539 5296 3664 5349 £17:-

2084 5647 2342 5720 κνύμενοι
2360 5648 2437 5703 δέ.
2457 5649 2597 5706 Editi
2620 5653 2910 5708 veroetalii
2937 5667 3084 5714 mss..
3099 5645 3660 5720 ε’πιδεικνύμενοιμὲν.

2154 5719 2265 5786 (6‘2)
2290 5718 2526 5802 .Vcteres
2561 5722 2976 5794 quinque-libri,
3019 5723 3072 5796 η.
3117 5723 3254 5778 Eliti
3289 5733 3342 5778 et
3376 5718 3506 5790 Reg.
3535 5718 3660 5789 pri-

2083 5806 2222 5855 mus,
2257 5806 2326 5842 οι.
