3828 6216
106 307 203 362 511

958 299 1320 358 εοΜΜΕΝΤ.
1357 301 1427 358 ΙΝ
1465 303 1700 360 ISAIAM
1740 303 2187 362 PROPHETAM.
2227 303 2382 361 CAP.
2419 301 2508 358 Ill.

3261 299 3370 357 ὖιὸ

103 421 490 496 δεικνυμένων.
524 423 691 476 Ὅταν
725 418 836 492 γὰρ
877 419 971 474 ἐπὶ
993 418 1072 490 τῷ
1099 418 1284 472 κάλλει
1309 419 1403 474 τοῦ
1437 419 1690 491 σώματος
1717 430 1735 484 Α

1812 422 2040 492 :orporis
2065 421 2520 496 pulchritudinem
2552 433 2613 472 ac
2642 417 2962 486 elegantiam
3017 417 3240 472 nimium
3263 417 3370 473 sibi

108 517 613 592 μεγα).οφρονοῦσαι
659 516 1030 588 ὑπεραίρωσιν
1063 514 1264 578 ἑαυτὰς
1297 513 1405 568 τῶν
1451 514 1650 568 λοιπῶν
1671 555 1687 583 ,

109 611 327 682 ματαίῳ
373 609 694 680 φρυάγματι
746 605 1120 678 κεχρημέναι,
1178 605 1274 659 καὶ
1333 605 1690 676 ἐπαιρόμεναι

109 703 399 774 πράγματι
450 701 591 770 ταχὺ
637 697 969 754 ἀπανθοῦντι
1017 699 1112 752 καὶ
1165 699 1524 770 ἀπορρέοντι·
1573 694 1691 750 εἶτα

109 793 311 864 ὑψηλὸν
351 793 450 862 μὲν
479 793 574 845 τὸν
601 791 877 864 τράχηλον
916 789 1195 862 φέρουσιν,
1239 791 1379 861 ὑπὲρ
1405 788 1498 842 τοῦ
1525 791 1691 842 πᾶσιν

107 885 288 940 αὐτῶν
326 883 398 936 τὰ
453 883 724 954 πρόσωπα
770 876 910 934 εἶναι
967 881 1276 952 καταφανῆ.
1325 881 1388 932 Ἡ
1439 881 1537 950 μὲν
1583 878 1692 950 γὰρ

108 976 281 1045 σεμνὴ
325 973 462 1044 γυνὴ
508 974 604 1026 καὶ
645 975 870 1044 κοσμία,
917 976 997 1038 είς
1037 976 1141 1046 γῆν
1169 975 1542 1027 κατανεύουσα
1588 973 1694 1027 ὑπὸ

108 1067 312 1131 αἰδοῦς,
346 1068 438 1120 ἐπὶ
458 1067 520 1118 τὺ
543 1067 652 1135 (63)
677 1067 828 1119 κάτω
859 1067 1256 1136 καθελκόμενον
1293 1067 1403 1138 ἔχει
1437 1067 1496 1122 τὸ
1525 1069 1694 1139 πρόσ-

106 1175 289 1213 ωπον·
323 1159 358 1230 ἡ
387 1157 444 1210 δὲ
473 1157 702 1220 πολλοὺς
723 1157 992 1229 ἀγρεῦσαι
1026 1161 1091 1228 τῇ
1123 1158 1309 1226 παγίδι
1339 1157 1433 1211 τοῦ
1462 1159 1693 1223 κάλλους

109 1250 546 1323 προαιρουμένη,
583 1248 873 1322 πορεύεται
921 1248 1109 1320 ὑψηλῷ
1149 1249 1426 1321 τραχήλῳ.
1476 1249 1586 1303 Καὶ
1625 1251 1696 1303 ἐν

106 1346 414 1414 νεύμασιν
438 1341 780 1412 ὀφθαλμῶν.
822 1341 1084 1406 Γυναικὺς
1129 1341 1387 1412 πορνείας
1421 1329 1694 1411 πνεούσης

108 1437 173 1489 τὸ
204 1435 597 1506 κατηγόρημα,
623 1433 894 1504 περίεργα
927 1431 1144 1503 βλέπειν
1185 1431 1263 1503 τῷ
1290 1431 1571 1502 ὀφθαλμῷ,
1597 1431 1696 1502 τὴν

109 1524 404 1594 ἀσέλγειαν
454 1523 556 1594 τῆς
610 1523 788 1594 ψυχῆς
841 1521 1216 1593 καταμηνύειν
1271 1521 1347 1593 τῷ
1402 1521 1694 1594 βλέμματι,

109 1615 426 1686 ἑμμειδιᾷν,
468 1615 583 1676 τοῖς
614 1613 918 1684 ὀφθαλμοῖς
965 1611 1232 1684 ἐρεθίζειν
1277 1613 1574 1683 πορνικῶς,
1619 1614 1696 1666 ίόν

107 1723 236 1760 τινα
272 1705 576 1776 φθαρτικὸν
604 1703 1018 1769 ἐξαποστέλλειν
1049 1708 1160 1768 τοῖς
1199 1703 1444 1774 ὄμμασιν
1465 1723 1478 1734 ·
1514 1707 1696 1758 ὁποῖον

106 1799 177 1869 δή
213 1815 268 1850 τι
319 1797 414 1850 καὶ
439 1799 468 1850 ὁ
515 1799 641 1867 περὶ
672 1795 766 1848 τοῦ
795 1795 1108 1864 βασιλίσκου
1157 1796 1377 1866 κατέχει
1407 1795 1586 1863 λόγος,
1639 1795 1696 1848 ὃν

109 1904 248 1957 φασι
282 1887 378 1940 καὶ
402 1888 464 1939 ὲκ
484 1886 652 1956 μόνης
673 1886 770 1956 τῆς
793 1884 967 1954 ὅψεως
981 1883 1314 1956 διαφθείρειν
1341 1887 1468 1948 τοὺς
1489 1884 1698 1937 θεαθέν-

108 1995 234 2040 τας.
275 1977 510 2039 Δικαίως
539 1971 633 2028 οὖν
681 1977 981 2044 ἀγανακτεῖ
1017 1977 1046 2028 ὀ
1085 1975 1241 2042 λόγος
1282 1977 1424 2028 κατὰ
1453 1975 1560 2028 τῶν
1606 1993 1702 2028 πο-

110 2067 432 2140 ρευομένων
479 2065 670 2138 ὑψηλῷ
722 2065 979 2138 τραχήλῳ
999 2084 1014 2098 ο
1047 2067 1343 2130 τουτέστιν,
1372 2067 1704 2140 ἀπερυθρια-

113 2158 312 2230 σμένῳ
331 2157 628 2229 προσώπῳ,
659 2158 752 2210 καὶ
785 2161 843 2210 ἐν
875 2157 1142 2229 νεύμασιν
1171 2157 1488 2230 ὀφθαλμῶν.
1537 2160 1610 2212 Τὸ
1645 2159 1704 2212 δὲ

110 2252 326 2323 ὑψηλὸν
345 2251 439 2304 τοῦ
473 2251 767 2323 τραχήλου,
798 2251 997 2322 δεῖγμα
1023 2249 1116 2304 τοῦ
1147 2251 1282 2322 μηδὲ
1309 2252 1388 2322 τῷ
1417 2251 1565 2322 ζυγῷ
1605 2253 1705 2324 τῆς

112 2343 476 2416 σωφροσύνης
505 2342 858 2396 ὑποκεῖσθαι·
897 2343 1276 2415 ἁὸρυνομὲνης
1303 2344 1359 2398 δὲ
1383 2345 1476 2398 καὶ
1509 2343 1703 2416 χλιδὼ-

111 2453 242 2509 σης,
278 2436 372 2490 τὸν
415 2435 617 2507 χιτῶνα
661 2436 1059 2508 ἑπισυρομένην
1099 2436 1356 2507 βαδίζειν,
1389 2439 1485 2490 καὶ
1521 2437 1582 2491 τὸ
1609 2436 1708 2508 βά.

105 2530 288 2600 δισμα
342 2529 420 2600 μὴ
455 2529 598 2582 κατὰ
627 2527 788 2598 φύσιν
819 2529 1112 2594 ποιεῖσθαι,
1147 2529 1284 2584 ἀλλὰ
1314 2530 1452 2602 πρὸς
1499 2529 1706 2602 ῥυθμὸν

109 2621 331 2694 ἐκμελῆ
351 2622 840 2692 ἐπιτετηδευμένον
889 2622 1150 2686 ἑκλύτως.
1197 2623 1344 2675 Ἀντὶ
1373 2618 1466 2677 οὖν
1499 2623 1707 2679 τούτων

117 2712 489 2770 Ταπεινώσει
539 2717 572 2768 ό
615 2714 760 2780 Θεὸς
801 2716 1112 2784 ἀρχούσας
1151 2715 1481 2784 θυγατέρας
1530 2714 1704 2770 Σιών.

135 2806 365 2878 Ἐπειδὴ
402 2806 668 2869 ἑκουσίως
689 2807 750 2859 τὸ
769 2806 1023 2860 ταπεινὸν
1043 2807 1144 2876 οὑχ
1170 2806 1398 2871 εἴλοντο,
1429 2807 1544 2860 ἀλλ’
1577 2809 1708 2860 ἑπο-

111 2897 400 2971 ρεύθησαν
429 2895 620 2967 ὑψηλῷ
675 2896 786 2966 (64)
837 2897 1116 2969 τραχήλῳ,
1151 2897 1502 2960 ταπεινώσει,
1551 2899 1710 2966 φησι,

109 2989 216 3052 τὰς
271 2988 555 3058 ἀρχηγοὺς
604 2987 822 3052 αὐτῶν,
875 2989 976 3052 τὰς
1039 2989 1345 3060 θυγατέρας
1395 2989 1504 3059 (65)
1548 2988 1706 3046 Σιών.

1795 524 2141 586 arrogantes,
2171 530 2292 570 sese
2315 527 2481 584 supra
2513 519 2740 567 cmteras
2769 509 3023 576 efferunt,
3054 508 3195 564 fastu
3222 508 3371 564 inani

1791 619 2016 663 utuntur
2042 621 2206 678 atque
2239 609 2305 662 de
2329 620 2387 660 re
2409 605 2520 660 cito
2547 612 2918 658 marcescente
2942 609 3374 659 etevanescente

1801 703 2102 774 gloriantur
2133 717 2147 754 :
2187 701 2382 756 deinde
2435 697 2634 754 collum
2684 697 2737 752 in
2769 697 2997 752 sublime
3023 705 3262 752 erectum
3294 696 3376 751 ie-

1793 803 1941 858 runt,
1978 803 2040 848 ut
2065 808 2254 848 earum
2296 789 2477 846 vultus
2535 789 2753 844 valeant
2781 789 3024 844 omnium
3057 789 3226 844 oculis
3251 803 3374 857 spe-

1793 885 1953 942 ctari.
1985 883 2120 938 Nam
2159 897 2279 953 qua:
2306 882 2498 952 pudica
2529 889 2613 934 est
2639 878 2834 932 mulier
2870 887 2927 933 et
2955 879 3093 932 bene
3142 885 3369 940 morata,

1794 974 1988 1030 deﬁxis
2016 989 2128 1044 prae
2159 974 2367 1044 pudore
2414 973 2468 1026 in
2514 982 2716 1027 terram
2753 969 2945 1032 oculis,
2983 969 3174 1023 faciem
3211 967 3374 1023 habet

1795 1067 2048 1122 deorsum
2082 1066 2371 1121 demissam
2402 1085 2416 1119 :
2447 1079 2567 1133 qum
2605 1073 2788 1116 autem
2820 1059 3234 1130 pulchritudinis
3261 1073 3375 1114 suae

1796 1142 1987 1228 laqueo
2013 1168 2238 1228 captare
2271 1155 2546 1228 aevenari
2579 1155 2776 1210 multos
2803 1155 2854 1206 in
2880 1153 3118 1208 animum
3140 1153 3370 1217 induxit,

1796 1251 1998 1305 incedit
2023 1258 2274 1304 surrecto
2306 1247 2470 1304 collo.
2507 1247 2576 1300 Ει
2605 1247 2659 1300 in
2686 1246 2901 1300 nutibus
2946 1243 3235 1298 oculorum.
3264 1243 3374 1295 Ac-

1796 1341 2006 1395 cusatio
2043 1349 2130 1395 est
2164 1341 2220 1394 in
2259 1339 2543 1394 mulierem
2574 1350 2823 1408 stuprum
2862 1336 3208 1392 anhelantem
3243 1351 3376 1390 cou-

1796 1428 1945 1494 ﬂata,
1985 1445 2110 1486 cum
2149 1430 2406 1485 videlicet
2457 1445 2521 1485 ea
2585 1429 2762 1485 oculis
2789 1429 3020 1484 curiosis
3080 1427 3373 1497 aspiciens,

1796 1522 2076 1578 obtutibus
2119 1522 2235 1578 suis
2288 1521 2656 1591 impuritatem
2689 1520 2885 1574 anima:
2923 1519 3185 1582 declarat,
3214 1528 3377 1588 atque

1799 1617 2107 1683 subridens,
2135 1615 2445 1671 meretricie
2475 1614 2649 1670 oculis
2678 1614 2791 1668 suis
2823 1612 3040 1682 prolicit
3063 1627 3128 1666 ac
3169 1627 3370 1682 provo-

1798 1708 2076 1773 cat,dum
2135 1716 2361 1778 aspectu
2418 1707 2536 1776 ipso
2559 1706 2846 1761 exitiosum
2910 1705 3181 1776 quoddam
3228 1705 3378 1758 virus

1799 1799 2091 1869 iaculatur.
2126 1798 2270 1854 Sane
2311 1799 2490 1854 simile
2527 1799 2824 1868 quiddam.
2849 1809 3039 1853 narrat
3075 1813 3260 1853 rumor
3312 1799 3380 1850 de

1801 1889 2078 1956 basilisco,
2111 1906 2271 1960 quem
2315 1890 2496 1946 ferunt
2520 1891 2636 1946 solo
2669 1891 2870 1946 intuitu
2919 1891 3226 1946 interﬁcere
3253 1905 3380 1959 spe-

1801 1990 2054 2036 ctatores.
2091 1981 2220 2037 Jure
2251 1983 2415 2053 igitur
2445 1997 2508 2038 ac
2538 1983 2729 2038 merito
2755 1985 3024 2038 sententia
3059 1984 3246 2038 isthaec
3276 1982 3377 2036 ad-

1801 2087 1991 2127 versus
2021 2087 2112 2128 eas
2134 2087 2253 2142 qua:
2277 2083 2490 2127 arrecto
2535 2073 2699 2140 collo,
2729 2075 2832 2129 hoc
2861 2082 2966 2142 est,
3013 2074 3378 2130 inverecunda

1811 2162 1983 2228 vultu,
2018 2173 2072 2217 et
2100 2165 2151 2216 in
2201 2164 2426 2219 nutibus
2462 2164 2744 2219 oculorum
2798 2166 3098 2230 incedunt,
3130 2165 3380 2234 indigna-

1805 2254 2008 2306 tionem
2041 2253 2280 2322 praefert.
2304 2252 2571 2308 Caeterum
2609 2255 2731 2309 colli
2769 2254 2935 2309 elatio
2961 2255 3162 2310 indicat
3184 2255 3380 2310 mulie-

1804 2357 1918 2398 rem
1936 2345 2282 2398 coiitineutiae
2303 2343 2428 2415 iugo
2449 2361 2788 2416 nequaquam
2807 2345 3025 2414 subjici.
3046 2327 3178 2401 Cum
3199 2357 3381 2400 autem

1807 2435 1881 2489 ita
1915 2435 2138 2499 incedit,
2181 2445 2239 2490 ut
2270 2437 2508 2491 tunicam
2540 2439 2746 2505 trahat,
2768 2439 2966 2508 hicque
3000 2439 3250 2493 incessus
3274 2455 3382 2494 non

1807 2529 2102 2583 secundum
2137 2538 2413 2592 naturam,
2447 2530 2541 2584 sed
2575 2531 2641 2584 ad
2666 2546 2948 2586 numerum
2999 2531 3384 2586 inconcinnum

1807 2621 2067 2675 dissolute
2091 2635 2154 2675 ac
2179 2622 2474 2676 studiosius
2497 2623 2833 2691 perﬁciatur,
2862 2624 2914 2676 id
2945 2623 3225 2679 etIerentis
3241 2639 3384 2688 sese,

1809 2723 1864 2768 et
1901 2713 1953 2767 in
1986 2714 2195 2768 deliciis
2228 2715 2463 2768 viventis
2497 2715 2755 2770 indicium
2788 2724 2892 2770 est.
2945 2715 3128 2784 Itaque
3153 2717 3224 2770 ob
3259 2728 3382 2769 eam

1812 2820 1924 2859 rem
1955 2803 2278 2858 Humiliabit
2315 2805 2452 2860 Deus
2475 2807 2740 2874 principes
2767 2807 2910 2875 ﬁlias
2941 2805 3090 2861 Sion.
3121 2807 3384 2874 Quoniam

1810 2913 1918 2953 non
1940 2907 2128 2966 sponte
2152 2911 2246 2950 sua
2271 2895 2434 2968 465
2464 2897 2726 2966 amplexae
2749 2909 2875 2950 sunt
2891 2897 3274 2961 humilitatem,
3294 2900 3388 2952 sed

1813 2987 2228 3044 ambulaverunt
2252 2989 2390 3042 collo
2411 2989 2578 3053 elato,
2607 2989 2930 3057 huniiliabit,
2955 2990 3149 3060 inquit,
3174 2991 3389 3046 illarum

114 3081 246 3133 Ἔτι
295 3081 390 3132 καὶ
420 3077 515 3133 νῦν
553 3079 761 3144 ἔξεστιν
805 3082 936 3152 ὀρᾷν
982 3081 1254 3153 πολλαχοῦ
1302 3082 1400 3147 τὰς
1449 3084 1710 3148 ἰουδαίας

1812 3079 2000 3145 duces,
2029 3080 2170 3158 tilias
2203 3080 2356 3136 Sion.
2392 3081 2546 3136 Licet
2602 3082 2898 3134 etiamnum
2957 3083 3143 3137 multis
3173 3083 3226 3136 in
3257 3082 3391 3137 locis

110 3173 388 3240 γυναῖκας
427 3173 540 3233 τοῖς
571 3171 802 3223 ἑκάστου
837 3173 995 3226 ποσὶν
1043 3173 1458 3240 ἐπιπαιςούσας,
1495 3177 1592 3229 καὶ
1638 3175 1714 3248 μὴ

111 3261 528 3333 ἑντρεπομένας
546 3261 646 3332 τὴν
663 3261 756 3314 τοῦ
779 3263 1057 3334 προφήτου
1075 3267 1278 3336 φωνήν.
1296 3265 1421 3318 Εἴθε
1435 3267 1492 3320 δὲ
1515 3267 1589 3338 μὴ
1603 3266 1711 3338 (ϋϐ)

111 3353 349 3422 καὶτῆς
384 3352 714 3424 Ἐκκλησίας
759 3354 814 3406 αἱ
872 3353 1168 3426 θυγατέρες
1221 3355 1292 3408 τὰ
1343 3356 1486 3410 αὐτὰ
1539 3361 1707 3426 ἐγκα-

111 3445 318 3499 λοῖντο.
367 3443 571 3497 Πολλαὶ
624 3444 734 3515 γὰρ
779 3445 853 3508 ὡς
895 3447 952 3498 ὲν
998 3445 1192 3518 πλήθει
1247 3447 1341 3500 ἐπὶ
1389 3447 1500 3502 τῶν
1547 3466 1718 3521 προσ-

115 3538 316 3590 ιόντων
358 3535 436 3606 τῷ
480 3534 612 3606 θείῳ
637 3535 800 3606 λόγῳ,
826 3537 883 3588 ἑν
921 3539 1041 3601 ταῖς
1065 3537 1304 3610 ἡμέραις
1345 3538 1454 3592 τῶν
1484 3541 1712 3612 ἑορτῶν,

110 3627 222 3681 οὒκ
302 3627 497 3680 εἰδυῖαι
560 3628 898 3700 εὐφροσύνην
965 3630 1341 3702 πνευματικὴν
1371 3671 1388 3696 9
1474 3633 1716 3697 παιδιαῖς

115 3719 390 3790 ὀσὲμνοις
437 3717 638 3781 ἑαυτὰς
698 3720 1056 3787 ἐπιδιδοῦσαι,
1111 3722 1320 3793 κώμοις
1375 3725 1471 3778 καὶ
1523 3725 1714 3797 μέθαις

113 3812 575 3881 ἐγκαλινδούνται
595 3832 607 3844 ·
646 3816 741 3868 καὶ
767 3817 842 3886 μὴ
875 3815 1142 3888 τηροῦσαι
1171 3817 1232 3869 τὸ
1267 3817 1635 3888 παράγγελμα
1656 3818 1717 3872 τὸ

115 3905 306 3973 λέγον,
362 3907 447 3958 ὅτι
485 3909 550 3959 Ol
600 3907 896 3977 ὀφθαλμοί
925 3921 1043 3962 σου
1093 3908 1238 3976 ὀρθὰ
1279 3909 1713 3973 ,ϐλεπέτωσαιμ

118 3997 490 4062 ὗπολοξοῦσαι
515 3997 602 4067 (67
611 4011 625 4062 ι
648 3997 708 4050 τὸ
726 3998 878 4069 ὄμμα
897 3999 994 4052 καὶ
1013 3980 1494 4070 παρεκκλίνουσαι,
1516 4001 1716 4072 δεῖγμα

116 4091 377 4161 πονηρᾶς
427 4089 722 4160 ἐκφέρουσι
775 4090 1170 4162 προαιρέσεως.
1223 4091 1499 4162 Πολλαχοῦ
1551 4093 1608 4146 δὲ
1647 4091 1718 4145 τὰ

117 4177 379 4248 νεύματα
403 4177 511 4230 τῶν
558 4177 852 4249 ὀφθαλμῶν
883 4179 1236 4250 διαϐέϐληται
1257 4197 1272 4212 ⁸
1305 4181 1381 4244 ὡς
1430 4183 1488 4236 ἑν
1517 4181 1718 4252 Παροι-

122 4269 282 4339 μίαις
305 4269 402 4322 ἐπὶ
428 4267 524 4322 τοῦ
555 4269 728 4323 κακοῦ
743 4271 1020 4341 παρατετή
1031 4287 1212 4340 ρηται,
1235 4271 1316 4323 ὅτι
1361 4271 1423 4324 '0
1443 4270 1511 4324 δὲ
1535 4272 1719 4336 αὐτὸς

116 4362 364 4416 Madet
395 4361 516 4431 μὲν
553 4360 856 4432 ὀφθαλμῷ.
885 4364 1165 4431 σημαίνει
1189 4362 1257 4416 δὲ
1284 4363 1460 4418 ποδί·
1493 4365 1586 4418 καὶ
1623 4365 1720 4418 πά-

1815 3171 2004 3226 videre
2051 3153 2267 3228 Judmas
2325 3173 2617 3242 mulieres,
2672 3173 3098 3244 uniuscujusque
3161 3174 3392 3244 pedibus

1815 3264 2119 3332 illudentes,
2153 3280 2272 3334 quae
2308 3267 2446 3321 hanc
2501 3267 2782 3337 pronhetae
2818 3280 3008 3322 vocem
3045 3265 3270 3320 minime
3303 3281 3394 3320 re-

1815 3367 2129 3411 vereantur.
2163 3359 2343 3429 Atque
2381 3360 2588 3413 utinam
2625 3359 2880 3414 Ecclesiae
2931 3373 3146 3428 quoque
3181 3357 3394 3414 ﬁliabus

1817 3448 1921 3502 hoc
1954 3447 2096 3502 idem
2148 3451 2465 3518 exprobrari
2495 3466 2597 3506 non
2625 3451 2840 3520 posset!
2889 3447 3070 3505 Multae
3097 3449 3242 3504 enim
3275 3459 3397 3504 tan-

1816 3555 1978 3610 quam
2019 3542 2340 3595 catervatim
2371 3542 2423 3595 in
2460 3543 2632 3596 oculis
2660 3557 2848 3596 eorum
2889 3542 2980 3612 qui
3011 3543 3062 3594 in
3093 3541 3284 3595 diebus
3311 3541 3396 3596 fe-

1817 3634 1918 3688 stis
1973 3633 2196 3687 verbum
2255 3633 2497 3687 divinum
2557 3633 2794 3688 audituri
2859 3633 3156 3714 aqcedunt,
3193 3631 3397 3687 laetitiae

1817 3725 2120 3795 spiritualis
2153 3725 2372 3794 ignarae,
2435 3725 2740 3781 inhonestis
2797 3725 2942 3780 ludis
2983 3735 3202 3804 vacant,
3241 3740 3306 3781 ac
3340 3726 3396 3782 in

1819 3816 2090 3871 conviviis
2121 3815 2342 3870 lascivis
2375 3827 2540 3886 atque
2569 3817 2626 3870 in
2665 3816 3275 3881 ebrietatevolutantur,
3295 3831 3398 3871 nec

1821 3907 2248 3962 admonitionem
2284 3907 2428 3962 illam
2459 3907 2774 3972 observant,
2805 3922 2926 3976 quae
2959 3909 3120 3963 dicit:
3143 3907 3298 3963 Oculi
3317 3908 3396 3964 tui

1819 4013 1959 4054 recte
1991 3999 2202 4054 videant
2235 3999 2278 4030 “
2315 4015 2331 4066 ;
2366 4014 2560 4070 nempe
2603 4000 2728 4054 dum
2790 4001 2844 4054 in
2887 3999 3164 4068 obliquum
3215 4000 3400 4056 detor-

1820 4099 1992 4162 quent
2016 4091 2206 4147 oculos
2234 4106 2299 4146 ac
2344 4091 2656 4155 deﬂectunt,
2706 4107 2888 4163 pravas
2916 4093 3207 4148 voluntatis
3231 4108 3397 4162 argu-

1821 4192 2061 4236 mentum
2097 4195 2162 4236 ac
2212 4181 2492 4251 specimen
2529 4183 2793 4252 praebent.
2842 4182 3023 4238 Multis
3051 4191 3230 4238 autem
3262 4182 3397 4238 locis

1819 4273 1872 4326 in
1911 4271 2110 4326 malam
2143 4281 2356 4342 partem
2391 4275 2596 4343 accepti
2627 4283 2750 4328 sunt
2788 4273 3067 4329 oculorum
3101 4281 3286 4336 nutus,
3317 4273 3396 4328 uti

1821 4365 1872 4416 in
1898 4363 2208 4420 Proverbiis
2239 4364 2588 4420 observatum
2644 4368 2817 4420 estde
2865 4367 3086 4420 homine
3131 4379 3392 4434 nequam:

119 4453 244 4506 λινο
294 4454 358 4506 Ὃ
405 4454 673 4508 ἐννεύων
721 4451 1005 4522 ὀφθαλμῷ
1043 4457 1195 4523 μετὰ
1222 4454 1432 4517 δόλου,
1463 4455 1715 4524 συνάγει

1819 4455 1942 4525 Ipse
1972 4467 2148 4512 autem
2177 4460 2348 4512 innuit
2383 4459 2594 4528 quidem
2640 4458 2792 4512 oculo
2816 4498 2831 4522 ,
2874 4461 3004 4528 pede
3046 4473 3166 4512 vero
3188 4457 3392 4526 signiﬁ~

121 4549 388 4621 ἀνδράσι
416 4551 620 4616 λύπας
639 4568 651 4578 ·
693 4551 787 4603 καὶ
817 4550 900 4614 τὸ,
929 4553 996 4603 Οἱ
1019 4549 1342 4620 μισοῦντές
1363 4567 1442 4619 με
1463 4549 1712 4619 δωρεὰν,

200 4749 244 4782 ⁸⁸
279 4747 440 4803 Prov.
478 4747 665 4812 tv,9.5.
742 4747 787 4779 δ’
809 4747 1058 4815 Ρτοιωη,
1082 4747 1168 4802 15.

199 4905 316 4977 (65)
345 4905 426 4977 [ta
461 4921 593 4961 mss.
634 4905 809 4970 multi,
840 4914 952 4958 tum
981 4920 1008 4958 a
1038 4905 1170 4961 viris
1196 4903 1713 4977 eruditissiinisﬂDu-g

123 4974 243 5033 ca-o
267 4988 323 5030 et
349 4975 702 5040 Combeﬁsio,
737 4985 848 5030 tum
879 4992 909 5028 a
951 4977 1106 5031 nobis
1153 4976 1284 5046 ipsis
1329 4975 1532 5031 collati.
1571 4974 1716 5030 Editi

123 5060 184 5102 et
215 5047 394 5116 codex
429 5047 516 5100 Fr.
557 5047 607 5110 Ι,
630 5047 723 5099 ἐπὶ
754 5046 853 5116 τῷ.

347 5116 571 5188 ροιιίοθε
599 5117 723 5188 duo,
753 5115 814 5188 ἑν
835 5115 1045 5188 ὑψηλῷ.

202 5183 318 5256 (65)
349 5187 569 5256 Ειιίιίηθι
603 5186 784 5256 collati
807 5202 835 5237 a
869 5183 1060 5241 [ηἰοὰιο
1096 5185 1218 5240 libri
1249 5186 1316 5242 Η.
1337 5186 1388 5242 .l.
1419 5196 1470 5241 et
1497 5187 1588 5249 A.,
1616 5183 1716 5248 τὰς

124 5255 932 5330 ἀρχούσας-τῶνμθυγατέρωνς
968 5272 994 5307 a
1020 5258 1216 5330 quibus
1241 5259 1295 5330 iu_
1319 5274 1382 5311 eo
1411 5258 1582 5330 solum
1611 5257 1719 5308 duo

125 5325 432 5398 Colhertini
479 5325 753 5398 dill'erunt,
792 5325 935 5398 quod
982 5341 1081 5398 pro
1114 5325 1404 5398 ᾼὰρχούσας
1456 5328 1712 5389 habeant,

127 5395 510 5470 ἀρχηγούσας.
541 5397 608 5470 A_t
649 5408 874 5470 uterque
899 5396 1142 5470 coluber.
1172 5395 1642 5470 etitcg.qnartus,
1659 5404 1716 5470 _et

129 5464 523 5538 apo-graphutu
537 5464 856 5538 AAuglicujn,
895 5465 996 5528 τὰς
1046 5466 1324 5538 ᾁρχηγοὺς
1338 5464 1355 5466 “
1371 5467 1573 5528 αὑτῶν,
1588 5464 1716 5538 ’τὰς

129 5534 466 5608 Θυγατέρας.
506 5535 747 5608 nutasse
774 5535 1022 5608 Duczeum
1056 5534 1340 5590 lectionem
1373 5551 1552 5590 veram
1581 5534 1716 5588 falso

131 5603 493 5678 conqueritur
515 5605 893 5678 C0rnbeﬁsiits.
919 5603 1042 5678 Nos
1056 5622 1166 5658 rem
1194 5617 1357 5660 totam
1379 5607 1713 5661 eruditorum

127 5673 342 5744 judicio
375 5679 760 5744 permittimus.
792 5675 987 5729 Statim
1021 5673 1148 5744 Reg.
1184 5678 1458 5730 secundus
1485 5688 1537 5730 et
1565 5685 1714 5728 uter-

133 5743 246 5817 (ue
281 5747 464 5813 Colb.,
493 5746 592 5811 τὰς
625 5743 883 5808 Ἰουδαίας
938 5743 1215 5818 γυναῖκας.
1269 5745 1377 5802 Vox
1432 5746 1614 5802 ultima
1663 5745 1716 5798 in

1819 4560 1902 4602 cut
1937 4549 2004 4604 δ’.
2041 4549 2109 4606 Εῑ
2139 4567 2364 4607 rursus:
2398 4551 2502 4617 Qui
2538 4552 2711 4606 innuit
2762 4549 2915 4604 oculo
2953 4565 3071 4604 cum
3101 4548 3244 4615 dolo,
3267 4565 3391 4602 con-

1819 4905 2033 4962 excusis
2067 4904 2268 4960 deerat.
2285 4949 2289 4954 .

1892 4976 2004 5046 (66)
2037 4973 2173 5028 Vere
2192 4985 2245 5046 et
2272 4974 2428 5046 docte
2447 4970 2758 5046 emendavit
2790 4971 2934 5046 hunc
2960 4967 3137 5046 locum
3167 4966 3396 5046 Dircaeus

1821 5033 2000 5100 es‘uis'
2020 5045 2297 5100 codicibus
2328 5043 2391 5096 Η.
2437 5039 2487 5095 .l.
2531 5050 2588 5096 et
2615 5043 2702 5104 A.,
2753 5040 2950 5110 quibus
2983 5037 3134 5091 libris
3173 5033 3394 5158 adgunai

1825 5125 2047 5158 nngcnnl
2079 5125 2133 5158 ρι
2163 5113 2251 5158 alii
2291 5123 2544 5158 mlaumr-
2573 5110 2658 5158 ubi
2688 5110 2938 5158 similiter
2964 5108 3177 5158 lenitur.
3204 5122 3227 5158 ε
3256 5103 3314 5157 θε
3335 5102 3394 5158 δὲ

1825 5125 2052 5186 possunt
2079 5125 2134 5186 et
2163 5113 2251 5167 alii
2281 5123 2544 5186 _qua_t_uor,
2573 5110 2659 5186 ubi
2688 5102 2938 5186 similiter
2964 5108 3182 5186 legitur,
3204 5102 3314 5185 ego;
3335 5102 3394 5158 δὲ

1830 5173 1927 5258 μή,
1953 5195 2061 5240 etc.
2090 5184 2158 5258 A_t
2197 5173 2366 5238 codex
2394 5181 2488 5235 Fr.
2523 5181 2574 5245 1,
2598 5180 2708 5258 θέτε
2743 5179 2801 5232 δὲ
2827 5178 2975 5250 μὴ...
3005 5173 3391 5258 ἐνεκαλούντος

1825 5249 1984 5326 quem
2034 5253 2272 5326 codicem
2315 5263 2533 5326 secutus
2585 5249 2917 5326 _Tilu_iannus
2945 5291 2960 5312 ,
2993 5249 3094 5326 _sic
3135 5254 3390 5326 verterat.

1821 5317 1898 5380 Ᾰιι
1925 5341 2029 5378 non
2051 5325 2176 5390 lilia:
2205 5325 2362 5376 etiam
2395 5319 2644 5374 Ecclesia:
2681 5321 2952 5390 obieadem
2986 5319 3038 5371 in
3064 5317 3158 5386 jus
3199 5325 3393 5390 uocaui:

1819 5385 2109 5451 sunt?lloc
2134 5392 2400 5460 exemplo,
2433 5401 2488 5445 ut
2516 5391 2635 5444 aliis
2660 5389 2863 5460 inultis,
2888 5385 3122 5460 quantas
3144 5385 3395 5460 tenebras

1821 5466 1903 5519 vel
1933 5454 2317 5519 eruditissimis
2349 5454 2658 5515 hominibus
2683 5459 2876 5530 exigua
2905 5454 3187 5526 scriptura:
3215 5454 3393 5508 varia-

1821 5537 1896 5589 tio
1923 5535 2185 5596 oﬂ'undat,
2219 5532 2518 5586 edocemur.

1893 5604 2004 5675 (67)
2021 5588 2197 5675 quam,
2222 5599 2602 5675 ὑπολοζοῦσαι,
2623 5602 2780 5675 male.
2806 5598 2877 5675 at
2901 5607 3124 5675 uterque
3145 5588 3392 5675 combef.

1821 5664 1943 5729 cuin
1983 5664 2102 5726 aliis
2134 5674 2362 5735 duobus,
2395 5668 2773 5735 ὑπολοξοῦσαι.
2803 5668 2911 5726 Nec
2958 5664 3242 5724 ita'multo
3271 5668 3392 5734 post

1821 5749 1926 5800 duo
1953 5759 2105 5811 mss.,
2137 5741 2204 5795 τὰ
2239 5741 2559 5821 ὲννεύματα.
