3828 6216
400 319 505 377 519

1357 319 1701 377 ΑΡΡΕΝΟΙΧ
1743 322 2028 379 OPERUM
2069 323 2127 378 S.
2167 322 2410 380 BASILII
2447 323 2685 379 MAGNI.

3570 324 3678 378 39.0

403 416 588 509 ςτέξιαι
624 440 746 493 vin’s
771 439 1017 494 tristitia:
1048 437 1113 491 “.
1152 434 1281 490 Item
1313 434 1473 490 illud:
1510 438 1613 503 Qui
1662 439 1882 493 oderunt
1905 457 1986 495 me

2157 443 2189 495 tl
2218 441 2599 508 διανεύοντες
2616 439 2964 509 ὀφθαλμοῖς.
2988 439 3187 493 Φθάνει
3216 439 3274 493 δέ
3304 456 3434 492 ποτε
3469 440 3567 492 καὶ
3590 434 3679 492 ἐπ’

404 532 591 601 gratis,
641 543 689 585 et
721 542 960 585 annuum
1014 530 1180 584 oculis
1210 530 1278 583 “.
1313 530 1450 595 Quin
1503 544 1557 587 et
1594 532 1888 602 aliquando
1919 535 1985 588 ad

406 621 552 674 viros
592 621 903 692 pertiugnnt
928 621 1230 676 istiusmodi
1279 622 1510 674 crimina
1534 661 1548 686 ,
1580 623 1669 691 qui
1702 622 1990 679 inferiores

408 713 640 781 superbo
668 714 883 781 quidem
922 713 1105 765 animo
1134 721 1517 780 aspernantur.
1544 723 1700 781 gestu
1737 730 1866 768 vero
1892 732 1987 769 su-

408 806 538 874 pino
571 806 867 873 habituque
903 814 959 858 et
1002 805 1421 873 superciliorum
1469 806 1766 860 uictatione
1797 823 1990 876 super-

409 896 553 949 biam
582 898 877 964 detegunt:
907 898 997 966 qui
1041 907 1094 948 et
1121 894 1325 948 fastoso
1348 906 1401 949 et
1426 896 1569 949 elato
1598 901 1769 965 gradu
1799 914 1991 952 nume-

407 1001 532 1042 rose
582 988 919 1052 incedentes,
963 988 1331 1056 arrogantiam
1391 1002 1566 1052 suam,
1624 991 1864 1044 vestibus
1926 992 1991 1045 ad

411 1074 693 1129 malleolos
729 1091 899 1145 usque
938 1077 1207 1138 demissis,
1242 1076 1555 1131 declarant:
1594 1095 1730 1149 quos
1779 1082 1991 1134 Iaudem

412 1166 479 1220 ad
517 1166 670 1221 ludos
701 1168 1088 1222 immoderatos
1149 1168 1388 1221 animum
1438 1184 1595 1221 smnn
1642 1173 1995 1243 adjttngetttes

412 1270 593 1312 manet
628 1260 891 1313 intentata
924 1261 1099 1325 ruina,
1151 1259 1297 1328 ipsos
1346 1276 1374 1313 a
1404 1264 1726 1318 celsitudine
1769 1282 1866 1335 per
1898 1270 1997 1321 lut-

414 1350 699 1403 militatem
736 1351 1039 1419 dejectura.

488 1443 611 1497 19.4.
648 1442 713 1496 Et
745 1444 1002 1500 Dominus
1037 1447 1286 1501 reuelabit
1324 1448 1562 1502 habitum
1604 1466 1806 1505 earum.
1846 1452 1999 1507 Hunc

421 1533 663 1587 habitum
690 1538 1008 1604 superbum.
1060 1540 1125 1592 ad
1162 1540 1641 1608 intemperantiam
1677 1559 2001 1612 omnemque

418 1625 751 1695 impudicam
787 1630 1169 1697 Cogitatiouent
1238 1633 1578 1685 incautorum
1628 1635 1822 1689 animis
1853 1637 2000 1705 iuge-

422 1720 720 1773 nerandam
772 1725 1132 1788 compositum
1200 1723 1460 1777 revelabit
1514 1725 1796 1789 Dominus,
1850 1743 1998 1791 cum,

2089 532 2292 602 ἄνδρας
2325 532 2393 586 τὰ
2417 530 2644 585 τοιαῦτα
2671 529 3017 600 ἐγκλήματα,
3053 529 3179 592 τοὺς
3226 529 3537 600 φρονήματι
3577 528 3681 599 μὲν

2091 622 2395 693 ἀλαζονικῷ
2416 621 2894 694 ὑπερφρονοῦντας
2915 621 3023 674 τῶν
3050 620 3475 692 ὑποδεεστέρων,
3491 620 3687 673 tit-rui-

2093 715 2283 778 ζοντας
2307 714 2363 767 δὲ
2392 714 2468 785 τῷ
2508 715 2768 784 σχήματι,
2811 714 2904 767 καὶ
2947 713 3022 783 τῷ
3055 713 3282 782 νεύματι
3316 712 3425 764 τῶν
3449 710 3680 782 ὀφρύων

2093 803 2191 875 τὴν
2228 804 2546 870 ἀλαζονείαν
2576 804 3040 875 ἐνδεικνυμένους,
3071 801 3284 874 σοϐαρῷ
3314 804 3369 856 δέ
3399 804 3494 856 καὶ
3526 803 3687 873 διηρ-

2097 896 2246 966 μένῳ
2274 895 2567 966 βαδίσματι
2600 894 2846 966 εὔρυθμα
2884 893 3184 963 βαίνοντας,
3216 895 3275 947 τὸ
3300 894 3511 965 ἱμάτιον
3542 894 3686 947 καθ·

2098 988 2275 1052 ιέντας
2325 988 2486 1058 μέχρι
2526 987 2635 1039 τῶν
2681 986 2923 1059 σφυρῶν,
2965 985 3285 1049 ἀλαζονείαν
3334 985 3692 1056 ἐνδεικνυμέ-

2095 1094 2241 1140 νους,
2279 1078 2374 1129 καὶ
2410 1076 2649 1141 παιδιαῖς
2683 1078 2909 1140 ἑαυτοὺς
2963 1076 3226 1147 ἀμέτροις
3286 1075 3687 1139 ἐκδεδωκότας,

2096 1168 2190 1232 οὓς
2236 1170 2389 1237 μένει
2418 1169 2478 1222 τὸ
2505 1169 2798 1239 ἀπειληθέν
2826 1168 3029 1239 πτῶμα
3054 1168 3114 1222 τὺ
3145 1168 3234 1222 διὰ
3281 1169 3381 1240 τῆς
3412 1166 3693 1222 ταπεινώ-

2100 1277 2236 1324 σεως
2261 1262 2372 1330 (68)
2404 1265 2502 1331 τῆς
2538 1261 2645 1315 ἀπὸ
2663 1262 2757 1314 τοῦ
2786 1260 2973 1330 ὕψους.

2175 1439 2299 1493 124.
2323 1441 2429 1493 Καὶ
2462 1441 2676 1506 Κύριος
2699 1440 3081 1509 ἀνακαλύψει
3113 1438 3180 1493 τὸ
3214 1439 3423 1509 σχῆμα
3460 1438 3693 1494 αὐτῶν.

2103 1536 2272 1587 Τοῦτο
2316 1536 2376 1587 τὸ
2423 1535 2609 1605 σχῆμα
2656 1536 2717 1588 τὸ
2763 1537 3138 1607 ὑπερήφανον,
3189 1537 3283 1590 καὶ
3316 1538 3697 1609 πεποιημένον
3786 1576 3787 1581 η

2104 1629 2239 1697 πρὸς
2263 1628 2481 1681 ἔκλυσιν
2515 1628 2624 1697 (69)
2654 1629 2748 1681 καὶ
2781 1631 2962 1682 πᾶσαν
2989 1629 3286 1683 ἀκόλαστον
3314 1629 3546 1692 ἔννοιαν,
3570 1633 3699 1693 ταῖς

2105 1725 2351 1794 καρδίαις
2381 1724 2488 1776 τῶν
2513 1724 2842 1792 ἀφυλάκτων
2875 1726 3323 1797 ἐνεργαζόμενον,
3354 1721 3701 1791 ἀνακαλύψει.

420 1812 712 1881 patefactis
737 1814 969 1877 arcanis,
1005 1815 1185 1889 carnis
1213 1817 1430 1884 quidem
1457 1816 1773 1871 aufereutur
1798 1819 2005 1887 integu-

2165 1819 2333 1887 ύριος,
2363 1818 2491 1869 ὅταν
2512 1819 2568 1870 ἐν
2581 1819 2644 1887 τῇ
2672 1816 2976 1886 φανερώσει
2993 1818 3099 1869 τῶν
3114 1814 3372 1887 κρυπτῶν
3387 1814 3453 1866 τά
3474 1815 3571 1884 μὲν
3593 1813 3701 1883 τῆς

422 1914 626 1971 "tenta,
659 1907 839 1959 anima
876 1922 1005 1960 vero
1043 1908 1182 1959 nuda
1213 1919 1260 1960 et
1299 1908 1409 1962 sola
1463 1925 1566 1963 una
1604 1927 1725 1962 cum
1784 1912 2009 1981 turpitu-

422 1994 564 2049 dinis
590 1997 844 2065 operibus
872 1995 1178 2065 proferetur
1204 1999 1257 2052 in
1292 2001 1529 2053 medium
1556 2000 1624 2052 ".
1651 2004 1825 2069 Atque
1844 2005 2003 2055 etiam

425 2088 479 2141 in
510 2089 609 2143 hoc
648 2089 846 2143 samulo
875 2092 940 2141 ad
962 2102 1150 2142 eorum
1188 2091 1388 2159 quibus
1421 2091 1562 2145 istud
1596 2095 1877 2162 contingit,
1904 2094 2008 2145 utri-

424 2180 632 2234 litatem
675 2182 949 2236 revelatur
1006 2181 1277 2236 interdum
1337 2184 1552 2238 habitus
1582 2224 1598 2248 ,
1658 2186 1729 2237 ita
1763 2196 1814 2238 ut
1848 2186 2010 2241 rebus

426 2289 550 2342 qua}
582 2283 740 2327 antea
770 2273 970 2327 multos
1017 2273 1314 2338 latuerant,
1356 2275 1666 2340 denudatis,
1694 2287 1855 2345 atque
1885 2293 2012 2346 pec--

432 2376 683 2418 calorum
730 2365 1060 2431 turpitudine
1112 2366 1179 2420 ad
1230 2364 1589 2434 plurimorum
1641 2367 2009 2435 cognitionem

425 2459 798 2525 perveniente,
827 2455 883 2509 hi
909 2456 1009 2524 ipsi
1037 2457 1127 2525 qui
1162 2458 1311 2524 prius
1332 2458 1609 2512 latitantes
1642 2459 1695 2511 iu
1727 2460 1870 2513 malo
1890 2475 2013 2528 per-

430 2548 719 2612 sistebant,
772 2548 886 2617 jam
942 2548 1238 2617 pudibundi
1297 2559 1686 2603 convertantur
1716 2564 1781 2604 ac
1824 2551 2016 2619 resipi-

431 2646 608 2692 scant.
637 2636 999 2703 Quamobrem
1036 2637 1275 2691 l‘ucalum
1307 2638 1729 2709 simulatumque
1770 2642 2014 2694 habitum

435 2730 704 2793 revelare,
743 2745 938 2785 munus
976 2730 1185 2784 Domini
1215 2740 1317 2785 est.
1357 2732 1535 2798 Quare
1569 2733 1613 2787 si
1649 2733 1738 2801 qui
1770 2743 2015 2789 nostrum

434 2822 525 2893 qui
567 2823 619 2877 in
660 2823 925 2891 dignitate
949 2832 1001 2877 et
1035 2823 1243 2879 honore
1279 2825 1688 2890 constituimur,
1736 2827 1899 2879 vitam
1935 2827 2017 2880 inc

433 2911 690 2967 decoram
716 2929 812 2984 per
834 2914 1235 2969 simulationem
1267 2924 1583 2986 contegunt,
1621 2928 1866 2971 metuant
1891 2934 2015 2972 eum

434 3007 525 3092 qui
560 3017 807 3062 nostrum
843 3008 1086 3063 habitum
1142 3008 1478 3063 revelaturus
1541 3019 1645 3075 est,
1686 3022 1849 3080 atque
1891 3026 2019 3065 cor-

435 3100 584 3155 dium
619 3110 939 3158 nostrorum
956 3104 1179 3159 consilia
1218 3105 1614 3173 patefacturus,
1670 3108 1805 3161 adeo
1836 3115 1894 3160 ut
1926 3122 2018 3176 pe-

431 3191 582 3261 jores
609 3194 969 3264 cogitationes
1002 3195 1055 3249 in
1108 3194 1371 3266 cujusque
1425 3197 1609 3250 animo
1644 3209 1921 3267 concepta:
1951 3198 2021 3252 ob
2047 3180 2090 3237 θ

434 3284 680 3338 omnium
734 3284 922 3340 oculos
963 3295 1235 3356 ponantur
1286 3285 1353 3339 “.
1399 3285 1831 3342 Circnmdabunt
1877 3288 2022 3341 enim

439 3390 885 3445 unumquemque
909 3388 1155 3431 nostrum
1189 3378 1551 3447 cogitationes
1581 3378 1771 3448 ipsius.
1794 3380 1839 3410 "
1872 3379 2013 3445 Quin

439 3477 496 3522 et
520 3468 766 3523 actiones
799 3484 896 3523 nos
928 3468 1364 3534 circumsisteut,
1397 3483 1585 3537 eaeque
1629 3471 1744 3524 suis
1770 3470 1914 3524 notis
1947 3470 2025 3523 in.

439 3560 670 3629 signitae,
706 3561 966 3629 pudorem
997 3562 1368 3630 probrumque
1425 3572 1690 3615 :eternum
1747 3562 1901 3615 nobis
1943 3562 2025 3615 in.

440 3650 701 3717 ferentes,
732 3653 1164 3722 quandmuidem
1224 3653 1459 3706 sermoni
1503 3654 1873 3723 doctrinaeque
1932 3651 2026 3707 de-

441 3745 1164 3812 prehendenturcoutrarite
1198 3761 1213 3799 :
1248 3745 1321 3799 ita
1375 3754 1435 3798 ut
1484 3746 1575 3814 qui
1632 3747 1888 3815 praedicat
1920 3763 2024 3801 non

443 3834 752 3900 furandum,
794 3836 838 3890 is
873 3836 999 3890 l'urti
1052 3836 1363 3891 inveniatur
1410 3850 1574 3891 reus:
1628 3837 1719 3907 qui
1757 3837 1888 3891 dicit
1921 3853 2025 3890 non

444 3928 855 3993 mtechandum,
895 3930 943 3983 is
965 3944 1116 3983 suam
1148 3945 1269 3983 cttm
1305 3928 1565 3983 adulteris
1590 3929 1891 3996 portionem
1928 3930 2027 3983 ha-

444 4024 575 4077 bere
599 4025 971 4092 comperiatur
997 4025 1085 4075 ὀδε
1121 4026 1211 4095 qui
1478 4025 1824 4079 abominatur
1863 4025 2026 4091 idola,

445 4110 587 4164 idem
617 4124 723 4162 non
745 4109 847 4164 sibi
878 4119 1140 4179 temperet
1174 4127 1203 4163 a
1228 4112 1534 4179 sacrilegio.
1584 4110 1727 4164 Nihil
1758 4112 1903 4169 enim
1937 4128 2031 4166 oc-

444 4200 647 4257 cultum
676 4212 781 4262 est.
807 4205 950 4272 quod
975 4206 1332 4273 detegendum
1355 4220 1458 4257 non
1490 4205 1560 4257 sit
1587 4221 1599 4256 :
1629 4204 1765 4257 nihil
1797 4204 2029 4259 abscon-

445 4295 642 4360 ditum,
674 4295 819 4364 quod
858 4296 1209 4349 revelaudum
1255 4310 1360 4348 non
1399 4295 1470 4348 sit
1501 4296 1567 4348 δ’.

519 4385 646 4441 125.
686 4385 848 4441 Vnus.
880 4387 969 4441 18.
1005 4386 1072 4441 In
1123 4388 1210 4440 die
1257 4388 1350 4439 illa
1392 4387 1595 4454 auferet
1632 4388 1885 4443 Dominus
1910 4391 2029 4460 gia-

447 4476 586 4530 rium
610 4477 902 4530 uestimenti
932 4493 1136 4539 earum,
1177 4486 1224 4530 et
1252 4486 1496 4529 ornatum
1526 4495 1731 4532 earum.
1771 4479 2030 4545 Quando-

449 4568 671 4638 quidem
708 4571 866 4623 rebus
896 4585 1019 4639 qua:
1054 4570 1119 4624 ad
1162 4585 1315 4623 usum
1350 4569 1567 4624 fuerant
1598 4582 2031 4636 concessat,ute-

448 4662 648 4716 bantur
681 4672 869 4715 contra
926 4661 1112 4716 decori
1152 4662 1445 4729 rationem,
1502 4662 1716 4729 Auferet
1776 4663 2030 4716 Dominus

447 4755 673 4824 gloriam
702 4756 999 4809 vestimenti
1027 4772 1231 4822 eorum,
1256 4771 1365 4825 quo
1399 4756 1451 4808 in
1486 4770 1643 4809 suum
1665 4763 1720 4809 et
1745 4769 2034 4809 occurren-

450 4846 588 4900 tium
616 4846 816 4900 malum
850 4847 1264 4902 amiciebantur.
1284 4850 1474 4916 Itaque
1503 4862 1716 4901 omnem
1752 4845 2032 4899 mulierem

448 4940 759 4994 vestimenti
798 4940 945 4994 cultu
973 4940 1311 5003 abutentem,
1363 4956 1428 4995 eo
1458 4940 1745 5010 spoliatum
1779 4939 1843 4993 iri
1881 4941 2037 4994 mini-

449 5040 613 5093 tatur.
645 5031 937 5098 Quoniam,
972 5033 1166 5104 inquit,
1200 5033 1527 5089 incedebant
1552 5034 1716 5089 etiam
1752 5033 1914 5088 simul
1949 5043 2032 5085 tu-

365 5137 373 5146 ‘
451 5124 605 5183 nicas
632 5126 948 5190 trahentes,
998 5127 1154 5197 quasi
1206 5142 1315 5182 non
1352 5137 1634 5183 uterentur
1684 5128 2027 5192 vestimento,

522 5261 570 5292 ⁸³
592 5259 753 5315 Prov.
787 5277 839 5324 ιι,
875 5260 961 5315 10.

1036 5262 1082 5294 ⁸⁸
1105 5262 1245 5317 Psal.
1282 5277 1473 5327 xxxw,
1508 5263 1589 5316 i9.

450 5344 570 5396 vni,
628 5330 717 5387 17.

485 5558 499 5570 ⁸
529 5486 642 5575 (δῇ)
683 5488 799 5575 Ϋρι
830 5491 1159 5575 ταπείνωσις
1191 5487 1309 5575 ¹Ιιιξιι
1349 5486 1466 5575 loco
1517 5498 1699 5573 notam
1720 5488 2044 5575 .etsolitam

456 5559 906 5629 signiﬁcationem
967 5578 1074 5615 nou
1119 5559 1324 5614 habet:
1358 5560 1450 5612 sed
1501 5561 1642 5615 sumi
1685 5560 1899 5614 videtur
1949 5576 2046 5628 pro

458 5631 949 5712 animadversione,
993 5645 1097 5700 qua
1142 5630 1282 5685 Deus
1339 5632 1600 5699 superbos
1628 5633 1803 5702 punit,
1845 5646 2047 5697 eosque

460 5704 772 5841 δθῗὲἔιῗξῖε
798 5782 1026 5842 uterque
1063 5770 1306 5830 Combcf.
1343 5780 1399 5828 et
1435 5771 1523 5827 alii
1555 5786 1686 5827 mss.
1725 5787 1829 5828 non
1865 5772 2043 5841 pauci.

1668 5262 1714 5294 ⁸⁸
1742 5260 1760 5314 1
1792 5262 1917 5317 Cor.
1948 5276 2024 5326 tv,
2057 5259 2111 5313 5.

2112 1909 2315 1977 σαρκῖς
2371 1909 2855 1979 παραπετάσματα
2894 1906 3241 1979 περιαιρεοῇ,
3289 1905 3474 1975 γυμνὴ
3523 1904 3581 1956 δὲ
3606 1905 3703 1956 καὶ

2108 2002 2229 2054 καο“
2262 2000 2457 2071 ἑαυτὴν
2482 2001 2619 2069 μετά
2652 1998 2758 2052 τῶν
2784 1999 2958 2071 ἔργων
2979 2000 3077 2069 τῆς
3101 1997 3486 2068 ἀσχημοσύνης
3515 2013 3702 2067 παραυ.

2108 2093 2515 2162 δειγματίζεται
2550 2094 2582 2163 ἠ
2613 2092 2779 2162 ψυχή.
2826 2093 3160 2164 Ἐνεργεῖται
3210 2091 3267 2144 δέ
3296 2107 3429 2143 ποτε
3462 2090 3559 2142 καὶ
3613 2090 3700 2139 ἐν·

2110 2184 2285 2237 ταῦΟα
2333 2185 2364 2255 ἠ
2410 2182 2752 2252 ἀποκάλυψις
2783 2181 2875 2234 τοῦ
2934 2183 3212 2252 σχήματος
3269 2181 3362 2233 ἐπὶ
3395 2177 3546 2247 καλῷ
3594 2178 3701 2232 τῶν

2112 2276 2241 2347 περὶ
2285 2274 2377 2338 οὓς
2427 2276 2458 2345 ἡ
2509 2275 2780 2345 ἐνέργεια,
2831 2274 2972 2329 ὥστε
3021 2272 3440 2344 γυμνωθέντων.
3495 2271 3530 2325 ἃ
3562 2271 3704 2334 τέως

2113 2366 2341 2428 πολλοὺς
2387 2363 2749 2426 διαλανθάνει,
2810 2365 2905 2416 καὶ
2955 2365 3034 2426 είς
3086 2360 3284 2429 γνῶσιν
3340 2364 3453 2425 τοῖς
3489 2358 3705 2422 πολλοῖς

2114 2459 2376 2527 ἐλθούσης
2420 2460 2520 2529 τῆς
2564 2459 2657 2511 ἐπὶ
2700 2461 2814 2520 τοῖς
2849 2457 3243 2528 ἁμαρτήμασιν
3278 2455 3707 2525 ἀσχημοσύνης,

2116 2549 2443 2622 ἐπιστρέψαι
2476 2548 2929 2612 καταιδεσθέντας
2963 2547 3088 2609 τοὺς
3125 2547 3261 2611 τέως
3288 2546 3376 2599 διὰ
3407 2548 3468 2599 τὸ
3502 2545 3707 2599 λανθά-

2117 2659 2228 2694 νειν
2267 2642 2625 2711 ἐπιμένοντας
2660 2641 2737 2711 τῷ
2765 2639 2942 2710 κακῷ.
2978 2638 3087 2692 Τοῦ
3128 2639 3334 2712 Κυρίου
3367 2634 3462 2692 οὖν
3520 2639 3709 2709 ἔργον,

2117 2732 2461 2800 ἀνακαλύᾲαι
2499 2731 2560 2784 τὸ
2592 2731 2777 2801 σχῆμα
2802 2730 2862 2783 τὸ
2897 2729 3250 2793 ἐπίπλαστον,
3283 2730 3377 2782 καὶ
3429 2746 3707 2799 κατεσχη-

2122 2825 2473 2896 ματισμένον.
2503 2825 2665 2876 Ὥστε
2699 2824 2793 2877 καὶ
2825 2824 2875 2876 εί
2902 2839 3046 2886 τινες
3070 2822 3225 2893 ἡμῶν
3242 2822 3350 2874 τῶν
3377 2823 3710 2892 τιμωμένων

2121 2902 2470 2988 προσχήματι
2502 2915 2614 2986 βίον
2645 2915 2882 2986 ἄσεμνον
2917 2914 3348 2983 ὑποκρύπτουσι,
3384 2912 3714 2984 φοϐηθήτω-

2123 3028 2221 3063 σαν
2246 3010 2333 3062 τὶν
2362 3008 2763 3061 ἀνακαλύπτειν
2801 3007 2956 3079 ἡμῶν
2986 3006 3047 3061 τὸ
3074 3008 3258 3077 σχῆμα
3293 3005 3578 3076 μέλλοντα,
3622 3006 3717 3058 καὶ

2124 3101 2461 3173 φανεροῦντα
2500 3102 2599 3164 τὰς
2641 3100 2834 3172 βουλὰς
2874 3101 2981 3153 τῶν
3013 3098 3250 3170 καρδιῶν
3280 3096 3463 3169 ἡμῶν,
3505 3099 3563 3150 ἐν
3594 3099 3714 3159 ταῖς

2125 3194 2340 3247 πάντων
2373 3191 2690 3264 προκεῖσθαι
2718 3191 2872 3261 ὂψεσι
2896 3193 3021 3254 τοὺς
3046 3194 3102 3245 ἐν
3136 3190 3353 3259 ἐκάστῳ
3388 3188 3717 3259 γινομένους

2124 3285 2373 3357 χείρονας
2427 3283 2741 3353 λογισμούς.
2789 3283 3078 3337 Κυκλὼσει
3129 3283 3239 3353 γὰρ
3280 3283 3513 3336 ἕκαστον
3555 3281 3717 3353 ἡμῶν

2124 3379 2192 3433 τὰ
2222 3378 2502 3431 διαϐούλια
2548 3375 2735 3441 αὑτοῦ,
2783 3378 2880 3430 καὶ
2913 3377 2969 3430 αἱ
3021 3375 3247 3448 πράξεις
3296 3377 3353 3427 ἐν
3398 3378 3513 3438 τοῖς
3569 3373 3717 3436 ἰδίοις

2125 3468 2467 3541 γνωρίσμασι
2507 3469 2950 3539 περιστήσονται,
2991 3468 3256 3537 αἰσχύνην
3287 3467 3379 3520 καὶ
3409 3465 3721 3536 ὀνειδισμὸν

2126 3560 2342 3614 αἰώνιον
2386 3562 2516 3632 ἡμῖν
2568 3560 2889 3627 ἐπάγουσαι,
2937 3560 3066 3613 ὅταν
3096 3559 3427 3629 ἐλέγχωνται
3456 3560 3718 3619 ἐναντίως

2128 3653 2349 3725 ἔχουσαι
2406 3652 2543 3724 πρὸς
2589 3653 2679 3704 τὸν
2711 3651 2895 3720 λόγον’
2950 3651 3090 3705 ὥστε
3127 3652 3219 3705 τὸν
3257 3650 3610 3722 κηρύσσοντα
3648 3650 3720 3721 μὴ

2128 3748 2405 3809 κλέπτειν,
2468 3745 2676 3798 κλοπέα
2727 3744 3181 3816 ἐφευρίσκεσθαι·
3236 3744 3329 3797 τὸν
3375 3744 3613 3812 λέγοντα
3647 3742 3719 3814 μὴ

2133 3840 2427 3911 μοιχεύειν,
2465 3839 2523 3890 ἐν
2549 3841 2661 3901 τοῖς
2696 3839 2906 3908 μοιχοῖς
2945 3838 3140 3908 ἔχοντα
3168 3838 3266 3908 τὴν
3301 3836 3496 3908 μερίδα
3529 3838 3721 3907 φωρᾶ-

2132 3933 2284 3986 σθαι·
2310 3932 2399 3984 τὸν
2429 3930 2851 4001 βδελυσσόμενον
2873 3930 2941 3984 τὰ
2968 3930 3183 3995 εἴδωλα,
3208 3929 3515 4002 ἱεροσυλίας
3533 3932 3722 3982 τοῦτον

2134 4025 2208 4095 μὴ
2257 4022 2618 4093 ἀπεχόμενον.
2658 4021 2822 4075 Οὐδὲν
2853 4022 2964 4094 γὰρ
2993 4023 3255 4095 κρυπτὸν,
3300 4022 3329 4073 ὃ
3367 4022 3429 4074 οὐ
3465 4039 3720 4091 φανερωο

2132 4116 2381 4187 ϐήσεται·
2417 4114 2538 4167 οὐδὲ
2577 4112 2992 4184 κεκαλυμμένον
3053 4113 3193 4185 (70),
3237 4114 3267 4166 ὃ
3308 4114 3408 4167 οὐκ
3444 4114 3723 4166 ἀποκαλυ-

2133 4207 2421 4279 φθήσεται.

2205 4387 2329 4442 ινδ.
2378 4388 2474 4440 Ἐν
2515 4385 2592 4454 τῇ
2628 4384 2819 4455 ἡμέρᾳ
2864 4385 3068 4454 ἐκείνῃ
3113 4383 3328 4453 ἀφελεῖ
3355 4386 3575 4453 Κύριος
3610 4383 3723 4450 τὴν

2134 4480 2325 4544 δόξαν
2345 4479 2451 4533 τοῦ
2480 4477 2802 4548 ἱματισμοῦ
2830 4476 3051 4542 αὐτῶν,
3091 4477 3188 4530 καὶ
3217 4476 3324 4529 τὸν
3357 4478 3597 4544 κόσμον
3618 4477 3723 4529 ait-

2138 4569 2274 4623 τῶν.
2313 4568 2529 4638 Ἐπειδὴ
2560 4568 2712 4637 παρά
2737 4566 2798 4619 τὸ
2837 4566 3049 4638 πρέπον
3094 4566 3400 4637 ἐχρήσαντο
3443 4568 3559 4629 τοῖς
3590 4565 3724 4619 διδο-

2144 4661 2328 4734 μένοις
2380 4663 2459 4724 εἱς
2491 4662 2706 4732 χρῆσιν,
2753 4657 2995 4727 Ἀφελεῖ
3013 4659 3230 4727 Κύριος
3252 4658 3366 4725 τὴν
3391 4656 3586 4722 δόξαν
3623 4657 3726 4712 τοῦ

2142 4752 2464 4825 ἱματισμοῦ
2481 4749 2700 4815 αὐτῶν,
2731 4751 2790 4804 δν
2818 4752 2910 4804 ἐπὶ
2943 4750 3099 4821 κακῴ
3139 4750 3347 4802 ἑαυτῶν
3380 4750 3477 4803 καὶ
3504 4750 3617 4803 τῶν
3646 4751 3726 4801 ἐν·

2141 4846 2519 4917 τυγχανόντων
2549 4844 2739 4906 αὐταῖς
2766 4841 3182 4913 περιεϐάλλοντο
3214 4840 3347 4911 (71).
3380 4840 3547 4892 Ὥστε
3581 4840 3730 4893 πᾶσα

2143 4940 2282 5011 γυνὴ
2306 4936 2490 5000 κακῶς
2523 4934 2837 5006 κεχρημένη
2891 4936 2956 5004 τῇ
3020 4932 3285 5003 περιϐολῇ
3316 4932 3415 5002 τῆς
3478 4929 3729 5001 ἐσθῆτος,

2138 5033 2235 5104 τὴν
2250 5031 2363 5100 (72)
2393 5027 2681 5098 ἀφαίρεσιν
2698 5026 3019 5079 ἀπειλεῖται.
3039 5025 3254 5096 Ἐπειδὴ
3278 5024 3370 5078 καὶ
3387 5022 3729 5095 ἐπορεύοντο,

2142 5124 2329 5194 φησὶν,
2382 5121 2498 5191 ἃμα
2548 5119 2807 5190 σύρουσαι
2840 5118 2962 5181 τοὺς
2999 5114 3256 5209 χιτῷνας,
3287 5115 3363 5179 ὡς
3406 5115 3482 5186 μὴ
3515 5113 3730 5187 χρώμε-

2189 5258 2235 5290 ⁸⁶
2270 5258 2399 5311 ibid.
2475 5254 2519 5285 ⁸⁷
2546 5251 2672 5307 Ose.
2695 5268 2787 5315 vn,
2818 5253 2873 5305 2.
2950 5252 2994 5283 ⁸⁸
3025 5250 3166 5306 Psal.
3197 5267 3343 5315 ms,
3372 5249 3458 5306 l8.
3533 5248 3730 5305 "Luc.

2150 5485 2580 5551 Ειιίιί,ἓλκυσιν,
2618 5480 2823 5537 incuria
2862 5494 3168 5550 operarum.

2226 5546 2339 5629 (70)
2384 5556 2533 5626 Regii
2566 5554 2756 5607 tertius
2783 5561 2835 5603 et
2874 5546 3120 5629 quartus,
3154 5546 3732 5629 κατακεκαλυμμέξογ.

2226 5616 2341 5700 (713
2393 5616 2561 5697 Major
2611 5639 2735 5693 pars
2789 5616 3033 5677 codicum
3089 5637 3425 5685 nostrorum,
3474 5616 3735 5690 πὲριεὸἀο

2396 5768 2631 5838 υιριίιιιε
2666 5767 2817 5823 Colb.
2875 5776 2926 5820 ct
2973 5764 3103 5816 Rev.
3147 5766 3436 5826 secundus,
3490 5759 3735 5827 ἐσθῆτος·
