3828 6216
141 258 244 313 ’621

1004 254 1359 311 ϐΟΜΜΕΝΤ.
1402 256 1466 312 IN
1510 257 1746 313 ISAIAM
1782 259 2226 318 PROPIluTAM.
2268 263 2422 318 CAP.
2463 262 2564 318 Ill.

3304 263 3412 318 59$

140 392 236 431 ναι
262 370 343 442 τῷ
378 369 681 441 ἱματισμῷ,
721 369 857 424 ἀλλὰ
905 370 1360 443 παραχρώμεναι,
1400 374 1728 446 ἐκελεύσθη·

1834 379 1926 431 sed
1968 395 2091 448 quae
2120 379 2496 445 abuterentur,
2555 380 2674 435 ideo
2725 379 2890 451 jussu?
2934 391 3061 437 sunt
3106 361 3412 436 vestimentE

143 482 249 521 σειν
278 462 635 534 γυμνωθῆναι
661 464 758 534 τῆς
788 462 946 534 δόξης
976 464 1073 517 τοῦ
1104 466 1422 536 ἱματισμοῦ.
1460 467 1733 539 Ἀφαιρεῖ-

141 574 235 612 ται
281 555 466 627 μέντοι
499 556 593 608 καὶ
635 556 729 624 ἀφ’
767 554 926 626 ἡμῶν
951 555 1050 627 τὴν
1084 556 1241 623 δόξαν
1283 557 1376 611 τοῦ
1413 560 1727 630 ἱματισμοῦ,

140 647 243 701 ὲάν
263 644 501 711 ἀναξίως
532 644 684 715 αὐτῷ
709 645 1038 715 κεχρημένοι
1066 647 1341 716 φανῶμεν,
1363 648 1732 702 καταπατοῦν-

142 756 235 802 τες
298 737 482 802 αὑτὸν,
535 736 630 789 καὶ
684 735 793 788 τῶν
843 736 1111 808 σαρκίνων
1181 737 1539 808 μολυσμάτων
1595 741 1730 792 ἀνα-

144 829 512 900 πιμπλάντες.
556 829 653 892 Τίς
696 827 753 881 δέ
794 828 941 880 ἐστιν
981 821 1134 892 οὗτος
1174 831 1202 880 ὁ
1252 832 1627 903 ἱματισμὸ;,ἢ
1670 831 1730 884 τὸ

142 928 350 997 ἔνδυμα
383 925 495 979 τῶν
524 925 715 993 ἁγίων,
739 925 767 977 ὁ
799 923 1003 995 Κύριος
1031 924 1187 995 ἡμῶν
1222 924 1427 996 ἰησοῇ
1457 926 1724 998 Χριστός;

143 1020 322 1073 ὐσοι
344 1021 455 1090 γὰρ
480 1023 567 1084 εις
596 1018 852 1086 Χριστὸν
877 1018 1297 1086 ἐϐαπτίσθητε,
1339 1018 1599 1086 Χριστὸν
1633 1019 1729 1071 ὲν-

141 1107 470 1170 εδύσασθε,
495 1106 554 1159 ὃν
580 1108 801 1178 ἀφαιρεῖ
832 1104 1035 1177 Κύριος
1052 1106 1161 1159 ἀπὸ
1185 1105 1290 1159 τῶν
1320 1106 1408 1159 διὰ
1429 1107 1521 1159 τοῦ
1548 1108 1728 1179 ἀμαρ-

138 1200 327 1251 τάνειν
358 1199 420 1251 τὸ
470 1196 631 1268 σῶμα
675 1198 1164 1260 καταπατούντων,
1206 1199 1301 1250 καὶ
1344 1197 1403 1250 τὸ
1450 1194 1590 1268 αἷμα
1627 1200 1726 1268 τῆς

137 1290 408 1361 διαθήκης
441 1290 617 1343 κοινὸν
650 1274 974 1360 ἡγουμένων
1002 1290 1137 1359 (75).
1193 1289 1399 1342 Τούτου
1446 1290 1540 1343 τοῦ
1595 1292 1723 1360 ἱμα-

136 1379 339 1451 τισμοῦ
389 1379 635 1451 σύμϐολα
679 1376 748 1451 ἦν
778 1380 846 1433 τά
878 1381 1070 1451 ἱμάτια
1119 1380 1213 1434 τοῦ
1256 1382 1493 1453 Ἰσραὴλ,
1545 1381 1616 1435 τά
1649 1383 1722 1453 μὴ

139 1471 562 1543 κατατριϐέντα,
607 1471 790 1536 καθὼς
837 1471 1148 1544 γέγραπται
1193 1475 1251 1525 ὲν
1295 1474 1720 1545 Δευτερονομίῳ,

136 1565 219 1618 ὅτι
253 1565 332 1618 Τὰ
364 1563 564 1632 ἱμάτια
602 1564 769 1634 ὑμῶν
791 1567 862 1619 οὐ
895 1566 1229 1634 κατετρίϐη,
1262 1568 1362 1620 καὶ
1404 1569 1477 1622 τὰ
1496 1568 1724 1635 ὑποδή-

134 1672 301 1727 ματα
326 1656 398 1709 ἐν
438 1655 566 1721 τοῖς
614 1657 803 1710 ποσὶν
829 1656 997 1727 ὑμῶν
1028 1660 1139 1712 οὐκ
1178 1659 1520 1727 ἐπαλαιώθη
1548 1677 1563 1691 ο
1600 1662 1722 1714 ἐπεὶ

1836 469 2007 539 gloria
2043 472 2268 542 privari.
2297 471 2487 526 Aufert
2509 472 2726 542 quidem
2755 483 2811 527 et
2835 489 2862 527 a
2901 475 3056 528 nobis
3099 471 3409 530 vestimenti

1834 563 2082 632 gloriam,
2137 566 2182 620 si
2233 580 2298 619 eo
2337 566 2800 636 deprehendimur
2849 567 3068 639 indigne
3112 571 3227 632 uti,
3279 566 3411 621 illud

1832 656 2244 721 conculcantes,
2275 667 2434 726 atque
2461 659 2772 713 carnalibus
2810 660 3230 730 inquinamentis
3255 673 3408 713 com-

1833 744 2061 813 pientes.
2101 746 2215 801 lloc
2249 758 2429 801 autem
2453 749 2830 802 vestimentum
2860 751 3133 819 quodnam
3162 757 3267 814 est,
3304 737 3409 804 nisi

1835 849 2151 892 sanctorum
2199 840 2605 906 indumentum,
2648 840 2759 909 ipse
2798 842 3055 897 Dominus
3106 853 3294 898 noster
3319 841 3409 896 Je-

1830 945 1925 984 sus
1949 930 2242 985 Christus?
2272 931 2581 1001 Quicunque
2625 932 2761 984 enim
2801 934 2854 986 in
2903 933 3112 986 Christo
3156 933 3407 1001 baptizati

1828 1019 1973 1083 estis,
2003 1020 2271 1075 Christum
2295 1023 2538 1076 iuduistis
2572 1022 2638 1087 ⁵ο,
2686 1039 2846 1092 quem
2888 1024 2954 1077 ab
2984 1024 3052 1079 iis
3086 1024 3263 1078 aufert
3296 1024 3402 1077 Do-

1831 1112 2033 1177 minus,
2090 1114 2181 1182 qui
2232 1128 2430 1182 corpus
2480 1116 2797 1184 proculcaut
2865 1131 2958 1183 per
3012 1126 3315 1184 peccatum,
3351 1120 3407 1168 et

1830 1201 2138 1253 testamenti
2181 1203 2495 1269 sanguinem
2525 1218 2620 1271 pro
2648 1204 2848 1270 polluto
2879 1219 2943 1258 ac
2994 1203 3272 1259 communi
3298 1204 3399 1257 ha-

1829 1291 1957 1345 bent
1984 1292 2051 1345 “.
2083 1292 2386 1348 indumenti
2420 1295 2580 1365 hujus
2613 1296 2781 1365 ﬁgura
2808 1306 2965 1350 erant
3011 1296 3291 1351 lsraelitici
3317 1309 3406 1365 po-

1827 1379 1936 1446 puli
1970 1392 2168 1446 vestes,
2203 1398 2542 1452 nequaquam
2574 1385 2803 1448 dett-itm,
2838 1387 2912 1439 uti
2956 1388 3213 1455 scripturn
3242 1396 3325 1441 est
3351 1387 3405 1442 in

1826 1471 2250 1527 Deuteronomio
2278 1474 2324 1506 ⁸²
2358 1493 2371 1527 :
2393 1474 2706 1529 Vestimenta
2732 1484 2897 1530 vestra
2918 1495 3020 1531 non
3044 1490 3162 1531 sunt
3188 1479 3402 1544 detrita,

1823 1572 1871 1614 et
1905 1562 2256 1617 calceamenta
2291 1567 2346 1618 in
2375 1568 2595 1634 pedibus
2630 1569 2807 1620 vestris
2841 1584 2943 1621 non
2976 1579 3094 1621 sunt
3149 1579 3406 1623 vetustate

1825 1668 2156 1723 consumpta.
2193 1656 2480 1712 Enimvero
2509 1658 2623 1712 haec
2668 1660 2828 1712 etiam
2862 1660 3225 1715 calceamenta
3260 1677 3404 1733 sym-

138 1749 238 1803 καὶ
267 1749 338 1802 τὰ
373 1748 697 1819 ὑποδήματα
732 1748 975 1820 σύμϐολα
1024 1746 1093 1822 ἦν
1131 1750 1232 1818 τῆς
1282 1752 1597 1822 ἑτοιμασίας
1626 1752 1720 1805 τοῦ

1826 1743 1948 1796 bula
1986 1740 2145 1799 erant;
2189 1762 2253 1802 ac
2300 1748 2466 1817 ﬁgura
2533 1750 2948 1818 prmparationis
3000 1751 3277 1821 Evangelii
3306 1768 3402 1822 pa-

138 1840 478 1910 Εὺαγγελίου
507 1841 608 1911 τῆς
637 1842 883 1912 εἰρήνης.
920 1842 1024 1895 ’Ἦν
1053 1841 1160 1913 γάρ
1201 1841 1400 1895 δέδωκε
1445 1843 1719 1915 Διαθήκην

135 1931 350 2002 Καινὴν
382 1931 493 2000 (74)
529 1931 761 1998 Χριστὸς
795 1931 1021 2002 Ἰησοῦς,
1063 1932 1210 2003 μένει
1233 1933 1414 2004 καινὴ,
1453 1933 1720 2004 μηδέποτε

137 2023 543 2094 παλαιουμένη.
588 2023 754 2076 Ὅσον
786 2022 894 2092 γὰρ
917 2022 1177 2094 χρώμεθα
1234 2023 1408 2094 τούτῳ
1469 2025 1562 2077 καὶ
1607 2028 1721 2089 τοῖς

135 2116 477 2186 ὑποδήμασι,
506 2115 747 2185 τοσούσῳ
772 2115 1063 2184 καινότερα
1091 2116 1320 2184 γίνεται,
1355 2117 1442 2170 ἀεὶ
1471 2118 1720 2187 προσφάο

132 2226 231 2262 του
260 2211 358 2263 καὶ
397 2208 524 2270 νέας
555 2208 938 2278 ἐπιγινομένης
967 2208 1098 2279 ἡμῖν
1148 2209 1271 2279 τῆς.
1286 2210 1601 2279 ἑτοιμασὶας
1624 2209 1718 2264 τοῦ

133 2302 472 2371 Εὐαγγελξου
504 2303 561 2354 ἐν
594 2303 659 2370 τῇ
691 2303 939 2372 προκοπῇ
959 2301 1058 2370 τῆς
1090 2302 1171 2366 εἰς
1200 2302 1433 2372 Χριστὸν
1464 2303 1716 2366 πίστεως.

132 2391 249 2449 Καὶ
277 2390 421 2456 τοὺς
442 2391 785 2460 κοσύμϐους
816 2390 950 2459 (75).
990 2390 1341 2468 ’Λφαιρήσειν
1371 2393 1585 2445 ἀπειλεῖ
1609 2392 1720 2446 τῶν

132 2478 631 2550 καλλωπιζομένων
666 2479 939 2546 γυναικών
971 2479 1059 2532 διὰ
1086 2480 1179 2533 τοῦ
1210 2483 1491 2552 προφήτου
1537 2484 1565 2535 ὁ
1606 2481 1721 2535 Κύ-

137 2589 255 2643 ριος
281 2573 377 2624 καὶ
399 2572 525 2634 τοὺς
547 2569 875 2640 κοσύμϐους.
901 2571 973 2623 Ού
996 2571 1136 2624 πάνυ
1164 2571 1271 2643 δὲή
1296 2571 1390 2624 τοῦ
1411 2574 1717 2642 κοσύμϐου

132 2664 281 2730 λέξις
309 2666 377 2733 τῇ
425 2661 710 2732 Ἐλληνικῇ
737 2661 994 2732 συνηθείᾳ
1021 2661 1421 2734 καθωμίληται,
1455 2663 1575 2719 ὅθεν
1598 2665 1718 2719 οὐδὲ

132 2756 164 2809 ὁ
184 2754 310 2817 νοῦς
338 2752 514 2822 αὐτῆς
543 2752 825 2823 πρόδηλος.
863 2752 1007 2823 Πλὴν
1035 2756 1195 2824 ἡμεῖς
1223 2756 1279 2807 ὲν
1307 2757 1372 2826 τῇ
1404 2761 1716 2829 κατασκευῇ

133 2849 235 2917 τῆς
254 2845 650 2916 ἀρχιερατικῆς
677 2843 899 2913 ἐσθῆτος
925 2846 1175 2916 εὑρόντες
1205 2846 1405 2915 χιτῶνα
1434 2848 1720 2919 κοσυμϐωι

132 2939 246 3003 τὸν,
279 2937 475 3008 ἔχοντα
501 2937 753 3008 ῥοΐσκους
780 2938 874 2991 καὶ
896 2936 1175 3003 κώδωνας,
1202 2939 1545 3010 ἀποδέσμους
1566 2941 1718 3005 τινὰς

130 3033 242 3088 τῶν
272 3032 545 3104 κροσσῶν,
585 3032 886 3102 ἐνοήσαμεν
916 3032 1042 3094 τοὺς
1067 3032 1410 3101 κοσύμϐους
1446 3051 1718 3107 συναπηρ-

129 3142 200 3194 τη
208 3123 405 3193 μένους
425 3124 537 3185 τοῖς
568 3120 781 3174 κώδωσι
815 3124 928 3185 τοῖς
953 3124 1196 3192 χρυσοῖς,
1220 3124 1314 3175 καὶ
1339 3127 1454 3187 τοῖς
1476 3126 1716 3195 ῥοΐσκοις

129 3215 243 3269 ἀπὸ
271 3214 385 3267 τῶν
420 3214 628 3284 ἄκρων,
651 3211 746 3276 οὓς
781 3212 1076 3283 ἐμιμοῦντο
1109 3212 1229 3266 καθ’
1259 3214 1565 3287 ὑπερϐολὴν
1596 3234 1720 3288 τρυ-

132 3309 242 3378 φῆς
270 3309 369 3361 καὶ
394 3308 453 3360 αἱ
483 3303 783 3376 θυγατέρες
808 3303 948 3357 Σιὼν
978 3306 1034 3357 ὲν
1058 3307 1124 3376 τῇ
1158 3306 1417 3377 περιϐολῇ
1449 3308 1546 3377 τῆς
1582 3308 1743 3371 ἰδίας⁶

130 3398 316 3453 αὐτῶν
334 3397 585 3467 ἐσθῆτοςθ
610 3395 679 3448 δι’
698 3389 772 3448 ὧν
807 3393 1087 3466 ἐνύϐριζον
1119 3394 1231 3466 (76)
1263 3398 1375 3458 τοῖς
1426 3398 1718 3468 ἱερατικοῖς

133 3489 456 3560 ιδιώμασιν,
513 3485 798 3540 ὑακίνθινα
862 3486 956 3540 καὶ
1023 3486 1252 3539 κόκκινα
1310 3486 1718 3559 ὲγκομϐώματα

127 3581 386 3653 κροσσῶν
462 3578 829 3651 ἀπηρτημένα
892 3578 986 3631 τοῦ
1046 3576 1297 3647 λώματος
1380 3579 1716 3651 περιφέρου-

131 3692 247 3729 σαι.

205 3848 330 3904 126.
355 3846 466 3903 Καὶ
501 3847 641 3913 τοὺς
670 3847 1031 3915 μηνίσκους,
1077 3846 1177 3900 καὶ
1222 3846 1286 3899 τὸ
1331 3845 1577 3911 κάθεμα,
1618 3845 1717 3899 καὶ

127 3943 242 3998 τὸν
264 3943 500 4011 κόσμον
527 3939 634 3994 τοῦ
661 3937 984 4007 προσώπου
1010 3935 1230 3992 αὐτῶν.
1249 3937 1384 3990 Κατ’
1402 3932 1539 4000 εἶδος
1559 3936 1716 4001 ἐπεξ-

128 4035 355 4105 έρχεται
407 4030 485 4101 τῷ
528 4029 824 4099 γυναικείῳ
873 4029 1083 4099 κόσμῳ,
1143 4027 1202 4080 τὸ
1273 4026 1563 4098 περίεργον
1620 4025 1714 4079 τοῦ

126 4122 526 4194 καλλωπισμοῦ
554 4121 848 4192 διασύρων.
890 4120 1101 4191 Ἀφελεῖ
1122 4120 1229 4191 γάρ
1250 4118 1453 4190 Κύριος
1475 4119 1588 4189 (77)
1613 4118 1715 4172 καὶ

125 4217 276 4283 τοὺς
292 4218 634 4286 μηνίσκους
667 4215 765 4267 καὶ
795 4213 862 4267 τὸ
889 4212 1133 4281 κάθεμα.
1160 4213 1498 4283 Σαφέστερον
1518 4212 1575 4265 δὲ
1591 4212 1715 4275 τοὺς

131 4308 431 4380 μηνίσκους
446 4306 632 4376 ἔτερος
649 4303 931 4370 ἐξέδωκεν,
975 4303 1145 4358 εἰπὼν
1164 4345 1179 4366 ,
1214 4303 1312 4357 καὶ
1342 4303 1485 4369 τοὺς
1506 4301 1712 4372 μανιά-

1824 1836 1903 1889 cis
1935 1837 1999 1892 ⁵⁸.
2033 1837 2165 1892 Nam
2194 1839 2403 1895 Novum
2439 1842 2846 1896 Testamentum
2877 1844 3017 1912 quod
3062 1843 3222 1899 Jesus
3246 1845 3405 1899 Chri-

1823 1937 1940 1980 stus
1975 1929 2222 1996 tradidit,
2257 1946 2454 1985 novum
2502 1944 2837 2001 perseverat,
2895 1951 2996 1989 nec
3041 1945 3125 1990 est
3162 1951 3400 2004 unquam

1825 2022 2243 2091 antiquandum.
2279 2024 2414 2078 Nam
2446 2041 2552 2094 quo
2589 2027 2760 2097 magis
2809 2027 2909 2081 hoc
2945 2029 3267 2083 vestimento
3288 2028 3403 2082 cal-

1822 2116 2226 2184 ceamentisque
2259 2118 2485 2184 utimur,
2520 2135 2582 2173 eo
2617 2131 2849 2187 utraque
2888 2120 3022 2174 ﬁunt
3075 2122 3399 2184 recentiora,

1823 2207 2259 2275 quandoquidem
2287 2209 2391 2263 ﬁde
2412 2226 2532 2279 qua:
2562 2211 2614 2264 in
2642 2211 2917 2266 Christum
2942 2223 3026 2267 est
3053 2213 3399 2284 proliciente,

1826 2298 2153 2367 prmparatio
2185 2299 2459 2368 Evangelii
2488 2316 2678 2356 recens
2699 2317 2916 2372 semper
2945 2319 3009 2358 ac
3049 2320 3185 2358 nova
3214 2305 3265 2358 in
3303 2319 3399 2357 no-

1825 2389 1910 2442 bis
1935 2390 2195 2443 succedit.
2233 2389 2302 2443 Et
2335 2390 2628 2461 eosymbos.
2656 2393 2699 2446 A
2720 2393 3041 2449 mulieribus
3070 2395 3237 2448 nimio
3252 2392 3399 2449 cultu

1822 2482 2105 2534 exornatis
2144 2482 2430 2553 cosymbos
2476 2484 2636 2536 etiam
2684 2485 2989 2539 ablaturum
3042 2502 3100 2541 se
3139 2487 3401 2542 Dominus

1823 2586 1922 2640 per
1981 2573 2301 2641 praphetam
2350 2576 2732 2631 comminatur.
2803 2576 2916 2631 Hoc
2958 2588 3135 2633 autem
3170 2579 3401 2649 cosymbi

1823 2662 2148 2716 vocabulum
2180 2680 2287 2718 non
2320 2666 2476 2720 valde
2507 2668 2795 2721 admodum
2845 2668 3035 2724 Graeco
3076 2687 3173 2725 usu
3205 2682 3286 2726 est
3317 2687 3403 2725 re-

1821 2763 2059 2822 ceptum,
2084 2756 2229 2810 unde
2259 2758 2485 2812 minime
2537 2761 2822 2828 perspicua
2870 2771 2954 2816 est
3008 2762 3150 2816 illius
3199 2762 3400 2817 intelli-

1822 2840 2021 2909 gentia.
2063 2843 2198 2909 Quia
2232 2853 2411 2901 tamen
2439 2847 2490 2900 in
2526 2848 2691 2903 vestis
2714 2850 3002 2925 pontiﬁcia:
3027 2861 3288 2921 apparatu
3314 2864 3393 2906 tu-

1822 2933 1999 2987 nicam
2027 2936 2303 3007 cosymbis
2322 2947 2572 2993 ornatam
2602 2952 2655 2996 et
2683 2942 2839 2996 malis
2872 2944 3085 3012 punicis
3114 2958 3180 2999 ac
3207 2946 3400 3000 tintin-

1821 3025 2034 3081 nabulis
2066 3027 2389 3089 instructam
2447 3031 2750 3101 reperimus
2795 3032 2866 3100 “,
2897 3037 3168 3105 cosymbos
3210 3039 3400 3093 existi-

1822 3116 2092 3174 mavimus
2120 3121 2387 3189 quosdam
2414 3137 2533 3178 esse
2566 3124 3117 3194 ﬁmbriarumnodos,
3143 3144 3247 3182 una
3273 3145 3396 3184 cum

1823 3208 2197 3266 tintinnabulis
2252 3214 2435 3269 aureis
2466 3225 2521 3271 et
2575 3216 2732 3270 malis
2785 3218 2995 3286 punicis
3044 3220 3112 3274 ab
3139 3222 3398 3276 exttremis

1819 3303 2127 3357 vestimenti
2168 3306 2409 3373 partibus
2461 3308 2825 3375 dependentes
2848 3350 2863 3375 ,
2911 3325 3047 3378 quos
3079 3313 3242 3366 etiam
3276 3313 3399 3369 tiliae

1822 3390 1952 3446 Sion
1978 3407 2088 3462 prae
2123 3409 2222 3448 suo
2255 3397 2423 3451 nimio
2463 3397 2591 3451 luxu
2619 3398 2974 3455 imitabantur
3008 3402 3060 3455 in
3112 3404 3196 3457 sui
3227 3405 3398 3459 vesti-

1819 3483 1987 3536 menti
2019 3485 2414 3552 ambitu.~Quo
2449 3499 2607 3556 pacto
2666 3489 2993 3555 peculiarem
3044 3493 3274 3547 vestium
3304 3510 3391 3550 εει

1820 3574 2175 3630 cerdotalium
2206 3580 2621 3649 praerogativam
2657 3580 3084 3646 dedecorabant,
3119 3598 3239 3640 cum
3282 3588 3395 3641 cir-

1818 3664 2154 3720 cumferrem
2211 3670 2413 3724 nodosa
2470 3670 2806 3727 ﬁmbriarum
2856 3686 3180 3730 ornamenta
3203 3677 3397 3733 abima

1818 3758 1987 3814 vestis
2013 3774 2110 3813 ora
2129 3761 2440 3830 pendentia,
2466 3778 2638 3833 eaque
2656 3765 3016 3835 hyacinthina
3039 3775 3093 3821 et
3115 3769 3394 3825 coccinea.

1890 3849 2010 3905 126.
2046 3849 2211 3906 Vens.
2252 3852 2340 3906 19.
2374 3851 2444 3905 Ει
2476 3853 2723 3918 ιιιηιιΙαιι,
2775 3866 2820 3908 et
2856 3857 3050 3910 monile
3085 3860 3394 3926 demissum,

1819 3952 2063 3996 ornatum
2097 3943 2254 4013 [aciei
2287 3960 2492 3999 earum.
2531 3945 2787 4001 Mundum
2828 3949 3156 4005 muliebrem
3202 3954 3395 4024 singu-

1816 4033 1970 4086 latim
2002 4034 2295 4103 percurrit,
2330 4042 2496 4106 atque
2548 4036 2603 4090 id
2662 4037 2809 4106 quod
2855 4039 2908 4092 in
2949 4039 3052 4095 hoc
3078 4051 3275 4098 ornatu
3303 4060 3397 4099 su-

1816 4122 2080 4191 perﬂuum
2111 4131 2216 4188 est,
2243 4125 2844 4193 reprehendit.Auferet
2870 4129 3015 4183 enim
3054 4129 3320 4187 Dominus
3342 4144 3390 4187 et

1816 4213 2030 4269 lunulas
2059 4224 2106 4267 et
2136 4216 2330 4268 monile
2351 4213 2836 4272 demissum.Alius
2858 4228 3038 4274 autem
3068 4222 3395 4291 interpreta-

1815 4313 1907 4362 tus
1932 4312 2018 4361 est
2043 4306 2271 4368 clarius,
2293 4321 2390 4376 pro
2409 4306 2616 4362 lunulis
2634 4306 2799 4380 467
2816 4310 3031 4376 dicens,
3083 4324 3127 4365 et
3145 4323 3392 4383 torques;

125 4416 264 4468 πᾶς’
302 4401 400 4455 καὶ
425 4399 548 4452 ἀντὶ
570 4397 664 4450 τοῦ
699 4396 1005 4466 καθέματος
1030 4394 1203 4450 εἰπὼν
1214 4392 1510 4464 χαλαστὼ
1531 4393 1710 4464 Μηνί-
1742 4422 1745 4472 pi

1825 4395 2116 4466 dicensque
2148 4398 2267 4452 loco
2301 4398 2522 4451 monitis
2554 4397 2819 4463 demissi,
2871 4409 2920 4454 et
2957 4404 3248 4458 catenulas.
3283 4403 3394 4461 Lu-

126 4510 262 4557 σκος
272 4491 456 4545 τοίνυν
469 4491 672 4561 κόσμος
688 4489 803 4543 ἐστὶ
822 4488 1055 4560 χρυσοῦς
1069 4487 1506 4559 περιτραχήλιος,
1521 4485 1715 4539 κυκλο-

1825 4489 1946 4544 nula
1981 4489 2149 4560 igitur
2187 4504 2414 4544 aureum
2446 4500 2533 4544 est
2561 4502 2948 4546 ornamentum
2979 4495 3122 4549 collo
3151 4497 3393 4552 circum-

122 4585 305 4656 τέρως
335 4581 795 4655 ἀπειργασμένος,
830 4579 889 4631 ὃν
916 4577 1322 4649 περιτιθέμεναι
1358 4579 1415 4629 αἱ
1437 4577 1715 4645 γυναῖκες,

1825 4579 2081 4651 positum,
2112 4579 2460 4634 orbiculatim
2507 4579 2778 4646 effectum,
2822 4583 2967 4651 quod
3001 4599 3124 4637 cum
3156 4586 3259 4640 sibi
3292 4588 3392 4641 ad~

122 4676 338 4746 γυμνὸν
360 4672 740 4743 ἐπιτηδεύουσι
765 4669 1143 4742 προδεικνύναι
1176 4669 1267 4721 τὸν
1291 4667 1582 4738 τράχηλον,
1619 4668 1714 4720 καὶ

1825 4677 2007 4739 aptant
2026 4670 2303 4733 mulieres,
2323 4670 2545 4725 student
2562 4670 2760 4725 collum
2785 4672 2990 4725 nudum
3010 4674 3187 4740 palam
3213 4684 3392 4729 osten-

122 4765 502 4837 ἀναισχύντως
516 4762 885 4833 ἀπογυμνοῦν,
908 4760 944 4815 ἃ
961 4760 1361 4829 συγκαλύπτειν
1389 4758 1719 4829 εὐσχημονέ-

1825 4760 1971 4824 dere,
2002 4771 2052 4816 et
2090 4776 2154 4815 ea
2203 4777 2325 4831 qua:
2376 4761 2787 4817 convenientius
2849 4772 3183 4833 tegerentur,
3217 4767 3380 4834 impu-

123 4876 337 4930 στιρον.
358 4857 469 4911 Καὶ
489 4857 550 4910 τὸ
567 4854 794 4923 κὰθεμα
812 4853 1013 4924 κόσμος
1036 4853 1120 4915 τις
1135 4853 1271 4915 ἐστι,
1288 4851 1384 4905 καὶ
1403 4851 1563 4914 αὐτὸς
1584 4849 1719 4903 καθ-

1825 4847 2017 4917 denter
2039 4850 2337 4904 denudare.
2361 4851 2433 4904 At
2455 4850 2644 4917 monile
2668 4852 2952 4905 demissum
2980 4854 3200 4922 quidam
3235 4871 3389 4911 mun.

193 5014 241 5046 ⁸⁸
265 5010 386 5067 Gal.
410 5027 492 5077 ut,
522 5012 611 5066 27.
688 5011 733 5042 "
766 5009 931 5065 Hebr.
958 5025 1014 5075 ι,
1035 5007 1127 5063 29.
1202 5008 1250 5040 ⁸⁸
1270 5005 1429 5060 Deut.
1457 5021 1610 5069 xxrx,
1637 5007 1689 5061 5.

1840 5007 2043 5077 Ephes.
2082 5024 2154 5070 vr,
2195 5008 2282 5063 ia.

123 5131 487 5206 προσδοκάτω
510 5130 703 5206 Δαὐτῆς
736 5130 872 5206 τήν,
918 5126 1114 5206 Itaque
1152 5127 1321 5205 omnis
1364 5126 1554 5179 mulier
1587 5142 1706 5195 qute

1825 5125 1950 5192 inse,
1985 5128 2056 5180 ita
2091 5127 2381 5206 diligenter
2408 5127 2647 5196 disputat
2673 5127 2901 5206 Dircaeus
2928 5147 2942 5183 :
2975 5130 3149 5199 cujus,
3175 5130 3267 5198 qui
3294 5130 3390 5206 ha-

120 5198 414 5259 vestimenti
433 5203 578 5254 cultu
604 5198 855 5265 abutitur,
877 5198 991 5267 ejus
1019 5198 1401 5259 ademptione»:
1426 5206 1700 5263 exspectet.
1810 5212 1930 5250 rum
1962 5213 2140 5253 rerum
2185 5198 2380 5251 curiosi
2427 5208 2577 5262 sunt,
2621 5198 3053 5254 eruditissimam
3099 5209 3279 5255 notam
3309 5202 3390 5254 le-

119 5274 281 5330 ﬂaud
336 5273 732 5327 contemnenda
765 5270 942 5326 lectio.
972 5268 1075 5323 Alii
1100 5277 1208 5322 tres
1238 5280 1369 5320 mss.
1396 5282 1517 5320 cum
1545 5268 1704 5320 editis
1809 5277 1938 5339 gant
1968 5269 2187 5339 suadeo.
2224 5267 2355 5320 Illud
2377 5270 2532 5339 quod
2568 5282 2674 5325 non
2710 5269 2867 5339 longe
2892 5270 3107 5339 legitur,
3141 5271 3390 5337 καὶτοὺς

117 5345 195 5399 ηιξ
222 5344 277 5395 in
310 5350 589 5396 οοηιειιη,
1284 5405 1293 5407 Α
1426 5405 1455 5407 _
1809 5336 2140 5407 κοσύμϐους,
2172 5352 2236 5390 ex
2277 5338 2514 5403 antiquis
2543 5340 2713 5391 tribus
2740 5336 2890 5395 lLbris
2919 5336 3242 5393 addidimus.

190 5410 307 5484 (75)
344 5412 435 5465 Sic
474 5410 595 5484 libri
620 5410 858 5480 quinque
895 5416 1124 5464 veteres.
1158 5405 1296 5462 Editi
1337 5415 1392 5461 et
1426 5405 1558 5476 Reg.
1588 5414 1701 5460 ter-
1851 5405 1999 5484 Δ(Ῑξρ)
2032 5408 2167 5484 Reg.
2191 5418 2454 5484 quartus,
2490 5407 2793 5479 ἐνύϐριζον.
2819 5410 2986 5484 μου).
3034 5413 3259 5484 p_rin_tus,
3299 5414 3391 5466 tv-

118 5469 662 5553 ιίιιέ,ήγησαμένωνῖ
723 5469 787 5553 ξ’
988 5549 1000 5553 ,
1286 5547 1299 5553 ,
1367 5545 1415 5553 ,.

1825 5469 2243 5553 ›εριςὸυρι.“Αιιί
2270 5469 2488 5553 quidam
2521 5469 2751 5553 tussiet
2768 5480 2918 5553 editi,
2948 5469 3353 5553 ἐνυϐρίζουσαμ

189 5545 308 5622 (πί
325 5545 535 5607 Vocem
566 5551 796 5620 Καινήν,
832 5549 1053 5622 quze‘in
1078 5547 1236 5603 editis
1268 5545 1698 5611 desiderabatur,

1833 5619 1842 5622 _
1880 5545 1995 5617 ΓΠ)
2031 5549 2120 5603 Sic
2144 5557 2349 5606 veteres
2375 5549 2610 5618 quinque
2632 5550 2776 5603 libri.
2809 5549 2923 5606 Vox
2946 5545 3148 5622 Κύριος
3183 5555 3237 5608 in
3272 5554 3390 5609 edi-

117 5617 532 5693 :uppeditavere
558 5617 774 5693 antiqui,
793 5630 902 5674 tres
935 5617 1076 5693 libri.
1196 5689 1206 5693 _
1353 5688 1363 5693 _
1490 5685 1514 5693 _
1806 5619 1876 5674 tis
1897 5623 2102 5673 deerat.

184 5685 300 5764 '(7a'l
352 5691 431 5747 De
489 5685 884 5762 signiﬁcatione
929 5691 1044 5761 ejus
1092 5689 1259 5755 vocis,
1301 5685 1595 5757 κόσυμϐος,
1638 5694 1698 5740 ut

2381 5019 2404 5041 ⁶
2450 5010 2621 5064 bxod.
2661 5026 2856 5077 xxvm,
2888 5012 2978 5077 55,
3019 5013 3109 5067 54.
