3828 6216
441 297 549 353 3‘25

1384 299 1727 354 APPENDIX
1768 299 2055 356 OPERUM
2092 300 2148 355 S.
2186 300 2433 356 BASlLll
2475 303 2712 361 MAGNI.

3602 309 3708 366 528

439 420 545 479 dus
568 427 672 482 est,
698 424 752 473 et
779 417 1143 487 ipse‘quidem
1172 414 1463 483 demissus,
1494 420 1641 472 et’ad
1688 430 1882 489 pectus
1921 435 2003 475 us-

2120 421 2332 491 ιέμενος
2376 422 2488 493 (78)
2533 425 2717 494 μέντοι
2755 425 2848 479 καὶ
2898 426 3343 482 ὲπικαταῦαίνων
3369 427 3450 500 τῷ
3490 429 3707 502 στήθει.

442 527 550 586 que
577 510 927 576 descendens,
952 509 1162 563 levibus
1192 525 1254 563 ac
1283 510 1476 564 laxatis
1499 510 1819 580 quibusdam
1847 522 2011 564 cate—

444 605 588 658 nulis
619 602 961 672 dependens;
994 601 1085 669 qui
1121 611 1178 654 ut
1226 601 1484 656 omnibus
1534 604 1606 655 sit
1663 603 2013 671 conspicuus,

443 705 631 767 pectus
663 696 915 748 decenter
939 694 1045 763 legi
1078 708 1186 746 non
1219 708 1379 762 posse
1405 695 1629 748 omnino
1664 710 1885 749 necesse
1909 705 2012 750 est.

443 787 513 839 Et
544 795 787 839 ornatum
816 783 975 852 faciei
998 800 1203 840 earum.
1242 785 1380 837 Sunt
1409 795 1461 838 et
1507 785 1717 840 colores
1745 786 1960 854 quidam
1986 802 2014 839 a

441 876 766 931 mulieribus
798 874 863 927 ad
907 873 1270 927 decorandam
1324 874 1519 929 faciem
1559 876 1712 929 valde
1736 876 2013 944 exquisiti,

441 972 621 1033 albus,
655 967 877 1031 rubens,
939 974 993 1020 et
1023 968 1164 1021 alius
1222 968 1392 1037 niger.
1450 968 1617 1021 Albus
1660 968 2012 1024 albitudinem

439 1062 733 1116 ementitur
760 1061 1042 1128 corporis;
1076 1059 1276 1113 rubens
1313 1060 1538 1128 ingenis
1564 1057 1893 1127 eillurescit;
1931 1062 2014 1114 ni-

436 1168 535 1221 ger
559 1154 614 1206 in
649 1151 869 1205 modum
912 1151 1055 1205 luna:
1090 1152 1140 1203 in
1166 1166 1366 1205 cornua
1396 1162 1633 1205 curvata:
1657 1151 1862 1207 circum
1884 1168 2015 1208 ocu-

436 1242 520 1298 los
571 1243 860 1312 supercilia
911 1242 1156 1311 depingit
1203 1260 1215 1295 :
1262 1245 1422 1310 quem
1480 1241 1655 1310 ipsum
1712 1242 1878 1296 etiam
1908 1242 2014 1297 Do-

438 1335 620 1388 minus
646 1333 949 1387 ablaturum
981 1348 1039 1387 se
1073 1333 1475 1387 interminatur.
1509 1332 1635 1386 [lare
1677 1333 1890 1401 quidem
1925 1334 2011 1388 di-

438 1428 538 1492 cit,
569 1441 637 1479 ne
678 1426 920 1479 virorum
963 1424 1431 1478 circumveniatur
1468 1424 1828 1489 continentia,
1873 1441 2011 1479 neve

437 1517 705 1588 ejusmodi
740 1517 973 1585 picturis
1015 1516 1353 1570 miserabiles
1378 1516 1518 1570 oculi
1545 1516 1807 1584 juvenum
1840 1518 2011 1571 corri-

439 1610 678 1677 piantur.
718 1608 929 1676 Alioqui
954 1616 1087 1661 tunc
1135 1606 1453 1662 auferentur
1486 1608 1695 1672 istlucc,
1730 1624 1852 1663 cum
1885 1624 2008 1661 om-

437 1702 529 1755 nia
562 1716 744 1756 coram
777 1699 963 1769 judice
993 1701 1257 1756 sistentur
1294 1701 1436 1755 nuda
1485 1710 1540 1755 et
1581 1708 1799 1769 aperta;
1829 1715 2006 1768 quan-

439 1793 731 1862 doquidem
762 1767 1008 1845 concidet
1039 1792 1428 1859 supercilium,
1475 1767 1750 1861 genaprae
1790 1767 1854 1845 se,
1876 1791 2012 1845 feret
2047 1767 2086 1821 Β

438 1883 739 1947 tristitiam,
772 1883 923 1937 color
948 1884 1141 1937 lividus
1173 1886 1277 1937 erit
1332 1900 1443 1953 pra:
1495 1884 1712 1938 timore.
1751 1881 1936 1953 Itaque
1959 1893 2013 1937 et

434 1987 689 2031 ornatum
719 1975 895 2029 aufert
926 1975 1207 2040 Dominus,
1247 1975 1409 2029 Vens.
1441 1976 1544 2030 20:
1583 1976 1645 2028 Et
1678 1975 2011 2043 compositio-

434 2084 552 2122 nent
574 2066 1010 2135 oruatus'glariw,
1036 2068 1317 2119 materiam
1370 2066 1618 2120 videlicet
1665 2065 1885 2120 ornatui
1923 2066 2010 2117 in-

434 2158 759 2213 servientem
792 2156 1016 2226 ipsaque
1051 2157 1184 2209 artis
1217 2172 1379 2219 opera
1405 2171 1468 2209 ac
1502 2156 1740 2209 iuventa.
1777 2155 1844 2209 Et
1870 2170 2009 2224 quo-

433 2249 582 2303 niam
607 2264 674 2303 ue
701 2263 812 2303 uno
834 2249 1052 2316 quidem
1083 2259 1276 2301 ornatu
1296 2248 1420 2301 licet
1444 2262 1618 2315 usque
1640 2248 1774 2300 adeo
1804 2246 2006 2309 ellerri,

434 2350 530 2393 aut
584 2338 703 2408 ejus
753 2353 916 2392 causa
960 2336 1159 2401 iullari,
1216 2347 1270 2390 at
1321 2337 1577 2391 omnibus
1632 2345 1812 2390 tamen
1850 2337 2009 2390 simul

431 2431 642 2501 junctis
671 2430 926 2500 cogitatio
956 2431 1185 2496 superba
1223 2429 1455 2491 accedit,
1500 2428 1764 2483 Dominus
1793 2430 2010 2483 minita-
2050 2442 2057 2443 ’

440 2533 528 2575 tur
563 2537 621 2576 se
677 2524 840 2576 etiam
894 2530 1121 2576 ornatus
1178 2522 1624 2589 compositionem
1680 2521 2004 2575 ablaturum.

435 2612 630 2680 Qualis
664 2623 844 2666 autem
882 2623 963 2667 est
990 2620 1239 2676 ornatus,
1267 2613 1390 2668 talis
1434 2624 1517 2667 est
1547 2614 1733 2683 utique
1762 2622 1814 2667 et
1836 2612 2007 2682 gloria

433 2706 501 2758 de
528 2719 592 2758 eo
616 2713 762 2756 nata.
825 2704 988 2772 Atqui
1052 2704 1297 2773 corporis
1355 2710 1581 2759 ornatus
1633 2719 1804 2758 vanus
1848 2711 2010 2757 estet

432 2796 648 2850 inanis:
686 2795 914 2866 proinde
962 2796 1132 2866 gloria
1174 2810 1393 2867 quoque
1448 2811 1513 2851 ex
1577 2795 1668 2850 illo
1702 2810 2005 2866 emergens,

434 2886 722 2940 interitura
751 2894 857 2950 est,
890 2901 990 2940 nec
1022 2886 1323 2941 subsistere
1353 2895 1553 2956 potest.

504 2977 625 3030 127.
664 2975 731 3029 Et
755 2977 1041 3042 chlidones,
1086 2985 1135 3030 et
1162 2976 1425 3043 armillas,
1458 2986 1505 3031 et
1552 2978 1795 3033 felicula.
1837 2977 2008 3033 Totus

2119 515 2375 587 χαλαρῶν
2402 534 2563 570 τινων
2611 517 2857 571 ἁλύσεων
2886 519 3307 591 ἀπῃωρημένος,
3348 521 3407 586 ὃς
3442 523 3533 577 ἵνα
3575 540 3712 593 προ·

2118 608 2396 677 φαίνηται,
2452 611 2671 672 πάντως
2712 610 2926 681 ἀνάγκη
2960 611 3096 682 μηδὲ
3122 612 3192 666 τὰ
3222 614 3351 683 περὶ
3398 614 3458 667 τὸ
3505 615 3711 686 στῆθος

2117 701 2469 773 εὐσχημόνως
2488 702 3005 757 συνεσκιάσθαιΚαὶ
3022 704 3372 775 τόνκόσμον
3391 707 3498 761 τοῦ
3515 722 3710 775 προσ-

2114 789 2279 845 ώπου
2330 792 2548 847 αὐτῶν.
2580 795 2737 847 Ἔστι
2773 795 2895 848 τινὰ
2918 797 3011 848 καὶ
3040 796 3309 868 χρώματα
3339 799 3476 870 πρὸς
3498 801 3708 870 κόσμον

2115 888 2234 948 ταῖς
2263 886 2511 952 γυναιξὶν
2540 886 3003 958 ὲπιτετηδευμένα
3025 887 3119 941 τοῦ
3151 889 3443 960 προσώπου
3461 907 3475 921 θ
3507 890 3707 945 λευκόν

2113 994 2196 1041 τε,
2232 979 2324 1030 καὶ
2359 978 2607 1048 ἐρυθρὸν,
2644 979 2739 1031 καὶ
2791 980 2980 1050 ἕτερον
3030 979 3196 1050 μέλαν
3225 981 3284 1034 δν
3324 982 3458 1052 (79).
3495 982 3570 1036 Τὸ
3603 984 3708 1055 μὲν

2115 1066 2412 1137 λευκότητα
2432 1068 2525 1121 τοῦ
2558 1067 2809 1139 σώματος
2839 1070 3230 1139 καταψεύδεται
3250 1089 3262 1101 ’
3293 1072 3357 1126 τὸ
3383 1072 3440 1127 δὲ
3470 1072 3709 1145 ἐρυθρὸν

2113 1162 2234 1221 ταῖς
2272 1162 2527 1231 παρειαῖς
2568 1159 2823 1213 ἐπανθεῖ·
2865 1160 2925 1212 τὸ
2965 1161 3023 1213 δὲ
3072 1161 3241 1231 μέλαν
3274 1163 3572 1233 μηνοειδῶς
3603 1164 3706 1226 τὰς

2112 1252 2284 1323 ὀφρῦς
2327 1257 2438 1317 τοῖς
2492 1253 2790 1323 ὀφθαλμοῖς
2842 1255 3203 1325 περιγράφει·
3265 1254 3324 1309 ὃν
3373 1255 3468 1310 καὶ
3528 1257 3699 1311 αὐτὸν

2114 1345 2494 1415 περιαιρήσειν
2530 1347 2558 1398 ὁ
2600 1345 2805 1415 Κύριος
2855 1345 3088 1408 ἀπειλεῖ,
3137 1347 3223 1399 ἵνα
3256 1346 3330 1418 μὴ
3368 1347 3705 1420 κλέπτηται,

2113 1437 2296 1506 φησιν,
2333 1439 2366 1508 ἡ
2423 1437 2744 1508 σωφροσύνη
2790 1438 2897 1491 τῶν
2936 1438 3146 1509 ἀνδρῶν
3194 1438 3327 1508 (80),
3382 1439 3521 1509 μηδὲ
3577 1444 3707 1503 ταῖς

2113 1527 2450 1598 ζωγραφίαις
2460 1530 2682 1594 ταύταις
2696 1530 2918 1585 ὲλεεινοὶ
2928 1532 3207 1601 νεωτέρων
3222 1530 3489 1602 ὀφθαλμοὶ
3509 1550 3708 1606 συναρ-

2113 1619 2413 1682 πὰζωνται.
2444 1622 2513 1673 Ἣ
2529 1622 2649 1674 τότε
2678 1622 3106 1694 ἀφαιρεθήσεται
3128 1622 3321 1689 ταῦτα,
3355 1623 3485 1676 ὅταν
3511 1625 3705 1694 γυμνὰ

2113 1715 2290 1764 παντα
2326 1711 2655 1781 παρίσταται
2688 1712 2765 1783 τῷ
2803 1716 2985 1784 κριτῇ,
3022 1714 3111 1766 ὅτε
3170 1716 3341 1786 ὀφρῦς
3369 1731 3706 1784 συμπεπτω-

2112 1806 2257 1867 κυῖα,
2292 1802 2494 1874 παρειὰ
2516 1805 2789 1875 κατηφὴς,
2815 1806 3015 1877 χρῶμα
3054 1805 3298 1858 πελιδνὸν
3332 1805 3438 1858 ὑπὸ
3469 1805 3568 1857 τοῦ
3604 1806 3703 1874 φό-

2113 1893 2230 1947 ϐου.
2276 1895 2526 1964 Ἀφαιρεῖ
2556 1889 2646 1946 ὧν
2673 1894 2881 1947 καὶτὸν
2914 1896 3116 1965 κόσμον
3139 1896 3167 1946 ὁ
3204 1895 3427 1969 Κύριος,
3443 1894 3556 1947 Καὶ
3581 1894 3703 1962 τὴν

2111 1987 2405 2039 σύνθεσιν
2433 1986 2538 2039 τοῦ
2571 1988 2802 2056 κόσμου
2855 1988 2966 2055 τῆς
2994 1987 3178 2055 δόξης
3204 2003 3216 2016 ’
3258 1989 3419 2040 οἱονεὶ
3451 1988 3548 2042 καὶ
3595 1989 3699 2064 τὴν

2112 2076 2243 2148 ὓλην
2276 2075 2372 2148 τὴν
2422 2076 2754 2147 κοσμοῦσαν,
2803 2077 2896 2130 καὶ
2937 2078 3106 2147 αὐτὴν
3132 2076 3228 2147 τὴν
3257 2078 3320 2129 ὲκ
3352 2078 3548 2147 τέχνης
3577 2077 3699 2129 ἐπί-

2111 2183 2283 2219 νοιαν.
2326 2166 2436 2219 Kal.
2478 2165 2665 2236 ἐπειδὴ
2690 2166 2768 2217 ἑνὶ
2803 2172 2900 2238 μὲν
2932 2167 3031 2219 οὐκ
3060 2166 3206 2219 ἐστιν
3248 2165 3562 2238 ἐπαρθῆναι
3602 2182 3693 2219 το-

2113 2254 2322 2317 σοῦτον,
2371 2254 2491 2307 οὐδὲ
2520 2248 2859 2325 φύσιωθῆναι
2904 2256 2988 2307 ἐπ’
3031 2254 3198 2324 αὐτῷ,
3255 2255 3391 2325 ὁμοῦ
3442 2255 3500 2308 δὲ
3556 2256 3693 2309 πᾶσι

2112 2345 2492 2414 συγκειμένοις
2521 2345 2582 2397 τὸ
2607 2344 2925 2409 ἀλαζονικὸν
2953 2345 3255 2413 ἐπιγίνεται
3286 2344 3563 2418 φρόνημα,
3599 2345 3698 2399 καὶ

2108 2436 2209 2507 τὴν
2231 2436 2477 2489 σύνθεσιν
2503 2436 2595 2489 τοῦ
2630 2437 2837 2506 κόσμου
2877 2438 3205 2510 ἀφαιρήσειν
3236 2439 3264 2489 ὁ
3301 2435 3509 2506 Κύριος
3540 2437 3701 2488 ἀπειρ-

2109 2528 2211 2583 λεῖ.
2256 2530 2467 2591 ὐποῖος
2490 2528 2547 2581 δὲ
2576 2530 2604 2581 ὁ
2629 2528 2854 2598 κόσμος,
2883 2528 3108 2599 τοιαύτη
3141 2526 3382 2599 δηλονότι
3420 2528 3516 2579 καὶ
3541 2529 3578 2599 ὴ
3607 2528 3699 2581 ἐπ’

2110 2622 2261 2694 αὐτῷ
2307 2620 2462 2687 δόξα·
2522 2622 2834 2692 σωματικδς
2880 2621 2936 2674 δὲ
2991 2621 3217 2691 κόσμος,
3275 2620 3369 2677 καὶ
3421 2619 3694 2689 μάταιος

2110 2714 2323 2789 φθαρτὴ
2356 2710 2449 2768 οὖν
2480 2715 2575 2767 καὶ
2601 2716 2633 2784 ἡ
2660 2714 2746 2765 ἐπ’
2771 2713 2921 2787 αύτῷ
2952 2712 3078 2779 δόξα
3106 2714 3198 2766 καὶ
3224 2713 3625 2775 ἀνυπόστατος.

2179 2976 2300 3029 127.
2335 2975 2445 3029 Καὶ
2478 2975 2621 3040 τοὺς
2648 2972 2968 3043 χλιδῶνας,
3005 2972 3101 3025 καὶ
3131 2970 3203 3024 τὰ
3225 2969 3473 3039 ψέλλια.
3496 2967 3596 3022 καὶ
3623 2969 3698 3024 τὰ

431 3068 647 3137 quidem
680 3068 770 3137 qui
803 3067 1097 3121 recensitus
1137 3076 1221 3122 est
1271 3069 1525 3134 mundus,
1573 3070 1817 3125 mulieris
1871 3070 2003 3124 deli-

2117 3067 2404 3137 ὲμπλόκια
2430 3068 2564 3137 (8|).
2602 3066 2763 3129 Ὅλος
2794 3066 2891 3135 μὲν
2923 3068 2951 3117 ὀ
2976 3062 3459 3134 κατηριθμημένος
3488 3063 3697 3133 κόσμος

431 3160 533 3213 ciis
559 3158 749 3213 deditae
786 3157 1026 3211 studium
1050 3164 1157 3221 est,
1191 3158 1293 3211 hoc
1315 3166 1420 3225 est,
1450 3157 1766 3228 voluptaria:
1790 3174 1854 3213 ac
1876 3174 2003 3227 gau-

2117 3158 2378 3229 χλιδώσης
2402 3158 2658 3225 γυναικός
2688 3159 2834 3210 ἐστιν
2865 3156 3223 3226 ἐπιτήδευμα,
3254 3154 3526 3215 τουτέστι,
3558 3171 3694 3225 τρυ-

434 3252 527 3308 dio
558 3249 928 3321 indulgentis:
957 3248 1299 3319 potissimum
1345 3258 1524 3302 tamen
1572 3250 1839 3303 clilidones
1864 3248 2006 3317 quod

428 3347 755 3401 conveniant
792 3344 1011 3399 nomine
1042 3358 1164 3396 cum
1225 3342 1527 3410 voluptate,
1592 3344 1717 3396 hinc
1769 3343 2007 3397 fortasse

425 3438 669 3493 brachiis
699 3434 1274 3504 circumponebantur.
1341 3433 1583 3489 Armillae
1630 3443 1810 3488 autem
1856 3443 2005 3501 sunt,

424 3546 548 3602 quae
601 3530 653 3585 in
706 3543 965 3584 manuum
1016 3526 1359 3582 extremitate
1387 3526 1715 3596 aptabautur
1754 3526 2006 3580 omnibus

424 3605 757 3693 spectandae.
798 3616 1105 3687 Aliquando
1128 3625 1306 3671 tamen
1338 3616 1391 3670 in
1445 3616 1644 3670 bonam
1676 3623 1885 3683 partem
1913 3630 2005 3670 ac-

426 3717 598 3779 ceptae
628 3715 757 3762 sunt
782 3706 1042 3772 armilla;
1070 3704 1303 3777 exempli
1338 3719 1524 3765 causa,
1557 3719 1677 3757 cum
1710 3705 1892 3759 senior
1907 3704 2005 3759 do-

425 3817 547 3856 mus
577 3810 818 3853 sanctam
852 3798 1152 3852 Rebeccam
1188 3803 1480 3850 exornaret
1509 3794 1578 3848 ⁸³.
1608 3795 1885 3864 Siquidem
1906 3809 2005 3864 par

424 3901 544 3946 erat
574 3889 745 3956 illam,
780 3898 971 3957 utpote
999 3886 1324 3957 patriarcha:
1359 3888 1720 3941 contubernio
1752 3902 1998 3950 usuram,

424 3984 495 4039 ab
526 3998 590 4037 eo
629 3981 783 4050 cujus
819 3995 976 4050 opera
993 3988 1112 4035 erat
1139 3979 1549 4050 despondeuda,
1575 3978 1627 4031 in
1659 3985 1999 4033 antecessum

423 4072 722 4147 practicam
782 4071 978 4125 mentis
1032 4070 1212 4124 dotem
1268 4069 1498 4122 erudiri.
1549 4067 1890 4137 Quapropter
1913 4083 2002 4121 ar-

422 4162 589 4219 millis
613 4162 818 4225 aureis,
850 4161 904 4214 id
935 4169 1038 4222 est,
1076 4159 1293 4214 eximiis
1345 4160 1649 4214 actionibus
1694 4176 1886 4215 manus
1919 4161 2000 4229 ip-

424 4257 541 4313 sius
570 4254 965 4310 condecorabat
995 4252 1063 4305 “.
1121 4250 1313 4305 Decem
1374 4266 1502 4306 vero
1544 4267 1831 4306 aureorum
1882 4259 2000 4307 erat

422 4347 635 4418 pondus
672 4359 884 4405 earum.
915 4344 1054 4412 quod
1082 4341 1351 4411 capitibus
1387 4344 1569 4397 decem
1599 4352 1705 4397 tota
1739 4342 1998 4412 legisob-

2097 3249 2295 3328 ⁸φώσης
2326 3252 2418 3302 καὶ
2463 3249 2859 3318 διακεχυμένης
2890 3264 2901 3277 ·
2934 3247 3229 3317 ἐξαιρέτως
3271 3246 3327 3298 δὲ
3372 3247 3421 3297 οἱ
3474 3243 3699 3314 χλιδῶ-

2104 3360 2207 3408 νες
2237 3343 2349 3411 (8‘2)
2398 3340 2717 3411 παρώνυμοι
2768 3341 2920 3402 ὄντες
2953 3340 3051 3409 τῆς
3090 3341 3334 3409 τρυφῆς,
3390 3339 3699 3408 τάχαοτοίς

2108 3433 2353 3505 βραχίοσι
2388 3434 2778 3502 περικείμενοι.
2797 3430 3003 3483 Ψέλλια
3036 3430 3093 3482 δέ
3121 3432 3237 3482 ἐστι
3264 3428 3332 3481 τὰ
3355 3431 3471 3493 τοῖς
3496 3430 3697 3500 ἄκροις

2105 3525 2211 3578 τῶν
2266 3524 2461 3596 χειρῶν
2491 3524 2631 3577 κατὰ
2677 3523 2737 3576 τὸ
2776 3524 3051 3595 προφανὲς
3100 3522 3516 3593 προϐαλλόμενα
3555 3522 3693 3592 (85).

2108 3617 2265 3668 Ἔστι
2320 3616 2376 3669 δέ
2429 3633 2561 3668 ποτε
2626 3617 2717 3667 καὶ
2765 3615 2857 3667 ἐπὶ
2914 3612 3081 3668 καλοῦ
3137 3614 3566 3685 παρειλημμένα
3624 3614 3697 3667 τὰ

2101 3705 2313 3774 ψέλλια,
2342 3706 2417 3769 ὼς
2449 3707 2537 3759 ὅτε
2570 3705 2668 3775 τὴν
2710 3706 2873 3772 ἁγίαν
2916 3706 3210 3759 Ῥεϐέκκαν
3251 3706 3279 3757 ὁ
3314 3704 3698 3778 πρεσϐύτερος

2101 3796 2200 3865 τῆς
2247 3795 2425 3858 οἰκίας
2474 3797 2827 3866 κατεκόσμει.
2859 3795 3005 3848 Ἔδει
3045 3796 3155 3866 γὰρ
3216 3798 3321 3866 μὴν
3380 3794 3693 3865 μέλλουσαν

2104 3888 2368 3937 συνοικεῖν
2416 3885 2494 3955 τῷ
2546 3888 2891 3959 πατριάρχῃ,
2941 3886 3045 3939 ὑπὸ
3094 3886 3188 3938 τοῦ
3245 3885 3690 3956 μνηστευομένου

2101 3976 2268 4047 αὐτὴν
2298 3977 2359 4030 τὸ
2390 3979 2690 4049 πρακτικὸν
2718 3979 2816 4048 τῆς
2846 3978 3025 4047 ψυχῆς
3062 3977 3546 4048 προπαιδευθῆναι.
3584 3978 3690 4033 Διὰ

2101 4064 2259 4119 τοῦτο
2280 4066 2515 4135 ψελλίοις
2549 4074 2768 4141 χρυσοῖς
2801 4067 3127 4136 κατεκόσμει
3150 4066 3248 4129 τὰς
3288 4069 3496 4136 χεῖρας,
3524 4084 3695 4120 τουτ-

2102 4157 2218 4210 έστι
2259 4158 2489 4233 πράξεσι
2549 4160 2779 4229 τιμίαις.
2842 4158 2987 4209 Δέκα
3029 4156 3087 4209 δὲ
3132 4157 3372 4226 χρυσίων
3409 4156 3521 4227 (84)
3555 4158 3695 4229 ὁλκὴ

2101 4252 2311 4306 αὐτῶν·
2346 4253 2479 4307 διότι
2513 4255 2571 4305 ἐν
2608 4252 2738 4305 δέκα
2788 4249 3103 4318 κεφαλαίοις
3153 4250 3186 4319 ἡ
3246 4250 3395 4301 πᾶσα
3454 4251 3695 4321 τήρησις

2099 4344 2197 4397 τοῦ
2224 4345 2388 4415 νόμου
2426 4344 2881 4417 συμπεραιοῦται.
2912 4342 3023 4397 Kal
3055 4340 3269 4396 ἐνώτια
3300 4343 3404 4396 ἀνὰ
3434 4343 3694 4414 δραχμὴν

420 4440 657 4496 servatio
682 4437 1022 4493 concluditur
1052 4436 1122 4490 ".
1159 4434 1226 4488 Et
1262 4434 1474 4489 inaures
1506 4434 1839 4506 singularum
1868 4435 1996 4490 din-

2117 4436 2265 4508 5λκῆς
2290 4438 2479 4507 ἔχοντα
2497 4454 2509 4467 °
2533 4438 2615 4490 ὅτι
2634 4438 2732 4508 τὴν
2764 4438 3012 4505 ὑπακοὴν
3041 4440 3107 4508 τῇ
3131 4439 3209 4501 εἰς
3234 4436 3329 4491 ἕνα
3348 4435 3481 4489 Θεὸν
3502 4437 3693 4488 πίστει

421 4534 701 4587 cbmarum
729 4528 939 4598 pondus
969 4527 1250 4592 habentes,
1282 4525 1409 4594 quia
1467 4524 1569 4579 ﬁde
1627 4541 1793 4580 unum
1827 4526 1992 4581 Deum

419 4621 708 4695 proﬁtente
736 4634 833 4691 par
864 4627 949 4674 est
977 4617 1341 4673 obedientiam
1373 4617 1652 4672 exornari.
1685 4615 1786 4672 Hic
1814 4625 1994 4674 tamen

489 4759 536 4792 ³³
573 4756 708 4813 Gen.
734 4770 885 4817 xxxv,
913 4752 1005 4809 22.
1080 4753 1128 4786 ⁵⁸
1163 4752 1297 4808 ibid.
1374 4752 1418 4785 ⁸⁷
1450 4752 1609 4807 Deut.
1636 4768 1694 4818 x,
1716 4752 1770 4807 4.

511 4870 601 4942 78)
649 4869 810 4933 Editi,
853 4866 1194 4937 καθειμένος.
1227 4867 1294 4922 At
1334 4867 1573 4939 quinque
1606 4880 1762 4931 mss.,
1803 4865 1993 4920 καθιέ-

647 5010 806 5083 Editi,
853 5009 1044 5081 μέλαν,
1084 5000 1192 5083 -ὦ-ν.
1237 5006 1318 5083 At
1345 5007 1517 5083 nostri
1570 5021 1663 5083 sex
1707 5022 1838 5083 tnss.
1890 5021 1992 5083 una

414 5076 866 5154 νοέθ,’μελανόνί
896 5082 1020 5154 εεειι,Δ
1047 5079 1161 5154 nisi
1201 5078 1354 5132 valde
1394 5076 1569 5142 fallor,
1606 5076 1813 5131 duabus
1845 5077 1991 5130 voci--

413 5155 517 5210 bus
540 5147 639 5221 legi
667 5159 903 5220 praestat,
939 5148 1107 5221 μέλαν
1136 5147 1216 5201 ὃν.

487 5214 722 5292 (80)’5ἶο
745 5214 1074 5292 mss.n'ostri
1099 5231 1308 5292 omnes.
1332 5215 1497 5292 Editi,
1524 5215 1633 5269 τῶν
1660 5214 1987 5292 ανθρώπων.

414 5285 703 5362 Aliquanto
726 5301 867 5359 post,
896 5291 985 5362 ubi
1016 5291 1067 5341 in
1109 5287 1275 5362 editis
1297 5285 1515 5354 legitur,
1547 5285 1871 5362 παρίστησι.
1899 5302 1991 5339 ve-

417 5356 706 5416 terés'tres
727 5356 854 5415 libri
894 5361 1114 5425 habent,
1141 5356 1536 5428 παρίστανται·
1569 5356 1659 5409 alii
1686 5356 1815 5415 tres.
1847 5371 1988 5427 παρ-

419 5432 807 5572 ισῖἓῖῗισιζιιίιί,
848 5496 1175 5569 ὲμπλόκιονο
1211 5506 1264 5551 et
1289 5497 1376 5572 ita
1410 5509 1626 5565 quoque
1666 5495 1820 5572 apud
1843 5493 1988 5572 LXX

415 5565 616 5628 editum
652 5565 954 5624 invenimus
985 5586 998 5623 :
1032 5578 1095 5622 at
1132 5567 1302 5623 nostri
1349 5581 1444 5620 sex
1488 5581 1644 5632 mss.,
1690 5565 1985 5636 ὲμπλόκια.

355 5654 365 5665 ’
426 5711 434 5713 _
488 5642 598 5713 (39)
628 5640 779 5707 Ωιιοά
808 5640 885 5713 ait
919 5639 1171 5713 scriptor,
1210 5638 1727 5713 culidonesnomine
1754 5652 1872 5689 cum
1899 5652 1986 5687 vo-

411 5706 610 5769 luntate
634 5706 922 5774 convenire,
956 5710 1007 5764 id
1033 5706 1158 5765 vere
1181 5724 1210 5764 a
1235 5706 1423 5765 Graeco
1450 5706 1552 5763 dici
1582 5706 1821 5776 potuisse
1850 5721 1983 5761 cou-

2103 4531 2346 4601 προσῆκε
2392 4532 2787 4603 κεκοσμῆσθαι.
2832 4534 3103 4590 Ἐνταῦθα
3151 4536 3333 4607 μέντοι
3377 4533 3690 4601 περιαιρεῖ-

2100 4637 2189 4676 ται
2218 4623 2329 4693 (83)
2378 4623 2445 4676 τὰ
2474 4624 2686 4696 ψέλλια,
2710 4624 2797 4678 διὰ
2827 4628 2926 4692 τὰς
2957 4628 3326 4699 ἐπαιρομένας
3363 4621 3443 4693 τῷ
3492 4621 3690 4691 κόσμῳ

2103 4876 2249 4941 stat.__
2287 4885 2423 4941 cum
2467 4870 2711 4938 voluptas
2770 4869 2959 4924 Graece
3006 4872 3236 4933 dicatur,
3290 4869 3466 4941 χλιδή.
3504 4867 3666 4941 Unde

2098 4938 2371 5008 χλιδῶνες,
2413 4939 2513 4994 hoc
2559 4952 2662 5006 est,
2692 4941 3005 5001 brachialia,
3042 4938 3372 5003 monilia,'et
3404 4938 3509 4993 alia
3534 4940 3679 5004 ejus.

2097 5011 2480 5080 dem_geiieris,
2518 5011 2638 5064 ideo
2672 5013 2753 5064 sic
2788 5012 3215 5080 appellabantur,
3241 5010 3385 5080 quod
3423 5008 3681 5080 mulieres

2095 5078 2372 5148 χλιδῶσαι,
2414 5095 2504 5131 seu
2532 5080 2786 5147 voluptati
2822 5076 3033 5144 iletlitze,
3067 5081 3131 5133 iis
3152 5082 3225 5133 uti
3250 5076 3510 5133 solerent.
3545 5076 3685 5131 Sub-

2096 5150 2222 5270 ιιᾶιιθ
2260 5150 2389 5270 ἕξιιὶιί
2420 5161 2473 5202 et
2502 5149 2634 5220 Reg.
2678 5150 2905 5220 primus,
2930 5149 3114 5213 ἆτοῖς.
3142 5151 3247 5204 Alii
3275 5149 3492 5219 quidam
3520 5162 3681 5212 mss.,

2096 5235 2123 5270 τ
2197 5235 2258 5270 το
2283 5235 2331 5270 ς.

2092 5221 2161 5271 τὰ
2197 5221 2331 5271 τοῖς.

2166 5235 2398 5361 (έέςςίιυ
2423 5288 2640 5361 antiqui
2676 5302 2791 5361 sex_
2816 5288 2960 5361 libri.
3011 5286 3174 5361 Editi,
3209 5287 3676 5361 περιβαλλόμενα.

2092 5357 2285 5411 Statim
2309 5358 2458 5423 edizi,
2494 5359 2672 5422 οἰκίας
2699 5358 2992 5429 ‘A6paap.°_
3006 5358 3097 5409 sed
3123 5360 3440 5429 vonttltima
3466 5357 3527 5412 in
3544 5373 3679 5413 mss.

2091 5445 2205 5499 nou
2227 5429 2436 5499 legitur,
2470 5433 2539 5480 ob
2572 5430 2729 5497 idque
2756 5426 3031 5499 eamiiude
3056 5428 3396 5499 sustulimus.

2162 5496 2367 5568 (8i)'lu
2397 5500 2557 5552 editis
2586 5496 2805 5565 et’apud
2832 5496 2974 5568 LXX
3008 5498 3221 5566 legitur,
3247 5496 3503 5567 χρυσῶν·
3537 5505 3596 5553 at
3624 5497 3676 5549 in

2090 5566 2289 5639 nostris
2322 5583 2412 5620 sex
2445 5568 2743 5631 codicibus,
2772 5566 3035 5639 χρυσίων.

2161 5637 2272 5709 (85)
2303 5639 2525 5709 Antiqui
2566 5650 2675 5693 tres
2716 5635 2857 5702 libri,
2892 5636 3190 5712 περιαίρει,
3224 5635 3361 5692 tollit
3403 5635 3669 5693 armillas.
