3828 6216
167 249 274 303 39.5

1021 244 1372 301 COMMENT.
1411 246 1479 299 ΙΝ
1512 246 1748 301 ISAIAM
1783 244 2224 303 PROPHETAM.
2263 246 2417 302 CAP.
2458 247 2550 303 ΙΙΙ.

3318 248 3423 305 3'26

165 366 278 421 τῶν
299 365 532 435 ψελλίων
552 383 564 394 ·
595 366 823 418 καθόλου
854 367 985 435 ἡμῖν
1018 365 1425 436 ἐνδεικνυμένου
1442 366 1536 418 τοῦ
1564 367 1744 435 λόγου,

1852 364 2164 419 adimuntur
2203 366 2444 430 armilla,
2468 365 2635 437 468
2654 372 2934 433 propterea
2957 365 3100 433 quod
3122 362 3424 434 gloriaren-

163 457 248 510 δτι
280 458 310 507 ὁ
334 454 427 507 ἐπὶ
456 454 534 523 τῷ
558 453 877 523 δεδυνῆσθαι
896 454 964 505 τὰ
984 454 1268 525 κρείττονα
1291 453 1501 524 ὑψηλοφ
1511 457 1743 525 ρονήσας

166 546 623 613 ἐγκαταλείπεται
653 545 763 615 (86)
795 546 899 598 ὑπὸ
933 547 1032 616 τῆς
1078 545 1404 620 συνεχούσης
1434 547 1596 600 αὐτὸν
1623 548 1745 600 ἐπισ-

166 636 398 717 σκοπῆς.
432 636 505 688 Τὸ
547 637 603 692 δὲ
639 638 968 706 ὲμπλόκιον
1007 636 1151 692 ἔοικέ
1182 654 1235 689 τι
1277 632 1415 691 εἶναι
1468 655 1742 706 συγκατα-

164 729 500 798 πλεκόμενον
524 731 645 792 ταῖς
663 728 859 801 θριξὶν,
874 730 954 792 εἰς
970 729 1031 781 τὸ
1057 732 1123 800 τῇ
1147 731 1277 800 παρ’
1300 729 1494 782 ἑαυτοῦ
1523 730 1745 802 εὐχροίᾳ

164 820 432 891 διεγεῖραι
472 820 581 873 τῶν
609 819 812 891 τριχῶν
851 820 951 891 τὴν
982 821 1167 890 χρόαν.
1201 821 1310 873 Καὶ
1346 821 1532 891 μηδενὶ
1571 821 1744 876 ταῦτα

167 912 521 982 μικροπρεπῆ
537 911 857 982 νομιζέσθω.
887 913 962 964 Οὐ
987 911 1095 982 γὰρ
1123 913 1431 983 σεμνότεροι
1462 912 1556 966 τοῦ
1577 912 1744 967 Πνεύ-

171 1017 342 1069 ματος
375 1001 557 1070 ἡμεῖς,
601 1001 679 1063 ὡς
722 998 991 1063 ἀπαξιοῦν
1030 999 1128 1063 τὰς
1160 1002 1219 1055 ἐν
1255 1004 1320 1072 τῇ
1350 1003 1537 1074 Γραφῇ
1569 1003 1743 1068 λέξεις

161 1090 559 1160 διερευνᾶσθαι.
616 1093 1033 1163 Μεμαθήκαμεν
1078 1093 1187 1163 γὰρ
1224 1094 1282 1144 έν
1326 1097 1439 1157 τοῖς
1478 1094 1739 1165 "Aquam,

160 1182 261 1249 τῆς
283 1182 694 1252 ἐπαινουμένης
732 1182 952 1253 νύμφης
984 1183 1079 1234 καὶ
1105 1182 1166 1234 τὸ
1197 1183 1491 1253 ἐμπλόκιον
1542 1203 1741 1256 σεμνυ-

161 1273 388 1342 νόμενον
408 1290 421 1302 ·
463 1273 711 1343 Κεφαλὴ
766 1273 876 1343 γάρ
933 1289 1071 1337 σου,
1108 1275 1292 1343 φησὶν,
1322 1276 1405 1344 ὡς
1446 1279 1480 1329 ό
1507 1276 1740 1346 Κάρμη-

158 1365 293 1427 λος,
328 1362 426 1416 καί
459 1363 785 1432 ἐμπλόκιον
817 1362 926 1434 (87)
959 1363 1229 1433 κεφαλῆς
1275 1382 1423 1431 σου,
1474 1366 1554 1432 ὡς
1600 1383 1742 1436 πορ-

158 1456 332 1523 φύρα
704 1532 707 1533 ί

235 1548 364 1603 128.
418 1548 528 1602 Kal
576 1547 649 1602 τὰ
707 1546 950 1611 ἐνώτια,
1000 1549 1098 1602 καί
1152 1548 1294 1613 τοὺς
1352 1548 1737 1616 δακτυλίους.

174 1640 499 1709 Ἐπαινετὴν
529 1642 626 1712 μὲν
650 1640 752 1712 τὴν
785 1641 983 1712 χρῆσιν
1015 1641 1252 1695 ἐνωτίων
1283 1643 1341 1694 ὲν
1378 1644 1444 1712 τῇ
1479 1643 1739 1713 μνηστείᾳ

1855 465 1941 507 tur
1969 456 2033 508 de
2061 471 2250 510 earum
2284 444 2649 512 ornatu.’Uno
2679 458 2843 510 verbo
2892 457 3043 510 hisce
3088 455 3268 511 verbis
3297 455 3425 509 edo-

1851 562 2039 601 ceuiur
2065 562 2209 613 eum,
2266 549 2354 616 qui
2397 551 2465 601 ob
2518 547 2928 616 prmstautiores
2979 546 3180 617 quibus
3204 545 3424 603 dolatus

1850 649 1932 696 est
1970 640 2254 695 facultates
2305 626 2547 703 effertur,
2577 656 2606 694 a
2658 641 2903 695 custodia
2957 654 3029 694 se
3065 648 3425 694 conservante

1852 732 2094 786 deetitui.
2128 732 2353 787 Videtur
2392 741 2571 786 autem
2605 731 2880 783 reticulum
2936 739 3162 784 ornatus
3203 728 3424 797 quidem

1850 824 2020 878 fuisse
2045 824 2255 893 capillis
2289 825 2641 889 intertextus,
2676 835 2733 876 ut
2763 822 2961 876 eximio
2980 836 3079 875 suo
3117 821 3301 875 colore
3326 834 3420 873 ca—

1852 917 1996 985 pillis
2022 915 2260 969 colorem
2316 915 2599 969 excitaret.
2656 913 2779 967 Hmc
2836 923 3013 966 autem
3066 911 3425 980 parvipendat

1851 1017 2030 1057 nemo.
2066 1003 2173 1056 Nos
2194 1004 2335 1057 enim
2357 1019 2462 1056 non
2493 1018 2680 1057 sumus
2698 1000 2897 1070 Spiritu
2916 1010 3104 1056 sancto
3123 1001 3422 1070 gravinres,

1848 1103 1909 1144 ut
1941 1107 2101 1146 voces
2133 1094 2184 1145 in
2215 1093 2495 1163 Scriptura
2524 1093 2734 1162 positas
2792 1093 3125 1161 perscrutari
3175 1078 3423 1163 fastidia-ﬁ

1852 1198 1992 1237 unus.
2039 1183 2335 1238 Didicimus
2364 1185 2508 1239 enim
2555 1185 2608 1238 in
2655 1185 2918 1247 Canticis,
2961 1183 3247 1240 reticulum
3282 1156 3424 1265 quo-1

1850 1286 1955 1339 que
1982 1287 2213 1340 sponsas,
2249 1288 2369 1341 qua:
2400 1273 2742 1335 laudabatur,
2764 1273 3198 1329 couunendatum
3220 1271 3420 1328 fuisse:

1851 1362 1992 1417 Nam
2018 1375 2175 1431 caput
2203 1375 2372 1429 tuum,
2402 1367 2597 1439 inquit,
2645 1366 2779 1420 sicut
2812 1364 3110 1429 Carmelus,
3145 1375 3192 1418 et
3225 1365 3422 1418 reticu-

1850 1449 1958 1508 lu'm
1997 1457 2181 1523 rapitis
2214 1458 2291 1510 tui
2319 1460 2370 1510 in
2398 1475 2634 1527 purpura
2656 1459 2723 1514 ⁵⁸.
3421 1439 3424 1443 ν

1920 1546 2041 1602 128.
2084 1548 2246 1602 Vens.
2274 1548 2365 1602 20.
2391 1545 2459 1601 Et
2490 1550 2719 1611 inaures,
2776 1559 2822 1602 et
2870 1549 3117 1602 annulus.
3154 1546 3419 1602 Novimus

1849 1639 2065 1705 quidem
2123 1640 2396 1692 iuaurittm
2455 1654 2611 1691 usum
2664 1639 2716 1692 in
2758 1637 3020 1694 Rebeccae
3068 1638 3418 1707 sponsalibus

159 1732 261 1801 τῆς
313 1732 608 1795 Ῥεϐέκκας
664 1731 1020 1803 ἐδιδάχθημεν
1049 1772 1063 1795 ,
1119 1730 1387 1802 σύμϐολον
1413 1731 1505 1784 τοῦ
1566 1733 1745 1799 ἀγαθὰ

1849 1729 2011 1783 fuisse
2037 1729 2333 1783 laudatum.
2360 1728 2518 1795 Quod
2572 1739 2686 1785 erat
2737 1740 3055 1800 argumento
3094 1730 3418 1785 documenta

162 1821 382 1891 μέλλειν
419 1822 555 1892 αὐτῇ
600 1820 905 1890 διδάγματα
948 1822 1077 1890 περὶ
1121 1820 1221 1890 τῆς
1269 1821 1325 1871 ὲν
1370 1823 1483 1882 τοῖς
1532 1823 1741 1891 νοητοῖς

160 1910 426 1981 ἀληθείας
459 1912 517 1963 ἐν
566 1910 644 1980 τῷ
682 1912 813 1981 οἴκῳ
849 1909 943 1963 τοῦ
980 1908 1230 1981 Ἀϐραὰμ
1252 1910 1519 1980 γενομένῃ
1564 1926 1742 1979 παρα-

157 2001 485 2073 δοθήσεσθαι
525 2002 665 2072 (88)·
701 2001 1157 2072 κατηγορούμενα
1187 2000 1247 2052 δὲ
1281 2001 1418 2054 αὐτὰ
1466 1999 1737 2070 πολλαχοῦ

160 2092 596 2164 κατειλήφαμεν.
626 2092 850 2163 Πρῶτον
904 2092 1023 2160 μὲν,
1060 2094 1123 2144 ὲκ
1149 2091 1267 2158 τοῦ,
1311 2093 1408 2145 ὅτε.
1431 2091 1741 2145 ἀναϐαίνειν

156 2185 387 2255 ἔμελλον
418 2187 498 2247 είς
532 2184 721 2255 Βεθὴλ,
768 2182 1174 2254 προσταχθῆναι
1221 2183 1369 2254 παρὰ
1417 2182 1510 2236 τοῦ
1550 2182 1740 2236 Ἰακὼϐ

157 2276 260 2338 τὰς
295 2278 560 2343 γυναῖκας
590 2274 938 2345 περιελέσθαι
987 2273 1127 2328 αὐτὰ
1159 2275 1296 2344 μετὰ
1327 2274 1436 2328 τῶν
1464 2273 1601 2328 θεῶν
1631 2274 1741 2328 τῶν

156 2369 478 2441 ἀλλοτρίων,
501 2368 576 2432 ὡς
596 2368 851 2440 ἐμποδίου
887 2368 1038 2430 ὄντος
1069 2369 1133 2420 ὲκ
1152 2368 1250 2439 τῆς
1278 2365 1738 2439 εἰδωλολατρείας,

157 2461 254 2512 καὶ
284 2460 382 2531 τῆς
415 2458 527 2511 τῶν
558 2459 793 2513 ἐνωτίων
827 2459 1094 2528 χρήσεως,
1137 2457 1274 2530 πρὸς
1306 2457 1368 2510 τὸ
1389 2457 1629 2511 ἀνελθεῖν
1661 2459 1742 2521 είς

153 2550 249 2603 τὸν
286 2546 434 2603 οἷκον
459 2549 554 2602 τοῦ
588 2550 814 2619 Κυρίουο
855 2549 1026 2622 Βεθὴλ
1060 2549 1167 2620 γὰρ
1200 2545 1364 2615 οἶκος
1394 2549 1541 2602 Θεοῦ
1571 2550 1743 2619 ἑρμη-

159 2641 399 2695 νεύεται.
434 2642 665 2694 Ἔπειτα
688 2643 745 2693 ὲν
771 2645 838 2715 τῇ
887 2642 1082 2715 Ἐξόδῳ
1114 2641 1607 2704 καταστασιασθεὶς
1637 2640 1742 2694 ὑπὸ

152 2732 250 2785 τοῦ
279 2732 410 2786 λαοῦ
443 2733 472 2784 ό
508 2730 718 2803 Ἀαρὼν
751 2734 831 2796 εἰς
853 2733 913 2785 τὸ
935 2732 1159 2804 ποιῆσαι
1184 2731 1420 2795 εἴδωλον,
1444 2732 1520 2794 ὡς
1553 2734 1742 2802 ἐπιτη-

153 2824 307 2877 δείαν
341 2823 473 2895 ὓλην
500 2824 581 2887 είς
614 2822 954 2894 κατασκευὴν
1008 2823 1116 2876 τῶν
1166 2823 1627 2896 ἀπηγορευμένων
1674 2823 1740 2875 τὰ

156 2914 361 2968 ἐνώτια
388 2913 690 2979 ἐξελέξατο.
714 2915 1094 2981 Περιείλαντο
1114 2914 1224 2984 89)
1248 2914 1352 2986 γὰρ
1372 2912 1488 2977 πᾶς
1516 2916 1547 2966 o'
1569 2912 1738 2978 λαὸς.

155 3004 295 3073 φησὶ
332 3005 405 3057 τὰ
434 3002 645 3056 ἐνώτια
662 3004 733 3057 τὰ
758 3002 979 3071 χρυσᾶ,
1006 3003 1078 3056 τὰ
1101 3003 1172 3057 ἐν
1199 3002 1322 3069 τοῖς
1350 3002 1500 3056 ὠσίν
1517 3002 1738 3064 αὐτῶν,

154 3066 259 3147 καὶ
309 3093 574 3163 ἤνεγκαν
625 3066 1043 3162 πρὸξ-Ἀαρὼν
1069 3134 1082 3157 ,
1130 3093 1228 3147 καί
1273 3066 1545 3149 ἔπλασεν
1591 3094 1742 3148 αὐτὰ
1768 3066 1814 3129 C

149 3186 399 3253 μόσχον
430 3185 752 3254 χωνευτόν.
802 3184 961 3238 Ἀλλὰ
1012 3186 1105 3237 κα).
1143 3184 1347 3238 Γεδεὼν
1373 3185 1436 3238 ὲκ
1469 3186 1578 3238 τῶν
1615 3185 1742 3238 σκύ-

151 3275 266 3329 λων
296 3275 406 3328 τῶν
451 3275 866 3347 Ἰσμαηλιτικῶν
896 3276 1077 3330 λαϐὼν
1108 3277 1178 3330 τὰ
1210 3276 1406 3332 ἐνώτια
1451 3277 1603 3349 παρὰ
1645 3277 1739 3330 τοῦ

152 3368 314 3431 λαοῦ,
363 3368 692 3433 Ἐποίησεν
734 3367 885 3420 αὐτὰ
920 3368 1007 3431 εὶς
1059 3367 1306 3436 Ἐφοὺδ,
1342 3367 1442 3421 καὶ
1478 3367 1743 3430 ἔστησεν

149 3461 302 3513 αὐτὸ
319 3458 431 3529 (90)
448 3459 516 3511 ἐν
526 3457 603 3525 τῇ
617 3459 810 3512 πόλει.
827 3458 933 3512 Καὶ
949 3458 1350 3526 ἐξεπόρνευσε
1364 3457 1477 3525 πᾶς
1507 3459 1756 3527 Ἰσραὴλ,

150 3553 351 3606 ὀπίσω
373 3550 560 3605 αὑτοῦ
582 3549 725 3614 ἐκεῖ,
759 3550 855 3603 καὶ
878 3549 1115 3620 ἐγένετο
1145 3549 1224 3616 τῷ
1261 3550 1502 3604 Γεδεὼν
1532 3551 1631 3604 καὶ
1662 3551 1741 3617 τῷ

148 3646 304 3711 οἴκῳ
331 3643 520 3698 αὑτοῦ
545 3644 633 3707 είς
664 3641 1039 3698 σκάνδαλον.
1082 3644 1190 3696 Καὶ
1220 3642 1390 3696 ταῦτα
1426 3642 1521 3695 νῦν
1558 3643 1625 3696 τὰ
1657 3646 1742 3696 ὲν-

149 3733 296 3790 ὡτια
330 3733 423 3788 διὰ
450 3733 513 3786 τὸ
548 3733 890 3803 συνεπαίρειν
918 3733 978 3786 τὸ
1006 3734 1259 3805 φρόνημα
1288 3733 1395 3788 τῶν
1424 3734 1739 3807 θυγατέρων

149 3827 296 3880 Σιὼν
324 3825 703 3895 διαϐέϐληται.
750 3825 859 3878 Kal
900 3824 971 3878 τὰ
1017 3827 1429 3894 περιπόρφιιρα
1455 3868 1470 3889 ,
1525 3827 1623 3879 καὶ
1668 3828 1742 3881 τὰ

147 3918 605 3989 μεσοπόρφυρα.
644 3906 745 3970 Τὸν
767 3918 824 3969 ὲν
848 3919 913 3988 τῇ
942 3916 1130 3986 ἐσθῆτι
1164 3918 1364 3988 κόσμον
1394 3918 1501 3971 τῶν
1528 3918 1739 3972 καλλω-

152 4010 469 4082 πιζομένων
498 4009 772 4078 γυναικῶν
806 4009 880 4072 ὡς
925 4010 1216 4081 περίεργον
1264 4008 1560 4076 διαϐάλλει,
1610 4027 1741 4081 πορ-

153 4101 339 4172 φύραν
360 4101 489 4154 ποτὲ
525 4099 621 4170 μὲν
650 4100 791 4154 κατὰ
820 4098 889 4152 τὰ
919 4099 1061 4169 ἄκρα
1095 4100 1563 4171 παρυφαινόντων,
1611 4101 1738 4154 ποτὲ

148 4194 210 4247 δὲ
235 4192 381 4246 κατὰ
408 4193 469 4245 τὺ
507 4192 667 4262 μέσον
712 4191 879 4262 αὐτὴν
921 4190 1259 4245 ὲντιθέντων.
1308 4192 1472 4245 Δόλου
1513 4192 1568 4246 δὲ
1598 4192 1738 4263 σύμ-

148 4286 311 4340 ϐολον
344 4287 380 4355 ὴ
417 4284 672 4356 πορφύρα
713 4284 811 4352 τὴν
857 4283 998 4337 κατὰ
1053 4282 1214 4352 φύσιν
1265 4284 1431 4355 χρόαν
1480 4284 1740 4338 ἐπικαλύ-

1843 1822 2017 1875 eidem
2051 1823 2272 1877 domum
2335 1823 2562 1878 Abrahze
2621 1822 2878 1892 ingressrc
2917 1824 2983 1877 de
3039 1838 3218 1876 rerum
3257 1820 3420 1890 spiri-

1845 1912 2068 1965 tualium
2100 1913 2330 1967 veritate
2362 1913 2619 1966 tradenda
2673 1928 2815 1967 esse.
2869 1913 2940 1965 At
2984 1912 3204 1966 inaures
3250 1910 3420 1965 fuisse

1842 2017 1984 2071 saepe
2005 2004 2392 2056 condemnatas
2405 2000 2886 2070 deprehendimus.
2915 2000 3095 2055 Primo
3117 2002 3332 2071 quidem
3360 2000 3411 2054 id

1842 2110 1908 2149 ex
1932 2096 2030 2150 hoc
2052 2094 2238 2163 liquet,
2258 2094 2401 2167 quod
2418 2110 2539 2147 cum
2560 2095 2811 2149 mulieres
2833 2104 3014 2149 essent
3034 2109 3339 2149 ascensura:
3362 2094 3417 2148 iu

1842 2185 2052 2250 Bethel,
2084 2202 2179 2241 eas
2202 2187 2365 2255 jussit
2395 2184 2565 2240 Jacob
2597 2188 2815 2240 inaures
2851 2201 2956 2240 una
2985 2200 3109 2239 cum
3141 2186 3248 2239 diis
3283 2185 3419 2239 alie-

1844 2280 1928 2334 nis
1958 2278 2210 2347 ablegare
2240 2279 2307 2334 ⁸³.
2356 2278 2489 2331 Nam
2519 2278 2826 2333 idololatria
2880 2288 2936 2332 et
2990 2277 3256 2330 inaurium
3280 2292 3417 2330 usus

1843 2378 1999 2426 erant
2031 2371 2438 2441 impedimento,
2468 2385 2535 2424 ne
2560 2370 2915 2424 ascendereut
2951 2373 3003 2422 in
3058 2369 3276 2422 domum
3308 2368 3417 2421 Do-

1845 2464 1976 2518 Inini
2003 2482 2016 2518 :
2047 2467 2246 2533 quippe
2270 2463 2317 2516 si
2347 2461 2532 2518 Bethel
2561 2462 2955 2530 interpreteris,
2992 2470 3150 2516 sonat
3194 2462 3413 2514 domum

1844 2555 1963 2610 Dei.
1999 2556 2197 2610 Deinde
2232 2558 2412 2610 Aaron
2467 2555 2521 2608 in
2578 2554 2763 2609 Exodo
2823 2554 3000 2623 populi
3039 2554 3300 2608 seditione
3347 2553 3417 2608 ad
3490 2626 3491 2629 η

1843 2647 2187 2702 conﬂandum
2224 2648 2424 2702 idolum
2454 2652 2698 2712 adactus,
2720 2648 2934 2701 inaures
2958 2654 3216 2717 tauquam
3244 2654 3416 2702 mate-

1844 2741 1978 2794 riam
2035 2740 2298 2796 l'acieudis
2345 2742 2507 2796 rebus
2542 2741 2832 2810 prohibitis
2881 2740 3129 2795 idoneam
3188 2740 3409 2815 delegit.

1842 2833 2180 2887 Abstulerunt
2211 2834 2378 2895 enim,
2406 2834 2602 2901 inquit,
2633 2833 2802 2886 omnis
2831 2833 3053 2901 populus
3077 2836 3287 2887 inaures
3317 2849 3418 2886 au-

1844 2940 1961 2977 reas
1987 2941 2103 2994 quae
2129 2926 2184 2977 in
2219 2923 2436 2977 auribus
2473 2940 2654 2977 earum
2706 2932 2879 2985 erant,
2916 2932 2963 2976 et
3018 2923 3312 2976 attulerunt
3344 2924 3412 2979 ad

1845 3014 2048 3079 Aaron,
2081 3024 2128 3066 et
2154 3012 2401 3082 formavit
2433 3011 2555 3065 illas
2586 3012 2806 3066 vitulum
2836 3012 3045 3081 [usilem
3070 3012 3136 3066 ⁸ο.
3187 3012 3325 3080 Quin
3360 3021 3416 3067 et

1844 3103 2060 3161 Gedeon
2093 3113 2380 3174 postquam
2411 3118 2474 3157 ex
2507 3102 2897 3156 Ismaelitarum
2930 3103 3117 3172 spoliis
3141 3103 3357 3161 inaures
3382 3121 3413 3160 a

1843 3194 2041 3262 populo
2065 3193 2292 3263 accepit.
2326 3192 2473 3246 Fecit
2498 3209 2586 3247 eas
2609 3194 2663 3246 in
2714 3191 2924 3261 Epltud,
2954 3204 3001 3245 et
3045 3193 3229 3244 statuit
3280 3192 3414 3246 illud

1842 3286 1896 3337 in
1916 3285 2148 3338 civitate.
2179 3283 2242 3336 Et
2268 3283 2566 3348 fornicatus
2609 3291 2682 3335 est
2715 3284 2883 3335 omnis
2935 3281 3104 3335 Israel
3130 3292 3242 3349 post
3278 3280 3413 3335 illud

1842 3375 1975 3436 ilﬁc,
2003 3385 2051 3428 et
2079 3373 2277 3442 factum
2300 3382 2376 3427 est
2400 3372 2629 3427 Gedeoni
2650 3383 2699 3426 et
2724 3372 2903 3426 domui
2949 3373 3060 3443 ejus
3107 3373 3162 3426 in
3190 3374 3416 3427 scanda-

1844 3466 1953 3519 lum
2000 3465 2072 3520 ⁶¹.
2110 3464 2290 3534 Atque
2346 3463 2568 3517 inaures
2614 3464 2730 3517 istzr
2782 3477 2924 3517 nunc
2953 3465 3150 3517 dantur
3175 3464 3412 3530 crimini,

1844 3560 1986 3628 quod
2009 3558 2219 3613 animus
2248 3557 2479 3611 ﬁliarum
2498 3556 2628 3611 Sion
2661 3556 2785 3609 inde
2806 3554 3110 3610 efferretur.
3138 3556 3299 3611 Vens.
3320 3556 3413 3619 2|,
3447 3540 3451 3545 ’

1843 3648 1913 3702 Et
1941 3656 2246 3717 prwtextas,
2305 3658 2355 3702 et
2393 3659 2556 3702 vestes
2612 3663 2676 3701 ex
2706 3648 2878 3701 media
2926 3658 3072 3713 parte
3099 3663 3411 3715 purpureas.

1843 3740 2091 3797 Vestium
2123 3750 2504 3796 ornamentum
2539 3739 2703 3807 quod
2747 3754 2776 3792 a
2837 3738 3156 3795 mulieribus
3184 3739 3413 3810 gloriam

1843 3847 1908 3886 ex
1941 3831 2026 3885 his
2086 3829 2483 3897 aucupantibus
2540 3828 2863 3892 adhibetur,
2923 3838 3180 3898 tanquam
3225 3845 3415 3901 super-

1841 3922 2009 3977 ﬂuum
2045 3922 2380 3991 perstringit.
2413 3920 2714 3989 Aliquando
2738 3921 2959 3993 quidem
2986 3921 3088 3976 illae
3114 3937 3414 3992 purpuram

1844 4010 2161 4065 attexebant
2187 4010 2251 4063 ad
2278 4020 2607 4073 extremum,
2656 4011 2946 4079 aliquando
2976 4025 3106 4065 vero
3133 4012 3269 4080 parti
3301 4027 3414 4068 me-

1841 4101 1944 4156 dia:
1971 4116 2090 4154 eam
2115 4100 2442 4155 inserebant.
2466 4100 2734 4155 Caeterum
2755 4102 2861 4156 doli
2889 4101 3218 4173 fallaciteque
3241 4103 3413 4175 figura

1841 4205 2080 4261 purpura
2112 4199 2198 4244 est
2228 4205 2347 4259 quae
2379 4190 2620 4245 nativum
2650 4192 2886 4246 colorem
2922 4201 3087 4262 tegat,
3128 4196 3408 4264 proprium

1843 4298 1970 4336 vero
2005 4280 2190 4336 ﬂorem
2223 4282 2280 4335 in
2316 4280 2552 4334 medium
2603 4281 2862 4351 proferat,
2890 4285 3032 4338 haud
3059 4286 3214 4339 aliter
3249 4293 3413 4354 atque

148 4395 391 4442 πτουσα,
423 4379 517 4431 καί¹
548 4377 607 4430 τὺ
628 4378 823 4430 οἰκεῖον
851 4375 1010 4439 ἄνθος
1032 4374 1423 4445 προφαίνουσα,
1450 4376 1592 4428 κατὰ
1613 4378 1738 4439 τοὺς

1849 4374 1942 4442 illi,
1970 4375 2059 4442 qui
2094 4375 2147 4429 in
2180 4374 2416 4445 speciem
2441 4376 2558 4430 laeta
2589 4384 2718 4430 sunt
2746 4376 2944 4442 fronte,
2978 4377 3122 4431 intus
3150 4393 3278 4432 vero
3303 4394 3411 4431 ma-

150 4474 215 4525 ὲν
265 4470 565 4539 ἐπιφανείᾳ
622 4468 901 4540 φαιδροὺς,
944 4470 1001 4520 ὲν
1039 4467 1096 4520 δὲ
1149 4465 1228 4536 τῷ
1273 4466 1423 4537 βάθει
1481 4467 1541 4520 τὸ
1569 4468 1735 4520 κακὸν

152 4561 576 4625 συσκιάζοντας.
604 4562 782 4631 Ὅπερ
813 4559 919 4613 κᾶν
950 4558 1020 4612 τὰ
1055 4560 1200 4629 ἄκρα
1239 4558 1332 4611 τοῦ
1362 4558 1498 4628 βίου,
1549 4558 1652 4611 κᾶν
1674 4559 1734 4611 τὸ

154 4656 326 4727 μέσον
354 4652 527 4726 ἐπέχῃ
566 4651 703 4725 (91),
729 4651 979 4722 φευκτόν.
1006 4651 1204 4722 Διόπερ
1230 4651 1322 4704 καὶ
1357 4651 1430 4704 τὰ
1464 4651 1732 4718 περιπόρ-

152 4763 319 4814 φυριι
350 4746 702 4815 παραιτεῖται
729 4746 757 4797 ὁ
775 4743 952 4813 λόγος.

1840 4467 1952 4519 Ιυω
1974 4466 2268 4520 occultant.
2319 4466 2473 4534 Quod
2515 4483 2644 4522 sane
2702 4468 3015 4538 fugiendum
3066 4482 3150 4524 est
3179 4470 3292 4525 sive
3315 4485 3412 4525 ex-

1840 4566 2072 4612 tremum
2102 4558 2248 4621 vitae,
2274 4560 2389 4613 sive
2419 4558 2657 4613 medium
2692 4566 2939 4627 occupet.
2978 4558 3158 4629 Quare
3186 4570 3240 4616 et
3273 4578 3410 4630 μινυς

1838 4659 2012 4704 textas
2033 4666 2323 4719 purpureas
2377 4648 2657 4719 Scriptura
2687 4649 2880 4720 rejicit.

223 4964 272 4997 ⁸⁸
305 4963 580 5027 Cant.vn,
606 4962 658 5016 5.
735 4960 782 4992 ⁸⁸
814 4959 951 5015 Gen.
982 4975 1148 5024 xxxv,
1185 4959 1240 5014 4.
1320 4959 1363 4990 ⁶⁰
1390 4958 1557 5013 Exod.
1593 4974 1762 5026 χχχιι,

1849 4960 1942 5024 ,4.
2020 4961 2061 4991 ⁶¹
2094 4958 2265 5015 Judic.
2307 4977 2423 5031 vui,
2448 4961 2537 5015 27.

227 5142 343 5211 (86)
372 5138 848 5211 Codicesraliquot,
876 5142 1376 5210 ἐγκαταλέλειπται.

1837 5158 1933 5199 sex
1974 5147 2605 5219 ιηεεεηέπλασανςαύτά,
2638 5150 2957 5219 formarunt.
2994 5150 3133 5206 Edili
3174 5165 3278 5205 non
3326 5167 3409 5208 se-

224 5209 339 5283 (δ’ἱ)
367 5209 529 5291 Apud
554 5209 698 5289 LX_X
721 5209 827 5282 pro
854 5209 1148 5284 ἐμπλόκιον
1180 5214 1373 5283 legitur
1388 5211 1625 5278 πλόκιον,
1661 5212 1728 5266 Et

1849 5229 1933 5269 :us
1982 5216 2260 5291 ac_LXAX,
2297 5210 2553 5291 ἔπλασεν,
2591 5209 2857 5291 formarit.
2906 5222 3146 5291 Subinde
3188 5221 3406 5291 quidam

148 5282 339 5350 pinus
365 5282 557 5350 capitis
586 5282 684 5334 tui.

225 5351 341 5421 (88)
382 5349 576 5424 Nostra
616 5351 876 5424 editioet
918 5352 1051 5422 Reg.
1092 5353 1320 5423 primus,
1351 5352 1725 5424 παραδοθήσε-

148 5437 264 5492 ται.
286 5421 428 5473 haud
447 5421 752 5492 emendate.
767 5422 878 5492 Alii
904 5421 1134 5492 quatuor
1166 5439 1318 5488 mss.,
1343 5421 1537 5492 praeter
1559 5421 1724 5492 Com-

148 5491 499 5552 betisianum,
545 5506 623 5544 πα

152 5561 343 5615 multis
379 5575 510 5629 mss.
542 5564 625 5614 edi
661 5561 993 5629 oportuerat,
1021 5563 1177 5616 αὐτά.

1836 5300 1995 5375 mss.,
2020 5287 2127 5341 τῶν
2165 5288 2540 5361 Ἰσμαηλιτῶν.
2576 5287 2675 5344 Alii
2710 5301 2762 5345 et
2795 5292 2955 5356 editi,
2987 5290 3096 5343 τῶν
3137 5287 3410 5375 Ἰσμαηλι-

1832 5354 2017 5407 τικῶν.

1903 5427 2015 5502 (99)
2042 5425 2189 5502 _E_diti
2215 5437 2269 5502 e_t
2309 5427 2443 5502 Reg.
2471 5429 2760 5502 secundus,
2791 5430 2959 5502 αὐτῷ.
2997 5430 3201 5502 Codex.
3230 5429 3321 5502 Fr.
3351 5431 3406 5498 1,

626 5491 1032 5563 ραδοθήσεσθαι.
1070 5494 1295 5564 ibidem
1345 5490 1447 5563 pro
1496 5490 1658 5546 αὐτοῦ
1694 5508 1726 5548 e

1849 5490 2004 5547 tota.
2029 5499 2180 5551 Alter
2207 5490 2513 5553 (Σοιιιὺιῇἰείἰ
2549 5497 2726 5553 Codex
2748 5490 2812 5554 ὀι
2834 5490 2924 5553 alii
2955 5513 3083 5564 tres,
3125 5500 3278 5556 αὐτό.

1903 5565 2015 5644 (91)
2048 5568 2181 5621 Editi
2221 5578 2275 5623 et
2318 5569 2451 5641 Reg.
2488 5571 2715 5639 primus,
2761 5571 2961 5644 ἀπέχῃ.
3007 5572 3109 5627 Alii
3153 5583 3404 5641 quatuor,

222 5629 337 5708 (89)
393 5628 639 5708 Yeteres
670 5628 901 5701 quatuor
959 5633 1118 5708 libri,
1164 5631 1521 5708 neglegam.
1581 5631 1720 5708 Editi

1849 5628 2021 5708 ;πέχῃ’.

149 5712 272 5753 cum
303 5701 511 5755 duobus
551 5701 672 5757 aliis
718 5716 870 5767 mss.,
926 5701 1275 5773 περιείλοντο.
1325 5702 1517 5757 Statim
1552 5703 1720 5758 nostri
