3828 6216
381 289 485 345 3‘27

1342 265 1684 324 APPENDIX
1726 262 2011 319 OPERUM
2053 260 2110 316 S.
2153 259 2399 317 BASILII
2436 255 2670 313 MAGNI.

3552 243 3660 300 5'18

456 404 580 461 £29.
604 401 768 457 Vens.
790 397 882 451 22.
904 395 970 449 Et
994 393 1299 449 indumenta
1333 403 1451 457 qua:
1476 396 1595 439 sunt
1622 400 1712 453 per
1732 385 1968 445 domum,

2144 380 2265 435 129.
2288 379 2399 433 Kal
2421 379 2495 431 τὰ
2514 374 2888 444 ἐπιϐλήματα
2902 374 2975 428 τὰ
2999 370 3150 427 κατὰ
3165 369 3281 440 τὴν
3295 368 3495 423 οὶκίαν
3512 364 3659 437 χοε),

383 508 432 554 et
460 493 719 567 pellucida
755 489 1037 544 Laconica.
1060 482 1409 538 lmmodicam
1445 480 1604 535 luxus
1630 476 1974 532 deliciarum-

386 604 492 660 que
521 588 729 656 copiam
764 581 1002 637 declarat
1032 579 1148 632 haec
1175 574 1445 630 sententia
1467 613 1482 635 ,
1510 575 1635 625 dum
1673 569 1749 621 ait
1777 581 1971 621 recon-

386 657 498 735 dita
522 675 665 732 domi
706 673 1017 727 indumenta
1056 682 1167 737 prae
1207 665 1371 719 nimia
1411 663 1674 716 tenuitate
1708 672 1830 712 esse
1854 657 1970 727 pel-

387 771 587 826 lucida.
619 766 877 835 Sumptus
924 762 1068 814 enim
1103 760 1168 813 ad
1199 757 1619 813 ostentationem
1665 750 1839 805 factus
1876 763 1973 817 pro

387 875 550 931 scopo
574 858 804 929 gratiam
831 854 1111 908 hominum
1141 864 1205 903 ac
1231 845 1665 925 benevolentiam
1707 842 1807 897 sibi
1847 854 1974 909 pro-

385 955 555 1025 ponit.
591 950 727 1005 Cum
769 955 948 1001 autem
997 943 1118 1014 quis
1163 941 1329 996 etiam
1379 939 1598 993 nemine
1647 945 1973 1004 spectante,

384 1018 642 1117 privatim
692 1037 833 1095 domi
890 1037 1117 1105 degens,
1172 1030 1457 1102 pellucidis
1509 1026 1677 1100 469
1734 1018 1974 1080 ves'tibus

386 1133 658 1197 amicitur,
712 1130 766 1184 id
833 1143 1012 1183 rerum
1055 1133 1243 1179 nostro
1285 1120 1400 1175 usui
1436 1132 1821 1175 concessarum
1875 1117 1975 1169 ab-

385 1241 541 1281 usum
570 1236 827 1294 perquam
858 1216 1206 1272 immodicum
1235 1227 1355 1268 esse
1383 1209 1642 1266 ostendit.
1672 1207 1858 1276 Itaque
1896 1205 1978 1258 in-

386 1320 640 1372 dumenta
703 1313 1050 1367 Lacaenarmn
1099 1304 1471 1367 imitabantur,
1508 1316 1630 1371 qnze
1682 1315 1802 1353 cum
1832 1299 1978 1352 inter

387 1408 694 1463 saltandum
733 1404 889 1474 plane
922 1399 1115 1456 nudari
1148 1397 1339 1462 nolint,
1370 1404 1623 1463 tanquam
1661 1391 1712 1444 id
1736 1390 1807 1444 sit
1830 1389 1977 1442 inde-

388 1513 611 1562 corum,
646 1496 843 1549 lineam
877 1500 1082 1546 vestem
1114 1504 1274 1558 quam
1328 1484 1641 1539 tenuissime
1667 1490 1977 1536 contextam

393 1590 642 1653 induunt,
665 1598 939 1655 perquam
964 1582 1225 1653 objiciant
1255 1576 1548 1649 spectanda
1583 1590 1703 1643 qua:
1734 1573 1974 1625 virorum

393 1679 561 1734 oculis
587 1693 692 1732 non
732 1673 972 1744 conspici
995 1672 1299 1741 oportebat.
1330 1665 1602 1721 Vnus.23.
1640 1661 1705 1715 Et
1743 1662 1974 1733 byssina,

2074 471 2173 525 καὶ
2219 472 2291 525 τὰ
2335 467 2597 539 διαφανῆ
2651 466 2984 521 Λακωνικά.
3027 459 3368 534 ’Υπερϐολὴν
3414 458 3664 522 ἀσωτίας

2075 566 2169 619 καί
2193 564 2404 636 τρυφῆς
2451 560 2705 630 ἁφειδοῦς
2754 561 2783 613 ὁ
2825 559 2982 627 λόγος
3025 554 3300 627 ἐμφαίνει,
3330 551 3402 604 τὰ
3426 548 3665 621 ἐπιϐλή-

2078 673 2222 729 ματα
2250 655 2316 708 τὰ
2360 653 2482 708 κατ’
2527 648 2676 705 οἷκον
2718 649 2956 719 διαφανῆ
2996 647 3174 717 λέγων
3207 641 3347 699 εἶναι
3385 645 3453 715 τῇ
3489 642 3669 713 ὑπερ-

2075 728 2203 819 ϐολῇ
2228 747 2329 817 τῆς
2354 732 2701 816 λεπτότητος.
2747 743 2820 795 Τὸ
2852 734 2963 813 Ῠὰρ
3005 738 3142 810 πρὸς
3180 735 3441 803 ἐπίδειξιν
3482 728 3666 788 631%th-

2074 843 2261 914 νηρδν,
2293 840 2405 911 ἔχει
2440 838 2639 892 σκοπὸν
2666 835 2763 908 τὴν
2789 831 3341 907 ἀνθρωπαρέσκειαν·
3375 827 3439 881 τδ
3465 825 3525 880 δὲ
3563 825 3665 879 καὶ

2079 933 2306 1005 μηδενὸς
2333 929 2565 1002 ὁρῶντος
2585 929 2669 997 ἐφ’
2696 925 2888 980 ἑαυτοῦ
2911 924 3167 993 διάγοντα
3184 920 3328 977 κατὰ
3355 918 3454 992 τὴν
3481 915 3666 971 οἰκίαν

2074 1024 2309 1095 διαφανῆ
2345 1017 2787 1093 περιϐάλλεσθαι,
2817 1018 2998 1070 πᾶσαν
3029 1013 3336 1089 ὑπερϐολὴν
3367 1008 3669 1082 παραχρή-

2078 1135 2215 1180 σεως
2245 1116 2354 1169 τῶν
2398 1114 2537 1186 πρὸς
2583 1113 2781 1184 χρῆσιν
2817 1108 3326 1181 συγκεχωρημένων
3370 1106 3503 1176 ἡμῖν
3543 1105 3673 1155 ὲπι-

2079 1208 2355 1262 δείκνυται
2380 1221 2395 1234 ·
2423 1204 2565 1258 ὥστε
2623 1201 2909 1273 μιμεῖσθαι
2960 1200 3029 1253 τὰ
3072 1199 3181 1252 τῶν
3230 1192 3520 1252 Λακαινῶν
3550 1190 3670 1261 (9'5)

2078 1284 2446 1368 ὲπιϐλήμᾶτα·
2477 1287 2721 1348 αἶ’κατὰ
2759 1292 2858 1363 τὴν
2887 1292 3115 1364 ὄρχησιν
3151 1288 3212 1342 τὸ
3257 1284 3508 1357 φανερῶς
3559 1297 3669 1352 Tu-

2081 1391 2342 1463 μνοῦσθαι
2368 1390 2443 1454 ὡς
2475 1390 2709 1459 ἄσεμνον
2740 1383 3193 1457 παραιτούμεναι,
3224 1377 3673 1451 ὑπερϐάλλουσαν

2077 1485 2364 1554 λεπτότητι
2402 1482 2555 1552 λινῆν
2612 1479 2815 1551 ἐσθῆτα
2873 1476 3354 1548 περιϐαλλόμεναι,
3389 1472 3458 1525 δι’
3494 1470 3673 1539 αὐτῆς

2078 1578 2359 1649 φαίνουσιν
2388 1575 2424 1630 ἃ
2456 1573 2720 1646 κρύπτειν
2773 1571 2880 1624 ἔδει
2914 1570 3009 1633 τὰς
3044 1568 3151 1622 τῶν
3181 1565 3431 1638 ἀρρένων
3487 1562 3669 1631 ὄψεις.

2078 1670 2188 1726 Καὶ
2217 1670 2291 1724 τὰ
2315 1669 2613 1734 βύσσινα,
2643 1664 2743 1719 καὶ
2774 1665 2845 1718 τὰ
2876 1662 3214 1725 ὑακίνθινα,
3240 1658 3337 1712 καὶ
3368 1656 3485 1724 τὴν
3500 1654 3670 1720 ,ϐύσ-

390 1780 438 1824 et
479 1766 844 1838 hyacinthina,
897 1771 947 1816 et
984 1764 1213 1831 byssum,
1257 1774 1375 1812 cum
1432 1771 1564 1809 auro
1603 1765 1648 1807 et
1695 1754 1974 1823 hyacinth

2123 1781 2194 1817 ον
2217 1763 2341 1816 σὺν
2372 1759 2583 1831 χρυσῷ
2636 1757 2735 1811 καὶ
2780 1756 3049 1819 ὑακίνθῳ
3082 1745 3670 1822 συγκαθυφασμένα.

390 1867 691 1917 intertexta.
715 1858 834 1914 Jam
872 1872 1003 1911 vero
1048 1852 1428 1908 immodestum
1468 1850 1634 1903 vitam
1676 1855 1896 1916 agentes
1923 1854 1977 1898 et

391 1970 501 2025 prae
535 1952 825 2007 immodico
878 1949 1008 2002 luxu
1053 1945 1261 2002 sanctis
1299 1941 1624 1998 insultantes
1654 1938 1774 1992 filiae
1820 1935 1973 2002 Sion,

390 2048 555 2102 etiam
598 2054 803 2099 vestem
839 2038 1299 2098 circumferebant
1325 2033 1679 2090 similitudine
1712 2033 1779 2085 ad
1818 2031 1973 2085 indu-

390 2148 629 2194 mentum
670 2133 1006 2191 sacerdotale
1032 2131 1378 2186 accedentem
1401 2126 1446 2156 “
1477 2141 1490 2176 :
1525 2124 1844 2178 vestimenta
1873 2123 1980 2176 sci-

390 2232 521 2287 licet
544 2229 762 2299 byssina
789 2236 844 2282 et
871 2222 1225 2296 hyacinthina
1264 2219 1547 2290 gerebant,
1585 2216 1838 2285 qualibus
1879 2229 1976 2267 ceu

392 2325 655 2397 symbolis
684 2323 1076 2377 elementorum
1125 2330 1194 2369 ex
1233 2314 1430 2382 quibus
1469 2311 1653 2366 omnia
1700 2317 1974 2372 constant,

390 2420 563 2473 induti
588 2416 918 2476 sacerdotes,
944 2412 1244 2466 introibant
1269 2409 1319 2461 in
1358 2414 1547 2461 sancta
1583 2398 1979 2463 seorsum,Deo

391 2528 490 2581 pro
516 2511 718 2564 mundo
761 2503 1139 2575 supplicaturi.
1171 2501 1369 2570 Byssus
1422 2496 1639 2567 quidem
1675 2506 1776 2563 pro
1807 2502 1975 2552 terra,

394 2602 722 2674 hyacinthus
747 2614 842 2668 pro
872 2611 1019 2658 aere,
1070 2608 1307 2664 purpura
1356 2606 1453 2660 pro
1492 2602 1653 2656 aqua,
1694 2582 1977 2638 coccinum

393 2713 492 2766 pro
517 2696 637 2763 igne
670 2694 907 2764 ponitur.
950 2688 1045 2743 liae
1074 2697 1266 2740 autem
1312 2683 1569 2737 mulieres
1602 2680 1862 2732 harumce
1894 2689 1980 2729 re-

393 2804 515 2844 rum
540 2794 733 2843 ornatu
765 2800 870 2838 non
922 2791 1228 2846 contentae,
1269 2778 1336 2831 ad
1393 2776 1708 2829 varietatem
1746 2770 1982 2826 efficien-

394 2882 515 2936 dam
545 2889 601 2935 et
648 2878 716 2933 ad
766 2875 1023 2944 maiorem
1073 2868 1460 2926 ostendendam
1500 2862 1978 2935 magnificentiam,

394 2988 588 3028 aurum
617 2985 739 3025 cum
790 2970 857 3023 iis
897 2972 1313 3023 contexueruut.
1357 2960 1421 3013 Et
1475 2959 1723 3011 theristra
1776 2955 1983 3008 accubi-

2804 1849 2828 1860 θ
2907 1849 2920 1861 ο
2970 1848 3032 1863 nn

2081 1856 2219 1927 Ἤδη
2245 1855 2302 1908 δὲ
2330 1855 2423 1908 καὶ
2455 1853 2554 1923 τῆς
2586 1849 2870 1922 ἱερατικῆς
2904 1846 3130 1917 ἐσθῆτος
3159 1844 3475 1915 μιμήματα,
3504 1842 3565 1893 ἐν
3595 1837 3671 1911 τῇ

2075 1948 2297 2017 ἀσέμνῳ
2324 1944 2502 1999 αὐτῶν
2539 1942 2649 2015 (94)
2700 1940 2810 2012 ζωῇ
2863 1939 2929 1992 δι’
2966 1935 3272 2009 ὑπερϐολὴν
3316 1932 3534 2006 τρυφῆς
3569 1932 3675 2003 ὲμ-

2078 2038 2434 2113 παροινοῦσαι
2460 2040 2573 2101 τοῖς
2601 2036 2798 2105 ἁγίοις,
2834 2034 2888 2086 αἱ
2921 2030 3218 2102 θυγατέρες
3253 2029 3354 2099 τῆς
3391 2025 3536 2080 Σιὼν
3562 2040 3671 2077 πε-

2081 2133 2386 2204 ριφέρουσι,
2425 2128 2655 2200 βύσσινα
2677 2128 2772 2181 καὶ¹
2798 2125 3100 2188 ὑακίνθινα,
3129 2123 3289 2176 ὁποῖα
3325 2120 3529 2172 ἐκεῖνοι
3555 2116 3670 2188 (95)

2081 2223 2328 2296 σύμϐολα
2358 2222 2468 2276 τῶν
2521 2220 2801 2291 στοιχείων
2856 2214 3343 2290 περιϐαλλόμενοι,
3391 2211 3455 2275 ἐξ
3486 2205 3566 2263 ὧν
3600 2209 3671 2262 τὰ

2080 2317 2258 2370 πάντα
2287 2314 2637 2384 συνέστηκεν,
2668 2311 2922 2382 εἰσῄεσαν
2953 2309 3033 2371 εἰς
3065 2308 3134 2360 τά
3166 2305 3298 2375 am
3330 2303 3396 2356 δι’
3433 2300 3671 2366 ἑαυτῶν,

2081 2413 2221 2483 ὑπὲρ
2250 2411 2344 2464 τοῦ
2371 2410 2577 2479 κόσμου
2608 2406 2698 2461 τὸν
2748 2405 2882 2459 Θεὸν
2932 2401 3256 2473 ἱλεούμενοι.
3311 2397 3523 2461 Βύσσος
3573 2397 3673 2466 μὲν

2080 2504 2190 2574 γὰρ
2226 2503 2348 2557 ἀντὶ
2374 2500 2473 2571 τῆς
2522 2500 2627 2570 γῆς
2650 2518 2664 2530 ·
2699 2500 2731 2569 ἡ
2780 2497 2839 2550 δὲ
2888 2494 3142 2558 ὑάκινθος
3185 2492 3306 2546 ἀντὶ
3336 2491 3433 2544 τοῦ
3467 2488 3672 2560 ἀέρος·

2082 2600 2176 2653 καὶ
2198 2596 2454 2668 πορφύρα
2479 2594 2600 2647 ἀντὶ
2630 2592 2725 2646 τοῦ
2763 2590 2980 2653 ὓδατος.
3033 2589 3129 2641 καὶ
3165 2587 3225 2639 τὸ
3259 2584 3517 2638 κόκκινον
3549 2582 3676 2635 ἀντὶ

2080 2689 2173 2743 τοῦ
2207 2689 2404 2761 πυρός’
2430 2688 2483 2741 αἱ
2518 2686 2576 2738 δὲ
2602 2684 2703 2738 οὐκ
2729 2681 3128 2753 ὲξαρκούμεναι
3156 2678 3270 2750 (96)
3297 2675 3374 2748 τῷ
3406 2674 3467 2741 ἐξ
3488 2674 3676 2728 αὐτῶν

2083 2781 2313 2851 κόσμῳ,
2370 2779 2465 2831 καὶ
2522 2776 2722 2848 χρυσὸν
2755 2775 2939 2837 αὐτοῖς
2988 2770 3426 2840 συγκαθύφαινον
3455 2809 3471 2833 ,
3531 2765 3679 2837 ὑπὲρ

2085 2870 2358 2935 ποικιλίας
2393 2870 2486 2922 καὶ
2527 2865 2878 2930 πολυτελείας
2928 2864 3191 2930 πλείονος.
3236 2861 3347 2915 Καὶ
3389 2859 3680 2927 θέριστρα

2083 2961 2414 3017 κατάκλιτα
2445 2961 2575 3031 (97).
2612 2961 2797 3013 Ἐοικε
2822 2959 2881 3011 τὸ
2910 2958 3192 3029 θέριστρον
3229 2953 3513 3023 ἐπίϐλημα
3535 2949 3677 3006 εἶναι

393 3068 550 3120 toria.
596 3062 938 3119 Theristrum
995 3058 1213 3112 videtur
1260 3068 1380 3108 esse
1428 3052 1801 3105 indumentum
1837 3048 1979 3102 aesti-

2121 3056 2298 3127 ερινόν
2322 3072 2334 3084 ·
2367 3054 2442 3117 ὼς
2468 3056 2563 3107 καὶ
2589 3052 2937 3124 περιϐάλλειν
2961 3050 3161 3114 δοκεῖν,
3188 3049 3282 3102 καὶ
3314 3046 3389 3118 μὴ
3418 3045 3677 3117 βαρύνειν

391 3173 522 3212 vum
552 3199 568 3225 ,
606 3157 678 3211 ita
714 3163 771 3210 ut
807 3169 863 3209 et
892 3163 1075 3222 tegere
1108 3151 1405 3210 videretur,
1434 3159 1537 3198 nec
1568 3154 1746 3196 tamen
1772 3141 1823 3193 in
1848 3149 1983 3194 aestu

392 3258 690 3320 gravaret:
728 3245 1185 3317 quemadmodum
1240 3251 1295 3294 et
1340 3241 1392 3293 in
1446 3234 1644 3293 Genesi
1697 3232 1985 3287 didicimus

392 3343 697 3397 Rebeccam
747 3338 962 3394 obviam
1020 3336 1172 3389 Isaac
1232 3342 1476 3396 euntem,
1522 3327 1782 3382 theristro
1818 3324 1987 3377 fuisse

393 3436 638 3489 indutam
662 3432 729 3486 ⁶³.
765 3430 895 3498 Quae
925 3438 1104 3482 autem
1159 3441 1303 3480 nunc
1356 3422 1640 3492 Scriptura
1690 3420 1983 3487 vituperat,

393 3534 660 3580 vocantur
690 3523 944 3578 theristra
969 3561 984 3585 ,
1009 3532 1131 3587 qtae
1159 3515 1412 3570 videlicet
1440 3513 1506 3566 ad
1531 3508 1985 3566 discumbendum

392 3632 508 3688 pra:
561 3615 729 3671 nimio
759 3611 1050 3681 voluptatis
1091 3609 1274 3665 studio
1308 3608 1463 3662 lectis
1515 3604 1982 3661 inSternebantur.

397 3709 505 3764 Sed
538 3708 827 3762 dictionem
855 3706 1018 3765 hanc,
1044 3701 1317 3766 cataciita,
1348 3714 1417 3753 ne
1446 3699 1735 3752 reddidere
1758 3696 1978 3767 quidem

396 3803 722 3870 interpretes
765 3797 874 3851 alii.
911 3796 1251 3865 Quapropter
1302 3802 1559 3861 tauquam
1597 3806 1717 3862 quae
1772 3788 1981 3844 nullum

396 3908 615 3950 sensum
644 3890 947 3952 exhiberet,
977 3896 1157 3941 notata
1196 3885 1354 3939 obelo
1380 3894 1483 3938 est.

475 3987 592 4045 ιὸθ.
619 3983 784 4039 Vsus.
812 3983 901 4036 2L
942 3981 1010 4034 Et
1038 3984 1135 4033 erit
1165 3995 1259 4047 pro
1291 3978 1450 4031 odore
1489 3977 1640 4030 suavi
1685 3974 1854 4044 pulvis
1888 3990 1906 4028 :
1935 3984 1983 4028 et

397 4095 491 4146 pro
521 4093 654 4130 zona
682 4071 921 4140 [unicuio
939 4069 1249 4139 cingeris,et
1273 4083 1368 4134 pro
1390 4076 1581 4119 ornatu
1613 4066 1800 4133 capitis
1820 4079 1982 4117 aureo

397 4168 668 4222 calvitium
705 4161 915 4217 habebis
944 4169 1156 4229 propter
1191 4171 1346 4223 opera
1381 4165 1493 4206 tua.
1527 4152 1660 4206 Pars
1692 4151 1983 4220 voluptatis

399 4258 640 4314 suavitas
678 4263 762 4309 est
795 4256 1047 4309 odorum.
1090 4245 1530 4317 quandoquidem
1580 4245 1818 4298 incensis
1860 4244 1983 4313 qui-

400 4349 625 4404 busdam
655 4342 945 4414 unguentis
983 4337 1232 4392 inliciunt
1261 4351 1468 4396 aerem.
1511 4348 1843 4400 suavemque
1877 4332 1981 4386 sibi

2087 3153 2144 3203 ὲν
2172 3149 2250 3221 τῷ
2282 3149 2524 3203 καύσωνι
2545 3165 2560 3179 ο
2592 3148 2667 3210 ὡς
2696 3147 2791 3201 καὶ
2823 3147 2880 3198 ἐν
2911 3147 2977 3216 τῇ
3009 3143 3224 3197 Γενέσει
3266 3141 3679 3213 μεμαθήκαμεν

2086 3243 2182 3314 τὴν
2217 3242 2509 3295 Ῥεϐέκκαν
2554 3242 2612 3294 ἐν
2650 3243 2718 3311 τῇ
2754 3222 3099 3308 ’συναντήσει
3150 3236 3244 3289 τοῦ
3285 3233 3477 3288 Ἰσαὰκ
3523 3250 3683 3306 περι-

2086 3333 2423 3405 ϐαλλομένην
2452 3332 2512 3385 τὸ
2541 3331 2845 3404 θέριστρον.
2881 3332 2951 3382 Ἃ
2992 3329 3048 3381 δὲ
3080 3328 3176 3382 νῦν
3217 3326 3499 3381 διαϐάλλει
3534 3327 3564 3378 ὁ
3591 3325 3681 3378 λό-

2085 3444 2201 3495 γος,
2228 3426 2485 3497 θέριστρα
2512 3425 2765 3494 λέγεται,
2809 3422 2878 3476 τά
2921 3424 2980 3476 ἐν
3018 3421 3098 3492 τῷ
3144 3418 3577 3474 κατακλίνεσθαι
3606 3418 3678 3472 δι’

2086 3517 2390 3590 ὑπερϐολὴν
2423 3518 2633 3588 τρυφῆς
2656 3519 2776 3579 ταῖς
2806 3514 3017 3578 κλίναις
3059 3512 3488 3583 ὲπιϐαλλόμενα.
3531 3511 3677 3565 Καί-

2084 3628 2166 3664 τοι
2198 3611 2280 3676 τὸ,
2303 3608 2651 3675 κατάκλιτα,
2682 3609 2804 3662 οὐδὲ
2834 3604 3195 3660 ὲκδεδώκασιν
3237 3607 3286 3658 οἱ
3335 3603 3539 3657 λοιποί.
3584 3601 3678 3654 Διὸ

2084 3699 2178 3754 καὶ
2211 3698 2526 3762 ὼϐέλισται,
2557 3698 2633 3761 ὡς
2665 3696 3015 3751 οὐδένανοῦν
3050 3697 3330 3766 ἐμφαῖνον.

2155 3963 2279 4020 150.
2316 3964 2425 4019 Καὶ
2458 3964 2631 4018 ἔσται
2656 3962 2794 4018 ἀντὶ
2820 3960 3016 4031 ὀσμῆς
3048 3960 3255 4030 ἡδείας
3276 3999 3289 4022 ,
3324 3960 3642 4026 κονιορτός
3662 3973 3680 3991 ο

2084 4057 2184 4111 καὶ
2221 4058 2355 4110 ἀντὶ
2386 4055 2589 4124 ζώνης,
2617 4055 2869 4124 σχοινίῳ
2898 4052 3075 4122 ζώσῃ,
3103 4053 3202 4107 καὶ
3242 4053 3375 4106 ἀντὶ
3426 4052 3535 4105 τοῦ
3575 4052 3684 4105 κό-

2084 4163 2242 4216 σμου
2268 4145 2378 4214 τῆς
2402 4145 2671 4215 κεφαλῆς
2698 4144 2805 4198 τοῦ
2833 4144 3090 4214 χρυσίου
3127 4142 3270 4214 (98),
3304 4141 3688 4211 φαλάκρωμα

2083 4238 2240 4304 ἕξεις
2264 4237 2360 4292 διὰ
2392 4239 2466 4291 τὰ
2497 4237 2642 4306 ἔργα
2674 4252 2813 4292 σου.
2858 4236 3041 4307 Μέρος
3070 4234 3283 4306 τρυφῆς
3315 4235 3433 4286 ἐστι
3478 4235 3578 4286 καὶ
3616 4233 3683 4286 τὸ

2085 4332 2142 4382 ἐν
2170 4332 2290 4393 ταῖς
2317 4331 2512 4401 ὀσμαῖς
2539 4330 2636 4400 ἡδὺ
2655 4368 2670 4393 ,
2709 4329 3019 4401 φαρμάκοις
3049 4329 3188 4381 τισὶν
3230 4326 3685 4398 ἐκθυμιωμένοις

401 4441 629 4498 halitum
676 4435 930 4492 reddunt.
972 4430 1069 4485 His
1121 4428 1290 4499 igitur
1337 4426 1655 4479 mulieribus
1707 4425 1979 4492 voluptate

2121 4420 2699 4491 ,atacpappaxaudvcwv
2755 4422 2846 4473 τὸν
2880 4420 3052 4490 ἀέρα,
3085 4420 3178 4472 καὶ
3225 4417 3407 4488 ἡδεῖαν
3458 4417 3683 4480 ἑαυτοῖς

403 4528 639 4602 perfusis
666 4535 722 4581 et
741 4525 960 4581 odorem
989 4519 1287 4591 jucundum
1307 4515 1528 4572 olfactui
1553 4515 1982 4574 accersentibus.

402 4624 471 4679 ab
498 4636 564 4678 eo
589 4619 683 4676 oui
709 4618 889 4673 minas
928 4614 1179 4673 intentat,
1219 4609 1397 4680 pulvis
1427 4609 1777 4663 retribuetur.
1799 4605 1981 4660 Pulvis

477 4822 522 4854 “
553 4819 721 4875 Exod.
746 4834 942 4884 xxvnl,
975 4817 1031 4873 5.
1104 4813 1153 4848 ”
1178 4813 1314 4870 Gen.
1341 4826 1569 4875 xxxvm,
1612 4808 1690 4864 14.

476 5027 590 5112 (92)
619 5026 812 5112 Sile-in
834 5027 1084 5112 quinque
1102 5040 1236 5108 mss.
1277 5023 1428 5112 etvin
1457 5021 1715 5112 editione“
1740 5019 1986 5100 Romana

404 5089 621 5171 tegitur.
658 5089 889 5171 Additu'r
922 5089 1089 5151 αὐτοῦ
1138 5097 1191 5150 in
1239 5093 1400 5150 editis
1446 5102 1502 5148 et
1539 5092 1592 5146 in
1639 5089 1772 5160 Reg.
1813 5089 1987 5159 primo

406 5167 739 5241 postyocem
763 5167 961 5241 οἰκίαν.

479 5238 594 5311 (95)
620 5238 798 5293 Nostri
831 5253 929 5291 sex
960 5235 1264 5311 ωειλ-τῶν
1291 5232 1589 5311 Λακώνων.
1629 5229 1985 5311 Hinensuspi-

406 5301 518 5364 ποιῖί
556 5301 826 5378 quispiam
865 5309 1059 5376 possit,
1096 5305 1445 5378 Tilmannum
1463 5307 1557 5378 _de
1602 5316 1700 5356 suo
1727 5301 1986 5378 edidisse,

406 5371 729 5436 Λακαινῶν·
769 5371 893 5432 cum
939 5387 1117 5431 tamen
1161 5377 1404 5431 Lacaena:
1453 5372 1642 5427 Graece
1686 5372 1863 5440 potius
1904 5371 1988 5423 di-

407 5459 599 5504 cantur
642 5447 973 5512 Λακωνίδες.
1020 5447 1131 5501 Hoc
1166 5448 1283 5514 ipso
1331 5446 1385 5499 in
1441 5442 1721 5514 locokediti
1752 5451 1813 5514 et
1854 5440 1984 5507 Reg.

408 5520 634 5590 primus,
668 5518 705 5573 ἃ
737 5517 900 5571 κατά.
931 5510 1038 5590 Alii
1077 5510 1315 5590 quinque
1354 5512 1599 5590 trgts.,_a'i_
1627 5510 1790 5590 κατ-ά,
1822 5521 1985 5565 recte.

481 5589 590 5659 (94)
622 5582 972 5659 ’Antiqui_sex
991 5582 1130 5651 libri,
1148 5582 1359 5659 Δαύτῷν.
1388 5583 1552 5646 Editi,
1581 5582 1810 5659 sauciae.

481 5651 595 5729 (95)
626 5651 808 5713 Codeit
839 5657 982 5729 Fr._t_
1015 5666 1069 5709 et
1091 5656 1475 5729 editi,'éxetva,
1506 5652 1666 5729 male.
1705 5652 1807 5729 Alii
1840 5651 1992 5729 quin-

412 5721 520 5791 aue
549 5721 683 5785 mss.
715 5737 911 5796 praeter
940 5724 1324 5783 Henricianum
1354 5735 1406 5784 et
1435 5721 1740 5791 Anglicum,
1768 5725 1986 5785 ἐκεῖνοι,

2098 4513 2505 4585 μηχανωμένων
2530 4515 2825 4585 ἀναπνοήν.
2850 4514 2982 4577 Ταῖς
3008 4509 3101 4566 οὖν
3130 4510 3556 4582 διακεχυμέναις
3587 4512 3683 4580 ὑφ’

2095 4605 2309 4676 ἡδονῆς,
2340 4609 2435 4659 καὶ
2471 4606 2648 4677 ὀσμὴν
2697 4605 2880 4676 ἡδεῖαν
2912 4604 3335 4677 μηχανωμέναις
3365 4605 3434 4675 τῇ
3462 4602 3681 4675 ὀσφρή-

2093 5018 2250 5074 bene.
2280 5018 2423 5086 Lege
2449 5015 2719 5072 Ducarnm.

2190 5090 2277 5153 96)
2312 5078 2388 5142 Ita
2417 5087 2537 5139 libri
2567 5083 2773 5152 antiqui
2803 5095 3011 5137 omnes.
3040 5079 3208 5148 Editi,
3236 5078 3607 5153 ἀρκούμεναιι.

2190 5146 2280 5242 97)
2312 5158 2470 5240 i‘iotat
2509 5146 2763 5242 ptri-mus,
2801 5146 3356 5242 in.tel:pretem,'qu'od
3399 5146 3451 5202 in
3488 5146 3680 5242 Βὼιίῖε

2096 5218 2453 5285 Plautiniauis
2473 5236 2527 5280 et
2561 5224 2900 5279 Germanicis
2934 5218 3172 5290 legisset,
3214 5218 3479 5290 θέριστρα
3507 5218 3680 5290 κατά-

2096 5300 2341 5361 κλειστα,
2374 5298 2627 5360 vertisse,
2672 5295 2921 5347 theristra
2959 5288 3143 5347 ciausa
3169 5305 3189 5344 :
3216 5288 3312 5346 sed
3356 5288 3562 5361 optime
3579 5288 3681 5361 ju-

2086 5372 2286 5427 dicavit
2312 5356 2538 5423 Ducmns
2562 5381 2593 5420 e
2615 5356 2739 5419 suis
2773 5365 3052 5418 codicibus
3082 5363 3185 5433 legi
3223 5356 3501 5433 oportere,
3529 5356 3682 5433 θέριῖ-

2088 5425 2224 5511 στρα
2257 5439 2583 5511 κατάκλιτα,
2630 5425 3549 5511 theristraaccubito'riafJudicium
3574 5425 3677 5480 v'iri

2088 5498 2436 5567 eruditissimi
2474 5508 2713 5577 adjuvat,
2762 5504 2906 5575 quod
2944 5505 3017 5558 ita
3059 5517 3277 5574 quoque
3313 5503 3367 5554 in
3397 5498 3519 5553 aliis
3547 5512 3682 5569 qua-

2089 5593 2212 5635 tuor
2243 5596 2373 5634 mss.
2409 5580 2637 5646 legatur.

2162 5650 2272 5722 (98)
2306 5638 2625 5722 Editijibri,
2652 5644 2747 5722 τοῦ
2783 5641 3004 5719 χρυσοῦ.
3030 5643 3101 5701 At
3136 5657 3231 5702 sex
3264 5655 3399 5699 mss.
3427 5648 3485 5695 et
3513 5638 3685 5695 editie

2090 5717 2356 5785 Romana,
2385 5717 2477 5772 τού
2507 5717 2750 5786 χρυσίου.
3236 5732 3239 5733 ν
