3828 6216
202 241 314 300 829

1060 244 1419 303 COMMENT.
1465 246 1534 307 ΙΝ
1572 244 1812 303 lSAlAM
1846 239 2300 302 ’PROPHETAM.
2342 244 2499 301 CAP.
2542 242 2631 301 ill.

3367 238 3474 297 ,τεο

160 348 163 349 ν
198 377 312 427 σει,
344 360 624 434 κονιορτὸς
652 358 1060 432 ἀντιδοθήσεται
1096 361 1208 435 (99)
1240 363 1346 415 ὑπὸ
1377 362 1472 417 τοῦ
1500 362 1788 417 άπειλοῦν-
1819 372 1867 429 Α

1904 376 2075 417 autem
2121 372 2206 418 est
2256 363 2434 419 tenuis
2485 374 2652 430 terra,
2695 361 2805 418 aeri
2837 359 3144 424 commista,
3183 373 3305 428 qua:
3345 360 3471 413 dum

194 467 316 517 τος.
349 453 537 525 Δεπτὴ
569 453 627 507 δέ
648 454 765 507 ἐστι
797 453 868 524 γῆ
898 454 931 523 ἡ
959 453 1142 517 κόνις,
1182 455 1631 525 ἀναπεποιημένη
1656 454 1794 525 πρὸς

199 544 297 599 τὸν
353 545 510 617 ἀέρα,
564 544 850 598 δυσκολίαν
884 543 1007 597 τινὰ
1051 545 1181 617 περὶ
1234 544 1332 617 τὴν
1381 547 1654 618 ἀναπνοὴν
1697 547 1792 599 καὶ

203 637 398 707 ἀηδίαν
434 636 633 706 πολλὴν
662 636 966 708 ἐμποιοῦσα
999 637 1089 690 διὰ
1123 637 1223 710 τὴν
1252 637 1546 711 ἐμφραξιν.
1581 638 1793 711 Μύροις

204 731 307 802 μὲν
356 730 463 800 γὰρ
522 731 615 783 καὶ
668 729 1009 801 θυμιάμασιν
1058 730 1408 803 ἐπιτέρπεται
1442 734 1475 803 ή
1511 732 1659 803 ψυχὴ
1692 731 1789 803 (l),

201 822 344 876 ἀλλὰ
379 821 571 894 μύροις
594 824 705 885 τοῖς
732 826 1122 892 πνευματικοῖς
1143 839 1154 851 ·
1202 825 1387 887 ὁποῖος
1420 818 1488 895 ἦν
1512 826 1540 878 ό
1572 824 1749 892 λέγων
1775 842 1789 855 ·

202 914 466 983 Χριστοῦ
498 913 716 967 εὐωδία
767 912 991 982 ἐσμέν·
1034 913 1149 978 καὶ,
1202 913 1382 983 Χάρις
1422 914 1503 981 τῷ
1548 915 1669 981 Θεῷ
1715 916 1795 981 τῷ

202 1005 323 1070 τὴν
351 1005 557 1073 ὀσμὴν
605 1004 717 1071 τῆς
763 1005 1042 1075 γνώσεως
1084 1006 1272 1060 αὑτοῦ
1316 1007 1678 1076 φανεροῦντι
1725 1007 1796 1060 ἐν

202 1097 387 1149 παντὶ
422 1097 604 1163 τόπῳ.
646 1095 916 1166 Τοιαύτης
954 1096 1393 1167 άντελαμὸάνετο
1429 1098 1608 1168 ὀσμῆς
1657 1099 1794 1151 ἀπο-

204 1187 479 1257 πνεούσης
513 1184 608 1239 τοῦ
650 1186 844 1241 Ἰακὼῦ
885 1190 914 1242 ό
953 1187 1136 1260 πατὴρ
1177 1189 1397 1242 Ίσαάκ’
1438 1188 1594 1242 Ἰδοὺ
1633 1189 1793 1259 ὀσμὴ

205 1279 315 1332 τοῦ
343 1278 480 1332 vim":
495 1296 637 1347 μου,
670 1280 751 1346 ὡς
779 1281 941 1349 ὀσμὴ
972 1280 1157 1350 ἀψοῦ
1196 1281 1490 1349 πλήρους,
1521 1281 1592 1335 ὃν
1622 1284 1797 1335 sintd-

206 1383 363 1437 1-:;c's
390 1369 470 1437 (‘2)
498 1370 733 1437 Κύριος.
772 1372 882 1424 Καὶ
915 1373 969 1425 αἱ
1003 1372 1061 1424 ἐν
1096 1370 1175 1443 τῷ
1204 1372 1442 1443 ’ᾼσματι
1468 1372 1524 1425 δὲ
1557 1373 1796 1437 νεάνιδες

206 1460 533 1530 αἰσθόμεναι
563 1463 663 1532 τῆς
694 1462 949 1533 οὐρανίου
977 1463 1204 1527 εύωδίας
1232 1465 1325 1517 τοῦ
1348 1465 1543 1533 Λόγου,
1570 1465 1753 1534 ἔλεγον
1777 1483 1792 1497 ·

203 1553 309 1618 Εἰς
337 1551 541 1621 ὀσμὴν
555 1554 762 1622 μύρων
788 1568 907 1606 σου
929 1552 1289 1623 ὃραμοῦμεν.
1318 1555 1425 1607 Καὶ
1453 1553 1515 1606 τὺ
1540 1555 1799 1625 ἀρχιερα-

206 1643 362 1696 nbe
389 1642 445 1695 δὲ
475 1643 683 1714 χρίσμα
726 1643 900 1715 μύρον
935 1640 1004 1714 ἦν
1036 1644 1200 1697 καλὸν
1236 1644 1329 1698 καὶ
1354 1645 1605 1716 τερπνὸν,
1642 1645 1798 1699 ἀδελ-

1896 466 2104 509 meatus
2132 456 2384 515 obstruit.
2423 456 2711 524 quamdam
2759 451 3060 524 respirandi
3105 449 3473 507 diﬂicultatem

1894 558 1948 601 et
1981 548 2282 604 molestiam
2313 548 2535 601 multam
2559 555 2731 601 creat.
2761 545 2828 599 Et
2848 545 3063 615 quidem
3096 542 3385 614 unguentis
3408 555 3475 596 ac

1896 636 2073 691 ειιηίιιι
2099 637 2398 692 delectatur
2429 637 2630 703 anima,
2652 636 2744 691 sed
2762 636 3043 706 unguentis
3064 632 3473 704 spiritualibus;

1897 728 2197 795 cujusmodi
2230 741 2348 782 erat
2380 730 2469 797 qui
2507 730 2720 783 dicebat
2750 746 2764 783 :
2794 728 2990 782 Christi
3022 728 3184 780 bonus
3222 726 3356 779 odor
3382 741 3474 779 su-

1895 839 2011 875 mus
2040 822 2109 875 “.
2146 823 2232 886 Et,
2261 820 2445 876 Gratia
2476 821 2584 875 Deo
2615 824 2707 891 qui
2735 822 2946 874 odorem
2982 822 3180 873 notitia:
3213 836 3327 873 sua:
3360 834 3475 872 ma-

1898 912 2106 982 nifestat
2134 916 2189 967 in
2236 915 2380 967 omni
2433 913 2633 970 loco“.
2669 915 2849 968 Odore
2899 912 3164 979 ejusmodi
3200 911 3478 982 fragrante

1898 1005 2045 1059 Isaac
2074 1005 2256 1060 Jacobi
2290 1016 2444 1076 pater
2466 1011 2809 1060 recreabatur
2840 1025 2852 1059 :
2889 1005 3021 1059 Ecc'e
3050 1006 3181 1059 odor
3214 1004 3315 1074 ﬁlii
3352 1006 3475 1069 mei,

1896 1096 2031 1149 sicut
2064 1098 2195 1149 odor
2220 1099 2336 1166 agri
2364 1099 2524 1164 pleni,
2567 1099 2651 1150 cui
2684 1098 2943 1150 benedixit
2976 1095 3231 1150 Dominus
3249 1096 3316 1148 “.
3336 1094 3477 1161 Quin

1897 1197 1951 1239 et
1998 1188 2050 1240 in
2089 1187 2315 1242 Cantico
2361 1190 2773 1243 adulescentum
2828 1189 3102 1243 cmlestcm
3157 1197 3480 1257 gratumque

1899 1274 2058 1330 Verbi
2084 1279 2302 1332 odorem
2333 1280 2655 1343 sentientes,
2684 1280 2938 1333 dicebant
2973 1296 2987 1331 :
3026 1277 3093 1331 In
3134 1280 3345 1331 adorent
3375 1293 3479 1329 un-

1898 1376 2208 1434 guentorum
2261 1377 2471 1421 tuorum
2505 1386 2775 1423 curremus
2801 1369 2869 1423 ⁶⁷.
2910 1367 3017 1423 Sed
3049 1377 3104 1423 et
3147 1367 3480 1437 pontiﬁcium

1898 1458 2131 1514 chrisma
2162 1475 2489 1531 unguentum
2518 1474 2633 1517 erat
2664 1463 2862 1516 bonum
2908 1470 2964 1518 et
3005 1460 3366 1522 obiectans",
3400 1461 3485 1514 (li-

1899 1565 2061 1617 gnum
2117 1554 2259 1621 quod
2305 1552 2532 1608 fratrum
2576 1556 2886 1608 concordia:
2946 1562 3361 1622 compararetur
3407 1552 3477 1605 ".

1900 1641 2175 1710 Ejusmodi
2205 1654 2537 1714 unguentum
2572 1643 2739 1716 470
2772 1644 2978 1715 indiget
3004 1644 3236 1705 artiﬁce,
3271 1644 3365 1713 qui
3396 1658 3485 1697 aco

208 1734 327 1804 φῶν
359 1735 624 1807 συναφεία
654 1735 1083 1806 παρεικάξεσθαι
1114 1735 1280 1803 ἄξιον.
1308 1735 1381 1788 Τὸ
1408 1735 1648 1790 τοιοῦτον
1684 1738 1786 1808 μύ-
1818 1739 1860 1793 Β

1904 1734 2054 1801 :ipiat
2071 1751 2099 1787 a
2128 1736 2233 1790 Deo
2258 1745 2425 1791 artem
2445 1738 2889 1806 unguentariam,
2912 1736 3216 1790 utcbrisma
3239 1745 3485 1790 sanctum

211 1844 307 1899 ρον
337 1827 581 1897 τεχνίτου
611 1826 799 1889 δεῖται,
832 1827 939 1882 ἀπὸ
967 1827 1102 1881 Θεοῦ
1126 1826 1383 1890 λαϐόντος
1420 1827 1521 1898 τὴν
1571 1829 1800 1899 μυρεψι-

208 1919 316 1990 κὴν
362 1919 578 1989 τέχνην,
624 1918 706 1982 είς
755 1918 815 1971 τὸ
866 1920 1089 1988 ποιῆσαι
1143 1919 1353 1990 χρίσμα
1409 1919 1584 1987 ἆγιον,
1629 1919 1658 1969 ὃ
1702 1919 1802 1971 ούκ

208 2010 550 2083 ἀναϐήσεται
582 2013 664 2075 είς
694 2012 875 2086 σάρκα
899 2009 1211 2083 ἀνθρώπου.
1246 2011 1417 2065 ’Ὀταν
1448 2012 1632 2081 μέντοι
1666 2010 1802 2081 πρὸς

210 2104 510 2159 ἀκολασίαν
533 2102 594 2156 τδ
621 2103 722 2173 ἡδὺ
752 2103 852 2173 τῆς
886 2104 1061 2175 ὀσμῆς
1092 2101 1516 2173 ἐπιτηδεύηται,
1554 2102 1804 2172 ἐμφράσο

212 2212 371 2249 σεται
413 2196 519 2249 ὑπὸ
566 2197 662 2250 τοῦ
718 2194 999 2267 κονιορτοῦ
1049 2195 1077 2246 ὀ
1123 2196 1292 2266 πόρος
1345 2195 1441 2264 τῆς
1476 2194 1799 2264 αἰσθήσεως,

209 2287 632 2358 εὐεργετοῦντος
650 2286 745 2340 τοῦ
764 2286 937 2340 ταῦτα
951 2285 1136 2349 αὐτοῖς
1153 2287 1328 2338 οίκονο
1336 2284 1561 2355 μοῦντος
1576 2285 1800 2356 Κυρίου.

211 2378 371 2448 Τάχα
399 2378 455 2431 δὲ
480 2378 605 2431 ἐπεὶ
628 2380 688 2430 ὲν
712 2376 788 2448 τῷ
818 2376 931 2447 ναῷ
957 2372 1025 2447 ἦν
1048 2375 1116 2430 τὰ
1152 2376 1438 2447 ἡδύσματα
1472 2372 1572 2447 τῆς
1602 2376 1800 2447 ὀσμῆς,

209 2471 272 2523 τό
296 2488 357 2523 τε
390 2470 560 2543 μύρον
617 2470 708 2541 τῆς
736 2469 989 2542 χρίσεως,
1023 2469 1118 2522 καὶ
1152 2468 1213 2521 τὸ
1255 2467 1507 2538 θυμίαμα
1537 2468 1637 2538 τῆς
1679 2484 1803 2520 συν-

211 2562 422 2626 θέσεως
440 2579 454 2592 ⁸
502 2562 808 2633 κατερρίφη
836 2561 892 2615 δὲ
915 2562 943 2612 ό
972 2560 1118 2626 ναὸς,
1147 2559 1239 2613 καὶ
1266 2559 1381 2612 ἔστι
1414 2558 1508 2611 νῦν
1536 2559 1593 2611 ἐν
1625 2558 1801 2639 κονίᾳ,

209 2654 547 2725 ἀνατραπεὶς
576 2655 671 2707 καὶ
704 2653 853 2707 κάτω
882 2653 1155 2724 κείμενος,
1183 2652 1304 2705 ἀντὶ
1342 2651 1439 2721 τῆς
1471 2668 1602 2704 ποτε
1626 2652 1804 2721 ὀσμῆς

208 2745 317 2814 τῆς
340 2745 525 2816 ἡδείας
549 2745 691 2798 κατὰ
719 2746 817 2817 τὴν
842 2745 1072 2816 νομικὴν
1103 2743 1380 2815 λατρείαν,
1429 2742 1523 2795 νῦν
1551 2743 1627 2813 (5)
1659 2760 1804 2796 κονι-

209 2838 373 2908 ορτός
399 2837 628 2890 ὲστιδιὰ
662 2836 762 2900 τὰς
806 2835 1170 2907 πορευθείσας
1216 2835 1407 2908 ὑψηλῷ
1454 2836 1549 2889 καὶ
1598 2838 1803 2890 ἀνυπο-

209 2930 402 3000 τάκτῳ
423 2928 680 3001 τραχήλῳ
704 2928 883 2999 ψυχάς
903 2945 915 2958 ·
938 2922 1019 2992 οἷς
1049 2928 1145 2981 καὶ
1175 2927 1393 2998 εἴρηται
1415 2943 1429 2957 θ
1464 2927 1611 2981 Ἰδοὺ
1640 2929 1806 2997 ἀφίε-

1902 1827 2193 1891 conliciat,
2245 1828 2388 1897 quod
2453 1829 2508 1882 in
2568 1843 2789 1882 carnem
2842 1827 3080 1883 hominis
3139 1842 3482 1897 nequaquam

1903 1917 2163 1971 ascendet
2189 1919 2256 1972 ⁷ο.
2290 1920 2513 1986 Quando
2559 1920 2723 1991 igitur
2757 1922 2997 1976 suavitas
3037 1921 3219 1977 odoris
3262 1921 3485 1993 instigat

1903 2010 1970 2063 ad
2002 2010 2315 2078 libidinem,
2354 2022 2566 2067 meatus
2617 2012 2802 2068 sensui
2857 2014 3160 2071 inserviens
3208 2017 3486 2085 oppilatur

1903 2102 2139 2171 pulvere,
2174 2106 2315 2174 quod
2348 2106 2404 2157 iit
2442 2106 2649 2160 Domini
2687 2106 2803 2161 inec
2852 2107 2931 2162 eis
2974 2107 3255 2178 largientis
3289 2107 3491 2164 beneﬁ-

1904 2194 2007 2247 cio.
2038 2194 2293 2250 Fortasse
2323 2204 2525 2259 autem,
2564 2198 2709 2267 quod
2746 2199 2798 2252 in
2834 2199 3035 2268 templo
3071 2209 3228 2253 erant
3257 2199 3487 2254 odorum

1905 2289 2272 2352 condimenta,
2298 2290 2572 2345 unctionis
2596 2291 2847 2345 videlicet
2869 2301 3223 2362 unguentum,
3253 2302 3309 2346 et
3336 2307 3491 2346 com—

1906 2381 2194 2449 positionis
2243 2383 2834 2452 tbymiama;dirutum
2867 2396 3045 2440 autem
3082 2396 3169 2440 est
3204 2385 3489 2454 templum,

1900 2474 2153 2543 jacetque
2176 2474 2384 2528 nuncin
2412 2475 2650 2544 pulvere,
2671 2490 2920 2530 eversum
2947 2487 3001 2531 et
3023 2477 3172 2531 humi
3198 2477 3485 2545 dejeetum.

1906 2581 2005 2635 pro
2026 2575 2180 2636 grato
2203 2566 2533 2635 odorejnxta
2564 2567 2790 2639 legalem
2826 2569 3029 2623 cultum
3054 2570 3185 2624 olim
3213 2570 3493 2641 fragrante

1907 2674 2049 2713 nunc
2086 2659 2261 2728 pulvis
2304 2669 2419 2722 est,
2447 2662 2517 2716 ob
2551 2677 2647 2716 eas
2694 2662 2928 2726 animas,
2967 2678 3088 2733 quae
3116 2672 3300 2721 erecto
3328 2674 3383 2719 et
3407 2664 3493 2717 iu-

1909 2749 2174 2803 tractabili
2228 2751 2366 2804 collo
2422 2753 2793 2817 ambulavere,
2848 2755 3046 2822 quibus
3095 2755 3300 2809 dictum
3357 2765 3490 2812 est:

1907 2840 2045 2894 Ecce
2088 2841 2400 2912 relinquitur
2426 2844 2567 2899 vobis
2598 2847 2787 2899 domus
2831 2858 3010 2907 .vestra
3064 2847 3272 2902 deserta
3295 2848 3363 2901 ".
3389 2848 3490 2902 At-

1910 2939 2086 2984 tamen
2122 2931 2167 2985 si
2192 2931 2483 2995 voluerint,
2508 2934 2633 2988 licet
2668 2936 2770 3000 eis,
2794 2951 3026 2990 excusso
3058 2936 3301 3006 pulvere,
3335 2939 3491 2993 suavi
3596 2984 3601 2991 .

212 3039 314 3076 ται
342 3022 489 3091 ὑμῖν
516 3024 548 3076 δ
588 3018 754 3087 οἶκος
782 3020 953 3090 ὑμῶν
976 3020 1217 3091 ἔρημος.
1249 3020 1465 3085 Ἔξεστι
1498 3020 1680 3091 μέντοι
1708 3022 1806 3074 αύ-
1846 3090 1861 3093 Α

1909 3017 2110 3073 Christi
2154 3021 2325 3077 odore
2375 3022 2664 3093 compleri,
2709 3026 3007 3079 secundum
3067 3027 3490 3082 admonitionem

211 3116 370 3180 ταῖς,
428 3114 523 3168 ἐὰν
576 3112 911 3184 βούλωνται,
966 3112 1422 3184 ὲκτιναξαμέναις
1476 3112 1569 3165 τὸν
1629 3112 1799 3183 χοῦν,
1830 3090 1871 3149 C

1905 3110 2022 3179 ejus
2053 3112 2143 3181 qui
2177 3113 2346 3167 dicit:
2384 3090 2585 3169 Excute
2620 3090 2881 3185 pulverem
2916 3129 3086 3182 tuum,
3118 3128 3168 3172 et
3206 3118 3495 3190 surgeJeo

210 3206 631 3278 ἀναπλησθῆναι
670 3207 768 3277 τῆς
804 3206 1034 3269 εὐωδίας
1073 3204 1314 3275 Χριστοῦ
1349 3207 1492 3258 κατὰ
1528 3204 1625 3276 τὴν
1664 3222 1805 3269 παρ-

1903 3205 2155 3270 rusalem,
2178 3215 2223 3259 et
2254 3206 2473 3260 induere
2500 3208 2724 3276 gloriam
2753 3207 2956 3262 brachii
2984 3212 3061 3262 tui
3087 3210 3156 3266 "’.

211 3302 425 3359 αίνεσιν
472 3301 565 3356 τοῦ
624 3302 912 3370 λέγοντος·
980 3302 1318 3368 Ἐκτίναξαι
1360 3302 1469 3355 τὸν
1515 3302 1670 3371 χοῦν
1735 3320 1873 3366 σου,
1915 3302 2014 3357 καὶ
2069 3303 2399 3372 ἀνάστηθι,
2447 3305 2876 3376 Ἰερουσαλὴμ,
2931 3307 3030 3361 καὶ
3081 3306 3335 3363 ἔνδυσαι
3377 3306 3495 3377 τὴν

211 3397 408 3462 δόξαν
431 3398 540 3452 τοῦ
565 3398 900 3467 ,ϐραχίονός
924 3415 1064 3455 σου.

290 3490 416 3544 151.
438 3489 550 3543 Καὶ
565 3489 698 3543 ἀντὶ
722 3488 908 3555 ζώνης
933 3487 1185 3557 σχοινίῳ
1202 3486 1387 3557 ζώσῃ.
1410 3488 1685 3544 Ζώννυται
1707 3490 1807 3560 μὲν

218 3581 319 3653 τὴν
339 3581 512 3649 ὀσφῦν
528 3582 585 3633 ὲν
601 3579 830 3653 ἀληθείᾳ
851 3581 879 3632 ὀ
900 3579 1041 3633 κατὰ
1056 3579 1187 3633 Θεὸν
1204 3580 1375 3644 ζωννύ
1384 3598 1565 3652 μενος.
1595 3581 1809 3646 Ὁποῖος

211 3670 283 3747 ἦν
310 3677 340 3728 ὀ
370 3673 598 3745 Πέτρος,
629 3672 887 3726 ἐκτείνων
927 3672 1028 3735 τὰς
1054 3674 1243 3743 χεῖρας
1263 3712 1278 3735 ,
1321 3673 1416 3726 καὶ
1461 3672 1808 3743 ζωννύμενος

212 3769 298 3830 είς
322 3766 417 3818 τὸν
448 3765 590 3835 ὑπὲρ
616 3762 856 3835 Χριστοῦ
900 3764 1137 3834 πόλεμον
1179 3764 1286 3818 ὑπὸ
1328 3763 1437 3816 τῶν
1469 3765 1549 3827 είς
1575 3764 1636 3817 τὸ
1663 3763 1805 3835 ὑπὲρ

211 3858 317 3928 τῆς
342 3855 605 3927 ἀληθείας
639 3855 801 3909 αὐτὸν
840 3855 1142 3926 μαρτύριον
1191 3854 1355 3927 μέχρι
1391 3853 1627 3907 θανάτου
1670 3872 1806 3924 προ-

214 3948 589 4020 καλουμένων.
636 3949 696 4002 ’0
730 3949 830 4020 μὲν
872 3945 967 4002 οῦν
999 3949 1156 4018 ἆγιος
1202 3947 1603 4018 περιζώννυται
1644 3946 1806 4000 δύνα-

218 4060 312 4115 μιν
337 4059 354 4073 ο
398 4043 461 4095 '0
487 4041 633 4108 Θεὸς
662 4043 792 4115 γὰρ,
835 4043 1035 4112 φησὶν,
1084 4044 1117 4095 ό
1149 4039 1564 4110 περιζωννύων
1591 4056 1670 4110 με
1705 4038 1808 4093 δύ-

213 4114 434 4204 ναμινο
477 4135 508 4186 ό
550 4133 609 4185 δὲ
653 4114 927 4196 ἀπολέσας
976 4132 1075 4203 τὴν
1118 4129 1295 4202 ζώνην
1328 4129 1552 4200 ταύτην,
1601 4129 1678 4202 τῷ
1719 4129 1808 4182 δε-

215 4225 344 4296 σμῷ
374 4224 486 4279 τῶν
525 4224 673 4277 ἰδίων
713 4223 998 4295 ἁμαρτιῶν
1029 4222 1296 4288 ζώννυται
1321 4239 1334 4252 ’
1385 4221 1520 4275 διότι
1570 4221 1808 4289 Σειραῖς

212 4316 336 4374 τῶν
369 4316 535 4373 ἰδίων
553 4317 857 4387 ἁμαρτιῶν
884 4317 1145 4382 ἕκαστος
1176 4317 1511 4387 σφίγγεται.
1536 4310 1635 4369 Ὦν
1664 4315 1805 4387 σύμ-

215 4411 374 4466 ϐολον
404 4406 475 4481 ἦν
506 4410 569 4464 τὸ
596 4412 663 4463 ἐκ
696 4410 948 4480 σχοινίων
984 4410 1335 4481 φραγέλλιον,
1379 4406 1666 4474 ὲξελαῦνον
1710 4407 1805 4460 τοῦ

214 4498 369 4571 ἱεροῦ
394 4499 522 4563 τοὺς
542 4498 909 4569 βεϐηλοῦντας
946 4498 1014 4552 τὰ
1046 4497 1201 4568 ἅγια,
1226 4498 1533 4561 δεικνύντος
1562 4497 1656 4551 τοῦ
1688 4500 1805 4551 Κυ-

216 4592 360 4666 ρίου,
388 4593 474 4647 ὄτι
518 4594 737 4665 ἑκάστῳ
788 4592 1056 4663 μάστιγες
1104 4594 1162 4647 αί
1221 4596 1419 4648 οἰκεῖαι
1451 4594 1648 4648 πλοκοι“ι⁹
1698 4594 1807 4647 τῶν

213 4683 503 4758 ἁμαρτιῶν
528 4684 793 4753 γίνονται,
839 4684 937 4738 καὶ
970 4683 1292 4755 μαστίζεται
1330 4684 1586 4754 σχοινίοις
1616 4686 1804 4755 ἁμαρ-

211 4773 348 4829 τιῶν
378 4777 494 4838 τοῖς
518 4772 1008 4846 περιπλεκομένοις
1042 4772 1195 4845 αὐτῷ
1220 4790 1234 4805 ⁸
1279 4774 1429 4830 Ἀντί
1468 4773 1537 4828 δὲ
1567 4776 1674 4830 τοῦ
1701 4776 1807 4829 κό-

210 4879 377 4935 σμου
419 4862 530 4933 τῆς
559 4864 834 4934 κεφαλῆς
854 4862 962 4918 τοῦ
989 4864 1252 4934 χρυσίου
1280 4862 1357 4934 (4)
1376 4903 1392 4928 ,
1434 4864 1806 4933 φαλάκρωμα

286 5049 334 5081 ⁸³
360 5047 406 5103 li
437 5047 563 5104 Cor.
592 5064 653 5112 tt,
687 5048 775 5103 15.
850 5049 895 5080 ⁸⁸
928 5047 1056 5103 ibid.
1094 5047 1179 5102 14.
1255 5047 1301 5079 ⁸⁸
1329 5046 1761 5118 ϐοηηκχνιιᾶῖ.
1836 5043 2183 5118 στνβίιηιῃῶ.
2254 5037 2669 5118 ’ξ-Ειορηκχκ.
2694 5038 2855 5118 25.“
2873 5039 2919 5071 ⁶⁹
2942 5037 3065 5118 l_’_sa_t
3122 5037 3381 5118 (κικιιῶ

1867 5116 1913 5148 ’³
1935 5116 2077 5170 Psal.
2112 5128 2241 5176 ινιι,
2278 5113 2371 5168 55.
2446 5112 2495 5143 ⁷⁸
2514 5110 2675 5165 Prov.
2709 5126 2762 5175 ν,
2787 5109 2880 5163 22.
2956 5110 3000 5141 ⁷⁸
3028 5108 3186 5163 Joau.
3214 5124 3275 5171 tt,
3319 5106 3385 5160 15

212 5118 263 5172 τ’
295 5119 469 5176 Exod.
513 5136 642 5184 xxx,
686 5120 774 5174 3‘2.
851 5119 897 5152 ’⁸
924 5118 1057 5173 Luc.
1104 5118 1321 5184 xu,35.
1397 5117 1568 5173 πιθα.
1600 5117 1770 5181 t.u,2.

287 5250 406 5323 (99)
436 5253 517 5323 ita
557 5252 726 5307 nostri
758 5267 854 5310 sex
884 5251 1006 5308 libri
1052 5252 1281 5323 antiqui.
1328 5252 1471 5308 Editi
1503 5268 1653 5318 vero,
1678 5253 1803 5306 άντ-

205 5321 633 5403 απορᾒῄσεται.

286 5393 367 5467 (l)
408 5390 630 5467 Veteres
662 5393 866 5462 aliquot
914 5393 1057 5463 libri,
1103 5397 1138 5467 ὴ
1170 5393 1339 5466 ψυχή.
1376 5394 1571 5450 Deerat
1599 5392 1805 5449 articu-

207 5459 300 5518 lus
328 5459 381 5515 iit
418 5463 672 5530 vulgatis.

287 5531 368 5601 (Ξ)
420 5531 581 5596 Edtti,
622 5532 923 5607 εὐλόγησεν
953 5537 1014 5607 όν
1072 5544 1128 5590 at
1183 5532 1445 5589 articulus
1495 5535 1547 5589 i‘n
1603 5533 1804 5607 nostris

211 5615 476 5673 σει-τρες.
509 5618 615 5673 non
646 5602 859 5673 legitur.
896 5606 1091 5659 Ibidem
1134 5607 1373 5673 quinque
1413 5620 1567 5667 mss.,
1611 5605 1707 5658 καὶ
1741 5602 1799 5657 αἱ

210 5671 296 5729 ἂν.
324 5669 470 5729 Εαίιί
504 5683 558 5726 et
602 5669 731 5744 Reg.
775 5676 1001 5742 primus.
1030 5677 1124 5729 καὶ
1153 5669 1248 5729 ’ὲν.
1288 5669 1493 5732 Rursus
1536 5679 1638 5751 hoc
1687 5677 1801 5746 ipso

532 5768 809 5830 ΡΑτιιοι..
853 5768 972 5831 Gn.
1016 5770 1228 5833 XXX.

1986 3489 2107 3542 151.
2149 3486 2211 3540 Et
2242 3502 2339 3555 pro
2376 3501 2508 3538 zona
2552 3483 2791 3553 funiculo
2822 3484 3067 3553 cingeris.
3118 3483 3221 3550 Qui
3269 3481 3492 3553 quidem

1909 3578 2202 3635 secundum
2240 3578 2407 3631 Deum
2439 3578 2649 3630 cinctus
2680 3575 2916 3645 est,ejus
2939 3575 3153 3630 lumbus
3178 3576 3230 3629 in
3265 3577 3495 3633 veritate

1909 3672 2164 3743 cingitur.
2217 3669 2499 3739 Ejusmodi
2558 3677 2681 3722 erat
2719 3667 2954 3734 Petrus,
2992 3668 3084 3737 qui
3144 3668 3495 3737 expandebat

1909 3779 2125 3831 manus,
2149 3772 2205 3817 et
2234 3764 2302 3817 ad
2333 3761 2533 3817 bellum
2562 3774 2661 3830 pro
2681 3759 2901 3815 Christo
2930 3758 3304 3814 sustinendum
3335 3760 3402 3813 ab
3427 3758 3495 3814 iis

1907 3854 2311 3923 accingebatur,
2352 3851 2444 3921 qui
2493 3866 2615 3906 eum
2650 3852 2716 3903 ad
2758 3859 2986 3905 mortem
3017 3865 3189 3920 usque
3221 3865 3385 3906 causa
3421 3860 3497 3905 te-

1910 3944 2149 4001 stimonii
2203 3942 2455 3997 veritatis
2489 3942 2876 4012 provocabunt.
2903 3940 3135 3997 Sanctus
3170 3942 3356 4013 itaque
3384 3942 3493 3995 cir-

1907 4035 2274 4105 cumcingitur
2306 4036 2511 4088 virtute
2539 4051 2552 4089 :
2586 4033 2725 4088 Deus
2751 4035 2910 4097 enim,
2937 4034 3132 4103 inquit,
3151 4035 3241 4105 qui
3264 4036 3494 4089 circum-

1908 4125 2067 4196 cingit
2097 4140 2178 4177 me
2195 4126 2385 4178 virtute
2401 4124 2448 4155 ⁷⁸
2476 4132 2566 4187 ;at
2595 4140 2785 4179 zonam
2818 4126 2957 4177 banc
2989 4125 3493 4196 perdidit,cingitur

1908 4214 2124 4269 vinculo
2157 4224 2505 4284 peccatorum
2553 4229 2797 4279 suorum,
2826 4215 2971 4286 quod
3015 4216 3228 4270 Catenis
3258 4226 3493 4284 peccato-

1837 4302 1884 4359 D
1913 4323 2029 4361 rum
2082 4323 2301 4361 suorum
2339 4308 2698 4377 unusquisque
2732 4308 3111 4377 constringitur
3137 4307 3206 4365 ".
3248 4307 3491 4376 Quorum

1906 4399 2223 4453 delictorum
2285 4399 2591 4469 symbolum
2634 4408 2755 4453 erat
2802 4397 3071 4469 ﬂagellum
3120 4400 3249 4453 illud
3281 4414 3313 4454 e
3348 4399 3493 4453 funi—

1905 4488 2044 4544 culis
2079 4498 2421 4553 coutextum,
2452 4505 2561 4558 quo
2604 4490 2813 4560 expulsi
2862 4499 2991 4543 sunt
3019 4507 3050 4546 e
3094 4492 3293 4560 templo
3332 4492 3366 4546 ii
3400 4491 3495 4561 qui

1838 4596 1843 4600 ‘
1906 4591 2093 4656 sancta
2140 4579 2592 4650 profanabant”.
2641 4581 2975 4635 Ostendebat
3031 4582 3176 4635 enim
3231 4581 3494 4636 Dominus

1905 4672 2154 4741 proprios
2202 4686 2549 4740 peccatorum
2585 4686 2759 4726 nexus
2800 4687 2899 4724 ceu
2946 4671 3159 4741 ﬂagella
3202 4673 3495 4742 unicuique

1915 4768 2111 4827 inesse,
2163 4773 2217 4817 et
2267 4765 2379 4818 suis
2418 4778 2687 4834 quemque
2737 4774 3081 4833 peccatorum
3129 4763 3384 4818 funiculis
3438 4780 3501 4819 se

1914 4856 2488 4926 circumplecteutibus
2519 4854 2801 4927 ﬂagellari.
2836 4854 2947 4910 Pro
2977 4866 3172 4909 ornatu
3199 4865 3373 4910 autem
3408 4872 3500 4909 ca-

2873 5039 2919 5071 ”
2942 5037 3065 5091 Psat
3122 5050 3331 5096 cxxxu.
3375 5036 3419 5091 l.
3442 5034 3478 5090 9.

1905 5254 1955 5307 in
1987 5252 2103 5307 loco
2136 5265 2233 5307 sex
2265 5264 2398 5305 mss.
2449 5247 2691 5313 νεάνιδες
2721 5246 3062 5319 αἰσθόμεναι.
3096 5246 3262 5312 Editi,
3296 5246 3484 5299 αἰσθα-

1900 5322 2368 5463 νόῗὲἴαίοευῐτιηι-
2400 5388 2496 5463 νῦν
2530 5388 2830 5463 exnostris
2863 5402 2955 5463 sex
2988 5403 3131 5463 _mss.
3165 5386 3492 5463 addidimus.

1899 5457 2118 5520 Nee'ita
2156 5464 2325 5516 multo
2356 5460 2493 5514 infra
2534 5460 2733 5531 vulgati
2768 5459 2914 5521 libri,
2956 5457 3172 5531 εἴρηται
3213 5457 3295 5510 τό.
3330 5459 3399 5511 At
3438 5458 3499 5515 in

1900 5551 2031 5591 mss.
2062 5534 2317 5590 omnibus
2347 5533 2501 5586 deest
2528 5529 2608 5583 τό.

1972 5606 2051 5679 (4)
2086 5603 2245 5671 Editi,
2276 5601 2504 5674 χρυσοῦ.
2538 5603 2608 5656 Αι
2640 5615 2770 5657 mss.
2816 5600 3074 5672 quinque.
3109 5598 3362 5671 χρυσίου.

3105 5760 3174 5821 il
