3828 6216
350 290 449 346 351
1301 282 1648 342 APPENDIX
1689 283 1975 343 OPERUM
2014 283 2075 340 S.
2118 280 2364 339 BASILII
2402 281 2644 339 MAGNI.
3509 285 3616 341 352

348 403 473 473 pitis
532 416 728 467 aureo,
776 399 1045 454 calvitium
1097 397 1311 453 habebis
1354 412 1567 472 propter
1614 419 1773 473 opera
1817 411 1908 455 tua

2034 399 2192 465 ἕξεις
2232 398 2330 454 διὰ
2360 399 2433 454 τὰ
2481 397 2627 469 ἔργα
2657 412 2796 452 σου.
2831 397 3041 471 Ὠσπερ
3088 397 3181 452 ἐπὶ
3211 397 3311 470 τῆς
3358 399 3501 453 κατά
3545 405 3617 456 τά

350 491 814 562 Quemadmodum
849 490 952 545 illas
990 505 1101 561 prae
1134 489 1301 544 nimia
1333 507 1513 546 rerum
1544 493 1612 548 ad
1650 493 1913 548 odoratun

2037 490 2313 563 ὀσφραντά
2361 487 2687 562 περιεργίας
2732 488 2802 542 τά
2842 489 2995 560 παρά
3035 488 3197 557 φύσιν
3234 487 3614 559 ὲπιζητοῠσαι,

350 583 689 638 attinentium
713 581 1076 637 sollicitudine
1101 581 1445 651 requirentes
1470 599 1589 652 quae
1613 593 1771 640 erant
1799 601 1913 655 pra}

2035 582 2131 635 καὶ
2158 582 2267 635 τῶν
2297 581 2440 635 κατὰ
2468 580 2630 651 φύσιν
2664 579 2956 645 ἐξέπιπτον
2976 597 2990 611 ο
3020 581 3122 634 οὐκ
3149 581 3479 651 ἀνεχόμεναι
3506 583 3618 652 γάρ

349 684 433 731 ter
456 683 726 739 naturam,
745 673 811 728 ab
842 672 928 728 his
952 687 1072 743 quae
1094 687 1164 728 ex
1191 683 1383 728 natura
1407 685 1556 735 sunt.
1579 675 1901 733 exciderunt

2034 675 2290 727 ἀναπνεῖν
2318 672 2473 742 ψιλὸν
2504 672 2664 743 ἀέρα,
2696 670 2835 725 ἀλλά
2867 670 3063 743 μύροις
3092 672 3258 725 αὐτὸν
3298 688 3619 743 καταχρῶν-

347 765 493 820 haud
519 766 661 820 enim
691 765 835 819 aeris
863 764 1128 835 simplicis
1167 766 1504 836 aspiratione
1530 778 1913 833 contentae,set

2033 766 2192 819 νῦσαι
2220 766 2313 818 καὶ
2343 764 2708 836 θυμιάμασιν,
2749 762 2976 837 ὕστερον
3024 765 3146 817 οὐδὲ
3179 764 3421 836 καθαρὸν
3452 766 3614 835 ἀέρα,

347 857 640 926 unguentis
681 855 1108 925 sutﬁmentisque
1162 872 1286 912 eum
1330 857 1660 925 imbuentes,
1685 870 1913 929 postmo-

2033 855 2171 909 ἀλλά
2199 855 2464 927 κονιορτῷ
2489 854 2685 909 τοῦτον
2717 855 3168 927 ἀναμεμιγμένον
3193 855 3455 910 ἀνέπνεον
3480 872 3494 885 ·
3523 854 3617 908 οὖ-

348 950 475 1005 dum
510 965 578 1006 ne
605 962 785 1005 aerem
817 950 1034 1018 quidem
1082 965 1300 1021 purum,
1336 953 1431 1006 sed
1482 952 1757 1021 pulverem
1811 967 1913 1021 per-

2030 966 2141 1013 τως
2169 947 2356 1019 ἐπειδὴ
2396 947 2476 1017 τῷ
2516 949 2581 1000 ἐκ
2620 948 2719 1017 τῆς
2756 947 2973 1016 φύσεως
3005 947 3199 1019 κόσμῳ
3234 948 3345 1001 τῶν
3386 946 3614 1020 τριχῶν,

348 1041 567 1095 mistum
598 1039 790 1108 spiritu
821 1039 1095 1095 duxerunt
1118 1054 1133 1093 :
1156 1040 1301 1096 hunc
1334 1041 1401 1096 ad
1436 1042 1653 1097 modum
1682 1052 1913 1113 pr0pter-

2030 1039 2089 1096 ὃς
2120 1040 2240 1092 ἀντὶ
2273 1038 2624 1109 περιϐολαίου
2652 1038 2861 1093 δέδοται
2892 1041 3015 1102 ταῖς
3042 1039 3291 1108 γυναιξὶν
3312 1080 3327 1106 ,
3387 1039 3491 1092 οὐκ
3522 1040 3621 1092 ἐπ-

346 1146 413 1186 ea
467 1130 609 1200 quod
645 1131 699 1186 in
740 1131 928 1185 nativo
960 1130 1280 1200 capillorum
1335 1143 1573 1198 ornatu,
1612 1135 1913 1189 mulieribm

2030 1134 2222 1204 έμενον
2248 1134 2347 1203 (5),
2376 1132 2512 1186 ἀλλά
2543 1131 2859 1202 ὲμπλοκίοις
2886 1132 2998 1186 τισὶ
3028 1132 3130 1197 τὰς
3169 1133 3361 1205 τρίχας
3409 1149 3618 1203 συγκα-

342 1234 444 1288 pro
468 1220 733 1276 velamine
767 1219 975 1285 dato",
1018 1236 1126 1275 non
1158 1237 1531 1293 permansere,
1559 1226 1653 1280 sed
1687 1225 1913 1281 reticulis

2030 1224 2421 1287 ταπλέκουσαι,
2475 1223 2750 1295 φορτικῶς
2799 1223 2999 1288 ἑαυτὰς
3049 1223 3423 1289 ἐκαλλώπιζον
3446 1266 3462 1291 ,
3518 1224 3618 1279 καὶ

343 1312 666 1381 quibusdam
698 1311 921 1382 capillos
948 1313 1290 1383 implicantes
1310 1354 1326 1381 ,
1353 1316 1421 1369 ad
1453 1315 1725 1371 fastidium
1758 1328 1913 1388 usque

2030 1316 2119 1370 τοῦ
2148 1317 2288 1374 κατὰ
2342 1316 2504 1385 φύσιν
2551 1316 2761 1388 κόσμου
2809 1317 3284 1388 ἀπεστερήθησαν,
3339 1317 3436 1371 καὶ
3491 1316 3617 1384 ὲγέ-

344 1421 407 1461 se
433 1407 562 1474 ipsa:
585 1405 950 1470 adornabant,
975 1415 1298 1461 ornamento
1327 1407 1493 1461 etiam
1532 1408 1764 1462 naturali
1800 1424 1913 1477 spo-

2030 1424 2179 1461 νοντο
2206 1407 2517 1482 ἀωρότατον
2542 1407 2723 1479 θέαμα
2756 1409 2814 1463 ὲν
2842 1412 2911 1480 τῇ
2953 1408 3192 1480 ἀποϐολῇ
3232 1409 3344 1462 τῶν
3383 1407 3613 1480 τριχῶν,

342 1496 487 1551 liatae
509 1503 664 1556 sunt,
693 1503 856 1562 atque
879 1495 1095 1551 amissis
1131 1495 1376 1552 crinibus
1425 1500 1555 1568 (quo
1596 1510 1794 1555 ornatu
1822 1516 1913 1556 ceu

2030 1497 2081 1561 ὃς
2106 1500 2304 1560 οίκείος
2334 1498 2426 1550 καὶ
2466 1498 2737 1570 συγγενὴς
2766 1498 2973 1569 κόσμος
3010 1499 3140 1569 παρ’
3173 1499 3343 1569 αὐτῆς
3366 1499 3469 1569 τῆς
3510 1498 3616 1568 φύ-

339 1585 560 1656 proprio
589 1584 881 1654 nativoque
919 1584 988 1639 ab
1018 1584 1133 1653 ipsa
1178 1596 1373 1641 natura
1409 1589 1619 1645 vestita!
1662 1591 1913 1648 mulieres

2030 1607 2163 1653 σεως
2190 1592 2334 1653 ’ταῖς
2382 1588 2599 1658 γυναιξὶ
2648 1589 3060 1662 περιϐέϐληται.
3113 1591 3179 1644 Ei
3223 1590 3334 1662 γὰρ
3380 1590 3615 1662 αἰσχρὸν

340 1677 488 1749 sunt)
519 1677 718 1733 eadem
778 1675 931 1731 factae
967 1685 1094 1732 sunt
1123 1677 1490 1746 spectaculum
1539 1678 1913 1734 fcedissimum.

2030 1681 2243 1749 γυναικὶ
2274 1680 2336 1733 τὸ
2388 1680 2676 1752 κείρασθαι
2703 1680 2779 1751 (ϐ)
2818 1681 2852 1752 ἢ
2896 1680 3200 1753 ξυρᾶσθαι,
3245 1682 3396 1752 πόσῳ
3434 1682 3615 1753 δήπου

339 1745 578 1834 Etenim,
606 1766 653 1822 si
682 1765 887 1821 fcedum
921 1775 1005 1821 est
1042 1745 1258 1821 mulieri
1312 1767 1521 1823 tonderi
1554 1777 1649 1823 aut
1682 1769 1795 1822 radi
1826 1770 1913 1835 7",

2030 1745 2253 1841 αἴσχιον,
2288 1745 2635 1841 φαλάκρωμα
2663 1745 3317 1844 ἔχεινξὲπὶσυμφέροντι
3477 1745 3613 1826 θυσ-

339 1869 544 1931 quanto
568 1858 757 1928 utique
802 1856 1004 1914 ftedius
1043 1857 1210 1913 fuerit
1235 1861 1406 1929 ipsam
1439 1860 1716 1931 deturpari
1751 1862 1913 1916 calvi-

2030 1860 2263 1932 μορφίαν
2289 1862 2494 1930 ἐπάγον
2526 1863 2648 1926 ταῖς
2674 1861 2864 1925 κακῶς
2896 1862 2994 1933 τὴν
3029 1862 3180 1934 ὤραν
3221 1862 3611 1934 διαθεμέναιςς

338 1957 439 2020 tio,
487 1954 633 2026 quod
664 1963 842 2009 tamen
865 1953 947 2009 eis
972 1968 1093 2024 qua:
1117 1970 1214 2009 sua
1255 1964 1544 2011 venustate
1581 1956 1722 2011 male
1759 1970 1913 2013 utun-

2036 1950 2195 2004 Ἀντί
2215 1951 2284 2004 δὲ
2308 1953 2415 2006 τοῦ
2434 1949 2687 2021 χιτῶνος
2705 1952 2813 2007 τοῦ
2821 1955 3293 2023 μεσοπορφύρου
3311 1952 3612 2024 περιζὼσῃ

337 2057 450 2117 tur,
492 2046 887 2104 deformitatem
932 2045 1142 2102 utiliter
1176 2047 1430 2102 inducit?
1461 2045 1569 2103 Pro
1596 2050 1779 2103 tunica
1818 2067 1920 2103 au-

336 2149 439 2192 tetu
460 2138 678 2193 clauum
703 2152 956 2208 purpurae
983 2138 1411 2209 circumcingeris
1427 2156 1601 2193 sacco.
1623 2138 1677 2194 ιιι
1700 2155 1919 2210 quoque

336 2228 511 2283 sancit
532 2228 790 2284 Dominus
806 2227 859 2281 in
875 2228 1217 2282 commodum
1235 2243 1420 2282 earum
1438 2244 1559 2298 qua:
1574 2226 1738 2300 47],
1762 2242 1918 2283 suum

337 2317 590 2372 decorem
624 2323 924 2380 ostentant,
956 2315 1202 2384 hancque
1231 2315 1347 2369 fieri
1369 2313 1524 2382 jubet
1562 2316 1922 2383 permutatio-

333 2425 480 2465 nem.
528 2407 977 2478 Quandoquidem
1028 2409 1197 2462 vestis
1249 2422 1519 2477 purpurea
1574 2407 1812 2462 mollitici
1867 2416 1921 2461 et

329 2500 607 2570 iactantiae
638 2499 866 2554 materia
905 2506 988 2552 est
1028 2510 1084 2554 et
1111 2499 1328 2554 occasio
1366 2514 1380 2550 :
1411 2513 1603 2553 saccus
1638 2514 1765 2554 vero
1790 2515 1919 2554 con-

335 2592 573 2647 tritionis
596 2589 1025 2660 humilitatisque
1043 2590 1425 2661 comparandae
1448 2589 1757 2645 facultatem
1783 2606 1919 2663 pra:-

331 2685 444 2740 bet.
496 2683 566 2737 Et
612 2682 707 2753 qui
748 2695 985 2752 purpura
1042 2680 1263 2738 indutus
1304 2691 1408 2746 est,
1464 2681 1699 2751 abjicere
1753 2697 1812 2737 se
1860 2682 1917 2736 in

331 2782 563 2839 terram,
597 2772 874 2841 Deumque
914 2771 1147 2827 adorare
1183 2771 1428 2836 fastidit,
1462 2781 1723 2843 cavetque
1765 2788 1921 2828 orna-

331 2865 436 2932 tui,
485 2879 555 2921 ne
586 2863 798 2921 scilicet
846 2862 1015 2918 veStis
1068 2877 1180 2918 sua:
1227 2863 1375 2918 color
1413 2863 1744 2919 deformetur
1787 2865 1917 2933 :qui

330 2973 466 3015 vero
492 2957 723 3012 amictus
762 2963 846 3011 est
874 2969 1061 3020 sacco,
1095 2970 1312 3010 omnem
1341 2954 1519 3011 locum
1554 2956 1657 3013 sibi
1686 2957 1753 3011 ad
1791 2960 1919 3012 ado-

331 3051 560 3106 randum
595 3048 846 3103 idoneum
876 3060 999 3103 esse
1025 3045 1194 3101 ducit.

401 3141 527 3196 152.
557 3138 715 3194 Vens.
745 3138 837 3193 25.
873 3136 942 3192 Et
989 3136 1134 3206 [ilius
1168 3147 1293 3192 tuus
1321 3138 1728 3207 pulcherrimus,
1756 3156 1909 3211 quem
1942 3120 1990 3143 υ

331 3232 587 3298 dilexisti,
643 3231 823 3300 gladio
875 3228 1044 3284 cadet.
1099 3228 1422 3286 Prtestiterit
1469 3230 1560 3299 iis,
1590 3232 1685 3302 qui
1727 3233 1910 3301 pravis

328 3324 573 3378 moribus
620 3331 807 3377 essent
856 3319 1205 3384 informandi,
1256 3322 1476 3393 praeripi
1559 3331 1737 3377 morte
1785 3333 1912 3377 ante

330 3413 753 3469 adolescentiam
778 3426 942 3481 quam
991 3411 1192 3465 diutius
1220 3412 1548 3468 educatione
1576 3413 1714 3466 mala
1739 3428 1770 3467 a
1809 3427 1910 3482 pa-

334 3505 577 3559 rentibus
623 3503 811 3559 imbui.
844 3500 1091 3557 Habebas
1119 3503 1283 3573 igitur
1327 3502 1521 3569 filium,
1551 3513 1644 3559 aut
1683 3518 1913 3572 corpore

331 3597 774 3669 pulcherrimum,
807 3605 902 3650 aut
949 3595 1041 3665 qui
1098 3595 1358 3651 maternis
1394 3596 1568 3652 oculis
1627 3598 1750 3653 talis
1788 3613 1912 3654 esse

327 3692 629 3746 videretur.
672 3688 773 3742 llic
821 3688 875 3742 in
930 3687 1044 3757 ipsa
1073 3687 1358 3757 juventute
1394 3697 1451 3744 et
1480 3688 1536 3744 in
1571 3692 1745 3746 aetatis
1778 3690 1911 3747 flore

328 3781 614 3837 morietur.
638 3780 702 3833 Et
728 3779 854 3834 hinc
884 3779 1087 3832 malum
1119 3788 1364 3847 augetur,
1401 3779 1543 3849 quod
1571 3793 1907 3851 nequaquam

329 3883 510 3929 morte
533 3882 723 3943 sponte
753 3871 1236 3942 proveniente,aut
1267 3872 1523 3937 naturali,
1549 3873 1645 3927 sed
1675 3874 1909 3928 violenta

332 3966 575 4021 sublatus
599 3979 631 4020 e
668 3964 845 4018 medio
894 3971 1000 4026 est,
1031 3972 1217 4033 utpote
1262 3976 1359 4032 per
1402 3977 1621 4017 manum
1656 3964 1909 4020 hostilem

331 4057 506 4129 gladio
533 4057 827 4111 sauciatus.
862 4052 930 4108 Et
963 4053 1130 4123 forte:
1170 4054 1329 4107 uestri
1373 4051 1552 4122 gladio
1596 4056 1803 4111 cadent.
1845 4058 1910 4111 Et

332 4152 449 4206 haec
476 4149 602 4202 dum
638 4149 894 4217 patietur,
924 4160 990 4200 ne
1018 4143 1316 4199 ulciscendi
1348 4145 1570 4214 quidem
1597 4144 1827 4202 facultas
1857 4149 1908 4203 ei

332 4247 599 4313 suppetet.
626 4238 763 4294 Nam
796 4239 985 4295 ulcisci
1018 4235 1357 4303 interfectos,
1388 4237 1577 4307 eisque
1596 4238 1688 4307 qui
1710 4253 1911 4295 maero-

332 4349 449 4390 rem
476 4333 791 4396 coniiciunt,
822 4331 972 4387 vices
1014 4328 1337 4400 rependere,
1372 4328 1431 4384 in
1460 4329 1621 4385 malis
1659 4330 1908 4386 solatium

2020 2042 2273 2097 σάκκον.
2302 2045 2414 2099 Καὶ
2434 2047 2592 2099 τοῦτο
2616 2046 2709 2099 ἐπὶ
2731 2047 3062 2119 συμφέροντι
3081 2047 3192 2101 τῶν
3216 2046 3613 2119 ὡραῖζομένων

2020 2135 2321 2206 οἰκονομῶν
2356 2138 2385 2189 ὁ
2421 2136 2628 2209 Κύριος
2658 2137 2757 2209 τὴν
2787 2138 3093 2211 μεταϐολὴν
3118 2137 3328 2209 ταύτην
3353 2137 3614 2206 γενέσθαι

2020 2228 2371 2298 προστάσσει.
2414 2229 2561 2283 Διότι
2606 2231 2641 2301 ή
2687 2231 2787 2300 μὲν
2840 2231 3112 2303 πορφυρὶς
3156 2230 3461 2303 ἁδρότητος
3511 2231 3612 2284 καὶ

2019 2318 2336 2384 ἀλαζονείας
2376 2320 2523 2373 ἐστὶν
2553 2322 2814 2392 ἀφορμή·
2856 2322 2885 2374 ὀ
2918 2322 2977 2375 δὲ
3018 2322 3219 2385 σάκκος
3260 2320 3611 2394 συντριμμοῦ

2020 2413 2114 2466 καὶ
2136 2412 2521 2477 ταπεινώσεώς
2549 2412 2698 2467 ἐστιν
2720 2413 2952 2482 ἐφόδιον.
2978 2414 3089 2468 Καὶ
3113 2416 3141 2467 ὁ
3167 2415 3264 2485 μὲν
3285 2415 3385 2487 τὴν
3406 2415 3613 2486 ἁλουρ-

2018 2504 2142 2572 γίδα
2196 2506 2593 2576 περικείμενος,
2630 2508 2815 2559 πεσεῖν
2849 2507 2928 2569 είς
2967 2506 3073 2576 γῆν
3121 2507 3215 2559 καὶ
3268 2510 3608 2579 προσκυνεῖν

2017 2596 2109 2649 τὸν
2155 2596 2285 2649 Θεὸν
2334 2599 2590 2650 κατοκνεῖ
2617 2635 2633 2659 ,
2673 2596 2847 2666 φειδοῖ
2894 2596 2987 2650 τοῦ
3045 2597 3254 2667 κόσμου
3278 2636 3294 2661 ,
3361 2597 3439 2668 μὴ
3497 2598 3604 2667 τῆς

2018 2687 2246 2758 ἐσθῆτος
2284 2688 2345 2741 τὸ
2390 2688 2549 2751 ἄνθος
2595 2688 3025 2761 διαλυμήνηται·
3079 2690 3107 2742 ὁ
3150 2690 3208 2743 δὲ
3256 2688 3349 2742 τὸν
3397 2690 3614 2743 σάκκον

2018 2779 2433 2852 περικείμενος,
2489 2780 2668 2833 πάντα
2724 2780 2888 2834 τόπον
2944 2780 3252 2852 ἐπιτήδειον
3309 2780 3492 2853 ἐαυτῷ
3525 2776 3613 2845 είς

2018 2870 2388 2942 προσκύνησιν
2411 2870 2640 2927 τίθεται.

2090 3141 2214 3196 152.
2240 3140 2351 3195 Καί
2380 3144 2414 3195 ὁ
2441 3130 2573 3207 υἱός
2594 3155 2711 3196 σου
2732 3146 2766 3196 ὁ
2782 3143 3135 3209 κάλλιστος,
3154 3142 3229 3196 ὃν
3253 3140 3609 3213 ἠγάπησας,

2012 3232 2277 3302 μαχαίρᾳ
2304 3233 2595 3287 πεσεῖται.
2623 3235 2748 3297 Τοῖς
2778 3235 2836 3286 ὲν
2860 3233 3018 3305 ἤθεσι
3049 3232 3344 3304 μοχθηροῖς
3359 3233 3439 3304 (7)
3470 3234 3607 3303 μέλ-

2016 3324 2200 3377 λουσιν
2222 3322 2645 3396 ἀνατρέφεσθαι,
2668 3324 3111 3396 λυσιτελέστερον
3129 3323 3308 3395 πολλῷ
3325 3325 3611 3395 προαπελ-

2018 3416 2130 3469 θεῖν
2157 3416 2257 3486 τῆς
2283 3415 2489 3486 ἀκμῆς,
2527 3415 2560 3486 ἢ
2608 3416 2701 3468 ἐπὶ
2744 3415 2905 3470 πλέον
2944 3416 3043 3486 τῆς
3094 3416 3339 3486 πονηρᾶς
3364 3414 3476 3468 τῶν
3513 3431 3613 3483 γο-

2017 3510 2156 3562 νέων
2187 3510 2410 3579 ἀγωγῆς
2441 3508 2916 3579 ἀναπίμπλασθαι.
2962 3507 3092 3561 Υίὸν
3124 3503 3217 3561 οὖν
3259 3507 3452 3578 ἔσχες,
3483 3508 3609 3578 ἦτοι

2016 3600 2094 3671 τῷ
2142 3599 2354 3670 σώματι
2382 3600 2690 3665 κάλλιστον,
2738 3602 2771 3673 ἢ
2822 3603 2936 3665 τοῖς
2971 3603 3258 3673 μητρικοῖς
3298 3600 3608 3670 ὀφθαλμοῖς

2017 3689 2254 3745 τοιοῦτον
2299 3691 2641 3761 φαινόμενον.
2689 3685 2859 3755 Οὗτος
2902 3692 2961 3744 ἐν
3002 3692 3141 3762 αὐτῇ
3183 3692 3249 3760 τῇ
3303 3691 3455 3760 ἀκμῇ
3506 3690 3610 3743 καὶ

2015 3783 2094 3856 τῷ
2131 3783 2281 3838 ἄνθει
2313 3785 2412 3854 τῆς
2450 3782 2667 3854 ἡλικίας
2713 3780 3051 3854 τεθνήξεται.
3102 3781 3215 3834 Καὶ
3266 3781 3301 3851 ἡ
3347 3781 3607 3844 ἐπίτασις

2014 3875 2110 3928 τοῦ
2139 3874 2331 3939 κακοῦ,
2358 3875 2420 3928 οὐ
2443 3876 2534 3928 τὸν
2561 3876 2890 3946 αὐτόματον,
2926 3873 3049 3927 οὐδὲ
3090 3871 3183 3925 τὸν
3228 3873 3293 3925 ἐκ
3341 3869 3446 3941 τῆς
3494 3870 3608 3939 φύ-

2018 3980 2155 4028 σεως
2206 3963 2467 4031 θάνατον,
2523 3962 2659 4018 ἀλλά
2708 3961 2897 4035 βιαίως
2943 3961 3008 4013 ὲκ
3057 3958 3324 4029 πολεμίας
3379 3955 3606 4027 χειρὸς,

2014 4054 2353 4126 τραυματίας
2388 4055 2650 4127 μαχαίρᾳ.
2680 4053 2791 4109 Καὶ
2818 4055 2874 4107 οἱ
2905 4051 3225 4121 ἰσχύοντες
3282 4046 3451 4117 ὑμῶν
3485 4061 3607 4116 μα-

2016 4148 2194 4217 χαίρᾳ
2231 4147 2585 4201 πεσοῦνται.
2630 4146 2740 4199 Καὶ
2775 4142 2949 4197 ταῦτα
3000 4140 3270 4203 παθοῦσα,
3325 4137 3449 4190 οὐδὲ
3496 4137 3608 4207 τὴν

2016 4238 2153 4311 πρὸς
2180 4238 2239 4291 τὸ
2269 4237 2581 4309 ἀμύνασθαι
2606 4236 2835 4308 δύναμιν
2872 4234 3005 4302 ἕξει.
3040 4229 3372 4303 Παραμυθία
3396 4228 3508 4299 γάρ
3538 4230 3603 4283 ὲν

2016 4334 2204 4396 κακοῖς
2231 4331 2291 4385 τὸ
2319 4329 2593 4402 ἐπαμῦναι
2619 4333 2734 4394 τοῖς
2763 4325 3148 4400 ἀνῃρημένοις,
3181 4326 3274 4377 καὶ⁸
3307 4325 3420 4384 τοῖς
3453 4322 3598 4384 ἴσοις

331 4433 436 4481 est.
470 4424 542 4480 At
565 4437 633 4479 ne
659 4422 762 4478 hoc
789 4422 1008 4493 quidem
1041 4434 1211 4491 penes
1236 4429 1290 4474 te
1318 4421 1440 4475 erit.
1467 4419 1568 4488 Qui
1591 4423 1736 4477 enim
1754 4433 1912 4479 aetate

2030 4422 2489 4491 ὶντιπεριϐἀλλειν
2534 4422 2613 4493 (8)
2648 4421 2776 4484 τοὺς
2802 4417 3200 4486 λελυπηκότας.
3235 4414 3326 4466 Σοὶ
3366 4412 3427 4466 δὲ
3473 4410 3604 4465 οὐδὲ

330 4517 537 4587 vigent,
567 4513 817 4570 morituri
845 4520 972 4566 sunt
1000 4510 1056 4565 in
1086 4509 1228 4565 bello
1256 4524 1469 4579 omnes,
1496 4511 1633 4567 adeo
1658 4522 1717 4567 ut
1753 4514 1918 4569 relin-

334 4607 549 4677 quenda
595 4605 667 4661 sit
695 4615 830 4659 tetas
859 4600 1068 4657 inutilis
1106 4601 1221 4655 sola
1249 4608 1304 4656 et
1342 4600 1599 4668 imbellis,
1625 4618 1748 4674 quas
1793 4619 1916 4659 cum

332 4696 535 4752 auxilio
571 4696 643 4750 sit
667 4693 942 4759 destituta,
979 4695 1046 4746 ad
1066 4692 1251 4747 omnia
1280 4691 1420 4746 mala
1447 4692 1729 4747 toleranda
1758 4694 1919 4749 valde

332 4788 691 4857 estexposita,
703 4800 823 4854 qua:
837 4785 886 4838 ei
902 4781 1103 4838 inferre
1112 4783 1287 4839 visum
1300 4783 1463 4838 fuerit
1475 4785 1741 4840 hostibus.
1752 4784 1913 4840 Vens.

329 4881 421 4937 26.
450 4879 515 4934 Et
531 4865 951 4934 humiliabuntur
965 4887 1015 4932 et
1035 4877 1281 4949 lugebant
1297 4876 1458 4933 thecae
1482 4893 1700 4932 ornatus
1730 4882 1911 4935 uestri.

332 4975 529 5030 Theca:
561 4973 679 5028 auri
701 4983 758 5029 et
779 4972 1013 5044 argenti,
1046 4971 1321 5039 vestisque
1347 4979 1677 5039 sumptuosa:
1704 4981 1757 5025 et
1782 4987 1912 5042 pre-

402 5116 450 5149 "
480 5114 645 5171 lCor.
681 5128 758 5181 xl,
785 5112 874 5167 15.
947 5113 993 5144 ⁷⁷
1020 5110 1152 5167 ibid.
1181 5109 1237 5166 6.

403 5269 493 5393 (εἰ
511 5259 727 5339 Antiqui
758 5268 868 5351 duo
890 5266 1032 5332 libri,
1051 5264 1369 5336 ἐπέμειναν.
1402 5261 1601 5345 Ibidem
1625 5262 1730 5344 duo
1753 5274 1910 5325 mss.,

420 5359 462 5393 π
494 5339 681 5393 οκίοις.
709 5337 814 5392 Altt
853 5338 960 5393 duo
1004 5352 1136 5391 mss.
1185 5351 1307 5390 cum
1352 5336 1514 5389 edttts
1558 5347 1714 5387 umca
1759 5345 1910 5388 voce.

332 5334 681 5403 ἐν’πλοκίοις.
709 5337 814 5392 Alii
853 5338 960 5393 duo
1004 5334 1307 5391 tnss.'cum
1352 5334 1514 5389 editis
1558 5334 1714 5387 unica
1759 5345 1911 5388 voce.

322 5410 673 5482 ,ἐμπλοκίοιᾳ
711 5409 869 5463 bene.

428 5481 483 5546 6)
516 5479 646 5550 [ξοδ.
684 5488 930 5547 quartus,
959 5475 1020 5529 τὸ
1051 5472 1354 5550 κείρεσθαι.

432 5550 484 5620 7)
537 5547 981 5620 Βέξζμίμιυνιυε,
1029 5547 1311 5620 αξσχρρῖς.

321 5617 667 5690 ᾶρδῖιιεηιιιήἰ
698 5619 915 5690 legitur,
954 5617 1267 5690 μοχθηροῖς.

408 5690 482 5760 (8)
513 5689 737 5745 Veteres
756 5684 990 5758 quidam
1021 5684 1165 5753 libri,
1194 5684 1652 5757 ἀντιπεριϐαλεῖν.

1360 5545 1455 5599 sed
1511 5544 1564 5598 in
1617 5557 1716 5599 ora
1768 5540 1912 5597 illius

2012 4514 2172 4568 τοῦτο
2199 4513 2453 4586 ὑπάρξει.
2505 4514 2568 4567 Oi
2611 4512 2722 4585 γὰρ
2764 4514 2822 4565 ὲν
2856 4509 3041 4581 ἡλικίᾳ
3088 4506 3290 4566 πάντες
3341 4503 3603 4572 τελευτή-

2020 4623 2202 4660 σουσιν
2234 4607 2290 4660 ὲν
2323 4606 2566 4678 πολέμῳ,
2608 4605 2748 4658 ὥστε
2781 4603 2882 4674 τὴν
2935 4601 3207 4672 ἄχρηστον
3244 4594 3462 4667 ἡλικίαν
3500 4610 3604 4645 πε-

2019 4698 2395 4769 ριλειφθῆναιο
2451 4700 2486 4770 ἢ
2539 4697 2627 4752 διὰ
2676 4695 2737 4750 τὸ
2787 4693 3093 4765 ἀϐοήθητος
3146 4683 3322 4750 εἶναι,
3373 4685 3600 4749 εὔκολός

2016 4793 2133 4844 ἐστι
2164 4791 2239 4862 (9)
2271 4790 2452 4845 πάντα
2474 4789 2689 4854 παθεῖν,
2721 4788 2865 4858 ειπερ
2894 4785 2960 4839 ἂν
2984 4783 3116 4853 δοκῇ
3145 4782 3261 4842 τοῖς
3286 4777 3595 4848 πολεμίοις.

2015 4880 2127 4935 Καὶ
2145 4879 2693 4947 ταπεινωθήσονται
2730 4877 2829 4930 καὶ
2872 4872 3293 4941 πενθήσουσιν
3327 4869 3389 4921 αἱ
3419 4865 3600 4933 θῆκαι

2013 4972 2120 5025 τοῦ
2143 4972 2375 5042 κόσμου
2403 4970 2591 5041 ὑμῶν.
2612 4968 2854 5040 Χρυσίου
2872 4967 2966 5019 καὶ
2987 4963 3252 5036 ἀργυρίου
3272 4960 3379 5033 (10)
3405 4960 3597 5030 θῆκαι,

2084 5258 2160 5329 (9)
2186 5258 2336 5314 Colb.
2365 5257 2656 5325 secundus,
2684 5257 2860 5312 ἔσται.

2083 5323 2195 5399 (ill)
2231 5329 2322 5384 Sic
2349 5333 2588 5399 quinque
2614 5323 2747 5384 mss.
2774 5329 2846 5382 At
2872 5326 3025 5399 editi,
3052 5323 3258 5399 xpuuoii
3297 5323 3393 5399 καὶ
3418 5324 3605 5397 ἀργύ-

2047 5419 2129 5454 ου.
2160 5395 2269 5455 Nec
2302 5395 2383 5454 ita'
2416 5395 2582 5453 multo
2617 5409 2761 5465 post,
2788 5398 2877 5453 ubi
2912 5397 2966 5450 in
2995 5395 3215 5451 exc—usis
3245 5395 3473 5464 legitur,
3502 5413 3606 5452 υπο-

2047 5419 2129 5454 ου.
2160 5418 2269 5455 nec
2302 5418 2373 5454 tta
2416 5418 2582 5453 mtttto
2617 5418 2761 5465 pOSl,
2788 5418 2877 5453 um
2913 5418 2966 5450 Ill
2995 5418 3215 5451 excusis
3245 5418 3464 5464 tegitur,
3502 5418 3606 5452 υπο-

2010 5418 2270 5543 ῗυτίμων,
2308 5472 2574 5543 scriptum
2602 5468 2911 5543 invenimus
2942 5467 2994 5520 in
3023 5465 3606 5543 quinquecodicibus,

2012 5536 2350 5612 βαρυτίμων.
2383 5536 2488 5594 Sed
2531 5538 2765 5612 sipauln
2813 5539 3026 5593 diversa
3058 5545 3142 5592 est
3175 5536 3474 5605 scriptura,
3511 5551 3606 5595 ea-

2010 5610 2132 5667 dem
2175 5620 2332 5682 plane
2372 5610 2642 5665 sententia
2676 5617 2779 5664 est.
