3828 6216
269 271 377 330 333

1115 264 1473 326 COMMENT.
1510 264 1580 321 IN
1619 262 1854 321 ISAIAM
1892 263 2339 325 PROPHETAM.
2378 267 2531 325 CAP.
2574 267 2662 324 ΙΥ.

3426 270 3532 326 534

270 388 368 442 καὶ
396 384 625 456 ἐσθῆτος
652 383 995 448 πολυτελοῦς,
1048 383 1141 437 καὶ
1187 384 1352 438 λίθων
1382 383 1718 456 βαρυτίμων,
1745 381 1851 445 ἕως
1883 424 1891 443 ι

1982 382 2215 436 iosorum
2241 382 2504 453 lapidum,
2532 383 2769 453 quandiu
2803 382 3126 453 supellectili
3170 385 3409 456 pretiosa
3445 403 3533 441 re-

276 478 374 549 μὲν
405 475 473 530 ἂν
522 475 624 549 ἔχῃ
668 476 738 529 τὰ
779 476 1058 547 κειμήλια,
1101 474 1303 546 πολλῆς
1333 476 1581 539 ἀξιοῦται
1616 475 1855 545 σπουδῆς

275 570 368 622 καὶ
401 567 753 639 ἐπιμελείας·
811 570 870 620 ὲν
915 567 1084 631 οἴκοις
1116 568 1334 639 ὀχυροῖς
1366 566 1709 636 ἀποκείμενα
1741 566 1853 636 (Η)

274 659 369 712 ἐπὶ
396 657 619 729 ὑψηλῶν
647 658 850 726 τόπων,
879 659 973 713 καὶ
1008 656 1219 729 μοχλοὶ,
1250 657 1347 711 καὶ
1368 657 1536 721 κλεῖς,
1561 657 1655 711 καὶ
1682 674 1751 725 σφ
1761 673 1856 726 ρα-

277 750 442 820 γῖδες,
479 751 577 803 καὶ
611 749 871 819 φύλακες,
910 750 1005 803 καὶ
1058 749 1233 804 πάντα
1272 750 1341 804 τὰ
1377 749 1512 821 πρὸς
1551 748 1854 818 ἀσφάλειαν

277 839 372 893 καὶ
406 839 654 911 φυλακὴν
684 840 1045 912 ὲπινοούμενα
1064 857 1078 871 ’
1111 840 1331 894 ἐπειδὰν
1363 840 1421 893 δὲ
1451 838 1583 893 κενά
1607 839 1715 893 τῶν
1735 856 1853 892 κει-

280 931 488 1002 μηλίων
506 931 618 1001 (12)
640 932 955 1003 ἀποδειχθῇ,
972 931 1296 1004 ἠμελημένα
1318 931 1414 986 καὶ
1442 929 1858 1004 παραρῤιπτού-

278 1040 416 1094 μενα
464 1026 793 1096 παρορᾶται.
844 1024 1035 1078 Ταῦτα
1076 1025 1172 1078 καὶ
1220 1026 1369 1097 ἡμᾶς
1415 1025 1715 1095 ὠφελείτω,
1772 1024 1855 1077 ὅτι

275 1113 464 1185 ψυχαὶ,
513 1117 569 1168 αί
618 1115 909 1187 δεξάμεναι
955 1114 1051 1168 τοῦ
1087 1115 1233 1169 θείου
1280 1116 1440 1185 λόγου
1483 1118 1583 1187 τὴν
1623 1115 1854 1187 δωρεὰν,

275 1205 825 1276 ἀποθῆκαιγεγόνασι
846 1207 955 1261 τῶν
981 1207 1176 1279 τιμίων
1209 1208 1304 1262 τοῦ
1337 1209 1396 1262 ὲν
1420 1212 1536 1272 τοῖς
1561 1208 1728 1271 θείοις
1757 1208 1856 1279 θη-

280 1299 501 1367 σαυροῖς
521 1298 845 1351 ἀποκεῖσθαι
864 1298 1011 1365 ἄξιαι
1029 1315 1044 1329 ε
1069 1298 1289 1353 ἐπειδὰν
1306 1299 1364 1353 δὲ
1393 1301 1549 1354 κεναὶ
1565 1300 1673 1353 τῶν
1699 1300 1858 1355 θείων

276 1387 503 1459 κόσμων
517 1388 902 1461 ἀποδειχθιῖωι,
920 1391 1419 1463 ταπεινωθήσονται
1439 1393 1856 1465 ἀπορῤιφεῖσαι,

279 1479 585 1549 ἀχρηστίαν
639 1482 1131 1552 καταγνωσθεῖσαι.
1201 1483 1302 1538 Διά
1367 1484 1528 1539 τοῦτο
1586 1486 1859 1556 Ἠχρειώ-

280 1573 356 1639 θη
387 1571 522 1644 (15),
553 1574 738 1644 φησὶν,
772 1575 1046 1645 Ἰεχονίας
1066 1615 1082 1639 ,
1112 1577 1192 1643 ὡς
1217 1577 1461 1644 σκεῦος,
1486 1572 1560 1634 οὗ
1587 1580 1699 1633 οὐκ
1725 1579 1860 1635 ἐστι

282 1664 475 1731 χρεία.
516 1666 635 1719 Ἵνα
669 1662 761 1720 οὖν
796 1668 1045 1738 μένωμεν
1094 1668 1154 1720 ἐν
1198 1670 1319 1732 ταῖς
1375 1667 1682 1739 βασιλικαῖς
1720 1673 1858 1724 ἁπο-

258 1725 502 1825 ᾟῖὴκαις,
540 1756 616 1828 μὴ
646 1725 1086 1828 προδέίιμενιτοῖς
1130 1725 1396 1823 κλέπταις
1426 1759 1518 1817 τὸν
1564 1725 1864 1834 πολυτίμη-
1894 1725 1937 1784 Β

284 1859 375 1899 τον
401 1847 774 1919 μαργαρίτην,
812 1848 872 1902 ὃν
909 1849 1337 1922 ὲπιστεύθημεν.

765 2193 1155 2248 ΚΕΦΑΛΔΙΟΝ
1189 2194 1393 2268 nu).

357 2286 484 2342 133.
514 2286 625 2340 Καὶ
648 2285 1045 2355 ἐπιλήψονται
1076 2286 1228 2341 ἑπτὰ
1247 2286 1530 2358 γυναῖκες
1558 2290 1872 2360 ἀνθρώπου

290 2376 447 2443 ἐνὸς,
489 2372 801 2446 λέγουσαι,
836 2376 949 2431 Τὸν
983 2376 1168 2446 ἄρτον
1209 2376 1379 2447 ἡμῶν
1415 2380 1738 2450 φαγόμεϐα,
1774 2380 1876 2435 καὶ

290 2468 365 2523 τὰ
398 2468 598 2539 ἱμάτια
628 2467 798 2537 ήμῶν
832 2469 1324 2538 περιϐαλούμεθα,
1368 2469 1537 2539 πλὴν
1573 2470 1638 2524 τὸ
1689 2469 1875 2540 ὄνομά

292 2576 410 2614 σου
440 2561 760 2629 κεκλήσθω
801 2561 894 2630 ἐφ’
923 2560 1113 2630 ἡμᾶς·
1158 2558 1347 2629 ἄφελε
1392 2560 1500 2614 τὸν
1532 2559 1877 2629 ὀνειδισμὸν

291 2650 394 2719 ἀφ’
438 2649 627 2719 ἡμῶν.
691 2650 775 2715 Ὠς
834 2650 973 2723 πρὸς
1032 2649 1093 2703 τὸ
1151 2649 1335 2722 ῥητὸν,
1393 2648 1540 2703 δοκεῖ
1589 2648 1875 2718 ὀλιγότητα

258 2784 265 2788 .
292 2740 502 2816 ἀνδρῶν
544 2742 610 2795 ἐκ
648 2741 903 2811 πολέμων
932 2740 972 2811 ,ἢ
1003 2740 1176 2794 νόσων
1210 2740 1612 2810 ἐπιγενομένων
1650 2738 1729 2810 τῷ
1760 2738 1876 2808 λαῷ

294 2835 417 2890 κατ’
466 2834 635 2906 ὀργὴν
673 2831 768 2885 τοῦ
794 2831 930 2885 Θεοῦ
972 2834 1001 2884 ὁ
1031 2832 1189 2900 λόγος
1217 2830 1523 2902 σημαίνειν,
1559 2829 1699 2884 ὥστε
1735 2830 1877 2902 ὑπὲρ

292 2926 388 2980 τοῦ
424 2926 501 2997 μὴ
542 2924 732 2993 ἄγονον
763 2919 901 2977 εἶναι
933 2922 1067 2995 μηδὲ
1099 2925 1340 2994 στεῖραν,
1385 2921 1528 2993 ἅπερ
1577 2924 1633 2974 ὲν
1662 2921 1877 2992 κατάρᾳ

1957 472 2193 541 pleutur,
2232 474 2410 529 studio
2444 475 2612 530 multo
2651 484 2814 546 atque
2859 475 3130 547 diligentia
3164 486 3533 542 asservantur,

1956 573 2398 636 seponunturque
2425 566 2478 620 in
2509 567 2640 622 tutis
2664 569 2860 622 aedium
2892 568 3139 637 partibus
3172 576 3228 623 et
3259 568 3313 623 in
3355 567 3541 623 excel-

1957 656 2034 711 sis
2063 654 2216 712 locis.
2250 657 2430 726 Atque
2482 658 2813 713 adhibentur
2865 667 3068 726 vectes,
3100 660 3302 723 claves,
3338 658 3537 728 sigilla,
3616 682 3617 685 η

1959 748 2242 811 custodes.
2273 763 2338 803 ac
2374 750 2587 804 tandem
2629 751 2845 817 omnia,
2877 765 2995 820 qua:
3042 750 3110 805 ad
3162 751 3437 806 munimen
3483 759 3539 805 et

1958 838 2254 893 custodiam
2282 848 2409 894 sunt
2430 840 2757 911 excogitata.
2780 839 2886 896 Sed
2910 848 3195 911 postquam
3220 855 3394 910 capsae
3424 841 3541 895 istm

1958 929 2275 998 supellectili
2314 943 2442 987 sunt
2485 932 2800 998 exinanitae,
2828 933 2942 1002 jam
2970 932 3231 1004 neglectae
3264 942 3321 988 et
3345 932 3543 987 dereli-

1958 1031 2093 1086 σιω,
2129 1025 2463 1093 contemptui
2497 1024 2787 1079 habentur.
2822 1023 2947 1079 Haec
2975 1032 3030 1079 et
3058 1024 3216 1080 nobis
3273 1024 3489 1095 prosint
3522 1038 3541 1079 :

1958 1112 2159 1183 quippe
2182 1127 2260 1168 ea;
2291 1115 2515 1183 animm,
2541 1130 2661 1186 quae
2696 1117 2844 1171 verbi
2877 1117 3043 1172 divini
3084 1117 3286 1173 donum
3318 1132 3544 1188 accepe-

1962 1213 2107 1269 runt,
2135 1204 2500 1274 pretiosarum
2530 1220 2711 1260 rerum
2754 1206 2911 1261 facta;
2965 1215 3094 1262 sunt
3138 1207 3435 1277 apothecae,
3469 1207 3548 1262 di-

1958 1311 2076 1364 gnae
2126 1298 2310 1367 utique
2340 1313 2461 1368 quae
2494 1299 2546 1353 in
2588 1299 2788 1354 divinis
2830 1300 3099 1356 thesauris
3154 1300 3542 1373 recondantur.

1958 1387 2094 1441 Cum
2129 1396 2309 1442 autem
2350 1390 2701 1461 deprehensae
2726 1389 2931 1446 fuerint
2969 1391 3169 1447 divinis
3209 1388 3547 1447 ornamentis

1962 1494 2167 1547 vacuze,
2207 1480 2640 1537 humiliabuntur
2669 1491 2857 1551 utpote
2903 1482 3149 1553 abiectae,
3177 1481 3315 1536 etde
3340 1479 3547 1535 inutili-

1961 1574 2074 1625 late
2116 1572 2403 1628 damnatae.
2450 1575 2580 1628 Eam
2608 1575 2678 1629 ob
2720 1589 2834 1629 rem
2881 1572 3121 1640 Inutilis,
3147 1573 3343 1643 inquit,
3367 1573 3547 1641 factus

1962 1675 2035 1719 est
2058 1662 2364 1731 Jechonias,
2388 1667 2523 1721 sicut
2552 1683 2663 1732 ras,
2698 1667 2851 1737 cujus
2881 1666 3058 1721 nullus
3092 1675 3171 1721 est
3194 1682 3321 1721 usus
3343 1666 3411 1718 ⁷⁸.
3441 1664 3553 1719 Ita.

1968 1770 2074 1823 que
2106 1764 2165 1810 ut
2197 1770 2513 1811 maneamus
2541 1755 2595 1811 in
2630 1756 2900 1825 regalibus
2927 1755 3223 1826 apothecis.
3255 1755 3549 1824 pretiosam

1971 1844 2112 1899 hanc
2171 1843 2521 1915 margaritam
2578 1843 2737 1898 nobis
2784 1844 3149 1900 concreditam
3206 1841 3418 1898 furibus
3479 1855 3551 1897 no

1970 1937 2279 2005 prodamus.

2581 2202 2812 2260 CAPUT
2853 2205 2943 2263 IV.

2042 2290 2165 2346 1⁸55.
2206 2289 2371 2347 Vens.
2422 2291 2477 2347 Ι.
2533 2288 2603 2346 Et
2645 2293 3031 2361 apprehendent
3072 2302 3261 2359 septem
3304 2292 3548 2348 mulieres

1970 2384 2232 2439 hominem
2256 2401 2439 2450 unum,
2468 2385 2697 2439 dicentes
2714 2400 2734 2439 :
2759 2383 2963 2441 Panem
2990 2397 3227 2441 nostrum
3259 2386 3551 2441 manduem

1972 2473 2163 2537 bimus.
2184 2484 2235 2529 et
2258 2475 2576 2530 vestimentis
2608 2477 2803 2531 nostris
2830 2479 3123 2546 aperientur
3144 2494 3163 2533 :
3184 2488 3428 2534 ceterum
3451 2497 3550 2534 no-

1976 2581 2093 2619 men
2130 2576 2279 2619 tuum
2304 2577 2515 2621 vocetur
2559 2583 2721 2637 super
2759 2584 2853 2623 nos
2889 2581 2909 2620 :
2949 2569 3104 2638 aufer
3150 2572 3482 2640 opprobrium
3518 2590 3553 2626 a

1978 2654 2148 2708 nobis.
2179 2655 2259 2708 Ad
2288 2655 2525 2710 litteram
2564 2656 2709 2725 quod
2737 2657 2951 2722 attinet,
2974 2657 3138 2730 472
3166 2662 3431 2717 sententia
3455 2661 3556 2717 ist-

1978 2745 2093 2798 baec
2129 2745 2366 2799 virormn
2403 2747 2731 2814 paucitatem
2778 2763 2899 2818 quae
2949 2749 3001 2804 lu
3051 2752 3248 2821 populo
3272 2768 3340 2809 ex
3373 2753 3554 2823 bellis,

1979 2848 2072 2889 aut
2102 2837 2304 2891 morbis
2346 2840 2414 2893 ob
2451 2838 2542 2892 Dei
2574 2838 2709 2892 iram
2746 2841 3068 2912 contigerat,
3101 2845 3315 2901 videtur
3342 2846 3556 2918 signiti-

1987 2941 2133 2982 care.
2180 2924 2364 2997 Itaque
2393 2944 2462 2985 ne
2504 2946 2607 2999 qua
2662 2929 2945 2988 infecunda
2990 2944 3085 2990 aut
3133 2938 3337 2993 sterilis
3388 2950 3553 3009 esset,

292 3021 408 3083 τοῖς
438 3018 604 3072 πάλαι
628 3016 953 3085 λελόγισται,
987 3014 1323 3088 ἀπερυθριᾷν
1359 3012 1457 3079 τάς
1488 3016 1753 3081 γυναῖκας
1784 3014 1878 3067 καὶ

1982 3020 2125 3086 quod
2177 3029 2466 3089 utrumque
2524 3022 2664 3089 apud
2714 3031 2925 3079 veteres
2975 3024 3264 3083 maledicto
3309 3029 3411 3084 fuit
3454 3005 3556 3087 ob;

295 3110 416 3174 ἑνὸς
443 3109 635 3181 ἀνδρὸς
670 3107 886 3171 πλείους
917 3105 1403 3178 ἐπιλαμϐάνεσθαι,
1443 3105 1539 3159 καὶ
1562 3106 1653 3158 τὸν
1689 3105 1779 3159 ἐπὶ
1808 3107 1874 3176 τῇ

295 3199 605 3272 προστασίᾳ
632 3198 892 3251 πλειόνων
915 3196 1191 3267 γυναικῶν
1217 3197 1406 3266 ἀγῶνα
1430 3196 1595 3252 αὐτοῦ
1622 3213 1880 3269 παραμυο

295 3291 566 3362 θουμένας
602 3290 817 3358 λέγειν’
865 3288 974 3343 Τὸν
1010 3289 1193 3357 ἄρτον
1215 3289 1386 3358 ἡμῶν
1417 3291 1741 3359 φαγόμεθα,
1779 3287 1879 3341 καὶ

294 3385 370 3439 τὰ
391 3382 593 3453 Ιμὰτια
621 3382 733 3453 (l5)
764 3379 932 3449 ἡμῶν
960 3382 1447 3451 περιϐαλούμεθα.
1467 3380 1647 3450 Ἀφεὶς
1674 3376 1766 3434 οὖν
1784 3380 1881 3450 τὴν

294 3476 393 3529 ἐπὶ
424 3473 504 3545 τῷ
528 3473 781 3546 πορισμῴ
812 3473 1115 3539 ἀναγκαίαν
1152 3471 1444 3544 μέριμναν,
1478 3472 1540 3525 τὸ
1572 3471 1740 3543 ὄνομά
1787 3488 1879 3524 σου

295 3566 504 3640 χρῆσον
538 3567 673 3636 ἡμῖν
710 3566 790 3627 είς
820 3563 881 3617 τὸ
911 3563 1190 3632 διαφυγεῖν
1216 3564 1364 3633 ἡμᾶς
1404 3562 1497 3616 τὸν
1524 3562 1618 3616 ἐπὶ
1654 3564 1721 3633 τῇ
1755 3563 1883 3633 ὲρη-

300 3658 403 3728 μίᾳ
433 3654 753 3725 ὀνειδισμόν.
785 3655 859 3708 Τὸ
884 3654 985 3725 μὲν
1017 3655 1161 3708 κατὰ
1184 3653 1354 3720 λέξιν,
1382 3652 1569 3707 τοῦτο·
1603 3656 1637 3724 ἡ
1674 3654 1732 3706 δὲ
1758 3653 1885 3706 ὑπό-

296 3767 420 3803 νοια
478 3748 573 3803 καὶ
624 3748 717 3802 ἐπὶ
754 3746 1013 3818 μειζόνων
1065 3745 1678 3819 ἔρευνανηπροκαλεῖται
1724 3744 1882 3816 ἡμῶν

298 3842 392 3895 τὸν
418 3841 563 3893 νοῦν.
606 3840 693 3902 Ὠς
726 3835 821 3893 οὖν
857 3842 916 3893 ὲν
954 3839 1103 3908 τόπῳ
1138 3838 1494 3911 δυσθεωρήτῳ
1525 3838 1621 3891 καὶ
1657 3838 1792 3891 πολὺ
1823 3839 1884 3891 τὸ

300 3930 734 4001 ἑπεσκιασμένον
782 3932 847 3984 ὲκ
874 3931 972 4001 τῆς
992 3930 1259 4000 ἀσαφείας
1291 3928 1489 4000 ἔχοντι,
1542 3927 1764 4000 τοιαύτη
1799 3945 1884 3992 τις

300 4023 437 4093 ἡμῖν
468 4019 730 4092 περὶτῶν
762 4019 902 4073 ἑπτὰ
924 4019 1197 4088 γυναικῶν
1232 4019 1409 4073 ἔννοια
1452 4019 1768 4086 ὑποπίπτει,
1803 4020 1884 4073 ὅτι

302 4110 576 4182 πολλαχοῦ
604 4111 697 4165 καὶ
724 4111 753 4163 ό
776 4110 890 4181 βίος
914 4106 1068 4173 οὗτος
1094 4112 1190 4164 καὶ
1228 4113 1257 4165 ό
1284 4109 1426 4164 κατά
1454 4111 1633 4181 σάρκα
1668 4109 1885 4181 Ἰσραὴλ

302 4205 400 4259 επὶ
429 4204 526 4258 τοῦ
569 4203 677 4275 (16)
713 4202 853 4257 ὲπτά
895 4202 1282 4273 λαμϐάνονται.
1329 4203 1388 4253 '0
1427 4201 1526 4274 μὲν
1560 4202 1689 4273 περὶ
1719 4202 1789 4255 τὰ
1828 4202 1887 4254 ἐν

302 4295 518 4366 γενέσει
559 4295 861 4368 πράγματα
915 4295 1122 4365 χρόνος,
1167 4292 1300 4346 διότι
1347 4293 1454 4345 ἀπὸ
1490 4291 1631 4345 ἐπτά
1662 4290 1885 4363 ἡμερῶν

1983 3110 2202 3163 noxium
2224 3109 2291 3175 ⁷³,
2326 3111 2580 3166 mulieres
2625 3112 2805 3182 plures
2847 3117 2992 3171 omni
3023 3122 3230 3189 pudore
3257 3122 3429 3191 posito
3455 3138 3557 3195 ap-

1984 3199 2328 3268 prehendunt
2356 3202 2532 3256 virum
2567 3219 2731 3258 unum
2754 3244 2771 3269 ,
2807 3216 2968 3276 atque
3032 3210 3331 3267 molestiam
3394 3228 3559 3285 quam

1985 3290 2034 3345 ei
2057 3290 2188 3346 illud
2217 3290 2271 3349 in
2304 3291 2488 3361 plures
2514 3295 2772 3351 mulieres
2803 3299 3040 3370 regimen
3072 3302 3332 3358 exhibere
3355 3309 3560 3373 potuis-

1986 3389 2089 3444 set,
2143 3380 2398 3436 solaturat
2431 3382 2621 3437 dicunt
2650 3400 2666 3437 :
2706 3383 2908 3439 Panem
2938 3397 3177 3445 nostrum
3211 3392 3559 3450 manducabi—

1986 3486 2124 3536 ntus,
2153 3481 2201 3525 et
2219 3471 2539 3527 uestimentis
2568 3475 2759 3530 nostris
2784 3477 3095 3546 aperientur.
3127 3481 3205 3536 Ea
3231 3482 3392 3554 igitur
3406 3487 3561 3543 solli-

1987 3560 2225 3614 citudine
2254 3576 2374 3631 quae
2400 3564 2467 3618 ad
2490 3573 2755 3634 quaestum
2780 3566 3085 3624 faciendum
3115 3575 3421 3631 necessaria
3448 3587 3559 3643 est,

1987 3654 2189 3708 omissa
2216 3668 2410 3709 nomen
2441 3664 2588 3710 tuum
2617 3657 2770 3713 nobis
2802 3662 3117 3728 commoda,
3154 3674 3213 3719 ut
3245 3668 3563 3726 solitudinis

1988 3752 2187 3797 nostrae
2209 3746 2469 3812 probrum
2497 3745 2814 3818 eﬂ'ugiamus
2843 3758 2898 3804 et
2930 3751 3185 3809 dedecus.
3204 3754 3330 3813 Haec
3348 3768 3432 3814 est
3457 3763 3564 3817 uti-

1989 3847 2095 3903 que
2126 3835 2309 3889 nativa
2339 3844 2392 3889 et
2419 3838 2637 3907 propria
2665 3840 2949 3895 verborum
2975 3842 3299 3913 significatio
3324 3866 3341 3903 :
3368 3864 3563 3907 sensus

1990 3933 2166 3979 autem
2193 3925 2452 3995 ﬁguratus
2476 3930 2542 3983 ad
2571 3928 2774 3994 majora
2798 3932 3166 4004 investiganda
3189 3948 3425 3997 mentem
3461 3958 3562 3998 no-

1990 4025 2162 4071 stram
2199 4015 2414 4073 invitat.
2442 4020 2905 4085 Quemadmodum
2934 4025 3101 4095 igitur
3129 4028 3176 4084 st'
3217 4044 3564 4088 versaremur

1991 4107 2045 4162 in
2070 4107 2188 4163 loco
2211 4124 2372 4179 quem
2405 4113 2719 4181 conspicere
2749 4114 2837 4169 vix
2866 4117 3077 4186 possis,
3105 4131 3374 4191 quemque
3415 4133 3566 4181 tene-

1991 4198 2104 4254 brae
2130 4199 2308 4255 multae
2337 4203 2585 4270 operiant
2631 4206 2701 4260 ob
2732 4208 3152 4278 obscuritatem;
3179 4213 3381 4285 aliquid
3412 4216 3562 4287 ejus—

1994 4290 2138 4346 modi
2162 4291 2226 4347 de
2247 4292 2330 4347 his
2357 4302 2564 4363 septem
2596 4297 2913 4354 mulieribus
2941 4305 3273 4371 cogitamus,
3306 4307 3564 4364 nimirum

302 4367 796 4459 ἀνακυκλουμένων
841 4385 1160 4459 πληροῦται.
1204 4387 1364 4439 Ὅθεν
1412 4385 1505 4438 καὶ
1550 4388 1579 4438 ὁ
1620 4386 1759 4456 μετά
1788 4387 1888 4456 τὴν

1995 4383 2139 4450 quod
2174 4392 2229 4439 et
2268 4386 2374 4439 vita
2424 4385 2559 4453 haec,
2599 4397 2656 4442 et
2694 4389 2740 4444 is
2784 4391 2876 4460 qui
2917 4367 3212 4450 secundum
3236 4367 3453 4454 carnem
3481 4410 3569 4456 est

304 4478 641 4534 κατάστασιν
665 4477 866 4551 ταύτην
898 4476 1053 4543 αἰὼν,
1085 4476 1266 4547 ὀγδόη
1296 4476 1510 4548 εἴρηται
1551 4477 1611 4529 ἐν
1643 4479 1709 4548 τῇ
1742 4476 1887 4548 Γρα-

382 4699 431 4740 ν⁸
458 4696 659 4755 Jerem.
694 4713 831 4762 ml,
864 4697 956 4753 28.
1030 4698 1077 4731 "
1100 4697 1254 4755 Deut.
1286 4712 1385 4760 vn,
1415 4709 1502 4751 te.

386 4917 499 4989 (ll)
522 4898 742 4989 Antiqui
771 4915 1009 4989 quinque
1042 4913 1187 4978 libri,
1209 4912 1591 4989 ἀποκείμεναι.
1617 4911 1760 4989 Editt
1800 4928 1889 4989 sn-

308 4982 763 5057 Ιί.’ἀποκείμενα.
792 4982 1088 5065 Ἀιίσιιαημο
1123 4995 1244 5065 post
1276 4982 1468 5065 editi.“
1490 4985 1569 5048 ὡς
1608 4982 1892 5065 ἠμελημέ-

310 5075 405 5121 να,
434 5054 881 5136 ιςεοιείιῃμιοὺίε
907 5054 1123 5119 quidem
1155 5054 1387 5135 videtur.
1431 5054 1689 5136 Puta-mus
1724 5056 1891 5136 igitur

313 5131 435 5206 haec
451 5127 523 5206 i‘ta
549 5124 897 5206 intelligenda
922 5138 1062 5185 esse,
1076 5123 1237 5206 guasi
1264 5125 1527 5192 scriptum
1554 5124 1762 5206 inisset,
1782 5123 1887 5205 ξως

316 5195 421 5267 μὲν
454 5194 522 5249 ἂν
548 5191 1049 5266 ταῦτα’πράγματα
1074 5191 1194 5262 ἔχῃ,
1222 5203 1355 5254 etc..
1381 5191 1629 5258 'quandiu
1659 5209 1740 5247 res
1756 5194 1890 5262 ejus-

312 5265 462 5319 modi
505 5266 810 5342 pretio_sam_
837 5263 1204 5342 supellectilem
1242 5262 1520 5342 includunt
1556 5273 1680 5342 _etc.
1728 5264 1885 5342 Quod

313 5349 441 5416 cum
465 5332 569 5388 non
595 5334 1090 5416 animadverterent
1137 5332 1363 5397 librarii,
1401 5347 1498 5416 pro
1544 5333 1883 5416 ἀποκείμενα

314 5405 688 5471 scripserunt,
734 5401 1113 5472 ἀποκείμεναι,
1164 5409 1229 5455 ut
1270 5415 1373 5455 vox
1409 5401 1771 5474 ἀποκείμεναί
1831 5405 1898 5459 ad

315 5488 508 5529 vocem
532 5473 699 5546 θῆκαι
745 5474 933 5527 referri
989 5480 1192 5540 posset.
1226 5473 1297 5524 At.
1328 5472 1517 5527 vocula
1540 5473 1616 5537 ὡς
1651 5476 1703 5528 in
1735 5475 1898 5544 quin-

314 5557 426 5615 que
443 5559 575 5598 mss.
603 5547 770 5599 deest.

390 5611 505 5684 (12)
537 5614 627 5667 δίο
667 5612 835 5666 nostri
874 5611 995 5666 libri
1037 5622 1270 5670 veteres.
1300 5612 1442 5671 Editi
1475 5627 1625 5685 vero,
1670 5613 1780 5671 τῶν
1806 5632 1891 5670 τι·

318 5678 466 5755 βίων
486 5682 730 5755 κόσμων,
752 5682 998 5752 pretiosis
1033 5686 1377 5743 ornamentis.

435 5700 466 5737 ν
486 5700 730 5750 κοσμων,
752 5700 998 5750 pretiosis
1033 5700 1377 5743 ornamentis.

934 5416 1113 5472 μεναι,
1164 5409 1373 5474 ιιιγνοκ
1409 5402 1771 5474 ἀποκείμεναι
1831 5405 1899 5459 ad

1994 4471 2159 4561 Israel
2194 4490 2293 4545 per
2333 4480 2699 4547 septenarium
2731 4496 3018 4538 numerum
3060 4485 3380 4560 plerumque
3417 4490 3569 4548 desi-

2064 4913 2185 4999 ,(15)
2220 4917 2371 4984 Apud
2568 4959 2584 4984 ,
2626 4933 2724 4989 pro
2761 4919 3037 4999 ἠχρειὼοῃ
3068 4921 3262 4999 legitur
3294 4926 3570 4999 ἠτιμώθη,

1998 4983 2369 5044 inhonorati“.
2417 4983 2640 5043 lbidetn'
2683 4983 3187 5047 vetti's'tjorttl'teti‘s'ii
3229 4983 3404 5050 cnd'ex'
3447 4983 3570 5053 cuni

1997 5053 2119 5108 aliis
2177 5059 2367 5126 tribus,
2417 5058 2610 5123 σκεῦος
2661 5054 2743 5118 οὗ.
2779 5063 2929 5116 Alter
2975 5073 3032 5118 et
3060 5065 3209 5127 editi,
3239 5065 3434 5131 σκεῦος
3474 5062 3573 5134 ὧν,

1995 5136 2419 5268 ῗοὶἷῖίῗεῖίιιιιηε
2482 5198 2658 5255 nullus
2708 5200 2761 5253 in
2809 5216 2940 5256 mss.
2990 5202 3199 5268 positus
3254 5212 3357 5258 est.
3417 5204 3573 5260 Haud

1992 5258 2439 5402 :ﬁég‘ceévquinque
2472 5285 2628 5331 ωδε..
2683 5272 2778 5326 καὶ
2806 5272 2876 5326 τὰ
2926 5258 3136 5343 ἱμάτια.
3190 5273 3357 5339 Editi,
3388 5258 3577 5330 καῖτδ

2064 5406 2176 5484 (Ιᾷ)
2211 5407 2306 5484 llic
2337 5419 2546 5484 veteres
2567 5408 2674 5484 du_u
2714 5409 2831 5484 libri
2866 5425 3073 5484 rursus,
3106 5414 3201 5484 xui.
3244 5413 3304 5466 τὸ
3336 5413 3576 5484 ἱμάτιον.

2007 5474 2199 5530 Statim
2221 5479 2374 5541 editi,
2401 5479 2654 5550 πορισμῷ
2677 5479 2786 5532 τῶν
2809 5474 3139 5549 ἀναγκαίων.
3164 5483 3234 5537 At
3262 5474 3393 5539 mss.
3420 5486 3581 5540 auin-

2004 5559 2111 5614 que
2138 5557 2196 5600 ut
2219 5550 2273 5605 in
2315 5561 2589 5604 contextu.

1999 5613 2187 5737 τῶρϐ)
2231 5616 2378 5676 Libri
2421 5621 2656 5691 quinque
2697 5620 2927 5693 antiqui,
2978 5621 3072 5678 ἐπὶ
3111 5622 3227 5681 τοῦ.
3271 5624 3441 5694 Editi,
3480 5622 3553 5682 ιττ
