3828 6216
253 327 360 386 535

1207 310 1552 370 APPENDIX
1588 306 1874 366 OPERUM
1914 305 1972 362 8.
2015 303 2266 361 BASlLll
2305 300 2547 359 MAGNI.

3419 282 3530 342 556

257 452 512 513 grientur.
531 439 769 509 Tempus
785 437 1001 508 quidem
1030 435 1083 492 in
1117 436 1279 491 rebus
1303 434 1457 489 initio
1477 431 1726 488 creandis
1749 429 1830 482 in-

1960 430 2012 499 ρῇ
2037 443 2053 457 ⁸
2094 427 2188 480 καὶ
2216 423 2422 495 ψαλμοὶ
2464 422 2604 490 ὑπὲρ
2643 417 2744 489 τῆς
2782 414 3035 486 ὀγδόης,
3071 408 3192 463 ἀντὶ⁵
3227 403 3529 516 τοκῦζὲἱπέρ

257 542 530 602 sumptum
562 531 926 602 signiﬁcatur,
966 527 1092 596 quia
1115 537 1331 596 septena
1364 525 1573 580 dierum
1604 536 1832 576 conver-

258 628 412 683 sione
455 641 518 680 ac
564 623 885 678 circuitione
930 619 1314 691 completur".
1350 617 1502 672 Unde
1531 625 1585 670 et
1622 612 1836 668 aeterni-

259 728 340 772 tas
368 725 572 772 statum
622 715 767 769 hunc
814 722 1087 781 secutura,
1120 713 1175 766 in
1230 710 1514 777 Scriptura
1565 707 1709 762 dicta
1753 713 1839 760 est

262 808 481 864 Octava.
518 807 654 863 llinc
695 806 886 878 psalmi
929 821 1026 875 pro
1064 814 1247 859 octava
1270 802 1341 867 ⁸⁸,
1379 801 1430 856 id
1453 808 1557 863 est,
1592 812 1691 867 pro
1733 812 1836 850 sae-

258 902 380 955 culo
412 900 536 956 huic
569 899 799 969 tempori
838 911 1183 953 successuro.
1219 895 1324 950 Sed
1364 903 1418 948 et
1453 891 1544 962 qui
1583 890 1637 943 in
1667 888 1841 941 mani-

256 993 396 1048 festo
419 1001 542 1046 sunt
566 991 820 1061 Judaei“,
843 1001 899 1048 et
929 992 1167 1061 ipsorum
1197 986 1437 1057 regimen
1473 995 1618 1061 saepe
1649 980 1718 1034 de
1753 995 1840 1034 se-

256 1085 503 1155 ptenario
545 1098 772 1139 numero
825 1083 1183 1152 accipiuntur.
1226 1078 1343 1142 Da,
1372 1058 1589 1144 inquit,
1631 1083 1838 1142 partem

257 1174 386 1241 ipsis
415 1182 631 1243 septem,
659 1183 704 1228 et
731 1174 943 1245 quidem
967 1171 1092 1238 ipsis
1122 1178 1235 1223 octo
1259 1168 1327 1220 ⁸³.
1358 1166 1492 1220 Nam
1517 1165 1837 1220 Testamen-

260 1272 396 1327 tum,
428 1273 539 1316 tum
566 1262 753 1328 Vetus,
780 1274 892 1317 tum
936 1261 1167 1325 Novum,
1197 1257 1564 1313 testimonium
1596 1256 1840 1324 accipere

262 1353 480 1417 debent,
509 1352 651 1422 quod
690 1352 911 1407 veniant
939 1365 968 1404 a
999 1348 1131 1418 Deo,
1167 1360 1439 1415 unamque
1468 1355 1711 1399 mutuam
1752 1358 1841 1398 so-

262 1443 513 1498 cietatem
546 1445 725 1499 ineant
755 1457 821 1496 ac
854 1440 1227 1496 concordiam.
1256 1434 1724 1505 ltaque'mulieres
1756 1448 1842 1487 se-

260 1544 410 1602 ptem
441 1532 763 1587 adumbrant
798 1530 962 1587 Vetus
987 1528 1424 1584 Testamentum.
1457 1526 1843 1596 Apprehentlet

263 1623 538 1679 hominem
588 1637 778 1687 unum,
811 1622 1127 1685 Dominum,
1160 1619 1252 1688 qui
1304 1633 1409 1671 non
1462 1632 1601 1671 unus
1637 1625 1721 1670 est
1773 1629 1840 1668 ex

263 1712 468 1776 multis,
487 1712 580 1767 sed
615 1721 797 1765 tamen
821 1725 960 1764 unus
988 1718 1092 1763 est.
1120 1706 1340 1770 Dicunt,
1361 1704 1563 1758 Panem
1599 1712 1840 1758 nostrum

2060 516 2198 587 μετὰ
2222 493 2314 567 τὸν
2336 493 2539 583 χρόνον
2571 506 2759 561 τοῦτον
2789 504 3005 566 αἰῶνος.
3032 495 3307 568 Πολλαχοῦ
3342 494 3400 547 δὲ
3431 493 3528 546 καὶ

1935 610 1987 663 οἱ
2026 584 2083 662 ἐν
2109 605 2188 677 τῷ
2223 602 2442 675 φανερῷ
2484 599 2748 659 Ἰουδαῖοι,
2777 596 2873 649 καὶ
2905 595 2939 664 ἡ
2965 590 3108 646 κατὰ
3132 586 3330 650 αὐτοὺς
3370 584 3526 636 πολι-

1935 700 2054 753 τεία
2111 673 2204 751 ἐπὶ
2237 673 2338 750 τοῦ
2367 673 2513 747 Ϋέπτὰ
2545 689 2935 761 λαμϐάνονται.
2972 683 3084 749 Δὸς
3110 677 3340 751 μερίδα,
3369 673 3525 746 φησὶ,

1937 791 2061 857 τοῖς
2081 788 2249 853 ἑπτὰ,
2294 786 2396 840 καί
2429 801 2497 854 τε
2523 782 2648 848 τοῖς
2677 777 2829 833 ὀκτώ
2849 795 2861 808 ·
2907 776 2984 839 ὡς
3027 774 3122 827 καὶ
3160 773 3259 841 τῆς
3280 767 3526 828 nauta;

1938 882 2211 952 Διαθήκης
2241 876 2565 948 ὀφειλούσης
2594 871 2780 926 λαϐεῖν
2811 887 2931 924 τινα
2960 863 3267 939 μαρτυρίαν
3295 859 3405 913 ἀπὸ
3429 856 3525 910 τοῦ

1936 973 2071 1029 Θεοῦ
2092 950 2279 1042 -ἧκειν,
2331 972 2425 1023 καὶ
2456 970 2553 1041 τῆς
2588 965 2819 1035 Καινῆς,
2868 961 2963 1015 καὶ
2993 960 3073 1021 είς
3105 955 3231 1026 μίαν
3265 950 3526 1042 ἀλλήλαις

1938 1066 2110 1121 ἐλθεῖν
2127 1041 2476 1134 συμφωνίαν.
2514 1061 2581 1113 Δί
2606 1054 2699 1113 οὖν
2728 1054 2869 1110 ἑπτὰ
2896 1052 3175 1121 γυναῖκες,
3214 1046 3248 1115 ἠ
3281 1041 3527 1134 Διαθηκη

1937 1161 1973 1232 ἡ
2006 1132 2613 1226 Παλαιόι·ἐπιλήψεται
2658 1147 2945 1221 ἀνθρώπου
2992 1140 3132 1232 ἐνὸς,
3170 1135 3265 1232 τού
3297 1132 3525 1204 Κυρίου,

1937 1226 1997 1315 δς
2016 1250 2134 1320 οὐχὶ
2153 1245 2233 1313 εἷς
2254 1245 2361 1301 τῶν
2390 1244 2600 1299 πολλῶν
2627 1243 2791 1304 ἐστιν,
2820 1237 2932 1291 ἀλλ’
2963 1229 3043 1296 εἷς
3068 1234 3215 1285 ἐστι·
3245 1226 3525 1320 λέγουσαι,

1938 1314 2020 1396 ὅτι
2056 1314 2165 1394 τίον
2188 1338 2370 1408 ἄρτον
2415 1333 2584 1406 ἡμῶν
2607 1331 2930 1404 φαγόμεθα,
2974 1322 3218 1378 τουτέστι
3255 1314 3529 1408 μενοξμεγ

1942 1432 2052 1502 (17)
2078 1429 2171 1482 ἐπὶ
2204 1397 2298 1480 τοῦ
2331 1397 2832 1497 ἡμετέρου-μέτρου
2865 1417 2964 1485 τῆς
2995 1408 3376 1502 ὐιιτοστάσειιος.⁸
3389 1397 3528 1453 Σκιὰ

1938 1495 2048 1594 "rdth
2081 1519 2317 1591 ἐσόμεθα
2344 1495 2452 1571 τῶν
2485 1514 2806 1588 μελλόντων,
2852 1508 2948 1562 καὶ
2977 1496 3330 1594 εἰκόνες-

1943 1581 2371 1684 ρανίων.“Μόνον
2412 1581 2595 1659 τδτοῦ
2626 1597 2863 1674 Χριστοῦ
2896 1596 3066 1665 ὄνομα
3091 1585 3377 1658 κεκλήσθω

1940 1675 2006 1777 τῇ
2037 1703 2267 1774 Παλαιᾷ,
2298 1701 2386 1754 ἵνα
2418 1701 2446 1753 ὁ
2466 1694 2767 1767 ὀνειδισμὸς
2788 1692 2885 1762 τῆς
2908 1684 3209 1759 ἀχρηστίας
3230 1675 3526 1777 ἀιραιρεθῇ.

263 1803 614 1865 comedemus,
651 1801 756 1855 hoc
780 1810 885 1863 est,
910 1799 965 1853 in
991 1808 1174 1853 nostro
1202 1797 1518 1851 substantiae
1553 1797 1711 1849 modo
1736 1809 1843 1847 ma-

1960 1768 2172 1849 lliva‘catt
2216 1768 2273 1847 δὲ
2324 1795 2420 1846 καὶ
2461 1792 2495 1862 ἡ
2541 1783 2833 1856 συναγωγὴ
2879 1777 3113 1851 Ἰσραὴλ,
3164 1768 3533 1870 ἀποθανονῖος

265 1892 533 1948 nebimus.
565 1893 775 1946 Etenim
821 1890 1133 1945 futurorum
1167 1889 1374 1943 erimus
1410 1887 1600 1940 umbra
1633 1886 1705 1949 ⁸⁵,
1739 1900 1847 1939 ete-

1960 1887 2034 1940 :oii
2063 1887 2229 1956 νόμου
2278 1887 2335 1938 ἐν
2368 1876 2413 1950 ᾧ
2453 1857 2756 1949 κατείχετο,
2794 1871 3055 1943 ἐλευθέρα
3084 1864 3350 1937 γενομένη
3389 1857 3529 1932 (19),

264 1984 589 2054 lestiumque
606 1980 1408 2054 imagines.Voceturduntaxat
1428 1994 1625 2034 nomen
1644 1977 1845 2032 Christi

1960 1979 2078 2049 πρὸς
2113 1978 2174 2030 τὸ
2205 1970 2249 2044 ᾧ
2275 1976 2417 2030 θέλει
2455 1971 2788 2043 γαμηθεῖσα,
2827 1964 2902 2037 μὴ
2938 1957 3298 2034 χρηματίζειν
3336 1965 3532 2024 μοιχα-

266 2075 322 2128 in
363 2075 544 2129 Veteri
594 2073 977 2138 Testamento,
1031 2083 1092 2128 ut
1140 2069 1449 2126 inutilitatis
1496 2070 1844 2139 opprobrium

1960 2047 2046 2133 hic.
2072 2067 2149 2139 τῷ
2174 2068 2392 2138 νυμφίῳ
2419 2065 2578 2135 Λόγῳ
2608 2056 2999 2134 προσελθοῦσα,
3028 2051 3123 2107 καὶ
3148 2049 3311 2103 οἱονεὶ
3336 2047 3535 2139 ἐρωτι-

272 2127 571 2219 auferatur.
745 2174 799 2219 et
829 2127 1056 2219 ilsraelis
1084 2178 1374 2235 synagoga,
1403 2175 1464 2215 ea
1491 2127 1597 2230 qua
1635 2161 1846 2215 detine-

2083 2127 2414 2228 ἀντεχομένη
2432 2127 2620 2217 αὐτοῦ,
2636 2127 2814 2220 λέγειν
2833 2164 2846 2180 ο
2877 2146 2946 2200 Τὸ
2963 2139 3151 2212 ὄνομά
3168 2152 3284 2192 σου
3314 2127 3535 2199 κεκλή-

268 2257 428 2311 batur
461 2255 577 2328 lege
607 2256 916 2317 destructa,
939 2255 1051 2323 jam
1082 2255 1253 2310 libera
1304 2251 1468 2315 facta,
1500 2261 1556 2306 et
1595 2253 1678 2306 cui
1722 2251 1847 2305 velit

1960 2256 2071 2307 7οω
2091 2251 2182 2320 ἐφ’
2214 2247 2391 2319 ἡμᾶς.

271 2356 440 2417 nupta
469 2346 540 2413 ⁸³,
567 2354 744 2415 potest
782 2345 963 2399 vocari
1005 2361 1111 2400 non
1184 2344 1432 2398 adultera
1462 2341 1531 2408 ⁸⁸,
1597 2342 1809 2395 tametsi
1860 2342 1925 2395 ad
1965 2313 2217 2412 sponsum
2240 2313 2488 2395 lllerbum
2546 2334 2788 2398 accedit,
2836 2330 2994 2399 eique
3039 2322 3205 2379 veluti
3264 2313 3536 2373 amatorio

270 2440 554 2510 complexu
607 2439 984 2494 adhaerescens
1016 2439 1160 2493 valet
1202 2438 1423 2493 dicere:
1455 2434 1660 2489 Nomen
1696 2444 1844 2489 tuum
1883 2448 2091 2491 vocetur
2111 2451 2267 2503 super
2290 2450 2402 2490 nos.

342 2536 469 2589 154.
501 2533 713 2587 Dictum
763 2540 945 2585 autem
1001 2539 1084 2585 est
1125 2545 1154 2583 a
1200 2528 1556 2595 quibusdam,
1597 2527 1848 2582 mulieres

270 2636 479 2697 septem
519 2631 722 2692 septem
749 2637 871 2677 esse
910 2621 1154 2692 spiritus,
1189 2634 1327 2689 quos
1364 2619 1526 2686 paulo
1564 2629 1686 2688 post
1709 2635 1845 2673 enu-

274 2726 588 2775 meraturus
616 2724 703 2769 est
734 2713 824 2769 ille
860 2713 974 2782 ipse
1002 2712 1261 2782 prapbeta
1282 2751 1299 2776 ,
1353 2720 1607 2780 tanquam
1635 2710 1849 2779 requie-

278 2820 430 2864 turos
460 2822 621 2880 super
645 2820 790 2871 eum,
844 2804 934 2874 qui
956 2819 1018 2860 ex
1054 2803 1237 2858 radice
1286 2801 1437 2858 Jesse
1473 2817 1570 2857 ceu
1604 2800 1705 2855 llos
1732 2811 1850 2856 erat

268 2906 559 2969 empturus
578 2914 591 2951 :
608 2896 876 2967 spiritum,
896 2894 1139 2962 inquam,
1156 2892 1435 2962 sapientia:
1450 2902 1504 2946 et
1520 2891 1845 2958 intellectus,

275 2988 534 3061 spiritum
565 2984 773 3042 consilii
795 2994 848 3040 et
873 2983 1223 3046 fortitudinis,
1251 2984 1500 3052 spiritqu
1530 2983 1768 3037 scientias
1790 2992 1847 3036 et

2026 2528 2146 2584 154.
2177 2497 2416 2599 Ἐἴρηται
2444 2522 2503 2577 δέ
2538 2535 2700 2583 τισιν,
2744 2517 2826 2570 ὅτι
2859 2513 2916 2568 αἱ
2948 2508 3088 2566 ἐπτὰ
3109 2505 3361 2599 γυναῖκες
3391 2497 3535 2553 ἑπτὰ

1953 2615 2240 2691 πνεύματά.
2257 2590 2414 2679 εἰσιν,
2437 2613 2473 2668 ἃ
2502 2611 2696 2685 μικρὸν
2723 2608 2947 2678 ὕστερον
2974 2605 3002 2657 ὁ
3026 2599 3185 2662 αὐτὸς
3205 2590 3358 2658 οὗτος
3375 2607 3534 2691 ’προσ

1953 2683 2130 2782 φήτης
2178 2683 2630 2779 καταριθμεῖ-σθαι
2680 2698 2884 2772 μέλλει,
2939 2694 3016 2757 ὡς
3074 2683 3534 2782 ἐπαναπαυόμενα

1952 2776 2046 2857 ἐτέι
2086 2776 2184 2855 ’τὸν
2220 2803 2285 2853 ἐκ
2321 2776 2425 2868 τῆς
2461 2794 2616 2866 ῥίζης
2666 2790 2865 2845 Ἰεσσαὶ
2897 2783 3211 2853 ἐξανθήσειν
3238 2776 3534 2868 μέλλοντας

1951 2896 2169 2966 πνεῦμα
2222 2891 2414 2960 σοφίας
2460 2888 2555 2942 καὶ
2604 2883 2892 2944 συνέσεως,
2952 2874 3170 2945 πνεῦμα
3212 2868 3405 2941 βουλῆς
3437 2861 3537 2917 καὶ

1955 2956 2156 3059 ἰσχύος,
2189 2956 2407 3054 πνεύμα
2431 2979 2683 3051 γνώσεως
2719 2975 2812 3028 καὶ
2841 2968 3140 3030 εὐσεϐείας,
3179 2960 3398 3032 πνεῦμα
3444 2956 3537 3026 φό-

271 3051 515 3156 pietatis,
544 3079 789 3150 spiritum
816 3074 1025 3131 timoris
1044 3074 1137 3128 Dei
1158 3073 1227 3126 ⁸⁷.
1248 3051 1348 3139 Qui
1380 3073 1597 3144 quidem
1627 3073 1847 3141 spiritus

1960 3051 2044 3133 5οὐ
2072 3076 2240 3132 Θεοῦο
2279 3051 2423 3145 ἅπερ
2478 3070 2566 3125 διὰ
2625 3068 2688 3121 τὸ
2737 3065 2944 3125 πάντας
2994 3058 3256 3119 ἐκκλῖναι,
3300 3051 3395 3107 καὶ¹
3415 3051 3536 3120 ἆμα

164 3204 173 3212 ι
275 3183 563 3246 propterea
586 3168 731 3240 quod
769 3167 1098 3224 declinarent
1118 3178 1329 3228 omnes,
1357 3161 1624 3232 simulque
1659 3162 1849 3216 tierent

279 3264 503 3323 inutiles
527 3262 595 3331 ⁸³,
621 3276 723 3316 nec
745 3261 1011 3316 haberent
1041 3256 1092 3310 in
1127 3271 1235 3326 quo
1271 3263 1517 3310 amanter
1544 3254 1851 3323 requiesce-

270 3362 418 3422 rent,
459 3349 866 3425 apprehendnnt
915 3344 1126 3400 Domini
1174 3345 1470 3409 hominem,
1507 3357 1569 3397 ac
1624 3356 1688 3396 ea
1728 3356 1850 3410 quae

274 3456 403 3505 sunt
433 3444 657 3513 scripta,
692 3439 937 3510 implent.
966 3436 1100 3491 Nam
1136 3434 1361 3504 spiritus
1395 3433 1637 3488 scientize
1659 3441 1714 3486 et
1738 3432 1850 3500 pie-

277 3539 404 3594 tatis
433 3543 609 3599 vacat,
632 3541 689 3589 et
713 3533 919 3586 otiosus
949 3534 1134 3582 manet
1170 3534 1306 3588 tum,
1342 3538 1466 3579 cum
1498 3538 1604 3578 non
1633 3531 1717 3577 est
1757 3523 1846 3591 qui

274 3628 558 3698 intelligat,
599 3622 761 3699 573
806 3628 900 3675 aut
955 3617 1206 3687 exquirat
1269 3614 1440 3669 Deum
1471 3613 1539 3666 ⁸³.
1569 3616 1747 3683 Atque
1797 3614 1850 3667 id

276 3718 570 3775 virtutibus
615 3713 774 3786 quasi
823 3710 1019 3782 probro
1062 3719 1147 3764 est
1182 3716 1236 3762 et
1274 3704 1547 3767 dedecori,
1579 3707 1849 3758 neminem

276 3809 510 3882 reperiri
540 3805 630 3876 qui
666 3818 759 3860 eas
798 3801 1173 3871 amplectatur,
1207 3797 1300 3852 sed
1348 3811 1466 3862 eas,
1508 3796 1686 3851 anima
1733 3811 1851 3864 qua:

276 3902 427 3972 ipsas
485 3896 748 3965 suscipiat
793 3892 1100 3958 deﬁciente,
1139 3903 1262 3944 esse
1311 3896 1572 3957 tanquam
1634 3886 1847 3941 viduas.

278 3993 415 4060 Quia
453 3989 602 4046 enim
628 4002 722 4042 sua
754 3986 994 4055 ipsarum
1029 3980 1435 4051 pulchritudine
1459 3992 1655 4048 capere
1679 3979 1851 4033 nemi-

277 4099 403 4140 nem
427 4087 675 4152 possunt,
711 4077 805 4132 sed
831 4082 1148 4145 permanent
1189 4071 1244 4125 in
1272 4069 1584 4133 solitudine,
1615 4083 1713 4137 per
1749 4068 1852 4122 boc

276 4185 336 4233 et
361 4176 587 4231 virtutes
623 4171 753 4241 ipsa:
792 4166 948 4238 quasi
986 4162 1281 4234 perstringi
1311 4161 1587 4214 videntur.
1613 4159 1717 4226 Qui
1757 4173 1852 4210 au-

277 4276 388 4322 tem
419 4267 471 4321 in
497 4278 557 4319 se
588 4263 705 4330 ipso
727 4270 886 4314 omne
911 4254 1127 4309 virtutis
1154 4265 1324 4323 genus
1349 4263 1558 4305 summe
1588 4258 1643 4303 et
1672 4246 1849 4317 perie-

280 4356 520 4413 ctissime
561 4360 679 4408 erat
719 4349 1215 4410 demonstraturus,
1246 4343 1293 4396 is
1337 4340 1515 4394 aufert
1542 4337 1611 4393 ab
1651 4338 1731 4392 eis
1756 4353 1853 4407 0p—

279 4454 559 4527 probrium
589 4459 643 4505 et
673 4444 1041 4517 ignominiam.
1082 4441 1150 4496 Et
1192 4438 1444 4509 quoniam
1475 4435 1542 4489 ab
1573 4434 1640 4489 iis
1665 4434 1852 4496 etiam,
1886 4427 1930 4481 ι)

281 4524 374 4618 qui
432 4545 597 4599 Deum
646 4537 1003 4608 ignorabant,
1051 4531 1360 4591 scientiam,
1413 4524 1850 4593 intelligentiam,

283 4616 589 4696 consilium,
645 4627 1015 4685 fortitudinem
1040 4666 1056 4690 ,
1089 4620 1404 4691 sapientiam
1430 4656 1445 4682 ,
1495 4616 1856 4686 pietatemque

283 4728 462 4788 excoli
493 4730 826 4793 cmnpertum
854 4724 957 4784 est,
991 4713 1269 4785 postulant
1295 4709 1502 4765 Christi
1539 4718 1735 4760 nomen
1763 4719 1856 4759 su-

284 4838 384 4896 per
414 4835 473 4875 se
503 4813 761 4870 invocari.

356 4909 479 4965 155.
517 4906 680 4960 Vens.
712 4904 766 4956 2.
807 4901 871 4955 In
901 4901 985 4953 die
1016 4905 1193 4951 autem
1239 4891 1334 4947 illa
1382 4888 1711 4960 splendescet
1744 4885 1856 4939 Do-

284 5002 459 5056 minus
505 4998 562 5051 in
594 4994 813 5047 consilio
843 5006 960 5045 cum
989 4988 1159 5058 gloria
1186 4998 1346 5052 super
1369 4991 1589 5044 terram,
1624 4988 1681 5031 ut
1709 4977 1860 5031 exal-

285 5103 356 5149 tet
395 5100 443 5146 et
467 5087 723 5160 gloriﬁcet
749 5083 886 5153 quod
915 5079 1220 5135 derelictum
1246 5081 1325 5129 est
1355 5088 1419 5126 ea;
1448 5070 1643 5125 Israel.
1672 5069 1859 5123 lsthtec

1953 3170 2337 3245 ἁχρειωθῆναι,
2386 3168 2486 3221 οὐκ
2525 3164 2717 3235 ἔχοντα
2747 3152 2791 3226 ᾧ
2825 3152 3269 3210 ἐπαναπαύσεται
3316 3146 3539 3216 ἀγα-κη·-

1951 3236 2080 3329 τῶξ,
2104 3262 2197 3317 τοῦ
2216 3236 2375 3315 ’κατὰ
2396 3260 2487 3310 τὸν
2510 3255 2716 3327 Κύριον
2754 3245 3041 3318 ἀνθρώπου
3063 3241 3359 3312 λαϐόμενα,
3389 3236 3540 3329 ποιεῖ

1953 3356 2021 3411 τὰ
2042 3326 2531 3423 ἀναγεγραμμένα.
2576 3326 2761 3418 Ἄργεϊ
2790 3342 2897 3414 γὰρ
2925 3339 2984 3394 τὸ
3017 3335 3234 3405 πνεῦμα
3265 3331 3367 3400 τῆς
3393 3326 3540 3398 γνὼ-

1954 3466 2092 3512 σεως
2132 3448 2226 3500 καὶ
2264 3444 2364 3513 τῆς
2394 3439 2675 3502 εὐσεϐείας
2710 3439 2767 3491 ἐν
2798 3435 3029 3505 καιροῖς,
3065 3431 3155 3484 ὅτε
3197 3428 3297 3481 οὐκ
3324 3426 3470 3479 ἐστιν
3506 3425 3537 3479 ἐ

1956 3539 2171 3603 συνιὼν,
2224 3537 2325 3590 οὐκ
2357 3534 2504 3587 ἐστιν
2559 3533 2588 3584 ὁ
2645 3527 2888 3600 ἐκζητῶν
2922 3526 3012 3577 τὸν
3044 3523 3211 3576 Θεόνο
3253 3519 3348 3573 καὶ
3372 3516 3538 3571 οἱονεὶ

1954 3631 2152 3694 ὄνειδός
2192 3631 2308 3682 ἐστι
2345 3628 2465 3689 ταῖς
2501 3624 2723 3694 ἀρεταῖς
2754 3620 2815 3672 τὸ
2856 3616 3060 3689 μηδένα
3093 3608 3232 3667 εἶναι.
3271 3610 3360 3664 τὸν
3407 3609 3540 3662 ἀντο

1954 3723 2209 3792 εχόμενον
2237 3717 2440 3779 αὐτῶν,
2489 3713 2603 3768 ἀλλ’
2645 3709 2806 3764 οἱονεὶ
2838 3704 3094 3779 χηρεύειν
3132 3700 3303 3764 αὐτὰς
3328 3697 3540 3770 ἀπορίᾳ

1954 3789 2065 3882 τῆξ
2091 3807 2494 3879 ὑποδεχομένης
2522 3802 2689 3867 αὐτὰς
2722 3799 2920 3871 ψυχῆς.
2953 3796 3026 3850 Τὸ
3055 3795 3164 3865 γὰρ
3200 3790 3403 3864 μηδένα
3436 3789 3535 3842 δυ-

1955 3881 2185 3975 νηθῆναι
2203 3901 2343 3952 ἑλεῖν
2368 3896 2447 3968 τῷ
2479 3894 2664 3963 οίκείῳ
2702 3891 2908 3953 κάλλει,
2939 3887 3052 3942 ἀλλ’
3088 3885 3441 3954 ἐναπομείναι
3464 3881 3539 3953 τῆ

1956 3971 2180 4066 ἐρημίᾳ,
2226 3989 2413 4060 ὥσπερ
2446 3987 2543 4042 καὶ
2576 3983 2684 4037 τῶν
2720 3980 2929 4053 ἀρετῶν
2948 3979 3095 4032 δοκεῖ
3137 3971 3538 4029 καθάπτεσθαι.

1969 4085 2027 4138 '0
2051 4085 2107 4137 δὲ
2138 4086 2196 4137 ἐν
2218 4078 2392 4151 ἐαυτῷ
2414 4076 2525 4149 (20)
2559 4077 2666 4129 πᾶν
2686 4070 2821 4138 εἶδος
2844 4071 3041 4142 ἀρετῆς
3066 4068 3209 4123 κατὰ
3226 4067 3324 4139 τὴν
3358 4067 3542 4136 ἄκραν

1956 4176 2233 4230 τελείωσιν
2278 4167 2645 4225 ἐπιδεικνύναι
2692 4165 2921 4237 μέλλων,
2957 4162 3180 4232 ἀφαιρεῖ
3218 4159 3311 4213 τὸν
3348 4157 3544 4212 ὀνειδι-

1960 4265 2094 4337 σμὸν
2124 4264 2219 4318 ἀπ’
2249 4260 2447 4316 αὐτῶν.
2489 4257 2601 4313 Καὶ
2629 4254 2817 4323 ἐπειδὴ
2850 4252 2946 4306 καὶ
2974 4249 3126 4323 παρὰ
3160 4251 3273 4311 τοῖς
3307 4246 3541 4317 ἀγνοοῦ-

1960 4376 2013 4412 σι
2071 4358 2161 4412 τὸν
2209 4355 2342 4409 Θεὸν
2387 4351 2633 4407 δοκοῦσιν
2678 4342 3090 4417 ἐπιτηδεύεσθαι
3151 4341 3373 4410 γνῶσις,
3442 4341 3542 4394 καὶ

1958 4450 2191 4513 σύνεσις,
2242 4447 2337 4500 καὶ
2387 4442 2579 4515 βουλὴ,
2632 4441 2728 4495 καὶ
2785 4438 2969 4508 ίσχύς,
3035 4435 3131 4490 καὶ
3188 4433 3379 4501 σοφία,
3444 4432 3542 4484 καὶ

1958 4539 2229 4602 εὐσέϐεια,
2287 4534 2497 4603 ἀξιοῦσι
2539 4533 2603 4586 τὸ
2635 4528 2872 4603 Χριστοῦ
2923 4527 3094 4597 ὄνομα
3143 4518 3541 4591 ἐπικεκλῆσθαι

1959 4633 2171 4694 αὐταῖς.

2034 4893 2159 4948 135.
2196 4890 2276 4959 Τῇ
2323 4889 2391 4944 δὲ
2435 4887 2628 4957 ἡμέρᾳ
2665 4887 2867 4953 ἐκείνῃ
2900 4881 3224 4951 ἐπιλάμψει
3260 4880 3294 4933 ό
3329 4877 3545 4946 Κύριος

1962 4986 2032 5040 ἐν
2057 4981 2264 5051 ,ϐουλῇ
2289 4981 2439 5054 μετᾲ
2480 4979 2666 5047 δόξης
2696 4977 2795 5031 ἐπὶ
2830 4975 2940 5044 τῆς
2970 4972 3106 5045 τῆς,
3151 4970 3259 5025 τοῦ
3298 4968 3546 5038 ὑψῶσαι

1965 5075 2065 5130 καὶ
2111 5074 2220 5146 (2|)
2261 5070 2515 5137 δοξάσαι
2557 5070 2625 5123 τὸ
2669 5066 3065 5137 καταλειφθὲν
3117 5063 3222 5117 τοῦ
3267 5059 3542 5129 Ἰσραήλ.

354 5233 402 5265 ⁸⁰
435 5230 571 5287 Gen.
595 5244 658 5291 ιι,
684 5225 740 5279 ‘2.
831 5222 877 5255 ⁸¹
906 5217 1214 5291 Psal.vr,l_.
1239 5223 1291 5269 et
1311 5213 1500 5291 λιιι..
1542 5207 1769 5291 “Rom.
1804 5221 1847 5291 ιι

1960 5208 1987 5291 ιζ
2014 5275 2028 5291 ¹
2062 5201 2111 5291 ’ἐ
2134 5200 2317 5256 Eccle.
2346 5217 2424 5266 ιι,
2454 5200 2509 5256 2.
2585 5196 2928 5262 “Colossm,
2951 5195 3039 5250 l7.
3100 5188 3543 5254 "lCor.vrr,59.

284 5302 332 5335 ⁸⁸
799 5293 844 5326 ⁸⁷
881 5272 983 5346 lsa.
1014 5303 1092 5353 ιι,
1118 5272 1233 5340 ί-ὅ.
1310 5284 1356 5315 ⁸⁸
1385 5280 1524 5336 Psal.
1558 5293 1683 5343 xm,
1711 5278 1768 5332 5.
1843 5278 1847 5304 ¹

1960 5274 2049 5326 ιίιί.
2077 5272 2133 5326 2.

322 5415 473 5543 σὲὶῗ)
523 5412 747 5468 Veteres
797 5417 907 5462 tres
957 5402 1103 5467 libri,
1156 5399 1409 5470 μένομεν.
1457 5392 1673 5477 ξιοιίιιι,
1703 5388 1855 5452 editi,

389 5485 526 5543 μεθα
545 5484 641 5537 καὶ
660 5479 827 5542 τύπος
855 5475 983 5531 τῶν.
1029 5476 1096 5527 At
1132 5467 1403 5543 illumsed.
1432 5478 1633 5543 τύπος,
1661 5476 1716 5515 ιιι
1759 5475 1855 5514 ιιο-

289 5467 526 5558 “duella
545 5467 641 5537 καὶ
660 5479 841 5558 τύπος-
855 5475 983 5531 τῶν.
1029 5476 1104 5558 At.
1131 5467 1416 5558 iitum}?!-
1432 5467 1635 5558 123mg,
1661 5467 1716 5515 in
1759 5475 1858 5514 no-

289 5537 577 5618 EinEnss.
613 5567 717 5606 non
743 5537 966 5618 legitur,
997 5547 1069 5618 ob
1095 5541 1253 5618 idque
1277 5537 1522 5618 deletum.
1555 5542 1659 5618 est.

363 5604 858 5698 Gallinam}.an
891 5604 1033 5678 libri,
1064 5604 1375 5680 κεκλήσθω.
1423 5604 1525 5658 Alii
1585 5611 1696 5657 tres
1735 5613 1859 5655 cum

291 5686 473 5760 editis,
500 5686 895 5761 ἐπικέκλήσθω.

423 5739 1000 5843 έλνέίίίίίξῇνομένη.
1031 5750 1098 5807 At
1123 5762 1253 5805 mss.
1288 5746 1546 5818 quinque,
1570 5739 1861 5812 γενομένη.

273 5848 325 5867 Ἀ

2037 5384 2147 5457 (20)
2177 5386 2394 5456 Antiqui
2432 5389 2673 5457 quinque
2721 5383 2870 5457 libri,
2902 5377 3113 5457 ἐαυτῷ.
3151 5373 3315 5439 Editi,
3351 5367 3545 5457 αὐτῷξ

1965 5438 2085 5532 qua:
2108 5438 2188 5510 de
2212 5438 2428 5532 Christo
2439 5438 2696 5532 7136i;in
2724 5438 3076 5525 accipienda
3097 5463 3243 5513 esse,
3287 5438 3446 5511 Satis,
3476 5438 3549 5497 hi

1965 5526 2143 5591 fallor,
2173 5542 2202 5578 a
2235 5529 2424 5593 quovis
2450 5528 2787 5594 intelligitur.

1967 5586 2325 5723 mgllmﬁll‘diti
2360 5609 2415 5655 et
2455 5597 2591 5671 Reg.
2625 5586 2844 5663 tertius,
2875 5593 2972 5651 καὶ
3013 5587 3131 5647 τοῦ.
3162 5586 3268 5645 Alii
3308 5590 3548 5659 qualus?

2080 5702 2120 5733 .,
2152 5683 2220 5720 κα

2122 5857 2157 5868 ᾳ
2178 5867 2185 5871 ν
