3828 6216
264 340 363 398 537

1101 346 1458 411 COMMENT.
1504 356 1574 412 IN
1611 358 1844 418 ιεΑιιιι
1883 365 2326 428 PROPHETAM.
2369 375 2520 434 CAP.
2557 378 2650 436 IV.

3415 400 3528 460 538

263 454 476 527 Συνᾴδει
505 455 672 511 ταῦτα
699 461 814 523 τοῖς
844 465 1389 538 προαποδεδομένοις.
1416 465 1492 527 οὗ
1519 473 1628 548 γάρ
1651 476 1825 530 ἐπελά

263 545 408 582 ϐηυιηι.
433 549 483 582 ..ι
521 548 656 582 εει-ολ.
684 554 942 582 νυνι-τυ..-
969 553 1044 582 Α-
1068 555 1177 582 tam
1215 561 1362 582 LUQ-‘
1392 581 1399 582 ,
1480 559 1507 582 τ
1646 567 1658 582 ο
1729 572 1770 582 -.
1795 570 1807 582 .

1913 533 1916 542 λ
1944 496 2067 538 cum
2098 485 2163 541 iis
2190 503 2310 557 quae
2331 491 2580 560 superius
2612 494 2804 550 tradita
2835 506 2980 569 sunt,
3008 505 3322 566 concinunt.
3347 513 3520 582 Quem

263 545 408 600 ϐοντο
431 549 484 600 αἱ
520 548 658 602 ἑπτὰ
684 554 942 619 γυναῖκες
967 553 1044 619 ὡς
1067 555 1179 629 (22)
1208 561 1421 632 ἀνδρὸς⁷
1450 545 1609 629 οὗτοξ
1629 567 1705 632 ὡς
1729 570 1825 624 Κύ,

266 655 370 674 Λοῆι-
399 639 684 674 ὲφὶάοηῆρ.
772 643 988 674 ἰ’-...ιιι
1034 648 1140 674 -.ιη
1183 651 1370 674 2..._-_,
1389 656 1467 674 ηιμ.
1717 661 1742 671 ι.
1813 663 1825 674 .

2207 545 2222 557 ⁸
2399 545 2415 560 ⁸
2558 545 2575 548 ν
2616 545 2804 550 νοῇ-,η
2835 545 2980 569 ...υ-η
3009 545 3322 566 ννιινιιιυιιιο
3398 545 3516 574 uclu

1939 574 2085 628 enim
2130 576 2382 634 mulieres
2429 591 2638 650 septem
2680 588 3160 657 apprehenderunt
3195 601 3273 654 uti
3315 545 3516 674 vitum,

263 655 370 708 ριος
397 639 708 710 ἐπιλάμψει.
772 643 988 715 Ἐπειδὴ
1034 648 1144 719 γὰρ
1178 651 1612 728 ἀντεποιήθησαν
1650 661 1744 713 τοῦ
1778 663 1825 716 τί

2493 639 2509 650 .
2716 639 3160 657 ,τίη----ηψπ
3197 639 3273 654 ....
3324 639 3492 660 ...μιν

1939 663 2030 718 ille
2064 662 2342 737 eﬂulgebit
2376 679 2635 742 tanquam
2667 678 2951 736 Dominus.
2983 679 3119 739 Nam
3153 690 3280 756 quia
3322 650 3518 752 uulneri

257 731 419 800 ὃνομα
451 732 612 786 αὑτοῦ
645 734 944 804 κεκλῆσθαι
971 740 1059 792 ἐπ’
1086 743 1299 808 αὐταῖς,
1328 747 1722 821 ἀποδεχόμενος
1746 754 1838 806 αὺ-

1940 753 2110 824 ipsius
2161 772 2327 829 super
2365 777 2425 818 se
2460 767 2646 821 vocari
2691 769 3090 842 desideravere,
3125 778 3270 837 Deus
3304 785 3518 844 deside-

256 820 358 873 τῶν
412 823 509 892 τὴν
568 825 877 896 προθυμίαν
931 829 959 880 6
1008 829 1160 895 Θεὸς,
1204 833 1503 906 ἐπιλάμψει
1547 820 1736 906 αὐταῖς
1775 843 1825 895 ἐκ

261 913 407 940 οηλε
441 914 572 940 ..--1.
600 914 754 940 ξιξ..-
781 917 867 940 2._\
904 919 966 940 ,ε
988 937 1002 940 Α
1027 920 1089 940 -.ας
1152 939 1157 940 ,
1334 925 1345 940 ν
1711 932 1722 940 .

1961 820 1974 824 _
2229 820 2245 829 -
2632 820 2645 821 κ
2697 820 3090 842 _---_--...v-v,
3125 820 3270 837 urqu
3304 820 3516 844 uoatuc'

1937 847 2079 902 rium
2110 865 2297 906 earum
2335 860 2720 928 comprobans,
2753 863 3030 922 illucescet
3066 870 3200 940 ipsis
3243 876 3296 929 in
3329 883 3516 935 consi~

259 913 411 984 βουλῇ
439 914 573 984 μετὰ
597 914 754 987 δόξης
779 917 872 970 ἐπὶ
901 919 1003 990 τῆς
1026 920 1130 991 γῆς
1148 939 1162 951 ·
1191 925 1459 994 τουτέστι,
1489 932 1825 1002 κεκριμένως

259 1007 338 1035 und
373 1005 804 1035 Ωρέλ..”ιρ....λι...-
862 1011 917 1035 -ὶ
959 1015 1019 1035 ι--
1050 1015 1109 1035 -1-
1133 1033 1146 1035 _
1256 1017 1269 1035 ο
1455 1022 1467 1035 ς
1559 1021 1604 1035 Α.

2463 913 2475 927 _
2640 913 2649 914 ,
2684 913 2720 928 ι,
2754 913 3030 922 ____--_---
3066 913 3200 940 γυ...
3329 913 3513 935 was.-

1934 939 2007 993 lio
2042 957 2163 996 cum
2196 945 2370 1013 gloria
2417 963 2578 1019 super
2606 961 2842 1021 terram;
2881 957 2984 1014 hoc
3025 973 3108 1017 est
3139 966 3513 1035 certojudicio

255 1007 342 1058 καὶ
370 1005 825 1077 βεϐουλευμένως,
860 1011 922 1064 τὸ
955 1015 1020 1065 ἐκ
1048 1015 1147 1086 τῆς
1176 1017 1410 1089 κρίσεως
1444 1021 1647 1090 ἀγαθὸν
1673 1044 1825 1098 χαρι-

255 1096 466 1129 nn...“
539 1097 629 1129 ..-ι
685 1100 783 1129 ην...
838 1103 992 1129 Lemn.
1008 1104 1175 1129 -.εφη
1242 1111 1346 1129 ,ης
1424 1114 1437 1129 .
1683 1117 1694 1129 .

2197 1005 2224 1013 υ
2483 1005 2500 1019 .
2640 1005 2647 1006 κ
2829 1005 2842 1021 ν
2881 1005 2984 1014 --νν
3027 1005 3108 1017 νυ·
3140 1005 3512 1035 νν··ν.ι·ϋι·ιυ

1930 1040 1987 1085 et
2035 1036 2285 1103 consilio,
2323 1054 2429 1094 non
2483 1040 2790 1101 inconsulte
2837 1059 2931 1104 aut
2961 1051 3130 1108 effuse
3172 1057 3224 1111 id
3263 1061 3405 1129 quod
3443 1078 3512 1120 ex

253 1096 486 1166 ζόμενος,
539 1097 635 1152 καὶ
684 1100 784 1154 οὐκ
835 1103 1196 1172 ἀϐουλεύτως,
1235 1111 1357 1164 οὐδὲ
1419 1096 1827 1187 ἐκκεχυμένως.

261 1186 465 1258 Ἡμέρα
489 1187 547 1240 δὲ
581 1189 720 1262 αὕτη
766 1192 877 1262 (25)
911 1197 1080 1264 ἐστὶν,
1116 1201 1173 1254 ἐν
1292 1203 1590 1276 ἐπιλάμψει
1695 1210 1827 1277 Θεὸς

251 1279 304 1331 ἐν
336 1279 490 1351 βουλῇ
526 1282 665 1351 μετὰ
689 1283 870 1354 δόξηςο
898 1288 1037 1358 αὕτη
1059 1289 1126 1360 ἢν
1154 1292 1318 1356 αὐτὸς
1341 1299 1485 1350 ποιεί
1507 1299 1535 1350 6
1556 1299 1706 1368 ἥλιος
1729 1303 1826 1373 τῆς

248 1370 605 1443 δικαιοσύνης,
644 1375 672 1427 6
719 1375 924 1445 Κύριος
964 1378 1146 1448 ἡμῶν,
1185 1381 1214 1433 6
1238 1383 1506 1440 διδάσκων
1538 1389 1668 1460 περὶ
1701 1370 1826 1444 ἐαυ-

247 1461 354 1519 τοῦ.
399 1463 478 1516 ὅτι
525 1465 632 1528 ἕως
687 1466 836 1521 ἐστὶν
865 1469 924 1522 ἐν
984 1469 1063 1540 τῷ
1119 1472 1328 1544 κόσμῳ,
1395 1477 1510 1544 φῶς
1558 1481 1674 1533 ἐστι
1729 1484 1822 1536 τοῦ

243 1554 436 1622 κόσμου
454 1572 467 1584 ·
494 1554 574 1608 διὸ
596 1557 689 1609 καὶ
714 1559 969 1631 παρῄνει,
992 1563 1322 1633 ἐργάζεσθαι
1348 1568 1452 1629 ἕως
1474 1570 1656 1641 ἡμέρα
1682 1573 1818 1627 ἐστί.

242 1645 570 1716 Σημειωτέον
615 1649 692 1717 δὲ,
727 1650 809 1704 ὅτι
856 1655 978 1706 κατ’
1005 1653 1175 1726 ἄλλην
1232 1659 1328 1711 καὶ
1373 1659 1540 1732 ἄλλην
1580 1663 1821 1718 ἐπίνοιαν

240 1739 330 1790 καὶ
349 1740 530 1810 ἡμέρα
564 1740 783 1810 λέγεται
811 1744 839 1796 6
870 1745 1062 1816 παρὼν
1092 1747 1224 1817 βίος,
1261 1751 1355 1803 καὶ
1379 1752 1473 1818 νὺξ
1505 1754 1538 1823 ή
1567 1757 1666 1825 τῆς
1695 1755 1818 1826 κρί-

242 1843 370 1891 σεως
392 1830 595 1900 ἡμέρα.
639 1833 750 1885 Kal
779 1832 962 1895 πάλιν,
1001 1835 1098 1902 νὺξ
1132 1837 1250 1906 μὲν,
1281 1840 1314 1910 ἡ
1355 1841 1604 1910 παροῦσα
1650 1844 1820 1897 κατά-

239 1937 436 1986 στασις,
462 1923 646 1994 ἡμέρα
669 1925 748 1990 δὲ,
774 1929 802 1980 6
823 1927 1271 1998 προσδοκώμενος
1298 1929 1450 1985 αἰών.
1475 1933 1546 1985 Τὸ
1569 1935 1667 2004 μὲν
1687 1936 1814 2006 γὰρ,

250 2011 564 2082 Ἐργάζεσθε
601 2015 712 2085 (24)
759 2017 864 2081 ἕως
887 2019 1069 2090 ἡμέρα
1092 2021 1230 2083 ἐστὶ,
1259 2022 1446 2090 σαφῶς
1475 2026 1555 2087 εἰς
1586 2026 1677 2079 τὸν
1705 2026 1818 2097 βίον

233 2101 414 2155 τοῦτον
452 2104 608 2175 φέρει
639 2105 730 2159 τὸν
761 2110 1172 2180 πεφωτισμένον
1201 2115 1265 2182 τῇ
1297 2114 1534 2184 Χριστοῦ
1575 2117 1816 2186 ἐπιγνώ-

237 2205 340 2243 σει·
370 2191 428 2243 τὸ
455 2192 534 2256 δὲ,
570 2195 850 2263 Ἔρχεται
888 2195 1026 2260 νὺξ,
1060 2198 1190 2268 περὶ
1229 2198 1323 2252 τοῦ
1358 2200 1646 2269 μέλλοντος
1682 2202 1815 2256 αἰῶ-

235 2297 317 2344 νος
371 2282 608 2354 εἴρηται,
656 2285 744 2338 διὰ
786 2287 847 2339 τὸ
895 2287 1220 2359 σκυθρωπὸν
1275 2291 1369 2343 καὶ
1420 2292 1676 2346 ἐπίπονον
1709 2295 1816 2348 τῶν

233 2374 286 2426 ἐν
315 2375 611 2445 ἁμαρτίαις
639 2378 1046 2448 εὑρισκομένων
1081 2380 1181 2449 τῆς
1212 2384 1588 2454 προσηγορίας
1613 2384 1816 2456 ταύτης

232 2462 566 2536 ἀξιουμένου.
616 2469 769 2522 Καθὸ
800 2469 894 2522 καὶ
926 2471 954 2522 6
990 2473 1276 2544 προφήτης
1315 2475 1450 2545 πρὸς
1483 2477 1610 2540 τοὺς
1638 2479 1694 2529 ἐν
1722 2477 1814 2548 έρ-

231 2571 342 2625 γοις
375 2558 470 2627 μὲν
497 2563 762 2630 πονηροῖς
791 2559 972 2624 ὄντας,
1013 2562 1334 2631 ἐπείγοντας
1364 2565 1421 2618 δὲ
1468 2566 1570 2637 τὴν
1599 2567 1814 2639 ἡμέραν

229 2649 323 2719 τῆς
353 2652 784 2718 ἀνταποδόσεως,
828 2653 955 2707 Ἵνα
999 2655 1057 2707 τί
1095 2656 1257 2725 ὑμῖν,
1298 2659 1482 2730 φησιν,
1530 2660 1570 2726 ἡ
1623 2660 1814 2729 ἡμέρα

228 2741 437 2807 Κυρίου
453 2759 472 2808 ;
501 2745 614 2798 Καὶ
643 2745 794 2812 αὕτη
823 2747 957 2800 ἐστὶ
983 2747 1224 2814 σκότος,
1250 2749 1349 2802 καὶ
1383 2753 1455 2803 οὐ
1488 2751 1635 2820 φῶς.
1671 2754 1811 2822 Ἐμ-

229 2832 378 2885 πα).ιν
412 2835 469 2886 δὲ
509 2838 609 2890 καὶ
637 2836 748 2906 (25)
775 2839 803 2890 ὀ
835 2837 1157 2900 Ἀπόστολος
1185 2839 1358 2893 νύκτα
1395 2841 1496 2911 μὲν
1530 2841 1679 2910 λέγει
1722 2844 1810 2895 τὸν

231 2919 335 2990 βίον
372 2925 584 2991 τοῦτον,
620 2929 715 2981 καὶ
751 2928 840 2982 διὰ
873 2928 970 3000 τὴν
997 2932 1053 2982 ἐν
1083 2930 1230 3000 αὐτῷ
1267 2931 1550 3002 σύγχυσιν,
1581 2935 1675 2988 καὶ
1712 2934 1812 3003 τὴν

230 3015 287 3065 ἐκ
315 3016 409 3086 τῆς
451 3019 657 3088 σαρκὸς
692 3020 787 3074 καὶ
819 3020 926 3073 τῶν
952 3021 1221 3091 βιωτικῶν
1264 3025 1562 3093 φροντίδων
1594 3027 1810 3094 ἐγγινο-

232 3105 388 3177 μένην
412 3110 520 3180 (26)
547 3110 626 3181 τῷ
651 3110 748 3181 νῷ,
783 3111 858 3174 ὡς
879 3112 948 3165 τὰ
967 3113 1156 3178 πολλὰ,
1184 3115 1562 3186 ἐπισκότησιν·
1595 3118 1809 3188 ἡμέραν

228 3197 299 3263 δὲ,
331 3200 417 3254 τὸν
449 3202 642 3273 χρόνον
685 3202 785 3272 τῆς
817 3204 1188 3269 ἀναστάσεως,
1245 3207 1303 3259 ἐν
1355 3207 1432 3277 τῷ
1488 3207 1700 3276 λέγειν·
1751 3211 1812 3264 Ἡ

227 3290 334 3354 νὺξ
354 3295 700 3362 προέκοψεν
730 3296 867 3361 (27),
891 3298 929 3364 ἠ
953 3296 1021 3350 δὲ
1052 3298 1239 3368 ἡμέρα
1269 3298 1496 3368 ἧγγικε.
1521 3301 1658 3353 Καθ’
1684 3304 1812 3354 ὁπο-

227 3381 380 3452 τέραν
407 3380 496 3439 οὖν
528 3385 628 3439 ἐὰν
653 3386 918 3458 βουληθῇς
945 3388 1188 3460 ἐκδοχὴν,
1216 3389 1515 3459 ἐπιλάμψει
1542 3390 1570 3441 6
1593 3390 1724 3454 Θεὸς
1751 3394 1810 3446 ἐν

231 3471 378 3546 βουλῇ
417 3477 559 3546 μετὰ
601 3476 759 3548 δόξης
792 3479 885 3532 ἐπὶ
909 3479 1012 3548 τῆς
1038 3477 1158 3550 γῆς.
1209 3482 1360 3533 Ἐπεὶ
1400 3478 1492 3536 οὖν
1531 3482 1668 3552 μετὰ
1695 3483 1811 3552 βου-

227 3562 318 3635 λῆς
355 3569 679 3639 ἐπιλάμπει,
725 3572 950 3635 ἐαυτοὺς
977 3571 1162 3636 ἀξίους
1196 3576 1517 3644 ποιήσωμεν
1569 3577 1708 3648 πρὸς
1749 3578 1809 3630 τὸ

228 3655 458 3725 χωρῆσαι
483 3658 578 3710 τὸν
611 3659 890 3730 φωτισμὸν
924 3661 1112 3725 αὐτοῦ,
1145 3661 1286 3716 ὥστε
1328 3665 1418 3718 τὸν
1447 3665 1589 3720 κατὰ
1617 3668 1810 3721 ἀναλο-

229 3747 340 3816 γίαν
362 3749 459 3820 τῆς
479 3752 539 3804 ἐν
578 3752 795 3822 ἑκάστῳ
836 3756 1276 3826 ἐπιτηδειότητος
1292 3759 1392 3829 τὴν
1415 3759 1680 3830 ἐλλαμψιν
1711 3781 1809 3834 χα-

231 3839 517 3910 ριζόμενον,
551 3847 612 3898 ἐν
649 3845 854 3915 μείζονι
880 3851 946 3918 τῇ
983 3849 1122 3902 κατὰ
1150 3849 1248 3921 τὴν
1277 3850 1457 3922 ψυχὴν
1490 3853 1646 3923 ἡμῶν
1677 3873 1809 3926 προ-

227 3928 403 4004 θυμία,
440 3936 666 4006 μείζονα
719 3939 814 3991 καὶ
853 3940 1164 4012 τελειότερα
1221 3944 1315 3996 καὶ
1356 3943 1427 3997 τὰ
1471 3947 1602 4016 παρ’
1638 3949 1804 4002 αὐτοῦ

227 4033 535 4099 ⁸πειιρασχεῖν.
582 4032 692 4085 Καὶ
726 4033 961 4102 ὑψώσει
998 4035 1110 4107 (28)
1158 4037 1224 4091 τὸ
1265 4041 1666 4108 καταλειφθὲν
1699 4043 1805 4096 τοῦ

239 4114 458 4185 Ἰσραήλ
481 4139 494 4152 ο
531 4123 832 4188 τουτέστιν,
868 4127 1052 4180 ἐπάνω
1075 4130 1290 4199 ποιήσει
1323 4130 1430 4184 τῶν
1464 4131 1684 4195 ὑλικῶν,
1714 4133 1806 4185 καὶ

227 4208 286 4276 τῇ
315 4207 509 4282 Θεωρία
550 4213 814 4284 προσάξει
853 4214 961 4268 τῶν
986 4217 1294 4286 ἀσωμάτων
1327 4219 1388 4270 τὸ
1422 4223 1541 4273 κατ’
1575 4220 1804 4292 ἐκλογὴν

229 4297 431 4367 χάριτος
460 4302 672 4374 λεῖμμα
708 4306 801 4358 τοῦ
837 4307 1074 4378 Ἰσραήλ.
1105 4309 1168 4360 Εἰ
1187 4309 1251 4384 ῥέ
1280 4311 1375 4363 καὶ
1399 4312 1497 4382 τὴν
1521 4312 1700 4379 δόξαν,
1737 4315 1804 4384 ἣν

227 4386 631 4463 δοξασθήσονται
681 4397 728 4450 οἱ
775 4395 942 4466 ἅγιοι,
980 4399 1123 4452 κατὰ
1151 4400 1212 4453 τὸ
1246 4402 1478 4472 ἀρέσκον
1511 4407 1575 4474 τῇ
1611 4405 1800 4477 Γραφῇ

229 4479 399 4546 ποθεῖς
440 4486 653 4554 μαθεῖν,
695 4488 887 4559 νόησόν
920 4507 1009 4558 μοι
1044 4489 1143 4561 τὴν
1187 4493 1319 4562 περὶ
1365 4494 1425 4546 τὸ
1476 4497 1801 4565 ἡγεμονικὸν

229 4569 324 4623 τῶν
349 4572 416 4626 τὰ
452 4578 662 4646 μεγάλα
698 4580 943 4633 καΥθεῖα
974 4580 1320 4653 θεωρούντων
1358 4585 1658 4657 ἱεροπρεπῆ
1699 4605 1800 4640 καο-

228 4661 490 4734 τάστασιν,
516 4670 678 4723 ὁποία
718 4667 786 4743 ἦν
818 4674 945 4745 περὶ
978 4675 1240 4739 Μωῦσέα,
1271 4677 1360 4729 ὅτε
1397 4678 1706 4750 κατηξιώθη
1740 4681 1798 4732 ἐν

293 4857 336 4887 ’⁸
364 4857 588 4920 Malach.
624 4880 697 4928 tv,
725 4869 779 4922 2.
853 4869 899 4900 ’³
927 4868 1083 4926 Joan.
1114 4887 1190 4937 Ix,
1231 4872 1285 4925 4.
1361 4876 1405 4906 ⁸³
1431 4873 1558 4926 ibid.

293 5041 397 5128 (22)
433 5047 624 5102 Vocem
659 5047 805 5128 ἑνός,
844 5065 965 5120 qua:
1012 5051 1064 5104 in
1101 5052 1261 5107 editis
1299 5055 1413 5107 voci
1463 5057 1654 5128 ἀνδρός
1699 5059 1792 5111 ad-

226 5106 394 5193 juncta
429 5106 923 5193 erat,_ancto'_r'ita'te
946 5106 1255 5177 nostrorum
1285 5128 1522 5193 quinque
1549 5106 1791 5181 codicum

231 5181 714 5266 delevimungng
745 5190 897 5266 Golb.
931 5195 1204 5266 secundus
1259 5181 1384 5266 eum
1435 5181 1566 5266 Reg.
1607 5199 1792 5250 itidem

232 5253 645 5333 ξιξοηιιιιο-ρῦτος
686 5260 760 5325 ὡς
801 5261 1007 5332 Κύριος
1053 5253 1634 5333 ἐπιλαμϐάνεται,”καὶ
1676 5269 1799 5321 ἐπι-

231 5314 558 5398 λάμῂειηηίε
595 5314 673 5382 uti
697 5314 949 5384 Dominus
973 5314 1791 5398 dpprehe‘tt‘dit'n’ri.etwiliu'cesoei.

295 5392 400 5477 (ξᾷ)
431 5396 524 5477 gn-
549 5412 761 5477 Xeteres
788 5392 1168 5477 aliquot'libri.
1195 5406 1264 5458 At
1286 5392 1438 5469 editi,
1473 5407 1667 5477 αὐτῆς.

295 5461 517 5541 (Ξξλδὶρ
549 5468 697 5541 Regii
726 5461 996 5526 secundus
1034 5484 1088 5525 et
1117 5485 1364 5541 quartus.
1391 5461 1491 5530 Alii
1519 5461 1785 5532 tres-mss.

232 5535 280 5610 et
301 5535 440 5610 editi,
475 5538 834 5610 ἐργάζεσθαι·
861 5542 950 5595 ubi
982 5535 1242 5610 praeterea
1274 5547 1590 5610 notandum,
1626 5563 1788 5600 vocn-

233 5594 325 5675 lam
355 5602 452 5675 ξως
485 5594 736 5664 ὶίιύἆὶιίε
768 5594 996 5675 deesse:
1017 5594 1111 5666 sed
1147 5629 1214 5668 ex
1257 5616 1441 5669 multis
1476 5594 1606 5670 mss.
1638 5618 1792 5671 addi-

233 5674 330 5755 tam
358 5672 537 5730 fuisse.
567 5677 804 5736 Subinde
826 5672 1067 5751 quinque
1096 5699 1252 5750 mss.,
1283 5683 1596 5754 ἐπιγνώσει.
1624 5688 1789 5755 Editi,

233 5749 432 5801 γνώσει.

295 5810 402 5886 (25)
429 5817 616 5877 Addita
662 5830 748 5878 est
792 5819 1112 5896 coniunctio,
1148 5822 1243 5880 καί
1275 5839 1343 5882 ex
1368 5826 1607 5898 quinque
1634 5827 1786 5886 libris

1923 1122 2133 1191 judicio
2167 1128 2366 1185 bonum
2392 1141 2476 1188 est
2508 1135 2772 1192 tribuens.
2805 1139 2928 1198 Dies
2952 1153 3131 1201 autem
3164 1122 3413 1221 ipsa-est,
3453 1156 3508 1211 in

1930 1233 2034 1286 qua
2080 1218 2308 1290 fulgebit
2359 1225 2504 1283 Deus
2535 1229 2587 1282 in
2621 1229 2851 1287 consilio
2887 1249 3010 1290 cum
3052 1238 3240 1308 gloria.
3271 1218 3408 1300 Dies
3427 1255 3512 1303 est

1930 1311 2081 1378 ipsa,
2140 1328 2304 1382 quam
2361 1316 2492 1373 facit
2538 1321 2654 1390 ipse
2705 1323 2796 1378 Sol
2840 1324 3069 1394 justitia:
3122 1331 3192 1397 ιθ,
3253 1331 3509 1393 Dominus

1927 1410 2131 1470 noster,
2163 1406 2254 1475 qui
2287 1407 2390 1463 hoc
2423 1411 2488 1465 de
2531 1414 2712 1481 seipso
2749 1415 2937 1484 docet,
2966 1432 3026 1474 se
3072 1424 3312 1490 quandiu
3341 1438 3424 1482 est
3450 1431 3506 1483 in

1928 1495 2150 1561 mundo,
2209 1498 2396 1552 mundi
2452 1515 2573 1557 esse
2617 1502 3119 1575 lucem:quocirca
3181 1514 3506 1572 admonebat

1926 1591 1982 1636 ut
2035 1599 2396 1655 operarenlur
2450 1590 2625 1648 donec
2684 1596 2799 1652 dies
2851 1609 2933 1653 est
2982 1601 3050 1654 “.
3121 1602 3504 1664 Adnotandum

1923 1684 2102 1727 autem
2154 1687 2274 1744 est,
2307 1681 2462 1748 juxta
2514 1684 2675 1739 aliam
2723 1695 2776 1741 et
2815 1688 2976 1744 aliam
3021 1693 3317 1760 notionem,
3361 1697 3504 1752 diem

1921 1768 2025 1822 dici
2054 1771 2216 1824 etiam
2264 1786 2588 1841 praesentem
2627 1779 2818 1846 vitam,
2874 1791 3088 1838 noctem
3138 1801 3273 1842 vero
3310 1786 3502 1855 judicii

1921 1859 2087 1912 dicm.
2129 1861 2194 1915 Et
2236 1879 2442 1932 rursus,
2474 1883 2582 1922 nox
2625 1871 2842 1938 quidem
2888 1890 3127 1943 praesens
3154 1888 3238 1933 est
3285 1887 3499 1950 status,

1921 1955 2035 2006 dies
2065 1945 2218 2018 iero,
2251 1957 2380 2011 illud
2407 1960 2550 2028 quod
2588 1972 2840 2032 speratur
2865 1968 3146 2022 saaculum.
3176 1969 3310 2024 Nam
3343 1945 3495 2038 illud,

1919 2045 2229 2114 Operamini
2262 2049 2435 2106 donec
2465 2053 2578 2108 dies
2615 2065 2722 2120 est,
2753 2056 2900 2112 clare
2927 2061 2992 2113 ad
3031 2061 3172 2117 hanc
3208 2064 3377 2118 vitam
3409 2081 3498 2121 re-

1918 2135 2020 2187 fert
2045 2144 2226 2205 utpote
2248 2140 2446 2195 Christi
2474 2145 2779 2214 cognitione
2803 2149 3148 2217 illustratam;
3170 2153 3274 2208 hoc
3289 2165 3498 2222 autem,

1933 2225 2079 2280 Venit
2109 2246 2215 2284 ηοω
2236 2230 2302 2296 ⁸³,
2343 2233 2547 2288 dictum
2575 2247 2660 2290 est
2685 2237 2751 2292 de
2797 2237 2978 2294 futuro
3004 2243 3224 2308 saeculo,
3256 2247 3398 2314 quod
3423 2248 3497 2303 ob

1916 2330 2102 2369 eorum
2149 2320 2241 2387 qui
2288 2320 2342 2376 in
2391 2324 2630 2392 peccatis
2669 2327 3147 2391 deprehenduntur
3178 2335 3497 2393 maestitiam

1917 2422 1981 2460 ac
2006 2399 2270 2479 laborem,
2302 2413 2380 2468 sic
2411 2415 2735 2485 appellatum
2775 2426 2881 2474 est.
2925 2419 3395 2487 Quemadmodum
3437 2435 3496 2481 et

1920 2501 2183 2568 propheta
2219 2517 2314 2558 eos
2345 2507 2640 2575 compellat
2671 2509 2761 2576 qui
2801 2509 2926 2564 licet
2960 2513 3012 2566 in
3047 2515 3301 2582 cperibus
3340 2515 3498 2588 flagi-

1919 2591 2069 2646 tiosis
2110 2607 2474 2663 versarentur,
2516 2599 2870 2656 nihilominus
2914 2614 3091 2660 tamen
3137 2607 3279 2662 diem
3317 2625 3499 2665 remu-

1915 2683 2209 2737 nerationis
2240 2687 2541 2755 urgebant:
2596 2688 2816 2759 thuid,
2851 2691 3049 2760 inquit,
3077 2697 3220 2750 vobis
3247 2699 3357 2752 dies
3383 2700 3492 2754 Do-

1913 2774 2080 2826 mini?
2111 2786 2159 2828 et
2187 2777 2302 2844 ipsa
2345 2789 2419 2832 est
2449 2783 2694 2847 tenebrae,
2727 2794 2776 2836 et
2812 2802 2914 2838 non
2937 2784 3031 2838 (ua:
3054 2788 3120 2842 ⁸³.
3157 2788 3366 2846 Rursus
3392 2807 3490 2847 au-

1917 2871 2022 2916 tem
2052 2875 2104 2919 et
2137 2867 2424 2936 Apostolus
2464 2882 2676 2928 noctem
2709 2876 2930 2944 quidem
2961 2889 3118 2934 vocat
3156 2882 3296 2937 hanc
3327 2882 3494 2938 vitam

1913 2956 1981 3008 ob
2011 2957 2300 3013 tumultum
2343 2963 2511 3030 ipsius
2556 2976 2610 3020 et
2647 2970 3132 3038 perturbationem,
3164 2974 3403 3045 itemque
3425 2977 3498 3032 ob

1915 3051 2163 3104 tenebras
2190 3051 2509 3122 plerumque
2539 3072 2566 3108 a
2597 3072 2763 3114 carne
2791 3070 2847 3114 et
2873 3076 2902 3115 a
2941 3065 3125 3120 saeculi
3161 3066 3320 3136 hujus
3341 3068 3495 3124 solli-

1913 3141 2246 3198 citudinibus
2277 3147 2446 3200 menti
2485 3146 2728 3215 ofi‘usas;
2768 3151 2910 3206 diem
2940 3169 3070 3211 vero
3109 3167 3268 3212 vocat
3303 3173 3491 3213 resur-

1916 3237 2169 3292 rectionis
2195 3247 2432 3308 tempus,
2459 3256 2579 3296 cum
2603 3244 2736 3298 dicit
2760 3263 2773 3299 :
2803 3245 2929 3300 Nox
2956 3265 3234 3318 progressa
3260 3261 3356 3318 est,
3377 3253 3491 3309 dies

1912 3338 2084 3380 autem
2111 3331 2539 3401 appropinquavit
2561 3335 2625 3387 9".
2657 3333 2840 3406 Itaque
2864 3341 3070 3395 utravis
3097 3341 3494 3411 significatione

1911 3417 2206 3484 acceperis,
2233 3418 2504 3478 illucescet
2536 3423 2677 3479 Deus
2705 3426 2759 3481 in
2785 3428 3012 3483 consilio
3040 3445 3162 3484 cum
3197 3431 3368 3501 gloria
3395 3449 3490 3489 su-

1911 3520 2007 3573 per
2035 3517 2257 3564 tcrram.
2291 3509 2558 3578 Quoniam
2585 3515 2749 3585 igitur
2783 3533 2904 3571 cum
2933 3521 3162 3575 consilio
3202 3521 3492 3589 illucescit,

1911 3598 2274 3669 nosmetipsos
2302 3604 2592 3661 reddamus
2642 3608 2834 3678 dignos
2872 3611 2962 3681 qui
3003 3613 3120 3682 ejus
3147 3608 3490 3684 splendorem

1910 3687 2270 3757 suscipiamus
2289 3733 2304 3756 ,
2325 3693 2403 3748 sic
2421 3704 2476 3748 ut
2492 3697 2579 3764 qui
2599 3698 2847 3768 singulis,
2862 3711 3022 3769 prout
3039 3703 3218 3758 idonei
3232 3714 3378 3770 sunt,
3395 3705 3494 3760 ful-

1908 3795 2092 3848 gorem
2117 3797 2272 3836 suurn
2299 3784 2547 3855 largitur,
2581 3805 2678 3858 pro
2708 3792 2899 3860 majori
2930 3795 3124 3849 animae
3157 3806 3347 3852 nostro
3374 3808 3490 3852 stu-

1908 3873 1998 3925 dio
2018 3873 2155 3926 dona
2179 3876 2342 3930 etiam
2371 3879 2573 3949 majora
2619 3884 3056 3955 perfectioraque
3090 3888 3487 3943 subministret.

1909 3963 1976 4016 Et
2000 3966 2254 4022 exaltabit
2277 3972 2415 4037 quod
2443 3973 2746 4031 derelictum
2771 3989 2846 4032 est
2869 3995 2935 4033 ea:
2964 3978 3176 4047 Israel;
3204 3982 3305 4036 hoc
3325 3980 3492 4054 474

1909 4067 2014 4122 cst,
2038 4059 2525 4129 reliquiasisraelis
2547 4071 2841 4124 secundum
2866 4072 3188 4128 electionem
3213 4076 3401 4144 gratim
3417 4078 3486 4140 ’⁵,

1907 4164 2069 4220 supra
2123 4160 2340 4208 terrena
2391 4165 2448 4212 et
2500 4173 2682 4214 crassa
2719 4162 2950 4230 attollet,
2988 4174 3152 4234 atque
3195 4166 3262 4219 ad
3305 4181 3485 4222 rerum

1907 4243 2353 4311 incorporearum
2387 4251 2651 4315 provehet
2684 4254 3220 4325 contemplationem.
3256 4257 3408 4326 Quod
3438 4261 3487 4316 si

1905 4335 2159 4403 gloriam,
2197 4353 2302 4406 qua
2336 4339 2598 4396 alliciendi
2638 4355 2766 4398 sunt
2811 4347 3024 4411 sancti,
3061 4349 3272 4404 discere
3325 4352 3484 4422 cupis

1931 4439 2054 4481 nxta
2086 4427 2379 4498 Scriptura:
2411 4432 2702 4501 placitum;
2732 4438 3000 4507 excogita,
3037 4456 3240 4509 quaeso,
3273 4456 3487 4498 sacrum

1835 4516 1878 4570 D
1909 4519 2058 4572 illum
2094 4529 2320 4588 statum,
2359 4524 2415 4577 in
2450 4540 2558 4594 quo
2608 4543 2762 4582 mens
2791 4530 3118 4600 animusque
3163 4547 3355 4589 eorum
3394 4537 3488 4604 qni

1909 4627 2100 4679 magna
2153 4629 2218 4669 ac
2252 4616 2431 4671 divina
2477 4620 2936 4689 contemplantur,
2986 4627 3254 4682 consistit.
3305 4628 3488 4696 Qualis

1906 4714 2024 4755 erat
2052 4704 2252 4775 Moysis
2281 4719 2453 4763 status
2494 4720 2604 4764 tum
2632 4726 2756 4764 cum
2788 4713 2982 4783 dignus
3016 4716 3232 4773 habitus
3261 4731 3366 4788 est,
3392 4721 3488 4790 qui

1643 4873 1688 4904 ⁸³
1710 4876 1870 4928 Amos
1894 4893 1942 4941 ν,
1975 4878 2057 4930 18.
2135 4880 2180 4910 ³⁸
2209 4881 2363 4936 Rom
2404 4900 2528 4951 xm,
2557 4885 2641 4938 12.
2720 4885 2765 4916 ⁸⁸
2793 4884 2950 4941 Rom.
2976 4902 3052 4951 xt,
3079 4887 3134 4942 5.

1895 5068 2154 5133 antiquis.

1968 5137 2080 5211 (ξιξ)
2109 5139 2270 5211 Editi,
2298 5140 2704 5211 ἐπιγινομένην.
2755 5141 2822 5194 At
2876 5156 3005 5196 mss.
3034 5152 3093 5195 ut
3121 5143 3171 5195 in
3203 5151 3478 5200 contextu.

1968 5207 2082 5284 (27)
2117 5209 2172 5262 In
2210 5207 2433 5284 Vulgata
2474 5207 2649 5265 Rumﬁ
2671 5220 2789 5284 xtt‘t,
2816 5211 2921 5284 Δ12,
2974 5214 3171 5282 legitur
3207 5229 3314 5266 nos:
3345 5231 3482 5284 prce.

1900 5279 2050 5331 cessit
2077 5295 2095 5332 :
2131 5281 2224 5333 sed
2266 5296 2370 5334 non
2402 5280 2600 5335 desunt
2626 5282 2715 5350 qui
2745 5279 3054 5336 existiment
3088 5293 3327 5337 erratum
3345 5279 3480 5339 esse

1904 5348 2276 5421 librariorum,
2317 5351 2430 5417 qui,
2478 5348 2758 5418 quod-aut
2803 5367 2992 5419 parum
3046 5355 3235 5406 attenti
3273 5364 3476 5421 essent,

1902 5429 1994 5470 aut
2041 5420 2232 5492 ignari,
2268 5419 2372 5474 levi
2419 5435 2572 5486 mque
2614 5436 2676 5492 ac
2721 5421 2865 5492 facili
2895 5424 3199 5492 mutatione
3239 5438 3307 5478 ex
3347 5419 3477 5492 pro;

1899 5489 2051 5541 cessit
2091 5489 2387 5543 effecerunt
2427 5490 2715 5558 praecessit.
2766 5490 2963 5561 Statim
2998 5499 3110 5545 tres
3139 5507 3296 5561 mss.,
3347 5489 3474 5548 ἐπι-

1888 5557 2123 5681 ἐάμπει.
2171 5561 2330 5681 ,ιιθςέ
2380 5561 2668 5700 εξὲιιᾷόυε,
2700 5559 2992 5630 ἐκλάμπει.
3052 5561 3199 5617 Editi
3255 5557 3387 5620 vero
3420 5573 3480 5621 et

1943 5645 2027 5692 νβ’.
2065 5640 2275 5693 tertius,
2337 5647 2395 5682 πι
2473 5647 2509 5700 μ
2553 5647 2622 5683 ει.

1943 5645 2027 5692 με.
2065 5640 2275 5693 tertius,
2304 5640 2622 5700 επιλαμψει.

1961 5699 2076 5785 (28)
2101 5701 2264 5768 Editi,
2299 5699 2504 5774 ὑψώσει
2528 5699 2632 5756 καὶ
2677 5701 2909 5768 δοξάσει.
2939 5703 3008 5797 At
3039 5705 3277 5776 quinque
3317 5719 3428 5763 mss
3452 5739 3474 5772 ,

1888 5767 2112 5840 ὑψώσει.
