3828 6216
271 380 283 394 ’
326 386 433 447 539

325 592 472 650 Deus
514 594 570 650 in
617 595 846 651 consilio
887 610 1010 650 cum
1051 594 1247 664 gloria,
1288 595 1372 650 bis
1402 595 1614 651 duobus
1646 597 1752 651 duo
1800 597 1900 650 ad-

317 684 524 755 junxit,
582 686 861 751 nimirum,
890 697 946 740 ιιι
970 685 1163 740 exultet
1191 696 1239 740 et
1262 686 1516 756 gloriﬁcet
1543 703 1562 741 :
1605 702 1712 755 quo
1739 686 1899 741 intel-

324 776 460 847 ligas
498 791 693 833 munus
744 793 867 835 esse
918 777 1131 834 consilii
1190 778 1436 833 exaltare
1524 780 1711 845 gloria:
1768 795 1896 835 vero

322 867 650 938 gloriﬁcare.

394 959 774 1019 136.Vens.5.
798 963 865 1018 Et
887 966 1009 1031 erit,
1042 965 1183 1035 quod
1209 964 1469 1035 reliquum
1491 964 1647 1032 fuerit
1683 964 1736 1017 in
1769 962 1900 1019 Sion

318 1060 368 1104 et
395 1051 536 1118 quod
560 1052 796 1106 relictum
820 1054 983 1122 fuerit
1014 1057 1069 1107 in
1088 1054 1411 1120 Jerusalem,
1439 1056 1609 1109 sancti
1633 1054 1897 1107 t'ocabun-

319 1151 411 1195 tur
444 1157 624 1198 omnes
665 1145 847 1209 scripti
895 1145 966 1198 ad
1008 1146 1163 1200 vitam
1199 1147 1256 1200 in
1283 1144 1608 1202 Jerusalem.
1638 1146 1900 1216 Reliquiae

324 1232 542 1289 lsraelis
559 1236 856 1290 secundum
883 1236 1203 1293 electionem
1232 1239 1527 1307 gratiae"‘,
1560 1239 1899 1293 vocabuntur

319 1327 521 1393 sancti,
550 1337 606 1383 et
631 1330 1048 1384 conscribentur
1080 1331 1149 1385 ad
1193 1331 1360 1385 vitam
1400 1332 1454 1386 in
1482 1330 1805 1396 Jerusalem,
1836 1330 1899 1385 il-

319 1417 535 1474 lustrati
561 1419 654 1474 Dei
681 1420 936 1485 adventu,
966 1431 1020 1476 ct
1044 1422 1216 1491 gloria
1248 1423 1418 1493 ipsius
1438 1424 1689 1479 exaltati.
1710 1423 1895 1479 Sancti

322 1509 659 1564 vocabuntur
704 1510 781 1577 hi,
809 1526 950 1582 quos
995 1513 1099 1569 sibi
1155 1514 1257 1584 ipsi
1293 1514 1513 1585 reliquit
1556 1518 1721 1578 Deus,
1755 1517 1896 1587 quod

326 1598 525 1653 imitati
572 1599 682 1655 sint
736 1616 833 1658 eos
880 1604 972 1674 qui
1031 1619 1137 1659 non
1190 1616 1559 1662 curvaverunt
1600 1623 1740 1678 genu
1773 1617 1899 1663 ante

321 1690 452 1744 Baal
468 1692 536 1746 ⁸⁷.
561 1691 807 1759 Quanam
832 1706 1011 1751 autem
1032 1698 1241 1752 ratione
1267 1698 1405 1754 alios
1428 1700 1644 1770 quidem
1670 1700 1723 1755 in
1743 1700 1895 1767 Sion,

321 1781 459 1838 alios
483 1798 611 1840 vero
637 1786 691 1840 in
714 1783 1057 1843 Jerusalem?
1081 1788 1223 1856 Quia
1260 1790 1314 1843 in
1348 1790 1415 1845 iis
1450 1790 1540 1859 qui
1571 1791 1638 1845 ad
1667 1790 1895 1846 salutem

321 1874 675 1945 pertingunt,
732 1877 1023 1934 discrimen
1074 1889 1201 1935 est:
1236 1882 1674 1950 quandoquidem
1724 1897 1894 1935 unus-

324 1968 555 2037 quisque
600 1968 655 2023 in
697 1984 798 2024 suo
830 1970 1020 2025 ordine
1053 1972 1099 2004 ⁸⁸
1128 1972 1287 2028 bonis
1313 1987 1342 2027 a
1373 1974 1482 2029 Deo
1514 1974 1718 2042 paratis
1761 1972 1897 2027 frui-

321 2069 479 2117 turus
501 2072 605 2126 est,
628 2076 927 2133 eorumque
953 2064 1169 2118 futurus
1196 2073 1280 2120 est
1305 2067 1596 2135 particeps.
1626 2063 1732 2119 Sed
1759 2080 1897 2134 quo-

320 2151 465 2205 niam
494 2153 650 2221 pauci
702 2162 831 2208 sunt
866 2155 958 2223 qui
993 2155 1222 2210 salutem
1251 2165 1653 2225 consequantur
1682 2155 1749 2219 θ’,
1785 2170 1891 2208 non

1278 386 1627 443 APPENDJX
1660 388 1951 448 OPERUM
1991 389 2049 444 S.
2090 382 2340 440 BASILII
2364 378 2617 439 ‘MAGNI.

327 505 498 561 Deum
550 505 893 577 conspiceret
936 503 1007 559 “.
1056 502 1322 571 Quoniam
1397 504 1563 571 igitur
1619 503 1890 575 affulgebil

2001 501 2206 574 θεωρίᾳ
2276 497 2371 551 τοῦ
2445 493 2582 549 Θεοῦ
2647 492 2921 564 γενέσθαι.
2996 493 3150 547 Ἐπεὶ
3200 487 3294 546 οῦν
3360 489 3602 563 ὲπιλάμ-
3706 491 3717 499 ’

3488 377 3601 434 540

2004 593 2095 664 ψει
2145 593 2256 663 (29)
2290 593 2319 645 ὁ
2366 588 2497 653 Θεὸς
2550 588 2610 642 ὲν
2671 586 2833 659 βουλῇ
2894 585 3031 657 μετὰ
3085 585 3264 654 δόξης,
3329 584 3462 655 πρὸς
3498 583 3600 636 δύο

2005 682 2178 738 ταῦτα
2211 681 2304 734 δύο
2340 681 2610 750 ἐπήγαγε,
2639 676 2701 731 τὸ
2735 675 2999 745 ὑψῶσαι,
3046 675 3143 728 καί
3196 672 3481 736 δοξάσειν
3514 672 3599 735 ὡς

2006 773 2242 828 νοεῖσθαι
2275 771 2469 843 βουλῆς
2508 770 2606 841 μὲν
2640 767 2798 840 ἔργον
2829 768 2929 840 τὴν
2966 766 3194 837 ῦψωσιν,
3227 764 3383 836 δόξης
3424 763 3481 817 δὲ
3529 761 3599 817 τὸ

2001 864 2245 931 δοξάσαι.

2076 953 2198 1007 156.
2224 951 2334 1006 Καὶ
2365 950 2538 1005 ἔσται
2567 950 2636 1003 τὸ
2671 949 2781 1021 (50)
2810 950 3177 1017 ὑπολειφθεν
3200 945 3270 999 ὲν
3292 944 3465 1009 Σιὼν,
3488 941 3595 996 καὶ

2000 1046 2067 1099 τὸ
2123 1041 2522 1112 καταλειφθὲν
2569 1041 2640 1094 ἐν
2676 1038 3095 1108 Ἰερουσαλὴμ.
3142 1036 3297 1106 ἅγιοι
3361 1033 3595 1102 κληθή-

2001 1149 2212 1188 σονται
2243 1131 2466 1198 πάντες
2484 1135 2537 1185 οἱ
2558 1130 2881 1201 γραφέντες
2907 1131 2994 1194 εις
3022 1125 3180 1195 ζωὴν
3200 1127 3270 1179 ἐν
3301 1126 3596 1193 Ἰερουσα-

1998 1226 2143 1296 λήμ.
2175 1225 2250 1280 Τὸ
2282 1227 2404 1279 κατ’
2440 1223 2676 1294 ἐκλογὴν
2724 1222 2947 1294 χάριτος
2978 1220 3185 1290 λεῖμμα
3231 1218 3324 1272 τοῦ
3367 1215 3593 1289 Ἰσραὴλ

2000 1318 2147 1386 ἅγιοι
2182 1316 2582 1388 κληθήσονται-
2627 1315 2723 1367 καὶ
2752 1314 3189 1384 ὲγγραφήσονται
3231 1313 3310 1374 εἰς
3343 1309 3489 1379 ζωὴν
3525 1309 3592 1362 ὲν

2012 1406 2366 1480 Ἰερουσαλὴμ
2402 1406 2451 1458 οἱ
2501 1403 2860 1474 φωτισθέντες
2884 1406 2950 1473 τῇ
2980 1400 3273 1472 ἐπιφανείᾳ
3298 1399 3393 1453 τοῦ
3423 1397 3588 1463 Θεοῦ,

1997 1497 2095 1550 καὶ
2127 1496 2432 1565 ὑψωθὲντες
2462 1498 2527 1565 τῇ
2560 1493 2686 1567 δόξῃ
2712 1492 2897 1547 αὑτοῦ.
2922 1487 3080 1546 Οὗτοι
3108 1490 3253 1559 ἆγιοι
3282 1489 3592 1562 κληθήσον-

1997 1604 2109 1653 ται,
2149 1586 2244 1651 οὒς
2279 1587 2372 1640 καὶ
2401 1585 2694 1639 κατέλιπεν
2730 1583 2907 1655 ἑαυτῷ
2941 1586 2969 1637 ὀ
2995 1582 3149 1646 Θεὸς,
3178 1582 3318 1635 κατὰ
3354 1582 3591 1652 μίμησιν

1997 1679 2108 1733 τῶν
2149 1679 2224 1750 μὴ
2269 1677 2605 1749 καμψάντων
2639 1676 2769 1744 γόνυ
2807 1677 2873 1746 τῇ
2923 1673 3092 1727 Βάαλ.
3134 1672 3233 1725 Διὰ
3275 1671 3330 1724 τί
3362 1671 3421 1725 δὲ
3458 1671 3591 1735 τοὺς

2000 1771 2100 1841 μὲν
2130 1772 2188 1823 ὲν
2221 1768 2378 1831 Σιὼν,
2412 1769 2540 1831 τοὺς
2581 1767 2638 1820 δὲ
2669 1769 2727 1820 ὲν
2768 1765 3157 1837 Ἰερουσαλήμ;
3193 1766 3316 1817 Ὅτι
3352 1764 3591 1818 καὶτῶν

1999 1858 2322 1932 σωζομένων
2347 1860 2465 1912 ἐστὶ
2488 1857 2742 1928 διαφορὰ,
2776 1856 3008 1911 ἑκάστου
3037 1858 3094 1910 ἐν
3120 1855 3200 1927 τῷ
3232 1856 3345 1928 ἰδίῳ
3370 1857 3593 1927 τάγμα-

1994 1968 2049 2004 τι
2074 1951 2174 2021 τῆς
2203 1950 2553 2014 ἀπολαύσεως
2580 1948 2688 2004 τῶν
2722 1947 2874 2019 παρὰ
2901 1946 3037 2000 Θεοῦ
3067 1946 3287 2016 ἀγαθῶν
3325 1947 3589 2017 μεθέξον-

1994 2058 2108 2105 τος.
2146 2041 2363 2113 Ἐπειδὴ
2389 2041 2446 2095 δὲ
2467 2041 2638 2109 ὀλίγοι
2670 2043 2719 2093 οἱ
2745 2040 3063 2112 σωζόμενοι,
3091 2041 3152 2093 οὐ
3182 2040 3590 2111 πληθυντικῶς,

1997 2129 2110 2186 ἀλλ’
2139 2129 2334 2195 ἑνικῶς
2373 2132 2403 2184 ὀ
2432 2129 2590 2199 λόγος
2628 2130 2911 2195 ἐξέδωκεν.
2945 2131 3020 2184 Οὐ
3050 2130 3159 2201 γὰρ
3185 2126 3358 2197 εἶπεν,
3385 2134 3449 2185 Οἱ
3484 2149 3589 2186 και-

323 2218 540 2311 plurali,
570 2243 663 2299 sed
691 2218 952 2315 singulari
986 2261 1211 2300 numero
1234 2218 1455 2301 sensum
1488 2218 1890 2299 reddiditScri-

1999 2220 2396 2290 ταλειφθέντες,
2439 2220 2598 2283 ἀλλὰ,
2646 2219 2723 2273 Τὸ
2762 2218 3185 2287 καταλειφθέν.
3220 2221 3407 2273 Ἔοικε
3434 2220 3493 2273 δὲ
3523 2219 3589 2273 τδ

315 2344 496 2404 plura.
523 2334 642 2391 Non
670 2338 816 2391 enim
847 2337 1014 2393 dixit:
1042 2337 1145 2406 Qui
1173 2338 1325 2394 tuere
1358 2339 1566 2406 reliCti;
1598 2337 1713 2402 sed,
1738 2336 1893 2402 Quod

314 2425 554 2480 relictum
582 2438 676 2485 est.
701 2427 758 2482 Id
797 2438 979 2483 autem
1019 2430 1163 2500 quod
1191 2431 1507 2486 derelictum
1538 2439 1620 2484 est
1646 2429 1697 2482 in
1734 2428 1888 2495 Smn,

311 2515 534 2571 videtur
561 2518 695 2573 ordo
718 2533 841 2575 esse
864 2520 1126 2584 deterior,
1150 2520 1312 2575 veluti
1335 2521 1593 2576 dimissus
1610 2520 1678 2575 ab
1706 2519 1772 2574 iis
1799 2522 1889 2589 qui

316 2607 373 2660 in
404 2609 676 2664 anteriora
726 2611 992 2667 festinant
1024 2627 1040 2667 :
1090 2614 1181 2682 qui
1211 2622 1391 2667 autem
1422 2614 1557 2668 ordo
1599 2610 1892 2681 perfectior

319 2707 424 2765 est,
465 2716 567 2771 pro
610 2717 835 2772 operum
883 2705 1079 2761 merito
1123 2707 1308 2760 sedem
1349 2705 1401 2759 in
1446 2704 1559 2774 ipsa
1589 2703 1888 2759 Jerusalem

316 2791 536 2847 videtur
563 2794 881 2851 obtinuisse.
923 2797 1063 2864 Quin
1113 2808 1169 2852 et
1214 2798 1446 2853 historia
1485 2798 1599 2866 ipsa
1649 2798 1891 2868 suggerit

317 2882 476 2939 nobis
499 2885 750 2941 ordinum
776 2886 1159 2957 diﬂ‘crentiam,
1185 2904 1251 2943 ex
1284 2904 1349 2945 eo
1372 2891 1515 2959 quod
1539 2889 1668 2945 Sion
1697 2892 1890 2946 civitas

316 2986 478 3033 vetus
522 2978 593 3034 sit
617 2987 670 3034 et
700 2979 973 3049 deterior;
1019 2981 1320 3037 Jerusalem
1352 2998 1483 3038 vero
1521 2984 1667 3054 regia
1698 2984 1889 3039 civitas

312 3066 411 3133 sit,
433 3068 487 3123 in
516 3083 623 3139 qua
652 3069 800 3139 viget
832 3072 1213 3128 sanctimonia.
1246 3072 1407 3129 Certe
1439 3073 1496 3129 hi
1517 3088 1709 3129 omnes
1738 3073 1881 3128 scri-

311 3160 514 3217 bentur
541 3164 607 3219 ad
632 3164 798 3219 vitam
823 3166 876 3220 in
893 3165 1212 3230 Jerusalem,
1237 3177 1400 3238 atque
1425 3168 1615 3223 beatus
1638 3178 1721 3222 est
1740 3167 1888 3235 quis-

313 3254 440 3322 quis
469 3253 761 3311 habebitur
792 3258 1007 3328 dignus,
1040 3260 1131 3327 qui
1170 3261 1551 3315 conscribatur
1579 3259 1633 3315 in
1663 3258 1889 3315 Jerusa-

310 3344 441 3400 lem.
483 3344 698 3402 Etenim
733 3348 1031 3405 viventium
1067 3351 1267 3405 librum
1302 3351 1356 3406 in
1392 3367 1501 3419 quo
1534 3352 1723 3421 scripti
1759 3358 1890 3425 sunt

313 3436 520 3493 Christi
554 3438 837 3510 discipuli,
871 3442 923 3496 in
958 3442 1047 3496 illa
1081 3441 1383 3501 Jerusalem
1423 3445 1652 3514 reperiri
1680 3445 1888 3502 conde-

312 3539 419 3585 cet.
442 3530 680 3588 Gaudete
706 3536 867 3600 enim,
905 3535 1100 3606 inquit,
1130 3532 1273 3608 quod
1305 3540 1517 3593 nomina
1542 3550 1711 3595 vestra
1752 3542 1887 3595 scri-

310 3639 401 3698 pla
422 3638 545 3683 sunt
562 3632 618 3685 in
637 3631 781 3686 caelis
801 3634 840 3684 ί.
858 3631 1120 3699 Quoniam
1141 3643 1323 3689 autem
1347 3634 1525 3689 verbis
1553 3635 1659 3700 bis,
1682 3633 1884 3704 Scripti

309 3721 367 3775 in
382 3720 698 3789 Jerusalem,
716 3724 1024 3796 adjungitur
1045 3726 1195 3792 illud,
1213 3725 1281 3780 In
1302 3727 1498 3792 vitam;
1522 3728 1885 3784 necessarium

309 3811 479 3869 fuerit
498 3816 639 3871 scire
671 3827 848 3870 utrum
874 3818 983 3872 sint
1024 3820 1243 3889 quidam
1279 3821 1371 3890 qui
1407 3822 1722 3877 scribantur
1750 3823 1880 3892 qui-

311 3905 460 3974 dem,
490 3907 586 3962 sed
617 3922 721 3962 non
748 3910 816 3963 ad
844 3910 1033 3978 vitam,
1061 3910 1214 3981 juxta
1255 3910 1549 3967 Jeremiam
1575 3913 1881 3970 dicentem:

310 3999 418 4065 Qui
443 4011 789 4066 recesserunt,
820 4003 877 4057 in
916 4013 1057 4058 terra
1097 4005 1402 4059 scribantur
1430 4006 1474 4059 ².
1507 4005 1694 4075 Itaque
1732 4005 1885 4074 juxta

310 4091 457 4149 hunc
486 4107 704 4150 sensum
751 4095 871 4151 duae
906 4096 1130 4164 intelligi
1170 4107 1399 4167 possunt
1446 4099 1881 4170 descriptiones:

308 4198 415 4239 una
447 4185 664 4254 quidem
691 4202 877 4242 eorum
915 4198 1001 4243 est
1028 4190 1120 4258 qui
1160 4189 1227 4244 ad
1276 4191 1467 4256 vitam,
1499 4190 1669 4245 altera
1699 4202 1883 4245 autem

311 4290 501 4331 eorum
532 4277 624 4347 qui
672 4279 983 4333 scribuntur
1014 4280 1083 4334 ad
1121 4278 1506 4349 perditionem.
1539 4280 1717 4350 Atque
1741 4297 1886 4350 saepe

306 4369 580 4441 contingit
628 4370 924 4440 Scriptura:
965 4372 1315 4442 permutatio,
1346 4371 1423 4427 uti
1475 4387 1598 4427 cum
1626 4389 1655 4427 a
1686 4373 1885 4427 virtute

312 4464 384 4518 ad
420 4462 677 4519 malitiam
706 4462 1015 4518 dilahimur.
1055 4462 1186 4517 Nam
1215 4464 1378 4518 verba
1429 4462 1886 4519 ltzeczbeleantur

310 4556 377 4608 de
408 4553 542 4608 libro
567 4555 872 4623 viventium,
904 4564 953 4609 et
996 4571 1115 4609 cum
1167 4556 1322 4622 iustis
1353 4571 1457 4609 non
1496 4556 1795 4610 scribantur
1823 4557 1880 4622 ³;

309 4645 442 4700 item
474 4644 663 4701 isthaac
688 4665 703 4701 :
734 4645 861 4701 Dele
891 4658 939 4702 et
960 4663 1043 4701 me
1070 4647 1135 4702 de
1163 4647 1296 4701 libro
1336 4656 1426 4702 tuo
1455 4648 1506 4715 ‘;
1538 4649 1788 4704 dicuntur
1816 4649 1884 4702 de

308 4734 635 4802 quibusdam
671 4744 926 4807 tanquam
953 4737 1067 4806 jam
1107 4736 1254 4807 digni
1284 4749 1465 4795 essent
1500 4740 1668 4795 habiti
1701 4742 1793 4810 qui
1829 4742 1881 4795 in

307 4824 405 4881 Dei
431 4825 574 4881 libro
604 4828 1094 4883 conscriberentur.

2003 2312 2100 2382 μὲν
2118 2310 2443 2381 ὑπολειφθὲν
2468 2312 2525 2365 ὲν
2548 2309 2707 2375 Σιὼν,
2727 2310 2789 2363 τὸ
2808 2309 3191 2382 ὑποδεέστερον
3213 2305 3349 2363 εἶναι
3372 2311 3585 2380 τάγμα,

1997 2405 2161 2457 οἱονεὶ
2216 2403 2473 2473 ὲναφεθὲν
2525 2402 2632 2456 ὑπὸ
2669 2403 2779 2455 τῶν
2828 2401 3197 2473 ἐπειγομένων
3249 2403 3330 2465 είς
3382 2401 3444 2454 τὸ
3487 2401 3590 2471 ἔμμ-

2000 2494 2267 2567 προσθενο
2319 2496 2383 2548 τὸ
2446 2494 2505 2548 δὲ
2554 2494 2905 2565 τελειότερον,
2953 2493 3042 2547 διὰ
3094 2492 3193 2564 τὴν
3241 2492 3354 2545 τῶν
3404 2493 3589 2564 ἔργων

1997 2585 2156 2652 ἀξίαν
2180 2585 2315 2657 (5|),
2349 2586 2449 2657 τῆς
2471 2586 2530 2639 ὲν
2558 2586 2692 2657 αὐτῇ
2723 2588 2790 2657 τῇ
2833 2584 3188 2657 Ἰερουσαλὴμ
3212 2583 3589 2656 καθιδρύσεως

1996 2678 2285 2749 ἠξιῶσθαι.
2322 2678 2644 2732 Ὑποὸάλλει
2674 2678 2732 2730 δὲ
2762 2679 2896 2749 ἡμῖν
2932 2677 3079 2748 καὶὴ
3108 2676 3320 2748 ἱστορία
3350 2675 3459 2729 τῶν
3483 2694 3584 2729 τα-

1995 2769 2222 2840 γμάτων
2264 2768 2325 2822 τὸ
2376 2767 2651 2840 διάφορον,
2695 2769 2760 2821 ἐκ
2796 2765 2891 2820 τοῦ
2922 2766 3018 2838 τὴν
3051 2766 3149 2837 μὲν
3186 2765 3324 2818 Σιὼν
3357 2767 3456 2837 τὴν
3483 2767 3587 2837 ἀρ-

1994 2860 2157 2930 χαίαν
2192 2856 2332 2915 εἶναι
2375 2860 2549 2923 πόλιν,
2579 2860 2675 2913 καὶ
2700 2859 3125 2931 ὑποδεεστέραν·
3160 2858 3261 2930 τὴν
3281 2859 3337 2912 δὲ
3380 2857 3583 2928 Ἰερου-

1996 2952 2199 3023 σαλὴμ,
2238 2953 2338 3023 τὴν
2380 2950 2787 3022 βασιλεύουσαν,
2834 2952 2891 3004 ὲν
2981 2951 3042 3004 τὸ
3064 2951 3332 3021 ἁγίασμα.
3371 2950 3585 3021 Πάντες

1994 3044 2181 3113 μέντοι
2206 3037 2354 3097 οῦτοι
2389 3044 2499 3116 (52)
2528 3045 2901 3116 γραφήσονται
2933 3045 3012 3107 είς
3038 3043 3181 3114 ζωὴν
3211 3045 3270 3096 ὲν
3312 3043 3587 3112 Ἰερουσα-

1994 3132 2105 3203 λήμ
2125 3151 2139 3164 ·
2172 3132 2267 3187 καὶ
2301 3132 2568 3205 μακάριος
2610 3135 2639 3185 ὁ
2676 3134 2777 3204 τῆς
2810 3136 2869 3188 ὲν
2903 3134 3259 3205 Ἰερουσαλὴμ
3299 3150 3585 3205 καταγρα-

1994 3226 2101 3296 φῆς
2148 3225 2486 3297 ἀξιούμενος.
2560 3227 2647 3280 Ἐν
2694 3226 2875 3297 ἐκείνῃ
2920 3225 3030 3298 γὰρ
3081 3227 3257 3280 ἔοικεν
3314 3223 3453 3280 εἶναι
3510 3229 3579 3298 τῇ

2006 3321 2358 3393 Ἰερουσαλὴμ
2384 3323 2417 3393 ἡ
2444 3320 2625 3392 βίϐλος
2648 3321 2759 3374 τῶν
2783 3320 3021 3387 ζώντων,
3054 3323 3112 3375 ὲν
3205 3322 3510 3395 γράφονται
3529 3323 3580 3377 οἶ

1997 3413 2236 3484 μαθηταὶ
2276 3414 2371 3466 τοῦ
2408 3412 2667 3484 Χριστοῦ.
2706 3414 2951 3482 Χαίρετε
2983 3414 3114 3484 τὰρ,
3152 3414 3338 3485 φησὶν,
3381 3413 3473 3468 ὅτι
3505 3415 3582 3471 τὰ

1994 3504 2253 3572 ὀνόματα
2274 3501 2440 3572 ὑμῶν
2459 3505 2829 3574 γεγραμμένα
2846 3503 3020 3557 ἐστὶν
3039 3503 3110 3556 ἐν
3134 3502 3258 3568 τοῖς
3276 3503 3577 3573 οὐρανοῖς.

1914 3585 1959 3647 C
2001 3594 2221 3665 Ἐπειδὴ
2254 3594 2310 3648 δὲ
2338 3596 2661 3666 πρόσκειται
2689 3595 2787 3665 τῷ,
2822 3599 2885 3649 Ol
2909 3594 3234 3665 γραφέντες
3264 3598 3336 3650 ἐν
3371 3597 3582 3665 Ἰερουο

1992 3685 2222 3754 (faxim,
2246 3686 2329 3749 τὸ,
2362 3689 2465 3753 Εἰς
2497 3685 2669 3756 ζωὴν,
2699 3687 2995 3757 ἐπιστῆσαι
3037 3687 3358 3755 ἀναγκαῖον,
3393 3690 3578 3759 μήπο-

1991 3776 2053 3829 τέ
2100 3778 2205 3831 εἰσί
2247 3794 2393 3841 τινες
2429 3779 2480 3831 οἱ
2526 3779 2860 3851 γραφόμενοι
2899 3777 3019 3848 μὲν,
3051 3780 3151 3831 οὐκ
3182 3780 3262 3841 είς
3303 3778 3447 3849 ζωὴν
3494 3778 3576 3842 δὲ.

1991 3867 2134 3921 κατὰ
2153 3868 2245 3921 τὸν
2285 3869 2557 3940 Ἱερεμίαν
2587 3869 2842 3936 λέγονταο
2880 3869 3311 3938 Ἀςρεστηκότες
3334 3869 3434 3922 ἐπὶ
3462 3868 3578 3938 τῆς

1990 3957 2106 4028 γῆς
2134 3959 2562 4030 γραφήτωσανο
2586 3960 2728 4015 ὥστε
2762 3961 2903 4015 κατὰ
2922 3961 3081 4014 τοῦτο
3101 3961 3195 4015 δύο
3220 3961 3371 4024 τινὰς
3404 3979 3581 4014 κατα-

1991 4051 2209 4121 γραφὰς
2248 4051 2484 4106 νοεῖσθαι
2503 4069 2519 4083 ·
2549 4052 2660 4108 τῶν
2696 4053 2794 4124 μὲν
2824 4055 2903 4117 εἰς
2932 4053 3098 4125 ξωῆνν
3137 4052 3248 4105 τῶν
3274 4052 3332 4105 δὲ
3365 4054 3450 4116 είς
3469 4054 3579 4107 ἀπ’

1990 4141 2214 4197 ὡλειαν·
2257 4144 2351 4196 καὶ
2384 4138 2524 4197 εἶναι
2559 4144 2819 4210 πολλάκις
2848 4145 2942 4198 καὶ
2978 4143 3276 4215 μεταϐολὴν
3298 4144 3398 4215 τῆς
3428 4144 3567 4214 Γρα-

1992 4229 2120 4300 φῆς»
2144 4232 2271 4285 ὅταν
2290 4234 2385 4286 καὶ
2417 4234 2580 4305 ἡμεῖς
2608 4235 2689 4298 εἰς
2719 4235 2916 4288 κακίαν
2954 4235 3062 4287 ἀπὸ
3099 4235 3299 4306 ἀρετῆς
3329 4234 3576 4305 μεταπέ-

1992 4338 2195 4392 σωμεν.
2231 4323 2304 4375 Τὸ
2334 4321 2463 4395 γὰρ,
2502 4324 3069 4393 Ἑξαλειςρθήτωσαν
3104 4324 3172 4377 ἐκ
3190 4324 3414 4388 ,βίϐλου
3437 4322 3577 4386 ζώνη

1990 4429 2126 4476 των,
2178 4412 2277 4466 καὶ
2314 4413 2464 4481 μετὰ
2500 4413 2748 4468 δικαίων
2778 4414 2864 4484 μὴ
2895 4415 3326 4483 πραφήτωσαν·
3361 4416 3458 4468 καὶ
3490 4416 3571 4482 τὸ,

2002 4500 2357 4570 Ἐξάλειψον
2384 4503 2539 4571 κάμὲ
2565 4502 2681 4556 ἀπὸ
2724 4502 2834 4571 τῆς
2870 4505 3093 4568 ,βίϐλου
3144 4519 3293 4557 σουο
3333 4504 3412 4568 ὡς
3467 4505 3571 4576 ἤδη

1989 4592 2088 4663 τῆς
2115 4593 2172 4645 ἐν
2200 4596 2267 4664 τῇ
2293 4592 2461 4662 βίϐλῳ
2481 4593 2576 4647 τοῦ
2602 4593 2736 4649 Θεοῦ
2760 4597 3120 4667 καταγραφῆς
3142 4596 3458 4668 ἠξιωμένων
3484 4597 3569 4654 λέ·

1989 4700 2164 4752 γεται.

375 4917 503 4974 157.
528 4918 692 4975 Vens.
720 4920 775 4976 4.
803 4920 943 4987 Quia
959 4923 1130 4978 abluet
1147 4923 1405 4979 Dominus
1433 4926 1617 4981 sordes
1650 4925 1882 4994 ﬁliorum

2057 4940 2181 4995 157.
2209 4940 2332 4994 Ὅτι
2362 4941 2660 4997 ἐκπλυνεῖ
2672 4944 2888 5012 Κύριος
2914 4942 3022 4997 τὸν
3041 4943 3243 5012 ῥύπον
3275 4943 3397 4997 τῶν
3420 4943 3571 5000 υἱῶν

300 5010 614 5081 etﬂliarum
660 5010 826 5078 Sion,
858 5022 906 5069 et
957 5017 1264 5085 sanguinem
1297 5014 1594 5072 Jerusalem
1641 5019 1882 5087 purgabit

1999 5031 2081 5086 ea!
2125 5030 2246 5086 τῶν
2285 5032 2623 5102 θυγατέρων
2662 5010 2837 5099 Σιῶν,
2866 5033 2972 5089 καί
2995 5010 3063 5088 τὸ
3090 5029 3234 5103 allia
3277 5035 3569 5104 Ἰερουσα-

302 5120 372 5160 es
394 5107 567 5161 medio
601 5122 804 5173 eorum,
843 5109 898 5163 in
928 5110 1119 5179 spiritu
1136 5111 1333 5181 judicii
1363 5121 1411 5165 et
1443 5112 1497 5165 in
1524 5113 1717 5179 spiritu
1747 5129 1884 5166 com-

1999 5122 2108 5193 ιὴμ
2125 5124 2458 5194 ἐκκαθαριεῑ
2486 5127 2555 5180 ἐκ
2571 5125 2767 5196 μέσου
2792 5126 3010 5191 αὐτῶν,
3038 5125 3109 5179 ὲν
3126 5126 3422 5195 πνεύματι
3443 5128 3570 5196 κρι-

304 5198 587 5254 bustionis.
607 5198 786 5255 Verba
816 5200 932 5257 haec
956 5203 1098 5258 idem
1128 5203 1414 5274 perspicue
1439 5203 1603 5275 475
1635 5220 1882 5273 praenun-

1999 5229 2153 5282 γεως,
2187 5216 2288 5270 καὶ
2318 5218 2390 5271 ὲν
2421 5219 2712 5287 πνεύματι
2745 5218 3038 5283 καύσεως.
3068 5216 3294 5288 Τρανῶς
3328 5217 3402 5269 τὰ
3425 5219 3568 5273 αὐτὰ

299 5288 473 5354 tiant,
504 5291 648 5360 quod
678 5290 914 5347 Joannes
942 5294 1007 5348 de
1045 5294 1274 5349 Domino
1303 5295 1475 5349 dixit:
1513 5297 1636 5365 Ipse
1668 5307 1742 5351 est
1789 5299 1880 5368 qui

1999 5305 2056 5379 τῷ
2091 5307 2312 5381 Ἰωάννῃ
2359 5311 2387 5362 ὁ
2421 5308 2577 5377 λόγος
2610 5309 2990 5381 προαγορεύει,
3046 5311 3178 5382 περὶ
3223 5310 3317 5364 τοῦ
3352 5313 3566 5384 Κυρίου

301 5397 395 5437 vos
420 5380 794 5452 baptizabit.in
819 5384 1028 5452 Spiritu
1061 5397 1239 5442 sancto
1267 5397 1315 5442 et
1344 5389 1459 5458 igne
1486 5390 1544 5457 5;
1586 5391 1652 5445 de
1682 5406 1742 5445 se
1766 5391 1881 5459 ipso

1999 5396 2210 5466 λέγοντι,
2267 5380 2347 5451 ὅτι
2399 5399 2596 5466 Αὐτὸς
2646 5380 3137 5469 ὑμᾶςίβαπτίσει
3172 5400 3243 5454 ἐν
3263 5380 3568 5472 Πνεύιιατι

369 5492 834 5576 σσὲχσῲμχχιη,
865 5496 957 5576 ἒξ,
982 5497 1077 5576 ἓξ.
1101 5498 1199 5576 ’π’
1229 5497 1392 5553 Rem.
1411 5515 1507 5576 ἐι,
1532 5499 1589 5576 5.
1621 5501 1706 5576 _"
1729 5501 1798 5576 ill
1826 5499 1890 5554 Rt

1999 5521 2104 5576 xix,
2141 5505 2239 5572 18;
2297 5505 2453 5563 Rom.
2480 5523 2557 5572 xI,
2593 5509 2647 5563 4.
2722 5510 2769 5542 ⁸⁸
2802 5511 2975 5566 lCor.
3009 5526 3100 5576 xv,
3127 5511 3217 5565 25.
3291 5510 3339 5544 ⁹¹
3362 5509 3556 5568 Matth.

300 5575 399 5626 ιι,
425 5562 515 5617 16.
579 5564 596 5596 ⁸
625 5565 757 5621 Luc.
791 5582 847 5634 κ,
869 5567 960 5622 20.
1037 5569 1059 5599 ²
1089 5566 1200 5623 Jer.
1231 5584 1365 5635 xvn,
1403 5562 1499 5626 15.
1569 5572 1591 5605 ³
1621 5571 1764 5629 Dsal.
1795 5589 1890 5630 tu

2017 5562 2107 5632 292
2181 5562 2728 5646 "Exod.sxxin,’32.
2804 5562 3282 5649 “tantum—[1L

394 5680 1347 5765 ἓὲᾺηὲἱςιυὶβειολίυτῖνελριμψεν.
1544 5760 1575 5765 η

2054 5693 2168 5765 (5!)
2203 5693 2338 5765 Reg.
2374 5705 2620 5765 quartus,
2644 5696 2887 5763 ἀξίωσιν.

296 5750 483 5875 ετξξῇ
515 5750 680 5816 E‘mii
720 5754 831 5808 καὶ
866 5755 1017 5810 ἔστοιι
1056 5750 1282 5814 καί.’Ᾰι
1333 5773 1466 5817 mss.
1507 5760 1732 5835 aliquot,
1768 5763 1875 5818 Καὶ

1999 5750 2168 5890 ηιξῇέ
2200 5750 2363 5833 Eam:
2391 5750 2496 5837 i‘év
2527 5750 2779 5824 τοιοῦτοι.
2909 5783 3041 5828 mss.
3073 5779 3184 5829 tres
3229 5769 3324 5838 ita,
3357 5774 3419 5824 ut
3445 5766 3559 5825 edi-
