3828 6216
198 331 296 396 Mi
1031 323 1388 382 COMMENT.
1431 323 1500 378 IN
1536 321 1770 377 ISAIAM

1903 316 2246 383 ΟΡΗΕἸΪΑΜ.
2288 316 2440 370 CAP.
2480 314 2570 372 IV.
3341 308 3447 366 διε
3541 391 3550 399 ι

194 445 336 516 ἁγίῳ
366 442 465 497 καί
500 442 667 512 πυρίο
699 441 829 514 περὶ
852 441 910 496 δὲ
937 441 1155 508 ἑαυτοῦ,
1183 443 1265 495 ὅτι
1308 440 1450 511 Ἐγὼ
1474 441 1591 511 μὲν
1618 439 1774 510 ὑμᾶς

1903 445 2057 492 intem
2093 436 2209 489 ait:
2248 433 2360 505 Ego
2394 433 2604 504 quidem
2643 446 2734 485 vos
2759 429 2966 499 θαι)ιὶιο
3013 429 3070 482 in
3094 439 3233 498 aqua
3263 427 3318 482 in
3349 445 3450 495 pae-

191 536 447 606 ραπτίζω
480 537 551 591 ἐν
579 536 752 590 ὕδατι
795 539 886 602 εὶς
908 536 1256 606 μετάνοιαν.
1300 535 1454 588 Ἐπεὶ
1490 534 1622 604 γοῦν
1661 534 1773 605 (55)

1903 526 2154 580 ιὶιεηιὶατη
2175 525 2218 580 ⁸.
2245 523 2514 591 Quoniam
2543 522 2708 592 igitur
2729 529 3017 589 utrumque
3042 519 3324 589 conjunxit
3347 519 3452 574 Do-

196 628 475 700 ἀμφότερα
507 625 744 696 συνῆψεν
789 628 818 680 6
856 625 1082 699 Κύριος,
1123 627 1184 678 τό
1227 643 1288 679 τε
1327 625 1415 690 Ἐξ
1458 624 1647 687 ὓδατος
1694 626 1774 688 είς

202 717 502 791 μετάνοιαν,
537 718 629 771 καὶ
673 718 752 771 τὸ⁹
817 719 913 772 Ἐκ
975 717 1292 788 Πνεύματος
1350 719 1431 780 εἰς
1472 717 1774 786 ἀναγέννη-

200 827 277 863 σιν
305 810 438 881 (54),
473 809 568 862 καὶ
604 811 633 861 6
657 809 812 878 λόγος
841 809 1142 862 αἰνίσσεται
1165 808 1454 879 ἀμφότερα
1489 807 1559 860 τὰ
1582 807 1776 877 βαπτί-

201 921 391 974 σματα.
421 903 647 972 Μήποτε
667 904 820 973 τρεῖς
845 903 982 955 εἰσιν
1011 903 1068 954 αἱ
1090 901 1323 956 ἐπίνοιαι
1351 899 1444 953 τοῦ
1474 899 1780 971 βαπτίσμα-

197 1009 300 1055 τος,
328 992 355 1044 ὃ
378 1008 437 1043 τε
459 991 555 1044 τοῦ
588 989 761 1061 ῥύπου
793 989 1149 1061 καθαρισμὸς.
1178 990 1325 1061 καὶὴ
1359 989 1448 1043 διὰ
1476 989 1572 1042 τοῦ
1603 988 1776 1042 Πνεύ-

203 1097 359 1151 ματος
392 1080 772 1150 ἁναγέννησις,
807 1079 964 1150 καὶὴ
1006 1082 1064 1133 ἐν
1102 1079 1181 1150 τῷ
1217 1079 1352 1152 πυρὶ
1395 1079 1494 1149 τῆς
1544 1079 1776 1151 κρίσεως

203 1171 444 1241 βάσανος,
477 1171 620 1225 ὥστε
647 1172 708 1224 τὸ
743 1174 846 1242 μὲν
874 1170 1164 1225 ἐκπλύνειν
1201 1172 1339 1244 πρὸς
1375 1173 1474 1244 τὴν
1504 1166 1606 1226 ὧδε
1639 1174 1776 1227 ἀπό-

201 1265 336 1317 θεσιν
379 1265 479 1334 τῆς
527 1266 802 1337 ἁμαρτίας
844 1265 1249 1336 λαμϐάνεσθαι·
1295 1267 1357 1320 τὺ
1403 1267 1460 1320 δέ
1489 1267 1779 1335 πνεύματι

201 1356 466 1422 κρίσεως,
506 1357 602 1409 καὶ
641 1356 935 1425 πνεύματι
972 1359 1267 1424 καύσεως,
1299 1358 1437 1428 πρὸς
1479 1357 1576 1426 τὴν
1611 1359 1668 1409 ἐν
1700 1356 1780 1426 τῷ

206 1445 440 1516 μέλλοντι
465 1446 624 1501 αίῶνι
649 1447 736 1502 διὰ
760 1448 855 1502 τοῦ
886 1451 1058 1522 πυρὸς
1086 1450 1431 1520 δοκιμασίαν.
1473 1450 1693 1503 Δέονται
1721 1449 1779 1502 δὲ

203 1540 254 1591 αἱ
283 1539 376 1609 μὲν
396 1540 517 1593 κατ’
543 1541 767 1610 ἄγνοιαν
793 1543 1082 1614 ἁμαρτίαι,
1110 1543 1274 1596 οἱονεὶ
1302 1543 1471 1614 ῥύπος
1494 1560 1578 1605 τις
1600 1538 1778 1607 οὖσαι,

201 1631 294 1701 τὴν
317 1632 639 1700 ἐπιφάνειαν
671 1632 774 1702 τῆς
799 1633 976 1705 ψυχῆς
1000 1632 1378 1702 ἀφανίζουσαι,
1401 1635 1494 1687 καὶ
1516 1633 1595 1704 τῷ
1621 1651 1780 1702 φυσι-

202 1717 278 1788 κῷ
300 1719 484 1772 κάλλει
519 1721 695 1790 αὐτῆς
726 1721 1142 1792 λυμαινόμεναι,
1172 1723 1268 1776 τοῦ
1315 1724 1379 1776 ἐκ
1411 1724 1508 1795 τῆς
1535 1723 1783 1788 πλύσεως

1877 617 2076 681 minus,
2103 615 2254 680 illud,
2302 615 2382 669 Ex
2415 627 2554 683 aqua
2583 613 2638 668 in
2687 611 3057 682 paenitentiam
3083 627 3097 663 :
3127 610 3254 664 item
3295 610 3447 676 illud,

1875 707 1956 761 Ex
1973 706 2174 778 Spiritu
2193 707 2246 761 in
2267 703 2764 776 regenerationem;
2783 704 2944 757 etiam
2963 702 3228 771 baptisma
3246 709 3455 756 utrum-
3513 747 3518 754 .

1875 815 1982 869 que
2009 800 2255 867 designat
2281 797 2587 868 Scriptura.
2621 794 2884 866 Equidem
2920 793 3065 848 haud
3099 793 3211 848 scio
3234 809 3312 846 an
3341 802 3453 848 tres

1877 892 1987 947 sint
2037 891 2383 960 baptismatis
2431 887 3140 958 acceptiones,expurgatio
3188 883 3450 946 sordium,

1877 982 2219 1054 regeneratio
2252 997 2347 1052 per
2375 978 2659 1050 Spiritum,
2690 987 2740 1031 et
2781 991 2843 1032 ea
2871 991 2992 1045 quat
3030 977 3083 1029 in
3116 976 3238 1046 igne
3262 973 3454 1045 judicii

1879 1076 1942 1127 ﬁt
1983 1075 2232 1143 probatio
2257 1096 2269 1128 ;
2295 1073 2428 1128 adeo
2465 1081 2525 1127 ut
2555 1070 2764 1126 ablutio
2801 1069 3018 1139 quidem
3057 1069 3123 1123 de
3151 1081 3215 1123 ea
3245 1065 3455 1136 peccati

1879 1164 2237 1234 depositione,
2287 1178 2407 1234 quae
2453 1163 2561 1218 hoc
2605 1169 2849 1229 tempore
2879 1160 2962 1226 ﬁt,
2995 1158 3295 1228 accipiatur
3319 1201 3333 1225 ,
3369 1156 3455 1211 hae

1879 1269 2011 1310 vero
2045 1254 2330 1316 dictiones,
2365 1253 2556 1323 spiritu
2577 1251 2792 1322 judicii,
2822 1259 2878 1305 et
2909 1249 3100 1319 spiritu
3135 1247 3457 1302 combustio-

1880 1348 1984 1412 nis,
2009 1346 2075 1400 ad
2104 1345 2481 1416 probationem
2510 1359 2608 1414 per
2637 1343 2814 1411 ignem
2845 1342 2901 1396 in
2927 1341 3110 1396 futuro
3133 1339 3329 1395 saeculo
3343 1339 3459 1393 exi-

1880 1439 2110 1508 gendam
2163 1437 2492 1493 referantur.
2531 1433 2639 1490 Sed
2681 1434 2912 1488 admissa
2964 1447 3063 1502 per
3096 1429 3456 1502 ignorantiam

1880 1540 2128 1598 peccata,
2159 1543 2281 1583 cum
2306 1528 2414 1582 sint
2434 1526 2599 1581 veluti
2629 1527 2819 1580 sordes
2844 1525 3109 1594 quaedam,
3127 1537 3245 1592 qua:
3267 1521 3459 1576 animae

1881 1621 2223 1689 superﬁciem
2247 1628 2625 1689 corrumpunt,
2652 1616 2878 1686 ejusque
2899 1617 3136 1670 nativam
3155 1613 3463 1669 delormant

1882 1711 2378 1782 pulchritudinem;
2405 1711 2798 1780 expurgatione
2838 1723 2960 1777 quae
2997 1723 3095 1777 per
3131 1698 3461 1762 lavationem

201 1808 534 1882 καθαρισμοῦ
558 1829 572 1841 ·
599 1814 656 1865 αί
684 1813 741 1866 δὲ
774 1815 912 1886 πρὸς
937 1814 1168 1868 θάνατον
1201 1815 1466 1887 ἁμαρτίαι
1494 1814 1602 1868 τῶν
1634 1816 1784 1869 ἐκου-

1903 1817 2171 1874 recessura
2219 1804 2292 1857 sit
2323 1801 2566 1871 indigent
2610 1819 2624 1854 :
2655 1815 2775 1870 quae
2815 1813 2946 1855 vero
2981 1798 3048 1852 ad
3085 1805 3314 1853 mortem
3357 1795 3461 1849 du-

205 1901 328 1964 σίως
361 1899 871 1975 ἐξαμαρτανόντων,
908 1905 1046 1976 μετά
1087 1906 1150 1958 τὸ
1186 1906 1372 1959 λαϐεῖν
1418 1907 1518 1978 τὴν
1550 1907 1783 1976 ἐπίγνω-

205 2009 302 2055 σιν,
326 1989 464 2065 αἷμα
492 1997 1014 2069 προσαγορεύονται,
1042 1998 1290 2068 δεόμεναι
1325 1999 1427 2070 τῆς
1461 2002 1519 2053 ἐν
1546 1999 1624 2070 τῷ
1647 1999 1784 2053 καύ-

208 2101 328 2154 ματι
359 2089 617 2158 κρίσεως.
662 2089 816 2143 Ἐπεὶ
841 2084 934 2143 οὖν
959 2091 987 2142 6
1021 2089 1509 2162 ἐξομολογούμενος
1535 2091 1628 2144 καὶ
1650 2092 1785 2144 πλυ-

207 2175 353 2246 θῆναι
386 2177 530 2244 ἀξιοῖ
565 2181 662 2233 καὶ
700 2180 1122 2252 καθαρισθῆναι,
1165 2182 1261 2234 καὶ
1297 2181 1395 2252 τὴν
1424 2181 1522 2252 μὲν
1555 2182 1785 2253 ἀνομίαν

208 2268 444 2334 πλύσεώς
477 2289 615 2342 φησι
640 2272 865 2337 δεῖσθαι,
893 2273 992 2346 τὴν
1031 2273 1088 2327 δέ
1117 2275 1391 2346 ἁμαρτίαν
1418 2275 1784 2347 καθαρισμοῦ,

209 2359 399 2429 λέγων·
443 2364 571 2416 Ἐπὶ
614 2365 828 2418 πλεῖον
865 2365 1104 2420 πλῦνόν
1124 2384 1201 2435 με
1235 2367 1353 2420 ἀπὸ
1391 2367 1502 2436 τῆς
1537 2369 1788 2437 ἀνομίας

206 2468 335 2520 μου,
365 2453 464 2506 καὶ
486 2453 610 2508 ἀπὸ
637 2455 749 2522 τῆς
778 2456 1072 2524 ἁμαρτίας
1095 2473 1214 2525 μου
1247 2455 1579 2524 καθάρισόν
1601 2474 1698 2526 με.
1726 2459 1788 2510 0i

212 2543 304 2612 μὲν
333 2545 508 2615 πάντη
538 2546 765 2615 ἀνήκοοι
790 2546 898 2599 τῶν
933 2546 1090 2601 θείων
1127 2547 1486 2618 μαθημάτων,
1525 2550 1656 2618 πρὶν
1683 2566 1789 2618 μα-

210 2634 315 2689 θεῖν
364 2637 456 2690 τὺν
505 2637 665 2706 λόγον
720 2639 1120 2710 ἡμαρτηκότες,
1173 2640 1335 2693 οἱονεὶ
1381 2641 1787 2711 ἐρρυπωμένοι,

212 2725 299 2777 τοῦ
330 2727 434 2780 ἀπὸ
455 2729 566 2781 ,τοῦ
606 2729 797 2792 ὓδατος
830 2729 1041 2783 δέονται
1072 2729 1418 2801 καθαρισμοῦ
1437 2748 1450 2760 ·
1486 2733 1535 2783 οἱ
1563 2730 1619 2782 δὲ
1652 2731 1792 2800 μετά

213 2815 270 2869 τὸ
315 2818 497 2872 λαϐεῖν
537 2820 643 2891 τὴν
685 2820 829 2892 ζωὴν
874 2821 1311 2883 ἐπιϐουλεύοντες
1350 2823 1584 2886 ἑαυτοῖς,
1629 2823 1794 2892 αἵμα-

215 2925 263 2961 τι
293 2908 400 2981 (55)
434 2911 588 2976 ὄντες
621 2911 816 2982 ἔνοχοι,
842 2912 938 2966 τοῦ
975 2915 1039 2965 ἐκ
1070 2912 1163 2966 τοῦ
1186 2913 1356 2983 πυρὸς
1388 2913 1594 2967 δέονται
1626 2914 1795 2968 καθα-

219 3001 427 3071 ρισμοῦ.
469 3004 632 3056 Ἐστι
661 3003 717 3056 δὲ
747 3004 841 3057 καὶ
876 3003 1243 3071 ἁπλούστερον
1271 3003 1542 3057 ἐκλαϐεῖν.
1576 3005 1698 3057 Ὅτι
1727 3003 1796 3057 τὰ

1887 1905 2012 1950 cunt
2036 1904 2280 1964 peccata,
2306 1908 2516 1959 eorum,
2541 1893 2632 1962 qui
2656 1900 2777 1962 post
2804 1898 3078 1960 acceptam
3103 1887 3464 1958 cognitionem

1886 1981 2194 2035 voluntarie
2219 1980 2560 2049 delinquunt,
2585 1979 2804 2048 sanguis
2824 1988 3106 2044 vocantur,
3138 1992 3204 2032 ac
3231 1976 3465 2032 ustionis

1881 2071 2090 2138 judicio
2118 2081 2300 2143 egent.
2331 2072 2594 2141 Quisquis
2626 2071 2792 2142 igitur
2829 2069 3139 2134 conﬁtetur,
3170 2081 3337 2138 seque
3362 2068 3463 2122 ab-

1886 2165 1959 2218 lui
1995 2164 2231 2234 postulat
2256 2172 2308 2218 et
2338 2162 2638 2233 expurgari
2657 2203 2673 2228 ,
2706 2161 2912 2215 fatetur
2937 2174 3090 2214 suam
3119 2159 3334 2228 quidem
3361 2158 3467 2212 ini-

1888 2258 2152 2326 quitatem
2201 2256 2401 2322 lotura,
2431 2263 2716 2324 peccatum
2750 2269 2877 2308 vero
2906 2251 3294 2322 expurgatione
3321 2249 3466 2303 indi-

1894 2364 2044 2420 gere,
2074 2364 2198 2404 cum
2223 2348 2330 2402 ait:
2352 2346 2593 2417 Amplius
2623 2349 2738 2400 lava
2761 2361 2842 2400 me
2867 2342 3220 2414 abiniquitate
3249 2357 3385 2405 mea,
3414 2350 3466 2393 et

1889 2461 1918 2498 α
1938 2455 2148 2513 peccato
2166 2460 2281 2497 meo
2314 2443 2513 2496 munda
2530 2456 2611 2495 me
2624 2441 2688 2493 θ’.
2705 2439 2806 2506 Qui
2825 2447 2973 2493 certe
2991 2437 3056 2492 de
3073 2437 3269 2490 divinis
3296 2435 3466 2489 docu-

1897 2536 2093 2590 mentis
2133 2534 2269 2589 nihil
2299 2532 2519 2588 omnino
2537 2531 2812 2595 audivere,
2837 2530 2879 2584 si
2899 2529 3214 2598 priusquam
3243 2525 3466 2581 verbum

1891 2627 2182 2690 discerent,
2220 2639 2535 2694 peccavere,
2563 2623 2598 2676 ii
2626 2623 2702 2676 uti
2741 2621 2993 2676 sordibus
3022 2619 3196 2689 operti
3229 2617 3469 2686 indigent

1893 2726 1949 2770 ut
1984 2730 2081 2783 per
2114 2730 2310 2784 aquam
2350 2723 2650 2784 purgentur
2676 2729 2689 2766 :
2715 2712 2808 2780 qui
2849 2725 2981 2765 vero
3014 2719 3137 2778 post
3193 2716 3467 2776 acceptam

1893 2809 2060 2861 vitam
2085 2809 2186 2863 sibi
2214 2808 2316 2876 ipsi
2347 2807 2693 2868 insidiantes,
2722 2804 2960 2858 reddunt
2989 2818 3048 2858 se
3085 2800 3334 2871 sanguini
3373 2798 3472 2853 ob-

1895 2900 2106 2966 noxios,
2135 2906 2494 2962 necesse'est,
2525 2898 2623 2951 hos
2648 2895 2864 2965 purgari
2892 2907 2988 2964 per
3015 2892 3218 2963 ignem.
3243 2891 3384 2959 Quin
3415 2899 3472 2944 et

1896 2992 2026 3047 illud
2057 2991 2358 3060 simplicius
2408 2997 2590 3059 potest
2635 2986 2915 3056 explicari.
2959 2986 3240 3055 Siquidem
3281 2984 3385 3038 sita
3416 2982 3471 3035 in

221 3091 311 3161 μὲν
359 3094 653 3148 ὲπιπόλαια
711 3095 820 3148 τῶν
874 3096 1288 3167 ἁμαρτημάτων
1335 3096 1448 3163 (56)
1491 3096 1648 3167 ῥύπῳ
1691 3098 1792 3150 τινὶ

1903 3084 2190 3152 superﬁcie
2215 3082 2411 3137 delicta
2441 3081 2645 3135 similia
2669 3090 2797 3135 sunt
2821 3078 3075 3135 sordibus
3104 3075 3426 3147 quibusdam
3451 3091 3468 3128 :

220 3179 382 3235 ἔοικεν
423 3183 495 3236 τὰ
541 3184 602 3237 δὲ
638 3184 725 3238 διά
761 3183 956 3254 βάθους
1001 3186 1066 3238 ἐκ
1097 3184 1387 3250 διαθέσεως
1424 3187 1525 3256 τῆς
1564 3186 1700 3258 πρὸς
1731 3187 1790 3238 τὸ

221 3270 378 3324 κακὸν
423 3271 534 3326 τῶν
602 3271 1066 3343 πλημμελούντων
1119 3275 1539 3346 ἁμαρτανόμενα
1599 3276 1792 3344 αἵματι

222 3361 630 3431 παρεικάζεται.
683 3365 775 3416 Διὸ
815 3365 910 3417 καὶ
941 3367 1006 3418 ἐκ
1046 3366 1211 3434 μέσου
1250 3367 1356 3419 τῶν
1397 3367 1793 3437 ἡμαρτηκότων

224 3449 303 3504 διὰ
332 3453 427 3524 τῆς
460 3454 558 3508 τοῦ
602 3453 910 3525 πνεύματος
953 3455 1200 3518 καύσεως
1247 3457 1704 3526 ἐκκαθαρίζεσθαι
1734 3458 1794 3510 τὸ

227 3537 355 3614 αἷμα
376 3546 618 3614 λέγεται.

273 3635 412 3690 158.
446 3637 560 3694 Καὶ
610 3637 765 3705 ἣξει.
795 3638 893 3691 καὶ
919 3639 1090 3692 ἔσται
1127 3637 1246 3705 πᾶς
1274 3642 1457 3708 τόπος
1490 3640 1597 3695 τοῦ
1621 3641 1796 3708 ὄρους

229 3725 390 3792 Σιὼν,
434 3729 536 3783 καὶ
582 3728 781 3782 πάντα
824 3729 898 3783 τὰ
935 3729 1068 3797 περὶ
1109 3732 1313 3798 κύκλῳ
1343 3732 1533 3800 αὐτῆς
1560 3733 1798 3788 σκιάσει

233 3817 445 3888 νεφέλη
475 3819 722 3889 ἡμέρας,
755 3821 856 3874 καὶ
887 3822 967 3887 ὠς
998 3823 1234 3876 καπνοῦ
1272 3824 1406 3893 (57),
1439 3824 1538 3878 καὶ
1573 3825 1652 3890 ὡς
1682 3844 1799 3894 φωο

231 3915 325 3979 τὸς
339 3916 657 3985 καιομένου
687 3916 928 3982 νυκτὸς,
964 3915 1132 3984 πάσῃ
1166 3917 1240 3986 τῇ
1266 3917 1415 3986 δόξῃ
1449 3919 1798 3988 σκεπασθή-

233 4021 408 4061 σεται.
435 4007 546 4060 Καὶ
573 4005 746 4059 ἔσται
775 4008 863 4070 εὶς
891 4004 1075 4059 σκιὰν⁹
1098 4007 1215 4060 ἀπὸ
1252 4008 1573 4076 καύματος,
1606 4008 1705 4061 καὶ
1731 4012 1801 4062 ἐν

234 4100 440 4168 σκέπῃ,
481 4099 583 4153 καὶ
622 4100 690 4152 ἐν
720 4100 1050 4167 ἀποκρύφῳ
1087 4097 1206 4153 ἀπὸ
1251 4103 1662 4169 σκληρότητος
1700 4103 1799 4155 καὶ

234 4189 418 4243 ὑετοῦ.
444 4188 602 4242 Μετὰ
627 4189 726 4260 τὴν
748 4189 853 4243 ὑπὸ
881 4189 974 4241 τοῦ
1007 4187 1233 4260 λουτροῦ
1264 4188 1550 4260 κάθαρσιν,
1580 4189 1672 4242 καὶ
1705 4190 1801 4261 τὴν

239 4282 297 4332 ἐκ
328 4283 612 4350 μετανοίας
643 4280 1022 4351 ἀποκάθαρσιν
1065 4280 1200 4352 (58),
1225 4280 1364 4351 ἣξει,
1405 4282 1557 4352 φησὶ,
1589 4282 1799 4352 καιρὸς,

238 4369 318 4422 ὅτε
349 4373 450 4434 πᾶς
498 4373 666 4434 τόπος
698 4371 1112 4443 οἱκειωθήσεται
1147 4371 1226 4442 τῷ
1274 4370 1388 4442 ὄρει
1441 4373 1609 4424 Σιώψ
1651 4389 1804 4424 τουτ-

241 4461 396 4529 έστιν,
422 4464 645 4535 ὑψηλὸς,
699 4467 792 4520 καὶ
832 4465 940 4518 τῶν
971 4464 1240 4535 οὐρανίων
1269 4460 1408 4516 εἶναι
1439 4464 1804 4527 σκοπευτικὸς

239 4554 712 4625 καταξιωθήσεται.
732 4556 889 4609 Μετά
915 4556 975 4608 τὸ
998 4554 1353 4609 ἐπιλαϐέσθαι
1377 4554 1568 4626 ἀνδρὸς
1582 4555 1690 4627 (59)
1708 4559 1806 4618 τὰς

242 4643 372 4697 ἑπτὰ
394 4649 677 4712 γυναῖκας,
711 4648 805 4700 καὶ
833 4646 1138 4716 ἐπιλάμψαι
1167 4644 1370 4717 Κύριον
1401 4643 1538 4715 μετὰ
1560 4643 1719 4717 δόξης
1749 4647 1806 4697 ἐν

247 4728 418 4804 βουλῇ,
450 4735 544 4787 τοῦ
581 4734 794 4804 ὑψῶσαι
834 4735 929 4788 καὶ
959 4733 1179 4800 δοξάσαι
1219 4735 1280 4788 τὺ
1312 4734 1666 4804 καταλειφθὲν
1709 4734 1805 4788 τοῦ

313 4890 546 4949 'Matth.
574 4908 663 4958 tu,
697 4894 786 4949 11.
877 4894 1080 4950 “Psal.
1111 4911 1161 4960 ι,
1196 4894 1250 4950 4.

320 5045 428 5187 (35)
461 5047 686 5104 Codices
713 5049 936 5119 aliquot,
967 5045 1080 5104 οῦν.

343 5118 406 5170 34
454 5118 808 5176 Combeﬁsius
843 5130 994 5187 putat
1044 5139 1080 5173 a

343 5118 427 5187 34)
454 5118 818 5176 Combeﬁsius
843 5130 994 5189 putat
1044 5121 1246 5191 aliquid
1289 5131 1408 5190 post
1444 5137 1628 5176 vocem
1680 5125 1811 5177 ἀνα-

259 5186 495 5259 γέννησιν
527 5191 744 5252 deesse;
787 5186 855 5244 eti
879 5191 944 5244 de
987 5205 1086 5245 suo
1134 5186 1468 5245 conﬁdenter
1502 5194 1668 5259 addit,
1719 5195 1812 5247 καὶ

256 5255 315 5307 ἐκ
343 5255 526 5328 πυρός,
551 5270 595 5310 ει
631 5276 696 5312 ea:
749 5261 895 5331 igne.
948 5259 1056 5313 Nec
1091 5264 1222 5314 satis
1267 5263 1453 5315 habuit
1489 5263 1541 5315 id
1579 5255 1811 5331 fecisse;

256 5338 496 5402 [interea
531 5330 970 5402 paulousuperius
1003 5344 1098 5396 pro
1146 5333 1256 5396 illo,
1285 5334 1317 5402 ό
1347 5331 1575 5402 Κύριος.
1611 5335 1686 5386 ait
1729 5330 1810 5386 le?

256 5397 495 5472 gendum,
523 5400 551 5450 6
587 5398 912 5472 πρόδρομος,
937 5414 1248 5472 prwcursor.
1278 5400 1395 5465 llic,
1427 5397 1484 5454 ut
1513 5403 1637 5455 alibi
1691 5419 1812 5472 pas-

257 5469 499 5538 Sim,_sibi
533 5471 755 5520 multum
801 5469 989 5522 tribuit
1044 5471 1127 5522 vir
1174 5471 1372 5538 alioqui
1415 5469 1808 5526 doctissimus:

261 5545 352 5586 nos
380 5535 666 5592 inaudaces
708 5538 960 5592 libentius
993 5538 1160 5594 libros
1208 5535 1323 5594 tum
1365 5556 1525 5595 manu
1561 5551 1814 5598 exaratos

265 5607 530 5676 tummtypis
546 5608 849 5676 descriptos
885 5610 1184 5676 sequimur.

328 5671 434 5753 (δεῖν.)
453 5671 628 5753 ίιίἀῑιί,
645 5671 890 5753 ἐαυτρὺς,
915 5671 1169 5753 αἱματος.
1195 5681 1268 5737 At
1298 5691 1525 5753 uterque
1567 5680 1812 5739 Combef.

263 5746 317 5797 et
344 5742 427 5798 alii
451 5752 574 5814 tres,
611 5747 842 5813 ἑαυτοῖς,
877 5742 1089 5818 αἵματι.

1901 3183 2116 3242 peccata
2171 3188 2301 3230 vero
2340 3188 2410 3227 ex
2455 3171 2888 3241 delinquentium
2939 3169 3133 3224 aﬁ‘ectu
3186 3168 3239 3222 in
3271 3165 3471 3220 malum

1900 3263 2254 3332 propendenti
2302 3261 2410 3316 alte
2457 3261 2744 3330 impressa,
2774 3256 3021 3329 sanguini
3069 3262 3470 3324 comparantur.

1902 3354 2242 3425 Quapropter
2265 3351 2645 3422 expurgandus
2679 3349 2880 3405 dicitur
2925 3347 3144 3414 sanguis
3177 3346 3244 3400 de
3295 3343 3474 3399 medio

1905 3447 2067 3501 etiam
2098 3460 2284 3500 eorum
2313 3444 2402 3514 qui
2434 3456 2728 3514 peccavere
2754 3457 2849 3513 per
2871 3441 3092 3511 spiritus
3111 3437 3377 3492 ustionem

1964 3645 2088 3702 158.
2121 3648 2284 3702 Vens;
2320 3648 2373 3702 5.
2400 3647 2466 3701 Et
2496 3648 2682 3712 veniet,
2715 3655 2763 3701 et
2794 3647 2895 3701 erit
2932 3646 3099 3699 omnis
3141 3651 3286 3697 locus
3327 3655 3476 3694 mon-

1905 3740 1970 3792 lis
2012 3739 2162 3804 Sion,
2208 3751 2254 3794 et
2305 3741 2482 3794 omnia
2527 3756 2644 3811 qua:
2698 3741 2751 3794 in
2801 3740 3025 3794 circuitu
3074 3737 3190 3808 ejus
3220 3733 3478 3798 sunt,ob-

1906 3830 2164 3884 umbrabit
2221 3832 2378 3885 nubes
2417 3848 2511 3901 per
2558 3833 2727 3896 diem,
2779 3842 2828 3886 et
2886 3841 3134 3900 tanquam
3196 3827 3374 3897 fumo,
3425 3834 3485 3878 et.

1907 3929 2155 3987 tanquam
2189 3921 2306 3975 luce
2333 3923 2548 3977 ardente
2583 3941 2674 3990 per
2696 3932 2936 3987 noctem;
2969 3921 3110 3976 omni
3144 3919 3313 3989 gloria
3348 3932 3478 3988 pro~

1909 4021 2128 4080 regetur.
2167 4011 2235 4065 Et
2277 4014 2375 4066 erit
2413 4015 2470 4068 in
2520 4014 2763 4068 umbram
2818 4015 2883 4068 ab
2951 4024 3118 4076 a’stu,
3158 4020 3204 4064 et
3249 4009 3304 4064 in
3354 4023 3488 4078 prov.

1910 4102 2205 4164 lectionem,
2232 4114 2278 4157 et
2313 4105 2369 4158 in
2403 4107 2794 4161 absconsionem
2835 4107 2901 4158 ab
2938 4105 3218 4173 asperitate
3261 4110 3308 4155 et
3354 4099 3479 4170 plu~

1909 4195 2013 4248 via.
2067 4193 2359 4265 Postquam
2400 4197 2542 4252 facta
2605 4200 2852 4269 purgatio
2899 4207 2980 4251 cst
3029 4211 3127 4266 per
3177 4195 3489 4256 lavacrum,

1909 4295 1964 4340 et
2022 4294 2143 4356 post
2194 4289 2634 4357 expurgationem
2690 4305 2810 4360 quae
2851 4288 2912 4343 ﬁt
2949 4303 3043 4357 per
3085 4283 3490 4356 ptenitentiam,

1914 4386 2144 4444 tempus,
2207 4377 2404 4447 inquit,
2464 4380 2665 4444 veniet,
2733 4395 2856 4434 cum
2912 4379 3061 4433 locus
3111 4376 3290 4435 omnis
3355 4390 3479 4430 cum

1914 4476 2096 4522 monte
2133 4467 2262 4523 Sion
2296 4470 2754 4526 necessitudinem
2790 4470 3212 4539 amnitatemque
3240 4466 3480 4527 habebit;

1913 4557 2017 4613 hoc
2054 4567 2160 4624 est,
2197 4562 2304 4615 erit
2353 4561 2625 4628 sublimis,
2654 4577 2718 4617 ac
2761 4561 2954 4630 dignus
3005 4561 3337 4627 idoneusque
3363 4557 3480 4612 eﬁiv

1915 4646 2110 4714 cietur,
2146 4664 2213 4702 ex
2239 4665 2348 4720 quo
2374 4660 2688 4720 spectentur
2715 4649 2980 4705 caelestia.
3014 4647 3372 4716 Posteaquam
3387 4660 3483 4713 ap-

1912 4739 2302 4808 prehenderint
2344 4742 2523 4799 virum
2561 4742 2818 4800 mulieres
2867 4750 3074 4812 septem
3105 4779 3120 4806 ,
3159 4749 3214 4795 et
3245 4738 3484 4800 illuxerit

1982 5054 2094 5125 (56)
2132 5055 2261 5126 Reg.
2294 5054 2526 5129 primus.
2565 5053 2672 5106 τῶν
2704 5053 3006 5129 ἁμαρτιῶν.
3049 5051 3242 5107 Statim
3270 5049 3397 5104 editi
3429 5056 3486 5129 et

1911 5121 2693 5258 Emisins.,'1tapemdt§ov'rat.
2731 5121 2841 5178 Alii
2877 5134 2984 5180 tres
3017 5137 3170 5190 mss.,
3216 5121 3484 5193 παρεικά-

1947 5212 2083 5250 εται.

1947 5212 2083 5250 εται.

1988 5265 2100 5330 (57)
2124 5264 2201 5318 lta
2235 5275 2447 5318 veteres
2500 5273 2733 5333 quatuor
2781 5263 2902 5318 libri
2931 5281 2946 5330 ;
2975 5278 3101 5333 nec
3151 5263 3307 5318 aliter
3344 5260 3484 5329 apud

1920 5334 2064 5388 LXX
2101 5343 2192 5387 aut
2225 5337 2363 5402 apud
2397 5332 2685 5388 Eusebium
2713 5335 2925 5402 legitur.
2956 5332 3223 5401 Antiquus
3258 5333 3488 5402 Combe-

1919 5407 2021 5458 lisii
2062 5398 2273 5465 cmlex,‘
2304 5405 2528 5467 καπνός.
2580 5404 2742 5468 Ειιίιί,
2765 5398 3008 5456 καπνόν.
3047 5398 3167 5458 ub:
3204 5402 3356 5465 editi,
3390 5398 3488 5454 κα)⁵

1919 5475 2094 5545 πάσῃ,
2130 5474 2326 5545 Yocula
2350 5475 2443 5526 καί
2471 5476 2688 5545 in__ms_s.
2719 5487 2822 5545 non
2857 5475 3146 5545 reperitur.

1994 5541 2104 5616 (5:8)
2141 5542 2364 5598 Veteres
2393 5554 2502 5597 tres
2528 5543 2670 5616 libri,
2701 5542 2795 5616 κα),
2823 5543 2921 5616 τὴν
2945 5545 3008 5594 ἐκ
3026 5542 3131 5616 τοῦ
3151 5541 3325 5616 πυρὸς
3354 5541 3490 5594 ἀπο-

1919 5613 2273 5679 κατάστασιν,
2302 5626 2414 5681 post
2448 5613 2932 5682 redintegrationein
2955 5628 3070 5679 qua:
3093 5613 3153 5681 ﬁt
3184 5613 3275 5682 per
3295 5614 3485 5682 ignem.

1921 5683 2107 5740 Lectio
2133 5686 2357 5749 optima.

1999 5751 2110 5824 (39)
2141 5753 2333 5810 Addita
2365 5761 2446 5812 est
2485 5767 2606 5820 vox,
2638 5750 2846 5823 ἀνδρός,
2872 5766 2938 5809 ex
2963 5752 3092 5822 Reg.
3119 5759 3347 5823 quarto...
