3828 6216
291 253 401 312 345

1229 255 1575 313 APPENDIX
1612 257 1898 315 OPERUM
1940 259 1998 317 S.
2038 260 2286 317 BASILII
2326 261 2561 319 MAGNI.’

3444 267 3560 328 344

294 377 559 437 Dominus
582 391 706 434 cum
735 376 904 447 gloria
931 377 985 431 in
1019 373 1272 440 consilio,
1308 382 1366 428 ut
1384 377 1588 430 exaltet
1615 386 1670 431 et
1699 376 1867 444 gloria

1985 379 2229 451 Ἰσραήλ·
2266 381 2354 434 ὅτε
2393 381 2488 435 καὶ
2532 381 2677 450 ἆγιοι
2708 380 3037 452 ἐκλήθησαν,
3065 381 3156 436 διά
3188 383 3251 437 τὸ
3278 384 3559 460 ἑκπλυθῆο

294 471 497 528 adiiciat
526 469 782 539 reliquias
812 466 1070 533 lsraelis;
1098 482 1331 536 cumque
1349 468 1603 523 sordibus
1638 469 1871 523 ﬁliarum

299 561 431 618 Sion
467 560 686 624 ablutis,
719 574 781 614 ac
804 559 1072 628 sanguine
1102 559 1170 613 de
1198 559 1380 611 medio
1437 572 1625 613 eorum
1671 574 1872 626 expnr~

298 664 447 723 gato,
468 652 640 707 sancti
678 650 854 705 vocati
909 649 1134 717 fuerint,
1193 648 1361 720 476
1421 656 1534 702 tmn
1570 663 1632 703 ea
1668 663 1784 716 quae
1820 650 1871 702 in

301 747 534 800 circuitu
592 742 890 799 Jerusalem
943 751 1091 807 sunt,
1149 743 1499 797 obumbrabit
1551 742 1721 797 nubes
1780 758 1874 811 per

300 838 463 902 diem,
488 837 562 889 ita
590 842 647 889 nt
686 835 930 889 umbram
961 833 1267 903 suppeditet
1294 835 1359 887 ad
1391 833 1748 888 coercendum
1772 849 1873 887 aes-

301 936 439 993 tum,
489 935 844 998 protegatque
903 926 972 980 ab
1031 927 1328 994 asperitate
1356 941 1420 980 ac
1453 925 1664 996 pluvia;
1700 938 1755 980 et
1783 926 1868 980 lux

297 1036 529 1078 accensa
552 1031 784 1090 occupet
809 1027 1043 1085 noctem,
1082 1020 1263 1088 sitque
1284 1018 1462 1089 gloria
1498 1017 1659 1085 quasi
1690 1018 1873 1071 furnus

298 1115 522 1183 quidam
560 1113 655 1182 qui
680 1113 861 1166 omnia
891 1111 1270 1180 apprehendit.
1322 1111 1669 1165 Arbitrantur
1690 1120 1870 1165 autem

299 1206 416 1261 haec
448 1204 692 1275 promitti
720 1205 785 1260 iis
805 1206 897 1273 qui
926 1202 1116 1272 requie
1152 1202 1356 1257 fuerint
1391 1202 1559 1272 digni.
1584 1201 1717 1256 Nam
1747 1217 1869 1257 cum

297 1301 355 1354 in
385 1299 546 1354 domo
568 1297 748 1352 Patris
773 1296 1082 1351 mansiones
1112 1293 1292 1349 multae
1318 1294 1428 1349 sint
1448 1293 1495 1358 ",
1536 1293 1872 1362 diversaque

297 1389 668 1445 conditionum
699 1386 1106 1443 diStributiones
1136 1393 1482 1440 reserventur
1512 1385 1565 1437 in
1584 1383 1673 1437 illa
1700 1385 1869 1440 luere—

298 1481 546 1538 reditatis
573 1490 738 1545 terra,
765 1494 926 1548 quam
964 1477 1271 1546 possessuri
1305 1476 1468 1530 mites
1495 1476 1679 1539 sunt“,
1719 1492 1869 1531 eom-

298 1585 512 1642 pertum
542 1583 626 1630 est
674 1552 886 1641 aliquos
931 1572 1148 1639 quidem
1197 1571 1250 1623 in
1305 1569 1591 1636 splendore
1646 1569 1867 1623 visionis

297 1667 417 1730 Dei,
455 1665 663 1733 aliquos
697 1680 829 1718 vero
856 1662 957 1717 sub
1001 1661 1234 1730 tegmine
1272 1660 1574 1715 caelestium
1605 1661 1863 1712 virtutum

1976 488 2061 524 ναι
2094 472 2185 525 τὸν
2220 471 2389 541 ῥύπον
2421 472 2531 526 τῶν
2555 472 2868 545 θυγατέρων
2909 474 3071 537 Σιὼν,
3107 473 3199 528 καὶ
3241 475 3352 547 (40)
3387 479 3561 532 ἐκκα-

1974 562 2299 634 θαρισθῆναι
2324 563 2387 618 τὸ
2408 559 2547 636 αἷμα
2574 564 2753 619 αὐτῶν
2774 567 2839 618 ἐκ
2865 566 3054 637 μέσου,
3085 565 3206 619 τότε
3240 569 3452 621 σκιάσει
3484 569 3559 624 τὰ

1974 669 2105 725 περι
2137 655 2321 725 κύκλῳ
2368 657 2469 726 τῆς
2507 657 2861 729 Ἰερουσαλὴμ
2900 656 3096 728 νεφέλη
3138 658 3371 729 ἡμέρας,
3409 659 3556 713 ὥστε

1974 748 2273 816 παρασχεῖν
2327 746 2483 800 σκιὰν
2529 747 2637 800 ἀπὸ
2687 746 2991 818 καύματος,
3037 747 3133 800 καὶ
3187 747 3396 817 σκέπην
3432 747 3558 800 ’ἀπὸ

1974 836 2333 907 σκληρότητος
2384 838 2480 891 καὶ
2537 838 2730 892 ὐετοῦθ
2781 837 2879 909 τὴν
2920 838 2977 891 δὲ
3023 837 3191 892 νύκτα
3237 838 3341 891 ὐπὸ
3374 838 3556 907 φωτὸς

1973 926 2296 997 κατέχεσθαι
2345 928 2660 998 καιομένου,
2718 930 2813 982 καὶ⁹
2855 922 2995 981 εἶναι
3044 928 3142 998 τὴν
3185 927 3343 991 δόξαν
3387 929 3557 981 οἱονεὶ

1973 1019 2179 1073 καπνόν
2209 1036 2332 1074 τινα
2357 1018 2429 1072 τά
2456 1019 2633 1073 πάντα
2663 1020 3156 1091 ἐπιλαμϐάνουσαν.
3205 1020 3555 1090 Λογιζόμεθα

1970 1109 2026 1163 δὲ
2054 1109 2222 1163 ταῦτα
2252 1110 2680 1179 ἐπαγγέλλεσθαι
2707 1114 2819 1175 τοῖς
2839 1111 3008 1175 ἀξίοις
3042 1110 3145 1181 τῆς
3167 1112 3554 1169 ἀναπαύσεως.

1969 1203 2115 1257 Διότι
2166 1202 2376 1256 πολλῶν
2426 1202 2605 1273 μονῶν
2643 1203 2818 1257 οὐσῶν
2843 1205 2900 1257 ὲν
2927 1206 2991 1274 τῇ
3015 1205 3162 1275 οἰκίᾳ
3191 1204 3285 1257 τοῦ
3314 1205 3553 1274 Πατρὺς,

1970 1295 2064 1347 καὶ
2096 1293 2349 1364 διαφόρου
2383 1292 2737 1364 κληροδοσίας
2774 1293 3145 1364 ἀποκειμένης
3177 1295 3234 1347 ὲν
3253 1296 3318 1364 τῇ
3343 1297 3415 1365 γῇ
3448 1294 3556 1363 τῆς

1968 1386 2351 1457 κληρονομίας,
2384 1385 2450 1454 ἣν
2481 1383 2979 1456 κληρονομήσουσιν
3002 1384 3113 1456 (41)
3147 1386 3198 1437 οί
3221 1388 3434 1456 πραεῖς,
3464 1384 3559 1454 δῆ-

1958 1479 2080 1545 ,λον,
2103 1479 2184 1530 ὃτι
2207 1477 2349 1539 τινὲς
2381 1477 2478 1548 μὲν
2510 1476 2568 1529 ὲν
2597 1479 2663 1548 τῇ
2696 1477 3011 1549 φαιδρότητι
3026 1478 3125 1547 τῆς
3146 1476 3240 1530 τοῦ
3262 1476 3397 1529 Θεοῦ
3429 1478 3554 1529 ἐπι-

1968 1567 2214 1638 φανείας,
2246 1568 2387 1631 τινὲς
2414 1566 2472 1620 δὲ
2508 1565 2613 1619 ὑπὸ
2643 1566 2742 1637 τὴν
2774 1567 2979 1638 σκέπην
3013 1566 3123 1619 τῶν
3149 1565 3417 1637 οὐρανίων
3450 1564 3550 1617 δυ-

1967 1662 2181 1731 νάμεων
2198 1659 2624 1723 ἀναπαύσονται,
2643 1660 2736 1714 καὶ
2752 1658 2900 1713 ἄλλοι
2926 1660 2982 1711 ὲν
3000 1662 3066 1729 τῇ
3084 1658 3208 1729 δόξῃ
3238 1661 3305 1728 τῇ
3322 1656 3430 1710 ἀπὸ
3449 1657 3548 1710 τοῦ

298 1759 661 1828 requieturos,
721 1757 860 1811 alios
913 1754 1148 1823 denique
1188 1756 1240 1808 in
1303 1755 1474 1823 gloria
1527 1769 1594 1807 ex
1629 1752 1716 1806 illa
1744 1753 1866 1807 luce

1973 1753 2142 1824 φωτὸς
2164 1753 2239 1813 ὠς
2269 1752 2383 1805 ἀπὸ
2414 1753 2624 1806 καπνοῦ
2655 1751 3112 1822 καλυφθήσονται.
3139 1751 3293 1820 Τάχα
3314 1750 3371 1803 δὲ
3404 1752 3548 1821 αὐτῇ

298 1852 454 1919 quasi
488 1865 553 1904 ex
595 1848 748 1904 fumo
802 1848 1075 1904 resiliente
1133 1848 1458 1902 occultatum
1492 1846 1580 1900 iri.
1608 1845 1867 1903 Fortasse

299 1951 484 1996 autem
509 1942 610 2011 ipsi
651 1942 782 1997 Sion
824 1941 913 1995 lux
965 1938 1277 2008 aﬁulgebit,
1312 1945 1476 2006 atque
1517 1937 1634 1993 loca
1674 1937 1722 1991 ei
1754 1938 1865 1991 cir-

299 2031 568 2098 cumiecta
599 2046 695 2101 per
721 2032 861 2085 diem
893 2029 1185 2083 illustrabit
1235 2030 1430 2093 nubes,
1473 2043 1593 2096 quae
1620 2043 1725 2081 non
1765 2026 1863 2078 ali-

295 2123 439 2178 unde
465 2137 626 2192 quam
645 2123 711 2177 ab
733 2124 848 2191 ipso
871 2121 1076 2175 lumine
1096 2136 1247 2175 suum
1273 2131 1452 2175 ortum
1473 2119 1659 2172 trahit.
1676 2118 1865 2183 Quem-

300 2214 588 2269 admodum
618 2211 801 2267 fumus
837 2212 908 2266 ab
940 2212 1086 2280 igne,
1140 2211 1214 2264 ita
1265 2226 1295 2264 a
1342 2210 1542 2263 lumine
1574 2208 1738 2264 habet
1770 2223 1865 2262 ex-

297 2305 603 2360 sistentiam
640 2305 828 2367 nubes,
862 2304 961 2357 sub
984 2318 1088 2370 qua
1135 2301 1228 2371 qui
1261 2302 1476 2369 degant,
1518 2314 1708 2369 magna
1738 2306 1865 2352 sunt

296 2391 522 2445 fruituri
547 2390 740 2460 gloria,
771 2390 913 2457 quod
951 2391 1019 2442 ab
1050 2391 1162 2457 ipsa
1190 2388 1329 2443 nube
1356 2387 1866 2457 illustrentur,qua3

297 2484 353 2537 in
376 2493 508 2537 testu
536 2482 753 2552 quidem
787 2497 843 2537 se
871 2485 1128 2551 expandit
1153 2497 1316 2553 supra
1334 2484 1509 2549 capita
1529 2496 1737 2544 eorum,
1756 2481 1867 2535 eis-

301 2590 409 2645 que
431 2589 528 2629 sua
552 2574 742 2628 umbra
773 2581 982 2643 gratam
1024 2572 1180 2627 aﬁ‘ert
1223 2573 1635 2627 oblectationem
1665 2591 1679 2627 :
1715 2573 1863 2627 deci-

296 2666 555 2721 dentibus
588 2680 716 2719 vero
744 2665 953 2732 asperis
978 2663 1260 2728 imbribus,
1284 2664 1454 2718 vicem
1482 2664 1693 2733 supplet
1712 2663 1863 2717 densi

297 2772 364 2811 ac
408 2757 567 2811 solidi
616 2755 943 2820 umbraculi,
981 2766 1034 2808 et
1071 2769 1401 2823 inagnopere
1456 2754 1688 2822 protegit
1745 2768 1860 2815 eos,

298 2849 394 2919 qui
421 2864 557 2919 opus
586 2847 787 2903 habent
813 2848 1048 2916 quodam
1079 2846 1319 2909 latibulo,
1348 2854 1397 2900 et
1420 2861 1516 2900 sua
1547 2846 1711 2914 ipsius
1727 2845 1863 2899 den-

297 2949 464 2994 sitate
493 2940 713 2995 obtutus
765 2944 938 2993 arcet.
982 2936 1260 3004 Ejusmodi
1308 2947 1429 2992 erat
1460 2938 1631 2993 nubes
1663 2937 1859 3002 lucida,

1967 1848 2064 1914 μὲν
2108 1848 2173 1915 τῇ
2218 1843 2354 1897 Σιὼν
2399 1845 2694 1916 ἐπιλάμψει
2725 1844 2787 1898 τὸ
2816 1843 2962 1913 φῶς’
2990 1843 3061 1896 τὰ
3097 1843 3155 1896 δὲ
3197 1843 3328 1914 περὶ
3360 1840 3553 1910 κύκλῳ

1963 1937 2133 2006 αὐτῆς
2166 1937 2459 2006 ἐπιλάμψει
2493 1937 2690 2007 νεφέλη
2741 1937 2977 2007 ἡμέρας,
3016 1936 3141 2006 ἣτις
3183 1937 3283 1989 οὐκ
3320 1935 3551 1989 ἄλλοθεν

1962 2030 2075 2100 ἔχει
2118 2031 2219 2102 τὴν
2274 2031 2487 2099 γένεσιν
2548 2029 2683 2099 (42),
2731 2029 2765 2099 ἢ
2832 2031 2926 2082 ἀπ’
2989 2027 3160 2081 αὐτοῦ
3199 2027 3292 2082 τοῦ
3327 2029 3547 2097 φωτόςο

1962 2122 2152 2193 ὥσπερ
2199 2123 2406 2186 καπνὸς
2450 2121 2558 2175 ἀπὸ
2625 2121 2816 2190 πυρὸς.
2874 2120 3047 2183 οὕτως
3096 2121 3234 2190 αὕτη
3276 2121 3388 2174 ἀπὸ
3446 2114 3549 2173 τοῦ

1964 2213 2141 2282 φωτὸς
2196 2215 2296 2285 τὴν
2357 2211 2614 2266 σύστασιν
2672 2212 2886 2281 ἔχουσα,
2948 2213 3038 2282 ὐφ’
3079 2213 3147 2283 ῆν
3188 2214 3236 2265 οί
3265 2211 3375 2282 (45)
3400 2212 3548 2265 διαιο

1962 2301 2198 2372 τώμενοι
2248 2302 2490 2371 μεγάλης
2534 2302 2637 2371 τῆς
2683 2302 2841 2373 δόξης
2875 2303 3295 2365 ἀπολαύσουσιν,
3342 2302 3419 2366 ὡς
3448 2300 3548 2355 ὑπ’

1964 2393 2133 2463 αὐτῆς
2158 2393 2256 2463 τῆς
2283 2394 2516 2464 νεφέλης
2545 2393 3045 2464 καταλαμπόμενοι,
3090 2396 3148 2447 ὲν
3173 2392 3414 2462 καύματι
3443 2392 3550 2462 μὲν

1965 2484 2438 2555 ὐπερηπλωμένης
2480 2484 2590 2537 τῶν
2620 2484 2871 2553 κεφαλῶν
2898 2486 3095 2548 αὐτῶν,
3140 2485 3232 2537 καὶ
3270 2486 3453 2555 ήδείαν
3478 2486 3548 2538 ὲκ

1962 2576 2055 2630 τοῦ
2075 2576 2440 2647 ἐπισκιασμοῦ
2460 2576 2570 2648 (44)
2596 2578 2974 2648 παρεχομένης
2996 2578 3297 2647 ἀναπνοήνσ
3321 2575 3548 2647 ὄμϐρων

1961 2669 2017 2721 δὲ
2075 2668 2326 2740 σκληρῶν
2378 2671 2934 2742 κσταρρηγνυμένων,
2977 2670 3076 2741 τὴν
3117 2669 3226 2722 τῶν
3269 2669 3549 2737 στεγανῶν

1965 2759 2369 2829 σκεπασμάτων
2397 2759 2587 2830 χρείαν
2612 2759 2824 2830 ἀνα-πλη
2836 2763 3051 2829 ρούσης,
3085 2759 3179 2811 καὶ
3204 2759 3330 2821 τοὺς
3358 2758 3542 2811 διαλα-

1963 2849 2075 2904 θεῖν
2102 2848 2387 2920 δεομένους
2414 2849 2614 2911 ἱκανῶς
2645 2846 3101 2918 περισκεπούσης,
3127 2847 3222 2900 καὶ
3244 2850 3309 2918 τῇ
3340 2848 3547 2900 πυκνό-

1962 2959 2084 3014 τητι
2130 2944 2193 3012 τῇ
2228 2941 2358 3011 παρ’
2390 2941 2591 3010 ἑαυτῆς
2641 2939 2983 3012 διειργούσης
3016 2938 3114 3001 τὰς
3143 2938 3312 3007 ὄφεις.
3355 2938 3549 2991 Ὀποία

299 3045 424 3099 quae
459 3031 511 3085 in
532 3027 745 3084 Domini
764 3028 1234 3099 transﬁguratione
1258 3028 1550 3096 discipulos
1566 3027 1860 3082 obvolvit’.

1973 3052 2050 3097 τις
2074 3029 2142 3104 ἦν
2171 3033 2312 3087 κατά
2343 3031 2443 3103 τὴν
2473 3031 2894 3102 μεταμόρφωσιν
2930 3029 3021 3082 τοῦ
3050 3029 3255 3101 Κυρίου
3281 3030 3313 3099 ἡ
3347 3045 3550 3096 φωτει-

297 3122 436 3178 Cum
464 3132 644 3175 autem
673 3120 832 3175 nubis
864 3119 1021 3189 quies
1070 3133 1134 3172 ac
1162 3118 1306 3173 velut
1341 3119 1616 3172 concretio
1650 3119 1862 3188 signum

297 3213 735 3279 sitserenitatis;
771 3212 888 3280 ejus
931 3213 1021 3280 qui
1051 3223 1180 3266 tunc
1216 3211 1322 3266 erit
1360 3219 1536 3265 status
1574 3210 1867 3277 tranquilli-

299 3314 468 3362 tatem
493 3320 590 3375 per
629 3304 799 3373 ipsius
843 3303 1003 3358 nobis
1030 3303 1404 3357 umbraculum
1446 3300 1670 3355 indicat.
1696 3301 1865 3370 Equi-

298 3401 421 3454 dem
446 3407 506 3452 ut
531 3397 712 3451 adhuc
741 3395 943 3452 clarius
990 3395 1352 3466 percipiamus
1402 3394 1531 3462 quid
1589 3393 1662 3447 sit
1708 3393 1864 3458 illud,

296 3490 367 3547 In
399 3490 796 3545 absconsionem
825 3488 1100 3542 velamenti
1129 3503 1261 3550 esse,
1310 3485 1494 3540 induci
1522 3486 1701 3554 aliquo
1725 3485 1869 3552 ejus-

298 3581 445 3635 modi
498 3579 749 3648 exemplo
798 3592 1105 3647 possumus.
1130 3576 1227 3648 (Sit
1281 3591 1421 3630 unus
1463 3575 1657 3644 aliquis
1679 3576 1771 3647 qui
1799 3576 1868 3631 ab

298 3671 626 3727 adversariis
640 3678 934 3739 quaeratur,
961 3671 1054 3724 sed
1079 3666 1416 3722 custodiatur
1445 3680 1476 3720 a
1510 3664 1868 3722 familiaribus

297 3764 414 3819 suis
439 3764 494 3818 in
523 3760 772 3817 cubiculo
798 3760 1029 3830 quodam
1081 3760 1302 3813 inventu
1343 3772 1600 3828 perquam
1644 3756 1865 3813 diﬂicili.

301 3857 445 3911 Sane
469 3854 754 3910 consimile
781 3851 1036 3922 quiddam
1066 3866 1193 3919 erga
1227 3858 1477 3905 sanctum
1506 3865 1534 3902 a
1565 3849 1747 3904 divina
1776 3850 1867 3904 illa

297 3948 442 4004 nube
470 3947 644 4019 ipsum
670 3953 982 4015 protegente
1006 3940 1140 4005 efﬁci
1171 3942 1466 4012 putandum
1492 3949 1597 4005 est,
1622 3957 1688 3997 ne
1710 3941 1871 3996 facile

301 4037 356 4092 in
380 4036 531 4090 illum
559 4035 814 4089 invadere
837 4034 1046 4103 possint
1068 4032 1291 4085 inimici.
1312 4031 1463 4085 Dicta
1487 4041 1645 4085 sunto
1660 4032 1866 4095 iSUItBC,

304 4136 363 4180 ut
416 4126 704 4180 dilucidius
751 4134 1109 4192 cognoscatur
1154 4122 1415 4175 auxilium
1448 4121 1517 4175 iis
1553 4122 1644 4190 qui
1681 4121 1735 4175 in
1763 4122 1871 4175 cir-

303 4220 453 4273 cuitu
502 4216 630 4271 Sion
683 4222 974 4270 versantur
1009 4213 1263 4267 traditum
1292 4227 1358 4266 eo
1389 4211 1635 4275 consilio,
1675 4221 1739 4265 ut
1768 4226 1865 4267 eos

1965 3124 2030 3195 νὴ
2057 3124 2252 3194 νεφέλη
2282 3124 2410 3187 τοὺς
2447 3122 2695 3194 μαθητὰς
2727 3122 3111 3192 περιστείλασα
3140 3120 3275 3191 (45).
3325 3117 3546 3189 Ἐπειδὴ

1963 3215 2020 3268 δὲ
2055 3217 2088 3285 ἡ
2128 3217 2311 3278 στάσις
2344 3216 2439 3267 καὶ
2466 3209 2577 3267 οἷον
2617 3216 2649 3284 ἡ
2693 3214 2967 3284 σύμπηξις
3004 3214 3104 3283 τῆς
3133 3212 3361 3282 νεφέλης
3392 3228 3549 3282 νηνε-

1969 3308 2096 3378 μίας
2141 3308 2258 3359 ὲστὶ
2300 3309 2545 3378 σημεῖον,
2592 3306 2653 3358 τὸ
2682 3306 2955 3376 ἀτάραχον
2989 3305 3089 3374 τῆς
3130 3304 3249 3357 τότε
3276 3303 3548 3358 καταστά-

1967 3416 2103 3461 σεως
2124 3397 2213 3451 διὰ
2238 3398 2337 3467 τῆς
2360 3398 2500 3451 κατά
2533 3398 2633 3467 τὴν
2658 3397 2888 3468 νεφέλην
2912 3396 3023 3465 (46)
3049 3397 3256 3466 σκέπης
3275 3393 3518 3449 ὲνδείκνυ

1963 3508 2073 3544 ται.
2107 3492 2228 3543 Ἔτι
2267 3490 2407 3562 ὑπὲρ
2433 3490 2526 3544 τοῦ
2558 3491 2880 3561 τρανότερον
2912 3489 3059 3551 ἰδεῖν,
3088 3489 3141 3542 τί
3175 3491 3291 3541 ἐστι
3315 3486 3400 3550 τὸ,
3446 3489 3547 3539 Ἐν

1965 3582 2290 3651 ἀποκρύφῳ
2319 3582 2557 3649 σκέπης
2580 3579 2879 3650 γενέσθαι,
2902 3580 3127 3648 τοιούτῳ
3152 3580 3258 3632 τινὶ
3286 3576 3544 3650 παραδείο

1966 3691 2137 3744 γματι
2166 3673 2576 3745 προσαγόμεθα.
2610 3673 2791 3726 Ἔστω
2822 3688 2907 3734 τις
2936 3670 3265 3741 ζητούμενος
3303 3669 3403 3739 μὲν
3437 3671 3545 3723 ὀπὴ

1966 3762 2073 3816 τῶν
2127 3761 2420 3832 πολεμίων,
2466 3760 2574 3813 ὐπὸ
2608 3760 2665 3814 δὲ
2700 3760 2809 3813 τῶν
2844 3759 3060 3813 οἰκείων
3091 3758 3147 3811 έν
3175 3775 3281 3811 τινι
3312 3757 3543 3828 οἰκίσκῳ

1966 3853 2271 3924 δυσευρέτῳ
2310 3851 2737 3922 φρουρούμενος.
2781 3850 3033 3904 Τοιοῦτον
3081 3846 3175 3902 οὖν
3222 3866 3275 3901 τι
3319 3849 3545 3918 νικητέον

1966 3943 2211 4012 γίνεσθαι
2239 3943 2365 4013 περὶ
2393 3952 2486 3994 τον
2507 3942 2680 4007 ἆγιον,
2714 3941 2817 3994 ὑπὸ
2841 3942 2940 4011 τῆς
2966 3940 3115 4003 θείας
3136 3939 3349 4008 ἐκείνης
3381 3937 3545 4007 νεφέ-

1967 4036 2065 4106 λης
2097 4034 2472 4105 σκεπαζούσης
2519 4035 2700 4099 αὐτὸν,
2738 4033 2873 4105 πρὸς
2918 4044 2979 4085 το
3023 4032 3096 4103 μὴ
3132 4028 3544 4101 εὐεπιχείρητον

1968 4124 2105 4181 εἶναι
2162 4130 2274 4190 τοῖς
2327 4126 2626 4196 πολεμίοις.
2687 4124 2951 4187 Τοσαῦτα,
2996 4125 3076 4187 είς
3115 4123 3176 4175 τὸ
3210 4122 3544 4194 σαφέστερον

1968 4219 2225 4292 νοηθῆναι
2254 4221 2366 4282 τοῖς
2408 4217 2593 4287 κύκλῳ
2639 4216 2778 4270 Σιὼν
2814 4217 2912 4286 τὴν
2946 4216 3237 4286 γινομένην
3269 4213 3542 4284 βοήθειαν,

303 4297 536 4362 interdiu
569 4306 858 4360 obumbret
889 4304 1078 4369 nubes,
1099 4318 1203 4371 qua
1236 4304 1304 4356 ab
1327 4311 1460 4356 aestu
1492 4312 1867 4372 protegantur,

1973 4314 2050 4375 είς
2087 4311 2147 4364 τὸ
2184 4311 2397 4382 ἡμέρας
2431 4310 2529 4379 μὲν
2564 4309 2803 4371 σκιάζειν
2831 4307 3026 4370 αὐτοὺς
3048 4306 3144 4378 τὴν
3169 4305 3420 4376 νεφέλην,
3455 4305 3545 4358 ἵνα

302 4407 468 4469 utque
498 4410 662 4453 noctu
695 4397 785 4450 lux
818 4396 958 4465 ignis
1007 4393 1355 4459 accendatur,
1387 4407 1480 4447 eos
1507 4391 1864 4458 illustratura,

1975 4401 2242 4475 ρυσθῶσιν
2273 4400 2381 4453 ἀπὸ
2424 4399 2729 4469 καύματοςε
2764 4398 2957 4460 νυκτὸς
2986 4398 3064 4460 δὲ,
3102 4396 3218 4465 φῶς
3245 4398 3417 4466 πυρὸς
3444 4398 3546 4449 αὐ-

303 4500 468 4560 atque
489 4494 622 4546 adeo
675 4501 912 4556 utroque
962 4497 1205 4555 tempore
1246 4486 1314 4540 ab
1357 4484 1739 4541 insidiantibus
1768 4486 1867 4539 tuti

1973 4495 2086 4555 τοῖς
2126 4491 2397 4555 καίεσθαι,
2434 4491 2663 4560 φωτίζον
2692 4489 2803 4559 (47)
2841 4487 3072 4551 αὐτούς’
3124 4488 3457 4558 ἀμφοτέροις
3487 4485 3546 4538 δὲ

303 4583 412 4638 sint
442 4589 498 4637 et
521 4581 716 4638 securi.

371 4739 395 4772 "
425 4735 582 4794 Joan.
606 4751 720 4804 nr,
741 4736 796 4790 2.
872 4734 895 4767 ⁸
914 4732 1173 4796 Mattb.v,
1192 4733 1245 4787 4.
1319 4734 1342 4766 ’
1369 4730 1557 4790 Matth.
1577 4748 1707 4793 xvn.
1740 4731 1794 4787 5.

375 4852 489 4927 (40)
523 4851 807 4927 _Simil_i_t_er_
829 4846 1105 4927 copulam.
1132 4846 1248 4927 καί.
1273 4846 1566 4926 adiecimus
1617 4859 1682 4927 ex
1712 4834 1863 4927 ‘tnss.

305 4915 647 4996 quibusdam.
678 4920 835 4982 Illud,
870 4915 1154 4996 abtmvnéx
1186 4916 1545 4996 μέσου,“νρι·ιί
1577 4915 1864 4996 ροιςειηίζε

306 4985 478 5048 medio
497 5006 696 5050 eorum.
724 4998 834 5050 aut,
867 4991 931 5041 de
956 4985 1126 5039 medio
1148 4985 1345 5039 eorum.
1391 4985 1574 5039 Potest
1598 4985 1742 5037 cnim
1780 4985 1867 5038 hic

306 5066 457 5120 lorus
486 5064 569 5116 Vt‘l
596 5062 661 5116 de
687 5058 898 5114 ﬁliabus
938 5055 1091 5121 solis,
1122 5057 1207 5111 vel
1233 5058 1298 5111 de
1323 5055 1450 5110 ﬁliis
1471 5053 1631 5110 simul
1655 5066 1709 5108 et
1735 5053 1869 5106 ﬁlia-

304 5137 405 5192 bus
440 5131 683 5192 intelligi.

378 5148 1112 5274 ῗιῗῗεὲίάεύθθιονοεμαιιοιυοιυ
1148 5193 1473 5274 librblﬁditi
1497 5207 1622 5248 vero
1659 5190 1872 5274 et-Reg.

309 5263 517 5330 tertius.
543 5263 988 5342 κληρονομοῦσιν.
1051 5267 1206 5330 Illud,
1249 5263 1419 5342 ,δῆλον
1447 5265 1548 5329 ὅτι,
1587 5264 1726 5333 quod
1774 5263 1877 5317 hoc

307 5343 427 5398 loco
469 5336 679 5405 legitur,
714 5336 792 5392 ex'
820 5339 952 5407 Reg.
980 5348 1172 5406 quarto
1196 5336 1435 5388 additum
1467 5344 1569 5388 est.

382 5412 493 5481 (42)
520 5400 629 5464 Pro
657 5400 925 5482 γέννησιν⁷
946 5400 1211 5462 edidimus
1237 5421 1302 5459 ex
1331 5415 1561 5473 quatuor
1600 5417 1755 5472 mss.,
1785 5400 1878 5472 γέ-

309 5498 475 5537 νεσιν.

381 5550 492 5623 (45)
527 5546 620 5606 Sic
647 5561 878 5623 quatuor
911 5566 1039 5606 mss.
1067 5549 1136 5603 At
1172 5544 1322 5611 editi,
1351 5542 1441 5614 ὑφ’
1474 5543 1562 5615 ἦν.
1596 5541 1716 5596 Mox
1744 5557 1877 5612 qua-

313 5619 432 5679 tuor
462 5636 618 5682 mss.,
648 5619 1032 5674 ἀπολαύουσιν.

385 5691 497 5766 (44)
529 5680 693 5756 Editi,
735 5688 828 5744 τοῦ
876 5688 1163 5761 σκιασμοῦ.
1201 5687 1269 5745 At
1307 5685 1545 5757 quinque
1594 5698 1750 5750 mss.,
1777 5680 1870 5736 τοῦ

1976 4585 2087 4644 τοῖς
2124 4585 2335 4653 καιροῖς
2361 4581 2460 4652 τὴν
2484 4580 2592 4635 ἀπὸ
2617 4579 2724 4633 τῶν
2754 4578 3207 4634 ἐπιϐουλευόντων
3246 4578 3547 4648 ἀσφάλειαν

1976 4675 2239 4745 ὑπάρχειν
2264 4675 2467 4737 αὐτοῖς.

1974 4848 2360 4919 επισκιασμοῢ.

2049 4919 2161 4989 (45)
2191 4916 2410 4985 Antiqui
2430 4987 2453 4989 μ
2471 4927 2701 4989 quatuor
2727 4917 2889 4989 libri,
2910 4916 3544 4989 mptcrasa,__rliscipulns

1977 4986 2339 5042 circttmdedit.
2365 4987 2504 5040 Editi
2536 4999 2587 5041 et
2612 4986 2743 5056 Reg.
2769 4986 2991 5050 tertius,
3010 4986 3420 5050 περιστείλασα,
3454 4988 3548 5041 ob-

1976 5059 2151 5111 volrit.
2196 5056 2325 5111 Utra
2368 5058 2636 5125 scriptura
2683 5057 2871 5110 melior
2916 5058 3008 5124 sil,
3061 5058 3149 5111 alii
3200 5058 3542 5126 iudicabunt.

1971 5127 2190 5182 Interim
2220 5128 2485 5189 vulgatam
2518 5128 2857 5181 retinuimus.

2045 5197 2156 5267 (46)
2191 5197 2245 5249 In
2280 5198 2475 5249 nostris
2508 5198 2745 5267 quinque
2789 5212 2917 5250 mss.
2976 5211 3103 5257 non,
3157 5194 3418 5267 κεφαλήν,
3469 5196 3543 5267 uti

1974 5267 2028 5322 in
2055 5265 2246 5336 editis,
2275 5267 2366 5320 sed
2391 5265 2619 5336 νεφέλην
2649 5266 2864 5335 legitur.
2907 5268 3015 5318 Vox
3041 5266 3302 5335 κεφαλήν,
3336 5265 3377 5319 Si
3422 5266 3543 5336 libri

1975 5337 2177 5406 antiqui
2207 5334 2487 5406 (merent,
2534 5334 2636 5388 non
2681 5351 2866 5402 parum
2914 5338 3068 5406 nobis
3119 5334 3370 5406 placeret.
3406 5335 3545 5406 _llnc

1975 5403 2178 5474 ipso—in
2204 5405 2320 5459 loco
2345 5406 2475 5473 Reg.
2513 5408 2699 5459 tertius
2720 5415 2774 5457 et
2811 5406 2960 5466 editi,
2994 5403 3138 5457 ἐστιν
3168 5403 3309 5474 ὑπὲρ
3329 5403 3538 5458 τούτου.

1975 5473 2079 5530 Alii
2110 5485 2344 5546 quatuor
2369 5490 2525 5546 mss.,
2546 5474 2638 5546 Δἔτι
2678 5474 2819 5545 ὑπὲρ
2845 5474 2960 5542 τοῦ,
2986 5475 3142 5530 bene.
3168 5473 3409 5529 Subinde
3432 5484 3542 5528 tres

1976 5543 2142 5610 mss.,
2156 5544 2363 5615 σκέπης
2384 5543 2650 5615 γίνεσθαι.

2044 5609 2157 5688 (47)
2200 5609 2360 5682 Editi,
2397 5609 2675 5687 φωτίζειν.
2708 5615 2779 5670 At
2809 5614 3045 5686 quinque
3095 5628 3249 5681 mss.,
3286 5609 3536 5686 φωτίζον.

2020 5795 2053 5817 »τι
2094 5793 2133 5817 ηε
