3828 6216
195 335 290 391 545
1019 335 1374 395 COMMENT.
1416 339 1486 395 IN
1528 339 1725 397 lSAlAl

1833 344 2238 406 'ROPHETAM.
2281 349 2436 406 CAP.
2475 353 2540 408 ν.
3315 363 3423 417 516

692 451 1088 506 ΚΕΦΑΛΑΙΟΝ
1135 454 1213 509 E'.

250 542 363 598 159.
401 543 560 611 ’ᾼσω
596 539 674 610 δὴ
729 541 840 612 (48)
879 542 959 608 τῷ
1012 545 1378 614 ἠγαπημένῳ
1427 539 1594 616 ᾆσμα
1632 549 1741 604 τοῦ

189 632 476 704 ἀγαπητοῦ
491 649 608 700 μου
642 630 724 696 τῷ
749 632 1058 700 ἀμπελῶνί
1080 651 1218 703 μου.
1251 635 1332 688 Τὰ
1358 636 1575 707 ᾅσματα
1605 639 1740 692 πάν-

187 741 246 776 τα
273 722 610 794 φαιδροτέραν
637 723 785 776 δοκεῖ
806 725 1076 795 περιέχειν
1103 729 1440 797 πραγμάτων
1470 730 1740 782 κατάστα-

191 831 282 867 σιν.
343 815 401 866 'H
456 817 514 867 ὲν
548 817 614 885 τῇ
661 814 855 886 Ἐξόδῳ
907 817 1016 885 ᾠδὴ
1057 813 1210 888 ᾇσμά
1257 819 1403 871 ἐστιν
1452 821 1733 874 ἐπινίκιον.

192 908 441 976 ’ᾼσωμεν
466 905 545 970 τῷ
567 907 793 974 Κιφίῳ·
827 907 1088 974 ἐνδόξως
1119 908 1228 978 γὰρ
1259 909 1633 974 δεδόξασται.
1663 910 1737 964 Τὸ

181 993 349 1068 τᾼσμα
375 998 480 1051 τῶν
511 998 773 1068 ᾀσμάτων
801 998 1159 1069 ὲπιθαλάμιός
1187 1003 1333 1052 ἐστιν
1359 1001 1491 1072 ᾠδὴ,
1519 1003 1735 1074 δραμα-

180 1089 329 1151 τικῶς
357 1089 463 1158 (49)
490 1089 864 1160 πεπλεγμένη.
920 1089 1183 1144 Ἐνταῦθα
1226 1091 1282 1144 δὲ
1315 1092 1542 1163 ἀπειλὴν
1587 1096 1615 1147 6
1649 1094 1736 1147 λό-

179 1197 262 1248 γος
282 1180 384 1250 ἔχει
420 1181 520 1249 τὴν
549 1181 690 1234 κατά
725 1183 818 1235 τοῦ
845 1183 1166 1253 ἀμπελῶνος
1209 1183 1352 1236 κατὰ
1387 1185 1485 1255 τὴν
1518 1185 1731 1240 δικαίαν

180 1269 340 1339 κρίσιν
363 1268 455 1321 τοῦ
477 1270 612 1322 Θεοῦ
642 1270 1008 1341 ἐπαγομένην.
1041 1273 1270 1342 Μήποτε
1294 1273 1348 1326 δὲ
1375 1273 1470 1325 καὶ
1498 1274 1637 1328 αὐτά
1664 1275 1732 1328 τὰ

179 1360 381 1432 φοϐερὰ,
415 1361 491 1432 τῷ
527 1362 664 1433 πρὸς
696 1363 851 1427 τέλος
896 1364 1129 1434 χρηστὸν
1177 1365 1560 1437 ἀναφέρεσθαι,
1605 1385 1733 1438 πρε-

178 1451 366 1514 πόντως
404 1451 776 1523 ἐγκατετάχθη
817 1457 929 1516 τοῖς
965 1454 1530 1526 ᾄσμασι;Πρόσωπον
1576 1457 1632 1510 δὲ
1672 1459 1732 1512 τὸ

177 1543 495 1612 ἀπαγγέλλον
525 1544 624 1615 τὴν
645 1544 788 1615 ᾠδήν
814 1547 931 1598 ἐστι
957 1547 1018 1599 τὸ
1051 1547 1274 1618 Πνεῦμα
1298 1549 1358 1601 τὸ
1384 1549 1556 1618 ἅγιον,
1593 1551 1731 1622 ὅπερ

173 1633 276 1704 ᾄδει
304 1634 358 1686 τὸ
385 1631 534 1706 ᾆσμα
565 1635 644 1704 τῷ
679 1637 1023 1708 ἠγαπημένῳ
1054 1638 1358 1708 ἀμπελῶνι.
1396 1640 1550 1692 Ἔστι
1579 1641 1636 1693 δὲ
1669 1643 1730 1694 τὸ

174 1720 310 1794 ᾆσμα
343 1725 496 1779 τοῦτο
521 1727 617 1780 τοῦ
649 1727 957 1798 ἀγαπητοῦ.
987 1730 1082 1792 Τίς
1104 1730 1162 1781 δὲ
1184 1733 1211 1783 6
1243 1730 1399 1798 φύσει
1424 1733 1724 1801 ἀγαπητὸς,

1773 462 1820 518 Α

2471 464 2701 523 CAPUT
2731 466 2796 526 γ.

1923 552 2046 608 159.
2083 552 2249 612 Vens.
2283 556 2334 613 1.
2388 555 2626 612 Cantabo
2682 560 2872 614 dilecto
2925 566 3186 622 canticum
3235 574 3422 628 dilecti

1845 647 1949 698 mei
1985 647 2150 701 vinea:
2178 665 2328 705 mem.
2359 649 2580 706 Cantica
2607 654 2788 707 omnia
2825 654 3082 711 laztiorem
3120 677 3296 716 rerum
3320 678 3424 719 sta-

1845 744 1959 790 tum
1996 738 2256 793 videntur
2304 743 2608 809 complecti.
2661 744 2792 810 Qute
2841 748 2892 800 in
2931 748 3119 805 Exodo
3155 759 3424 822 reperitur

1843 827 1968 888 ode,
2004 831 2276 884 canticum
2298 838 2380 885 est
2404 835 2472 888 ob
2503 845 2712 902 partam
2733 838 3008 893 tictoriam
3035 847 3415 912 compositum.

1845 918 2128 974 Cantemus
2157 922 2382 977 Domino
2403 929 2664 994 :glort'ose
2691 930 2829 982 enim
2864 934 3231 1001 magniﬁcatus
3253 952 3327 990 est
3351 940 3416 993 ¹⁰.

1841 1009 2122 1065 Canticum
2146 1013 2492 1069 Canticorum
2529 1021 2769 1085 nuptiale
2800 1033 2883 1077 est
2903 1040 3158 1091 carmen,
3195 1031 3412 1086 drama-

1843 1101 1954 1156 tico
1987 1118 2153 1172 opere
2183 1115 2512 1172 pertextum.
2555 1108 2654 1164 llic
2703 1123 2882 1167 autem
2926 1116 3204 1184 Scriptura
3242 1125 3416 1177 minas

1840 1198 2104 1257 continet,
2133 1211 2196 1250 ex
2227 1196 2374 1263 justo
2409 1198 2728 1263 Deijutlicio
2766 1204 2816 1256 in
2855 1205 3062 1260 vineam
3098 1210 3413 1268 intentatas.

1839 1283 2108 1354 Numquid
2141 1298 2322 1342 autem
2354 1289 2441 1342 illa
2473 1291 2582 1357 ipsa
2613 1295 2891 1349 tremenda
2913 1313 3029 1363 qua:
3057 1300 3414 1371 intentantur,

1837 1379 1980 1446 quod
2010 1379 2062 1431 in
2096 1380 2295 1433 bonum
2311 1380 2474 1451 477
2491 1384 2648 1435 linem
2671 1384 2996 1452 referantur,
3026 1395 3419 1450 convenienter

1841 1467 2005 1520 relata
2025 1476 2149 1524 sunt
2175 1470 2315 1522 inter
2339 1472 2589 1526 cantica?
2618 1476 2748 1538 Quae
2771 1487 2950 1530 autem
2978 1494 3204 1546 persona
3235 1485 3412 1538 canti-

1837 1573 1960 1611 cum
1998 1559 2127 1611 tllud
2161 1563 2500 1628 pronuntiat,
2548 1562 2786 1631 Spiritus
2829 1577 3051 1621 sanctus
3082 1581 3185 1631 est,
3214 1575 3303 1640 qui
3335 1576 3415 1629 vi-

1839 1663 1952 1703 neae
1987 1647 2200 1702 dilecne
2226 1666 2442 1704 carmen
2477 1653 2645 1705 canit.
2679 1652 2790 1706 Iloc
2824 1664 3003 1708 autem
3033 1658 3212 1713 dilecti
3239 1661 3413 1716 canti-

1837 1746 2096 1791 comest.
2139 1737 2273 1803 Quis
2301 1755 2430 1792 vero
2497 1752 2688 1794 natura
2749 1744 3083 1809 carissimus,
3141 1749 3242 1803 nisi
3279 1750 3413 1807 Uni-

173 1815 202 1887 ἢ
251 1820 278 1871 ὁ
335 1819 664 1890 Μονογενὴς,
693 1821 779 1905 ,τὸ
837 1821 1175 1890 αὐτοάγαθον
1243 1823 1376 1892 (50),
1429 1817 1490 1875 οῦ
1556 1825 1725 1878 πάντα

1837 1828 2070 1896 genitus,
2094 1827 2225 1880 illud
2260 1830 2433 1896 ipsum
2463 1829 2682 1891 bonum,
2717 1833 2860 1899 quod
2901 1843 3160 1903 appetunt
3187 1841 3406 1908 omnia,

171 1908 383 1975 ἐφίεται,
423 1906 483 1964 οὗ
529 1913 563 1980 ἡ
603 1912 884 1981 ἀγάπησις
911 1912 1155 1981 φυσικῶς
1193 1915 1285 1966 καὶ
1315 1917 1570 1987 ἀρρήτως
1609 1920 1730 1980 ταῖς

165 2001 368 2054 πάντων
398 2001 504 2053 τῶν
529 2001 766 2068 λογικῶν
787 2003 1048 2068 διανοίαις
1071 2005 1388 2058 ἐνέστακται
1409 2023 1422 2070 ;
1464 2008 1615 2060 Ἐπεὶ
1638 2004 1731 2062 οῦν

170 2091 295 2144 κατά
340 2090 436 2161 τὴν
466 2091 560 2144 τοῦ
596 2093 802 2162 Κυρίου
848 2093 1031 2164 φωνὴν
1075 2098 1103 2148 6
1141 2096 1497 2167 Παράκλητος
1543 2099 1609 2150 ὲκ
1634 2098 1730 2151 τοῦ

170 2181 482 2249 Μονογενοῦς
523 2182 794 2252 λαμϐάνει
840 2185 1039 2247 πάντα,
1086 2187 1180 2239 καὶ
1220 2188 1540 2256 ἀναγγέλλει
1575 2191 1726 2259 ἡμῖν,

167 2273 251 2326 καὶ
271 2274 362 2344 τὴν
554 2274 651 2326 τοῦ
681 2275 970 2346 ἀγαπητοῦ
1003 2295 1164 2346 φησιν
1189 2274 1345 2342 εἶναι,
1379 2280 1455 2343 ὡς
1481 2285 1610 2353 παρ’
1633 2284 1731 2336 αὑ-

167 2366 248 2419 τοῦ
273 2365 460 2420 λαϐὼν.
502 2368 566 2419 Ἦ
600 2366 658 2418 δὲ
687 2368 824 2438 αὐτὴ
847 2369 958 2439 ᾠδὴ
992 2370 1338 2440 μετανοοῦντι
1370 2372 1467 2441 μὲν
1491 2373 1567 2442 τῷ
1599 2389 1729 2426 ποτε

165 2457 483 2530 ἠγαπημένῳ
515 2457 801 2528 ἀμπελῶνι
833 2455 986 2530 ᾇσμά
1013 2463 1158 2514 ἐστιν
1182 2479 1194 2492 ο
1230 2463 1541 2532 ἐπιμένοντι
1575 2464 1630 2516 δὲ
1659 2467 1725 2536 τῇ

168 2549 386 2621 ἁμαρτία
427 2551 628 2622 θρῆνος
681 2553 889 2622 γίνεται
930 2554 1025 2606 καὶ
1070 2555 1213 2617 οὐαὶ,
1257 2553 1506 2625 καθάπερ
1546 2557 1602 2607 ἐν
1650 2556 1728 2626 τῷ

178 2640 411 2710 Ἰεζεκιὴλ
439 2644 866 2715 μεμαθήκαμεν,
885 2645 976 2697 ἐπὶ
1004 2644 1096 2697 τοῦ
1123 2645 1287 2697 αὑτοῦ
1312 2645 1516 2714 βιϐλίου
1540 2645 1729 2714 μέλος

166 2732 250 2784 καὶ
274 2732 490 2801 θρῆνον
516 2736 929 2804 γεγραμμένον,
961 2736 1059 2788 καὶ
1092 2737 1248 2788 οὐαί.
1281 2738 1391 2788 Καὶ
1426 2738 1454 2788 6
1485 2737 1580 2790 τοῦ
1611 2740 1726 2790 Κυ-

169 2823 269 2892 ρίου
299 2824 448 2892 λόγος
474 2828 556 2888 εἰς
581 2824 725 2896 ζωὴν
751 2825 967 2879 αἰώνιον
1014 2827 1108 2879 καὶ
1143 2827 1439 2880 ἀπόλαυσιν
1463 2830 1726 2898 οὐρανίων

166 2915 360 2983 ἀγαθῶν
385 2917 852 2988 προκαλούμενος,
885 2917 1045 2987 μέλος
1068 2914 1135 2988 ἦν
1167 2917 1305 2989 πρὸς
1333 2917 1606 2990 εὔρυθμον
1632 2921 1727 2972 καὶ

166 3007 352 3080 ἐμμελῆ
387 3009 602 3080 κίνησιν
645 3011 737 3062 καὶ
780 3009 879 3080 τὴν
914 3010 1032 3062 κατ’
1057 3011 1256 3081 ἀρετὴν
1296 3012 1577 3082 ἐνέργειαν
1626 3012 1726 3076 τὰς

165 3099 321 3169 ψυχὰς
345 3102 645 3172 διεγείρων.
687 3101 760 3152 Τὸ
791 3101 848 3153 δὲ
897 3101 1142 3154 Ἰωάννου
1177 3103 1460 3173 κήρυγμα,
1513 3105 1592 3165 εἰς
1628 3120 1724 3173 με-

163 3191 358 3245 τάνοιαν
381 3195 505 3256 τοὺς
527 3192 777 3256 ἀπειθεῖς
806 3194 1150 3265 ἐπιστρέφον,
1193 3195 1390 3265 θρῆνος
1424 3191 1512 3266 ἦν,
1547 3195 1723 3266 λύπην
1751 3166 1796 3226 C

163 3285 230 3346 είς
256 3285 519 3355 σωτηρίαν
555 3283 968 3354 ἀμεταμέλητον
995 3285 1104 3354 (51)
1136 3287 1520 3356 ἐργαζόμενος.
1562 3287 1726 3358 Εὑρί-

164 3391 332 3428 σκοντο
359 3375 412 3428 δὲ
433 3379 481 3428 οἱ
520 3377 788 3437 Ἰουδαῖοι,
821 3376 908 3429 διὰ
931 3377 1030 3448 τὴν
1062 3377 1317 3449 πώρωσιν
1345 3381 1442 3448 τῆς
1473 3379 1722 3449 καρδίας,

165 3465 286 3534 μήτε
337 3469 444 3530 τοῖς
483 3470 745 3537 χρηστοῖς
780 3467 1211 3538 προτρεπόμενοι
1253 3470 1332 3529 εἰς
1365 3467 1528 3539 ζωὴν,
1587 3472 1724 3539 μήτε

160 3556 253 3610 ὑπὸ
281 3557 784 3628 τῶνστυγνοτέρων
809 3560 1125 3629 ὲναγόμενοι
1161 3562 1238 3622 εἰς
1277 3561 1585 3628 μετάνοιαν.
1622 3561 1726 3613 οὖ-

160 3664 229 3702 τω
256 3650 313 3723 δὴ
357 3653 448 3705 καὶ
493 3653 558 3705 τὸ
604 3653 662 3704 ἐν
696 3653 883 3722 χερσὶν
913 3648 1064 3723 ᾆσμα
1097 3653 1192 3704 καὶ
1222 3652 1439 3706 ἔπαινον
1483 3653 1595 3723 ἔχει
1627 3653 1726 3723 τῆς

161 3741 372 3812 ἀρχαίας
391 3745 675 3814 εὐγενείας
703 3745 797 3796 καὶ
823 3739 922 3813 τῆς
950 3745 1076 3815 περὶ
1111 3743 1290 3797 αὐτῶν
1327 3744 1438 3812 (52)
1461 3745 1555 3797 τοῦ
1587 3745 1722 3797 Θεοῦ

162 3833 470 3904 ἐπιμελείας,
519 3837 618 3889 καὶ
649 3835 866 3904 ἔλεγχον
905 3835 1003 3904 τῆς
1048 3834 1327 3905 παρούσης
1369 3835 1588 3898 κακίας,
1628 3837 1724 3888 καὶ

161 3925 364 3996 ἀπειλὴν
401 3929 510 3980 τῶν
558 3925 1018 3996 ἐπαχθησομένων
1058 3925 1264 3979 δεινῶν.
1313 3927 1421 3978 Καὶ
1452 3927 1601 3995 ὅμως
1633 3927 1722 3979 τὸν

161 4013 338 4084 ἀπειθῆ
368 4015 494 4068 λαὸν
517 4014 642 4067 οὔτε
663 4017 844 4067 ἐκεῖνα
880 4015 1014 4084 πρὸς
1039 4013 1136 4085 τὴν
1167 4015 1374 4067 οἰκείαν
1409 4014 1564 4079 ἀξίαν
1593 4017 1725 4068 ἀνα-

163 4104 405 4168 καλεῖται,
456 4105 584 4159 οὔτε
621 4105 794 4159 ταῦτα
834 4105 1108 4158 συστεῖλαι
1156 4107 1252 4158 καὶ
1286 4108 1721 4177 σωφρονέστερον

161 4199 364 4269 ποιῆσαι
389 4199 636 4253 δύναται.

222 4375 335 4430 140.
397 4379 636 4449 Αρχεται
679 4374 735 4428 δὲ
759 4373 869 4427 τῶν
893 4374 1183 4444 ἐγκωμίων
1224 4374 1323 4444 τῆς
1358 4375 1594 4438 παλαιᾶς
1624 4377 1720 4428 εὑ-

159 4466 369 4534 γενείας.
416 4466 720 4538 Ἀμπελὼν
771 4465 1024 4534 ἐγενήθη
1086 4463 1169 4529 τῷ
1212 4465 1592 4534 ἠγαπημένῳ,
1651 4467 1720 4519 ἐν

158 4557 354 4625 κέρατι.
405 4561 476 4614 ἐν
513 4561 676 4621 τόπῳ
707 4559 889 4611 πίονι.
931 4556 1254 4627 Ἀμπελῶνα
1284 4557 1429 4624 λέγει
1469 4557 1559 4610 τὸν
1592 4558 1718 4610 λαὸν

157 4649 240 4701 τοῦ
274 4649 500 4722 Ἰσραήλ.
555 4652 851 4718 Ἄμπελον
904 4647 1035 4718 γὰρ,
1090 4649 1244 4717 φησὶ,
1302 4648 1372 4711 ἐξ
1417 4649 1718 4716 Αἰγύπτου

153 4742 412 4812 μετῆρας.
441 4745 552 4798 Καὶ
580 4746 638 4796 ἐν
662 4743 740 4796 τῶ
771 4740 1010 4813 Ἱερεμίᾳ
1055 4739 1147 4794 διὰ
1181 4740 1279 4810 τῆς
1313 4740 1483 4809 αὐτῆς
1514 4740 1720 4803 είκόνος

222 4925 263 4957 ¹⁶
290 4923 457 4980 Exod.
501 4940 594 4990 xv,
625 4924 680 4980 1.
757 4925 800 4956 ¹¹
828 4921 982 4979 Ioan.
1012 4937 1126 4987 xvt,
1158 4921 1246 4977 M.

223 5079 326 5151 (18)
348 5081 580 5134 Titulnm
617 5079 824 5151 nullum
870 5079 934 5151 in;
955 5093 1083 5151 mss.
1128 5076 1462 5151 invenimus.
1494 5074 1716 5151 Stulta-

161 5163 268 5203 men
297 5148 600 5217 prophetica
634 5150 742 5209 illa,
773 5148 888 5219 ᾷσω
916 5149 1005 5219 δή,
1037 5159 1093 5202 et
1140 5159 1358 5210 cwtera,
1400 5148 1464 5200 atl
1498 5149 1713 5200 modqu

161 5220 285 5291 tituli
312 5221 527 5291 inilleg.
561 5231 754 5284 quarto
787 5221 1056 5291 leguntur.

229 5289 329 5359 (40)
353 5287 620 5344 Fortassis
661 5287 882 5342 monere
913 5287 1146 5357 juvabit,
1191 5287 1551 5359 dramaticum
1579 5302 1714 5353 opus

164 5356 276 5430 illud
298 5356 442 5430 esse,
465 5361 518 5414 in
551 5376 660 5430 quo
689 5356 931 5427 personae
961 5359 1088 5414 sola:
1109 5368 1296 5427 agunt,
1325 5358 1526 5426 absque
1549 5368 1716 5424 poeta:

164 5425 575 5484 interlocutione;

227 5497 330 5569 (50)
361 5499 575 5554 Veteres
619 5499 859 5569 quinque
897 5497 1019 5552 libri
1048 5512 1153 5552 una
1182 5512 1334 5562 voce,
1358 5495 1714 5564 αὐτοάγαθον.

166 5563 290 5619 Editi
313 5563 533 5628 duabus.
564 5563 695 5625 αὐτὸ
728 5563 950 5636 ἀγαθόν.

231 5638 334 5710 ς51)
364 5638 416 5692 In
453 5636 676 5710 vulgata
709 5638 748 5693 ll
779 5635 902 5710 Cor.
934 5653 1040 5710 VVVII,
1074 5637 1163 5704 10,
1211 5638 1298 5710 ita?
1332 5635 1713 5710 legitttr,_Quw

169 5706 290 5774 enim
315 5706 588 5762 secundum
619 5707 783 5762 Deum
807 5709 1023 5760 tristitia
1045 5718 1142 5774 est,
1167 5706 1520 5774 paenitentiam
1546 5708 1600 5757 in
1627 5724 1711 5757 sa-

172 5772 315 5830 lutem
371 5778 606 5834 stabilem
661 5786 927 5850 operatur.
983 5772 1135 5835 Hinc
1168 5772 1401 5833 fortasse
1445 5776 1709 5847 suspicari

1323 4922 1368 4953 ¹¹
1404 4922 1602 4977 Ezeclt.
1636 4937 1698 4987 tt,
1726 4922 1780 4976 9.

1833 1920 1992 1987 cujus
2023 1935 2175 1973 amor
2203 1922 2253 1972 in
2290 1922 2486 1973 animis
2509 1924 2752 1974 omnium
2783 1924 2874 1992 qui
2899 1929 3254 1982 suntratione
3271 1945 3411 1998 pra:-

1832 2011 1950 2073 tliti,
1979 2011 2208 2063 naturali
2241 2010 2606 2080 ineﬁ‘abilique
2625 2016 2780 2067 modo
2797 2025 2879 2068 est
2903 2015 3409 2086 impressus?Quo-

1832 2099 1976 2152 niam
2013 2101 2176 2167 igitur
2221 2099 2374 2166 juxta
2428 2101 2637 2154 Domini
2700 2118 2911 2167 Vocem,
2971 2104 3281 2162 Paracletus
3339 2113 3408 2165 ab

1835 2189 2128 2259 Uuigt-nito
2155 2191 2352 2257 accipit
2386 2193 2590 2255 munia,
2618 2203 2667 2246 et
2704 2197 2989 2248 annuntiat
3027 2200 3184 2252 nobis
3213 2201 3276 2264 “,
3306 2205 3407 2258 hoc

1830 2283 2098 2334 canticum
2128 2282 2203 2333 ait
2224 2281 2404 2334 dilecti
2427 2296 2572 2345 esse,
2603 2292 2854 2351 tanquam
2876 2285 2941 2336 ab
2965 2286 3080 2353 ipso
3102 2299 3405 2356 acceptum.

1831 2373 2031 2426 Eadem
2061 2379 2241 2424 autem
2277 2372 2378 2425 ode
2405 2372 2574 2425 vincte
2601 2373 2728 2425 olim
2754 2374 2984 2439 dilectae,
3009 2379 3275 2432 c:uiticum
3300 2393 3404 2446 esu,

1830 2464 1874 2519 si
1908 2464 2205 2532 poeniteat:
2265 2464 2358 2517 sed
2409 2464 2452 2516 si
2512 2464 2562 2516 in
2614 2473 2834 2532 peccato
2877 2469 3154 2536 persistat,
3239 2471 3295 2523 tit
3330 2471 3409 2525 la-

1829 2565 2064 2608 mcutum
2090 2565 2146 2608 et
2175 2571 2290 2617 va};
2333 2555 2786 2623 quemadmodum
2848 2557 2898 2610 iu
2957 2558 3240 2615 lizecbicle
3268 2561 3409 2615 didi-

1828 2647 2002 2700 cimus
2029 2647 2285 2715 scriptum
2344 2646 2509 2701 fuisse
2548 2648 2600 2699 in
2648 2649 2836 2701 eodem
2871 2649 3006 2704 libro
3047 2667 3284 2715 carmen,
3324 2653 3409 2706 Ia-

1827 2749 2082 2802 mentum,
2105 2748 2151 2790 et
2178 2754 2254 2790 me
2279 2739 2342 2790 ".
2368 2739 2507 2804 Quin
2563 2748 2619 2792 et
2667 2739 2875 2793 Domini
2905 2755 3086 2795 sermo
3122 2746 3189 2797 ad
3237 2745 3404 2797 vitam

1827 2841 2084 2882 aucruam
2109 2839 2162 2882 et
2193 2830 2258 2882 ad
2293 2831 2554 2882 bonorum
2586 2831 2890 2885 cmlcstium
2931 2833 3238 2888 fruitiouem
3268 2836 3408 2890 invi-

1829 2929 1970 2981 laus,
2002 2936 2222 2974 carmen
2263 2931 2382 2972 erat
2413 2960 2428 2985 ,
2477 2921 2619 2989 quod
2673 2922 2884 2976 animas
2945 2924 3011 2975 ad
3053 2939 3404 2979 numerosum

1827 3008 2260 3075 conciuumnquc
2313 3020 2514 3062 motum
2573 3019 2629 3063 et
2713 3013 2779 3064 ad
2814 3014 3182 3079 operationem
3216 3015 3406 3070 virtuti

1830 3111 2255 3155 consentaneam
2292 3101 2580 3154 excitabat.
2629 3102 2698 3154 At
2756 3117 2886 3156 vero
2936 3103 3158 3158 Joannis
3210 3107 3408 3174 prtedt-

1827 3195 1990 3258 Catio,
2044 3209 2146 3261 qua
2179 3192 2596 3259 inobsequentes
2623 3194 3085 3248 convertebantur
3111 3196 3177 3250 ad
3222 3201 3404 3263 pomi-

1829 3285 2072 3342 tentiam.
2129 3293 2247 3336 erat
2299 3283 2636 3347 lamentatio,
2668 3301 2788 3352 qua:
2826 3285 2891 3337 ad
2926 3287 3157 3338 salutem
3207 3287 3402 3340 confe-

1829 3377 2047 3427 rendam
2097 3390 2386 3428 mwrorcm
2436 3375 2579 3427 baud
2628 3376 2996 3443 pmnitentlum
3063 3377 3305 3445 pariebat
3337 3377 3403 3433 ³³.

1824 3464 1992 3519 Judmi
2032 3476 2234 3527 autem,
2270 3481 2378 3532 pra:
2400 3465 2584 3518 cordis
2630 3465 2854 3530 duritia,
2890 3481 3064 3536 neque
3101 3468 3276 3522 verbis
3308 3469 3406 3523 be-

1827 3554 2170 3620 nignioribus
2227 3556 2705 3622 comperiebantur
2763 3557 2828 3610 ad
2872 3559 3034 3610 vitam
3099 3561 3403 3627 provocari,

1826 3662 2000 3713 neque
2027 3645 2417 3700 austerioribus
2455 3647 2521 3699 ad
2565 3647 2938 3714 paenitentiam
2990 3649 3204 3704 atltluci.
3232 3651 3406 3718 Atque

1825 3740 1960 3789 adeo
1987 3738 2281 3799 canticum,
2319 3738 2458 3806 quod
2495 3738 2549 3790 in
2605 3740 2857 3792 manibus
2911 3749 3017 3805 est,
3052 3749 3164 3792 tum
3208 3744 3406 3809 prisca

1827 3829 1968 3883 illius
1999 3829 2378 3896 generositatis
2403 3839 2457 3884 et
2485 3830 2604 3898 ejus
2637 3846 2799 3899 quam
2828 3831 2968 3884 Deus
3001 3847 3098 3900 pro
3134 3834 3266 3902 ipsis
3285 3849 3408 3903 ges-

1826 3919 1898 3974 sit
1923 3935 2066 3971 cura:
2104 3917 2318 3972 laudem
2368 3921 2769 3989 complectitur,
2804 3932 2916 3976 tum
2957 3934 3278 3992 praesentem
3309 3938 3405 3978 eo-

1826 4026 1944 4063 rum
1972 4011 2233 4062 malitiam
2267 4012 2509 4072 exhibet,
2547 4022 2603 4065 et
2659 4012 2944 4082 inﬂigentla
3005 4016 3143 4067 mala
3176 4015 3404 4070 commi—

1825 4112 2004 4154 natur.
2035 4100 2220 4169 Neque
2254 4113 2433 4155 tatnen
2459 4104 2548 4156 illa
2577 4105 2830 4172 pOpulum
2864 4106 3312 4176 iuobsequcntem
3335 4109 3402 4161 atl

1825 4193 2101 4261 propriam
2148 4192 2468 4260 dignitatem
2517 4206 2811 4248 revocant:
2847 4212 3018 4263 neque
3070 4197 3184 4250 ltaac
3222 4197 3397 4264 ipsqu

1823 4294 2170 4348 compescere
2219 4289 2312 4332 aut
2362 4281 2766 4348 prudentiorem
2825 4285 3048 4336 reddere
3081 4292 3396 4353 potuerunt.

1893 4371 2016 4425 140.
2054 4373 2230 4426 Sumit
2252 4379 2433 4426 autem
2465 4373 2749 4427 exordium
2771 4374 2840 4426 ab
2871 4376 3107 4445 antiqua:
3142 4375 3404 4430 nobilita-

1822 4464 1894 4519 tis
1923 4464 2199 4518 laudibus.
2245 4462 2410 4516 Vinea
2441 4464 2589 4532 facta
2636 4473 2714 4517 est
2769 4466 2981 4531 dilecto,
3028 4469 3083 4521 in
3135 4485 3320 4530 cornu,
3347 4471 3402 4522 in

1823 4559 1938 4611 loco
1959 4558 2158 4626 pingui.
2185 4555 2414 4611 Vineam
2445 4555 2579 4610 dicit
2618 4558 2873 4626 populum
2899 4559 3276 4615 lsraeliticnm.
3310 4561 3403 4616 Vi-

1824 4665 1978 4701 neam
2008 4651 2181 4714 enim,
2214 4650 2410 4719 inquit,
2449 4650 2513 4702 de
2544 4647 2777 4718 zEgypto
2802 4653 3122 4704 transtulisti
3155 4651 3218 4708 ‘l.
3252 4651 3318 4706 Et
3345 4655 3400 4706 in

1823 4739 2058 4795 Jeremia
2089 4742 2350 4812 probrum
2380 4740 2616 4795 infertur
2671 4742 2874 4810 populo
2920 4757 3019 4812 per
3047 4741 3294 4798 eamdem
3323 4743 3401 4798 si-

1860 4922 1904 4953 “
1938 4921 1980 4974 ll
2009 4921 2135 4976 Cor.
2165 4936 2260 4988 vn,
2292 4921 2380 4975 10.
2458 4921 2504 4952 ⁸⁸
2528 4919 2670 4974 Psal.
2703 4935 2889 4985 um,
2916 4921 3004 4978 19.

1819 5079 2084 5148 quispiam
2121 5076 2311 5146 possit,
2352 5075 2702 5148 interpretem
2733 5073 2948 5148 legisse.
2995 5085 3082 5129 aut
3120 5077 3296 5146 potius
3323 5077 3399 5128 le-

1819 5146 1957 5216 gere
1999 5149 2098 5202 sibi
2155 5150 2325 5201 visum
2379 5147 2566 5208 fuisse,
2619 5146 3012 5216 ἀμετάϐλητον,
3049 5152 3114 5198 ad
3174 5148 3398 5200 animum

1819 5217 2080 5283 stabilem,
2124 5233 2246 5271 cum
2297 5217 2578 5284 legendum
2629 5227 2808 5268 tamen
2841 5227 3006 5279 esset,
3048 5217 3399 5286 ἀμεταμέλη-

1819 5305 1932 5351 τον,
1966 5291 2033 5340 ad
2067 5293 2290 5340 salutem
2320 5289 2462 5338 haud
2513 5286 2883 5353 paenitendum.
2933 5287 2999 5339 Et
3049 5289 3264 5353 quidem
3299 5303 3398 5338 \‘UK

1821 5374 1924 5412 una
1961 5358 2117 5410 alteri
2157 5359 2228 5410 ita
2261 5357 2450 5410 similis
2473 5367 2576 5418 est,
2621 5365 2676 5407 ut
2705 5357 3050 5424 interpretem
3091 5358 3142 5409 in
3185 5360 3287 5409 boe
3323 5358 3400 5408 ta-

1819 5431 1922 5484 cile
1953 5429 2054 5481 labi
2082 5427 2322 5496 potuisse
2345 5443 2498 5478 ttemo
2529 5442 2632 5496 non
2663 5427 2864 5478 videat.

1893 5498 2003 5568 (Si?)
2038 5493 2338 5568 Cotlicessi
2375 5511 2480 5548 non
2524 5495 2723 5568 plures,
2762 5507 2817 5547 at
2854 5505 2962 5548 tres
3010 5503 3243 5568 tamen._
3267 5493 3399 5568 περὶ

1819 5563 2018 5622 αὐτόν’
2065 5569 2136 5621 ita
2175 5567 2217 5620 si
2274 5565 2441 5631 leges,
2495 5565 2748 5633 suppleas
2793 5574 3025 5631 oportet,
3077 5563 3398 5634 ἀμπελῶνα.

1821 5651 1912 5692 aut
1942 5638 2092 5691 λαόν.
2123 5637 2412 5706 Ettitivero
2439 5632 2572 5690 cum
2597 5633 2725 5704 lieg.
2758 5636 3014 5704 secundo,
3044 5632 3169 5706 περὶ
3195 5632 3397 5702 αὐτῶν,

1819 5709 1922 5766 hoc
1946 5722 2021 5765 est
2035 5747 2048 5773 ,
2092 5704 2377 5761 Ἰουδαίων.
