3808 6212
377 298 490 359 5.51
1306 299 1652 355 APPENDIX
1695 302 1975 360 operum

2129 307 2213 361 BA
2223 305 2377 361 SlLll
2414 304 2649 361 MAGNI.
3534 303 3641 359 548

375 417 781 476 militudinem:
812 417 924 488 Ego
956 427 1128 472 autem
1172 417 1409 486 plantavi
1441 429 1490 472 te
1527 419 1728 473 vineam
1768 421 1962 491 fructi-

2097 424 2374 490 νειδίζεται
2398 425 2426 476 6
2454 423 2580 486 λαός
2598 440 2612 452 ·
2657 422 2797 491 Ἐγὼ
2831 421 2898 474 δὲ
2929 420 3232 490 ἐφύτευσὰ
3263 436 3338 474 σε
3364 418 3644 488 ἄμπελον

379 512 554 580 {eram
585 519 750 563 totum
781 527 976 564 veram.
1007 510 1283 576 Quomodo
1307 527 1556 564 conversa
1585 529 1637 565 es
1666 513 1720 565 in
1755 517 1960 566 amari-

2097 518 2446 585 εαρποςρόρον
2472 514 2678 569 πᾶσαν
2708 511 3022 578 ἀληθινήν.
3059 513 3191 578 Πῶς
3215 512 3524 579 ὲστράφης
3555 514 3644 574 εις
3693 501 3709 528 ⁹

382 603 636 663 tudinem.
693 604 810 656 vitis
846 604 1022 656 aliena
1050 605 1134 657 '5?
1163 603 1228 657 In
1263 621 1448 667 cornu,
1491 606 1546 658 in
1601 605 1714 658 loco
1757 608 1960 675 pingui.

382 697 460 750 De
495 705 639 749 terra
670 693 916 763 loquitur
974 696 1045 750 ab
1096 695 1398 750 Israelitico
1439 697 1640 765 populo
1673 705 1959 766 occupata,

381 784 632 854 patribus
659 799 848 838 eorum
879 784 1031 852 juxta
1063 785 1158 838 Dei
1193 785 1613 854 promissionem
1647 785 1771 840 data
1803 785 1848 816 ¹⁶
1895 784 1964 839 In

383 891 568 940 cornu,
596 877 650 927 in
675 875 788 928 loco
822 877 1023 945 pingui.
1068 877 1295 930 Summa
1334 876 1454 932 laus
1482 885 1567 932 est
1590 878 1778 948 paucis
1807 892 1961 932 com-

385 968 680 1037 prehensa.
714 967 899 1022 Cornu
923 978 1006 1021 est
1038 967 1204 1022 altius
1229 967 1554 1039 ﬁrmiusque
1575 968 1964 1038 reliquoomni

383 1072 618 1128 corpore
647 1079 659 1112 ε
684 1058 831 1128 quod
863 1059 1026 1111 simul
1062 1067 1444 1113 ornamentum
1491 1058 1650 1114 affert
1697 1059 1884 1128 capiti,
1913 1067 1966 1114 et

381 1149 547 1204 simul
573 1151 690 1204 loco
722 1157 805 1203 est
837 1164 1119 1202 armorum
1164 1149 1234 1204 ad
1287 1150 1688 1220 propulsandas
1730 1149 1964 1219 injurias

383 1242 728 1295 idoneorum.
767 1241 874 1295 Sed
897 1243 1106 1297 siccum
1132 1250 1216 1297 est
1237 1251 1291 1296 et
1321 1257 1643 1298 exsuccum.
1676 1243 1829 1299 Unde
1853 1243 1966 1296 ani-

383 1334 612 1387 malium
639 1332 1052 1402 cornigerorum
1097 1334 1264 1387 catuli
1301 1349 1412 1388 non
1468 1336 1534 1389 ad
1571 1335 1762 1388 matris
1791 1348 1964 1388 cornu

386 1423 661 1487 feruntur,
694 1423 790 1478 sed
821 1424 1041 1478 nemine
1070 1423 1300 1479 docente
1330 1439 1623 1478 mammam
1656 1425 1962 1494 requirunt,

385 1516 571 1570 locum
609 1515 860 1570 videlicet
883 1515 1168 1570 humidum
1203 1532 1268 1572 ac
1313 1517 1598 1587 pinguem.
1635 1517 1772 1570 Cum
1801 1516 1967 1586 igitur

376 1608 677 1678 Scriptura
696 1608 888 1663 doceat
913 1607 1226 1662 Iudaeorum
1265 1611 1543 1680 regionem
1569 1609 1634 1663 ad
1662 1601 1960 1678 utrumque

387 1697 643 1753 idoneam
676 1714 798 1753 esse
819 1713 882 1752 ac
906 1699 1288 1763 sullicienlcm,
1344 1710 1456 1754 tum
1499 1700 1563 1754 ad
1603 1700 1836 1754 tuendos
1869 1715 1965 1755 eos

2065 606 2326 673 πικρίαν.
2357 607 2394 673 ἠ
2429 604 2695 674 ἄμπελος
2734 605 2772 671 ἡ
2827 603 3150 671 ἀλλοτρ1α;
3182 603 3277 656 Ἐν
3303 600 3529 668 κέρατι,
3572 601 3647 653 ἐν

2063 699 2224 764 τόπῳ
2251 697 2433 750 πίονι.
2468 697 2602 767 Περὶ
2627 697 2726 764 τῆς
2753 695 2858 764 γῆς
2889 693 3036 762 λέγει
3074 694 3176 763 τῆς
3208 691 3644 761 κατασχεθείσης

2066 788 2172 841 ὑπὸ
2199 787 2292 841 τοῦ
2334 788 2573 858 Ἰσραὴλ,
2611 789 2728 842 κατ’
2756 786 3088 854 ἐπαγγελίαν
3116 784 3250 838 Θεοῦ
3283 788 3397 848 τοῖς
3429 785 3645 854 πατρά-

2067 898 2150 935 σιν
2173 880 2352 934 αὐτῶν
2383 880 2670 950 δεδομένης
2702 879 2832 948 (55).
2883 880 2978 930 Ἐν
3002 876 3222 945 κέρατι,
3244 877 3314 931 ἐν
3334 877 3498 942 τόπῳ
3521 877 3648 928 πίο-

2064 992 2142 1028 νι.
2174 974 2336 1042 Μέγα
2360 973 2632 1044 ἐγκώμιον
2670 973 2728 1024 ὲν
2769 970 2978 1041 βραχεῖ.
3011 970 3084 1021 Τὸ
3116 969 3282 1040 κέρας
3307 967 3647 1038 ὑψηλότερόν

2065 1066 2181 1116 ἐστι
2212 1063 2306 1116 τοῦ
2337 1063 2536 1126 παντὸς
2566 1060 2815 1132 σώματος
2850 1059 2942 1113 καὶ
2965 1057 3341 1129 στερρότερον,
3369 1056 3508 1126 ὁμοῦ
3546 1055 3650 1126 μὲν

2065 1154 2270 1224 κόσμον
2303 1153 2541 1225 παρέχον
2585 1155 2650 1224 τῇ
2674 1152 2905 1222 κεφαλῇ,
2955 1151 3091 1220 ὁμοῦ
3125 1149 3182 1202 δὲ
3213 1149 3308 1203 καὶ
3340 1148 3506 1202 ὅπλον
3537 1149 3650 1200 ὑπ-

2067 1247 2233 1318 άρχον
2285 1246 2636 1317 ἀμυντήριον.
2708 1243 2872 1296 Ἀλλά
2909 1241 3070 1313 ξηρόν
3100 1243 3216 1294 ἐστι
3261 1241 3355 1294 καὶ⁵
3390 1241 3647 1310 ἄνικμον.

2065 1337 2166 1391 Διά
2206 1336 2364 1390 τοῦτο
2408 1337 2504 1390 καὶ
2541 1335 2610 1390 τά
2634 1333 2948 1405 γεννώμενα
2986 1333 3091 1385 ὑπὸ
3134 1331 3240 1384 τῶν
3284 1330 3652 1402 κερασφόρων

2067 1430 2240 1496 ζώων,
2279 1432 2380 1484 οὐκ
2407 1431 2497 1483 ἐπὶ
2520 1429 2579 1482 τὸ
2606 1430 2778 1500 κέρας
2805 1429 2953 1499 ὁρμᾷ
2985 1428 3084 1497 τῆς
3117 1425 3342 1496 μητρὸς,
3372 1424 3513 1478 ἀλλά
3544 1423 3650 1492 τὴν

2068 1523 2234 1594 θηλὴν
2258 1523 2557 1581 ἀδιδάκτως
2581 1519 2847 1590 ἐπιζητεῖ,
2877 1519 2967 1572 τὸν
3001 1519 3166 1589 ὑγρὸν
3198 1518 3360 1570 τόπον
3393 1517 3488 1570 καὶ
3523 1514 3650 1567 πίο-

2067 1633 2153 1668 να.
2189 1615 2413 1676 Δεικνὺς
2449 1609 2541 1666 οὖν
2583 1614 2611 1665 ό
2641 1612 2817 1680 λόγος,
2862 1612 2944 1664 ὃτι
2983 1611 3017 1681 ἡ
3049 1609 3201 1681 χώρα
3225 1608 3334 1662 τῶν
3377 1606 3651 1661 Ἰουδαίων

2069 1706 2204 1776 πρὸς
2228 1705 2514 1775 ἀμφότερά
2541 1704 2686 1757 ἐστιν
2707 1702 3007 1772 αὐτάρκης,
3035 1702 3126 1754 καὶ
3148 1700 3391 1770 φυλακὴν
3416 1700 3514 1771 τὴν
3537 1699 3650 1752 ἀπὺ

386 1790 458 1843 ab
474 1789 744 1852 hostibus,
767 1797 880 1842 tum
897 1789 962 1842 ad
988 1790 1200 1843 incolas
1214 1789 1460 1852 alendos,
1479 1798 1774 1860 utrumque
1795 1791 1962 1845 simul

2097 1796 2172 1850 ὦν
2205 1796 2498 1865 πολεμίων,
2527 1797 2622 1849 καὶ
2649 1794 2938 1866 διαθρέψαι
2967 1795 3092 1856 τοὺς
3124 1792 3485 1854 ἐνοικοῦντας,
3534 1791 3650 1860 ἀμ-

384 1881 589 1950 juuxit,
615 1879 682 1933 In
715 1897 900 1947 cornu,
935 1882 988 1934 in
1002 1881 1171 1952 478
1199 1882 1310 1936 loco
1340 1883 1542 1952 pingui,
1563 1883 1666 1937 hoc
1693 1892 1800 1947 cst,
1825 1891 1880 1937 ct
1911 1884 1967 1937 in

389 1980 540 2024 terra
565 1971 758 2033 solida,
786 1980 840 2025 et
867 1972 919 2024 in
949 1987 1055 2040 qua
1089 1971 1385 2040 plurimum
1433 1981 1518 2025 est
1550 1972 1815 2026 alimenti.
1847 1971 1968 2026 Jam

388 2077 524 2117 vero
555 2070 683 2117 sunt
706 2062 798 2132 qui
831 2062 960 2114 dum
994 2063 1320 2117 sententiam
1349 2063 1488 2116 hanc
1521 2065 1967 2133 interpretantur,

395 2152 668 2222 attingant
719 2152 1135 2222 intelligentiam
1195 2150 1638 2206 reconditiorem.
1699 2152 1966 2204 Nimirum

390 2246 536 2301 sicut
560 2253 914 2299 cornutorum
950 2244 1267 2298 animalium
1293 2253 1459 2314 caput
1493 2247 1547 2298 in
1575 2246 1818 2314 ipsorum
1844 2255 1968 2299 ortu

387 2337 628 2408 primum
659 2337 920 2406 erumpit,
961 2336 1216 2389 ultimum
1241 2345 1426 2390 tamen
1455 2337 1784 2401 absolvitur,
1807 2346 1970 2406 atque

390 2436 508 2482 tum
530 2429 748 2482 demum
778 2429 1171 2483 enascentibus
1221 2429 1485 2484 cornibus
1526 2445 1649 2484 sero
1677 2444 1972 2482 ornamen-

389 2527 508 2572 tum
543 2534 701 2573 suum
733 2518 950 2588 recipit,
975 2519 1050 2571 ita
1081 2525 1134 2572 et
1166 2518 1334 2572 Israel
1358 2520 1451 2588 qui
1487 2521 1695 2588 primus
1728 2522 1970 2590 gentium

392 2609 639 2664 omnium
676 2609 742 2663 ad
777 2610 868 2663 Dei
934 2610 1143 2663 accitus
1177 2617 1262 2664 est
1312 2610 1737 2664 familiaritatem
1786 2627 1849 2666 ac
1879 2611 1973 2665 be-

391 2699 760 2755 nevolentiam
789 2697 1014 2769 (Factus
1048 2711 1122 2753 est
1149 2701 1319 2764 enim,
1357 2701 1558 2770 inquit,
1603 2703 1824 2769 populus
1858 2701 1970 2754 Do-

392 2792 548 2858 mini,
584 2807 707 2860 pars
738 2795 875 2857 eius,
911 2793 1180 2858 funiculus
1209 2791 1536 2846 hmredilatis
1553 2795 1666 2862 ejus
1695 2794 1969 2864 Israel”),

393 2892 522 2954 post
552 2898 743 2938 omnes
776 2883 1166 2952 perfectionem
1201 2899 1354 2939 suam
1413 2887 1974 2939 consummationem-

397 2989 506 3042 que
543 2981 627 3028 est
651 2981 1073 3029 consecuturus.
1109 2973 1244 3026 Nam
1279 2974 1368 3028 ubi
1414 2975 1699 3044 plenitudo
1728 2977 1972 3046 gentium

395 3065 690 3130 introierit,
722 3073 855 3118 tunc
879 3065 1058 3120 utnnis
1086 3064 1252 3122 Israel
1278 3067 1465 3121 salvus
1502 3067 1589 3121 fiet
1622 3068 1685 3120 ’⁸.

470 3156 590 3210 141.
652 3155 934 3225 Ejusmodi
989 3165 1171 3212 autem
1233 3157 1377 3211 fama
1430 3159 1688 3221 obtinuit,
1727 3174 1849 3228 qum
1873 3176 1970 3229 per

401 3247 758 3304 traditionem
795 3264 905 3302 non
935 3249 1196 3319 scriptam
1231 3251 1283 3303 in
1319 3250 1562 3304 Ecclesia
1595 3259 1864 3314 servatur,
1887 3252 1974 3304 ui-

395 3341 599 3395 mirum
653 3340 896 3396 Iudaeam
951 3343 1188 3410 primum
1244 3342 1606 3396 habitatorem
1665 3344 1835 3396 Adam
1877 3343 1976 3396 ha-

396 3431 603 3496 buisse,
641 3433 734 3503 qui
762 3441 1054 3503 postquam
1082 3449 1111 3488 e
1141 3433 1400 3503 paradiso
1441 3435 1650 3502 ejectus
1693 3433 1888 3488 fuisset
1922 3436 1976 3488 in

395 3540 462 3579 ea
492 3523 674 3580 sedem
710 3525 895 3594 posuit
926 3525 989 3586 ιθ,
1017 3526 1285 3578 bonorum
1317 3539 1508 3579 eorum
1550 3525 1750 3594 quibus
1779 3534 1977 3581 exutus

395 3615 870 3684 fueratjacturam
896 3617 1272 3686 mitigatur-us.
1328 3616 1518 3686 Itaque
1563 3617 1778 3685 excepit
1810 3618 1976 3670 etiam

398 3708 576 3776 prima
609 3715 886 3761 mortuum
918 3708 1216 3771 hominem,
1258 3723 1386 3762 cum
1439 3707 1612 3762 Adam
1653 3709 1726 3762 ibi
1766 3709 1981 3762 muleta:

399 3794 755 3850 satisfecerit.
789 3797 1154 3861 Quamobrem
1186 3811 1250 3851 os
1293 3796 1492 3866 capitis
1523 3797 1788 3851 nudatum
1814 3813 1980 3853 carne

401 3899 523 3954 qua:
556 3883 880 3948 defluxerat,
915 3885 1062 3938 illius
1090 3885 1269 3939 anatis
1309 3885 1626 3940 hominibus
1677 3901 1878 3940 novum
1918 3901 1981 3940 ac

403 3973 651 4030 insolens
713 3975 1091 4044 spectaculum
1155 3990 1278 4029 esse
1308 3975 1617 4029 videbantur.
1673 3974 1738 4028 Et
1768 3977 1896 4045 quia
1926 3976 1980 4028 in

403 4064 510 4120 hoc
530 4065 654 4118 loco
679 4063 985 4133 deposuere
1015 4065 1334 4129 calvariam,
1371 4064 1638 4120 Calvaria:
1663 4066 1846 4119 locum
1883 4081 1982 4134 ap-

402 4157 700 4229 pellarunt.
729 4155 1035 4210 Verisimile
1063 4164 1244 4210 autem
1277 4167 1361 4211 est
1400 4155 1513 4210 Noe
1544 4156 1858 4226 sepulcrum
1883 4156 1984 4209 du-

402 4251 488 4304 cis
549 4248 863 4303 mortalium
917 4248 1163 4302 omuium
1219 4247 1364 4302 haud
1417 4248 1724 4316 ignorasse,
1757 4247 1895 4302 adeo
1926 4258 1986 4303 ut

403 4349 532 4415 post
559 4342 825 4396 diluvmm
880 4355 1069 4394 rumor
1117 4340 1220 4394 iste
1253 4339 1320 4393 ab
1365 4341 1486 4408 ipso
1532 4339 1850 4410 divulgatus
1887 4339 1982 4394 sit.

2067 1887 2269 1957 φότερα
2327 1887 2584 1957 συνῆψεν,
2664 1887 2760 1938 Ἐν
2830 1885 3050 1952 κέρατι.
3103 1885 3174 1936 ἐν
3225 1885 3386 1949 τόπῳ
3445 1882 3648 1934 πίονι·

2065 1979 2360 2042 τουτέστιν,
2391 1979 2448 2031 ὲν
2473 1977 2584 2046 (5.1)
2623 1978 2822 2048 στερρᾷ
2853 1977 2947 2029 καὶ
2973 1975 3236 2047 τροφίμῃ.
3269 1975 3567 2028 ’Ἀπτονται
3591 1974 3652 2026 δὲ

2066 2073 2166 2144 ήδη
2213 2072 2357 2134 τινὲς
2392 2072 2486 2124 καὶ
2518 2070 2818 2141 βαθυτέρυυ
2856 2070 3016 2137 λόγου
3064 2070 3122 2121 ὲν
3157 2072 3223 2140 τῇ
3262 2067 3518 2138 ἐξηγήσει
3552 2065 3648 2120 τοῦ

2070 2161 2234 2233 ῥητοῦ
2280 2161 2492 2215 τούτου.
2526 2160 2649 2212 Ὅτι
2693 2157 2881 2228 ὥσπερ
2922 2159 2956 2228 ἡ
2989 2156 3200 2226 κεφαλὴ
3237 2156 3343 2208 τῶν
3386 2153 3655 2224 κερασφό-

2071 2270 2178 2324 ρων
2206 2250 2359 2316 ζώων
2376 2250 2576 2322 ,πρώτη
2601 2249 2903 2320 προκύπτει
2933 2248 3072 2302 κατά
3096 2246 3193 2318 τὴν
3219 2247 3470 2314 γέννησιν
3498 2243 3612 2314 (55)
3633 2259 3648 2271 '

2067 2343 2353 2395 τελευταία
2371 2341 2426 2394 δὲ
2452 2339 2770 2412 πληροῦται,
2795 2339 2890 2392 καὶ
2911 2337 3006 2405 ὀψέ
3034 2353 3163 2390 ποτε
3180 2336 3272 2388 τὸν
3295 2335 3425 2387 ἴδιον
3446 2334 3654 2403 κόσμον

2069 2433 2444 2502 ἀπολαμϐάνει
2484 2430 2627 2484 κατά
2653 2430 2751 2499 τὴν
2782 2429 3007 2498 ἔκφυσιν
3043 2427 3152 2480 τῶν
3186 2426 3468 2497 κεράτων
3505 2424 3655 2489 οὕτω

2070 2527 2165 2578 καὶ
2188 2528 2216 2578 ὁ
2254 2524 2470 2595 Ἰσραὴλ
2493 2522 2709 2594 πρῶτος
2741 2522 2958 2575 πάντων
2992 2519 3100 2574 τῶν
3135 2518 3304 2572 ἐθνῶν
3333 2521 3412 2581 είς
3444 2517 3659 2570 οἰκείω-

2073 2633 2156 2668 σιν
2186 2615 2319 2668 Θεοῦ
2360 2613 2578 2682 κληθεὶς
2609 2610 2924 2681 (Ἐγενήθη
2969 2607 3099 2678 γὰρ,
3148 2607 3302 2678 φησὶ,
3343 2606 3492 2671 λαὸς
3533 2609 3657 2659 Κυ-

2063 2709 2223 2776 ρίου,
2246 2706 2416 2776 μερὶς
2439 2704 2646 2765 αὐτοῦ,
2673 2703 3000 2772 σχοίνισμα
3029 2699 3432 2766 κληρονομίας
3465 2694 3657 2749 αὐτοῦ

2084 2798 2373 2868 Ἰσραὴλ),
2404 2796 2541 2868 μετὰ
2563 2796 2770 2858 πάντας
2797 2793 2978 2865 μέλλει
3005 2794 3102 2863 τῆς
3123 2791 3452 2852 τελειώσεως
3471 2787 3659 2853 ἀξιοῦ-

2075 2891 2218 2945 σθαι.
2263 2891 2428 2944 Ὅταν
2469 2889 2577 2961 γὰρ
2605 2889 2666 2942 τὸ
2689 2888 2964 2958 πλήρωμα
2989 2885 3095 2940 τῶν
3118 2885 3287 2938 ἐθνῶν
3311 2882 3550 2953 εἰσέλθῃ,
3577 2879 3662 2934 τό·

2073 2999 2131 3035 τε
2167 2982 2272 3045 πᾶς
2310 2979 2526 3052 Ἰσραὴλ
2553 2978 2879 3048 σωθήσεται.

2147 3153 2269 3208 Ml.
2305 3153 2476 3221 Λόγος
2506 3151 2562 3204 δέ
2589 3151 2674 3215 τίς
2707 3153 2822 3204 ἐστι
2853 3149 2945 3202 καὶ
2975 3148 3178 3201 τοιόσδε
3207 3146 3346 3199 κατά
3370 3144 3468 3216 τὴν
3493 3145 3661 3216 ἄγρα-

2078 3262 2174 3313 φον
2210 3243 2433 3314 μνήμην
2459 3241 2572 3312 (56)
2609 3243 2665 3294 ὲν
2693 3244 2760 3311 τῇ
2803 3239 3098 3308 Ἐκκλησία
3125 3236 3550 3306 διασωζόμενος·
3581 3235 3657 3299 ὡς

2077 3336 2186 3406 ἄρα
2217 3333 2433 3405 πρῶτον
2474 3334 2509 3402 ὴ
2547 3331 2774 3385 Ἰουδαία
2821 3329 2976 3400 ἔσχεν
3020 3330 3280 3399 οἰκήτορα
3322 3327 3414 3379 τὸν
3464 3326 3659 3396 Ἀδὰμ,

2081 3427 2220 3499 μετά
2263 3427 2323 3479 τὸ
2365 3424 2698 3496 ἐκϐληθῆναι
2741 3422 2834 3476 τοῦ
2869 3422 3196 3493 παραδείσου
3240 3421 3298 3473 ὲν
3327 3417 3503 3491 ταύτῃ
3531 3416 3663 3470 καθ-

2083 3517 2375 3588 ιδρυθέντα,
2407 3517 2486 3578 είς
2518 3513 2870 3583 παραμυθίαν
2901 3505 2976 3566 ὧν
3003 3511 3295 3581 ἐστερήθη.
3335 3508 3536 3580 Πρώτη
3568 3503 3663 3561 οῦν

2079 3611 2174 3662 καὶ
2204 3607 2395 3678 νεκρόν
2417 3606 2632 3670 ἐδέξατο
2657 3604 2960 3675 ἄνθρωπον,
2984 3605 3100 3656 ἐκεῖ
3123 3600 3216 3654 τοῦ
3245 3599 3417 3670 Ἀδάμ
3442 3598 3542 3670 τὴν
3566 3617 3666 3652 κα-

2078 3701 2302 3770 ταδίκην
2347 3697 2754 3770 πληρώσαντος.
2798 3695 3000 3748 Καινὸν
3034 3690 3126 3748 οὖν
3159 3693 3331 3746 ἐδόκει
3370 3685 3510 3745 εἶναι
3549 3693 3666 3753 τοὶς

2080 3794 2200 3846 τότε
2234 3792 2438 3861 θέαμα,
2475 3790 2658 3842 ὀστέον
2693 3786 2956 3857 κεφαλῆς,
2982 3785 3082 3856 τῆς
3122 3784 3323 3854 σαρκὸς
3351 3782 3669 3854 περιρρυεί-

2083 3901 2203 3954 σης,
2239 3884 2334 3937 καὶ
2357 3880 2680 3950 ἀποθέμενοι
2709 3880 2770 3931 τὸ
2797 3878 3018 3950 κρανίον
3048 3879 3106 3930 ὲν
3131 3876 3208 3946 τῷ
3233 3875 3403 3944 τόπῳ,
3436 3873 3667 3945 κρανίου

2082 3978 2244 4030 τόπον
2273 3975 2583 4043 ὠνόμασαν.
2615 3971 2776 4033 Εἰκὸς
2802 3971 2860 4023 δὲ
2884 3969 3017 4040 μηδὲ
3043 3968 3135 4022 τοῦ
3159 3967 3280 4020 Νῶε
3305 3967 3397 4018 τοῦ
3417 3965 3668 4036 ἀρχηγοῦ

2085 4070 2301 4123 πάντων
2332 4064 2632 4136 ἀνθρώπων
2670 4063 2935 4132 ἀγνοῆσαι
2969 4061 3060 4113 τὸν
3084 4061 3271 4128 τάφον,
3305 4058 3379 4120 ὡς
3414 4058 3552 4128 μετά
3577 4057 3670 4111 τὸν

2085 4160 2466 4231 κατακλυσμὸν
2493 4160 2586 4212 ἀπ’
2621 4156 2786 4211 αὑτοῦ
2825 4155 3128 4226 διαδοθῆναι
3167 4153 3264 4222 τὴν
3304 4153 3511 4222 φήμην.
3549 4150 3669 4203 Διό-

2086 4270 2191 4324 περ
2231 4254 2258 4304 6
2282 4251 2484 4322 Κύριος
2519 4249 2618 4313 τάς
2645 4248 2818 4320 ἀρχάς
2848 4246 2940 4299 τοῦ
2971 4245 3309 4316 ἀνθρωπείου
3345 4243 3459 4313 (57)
3507 4241 3673 4295 θανά-

2086 4363 2179 4399 του
2218 4345 2538 4416 ἐρευνήσας,
2583 4344 2662 4399 ei;
2700 4342 2792 4392 τὸν
2831 4338 3127 4408 λεγόμενον
3159 4334 3381 4404 κρανίου
3416 4333 3581 4385 τόπον
3612 4331 3674 4385 τὸ

403 4434 540 4488 Eam
563 4433 633 4488 ob
665 4448 890 4487 causam
924 4431 1188 4485 Dominus
1221 4429 1416 4484 mortis
1440 4430 1692 4484 humanae
1716 4429 1975 4498 primitias

2097 4435 2263 4497 πάθος
2283 4432 2520 4498 ἐδέξατο,
2545 4433 2632 4484 ἵνα
2658 4433 2713 4483 ὲν
2797 4428 2958 4497 τόπῳ,
2976 4429 3010 4496 ή
3039 4425 3214 4496 φθορά
3238 4423 3346 4475 τῶν
3371 4421 3673 4493 ἀνθρώπων

405 4534 808 4596 perscrutatus,
862 4525 919 4578 in
982 4529 1287 4577 memorato
1338 4522 1604 4576 Calvaria:
1634 4523 1754 4575 loco
1791 4536 1984 4576 necem

406 4615 633 4686 pertulit
663 4617 730 4678 ὀ,
771 4621 830 4668 ut
855 4629 966 4683 quo
1003 4613 1058 4666 in
1097 4613 1217 4666 loco
1274 4612 1558 4667 hominum
1591 4613 1847 4670 interitus
1878 4614 1988 4668 ini-

406 4709 544 4763 tium
571 4708 804 4777 accepit.
856 4707 982 4761 inde
1023 4706 1175 4776 regni
1214 4706 1330 4759 vita
1393 4706 1657 4777 originem
1691 4723 1844 4762 suam
1873 4715 1986 4760 tra-

406 4799 584 4865 heret,
611 4807 665 4855 et
696 4799 1160 4870 quemadmodum
1217 4812 1370 4853 mors
1422 4798 1652 4852 invaluit
1695 4799 1748 4852 in
1786 4798 1982 4859 Adam.

405 4893 484 4948 ita
519 4892 574 4947 in
604 4892 808 4947 Christi
843 4899 1019 4948 morte
1053 4890 1514 4946 infirmaretur“.
1563 4891 1906 4961 Quapropter
1927 4898 1982 4945 et

481 5050 742 5106 "Jerem.
775 5049 942 5108 n.2l.
1005 5049 1050 5080 ¹⁶
1068 5049 1204 5105 Gen.
1229 5065 1326 5116 xu,
1352 5049 1402 5104 7.
1481 5051 1522 5082 ¹⁷
1547 5049 1696 5105 Deut.
1718 5063 1891 5114 xxxii,
1919 5048 1973 5102 9.
2050 5047 2092 5078 ’⁸
2112 5047 2268 5100 Rom.
2292 5060 2367 5109 ιι,
2400 5041 2492 5096 9.5.

407 5122 454 5156 ³¹
485 5122 505 5176 Ι
527 5123 652 5177 Cor.
673 5137 762 5185 xv,
785 5122 876 5174 22.

507 5234 597 5306 55)
628 5235 850 5302 Antiqui
886 5235 992 5290 duo
1023 5233 1173 5295 libri,
1211 5231 1518 5302 διδομένης.
1603 5221 1606 5224 ’

483 5238 598 5376 ἒὸό)
629 5305 720 5359 Sic
746 5301 1476 5376 Ilcg.secunduchin_Colll.
1507 5311 1606 5376 seel

508 5294 598 5374 54)
629 5305 720 5359 Sic
746 5294 1476 5374 ll'eg.secunduswm‘Colb'.
1508 5296 1765 5374 secundo.
1792 5294 1845 5348 In
1877 5296 1994 5374 edi-

412 5367 604 5442 tis‘pro
649 5377 706 5429 ἐν
742 5367 933 5444 legitur
965 5375 1082 5429 καί.
1128 5372 1249 5427 Mox
1294 5369 1603 5425 Combelisii
1646 5368 1816 5421 codex
1854 5367 1996 5419 anti-

415 5445 864 5518 qtti_u_r__&jn'cov'ca.t
885 5446 1009 5518 ήδη.

491 5514 604 5584 (55)
636 5517 715 5569 Ita
739 5531 807 5570 ex
835 5503 1071 5585 quinque
1105 5528 1236 5567 mss.
1264 5507 1688 5566 emendavimus.
1713 5504 1876 5572 Editi,
1898 5503 1997 5576 τὴν

418 5585 657 5655 γένεσιν.

497 5653 613 5726 (56)
649 5654 866 5726 Veteres
912 5653 1150 5726 quinque
1193 5650 1336 5726 libri,
1392 5648 1633 5720 μνήμην.
1671 5644 1812 5726 Editi
1870 5659 2000 5726 vero

425 5715 676 5799 γνῶμην.
717 5715 1116 5795 διαιὶιιιῚὶεέίί
1149 5721 1356 5793 primus
1386 5715 1442 5778 et
1488 5715 1718 5788 quartus
1758 5723 1812 5774 et
1845 5715 1998 5781 editi,

2091 4529 2190 4600 τὴν
2220 4525 2393 4598 ἀρχὴν
2428 4524 2636 4590 ἔλαϐεν,
2674 4522 2879 4576 ἐκεῖθεν
2908 4521 2942 4591 ἡ
2982 4519 3095 4590 ζωὴ
3134 4519 3234 4588 τῆς
3265 4515 3543 4586 βασιλείας
3575 4514 3674 4585 ἆρ-

2095 4619 2282 4689 ξηταιο
2334 4618 2430 4670 καὶ⁴
2470 4615 2658 4684 ὥσπερ
2699 4611 2912 4682 ἴσχυσεν
2957 4611 3015 4662 ὲν
3044 4606 3120 4678 τῷ
3158 4607 3329 4677 Ἀδὰμ
3361 4607 3389 4658 6
3423 4603 3671 4668 θάνατος,

2092 4706 2266 4769 οῦτως
2293 4704 2565 4776 ἀσθενήσῃ
2597 4703 2709 4773 (58)
2735 4704 2791 4754 ἐν
2816 4699 2892 4771 τῷ
2913 4698 3128 4768 θανάτῳ
3162 4695 3420 4768 Χριστοῦ.
3444 4695 3544 4748 Διά
3563 4694 3677 4748 τοῦ·

2093 4813 2154 4849 το
2181 4796 2273 4848 καὶ
2317 4795 2412 4847 Ἑν
2443 4792 2662 4860 κέρατι,
2693 4791 2768 4854 ὼς
2803 4787 2946 4842 κατὰ
2985 4787 3079 4840 τοῦ
3114 4785 3306 4858 ὲχθροῦ
3339 4787 3676 4856 ἀμυντήριον

2089 4889 2264 4959 ἔχοντι
2282 4885 2375 4939 τὸν
2400 4884 2628 4955 σταυρὸν
2654 4881 2748 4936 τοῦ
2773 4879 3009 4951 Χριστοῦ
3031 4898 3043 4909 ·
3071 4880 3187 4942 καὶ,
3219 4878 3409 4944 Πιονι,
3435 4877 3511 4940 ὡς
3540 4873 3677 4948 μετὰ

2569 5041 2764 5096 "Gen.
2793 5053 2877 5102 ιιι,
2898 5037 2990 5092 25.
3091 5039 3136 5070 ⁸ο
3155 5031 3344 5090 Matth.
3378 5045 3554 5094 xxvii,
3586 5030 3674 5085 33.

2103 5227 2179 5289 ὡς
2229 5223 2337 5294 ἄρα
2387 5218 2578 5294 πρώτη
2623 5219 2657 5288 ἡ
2715 5217 2943 5294 Ἰουδαία
2999 5218 3280 5294 ἄνθρωπον
3304 5214 3482 5294 ’ἔσχεν
3531 5213 3678 5282 οίκή-

2100 5285 2402 5365 τόραίειο.
2430 5285 2498 5343 ,λι
2533 5285 2666 5356 Reg.
2697 5291 2968 5365 secundus
2993 5297 3057 5365 e_t_
3075 5285 3226 5365 Quit).
3264 5285 3446 5365 itidem
3481 5297 3676 5365 sequare

2104 5349 2204 5419 ιιιιέ
2239 5349 2312 5416 uti
2346 5363 2398 5415 iu
2432 5349 2706 5425 contextu,
2743 5361 2962 5416 rectius.
3016 5357 3232 5412 Fabulae
3256 5364 3309 5410 et
3339 5368 3514 5422 nugie.
3553 5349 3680 5404 Vide

2105 5437 2536 5504 Iliernuymum.‘
2593 5501 2606 5504 _
2814 5499 2826 5504 _
2858 5499 2877 5504 Δ
2921 5500 2931 5504 _
3145 5496 3157 5504 _
3203 5497 3216 5504 _
3419 5493 3444 5502 _

2177 5489 2539 5576 (57)'Autiqui
2576 5501 2680 5555 duo
2711 5498 2828 5555 libri
2853 5499 3042 5570 διόπερ
3073 5496 3169 5552 καὶ
3193 5497 3222 5549 6
3258 5531 3323 5549 ...
3353 5493 3448 5545 τοῦ
3474 5489 3682 5563 ἀνθρω-

2105 5576 2282 5634 πίνου.

2183 5645 2294 5717 (58)
2322 5642 2542 5701 Veteres
2565 5638 2709 5709 libri,
2740 5637 3042 5710 ἀσθενήσει.
3079 5635 3241 5703 Editi,
3272 5631 3573 5705 ἀσθενήσῃ.
