3808 6212
87 359 178 419 διε
916 353 1272 410 COIIMENT.
1315 354 1382 410 lN
1423 353 1655 410 ISAIAM
1692 351 2139 410 PROPHETAM.
2179 353 2338 409 CAP.
2385 351 2447 409 Υ.

3215 336 3321 408 550

86 478 166 533 τὸν
200 473 510 546 παραδεισον
551 472 658 526 τῶν
692 471 834 527 κατά
879 472 1061 544 πάσης
1091 473 1195 545 τῆς
1221 475 1309 544 ὑφ’
1351 474 1489 546 ἡλίῳ
1530 472 1638 527 τῶν
1669 482 1686 534 Α

1795 487 2022 536 tcornu,
2050 472 2217 527 veluti
2248 487 2401 526 arma
2428 470 2494 526 ad
2527 470 2636 525 vim
2681 470 2860 526 hostis
2889 468 3321 539 prOpulsandam

91 564 345 637 πρωτείων
367 561 675 633 ὴξιωμένῳ.

1748 561 1944 619 idonea
1967 565 2222 630 habente,
2259 579 2481 619 crucem
2519 562 2772 618 videlicet
2800 561 3045 617 Christi:
3081 568 3136 617 et
3184 560 3317 616 Pin-

93 658 192 731 gui.
214 656 371 713 veluti
434 657 643 727 primas
691 668 814 725 post
862 657 1178 727 paradisum
1241 656 1383 711 inter
1446 670 1639 710 omnes
1676 656 1933 727 regiones
1965 674 2087 728 quae
2117 658 2220 714 sub
2253 658 2367 713 sole
2402 642 2553 721 sunt,
2589 657 2877 712 obtinenti.

153 747 260 802 142.
296 746 403 801 Kal
452 745 726 815 φραγμὸν
783 746 1122 815 περιέθηκα,
1183 746 1285 800 καὶ
1346 744 1646 815 ἐχαράκω-

1825 746 1948 800 142.
1981 747 2218 802 Vsus.2.
2268 746 2549 819 Etsepem
2598 747 2969 814 circumposui,
3011 755 3064 799 et
3115 745 3328 808 uallari,

96 853 166 894 σα
193 835 317 908 (59),
339 835 437 889 καὶ
463 837 769 905 ἐφύτευσα
798 837 1070 906 dturer
1101 837 1309 908 Σωρήχ
1332 855 1345 868 ·
1380 840 1477 892 καὶ
1503 840 1648 905 ᾠκο-

1795 846 1803 888 t
1835 836 2066 906 plantavi
2099 839 2304 890 vineam
2361 835 2598 891 Sorech:
2656 847 2704 890 et
2739 836 3002 906 a'diﬁcavi
3050 836 3235 889 turrim
3274 836 3329 891 in

97 931 305 998 δόμησα
346 928 577 998 πύργον
624 927 695 981 ἐν
733 927 904 998 μέσῳ
932 930 1143 999 αὐτῆς,
1185 930 1288 985 καὶ
1320 929 1653 998 προλήνιον

99 1022 272 1093 ὠρυξα
302 1022 370 1075 ἐν
391 1020 569 1090 αὐτῇ.
601 1022 676 1075 06
704 1022 847 1076 πάνυ
875 1039 930 1075 τι
952 1023 985 1092 ἡ
1010 1023 1301 1077 ἀκολουθία
1325 1023 1429 1093 τῆς
1454 1022 1654 1088 λέξεως

100 1117 155 1183 τῇ
184 1113 328 1181 φύσει
353 1113 464 1168 τῶν
496 1113 837 1185 πραγμάτων
862 1113 1076 1168 ἕπεται.
1106 1115 1380 1187 Πρότερον
1404 1113 1514 1185 γάρ
1537 1116 1656 1168 ἐστι

99 1205 152 1261 τὺ
174 1203 422 1274 φυτεῦσαι
460 1204 557 1258 τοῦ
590 1204 945 1275 χαρακῶσαι·
986 1204 1145 1276 εἴπερ
1187 1206 1237 1258 οἱ
1268 1205 1510 1277 χάρακές
1550 1207 1657 1263 εἰσι

103 1297 297 1369 βοήθεια
336 1299 402 1368 τῇ
448 1296 685 1368 ἀμπέλῳ
735 1298 876 1369 πρὸς
922 1297 986 1351 τὸ
1021 1297 1234 1368 ἀνέχειν
1282 1298 1391 1352 ἀπὸ
1415 1297 1518 1368 τῆς
1553 1297 1660 1368 γῆς

99 1389 209 1451 τοὺς
239 1385 496 1458 καρπούς.
537 1387 611 1440 Ἢ
666 1388 878 1458 μήποτε
924 1387 954 1440 6
1005 1387 1362 1459 προνοητικὸς
1413 1385 1661 1457 γεωργὸς

103 1476 233 1547 παρά
251 1476 345 1548 τὴν
369 1474 594 1547 πρώτην
618 1475 961 1548 κατασκευὴν
988 1476 1164 1529 πάντα
1203 1474 1660 1547 προευτρεπίσας,

106 1568 306 1640 ὕστερον
334 1569 562 1641 ἄρχεται
585 1570 686 1641 τῆς
719 1569 980 1640 φυτείαςς
1007 1568 1106 1622 Διά
1125 1567 1285 1622 τοῦτο
1317 1566 1532 1638 πρῶτον
1561 1580 1662 1619 πε-

108 1658 388 1732 ριφράσσει,
422 1656 546 1715 εἷτα
585 1664 838 1733 χαρακοῖ,
875 1655 994 1714 εἶτα
1026 1658 1246 1730 φυτεύει
1284 1658 1552 1730 ἄμπελον·
1601 1657 1664 1711 οὐ

1752 929 1924 983 medio
1945 928 2081 998 ejus,
2117 939 2164 983 et
2191 929 2528 997 protorcular
2557 927 2670 997 [odi
2696 928 2749 982 in
2777 944 2860 984 eo.
2887 926 3007 982 Non
3036 927 3331 982 admodum

1754 1033 1881 1073 cum
1911 1013 2116 1074 natura
2138 1033 2324 1074 rerum
2353 1019 2591 1074 cohaeret
2620 1020 2908 1075 sententiae
2955 1021 3144 1075 series.
3171 1019 3332 1075 Prius

1755 1110 1906 1167 enim
1957 1111 2239 1181 plantatur
2285 1111 2470 1176 vinea,
2525 1126 2691 1182 quam
2746 1111 3024 1166 valletur:
3062 1111 3334 1180 siquidem

1757 1202 2082 1272 pedamenta
2116 1202 2214 1256 viti
2247 1211 2375 1258 sunt
2396 1203 2624 1268 auxilio,
2657 1201 2726 1256 ad
2756 1202 2967 1257 fructus
3001 1218 3033 1258 c
3059 1214 3203 1257 terra
3226 1204 3336 1256 eri-

1759 1293 1992 1364 gendos.
2023 1294 2324 1363 Caeteroqui
2359 1293 2624 1364 numquid
2650 1294 2889 1365 agricola
2929 1294 3210 1363 providus,
3243 1294 3337 1349 ubi

1762 1383 1945 1438 omnia
1980 1383 2048 1438 ad
2079 1385 2316 1453 primum
2352 1390 2680 1454 apparatum
2708 1383 2998 1437 attinentia
3028 1384 3337 1449 adornavit,

1761 1480 1878 1527 tum
1909 1474 2127 1528 demum
2152 1474 2402 1544 plantare
2456 1473 2812 1544 aggreditur?
2843 1472 3113 1538 Quocirca
3165 1473 3342 1540 primo

1764 1562 2143 1633 circumsepit,
2173 1563 2371 1619 deinde
2411 1564 2599 1627 vallat,
2644 1570 2836 1632 postea
2881 1563 3092 1633 plantat
3127 1564 3341 1618 vineam

1766 1670 1875 1709 non
1903 1655 2363 1725 qualemcunque,
2402 1654 2493 1710 sed
2519 1654 2739 1719 Sarech,
2761 1670 2922 1725 quam
2960 1670 3147 1709 vocem
3182 1652 3343 1725 Sym-

105 1750 189 1819 τὴν
205 1750 479 1820 τυχοῦσαν,
504 1751 642 1805 ἀλλά
669 1750 899 1820 Σωρὴχ,
927 1753 1063 1823 ὅπερ
1089 1751 1384 1820 Σύμμαχος
1411 1748 1666 1819 ἐποίησεν

1795 1745 1999 1803 nachus
2029 1748 2423 1817 interpretatur
2478 1745 2735 1802 Electum.
2773 1745 3032 1814 Quaanam
3068 1753 3152 1801 est
3181 1746 3349 1816 igitur

117 1841 429 1910 Ἐκλεκτήν.
465 1843 564 1907 Τίς
598 1838 692 1896 οὖν
718 1845 747 1896 6
776 1841 1051 1913 φραγμὸς,
1100 1842 1134 1912 ἢ
1172 1840 1415 1913 δηλονότι
1441 1841 1497 1893 αἱ
1519 1841 1668 1894 ἐντο-

1795 1853 1953 1908 epes,
1986 1840 2096 1893 nisi
2125 1839 2215 1893 illa
2244 1840 2432 1908 utique
2465 1849 2734 1910 praecepta
2763 1854 2883 1907 quae
2912 1846 3036 1893 ante
3072 1838 3220 1893 dedit
3252 1851 3353 1906 poo-

105 1930 216 1996 λαί;
249 1933 309 1995 ἀς
350 1933 456 2004 πρὸ
487 1933 588 1986 τοῦ
627 1934 857 2003 ἀγαγεῖν
897 1936 975 1993 είς
1004 1933 1102 2004 τὴν
1134 1932 1236 2003 γῆν
1266 1933 1366 2002 τῆς
1399 1930 1668 2002 κατασχέ-

1795 1934 1908 2001 aulo
1939 1935 2008 1997 ²’,
2042 1948 2200 2000 quam
2231 1946 2355 1986 eum
2381 1935 2433 1986 in
2463 1940 2663 1987 terram
2709 1931 3089 2000 possidendam
3122 1928 3351 1984 induce-

111 2040 228 2088 σεως
250 2023 378 2095 (60),
404 2026 578 2080 ἔδωκε
601 2026 679 2098 τῷ
709 2025 853 2097 λαῷ;
889 2022 1022 2079 Εἶτα
1051 2025 1280 2097 δύναμις
1304 2025 1487 2088 αὐτοῖς
1509 2022 1664 2094 ἐδόθη

1795 2024 1896 2078 et?
1932 2023 2134 2079 Deinde
2161 2025 2245 2080 eis
2273 2039 2302 2077 a
2334 2025 2443 2077 Deo
2475 2023 2679 2077 tradita
2721 2022 2954 2078 facultas
2987 2030 3091 2086 εει,
3121 2036 3226 2091 qua
3259 2037 3351 2076 su-

111 2113 243 2185 πσρὰ
260 2114 407 2179 Θεοῦ,
431 2119 655 2187 κρατεῖν
671 2115 779 2170 τῶν
802 2115 1156 2179 ὑπεναντίων,
1185 2116 1280 2170 καὶ
1300 2113 1666 2186 ἐξολοθρεύειν

1795 2120 2027 2168 terat-ent
2063 2113 2277 2175 hostes.
2307 2128 2371 2168 ac
2394 2122 2606 2183 gentes,
2642 2128 2763 2180 quae
2796 2114 2910 2168 illic
2957 2112 3109 2181 prius
3136 2111 3351 2165 habita-

111 2205 169 2259 τὰ
188 2210 643 2279 προενοικήσαντα
671 2207 820 2280 ἔθνη.
846 2208 1024 2279 Ὅπερ
1048 2207 1299 2279 χάρακας
1321 2203 1463 2270 εἷπε,
1498 2205 1585 2260 διὰ
1609 2205 1671 2258 τὸ

114 2296 325 2367 ὑψηλοὺς
361 2301 534 2353 ποιεῖν
568 2299 665 2352 καὶ
701 2300 1041 2369 περιφανεῖς,
1080 2297 1208 2360 τοὺς
1249 2298 1495 2366 καρποὺς
1524 2296 1671 2364 ἐγεί-

118 2404 284 2459 ροντας
325 2389 432 2443 ἀπὸ
470 2388 569 2443 τοῦ
605 2388 921 2461 πτώματος,
965 2387 1104 2460 πρὸς
1135 2387 1197 2441 τὸ
1233 2388 1306 2459 μὴ
1343 2388 1520 2457 πάντη
1556 2387 1672 2458 (61)

117 2482 531 2556 εὐεπιχειρήτους
567 2478 731 2538 εἶναι.
764 2483 920 2538 Μετά
954 2482 1113 2537 τοῦτο
1151 2484 1187 2553 ἡ
1217 2482 1411 2552 φυτεία
1440 2481 1555 2537 τῶν
1584 2483 1676 2535 ἐκ-

118 2569 323 2627 λεκτῶν
377 2572 464 2627 διὰ
518 2574 586 2626 τὺ
628 2575 693 2626 ἐκ
740 2573 1053 2644 σπέρματος
1098 2567 1239 2627 εἶναι
1292 2571 1542 2643 Ἀϐραὰμ
1582 2572 1678 2625 καὶ

130 2661 291 2715 Ἰσαὰκ
330 2665 423 2716 καὶ
478 2662 686 2717 Ἰακὼϐ
715 2662 825 2716 τῶν
872 2662 1144 2717 ἐκλεκτῶν
1189 2662 1284 2716 τοῦ
1317 2662 1475 2718 Θεοῦ.
1532 2664 1592 2716 '0
1621 2663 1679 2716 δὲ

119 2754 303 2826 πύργος
337 2757 366 2809 6
404 2757 788 2828 οἰκοδομηθεὶς
828 2757 887 2812 ὲν
912 2757 1063 2829 μέσῳ
1092 2757 1188 2812 τοῦ
1218 2757 1557 2828 ἀμπελῶνος,
1582 2758 1679 2830 δη-

120 2845 269 2900 λονότι
288 2847 396 2920 (62)
421 2848 450 2901 6
480 2849 612 2912 ναός
639 2849 786 2901 ἐστιν
819 2851 878 2903 ἐν
904 2848 1046 2921 μέσῃ
1068 2852 1134 2921 τῇ
1180 2850 1408 2921 Ἰουδαίᾳ
1431 2849 1682 2920 καθιδρυ-

126 2937 293 3006 μένοςο
341 2938 635 3011 προλήνιον
678 2938 755 3004 δὲ,
802 2939 939 3011 αὐτὴ
983 2941 1018 3010 ἡ
1067 2939 1356 3010 συναγωγὴ
1399 2940 1508 2993 τῶν
1558 2941 1684 2993 Ἰου-

123 3027 283 3094 δαίων,
320 3030 451 3085 διότι
496 3029 667 3101 ληνὸς
704 3030 803 3100 μὲν
829 3030 1035 3103 κυρίως
1076 3032 1109 3102 ἡ
1144 3030 1240 3084 τοῦ
1277 3030 1413 3084 Θεοῦ
1450 3030 1684 3100 Ἐκκλη-

128 3119 221 3184 σία,
250 3122 310 3174 ἐκ
350 3123 447 3192 τῆς
489 3121 832 3192 πανταχόθεν
863 3121 1126 3192 συλλογῆς
1159 3122 1572 3194 κεκοσμημένη,
1615 3122 1683 3176 δι’

126 3211 183 3280 ἦν
205 3211 290 3264 καὶ
322 3210 391 3265 τὰ
420 3212 683 3282 ἐπιλήνια
710 3211 934 3283 ᾄσματα
965 3211 1076 3282 (65)
1111 3211 1261 3284 παρά
1288 3211 1366 3282 τῷ
1394 3211 1686 3284 Ψαλμῳδῷ

128 3300 289 3371 ᾅδεται
311 3319 323 3333 ·
347 3303 642 3375 προλήνιον
673 3303 750 3368 δὲ,
786 3303 881 3357 καὶ
902 3306 936 3374 ἡ
967 3302 1398 3375 προπαρασκευὴ
1421 3305 1455 3375 ἡ
1484 3304 1573 3357 διὰ
1589 3301 1684 3356 τοῦ

129 3360 290 3463 νόμου,
344 3360 435 3447 καὶ
473 3360 878 3466 προμελέτησις
924 3360 1027 3457 εἰς.
1050 3360 1362 3449 εὐσέϐειανο
1387 3360 1510 3447 ’καὶ
1551 3392 1686 3447 καθὸ
1714 3360 1756 3418 C

133 3483 217 3552 μὲν
243 3487 318 3549 είς
347 3487 580 3560 ἑνότητα
617 3485 761 3554 ἄγει,
796 3484 975 3555 ληνὸς,
1011 3485 1147 3539 καθὸ
1167 3486 1224 3540 δὲ
1253 3484 1689 3558 προπαρασκευὴ

130 3575 470 3649 τελειοτέρων,
505 3577 629 3631 ἐστι
673 3577 979 3649 προλήνιον.
1018 3580 1267 3647 Ἕμεινα
1302 3579 1410 3632 τοῦ
1441 3577 1694 3647 ποιῆσαι

132 3670 449 3739 σταφυλὴν,
508 3670 766 3738 ἐποίησε
816 3668 885 3722 δὲ
930 3668 1218 3736 ἀκάνθας.
1267 3668 1582 3723 Ἀκόλουθον
1624 3666 1694 3742 ἦν

134 3756 216 3811 ἐπὶ
263 3763 326 3831 τῇ
366 3762 565 3834 φυτεία
613 3764 680 3833 τῇ
735 3760 988 3831 ἐκλεκτῇ,
1049 3761 1145 3815 καὶ
1186 3764 1252 3833 τῇ
1301 3760 1587 3832 ἐπιμελείᾳ
1628 3764 1693 3834 τῇ

136 3852 364 3928 τοσαύτῃ,
393 3856 520 3919 τοὺς
547 3854 796 3926 καρποὺς
826 3854 1047 3925 γλυκεῖς
1075 3854 1443 3909 ἀποδίδοσθαι.
1475 3853 1557 3908 Τὰ
1586 3854 1697 3924 γὰρ

137 3942 282 3999 τέκνα
309 3946 400 4000 τοῦ
442 3946 701 4018 Ἀϐραὰμ
734 3945 804 3999 τὰ
846 3944 984 4016 ἔργα
1008 3944 1103 3998 τοῦ
1151 3944 1403 4016 Ἀϐραὰμ
1450 3946 1700 3999 ἀπαιτεῖ-

137 4050 233 4090 ται.
274 4037 404 4092 Ἀλλ’
436 4039 564 4092 ἀντὶ
590 4037 691 4108 τῆς
723 4036 1190 4108 προσδοκηθείσης
1213 4036 1488 4108 σταφυλῆς
1512 4035 1701 4107 ἐποίη-

142 4140 223 4179 σεν
273 4129 542 4194 ἀκάνθας·
580 4130 882 4193 τουτέστιν,
936 4130 1059 4183 ἀντὶ
1106 4128 1202 4183 τοῦ
1250 4129 1563 4200 εὐφραίνειν
1603 4130 1700 4184 καὶ

139 4215 434 4285 ἀναπαύειν,
485 4222 711 4292 ἕτοιμος
761 4219 875 4292 (64)
921 4221 1059 4292 πρὸς
1100 4219 1164 4272 τὸ
1219 4223 1573 4274 κατακεντεῖν
1605 4220 1702 4273 καὶ

141 4309 454 4375 καταξαίνειν
501 4313 600 4367 καὶ
624 4312 917 4383 αἱμάσσειν
948 4312 1076 4376 τοὺς
1109 4310 1529 4383 πλησιάζοντας.
1568 4310 1703 4364 Τίνα

143 4401 237 4471 γὰρ
258 4402 361 4456 τῶν
393 4403 694 4477 προφητῶν
720 4404 820 4457 οὐκ
848 4402 1193 4464 ἀπέκτειναν,
1226 4402 1368 4456 κατά
1411 4400 1508 4473 τὴν
1541 4402 1599 4455 ἐν
1626 4399 1705 4472 τῷ

144 4486 436 4565 Εὑαγγελίῳ
461 4494 817 4567 παραϐολήν;
854 4494 927 4547 Οὐ
966 4493 1127 4564 μόνον
1151 4491 1232 4557 δὲ,
1256 4488 1434 4562 οἶμαι,
1472 4492 1613 4545 κατὰ
1644 4491 1708 4545 τὸ

146 4584 342 4649 φονικὸν
366 4587 611 4651 ἀκάνθας
641 4584 1001 4655 ἐγκαλοῦνται
1040 4583 1423 4651 πεποιηκέναι,
1467 4583 1582 4637 ἀλλ’
1615 4584 1702 4637 ὅτι

1771 2215 1986 2269 verant,
2046 2206 2266 2275 penitus
2318 2206 2574 2260 tollerent
2627 2206 2693 2258 ³³.
2743 2204 2897 2272 Quod
2949 2205 3128 2272 ipsum
3180 2203 3355 2256 vallos

1775 2297 2087 2366 appellavit,
2118 2296 2265 2366 quod
2320 2284 2431 2353 hos
2482 2295 2649 2368 479
2682 2296 2942 2351 sublimes
2975 2294 3250 2350 edicerent
3290 2308 3355 2347 ac

1775 2388 2124 2458 conspicuos,
2155 2388 2367 2444 fruetus
2392 2389 2637 2444 levantes
2670 2404 2737 2443 ne
2767 2388 3050 2450 caderent,
3084 2394 3138 2440 et
3161 2400 3229 2441 ne
3249 2385 3358 2439 ullo

1778 2478 1940 2533 modo
1971 2479 2038 2533 ad
2073 2479 2308 2548 praedam
2362 2487 2551 2535 essent
2597 2479 2854 2549 expositi.
2914 2476 3226 2532 Secundum
3255 2476 3360 2530 hoc

1779 2572 2027 2641 sequitur
2055 2573 2318 2640 plantatio
2345 2573 2665 2638 electorum,
2696 2577 2883 2641 utpote
2924 2571 3017 2641 qui
3054 2567 3362 2640 prodierint

1778 2677 1844 2718 ex
1874 2665 2081 2719 semine
2127 2663 2424 2728 Abraham,
2461 2662 2635 2729 lsaac,
2686 2670 2740 2718 et
2790 2663 2999 2725 Jacoh,
3057 2663 3358 2716 electorum

1782 2757 1899 2810 Dei.
1932 2757 2125 2813 Turris
2160 2770 2340 2811 autem
2369 2757 2424 2811 in
2457 2758 2632 2812 medio
2651 2758 2823 2811 vineae
2850 2756 3145 2819 aediﬁcata,
3174 2754 3364 2823 utique

1781 2858 1867 2904 est
1906 2848 2171 2919 templum
2198 2849 2249 2901 in
2286 2849 2462 2901 media
2514 2847 2697 2901 Judtea
2746 2846 3110 2900 collocatum:
3144 2849 3364 2913 protor-

1781 2942 1937 2996 cular
1960 2956 2092 2997 vero
2131 2941 2248 3010 ipsa
2273 2946 2356 2994 est
2387 2936 2699 2993 Iudaeorum
2751 2951 3027 3007 synagoga
3065 2953 3078 2991 :
3117 2933 3365 3004 quando-

1783 3037 1998 3106 quidem
2051 3033 2290 3088 torcular
2333 3032 2549 3102 prOprie
2603 3031 2809 3084 dicitur
2842 3029 2938 3084 Dei
2995 3028 3257 3090 Ecclesia,
3297 3042 3363 3083 ex

1783 3135 1930 3186 metu
1978 3125 2259 3182 undelibet
2316 3129 2618 3176 convocato
2676 3120 3159 3190 adornata.eujus
3191 3119 3366 3191 gratia

1785 3220 1996 3275 Psaltes
2054 3215 2287 3286 epilcnia
2327 3217 2541 3267 cantica
2604 3212 2820 3266 cecinit.
2852 3211 2995 3277 Quin
3053 3213 3214 3266 etiam
3243 3225 3371 3281 pro-

1789 3308 2111 3373 torculur”,
2137 3307 2461 3379 praeparatio
2490 3315 2575 3360 est
2604 3302 2885 3374 perlegem
2910 3303 3073 3357 exhib
3097 3310 3170 3362 ta.
3194 3309 3249 3356 et
3272 3317 3369 3355 an-

1790 3408 2048 3463 teeedens
2093 3402 2344 3473 quaedam
2401 3400 2622 3469 pietatis
2674 3398 3013 3453 exercitatio.
3056 3395 3124 3450 Et
3153 3393 3370 3462 quidem

1793 3493 2038 3548 torcular
2065 3498 2169 3554 est,
2193 3497 2469 3558 quatenus
2500 3485 2720 3540 adducit
2749 3484 2813 3538 ad
2829 3484 3091 3538 unitatem
3115 3501 3127 3535 :
3159 3487 3374 3549 protor-

1792 3584 1946 3640 eular
1984 3597 2136 3645 vero,
2165 3587 2433 3648 quatenus
2478 3582 2749 3645 prmparat
2782 3574 2849 3627 ad
2888 3570 3238 3643 perfectiora.
3265 3567 3377 3620 Ea:-

1793 3674 2017 3743 ονεσιαυὶ
2042 3683 2098 3725 ιιι
2136 3671 2334 3739 faceret
2357 3684 2510 3721 uvam
2537 3683 2555 3720 :
2577 3667 2699 3734 [erit
2730 3675 2904 3717 autem
2931 3663 3133 3731 spinas.
3159 3658 3375 3714 Conve-

1793 3763 1980 3819 niebat
2015 3758 2339 3831 plantationi
2376 3756 2505 3811 huic
2560 3755 2766 3815 electaa,
2814 3759 3074 3819 tantaque
3119 3763 3250 3801 cura
3279 3761 3377 3801 ex-

1796 3858 1977 3918 cultae,
1994 3860 2055 3908 ut
2075 3852 2262 3907 dulces
2276 3851 2464 3905 ederet
2490 3847 2721 3901 fructus.
2739 3844 3029 3898 Enimvero
3054 3840 3123 3895 ab
3146 3838 3379 3894 Abrahae

1796 3947 1928 4003 ﬁliis
1954 3943 2188 3997 Abrahae
2218 3955 2382 4010 opera
2442 3946 2763 4008 repetuntur
2785 3936 2849 3990 ³⁸.
2888 3932 2996 3988 Sed
3035 3946 3134 3999 pro
3185 3944 3380 3997 exspe-

1798 4046 1943 4094 ctata
1990 4049 2092 4090 uva
2124 4033 2311 4103 spinas
2362 4029 2519 4096 fecit;
2548 4030 2651 4082 hoc
2682 4035 2788 4090 est,
2835 4040 2957 4078 eum
2986 4022 3293 4078 exhilarare
3322 4025 3381 4074 et

1802 4140 2057 4185 recreare
2089 4122 2375 4178 debuisset
2397 4134 2492 4174 eos
2519 4117 2613 4188 qui
2646 4115 2934 4179 accedunt,
2986 4114 3207 4168 eosdem
3240 4124 3381 4174 pun-

1803 4235 1950 4291 gere,
1992 4216 2267 4271 lancinare
2299 4227 2364 4267 ac
2397 4219 2686 4266 cruentare
2703 4216 2892 4280 parata
2921 4216 3022 4264 est.
3044 4206 3212 4272 Quem
3235 4202 3380 4258 enim

1804 4309 2194 4380 prophetarum
2225 4319 2336 4358 non
2391 4302 2737 4364 occiderunt,
2791 4299 2947 4369 juxta
3009 4296 3381 4368 evangelicam

1806 4397 2121 4471 parabolam
2145 4395 2228 4449 ιον
2250 4395 2366 4449 Meo
2394 4392 2618 4463 quidem
2641 4389 2852 4459 judicio
2899 4403 3009 4442 non
3056 4395 3386 4442 accusantur

1809 4492 1984 4548 solum
2015 4486 2161 4558 quod
2189 4486 2373 4554 Spinas
2394 4482 2624 4538 fecerint
2650 4497 2746 4551 per
2774 4496 2928 4535 suam
2957 4480 3021 4533 ad
3048 4480 3248 4534 caedem
3264 4491 3390 4547 pro-

1810 4580 2107 4637 clivitatem
2130 4616 2146 4642 ,
2175 4578 2268 4631 sed
2295 4574 2439 4644 quod
2486 4571 2654 4627 Deum
2698 4584 2882 4623 amare
2921 4568 3251 4633 desinentes,
3289 4582 3389 4621 vo-

147 4676 510 4744 καταλιπόντες
535 4679 600 4732 τὸ
629 4675 769 4733 εἶναι
802 4675 1061 4746 φιλόθεοι,
1089 4673 1359 4746 φιλήδονοι
1388 4673 1589 4744 μᾶλλον
1616 4690 1686 4742 γει

1813 4674 2076 4742 luptatem
2113 4667 2288 4738 magis
2339 4678 2610 4727 amavere,
2655 4677 2717 4715 ac
2742 4661 2869 4715 vitae
2901 4660 3064 4730 hujus
3087 4660 3232 4716 curis
3263 4666 3390 4714 tan-

146 4765 337 4835 γόνασι,
370 4772 463 4825 καὶ
502 4774 628 4836 ταῖς
656 4770 950 4841 μερίμναις
976 4765 1072 4820 τοῦ
1101 4765 1218 4836 βίου
1256 4766 1419 4819 οἱονεὶ
1444 4764 1686 4820 ἀκάνθαις

1816 4778 1977 4836 quam
2005 4761 2180 4833 spinis
2215 4760 2458 4813 animum
2489 4753 2807 4812 sull‘ocarint
2826 4755 2892 4805 ’⁷.
2923 4751 3389 4817 Quemadmodum

211 4972 252 5049 ξ’
278 4973 442 5033 Exod.
471 4991 564 5049 xx,
590 4990 742 5049 seqq.
805 4976 1029 5031 "Num.
1072 4991 1189 5040 xxx,
1226 4973 1320 5030 23.
1394 4969 1604 5026 "Psal.
1633 4986 1764 5035 vni,
1788 4967 1849 5023 1·
1885 4979 2049 5032 Lxxx,
2072 4964 2124 5018 1.
2163 4936 2241 4992 ’²³
2266 4956 2422 5015 Joan.
2469 4972 2585 5019 vtn,
2617 4953 2705 5012 39.
2780 4953 2827 4985 “
2857 4953 3049 5009 Matth.
3088 4966 3249 5016 xxut,
3295 4951 3386 5006 37.

151 5041 190 5072 ”
216 5040 471 5112 Lue.vur,
498 5047 588 5102 Μ.

216 5224 319 5301 (59)
350 5228 651 5301 Admonere
690 5227 789 5301 abs
821 5242 883 5280 re
920 5240 1026 5282 non
1058 5222 1246 5301 fuerit,
1283 5222 1704 5301 verbum_xapa.-

156 5289 315 5373 κῶσαι
350 5299 449 5373 hoc
503 5303 636 5373 l_oco_
654 5297 791 5373 sumi
838 5314 934 5373 pro
966 5311 1032 5351 eo
1076 5294 1219 5373 quod
1270 5289 1716 5373 est,'palis,nseu,

192 5366 461 5485 egomeutis
496 5359 1056 5438 ﬁrmioribus'vineam
1092 5359 1337 5434 alligare.
1386 5359 1532 5429 Lege
1559 5359 1719 5413 Com-

192 5452 217 5485 e
256 5453 406 5485 slum-
437 5482 449 5485 _

256 5453 406 5492 slum.
437 5482 449 5497 ν

226 5502 330 5578 (60)
360 5505 488 5563 lure
505 5509 707 5578 Optimo
729 5505 1075 5578 reprehendit
1096 5505 1323 5559 Ducteus
1351 5498 1717 5578 Tilmannurn,

163 5574 247 5637 (Ini
281 5589 395 5630 eum
428 5574 641 5634 vertere
670 5574 973 5640 debuisset,
1025 5575 1079 5629 in
1117 5583 1313 5627 terram
1348 5574 1713 5640 possessionis,

165 5651 387 5717 Verterat
409 5654 606 5712 tamen,
630 5649 687 5701 in
714 5657 909 5701 terram
929 5643 1333 5717 promissionis._
1357 5639 1421 5695 Et
1456 5652 1589 5717 vero
1611 5651 1716 5717 vox

167 5712 476 5786 ζατάσχεσις
505 5717 900 5786 possessionem,
930 5712 1046 5786 non
1087 5713 1529 5786 promissiongm,_
1547 5712 1716 5778 signi-

169 5782 283 5839 ﬂeat
306 5777 631 5853 {nec—aliter
666 5791 770 5846 hoc
790 5777 1111 5844 vocabulum
1137 5781 1382 5841 redditur
1407 5777 1625 5836 Psalmo
1652 5791 1712 5842 ιι,

1819 5213 1894 5269 8:
1930 5211 2075 5267 Dabo
2113 5212 2208 5266 tibi
2242 5219 2414 5281 gentes
2436 5207 2799 5265 hereditatem
2827 5214 2995 5267 tuam,
3033 5209 3082 5255 et
3108 5197 3399 5269 possessio-

1822 5301 1936 5338 nem
1966 5294 2113 5335 tuam
2135 5283 2383 5335 terminos
2407 5291 2583 5334 terra.

1894 5352 2007 5421 (61)
2039 5352 2198 5417 Editi,
2229 5350 2418 5415 παντί,
2446 5351 2629 5403 cuivis.
2667 5347 2735 5401 At
2769 5342 2941 5401 nostri
2971 5341 3210 5412 quinque
3240 5350 3398 5401 mss.,

1822 5417 2022 5491 πάντη,
2054 5424 2286 5475 omnino.

1898 5487 2011 5564 (62)
2048 5492 2178 5564 μείς.
2205 5497 2450 5564 quartus,
2489 5487 2648 5559 δῆλον
2674 5487 2776 5540 ὅτι.

1898 5558 2012 5635 (65)
2047 5561 2285 5635 Epilenia
2312 5561 2521 5635 cantica
2548 5558 2622 5611 ea
2654 5564 2802 5621 sunt,
2832 5567 2953 5624 quae
2982 5558 3125 5619 mter
3152 5562 3403 5619 premen-

1827 5630 1924 5691 dus
1956 5630 2238 5687 uvascani
2269 5630 2525 5684 solerent.

1896 5687 2009 5775 (64)
2038 5701 2264 5759 Veteres
2310 5699 2549 5769 quinque
2586 5695 2732 5765 libri,
2780 5692 3020 5765 ἕτοιμος.
3061 5688 3227 5759 Editi,
3265 5687 3407 5744 ἐτοι-

1826 5790 1945 5846 μον.
