3808 6212
128 6052 373 6148 Δ

396 284 495 339 551

1359 281 1705 338 APPENDIX
1744 282 2029 341 OPEBUM
2068 287 2127 342 S.
2170 285 2412 341 BASILII
2448 286 2680 342 MAGNI.

3548 281 3673 339 353

396 415 581 463 autem
628 405 780 475 spina
839 418 946 459 non
1001 402 1107 458 fert
1159 417 1345 467 uvam,
1378 404 1456 458 ita
1505 419 1606 459 nec
1639 416 1970 461 sarmentum

2107 406 2165 460 ὸν
2198 406 2321 460 νοῦν
2346 406 2747 475 συνεπνίγοντο.
2778 405 2988 476 Ὠσπερ
3010 404 3068 458 δέ
3093 402 3205 476 (65)
3227 402 3438 458 ἄκανθα
3460 420 3675 472 σταφυ-

399 501 587 568 spinas
617 499 885 568 producit.
916 498 1046 552 Eam
1078 498 1149 553 ob
1181 513 1296 553 rem
1337 499 1412 551 ait
1454 499 1717 554 Dominus
1753 518 1769 554 :
1799 500 1973 554 Num-

398 597 522 664 quid
549 594 803 661 colligunt
854 593 919 646 de
970 592 1139 659 spinis
1192 609 1319 647 uvas
1340 593 1421 647 “1
1455 592 1623 649 Judaei
1664 604 1842 651 tamen
1875 611 1974 665 pro

403 689 524 742 uvis
557 685 844 756 proferunt
884 685 1091 754 spinas.

470 863 592 917 M3.
625 861 796 918 Vsus.
828 863 882 919 3.
917 866 990 917 Ει
1019 879 1179 929 nunc,
1209 862 1363 917 homo
1392 864 1559 929 ludo,
1588 875 1634 920 et
1652 867 1973 923 habitatores

397 955 717 1022 Jerusalem,
734 955 978 1025 judicate
1015 956 1153 1009 inter
1181 973 1261 1010 me
1292 963 1343 1010 et
1388 957 1526 1011 inter
1557 958 1756 1013 vineam
1780 977 1971 1016 meam.

2072 498 2171 572 λὴν
2194 501 2256 554 ού
2283 500 2459 572 φέρει,
2485 499 2659 562 οὕτως
2683 498 2805 552 οὐδὲ
2832 496 3105 568 κληματὶς
3127 495 3384 558 ἀκάνθας.
3415 494 3519 547 Διά
3541 494 3673 548 τοῦ·

2070 610 2134 646 το
2159 594 2188 646 ὁ
2221 593 2445 663 Κύριος,
2472 593 2626 659 Μήτι
2657 589 3056 658 συλλέγουσι,
3100 589 3287 659 φησιν,
3320 586 3442 646 ἀπὸ
3469 588 3674 642 ἀκαν-

2072 680 2194 737 θῶν
2218 680 2573 750 σταφυλάς-ς
2614 679 2753 733 Ἀλλ’
2781 679 2931 751 ὅμως
2953 680 3004 733 οί
3038 678 3278 733 Ἰουδαῖοι
3295 677 3544 732 ποιοῦσιν
3565 679 3674 733 ἀν-

2072 774 2127 826 τὶ
2154 772 2443 842 σταφυλῶν
2473 771 2735 835 ἀκάνθας.

2144 864 2265 919 M3.
2297 865 2410 918 Καὶ
2439 866 2575 929 νῦν,
2608 864 2918 934 ἄνθρωπος
2938 863 3044 918 τοῦ
3084 862 3289 929 Ἰούδα,
3333 863 3432 917 καὶ
3472 865 3531 917 οἱ
3555 864 3667 918 ἐν·

2071 957 2381 1024 οικοῦντες
2427 956 2833 1027 Ἰερουσαλὴμ,
2869 957 3109 1025 κρίνατε
3136 956 3207 1010 ἐν
3237 956 3367 1024 ἐμοὶ
3408 955 3511 1008 καὶ
3537 956 3669 1011 ἀνὰ

401 1046 459 1102 Si
501 1047 717 1102 Βοιιιίιιί
748 1048 905 1103 vinea
955 1048 1148 1103 domus
1192 1046 1360 1103 lsrael
1397 1057 1502 1113 est,
1541 1056 1596 1103 et
1647 1049 1808 1104 homo
1833 1050 1973 1107 Juda

2104 1048 2264 1103 ιέσον
2290 1049 2398 1103 τοῦ
2429 1048 2782 1119 ἀμπελῶνός
2800 1066 2939 1118 μου.
2971 1049 3034 1101 Εί
3064 1050 3092 1101 ὁ
3120 1045 3379 1118 ἀμπελὼν
3410 1047 3508 1100 τοῦ
3538 1048 3665 1100 Κυ-

398 1139 614 1195 novella
642 1139 825 1208 planta
853 1139 1089 1205 dilecta;
1142 1140 1414 1207 quomodo
1458 1155 1644 1196 coram
1688 1143 1847 1197 vinea
1877 1145 1974 1198 ad-

399 1244 595 1285 versus
623 1228 838 1285 vineam
867 1227 933 1284 lis
983 1228 1323 1283 intenditur?
1369 1228 1641 1301 Numquid
1672 1232 1788 1286 vult
1829 1232 1977 1289 Scri-

402 1331 563 1392 ptura
593 1320 664 1377 ob
689 1320 1018 1375 evidentiam
1068 1320 1512 1390 objurgationum
1549 1329 1711 1390 atque
1760 1323 1972 1393 perspi-

402 1414 685 1474 cuitatem,
717 1426 813 1466 eos
838 1411 1127 1467 adversum
1156 1424 1216 1465 se
1254 1412 1399 1480 ipsos
1440 1411 1701 1467 adhibere
1725 1412 1975 1482 judices?

400 1502 554 1559 Fecit
580 1512 634 1554 et
654 1501 759 1556 hoc
781 1501 992 1555 Nathan
1017 1500 1303 1554 adversum
1336 1500 1506 1555 David
1538 1510 1673 1567 tum,
1701 1518 1823 1557 cum
1848 1519 1971 1558 eum

399 1595 687 1651 constituit
721 1594 952 1664 propriae
994 1593 1301 1662 iniquitatis
1340 1594 1581 1663 judicem
1608 1596 1674 1652 ¹⁹.
1709 1594 1840 1651 Illud
1877 1612 1972 1652 au-

403 1698 513 1744 tem
562 1700 831 1742 summam
881 1687 1116 1740 ostendit
1170 1684 1582 1753 benignitatem,
1632 1688 1774 1754 quod
1829 1685 1973 1743 Deus

400 1796 527 1835 cum
570 1778 785 1833 famulis
823 1777 939 1832 suis
971 1777 1087 1847 pari
1111 1776 1425 1833 conditione
1478 1777 1531 1830 in
1561 1777 1829 1846 jmlicium
1880 1794 1975 1833 ve-

399 1873 503 1928 nit.
531 1870 673 1936 Quin
702 1878 758 1925 et
784 1868 941 1923 simul
971 1868 1099 1922 hinc
1139 1868 1543 1923 demonstratur
1570 1869 1805 1938 justitia,
1831 1871 1973 1939 quod

401 1961 494 2029 qui
533 1957 1157 2025 condemnantur,juris
1184 1956 1471 2011 evidentiae
1499 1971 1562 2010 ac
1602 1959 1973 2026 perspicuitati

400 2051 775 2106 contradicere
806 2064 912 2101 non
946 2046 1180 2114 possint.
1214 2044 1485 2110 Judicate,
1519 2046 1715 2114 inquit,
1743 2046 1877 2098 inter
1896 2062 1977 2098 me

400 2153 448 2197 ιι
477 2143 678 2196 vineam
707 2155 897 2193 meum.
926 2137 993 2192 Et
1028 2139 1197 2192 dicite
1226 2138 1354 2206 quid
1398 2136 1599 2190 factum
1644 2153 1752 2190 non
1789 2139 1858 2191 sit
1886 2152 1979 2191 eo-

401 2249 547 2294 rum,
579 2247 702 2301 quae
733 2231 859 2284 huic
889 2229 1197 2283 conducere
1232 2234 1486 2295 poterant
1513 2227 1579 2280 ad
1621 2226 1976 2296 proferendos

402 2322 654 2380 fructus?
683 2319 851 2374 Vens.
885 2318 941 2372 4.
975 2319 1115 2384 Quid
1138 2318 1308 2381 enim,
1346 2318 1544 2386 inquit,
1583 2317 1781 2385 faciant
1816 2318 1978 2371 rinew

400 2430 549 2475 mete,
583 2424 629 2466 et
662 2427 762 2465 non
792 2411 893 2480 feci
924 2411 1009 2465 ei?
1037 2409 1176 2476 Quid
1210 2423 1319 2462 non
1358 2409 1585 2478 praestiti
1620 2423 1833 2469 eorum,
1858 2424 1979 2478 quae

403 2502 544 2558 mihi
574 2501 643 2555 ad
677 2515 797 2555 eam
826 2499 1127 2554 curandam
1154 2497 1334 2554 facere
1373 2514 1460 2553 me
1490 2498 1757 2554 decebat?
1788 2498 1978 2555 Nonne

402 2592 625 2665 pinguis
647 2592 802 2645 locus
834 2597 939 2652 est,
995 2589 1251 2660 idemque
1309 2589 1761 2645 munitissimus?
1796 2605 1980 2645 nonne

402 2700 585 2756 sepes,
617 2699 803 2739 nonne
832 2682 982 2749 valli,
1012 2697 1196 2736 annon
1249 2682 1516 2752 plantatio
1553 2696 1812 2752 perquam
1865 2682 1980 2736 exi-

402 2777 535 2837 mia.
554 2788 742 2830 annon
770 2774 962 2836 turris,
982 2786 1162 2825 annon
1185 2772 1534 2841 protorcular
1560 2770 1804 2826 adhibita
1830 2773 1981 2827 sunt?

405 2882 591 2923 nonne
627 2866 829 2920 factum
853 2873 938 2919 est
963 2862 1229 2933 quidquid
1264 2862 1389 2932 quis
1435 2863 1487 2915 iu
1522 2863 1759 2917 medium
1803 2870 1982 2930 potest

404 2959 687 3033 proferre?
711 2958 979 3014 Caeterum
1009 2954 1306 3026 putandum
1337 2953 1504 3026 480
1524 2963 1607 3010 est
1641 2952 1979 3025 Scripturam

2073 1139 2189 1210 ρίου
2214 1135 2360 1204 οἶκος
2383 1139 2478 1194 τοῦ
2523 1140 2740 1212 Ἰσραήλ
2767 1142 2904 1203 ἐστι,
2928 1139 3023 1194 καὶ
3061 1138 3348 1211 ἄνθρωπος
3378 1137 3476 1191 τοῦ
3521 1139 3665 1192 ’Ῑού-

2070 1230 2137 1285 δα
2183 1231 2442 1300 νεόφυτον
2483 1234 2840 1303 ἠγαπημένον
2859 1248 2873 1263 °
2914 1231 3033 1296 πῶς
3068 1230 3160 1284 ἐπὶ
3198 1229 3292 1283 τοῦ
3332 1229 3666 1300 ἀμπελῶνος

2072 1322 2353 1387 δικάζεται
2384 1323 2525 1377 κατὰ
2550 1323 2646 1377 τοῦ
2673 1322 3031 1394 ὰμπελῶνοςς
3068 1321 3141 1375 Ἦ
3179 1320 3269 1374 διὰ
3304 1321 3367 1375 τὸ
3403 1322 3669 1393 ἁναντίῤ-

2074 1417 2237 1485 ρητον
2268 1415 2375 1467 τῶν
2415 1414 2653 1487 ἐλέγχων
2674 1416 2859 1479 αὐτοῖς
2889 1413 3135 1485 βούλεται
3179 1413 3303 1467 καθ’
3330 1412 3541 1468 ἑαυτῶν
3575 1413 3669 1466 δι-

2074 1509 2302 1571 κασταῖς
2334 1508 2362 1560 ὁ
2384 1507 2540 1576 λόγος
2573 1507 2915 1580 χρήσασθαι;
2946 1507 3014 1559 ⁸⁸0
3047 1506 3141 1560 καὶ
3167 1506 3196 1559 ό
3225 1504 3410 1559 Νάθαν
3432 1504 3528 1558 ἐπὶ⁵
3559 1502 3667 1557 τοῦ

2073 1599 2238 1655 Δαδὶδ
2278 1600 2555 1672 ἐποίησεν,
2612 1600 2775 1654 αὐτὸν
2819 1598 3077 1669 δικαστὴν
3117 1595 3349 1658 καθίσας
3391 1595 3486 1648 τοῦ
3524 1594 3668 1648 ίδὶοιυ

2073 1691 2430 1761 ἀδικήματος.
2480 1691 2592 1761 Τὴν
2641 1689 2700 1742 δὲ
2749 1688 3052 1760 ὑπερϐολὴν
3100 1687 3199 1757 τῆς
3250 1687 3668 1758 φιλανθρωπίας

2076 1781 2353 1851 συνίστησι
2394 1781 2456 1834 τὸ
2502 1781 2583 1844 είς
2629 1779 2871 1851 ἰσότιμον
2903 1778 3015 1850 (66)
3052 1779 3235 1852 κρίσιν
3263 1779 3356 1831 τὸν
3384 1777 3519 1831 Θεὸν
3544 1779 3670 1840 τοῖς

2076 1871 2270 1925 ἐαυτοῦ
2326 1869 2565 1933 οἰκέταις
2605 1869 3081 1938 συγκαταϐαίνειν.
3123 1869 3292 1941 Ὀμοῦ
3334 1869 3391 1923 δέ
3429 1870 3525 1923 καὶ
3564 1866 3667 1924 τοῦ

2074 1961 2281 2015 δικαίου
2302 1959 2575 2027 ἀπόδειξιν
2598 1958 2732 2030 ἔχει,
2771 1959 2846 2023 ὡς
2877 1959 3003 2012 οὐδὲ
3028 1958 3182 2013 οὐδὲν
3219 1958 3331 2012 τῶν
3361 1960 3671 2013 καταδικα-

2077 2050 2317 2122 ζομένων
2383 2051 2616 2121 ἐχόντων
2668 2050 2972 2119 ἀντιλέγειν
3025 2053 3091 2121 τῇ
3136 2051 3393 2123 ἐναργείᾳ
3430 2049 3528 2104 τοῦ
3577 2050 3667 2105 δι-

2076 2145 2230 2198 καίου
2260 2144 2391 2216 (67).
2423 2145 2698 2215 Kplrats,
2731 2143 2887 2213 φησὶ,
2932 2140 3162 2212 μεταξὺ
3206 2142 3353 2210 ἐμοῦ
3405 2142 3503 2195 καὶ
3551 2142 3666 2201 τοῦ

2075 2235 2429 2306 ἁμπελῶνός
2452 2253 2593 2304 μου.
2627 2234 2738 2288 Καὶ
2768 2234 2980 2295 εἴπατε,
3003 2234 3056 2286 τί
3079 2232 3188 2285 τῶν
3216 2232 3352 2304 πρὸς
3385 2249 3670 2304 καρπογο-

2076 2328 2197 2382 νίαν
2253 2328 2401 2398 αὐτῷ
2454 2326 2846 2381 συντελούντων
2890 2325 3013 2396 οὐχὶ
3066 2325 3389 2396 γεγένηται;
3433 2325 3499 2378 Tt
3529 2328 3664 2395 γὰρ,

2078 2422 2232 2491 φησὶ,
2266 2421 2499 2487 ποιήσω
2523 2418 2605 2484 τῷ
2632 2415 2943 2487 ἀμπελῶνί
2964 2416 3105 2487 μου,
3130 2417 3229 2471 καὶ
3263 2418 3374 2470 οὐκ
3398 2417 3669 2483 ἐποίησα

2077 2514 2275 2581 αὐτῷ;
2306 2515 2371 2568 Τί
2406 2514 2516 2568 τῶν
2546 2512 2942 2566 ἐπιϐαλλόντων
2980 2530 3068 2583 μοι
3103 2513 3233 2584 περὶ
3272 2513 3371 2583 τῆς
3395 2513 3477 2577 είς
3497 2512 3669 2567 αὑτὸν

2078 2604 2394 2676 ἐπιμελείας
2414 2605 2533 2674 οὐχὶ
2554 2602 2828 2672 πεποίηκα
2850 2619 2864 2667 ;
2893 2603 2968 2656 Οὐ
2995 2602 3161 2666 τόπος
3188 2603 3327 2656 πίων
3353 2604 3445 2656 καὶ
3465 2620 3671 2674 καρτε-

2082 2696 2174 2769 ρὸς
2217 2698 2246 2748 ὁ
2284 2695 2477 2759 αύτός;
2523 2694 2582 2747 ού
2615 2694 2898 2765 φραγμός;
2933 2693 2993 2747 οὐ
3034 2693 3315 2764 χάρακες;
3358 2695 3420 2747 οὐ
3465 2693 3670 2761 φυτεία

2080 2787 2477 2856 εὐγενεστάτη;
2506 2785 2568 2839 οὐ
2602 2785 2830 2856 πύργος,
2870 2785 2932 2837 οὐ
2968 2784 3290 2856 προλήνιον;
3334 2785 3431 2854 οὐχ
3462 2784 3491 2836 ὃ
3512 2801 3567 2837 τι
3597 2782 3671 2836 ἂν

2080 2880 2210 2952 εἴπῃ
2238 2894 2348 2942 τις;
2378 2877 2561 2930 Ταῦτα
2594 2877 2838 2947 μέντοιγε
2854 2877 3135 2947 νομιστέον
3160 2875 3410 2945 λέγεσθαι
3441 2875 3550 2928 ὑπὸ
3571 2875 3669 2929 τοῦ

2080 2969 2240 3037 λόγου
2291 2969 2385 3022 καὶ
2425 2968 2561 3038 πρὸς
2603 2969 2786 3038 ἡμᾶς’
2823 2966 2873 3019 οἳ
2914 2966 3203 3034 κληθέντες
3244 2968 3335 3019 ἐπὶ
3377 2965 3456 3037 τῷ
3489 2968 3671 3020 ποιεῖν

402 3053 521 3107 haec
562 3051 848 3104 adversum
885 3063 990 3102 nos
1017 3047 1178 3101 etiam
1214 3046 1428 3101 dicere:
1485 3046 1578 3116 qui
1626 3044 1696 3100 ad
1740 3046 1979 3102 edendos

2104 3062 2207 3124 τοὺς
2243 3060 2489 3132 καρποὺς
2515 3061 2615 3130 τῆς
2643 3059 3010 3126 δικαιοσύνης,
3035 3059 3140 3111 ὑπὸ
3161 3057 3545 3127 φιλοπλουτίας
3573 3058 3676 3128 ἐμι-

397 3142 632 3212 jnstitite
668 3141 883 3195 fruetus
908 3140 957 3172 ⁸ο
993 3139 1196 3203 vocati,
1228 3139 1523 3194 incidimus
1558 3155 1667 3208 pra:
1701 3139 1872 3194 nimio
1902 3139 1982 3192 di-

405 3239 659 3291 vitiarum
697 3233 879 3290 studio
917 3234 973 3288 in
1010 3232 1364 3286 tentationem
1414 3231 1778 3299 laqueumque
1810 3237 1864 3284 et
1900 3231 1982 3284 in-

404 3328 588 3383 sulsas
638 3335 804 3395 atque
855 3324 1048 3378 noxias
1102 3320 1453 3388 cupiditates,
1518 3335 1639 3388 qua:
1663 3319 1984 3389 demergunt

407 3419 662 3473 homines
698 3418 753 3470 in
787 3416 1015 3471 exitium
1072 3422 1128 3470 et
1178 3413 1460 3467 interitum
1481 3411 1547 3468 ³¹.
1582 3411 1896 3479 Εαερευιαυὶ
1924 3421 1984 3466 ιιι

405 3511 601 3581 facere!
626 3526 800 3571 uvam,
824 3509 943 3576 fecit
970 3517 1146 3560 autem
1166 3507 1366 3573 spinas.
1398 3504 1587 3574 Operae
1613 3505 1846 3575 pretium
1881 3504 1984 3560 fuit

403 3599 651 3654 eamdem
684 3605 932 3664 repetere
963 3596 1314 3652 sententiam.
1352 3595 1564 3649 Etenim
1602 3595 1696 3665 qui
1735 3597 1985 3664 superio-

406 3703 466 3743 re
510 3687 632 3743 loco
676 3686 1065 3754 pronuntiabat
1086 3685 1388 3747 canticum,
1414 3684 1669 3738 dicebat:
1706 3683 1987 3752 Exspecta-

405 3782 457 3835 υἱ
497 3790 555 3833 ut
597 3781 789 3849 faceret
822 3794 1013 3833 uvam:
1048 3778 1136 3833 hic
1163 3792 1297 3834 vero
1332 3792 1429 3833 eos
1459 3777 1762 3847 alloquitur
1795 3793 1984 3832 coram

406 3873 605 3942 quibus
638 3870 950 3941 judicatur:
986 3869 1236 3923 Judicate
1259 3871 1402 3923 inter
1438 3886 1520 3923 me
1550 3882 1596 3922 et
1620 3870 1757 3923 inter
1780 3873 1986 3924 vineam

409 3979 602 4021 nteant.
630 3962 912 4028 Nimirum,
951 3960 1109 4017 Ferte
1134 3961 1403 4032 judicium
1438 3961 1505 4017 de
1538 3963 1661 4029 hoc,
1698 3962 1986 4019 Exspecta-

408 4057 457 4114 οἱ
489 4064 544 4109 ut
572 4054 770 4124 faceret
798 4072 978 4120 uvam,
1010 4055 1133 4125 fecit
1162 4065 1333 4108 autem
1358 4056 1561 4124 spinas.

478 4148 603 4203 144.
635 4148 798 4202 Vsus.
834 4148 889 4203 5.
924 4146 1085 4201 Nunc
1105 4158 1281 4199 autem
1307 4146 1639 4201 annuntiabo
1683 4145 1826 4201 vobis
1860 4147 1985 4216 quia

2083 3152 2355 3223 πίπτομεν
2396 3153 2477 3214 είς
2511 3151 2839 3222 πειρασμὸν,
2870 3152 2965 3203 καὶ
2995 3150 3218 3219 παγίδα,
3252 3153 3346 3203 καὶ
3367 3151 3673 3222 ἐπιθυμίας

2082 3245 2344 3314 ἀνοήτους
2386 3244 2479 3297 καὶ
2513 3242 2803 3313 βλαϐερὰς,
2853 3243 3054 3303 αἵτινες
3094 3241 3367 3311 βυθίζουσι
3398 3244 3528 3306 τοὺς
3568 3243 3673 3296 ἀν-

2083 3334 2335 3405 θρώπους
2376 3337 2457 3397 είς
2501 3333 2720 3404 όλεθρον
2766 3334 2861 3386 καὶ
2912 3333 3208 3387 ἀπώλειαν.
3262 3334 3504 3402 Ἐμεινα
3558 3331 3674 3387 τοῦ

2082 3425 2333 3493 ποιῆσαι
2355 3424 2700 3493 σταφυλὴν,
2723 3424 2974 3491 ἐποίησε
3001 3422 3069 3476 δὲ
3103 3423 3389 3490 ἀκάνθας.
3425 3424 3586 3494 Ἔχει
3618 3440 3673 3477 τι

2083 3518 2377 3584 ἀναγκαῖον
2408 3518 2439 3586 ἡ
2468 3513 2809 3583 ταυτολογία.
2849 3515 2937 3566 Ἐν
2967 3516 3064 3585 μὲν
3094 3513 3202 3584 γὰρ
3223 3516 3335 3576 τοῖς
3365 3513 3477 3566 ἄνω
3510 3515 3540 3565 ὁ
3574 3514 3675 3585 τὴν

2083 3607 2226 3678 ᾠδὴν
2249 3606 2599 3676 ἐπαγγέλλων
2625 3605 2828 3675 ἔλεγεν,
2857 3606 3104 3673 Ἕμεινα
3125 3604 3230 3658 τοῦ
3258 3603 3505 3671 ποιῆσαι
3532 3622 3678 3658 στω-

2083 3697 2291 3768 ςρυλήν
2306 3716 2320 3729 ·
2354 3696 2586 3751 ἐνταῦθα
2605 3696 2661 3749 δὲ
2682 3698 2817 3767 πρὸς
2835 3698 2981 3761 τοὺς,
3008 3698 3091 3765 ἐφ’
3119 3690 3193 3749 ὧν
3217 3696 3480 3767 κρίνεται,
3500 3699 3676 3749 ποιεῖ-

2083 3809 2177 3846 ται
2206 3790 2315 3863 (68)
2348 3790 2475 3853 τοὺς
2508 3789 2727 3856 λόγους·
2759 3788 3011 3858 Κρίνατε
3041 3788 3113 3840 ἐν
3132 3788 3262 3857 ἐμοὶ
3303 3788 3403 3842 καὶ
3433 3787 3678 3857 ἀνὰμέ-

2084 3899 2204 3937 cor
2249 3882 2358 3936 τοῦ
2384 3878 2740 3951 ἁμπελῶνός
2772 3896 2926 3949 μου·
2952 3880 3033 3940 τὸ,
3071 3881 3309 3948 Ἔμεινα
3343 3879 3453 3933 τοῦ
3494 3880 3676 3943 ποιῆ-

2087 3987 2193 4027 σαι
2219 3971 2566 4042 σταφυλὴν,
2597 3971 2849 4038 ἐποίησε
2877 3970 2945 4024 δὲ
2974 3970 3260 4035 ἀκάνθας.

2158 4150 2282 4205 144.
2315 4150 2445 4205 Νῦν
2481 4147 2549 4201 δὲ
2583 4146 2892 4219 drum.ch
2926 4148 3066 4216 ὑμῖν
3106 4149 3164 4202 τί
3194 4147 3428 4213 ποιήσω
3458 4146 3542 4213 τῷ
3572 4148 3677 4217 ἀμ-

411 4240 610 4311 {aciam
643 4240 807 4295 vincte
862 4254 1013 4292 mete.
1067 4237 1354 4306 Proprium
1387 4246 1471 4293 est
1517 4238 1636 4308 ejus
1666 4240 1811 4308 quod
1845 4239 1979 4295 Deus

2104 4242 2315 4298 τελῶνί
2343 4258 2485 4311 μου.
2523 4240 2682 4293 Ἵδιον
2724 4240 2823 4309 τῆς
2846 4238 2941 4292 τοῦ
2970 4238 3104 4294 Θεοῦ
3141 4239 3575 4310 φιλανθρωπίας,
3612 4240 3674 4293 τὺ

408 4333 461 4386 iu
489 4332 740 4387 homines
778 4331 943 4386 habet
974 4329 1162 4390 studii,
1190 4344 1534 4399 nequaquam
1560 4330 1777 4385 silentio
1795 4345 1979 4399 ptenas

2104 4333 2167 4404 ιὴ
2200 4335 2377 4403 σιωπῇ
2407 4331 2505 4394 τὰς
2533 4328 2776 4392 κολάσεις
2808 4331 3054 4399 ἐπάγειν,
3101 4330 3238 4383 ἀλλὰ
3266 4331 3677 4403 προκηρύσσειν

407 4423 655 4492 irrogare
678 4463 694 4484 ,
729 4423 824 4478 sed
856 4437 951 4477 eas
980 4421 1372 4492 prtenuntiare,
1402 4431 1591 4490 utpote
1630 4421 1722 4491 qui
1758 4436 1852 4490 per
1879 4421 1979 4474 mi-

2104 4425 2174 4478 ῑιὰ
2214 4424 2321 4478 τῶν
2354 4421 2592 4477 ἀπειλῶν
2632 4421 3072 4494 προκαλουμένου
3102 4423 3183 4486 είς
3212 4423 3503 4493 μετάνοιαν
3543 4422 3674 4487 τοὺς

409 4528 509 4567 nas
529 4522 847 4582 peccatores
866 4519 1124 4583 provocet
1146 4514 1210 4566 ad
1232 4514 1607 4583 paenitentiam
1634 4527 1770 4581 :qua
1793 4512 1979 4582 agendi

2104 4516 2509 4587 ἡμαρτηκότας·
2538 4515 2614 4578 ὡς
2636 4513 2902 4583 πεποίηκε
2927 4513 3236 4576 Νινευῒταις
3262 4513 3349 4566 διὰ
3369 4513 3465 4566 τοῦ
3499 4514 3669 4567 Ἰωνᾶ.

406 4607 623 4659 ratione
649 4619 783 4660 uStts
811 4615 894 4660 est
931 4621 1059 4677 erga
1087 4604 1355 4662 Ninivitas
1393 4605 1544 4659 Jonte
1588 4620 1752 4675 opera
1780 4605 1844 4657 ³³.
1876 4603 1979 4659 Nec

2104 4610 2203 4663 Καὶ
2234 4607 2311 4679 τῷ
2351 4607 2567 4680 Ἰσραὴλ
2597 4606 2940 4679 ἡμαρτηκότι
2977 4606 3039 4660 οὐ
3079 4608 3252 4677 σιωπῇ
3305 4606 3555 4675 ἐπήγαγε
3581 4604 3674 4659 τὸν

410 4699 576 4755 tacite
592 4700 817 4753 exitium
839 4699 1251 4769 perniciemque
1278 4698 1492 4753 induxit
1509 4698 1698 4755 lsraeli
1716 4698 1983 4769 peccauti:

2093 4695 2420 4768 ἀφανισμὸν,
2447 4696 2584 4751 ἀλλὰ
2607 4696 2772 4753 κινῶν
2799 4698 2880 4761 είς
2901 4695 2998 4769 τὴν
3026 4696 3165 4769 ὑπὲρ
3188 4694 3282 4749 τοῦ
3306 4694 3438 4749 λαοῦ
3464 4694 3673 4750 ἱκεσίαν

479 4858 525 4891 ⁸⁸
551 4858 738 4914 Matth.
773 4874 872 4923 vn,
897 4857 984 4913 16.
1061 4858 1107 4891 ²⁹
1136 4856 1179 4913 ll
1212 4855 1534 4927 Reg.xu,5.
1601 4856 1646 4888 ⁸⁸
1674 4852 1788 4909 Jac.
1819 4868 1900 4922 ιιι,
1928 4852 1979 4908 ιε

2107 4856 2120 4886 ¹
2154 4853 2333 4914 lTim.
2368 4873 2443 4926 νι,
2472 4857 2529 4913 9.
2603 4858 2650 4891 ⁸²
2675 4856 2802 4916 Jon.
2831 4873 2917 4927 ιιι,
2949 4858 3005 4914 4.

479 5017 591 5085 (65)
621 5016 713 5070 Sic
737 5031 866 5070 mss.
908 5015 1168 5069 nonnulli.
1201 5015 1269 5068 At
1291 5015 1441 5078 editi,
1471 5014 1559 5084 δή.

482 5079 594 5158 (66)
631 5086 851 5168 Veteres
897 5089 1132 5168 quinque
1169 5086 1315 5168 libri,
1364 5079 1824 5168 [Gétttiovthljldil'h
1862 5079 1989 5168 ὀμέτ

406 5150 808 5240 1t}i.0\t,_e:ttlettt
868 5158 1026 5240 plane
1048 5150 1061 5154 ⁷
1085 5155 1375 5240 sententia.
1411 5150 1528 5236 Mus
1561 5152 1833 5240 adiungo;
1866 5150 1987 5240 οξδέ

406 5220 539 5281 τῶν.
568 5220 698 5296 Reg.
728 5220 997 5280 secundus
1022 5236 1076 5279 et
1108 5227 1216 5296 duo
1236 5225 1551 5296 Colltertini,
1585 5222 1661 5286 ὡς
1688 5221 1809 5274 οὐδὲ
1837 5220 1989 5274 οὐδὲν

409 5297 537 5351 τῶν.
573 5294 670 5350 Alii
701 5306 810 5351 tres
842 5311 996 5355 utss.,
1027 5296 1104 5359 ὡς
1136 5294 1287 5348 οὐδὲν
1310 5295 1440 5348 τῶν.

507 5366 598 5439 67)
637 5366 729 5420 Ait
754 5365 1140 5439 Comlieﬁsius,
1192 5365 1447 5439 Basiliutn
1491 5363 1618 5439 sine
1657 5362 1819 5417 dubio
1844 5360 1994 5439 Ascri-

410 5431 609 5508 pstssé,
644 5439 710 5507 τῇ
747 5436 1076 5508 ἐπεργασίᾳ,
1119 5435 1444 5508 εωεεειιιὶοιιί
1479 5434 1638 5508 juris,
1671 5448 1775 5485 non
1807 5432 1875 5508 [τῇ
1910 5431 1993 5482 εύ-

412 5502 776 5580 ὲργεσίᾳ,’ἰιιὶΔ
837 5502 1093 5580 inlibris
1140 5507 1289 5575 prius
1319 5505 1480 5580 editis
1536 5505 1752 5580 legitur.
1807 5502 1862 5554 lu
1886 5514 1993 5580 quo

415 5571 829 5638 n't't'rari'Stthit,
864 5577 1070 5629 homini
1100 5571 1389 5643 caateroqui
1443 5573 1757 5627 doctissimo
1787 5586 1882 5624 sua
1920 5571 1992 5643 ita

416 5646 705 5716 placuisse,
736 5657 797 5700 ut.
826 5645 1114 5700 lectionem
1139 5640 1826 5716 comm—misceretur,“cum
1855 5644 1903 5692 ei
1943 5640 1997 5693 in

416 5713 536 5777 iui:
567 5716 846 5774 codicibus
880 5725 1023 5773 esset
1048 5717 1114 5773 ad
1146 5729 1363 5771 manum
1416 5713 1577 5772 lectio
1626 5713 1755 5780 alia,
1798 5725 1864 5766 ex
1894 5723 1999 5782 qua

2087 5012 2275 5066 eadem
2314 5012 2474 5079 plane
2503 5012 2771 5065 sententia
2800 5009 2936 5065 ellici
2975 5018 3176 5079 posset.
3214 5007 3345 5062 Nam
3392 5009 3445 5062 in
3484 5010 3667 5079 Regiis

2089 5083 2265 5150 primo
2289 5092 2344 5135 et
2373 5083 2559 5145 tertio,
2601 5097 2739 5147 quos
2775 5082 2840 5144 is,
2892 5096 3051 5148 quem
3083 5082 3216 5144 dixi,
3244 5080 3330 5131 vir
3361 5082 3670 5150 eruditissi:

2092 5146 2209 5205 inus
2229 5153 2476 5221 contulit,
2506 5153 2579 5205 ita
2611 5146 2869 5221 scriptum
2896 5146 3193 5221 reperitur,
3208 5151 3274 5219 τῇ
3303 5149 3559 5221 ἐνεργείᾳ
3580 5146 3669 5202 τοῦ

2090 5220 2324 5284 δικαίου,
2351 5222 2495 5289 juris
2531 5220 2875 5282 exsecutioni,
2919 5220 3062 5290 juris
3091 5218 3319 5290 actioni.
3365 5218 3504 5285 Quid
3532 5218 3658 5290 'jatn

2093 5294 2324 5345 sentiam
2354 5288 2489 5360 ipse,
2515 5292 2702 5358 paucis
2728 5288 2986 5360 aperiam.
3020 5289 3228 5344 Censeo
3255 5289 3417 5358 igitur
3441 5303 3508 5343 ex
3539 5288 3664 5360 Reg.

2092 5373 2291 5438 quarto
2306 5358 2467 5438 .et'ex_
2492 5372 2723 5438 utroque
2748 5359 3055 5438 inbertinp
3087 5360 3370 5438 legendum
3416 5373 3561 5438 esse,
3600 5358 3662 5438 τῇ

2097 5428 2357 5503 ἐναργείᾳ
2376 5429 2470 5483 τοῦ
2495 5429 2726 5503 δικαίου,
2745 5428 2887 5498 juris
2908 5429 3358 5503 evidentimatque
3383 5428 3666 5503 perspicui-

2099 5496 2216 5555 tati'.
2246 5496 2379 5567 Quin
2402 5501 2670 5568 scriptura
2699 5496 2771 5554 ita
2804 5510 2927 5566 apta
2953 5498 3082 5552 tnilti
3108 5500 3321 5552 videtur
3338 5505 3395 5551 et
3416 5497 3539 5551 huic
3555 5496 3665 5550 loco

2100 5572 2450 5636 conveniens,
2487 5579 2545 5624 ut
2590 5583 2937 5639 quemquam,
2973 5569 3063 5638 qui
3089 5583 3209 5624 eam
3257 5568 3549 5638 improbet,
3575 5579 3661 5622 r0-

2101 5652 2309 5712 pertum
2323 5641 2402 5712 iri
2432 5655 2537 5712 non
2560 5649 2764 5707 putem.

2176 5709 2289 5784 (68)
2320 5708 2503 5768 Nostri
2536 5702 2633 5768 sex
2659 5723 2815 5778 mm,
2855 5708 3107 5764 ποιεῖται.
3144 5705 3309 5776 Edlti,
3339 5702 3505 5763 ποιοῖ.
