3808 6212
82 295 176 354 553

892 287 1249 346 COMMENT.
1286 285 1360 343 IN
1395 284 1631 345 lSAlAM
1665 282 2115 341 PROPHETAM.
2150 281 2307 340 CAP.
2351 282 2418 339 Υ.

3208 286 3323 345 εει

78 411 157 466 τὸν
207 404 387 462 ἑαυτοῦ
437 404 762 478 θεράποντα,
808 407 1214 479 προεκήρυσσε,
1266 406 1473 476 λέγων’
1518 407 1627 460 Kal

1746 405 1828 462 sed
1858 404 2121 459 famulum
2153 419 2311 459 suum
2342 404 2409 460 ad
2441 404 2747 462 fundendus
2770 421 2872 477 pro
2901 406 3103 478 populo
3127 423 3321 479 preces

78 502 179 558 νῦν
202 500 339 569 ἄφες
358 515 454 569 με,
484 498 578 551 καὶ
604 497 715 570 (69)
744 496 1047 568 ἐξαλείψω
1066 499 1176 553 τὸν
1199 500 1355 554 λαὸν
1386 499 1622 554 τοῦτον.

79 593 442 664 Παραπλησίως
473 590 530 643 δέ
559 608 612 643 τι
653 590 749 643 καὶ
787 592 846 645 ὲν
879 591 960 661 τῷ
1005 591 1323 663 Εὑαγγελίῳ
1365 591 1494 662 περὶ
1525 590 1625 659 τῆς

78 685 198 739 κατὰ
224 681 314 752 τὴν
337 681 501 751 συκῆν
523 680 839 751 παραϐολῆς
868 699 933 752 με
941 681 1288 754 μαθήκαμεν,
1310 682 1404 735 τοῦ
1432 680 1627 734 δεσπό-

77 792 156 828 του
182 774 336 843 αὐτῆς
363 773 609 840 λέγοντος
639 771 717 843 τῷ
741 772 973 844 γεωργῷ
997 789 1011 803 ⁸
1058 772 1205 827 Ἰδοὺ
1232 774 1367 841 τρία
1395 772 1499 840 ἐτη
1532 772 1626 840 ἕρ-

77 881 226 937 χομαι
243 864 333 917 ἐπὶ
357 863 470 931 τὴν
489 862 713 931 συκῆν,
750 861 939 930 ζητῶν
964 864 1197 933 καρπὸν
1219 865 1289 918 ἐν
1314 864 1492 933 αὐτῇ,
1524 865 1628 918 καὶ

77 958 171 1024 οὐχ
197 955 440 1023 εὑρίσκω
476 952 609 1024 (70).
658 955 967 1022 Ἕκκοψον
1004 954 1218 1020 αὑτήν.
1265 955 1399 1009 Ἵνα
1441 957 1500 1009 τί
1529 956 1628 1010 καὶ

76 1046 173 1116 τὴν
192 1044 300 1115 γῆν
330 1044 638 1113 καταργεὴ
686 1041 858 1097 Τοῦτο
896 1044 954 1097 δὲ
993 1043 1198 1112 ἔλεγεν,
1237 1044 1499 1116 ἐρεθίζων
1526 1047 1627 1117 μὲν

76 1138 152 1191 τὸν
174 1136 397 1207 γεωργὸν
422 1138 501 1198 εἰς
529 1136 629 1205 τὴν
669 1134 810 1204 ὑπὲρ
847 1134 1020 1204 αὐτῆς
1048 1134 1387 1201 ἐπιμέλειαν,
1422 1137 1625 1204 διεγεί-

79 1244 168 1299 ρων
197 1227 247 1280 δὲ
280 1227 375 1298 τὴν
410 1227 660 1296 ἄκαρπον
697 1225 876 1297 ψυχὴν
915 1227 995 1288 είς
1038 1227 1099 1279 τὸ
1137 1228 1312 1280 ποιεῖν
1348 1227 1475 1290 τοὺς
1507 1228 1627 1280 ἑπι-

77 1316 331 1380 6ἀλλοντας
356 1317 489 1388 αὐτῇ
514 1316 782 1388 καρπούς.
816 1317 882 1370 Ὀ
914 1315 972 1369 δὲ
1001 1315 1254 1386 λέγομεν,
1295 1316 1625 1388 σαφέστερον

74 1406 200 1476 παρὰ
220 1407 294 1478 τῷ
331 1408 570 1479 Ἱερεμίᾳ
601 1407 747 1461 ἐστιν
768 1408 970 1480 εὑρεῖν.
1016 1407 1172 1462 Ἰδοὺ
1201 1407 1331 1480 γὰρ,
1362 1409 1514 1479 φησὶ,
1546 1410 1626 1476 ὡς

74 1502 101 1551 ό
124 1497 298 1565 πηλὸς
315 1496 419 1553 τοῦ
463 1496 783 1567 κεραμέως,
809 1499 998 1565 οὕτως
1024 1496 1169 1552 ἐστὲ
1204 1499 1376 1567 ὑμεῖς
1399 1500 1469 1553 ἐν
1499 1499 1627 1566 ταῖς

71 1590 219 1658 χερσί
237 1606 370 1658 μου,
404 1584 569 1655 οἶκος-
631 1589 893 1658 Ἱσραὴλ,
930 1589 1093 1659 λέγει
1145 1591 1379 1658 Κύριος.
1431 1590 1627 1659 Πέρας

71 1678 290 1746 λαλήσω
309 1679 403 1732 ἐπὶ
433 1678 612 1743 ἔθνος
650 1677 689 1746 ἢ
729 1678 829 1731 ἐπὶ
874 1678 1224 1743 βασιλείαν,
1280 1677 1387 1732 τοῦ
1416 1677 1625 1745 ἐξᾶραι

70 1773 259 1837 αὐτοὺς
289 1773 380 1825 καὶ
406 1772 781 1825 ἀπολλύειν·
813 1771 913 1825 καὶ
954 1770 1309 1838 ἐπιστρέψει
1354 1769 1421 1823 τὸ
1447 1771 1624 1836 ἔθνος

69 1864 234 1918 ἐκεῖνο
279 1863 392 1919 ἀπὸ
437 1862 561 1916 τῶν
606 1860 811 1916 κακῶν
858 1861 1077 1926 αὐτῶν,
1124 1863 1223 1915 καὶ
1263 1860 1622 1931 μετανοήσω

70 1957 179 2024 περὶ
203 1954 310 2007 τῶν
329 1953 545 2020 κακῶν,
576 1947 665 2007 ὧν
687 1951 1062 2022 ἐλογισάμην
1097 1952 1205 2008 τοῦ
1231 1951 1481 2020 ποιῆσαι
1513 1954 1623 2006 αὐ-

70 2047 187 2112 τοῖς.
214 2046 315 2100 Καὶ
335 2046 517 2114 πέρας
544 2043 804 2114 λαλήσω
838 2044 937 2098 ἐπὶ
971 2045 1149 2110 ἔθνος
1184 2044 1283 2097 καὶ
1306 2043 1405 2097 ἐπὶ
1436 2043 1623 2107 ,Βασι-

70 2140 212 2192 λείαν
234 2139 359 2209 ('Il).
391 2136 498 2191 τοῦ
532 2135 1055 2204 ἀνοικοδομεῖσθαι
1088 2135 1186 2190 καὶ
1212 2135 1322 2189 τοῦ
1353 2152 1623 2203 καταφυ-

71 2231 332 2284 τεύεσθαι·
353 2230 451 2282 καὶ
477 2228 811 2295 ποιήσουσι
827 2228 901 2280 τὰ
923 2226 1155 2294 πονηρὰ
1181 2226 1460 2281 ἐναντίον
1480 2242 1620 2294 μου,

70 2322 157 2375 τοῦ
177 2321 252 2391 μὴ
280 2323 519 2376 ἀκούειν
554 2318 667 2389 τῆς
709 2319 918 2389 φωνῆς
950 2335 1103 2387 μου·
1140 2319 1240 2371 καὶ
1267 2316 1624 2386 μετανοήσω

72 2416 178 2483 περὶ
208 2413 318 2469 τῶν
347 2412 609 2485 ἀγαθῶν,
639 2406 727 2465 ὦν
752 2410 1050 2477 ἐλάλησα,
1091 2409 1197 2462 τοῦ
1235 2408 1485 2477 ποιῆσαι
1515 2411 1623 2463 αὐ-

73 2507 186 2574 τοῖς.
211 2507 385 2571 Οὕτως
416 2505 510 2560 οὖν
538 2505 637 2559 καὶ
670 2502 908 2558 ἐνταῦθα
942 2502 1213 2574 δεχόμεθα
1244 2500 1344 2572 τὴν
1372 2501 1623 2573 πρόρρη-

75 2617 172 2662 σιν,
206 2601 297 2653 οὐκ
335 2600 615 2669 ἀπόφασιν
658 2596 753 2651 τοῦ
803 2597 1019 2658 πάντως
1073 2593 1465 2665 ἐκϐησομένου,
1509 2592 1624 2647 ἀλλ’

73 2692 260 2764 ἀπειλὴν
300 2689 636 2764 ἐπιστροφὴν
664 2687 1019 2759 ἐμποιοῦντος
1050 2686 1159 2741 ἀπὸ
1191 2685 1291 2757 τῆς
1321 2685 1620 2757 ἁμαρτίας.

74 2784 123 2838 Τί
146 2781 224 2839 οὖν
248 2786 385 2838 ἐστιν
410 2784 446 2838 ἃ
474 2781 723 2845 ἀπειλεῖς

131 2876 234 2929 liii.
274 2874 489 2945 Ἀερελῶ
522 2872 639 2928 τὸν
670 2869 945 2942 φραγμὸν
976 2866 1184 2932 αὐτοῦ,
1214 2868 1312 2921 καί
1334 2869 1507 2923 ἔσται
1536 2871 1626 2934 είς

73 2964 380 3037 διαρπαγήν.
426 2966 538 3021 Καὶ
568 2962 827 3020 ,καθελῶ
875 2961 984 3015 τὸν
1034 2959 1242 3029 τοῖχον
1278 2961 1490 3024 αὐτοῦ,
1526 2960 1626 3013 καὶ

72 3058 211 3112 ἔσται
238 3062 318 3125 είς
346 3056 763 3126 καταπάτημα.
792 3055 900 3110 Kal
926 3053 1137 3123 ἀνήσω
1163 3053 1273 3107 τὸν
1296 3052 1625 3119 ἀμπελῶνα

70 3168 181 3218 μου,
204 3152 295 3205 καὶ
318 3154 388 3207 οὐ
414 3152 503 3222 μὴ
560 3147 779 3220 τμηθῇ,
818 3146 961 3202 οὐδὲ
982 3146 1069 3217 μὴ
1097 3145 1328 3214 σπαρῇ,
1352 3147 1447 3199 καί
1477 3147 1621 3200 ἀνα-

75 3243 275 3305 ϐήσεται
326 3246 414 3310 είς
470 3242 666 3297 αὑτὸν
711 3242 791 3307 ὡς
827 3241 916 3306 είς
945 3238 1170 3307 χέρσον
1219 3236 1468 3292 ἄκανθα.
1511 3235 1622 3290 Kal

73 3332 175 3398 ταῖς
193 3332 461 3402 νεφέλαις
491 3330 854 3399 ἐντελοῦμαι
892 3328 1000 3383 τοῦ
1034 3328 1121 3397 μὴ
1146 3327 1363 3395 βρέξαι
1394 3329 1482 3394 εὶς
1511 3329 1621 3381 αὺ-

74 3424 157 3476 τὸν
175 3427 354 3480 ὑετόν.
384 3427 437 3478 '0
462 3425 576 3495 γὰρ
603 3422 891 3491 ἀμπελὼν
913 3422 1157 3488 Κυρίου,
1182 3416 1345 3486 οἶκος
1370 3419 1475 3479 τοῦ
1515 3419 1622 3473 Ἰσ-

72 3514 200 3580 ραήλ
241 3517 383 3582 ἐστι,
444 3517 545 3570 καὶ
602 3515 911 3583 ἅνθρωπος
953 3512 1058 3566 τοῦ
1099 3511 1289 3565 Ἰούδα
1325 3512 1623 3579 νεόφυτον

72 3604 432 3678 ἠγαπημένον.
468 3609 713 3678 Ἔμεινα
742 3605 847 3659 τοῦ
880 3602 1133 3672 ποιῆσαι
1174 3604 1398 3671 κρίσιν,
1427 3603 1623 3670 ἐποιή-

73 3709 133 3749 σε
156 3696 214 3749 δὲ
242 3699 508 3767 ἀνομίαν,
553 3696 655 3749 καὶ
694 3697 766 3749 οὺ
791 3694 1207 3759 δικαιοσύνην,
1252 3692 1412 3745 ἀλλὰ
1448 3707 1623 3759 κραυ-

74 3789 185 3857 γήν.
244 3790 621 3851 ’Δναλαὸὀντες
680 3785 864 3840 τοίνυν
916 3784 1012 3838 καὶ
1052 3785 1175 3837 καθ’
1235 3783 1464 3836 ἕκαστον
1514 3781 1622 3836 τῶν

73 3878 240 3945 ἠπειλη
247 3880 411 3943 μένων
430 3878 785 3946 ἐξετάσαντες
809 3875 904 3929 καὶ
922 3873 1309 3946 βασανίσαντες
1337 3870 1517 3925 αὐτῶν
1530 3872 1621 3926 τὸν

74 3969 193 4027 νοῦν.
224 3972 599 4043 ὲρευνήσωμεν
638 3970 768 4039 μήτι
800 3967 913 4037 σε)
949 3966 1041 4020 καὶ
1079 3965 1234 4036 ἡμῶν
1276 3964 1505 4018 ἅπτεται
1551 3963 1620 4018 τὰ

75 4057 320 4132 λεγόμενα.
341 4061 603 4127 Καθελῶ,
627 4060 781 4132 φησὶ.
805 4060 914 4113 τὸν
935 4057 1207 4129 φραγμὸν
1224 4057 1432 4113 αὐτοῦ.
1454 4059 1624 4129 Προσ-

75 4136 297 4225 ήκειμὲν
324 4154 420 4219 τὰς
455 4153 691 4227 νομικὰς
740 4151 958 4215 ἐντολὰς
1001 4150 1255 4222 φραγμὸν
1301 4151 1618 4220 ὑπονοῆσαι,

75 4242 173 4313 ἢτοι
194 4247 278 4299 τὸν
310 4238 539 4318 Ἰσραὴλ,
571 4249 635 4300 ἐκ
665 4244 766 4315 τῆς
796 4245 933 4318 πρὸς
977 4242 1260 4312 Ἐφεσίους
1301 4242 1621 4312 Ἐπιστολῆς

75 4332 152 4386 τοῦ
180 4336 376 4390 Παύλου
405 4337 679 4404 λέγοντος,
729 4338 813 4389 ὅτι
855 4334 1049 4399 Αὐτός
1085 4333 1256 4386 ἐστιν
1293 4334 1326 4385 ὀ
1351 4331 1415 4385 τὸ
1439 4334 1625 4400 μεσό-

1727 498 1996 561 excitans,
2034 497 2119 552 Itis
2153 498 2334 553 verbis
2381 499 2659 567 praedixit:
2688 497 2757 552 Et
2795 516 2933 552 nunc
2973 501 3176 555 dimitte
3199 517 3319 570 me,

1727 601 1777 645 et
1801 592 1983 646 delebo
2005 594 2257 660 populum
2284 597 2422 648 hunc
2439 596 2503 648 ⁸³.
2535 594 2746 651 Rursus
2771 596 2949 651 simile
2972 595 3228 665 quiddam
3258 597 3317 653 in

1727 684 2021 754 Evangelio
2051 686 2214 740 etiam
2242 702 2338 756 per
2364 689 2677 757 parabolam
2716 705 2743 741 a
2780 688 2881 743 ﬁcu
2914 701 3190 759 sumptam
3216 704 3320 746 su-

1728 792 1852 831 mus
1880 777 2094 843 edocti;
2136 779 2335 848 quippe
2383 779 2638 835 dominus
2674 780 2793 850 ejus
2838 780 2973 834 dicit
3016 782 3308 851 agricolae:

1729 865 1866 920 Ecce
1890 869 2018 920 anni
2051 881 2156 922 tres
2179 878 2301 923 sunt
2331 887 2396 925 ea:
2421 887 2523 941 quo
2545 874 2695 925 venio
2711 874 2780 924 ad
2808 874 2944 926 hanc
2968 872 3145 941 ﬁcum,
3164 890 3311 944 quc-

1730 972 1850 1009 rens
1889 957 2122 1024 fractum
2155 961 2210 1011 in
2242 976 2326 1021 ea,
2350 967 2401 1012 et
2455 976 2559 1012 non
2608 961 2836 1014 invenio.
2877 960 3100 1016 Succide
3137 964 3310 1018 illam.

1731 1043 1929 1114 thuid
1986 1050 2145 1102 etiam
2190 1060 2385 1103 terram
2419 1062 2636 1116 occupat
2666 1049 2749 1104 ³⁵2
2795 1050 2907 1107 Hoc
2948 1066 3126 1108 autem
3162 1054 3316 1110 dice-

1728 1135 1824 1190 bat
1856 1146 1968 1189 tum
1996 1148 2048 1189 ut
2077 1138 2374 1208 agricolam
2405 1139 2653 1193 incitaret
2679 1141 2745 1194 ad
2776 1156 2895 1196 eam
2923 1146 3310 1210 accurandam,

1731 1236 1843 1281 tum
1871 1233 1927 1280 ut
1953 1228 2190 1282 animam
2239 1229 2643 1286 infructuosam
2673 1232 2741 1285 ad
2787 1234 3168 1303 producendos
3198 1237 3315 1291 l'ru-

1729 1326 1850 1372 ctus
1885 1318 1989 1373 sibi
2022 1305 2412 1377 convenientes
2470 1323 2869 1380 exstimularet.
2922 1326 3076 1391 Quod
3122 1339 3307 1383 autem

1726 1409 1983 1477 dicimus,
2013 1410 2065 1464 id
2099 1409 2314 1467 licuerit
2346 1414 2694 1470 manifestius
2738 1419 3141 1485 deprehendere
3167 1421 3313 1491 apud

1724 1499 2013 1555 Jeremiam
2038 1517 2052 1555 :
2077 1500 2214 1556 Ecce
2237 1505 2414 1573 enim,
2455 1509 2650 1576 inquit,
2678 1508 2809 1561 sicut
2833 1508 2999 1563 lutum
3034 1510 3204 1580 ﬁguli,
3234 1516 3313 1566 sic

1727 1594 1851 1646 estis
1878 1610 1965 1647 vos
1992 1595 2045 1647 in
2069 1596 2311 1649 manibus
2338 1599 2492 1662 meis,
2519 1599 2705 1653 domus
2732 1599 2925 1667 Israel,
2964 1605 3093 1655 dicit
3124 1604 3311 1657 Domi-

1731 1700 1849 1738 nus.
1885 1685 1967 1738 Ad
1997 1701 2254 1739 summam
2287 1687 2480 1754 loquar
2503 1705 2663 1757 super
2692 1703 2893 1758 gentem
2924 1703 3015 1745 aut
3046 1709 3201 1760 super
3226 1709 3312 1747 reo

1723 1791 1903 1843 gnum,
1934 1786 1989 1828 ut
2021 1778 2265 1845 auferam
2296 1779 2438 1844 illos,
2461 1790 2508 1832 et
2541 1781 2838 1848 disperdom
2868 1797 2888 1835 :
2914 1795 2960 1835 et
2984 1795 3313 1838 convertatur

1723 1882 1846 1935 gens
1880 1866 1973 1919 illa
2000 1884 2032 1919 a
2060 1868 2214 1921 malis
2249 1871 2378 1935 suis,
2404 1880 2452 1923 et
2492 1871 2763 1939 pa'nitebit
2797 1889 2877 1925 me
2898 1875 3169 1927 malorum
3193 1890 3312 1945 qua

1723 1960 2073 2026 cogitaveram
2101 1960 2276 2029 facere
2301 1962 2399 2016 eis.
2432 1960 2499 2014 Et
2533 1963 2601 2014 ad
2632 1980 2892 2016 sunmtam
2926 1964 3117 2028 loquar
3153 1981 3312 2035 super

1722 2059 1921 2116 gentem
1945 2058 1993 2101 et
2019 2066 2174 2116 super
2204 2068 2443 2120 regnum,
2480 2053 2549 2104 ad
2591 2053 3028 2121 retedi/icandum
3068 2066 3115 2108 et
3150 2057 3308 2122 plan-

1724 2142 2047 2205 tandum;et
2086 2143 2282 2210 facient
2326 2143 2466 2196 mola
2517 2160 2696 2197 coram
2751 2161 2853 2206 me,
2901 2161 3006 2199 non
3041 2148 3307 2200 audiendo

1723 2247 1894 2285 uocem
1921 2250 2089 2286 meam
2115 2250 2130 2298 ;
2158 2246 2203 2287 et
2233 2236 2499 2300 pa’m'tebit
2528 2252 2606 2288 me
2634 2241 2913 2301 bonorum,
2948 2254 3066 2303 qua:
3099 2239 3308 2294 loculus

1724 2323 1954 2391 fueram,
1992 2335 2046 2375 ut
2098 2326 2327 2392 [acerem
2375 2326 2449 2377 eis
2499 2326 2564 2379 ³⁵.
2597 2327 2678 2378 Ad
2711 2326 2854 2382 hunc
2883 2328 3055 2398 igitur
3084 2331 3305 2383 modum

1724 2419 1888 2472 etiam
1923 2419 2008 2471 hic
2041 2419 2340 2486 accipimus
2377 2420 2516 2473 lianc
2548 2422 2980 2487 praedictionem,
3013 2439 3120 2479 non
3152 2424 3302 2481 velut

1724 2508 1799 2560 rei
1835 2515 1985 2560 certo
2009 2518 2285 2561 eventura:
2333 2508 2828 2574 denuntiationem,
2876 2512 2971 2566 sed
3014 2528 3114 2566 ceu
3141 2526 3301 2567 com-

1724 2596 2074 2649 minationem
2098 2597 2221 2664 ejus
2250 2598 2339 2666 qui
2378 2615 2405 2649 ει
2441 2609 2668 2667 peccato
2699 2611 2917 2657 avocat.
2952 2602 3094 2669 Quid
3136 2603 3307 2674 igitur

1723 2695 1829 2750 est,
1859 2685 2005 2755 quod
2041 2687 2466 2742 intermittatur?

1797 2885 1921 2940 145.
1955 2884 2119 2940 Vens.
2144 2885 2262 2939 5-7.
2318 2885 2576 2954 Auferam
2624 2903 2797 2949 sepem
2834 2888 2948 2959 ejus
2975 2928 2992 2951 ,
3018 2899 3072 2945 et
3106 2891 3209 2946 erit
3247 2894 3309 2948 in

1724 2979 2094 3045 direptionem.
2152 2975 2220 3029 Et
2265 2977 2473 3029 diruam
2524 2980 2808 3033 maceriam
2843 2981 2978 3044 eius,
3026 2992 3074 3036 et
3114 2986 3212 3038 erit
3249 2988 3307 3043 iis

1651 3101 1692 3154 ε
1726 3069 2197 3122 conculcatianem.
2230 3066 2294 3119 Et
2345 3070 2607 3121 dimittam
2658 3072 2858 3124 vineam
2902 3087 3094 3138 meam,
3118 3083 3168 3126 et
3201 3091 3307 3130 non

1726 3164 2023 3228 putabitur,
2052 3176 2215 3229 neque
2248 3160 2517 3227 fodietur,
2542 3169 2592 3212 et
2624 3173 2815 3216 crescet
2856 3163 2909 3215 iu
2960 3180 3022 3216 ea
3052 3174 3305 3234 tauquam

1723 3256 1777 3307 in
1807 3254 2012 3306 inculta
2037 3265 2176 3304 terra
2205 3253 2381 3319 spina.
2439 3250 2503 3303 Et
2537 3251 2759 3304 nubibus
2787 3256 3048 3305 ntandabo
3091 3269 3154 3307 ne
3182 3253 3307 3322 plu-

1724 3353 1814 3396 ant
1844 3360 2000 3410 super
2027 3359 2142 3395 eam
2199 3341 2454 3411 pluviam.
2492 3340 2632 3394 Nam
2668 3343 2813 3395 vinea
2856 3340 3071 3397 Domini
3113 3345 3305 3398 domus

1725 3434 1898 3488 Israel
1920 3442 1997 3487 est
2031 3474 2045 3497 ,
2076 3445 2124 3486 et
2156 3432 2312 3486 homo
2348 3433 2515 3497 Jutla,
2567 3434 2767 3485 novella
2801 3434 3061 3500 plantatio
3090 3436 3306 3490 dilecm.

1727 3526 2043 3589 I'Ixspectari
2080 3538 2134 3579 ut
2167 3526 2367 3594 faceret
2386 3525 2679 3594 judicium,
2736 3524 2861 3593 fecit
2904 3538 3078 3579 autem
3108 3527 3306 3597 iniqui-

1725 3629 1906 3679 tatem,
1932 3628 1978 3672 et
2008 3633 2110 3670 non
2130 3617 2422 3685 justitiam,
2452 3618 2541 3668 sed
2559 3616 2865 3669 clamorem.
2888 3614 3070 3684 Itaque
3093 3632 3308 3673 resum-

1724 3709 1829 3778 ptis
1857 3708 2218 3778 expensisque
2239 3707 2467 3778 singulis
2491 3707 3027 3776 comminationibus,
3047 3718 3100 3765 et
3117 3726 3311 3767 earum

1724 3816 1890 3855 sensu
1944 3799 2233 3871 diligenter
2287 3801 2593 3869 explorato,
2661 3808 3071 3868 perscrutemur
3121 3813 3308 3857 utrum

1723 3910 1845 3964 qua:
1868 3893 2127 3946 dicuntur
2153 3905 2255 3945 nos
2279 3890 2443 3944 etiam
2469 3892 2760 3959 attingant.
2803 3891 3078 3959 Auferam,
3110 3893 3310 3962 inquit,

1721 4000 1895 4050 sepem
1931 3982 2065 4051 ejus.
2096 3980 2201 4034 Par
2226 3988 2312 4035 est
2370 3996 2555 4050 sepem
2602 3980 2767 4044 hanc,
2812 3992 3077 4050 praecepta
3116 3984 3308 4054 legalia

1725 4083 1818 4129 aut
1842 4072 2097 4127 lsraelem
2126 4072 2498 4141 interpretari,
2535 4072 2691 4141 juxta
2724 4071 2880 4127 Pauli
2942 4074 3008 4127 ad
3038 4074 3313 4145 Ephesios

1722 4162 2048 4231 Epistolam,
2071 4161 2337 4216 dicentis:
2373 4161 2493 4229 Ipse
2522 4172 2596 4215 est
2626 4161 2787 4234 48],
2825 4180 2916 4232 qui
2961 4166 3190 4219 medium
3212 4183 3310 4232 pa-

1724 4254 1907 4305 rietem
1951 4251 2196 4303 maceria:
2234 4250 2410 4314 solvit,
2444 4251 2608 4319 legem
2654 4252 3029 4307 mandatorum
3081 4255 3311 4310 decretis

1722 4358 1981 4395 cuacuans
2009 4339 2074 4395 ³⁸.
2113 4338 2250 4393 Nam
2280 4340 2421 4395 idem
2457 4341 2547 4395 ille
2597 4339 2779 4410 paries
2821 4343 3032 4398 medius
3059 4352 3115 4399 et
3141 4343 3313 4401 Israel

77 4439 252 4494 τοιχον
289 4428 392 4483 τοῦ
422 4427 698 4498 φραγμοῦ
740 4429 960 4492 λύσας,
1003 4424 1113 4478 τὸν
1138 4423 1252 4495 (75)
1278 4424 1468 4491 νόμον
1502 4422 1625 4476 τῶν

1746 4433 2035 4497 :ustodire,
2081 4441 2134 4487 et
2170 4433 2577 4500 permistionem
2622 4432 3178 4506 conjunctionemque
3210 4452 3307 4507 po-

78 4513 305 4572 ὲντολῶν
350 4519 419 4574 ἐν
447 4519 708 4589 δότ-μασι
754 4515 1161 4585 καταργήσας.
1215 4515 1289 4568 Τὸ
1333 4515 1444 4586 γὰρ
1489 4516 1621 4568 αὐτὸ

80 4606 222 4660 ἐδόκει
254 4611 342 4664 καὶ
371 4612 740 4682 φυλακτήριον
760 4605 900 4663 εἶναι
928 4606 1023 4660 τοῦ
1059 4606 1294 4678 Ἰσραὴλ,
1327 4607 1422 4660 καὶ
1444 4608 1620 4660 κωλυ-

79 4699 203 4754 τικὺν
229 4700 322 4771 τῆς
360 4704 640 4775 ἐπιμιξίας
673 4702 768 4756 καὶ
797 4703 897 4771 τῆς
921 4697 1168 4761 ἑνώσεως
1199 4697 1307 4751 τῶν
1336 4697 1501 4762 λαῶν,
1536 4697 1624 4752 διὰ

78 4789 155 4841 τὸν
187 4791 340 4866 βαρὺν
364 4795 525 4863 ζυγὸν
560 4793 656 4847 τοῦ
679 4793 844 4863 νόμου
878 4788 1259 4845 ἀποκνούντων
1286 4790 1365 4852 είς
1392 4788 1490 4861 τὴν
1520 4806 1624 4841 πα-

84 4878 280 4953 ραδοχὴν
307 4885 399 4939 τοῦ
432 4885 594 4955 λόγον
617 4885 719 4954 τῆς
740 4881 1043 4943 εὐσεϐείας.
1084 4879 1141 4933 '0
1173 4875 1265 4933 οὖν
1291 4881 1351 4932 ὲν
1370 4879 1621 4951 δόγμασι,

80 4973 342 5043 τουτέστιν,
385 4978 443 5031 ὲν
472 4976 823 5049 θεωρήμασιν
851 4972 1077 5044 ὑψηλοῖς
1107 4973 1206 5043 τὴν
1235 4972 1498 5044 σαρκίνην
1527 4971 1625 5026 καὶ⁵

1726 4526 1974 4596 polorum
2001 4523 2269 4593 impedire
2297 4524 2607 4590 videbatur,
2632 4525 2775 4595 quod
2794 4524 3214 4584 reformidarent
3234 4530 3311 4587 ob

1727 4632 1896 4685 grave
1916 4616 2052 4687 legis
2079 4615 2271 4687 iugum
2309 4614 2530 4685 pietatis
2560 4631 2866 4671 sermonem
2901 4618 3174 4688 excipere.
3198 4622 3310 4688 Qui

1728 4708 1894 4779 igitur
1915 4709 1968 4762 in
2004 4712 2257 4774 decretis,
2310 4707 2416 4763 hoc
2460 4716 2565 4775 est,
2613 4708 2666 4761 in
2706 4708 2828 4762 altis
2869 4709 3314 4783 sublimibusqu

1727 4796 2280 4864 contemplationibus
2317 4811 2572 4850 carneam
2611 4805 2665 4850 et
2694 4796 2953 4849 humilem
2997 4797 3188 4868 legalis
3220 4803 3325 4854 lit-.

1728 4891 1862 4939 tera:
1897 4884 2337 4940 observationem
2369 4885 2674 4953 abrogavit,
2706 4886 2750 4938 is
2781 4887 3017 4940 medium
3041 4890 3311 4956 parietem

1733 4977 1982 5033 maceriae
2000 4979 2180 5042 solvit,
2217 4992 2325 5031 non
2359 4979 2499 5047 quod
2531 4978 2792 5049 populum
2816 4992 2979 5033 suum
3003 4980 3308 5051 derelique-

137 5130 178 5164 ⁸³
196 5132 357 5193 Exod.
381 5155 557 5205 nm,
591 5155 680 5196 ιιι.
746 5137 794 5175 ³⁸
819 5136 1078 5201 Lucam,
1098 5134 1155 5190 7.
1228 5135 1273 5167 ³⁵
1297 5131 1497 5190 Jerem.
1523 5151 1631 5191 xvtt

1746 5133 1858 5189 40.
1933 5135 1980 5167 ³⁸
2005 5133 2201 5204 Epltes.
2234 5150 2294 5199 ll,
2329 5132 2419 5198 14,
2444 5133 2534 5189 l5.

144 5289 244 5367 ίῳ)
296 5293 452 5367 Editi,
484 5295 582 5349 ml.
642 5293 939 5367 θυμωθείς,
991 5303 1047 5348 et
1106 5294 1179 5346 ita
1216 5291 1627 5367 quoque‘apud

85 5355 412 5492 kxkxgggitur
440 5355 466 5421 ﬁ:
501 5368 595 5421 sed
646 5355 936 5421 iu'uostris
982 5379 1077 5419 sex
1130 5355 1262 5417 mss.
1309 5355 1410 5414 vus
1446 5355 1631 5433 θυμω-

116 5445 139 5479 ε
298 5446 378 5487 .sl.

116 5445 185 5487 εις
218 5445 378 5487 (ιεεδι.

150 5501 249 5576 σύ)
278 5503 491 5576 Veteres
517 5516 626 5559 tres
649 5507 793 5571 libri,
823 5504 918 5559 καὶ
943 5505 1043 5576 οὐχ
1074 5502 1332 5576 εὑρίσκω.
1357 5501 1460 5554 Alii
1495 5509 1624 5576 tres,

193 5568 261 5643 μὴ
289 5574 571 5643 εὑρίσκων.
597 5568 790 5631 Statim
812 5576 941 5630 editi
967 5568 1152 5630 et‘duo'
1173 5587 1328 5635 mss.,
1349 5574 1624 5643 καταργῇ.

90 5636 323 5717 “iures.
344 5636 628 5717 ίιριταργει.

150 5708 250 5783 (71)
287 5708 508 5773 Codices
534 5708 689 5784 'tres,
728 5714 824 5770 καὶ
860 5714 952 5769 ἐπὶ
994 5712 1297 5787 βασιλείαν.
1356 5710 1460 5766 Alii
1518 5711 1630 5766 duo

1728 5309 1850 5348 cum
1882 5292 2061 5358 editis,
2101 5291 2195 5345 καὶ
2230 5290 2527 5362 βασιλείαν.

1799 5363 1917 5432 (72)
1960 5365 2142 5416 Codex
2202 5360 2360 5426 unus,
2402 5363 2476 5432 μή
2522 5378 2658 5425 πως.
2690 5360 2982 5429 Aliquanto
3029 5368 3153 5429 post
3194 5361 3316 5432 dm)

1725 5431 1838 5505 mss
1868 5474 1905 5505 ζ
1918 5433 2173 5505 φραγμὸν
2197 5431 2415 5505 Δνοῆσαιέ
2447 5431 2647 5487 Ibidem
2679 5434 2848 5486 nostri
2877 5446 2970 5486 ses
3007 5448 3166 5497 ωειλ,
3186 5431 3308 5503 ἦτοι

1724 5503 1833 5557 τόν.
1868 5502 2030 5564 Ειιίιὶ,
2062 5502 2097 5564 ἦ
2127 5502 2220 5555 καὶ
2239 5502 2354 5558 τόν.

1797 5573 1908 5646 (7'5)
1945 5568 2365 5646 Beg.'quartus,
2404 5571 2499 5626 xui.
2534 5570 2648 5625 τόν.
2685 5568 3009 5646 Voculauul
3054 5569 3313 5643 nequeb

1725 5642 1909 5715 editis,
1941 5642 2112 5714 neque
2149 5648 2203 5699 in
2237 5643 2618 5712 aliisquatuor
2647 5657 2780 5698 mss.
2808 5642 3026 5713 legitur.
