3808 6212
481 283 591 343 555

1433 279 1783 339 APPENDIX
1819 276 2107 335 OPERUM
2146 274 2205 332 S.
2245 273 2494 331 BASlLll
2530 271 2766 331 MAGNI.

3643 264 3741 320 55ξί

483 404 558 461 rit
589 404 796 475 absque
819 401 1353 468 circummunitione,
1403 404 1498 457 sed
1546 402 1688 472 quod
1721 402 1776 453 in
1805 413 1914 453 uno
1932 397 2056 451 ovili

2164 393 2424 465 ταπεινὴν
2469 392 2564 447 τοῦ
2601 389 2826 464 νομικοῦ
2853 387 3178 462 γράμματος
3204 385 3592 458 παρατήρησιν
3615 400 3740 438 κατ-

488 500 640 554 illum
667 498 967 561 incluserit,
993 505 1054 553 ut
1090 500 1187 553 ﬁat
1226 512 1366 553 unus
1397 512 1552 567 grex,
1592 509 1737 549 unus
1776 503 1960 564 pastor
1987 492 2054 545 ".

488 589 641 647 Nunc
658 589 824 658 igitur
848 588 1129 659 Scriptura
1148 590 1388 643 minatur
1416 587 1584 641 Deum
1615 585 1906 639 maceriam
1938 596 2059 636 esse

487 682 832 744 diruturum,
868 679 919 731 id
964 689 1049 733 est
1091 680 1490 733 munimentum
1538 690 1699 729 onmc
1753 673 1823 727 ab
1864 670 2060 726 lsraele

487 774 817 828 ablaturum.
861 770 929 824 Et
966 769 1204 825 fortasse
1235 784 1363 824 cum
1412 782 1510 837 per
1538 766 1761 835 angelos
1809 764 1866 817 in
1895 777 2057 816 tnanu

485 862 800 919 mediatoris
830 861 955 916 data
996 862 1079 914 lex
1120 862 1192 915 sit
1217 860 1287 926 ³⁸,
1330 861 1503 930 ipsam
1552 859 1717 912 etiam
1748 854 2058 911 custodiam

486 954 802 1024 angelorum
831 953 1100 1007 terminos
1147 949 1365 1006 lsraelis
1401 950 1669 1004 tuentium
1715 949 2057 1001 sublaturum

486 1059 544 1098 se
564 1044 787 1098 indicat.
817 1042 1088 1097 Fortassis
1121 1042 1286 1095 etiam
1338 1056 1462 1094 cum
1518 1039 1899 1109 unusquisque
1958 1052 2058 1091 no-

486 1146 664 1190 strum
711 1135 805 1203 qui
851 1133 1051 1189 habeat
1098 1144 1348 1187 sanctum
1386 1132 1635 1200 angelqu
1663 1138 2059 1185 castramctan-

484 1233 593 1278 tem
625 1224 679 1277 in
709 1224 944 1278 circuitu
999 1224 1313 1277 timentium
1360 1222 1670 1285 Dominum,
1728 1221 1782 1275 iu
1823 1221 2060 1290 peccatis

483 1324 758 1377 versatus,
786 1314 1064 1367 intentata!
1083 1314 1209 1368 huic
1227 1314 1396 1383 plagae
1421 1313 1636 1367 futurus
1661 1319 1746 1367 est
1771 1312 2056 1375 obnoxius;

484 1410 540 1454 et
570 1416 729 1456 muro
760 1402 1082 1469 privabitur,
1111 1402 1279 1456 tutela
1321 1400 1573 1455 videlicet
1605 1411 1919 1454 sanctarum
1952 1399 2061 1452 vir-

489 1502 690 1558 tutum,
751 1507 868 1559 qute
915 1492 1135 1560 quidem
1174 1490 1416 1560 quandiu
1468 1489 1762 1555 adfuerint,
1795 1503 1890 1544 eos
1921 1502 2059 1557 quos

485 1581 620 1651 ipsa
662 1582 1000 1645 custodiunt,
1066 1580 1515 1652 inexpugnabiles
1565 1586 1809 1635 servant.
1864 1579 2059 1632 Anima

486 1683 670 1729 autem
698 1675 876 1730 omnis
900 1689 1021 1744 quae
1042 1674 1144 1728 hoc
1168 1675 1420 1744 praesidio
1447 1672 1782 1737 destituitur,
1801 1670 2059 1741 objicitur

2160 488 2430 557 αργήσας,
2464 486 2627 550 αὐτὸς
2657 486 2816 539 ἔλυσε
2862 481 2957 535 τοῦ
3000 479 3259 552 φραγμοῦ
3300 477 3366 531 τὸ
3406 478 3738 548 μεσότοιχον,

2160 580 2262 632 ούκ
2292 579 2703 649 ἀπερίφρακτον
2751 574 3182 646 καταλιμπάνων
3229 570 3323 625 τὸν
3359 568 3557 624 ἑαυτοῦ
3594 568 3736 630 λαὸν,

2160 671 2295 726 ἀλλά
2329 674 2428 743 μιᾷ
2460 671 2879 743 περιλαμϐάνων
2916 667 3029 740 (74)
3067 665 3228 737 αὐλῇ,
3256 666 3343 718 ἶνα
3375 663 3607 734 γένηται
3646 660 3738 731 μία

2161 763 2391 835 ποίμνη,
2425 757 2506 826 εἷς
2539 762 2760 833 ποιμήν.
2798 760 2912 813 Νῦν
2945 754 3039 812 οὖν
3067 758 3280 811 ἀπειλεῖ
3312 757 3342 808 6
3367 756 3523 824 λόγος
3554 752 3710 806 καθαι

2165 856 2351 926 ρήσειν
2381 852 2472 907 τὸν
2501 852 2752 924 φραγμόν
2771 869 2784 883 ·
2816 851 3086 916 τουτέστι,
3111 851 3219 903 πᾶν
3252 848 3622 918 φυλακτήρων
3649 841 3735 896 τοῦ

2172 946 2388 1018 Ἰσραὴλ
2418 947 2815 1018 περιαιρήσειν.
2842 945 2955 998 Καὶ
2983 945 3124 1015 τάχα
3164 941 3352 1012 ἐπειδὴ
3396 940 3464 992 δι’
3492 937 3736 1006 ἀγγέλων

2160 1038 2320 1109 ἐδόθη
2353 1039 2383 1090 6
2418 1039 2581 1108 νόμος
2613 1041 2671 1092 έν
2701 1038 2844 1110 χειρὶ
2883 1038 3123 1107 μεσίτου,
3164 1037 3260 1090 καὶ
3296 1035 3395 1106 τὴν
3419 1032 3533 1087 τῶν
3571 1030 3737 1100 ἀγγέ-

2158 1130 2266 1184 λων
2290 1130 2556 1202 φυλακὴν,
2585 1132 2694 1185 τῶν
2719 1132 3098 1203 φρουρούντων
3118 1131 3185 1185 τὰ
3207 1130 3332 1200 ὅρια
3359 1128 3455 1182 τοῦ
3497 1127 3732 1198 Ἰσραὴλ,

2160 1224 2537 1294 περιαιρήσειν
2578 1224 2891 1278 αἰνίττεται.
2940 1223 3164 1295 Μήποτε
3201 1222 3259 1274 δὲ
3289 1221 3384 1275 καὶ
3416 1219 3577 1291 ἡμῶν
3609 1219 3737 1272 ἕκα-

2161 1328 2286 1375 στος
2314 1312 2453 1381 ἔχων
2478 1312 2712 1381 ἄγγελον
2744 1312 2897 1382 ἆγιον
2929 1314 3021 1367 τὸν
3057 1309 3510 1383 παρεμϐάλλοντα
3556 1303 3739 1377 κύκλῳ

2157 1402 2266 1456 τῶν
2307 1403 2658 1473 φοϐουμένων
2696 1404 2789 1457 τὸν
2830 1403 3055 1475 Κύριον,
3106 1405 3165 1457 ὲν
3214 1402 3511 1474 ἁμαρτίαις
3559 1399 3739 1465 ἐξετα-

2160 1492 2329 1558 σθεὶς,
2363 1494 2615 1558 ὑπόδικος
2647 1494 2874 1566 γένηται
2906 1498 2972 1566 τῇ
3007 1494 3365 1567 ἀπειληθείσῃ
3394 1492 3608 1563 πληγῇ,
3648 1492 3739 1545 καὶ

2157 1583 2416 1655 γυμνωθῇ
2445 1582 2539 1637 τοῦ
2571 1585 2787 1655 τείχους
2813 1586 2912 1657 τῆς
2957 1586 3066 1640 ἀπὸ
3105 1585 3215 1638 τῶν
3243 1584 3416 1652 ἁγίων
3453 1585 3736 1654 δυνάμεων

2157 1672 2457 1740 ἀσφαλείας
2475 1690 2489 1705 ο
2522 1675 2747 1742 αἵτινες,
2769 1676 2893 1730 ὅσον
2915 1675 2981 1730 ἂν
3010 1676 3225 1747 παρῶσι
3262 1675 3472 1747 χρόνον,
3503 1673 3738 1728 ἀκαθαι-

487 1768 737 1822 hostibus
767 1768 833 1820 ad
867 1768 1250 1835 direptionem,
1288 1766 1391 1819 hoc
1442 1773 1546 1829 est,
1600 1764 1928 1818 adversariis
1955 1762 2056 1816 vir-

2164 1763 2347 1833 ρέτους
2382 1765 2703 1830 διασώζουσι
2742 1767 2869 1830 τοὺς
2897 1770 3027 1839 παρ’
3056 1765 3238 1820 αὐτῶν
3273 1765 3735 1837 φρουρουμένουςο

482 1859 713 1925 tutibus,
747 1865 801 1914 et
826 1860 891 1913 ad
913 1859 1377 1912 conculcationcm
1405 1856 1525 1925 ejus
1556 1856 1649 1927 qui
1673 1856 2058 1925 gloriabundus

485 1950 648 2003 dicit:
684 1947 970 2018 Postquam
995 1946 1353 2017 perambulavi
1383 1957 1600 2011 terram,
1637 1948 1823 2000 adsunt
1843 1947 1907 2004 ”.
1927 1944 2059 1999 Tale

484 2038 740 2107 quiddam
780 2049 834 2092 et
865 2038 1103 2107 psalmus
1154 2037 1221 2091 de
1259 2039 1418 2092 vinea
1462 2038 1593 2092 dicit
1652 2054 1667 2092 :
1730 2034 1924 2106 thuid
1976 2038 2060 2090 de-

483 2131 729 2191 struxiin
760 2132 1045 2183 maceriam
1077 2128 1190 2197 ejus
1216 2129 1304 2182 δοῖ)
1333 2128 1421 2194 Ει,
1448 2129 1749 2184 Deuastavit
1777 2145 1894 2183 eam
1933 2145 2059 2197 aper

484 2225 549 2275 de
573 2220 702 2275 silva
731 2221 799 2274 δι.
828 2220 931 2287 Qui
961 2222 1104 2275 enim
1134 2221 1363 2275 consilio
1413 2231 1468 2275 et
1507 2220 1712 2275 virtute
1744 2220 2056 2291 angelorum

484 2312 808 2366 communiti
840 2325 947 2365 non
999 2318 1149 2375 sunt,
1196 2312 1234 2365 ii
1272 2311 1486 2367 stolidis
1522 2312 1886 2380 absurdisque
1908 2326 2060 2365 com--

484 2404 816 2458 motionibus
844 2413 1218 2472 exponuntur,
1244 2413 1481 2472 suntque
1512 2405 1849 2474 excipiendis
1879 2402 2059 2473 porcis

484 2494 667 2548 idonei
695 2495 765 2547 ob
797 2494 1004 2562 peccati
1035 2493 1460 2562 graveolentiam
1505 2493 1558 2547 in
1588 2493 1721 2563 ipsis
1742 2491 2057 2547 redundan-

485 2590 619 2651 tem,
662 2597 785 2636 cum
809 2581 983 2651 magis
1010 2597 1074 2637 ac
1104 2583 1277 2642 magis
1324 2584 1532 2651 peccati
1570 2597 1787 2637 cmnum
1815 2597 2059 2637 commo-

483 2681 667 2738 veant,
693 2688 922 2743 seseque
944 2673 996 2726 iu
1049 2687 1115 2728 eo
1142 2672 1409 2726 volutant.
1468 2674 1685 2742 Aliquid
1718 2674 1879 2727 etiam
1913 2672 2061 2740 ejus-

488 2763 635 2817 modi
689 2772 882 2816 narrat
912 2762 1237 2829 Apostolus:
1274 2760 1343 2815 Et
1380 2763 1516 2814 sicut
1551 2779 1656 2815 non
1705 2761 2055 2827 probaverunt

485 2852 655 2908 Deum
688 2853 876 2906 habere
913 2853 969 2905 in
1000 2853 1206 2915 notitia,
1242 2854 1460 2906 tradidit
1515 2853 1637 2906 illos
1691 2853 1830 2907 Deus
1858 2854 1913 2906 in
1937 2870 2055 2915 pas-

486 2945 657 2998 siones
705 2945 1045 3013 ignominiae,
1082 2954 1135 2997 ut
1187 2943 1385 3012 faciant
1444 2962 1506 2998 ea
1552 2960 1669 3014 qua:
1725 2961 1826 2998 non
1872 2962 2056 2998 corrre-

2160 1852 2512 1923 Γυμνωθεῖσα
2533 1854 2589 1907 δὲ
2610 1856 2760 1909 πᾶσα
2779 1855 2926 1927 ψυχὴ
2954 1858 3053 1927 τῆς
3073 1855 3369 1925 ἀσφαλείας
3388 1854 3618 1925 ταύτης,
3650 1853 3738 1908 ἐκ·

2160 1959 2338 1996 κειται
2383 1944 2492 2014 (75)
2538 1946 2619 2008 είς
2659 1944 2967 2017 διαρπαγὴν
3020 1949 3131 2009 τοῖς
3191 1945 3425 2017 ἐχθροῖς,
3489 1946 3736 1999 τουτέστι

2158 2036 2280 2097 ταῖς
2317 2035 2718 2105 ἀντικειμέναις
2756 2036 3080 2108 ἐνεργείαις,
3127 2036 3222 2090 καὶ
3258 2038 3338 2100 είς
3364 2036 3735 2107 καταπάτημα

2158 2125 2254 2178 τοῦ
2296 2125 2721 2197 ἐγκαυχωμένου
2770 2128 2865 2181 καὶ
2897 2127 3165 2196 λέγοντος,
3204 2130 3286 2183 ὅτι
3325 2128 3739 2197 Ἐμπεριπατήα

2159 2231 2276 2281 σας
2299 2215 2415 2284 τὴν
2432 2216 2791 2287 οἰκουμένην
2813 2219 3068 2289 πάρειμι.
3099 2218 3350 2273 Τοιοῦτόν
3373 2237 3427 2274 τι
3447 2220 3546 2274 καὶ
3570 2221 3598 2273 6
3612 2220 3737 2290 ψαλ-

2163 2308 2263 2379 μὸς
2285 2309 2414 2380 περὶ
2439 2309 2687 2379 ἀμπέλου
2721 2311 2886 2382 φησίν
2908 2328 2921 2342 ο
2953 2313 3076 2366 Ἵνα
3096 2313 3153 2365 τί
3179 2311 3452 2378 καθεῖλες
3477 2312 3588 2365 τὸν
3603 2329 3737 2381 sapa-

2157 2399 2311 2467 γμύν
2336 2399 2529 2469 αὐτῆς
2544 2416 2564 2464 ;
2592 2402 2709 2468 καὶ,
2758 2402 3132 2472 Ἐλυμήνατο
3170 2402 3367 2471 αὐτὴν
3398 2404 3475 2470 ὗς
3501 2404 3573 2458 ἐκ
3597 2403 3736 2473 δρυ-

2153 2491 2292 2559 μοῦ.
2321 2493 2381 2544 Οί
2401 2494 2509 2565 γὰρ
2534 2493 2608 2565 μὴ
2633 2495 3013 2566 πεφραγμένοι
3040 2495 3182 2566 λόγῳ
3206 2497 3300 2550 καὶ
3322 2495 3554 2567 δυνάμει
3575 2496 3736 2564 ἀγγε-

2139 2583 2304 2654 ’λικῇ,
2340 2584 2546 2640 έκδοτοί
2571 2589 2677 2641 είσι
2701 2590 2812 2651 τοῖς
2833 2588 3050 2657 ἀλόγοις
3078 2591 3342 2662 κινήμασι
3359 2606 3374 2621 ·
3407 2590 3503 2643 καὶ
3531 2588 3621 2643 διὰ
3639 2590 3734 2658 τὴν

2160 2675 2557 2741 πλεονάζουσαν
2577 2680 2636 2732 ὲν
2659 2680 2844 2743 αὐτοῖς
2874 2680 2973 2751 τῆς
3005 2681 3280 2753 ἁμαρτίας
3308 2680 3595 2743 δυσωδίαν,
3619 2683 3737 2734 ἑπι-

2157 2767 2357 2836 τήδειοί
2378 2772 2482 2822 εἰσι
2506 2771 2703 2841 χοίρων
2726 2771 3014 2842 ὑποδοχῆς,
3043 2773 3137 2825 ἐπὶ
3155 2772 3316 2826 πλέον
3342 2772 3439 2844 τῆς
3464 2772 3736 2845 ἁμαρτίας

2156 2858 2248 2913 τὸν
2296 2860 2551 2932 βόρϐορον
2595 2863 3017 2931 ἀνακινούντων,
3079 2865 3174 2919 καὶ
3235 2866 3736 2936 ὲγκαλινδουμένων

2158 2951 2325 3022 αὐτῷ.
2361 2954 2612 3007 Τοιοῦτόν
2639 2971 2693 3007 τι
2723 2956 2818 3008 καὶ
2840 2958 2869 3008 6
2913 2956 3236 3020 Ἀπόστολος
3269 2956 3416 3026 λέγει
3442 2974 3456 2987 ·
3490 2959 3604 3011 Καὶ
3634 2974 3738 3011 κα-

487 3036 634 3089 niunt
658 3034 724 3087 ⁸⁸.
749 3034 864 3088 lloc
888 3044 995 3099 est,
1020 3035 1110 3104 qui
1131 3035 1355 3088 rationis
1380 3038 1679 3090 custodiam
1714 3036 1988 3105 rejiciunt,
2017 3039 2055 3092 ii

2164 3039 2276 3107 θὼς
2301 3044 2409 3096 οὐκ
2437 3042 2806 3113 ἐδοκίμασαν
2830 3045 2936 3098 τὸν
2958 3045 3105 3100 Θεὸν
3123 3045 3287 3115 ἔχειν
3305 3048 3376 3100 ἐν
3398 3047 3735 3117 ἐπιγνώσει,

487 3137 674 3198 patent
698 3126 951 3181 belluinis
996 3127 1424 3198 cogitationibus
1473 3135 1528 3181 ct
1580 3128 1910 3183 dmmonibus
1950 3128 2052 3182 itu-

2164 3132 2497 3199 παρέδωκεν
2554 3136 2778 3203 αὐτοὺς
2841 3139 2877 3190 ό
2935 3136 3081 3203 Θεὸς
3136 3140 3225 3204 εὶς
3280 3138 3440 3205 πάθη
3479 3140 3736 3208 ἀτιμίας,

485 3217 693 3287 probis,
719 3218 812 3285 qui
846 3217 981 3284 ipsis
1010 3218 1089 3272 eis
1127 3226 1378 3273 auctores
1431 3227 1559 3272 sunt
1598 3219 1949 3285 impuritatis.
1990 3220 2056 3274 Et

2164 3224 2349 3277 ποιεῖν
2383 3224 2456 3279 τὰ
2484 3225 2567 3293 μὴ
2599 3227 2959 3293 καθήκοντα.
2996 3228 3307 3295 Τουτέστιν,
3335 3230 3385 3283 oi
3412 3230 3513 3301 τὴν
3547 3232 3613 3282 ὲκ
3644 3231 3738 3283 τοῦ

484 3308 707 3380 quidem
741 3310 961 3379 pertigit
987 3310 1053 3362 ad
1078 3308 1245 3364 Israel
1273 3310 1628 3363 comminatio
1664 3319 1797 3371 tum,
1837 3326 1959 3364 cum
1984 3310 2056 3366 ob

2164 3315 2314 3384 λόγου
2366 3317 2608 3390 φυλακὴν
2656 3320 3072 3384 ἀποϐάλλοντες,
3114 3319 3320 3374 ἔκδοτοι
3356 3322 3464 3374 εἰσι
3501 3324 3616 3384 τοῖς
3651 3321 3740 3391 βο-

485 3410 766 3470 pcccatum
830 3403 1089 3455 adversus
1152 3400 1437 3455 Dominum
1519 3398 1815 3454 admissum
1869 3400 2052 3455 traditi

2164 3407 2539 3477 σκηματώδεσι
2599 3409 2898 3480 λογισμοῖς,
2972 3413 3070 3465 καὶ
3124 3414 3384 3483 πονηροῖς
3441 3411 3739 3481 δαιμονίοις

486 3493 756 3562 gentibus,
792 3490 980 3559 eisque
1037 3490 1307 3559 permissi,
1362 3489 1484 3543 facti
1512 3497 1640 3543 sunt
1680 3490 1737 3544 in
1792 3490 2055 3560 direptio-

485 3597 611 3636 nem
639 3588 800 3648 atque
830 3581 884 3633 in
909 3578 1374 3634 conculcationem
1409 3580 1675 3634 hostium.

2154 3498 2267 3559 τοῖς
2299 3497 2369 3551 τά
2403 3498 2686 3571 ἀκάθαρτα
2728 3499 3062 3572 ἐνεργοῦσιν.
3103 3503 3229 3555 Ἐπὶ
3263 3503 3446 3573 μέντοι
3494 3501 3592 3556 τοῦ
3635 3502 3738 3555 Ἶσ-

2159 3585 2293 3658 ραὴλ
2326 3586 2560 3657 ἔφθασεν
2609 3592 2643 3661 ὴ
2678 3591 2896 3663 ἀπειλὴ,
2931 3593 3021 3647 ὅτε
3054 3593 3144 3647 διὰ
3184 3593 3284 3665 τὴν
3308 3596 3390 3658 εἰς
3410 3594 3503 3647 τὸν
3535 3594 3741 3665 Κύριον

483 3672 761 3745 ἁμαρτίαν
814 3670 1019 3724 ἔκδοτοι
1064 3673 1176 3734 τοῖς
1222 3670 1432 3726 ἔθνεσιν
1469 3671 1764 3740 ἀφεθέντες
1808 3670 1946 3745 (76),
2021 3673 2105 3738 είς
2161 3675 2467 3751 διαρπαγὴν
2524 3681 2772 3751 ἐγένοντο
2831 3686 2925 3738 καὶ
2984 3686 3355 3757 καταπάτημα
3416 3684 3526 3741 τῶν
3584 3687 3744 3741 πολε-

486 3769 649 3839 μίων.

555 3864 678 3916 146.
721 3862 921 3918 Deinde
959 3863 1037 3917 ait
1076 3880 1091 3916 :
1139 3860 1206 3916 Et
1254 3862 1466 3917 diruam
1507 3864 1790 3918 maceriam
1835 3865 1975 3936 ejus,
2008 3875 2057 3919 et

482 3956 584 4009 erit
610 3958 664 4008 in
689 3956 1160 4009 conculcationem.
1190 3955 1397 4010 Collata
1441 3970 1471 4010 a
1498 3971 1556 4010 se
1595 3956 1647 4009 in
1679 3956 1932 4026 populum
1964 3957 2057 4011 be-

483 4046 677 4100 neﬁcia
730 4045 980 4113 superius
1030 4060 1155 4100 cum
1196 4056 1544 4112 recenseret,
1593 4046 1820 4102 aiebat:
1870 4046 2056 4117 Sepem

483 4137 868 4207 circumposui,
909 4146 959 4190 et
998 4138 1257 4204 wdiﬁcaui
1292 4138 1529 4191 turrim:
1555 4138 1642 4193 hic
1690 4153 1851 4203 vero,
1892 4139 2057 4209 Aufe-

483 4248 598 4286 rtmt
620 4233 789 4285 sedem
813 4230 929 4300 ejus
951 4272 967 4296 ,
1001 4237 1053 4282 et
1085 4230 1299 4281 diruam
1344 4245 1554 4282 murum
1578 4269 1593 4293 ,
1631 4244 1730 4299 pro
1765 4230 1901 4284 tttrri
1928 4270 1944 4292 ,
1999 4241 2060 4285 ut

485 4331 637 4392 puto,
662 4321 848 4375 dicens
877 4332 1110 4385 murum,
1141 4318 1397 4387 quoniam
1423 4320 1594 4372 turris
1626 4319 1797 4374 muris
1823 4331 2059 4389 quatuor

2232 3864 2357 3920 146.
2396 3859 2532 3920 Εἶτά
2560 3882 2728 3935 φησι·
2759 3866 2869 3921 Καὶ
2903 3866 3136 3924 καθελῶ
3161 3868 3269 3922 τὸν
3295 3868 3501 3937 τοῖχον
3528 3871 3741 3935 αὑτοῦ,

2161 3957 2259 4013 καὶ
2282 3957 2455 4010 ἔσται
2479 3957 2568 4021 εις
2596 3955 3007 4025 καταπάτημα.
3050 3959 3138 4012 Ἐν
3170 3961 3283 4023 τοῖς
3311 3959 3424 4014 ἄνω
3445 3960 3745 4032 διηγούμε-

2161 4064 2251 4111 νος
2299 4045 2400 4109 τὰς
2429 4047 2561 4115 παρ’
2590 4045 2786 4099 ἑαυτοῦ
2814 4048 2897 4110 είς
2924 4048 3017 4101 τὸν
3049 4048 3177 4102 λαὸν
3208 4050 3556 4122 εὐεργεσίας.
3594 4056 3746 4120 Φρα-

2160 4137 2332 4209 τμὸν,
2375 4136 2530 4205 φησὶ,
2577 4135 2896 4205 περιέθηκα
2913 4177 2928 4201 ,
2955 4137 3056 4190 καὶ
3094 4137 3451 4208 ᾠκοδόμησα
3475 4142 3739 4211 πύργον·

2161 4228 2395 4282 ἐνταῦθα
2425 4227 2503 4292 δὲ,
2546 4226 2776 4296 Ἀφελῶ
2801 4227 2907 4281 τὸν
2938 4228 3211 4299 φραγμὸν
3238 4231 3447 4297 αὐτοῦ,
3478 4234 3581 4286 καὶ
3611 4240 3745 4290 καθ-

2160 4320 2279 4376 ελῶ
2314 4319 2422 4374 τὸν
2448 4319 2676 4390 τοῖχον,
2719 4321 2840 4373 ἀντὶ
2877 4320 3111 4393 πύργου,
3143 4322 3221 4387 ὡς
3243 4320 3416 4395 οἶμαι,
3442 4326 3536 4381 τὸν
3568 4331 3743 4401 τοῖχον

484 4414 627 4469 inter
651 4427 711 4467 se
745 4426 841 4481 per
876 4409 1105 4480 angulos
1129 4410 1436 4480 conjunctis
1465 4419 1718 4471 constat;
1753 4411 1826 4465 ita
1867 4422 1926 4464 ut
1950 4411 2056 4465 illic

2164 4410 2337 4479 λέγων
2356 4425 2370 4440 ·
2403 4409 2529 4462 ἐπεὶ
2558 4410 2655 4463 καὶ
2687 4412 2716 4464 ἀ
2743 4409 2953 4482 πύργος
2975 4411 3240 4483 τέσσαρές
3268 4415 3376 4467 εἰσι
3394 4417 3566 4486 τοῖχοι
3601 4419 3743 4470 κατά

484 4505 627 4562 altus
643 4519 922 4559 murorum
955 4504 1129 4556 vinea:
1159 4500 1395 4555 ambitus
1432 4515 1532 4571 per
1561 4501 1751 4555 turrim
1792 4502 1862 4555 sit
1893 4502 2053 4555 intel-

485 4595 730 4666 ligendus
756 4633 772 4655 ,
804 4602 864 4648 ut
906 4593 1182 4646 inaccessa
1215 4599 1366 4645 esset
1415 4591 1665 4646 hostibus
1699 4600 1863 4662 atque
1903 4593 2053 4651 inex-

483 4684 808 4757 pugnabilis.
833 4683 978 4752 Quin
1000 4691 1055 4737 et
1077 4681 1345 4737 evertitur
1372 4696 1559 4735 murus
1582 4691 1787 4745 noster,
1814 4698 1936 4736 cum
1960 4698 2057 4750 per

483 4778 788 4833 socordiam
844 4774 1229 4843 ignaviamque
1280 4772 1682 4827 reddiderimus
1730 4787 1829 4827 nos
1889 4773 2055 4828 tutela

483 4867 791 4923 divinorum
823 4864 1132 4933 dogmatqu
1163 4861 1436 4928 indignos.
1483 4860 1624 4915 Deus
1662 4860 1879 4930 quidem
1909 4861 2054 4929 justo

485 4955 652 5011 turris
681 4963 766 5009 est
797 4968 828 5008 a
855 4951 1022 5025 482
1053 4951 1194 5007 facie
1222 4950 1427 5005 inimici
1459 4950 1505 4982 ’θ’
1534 4969 1549 5005 :
1581 4951 1676 5005 sed
1710 4967 1740 5005 a
1769 4963 2055 5021 peccatore

482 5047 556 5103 ob
581 5045 991 5113 derelictionem
1012 5042 1191 5098 omnis
1214 5041 1460 5097 custodia
1482 5050 1539 5095 et
1573 5042 1739 5097 totius
1764 5045 1908 5098 arcis
1930 5059 2057 5113 pro-

482 5136 846 5208 pugnaculum
884 5133 1151 5190 aufertur.
1196 5131 1263 5185 Et
1310 5131 1575 5186 dimittam
1615 5133 1819 5187 vineam
1847 5150 2015 5189 meam
2040 5175 2056 5201 ,

2161 4502 2365 4571 γωνίας
2397 4500 2650 4573 ἀλλήλοις
2698 4502 3094 4573 συναπτόμενοι
3116 4521 3131 4535 ο
3179 4503 3321 4558 ὥστε
3344 4505 3506 4559 κάκεῖ
3529 4507 3741 4581 πύργον

2159 4591 2395 4647 νοεῖσθαι
2421 4592 2533 4663 (77)
2560 4592 2659 4661 τὴν
2685 4592 2895 4664 ὑψηλὴν
2922 4594 3017 4648 τοῦ
3058 4595 3381 4666 ἀμπελῶνος
3406 4597 3520 4651 τῶν
3542 4600 3739 4671 τοίχων

2157 4683 2473 4757 περιϐολὴν,
2502 4683 2638 4755 πρὸς
2670 4683 2732 4737 τὸ
2751 4684 3054 4756 ἀνέμϐατον
3081 4686 3245 4743 αὐτὸν
3268 4683 3408 4743 εἶναι
3434 4691 3533 4744 καὶ
3556 4692 3738 4745 ἀνεπι-

2156 4776 2408 4847 χείρητον
2435 4778 2551 4842 τοῖς
2583 4777 2958 4841 ὑπεναντίοις.,
2983 4779 3095 4832 Καὶ
3123 4778 3281 4850 ἡμῶν
3311 4780 3373 4834 δὲ
3401 4784 3584 4853 τοῖχος
3608 4784 3740 4838 καθ-

2160 4872 2428 4939 αιρεῖται,
2467 4871 2596 4924 ὃταν
2638 4869 2893 4936 ἀναξίους
2925 4871 3153 4935 ἑαυτοὺς
3195 4873 3297 4944 τῆς
3327 4874 3393 4926 ὲκ
3440 4875 3553 4929 τῶν
3583 4875 3740 4930 θείων

2162 4959 2448 5031 δογμάτων
2481 4962 2750 5033 φυλακῆς,
2799 4960 2888 5014 διὰ
2940 4961 3210 5033 ῥᾳθυμίας
3259 4965 3603 5036 ποιήσωμεν.
3651 4966 3740 5037 Τῷ

2168 5050 2266 5120 μὲν
2290 5052 2401 5124 γὰρ
2427 5052 2621 5124 δικαίῳ
2656 5052 2866 5125 πύργος
2894 5052 3043 5106 ἐστὶν
3078 5053 3108 5104 6
3141 5053 3273 5117 Θεὸς
3304 5052 3412 5107 ἀπὸ
3441 5055 3736 5127 προσώπου

2163 5139 2384 5209 ἐχθροῦ,
2408 5138 2504 5193 τοῦ
2535 5140 2590 5193 δὲ
2622 5139 2949 5211 ἀμαρτωλοῦ
2981 5138 3093 5211 (78)
3119 5139 3207 5193 διὰ
3225 5140 3325 5195 τὴν
3352 5142 3740 5214 ὲγκατάλειψιν

554 5250 599 5283 ³⁷
618 5249 774 5328 Σἰοειιι.
805 5264 863 5317 x,
892 5246 979 5328 16.
1052 5245 1098 5279 ⁸⁸
1122 5243 1409 5307 Galat.1u,
1432 5242 1519 5298 l9.
1593 5245 1637 5276 ”
1660 5243 1763 5301 .lnb
1817 5260 1861 5312 ι,
1889 5247 1946 5302 7.
2017 5247 2056 5279 ⁸⁸

2164 5252 2223 5306 al.
2250 5268 2437 5318 anx,
2469 5253 2555 5308 15.
2637 5252 2680 5284 ⁵⁸
2710 5253 2841 5310 ibid.
2871 5253 2958 5308 M.
3020 5253 3065 5287 “
3090 5253 3243 5309 Rom.
3274 5270 3314 5321 ι,
3348 5255 3441 5312 28.
3515 5258 3565 5289 ”
3597 5257 3734 5313 Psal.

483 5338 571 5383 ιιι,
605 5321 661 5377 4.

578 5410 668 5480 74)
692 5410 845 5465 Colb.
868 5407 1154 5469 secundus,
1183 5405 1600 5480 περιλαμϐάνει.

580 5474 667 5551 75)
697 5482 837 5534 Editi
864 5490 925 5551 et
947 5493 1237 5551 unusms.,
1271 5474 1535 5545 ἔγκειται.
1567 5474 1673 5533 Alii
1708 5485 1839 5543 tres,
1874 5476 2056 5532 ἔκκει-

483 5549 595 5607 ται.
618 5549 797 5605 Codex
827 5550 983 5612 alius,
1011 5549 1207 5601 κεῖται.

2234 5408 2347 5486 (78)
2371 5411 2589 5486 Antiqui
2611 5426 2704 5486 s_ex
2734 5411 2883 5486 libri,
2907 5408 3003 5486 τού
3023 5410 3080 5465 δὲ
3101 5411 3462 5486 ἀμαρτωλοῦ.
3488 5411 3737 5486 Εάῖιί,τῷ

2160 5479 2219 5533 δὲ
2245 5480 2606 5559 ἁμαρτωλῷ..-
2624 5481 2818 5537 Statim
2841 5483 2992 5559 .editi
3023 5491 3079 5536 et
3118 5479 3237 5559 tres:
3270 5479 3734 5559 mss.,_6xupdittsl

2156 5566 2249 5623 τος
2279 5550 2542 5623 προϐολή.
2570 5551 2702 5622 Reg.
2733 5551 2947 5623 te_rtius,
2981 5551 3264 5622 περιϐολή,
3293 5556 3451 5607 castri
3477 5550 3731 5608 'au'tbiius.

556 5621 672 5698 (76)
704 5623 893 5674 Nostra
927 5619 1095 5698 editio
1125 5631 1182 5671 et
1224 5616 1359 5687 Reg.
1392 5616 1621 5686 primus,
1647 5617 1892 5688 ἀφέντες.
1943 5617 2049 5674 Alii

2164 5618 2288 5689 Reg.
2323 5616 2551 5692 quartus
2591 5616 2714 5679 cuiu
2758 5620 2917 5680 Colb.
2956 5616 3154 5693 primo,
3203 5616 3503 5698 προσϐολή,
3562 5627 3734 5682 minus

485 5686 898 5763 quinque_tns_s.,
930 5686 1241 5756 ἀφεθέντες.

560 5756 670 5831 (77)
696 5759 833 5815 Editi
862 5768 917 5815 et
946 5768 1056 5813 tres
1079 5771 1233 5825 tuss.,
1257 5756 1514 5813 νοεῖσθαι.
1542 5758 1642 5815 Alii
1675 5768 1803 5827 tres,
1823 5756 2036 5831 νοῆσαι.

2150 5700 2319 5748 recte.
