  <div class='ocr_page' id='page_1' title='image "/cluster/home/n/w/nwhite01/storage/ocr_20150623/30/nnc1.0046978810/186.png"; bbox 0 0 3808 6212; ppageno 0'>
   <div class='ocr_carea' id='block_1_1' title="bbox 147 285 242 344">
    <p class='ocr_par' dir='ltr' id='par_1_1' title="bbox 147 285 242 344">
     <span class='ocr_line' id='line_1_1' title="bbox 147 285 242 344; baseline -0.063 0"><span class='ocrx_word' id='word_1_1' title='bbox 147 285 242 344; x_wconf 78' lang='lat'><strong>357</strong></span> 
     </span>
    </p>
   </div>
   <div class='ocr_carea' id='block_1_2' title="bbox 962 277 2480 337">
    <p class='ocr_par' dir='ltr' id='par_1_2' title="bbox 962 277 2480 337">
     <span class='ocr_line' id='line_1_2' title="bbox 962 277 2480 337; baseline -0.001 -1"><span class='ocrx_word' id='word_1_2' title='bbox 962 279 1315 337; x_wconf 75' lang='lat' dir='ltr'><strong>COMMENT.</strong></span> <span class='ocrx_word' id='word_1_3' title='bbox 1360 280 1428 335; x_wconf 84' lang='lat' dir='ltr'><strong>IN</strong></span> <span class='ocrx_word' id='word_1_4' title='bbox 1464 279 1700 336; x_wconf 76' lang='lat' dir='ltr'><strong>ISAIAM</strong></span> <span class='ocrx_word' id='word_1_5' title='bbox 1737 277 2181 336; x_wconf 74' lang='lat' dir='ltr'><strong>PROPHETAM.</strong></span> <span class='ocrx_word' id='word_1_6' title='bbox 2221 280 2377 337; x_wconf 82' lang='lat' dir='ltr'><strong>CAP.</strong></span> <span class='ocrx_word' id='word_1_7' title='bbox 2418 280 2480 336; x_wconf 72' lang='grc' dir='ltr'><strong>ν.</strong></span> 
     </span>
    </p>
   </div>
   <div class='ocr_carea' id='block_1_3' title="bbox 3274 286 3383 344">
    <p class='ocr_par' dir='ltr' id='par_1_3' title="bbox 3274 286 3383 344">
     <span class='ocr_line' id='line_1_3' title="bbox 3274 286 3383 344; baseline 0 0"><span class='ocrx_word' id='word_1_8' title='bbox 3274 286 3383 344; x_wconf 71' lang='lat'><strong>533</strong></span> 
     </span>
    </p>
   </div>
   <div class='ocr_carea' id='block_1_4' title="bbox 145 394 1708 471">
    <p class='ocr_par' dir='ltr' id='par_1_4' title="bbox 145 396 1704 471">
     <span class='ocr_line' id='line_1_4' title="bbox 145 396 1704 471; baseline -0.004 -18"><span class='ocrx_word' id='word_1_9' title='bbox 145 401 485 471; x_wconf 78' lang='grc' dir='ltr'><strong>περιαιρεῖται</strong></span> <span class='ocrx_word' id='word_1_10' title='bbox 515 397 662 452; x_wconf 80' lang='grc' dir='ltr'>πᾶσα</span> <span class='ocrx_word' id='word_1_11' title='bbox 694 396 965 466; x_wconf 86' lang='grc' dir='ltr'>ἀσφάλεια</span> <span class='ocrx_word' id='word_1_12' title='bbox 995 397 1093 451; x_wconf 74' lang='grc' dir='ltr'><strong>καὶ</strong></span> <span class='ocrx_word' id='word_1_13' title='bbox 1112 397 1318 461; x_wconf 81' lang='grc' dir='ltr'>παντὸς</span> <span class='ocrx_word' id='word_1_14' title='bbox 1348 396 1704 467; x_wconf 77' lang='grc' dir='ltr'><strong>ὀχυρώματος</strong></span> 
     </span>
    </p>
   </div>
   <div class='ocr_carea' id='block_1_5' title="bbox 1802 394 3379 471">
    <p class='ocr_par' dir='ltr' id='par_1_5' title="bbox 1803 394 3379 467">
     <span class='ocr_line' id='line_1_5' title="bbox 1803 394 3379 467; baseline 0.004 -19"><span class='ocrx_word' id='word_1_15' title='bbox 1803 406 1849 448; x_wconf 83' lang='lat' dir='ltr'><strong>et</strong></span> <span class='ocrx_word' id='word_1_16' title='bbox 1885 412 1989 448; x_wconf 87' lang='lat' dir='ltr'><strong>non</strong></span> <span class='ocrx_word' id='word_1_17' title='bbox 2016 394 2307 463; x_wconf 81' lang='lat' dir='ltr'><strong>putabimr,</strong></span> <span class='ocrx_word' id='word_1_18' title='bbox 2343 412 2506 466; x_wconf 81' lang='lat' dir='ltr'><strong>neque</strong></span> <span class='ocrx_word' id='word_1_19' title='bbox 2527 395 2780 466; x_wconf 71' lang='lat' dir='ltr'><strong>[odiettm</strong></span> <span class='ocrx_word' id='word_1_20' title='bbox 2815 395 3010 467; x_wconf 87' lang='lat' dir='ltr'><strong>Liquet</strong></span> <span class='ocrx_word' id='word_1_21' title='bbox 3037 398 3161 455; x_wconf 86' lang='lat' dir='ltr'><strong>inde</strong></span> <span class='ocrx_word' id='word_1_22' title='bbox 3188 414 3379 456; x_wconf 89' lang='lat' dir='ltr'><strong>eorum</strong></span> 
     </span>
    </p>
   </div>
   <div class='ocr_carea' id='block_1_6' title="bbox 145 488 1699 563">
    <p class='ocr_par' dir='ltr' id='par_1_6' title="bbox 145 488 1699 563">
     <span class='ocr_line' id='line_1_6' title="bbox 145 488 1699 563; baseline -0.001 -19"><span class='ocrx_word' id='word_1_23' title='bbox 145 490 383 563; x_wconf 77' lang='grc' dir='ltr'>προϐολή.</span> <span class='ocrx_word' id='word_1_24' title='bbox 421 491 527 544; x_wconf 84' lang='lat' dir='ltr'><strong>Kal</strong></span> <span class='ocrx_word' id='word_1_25' title='bbox 562 488 774 555; x_wconf 73' lang='grc' dir='ltr'>ἀνήσω</span> <span class='ocrx_word' id='word_1_26' title='bbox 813 488 923 542; x_wconf 76' lang='grc' dir='ltr'><strong>τὸν</strong></span> <span class='ocrx_word' id='word_1_27' title='bbox 961 489 1287 559; x_wconf 72' lang='grc' dir='ltr'>ἀμπελῶνά</span> <span class='ocrx_word' id='word_1_28' title='bbox 1311 507 1453 559; x_wconf 84' lang='grc' dir='ltr'>μου,</span> <span class='ocrx_word' id='word_1_29' title='bbox 1500 489 1597 543; x_wconf 82' lang='grc' dir='ltr'>καὶ</span> <span class='ocrx_word' id='word_1_30' title='bbox 1627 491 1699 542; x_wconf 85' lang='grc' dir='ltr'>οὐ</span> 
     </span>
    </p>
   </div>
   <div class='ocr_carea' id='block_1_7' title="bbox 138 580 1700 652">
    <p class='ocr_par' dir='ltr' id='par_1_7' title="bbox 138 580 1700 652">
     <span class='ocr_line' id='line_1_7' title="bbox 138 580 1700 652; baseline -0.001 -17"><span class='ocrx_word' id='word_1_31' title='bbox 138 583 215 652; x_wconf 75' lang='grc' dir='ltr'>μὴ</span> <span class='ocrx_word' id='word_1_32' title='bbox 249 580 454 650; x_wconf 78' lang='grc' dir='ltr'>τμηθῇ,</span> <span class='ocrx_word' id='word_1_33' title='bbox 489 580 631 635; x_wconf 82' lang='grc' dir='ltr'>οὐδὲ</span> <span class='ocrx_word' id='word_1_34' title='bbox 666 580 755 650; x_wconf 78' lang='grc' dir='ltr'>μὴ</span> <span class='ocrx_word' id='word_1_35' title='bbox 800 580 1032 650; x_wconf 73' lang='grc' dir='ltr'>σκαφῇ.</span> <span class='ocrx_word' id='word_1_36' title='bbox 1081 581 1362 636; x_wconf 80' lang='grc' dir='ltr'><strong>Ἐντεῦθεν</strong></span> <span class='ocrx_word' id='word_1_37' title='bbox 1403 581 1582 652; x_wconf 82' lang='grc' dir='ltr'>δῆλον,</span> <span class='ocrx_word' id='word_1_38' title='bbox 1617 582 1700 634; x_wconf 86' lang='grc' dir='ltr'>ὅτι</span> 
     </span>
    </p>
   </div>
   <div class='ocr_carea' id='block_1_8' title="bbox 142 670 1697 744">
    <p class='ocr_par' dir='ltr' id='par_1_8' title="bbox 142 670 1697 744">
     <span class='ocr_line' id='line_1_8' title="bbox 142 670 1697 744; baseline -0.001 -17"><span class='ocrx_word' id='word_1_39' title='bbox 142 674 173 744; x_wconf 87' lang='grc' dir='ltr'><strong>ή</strong></span> <span class='ocrx_word' id='word_1_40' title='bbox 199 674 365 736; x_wconf 74' lang='grc' dir='ltr'>ἄνεσις</span> <span class='ocrx_word' id='word_1_41' title='bbox 386 673 494 726; x_wconf 89' lang='grc' dir='ltr'><strong>τῶν</strong></span> <span class='ocrx_word' id='word_1_42' title='bbox 526 671 868 743; x_wconf 80' lang='grc' dir='ltr'><strong>ἁμαρτωλῶν</strong></span> <span class='ocrx_word' id='word_1_43' title='bbox 889 670 1033 725; x_wconf 88' lang='grc' dir='ltr'><strong>κατά</strong></span> <span class='ocrx_word' id='word_1_44' title='bbox 1053 672 1439 741; x_wconf 78' lang='grc' dir='ltr'>ὲγκατάλειψιν</span> <span class='ocrx_word' id='word_1_45' title='bbox 1469 673 1697 740; x_wconf 88' lang='grc' dir='ltr'>γίνεται.</span> 
     </span>
    </p>
   </div>
   <div class='ocr_carea' id='block_1_9' title="bbox 145 759 1700 836">
    <p class='ocr_par' dir='ltr' id='par_1_9' title="bbox 145 759 1700 836">
     <span class='ocr_line' id='line_1_9' title="bbox 145 759 1700 836; baseline -0.001 -19"><span class='ocrx_word' id='word_1_46' title='bbox 145 759 233 817; x_wconf 81' lang='grc' dir='ltr'>Ὧν</span> <span class='ocrx_word' id='word_1_47' title='bbox 270 765 362 835; x_wconf 87' lang='grc' dir='ltr'><strong>μὲν</strong></span> <span class='ocrx_word' id='word_1_48' title='bbox 398 765 507 836; x_wconf 70' lang='grc' dir='ltr'>γὰρ</span> <span class='ocrx_word' id='word_1_49' title='bbox 539 765 874 834; x_wconf 77' lang='grc' dir='ltr'><strong>προνοεῖται,</strong></span> <span class='ocrx_word' id='word_1_50' title='bbox 906 765 935 816; x_wconf 86' lang='grc' dir='ltr'><strong>ό</strong></span> <span class='ocrx_word' id='word_1_51' title='bbox 959 762 1118 831; x_wconf 82' lang='grc' dir='ltr'>λόγος</span> <span class='ocrx_word' id='word_1_52' title='bbox 1144 763 1310 834; x_wconf 83' lang='grc' dir='ltr'>φησίν</span> <span class='ocrx_word' id='word_1_53' title='bbox 1336 778 1350 791; x_wconf 88' lang='grc'><strong>·</strong></span> <span class='ocrx_word' id='word_1_54' title='bbox 1386 764 1470 816; x_wconf 83' lang='grc' dir='ltr'><strong>Οὐ</strong></span> <span class='ocrx_word' id='word_1_55' title='bbox 1490 762 1576 832; x_wconf 81' lang='grc' dir='ltr'>μή</span> <span class='ocrx_word' id='word_1_56' title='bbox 1623 777 1700 816; x_wconf 80' lang='grc' dir='ltr'><strong>σε</strong></span> 
     </span>
    </p>
   </div>
   <div class='ocr_carea' id='block_1_10' title="bbox 144 845 1698 922">
    <p class='ocr_par' dir='ltr' id='par_1_10' title="bbox 144 845 1698 922">
     <span class='ocr_line' id='line_1_10' title="bbox 144 845 1698 922; baseline -0.005 -12"><span class='ocrx_word' id='word_1_57' title='bbox 144 853 268 919; x_wconf 78' lang='grc' dir='ltr'>ἀνῶ,</span> <span class='ocrx_word' id='word_1_58' title='bbox 294 854 415 909; x_wconf 77' lang='grc' dir='ltr'>οὐδ’</span> <span class='ocrx_word' id='word_1_59' title='bbox 463 856 537 908; x_wconf 85' lang='grc' dir='ltr'>οὐ</span> <span class='ocrx_word' id='word_1_60' title='bbox 581 852 667 922; x_wconf 79' lang='grc' dir='ltr'>μή</span> <span class='ocrx_word' id='word_1_61' title='bbox 695 869 769 906; x_wconf 84' lang='grc' dir='ltr'><strong>σε</strong></span> <span class='ocrx_word' id='word_1_62' title='bbox 813 853 1223 921; x_wconf 67' lang='grc' dir='ltr'>ἐγκαταλείποι</span> <span class='ocrx_word' id='word_1_63' title='bbox 1268 850 1412 922; x_wconf 79' lang='grc'><strong>(³79)·</strong></span> <span class='ocrx_word' id='word_1_64' title='bbox 1449 845 1523 904; x_wconf 83' lang='grc' dir='ltr'>ὧν</span> <span class='ocrx_word' id='word_1_65' title='bbox 1556 853 1602 905; x_wconf 84' lang='grc' dir='ltr'>δ’</span> <span class='ocrx_word' id='word_1_66' title='bbox 1632 852 1698 906; x_wconf 84' lang='grc' dir='ltr'>ἂν</span> 
     </span>
    </p>
   </div>
   <div class='ocr_carea' id='block_1_11' title="bbox 146 942 1697 1015">
    <p class='ocr_par' dir='ltr' id='par_1_11' title="bbox 146 942 1697 1015">
     <span class='ocr_line' id='line_1_11' title="bbox 146 942 1697 1015; baseline -0.002 -16"><span class='ocrx_word' id='word_1_67' title='bbox 146 944 399 1008; x_wconf 74' lang='grc' dir='ltr'><strong>παντελῶς</strong></span> <span class='ocrx_word' id='word_1_68' title='bbox 424 942 670 1013; x_wconf 83' lang='grc' dir='ltr'>ἀπογνῷ,</span> <span class='ocrx_word' id='word_1_69' title='bbox 693 942 916 1006; x_wconf 81' lang='grc' dir='ltr'>τούτους</span> <span class='ocrx_word' id='word_1_70' title='bbox 948 944 1170 1006; x_wconf 83' lang='grc' dir='ltr'>ἀνέτους</span> <span class='ocrx_word' id='word_1_71' title='bbox 1186 943 1381 1015; x_wconf 84' lang='grc' dir='ltr'>ἀφίησι</span> <span class='ocrx_word' id='word_1_72' title='bbox 1426 944 1599 995; x_wconf 82' lang='grc' dir='ltr'>ποιεῖν</span> <span class='ocrx_word' id='word_1_73' title='bbox 1630 943 1697 996; x_wconf 85' lang='grc' dir='ltr'><strong>τά</strong></span> 
     </span>
    </p>
   </div>
   <div class='ocr_carea' id='block_1_12' title="bbox 143 1035 1699 1108">
    <p class='ocr_par' dir='ltr' id='par_1_12' title="bbox 143 1035 1699 1108">
     <span class='ocr_line' id='line_1_12' title="bbox 143 1035 1699 1108; baseline -0.001 -19"><span class='ocrx_word' id='word_1_74' title='bbox 143 1036 399 1108; x_wconf 79' lang='grc' dir='ltr'>θελήματα</span> <span class='ocrx_word' id='word_1_75' title='bbox 443 1037 543 1107; x_wconf 82' lang='grc' dir='ltr'>τῆς</span> <span class='ocrx_word' id='word_1_76' title='bbox 588 1036 792 1107; x_wconf 82' lang='grc' dir='ltr'>σαρκὸς</span> <span class='ocrx_word' id='word_1_77' title='bbox 830 1035 925 1089; x_wconf 85' lang='grc' dir='ltr'>καὶ</span> <span class='ocrx_word' id='word_1_78' title='bbox 952 1035 1061 1088; x_wconf 90' lang='grc' dir='ltr'><strong>τῶν</strong></span> <span class='ocrx_word' id='word_1_79' title='bbox 1095 1035 1344 1088; x_wconf 85' lang='grc' dir='ltr'>διανοιῶν</span> <span class='ocrx_word' id='word_1_80' title='bbox 1383 1035 1582 1099; x_wconf 80' lang='grc' dir='ltr'>αὐτῶν,</span> <span class='ocrx_word' id='word_1_81' title='bbox 1622 1036 1699 1100; x_wconf 86' lang='grc' dir='ltr'>ὡς</span> 
     </span>
    </p>
   </div>
   <div class='ocr_carea' id='block_1_13' title="bbox 142 1123 1698 1199">
    <p class='ocr_par' dir='ltr' id='par_1_13' title="bbox 142 1123 1698 1199">
     <span class='ocr_line' id='line_1_13' title="bbox 142 1123 1698 1199; baseline 0.001 -20"><span class='ocrx_word' id='word_1_82' title='bbox 142 1127 227 1199; x_wconf 79' lang='grc' dir='ltr'>τῆς</span> <span class='ocrx_word' id='word_1_83' title='bbox 245 1127 587 1198; x_wconf 88' lang='grc' dir='ltr'>παιδευτικῆς</span> <span class='ocrx_word' id='word_1_84' title='bbox 610 1123 921 1195; x_wconf 81' lang='grc' dir='ltr'><strong>ἀνωφελοῦς</strong></span> <span class='ocrx_word' id='word_1_85' title='bbox 944 1126 1129 1189; x_wconf 80' lang='grc' dir='ltr'>αὐτοῖς</span> <span class='ocrx_word' id='word_1_86' title='bbox 1145 1126 1430 1197; x_wconf 74' lang='grc' dir='ltr'>ἐσομένης.</span> <span class='ocrx_word' id='word_1_87' title='bbox 1462 1126 1698 1195; x_wconf 85' lang='grc' dir='ltr'>Ἀνήσω</span> 
     </span>
    </p>
   </div>
   <div class='ocr_carea' id='block_1_14' title="bbox 141 1215 1697 1291">
    <p class='ocr_par' dir='ltr' id='par_1_14' title="bbox 141 1215 1697 1291">
     <span class='ocr_line' id='line_1_14' title="bbox 141 1215 1697 1291; baseline 0.001 -20"><span class='ocrx_word' id='word_1_88' title='bbox 141 1215 239 1282; x_wconf 73' lang='grc' dir='ltr'>οὖν,</span> <span class='ocrx_word' id='word_1_89' title='bbox 260 1219 404 1291; x_wconf 79' lang='grc' dir='ltr'>φησί,</span> <span class='ocrx_word' id='word_1_90' title='bbox 435 1219 542 1271; x_wconf 71' lang='grc' dir='ltr'><strong>τεν</strong></span> <span class='ocrx_word' id='word_1_91' title='bbox 592 1217 936 1286; x_wconf 70' lang='grc' dir='ltr'>ἀμπελῶνα.</span> <span class='ocrx_word' id='word_1_92' title='bbox 977 1219 1087 1271; x_wconf 83' lang='grc' dir='ltr'>Καὶ</span> <span class='ocrx_word' id='word_1_93' title='bbox 1122 1219 1177 1271; x_wconf 87' lang='grc' dir='ltr'><strong>τί</strong></span> <span class='ocrx_word' id='word_1_94' title='bbox 1216 1218 1327 1287; x_wconf 87' lang='grc'><strong>(80)</strong></span> <span class='ocrx_word' id='word_1_95' title='bbox 1360 1218 1423 1271; x_wconf 82' lang='grc' dir='ltr'><strong>τὸ</strong></span> <span class='ocrx_word' id='word_1_96' title='bbox 1449 1220 1697 1274; x_wconf 76' lang='grc' dir='ltr'>ἐντεῦθεν</span> 
     </span>
    </p>
   </div>
   <div class='ocr_carea' id='block_1_15' title="bbox 144 1307 1694 1380">
    <p class='ocr_par' dir='ltr' id='par_1_15' title="bbox 144 1307 1694 1380">
     <span class='ocr_line' id='line_1_15' title="bbox 144 1307 1694 1380; baseline 0.001 -18"><span class='ocrx_word' id='word_1_97' title='bbox 144 1308 275 1379; x_wconf 78' lang='grc' dir='ltr'>αὐτῷ</span> <span class='ocrx_word' id='word_1_98' title='bbox 322 1308 648 1378; x_wconf 77' lang='grc' dir='ltr'>συμϐαῖνονς</span> <span class='ocrx_word' id='word_1_99' title='bbox 695 1310 778 1362; x_wconf 90' lang='grc' dir='ltr'><strong>Οὺ</strong></span> <span class='ocrx_word' id='word_1_100' title='bbox 826 1307 916 1377; x_wconf 82' lang='grc' dir='ltr'>μὴ</span> <span class='ocrx_word' id='word_1_101' title='bbox 948 1308 1164 1377; x_wconf 80' lang='grc' dir='ltr'>τμηθῇ,</span> <span class='ocrx_word' id='word_1_102' title='bbox 1202 1310 1388 1380; x_wconf 75' lang='grc' dir='ltr'>φησὶν,</span> <span class='ocrx_word' id='word_1_103' title='bbox 1421 1309 1566 1363; x_wconf 80' lang='grc' dir='ltr'>οὐδὲ</span> <span class='ocrx_word' id='word_1_104' title='bbox 1607 1310 1694 1380; x_wconf 83' lang='grc' dir='ltr'>μὴ</span> 
     </span>
    </p>
   </div>
   <div class='ocr_carea' id='block_1_16' title="bbox 141 1398 1693 1471">
    <p class='ocr_par' dir='ltr' id='par_1_16' title="bbox 141 1398 1693 1471">
     <span class='ocr_line' id='line_1_16' title="bbox 141 1398 1693 1471; baseline 0.001 -17"><span class='ocrx_word' id='word_1_105' title='bbox 141 1398 328 1469; x_wconf 70' lang='grc' dir='ltr'>σκαφῇ</span> <span class='ocrx_word' id='word_1_106' title='bbox 359 1399 463 1452; x_wconf 84' lang='grc' dir='ltr'>ἐτι.</span> <span class='ocrx_word' id='word_1_107' title='bbox 503 1399 717 1470; x_wconf 81' lang='grc' dir='ltr'>Ὠσπερ</span> <span class='ocrx_word' id='word_1_108' title='bbox 749 1399 859 1470; x_wconf 86' lang='grc' dir='ltr'><strong>γάρ</strong></span> <span class='ocrx_word' id='word_1_109' title='bbox 889 1400 940 1452; x_wconf 83' lang='grc' dir='ltr'>οἱ</span> <span class='ocrx_word' id='word_1_110' title='bbox 964 1400 1063 1471; x_wconf 83' lang='grc' dir='ltr'><strong>τὴν</strong></span> <span class='ocrx_word' id='word_1_111' title='bbox 1092 1400 1336 1471; x_wconf 80' lang='grc' dir='ltr'>ἄμπελον</span> <span class='ocrx_word' id='word_1_112' title='bbox 1381 1401 1693 1471; x_wconf 80' lang='grc' dir='ltr'>τέμνοντες,</span> 
     </span>
    </p>
   </div>
   <div class='ocr_carea' id='block_1_17' title="bbox 144 1490 1696 1564">
    <p class='ocr_par' dir='ltr' id='par_1_17' title="bbox 144 1490 1696 1564">
     <span class='ocr_line' id='line_1_17' title="bbox 144 1490 1696 1564; baseline 0.003 -21"><span class='ocrx_word' id='word_1_113' title='bbox 144 1491 433 1561; x_wconf 85' lang='grc' dir='ltr'>συνέχουσιν</span> <span class='ocrx_word' id='word_1_114' title='bbox 460 1491 632 1561; x_wconf 74' lang='grc' dir='ltr'>αὐτῆς</span> <span class='ocrx_word' id='word_1_115' title='bbox 663 1491 762 1562; x_wconf 84' lang='grc' dir='ltr'>τὴν</span> <span class='ocrx_word' id='word_1_116' title='bbox 790 1490 1040 1561; x_wconf 84' lang='grc' dir='ltr'>δύναμιν,</span> <span class='ocrx_word' id='word_1_117' title='bbox 1081 1490 1222 1544; x_wconf 82' lang='grc' dir='ltr'>ὥστε</span> <span class='ocrx_word' id='word_1_118' title='bbox 1249 1494 1696 1564; x_wconf 76' lang='grc' dir='ltr'>τεταμιευμένως</span> 
     </span>
    </p>
   </div>
   <div class='ocr_carea' id='block_1_18' title="bbox 141 1582 1695 1658">
    <p class='ocr_par' dir='ltr' id='par_1_18' title="bbox 141 1582 1695 1658">
     <span class='ocr_line' id='line_1_18' title="bbox 141 1582 1695 1658; baseline 0.003 -23"><span class='ocrx_word' id='word_1_119' title='bbox 141 1582 225 1636; x_wconf 84' lang='grc' dir='ltr'><strong>καί</strong></span> <span class='ocrx_word' id='word_1_120' title='bbox 253 1583 555 1656; x_wconf 74' lang='grc' dir='ltr'>σωφρόνως,</span> <span class='ocrx_word' id='word_1_121' title='bbox 593 1582 683 1636; x_wconf 80' lang='grc' dir='ltr'><strong>διὰ</strong></span> <span class='ocrx_word' id='word_1_122' title='bbox 704 1584 804 1653; x_wconf 84' lang='grc' dir='ltr'>τῆς</span> <span class='ocrx_word' id='word_1_123' title='bbox 817 1583 927 1636; x_wconf 89' lang='grc' dir='ltr'><strong>τῶν</strong></span> <span class='ocrx_word' id='word_1_124' title='bbox 955 1584 1265 1653; x_wconf 82' lang='grc' dir='ltr'>ἀναγκαίων</span> <span class='ocrx_word' id='word_1_125' title='bbox 1291 1586 1483 1656; x_wconf 81' lang='grc' dir='ltr'>φορᾶς,</span> <span class='ocrx_word' id='word_1_126' title='bbox 1512 1587 1695 1658; x_wconf 85' lang='grc' dir='ltr'>προϊέ-</span> 
     </span>
    </p>
   </div>
   <div class='ocr_carea' id='block_1_19' title="bbox 141 1671 1691 1746">
    <p class='ocr_par' dir='ltr' id='par_1_19' title="bbox 141 1671 1691 1746">
     <span class='ocr_line' id='line_1_19' title="bbox 141 1671 1691 1746; baseline 0.003 -21"><span class='ocrx_word' id='word_1_127' title='bbox 141 1690 249 1725; x_wconf 92' lang='grc' dir='ltr'>ναι·</span> <span class='ocrx_word' id='word_1_128' title='bbox 272 1671 407 1727; x_wconf 86' lang='grc' dir='ltr'>οῦτω</span> <span class='ocrx_word' id='word_1_129' title='bbox 444 1674 539 1727; x_wconf 80' lang='grc' dir='ltr'>καὶ</span> <span class='ocrx_word' id='word_1_130' title='bbox 576 1672 722 1744; x_wconf 76' lang='grc' dir='ltr'><strong>ψυχὴ</strong></span> <span class='ocrx_word' id='word_1_131' title='bbox 755 1674 1213 1746; x_wconf 80' lang='grc' dir='ltr'>ὲπικαμπτομένη</span> <span class='ocrx_word' id='word_1_132' title='bbox 1244 1678 1366 1739; x_wconf 85' lang='grc' dir='ltr'>ταῖς</span> <span class='ocrx_word' id='word_1_133' title='bbox 1404 1673 1648 1744; x_wconf 79' lang='grc' dir='ltr'>θλίψεσιν</span> <span class='ocrx_word' id='word_1_134' title='bbox 1675 1716 1691 1741; x_wconf 95' lang='grc'><strong>,</strong></span> 
     </span>
    </p>
   </div>
   <div class='ocr_carea' id='block_1_20' title="bbox 1808 486 3369 557">
    <p class='ocr_par' dir='ltr' id='par_1_20' title="bbox 1808 486 3369 557">
     <span class='ocr_line' id='line_1_20' title="bbox 1808 486 3369 557; baseline 0.006 -20"><span class='ocrx_word' id='word_1_135' title='bbox 1808 486 1898 552; x_wconf 88' lang='lat' dir='ltr'><strong>qui</strong></span> <span class='ocrx_word' id='word_1_136' title='bbox 1945 496 2173 554; x_wconf 86' lang='lat' dir='ltr'><strong>peccant</strong></span> <span class='ocrx_word' id='word_1_137' title='bbox 2216 487 2589 541; x_wconf 85' lang='lat' dir='ltr'><strong>dimissionem</strong></span> <span class='ocrx_word' id='word_1_138' title='bbox 2641 488 2755 542; x_wconf 85' lang='lat' dir='ltr'><strong>ﬁeri</strong></span> <span class='ocrx_word' id='word_1_139' title='bbox 2800 503 2895 557; x_wconf 86' lang='lat' dir='ltr'><strong>per</strong></span> <span class='ocrx_word' id='word_1_140' title='bbox 2939 490 3369 546; x_wconf 76' lang='lat' dir='ltr'><strong>derelictionem.</strong></span> 
     </span>
    </p>
   </div>
   <div class='ocr_carea' id='block_1_21' title="bbox 1810 578 3381 649">
    <p class='ocr_par' dir='ltr' id='par_1_21' title="bbox 1810 578 3381 649">
     <span class='ocr_line' id='line_1_21' title="bbox 1810 578 3381 649; baseline 0.003 -19"><span class='ocrx_word' id='word_1_141' title='bbox 1810 579 1904 631; x_wconf 82' lang='lat' dir='ltr'><strong>Ait</strong></span> <span class='ocrx_word' id='word_1_142' title='bbox 1933 580 2080 632; x_wconf 87' lang='lat' dir='ltr'><strong>enim</strong></span> <span class='ocrx_word' id='word_1_143' title='bbox 2128 578 2408 647; x_wconf 74' lang='lat' dir='ltr'><strong>Scriptura</strong></span> <span class='ocrx_word' id='word_1_144' title='bbox 2459 580 2527 633; x_wconf 92' lang='lat' dir='ltr'><strong>de</strong></span> <span class='ocrx_word' id='word_1_145' title='bbox 2567 578 2633 632; x_wconf 87' lang='lat' dir='ltr'><strong>iis</strong></span> <span class='ocrx_word' id='word_1_146' title='bbox 2668 579 2865 648; x_wconf 85' lang='lat' dir='ltr'><strong>quibus</strong></span> <span class='ocrx_word' id='word_1_147' title='bbox 2901 581 3148 649; x_wconf 87' lang='lat' dir='ltr'><strong>providet</strong></span> <span class='ocrx_word' id='word_1_148' title='bbox 3192 599 3206 637; x_wconf 91' lang='lat'><strong>:</strong></span> <span class='ocrx_word' id='word_1_149' title='bbox 3255 578 3381 637; x_wconf 78' lang='lat' dir='ltr'><strong>Non</strong></span> 
     </span>
    </p>
   </div>
   <div class='ocr_carea' id='block_1_22' title="bbox 1807 674 3382 744">
    <p class='ocr_par' dir='ltr' id='par_1_22' title="bbox 1807 674 3382 744">
     <span class='ocr_line' id='line_1_22' title="bbox 1807 674 3382 744; baseline 0.004 -18"><span class='ocrx_word' id='word_1_150' title='bbox 1807 685 1857 726; x_wconf 80' lang='lat' dir='ltr'><strong>te</strong></span> <span class='ocrx_word' id='word_1_151' title='bbox 1888 675 2146 738; x_wconf 73' lang='lat' dir='ltr'><strong>deseram,</strong></span> <span class='ocrx_word' id='word_1_152' title='bbox 2170 691 2334 743; x_wconf 80' lang='lat' dir='ltr'><strong>neque</strong></span> <span class='ocrx_word' id='word_1_153' title='bbox 2362 684 2410 729; x_wconf 85' lang='lat' dir='ltr'><strong>te</strong></span> <span class='ocrx_word' id='word_1_154' title='bbox 2447 674 2750 744; x_wconf 83' lang='lat' dir='ltr'><strong>derelinquo</strong></span> <span class='ocrx_word' id='word_1_155' title='bbox 2768 675 2815 707; x_wconf 73' lang='lat'><strong>“</strong></span> <span class='ocrx_word' id='word_1_156' title='bbox 2845 695 2858 730; x_wconf 90' lang='lat'><strong>:</strong></span> <span class='ocrx_word' id='word_1_157' title='bbox 2902 691 2935 731; x_wconf 87' lang='lat' dir='ltr'><strong>e</strong></span> <span class='ocrx_word' id='word_1_158' title='bbox 2963 679 3237 731; x_wconf 88' lang='lat' dir='ltr'><strong>contrario</strong></span> <span class='ocrx_word' id='word_1_159' title='bbox 3262 718 3267 721; x_wconf 51' lang='grc' dir='ltr'><strong>τ</strong></span> <span class='ocrx_word' id='word_1_160' title='bbox 3311 678 3382 733; x_wconf 77' lang='lat' dir='ltr'><strong>de</strong></span> 
     </span>
    </p>
   </div>
   <div class='ocr_carea' id='block_1_23' title="bbox 1805 766 3380 837">
    <p class='ocr_par' dir='ltr' id='par_1_23' title="bbox 1805 766 3380 837">
     <span class='ocr_line' id='line_1_23' title="bbox 1805 766 3380 837; baseline 0.002 -19"><span class='ocrx_word' id='word_1_161' title='bbox 1805 766 2002 833; x_wconf 82' lang='lat' dir='ltr'><strong>quibus</strong></span> <span class='ocrx_word' id='word_1_162' title='bbox 2044 781 2269 835; x_wconf 86' lang='lat' dir='ltr'><strong>prorsus</strong></span> <span class='ocrx_word' id='word_1_163' title='bbox 2299 769 2586 836; x_wconf 77' lang='lat' dir='ltr'><strong>desperat,</strong></span> <span class='ocrx_word' id='word_1_164' title='bbox 2632 767 2733 821; x_wconf 93' lang='lat' dir='ltr'><strong>hos</strong></span> <span class='ocrx_word' id='word_1_165' title='bbox 2765 769 2832 821; x_wconf 87' lang='lat' dir='ltr'><strong>ad</strong></span> <span class='ocrx_word' id='word_1_166' title='bbox 2867 769 3050 821; x_wconf 88' lang='lat' dir='ltr'><strong>carnis</strong></span> <span class='ocrx_word' id='word_1_167' title='bbox 3084 778 3138 822; x_wconf 90' lang='lat' dir='ltr'><strong>et</strong></span> <span class='ocrx_word' id='word_1_168' title='bbox 3172 769 3380 837; x_wconf 87' lang='lat' dir='ltr'><strong>cogita-</strong></span> 
     </span>
    </p>
   </div>
   <div class='ocr_carea' id='block_1_24' title="bbox 1809 856 3379 926">
    <p class='ocr_par' dir='ltr' id='par_1_24' title="bbox 1809 856 3379 926">
     <span class='ocr_line' id='line_1_24' title="bbox 1809 856 3379 926; baseline 0.003 -17"><span class='ocrx_word' id='word_1_169' title='bbox 1809 856 2009 910; x_wconf 88' lang='lat' dir='ltr'><strong>tionum</strong></span> <span class='ocrx_word' id='word_1_170' title='bbox 2041 872 2260 911; x_wconf 87' lang='lat' dir='ltr'><strong>suarum</strong></span> <span class='ocrx_word' id='word_1_171' title='bbox 2308 858 2576 911; x_wconf 86' lang='lat' dir='ltr'><strong>desideria</strong></span> <span class='ocrx_word' id='word_1_172' title='bbox 2624 857 2883 926; x_wconf 84' lang='lat' dir='ltr'><strong>explenda</strong></span> <span class='ocrx_word' id='word_1_173' title='bbox 2944 859 3143 913; x_wconf 89' lang='lat' dir='ltr'><strong>liberos</strong></span> <span class='ocrx_word' id='word_1_174' title='bbox 3194 859 3379 913; x_wconf 88' lang='lat' dir='ltr'><strong>dimit-</strong></span> 
     </span>
    </p>
   </div>
   <div class='ocr_carea' id='block_1_25' title="bbox 1807 946 3377 1018">
    <p class='ocr_par' dir='ltr' id='par_1_25' title="bbox 1807 946 3377 1018">
     <span class='ocr_line' id='line_1_25' title="bbox 1807 946 3377 1018; baseline 0.003 -19"><span class='ocrx_word' id='word_1_175' title='bbox 1807 952 1870 1000; x_wconf 90' lang='lat' dir='ltr'><strong>tlt</strong></span> <span class='ocrx_word' id='word_1_176' title='bbox 1890 946 1959 1012; x_wconf 76' lang='lat'><strong>&quot;,</strong></span> <span class='ocrx_word' id='word_1_177' title='bbox 1983 949 2124 1016; x_wconf 92' lang='lat' dir='ltr'><strong>quod</strong></span> <span class='ocrx_word' id='word_1_178' title='bbox 2149 949 2230 1003; x_wconf 89' lang='lat' dir='ltr'><strong>eis</strong></span> <span class='ocrx_word' id='word_1_179' title='bbox 2259 948 2535 1018; x_wconf 81' lang='lat' dir='ltr'><strong>profutura</strong></span> <span class='ocrx_word' id='word_1_180' title='bbox 2571 966 2675 1005; x_wconf 88' lang='lat' dir='ltr'><strong>non</strong></span> <span class='ocrx_word' id='word_1_181' title='bbox 2712 950 2784 1003; x_wconf 88' lang='lat' dir='ltr'><strong>sit</strong></span> <span class='ocrx_word' id='word_1_182' title='bbox 2817 950 3233 1006; x_wconf 89' lang='lat' dir='ltr'><strong>animadversio.</strong></span> <span class='ocrx_word' id='word_1_183' title='bbox 3281 951 3377 1003; x_wconf 85' lang='lat' dir='ltr'><strong>Di-</strong></span> 
     </span>
    </p>
   </div>
   <div class='ocr_carea' id='block_1_26' title="bbox 1802 1039 3375 1110">
    <p class='ocr_par' dir='ltr' id='par_1_26' title="bbox 1802 1039 3375 1110">
     <span class='ocr_line' id='line_1_26' title="bbox 1802 1039 3375 1110; baseline 0.004 -20"><span class='ocrx_word' id='word_1_184' title='bbox 1802 1039 2010 1091; x_wconf 77' lang='lat' dir='ltr'><strong>mittunt</strong></span> <span class='ocrx_word' id='word_1_185' title='bbox 2049 1039 2231 1105; x_wconf 85' lang='lat' dir='ltr'><strong>igitur,</strong></span> <span class='ocrx_word' id='word_1_186' title='bbox 2266 1041 2482 1108; x_wconf 84' lang='lat' dir='ltr'><strong>inquit,</strong></span> <span class='ocrx_word' id='word_1_187' title='bbox 2528 1041 2755 1093; x_wconf 81' lang='lat' dir='ltr'><strong>vineam.</strong></span> <span class='ocrx_word' id='word_1_188' title='bbox 2793 1040 2994 1108; x_wconf 82' lang='lat' dir='ltr'><strong>Ecquid</strong></span> <span class='ocrx_word' id='word_1_189' title='bbox 3038 1041 3084 1095; x_wconf 89' lang='lat' dir='ltr'><strong>ei</strong></span> <span class='ocrx_word' id='word_1_190' title='bbox 3146 1042 3375 1110; x_wconf 83' lang='lat' dir='ltr'><strong>posthac</strong></span> 
     </span>
    </p>
   </div>
   <div class='ocr_carea' id='block_1_27' title="bbox 1803 1127 3377 1201">
    <p class='ocr_par' dir='ltr' id='par_1_27' title="bbox 1803 1127 3377 1201">
     <span class='ocr_line' id='line_1_27' title="bbox 1803 1127 3377 1201; baseline -0.001 -18"><span class='ocrx_word' id='word_1_191' title='bbox 1803 1129 2113 1197; x_wconf 85' lang='lat' dir='ltr'><strong>contingit?</strong></span> <span class='ocrx_word' id='word_1_192' title='bbox 2161 1127 2323 1195; x_wconf 88' lang='lat' dir='ltr'><strong>Non,</strong></span> <span class='ocrx_word' id='word_1_193' title='bbox 2364 1129 2572 1198; x_wconf 83' lang='lat' dir='ltr'><strong>inquit,</strong></span> <span class='ocrx_word' id='word_1_194' title='bbox 2606 1130 2902 1200; x_wconf 82' lang='lat' dir='ltr'><strong>putabitur,</strong></span> <span class='ocrx_word' id='word_1_195' title='bbox 2939 1146 3100 1199; x_wconf 86' lang='lat' dir='ltr'><strong>neque</strong></span> <span class='ocrx_word' id='word_1_196' title='bbox 3143 1132 3377 1201; x_wconf 77' lang='lat' dir='ltr'><strong>fodietur</strong></span> 
     </span>
    </p>
   </div>
   <div class='ocr_carea' id='block_1_28' title="bbox 1808 1217 3373 1290">
    <p class='ocr_par' dir='ltr' id='par_1_28' title="bbox 1808 1217 3373 1290">
     <span class='ocr_line' id='line_1_28' title="bbox 1808 1217 3373 1290; baseline 0.002 -18"><span class='ocrx_word' id='word_1_197' title='bbox 1808 1217 2059 1285; x_wconf 77' lang='lat' dir='ltr'><strong>amplius.</strong></span> <span class='ocrx_word' id='word_1_198' title='bbox 2103 1218 2564 1285; x_wconf 80' lang='lat' dir='ltr'><strong>Quemadmodum</strong></span> <span class='ocrx_word' id='word_1_199' title='bbox 2616 1218 2759 1273; x_wconf 89' lang='lat' dir='ltr'><strong>enim</strong></span> <span class='ocrx_word' id='word_1_200' title='bbox 2802 1219 2892 1288; x_wconf 89' lang='lat' dir='ltr'><strong>qui</strong></span> <span class='ocrx_word' id='word_1_201' title='bbox 2940 1220 3104 1275; x_wconf 85' lang='lat' dir='ltr'><strong>vitem</strong></span> <span class='ocrx_word' id='word_1_202' title='bbox 3142 1230 3373 1290; x_wconf 86' lang='lat' dir='ltr'><strong>putant,</strong></span> 
     </span>
    </p>
   </div>
   <div class='ocr_carea' id='block_1_29' title="bbox 1802 1310 3376 1381">
    <p class='ocr_par' dir='ltr' id='par_1_29' title="bbox 1802 1310 3376 1381">
     <span class='ocr_line' id='line_1_29' title="bbox 1802 1310 3376 1381; baseline 0.004 -19"><span class='ocrx_word' id='word_1_203' title='bbox 1802 1310 2114 1379; x_wconf 84' lang='lat' dir='ltr'><strong>astringunt</strong></span> <span class='ocrx_word' id='word_1_204' title='bbox 2160 1311 2551 1380; x_wconf 86' lang='lat' dir='ltr'><strong>continentque</strong></span> <span class='ocrx_word' id='word_1_205' title='bbox 2579 1312 2697 1381; x_wconf 88' lang='lat' dir='ltr'><strong>ejus</strong></span> <span class='ocrx_word' id='word_1_206' title='bbox 2734 1312 3029 1374; x_wconf 79' lang='lat' dir='ltr'><strong>virtutem,</strong></span> <span class='ocrx_word' id='word_1_207' title='bbox 3059 1311 3140 1367; x_wconf 86' lang='lat' dir='ltr'><strong>sic</strong></span> <span class='ocrx_word' id='word_1_208' title='bbox 3183 1321 3243 1367; x_wconf 87' lang='lat' dir='ltr'><strong>ut</strong></span> <span class='ocrx_word' id='word_1_209' title='bbox 3280 1328 3376 1369; x_wconf 88' lang='lat' dir='ltr'><strong>ne-</strong></span> 
     </span>
    </p>
   </div>
   <div class='ocr_carea' id='block_1_30' title="bbox 1803 1401 3373 1472">
    <p class='ocr_par' dir='ltr' id='par_1_30' title="bbox 1803 1401 3373 1472">
     <span class='ocr_line' id='line_1_30' title="bbox 1803 1401 3373 1472; baseline 0.004 -19"><span class='ocrx_word' id='word_1_210' title='bbox 1803 1402 2044 1455; x_wconf 83' lang='lat' dir='ltr'><strong>cessaria</strong></span> <span class='ocrx_word' id='word_1_211' title='bbox 2088 1401 2416 1472; x_wconf 78' lang='lat' dir='ltr'><strong>profundens</strong></span> <span class='ocrx_word' id='word_1_212' title='bbox 2441 1440 2459 1467; x_wconf 91' lang='lat'><strong>,</strong></span> <span class='ocrx_word' id='word_1_213' title='bbox 2494 1412 2643 1457; x_wconf 86' lang='lat' dir='ltr'><strong>certa</strong></span> <span class='ocrx_word' id='word_1_214' title='bbox 2680 1404 3073 1471; x_wconf 86' lang='lat' dir='ltr'><strong>temperatione</strong></span> <span class='ocrx_word' id='word_1_215' title='bbox 3133 1414 3188 1457; x_wconf 86' lang='lat' dir='ltr'><strong>et</strong></span> <span class='ocrx_word' id='word_1_216' title='bbox 3254 1420 3373 1459; x_wconf 48' lang='lat' dir='ltr'><strong>mo‘</strong></span> 
     </span>
    </p>
   </div>
   <div class='ocr_carea' id='block_1_31' title="bbox 1801 1492 3375 1561">
    <p class='ocr_par' dir='ltr' id='par_1_31' title="bbox 1801 1492 3375 1561">
     <span class='ocr_line' id='line_1_31' title="bbox 1801 1492 3375 1561; baseline 0.003 -16"><span class='ocrx_word' id='word_1_217' title='bbox 1801 1492 1988 1547; x_wconf 87' lang='lat' dir='ltr'><strong>derate</strong></span> <span class='ocrx_word' id='word_1_218' title='bbox 2015 1494 2274 1561; x_wconf 89' lang='lat' dir='ltr'><strong>procedat</strong></span> <span class='ocrx_word' id='word_1_219' title='bbox 2306 1513 2320 1549; x_wconf 88' lang='lat'><strong>:</strong></span> <span class='ocrx_word' id='word_1_220' title='bbox 2356 1494 2429 1547; x_wconf 89' lang='lat' dir='ltr'><strong>ita</strong></span> <span class='ocrx_word' id='word_1_221' title='bbox 2469 1505 2523 1550; x_wconf 86' lang='lat' dir='ltr'><strong>et</strong></span> <span class='ocrx_word' id='word_1_222' title='bbox 2553 1496 2731 1548; x_wconf 89' lang='lat' dir='ltr'><strong>anima</strong></span> <span class='ocrx_word' id='word_1_223' title='bbox 2781 1493 3161 1550; x_wconf 83' lang='lat' dir='ltr'><strong>afﬂictionibus</strong></span> <span class='ocrx_word' id='word_1_224' title='bbox 3191 1498 3375 1551; x_wconf 78' lang='lat' dir='ltr'><strong>incur-</strong></span> 
     </span>
    </p>
   </div>
   <div class='ocr_carea' id='block_1_32' title="bbox 1804 1580 3371 1650">
    <p class='ocr_par' dir='ltr' id='par_1_32' title="bbox 1804 1580 3371 1650">
     <span class='ocr_line' id='line_1_32' title="bbox 1804 1580 3371 1650; baseline 0.002 -18"><span class='ocrx_word' id='word_1_225' title='bbox 1804 1589 1928 1633; x_wconf 87' lang='lat' dir='ltr'><strong>vata</strong></span> <span class='ocrx_word' id='word_1_226' title='bbox 1950 1619 1964 1641; x_wconf 91' lang='lat'><strong>,</strong></span> <span class='ocrx_word' id='word_1_227' title='bbox 1998 1581 2152 1649; x_wconf 89' lang='lat' dir='ltr'><strong>quasi</strong></span> <span class='ocrx_word' id='word_1_228' title='bbox 2186 1580 2549 1645; x_wconf 80' lang='lat' dir='ltr'><strong>contrahitur,</strong></span> <span class='ocrx_word' id='word_1_229' title='bbox 2593 1580 3012 1650; x_wconf 85' lang='lat' dir='ltr'><strong>humiliaturque</strong></span> <span class='ocrx_word' id='word_1_230' title='bbox 3058 1580 3283 1645; x_wconf 82' lang='lat' dir='ltr'><strong>utiliter,</strong></span> <span class='ocrx_word' id='word_1_231' title='bbox 3316 1591 3371 1636; x_wconf 86' lang='lat' dir='ltr'><strong>et</strong></span> 
     </span>
    </p>
   </div>
   <div class='ocr_carea' id='block_1_33' title="bbox 1799 1670 3374 1740">
    <p class='ocr_par' dir='ltr' id='par_1_33' title="bbox 1799 1670 3374 1740">
     <span class='ocr_line' id='line_1_33' title="bbox 1799 1670 3374 1740; baseline 0.004 -19"><span class='ocrx_word' id='word_1_232' title='bbox 1799 1671 1867 1722; x_wconf 86' lang='lat' dir='ltr'><strong>ad</strong></span> <span class='ocrx_word' id='word_1_233' title='bbox 1908 1684 2100 1723; x_wconf 86' lang='lat' dir='ltr'><strong>curam</strong></span> <span class='ocrx_word' id='word_1_234' title='bbox 2144 1670 2228 1725; x_wconf 87' lang='lat' dir='ltr'><strong>sui</strong></span> <span class='ocrx_word' id='word_1_235' title='bbox 2277 1671 2446 1740; x_wconf 85' lang='lat' dir='ltr'><strong>ipsius</strong></span> <span class='ocrx_word' id='word_1_236' title='bbox 2485 1671 2787 1726; x_wconf 83' lang='lat' dir='ltr'><strong>habendam</strong></span> <span class='ocrx_word' id='word_1_237' title='bbox 2819 1679 3123 1736; x_wconf 84' lang='lat' dir='ltr'><strong>revocatur,</strong></span> <span class='ocrx_word' id='word_1_238' title='bbox 3160 1682 3219 1725; x_wconf 91' lang='lat' dir='ltr'><strong>ut</strong></span> <span class='ocrx_word' id='word_1_239' title='bbox 3252 1687 3374 1740; x_wconf 63' lang='lat' dir='ltr'><strong>quin</strong></span> 
     </span>
    </p>
   </div>
   <div class='ocr_carea' id='block_1_34' title="bbox 139 1757 1708 1833">
    <p class='ocr_par' dir='ltr' id='par_1_34' title="bbox 139 1764 1697 1833">
     <span class='ocr_line' id='line_1_34' title="bbox 139 1764 1697 1833; baseline 0.004 -17"><span class='ocrx_word' id='word_1_240' title='bbox 139 1764 283 1817; x_wconf 75' lang='grc' dir='ltr'>οἱονεὶ</span> <span class='ocrx_word' id='word_1_241' title='bbox 319 1764 666 1819; x_wconf 74' lang='grc' dir='ltr'>συστέλλεται</span> <span class='ocrx_word' id='word_1_242' title='bbox 721 1766 818 1820; x_wconf 81' lang='grc' dir='ltr'><strong>καὶ</strong></span> <span class='ocrx_word' id='word_1_243' title='bbox 861 1768 1213 1820; x_wconf 78' lang='grc' dir='ltr'>ταπεινοῦται</span> <span class='ocrx_word' id='word_1_244' title='bbox 1253 1767 1567 1833; x_wconf 83' lang='grc' dir='ltr'>λυσιτελῶς,</span> <span class='ocrx_word' id='word_1_245' title='bbox 1601 1770 1697 1822; x_wconf 75' lang='grc' dir='ltr'><strong>καὶ</strong></span> 
     </span>
    </p>
   </div>
   <div class='ocr_carea' id='block_1_35' title="bbox 1802 1757 3373 1833">
    <p class='ocr_par' dir='ltr' id='par_1_35' title="bbox 1802 1757 3373 1831">
     <span class='ocr_line' id='line_1_35' title="bbox 1802 1757 3373 1831; baseline 0.003 -19"><span class='ocrx_word' id='word_1_246' title='bbox 1802 1757 1851 1812; x_wconf 93' lang='lat' dir='ltr'><strong>in</strong></span> <span class='ocrx_word' id='word_1_247' title='bbox 1887 1761 2051 1814; x_wconf 82' lang='lat' dir='ltr'><strong>rebus</strong></span> <span class='ocrx_word' id='word_1_248' title='bbox 2084 1763 2411 1831; x_wconf 83' lang='lat' dir='ltr'><strong>peragendis</strong></span> <span class='ocrx_word' id='word_1_249' title='bbox 2444 1763 2495 1816; x_wconf 94' lang='lat' dir='ltr'><strong>id</strong></span> <span class='ocrx_word' id='word_1_250' title='bbox 2545 1764 2684 1831; x_wconf 89' lang='lat' dir='ltr'><strong>quod</strong></span> <span class='ocrx_word' id='word_1_251' title='bbox 2722 1764 2853 1819; x_wconf 89' lang='lat' dir='ltr'><strong>utile</strong></span> <span class='ocrx_word' id='word_1_252' title='bbox 2898 1773 2984 1818; x_wconf 87' lang='lat' dir='ltr'><strong>est</strong></span> <span class='ocrx_word' id='word_1_253' title='bbox 3028 1772 3084 1817; x_wconf 90' lang='lat' dir='ltr'><strong>et</strong></span> <span class='ocrx_word' id='word_1_254' title='bbox 3115 1766 3373 1819; x_wconf 80' lang='lat' dir='ltr'><strong>conduci-</strong></span> 
     </span>
    </p>
   </div>
   <div class='ocr_carea' id='block_1_36' title="bbox 140 1856 1697 1929">
    <p class='ocr_par' dir='ltr' id='par_1_36' title="bbox 140 1856 1697 1929">
     <span class='ocr_line' id='line_1_36' title="bbox 140 1856 1697 1929; baseline 0.003 -21"><span class='ocrx_word' id='word_1_255' title='bbox 140 1856 259 1926; x_wconf 75' lang='grc' dir='ltr'>πρὸς</span> <span class='ocrx_word' id='word_1_256' title='bbox 280 1858 377 1927; x_wconf 77' lang='grc' dir='ltr'>τὴν</span> <span class='ocrx_word' id='word_1_257' title='bbox 403 1857 614 1911; x_wconf 78' lang='grc' dir='ltr'>οἰκείαν</span> <span class='ocrx_word' id='word_1_258' title='bbox 646 1859 845 1929; x_wconf 79' lang='grc' dir='ltr'>ἑαυτῆς</span> <span class='ocrx_word' id='word_1_259' title='bbox 888 1858 1208 1929; x_wconf 78' lang='grc' dir='ltr'>ἐπιμέλειαν</span> <span class='ocrx_word' id='word_1_260' title='bbox 1251 1859 1603 1927; x_wconf 78' lang='grc' dir='ltr'>ἐπανάγεται,</span> <span class='ocrx_word' id='word_1_261' title='bbox 1636 1860 1697 1913; x_wconf 81' lang='grc' dir='ltr'>τὸ</span> 
     </span>
    </p>
   </div>
   <div class='ocr_carea' id='block_1_37' title="bbox 139 1945 1697 2016">
    <p class='ocr_par' dir='ltr' id='par_1_37' title="bbox 139 1945 1697 2016">
     <span class='ocr_line' id='line_1_37' title="bbox 139 1945 1697 2016; baseline 0 -19"><span class='ocrx_word' id='word_1_262' title='bbox 139 1945 409 2013; x_wconf 79' lang='grc' dir='ltr'>ἀναγκαῖον</span> <span class='ocrx_word' id='word_1_263' title='bbox 461 1945 560 1998; x_wconf 75' lang='grc' dir='ltr'>καὶ</span> <span class='ocrx_word' id='word_1_264' title='bbox 600 1945 876 2016; x_wconf 85' lang='grc' dir='ltr'>ὠφέλιμον</span> <span class='ocrx_word' id='word_1_265' title='bbox 916 1947 973 1999; x_wconf 77' lang='grc' dir='ltr'>ὲν</span> <span class='ocrx_word' id='word_1_266' title='bbox 1006 1947 1121 2008; x_wconf 82' lang='grc' dir='ltr'>τοῖς</span> <span class='ocrx_word' id='word_1_267' title='bbox 1164 1945 1485 2016; x_wconf 86' lang='grc' dir='ltr'>πράγμασιν</span> <span class='ocrx_word' id='word_1_268' title='bbox 1511 1946 1697 2016; x_wconf 79' lang='grc' dir='ltr'>αἱρου-</span> 
     </span>
    </p>
   </div>
   <div class='ocr_carea' id='block_1_38' title="bbox 143 2030 1696 2107">
    <p class='ocr_par' dir='ltr' id='par_1_38' title="bbox 143 2030 1696 2107">
     <span class='ocr_line' id='line_1_38' title="bbox 143 2030 1696 2107; baseline 0 -18"><span class='ocrx_word' id='word_1_269' title='bbox 143 2035 262 2107; x_wconf 85' lang='grc' dir='ltr'>μένη</span> <span class='ocrx_word' id='word_1_270' title='bbox 284 2050 296 2063; x_wconf 89' lang='lat'><strong>&#39;</strong></span> <span class='ocrx_word' id='word_1_271' title='bbox 330 2038 362 2107; x_wconf 83' lang='grc' dir='ltr'><strong>ἡ</strong></span> <span class='ocrx_word' id='word_1_272' title='bbox 391 2036 448 2089; x_wconf 82' lang='grc' dir='ltr'>δὲ</span> <span class='ocrx_word' id='word_1_273' title='bbox 477 2034 747 2105; x_wconf 75' lang='grc' dir='ltr'>ἀφεθεῖσα</span> <span class='ocrx_word' id='word_1_274' title='bbox 779 2036 988 2101; x_wconf 81' lang='grc' dir='ltr'>ἄνετος,</span> <span class='ocrx_word' id='word_1_275' title='bbox 1024 2030 1136 2089; x_wconf 75' lang='grc' dir='ltr'>οἷόν</span> <span class='ocrx_word' id='word_1_276' title='bbox 1174 2053 1259 2099; x_wconf 90' lang='grc' dir='ltr'><strong>τις</strong></span> <span class='ocrx_word' id='word_1_277' title='bbox 1289 2035 1534 2106; x_wconf 81' lang='grc' dir='ltr'>ἄμπελος</span> <span class='ocrx_word' id='word_1_278' title='bbox 1558 2036 1696 2107; x_wconf 87' lang='grc' dir='ltr'>ἀτη-</span> 
     </span>
    </p>
   </div>
   <div class='ocr_carea' id='block_1_39' title="bbox 142 2123 1697 2198">
    <p class='ocr_par' dir='ltr' id='par_1_39' title="bbox 142 2123 1697 2198">
     <span class='ocr_line' id='line_1_39' title="bbox 142 2123 1697 2198; baseline 0.001 -21"><span class='ocrx_word' id='word_1_279' title='bbox 142 2126 366 2197; x_wconf 70' lang='grc' dir='ltr'>μέλητος,</span> <span class='ocrx_word' id='word_1_280' title='bbox 393 2126 659 2197; x_wconf 80' lang='grc' dir='ltr'>ὑλομανεῖ</span> <span class='ocrx_word' id='word_1_281' title='bbox 688 2126 783 2179; x_wconf 76' lang='grc' dir='ltr'>καὶ</span> <span class='ocrx_word' id='word_1_282' title='bbox 814 2128 1053 2195; x_wconf 75' lang='grc' dir='ltr'>ἐκχεῖται</span> <span class='ocrx_word' id='word_1_283' title='bbox 1078 2126 1206 2198; x_wconf 70' lang='grc' dir='ltr'>περὶ</span> <span class='ocrx_word' id='word_1_284' title='bbox 1230 2123 1300 2177; x_wconf 85' lang='grc' dir='ltr'><strong>τὰ</strong></span> <span class='ocrx_word' id='word_1_285' title='bbox 1324 2125 1573 2197; x_wconf 85' lang='grc' dir='ltr'>ἀχρηστα</span> <span class='ocrx_word' id='word_1_286' title='bbox 1601 2125 1697 2178; x_wconf 78' lang='grc' dir='ltr'><strong>καὶ</strong></span> 
     </span>
    </p>
   </div>
   <div class='ocr_carea' id='block_1_40' title="bbox 140 2216 1697 2291">
    <p class='ocr_par' dir='ltr' id='par_1_40' title="bbox 140 2216 1697 2291">
     <span class='ocr_line' id='line_1_40' title="bbox 140 2216 1697 2291; baseline -0.001 -20"><span class='ocrx_word' id='word_1_287' title='bbox 140 2219 364 2289; x_wconf 83' lang='grc' dir='ltr'>ἀνωφελῆ</span> <span class='ocrx_word' id='word_1_288' title='bbox 383 2258 398 2282; x_wconf 95' lang='grc'><strong>,</strong></span> <span class='ocrx_word' id='word_1_289' title='bbox 433 2218 575 2291; x_wconf 83' lang='grc' dir='ltr'>πρὸς</span> <span class='ocrx_word' id='word_1_290' title='bbox 608 2217 707 2282; x_wconf 77' lang='grc' dir='ltr'>τὴν</span> <span class='ocrx_word' id='word_1_291' title='bbox 749 2217 860 2271; x_wconf 88' lang='grc' dir='ltr'><strong>τῶν</strong></span> <span class='ocrx_word' id='word_1_292' title='bbox 895 2216 1106 2271; x_wconf 88' lang='grc' dir='ltr'>πολλῶν</span> <span class='ocrx_word' id='word_1_293' title='bbox 1146 2217 1361 2287; x_wconf 77' lang='grc' dir='ltr'>ἀπάτην</span> <span class='ocrx_word' id='word_1_294' title='bbox 1391 2218 1570 2270; x_wconf 84' lang='grc' dir='ltr'>πᾶσαν</span> <span class='ocrx_word' id='word_1_295' title='bbox 1598 2216 1697 2288; x_wconf 81' lang='grc' dir='ltr'><strong>τὴν</strong></span> 
     </span>
    </p>
   </div>
   <div class='ocr_carea' id='block_1_41' title="bbox 139 2304 1694 2381">
    <p class='ocr_par' dir='ltr' id='par_1_41' title="bbox 139 2304 1694 2381">
     <span class='ocr_line' id='line_1_41' title="bbox 139 2304 1694 2381; baseline -0.001 -20"><span class='ocrx_word' id='word_1_296' title='bbox 139 2310 231 2362; x_wconf 89' lang='grc' dir='ltr'><strong>τῶν</strong></span> <span class='ocrx_word' id='word_1_297' title='bbox 252 2310 418 2381; x_wconf 83' lang='grc' dir='ltr'>ἔργων</span> <span class='ocrx_word' id='word_1_298' title='bbox 446 2309 712 2375; x_wconf 75' lang='grc' dir='ltr'>ἐπίδειξιν</span> <span class='ocrx_word' id='word_1_299' title='bbox 764 2308 1085 2380; x_wconf 78' lang='grc' dir='ltr'>ποιουμένη.</span> <span class='ocrx_word' id='word_1_300' title='bbox 1133 2309 1191 2361; x_wconf 87' lang='lat'><strong>&#39;0</strong></span> <span class='ocrx_word' id='word_1_301' title='bbox 1218 2304 1329 2379; x_wconf 80' lang='grc' dir='ltr'><strong>γάρ</strong></span> <span class='ocrx_word' id='word_1_302' title='bbox 1361 2306 1469 2360; x_wconf 88' lang='grc' dir='ltr'><strong>τῶν</strong></span> <span class='ocrx_word' id='word_1_303' title='bbox 1518 2307 1694 2378; x_wconf 87' lang='grc' dir='ltr'>φθαρ-</span> 
     </span>
    </p>
   </div>
   <div class='ocr_carea' id='block_1_42' title="bbox 138 2395 1693 2470">
    <p class='ocr_par' dir='ltr' id='par_1_42' title="bbox 138 2395 1693 2470">
     <span class='ocr_line' id='line_1_42' title="bbox 138 2395 1693 2470; baseline -0.001 -21"><span class='ocrx_word' id='word_1_304' title='bbox 138 2397 233 2450; x_wconf 93' lang='grc' dir='ltr'><strong>τῶν</strong></span> <span class='ocrx_word' id='word_1_305' title='bbox 256 2399 348 2470; x_wconf 80' lang='grc' dir='ltr'>τὴν</span> <span class='ocrx_word' id='word_1_306' title='bbox 376 2398 645 2469; x_wconf 78' lang='grc' dir='ltr'>ἐργασίαν</span> <span class='ocrx_word' id='word_1_307' title='bbox 679 2397 1004 2468; x_wconf 87' lang='grc' dir='ltr'>ποιούμενος</span> <span class='ocrx_word' id='word_1_308' title='bbox 1045 2397 1229 2467; x_wconf 84' lang='grc' dir='ltr'>ὅμοιός</span> <span class='ocrx_word' id='word_1_309' title='bbox 1262 2398 1409 2450; x_wconf 80' lang='grc' dir='ltr'>ἐστιν</span> <span class='ocrx_word' id='word_1_310' title='bbox 1443 2395 1693 2467; x_wconf 89' lang='grc' dir='ltr'>ἀμπέλῳ,</span> 
     </span>
    </p>
   </div>
   <div class='ocr_carea' id='block_1_43' title="bbox 141 2482 1696 2560">
    <p class='ocr_par' dir='ltr' id='par_1_43' title="bbox 141 2482 1696 2560">
     <span class='ocr_line' id='line_1_43' title="bbox 141 2482 1696 2560; baseline 0.001 -20"><span class='ocrx_word' id='word_1_311' title='bbox 141 2488 255 2551; x_wconf 83' lang='grc' dir='ltr'>ξύλα</span> <span class='ocrx_word' id='word_1_312' title='bbox 280 2491 369 2543; x_wconf 70' lang='grc' dir='ltr'><strong>καὶ</strong></span> <span class='ocrx_word' id='word_1_313' title='bbox 402 2490 582 2558; x_wconf 80' lang='grc' dir='ltr'>φύλλα</span> <span class='ocrx_word' id='word_1_314' title='bbox 613 2489 726 2557; x_wconf 75' lang='grc'><strong>(81)</strong></span> <span class='ocrx_word' id='word_1_315' title='bbox 773 2490 868 2541; x_wconf 79' lang='grc' dir='ltr'>καὶ</span> <span class='ocrx_word' id='word_1_316' title='bbox 913 2490 1101 2552; x_wconf 75' lang='grc' dir='ltr'>ἕλικας</span> <span class='ocrx_word' id='word_1_317' title='bbox 1129 2487 1468 2560; x_wconf 74' lang='grc' dir='ltr'>ἐκτρεφούσῃ</span> <span class='ocrx_word' id='word_1_318' title='bbox 1511 2529 1526 2550; x_wconf 84' lang='grc'><strong>,</strong></span> <span class='ocrx_word' id='word_1_319' title='bbox 1554 2482 1696 2541; x_wconf 80' lang='grc' dir='ltr'>οἶνον</span> 
     </span>
    </p>
   </div>
   <div class='ocr_carea' id='block_1_44' title="bbox 137 2577 1696 2651">
    <p class='ocr_par' dir='ltr' id='par_1_44' title="bbox 137 2577 1696 2651">
     <span class='ocr_line' id='line_1_44' title="bbox 137 2577 1696 2651; baseline -0.001 -20"><span class='ocrx_word' id='word_1_320' title='bbox 137 2577 186 2631; x_wconf 77' lang='grc' dir='ltr'>δὲ</span> <span class='ocrx_word' id='word_1_321' title='bbox 214 2579 541 2651; x_wconf 80' lang='grc' dir='ltr'>εὐφροσύνης</span> <span class='ocrx_word' id='word_1_322' title='bbox 594 2578 897 2650; x_wconf 79' lang='grc' dir='ltr'>ποιητικὸν,</span> <span class='ocrx_word' id='word_1_323' title='bbox 948 2580 1030 2641; x_wconf 84' lang='grc' dir='ltr'><strong>εἰς</strong></span> <span class='ocrx_word' id='word_1_324' title='bbox 1085 2577 1368 2647; x_wconf 79' lang='grc' dir='ltr'>ἀποθήκας</span> <span class='ocrx_word' id='word_1_325' title='bbox 1411 2577 1696 2647; x_wconf 84' lang='grc' dir='ltr'>βασιλικὰς</span> 
     </span>
    </p>
   </div>
   <div class='ocr_carea' id='block_1_45' title="bbox 139 2668 1343 2741">
    <p class='ocr_par' dir='ltr' id='par_1_45' title="bbox 139 2668 1343 2741">
     <span class='ocr_line' id='line_1_45' title="bbox 139 2668 1343 2741; baseline 0 -20"><span class='ocrx_word' id='word_1_326' title='bbox 139 2670 447 2741; x_wconf 63' lang='grc' dir='ltr'>ἀπτεθῆναι</span> <span class='ocrx_word' id='word_1_327' title='bbox 479 2672 804 2741; x_wconf 86' lang='grc' dir='ltr'>δυνάμενον,</span> <span class='ocrx_word' id='word_1_328' title='bbox 833 2670 908 2741; x_wconf 85' lang='grc' dir='ltr'>μὴ</span> <span class='ocrx_word' id='word_1_329' title='bbox 945 2668 1058 2741; x_wconf 72' lang='lat'><strong>(82)</strong></span> <span class='ocrx_word' id='word_1_330' title='bbox 1090 2668 1343 2740; x_wconf 84' lang='grc' dir='ltr'>ποιούσῃ.</span> 
     </span>
    </p>
   </div>
   <div class='ocr_carea' id='block_1_46' title="bbox 200 2756 1689 2830">
    <p class='ocr_par' dir='ltr' id='par_1_46' title="bbox 200 2756 1689 2830">
     <span class='ocr_line' id='line_1_46' title="bbox 200 2756 1689 2830; baseline 0.001 -18"><span class='ocrx_word' id='word_1_331' title='bbox 200 2759 311 2815; x_wconf 71' lang='grc'><strong>147.</strong></span> <span class='ocrx_word' id='word_1_332' title='bbox 364 2762 421 2814; x_wconf 85' lang='grc' dir='ltr'><strong>Ὀ</strong></span> <span class='ocrx_word' id='word_1_333' title='bbox 454 2757 553 2814; x_wconf 79' lang='grc' dir='ltr'><strong>οὖν</strong></span> <span class='ocrx_word' id='word_1_334' title='bbox 581 2759 796 2823; x_wconf 77' lang='grc' dir='ltr'>ἀνεθεὶς</span> <span class='ocrx_word' id='word_1_335' title='bbox 828 2756 1094 2830; x_wconf 85' lang='grc' dir='ltr'>ἀμπελὼν</span> <span class='ocrx_word' id='word_1_336' title='bbox 1128 2758 1221 2812; x_wconf 91' lang='grc' dir='ltr'><strong>δύο</strong></span> <span class='ocrx_word' id='word_1_337' title='bbox 1264 2759 1463 2830; x_wconf 65' lang='grc' dir='ltr'>πάσχει</span> <span class='ocrx_word' id='word_1_338' title='bbox 1504 2760 1653 2813; x_wconf 89' lang='grc' dir='ltr'>δεινά</span> <span class='ocrx_word' id='word_1_339' title='bbox 1676 2777 1689 2790; x_wconf 93' lang='grc'><strong>·</strong></span> 
     </span>
    </p>
   </div>
   <div class='ocr_carea' id='block_1_47' title="bbox 139 2848 1694 2923">
    <p class='ocr_par' dir='ltr' id='par_1_47' title="bbox 139 2848 1694 2923">
     <span class='ocr_line' id='line_1_47' title="bbox 139 2848 1694 2923; baseline 0.002 -21"><span class='ocrx_word' id='word_1_340' title='bbox 139 2848 243 2904; x_wconf 72' lang='grc' dir='ltr'>οὔτε</span> <span class='ocrx_word' id='word_1_341' title='bbox 267 2852 540 2923; x_wconf 84' lang='grc' dir='ltr'>τέμνεται,</span> <span class='ocrx_word' id='word_1_342' title='bbox 583 2852 770 2922; x_wconf 76' lang='grc' dir='ltr'>φησὶν,</span> <span class='ocrx_word' id='word_1_343' title='bbox 799 2850 923 2904; x_wconf 75' lang='grc' dir='ltr'>οὔτε</span> <span class='ocrx_word' id='word_1_344' title='bbox 952 2851 1275 2905; x_wconf 81' lang='grc' dir='ltr'>σκάπτεται.</span> <span class='ocrx_word' id='word_1_345' title='bbox 1296 2851 1527 2922; x_wconf 79' lang='grc' dir='ltr'>Εἴρηται</span> <span class='ocrx_word' id='word_1_346' title='bbox 1555 2852 1609 2905; x_wconf 83' lang='grc' dir='ltr'><strong>τί</strong></span> <span class='ocrx_word' id='word_1_347' title='bbox 1632 2852 1694 2905; x_wconf 87' lang='grc' dir='ltr'><strong>τὸ</strong></span> 
     </span>
    </p>
   </div>
   <div class='ocr_carea' id='block_1_48' title="bbox 143 2940 1693 3013">
    <p class='ocr_par' dir='ltr' id='par_1_48' title="bbox 143 2940 1693 3013">
     <span class='ocr_line' id='line_1_48' title="bbox 143 2940 1693 3013; baseline 0.003 -21"><span class='ocrx_word' id='word_1_348' title='bbox 143 2940 204 3009; x_wconf 78' lang='grc' dir='ltr'><strong>μὴ</strong></span> <span class='ocrx_word' id='word_1_349' title='bbox 230 2942 537 3012; x_wconf 84' lang='grc' dir='ltr'>τέμνεσθαι,</span> <span class='ocrx_word' id='word_1_350' title='bbox 575 2942 820 2995; x_wconf 86' lang='grc' dir='ltr'>τουτέστι</span> <span class='ocrx_word' id='word_1_351' title='bbox 889 2940 964 3013; x_wconf 86' lang='grc' dir='ltr'>μὴ</span> <span class='ocrx_word' id='word_1_352' title='bbox 996 2941 1542 3007; x_wconf 75' lang='grc' dir='ltr'>κατακονδυλίζεσθαι</span> <span class='ocrx_word' id='word_1_353' title='bbox 1575 2945 1693 3008; x_wconf 87' lang='grc' dir='ltr'>ταῖς</span> 
     </span>
    </p>
   </div>
   <div class='ocr_carea' id='block_1_49' title="bbox 140 3031 1694 3103">
    <p class='ocr_par' dir='ltr' id='par_1_49' title="bbox 140 3031 1694 3103">
     <span class='ocr_line' id='line_1_49' title="bbox 140 3031 1694 3103; baseline 0.003 -22"><span class='ocrx_word' id='word_1_354' title='bbox 140 3033 516 3101; x_wconf 79' lang='grc' dir='ltr'>περιστάσεσιν,</span> <span class='ocrx_word' id='word_1_355' title='bbox 544 3033 687 3103; x_wconf 83' lang='grc' dir='ltr'>ὅπερ</span> <span class='ocrx_word' id='word_1_356' title='bbox 715 3034 802 3085; x_wconf 82' lang='grc' dir='ltr'><strong>ἐπ’</strong></span> <span class='ocrx_word' id='word_1_357' title='bbox 821 3031 1057 3103; x_wconf 78' lang='grc' dir='ltr'>ὠφελείᾳ</span> <span class='ocrx_word' id='word_1_358' title='bbox 1078 3031 1183 3084; x_wconf 88' lang='grc' dir='ltr'><strong>τῶν</strong></span> <span class='ocrx_word' id='word_1_359' title='bbox 1206 3031 1535 3102; x_wconf 79' lang='grc' dir='ltr'>θλιόομένων</span> <span class='ocrx_word' id='word_1_360' title='bbox 1550 3035 1694 3085; x_wconf 84' lang='grc' dir='ltr'>οἰκο-</span> 
     </span>
    </p>
   </div>
   <div class='ocr_carea' id='block_1_50' title="bbox 138 3124 1692 3194">
    <p class='ocr_par' dir='ltr' id='par_1_50' title="bbox 138 3124 1692 3194">
     <span class='ocr_line' id='line_1_50' title="bbox 138 3124 1692 3194; baseline 0.004 -22"><span class='ocrx_word' id='word_1_361' title='bbox 138 3126 376 3192; x_wconf 81' lang='grc' dir='ltr'>νομεῖται,</span> <span class='ocrx_word' id='word_1_362' title='bbox 403 3125 719 3178; x_wconf 86' lang='grc' dir='ltr'>Σκάπτεται</span> <span class='ocrx_word' id='word_1_363' title='bbox 736 3124 793 3177; x_wconf 77' lang='grc' dir='ltr'><strong>δὲ</strong></span> <span class='ocrx_word' id='word_1_364' title='bbox 813 3126 842 3178; x_wconf 79' lang='grc' dir='ltr'>ὁ</span> <span class='ocrx_word' id='word_1_365' title='bbox 854 3126 1035 3177; x_wconf 75' lang='grc' dir='ltr'>πᾶσαν</span> <span class='ocrx_word' id='word_1_366' title='bbox 1050 3124 1148 3194; x_wconf 82' lang='grc' dir='ltr'><strong>τὴν</strong></span> <span class='ocrx_word' id='word_1_367' title='bbox 1166 3125 1560 3194; x_wconf 84' lang='grc' dir='ltr'>περικειμένην</span> <span class='ocrx_word' id='word_1_368' title='bbox 1582 3124 1692 3194; x_wconf 75' lang='lat'><strong>(85)</strong></span> 
     </span>
    </p>
   </div>
   <div class='ocr_carea' id='block_1_51' title="bbox 138 3213 1693 3287">
    <p class='ocr_par' dir='ltr' id='par_1_51' title="bbox 138 3213 1693 3287">
     <span class='ocr_line' id='line_1_51' title="bbox 138 3213 1693 3287; baseline 0.001 -22"><span class='ocrx_word' id='word_1_369' title='bbox 138 3214 266 3285; x_wconf 80' lang='grc' dir='ltr'>αύτῷ</span> <span class='ocrx_word' id='word_1_370' title='bbox 300 3214 428 3287; x_wconf 82' lang='grc' dir='ltr'>ὓλην</span> <span class='ocrx_word' id='word_1_371' title='bbox 470 3216 863 3286; x_wconf 77' lang='grc' dir='ltr'>διδασκόμενος</span> <span class='ocrx_word' id='word_1_372' title='bbox 896 3214 1033 3285; x_wconf 84' lang='grc' dir='ltr'>πρὸς</span> <span class='ocrx_word' id='word_1_373' title='bbox 1068 3215 1168 3286; x_wconf 85' lang='grc' dir='ltr'>τὴν</span> <span class='ocrx_word' id='word_1_374' title='bbox 1192 3213 1398 3267; x_wconf 88' lang='grc' dir='ltr'>οἰκείαν</span> <span class='ocrx_word' id='word_1_375' title='bbox 1426 3214 1693 3283; x_wconf 84' lang='grc' dir='ltr'>ὠφέλειαν</span> 
     </span>
    </p>
   </div>
   <div class='ocr_carea' id='block_1_52' title="bbox 139 3303 1695 3377">
    <p class='ocr_par' dir='ltr' id='par_1_52' title="bbox 139 3303 1695 3377">
     <span class='ocr_line' id='line_1_52' title="bbox 139 3303 1695 3377; baseline 0.001 -22"><span class='ocrx_word' id='word_1_376' title='bbox 139 3304 408 3376; x_wconf 76' lang='grc' dir='ltr'>λαμϐάνειν</span> <span class='ocrx_word' id='word_1_377' title='bbox 442 3308 586 3377; x_wconf 70' lang='grc'>(84).</span> <span class='ocrx_word' id='word_1_378' title='bbox 623 3303 770 3373; x_wconf 81' lang='grc' dir='ltr'>Οἷον,</span> <span class='ocrx_word' id='word_1_379' title='bbox 818 3307 1062 3375; x_wconf 79' lang='grc' dir='ltr'>ἀσκαφός</span> <span class='ocrx_word' id='word_1_380' title='bbox 1096 3309 1244 3360; x_wconf 76' lang='grc' dir='ltr'>ἐστιν</span> <span class='ocrx_word' id='word_1_381' title='bbox 1286 3305 1537 3369; x_wconf 85' lang='grc' dir='ltr'>πλούσιος</span> <span class='ocrx_word' id='word_1_382' title='bbox 1560 3308 1589 3359; x_wconf 84' lang='grc' dir='ltr'>ὁ</span> <span class='ocrx_word' id='word_1_383' title='bbox 1617 3304 1695 3376; x_wconf 81' lang='grc' dir='ltr'><strong>τῷ</strong></span> 
     </span>
    </p>
   </div>
   <div class='ocr_carea' id='block_1_53' title="bbox 140 3394 1693 3469">
    <p class='ocr_par' dir='ltr' id='par_1_53' title="bbox 140 3394 1693 3469">
     <span class='ocr_line' id='line_1_53' title="bbox 140 3394 1693 3469; baseline -0.002 -19"><span class='ocrx_word' id='word_1_384' title='bbox 140 3396 274 3466; x_wconf 83' lang='grc' dir='ltr'>βάρει</span> <span class='ocrx_word' id='word_1_385' title='bbox 296 3399 400 3451; x_wconf 90' lang='grc' dir='ltr'><strong>τῶν</strong></span> <span class='ocrx_word' id='word_1_386' title='bbox 441 3399 653 3469; x_wconf 84' lang='grc' dir='ltr'>γηίνων</span> <span class='ocrx_word' id='word_1_387' title='bbox 693 3398 792 3469; x_wconf 84' lang='grc' dir='ltr'>τὴν</span> <span class='ocrx_word' id='word_1_388' title='bbox 836 3396 1015 3466; x_wconf 75' lang='grc' dir='ltr'>ψυχὴν</span> <span class='ocrx_word' id='word_1_389' title='bbox 1048 3396 1399 3466; x_wconf 72' lang='grc' dir='ltr'><strong>πιεζόμενος⁸</strong></span> <span class='ocrx_word' id='word_1_390' title='bbox 1457 3395 1592 3465; x_wconf 85' lang='grc' dir='ltr'>πρὸς</span> <span class='ocrx_word' id='word_1_391' title='bbox 1634 3394 1693 3448; x_wconf 78' lang='grc' dir='ltr'>ὃν</span> 
     </span>
    </p>
   </div>
   <div class='ocr_carea' id='block_1_54' title="bbox 139 3486 1692 3559">
    <p class='ocr_par' dir='ltr' id='par_1_54' title="bbox 139 3486 1692 3559">
     <span class='ocr_line' id='line_1_54' title="bbox 139 3486 1692 3559; baseline 0.001 -20"><span class='ocrx_word' id='word_1_392' title='bbox 139 3486 243 3540; x_wconf 78' lang='grc' dir='ltr'>οὔτε</span> <span class='ocrx_word' id='word_1_393' title='bbox 277 3490 424 3552; x_wconf 77' lang='grc' dir='ltr'>ὑετὸς</span> <span class='ocrx_word' id='word_1_394' title='bbox 469 3489 727 3559; x_wconf 77' lang='grc' dir='ltr'>οὐράνιος</span> <span class='ocrx_word' id='word_1_395' title='bbox 754 3488 1105 3542; x_wconf 56' lang='grc' dir='ltr'>καταϐαίην</span> <span class='ocrx_word' id='word_1_396' title='bbox 1134 3488 1195 3542; x_wconf 83' lang='grc' dir='ltr'><strong>οὐ</strong></span> <span class='ocrx_word' id='word_1_397' title='bbox 1234 3487 1343 3559; x_wconf 84' lang='grc' dir='ltr'>γὰρ</span> <span class='ocrx_word' id='word_1_398' title='bbox 1390 3488 1692 3557; x_wconf 75' lang='grc' dir='ltr'>ἐφικνεῖται</span> 
     </span>
    </p>
   </div>
   <div class='ocr_carea' id='block_1_55' title="bbox 139 3576 1693 3649">
    <p class='ocr_par' dir='ltr' id='par_1_55' title="bbox 139 3576 1693 3649">
     <span class='ocr_line' id='line_1_55' title="bbox 139 3576 1693 3649; baseline 0 -19"><span class='ocrx_word' id='word_1_399' title='bbox 139 3577 223 3648; x_wconf 81' lang='grc' dir='ltr'>τῆς</span> <span class='ocrx_word' id='word_1_400' title='bbox 252 3579 418 3649; x_wconf 70' lang='grc' dir='ltr'>ῥίζης,</span> <span class='ocrx_word' id='word_1_401' title='bbox 459 3578 668 3648; x_wconf 80' lang='grc' dir='ltr'>πολλῆς</span> <span class='ocrx_word' id='word_1_402' title='bbox 698 3580 786 3632; x_wconf 72' lang='grc' dir='ltr'><strong>ἐπ’</strong></span> <span class='ocrx_word' id='word_1_403' title='bbox 828 3578 999 3647; x_wconf 80' lang='grc' dir='ltr'>αὐτῆς</span> <span class='ocrx_word' id='word_1_404' title='bbox 1041 3576 1154 3647; x_wconf 80' lang='lat'><strong>(85)</strong></span> <span class='ocrx_word' id='word_1_405' title='bbox 1194 3578 1693 3649; x_wconf 78' lang='grc' dir='ltr'>συμπεφορημένης</span> 
     </span>
    </p>
   </div>
   <div class='ocr_carea' id='block_1_56' title="bbox 139 3667 1693 3739">
    <p class='ocr_par' dir='ltr' id='par_1_56' title="bbox 139 3667 1693 3739">
     <span class='ocr_line' id='line_1_56' title="bbox 139 3667 1693 3739; baseline 0.001 -18"><span class='ocrx_word' id='word_1_406' title='bbox 139 3669 224 3739; x_wconf 83' lang='grc' dir='ltr'><strong>τῆς</strong></span> <span class='ocrx_word' id='word_1_407' title='bbox 252 3670 623 3739; x_wconf 81' lang='grc' dir='ltr'>ματαιότητος.</span> <span class='ocrx_word' id='word_1_408' title='bbox 679 3669 737 3722; x_wconf 87' lang='grc' dir='ltr'>Ὀ</span> <span class='ocrx_word' id='word_1_409' title='bbox 795 3669 981 3738; x_wconf 88' lang='grc' dir='ltr'>μέντοι</span> <span class='ocrx_word' id='word_1_410' title='bbox 1023 3667 1100 3738; x_wconf 83' lang='grc' dir='ltr'>τῷ</span> <span class='ocrx_word' id='word_1_411' title='bbox 1135 3667 1515 3739; x_wconf 85' lang='grc' dir='ltr'>κατανυκτικῷ</span> <span class='ocrx_word' id='word_1_412' title='bbox 1550 3669 1693 3739; x_wconf 83' lang='grc' dir='ltr'>λόγῳ</span> 
     </span>
    </p>
   </div>
   <div class='ocr_carea' id='block_1_57' title="bbox 143 3758 1691 3830">
    <p class='ocr_par' dir='ltr' id='par_1_57' title="bbox 143 3758 1691 3830">
     <span class='ocr_line' id='line_1_57' title="bbox 143 3758 1691 3830; baseline 0.001 -19"><span class='ocrx_word' id='word_1_413' title='bbox 143 3758 596 3814; x_wconf 83' lang='grc' dir='ltr'>ἀποσκευάσασθαι</span> <span class='ocrx_word' id='word_1_414' title='bbox 639 3759 728 3813; x_wconf 82' lang='grc' dir='ltr'><strong>τὸν</strong></span> <span class='ocrx_word' id='word_1_415' title='bbox 761 3759 917 3829; x_wconf 80' lang='grc' dir='ltr'>ὄχλον</span> <span class='ocrx_word' id='word_1_416' title='bbox 955 3758 1064 3812; x_wconf 89' lang='grc' dir='ltr'><strong>τῶν</strong></span> <span class='ocrx_word' id='word_1_417' title='bbox 1099 3758 1303 3830; x_wconf 76' lang='grc' dir='ltr'>γηίνων</span> <span class='ocrx_word' id='word_1_418' title='bbox 1351 3759 1691 3830; x_wconf 87' lang='grc' dir='ltr'>πραγμάτων</span> 
     </span>
    </p>
   </div>
   <div class='ocr_carea' id='block_1_58' title="bbox 143 3851 1690 3926">
    <p class='ocr_par' dir='ltr' id='par_1_58' title="bbox 143 3851 1690 3926">
     <span class='ocr_line' id='line_1_58' title="bbox 143 3851 1690 3926; baseline -0.001 -20"><span class='ocrx_word' id='word_1_419' title='bbox 143 3855 222 3906; x_wconf 74' lang='grc' dir='ltr'><strong>καί</strong></span> <span class='ocrx_word' id='word_1_420' title='bbox 246 3854 488 3926; x_wconf 82' lang='grc' dir='ltr'>φθαρτῶν</span> <span class='ocrx_word' id='word_1_421' title='bbox 517 3854 812 3924; x_wconf 78' lang='grc' dir='ltr'>διδαχθεὶς,</span> <span class='ocrx_word' id='word_1_422' title='bbox 849 3852 944 3905; x_wconf 82' lang='grc' dir='ltr'><strong>καί</strong></span> <span class='ocrx_word' id='word_1_423' title='bbox 966 3851 1307 3906; x_wconf 81' lang='grc' dir='ltr'>ἀναπνεῦσαι</span> <span class='ocrx_word' id='word_1_424' title='bbox 1339 3852 1435 3922; x_wconf 84' lang='grc' dir='ltr'>μὲν</span> <span class='ocrx_word' id='word_1_425' title='bbox 1464 3852 1571 3905; x_wconf 83' lang='grc' dir='ltr'><strong>ἀπὸ</strong></span> <span class='ocrx_word' id='word_1_426' title='bbox 1592 3852 1690 3922; x_wconf 81' lang='grc' dir='ltr'>τῆς</span> 
     </span>
    </p>
   </div>
   <div class='ocr_carea' id='block_1_59' title="bbox 144 3940 1690 4017">
    <p class='ocr_par' dir='ltr' id='par_1_59' title="bbox 144 3940 1690 4017">
     <span class='ocr_line' id='line_1_59' title="bbox 144 3940 1690 4017; baseline -0.001 -20"><span class='ocrx_word' id='word_1_427' title='bbox 144 3946 363 4017; x_wconf 76' lang='grc' dir='ltr'>συνοχῆς,</span> <span class='ocrx_word' id='word_1_428' title='bbox 389 3944 695 4013; x_wconf 77' lang='grc' dir='ltr'>ἐκκαλύψαι</span> <span class='ocrx_word' id='word_1_429' title='bbox 723 3943 779 3997; x_wconf 83' lang='grc' dir='ltr'>δὲ</span> <span class='ocrx_word' id='word_1_430' title='bbox 797 3942 992 3997; x_wconf 79' lang='grc' dir='ltr'>ἑαυτοῦ</span> <span class='ocrx_word' id='word_1_431' title='bbox 1018 3942 1087 3997; x_wconf 87' lang='grc' dir='ltr'><strong>τά</strong></span> <span class='ocrx_word' id='word_1_432' title='bbox 1113 3940 1353 4014; x_wconf 84' lang='grc' dir='ltr'>κρυπτὰ,</span> <span class='ocrx_word' id='word_1_433' title='bbox 1391 3941 1690 4014; x_wconf 71' lang='grc' dir='ltr'>ἀνατρέψαι</span> 
     </span>
    </p>
   </div>
   <div class='ocr_carea' id='block_1_60' title="bbox 140 4031 1691 4108">
    <p class='ocr_par' dir='ltr' id='par_1_60' title="bbox 140 4031 1691 4108">
     <span class='ocr_line' id='line_1_60' title="bbox 140 4031 1691 4108; baseline -0.002 -21"><span class='ocrx_word' id='word_1_434' title='bbox 140 4033 189 4087; x_wconf 78' lang='grc' dir='ltr'>δὲ</span> <span class='ocrx_word' id='word_1_435' title='bbox 211 4036 298 4099; x_wconf 70' lang='grc' dir='ltr'><strong>τὰς</strong></span> <span class='ocrx_word' id='word_1_436' title='bbox 323 4037 419 4107; x_wconf 83' lang='grc' dir='ltr'>τῆς</span> <span class='ocrx_word' id='word_1_437' title='bbox 442 4036 672 4108; x_wconf 88' lang='grc' dir='ltr'>πικρίας</span> <span class='ocrx_word' id='word_1_438' title='bbox 705 4032 881 4107; x_wconf 76' lang='grc' dir='ltr'>ῥίζας,</span> <span class='ocrx_word' id='word_1_439' title='bbox 906 4034 1000 4087; x_wconf 76' lang='grc' dir='ltr'>καὶ</span> <span class='ocrx_word' id='word_1_440' title='bbox 1027 4033 1190 4086; x_wconf 87' lang='grc' dir='ltr'>οἰονεί</span> <span class='ocrx_word' id='word_1_441' title='bbox 1224 4031 1458 4103; x_wconf 82' lang='grc' dir='ltr'>ξηρᾶναι</span> <span class='ocrx_word' id='word_1_442' title='bbox 1480 4032 1568 4085; x_wconf 86' lang='grc' dir='ltr'>διὰ</span> <span class='ocrx_word' id='word_1_443' title='bbox 1595 4049 1691 4103; x_wconf 90' lang='grc' dir='ltr'>με-</span> 
     </span>
    </p>
   </div>
   <div class='ocr_carea' id='block_1_61' title="bbox 141 4122 1689 4196">
    <p class='ocr_par' dir='ltr' id='par_1_61' title="bbox 141 4122 1689 4196">
     <span class='ocr_line' id='line_1_61' title="bbox 141 4122 1689 4196; baseline 0.001 -20"><span class='ocrx_word' id='word_1_444' title='bbox 141 4126 350 4191; x_wconf 83' lang='grc' dir='ltr'>τανοίας,</span> <span class='ocrx_word' id='word_1_445' title='bbox 400 4122 560 4190; x_wconf 75' lang='grc' dir='ltr'>οὗτός</span> <span class='ocrx_word' id='word_1_446' title='bbox 603 4128 751 4179; x_wconf 80' lang='grc' dir='ltr'>ἐστιν</span> <span class='ocrx_word' id='word_1_447' title='bbox 795 4128 824 4179; x_wconf 87' lang='grc' dir='ltr'>ὁ</span> <span class='ocrx_word' id='word_1_448' title='bbox 859 4124 1110 4194; x_wconf 85' lang='grc' dir='ltr'>σκαφείς.</span> <span class='ocrx_word' id='word_1_449' title='bbox 1158 4124 1359 4195; x_wconf 86' lang='grc' dir='ltr'>Διόπερ</span> <span class='ocrx_word' id='word_1_450' title='bbox 1390 4126 1483 4179; x_wconf 81' lang='grc' dir='ltr'><strong>καὶ</strong></span> <span class='ocrx_word' id='word_1_451' title='bbox 1515 4124 1689 4196; x_wconf 85' lang='grc' dir='ltr'>ἡτῶν</span> 
     </span>
    </p>
   </div>
   <div class='ocr_carea' id='block_1_62' title="bbox 141 4213 1687 4289">
    <p class='ocr_par' dir='ltr' id='par_1_62' title="bbox 141 4213 1687 4289">
     <span class='ocr_line' id='line_1_62' title="bbox 141 4213 1687 4289; baseline 0 -22"><span class='ocrx_word' id='word_1_452' title='bbox 141 4214 366 4269; x_wconf 81' lang='grc' dir='ltr'>ἀκανθῶν</span> <span class='ocrx_word' id='word_1_453' title='bbox 390 4216 547 4289; x_wconf 86' lang='grc' dir='ltr'>χύσις</span> <span class='ocrx_word' id='word_1_454' title='bbox 565 4216 836 4269; x_wconf 88' lang='grc' dir='ltr'>κωλύεται</span> <span class='ocrx_word' id='word_1_455' title='bbox 855 4231 869 4246; x_wconf 76' lang='grc' dir='ltr'><strong>ο</strong></span> <span class='ocrx_word' id='word_1_456' title='bbox 897 4213 1195 4277; x_wconf 83' lang='grc' dir='ltr'>τουτέστιν,</span> <span class='ocrx_word' id='word_1_457' title='bbox 1224 4216 1280 4267; x_wconf 86' lang='grc' dir='ltr'>αἱ</span> <span class='ocrx_word' id='word_1_458' title='bbox 1305 4214 1568 4286; x_wconf 86' lang='grc' dir='ltr'>μέριμναι</span> <span class='ocrx_word' id='word_1_459' title='bbox 1593 4213 1687 4267; x_wconf 91' lang='grc' dir='ltr'><strong>τοῦ</strong></span> 
     </span>
    </p>
   </div>
   <div class='ocr_carea' id='block_1_63' title="bbox 144 4302 1684 4377">
    <p class='ocr_par' dir='ltr' id='par_1_63' title="bbox 144 4302 1684 4377">
     <span class='ocr_line' id='line_1_63' title="bbox 144 4302 1684 4377; baseline 0 -21"><span class='ocrx_word' id='word_1_460' title='bbox 144 4302 244 4372; x_wconf 86' lang='grc' dir='ltr'>βίου</span> <span class='ocrx_word' id='word_1_461' title='bbox 272 4305 450 4360; x_wconf 86' lang='grc' dir='ltr'>τούτου</span> <span class='ocrx_word' id='word_1_462' title='bbox 478 4306 742 4377; x_wconf 78' lang='grc' dir='ltr'>οὐδεμίαν</span> <span class='ocrx_word' id='word_1_463' title='bbox 769 4305 953 4369; x_wconf 79' lang='grc' dir='ltr'>’ἐξουσι</span> <span class='ocrx_word' id='word_1_464' title='bbox 1000 4302 1185 4374; x_wconf 82' lang='grc' dir='ltr'>χώραν</span> <span class='ocrx_word' id='word_1_465' title='bbox 1217 4304 1275 4356; x_wconf 83' lang='grc' dir='ltr'>ὲν</span> <span class='ocrx_word' id='word_1_466' title='bbox 1300 4305 1368 4374; x_wconf 75' lang='grc' dir='ltr'>τῇ</span> <span class='ocrx_word' id='word_1_467' title='bbox 1405 4304 1684 4374; x_wconf 81' lang='grc' dir='ltr'>ἀνατροπῇ</span> 
     </span>
    </p>
   </div>
   <div class='ocr_carea' id='block_1_64' title="bbox 1801 1848 3373 1923">
    <p class='ocr_par' dir='ltr' id='par_1_64' title="bbox 1801 1848 3373 1923">
     <span class='ocr_line' id='line_1_64' title="bbox 1801 1848 3373 1923; baseline 0.004 -21"><span class='ocrx_word' id='word_1_468' title='bbox 1801 1848 1926 1913; x_wconf 90' lang='lat' dir='ltr'><strong>bile,</strong></span> <span class='ocrx_word' id='word_1_469' title='bbox 1951 1850 2135 1919; x_wconf 90' lang='lat' dir='ltr'><strong>eligat.</strong></span> <span class='ocrx_word' id='word_1_470' title='bbox 2176 1850 2220 1904; x_wconf 84' lang='lat' dir='ltr'><strong>E</strong></span> <span class='ocrx_word' id='word_1_471' title='bbox 2244 1852 2481 1916; x_wconf 80' lang='lat' dir='ltr'><strong>diverso,</strong></span> <span class='ocrx_word' id='word_1_472' title='bbox 2505 1868 2625 1922; x_wconf 66' lang='lat' dir='ltr'><strong>qua:</strong></span> <span class='ocrx_word' id='word_1_473' title='bbox 2651 1852 2870 1907; x_wconf 88' lang='lat' dir='ltr'><strong>dimissa</strong></span> <span class='ocrx_word' id='word_1_474' title='bbox 2907 1863 2992 1908; x_wconf 88' lang='lat' dir='ltr'><strong>est</strong></span> <span class='ocrx_word' id='word_1_475' title='bbox 3024 1854 3215 1919; x_wconf 89' lang='lat' dir='ltr'><strong>libera,</strong></span> <span class='ocrx_word' id='word_1_476' title='bbox 3248 1870 3373 1923; x_wconf 88' lang='lat' dir='ltr'><strong>per-</strong></span> 
     </span>
    </p>
   </div>
   <div class='ocr_carea' id='block_1_65' title="bbox 1797 1940 3366 2011">
    <p class='ocr_par' dir='ltr' id='par_1_65' title="bbox 1797 1940 3366 2011">
     <span class='ocr_line' id='line_1_65' title="bbox 1797 1940 3366 2011; baseline 0.004 -19"><span class='ocrx_word' id='word_1_477' title='bbox 1797 1940 1922 1995; x_wconf 84' lang='lat' dir='ltr'><strong>inde</strong></span> <span class='ocrx_word' id='word_1_478' title='bbox 1969 1950 2130 2010; x_wconf 86' lang='lat' dir='ltr'><strong>atque</strong></span> <span class='ocrx_word' id='word_1_479' title='bbox 2178 1943 2332 1996; x_wconf 90' lang='lat' dir='ltr'><strong>vinea</strong></span> <span class='ocrx_word' id='word_1_480' title='bbox 2379 1944 2644 2011; x_wconf 68' lang='lat' dir='ltr'><strong>qnwpiam</strong></span> <span class='ocrx_word' id='word_1_481' title='bbox 2676 1946 2921 2011; x_wconf 73' lang='lat' dir='ltr'><strong>neglecta</strong></span> <span class='ocrx_word' id='word_1_482' title='bbox 2974 1943 3316 1998; x_wconf 81' lang='lat' dir='ltr'><strong>eluxuriatur</strong></span> <span class='ocrx_word' id='word_1_483' title='bbox 3347 1982 3366 2009; x_wconf 89' lang='lat'><strong>,</strong></span> 
     </span>
    </p>
   </div>
   <div class='ocr_carea' id='block_1_66' title="bbox 1797 2032 3369 2104">
    <p class='ocr_par' dir='ltr' id='par_1_66' title="bbox 1797 2032 3369 2104">
     <span class='ocr_line' id='line_1_66' title="bbox 1797 2032 3369 2104; baseline 0.004 -22"><span class='ocrx_word' id='word_1_484' title='bbox 1797 2043 1965 2100; x_wconf 87' lang='lat' dir='ltr'><strong>scque</strong></span> <span class='ocrx_word' id='word_1_485' title='bbox 1999 2032 2052 2085; x_wconf 89' lang='lat' dir='ltr'><strong>in</strong></span> <span class='ocrx_word' id='word_1_486' title='bbox 2077 2045 2166 2086; x_wconf 83' lang='lat' dir='ltr'><strong>res</strong></span> <span class='ocrx_word' id='word_1_487' title='bbox 2204 2046 2373 2087; x_wconf 76' lang='lat' dir='ltr'><strong>Vanas</strong></span> <span class='ocrx_word' id='word_1_488' title='bbox 2401 2045 2457 2087; x_wconf 89' lang='lat' dir='ltr'><strong>et</strong></span> <span class='ocrx_word' id='word_1_489' title='bbox 2482 2034 2702 2089; x_wconf 79' lang='lat' dir='ltr'><strong>inutiles</strong></span> <span class='ocrx_word' id='word_1_490' title='bbox 2724 2033 2972 2099; x_wconf 75' lang='lat' dir='ltr'><strong>eﬂundit,</strong></span> <span class='ocrx_word' id='word_1_491' title='bbox 3003 2046 3165 2104; x_wconf 88' lang='lat' dir='ltr'><strong>atque</strong></span> <span class='ocrx_word' id='word_1_492' title='bbox 3185 2036 3369 2090; x_wconf 84' lang='lat' dir='ltr'><strong>omnia</strong></span> 
     </span>
    </p>
   </div>
   <div class='ocr_carea' id='block_1_67' title="bbox 1799 2124 3366 2195">
    <p class='ocr_par' dir='ltr' id='par_1_67' title="bbox 1799 2124 3366 2195">
     <span class='ocr_line' id='line_1_67' title="bbox 1799 2124 3366 2195; baseline 0.004 -21"><span class='ocrx_word' id='word_1_493' title='bbox 1799 2135 1894 2174; x_wconf 86' lang='lat' dir='ltr'><strong>sua</strong></span> <span class='ocrx_word' id='word_1_494' title='bbox 1927 2136 2095 2191; x_wconf 89' lang='lat' dir='ltr'><strong>opera</strong></span> <span class='ocrx_word' id='word_1_495' title='bbox 2124 2131 2381 2188; x_wconf 88' lang='lat' dir='ltr'><strong>ostentat,</strong></span> <span class='ocrx_word' id='word_1_496' title='bbox 2409 2139 2515 2194; x_wconf 89' lang='lat' dir='ltr'><strong>quo</strong></span> <span class='ocrx_word' id='word_1_497' title='bbox 2542 2124 2723 2193; x_wconf 89' lang='lat' dir='ltr'><strong>plures</strong></span> <span class='ocrx_word' id='word_1_498' title='bbox 2751 2126 2805 2179; x_wconf 89' lang='lat' dir='ltr'><strong>in</strong></span> <span class='ocrx_word' id='word_1_499' title='bbox 2833 2140 3073 2181; x_wconf 90' lang='lat' dir='ltr'><strong>errorem</strong></span> <span class='ocrx_word' id='word_1_500' title='bbox 3107 2126 3366 2195; x_wconf 85' lang='lat' dir='ltr'><strong>pelliciat.</strong></span> 
     </span>
    </p>
   </div>
   <div class='ocr_carea' id='block_1_68' title="bbox 1798 2211 3369 2285">
    <p class='ocr_par' dir='ltr' id='par_1_68' title="bbox 1798 2211 3369 2285">
     <span class='ocr_line' id='line_1_68' title="bbox 1798 2211 3369 2285; baseline 0.001 -20"><span class='ocrx_word' id='word_1_501' title='bbox 1798 2211 1902 2278; x_wconf 87' lang='lat' dir='ltr'><strong>Qui</strong></span> <span class='ocrx_word' id='word_1_502' title='bbox 1928 2213 2072 2266; x_wconf 90' lang='lat' dir='ltr'><strong>enim</strong></span> <span class='ocrx_word' id='word_1_503' title='bbox 2103 2228 2267 2280; x_wconf 88' lang='lat' dir='ltr'><strong>opera</strong></span> <span class='ocrx_word' id='word_1_504' title='bbox 2305 2224 2485 2283; x_wconf 84' lang='lat' dir='ltr'><strong>patrat</strong></span> <span class='ocrx_word' id='word_1_505' title='bbox 2519 2217 2857 2285; x_wconf 88' lang='lat' dir='ltr'><strong>corruptioni</strong></span> <span class='ocrx_word' id='word_1_506' title='bbox 2890 2216 3121 2271; x_wconf 80' lang='lat' dir='ltr'><strong>obnoxia</strong></span> <span class='ocrx_word' id='word_1_507' title='bbox 3149 2255 3165 2281; x_wconf 92' lang='lat'><strong>,</strong></span> <span class='ocrx_word' id='word_1_508' title='bbox 3200 2217 3246 2271; x_wconf 91' lang='lat' dir='ltr'><strong>is</strong></span> <span class='ocrx_word' id='word_1_509' title='bbox 3284 2219 3369 2268; x_wconf 87' lang='lat' dir='ltr'><strong>vi-</strong></span> 
     </span>
    </p>
   </div>
   <div class='ocr_carea' id='block_1_69' title="bbox 1802 2303 3371 2376">
    <p class='ocr_par' dir='ltr' id='par_1_69' title="bbox 1802 2303 3371 2376">
     <span class='ocr_line' id='line_1_69' title="bbox 1802 2303 3371 2376; baseline 0.002 -20"><span class='ocrx_word' id='word_1_510' title='bbox 1802 2317 1918 2357; x_wconf 76' lang='lat' dir='ltr'><strong>neae</strong></span> <span class='ocrx_word' id='word_1_511' title='bbox 1966 2303 2265 2358; x_wconf 84' lang='lat' dir='ltr'><strong>consimilis</strong></span> <span class='ocrx_word' id='word_1_512' title='bbox 2294 2314 2378 2359; x_wconf 90' lang='lat' dir='ltr'><strong>est</strong></span> <span class='ocrx_word' id='word_1_513' title='bbox 2404 2344 2421 2369; x_wconf 94' lang='lat'><strong>,</strong></span> <span class='ocrx_word' id='word_1_514' title='bbox 2447 2305 2588 2375; x_wconf 87' lang='lat' dir='ltr'><strong>ligna</strong></span> <span class='ocrx_word' id='word_1_515' title='bbox 2614 2344 2630 2369; x_wconf 93' lang='lat'><strong>,</strong></span> <span class='ocrx_word' id='word_1_516' title='bbox 2670 2306 2797 2359; x_wconf 68' lang='lat' dir='ltr'><strong>l‘olia</strong></span> <span class='ocrx_word' id='word_1_517' title='bbox 2837 2314 2891 2361; x_wconf 90' lang='lat' dir='ltr'><strong>et</strong></span> <span class='ocrx_word' id='word_1_518' title='bbox 2929 2306 3205 2376; x_wconf 83' lang='lat' dir='ltr'><strong>capreolos</strong></span> <span class='ocrx_word' id='word_1_519' title='bbox 3235 2322 3371 2361; x_wconf 79' lang='lat' dir='ltr'><strong>enn-</strong></span> 
     </span>
    </p>
   </div>
   <div class='ocr_carea' id='block_1_70' title="bbox 1817 2393 3370 2465">
    <p class='ocr_par' dir='ltr' id='par_1_70' title="bbox 1817 2393 3370 2465">
     <span class='ocr_line' id='line_1_70' title="bbox 1817 2393 3370 2465; baseline 0.004 -20"><span class='ocrx_word' id='word_1_520' title='bbox 1817 2393 2022 2460; x_wconf 87' lang='lat' dir='ltr'><strong>trienti,</strong></span> <span class='ocrx_word' id='word_1_521' title='bbox 2053 2396 2237 2447; x_wconf 88' lang='lat' dir='ltr'><strong>vinum</strong></span> <span class='ocrx_word' id='word_1_522' title='bbox 2269 2404 2450 2447; x_wconf 87' lang='lat' dir='ltr'><strong>autem</strong></span> <span class='ocrx_word' id='word_1_523' title='bbox 2486 2411 2592 2449; x_wconf 91' lang='lat' dir='ltr'><strong>non</strong></span> <span class='ocrx_word' id='word_1_524' title='bbox 2625 2397 2941 2465; x_wconf 88' lang='lat' dir='ltr'><strong>producenti</strong></span> <span class='ocrx_word' id='word_1_525' title='bbox 2961 2435 2978 2461; x_wconf 97' lang='lat'><strong>,</strong></span> <span class='ocrx_word' id='word_1_526' title='bbox 3009 2396 3150 2465; x_wconf 85' lang='lat' dir='ltr'><strong>quod</strong></span> <span class='ocrx_word' id='word_1_527' title='bbox 3170 2398 3370 2463; x_wconf 81' lang='lat' dir='ltr'><strong>jucun-</strong></span> 
     </span>
    </p>
   </div>
   <div class='ocr_carea' id='block_1_71' title="bbox 1797 2484 3368 2561">
    <p class='ocr_par' dir='ltr' id='par_1_71' title="bbox 1797 2484 3368 2561">
     <span class='ocr_line' id='line_1_71' title="bbox 1797 2484 3368 2561; baseline 0.006 -24"><span class='ocrx_word' id='word_1_528' title='bbox 1797 2484 2021 2539; x_wconf 87' lang='lat' dir='ltr'><strong>ditatem</strong></span> <span class='ocrx_word' id='word_1_529' title='bbox 2049 2495 2229 2552; x_wconf 85' lang='lat' dir='ltr'><strong>creet,</strong></span> <span class='ocrx_word' id='word_1_530' title='bbox 2263 2487 2513 2557; x_wconf 85' lang='lat' dir='ltr'><strong>quodque</strong></span> <span class='ocrx_word' id='word_1_531' title='bbox 2537 2489 2713 2558; x_wconf 86' lang='lat' dir='ltr'><strong>possit</strong></span> <span class='ocrx_word' id='word_1_532' title='bbox 2741 2488 2794 2543; x_wconf 91' lang='lat' dir='ltr'><strong>in</strong></span> <span class='ocrx_word' id='word_1_533' title='bbox 2837 2489 3110 2560; x_wconf 76' lang='lat' dir='ltr'><strong>regalibus</strong></span> <span class='ocrx_word' id='word_1_534' title='bbox 3143 2491 3368 2561; x_wconf 83' lang='lat' dir='ltr'><strong>apothe-</strong></span> 
     </span>
    </p>
   </div>
   <div class='ocr_carea' id='block_1_72' title="bbox 1796 2578 2132 2632">
    <p class='ocr_par' dir='ltr' id='par_1_72' title="bbox 1796 2578 2132 2632">
     <span class='ocr_line' id='line_1_72' title="bbox 1796 2578 2132 2632; baseline 0 -1"><span class='ocrx_word' id='word_1_535' title='bbox 1796 2578 1875 2632; x_wconf 91' lang='lat' dir='ltr'><strong>cis</strong></span> <span class='ocrx_word' id='word_1_536' title='bbox 1897 2579 2132 2632; x_wconf 89' lang='lat' dir='ltr'><strong>recondi.</strong></span> 
     </span>
    </p>
   </div>
   <div class='ocr_carea' id='block_1_73' title="bbox 1879 2751 3356 2827">
    <p class='ocr_par' dir='ltr' id='par_1_73' title="bbox 1879 2751 3356 2827">
     <span class='ocr_line' id='line_1_73' title="bbox 1879 2751 3356 2827; baseline 0.003 -19"><span class='ocrx_word' id='word_1_537' title='bbox 1879 2753 1999 2808; x_wconf 71' lang='lat'><strong>147.</strong></span> <span class='ocrx_word' id='word_1_538' title='bbox 2041 2751 2210 2808; x_wconf 84' lang='lat' dir='ltr'><strong>Vinea</strong></span> <span class='ocrx_word' id='word_1_539' title='bbox 2255 2754 2421 2824; x_wconf 81' lang='lat' dir='ltr'><strong>igitur</strong></span> <span class='ocrx_word' id='word_1_540' title='bbox 2459 2754 2747 2819; x_wconf 88' lang='lat' dir='ltr'><strong>derelicta,</strong></span> <span class='ocrx_word' id='word_1_541' title='bbox 2786 2756 2923 2810; x_wconf 81' lang='lat' dir='ltr'><strong>mala</strong></span> <span class='ocrx_word' id='word_1_542' title='bbox 2966 2758 3071 2813; x_wconf 90' lang='lat' dir='ltr'><strong>duo</strong></span> <span class='ocrx_word' id='word_1_543' title='bbox 3114 2758 3356 2827; x_wconf 90' lang='lat' dir='ltr'><strong>patitur:</strong></span> 
     </span>
    </p>
   </div>
   <div class='ocr_carea' id='block_1_74' title="bbox 1799 2845 3369 2914">
    <p class='ocr_par' dir='ltr' id='par_1_74' title="bbox 1799 2845 3369 2914">
     <span class='ocr_line' id='line_1_74' title="bbox 1799 2845 3369 2914; baseline 0.004 -17"><span class='ocrx_word' id='word_1_544' title='bbox 1799 2859 1977 2913; x_wconf 85' lang='lat' dir='ltr'><strong>neque</strong></span> <span class='ocrx_word' id='word_1_545' title='bbox 2012 2854 2254 2914; x_wconf 88' lang='lat' dir='ltr'><strong>putatur,</strong></span> <span class='ocrx_word' id='word_1_546' title='bbox 2300 2845 2508 2913; x_wconf 88' lang='lat' dir='ltr'><strong>inquit,</strong></span> <span class='ocrx_word' id='word_1_547' title='bbox 2556 2860 2731 2914; x_wconf 90' lang='lat' dir='ltr'><strong>neque</strong></span> <span class='ocrx_word' id='word_1_548' title='bbox 2763 2845 2986 2903; x_wconf 81' lang='lat' dir='ltr'><strong>foditur.</strong></span> <span class='ocrx_word' id='word_1_549' title='bbox 3038 2848 3249 2903; x_wconf 90' lang='lat' dir='ltr'><strong>Dictum</strong></span> <span class='ocrx_word' id='word_1_550' title='bbox 3284 2857 3369 2903; x_wconf 82' lang='lat' dir='ltr'><strong>est</strong></span> 
     </span>
    </p>
   </div>
   <div class='ocr_carea' id='block_1_75' title="bbox 1794 2936 3368 3005">
    <p class='ocr_par' dir='ltr' id='par_1_75' title="bbox 1794 2936 3368 3005">
     <span class='ocr_line' id='line_1_75' title="bbox 1794 2936 3368 3005; baseline 0.004 -17"><span class='ocrx_word' id='word_1_551' title='bbox 1794 2937 1923 3005; x_wconf 91' lang='lat' dir='ltr'><strong>quid</strong></span> <span class='ocrx_word' id='word_1_552' title='bbox 1961 2937 2027 2990; x_wconf 89' lang='lat' dir='ltr'><strong>sit</strong></span> <span class='ocrx_word' id='word_1_553' title='bbox 2058 2951 2163 2989; x_wconf 91' lang='lat' dir='ltr'><strong>non</strong></span> <span class='ocrx_word' id='word_1_554' title='bbox 2196 2936 2394 3005; x_wconf 84' lang='lat' dir='ltr'><strong>putari,</strong></span> <span class='ocrx_word' id='word_1_555' title='bbox 2436 2936 2537 2991; x_wconf 93' lang='lat' dir='ltr'><strong>hoc</strong></span> <span class='ocrx_word' id='word_1_556' title='bbox 2568 2947 2685 3001; x_wconf 90' lang='lat' dir='ltr'><strong>est,</strong></span> <span class='ocrx_word' id='word_1_557' title='bbox 2716 2937 3115 2994; x_wconf 85' lang='lat' dir='ltr'><strong>calamitatibus</strong></span> <span class='ocrx_word' id='word_1_558' title='bbox 3146 2940 3368 2995; x_wconf 73' lang='lat' dir='ltr'><strong>minime</strong></span> 
     </span>
    </p>
   </div>
   <div class='ocr_carea' id='block_1_76' title="bbox 1796 3026 3363 3097">
    <p class='ocr_par' dir='ltr' id='par_1_76' title="bbox 1796 3026 3363 3097">
     <span class='ocr_line' id='line_1_76' title="bbox 1796 3026 3363 3097; baseline 0.004 -20"><span class='ocrx_word' id='word_1_559' title='bbox 1796 3026 2004 3089; x_wconf 83' lang='lat' dir='ltr'><strong>vexari,</strong></span> <span class='ocrx_word' id='word_1_560' title='bbox 2031 3026 2081 3080; x_wconf 89' lang='lat' dir='ltr'><strong>id</strong></span> <span class='ocrx_word' id='word_1_561' title='bbox 2108 3027 2249 3096; x_wconf 86' lang='lat' dir='ltr'><strong>quod</strong></span> <span class='ocrx_word' id='word_1_562' title='bbox 2281 3027 2348 3079; x_wconf 91' lang='lat' dir='ltr'><strong>ad</strong></span> <span class='ocrx_word' id='word_1_563' title='bbox 2378 3026 2664 3080; x_wconf 89' lang='lat' dir='ltr'><strong>utilitatem</strong></span> <span class='ocrx_word' id='word_1_564' title='bbox 2691 3041 2877 3081; x_wconf 89' lang='lat' dir='ltr'><strong>eorum</strong></span> <span class='ocrx_word' id='word_1_565' title='bbox 2899 3028 2989 3097; x_wconf 92' lang='lat' dir='ltr'><strong>qui</strong></span> <span class='ocrx_word' id='word_1_566' title='bbox 3012 3027 3363 3096; x_wconf 75' lang='lat' dir='ltr'><strong>atllictantur,</strong></span> 
     </span>
    </p>
   </div>
   <div class='ocr_carea' id='block_1_77' title="bbox 1720 3096 3367 3185">
    <p class='ocr_par' dir='ltr' id='par_1_77' title="bbox 1720 3096 3367 3185">
     <span class='ocr_line' id='line_1_77' title="bbox 1720 3096 3367 3185; baseline 0.002 -15"><span class='ocrx_word' id='word_1_567' title='bbox 1720 3096 1765 3154; x_wconf 66' lang='grc' dir='ltr'><strong>θ</strong></span> <span class='ocrx_word' id='word_1_568' title='bbox 1798 3117 2132 3172; x_wconf 87' lang='lat' dir='ltr'><strong>decernitur.</strong></span> <span class='ocrx_word' id='word_1_569' title='bbox 2171 3117 2270 3185; x_wconf 86' lang='lat' dir='ltr'><strong>Qui</strong></span> <span class='ocrx_word' id='word_1_570' title='bbox 2314 3127 2493 3173; x_wconf 89' lang='lat' dir='ltr'><strong>autem</strong></span> <span class='ocrx_word' id='word_1_571' title='bbox 2539 3119 2686 3172; x_wconf 91' lang='lat' dir='ltr'><strong>omni</strong></span> <span class='ocrx_word' id='word_1_572' title='bbox 2735 3120 2960 3172; x_wconf 87' lang='lat' dir='ltr'><strong>materia</strong></span> <span class='ocrx_word' id='word_1_573' title='bbox 2991 3120 3095 3174; x_wconf 84' lang='lat' dir='ltr'><strong>sibi</strong></span> <span class='ocrx_word' id='word_1_574' title='bbox 3126 3121 3367 3176; x_wconf 75' lang='lat' dir='ltr'><strong>circum-</strong></span> 
     </span>
    </p>
   </div>
   <div class='ocr_carea' id='block_1_78' title="bbox 1795 3209 3362 3279">
    <p class='ocr_par' dir='ltr' id='par_1_78' title="bbox 1795 3209 3362 3279">
     <span class='ocr_line' id='line_1_78' title="bbox 1795 3209 3362 3279; baseline 0.002 -15"><span class='ocrx_word' id='word_1_575' title='bbox 1795 3211 1970 3279; x_wconf 86' lang='lat' dir='ltr'><strong>posita</strong></span> <span class='ocrx_word' id='word_1_576' title='bbox 2015 3209 2092 3264; x_wconf 91' lang='lat' dir='ltr'><strong>uti</strong></span> <span class='ocrx_word' id='word_1_577' title='bbox 2140 3211 2363 3265; x_wconf 90' lang='lat' dir='ltr'><strong>docetur</strong></span> <span class='ocrx_word' id='word_1_578' title='bbox 2402 3210 2470 3264; x_wconf 90' lang='lat' dir='ltr'><strong>ad</strong></span> <span class='ocrx_word' id='word_1_579' title='bbox 2501 3224 2657 3265; x_wconf 92' lang='lat' dir='ltr'><strong>suum</strong></span> <span class='ocrx_word' id='word_1_580' title='bbox 2693 3209 2860 3279; x_wconf 88' lang='lat' dir='ltr'><strong>ipsius</strong></span> <span class='ocrx_word' id='word_1_581' title='bbox 2888 3212 3228 3265; x_wconf 91' lang='lat' dir='ltr'><strong>commodum</strong></span> <span class='ocrx_word' id='word_1_582' title='bbox 3255 3252 3273 3279; x_wconf 92' lang='lat'><strong>,</strong></span> <span class='ocrx_word' id='word_1_583' title='bbox 3315 3214 3362 3268; x_wconf 75' lang='lat' dir='ltr'><strong>is</strong></span> 
     </span>
    </p>
   </div>
   <div class='ocr_carea' id='block_1_79' title="bbox 1796 3302 3362 3373">
    <p class='ocr_par' dir='ltr' id='par_1_79' title="bbox 1796 3302 3362 3373">
     <span class='ocr_line' id='line_1_79' title="bbox 1796 3302 3362 3373; baseline 0.003 -19"><span class='ocrx_word' id='word_1_584' title='bbox 1796 3302 2018 3358; x_wconf 84' lang='lat' dir='ltr'><strong>foditur.</strong></span> <span class='ocrx_word' id='word_1_585' title='bbox 2070 3302 2312 3370; x_wconf 82' lang='lat' dir='ltr'><strong>Exempli</strong></span> <span class='ocrx_word' id='word_1_586' title='bbox 2355 3317 2519 3357; x_wconf 87' lang='lat' dir='ltr'><strong>causa</strong></span> <span class='ocrx_word' id='word_1_587' title='bbox 2547 3343 2563 3367; x_wconf 93' lang='lat'><strong>,</strong></span> <span class='ocrx_word' id='word_1_588' title='bbox 2590 3302 2744 3356; x_wconf 84' lang='lat' dir='ltr'><strong>dives</strong></span> <span class='ocrx_word' id='word_1_589' title='bbox 2771 3302 2925 3373; x_wconf 85' lang='lat' dir='ltr'><strong>cujus</strong></span> <span class='ocrx_word' id='word_1_590' title='bbox 2954 3303 3133 3356; x_wconf 88' lang='lat' dir='ltr'><strong>anima</strong></span> <span class='ocrx_word' id='word_1_591' title='bbox 3181 3320 3362 3359; x_wconf 85' lang='lat' dir='ltr'><strong>rerum</strong></span> 
     </span>
    </p>
   </div>
   <div class='ocr_carea' id='block_1_80' title="bbox 1797 3393 3365 3462">
    <p class='ocr_par' dir='ltr' id='par_1_80' title="bbox 1797 3393 3365 3462">
     <span class='ocr_line' id='line_1_80' title="bbox 1797 3393 3365 3462; baseline 0.004 -17"><span class='ocrx_word' id='word_1_592' title='bbox 1797 3401 2139 3447; x_wconf 89' lang='lat' dir='ltr'><strong>terrenarum</strong></span> <span class='ocrx_word' id='word_1_593' title='bbox 2168 3393 2405 3461; x_wconf 89' lang='lat' dir='ltr'><strong>pondere</strong></span> <span class='ocrx_word' id='word_1_594' title='bbox 2437 3393 2724 3461; x_wconf 88' lang='lat' dir='ltr'><strong>premitur,</strong></span> <span class='ocrx_word' id='word_1_595' title='bbox 2759 3402 2815 3448; x_wconf 89' lang='lat' dir='ltr'><strong>et</strong></span> <span class='ocrx_word' id='word_1_596' title='bbox 2844 3396 2911 3448; x_wconf 89' lang='lat' dir='ltr'><strong>ad</strong></span> <span class='ocrx_word' id='word_1_597' title='bbox 2950 3407 3108 3462; x_wconf 88' lang='lat' dir='ltr'><strong>quem</strong></span> <span class='ocrx_word' id='word_1_598' title='bbox 3141 3410 3247 3449; x_wconf 85' lang='lat' dir='ltr'><strong>non</strong></span> <span class='ocrx_word' id='word_1_599' title='bbox 3281 3396 3365 3451; x_wconf 69' lang='lat' dir='ltr'><strong>di-</strong></span> 
     </span>
    </p>
   </div>
   <div class='ocr_carea' id='block_1_81' title="bbox 1792 3481 3359 3555">
    <p class='ocr_par' dir='ltr' id='par_1_81' title="bbox 1792 3481 3359 3555">
     <span class='ocr_line' id='line_1_81' title="bbox 1792 3481 3359 3555; baseline 0.004 -20"><span class='ocrx_word' id='word_1_600' title='bbox 1792 3481 1991 3537; x_wconf 85' lang='lat' dir='ltr'><strong>labitur</strong></span> <span class='ocrx_word' id='word_1_601' title='bbox 2010 3484 2248 3539; x_wconf 74' lang='lat' dir='ltr'><strong>cmlestis</strong></span> <span class='ocrx_word' id='word_1_602' title='bbox 2277 3484 2477 3554; x_wconf 88' lang='lat' dir='ltr'><strong>pluvia,</strong></span> <span class='ocrx_word' id='word_1_603' title='bbox 2510 3482 2694 3539; x_wconf 81' lang='lat' dir='ltr'><strong>fossus</strong></span> <span class='ocrx_word' id='word_1_604' title='bbox 2732 3498 2838 3538; x_wconf 91' lang='lat' dir='ltr'><strong>non</strong></span> <span class='ocrx_word' id='word_1_605' title='bbox 2863 3493 2967 3539; x_wconf 89' lang='lat' dir='ltr'><strong>est.</strong></span> <span class='ocrx_word' id='word_1_606' title='bbox 2992 3484 3180 3555; x_wconf 83' lang='lat' dir='ltr'><strong>Neque</strong></span> <span class='ocrx_word' id='word_1_607' title='bbox 3215 3487 3359 3542; x_wconf 89' lang='lat' dir='ltr'><strong>enim</strong></span> 
     </span>
    </p>
   </div>
   <div class='ocr_carea' id='block_1_82' title="bbox 1794 3574 3361 3646">
    <p class='ocr_par' dir='ltr' id='par_1_82' title="bbox 1794 3574 3361 3646">
     <span class='ocr_line' id='line_1_82' title="bbox 1794 3574 3361 3646; baseline 0.003 -18"><span class='ocrx_word' id='word_1_608' title='bbox 1794 3574 1973 3629; x_wconf 86' lang='lat' dir='ltr'><strong>imber</strong></span> <span class='ocrx_word' id='word_1_609' title='bbox 1994 3576 2063 3629; x_wconf 92' lang='lat' dir='ltr'><strong>ob</strong></span> <span class='ocrx_word' id='word_1_610' title='bbox 2096 3575 2318 3629; x_wconf 90' lang='lat' dir='ltr'><strong>multam</strong></span> <span class='ocrx_word' id='word_1_611' title='bbox 2341 3576 2638 3629; x_wconf 81' lang='lat' dir='ltr'><strong>vanitatem</strong></span> <span class='ocrx_word' id='word_1_612' title='bbox 2664 3576 2715 3629; x_wconf 89' lang='lat' dir='ltr'><strong>in</strong></span> <span class='ocrx_word' id='word_1_613' title='bbox 2740 3576 2920 3629; x_wconf 86' lang='lat' dir='ltr'><strong>anima</strong></span> <span class='ocrx_word' id='word_1_614' title='bbox 2952 3587 3264 3646; x_wconf 85' lang='lat' dir='ltr'><strong>congestam</strong></span> <span class='ocrx_word' id='word_1_615' title='bbox 3292 3580 3361 3633; x_wconf 83' lang='lat' dir='ltr'><strong>ad</strong></span> 
     </span>
    </p>
   </div>
   <div class='ocr_carea' id='block_1_83' title="bbox 1793 3664 3364 3736">
    <p class='ocr_par' dir='ltr' id='par_1_83' title="bbox 1793 3664 3364 3736">
     <span class='ocr_line' id='line_1_83' title="bbox 1793 3664 3364 3736; baseline 0.003 -17"><span class='ocrx_word' id='word_1_616' title='bbox 1793 3664 2029 3719; x_wconf 87' lang='lat' dir='ltr'><strong>radicem</strong></span> <span class='ocrx_word' id='word_1_617' title='bbox 2050 3679 2220 3733; x_wconf 86' lang='lat' dir='ltr'><strong>usque</strong></span> <span class='ocrx_word' id='word_1_618' title='bbox 2239 3664 2520 3736; x_wconf 78' lang='lat' dir='ltr'><strong>pertingit.</strong></span> <span class='ocrx_word' id='word_1_619' title='bbox 2542 3664 2799 3735; x_wconf 86' lang='lat' dir='ltr'><strong>Quisquis</strong></span> <span class='ocrx_word' id='word_1_620' title='bbox 2827 3675 3005 3720; x_wconf 89' lang='lat' dir='ltr'><strong>autem</strong></span> <span class='ocrx_word' id='word_1_621' title='bbox 3029 3682 3092 3720; x_wconf 76' lang='lat' dir='ltr'><strong>ex</strong></span> <span class='ocrx_word' id='word_1_622' title='bbox 3111 3682 3364 3723; x_wconf 88' lang='lat' dir='ltr'><strong>sermone</strong></span> 
     </span>
    </p>
   </div>
   <div class='ocr_carea' id='block_1_84' title="bbox 1793 3756 3364 3815">
    <p class='ocr_par' dir='ltr' id='par_1_84' title="bbox 1793 3756 3364 3815">
     <span class='ocr_line' id='line_1_84' title="bbox 1793 3756 3364 3815; baseline 0.002 -3"><span class='ocrx_word' id='word_1_623' title='bbox 1793 3757 2110 3812; x_wconf 89' lang='lat' dir='ltr'><strong>contritioni</strong></span> <span class='ocrx_word' id='word_1_624' title='bbox 2136 3756 2341 3812; x_wconf 75' lang='lat' dir='ltr'><strong>cienda:</strong></span> <span class='ocrx_word' id='word_1_625' title='bbox 2370 3756 2565 3811; x_wconf 89' lang='lat' dir='ltr'><strong>idoneo</strong></span> <span class='ocrx_word' id='word_1_626' title='bbox 2593 3756 2783 3812; x_wconf 91' lang='lat' dir='ltr'><strong>didicit</strong></span> <span class='ocrx_word' id='word_1_627' title='bbox 2814 3759 3154 3813; x_wconf 81' lang='lat' dir='ltr'><strong>terrestrium</strong></span> <span class='ocrx_word' id='word_1_628' title='bbox 3190 3758 3364 3815; x_wconf 72' lang='lat' dir='ltr'><strong>llum-</strong></span> 
     </span>
    </p>
   </div>
   <div class='ocr_carea' id='block_1_85' title="bbox 1792 3848 3362 3919">
    <p class='ocr_par' dir='ltr' id='par_1_85' title="bbox 1792 3848 3362 3919">
     <span class='ocr_line' id='line_1_85' title="bbox 1792 3848 3362 3919; baseline 0.004 -17"><span class='ocrx_word' id='word_1_629' title='bbox 1792 3862 2020 3918; x_wconf 85' lang='lat' dir='ltr'><strong>rumque</strong></span> <span class='ocrx_word' id='word_1_630' title='bbox 2073 3862 2256 3902; x_wconf 85' lang='lat' dir='ltr'><strong>rerum</strong></span> <span class='ocrx_word' id='word_1_631' title='bbox 2310 3848 2522 3901; x_wconf 89' lang='lat' dir='ltr'><strong>turbam</strong></span> <span class='ocrx_word' id='word_1_632' title='bbox 2568 3862 2809 3912; x_wconf 85' lang='lat' dir='ltr'><strong>exuere,</strong></span> <span class='ocrx_word' id='word_1_633' title='bbox 2849 3849 2916 3902; x_wconf 90' lang='lat' dir='ltr'><strong>ab</strong></span> <span class='ocrx_word' id='word_1_634' title='bbox 2955 3851 3202 3919; x_wconf 89' lang='lat' dir='ltr'><strong>angustia</strong></span> <span class='ocrx_word' id='word_1_635' title='bbox 3244 3863 3298 3906; x_wconf 87' lang='lat' dir='ltr'><strong>et</strong></span> <span class='ocrx_word' id='word_1_636' title='bbox 3329 3868 3362 3908; x_wconf 69' lang='grc' dir='ltr'><em>λ</em></span> 
     </span>
    </p>
   </div>
   <div class='ocr_carea' id='block_1_86' title="bbox 1791 3939 3364 4011">
    <p class='ocr_par' dir='ltr' id='par_1_86' title="bbox 1791 3939 3364 4011">
     <span class='ocr_line' id='line_1_86' title="bbox 1791 3939 3364 4011; baseline 0.003 -16"><span class='ocrx_word' id='word_1_637' title='bbox 1791 3939 2158 3995; x_wconf 89' lang='lat' dir='ltr'><strong>coarctatioue</strong></span> <span class='ocrx_word' id='word_1_638' title='bbox 2190 3939 2496 4009; x_wconf 88' lang='lat' dir='ltr'><strong>respirare,</strong></span> <span class='ocrx_word' id='word_1_639' title='bbox 2526 3939 2735 3994; x_wconf 88' lang='lat' dir='ltr'><strong>occulta</strong></span> <span class='ocrx_word' id='word_1_640' title='bbox 2770 3955 2867 3994; x_wconf 90' lang='lat' dir='ltr'><strong>sua</strong></span> <span class='ocrx_word' id='word_1_641' title='bbox 2890 3940 3179 4011; x_wconf 85' lang='lat' dir='ltr'><strong>detegere,</strong></span> <span class='ocrx_word' id='word_1_642' title='bbox 3212 3958 3364 3998; x_wconf 82' lang='lat' dir='ltr'><strong>ama-</strong></span> 
     </span>
    </p>
   </div>
   <div class='ocr_carea' id='block_1_87' title="bbox 1791 4031 3359 4102">
    <p class='ocr_par' dir='ltr' id='par_1_87' title="bbox 1791 4031 3359 4102">
     <span class='ocr_line' id='line_1_87' title="bbox 1791 4031 3359 4102; baseline 0.002 -16"><span class='ocrx_word' id='word_1_643' title='bbox 1791 4032 2043 4087; x_wconf 89' lang='lat' dir='ltr'><strong>ritudinis</strong></span> <span class='ocrx_word' id='word_1_644' title='bbox 2068 4031 2277 4086; x_wconf 86' lang='lat' dir='ltr'><strong>radices</strong></span> <span class='ocrx_word' id='word_1_645' title='bbox 2300 4040 2546 4086; x_wconf 85' lang='lat' dir='ltr'><strong>evertere</strong></span> <span class='ocrx_word' id='word_1_646' title='bbox 2573 4046 2639 4086; x_wconf 90' lang='lat' dir='ltr'><strong>ac</strong></span> <span class='ocrx_word' id='word_1_647' title='bbox 2664 4031 2830 4087; x_wconf 89' lang='lat' dir='ltr'><strong>veluti</strong></span> <span class='ocrx_word' id='word_1_648' title='bbox 2867 4046 2964 4101; x_wconf 90' lang='lat' dir='ltr'><strong>per</strong></span> <span class='ocrx_word' id='word_1_649' title='bbox 2985 4034 3359 4102; x_wconf 66' lang='lat' dir='ltr'><strong>paenitentiam</strong></span> 
     </span>
    </p>
   </div>
   <div class='ocr_carea' id='block_1_88' title="bbox 1789 4121 3362 4194">
    <p class='ocr_par' dir='ltr' id='par_1_88' title="bbox 1789 4121 3362 4194">
     <span class='ocr_line' id='line_1_88' title="bbox 1789 4121 3362 4194; baseline 0.003 -17"><span class='ocrx_word' id='word_1_650' title='bbox 1789 4122 2169 4189; x_wconf 77' lang='lat' dir='ltr'><strong>arefacere,is</strong></span> <span class='ocrx_word' id='word_1_651' title='bbox 2209 4121 2387 4178; x_wconf 84' lang='lat' dir='ltr'><strong>fossus</strong></span> <span class='ocrx_word' id='word_1_652' title='bbox 2431 4132 2534 4177; x_wconf 88' lang='lat' dir='ltr'><strong>est.</strong></span> <span class='ocrx_word' id='word_1_653' title='bbox 2575 4121 2758 4190; x_wconf 88' lang='lat' dir='ltr'><strong>Quare</strong></span> <span class='ocrx_word' id='word_1_654' title='bbox 2801 4132 2855 4178; x_wconf 91' lang='lat' dir='ltr'><strong>et</strong></span> <span class='ocrx_word' id='word_1_655' title='bbox 2886 4123 3178 4194; x_wconf 88' lang='lat' dir='ltr'><strong>impeditur</strong></span> <span class='ocrx_word' id='word_1_656' title='bbox 3219 4126 3362 4181; x_wconf 78' lang='lat' dir='ltr'><strong>fusio</strong></span> 
     </span>
    </p>
   </div>
   <div class='ocr_carea' id='block_1_89' title="bbox 1794 4210 3360 4283">
    <p class='ocr_par' dir='ltr' id='par_1_89' title="bbox 1794 4210 3360 4283">
     <span class='ocr_line' id='line_1_89' title="bbox 1794 4210 3360 4283; baseline 0.004 -16"><span class='ocrx_word' id='word_1_657' title='bbox 1794 4213 2074 4283; x_wconf 83' lang='lat' dir='ltr'><strong>spinarum</strong></span> <span class='ocrx_word' id='word_1_658' title='bbox 2100 4222 2155 4267; x_wconf 91' lang='lat' dir='ltr'><strong>et</strong></span> <span class='ocrx_word' id='word_1_659' title='bbox 2184 4212 2452 4276; x_wconf 88' lang='lat' dir='ltr'><strong>accretio;</strong></span> <span class='ocrx_word' id='word_1_660' title='bbox 2488 4213 2588 4268; x_wconf 90' lang='lat' dir='ltr'><strong>hoc</strong></span> <span class='ocrx_word' id='word_1_661' title='bbox 2613 4221 2696 4269; x_wconf 86' lang='lat' dir='ltr'><strong>est</strong></span> <span class='ocrx_word' id='word_1_662' title='bbox 2716 4253 2733 4279; x_wconf 88' lang='lat'><strong>,</strong></span> <span class='ocrx_word' id='word_1_663' title='bbox 2763 4210 2938 4268; x_wconf 90' lang='lat' dir='ltr'><strong>locum</strong></span> <span class='ocrx_word' id='word_1_664' title='bbox 2969 4214 3171 4269; x_wconf 91' lang='lat' dir='ltr'><strong>nullum</strong></span> <span class='ocrx_word' id='word_1_665' title='bbox 3204 4216 3360 4273; x_wconf 88' lang='lat' dir='ltr'><strong>habi-</strong></span> 
     </span>
    </p>
   </div>
   <div class='ocr_carea' id='block_1_90' title="bbox 1789 4302 3358 4371">
    <p class='ocr_par' dir='ltr' id='par_1_90' title="bbox 1789 4302 3358 4371">
     <span class='ocr_line' id='line_1_90' title="bbox 1789 4302 3358 4371; baseline 0.004 -13"><span class='ocrx_word' id='word_1_666' title='bbox 1789 4312 1925 4358; x_wconf 64' lang='lat' dir='ltr'><strong>turae</strong></span> <span class='ocrx_word' id='word_1_667' title='bbox 1961 4312 2087 4357; x_wconf 87' lang='lat' dir='ltr'><strong>sunt</strong></span> <span class='ocrx_word' id='word_1_668' title='bbox 2123 4302 2279 4371; x_wconf 86' lang='lat' dir='ltr'><strong>hujus</strong></span> <span class='ocrx_word' id='word_1_669' title='bbox 2316 4303 2441 4358; x_wconf 78' lang='lat' dir='ltr'><strong>vita:</strong></span> <span class='ocrx_word' id='word_1_670' title='bbox 2484 4303 2878 4359; x_wconf 86' lang='lat' dir='ltr'><strong>sollicitudines</strong></span> <span class='ocrx_word' id='word_1_671' title='bbox 2917 4304 2970 4359; x_wconf 91' lang='lat' dir='ltr'><strong>in</strong></span> <span class='ocrx_word' id='word_1_672' title='bbox 3017 4312 3358 4365; x_wconf 83' lang='lat' dir='ltr'><strong>terrenorum</strong></span> 
     </span>
    </p>
   </div>
   <div class='ocr_carea' id='block_1_91' title="bbox 141 4391 1708 4485">
    <p class='ocr_par' dir='ltr' id='par_1_91' title="bbox 141 4391 1686 4468">
     <span class='ocr_line' id='line_1_91' title="bbox 141 4391 1686 4468; baseline -0.001 -21"><span class='ocrx_word' id='word_1_673' title='bbox 141 4394 234 4449; x_wconf 86' lang='grc' dir='ltr'><strong>τῶν</strong></span> <span class='ocrx_word' id='word_1_674' title='bbox 255 4398 468 4468; x_wconf 80' lang='grc' dir='ltr'>γηίνων.</span> <span class='ocrx_word' id='word_1_675' title='bbox 516 4395 642 4450; x_wconf 84' lang='grc' dir='ltr'><strong>Ἔτι</strong></span> <span class='ocrx_word' id='word_1_676' title='bbox 684 4396 821 4467; x_wconf 84' lang='grc' dir='ltr'>πρὸς</span> <span class='ocrx_word' id='word_1_677' title='bbox 857 4395 939 4457; x_wconf 88' lang='grc' dir='ltr'><strong>τὸ,</strong></span> <span class='ocrx_word' id='word_1_678' title='bbox 984 4394 1059 4464; x_wconf 87' lang='grc' dir='ltr'>μὴ</span> <span class='ocrx_word' id='word_1_679' title='bbox 1083 4391 1382 4465; x_wconf 82' lang='grc' dir='ltr'>τμηθῆναι,</span> <span class='ocrx_word' id='word_1_680' title='bbox 1414 4392 1508 4446; x_wconf 80' lang='grc' dir='ltr'><strong>καὶ</strong></span> <span class='ocrx_word' id='word_1_681' title='bbox 1537 4392 1600 4445; x_wconf 83' lang='grc' dir='ltr'>τὸ</span> <span class='ocrx_word' id='word_1_682' title='bbox 1627 4393 1686 4445; x_wconf 82' lang='grc' dir='ltr'>ὲν</span> 
     </span>
    </p>
   </div>
   <div class='ocr_carea' id='block_1_92' title="bbox 1802 4391 3355 4485">
    <p class='ocr_par' dir='ltr' id='par_1_92' title="bbox 1802 4391 3355 4460">
     <span class='ocr_line' id='line_1_92' title="bbox 1802 4391 3355 4460; baseline 0.002 -13"><span class='ocrx_word' id='word_1_683' title='bbox 1802 4391 2091 4447; x_wconf 64' lang='lat' dir='ltr'><strong>aversione.</strong></span> <span class='ocrx_word' id='word_1_684' title='bbox 2138 4391 2365 4458; x_wconf 89' lang='lat' dir='ltr'><strong>Insuper</strong></span> <span class='ocrx_word' id='word_1_685' title='bbox 2412 4392 2480 4445; x_wconf 91' lang='lat' dir='ltr'><strong>ad</strong></span> <span class='ocrx_word' id='word_1_686' title='bbox 2523 4391 2901 4460; x_wconf 79' lang='lat' dir='ltr'><strong>explicandum</strong></span> <span class='ocrx_word' id='word_1_687' title='bbox 2930 4391 3060 4459; x_wconf 90' lang='lat' dir='ltr'><strong>quid</strong></span> <span class='ocrx_word' id='word_1_688' title='bbox 3107 4393 3216 4459; x_wconf 90' lang='lat' dir='ltr'><strong>sit,</strong></span> <span class='ocrx_word' id='word_1_689' title='bbox 3246 4410 3355 4450; x_wconf 78' lang='lat' dir='ltr'><strong>non</strong></span> 
     </span>
    </p>
   </div>
   <div class='ocr_carea' id='block_1_93' title="bbox 141 4483 1687 4559">
    <p class='ocr_par' dir='ltr' id='par_1_93' title="bbox 141 4483 1687 4559">
     <span class='ocr_line' id='line_1_93' title="bbox 141 4483 1687 4559; baseline -0.003 -17"><span class='ocrx_word' id='word_1_690' title='bbox 141 4484 207 4557; x_wconf 82' lang='grc' dir='ltr'>τῷ</span> <span class='ocrx_word' id='word_1_691' title='bbox 252 4489 385 4543; x_wconf 81' lang='grc' dir='ltr'><strong>κατά</strong></span> <span class='ocrx_word' id='word_1_692' title='bbox 430 4489 687 4559; x_wconf 87' lang='grc' dir='ltr'>Ἰωάννην</span> <span class='ocrx_word' id='word_1_693' title='bbox 737 4486 1056 4557; x_wconf 82' lang='grc' dir='ltr'>Εὐαγγελίῳ</span> <span class='ocrx_word' id='word_1_694' title='bbox 1101 4484 1392 4556; x_wconf 80' lang='grc' dir='ltr'>εἰρημένον</span> <span class='ocrx_word' id='word_1_695' title='bbox 1436 4483 1687 4555; x_wconf 85' lang='grc' dir='ltr'>παραλη-</span> 
     </span>
    </p>
   </div>
   <div class='ocr_carea' id='block_1_94' title="bbox 1788 4483 3360 4553">
    <p class='ocr_par' dir='ltr' id='par_1_94' title="bbox 1788 4483 3360 4553">
     <span class='ocr_line' id='line_1_94' title="bbox 1788 4483 3360 4553; baseline 0.005 -17"><span class='ocrx_word' id='word_1_696' title='bbox 1788 4483 1989 4550; x_wconf 83' lang='lat' dir='ltr'><strong>putari,</strong></span> <span class='ocrx_word' id='word_1_697' title='bbox 2022 4484 2401 4538; x_wconf 84' lang='lat' dir='ltr'><strong>assumendum</strong></span> <span class='ocrx_word' id='word_1_698' title='bbox 2431 4492 2516 4537; x_wconf 90' lang='lat' dir='ltr'><strong>est</strong></span> <span class='ocrx_word' id='word_1_699' title='bbox 2545 4497 2762 4552; x_wconf 90' lang='lat' dir='ltr'><strong>quoque</strong></span> <span class='ocrx_word' id='word_1_700' title='bbox 2797 4484 2848 4537; x_wconf 90' lang='lat' dir='ltr'><strong>id</strong></span> <span class='ocrx_word' id='word_1_701' title='bbox 2874 4485 3018 4553; x_wconf 89' lang='lat' dir='ltr'><strong>quod</strong></span> <span class='ocrx_word' id='word_1_702' title='bbox 3040 4485 3244 4543; x_wconf 89' lang='lat' dir='ltr'><strong>dictum</strong></span> <span class='ocrx_word' id='word_1_703' title='bbox 3272 4497 3360 4543; x_wconf 88' lang='lat' dir='ltr'><strong>est</strong></span> 
     </span>
    </p>
   </div>
   <div class='ocr_carea' id='block_1_95' title="bbox 142 4572 1708 4649">
    <p class='ocr_par' dir='ltr' id='par_1_95' title="bbox 142 4572 1685 4649">
     <span class='ocr_line' id='line_1_95' title="bbox 142 4572 1685 4649; baseline -0.002 -21"><span class='ocrx_word' id='word_1_704' title='bbox 142 4577 283 4630; x_wconf 83' lang='grc' dir='ltr'>πτέον</span> <span class='ocrx_word' id='word_1_705' title='bbox 302 4594 316 4609; x_wconf 85' lang='grc'><strong>·</strong></span> <span class='ocrx_word' id='word_1_706' title='bbox 360 4579 504 4649; x_wconf 74' lang='grc' dir='ltr'><strong>Ἐγώ</strong></span> <span class='ocrx_word' id='word_1_707' title='bbox 553 4580 670 4646; x_wconf 82' lang='grc' dir='ltr'>εἰμι</span> <span class='ocrx_word' id='word_1_708' title='bbox 706 4577 747 4645; x_wconf 76' lang='grc' dir='ltr'><strong><em>ἠ</em></strong></span> <span class='ocrx_word' id='word_1_709' title='bbox 781 4576 1050 4645; x_wconf 79' lang='grc' dir='ltr'>ἆμπελος</span> <span class='ocrx_word' id='word_1_710' title='bbox 1092 4575 1132 4642; x_wconf 76' lang='grc' dir='ltr'>ἡ</span> <span class='ocrx_word' id='word_1_711' title='bbox 1174 4572 1478 4640; x_wconf 72' lang='grc' dir='ltr'>ἀληθινὴ,</span> <span class='ocrx_word' id='word_1_712' title='bbox 1517 4573 1616 4626; x_wconf 79' lang='grc' dir='ltr'><strong>καί</strong></span> <span class='ocrx_word' id='word_1_713' title='bbox 1651 4575 1685 4625; x_wconf 76' lang='grc' dir='ltr'><em>ὀ</em></span> 
     </span>
    </p>
   </div>
   <div class='ocr_carea' id='block_1_96' title="bbox 1802 4572 3361 4649">
    <p class='ocr_par' dir='ltr' id='par_1_96' title="bbox 1809 4572 3361 4644">
     <span class='ocr_line' id='line_1_96' title="bbox 1809 4572 3361 4644; baseline 0.004 -16"><span class='ocrx_word' id='word_1_714' title='bbox 1809 4591 1840 4628; x_wconf 95' lang='lat' dir='ltr'><strong>n</strong></span> <span class='ocrx_word' id='word_1_715' title='bbox 1866 4572 2092 4629; x_wconf 82' lang='lat' dir='ltr'><strong>Joannis</strong></span> <span class='ocrx_word' id='word_1_716' title='bbox 2116 4574 2407 4643; x_wconf 75' lang='lat' dir='ltr'><strong>Evangelia</strong></span> <span class='ocrx_word' id='word_1_717' title='bbox 2437 4592 2451 4627; x_wconf 92' lang='lat'><strong>:</strong></span> <span class='ocrx_word' id='word_1_718' title='bbox 2491 4572 2605 4644; x_wconf 85' lang='lat' dir='ltr'><strong>Ego</strong></span> <span class='ocrx_word' id='word_1_719' title='bbox 2629 4590 2745 4627; x_wconf 84' lang='lat' dir='ltr'><strong>sum</strong></span> <span class='ocrx_word' id='word_1_720' title='bbox 2774 4576 2901 4629; x_wconf 85' lang='lat' dir='ltr'><strong>vitis</strong></span> <span class='ocrx_word' id='word_1_721' title='bbox 2934 4592 3078 4643; x_wconf 72' lang='lat' dir='ltr'><strong>cera,</strong></span> <span class='ocrx_word' id='word_1_722' title='bbox 3120 4588 3168 4631; x_wconf 81' lang='lat' dir='ltr'><strong>et</strong></span> <span class='ocrx_word' id='word_1_723' title='bbox 3198 4577 3361 4634; x_wconf 79' lang='lat' dir='ltr'><strong>Pater</strong></span> 
     </span>
    </p>
   </div>
   <div class='ocr_carea' id='block_1_97' title="bbox 143 4662 1708 4740">
    <p class='ocr_par' dir='ltr' id='par_1_97' title="bbox 143 4662 1684 4740">
     <span class='ocr_line' id='line_1_97' title="bbox 143 4662 1684 4740; baseline -0.001 -21"><span class='ocrx_word' id='word_1_724' title='bbox 143 4668 319 4736; x_wconf 74' lang='grc' dir='ltr'>Πατήρ</span> <span class='ocrx_word' id='word_1_725' title='bbox 344 4688 460 4739; x_wconf 83' lang='grc' dir='ltr'><strong>μου</strong></span> <span class='ocrx_word' id='word_1_726' title='bbox 491 4674 524 4724; x_wconf 88' lang='grc' dir='ltr'><strong>ό</strong></span> <span class='ocrx_word' id='word_1_727' title='bbox 575 4669 826 4740; x_wconf 78' lang='grc' dir='ltr'>γεωργός</span> <span class='ocrx_word' id='word_1_728' title='bbox 857 4668 1009 4721; x_wconf 82' lang='grc' dir='ltr'>ἐστι.</span> <span class='ocrx_word' id='word_1_729' title='bbox 1052 4663 1186 4720; x_wconf 80' lang='grc' dir='ltr'><strong>Πᾶν</strong></span> <span class='ocrx_word' id='word_1_730' title='bbox 1212 4662 1415 4733; x_wconf 75' lang='grc' dir='ltr'>κλῆμα</span> <span class='ocrx_word' id='word_1_731' title='bbox 1456 4663 1528 4717; x_wconf 80' lang='grc' dir='ltr'><strong>ἐν</strong></span> <span class='ocrx_word' id='word_1_732' title='bbox 1553 4663 1684 4734; x_wconf 77' lang='grc' dir='ltr'>ἐμοὶ</span> 
     </span>
    </p>
   </div>
   <div class='ocr_carea' id='block_1_98' title="bbox 1802 4662 3357 4740">
    <p class='ocr_par' dir='ltr' id='par_1_98' title="bbox 1804 4663 3357 4739">
     <span class='ocr_line' id='line_1_98' title="bbox 1804 4663 3357 4739; baseline 0.004 -22"><span class='ocrx_word' id='word_1_733' title='bbox 1804 4679 1931 4717; x_wconf 86' lang='lat' dir='ltr'><strong>neus</strong></span> <span class='ocrx_word' id='word_1_734' title='bbox 1958 4664 2191 4734; x_wconf 82' lang='lat' dir='ltr'><strong>agricola</strong></span> <span class='ocrx_word' id='word_1_735' title='bbox 2222 4676 2320 4719; x_wconf 74' lang='lat' dir='ltr'><strong>est.</strong></span> <span class='ocrx_word' id='word_1_736' title='bbox 2354 4663 2571 4717; x_wconf 84' lang='lat' dir='ltr'><strong>Omnem</strong></span> <span class='ocrx_word' id='word_1_737' title='bbox 2604 4663 2875 4732; x_wconf 77' lang='lat' dir='ltr'><strong>palmitem</strong></span> <span class='ocrx_word' id='word_1_738' title='bbox 2934 4665 2992 4718; x_wconf 87' lang='lat' dir='ltr'><strong>in</strong></span> <span class='ocrx_word' id='word_1_739' title='bbox 3031 4683 3114 4721; x_wconf 85' lang='lat' dir='ltr'><strong>me</strong></span> <span class='ocrx_word' id='word_1_740' title='bbox 3145 4684 3246 4722; x_wconf 81' lang='lat' dir='ltr'><strong>non</strong></span> <span class='ocrx_word' id='word_1_741' title='bbox 3277 4669 3357 4739; x_wconf 79' lang='lat' dir='ltr'><strong>[e—</strong></span> 
     </span>
    </p>
   </div>
   <div class='ocr_carea' id='block_1_99' title="bbox 136 4754 1708 4831">
    <p class='ocr_par' dir='ltr' id='par_1_99' title="bbox 136 4754 1686 4831">
     <span class='ocr_line' id='line_1_99' title="bbox 136 4754 1686 4831; baseline -0.003 -16"><span class='ocrx_word' id='word_1_742' title='bbox 136 4760 209 4828; x_wconf 78' lang='grc' dir='ltr'>μὴ</span> <span class='ocrx_word' id='word_1_743' title='bbox 233 4762 406 4831; x_wconf 72' lang='grc' dir='ltr'>φέρον</span> <span class='ocrx_word' id='word_1_744' title='bbox 428 4762 684 4831; x_wconf 78' lang='grc' dir='ltr'>καρπὸν,</span> <span class='ocrx_word' id='word_1_745' title='bbox 711 4761 864 4829; x_wconf 73' lang='grc' dir='ltr'>αἴρει</span> <span class='ocrx_word' id='word_1_746' title='bbox 888 4758 1059 4826; x_wconf 82' lang='grc' dir='ltr'>αὐτὸ,</span> <span class='ocrx_word' id='word_1_747' title='bbox 1086 4757 1185 4812; x_wconf 75' lang='grc' dir='ltr'>καὶ</span> <span class='ocrx_word' id='word_1_748' title='bbox 1204 4754 1327 4811; x_wconf 83' lang='grc' dir='ltr'><strong>πᾶν</strong></span> <span class='ocrx_word' id='word_1_749' title='bbox 1358 4754 1424 4808; x_wconf 81' lang='grc' dir='ltr'>τὸ</span> <span class='ocrx_word' id='word_1_750' title='bbox 1451 4755 1686 4825; x_wconf 82' lang='grc' dir='ltr'>καρπὸν</span> 
     </span>
    </p>
   </div>
   <div class='ocr_carea' id='block_1_100' title="bbox 1802 4754 3356 4831">
    <p class='ocr_par' dir='ltr' id='par_1_100' title="bbox 1802 4754 3356 4827">
     <span class='ocr_line' id='line_1_100' title="bbox 1802 4754 3356 4827; baseline 0.003 -17"><span class='ocrx_word' id='word_1_751' title='bbox 1802 4765 1981 4810; x_wconf 65' lang='lat' dir='ltr'><strong>&quot;erilem</strong></span> <span class='ocrx_word' id='word_1_752' title='bbox 2010 4755 2241 4825; x_wconf 77' lang='lat' dir='ltr'><strong>fructum</strong></span> <span class='ocrx_word' id='word_1_753' title='bbox 2278 4754 2443 4819; x_wconf 83' lang='lat' dir='ltr'><strong>tollit,</strong></span> <span class='ocrx_word' id='word_1_754' title='bbox 2487 4765 2535 4809; x_wconf 79' lang='lat' dir='ltr'><strong>et</strong></span> <span class='ocrx_word' id='word_1_755' title='bbox 2566 4771 2771 4809; x_wconf 86' lang='lat' dir='ltr'><strong>omnem</strong></span> <span class='ocrx_word' id='word_1_756' title='bbox 2815 4756 2907 4827; x_wconf 85' lang='lat' dir='ltr'><strong>qui</strong></span> <span class='ocrx_word' id='word_1_757' title='bbox 2945 4757 3048 4826; x_wconf 79' lang='lat' dir='ltr'><strong>[ert</strong></span> <span class='ocrx_word' id='word_1_758' title='bbox 3080 4759 3312 4827; x_wconf 81' lang='lat' dir='ltr'><strong>fructum</strong></span> <span class='ocrx_word' id='word_1_759' title='bbox 3338 4800 3356 4824; x_wconf 97' lang='lat'><strong>,</strong></span> 
     </span>
    </p>
   </div>
   <div class='ocr_carea' id='block_1_101' title="bbox 139 4845 1682 4924">
    <p class='ocr_par' dir='ltr' id='par_1_101' title="bbox 139 4845 1682 4924">
     <span class='ocr_line' id='line_1_101' title="bbox 139 4845 1682 4924; baseline -0.005 -16"><span class='ocrx_word' id='word_1_760' title='bbox 139 4854 318 4921; x_wconf 69' lang='grc' dir='ltr'>φέρον,</span> <span class='ocrx_word' id='word_1_761' title='bbox 343 4858 600 4924; x_wconf 80' lang='grc' dir='ltr'>καθαίρει</span> <span class='ocrx_word' id='word_1_762' title='bbox 633 4852 802 4917; x_wconf 81' lang='grc' dir='ltr'>αὐτὸ,</span> <span class='ocrx_word' id='word_1_763' title='bbox 836 4853 938 4906; x_wconf 80' lang='grc' dir='ltr'><strong>ἵνα</strong></span> <span class='ocrx_word' id='word_1_764' title='bbox 966 4849 1198 4919; x_wconf 78' lang='grc' dir='ltr'>καρπὸν</span> <span class='ocrx_word' id='word_1_765' title='bbox 1222 4847 1473 4902; x_wconf 77' lang='grc' dir='ltr'>πλείονα</span> <span class='ocrx_word' id='word_1_766' title='bbox 1504 4845 1682 4916; x_wconf 69' lang='grc' dir='ltr'>φέρῃ.</span> 
     </span>
    </p>
   </div>
   <div class='ocr_carea' id='block_1_102' title="bbox 198 4959 1761 5036">
    <p class='ocr_par' dir='ltr' id='par_1_102' title="bbox 198 4959 1761 5036">
     <span class='ocr_line' id='line_1_102' title="bbox 198 4959 1761 5036; baseline -0.004 -14"><span class='ocrx_word' id='word_1_767' title='bbox 198 4965 364 5023; x_wconf 73' lang='lat' dir='ltr'><strong>“los.</strong></span> <span class='ocrx_word' id='word_1_768' title='bbox 392 4985 432 5036; x_wconf 84' lang='grc' dir='ltr'><strong>ι,</strong></span> <span class='ocrx_word' id='word_1_769' title='bbox 466 4970 521 5025; x_wconf 84' lang='lat'><strong>5.</strong></span> <span class='ocrx_word' id='word_1_770' title='bbox 594 4968 642 5001; x_wconf 72' lang='grc'><strong>⁸³</strong></span> <span class='ocrx_word' id='word_1_771' title='bbox 699 4966 856 5022; x_wconf 79' lang='lat' dir='ltr'><strong>Rom.</strong></span> <span class='ocrx_word' id='word_1_772' title='bbox 905 4980 1039 5031; x_wconf 76' lang='lat' dir='ltr'><strong>xm,</strong></span> <span class='ocrx_word' id='word_1_773' title='bbox 1069 4962 1160 5017; x_wconf 72' lang='grc'><strong>14.</strong></span> <span class='ocrx_word' id='word_1_774' title='bbox 1234 4961 1283 4994; x_wconf 72' lang='grc'><strong>⁸⁸</strong></span> <span class='ocrx_word' id='word_1_775' title='bbox 1310 4959 1466 5015; x_wconf 82' lang='lat' dir='ltr'><strong>Joan.</strong></span> <span class='ocrx_word' id='word_1_776' title='bbox 1503 4975 1594 5026; x_wconf 77' lang='lat' dir='ltr'><strong>xv,</strong></span> <span class='ocrx_word' id='word_1_777' title='bbox 1623 4961 1676 5025; x_wconf 73' lang='lat' dir='ltr'><strong>t,</strong></span> <span class='ocrx_word' id='word_1_778' title='bbox 1708 4960 1761 5015; x_wconf 74' lang='lat'><strong>2.</strong></span> 
     </span>
    </p>
   </div>
   <div class='ocr_carea' id='block_1_103' title="bbox 198 5076 1681 5152">
    <p class='ocr_par' dir='ltr' id='par_1_103' title="bbox 198 5076 1681 5152">
     <span class='ocr_line' id='line_1_103' title="bbox 198 5076 1681 5152; baseline -0.011 -14"><span class='ocrx_word' id='word_1_779' title='bbox 198 5079 297 5152; x_wconf 71' lang='lat'><strong>(79)</strong></span> <span class='ocrx_word' id='word_1_780' title='bbox 323 5080 541 5138; x_wconf 75' lang='lat' dir='ltr'><strong>Veteres</strong></span> <span class='ocrx_word' id='word_1_781' title='bbox 563 5081 799 5151; x_wconf 83' lang='lat' dir='ltr'><strong>quinque</strong></span> <span class='ocrx_word' id='word_1_782' title='bbox 820 5079 963 5144; x_wconf 83' lang='lat' dir='ltr'><strong>libri,</strong></span> <span class='ocrx_word' id='word_1_783' title='bbox 993 5077 1101 5152; x_wconf 75' lang='grc' dir='ltr'>οὐδ’</span> <span class='ocrx_word' id='word_1_784' title='bbox 1130 5077 1193 5152; x_wconf 75' lang='grc' dir='ltr'><strong>ού</strong></span> <span class='ocrx_word' id='word_1_785' title='bbox 1224 5077 1297 5148; x_wconf 84' lang='grc' dir='ltr'>μή</span> <span class='ocrx_word' id='word_1_786' title='bbox 1344 5092 1403 5129; x_wconf 87' lang='grc' dir='ltr'><strong>σε</strong></span> <span class='ocrx_word' id='word_1_787' title='bbox 1442 5076 1681 5152; x_wconf 77' lang='grc' dir='ltr'>ἐγκατα-</span> 
     </span>
    </p>
   </div>
   <div class='ocr_carea' id='block_1_104' title="bbox 1783 4847 3357 4918">
    <p class='ocr_par' dir='ltr' id='par_1_104' title="bbox 1783 4847 3357 4918">
     <span class='ocr_line' id='line_1_104' title="bbox 1783 4847 3357 4918; baseline 0.003 -16"><span class='ocrx_word' id='word_1_788' title='bbox 1783 4859 1972 4918; x_wconf 80' lang='lat' dir='ltr'><strong>purgat</strong></span> <span class='ocrx_word' id='word_1_789' title='bbox 2001 4864 2142 4915; x_wconf 86' lang='lat' dir='ltr'><strong>eum,</strong></span> <span class='ocrx_word' id='word_1_790' title='bbox 2167 4858 2222 4901; x_wconf 83' lang='lat' dir='ltr'><strong>ut</strong></span> <span class='ocrx_word' id='word_1_791' title='bbox 2249 4847 2482 4917; x_wconf 79' lang='lat' dir='ltr'><strong>fructum</strong></span> <span class='ocrx_word' id='word_1_792' title='bbox 2512 4847 2856 4917; x_wconf 80' lang='lat' dir='ltr'><strong>copiosiorem</strong></span> <span class='ocrx_word' id='word_1_793' title='bbox 2889 4849 3161 4918; x_wconf 63' lang='lat' dir='ltr'><strong>afferat“.</strong></span> <span class='ocrx_word' id='word_1_794' title='bbox 3186 4850 3357 4907; x_wconf 76' lang='lat' dir='ltr'><strong>Malus</strong></span> 
     </span>
    </p>
   </div>
   <div class='ocr_carea' id='block_1_105' title="bbox 1858 5071 3356 5146">
    <p class='ocr_par' dir='ltr' id='par_1_105' title="bbox 1858 5071 3356 5146">
     <span class='ocr_line' id='line_1_105' title="bbox 1858 5071 3356 5146; baseline 0 -17"><span class='ocrx_word' id='word_1_795' title='bbox 1858 5074 1972 5146; x_wconf 70' lang='grc'><strong>(84)</strong></span> <span class='ocrx_word' id='word_1_796' title='bbox 2004 5073 2181 5146; x_wconf 73' lang='lat' dir='ltr'><strong>Nostri</strong></span> <span class='ocrx_word' id='word_1_797' title='bbox 2211 5087 2302 5127; x_wconf 79' lang='lat' dir='ltr'><strong>sex</strong></span> <span class='ocrx_word' id='word_1_798' title='bbox 2322 5071 2447 5146; x_wconf 86' lang='lat' dir='ltr'><strong>libri</strong></span> <span class='ocrx_word' id='word_1_799' title='bbox 2478 5083 2706 5146; x_wconf 81' lang='lat' dir='ltr'><strong>veteres,</strong></span> <span class='ocrx_word' id='word_1_800' title='bbox 2726 5072 3047 5145; x_wconf 72' lang='grc' dir='ltr'>λαμϐάνειν.</span> <span class='ocrx_word' id='word_1_801' title='bbox 3068 5074 3215 5129; x_wconf 86' lang='lat' dir='ltr'><strong>Editi</strong></span> <span class='ocrx_word' id='word_1_802' title='bbox 3256 5089 3356 5146; x_wconf 84' lang='lat' dir='ltr'><strong>ve-</strong></span> 
     </span>
    </p>
   </div>
   <div class='ocr_carea' id='block_1_106' title="bbox 138 5144 1708 5224">
    <p class='ocr_par' dir='ltr' id='par_1_106' title="bbox 138 5144 1682 5224">
     <span class='ocr_line' id='line_1_106' title="bbox 138 5144 1682 5224; baseline 0.001 -25"><span class='ocrx_word' id='word_1_803' title='bbox 138 5144 305 5224; x_wconf 68' lang='grc' dir='ltr'>λείπω.</span> <span class='ocrx_word' id='word_1_804' title='bbox 334 5154 485 5219; x_wconf 81' lang='lat' dir='ltr'><strong>Editi,</strong></span> <span class='ocrx_word' id='word_1_805' title='bbox 519 5144 639 5207; x_wconf 74' lang='grc' dir='ltr'>οὐδὲ</span> <span class='ocrx_word' id='word_1_806' title='bbox 665 5144 738 5224; x_wconf 83' lang='grc' dir='ltr'><strong>μή</strong></span> <span class='ocrx_word' id='word_1_807' title='bbox 768 5167 828 5204; x_wconf 88' lang='grc' dir='ltr'><strong>σε</strong></span> <span class='ocrx_word' id='word_1_808' title='bbox 856 5144 1256 5219; x_wconf 72' lang='grc' dir='ltr'>ἐγκαταλείψω,</span> <span class='ocrx_word' id='word_1_809' title='bbox 1281 5144 1441 5216; x_wconf 65' lang='lat' dir='ltr'><strong>neque</strong></span> <span class='ocrx_word' id='word_1_810' title='bbox 1461 5159 1510 5200; x_wconf 85' lang='lat' dir='ltr'><strong>te</strong></span> <span class='ocrx_word' id='word_1_811' title='bbox 1534 5151 1682 5201; x_wconf 83' lang='lat' dir='ltr'><strong>dere-</strong></span> 
     </span>
    </p>
   </div>
   <div class='ocr_carea' id='block_1_107' title="bbox 1802 5144 3355 5224">
    <p class='ocr_par' dir='ltr' id='par_1_107' title="bbox 1802 5144 3355 5224">
     <span class='ocr_line' id='line_1_107' title="bbox 1802 5144 3355 5224; baseline 0 -26"><span class='ocrx_word' id='word_1_812' title='bbox 1802 5144 2232 5224; x_wconf 32' lang='lat' dir='ltr'><strong>&#39;o,;_arto6al:lstv,</strong></span> <span class='ocrx_word' id='word_1_813' title='bbox 2262 5144 2330 5196; x_wconf 84' lang='lat' dir='ltr'><strong>ad</strong></span> <span class='ocrx_word' id='word_1_814' title='bbox 2359 5159 2512 5224; x_wconf 67' lang='lat' dir='ltr'><strong>suum</strong></span> <span class='ocrx_word' id='word_1_815' title='bbox 2534 5144 2698 5224; x_wconf 69' lang='lat' dir='ltr'><strong>ipsius</strong></span> <span class='ocrx_word' id='word_1_816' title='bbox 2724 5146 3051 5224; x_wconf 65' lang='lat' dir='ltr'><strong>commodum</strong></span> <span class='ocrx_word' id='word_1_817' title='bbox 3082 5144 3355 5224; x_wconf 70' lang='lat' dir='ltr'><strong>materiam</strong></span> 
     </span>
    </p>
   </div>
   <div class='ocr_carea' id='block_1_108' title="bbox 138 5215 1603 5363">
    <p class='ocr_par' dir='ltr' id='par_1_108' title="bbox 138 5215 1603 5363">
     <span class='ocr_line' id='line_1_108' title="bbox 138 5215 1603 5363; baseline -0.003 -17"><span class='ocrx_word' id='word_1_818' title='bbox 138 5215 450 5363; x_wconf 52' lang='grc' dir='ltr'><strong>ιιηᾶιθῖῃέίος.</strong></span> <span class='ocrx_word' id='word_1_819' title='bbox 479 5301 722 5363; x_wconf 85' lang='lat' dir='ltr'><strong>quartus,</strong></span> <span class='ocrx_word' id='word_1_820' title='bbox 752 5290 865 5345; x_wconf 79' lang='lat' dir='ltr'><strong>Kal.</strong></span> <span class='ocrx_word' id='word_1_821' title='bbox 895 5288 966 5342; x_wconf 86' lang='grc' dir='ltr'><strong>τί.</strong></span> <span class='ocrx_word' id='word_1_822' title='bbox 996 5286 1159 5343; x_wconf 91' lang='lat' dir='ltr'><strong>Deest</strong></span> <span class='ocrx_word' id='word_1_823' title='bbox 1181 5286 1236 5363; x_wconf 74' lang='grc' dir='ltr'>τε</span> <span class='ocrx_word' id='word_1_824' title='bbox 1267 5286 1318 5340; x_wconf 89' lang='lat' dir='ltr'><strong>in</strong></span> <span class='ocrx_word' id='word_1_825' title='bbox 1352 5285 1603 5363; x_wconf 67' lang='lat' dir='ltr'><strong>vulgatis.</strong></span> 
     </span>
    </p>
   </div>
   <div class='ocr_carea' id='block_1_109' title="bbox 222 5355 1724 5430">
    <p class='ocr_par' dir='ltr' id='par_1_109' title="bbox 222 5355 1724 5430">
     <span class='ocr_line' id='line_1_109' title="bbox 222 5355 1724 5430; baseline -0.005 -16"><span class='ocrx_word' id='word_1_826' title='bbox 222 5355 304 5430; x_wconf 84' lang='lat'><strong>8|)</strong></span> <span class='ocrx_word' id='word_1_827' title='bbox 337 5355 468 5416; x_wconf 78' lang='grc' dir='ltr'><strong>Ειιῖιὶ</strong></span> <span class='ocrx_word' id='word_1_828' title='bbox 498 5355 733 5416; x_wconf 73' lang='grc' dir='ltr'>ἠιὶτὶίίοε</span> <span class='ocrx_word' id='word_1_829' title='bbox 763 5365 1147 5430; x_wconf 82' lang='lat' dir='ltr'><strong>depravantur,</strong></span> <span class='ocrx_word' id='word_1_830' title='bbox 1165 5359 1235 5430; x_wconf 71' lang='lat' dir='ltr'><strong>._in</strong></span> <span class='ocrx_word' id='word_1_831' title='bbox 1273 5355 1470 5425; x_wconf 78' lang='lat' dir='ltr'><strong>quibus</strong></span> <span class='ocrx_word' id='word_1_832' title='bbox 1486 5355 1670 5430; x_wconf 81' lang='lat' dir='ltr'><strong>sic_le-</strong></span> <span class='ocrx_word' id='word_1_833' title='bbox 1717 5397 1724 5406; x_wconf 95' lang='lat'><strong>.</strong></span> 
     </span>
    </p>
   </div>
   <div class='ocr_carea' id='block_1_110' title="bbox 139 5417 1674 5504">
    <p class='ocr_par' dir='ltr' id='par_1_110' title="bbox 139 5417 1674 5504">
     <span class='ocr_line' id='line_1_110' title="bbox 139 5417 1674 5504; baseline -0.002 -23"><span class='ocrx_word' id='word_1_834' title='bbox 139 5417 770 5504; x_wconf 52' lang='lat' dir='ltr'><strong>gui.us&#39;,§gtapnaqrggt</strong></span> <span class='ocrx_word' id='word_1_835' title='bbox 796 5417 988 5504; x_wconf 72' lang='grc' dir='ltr'>φύλλα.</span> <span class='ocrx_word' id='word_1_836' title='bbox 1008 5430 1078 5482; x_wconf 79' lang='lat' dir='ltr'><strong>At</strong></span> <span class='ocrx_word' id='word_1_837' title='bbox 1104 5417 1341 5497; x_wconf 79' lang='lat' dir='ltr'><strong>quinque</strong></span> <span class='ocrx_word' id='word_1_838' title='bbox 1367 5441 1521 5494; x_wconf 87' lang='lat' dir='ltr'><strong>tuss.,</strong></span> <span class='ocrx_word' id='word_1_839' title='bbox 1562 5426 1674 5497; x_wconf 84' lang='grc' dir='ltr'><strong>ἅμ-</strong></span> 
     </span>
    </p>
   </div>
   <div class='ocr_carea' id='block_1_111' title="bbox 142 5495 1063 5572">
    <p class='ocr_par' dir='ltr' id='par_1_111' title="bbox 142 5495 1063 5572">
     <span class='ocr_line' id='line_1_111' title="bbox 142 5495 1063 5572; baseline 0.003 -18"><span class='ocrx_word' id='word_1_840' title='bbox 142 5495 292 5572; x_wconf 66' lang='grc' dir='ltr'>πίλιν,</span> <span class='ocrx_word' id='word_1_841' title='bbox 321 5495 450 5568; x_wconf 79' lang='grc' dir='ltr'>ξύλα</span> <span class='ocrx_word' id='word_1_842' title='bbox 467 5495 576 5556; x_wconf 77' lang='grc' dir='ltr'>’καὶ</span> <span class='ocrx_word' id='word_1_843' title='bbox 609 5495 819 5571; x_wconf 62' lang='grc' dir='ltr'><strong>φύλλα,⁷</strong></span> <span class='ocrx_word' id='word_1_844' title='bbox 837 5501 1063 5572; x_wconf 79' lang='lat' dir='ltr'><strong>optime.</strong></span> 
     </span>
    </p>
   </div>
   <div class='ocr_carea' id='block_1_112' title="bbox 203 5565 1412 5642">
    <p class='ocr_par' dir='ltr' id='par_1_112' title="bbox 203 5565 1412 5642">
     <span class='ocr_line' id='line_1_112' title="bbox 203 5565 1412 5642; baseline -0.007 -16"><span class='ocrx_word' id='word_1_845' title='bbox 203 5565 304 5642; x_wconf 51' lang='grc' dir='ltr'><strong>(δέ)</strong></span> <span class='ocrx_word' id='word_1_846' title='bbox 332 5565 551 5642; x_wconf 56' lang='grc' dir='ltr'>Ϊειετοε</span> <span class='ocrx_word' id='word_1_847' title='bbox 578 5565 813 5642; x_wconf 78' lang='lat' dir='ltr'><strong>quinque</strong></span> <span class='ocrx_word' id='word_1_848' title='bbox 847 5565 988 5636; x_wconf 76' lang='lat' dir='ltr'><strong>libri,</strong></span> <span class='ocrx_word' id='word_1_849' title='bbox 1018 5567 1115 5638; x_wconf 86' lang='grc' dir='ltr'>μή.</span> <span class='ocrx_word' id='word_1_850' title='bbox 1145 5565 1309 5642; x_wconf 66' lang='lat' dir='ltr'><strong>Editi,</strong></span> <span class='ocrx_word' id='word_1_851' title='bbox 1330 5566 1412 5619; x_wconf 86' lang='grc' dir='ltr'><strong>οὐ.</strong></span> 
     </span>
    </p>
   </div>
   <div class='ocr_carea' id='block_1_113' title="bbox 204 5636 1674 5714">
    <p class='ocr_par' dir='ltr' id='par_1_113' title="bbox 204 5636 1674 5714">
     <span class='ocr_line' id='line_1_113' title="bbox 204 5636 1674 5714; baseline -0.005 -19"><span class='ocrx_word' id='word_1_852' title='bbox 204 5636 304 5714; x_wconf 65' lang='grc' dir='ltr'><strong>(εξ)</strong></span> <span class='ocrx_word' id='word_1_853' title='bbox 332 5639 489 5711; x_wconf 85' lang='lat' dir='ltr'><strong>Editi,</strong></span> <span class='ocrx_word' id='word_1_854' title='bbox 524 5636 954 5714; x_wconf 77' lang='grc' dir='ltr'>παρακειμένην.</span> <span class='ocrx_word' id='word_1_855' title='bbox 987 5636 1055 5695; x_wconf 73' lang='lat' dir='ltr'><strong>At</strong></span> <span class='ocrx_word' id='word_1_856' title='bbox 1080 5636 1318 5708; x_wconf 81' lang='lat' dir='ltr'><strong>quinque</strong></span> <span class='ocrx_word' id='word_1_857' title='bbox 1338 5651 1496 5705; x_wconf 70' lang='lat' dir='ltr'><strong>mss,</strong></span> <span class='ocrx_word' id='word_1_858' title='bbox 1519 5651 1674 5709; x_wconf 77' lang='grc' dir='ltr'>περι-</span> 
     </span>
    </p>
   </div>
   <div class='ocr_carea' id='block_1_114' title="bbox 142 5707 395 5782">
    <p class='ocr_par' dir='ltr' id='par_1_114' title="bbox 142 5707 395 5782">
     <span class='ocr_line' id='line_1_114' title="bbox 142 5707 395 5782; baseline -0.008 -22"><span class='ocrx_word' id='word_1_859' title='bbox 142 5707 395 5782; x_wconf 67' lang='grc' dir='ltr'>κειμένην,</span> 
     </span>
    </p>
   </div>
   <div class='ocr_carea' id='block_1_115' title="bbox 1697 5217 3352 5365">
    <p class='ocr_par' dir='ltr' id='par_1_115' title="bbox 1697 5217 3352 5365">
     <span class='ocr_line' id='line_1_115' title="bbox 1786 5217 3352 5286; baseline -0.003 -16"><span class='ocrx_word' id='word_1_860' title='bbox 1786 5217 2031 5286; x_wconf 76' lang='lat' dir='ltr'><strong>abjicere.</strong></span> <span class='ocrx_word' id='word_1_861' title='bbox 2064 5217 2182 5281; x_wconf 88' lang='lat' dir='ltr'><strong>Quo</strong></span> <span class='ocrx_word' id='word_1_862' title='bbox 2224 5224 2404 5266; x_wconf 90' lang='lat' dir='ltr'><strong>autem</strong></span> <span class='ocrx_word' id='word_1_863' title='bbox 2453 5217 2505 5266; x_wconf 91' lang='lat' dir='ltr'><strong>in</strong></span> <span class='ocrx_word' id='word_1_864' title='bbox 2542 5217 2678 5267; x_wconf 89' lang='lat' dir='ltr'><strong>libro</strong></span> <span class='ocrx_word' id='word_1_865' title='bbox 2725 5217 2795 5267; x_wconf 90' lang='lat' dir='ltr'><strong>ita</strong></span> <span class='ocrx_word' id='word_1_866' title='bbox 2835 5217 3093 5284; x_wconf 85' lang='lat' dir='ltr'><strong>scriptum</strong></span> <span class='ocrx_word' id='word_1_867' title='bbox 3131 5217 3352 5267; x_wconf 87' lang='lat' dir='ltr'><strong>invene-</strong></span> 
     </span>
     <span class='ocr_line' id='line_1_116' title="bbox 1697 5282 3352 5365; baseline -0.002 -26"><span class='ocrx_word' id='word_1_868' title='bbox 1697 5320 1702 5325; x_wconf 87' lang='lat'><strong>-</strong></span> <span class='ocrx_word' id='word_1_869' title='bbox 1788 5284 2245 5365; x_wconf 73' lang='lat' dir='ltr'><strong>riiit__typ_ngraphi</strong></span> <span class='ocrx_word' id='word_1_870' title='bbox 2273 5282 2648 5365; x_wconf 37' lang='grc' dir='ltr'><strong>ξξιιιςὶεἱοηεεε.³</strong></span> <span class='ocrx_word' id='word_1_871' title='bbox 2678 5284 3013 5365; x_wconf 67' lang='lat' dir='ltr'><strong>nesci_o:_sed</strong></span> <span class='ocrx_word' id='word_1_872' title='bbox 3048 5294 3198 5338; x_wconf 77' lang='lat' dir='ltr'><strong>certo</strong></span> <span class='ocrx_word' id='word_1_873' title='bbox 3238 5284 3352 5339; x_wconf 86' lang='lat' dir='ltr'><strong>scio</strong></span> 
     </span>
    </p>
   </div>
   <div class='ocr_carea' id='block_1_116' title="bbox 2064 5214 3352 5284">
    <p class='ocr_par' dir='ltr' id='par_1_116' title="bbox 2064 5214 3352 5284">
     <span class='ocr_line' id='line_1_117' title="bbox 2064 5214 3352 5284; baseline 0.001 -19"><span class='ocrx_word' id='word_1_874' title='bbox 2064 5215 2182 5281; x_wconf 86' lang='lat' dir='ltr'><strong>Quo</strong></span> <span class='ocrx_word' id='word_1_875' title='bbox 2224 5224 2404 5284; x_wconf 84' lang='lat' dir='ltr'><strong>autem</strong></span> <span class='ocrx_word' id='word_1_876' title='bbox 2436 5214 2505 5284; x_wconf 86' lang='lat' dir='ltr'><strong>in</strong></span> <span class='ocrx_word' id='word_1_877' title='bbox 2542 5214 2678 5267; x_wconf 89' lang='lat' dir='ltr'><strong>libro</strong></span> <span class='ocrx_word' id='word_1_878' title='bbox 2725 5215 2795 5267; x_wconf 89' lang='lat' dir='ltr'><strong>ita</strong></span> <span class='ocrx_word' id='word_1_879' title='bbox 2835 5215 3093 5284; x_wconf 86' lang='lat' dir='ltr'><strong>scriptum</strong></span> <span class='ocrx_word' id='word_1_880' title='bbox 3131 5214 3352 5267; x_wconf 85' lang='lat' dir='ltr'><strong>invene-</strong></span> 
     </span>
    </p>
   </div>
   <div class='ocr_carea' id='block_1_117' title="bbox 1787 5353 3349 5422">
    <p class='ocr_par' dir='ltr' id='par_1_117' title="bbox 1787 5353 3349 5422">
     <span class='ocr_line' id='line_1_118' title="bbox 1787 5353 3349 5422; baseline -0.001 -13"><span class='ocrx_word' id='word_1_881' title='bbox 1787 5357 1839 5409; x_wconf 91' lang='lat' dir='ltr'><strong>in</strong></span> <span class='ocrx_word' id='word_1_882' title='bbox 1876 5353 1980 5407; x_wconf 79' lang='lat' dir='ltr'><strong>illis</strong></span> <span class='ocrx_word' id='word_1_883' title='bbox 2019 5356 2149 5422; x_wconf 85' lang='lat' dir='ltr'><strong>ipsis</strong></span> <span class='ocrx_word' id='word_1_884' title='bbox 2189 5353 2500 5418; x_wconf 80' lang='lat' dir='ltr'><strong>codicibus,</strong></span> <span class='ocrx_word' id='word_1_885' title='bbox 2537 5353 2731 5421; x_wconf 76' lang='lat' dir='ltr'><strong>Quibus</strong></span> <span class='ocrx_word' id='word_1_886' title='bbox 2764 5354 2831 5405; x_wconf 87' lang='lat' dir='ltr'><strong>ad</strong></span> <span class='ocrx_word' id='word_1_887' title='bbox 2854 5354 3144 5406; x_wconf 82' lang='lat' dir='ltr'><strong>editioan</strong></span> <span class='ocrx_word' id='word_1_888' title='bbox 3193 5368 3349 5408; x_wconf 87' lang='lat' dir='ltr'><strong>suam</strong></span> 
     </span>
    </p>
   </div>
   <div class='ocr_carea' id='block_1_118' title="bbox 1782 5422 3354 5494">
    <p class='ocr_par' dir='ltr' id='par_1_118' title="bbox 1782 5422 3354 5494">
     <span class='ocr_line' id='line_1_119' title="bbox 1782 5422 3354 5494; baseline -0.002 -18"><span class='ocrx_word' id='word_1_889' title='bbox 1782 5427 2149 5477; x_wconf 76' lang='lat' dir='ltr'><strong>adornandum</strong></span> <span class='ocrx_word' id='word_1_890' title='bbox 2168 5425 2247 5475; x_wconf 87' lang='lat' dir='ltr'><strong>usi</strong></span> <span class='ocrx_word' id='word_1_891' title='bbox 2265 5433 2409 5494; x_wconf 86' lang='lat' dir='ltr'><strong>sunt,</strong></span> <span class='ocrx_word' id='word_1_892' title='bbox 2429 5425 2727 5494; x_wconf 82' lang='lat' dir='ltr'><strong>etiamnum</strong></span> <span class='ocrx_word' id='word_1_893' title='bbox 2751 5423 3201 5494; x_wconf 71' lang='lat' dir='ltr'><strong>constanlerlegi,</strong></span> <span class='ocrx_word' id='word_1_894' title='bbox 3217 5422 3354 5494; x_wconf 67' lang='grc' dir='ltr'>λαμε-</span> 
     </span>
    </p>
   </div>
   <div class='ocr_carea' id='block_1_119' title="bbox 1780 5489 3479 5555">
    <p class='ocr_par' dir='ltr' id='par_1_119' title="bbox 1780 5489 3479 5555">
     <span class='ocr_line' id='line_1_120' title="bbox 1780 5489 3479 5555; baseline 0.001 -9"><span class='ocrx_word' id='word_1_895' title='bbox 1780 5494 1985 5553; x_wconf 86' lang='grc' dir='ltr'>6άνειν,</span> <span class='ocrx_word' id='word_1_896' title='bbox 2018 5495 2086 5546; x_wconf 84' lang='lat' dir='ltr'><strong>ad</strong></span> <span class='ocrx_word' id='word_1_897' title='bbox 2120 5509 2272 5546; x_wconf 82' lang='lat' dir='ltr'><strong>suum</strong></span> <span class='ocrx_word' id='word_1_898' title='bbox 2306 5493 2468 5555; x_wconf 77' lang='lat' dir='ltr'><strong>ipsius</strong></span> <span class='ocrx_word' id='word_1_899' title='bbox 2494 5492 2819 5544; x_wconf 82' lang='lat' dir='ltr'><strong>commodum</strong></span> <span class='ocrx_word' id='word_1_900' title='bbox 2848 5493 3067 5546; x_wconf 76' lang='lat' dir='ltr'><strong>materia</strong></span> <span class='ocrx_word' id='word_1_901' title='bbox 3107 5489 3207 5547; x_wconf 84' lang='lat' dir='ltr'><strong>uti.</strong></span> <span class='ocrx_word' id='word_1_902' title='bbox 3240 5489 3352 5548; x_wconf 66' lang='lat' dir='ltr'><strong>lbi-</strong></span> <span class='ocrx_word' id='word_1_903' title='bbox 3466 5496 3479 5505; x_wconf 74' lang='grc'><strong>“</strong></span> 
     </span>
    </p>
   </div>
   <div class='ocr_carea' id='block_1_120' title="bbox 1779 5560 3166 5625">
    <p class='ocr_par' dir='ltr' id='par_1_120' title="bbox 1779 5560 3166 5625">
     <span class='ocr_line' id='line_1_121' title="bbox 1779 5560 3166 5625; baseline -0.001 -6"><span class='ocrx_word' id='word_1_904' title='bbox 1779 5566 1899 5619; x_wconf 87' lang='lat' dir='ltr'><strong>dem</strong></span> <span class='ocrx_word' id='word_1_905' title='bbox 1924 5566 2072 5625; x_wconf 81' lang='lat' dir='ltr'><strong>editi,</strong></span> <span class='ocrx_word' id='word_1_906' title='bbox 2091 5565 2129 5616; x_wconf 74' lang='grc' dir='ltr'><em>ὁ</em></span> <span class='ocrx_word' id='word_1_907' title='bbox 2152 5562 2422 5625; x_wconf 76' lang='grc' dir='ltr'>πλούσιος.</span> <span class='ocrx_word' id='word_1_908' title='bbox 2456 5560 2731 5614; x_wconf 85' lang='lat' dir='ltr'><strong>Articulus</strong></span> <span class='ocrx_word' id='word_1_909' title='bbox 2758 5561 2810 5614; x_wconf 91' lang='lat' dir='ltr'><strong>in</strong></span> <span class='ocrx_word' id='word_1_910' title='bbox 2839 5576 2968 5615; x_wconf 88' lang='lat' dir='ltr'><strong>mss.</strong></span> <span class='ocrx_word' id='word_1_911' title='bbox 2997 5563 3166 5618; x_wconf 88' lang='lat' dir='ltr'><strong>deest.</strong></span> 
     </span>
    </p>
   </div>
   <div class='ocr_carea' id='block_1_121' title="bbox 1851 5630 3348 5715">
    <p class='ocr_par' dir='ltr' id='par_1_121' title="bbox 1851 5630 3348 5715">
     <span class='ocr_line' id='line_1_122' title="bbox 1851 5630 3348 5715; baseline 0.001 -27"><span class='ocrx_word' id='word_1_912' title='bbox 1851 5633 1965 5715; x_wconf 43' lang='lat'><strong>£85)</strong></span> <span class='ocrx_word' id='word_1_913' title='bbox 1991 5633 2154 5715; x_wconf 86' lang='lat' dir='ltr'><strong>Editi,</strong></span> <span class='ocrx_word' id='word_1_914' title='bbox 2175 5633 2265 5715; x_wconf 75' lang='grc' dir='ltr'><strong>ἐπ’</strong></span> <span class='ocrx_word' id='word_1_915' title='bbox 2285 5631 2474 5715; x_wconf 81' lang='grc' dir='ltr'>αὑτήν.</span> <span class='ocrx_word' id='word_1_916' title='bbox 2506 5632 2575 5685; x_wconf 84' lang='lat' dir='ltr'><strong>At</strong></span> <span class='ocrx_word' id='word_1_917' title='bbox 2600 5631 2836 5715; x_wconf 59' lang='lat' dir='ltr'><strong>quinque</strong></span> <span class='ocrx_word' id='word_1_918' title='bbox 2861 5646 3011 5715; x_wconf 55' lang='lat' dir='ltr'><strong>mss,</strong></span> <span class='ocrx_word' id='word_1_919' title='bbox 3037 5632 3123 5687; x_wconf 78' lang='grc' dir='ltr'><strong>ἐπ’</strong></span> <span class='ocrx_word' id='word_1_920' title='bbox 3152 5630 3348 5704; x_wconf 75' lang='grc' dir='ltr'>αὐτῆς.</span> 
     </span>
    </p>
   </div>
   <div class='ocr_carea' id='block_1_122' title="bbox 1794 5701 3066 5788">
    <p class='ocr_par' dir='ltr' id='par_1_122' title="bbox 1794 5701 3066 5788">
     <span class='ocr_line' id='line_1_123' title="bbox 1794 5701 3066 5788; baseline 0.001 -31"><span class='ocrx_word' id='word_1_921' title='bbox 1794 5701 2086 5775; x_wconf 81' lang='lat' dir='ltr'><strong>Aliquanto</strong></span> <span class='ocrx_word' id='word_1_922' title='bbox 2124 5712 2247 5787; x_wconf 72' lang='lat' dir='ltr'><strong>post</strong></span> <span class='ocrx_word' id='word_1_923' title='bbox 2284 5714 2394 5785; x_wconf 77' lang='lat' dir='ltr'><strong>tres</strong></span> <span class='ocrx_word' id='word_1_924' title='bbox 2419 5715 2574 5768; x_wconf 83' lang='lat' dir='ltr'><strong>mss.,</strong></span> <span class='ocrx_word' id='word_1_925' title='bbox 2603 5701 2859 5783; x_wconf 56' lang='grc' dir='ltr'>ἀκανθῶνὴ</span> <span class='ocrx_word' id='word_1_926' title='bbox 2883 5701 3066 5788; x_wconf 82' lang='grc' dir='ltr'>φύσις.</span> 
     </span>
    </p>
   </div>
  </div>
