3808 6212
394 284 501 345 559

1345 272 1692 331 APPENDIX
1728 270 2015 328 OPEliUM
2056 270 2119 327 S.
2156 269 2400 326 BASlLll
2440 266 2678 324 MAGNI.

3546 259 3660 315 560

402 407 569 476 igitur
607 402 684 459 rei
714 398 1000 456 familiaris
1034 396 1447 453 administrator
1475 397 1552 449 ait
1583 415 1597 450 :
1636 393 1844 449 Fodere
1874 409 1978 447 non

2103 393 2151 446 Ὀ
2185 393 2282 464 μὲν
2304 387 2396 446 οὖν
2418 390 2587 453 κακὸς
2614 387 2921 459 οἰκονόμος,
2973 383 3290 447 laedatur,
3328 379 3512 452 φησὶν,
3538 380 3658 433 οὐκ

397 501 546 554 valeo
567 495 638 557 ",
664 495 835 547 bonus
857 501 1037 546 autem
1055 504 1119 543 ac
1143 490 1378 558 prudens
1404 488 1481 543 rei
1503 486 1784 541 familiaris
1800 484 1978 537 admi-

402 591 658 644 nistrator
687 587 820 640 scite
844 581 1239 649 circumfodiat,
1263 583 1367 636 hoc
1390 591 1495 646 est,
1515 595 1609 636 sua
1628 579 1810 635 omnia
1829 592 1982 632 emo-

403 683 566 746 vehit,
599 690 758 747 atque
776 677 940 750 483
955 676 1233 747 principali
1252 691 1360 730 sure
1382 676 1504 728 vitae
1527 673 1976 728 accommodabit.

406 773 658 828 Ostendit
698 772 954 823 nimirum
990 770 1134 837 quod
1175 769 1629 837 quemadmodum
1676 779 1818 819 terra
1858 778 1979 832 qua:

401 864 471 916 ab
502 863 683 915 radice
711 860 960 923 solvitur,
987 860 1047 913 lit
1093 859 1291 927 plantae
1322 859 1664 919 alimentum,
1690 866 1746 909 et
1773 870 1833 909 ea
1861 868 1982 924 qua:

404 956 454 1006 ei
513 952 819 1016 incumbit,
848 950 1156 1019 cornprimit
1201 950 1345 1003 illam
1378 959 1435 1002 et
1481 949 1741 1018 degravat
1770 967 1782 1003 :
1813 945 1893 1000 sic
1929 956 1984 998 et

406 1059 569 1112 opum
631 1041 1016 1109 exsuperantia
1069 1041 1325 1094 divitibus
1382 1040 1741 1100 incumbens,
1788 1050 1979 1090 eorum

406 1137 620 1188 animas
655 1133 940 1201 demergit,
969 1131 1203 1185 alienata
1243 1145 1370 1184 vero
1400 1146 1427 1181 a
1469 1128 1894 1199 possessoribus,
1927 1134 1985 1180 et

409 1225 781 1293 indigentibus
803 1223 1110 1286 distributa,
1146 1233 1269 1275 tunc
1297 1236 1486 1275 eorum
1522 1221 1578 1272 lit
1609 1220 1845 1288 propria.
1877 1219 1983 1272 Sed

407 1333 472 1372 ex
500 1333 566 1371 eo
594 1318 738 1386 quod
766 1329 938 1382 neque
968 1323 1151 1382 putata
1172 1315 1325 1366 vinea
1353 1315 1443 1378 sit,
1471 1328 1645 1380 neque
1671 1311 1836 1376 fossa,
1856 1326 1987 1364 con-

410 1426 643 1478 sequens
674 1419 758 1463 est
796 1416 852 1461 ut
885 1410 935 1459 in
972 1422 1032 1460 ea
1060 1415 1314 1473 tanquam
1357 1405 1406 1457 in
1440 1414 1583 1457 terra
1621 1402 1822 1456 inculta
1867 1417 1986 1454 cre-

412 1510 569 1553 scant
611 1500 805 1565 Spinm.
860 1498 1119 1550 Servator
1172 1505 1359 1549 noster
1396 1509 1491 1547 eos
1522 1494 1614 1562 qui
1663 1508 1783 1546 sese
1828 1493 1985 1557 hujus

409 1590 537 1642 vitae
586 1587 733 1641 curis
781 1602 842 1639 ac
896 1583 1346 1638 sollicitudinibus
1393 1583 1710 1651 implicant,
1753 1581 1830 1633 ait
1866 1594 1987 1633 esse

415 1688 616 1734 te'ram
663 1680 847 1746 Spinas
899 1677 1325 1743 producentem,
1371 1689 1489 1742 qua:
1524 1673 1741 1738 quidem
1786 1671 1985 1738 excipit

2081 487 2271 554 ἰσχύω
2290 503 2304 515 ο
2333 486 2360 538 ὁ
2379 484 2437 537 δὲ
2470 482 2671 551 ἀγαθὸς
2697 481 2792 534 καὶ
2825 479 3087 551 φρόνιμος
3114 472 3400 544 οἰκονόμος
3424 473 3661 540 ἐπιστη-

2084 579 2260 650 μόνως
2307 575 2670 648 περισκάψειο
2704 573 2997 634 τουτέστιν,
3034 569 3350 638 ἀνακινήσει
3380 565 3558 618 πάντα
3589 562 3663 615 τά

2082 670 2393 740 ὑπάρχοντα
2437 666 2622 730 αὑτοῦ,
2657 666 2751 717 καὶ
2789 666 2857 734 τῇ
2892 659 3277 733 προηγουμένη
3312 655 3504 710 ἑαυτοῦ
3537 652 3660 721 (86)

2082 759 2193 831 ζωῇ
2218 759 2629 832 προσοικειώσει
2644 774 2657 786 ο
2678 757 2911 819 δεικνὺς,
2937 743 3020 807 ὅτι
3042 753 3231 822 ῶσπερ
3252 753 3285 819 ἡ
3305 749 3398 819 γῆ,
3417 749 3655 814 ἀφιστα-

2085 851 2219 923 μένη
2256 851 2353 921 μὲν
2379 850 2478 920 τῆς
2520 848 2696 919 ῥίζης,
2729 845 2902 917 τροφὴ
2932 840 3230 913 τοῦὶφυτοῦ
3272 840 3503 908 γίνεται,
3537 838 3666 887 ἐπι-

2082 944 2310 1014 κειμένη
2338 942 2395 995 δὲ
2417 942 2577 1012 αὐτῇ.
2606 938 2777 993 θλίϐει
2799 936 2971 1007 αὐτὴν
2994 934 3089 988 καὶ
3108 932 3330 1004 βαρύνει
3347 948 3360 960 ο
3394 928 3536 982 οὕτω
3564 926 3665 980 καὶ

2083 1039 2116 1107 ἡ
2138 1036 2246 1089 τῶν
2278 1033 2575 1105 χρημάτων
2593 1029 2874 1102 περιϐολὴ,
2894 1025 3217 1095 ἐπικειμένη
3240 1022 3337 1094 μὲν
3366 1022 3479 1082 τοῖς
3503 1017 3667 1070 πλουο

2082 1106 2256 1187 τοῦσι,
2292 1122 2494 1193 βυθίζει
2523 1120 2701 1176 αὐτῶν
2736 1119 2836 1182 τὰς
2873 1117 3070 1187 ψυχάς,
3126 1108 3546 1183 ἀλλοτριουμένη
3604 1106 3666 1158 δὲ

2083 1217 2192 1271 τῶν
2228 1216 2461 1287 ἐχόντων
2499 1214 2578 1276 είς
2624 1211 2723 1281 τὴν
2755 1209 2862 1262 τῶν
2895 1208 3164 1277 δεομένων
3200 1201 3504 1273 μετάδοσιν,
3535 1197 3666 1250 τότε

2086 1308 2266 1364 αὐτῶν
2288 1306 2462 1360 οἰκεία
2483 1305 2714 1373 γίνεται.
2755 1299 3061 1353 Ἀκολουθεῐ
3080 1297 3137 1350 δὲ
3154 1295 3231 1366 τῷ
3251 1294 3325 1364 μὴ
3341 1288 3661 1362 τέμνεσθαι,

2088 1399 2223 1472 μηδέ
2256 1395 2612 1460 σκάπτεσθαι,
2642 1392 2700 1447 τὸ
2739 1391 3048 1447 ἀναϐαίνειν
3076 1388 3152 1451 ὼς
3171 1390 3249 1450 είς
3281 1386 3478 1455 χέρσον
3500 1381 3670 1435 ἄκαν-

2086 1493 2203 1546 θαν.
2235 1492 2374 1554 Τοὺς
2400 1487 2750 1559 ἐνεχομένους
2775 1487 2895 1547 ταῖς
2924 1481 3018 1535 τοῦ
3044 1482 3157 1551 βίου
3182 1479 3471 1551 μερίμναις
3496 1477 3524 1527 ό
3547 1474 3665 1525 Σω-

2085 1584 2190 1655 τὴρ
2216 1581 2371 1653 ἡμῶν
2394 1580 2594 1650 ἔφησεν
2633 1573 2772 1629 εἶναι
2803 1575 2906 1643 γῆν
2941 1570 3180 1633 ἀκάνθας
3220 1567 3549 1636 ἐκφύουσαν,
3577 1559 3668 1614 δε-

2088 1651 2321 1748 χομένην
2352 1673 2451 1744 μὲν
2477 1671 2569 1724 τὸν
2599 1669 2693 1723 τοῦ
2727 1667 2886 1736 λόγου
2917 1662 3150 1735 καρπὸν,
3178 1658 3586 1728 συμπνίγουσαν
3607 1651 3669 1704 δέ

413 1770 563 1826 verbi
600 1731 836 1822 fructum
859 1809 873 1829 ,
900 1731 1007 1820 .501]
1044 1768 1188 1819 illiilli
1233 1731 1404 1833 spinis
1445 1731 1671 1818 suﬂiocal
1699 1762 1764 1815 ⁸⁸.
1801 1731 1988 1829 Itaque

2103 1731 2194 1822 Ξςὲδ
2229 1731 2641 1820 τῶνΙάκανθῶν.
2689 1731 2812 1824 Εἰς⁷
2841 1753 2934 1813 οὖν
2993 1731 3105 1826 (87)
3159 1752 3259 1824 τὴν
3308 1747 3668 1820 ἀγεώργητον

416 1861 607 1929 ingens
639 1873 892 1911 curarqu
926 1867 1096 1909 turma
1134 1857 1333 1908 invadit
1364 1855 1415 1907 in
1444 1854 1678 1905 animam
1708 1852 1983 1905 incultam.

419 1950 550 2002 Eam
580 1949 649 2001 ob
676 1962 892 2001 causam
931 1947 1048 1999 ait:
1083 1944 1324 1999 Crescent
1349 1944 1404 1995 in
1435 1960 1495 1995 ea
1528 1953 1781 2011 tanquam
1815 1941 1869 1993 in
1899 1942 1989 1993 in-

415 2042 554 2093 culta
582 2051 721 2092 terra
745 2040 932 2107 spirate.

489 2129 610 2183 148.
651 2129 889 2184 Observa
918 2136 1098 2182 autem
1130 2127 1449 2197 prophetam
1480 2125 1730 2193 superius
1764 2123 1985 2193 quidem

418 2221 665 2276 dixisse:
711 2219 1020 2288 Exspectavi
1062 2229 1115 2271 ut
1168 2218 1359 2286 faceret
1407 2232 1558 2270 uvam
1589 2230 1607 2267 :
1650 2214 1773 2282 fecit
1816 2225 1992 2266 autem

416 2317 635 2384 spinus;
677 2315 764 2367 hic
795 2328 922 2367 vero
952 2311 1162 2364 addidit
1195 2327 1209 2341 ο
1243 2309 1310 2362 Et
1341 2317 1593 2362 crescent.
1638 2307 1852 2361 Etenim
1884 2321 1993 2359 ma-

422 2424 583 2479 gnam
619 2407 908 2475 quamdam
959 2405 1256 2466 malitiam,
1292 2411 1346 2457 et
1396 2401 1537 2454 illius
1574 2400 1839 2454 fusionem
1885 2398 1995 2451 late

421 2507 726 2566 serpentem
763 2494 965 2549 iudicat
992 2494 1275 2561 Scriptura
1304 2530 1319 2556 ,
1351 2505 1448 2560 per
1478 2489 1758 2558 spinarum
1799 2502 1989 2542 ascen-

420 2607 539 2646 sum
585 2590 1080 2656 accretionemque.
1125 2586 1326 2639 Deinde
1371 2584 1629 2652 quoniam
1673 2597 1836 2651 prava
1867 2589 1996 2635 sunt

419 2684 594 2738 vinea:
618 2681 884 2751 germina,
907 2681 974 2732 ab
997 2694 1057 2733 ea
1085 2677 1290 2731 tollitur
1317 2676 1491 2744 pluvia
1520 2692 1532 2727 :
1558 2672 1995 2743 quandoquidem

422 2774 565 2845 ejus,
599 2783 657 2828 ut
686 2789 783 2843 par
814 2782 956 2834 erat,
996 2771 1304 2839 adjumento
1338 2782 1433 2821 usa
1464 2783 1568 2820 non
1596 2778 1698 2821 est.
1733 2766 1911 2832 Quare
1944 2773 1999 2818 et

422 2884 523 2923 nos
552 2883 673 2920 cum
703 2866 987 2919 occasione
1020 2864 1175 2917 nobis
1202 2878 1229 2914 a
1266 2861 1374 2914 Deo
1401 2860 1526 2914 data
1561 2875 1666 2913 non
1697 2861 1764 2913 ad
1798 2860 1995 2912 bonum

425 2961 653 3024 utimur,
687 2957 839 3011 nobis
873 2956 1131 3011 adimitur
1160 2954 1381 3009 caeleste
1413 2952 1740 3022 praesidium.
1768 2950 1919 3015 Quod
1951 2949 1995 3004 si

2087 1860 2267 1931 ψυχὴν
2321 1857 2456 1911 πολὺ
2489 1855 2550 1908 τὸ
2593 1851 2797 1923 πλῆθος
2834 1848 2943 1902 τῶν
2994 1843 3292 1919 μεριμνῶν.
3333 1841 3425 1894 Διό
3458 1851 3663 1910 φησιν⁸

2102 1950 2534 2018 Ἀναϐήσονται
2549 1949 2638 2013 είς
2663 1942 2851 1999 αὑτὸν
2881 1940 2962 2006 ὡς
2988 1940 3076 2004 είς
3105 1936 3328 2007 χέρσον
3351 1934 3626 1987 ἄκανθαι.

2164 2129 2288 2185 148.
2315 2128 2482 2198 Τήρει
2515 2122 2592 2188 δὲ,
2628 2124 2711 2176 ὅτι
2740 2122 2850 2175 ἀνω
2895 2119 2991 2190 μέν
3030 2109 3216 2169 εἶπενο
3267 2113 3517 2180 Ἐμεινα
3553 2103 3665 2160 τοῦ

2094 2223 2341 2291 ποιῆσαι
2366 2197 2711 2285 σταφυλὴν,
2738 2212 2990 2276 ἐποίησε
3016 2208 3086 2261 δὲ
3100 2205 3365 2267 ἀκάνθας
3384 2219 3397 2232 ·
3431 2197 3670 2253 ἐνταῦθα

2093 2317 2149 2370 δὲ
2177 2289 2483 2384 προσέθηκε
2515 2307 2573 2360 τὸ
2599 2346 2614 2369 ,
2644 2304 2755 2359 Καὶ
2813 2300 3243 2367 ἀναϐήσονται.
3277 2289 3524 2359 Μέγεθος
3557 2289 3670 2359 γάρ

2092 2425 2146 2460 τι
2183 2380 2293 2476 (έὸ)
2320 2403 2420 2472 τῆς
2447 2400 2667 2462 κακίας,
2706 2396 2802 2450 καὶ
2834 2396 2933 2457 τὴν
2975 2392 3069 2444 ἐπὶ
3098 2389 3233 2442 πολὺ
3269 2384 3425 2456 χύσιν
3453 2384 3481 2435 ό
3508 2380 3670 2447 λόγος

2096 2468 2348 2571 ἐμφαίνει
2379 2468 2482 2548 ⁷διέι
2535 2494 2635 2562 τῆς
2685 2489 2792 2543 τῶν
2841 2482 3093 2541 ἀκανθῶν
3150 2477 3485 2539 ἀναϐάσεως.
3533 2468 3674 2527 Εἶτα

2095 2590 2282 2661 ἐπειδὴ
2362 2584 2576 2657 πονηρά
2650 2583 2748 2652 τῆς
2812 2578 3059 2650 ἀμπέλου
3120 2573 3191 2629 τὰ
3271 2571 3668 2643 βλαστήματα,

2097 2658 2307 2755 αἴρεται
2335 2678 2505 2748 αὐτῆς
2531 2681 2560 2730 ό
2591 2673 2744 2736 ὑετός
2766 2689 2779 2702 ·
2818 2670 3117 2741 ἐπειδήπερ
3139 2665 3241 2718 οὐκ
3255 2665 3332 2725 εἰς
3357 2661 3473 2715 δέον
3507 2658 3675 2729 ἐχρή-

2101 2752 2232 2827 σατο
2282 2774 2346 2843 τῇ
2381 2771 2507 2841 παρ’
2544 2764 2708 2821 αὑτοῦ
2757 2763 2998 2835 βοηθείᾳ.
3035 2760 3200 2812 Ὥστε
3222 2756 3319 2810 καὶ
3350 2754 3511 2824 ἡμεῖς
3542 2752 3675 2802 ὅταν

2097 2868 2217 2929 ταῖς
2249 2861 2400 2934 παρά
2441 2859 2535 2912 τοῦ
2583 2857 2717 2911 Θεοῦ
2751 2853 3058 2925 δεδομέναις
3104 2852 3237 2920 ἡμῖν
3285 2846 3562 2916 ἀφορμαῖς
3596 2842 3676 2913 μὴ

2100 2960 2177 3020 εἰς
2207 2932 2408 3025 ἀγαθὸν
2441 2949 2771 3023 κεχρημένοι
2799 2942 2971 3017 ὦμεν,
3020 2943 3333 3013 ἀφαιρεῖται
3365 2935 3524 3009 ἡμῶν
3553 2936 3589 3005 ἡ
3618 2932 3678 2997 ἐξ

425 3054 595 3110 Israel
647 3052 800 3106 vinea
836 3059 944 3113 est,
987 3054 1167 3102 manet
1207 3045 1444 3110 inculta,
1493 3046 1601 3098 non
1652 3043 1821 3096 solum
1854 3038 1993 3109 quod

2103 3047 2327 3121 οὐρανοῦ
2358 3044 2598 3116 βοήθεια.
2622 3042 2686 3095 Εἰ
2711 3041 2768 3094 δὲ
2788 3036 3047 3110 ἀμπελὼν
3073 3037 3102 3089 ὁ
3135 3032 3370 3105 Ἰσραὴλ,
3397 3026 3681 3097 ἀγεώργη-

427 3145 659 3201 Domino
688 3158 794 3197 non
821 3140 1065 3195 attulerit
1100 3139 1305 3191 fructus
1341 3135 1443 3190 sibi
1483 3144 1870 3202 congruentes,
1903 3132 1998 3184 sed

425 3238 568 3309 quod
600 3251 790 3291 servos
827 3235 976 3303 prius
1001 3232 1066 3286 ad
1091 3246 1151 3287 se
1180 3231 1376 3284 missos
1424 3225 1720 3290 ceciderit,
1751 3223 2002 3277 ohruerit

433 3329 702 3401 lapidibus
726 3335 782 3383 et
807 3325 1087 3391 occiderit,
1119 3338 1182 3376 ac
1210 3330 1484 3391 postremo
1513 3318 1564 3370 in
1593 3317 1769 3385 ipsum
1796 3314 1910 3368 heri
1936 3313 2000 3366 ll-

428 3423 562 3479 lium
593 3436 784 3474 manus
824 3420 889 3473 ad
933 3432 1119 3471 necem
1151 3413 1393 3481 injecerit
1430 3410 1498 3462 “.
1534 3408 1778 3463 Fuerunt
1820 3416 1998 3459 autem

428 3515 705 3584 spinarum
734 3512 951 3565 nomine
992 3508 1039 3540 ⁸⁸
1086 3506 1355 3575 insignitae
1394 3505 1476 3557 ha:
1505 3515 1693 3555 omnes
1729 3514 1909 3569 pravae
1947 3511 2004 3553 et

436 3605 652 3675 injustas
696 3603 982 3659 actiones:
1019 3616 1138 3668 qua:
1165 3609 1324 3652 terra:
1358 3594 1658 3649 maledictae
1702 3593 1844 3647 fctus
1878 3607 2000 3646 cum

428 3696 578 3762 sint,
621 3695 742 3765 jure
776 3707 841 3747 ac
870 3701 1066 3746 merito
1108 3689 1277 3742 nubes
1310 3686 1362 3739 in
1409 3684 1623 3737 vineam
1663 3681 1788 3734 talia
1823 3678 2005 3749 prole-

429 3796 640 3844 rentem
671 3800 777 3839 non
806 3783 989 3853 pluere
1012 3781 1177 3850 jussu:
1218 3786 1365 3831 sunt.
1409 3773 1607 3843 Ecqua:
1641 3772 1859 3825 tandem
1902 3783 2004 3822 nu-

430 3878 530 3936 bes
555 3916 571 3942 ,
606 3875 793 3943 ecquis
847 3868 1062 3926 imber?
1104 3866 1376 3921 Conemur
1424 3861 1663 3932 physicis
1703 3858 2003 3913 rationibus

428 3967 497 4021 ad
551 3965 721 4018 nubes
761 3959 1134 4031 spectantibus
1176 3956 1242 4009 ad
1288 3968 1477 4008 eorum
1512 3966 1634 4020 quae
1668 3951 1809 4005 dicta
1853 3955 1999 4013 sunt,

434 4053 848 4125 intelligentiam
876 4049 1203 4120 pertingere.
1229 4037 1330 4101 Est
1357 4044 1524 4115 igitur
1546 4043 1716 4097 nubes
1740 4054 1835 4095 aer
1864 4054 2006 4093 cras-

429 4164 524 4205 sus
544 4163 609 4204 ex
641 4145 876 4201 humidis
906 4142 1195 4210 vaporibus
1219 4148 1416 4194 eterra
1443 4134 1693 4191 excitatis
1723 4142 2000 4195 constans,

429 4242 551 4296 dein
584 4254 797 4294 sursum
833 4235 1009 4289 ventis
1039 4241 1278 4296 evectus,
1322 4229 1647 4297 simulatque
1686 4241 1872 4281 eorum
1901 4237 2005 4292 ope

430 4335 486 4391 in
514 4332 714 4402 justum
752 4342 1008 4383 acervum
1047 4333 1408 4393 congregatus
1440 4331 1554 4387 est,
1582 4330 1637 4374 et
1663 4334 1731 4374 ex
1770 4318 2001 4372 humore

430 4425 534 4480 sibi
572 4424 820 4493 insperso
870 4419 1106 4490 gravitas
1147 4414 1416 4471 sufﬁciens
1451 4412 1715 4475 accessit,
1763 4419 1888 4464 tunc
1944 4409 1999 4463 in
2030 4398 2076 4453 Ι)

436 4524 640 4568 terram
668 4510 916 4582 guttatim
957 4507 1177 4561 labitur.
1224 4503 1349 4560 Haec
1372 4503 1589 4574 quidem
1630 4510 1715 4556 est
1742 4499 1998 4554 imbrium

431 4618 650 4673 natura,
704 4603 798 4673 qui
854 4615 1005 4657 suam
1041 4600 1306 4668 originem
1365 4596 1589 4649 trahunt
1635 4609 1664 4649 a
1719 4601 1891 4658 terra,
1937 4606 2002 4647 ac

432 4701 627 4754 iterum
672 4710 769 4767 per
817 4708 942 4749 aera
984 4692 1042 4747 in
1075 4701 1277 4745 terram
1329 4686 1671 4743 delabuntur.
1720 4683 1998 4755 Ejusmodi

428 4796 589 4846 erant
621 4796 676 4842 et
707 4785 1019 4857 prophetae,
1053 4783 1143 4850 qui
1183 4795 1214 4834 a
1260 4778 1534 4834 communi
1557 4775 1775 4845 quidem
1805 4784 1999 4828 natura

430 4880 669 4945 oriundi,
694 4880 791 4935 sed
815 4884 1036 4946 propter
1057 4874 1252 4928 animas
1277 4872 1567 4940 puritatem
1595 4869 1793 4923 virtute
1820 4867 1997 4938 Spiri-

2097 3119 2188 3204 τος
2235 3138 2383 3211 μένει
2427 3136 2515 3189 διὰ
2540 3135 2599 3188 τὸ
2650 3134 2724 3204 μὴ
2759 3129 3064 3185 ἀποδιδόναι
3113 3127 3241 3189 τοὺς
3286 3119 3679 3191 ἐπιϐάλλοντας

2100 3208 2248 3302 αὑτῷ
2285 3227 2531 3300 καρποὺς
2556 3223 2635 3295 τῷ
2660 3222 2935 3292 Δεσπότῃ·
2965 3216 3104 3272 ἀλλά
3135 3215 3398 3287 πρότερον
3429 3208 3676 3280 μὲντοὺς

2100 3299 2541 3392 ἀπεσταλμένους
2579 3315 2798 3376 δούλους
2834 3312 3006 3383 δεῖραι
3034 3309 3129 3362 καὶ
3171 3303 3537 3373 λιθοϐολῆσαι,
3581 3299 3679 3352 καὶ

2101 3415 2437 3475 ἀποκτεῖναι,
2473 3408 2697 3478 ὕστερον
2726 3405 2783 3457 δὲ
2815 3404 2909 3457 καὶ
2936 3398 3085 3470 αὐτῷ
3108 3397 3186 3468 τῷ
3214 3394 3314 3466 υἱῷ
3346 3392 3438 3448 τοῦ
3477 3388 3679 3443 δεσπόι

2100 3523 2194 3560 του
2227 3504 2326 3568 τὰς
2357 3504 2545 3573 χεῖρας
2573 3501 2653 3562 είς
2705 3496 2863 3566 φόνον
2915 3491 3216 3545 ἐπιϐαλεῖν.
3245 3483 3417 3540 Arb-rat
3451 3481 3563 3552 (89)
3619 3479 3678 3534 δὲ

2102 3599 2272 3651 πᾶσαι
2312 3595 2368 3648 αἱ
2420 3591 2655 3663 πονηραὶ
2694 3589 2787 3642 καὶ
2819 3586 2991 3640 ἄδικοι
3025 3580 3251 3652 πράξεις
3281 3573 3513 3663 ἄκανθαί
3538 3573 3678 3625 εἰσιν

2101 3682 2487 3756 ὠνομασμέναι
2506 3699 2518 3713 ·
2548 3662 2637 3733 διά
2666 3678 2726 3732 τὸ
2755 3678 2857 3748 γῆς
2870 3671 3255 3745 κατηραμένης
3275 3662 3415 3721 εἶναι
3445 3663 3683 3756 θλαστήῖ

2106 3748 2272 3849 ματα,
2319 3748 2543 3835 εἰκότως
2585 3767 2805 3830 ἐντολὰς
2841 3763 3205 3835 λαμϐάνουσιν
3248 3758 3303 3811 αί
3330 3753 3550 3824 νεφέλαι
3582 3748 3680 3805 τοῦ

2106 3845 2182 3938 μὴ
2218 3850 2431 3937 βρέχειν
2472 3863 2565 3915 ἐπὶ
2588 3861 2680 3913 τὸν
2719 3857 2788 3910 τά
2826 3856 2934 3929 (90)
2976 3850 3203 3908 τοιαῦτα
3228 3847 3532 3918 ἐκφέροντα
3563 3845 3679 3915 ἀμ-

2103 3936 2341 4011 στελῶνα.
2377 3955 2534 4018 Τίνες
2561 3948 2653 4006 οὖν
2682 3952 2738 4006 αἱ
2769 3948 3008 4016 νεφέλαι,
3033 3945 3131 3999 καὶ
3144 3944 3229 4007 τίς
3250 3944 3279 3995 ό
3301 3939 3543 4011 όμϐρος;
3584 3936 3684 3990 Ἐκ

2101 4047 2203 4117 τῆς
2233 4045 2362 4116 περὶ
2391 4041 2569 4111 νεφῶν
2603 4036 2951 4110 φυσιολογίας
2982 4030 3330 4105 πειραθῶμεν
3359 4029 3439 4091 είς
3467 4026 3680 4079 ἔννοιαν

2101 4138 2212 4194 τῶν
2253 4136 2559 4208 εἰρημένων
2606 4131 2802 4186 ἐλθεῖν.
2853 4127 3011 4182 Ἔστι
3041 4125 3222 4178 τοίνυν
3246 4125 3279 4193 ἡ
3314 4120 3518 4190 νεφέλη
3568 4117 3682 4190 ἀὴρ

2105 4231 2284 4301 παχὺς
2316 4230 2381 4283 ἐκ
2404 4228 2503 4297 τῆς
2541 4226 2715 4297 ὑγρᾶς
2741 4222 2881 4278 κατά
2919 4221 3025 4291 γῆν
3080 4215 3505 4286 ἀναθυμιάσεως
3552 4227 3681 4264 συν-

2109 4324 2415 4394 ιστάμενος,
2439 4316 2558 4373 εἶτα
2582 4313 2964 4388 μετεωρισθεὶς
2984 4313 3097 4377 τοῖς
3122 4309 3365 4380 ἀνέμοις,
3388 4306 3519 4361 ὅταν
3537 4303 3680 4374 λάϐῃ

2104 4415 2234 4485 παρ’
2268 4410 2443 4466 αὐτῶν
2472 4409 2751 4478 ἀξιόλογον
2777 4406 3071 4477 ἄθροισμα,
3107 4402 3201 4456 καὶ
3226 4399 3287 4453 τὸ
3327 4400 3392 4452 ἐκ
3431 4396 3533 4468 τῆς
3589 4396 3680 4448 ἐν·

2105 4505 2456 4577 ἐσπαρμένης
2481 4500 2630 4572 αὐτῷ
2646 4501 2758 4574 (91)
2787 4497 2989 4561 νοτίδος
3023 4495 3187 4567 βάρος
3225 4490 3411 4546 ἰκανὸν
3447 4487 3681 4558 ἐγγένη-
3710 4532 3720 4543 .

2105 4615 2219 4666 ται,
2260 4598 2383 4651 τότε
2412 4595 2676 4665 σταγόνας
2720 4593 2802 4656 εἰς
2833 4589 2932 4660 τὴν
2981 4588 3085 4659 γῆν
3117 4584 3330 4657 ἀφίησι.
3386 4580 3501 4635 Καὶ
3538 4580 3680 4648 αὕτη

2104 4688 2214 4743 τῶν
2255 4687 2476 4759 δμϐρων
2504 4688 2538 4758 ή
2584 4685 2768 4756 φύσις,
2799 4681 2907 4737 ἀπὺ
2930 4680 3036 4751 γῆς
3069 4676 3169 4750 τὴν
3197 4673 3372 4746 ἀρχὴν
3406 4671 3680 4741 ἐχόντων,

2105 4780 2199 4835 καὶ
2216 4780 2283 4834 δι’
2315 4780 2476 4852 ἀέρος
2512 4778 2674 4832 πάλιν
2697 4775 2789 4829 ἐπὶ
2818 4775 2920 4847 τὴν
2940 4772 3044 4842 γῆν
3065 4767 3402 4841 φερομένων.
3434 4760 3681 4816 Τοιοῦτοι

2102 4866 2244 4961 ἦσαν
2295 4870 2391 4926 καὶ
2437 4872 2486 4924 οε
2540 4868 2836 4940 προφῆται,
2871 4866 2939 4919 ἐκ
2973 4864 3072 4935 μὲν
3116 4861 3219 4932 τῆς
3244 4857 3431 4929 κοινῆς
3460 4852 3681 4925 φύσεως

501 5086 551 5121 δ’
575 5084 705 5141 Luc.
742 5096 856 5149 xvr,
894 5080 949 5136 3.
1013 5077 1205 5132 “Luc.
1228 5090 1356 5141 vm,
1377 5071 1466 5127 ﬂ.
1527 5069 1574 5103 ⁸⁸
1599 5068 1785 5124 Matth.
1815 5084 1929 5132 xxi.
1956 5070 2144 5128 55-39.
2207 5070 2255 5104 ⁸⁸
2275 5068 2409 5124 Gen.
2433 5081 2518 5131 ut,
2542 5064 2610 5120 18

495 5226 619 5313 ς86)
660 5225 884 5281 Veteres
940 5218 1177 5289 quinque
1225 5212 1382 5277 lihri,
1422 5207 1636 5264 ἑαυτοῦ.
1678 5208 1850 5273 Editi,
1897 5207 1995 5261 αὖ·

429 5316 526 5357 του

505 5339 616 5439 ξὲῖ)
653 5365 768 5432 llla,
802 5376 882 5426 εις
909 5375 1022 5422 ουν,
1049 5367 1180 5439 etc“
1217 5362 1316 5439 aut
1357 5347 1729 5439 ἐᾺειπὲκῶς.
1752 5348 1890 5439 ἀίοἰὲ
1905 5354 1998 5401 aut

433 5418 622 5495 mlite}
656 5418 776 5490 esse
803 5418 982 5493 nemo,
1011 5418 1063 5480 ni
1096 5426 1269 5486 l‘allor,
1305 5424 1464 5495 homo
1478 5420 1821 5495 nillitebitur.
1857 5418 1999 5495 {Sup-

431 5488 794 5580 pleaswigitur
840 5488 1059 5580 oportet;
1092 5496 1311 5550 verbum
1361 5491 1659 5555 ἀναϐαίνει,
1706 5498 1798 5544 aut.
1830 5488 1995 5553 aliud,

434 5571 576 5634 haud
605 5571 773 5644 “iugis
805 5571 1087 5642 placuerit.

512 5646 622 5717 (88)
661 5632 754 5717 Sic
790 5632 1001 5717 veteres
1040 5644 1271 5717 quatuor
1300 5632 1443 5717 libri.
1476 5632 1615 5688 Edii
1654 5649 1780 5690 vero
1802 5632 1894 5686 ἐπι

442 5702 636 5772 malim
661 5714 794 5786 Reg.
827 5712 1034 5770 tertius,
1059 5705 1216 5774 λόγος
1234 5702 1499 5773 ἐκφαίνει.

2174 5208 2281 5278 (89)
2322 5206 2483 5278 Editi,
2507 5198 2702 5278 ᾼῦται.
2746 5206 2816 5256 At
2851 5200 3098 5278 quinque
3135 5213 3293 5278 ms_s.,
3334 5194 3521 5278 αὐταί.
3559 5194 3682 5251 Mox

2101 5269 2335 5342 editijai
2359 5276 2446 5331 διὰ
2473 5274 2553 5328 τό.
2581 5277 2652 5328 At
2690 5273 2742 5327 iu
2774 5269 3022 5340 quinque?
3040 5284 3170 5342 mss.
3198 5269 3443 5342 «μεθειῌαὶΣ

2103 5421 2118 5435 ο
2172 5335 2285 5420 (9ὸ)
2326 5348 2551 5435 νριετθε
2586 5335 2825 5414 quinque
2868 5335 3015 5408 libri,
3046 5340 3140 5395 ἐπὶ
3178 5339 3270 5394 τὸν
3299 5339 3389 5394 τά.
3422 5337 3583 5392 Deest
3609 5335 3680 5390 τά

2103 5433 2157 5478 in
2179 5433 2412 5473 CXCIISiS.

2173 5491 2285 5559 (9|)
2328 5487 2487 5559 Editi,
2519 5479 3322 5559 ~at’rriiivnAntiqui“tres‘jihtii,
3367 5477 3528 5549 αὐτῇ.
3567 5473 3676 5530 Alii

2105 5550 2229 5619 duo.
2257 5550 2426 5631 αὐτῷ,
2469 5557 2887 5631 ἀέριᾍνίᾀείίοθι,
2915 5550 3125 5611 melius.
3150 5550 3347 5609 Statim
3382 5560 3485 5608 sex
3514 5561 3675 5612 ωδε..

2142 5632 2213 5681 ἦν
2234 5627 2450 5701 ἀφίησι.
2480 5627 2646 5696 Editi,
2676 5627 2868 5697 ἐνίησι.
