3808 6212
189 287 283 344 361

1034 286 1390 345 COMMENT.
1434 290 1501 345 IN
1543 291 1781 348 ISAIAM
1818 294 2262 355 PROPIIETAM.
2300 299 2454 357 CAP.
2492 300 2555 357 ν.

3351 312 3457 366 562

189 406 526 480 ὡρμημένοι,
555 405 646 461 διὰ
671 406 729 461 δὲ
759 406 1110 480 καθαρότητα
1135 408 1318 481 ψυχῆς
1338 415 1403 484 τῇ
1425 412 1653 485 δυνάμει
1675 413 1769 469 τοῦ
1799 469 1804 479 ,

1870 424 1962 477 ,tus
1989 417 2044 472 in
2084 418 2314 477 sublime
2345 422 2552 488 erecti,
2584 422 2870 480 animabus
2902 423 3056 482 bonis
3090 433 3146 481 et
3177 425 3456 500 frugiferis

190 499 503 571 Πνεύματος
531 498 988 570 ὐπερυψούμενοι,
1017 501 1111 555 καὶ
1142 501 1319 570 λόγων
1352 504 1596 575 γονίμων
1637 523 1769 559 στα-

189 587 348 657 γόνας
396 590 524 653 ταῖς
554 587 758 658 ψυχαῖς
818 590 941 650 ταῖς
990 589 1225 658 ἀγαθαῖς
1269 591 1365 644 καὶ
1399 594 1770 665 καρποφόροις

192 679 556 744 ὲνστάζοντες.
586 679 836 743 Τοιοῦτος
863 675 932 751 ἦν
964 680 1229 753 Μωῦσῆς,
1253 681 1427 750 λέγων
1445 699 1459 713 ³
1488 684 1774 752 Προσδο-

189 772 388 827 κάσθω
427 772 513 838 ὡς
546 769 723 838 ὑετὸς
750 771 818 825 τὸ
855 772 1211 843 ἀπόφθετμά
1235 790 1357 843 μου
1379 793 1393 806 ·
1423 775 1518 828 καὶ
1562 775 1727 831 πάλιν
1752 793 1769 809 ο

200 863 289 930 Ὡς
328 862 442 935 (92)
475 862 692 932 ὄμϐρος
727 863 820 917 ἐπ’
854 862 1176 933 ἄγερωστιν,
1223 864 1325 919 καὶ
1363 865 1509 919 ὡσεί
1531 866 1774 935 νιφετὸς

190 952 283 1007 ἐπὶ
309 955 552 1022 χόρτον.
582 947 755 1007 Αὖται
783 948 878 1008 οὖν
904 954 962 1007 αἱ
987 953 1230 1024 οὐράνιοι
1256 954 1516 1027 δυνάμεις
1551 955 1773 1026 ἐντολὴν

191 1045 520 1117 λαμϐάνουσι
570 1045 664 1100 τοῦ
710 1046 788 1120 μὴ
841 1045 1058 1117 βρέχειν
1109 1047 1203 1100 ἐπὶ
1259 1046 1355 1101 τὸν
1399 1046 1773 1120 ἀκανθοφόρον

190 1138 508 1210 ἀμπελῶνα,
531 1138 624 1194 τὸν
653 1141 774 1203 ταῖς
798 1138 1068 1202 ἀκάνθαις
1089 1140 1211 1202 ταῖς
1231 1139 1461 1203 οἰκείαις
1499 1137 1777 1209 στεφανώ-

191 1231 351 1286 σαντά
384 1249 489 1302 μου
513 1232 607 1286 τὸν
645 1230 944 1301 Δεσπότην.
979 1230 1081 1285 Διὰ
1114 1229 1276 1286 τοῦτο
1306 1231 1403 1287 νῦν
1448 1232 1628 1303 σιωπή
1659 1233 1774 1284 ἐστι

191 1324 333 1397 παρά
358 1326 427 1396 τῇ
459 1326 754 1395 συναγωγῇ
786 1323 975 1397 ἐκείνῃ
1007 1322 1169 1392 λόγου
1209 1323 1371 1389 Θεοῦ,
1393 1324 1488 1377 καὶ
1508 1324 1609 1379 οὐκ
1629 1322 1775 1378 ἔστιν

190 1416 268 1470 ἑτι
305 1415 619 1488 προφήτης,
673 1414 798 1468 οὐδὲ
858 1414 1063 1487 ἄρχων,
1107 1414 1231 1470 οὐτε
1285 1413 1610 1487 ἡγούμενος,
1662 1414 1775 1470 ἀλλ’

189 1509 367 1579 αίθρία
402 1508 554 1579 δεινὴ
588 1508 680 1561 καὶ
714 1507 994 1576 ἀνέφελος,
1031 1507 1134 1579 τῆς
1188 1507 1358 1563 πάλαι
1403 1508 1653 1580 κατάρας
1690 1510 1776 1562 ἐπ’

188 1602 353 1673 αὐτῆς
378 1600 814 1672 βεϐαιουμένης·
855 1600 962 1666 ὅτι,
1004 1600 1116 1655 Καὶ
1165 1600 1339 1656 ἔσται
1379 1618 1481 1656 σοι
1528 1610 1560 1657 ο
1602 1603 1779 1669 οὐρα-

185 1696 289 1761 νὸς
330 1693 440 1766 (95)
473 1691 630 1762 ὑπὲρ
678 1690 953 1762 κεφαλῆς
992 1708 1110 1747 σου
1149 1693 1442 1763 χαλκοῦς,
1490 1691 1589 1747 καὶ
1620 1683 1654 1758 ἢ
1695 1690 1775 1761 γῆ

1879 509 2123 565 vitalium
2158 511 2448 566 verborum
2498 521 2680 583 guttas
2727 513 3083 572 instillabant.
3140 517 3288 575 Talis
3329 534 3450 579 erat

1874 599 2085 672 Moyses
2105 643 2121 665 ,
2170 603 2358 660 dicens
2391 624 2406 661 :
2460 604 2806 674 Exspectatur
2840 618 2901 661 ut
2936 609 3157 678 pluvia,
3188 612 3456 684 eloquium

1873 709 2044 747 meum
2070 696 2152 760 ⁸¹;
2184 706 2241 750 et
2263 712 2455 752 rursus
2482 715 2499 754 :
2540 697 2708 765 Quasi
2740 699 2906 754 imber
2928 717 3087 772 super
3112 721 3332 775 gramen
3355 749 3372 776 ,
3402 719 3458 764 et

1871 788 2024 857 quasi
2050 788 2227 858 pluuia
2256 790 2448 846 nivalis
2486 793 2541 846 in
2566 792 2784 847 herbam
2813 793 2879 848 ⁸⁸.
2928 792 3245 866 Ριωοῑρίιιιι
3274 799 3458 871 itaque

1876 878 2192 935 cmlestibus
2220 880 2340 937 istis
2362 883 2680 951 virtutibus,
2710 899 2779 940 ne
2803 886 2858 940 in
2891 887 3106 942 vineam
3132 888 3452 959 spiniferam

1877 965 2089 1035 pluant,
2115 982 2238 1037 quae
2268 969 2555 1025 Dominum
2582 985 2765 1028 meum
2795 974 2911 1030 suis
2945 976 3116 1047 spinis
3147 982 3452 1036 coronavit.

1875 1055 2059 1122 Quare
2109 1057 2161 1111 in
2212 1074 2489 1132 synagoga
2527 1061 2617 1117 illa
2662 1079 2805 1119 nunc
2830 1066 3021 1122 siletur
3053 1068 3147 1125 Dei
3188 1078 3452 1140 verbum,

1878 1160 1977 1201 nec
2025 1158 2109 1202 est
2147 1151 2383 1221 amplius
2416 1153 2713 1223 propheta,
2748 1171 2922 1227 neque
2956 1159 3230 1232 princeps,
3279 1180 3454 1236 neque

1877 1237 1985 1292 dux
2012 1238 2063 1270 ⁸³
2090 1257 2104 1295 :
2134 1241 2230 1296 sed
2255 1243 2449 1296 sudum
2473 1258 2659 1314 grave,
2691 1246 2923 1303 nubibus
2945 1250 3107 1307 nullis
3123 1254 3413 1311 obductum
3432 1274 3452 1313 :

1874 1329 2074 1401 quippe
2093 1336 2443 1401 pronuntiata
2460 1336 2591 1391 olim
2613 1338 2873 1395 adversus
2897 1355 3017 1397 eam
3041 1342 3209 1419 484,
3235 1347 3456 1404 maledi—

1875 1422 1986 1479 ctio
2021 1424 2396 1483 conﬁrmatur.
2430 1428 2717 1497 Nimirum,
2748 1431 2818 1487 Et
2846 1435 2949 1490 erit
2978 1437 3074 1491 tibi
3103 1438 3457 1510 cwlumsuper

1875 1524 2030 1585 caput
2051 1524 2221 1584 tuum,
2247 1537 2451 1575 (meum
2474 1538 2495 1577 :
2516 1533 2565 1578 et
2597 1533 2737 1579 terra
2757 1527 2853 1580 sub
2886 1536 2932 1583 te
2954 1528 3127 1599 ferrea
3142 1532 3210 1586 ⁵⁸.
3234 1532 3302 1589 Ει
3335 1551 3455 1589 rur-

1876 1619 1968 1660 sus
1997 1620 2012 1659 :
2040 1607 2137 1662 Det
2160 1609 2423 1667 Dominus
2452 1614 2685 1682 pluviam
2721 1628 2877 1674 terra:
2915 1630 3022 1676 tua:
3051 1624 3317 1691 pulverem
3348 1643 3368 1682 :
3403 1640 3455 1683 et

1875 1696 2043 1763 pulvis
2062 1715 2090 1752 e
2119 1701 2246 1756 caelo
2276 1704 2548 1760 descendet
2573 1724 2730 1779 super
2759 1721 2829 1775 te,
2862 1714 3207 1786 quoadusque
3232 1720 3451 1775 attrive-

186 1785 459 1843 ὑποκάτω
474 1802 595 1839 σου
609 1782 835 1854 σιδηρᾶ
853 1798 868 1814 ⁸
908 1785 1004 1839 καὶ
1034 1785 1216 1840 πάλιν·
1244 1785 1369 1851 Δῴη
1388 1788 1421 1839 ὁ
1434 1785 1651 1853 Κύριος
1673 1788 1780 1836 τὸν

1882 1789 1950 1841 rit
1976 1800 2027 1843 te
2050 1790 2115 1844 ⁸⁵.
2148 1792 2269 1849 Non
2299 1798 2447 1852 enim
2475 1802 2706 1868 amplius
2744 1813 2961 1860 exstant
2998 1772 3168 1866 nube's
3193 1811 3453 1880 spiritua-

185 1879 358 1935 ὑετὸν
396 1877 511 1948 τῆς
552 1875 666 1947 γῆς
720 1893 838 1932 σου
867 1878 1203 1947 κονιορτὸν,
1234 1878 1335 1933 καὶ
1377 1877 1517 1943 χοῦς
1552 1878 1629 1932 ,ἐκ
1661 1873 1767 1927 τοῦ

185 1970 438 2040 οὐρανοῦ
464 1970 871 2036 καταϐήσεται
893 1968 995 2025 ἐπὶ
1024 1969 1119 2035 σὲ,
1151 1968 1262 2035 ἓως
1285 1967 1363 2022 ἂν
1383 1967 1638 2035 emch
1670 1979 1764 2018 σε.

186 2063 375 2118 Οὐκέτι
406 2062 516 2135 γάρ
550 2063 607 2116 αἱ
638 2060 859 2131 νεφέλαι
905 2064 963 2118 αἱ
1001 2058 1402 2133 πνευματικαί’
1457 2057 1553 2111 καὶ
1591 2056 1775 2111 οὐκέτι

188 2156 488 2227 προφήτης,
521 2154 627 2224 τῆς
661 2153 881 2225 ἐντολῆς
928 2152 1024 2207 τοῦ
1072 2152 1279 2225 Κυρίου
1312 2148 1539 2221 βεϐαίας
1582 2148 1777 2219 φυλατ-

187 2247 437 2316 τομένης.
473 2244 596 2299 Κᾶν
626 2247 681 2299 αἱ
718 2244 939 2314 νεφέλαι
968 2243 1026 2298 δὲ
1063 2243 1280 2316 βρέχειν
1308 2243 1597 2311 λέγωνται,
1626 2241 1776 2295 οὐδὲν

189 2333 344 2410 ἦττον
365 2340 395 2391 6
422 2337 637 2410 Κύριός
667 2340 813 2390 ἐστιν
838 2339 866 2391 6
891 2336 1119 2409 βρέχων.
1148 2337 1263 2390 Οὐκ
1290 2333 1406 2387 ἔστι
1439 2333 1570 2406 γὰρ,
1607 2335 1774 2404 φησὶν

190 2433 217 2482 6
247 2431 556 2501 προφήτης,
591 2428 819 2494 ὐετίζων
847 2427 1038 2496 ὥσπερ
1074 2425 1158 2481 σύ.
1194 2426 1304 2480 Καὶ
1329 2425 1491 2479 πάλιν
1507 2427 1573 2479 ἐκ
1610 2443 1778 2496 προσ-

185 2517 329 2571 ώπου
368 2518 464 2571 τοῦ
497 2517 638 2572 Θεοῦ
655 2518 872 2590 εἴρηται
892 2532 906 2547 ·
929 2517 1041 2570 Καὶ
1053 2515 1255 2584 ,ϐρέξω
1277 2515 1376 2570 ἐπὶ
1397 2518 1584 2570 πόλιν
1603 2516 1773 2585 μίαν,

185 2608 277 2662 ἐπί
301 2609 370 2664 δὲ
401 2611 593 2665 πόλιν
623 2611 774 2680 μίαν
814 2612 887 2664 οὐ
912 2608 1148 2678 ,βρέξω-
1184 2608 1357 2677 μερίς
1397 2607 1508 2677 μία
1533 2606 1775 2677 ,ϐραχῇ-

185 2719 365 2767 aetat,
396 2700 503 2757 καὶ
527 2698 720 2771 μερὶς,
740 2700 833 2769 ἐφ’
863 2697 945 2766 ἣν
967 2702 1039 2753 οὐ
1056 2697 1277 2767 βρέξω,
1307 2695 1773 2766 ξηρανθήσεταιο

181 2792 594 2866 οίκονομοῦντος
629 2789 724 2846 τοῦ
757 2789 966 2861 ἀγαθοῦ
997 2789 1133 2844 Θεοῦ
1156 2790 1257 2861 τὴν
1287 2789 1483 2862 μερίδα
1509 2789 1619 2843 τῶν
1666 2807 1778 2861 χει·
1802 2835 1814 2848 ,

184 2887 345 2961 ρόνων
373 2886 450 2959 μὴ
486 2884 778 2959 βραχῆναι,
814 2882 955 2955 ὑπὲρ
982 2880 1075 2936 τοῦ
1103 2881 1436 2954 ξηρανθῆναι
1458 2882 1517 2933 ὲν
1545 2882 1684 2953 αὐτῇ
1706 2881 1778 2934 τὰ

182 2979 278 3051 τῆς
328 2977 605 3051 πονηρίας
667 2976 1039 3049 βλαστήματα.
1101 2974 1297 3043 Σαφῶς
1351 2974 1669 3046 παρέστησε
1712 2973 1776 3026 τὸ

1876 1880 1956 1973 les
1991 1899 2004 1937 :
2038 1898 2216 1955 neque
2263 1888 2497 1957 amplius
2546 1894 2815 1962 reperitur
2853 1900 3112 1967 propheta
3137 1917 3155 1957 :
3179 1902 3450 1973 siquidem

1880 1971 2036 2029 ﬁrme
2075 1989 2140 2030 ac
2186 1987 2500 2035 constanter
2540 1993 2794 2039 servatur
2839 1986 3053 2045 Domini
3094 1971 3451 2066 praeceptum.

1872 2060 1986 2156 Etsi
2014 2064 2187 2156 nubes
2220 2067 2404 2137 pluere
2439 2071 2715 2138 dicuntur,
2748 2060 3112 2136 nihilominus
3138 2060 3318 2138 tamen
3357 2088 3453 2156 qui

1875 2152 2334 2246 pluit,ADomiuus
2369 2175 2449 2219 est
2478 2182 2492 2216 :
2542 2166 2658 2222 Non
2709 2177 2792 2224 est
2824 2170 2989 2239 enim,
3018 2173 3094 2229 ait
3141 2152 3406 2246 propheta
3432 2219 3453 2246 ,

1874 2242 1966 2310 qui
2004 2243 2194 2313 pluat,
2242 2248 2383 2305 sicut
2419 2262 2472 2307 tu
2513 2255 2583 2314 ".
2639 2256 2707 2312 Et
2734 2258 2934 2315 iterum
2974 2260 3041 2317 de
3080 2242 3310 2332 persona
3357 2242 3454 2324 Dei

1876 2333 2079 2389 dictum
2132 2346 2217 2393 est
2273 2356 2288 2393 :
2342 2340 2415 2396 Et
2467 2345 2652 2412 pluam
2701 2364 2861 2418 super
2912 2366 3076 2406 unam
3127 2355 3394 2410 civitatem
3429 2371 3453 2410 :

1874 2441 2032 2494 super
2066 2443 2228 2483 unam
2275 2441 2450 2487 autem
2488 2436 2747 2492 civitatem
2790 2456 2895 2494 non
2927 2441 3110 2510 pluam
3134 2460 3155 2498 :
3186 2462 3312 2516 pars
3345 2465 3454 2502 una

1874 2516 2186 2586 irrigabitur
2201 2532 2222 2571 .'
2241 2531 2288 2574 et
2308 2539 2453 2590 pars,
2472 2541 2627 2593 super
2642 2544 2803 2597 quam
2822 2546 2928 2586 non
2945 2532 3152 2601 pluero,
3172 2547 3370 2591 arescet
3383 2539 3454 2591 ⁸⁷.

1876 2608 2075 2665 Sanxit
2115 2612 2371 2669 nimirum
2402 2616 2544 2675 Deus
2573 2618 2785 2686 bonus,
2824 2637 2892 2678 ne
2927 2624 3185 2696 irrigetur
3218 2629 3452 2684 deterio-

1881 2715 2004 2756 rum
2054 2719 2203 2774 pars,
2246 2716 2305 2760 ut
2352 2709 2405 2763 iu
2450 2724 2518 2766 ea
2572 2713 2818 2781 germina
2859 2718 3163 2774 exareﬁant
3209 2721 3449 2781 malitia.

1874 2789 2166 2883 Perspicue
2230 2810 2448 2853 sensum
2504 2803 2760 2859 exhibuit
2805 2803 2937 2861 dicti
2997 2808 3189 2879 hujus,
3259 2826 3453 2883 nempe

1873 2882 2090 2938 vineam
2146 2885 2401 2944 Israelem
2438 2893 2652 2957 vocari,
2685 2896 2770 2949 cui
2817 2904 2872 2963 et
2916 2913 3045 2967 quae
3091 2882 3453 2972 praenuntiata

1878 2985 2006 3033 sunt
2042 2985 2096 3031 et
2122 2980 2401 3047 praedicta,
2425 2992 2688 3041 eventura
2713 3000 2835 3043 esse
2859 2990 3143 3049 minitatus
3167 3003 3272 3050 est.

185 3072 419 3144 βούλημα
466 3068 585 3142 (94)
618 3068 711 3122 τοῦ
750 3068 934 3138 λόγου,
970 3068 1052 3121 ὅτι
1081 3067 1383 3139 ἀμπελῶνα
1408 3067 1500 3122 τὸν
1544 3067 1762 3139 Ἰσραὴλ
1799 3067 1967 3137 λέγει,
2001 3073 2130 3144 περὶ
2156 3073 2215 3127 ὃν
2230 3077 2553 3148 γενήσεσθαι
2569 3078 2638 3133 τὰ
2658 3082 3066 3151 ὲπαγγελθέντα
3119 3088 3213 3141 καὶ
3266 3107 3452 3164 προει.

184 3167 386 3241 ρημένα
415 3165 739 3238 ήπείληται.

244 3268 365 3323 149.
395 3266 516 3323 Καὶ
548 3266 860 3336 ἅνθρωπος
886 3264 995 3319 τοῦ
1033 3263 1252 3331 Ἰούδα,
1293 3266 1594 3334 νεόφυτον
1620 3265 1763 3333 ἡγα-
1790 3272 1804 3324 t

1939 3258 2061 3315 M9.
2103 3257 2174 3312 Et
2221 3259 2375 3315 homo
2415 3259 2584 3329 Iuda,
2625 3264 2826 3319 novella
2859 3265 3044 3335 planta
3080 3267 3299 3324 dilecta.
3338 3271 3450 3342 Ap-

181 3356 465 3428 πημένον.
497 3356 735 3429 Διηρέθη
759 3359 794 3427 ἡ
837 3355 1180 3427 προσηγορία
1200 3355 1295 3409 τοῦ
1335 3354 1531 3409 Ἰακὼϐ
1566 3356 1646 3419 είς
1674 3356 1767 3411 τὸν

194 3449 402 3522 Ἰσραὴλ
450 3449 554 3504 καὶ
598 3447 828 3513 Ἰούδαν,
871 3449 1134 3521 πρότερον
1171 3447 1271 3519 μὲν
1306 3447 1399 3500 ἐπὶ
1432 3446 1527 3503 τοῦ
1560 3447 1725 3502 Δαϐὶδ
1750 3490 1764 3512 ,

182 3542 314 3612 μετά
346 3543 446 3614 τήν
468 3541 735 3612 τελευτήν
760 3540 852 3594 τοῦ
884 3539 1078 3605 Σαοὺλ,
1123 3540 1474 3613 μερισθέντος
1510 3539 1604 3595 τοῦ
1634 3540 1764 3595 λαοῦ

181 3634 254 3697 είς
285 3633 374 3687 τὸν
400 3634 525 3687 υἱὸν
563 3632 738 3686 Σαοὺλ
765 3632 858 3686 καὶ
882 3631 972 3685 τὸν
996 3630 1164 3685 Δαϐίδ
1185 3649 1197 3662 ο
1231 3630 1457 3706 ὕστερον
1481 3630 1539 3685 δὲ
1555 3631 1647 3684 ἐπὶ
1669 3631 1764 3685 τοῦ

190 3723 439 3798 Ῥοϐοάμ,
492 3725 583 3780 ὅτε
633 3723 923 3797 Ἰεροϐοὰμ
955 3723 1235 3795 ἀπέστησε
1280 3723 1382 3788 τὰς
1427 3723 1561 3778 δέκα
1592 3723 1766 3794 φυλὰς

180 3820 286 3883 υίὸς
312 3818 530 3884 Νάϐατ,
560 3817 619 3880 ὃς
647 3817 925 3890 ἐξήμαρτε
974 3816 1068 3871 τὸν
1102 3816 1338 3888 Ἰσραήλ.
1370 3816 1468 3870 Διά
1489 3814 1648 3870 τοῦτο
1671 3815 1766 3870 καὶ

179 3909 269 3967 νῦν
303 3911 502 3985 διπλῆς
541 3910 697 3982 ἔτυχε
742 3910 846 3980 τῆς
879 3909 1274 3982 προσηγορίας.
1321 3910 1577 3963 Φαίνεται
1606 3908 1664 3962 δὲ
1698 3911 1764 3962 ὲκ

180 4003 273 4074 τῆς
292 4004 568 4076 τετάρτης
591 4002 702 4056 τῶν
744 4001 1043 4056 Βασιλειῶν
1077 4002 1261 4055 πλεῖον
1296 4000 1559 4074 ἁμαρτὼν
1591 3999 1704 4071 (95)
1734 4002 1765 4054 6

192 4092 421 4167 Ἰσραὴλ,
458 4094 544 4148 διὸ
585 4094 680 4148 καὶ
722 4094 914 4165 τάχιον
962 4092 1378 4165 ᾐχμαλωτίσθη,
1427 4092 1536 4146 Καὶ
1578 4093 1637 4145 ὲν
1684 4091 1763 4163 τῷ

193 4186 443 4260 Ἰεζεκιήλ
466 4186 825 4258 ἐννενήκοντα
854 4187 952 4258 μὲν
986 4188 1082 4241 καὶ
1106 4189 1259 4257 τρεῖς
1292 4185 1402 4258 (96)
1430 4184 1637 4256 ἡμέραι
1669 4184 1763 4238 ἐπὶ

183 4279 285 4332 τῶν
331 4279 617 4354 ἁμαρτιῶν
659 4278 755 4333 τοῦ
806 4278 1021 4350 Ἰσραὴλ
1059 4279 1445 4351 ἀριθμοῦνται,
1493 4277 1765 4350 τεσσαράτ

182 4385 338 4425 κοντα
365 4371 423 4425 δὲ
444 4372 542 4425 ἐπὶ
564 4369 659 4426 τοῦ
692 4370 889 4424 Ἰούδα.
918 4370 1016 4425 Διά
1042 4370 1203 4424 τοῦτο
1225 4369 1321 4423 uati.
1341 4367 1578 4423 ἐνταῦθα
1609 4371 1639 4422 6
1662 4370 1760 4441 μὲν

179 4458 544 4534 ἀηνθοφόρος
578 4459 839 4533 ἀμπελὼν
882 4455 1031 4524 οἶκος
1075 4459 1171 4513 τοῦ
1225 4459 1446 4532 Ἰσραὴλ
1475 4459 1706 4528 γίνεται,
1732 4462 1761 4513 6

179 4550 233 4605 δὲ
260 4554 351 4607 τοῦ
385 4553 556 4608 Ἰούδα
584 4551 892 4624 ἄνθρωπος,
921 4551 1105 4605 οὐκέτι
1154 4549 1437 4622 ἀμπελὼν,
1484 4549 1621 4605 ἀλλά
1647 4552 1761 4604 νεό-

1871 3353 2089 3423 pellatio
2128 3350 2296 3409 Iacob
2327 3353 2609 3423 dispertita
2660 3367 2743 3411 est
2777 3356 2830 3411 in
2861 3355 3119 3415 lsraelem
3145 3369 3201 3414 et
3227 3358 3444 3417 ludam.

1871 3443 2006 3500 Nam
2056 3446 2291 3516 primum
2341 3446 2557 3514 quidem
2600 3446 2804 3504 Davide
2839 3458 2964 3520 post
3004 3451 3186 3507 Saulis
3213 3465 3444 3510 mortem

1871 3548 2131 3608 regnante
2155 3538 2363 3593 divisus
2389 3548 2473 3594 est
2518 3539 2749 3610 populus
2782 3540 2837 3595 in
2870 3541 3038 3597 ﬁlium
3069 3542 3251 3600 Saulis
3282 3554 3339 3600 et
3366 3545 3449 3616 ip-

1869 3645 1986 3683 sum
2011 3626 2184 3684 David
2215 3629 2263 3661 ⁵⁸
2290 3647 2307 3683 :
2341 3639 2527 3700 postea
2566 3646 2697 3686 vero
2725 3632 2826 3689 sub
2864 3631 3133 3701 Roboam,
3165 3649 3273 3706 quo
3307 3644 3445 3691 tem-

1868 3733 2000 3792 pore
2026 3717 2324 3776 Jeroboam
2364 3721 2511 3777 illius
2552 3721 2759 3791 Nabat,
2798 3738 2907 3794 quo
2939 3733 3164 3781 auctore
3201 3727 3448 3796 peccavit

1866 3810 2054 3876 Israel,
2080 3812 2253 3867 tribus
2275 3812 2463 3869 decem
2485 3814 2552 3869 ad
2572 3814 2933 3872 defectionem
2955 3817 3247 3889 impulit".
3265 3816 3446 3886 Quare
3488 3856 3493 3861 -

1867 3904 2169 3959 etiamnum
2199 3903 2472 3974 duplicem
2496 3907 2729 3962 sortitur
2751 3909 3191 3980 appellationem.
3214 3909 3446 3971 Constat

1866 4004 2046 4050 autem
2071 4011 2137 4051 ex
2180 4007 2380 4067 quarto
2412 3997 2725 4070 Regnorum
2758 4003 2897 4058 libro
2925 4003 3156 4075 amplius
3187 4018 3445 4075 peccasse

1865 4089 2142 4156 Israelem,
2173 4090 2318 4147 unde
2342 4092 2503 4148 citius
2531 4108 2751 4166 quoque
2785 4097 3051 4153 deductus
3079 4107 3163 4153 est
3187 4097 3241 4152 in
3265 4100 3442 4167 capti-

1863 4187 2110 4241 vitatem.
2150 4184 2220 4239 Et
2267 4187 2321 4240 in
2359 4185 2647 4245 Ezechiele
2668 4231 2684 4255 ,
2712 4205 2810 4260 pro
2836 4191 3076 4259 peccatis
3108 4188 3313 4255 Israel,
3344 4205 3445 4245 no-

1866 4277 2089 4348 naginta
2123 4289 2234 4336 tres
2260 4281 2376 4336 dies
2409 4293 2801 4348 numerantur;
2840 4298 2938 4353 pro
2968 4282 3120 4351 Judae
3155 4297 3288 4339 vero
3312 4297 3441 4353 pec»

1863 4371 2004 4426 catis
2024 4410 2039 4435 ,
2068 4371 2428 4443 quadraginta
2456 4374 2521 4428 ⁸ο.
2577 4375 2921 4446 QuaprOpter
2960 4384 3015 4431 et
3048 4374 3138 4431 hic
3170 4358 3429 4446 spinifera

1862 4462 2079 4530 quidem
2112 4463 2271 4521 vinea
2313 4463 2508 4522 domus
2551 4465 2718 4522 Israel
2755 4475 2840 4523 est
2870 4486 2886 4523 :
2930 4476 2987 4522 at
3016 4466 3168 4524 Judte
3203 4469 3396 4524 domus
3419 4507 3437 4531 ,

1864 4553 2025 4610 homo
2045 4595 2064 4622 ,
2092 4571 2198 4612 non
2224 4558 2380 4614 vinea
2406 4600 2423 4626 ,
2454 4560 2550 4615 sed
2583 4559 2792 4615 novella
2836 4559 3017 4629 planta
3042 4601 3058 4627 ,
3089 4574 3435 4630 nequaquam

180 4658 357 4711 φυτον,
386 4646 448 4699 οὐ
473 4621 905 4715 κεχερσωμένον,
939 4641 1056 4696 ἀλλ’
1090 4621 1471 4712 ἠγαπημένον.
1501 4641 1599 4704 Τίς
1641 4640 1697 4694 δὲ
1723 4643 1752 4695 ὁ
1782 4621 1804 4682 1

1870 4621 2081 4714 inculta,
2120 4649 2216 4705 sed
2241 4621 2454 4707 dilecta.
2483 4651 2742 4720 Quisnam
2769 4621 2904 4708 vero
2951 4653 3027 4709 sit
3045 4621 3219 4708 homo
3252 4621 3341 4708 ille
3367 4666 3435 4707 ex

246 4805 289 4837 ⁸¹
312 4806 466 4862 Deut.
497 4822 672 4869 xxx",
711 4804 767 4859 2.

880 4806 926 4838 ⁵³
960 4805 1090 4861 ibid.
1167 4804 1214 4837 ⁸⁸
1249 4804 1380 4859 Dan.
1414 4820 1494 4865 Ill,
1549 4803 1637 4857 58.
1716 4803 1804 4857 ιιι

1870 4813 1938 4857 ut.
1996 4819 2192 4868 xxviii,
2239 4804 2311 4858 25
2430 4807 2477 4838 ⁸⁵
2513 4804 2641 4860 ibid.
2690 4804 2780 4859 26.
2856 4806 2904 4838 ⁸⁸
2944 4804 3145 4865 Ierem.
3190 4821 3299 4870 xiv,
3338 4804 3430 4859 22.

179 4872 223 4907 "
251 4876 413 4933 Amos
464 4893 540 4944 iv,
573 4878 628 4934 7.
702 4876 748 4908 ⁸⁸
780 4876 819 4931 II
849 4875 978 4943 Reg.
1024 4891 1087 4941 tt,
1113 4874 1200 4929 10.
1280 4875 1325 4907 ⁸⁹
1354 4873 1419 4929 Ill
1451 4873 1585 4945 Reg.
1619 4889 1692 4929 xtl
1713 4916 1727 4941 ,
1759 4874 1804 4928 21

1927 4873 1972 4905 “
2004 4874 2202 4929 Ezecli.
2236 4891 2308 4940 iv,
2358 4876 2414 4941 5,
2451 4876 2508 4930 6.

248 5056 356 5122 (92)
390 5055 560 5121 Editi,
598 5053 766 5109 Ὣσεί.
806 5053 876 5108 Αι
924 5053 1163 5124 quinque
1197 5069 1354 5117 mss.,
1407 5056 1499 5118 Ως.
1536 5052 1646 5124 Nec
1673 5062 1747 5107 ita

183 5129 342 5180 multo
368 5127 507 5181 infra
534 5126 664 5180 editi
691 5135 745 5180 et
775 5140 914 5180 unus
942 5122 1159 5189 ἰιιε.,ἀί
1190 5125 1455 5196 οὐράνιοι.
1488 5122 1591 5177 Alii
1623 5140 1750 5193 qua-

183 5207 314 5268 tuor,
338 5198 394 5250 αἱ.
414 5196 685 5268 οὐράνιαι,

246 5265 354 5338 (95)
376 5264 544 5338 Apud
591 5265 736 5338 LXX
770 5275 845 5338 _et
876 5265 931 5321 in
971 5266 1143 5338 tribus
1170 5280 1300 5321 mss.
1336 5264 1549 5338 legitur,
1585 5264 1749 5338 οὐρα-

177 5333 265 5397 νὸς
292 5333 343 5390 ὁ.
369 5333 627 5405 Hocipso
668 5336 725 5391 in
769 5336 888 5391 loco
922 5336 1090 5393 nostri
1120 5351 1256 5392 mss.
1285 5333 1476 5391 omnes
1522 5333 1744 5398 habent,

179 5407 431 5527 κεὺιῖραλῆς.
480 5404 643 5470 Editi,
690 5405 952 5478 κεφαλήν.
1012 5406 1208 5462 Statim
1254 5407 1362 5461 duo
1398 5420 1554 5473 11188.,
1591 5405 1745 5459 ὑετὸν

179 5490 213 5527 α
274 5492 333 5527 ου
353 5494 471 5527 της.

177 5480 333 5529 αὐτοῦ
353 5480 471 5541 τῆς.

245 5494 535 5617 ῖδὲἶῗιῗίπί
592 5560 822 5616 veteres,
871 5549 934 5604 τὸ
990 5546 1260 5620 βούλημα.
1315 5546 1474 5612 Editi,
1522 5544 1585 5598 τὸ
1620 5544 1746 5616 βού-

177 5611 552 5811 Editi,
606 5691 891 5763 ἁμαρτεῖν.
940 5693 1010 5746 At
1059 5689 1309 5763 quinque
1368 5702 1523 5757 ωδε,
1564 5690 1745 5761 ἁμαρ-

490 5850 759 5916 Panos.
806 5852 925 5915 Gn.
971 5850 1181 5913 XXX.

1943 5053 2055 5123 (96)
2090 5050 2294 5128 Putare
2317 5068 2375 5109 se
2397 5055 2472 5128 ait
2500 5053 2885 5128 Combelisius,
2902 5053 3051 5115 illud,
3077 5055 3431 5128 ἐννενήκοντα

1855 5121 1958 5180 καὶ
1984 5121 2159 5195 τρεῖς,
2197 5121 2509 5195 _Nonaginta
2551 5134 2677 5189 tres,
2728 5125 3044 5195 mendosum
3084 5140 3228 5195 esse,
3247 5121 3360 5180 'nec
3396 5144 3427 5180 a

1853 5193 2054 5251 Basilio
2088 5193 2388 5264 profectum
2417 5209 2433 5247 :
2472 5194 2628 5262 cujus
2656 5210 2755 5248 nos
2789 5194 2995 5262 judicio
3037 5194 3428 5255 subscribimus

1853 5266 1995 5320 haud
2031 5263 2236 5335 inviti:
2269 5266 2362 5335 sed
2400 5265 2469 5335 ab
2520 5266 2635 5335 ipso
2674 5266 3046 5335 dissentimus,
3087 5264 3139 5320 in
3171 5280 3236 5319 eo
3282 5267 3425 5335 quod

1851 5337 2063 5405 culpam
2093 5334 2299 5389 derivet
2328 5334 2379 5388 in
2411 5334 2840 5405 librariumgius
2865 5334 2918 5388 in
2951 5338 3123 5404 ipsum
3147 5334 3429 5393 Commen-

1857 5404 1978 5460 tarii
2010 5406 2333 5473 scriptorem
2365 5416 2383 5457 :
2412 5420 2571 5473 quem
2626 5421 2656 5459 a
2701 5404 2903 5460 Basilio
2949 5406 3114 5461 alium
3163 5420 3303 5472 esse,
3358 5421 3428 5461 ex

1856 5476 2178 5533 Praefatione
2201 5476 2487 5532 constabit.
2530 5476 2681 5530 llunc
2710 5475 3011 5531 Ezechielis
3040 5477 3216 5532 locum
3245 5486 3301 5532 et
3327 5479 3425 5531 do-

1854 5559 1941 5603 ete
1977 5557 2035 5603 et
2066 5545 2284 5615 copiose
2327 5546 2686 5616 interpretans
2722 5546 3105 5616 Hieronymus.
3145 5548 3305 5610 docet
3335 5543 3426 5605 Bi-

1856 5618 2087 5672 bliorum
2137 5613 2727 5686 exemplariamultum
2783 5613 2942 5671 inter'
2963 5633 3023 5670 se
3073 5616 3422 5686 discrepare;

1853 5687 2007 5757 cujus
2032 5686 2197 5757 verba
2231 5701 2357 5757 cum
2386 5684 2675 5753 prolixiora
2705 5685 2835 5753 sint,
2866 5688 3071 5744 referre
3102 5684 3287 5755 nolui;
3326 5684 3427 5746 sed

1857 5758 2059 5816 fontem
2084 5756 2260 5828 ipsum
2285 5756 2447 5812 adeas
2481 5758 2703 5814 suadeo.

3019 5848 3094 5907 12
