3808 6212
294 303 401 362 ’ὄϐδ

1242 297 1586 355 ΑΡΡΕΝΠΙΧ
1623 297 1908 354 OPERUM
1946 298 2002 355 S.
2047 297 2287 355 BASILII
2329 298 2559 355 MAGNl.

3446 299 3559 355 564

280 416 430 485 inda
457 425 755 489 oriundus,
785 423 892 478 vita
925 421 1138 479 ﬂorenti
1180 423 1438 493 praeditus
1479 437 1543 478 ac
1577 436 1705 477 vere
1735 420 1870 477 dile-

1988 423 2031 488 ιξ
2071 422 2243 477 ’ἰούδα
2276 421 2564 486 ἀνατείλας
2591 420 2896 494 ἄνθρωπος,
2930 420 3196 493 ἀκμάζων
3218 423 3284 493 τῇ
3308 421 3421 494 ζωῇ
3448 422 3554 476 καὶ

296 529 439 585 ctus,
475 518 634 574 facile
660 516 917 586 cognosci
938 523 1119 585 potest
1147 529 1178 569 a
1211 516 1426 585 quovis,
1462 516 1555 585 qui
1584 514 1708 569 talia
1739 529 1870 570 con-

300 608 547 679 templari
587 607 796 662 noverit
827 623 842 660 :
876 603 1193 675 Ezspectavi
1220 612 1287 658 ut
1326 605 1522 674 faceret
1550 604 1869 674 judicium:

295 702 418 771 fecit
445 707 620 754 autem
651 697 1008 768 iniquitatem,
1032 707 1079 751 et
1103 712 1207 750 non
1225 696 1517 766 justitiam,
1547 695 1639 750 sed
1667 694 1869 748 clamo-

294 809 425 848 rem.
458 791 617 856 Cum,
661 789 815 858 juxta
846 788 1229 854 'Salomonem,
1281 787 1636 859 Cogitationes
1686 789 1871 857 justo-

294 899 413 937 rum
447 884 557 938 sint
567 882 781 954 judicia
820 880 891 946 “,
921 882 1161 951 exigitur
1194 895 1224 934 a
1261 881 1438 945 nobis,
1473 888 1530 933 ut
1571 894 1692 934 cum
1721 878 1873 949 judi—

295 977 380 1032 cio
412 974 676 1031 faciamus
708 974 889 1029 omnia
910 1013 926 1039 ,
960 971 1095 1027 nihil
1127 986 1255 1027 vero
1295 972 1432 1026 citra
1462 970 1770 1045 judicium.
1805 969 1874 1024 Et

294 1069 511 1138 quidem
555 1069 721 1123 vitam
769 1067 890 1121 sine
914 1065 1137 1137 :‘judicio
1178 1075 1235 1118 et
1267 1064 1667 1119 inconsiderate
1692 1072 1868 1117 actam

297 1150 625 1215 comitantur
661 1159 998 1229 iniquitates.
1052 1158 1186 1213 Nam
1230 1158 1323 1228 qui
1371 1158 1594 1211 minime
1621 1156 1871 1227 sequitur

298 1259 502 1307 rectam
536 1251 827 1315 rationem,
855 1264 955 1304 nec
977 1249 1186 1318 iudicat
1214 1248 1342 1319 quid
1368 1246 1633 1316 agendum
1664 1246 1756 1310 sit,
1780 1252 1874 1299 aut

297 1359 405 1399 non
448 1345 715 1413 agendum
741 1358 806 1397 ex
840 1343 963 1396 data
992 1342 1124 1413 legis
1147 1341 1356 1412 regula,
1383 1341 1428 1395 is
1467 1348 1647 1411 patrat
1681 1338 1876 1409 iniqui-

301 1443 470 1490 tatem
499 1453 513 1501 ;
549 1448 650 1489 nec
683 1433 813 1488 facit
837 1431 1126 1503 justitiam,
1151 1432 1246 1488 sed
1272 1432 1546 1499 clamoris,
1588 1429 1873 1485 tumultus-

298 1538 405 1595 que
442 1535 500 1580 et
541 1524 879 1580 confusionis
916 1532 998 1580 est
1047 1534 1260 1581 auctor.
1290 1522 1670 1590 'Quamobrem
1702 1524 1873 1593 quies

295 1630 486 1671 eorum
521 1615 609 1683 qui
659 1613 973 1684 iudicantur
1010 1613 1212 1683 judicia
1243 1613 1391 1682 justa
1444 1614 1711 1682 sequitur,
1746 1628 1870 1668 cum

297 1723 361 1762 ea
385 1723 503 1779 qum
526 1708 742 1763 decreta
780 1714 926 1774 sunt,
953 1707 1225 1762 constanti
1258 1706 1662 1776 tranquilloque
1690 1706 1872 1761 animo

297 1769 571 1866 excipiant
600 1814 614 1850 :
651 1806 839 1851 contra
870 1769 1099 1861 clamor,
1146 1769 1519 1865 tumultus-que
1569 1769 1867 1851 seditiosus
1903 1769 1946 1828 Β

299 1905 511 1958 eorum,
546 1891 637 1958 qui
675 1891 743 1945 ob
782 1890 1099 1959 iniustitiam
1141 1889 1514 1958 indignantur,
1553 1887 1758 1956 judicia
1787 1888 1877 1942 in-

290 1979 442 2048 justa
472 1982 780 2037 comitatur.
807 1981 887 2033 Ad
917 1979 1060 2034 hunc
1094 1987 1271 2033 autem
1300 1978 1593 2033 clamorem
1625 1979 1769 2048 quod
1794 1987 1877 2033 at-

295 2073 455 2138 tinet,
504 2072 794 2142 Apostolus
843 2071 1007 2126 etiam
1055 2071 1348 2137 admonet,
1391 2070 1627 2126 dicens:
1682 2069 1872 2124 Omnis

294 2164 462 2238 585
510 2166 714 2219 clamor
771 2173 819 2218 et
870 2162 1127 2217 tumultus
1186 2161 1409 2216 tollatur
1463 2179 1494 2215 a
1535 2160 1701 2229 vobis,
1750 2176 1871 2215 cum

297 2258 447 2311 omni
478 2256 684 2311 malitia
717 2257 784 2310 “.
819 2256 914 2311 Est
954 2265 1135 2310 autem
1168 2264 1223 2310 et
1254 2255 1461 2309 clamor
1497 2256 1702 2321 bonus,
1733 2270 1873 2325 qua-

300 2348 407 2406 lem
426 2357 585 2405 stans
614 2350 670 2402 in
705 2347 908 2418 templo
940 2347 1192 2402 Christus
1234 2347 1414 2400 emisit
1452 2345 1535 2413 ⁶³;
1563 2346 1707 2416 quali
1745 2360 1874 2400 usus

296 2451 382 2497 est
406 2450 460 2496 et
482 2440 689 2504 David,
719 2455 842 2494 cum
869 2440 1075 2493 diceret
1103 2455 1116 2491 :
1166 2435 1298 2491 Voce
1327 2452 1443 2491 mea
1469 2438 1541 2491 ad
1586 2437 1869 2490 Dominum

297 2535 603 2590 clamavi“.
632 2532 743 2588 Nec
768 2533 1064 2602 quidquam
1096 2539 1183 2586 est
1223 2529 1388 2595 miri,
1430 2530 1475 2584 si
1505 2530 1644 2584 idem
1673 2545 1871 2586 nomen

299 2631 369 2685 ad
399 2644 488 2685 res
514 2626 817 2683 contrarias
847 2625 1208 2696 designandas
1234 2624 1306 2680 sit
1344 2634 1686 2694 usurpatum,
1715 2625 1761 2680 si
1792 2625 1875 2680 vi-

295 2723 495 2777 delicet
526 2720 687 2776 modo
709 2717 1097 2774 tumultuosum
1125 2716 1398 2787 quidpiam
1424 2726 1479 2772 et
1504 2717 1872 2773 turbulentum

295 2813 590 2884 signiticet,
619 2812 777 2866 modo
812 2825 944 2865 vero
972 2809 1138 2864 altam
1166 2802 1872 2881 magnamque'coelestium

297 2908 608 2975 dogmatum
662 2915 874 2957 vocem.
922 2899 1174 2956 Profecto
1223 2900 1277 2955 in
1330 2901 1584 2970 praesenti
1638 2903 1874 2959 dictione

300 2995 513 3049 clamor
539 3007 664 3049 cum
694 3007 761 3047 eo
794 2990 888 3060 qui
919 3005 949 3043 a
983 2988 1235 3046 Sodomis
1270 2999 1324 3045 et
1352 2989 1656 3046 Gomorrha
1684 3006 1876 3047 ascen-

296 3090 379 3143 dit
408 3088 480 3151 ⁸⁸,
503 3085 813 3141 affinitatem
847 3083 1027 3138 habet.

1972 514 2243 587 ἀληθινῶς
2281 514 2393 585 (97)
2424 514 2688 586 ὑπάρχων
2710 514 3022 590 ἀγαπητὸς,
3062 515 3124 566 ού
3158 513 3392 584 χαλεπὸν
3422 515 3560 568 ἰδεῖν

1969 607 2050 679 τῷ
2083 606 2432 678 ἐπισταμένῳ
2480 605 2549 661 τὰ
2589 605 2815 660 τοιαῦτα
2860 604 3103 677 θεωρεῖν.
3157 606 3407 674 Ἐμεινα
3448 606 3560 659 ἵνα

1971 700 2198 769 ποιήσῃ
2243 701 2469 767 κρίσιν,
2522 699 2774 767 ἐποίησε
2801 697 2869 751 δὲ
2911 699 3191 766 ἀνομίαν,
3233 698 3331 754 καὶ
3359 700 3430 753 οὐ
3462 698 3558 752 δι-

1972 793 2328 859 καιοσύνην,
2386 791 2546 846 ἀλλὰ
2591 790 2883 861 κραυγήν.
2942 790 3225 860 Ἐπείπερ,
3270 790 3413 843 κατά
3454 790 3558 846 τδν

1972 879 2315 952 Σολομῶντα,
2347 881 2635 950 Λογισμοὶ
2673 880 2917 934 δικαίων
2961 881 3247 950 κρίματαο
3284 881 3555 936 ἀπαιτού-

1977 973 2117 1047 μεθα
2144 974 2257 1045 (98)
2288 973 2465 1026 πάντα
2494 972 2677 1043 κρίσει
2705 974 2900 1034 ποιεῖν.
2935 974 3030 1026 καὶ
3076 972 3241 1044 μηδὲν
3285 973 3552 1045 ἀκρίτως.

1975 1066 2210 1119 Ἐπεται
2256 1064 2439 1136 μέντοι
2488 1067 2553 1136 τῇ
2592 1065 2800 1136 ἀκρίτῳ
2837 1064 2935 1118 καὶ
2971 1065 3312 1137 ἀνεξετάστῳ
3339 1065 3450 1137 ζωῇ
3481 1066 3558 1120 τὰ

1972 1157 2172 1228 ἄνομα.
2231 1157 2290 1210 Ὀ
2323 1155 2434 1228 γάρ
2480 1155 2554 1227 μὴ
2598 1156 2862 1227 ἑπόμενος
2900 1154 2978 1226 τῷ
3026 1155 3173 1226 ὀρθῷ
3200 1156 3365 1227 λόγῳ,
3412 1155 3559 1226 μηδὲ

1972 1246 2173 1319 κρίνων
2212 1245 2273 1298 τὸ
2301 1245 2594 1317 πρακτέον,
2637 1245 2731 1299 καὶ
2759 1244 2833 1316 μὴ
2875 1244 3019 1298 κατά
3052 1244 3142 1298 τὸν
3170 1244 3457 1314 δεδομένον
3486 1246 3557 1297 ἐκ

1977 1340 2075 1394 τοῦ
2099 1340 2265 1411 νόμου
2293 1340 2516 1407 κανόνα,
2536 1340 2767 1413 ἀνομίαν
2787 1340 2895 1412 (99)
2935 1341 3100 1403 ποιεῖ,
3139 1339 3233 1393 καὶ
3256 1340 3315 1392 οὐ
3353 1339 3558 1394 δικαιο-

1973 1433 2141 1505 σύνης
2164 1434 2312 1487 ἐστὶν
2345 1433 2602 1505 ἐργάτης,
2635 1433 2771 1487 ἀλλά
2800 1432 3046 1503 κραυγῆς
3077 1431 3171 1484 καὶ
3207 1429 3436 1502 θορύϐου
3456 1430 3558 1485 καὶ

1973 1526 2288 1599 συγχύσεως
2313 1527 2504 1590 αἴτιος.
2541 1526 2684 1580 Διότι
2711 1528 2823 1588 τοῖς
2854 1524 2953 1595 μὲν
2983 1524 3211 1585 δικαίοις
3231 1522 3494 1594 κρίμασιν
3513 1523 3553 1594 ἠ

1972 1621 2169 1693 ἡσυχία
2199 1620 2310 1674 τῶν
2334 1619 2672 1691 κρινομένων
2697 1617 2998 1681 ἀκολουθεῖ,
3023 1615 3303 1678 εὐσταθῶς
3331 1614 3559 1669 καταδε-

1973 1715 2220 1786 χομένων
2269 1712 2341 1768 τά
2376 1712 2695 1785 όριζόμενα⁸
2729 1714 2843 1775 τοῖς
2876 1711 2933 1764 δέ
2962 1709 3169 1774 ἀδίκοις
3213 1707 3430 1780 κραυγὴ
3461 1707 3558 1760 καὶ

1975 1806 2201 1878 θόρυϐος
2251 1804 2635 1868 στασιαστικὸς
2662 1845 2676 1869 ,
2722 1800 3175 1872 ἀγανακτούντων
3225 1800 3299 1870 (1)
3345 1800 3438 1851 ἐπὶ
3485 1801 3558 1872 τῇ

1974 1897 2178 1969 ἀδικίᾳ.
2200 1898 2339 1969 Περὶ
2364 1896 2422 1950 δέ
2436 1896 2537 1966 τῆς
2554 1895 2801 1966 κραυγῆς
2824 1893 3028 1966 ταύτης
3045 1892 3140 1946 καὶ
3160 1894 3189 1945 ὁ
3228 1890 3557 1955 Ἀπόστολος

1975 1991 2251 2062 παραινεῖ,
2305 1988 2512 2056 λέγων’
2552 1985 2729 2042 Πᾶσα
2768 1984 3000 2055 κραυγὴ
3032 1983 3131 2037 καὶ
3170 1984 3421 2051 θόρυϐος
3448 1982 3557 2050 ἀρ-

1975 2080 2130 2147 θήτω
2157 2080 2257 2149 ἀφ’
2292 2078 2478 2150 ὑμῶν,
2506 2078 2629 2133 σὺν
2658 2076 2827 2147 πάσῃ
2854 2077 3051 2146 κακίᾳ.
3080 2078 3235 2130 Ἔστι
3263 2076 3321 2129 δέ
3344 2093 3430 2140 τις
3460 2074 3556 2130 καὶ

1974 2172 2187 2245 κραυγὴ
2229 2172 2441 2231 ἀστεία,
2477 2171 2545 2241 ἣν
2590 2172 2619 2224 ὁ
2650 2169 2855 2242 Κύριος
2904 2168 3076 2233 ἑστὼς
3113 2170 3171 2221 ἐν
3206 2168 3282 2239 (‘2)
3312 2168 3390 2238 τῷ
3423 2167 3557 2239 ἱερῷ

1975 2261 2238 2336 ἔκραξεν·
2341 2263 2436 2315 καὶ
2468 2259 2634 2314 Δαϐὶδ
2668 2260 2954 2330 ἐκέχρητο,
2981 2257 3155 2327 λέγων
3175 2273 3188 2286 ⁸
3224 2256 3401 2324 Φωνῇ
3433 2274 3557 2325 μου

1973 2353 2125 2423 πρὸς
2151 2355 2374 2423 Κύριον
2420 2352 2734 2422 ἐκέκραξα.
2773 2351 2885 2404 Καὶ
2923 2349 3076 2404 οὐδὲν
3106 2348 3440 2420 θαυμαστὸν,
3490 2348 3557 2400 τὸ

1974 2445 2106 2498 αὐτὸ
2133 2443 2305 2515 όνομα
2332 2443 2427 2496 ἐπὶ
2482 2441 2586 2496 τῶν
2624 2441 2882 2495 ἐναντίων
2912 2439 3190 2511 τετάχθαι,
3228 2440 3322 2493 καὶ
3355 2438 3556 2509 σημαί-

1974 2554 2086 2592 νειν
2115 2535 2210 2590 νῦν
2242 2536 2339 2607 μὲν
2361 2534 2422 2587 τὸ
2462 2532 2776 2606 ταραχῶδες
2817 2533 2912 2586 καὶ
2952 2532 3335 2603 σεσοϐημένον,
3378 2531 3473 2585 νῦν
3496 2531 3556 2584 δὲ

1973 2628 2035 2682 τὺ
2065 2627 2447 2700 μεγαλόφωνον
2478 2627 2572 2680 καὶ
2615 2624 2955 2698 μεγαλοφυές
3000 2623 3110 2678 τῶν
3160 2622 3426 2696 οὐρανίων
3469 2623 3557 2676 δο-

1974 2723 2220 2794 γμάτων.
2254 2722 2379 2774 Ἐπὶ
2405 2720 2588 2792 μέντοι
2604 2718 2704 2787 τῆς
2728 2716 3007 2789 παρούσης
3033 2715 3252 2782 λέξεως,
3277 2716 3310 2785 ἡ
3333 2714 3555 2786 κραυγὴ

1977 2814 2244 2885 συγγενής
2283 2815 2398 2867 ἐστι
2431 2814 2495 2883 τῇ
2534 2811 2641 2866 ἀπὸ
2681 2808 2931 2880 Σοδόμων
2978 2810 3073 2862 καὶ
3101 2807 3389 2879 Γομόρρας
3423 2806 3557 2860 ἀνα-

1974 2903 2256 2975 ϐαινούσῃ.

516 3179 680 3235 Vens.
710 3176 867 3232 8-10.
911 3174 1025 3237 Vw,
1050 3174 1141 3245 qui
1164 3174 1489 3245 conjuugunt
1507 3175 1722 3230 domum
1749 3193 1871 3231 cum

2045 3162 2169 3219 150.
2204 3161 2349 3217 Οὐαὶ
2378 3165 2433 3217 oi
2465 3162 2882 3228 συνάπτοντες
2913 3162 3110 3218 οὶκίαν
3148 3158 3297 3231 πρὸς
3329 3160 3553 3229 οὶκίαν,

293 3275 472 3339 domo,
494 3258 555 3328 et.
560 3287 745 3342 agrum
764 3270 831 3323 ad
853 3284 1042 3339 agrum
1067 3268 1363 3335 admovent,
1388 3276 1498 3322 uta
1515 3270 1752 3338 proximo
1774 3287 1872 3323 au-

296 3369 469 3440 ferant
489 3366 709 3437 aliquid.
733 3363 986 3434 Nunquid
1014 3359 1320 3416 habitabitis
1337 3361 1436 3415 soli
1464 3378 1619 3431 super
1638 3362 1874 3416 terram?

296 3461 495 3516 Audita
510 3460 648 3514 enim
664 3466 788 3513 sunt
806 3458 917 3511 haec
932 3456 989 3510 in
1006 3454 1223 3509 auribus
1237 3453 1447 3508 Domini
1461 3451 1713 3508 Sabaoth.
1731 3451 1874 3508 Nam

296 3555 345 3608 si
374 3553 570 3623 fuerint
600 3552 787 3607 domus
818 3548 1034 3611 multat;
1067 3549 1124 3600 in
1154 3545 1416 3599 desertum
1452 3554 1603 3599 erunt
1623 3585 1635 3605 ,
1670 3560 1874 3614 magna:

295 3658 344 3700 et
369 3646 627 3717 pulchrae,
654 3654 701 3699 et
726 3660 830 3698 non
852 3649 1003 3696 erunt
1033 3639 1123 3710 qui
1143 3636 1372 3691 habitent
1403 3638 1457 3691 in
1486 3637 1583 3691 eis.
1614 3635 1716 3690 Ubi
1736 3637 1875 3689 enim

298 3746 589 3808 operantur
603 3737 777 3790 decem
794 3736 931 3806 juga
953 3733 1303 3804 boum,’faciet
1329 3728 1667 3800 lagunculam
1691 3742 1871 3781 unam.

290 3830 373 3884 ΕΙ
407 3829 500 3895 qui
549 3829 771 3882 seminat
818 3825 1032 3879 artabas
1067 3839 1161 3878 sea:
1182 3862 1198 3889 ,
1228 3821 1386 3882 faciet
1439 3834 1714 3873 mensuras
1747 3826 1871 3872 tres.

299 3919 574 3976 Debentur
613 3931 757 3972 nunc
796 3916 871 3982 ii,
902 3913 994 3984 qui
1038 3914 1196 3983 plura
1242 3909 1722 3979 concupiscentes,
1757 3920 1877 3975 qua:

297 4021 427 4068 sunt
447 4011 842 4080 proximorum,
880 4014 1161 4069 resecant;
1187 4004 1279 4073 qui
1309 4016 1485 4070 neque
1513 3999 1627 4055 suis
1651 3998 1875 4068 praediis

299 4104 416 4159 ruri
459 4102 581 4158 sitis
626 4114 804 4168 neque
829 4099 942 4154 suis
975 4095 1328 4152 facultatibus
1380 4092 1524 4148 domi
1574 4090 1876 4146 reconditis

300 4196 565 4259 contenti,
599 4194 692 4250 sed
739 4194 790 4247 in
820 4190 967 4262 agris
991 4187 1256 4242 metandis
1281 4184 1585 4240 vicinorum
1616 4181 1757 4238 lines
1789 4182 1876 4236 in-

303 4290 592 4352 vadentes,
639 4296 872 4354 suosque
909 4277 1407 4349 transgredientes,
1443 4284 1500 4329 et
1531 4274 1860 4329 interclusas

303 4380 606 4436 vicinorum
636 4375 826 4430 domos
877 4371 982 4428 sibi
1017 4368 1355 4425 ascribentes
1379 4407 1395 4434 ,
1438 4364 1749 4435 inexplebili
1776 4378 1873 4418 sua

1972 3254 2071 3309 καὶ
2116 3252 2300 3323 ἀγρὸν
2331 3253 2481 3322 πρὸς
2516 3252 2702 3322 ἀγρὸν
2735 3252 3084 3322 ἐγγίζοντες,
3138 3253 3239 3307 ἵνα
3263 3252 3370 3307 τὸν
3399 3258 3557 3323 πλη-

1973 3348 2113 3401 σίον
2139 3344 2476 3415 ἀφέλωνταί
2498 3361 2571 3398 τι.
2590 3344 2686 3412 Μὴ
2705 3343 2980 3411 οἰκήσετε
2986 3348 3163 3415 μόνοι
3178 3344 3275 3398 ἐπὶ
3294 3344 3403 3415 τῆς
3418 3344 3556 3417 γῆςς

1986 3438 2286 3506 Ἠκούσθη
2315 3435 2426 3506 γὰρ
2450 3439 2536 3502 εὶς
2566 3436 2639 3490 τὰ
2666 3431 2787 3491 ὦτα
2816 3439 3040 3505 Κυρίου
3070 3436 3312 3493 Σαϐαὼθ
3337 3439 3553 3494 ταῦτα.

1987 3530 2131 3585 Ἐὰν
2182 3529 2294 3600 γὰρ
2345 3528 2631 3599 γένωνται
2681 3530 2862 3583 οἰκίαι
2903 3530 3154 3593 πολλαὶ,
3204 3532 3292 3597 εὶς
3326 3533 3556 3601 ἔρημον

1975 3621 2242 3683 ἔσονται,
2275 3617 2534 3688 μεγάλαι
2566 3618 2641 3688 (3)
2673 3617 2772 3672 καὶ
2799 3618 3002 3685 καλαὶ,
3037 3620 3137 3673 καὶ
3162 3620 3274 3674 οὐκ
3303 3619 3556 3674 ἔσονται

1975 3714 2029 3766 ol
2066 3712 2447 3775 ἐνοικοῦντες
2483 3710 2552 3763 ἐν
2580 3709 2810 3776 αὑταῖς.
2845 3706 2926 3767 Οὗ
2957 3710 3068 3780 γὰρ
3093 3711 3377 3782 ἐργῶνται
3408 3712 3559 3767 δέκα

1975 3803 2150 3873 ζεύγη
2177 3802 2367 3867 βοῶν,
2401 3800 2642 3866 ποιήσει
2672 3801 2954 3871 κεράμιον
2974 3802 3063 3856 ἒν.
3087 3804 3199 3857 Kal
3223 3809 3256 3858 ὀ
3287 3806 3559 3873 σπείρων

1975 3895 2234 3967 ἀρτάϐας
2258 3893 2349 3960 ἐξ,
2378 3891 2615 3959 ποιήσει
2642 3894 2825 3962 μέτρα
2852 3895 3003 3962 τρία.
3036 3892 3431 3959 Ταλανίζονται
3460 3894 3559 3950 νῦν

1975 3993 2024 4044 οἱ
2051 3990 2139 4043 διὰ
2179 3987 2277 4060 τὴν
2326 3986 2422 4040 τοῦ
2483 3985 2725 4050 πλείονος
2751 3986 3045 4058 ἐπιθυμίαν
3088 3985 3159 4040 τά
3183 3986 3290 4040 τῶν
3325 3987 3559 4058 πλησίον

1976 4077 2451 4151 παρατεμνόμενοι
2487 4076 2586 4146 (4),
2607 4076 2701 4129 καὶ
2720 4077 2856 4147 μήτε
2873 4077 2930 4128 ἐν
2957 4078 3148 4147 ἀγροῖς
3204 4077 3328 4146 ταῖς
3384 4074 3557 4129 οἰκεί-

1977 4189 2068 4234 αις
2095 4167 2428 4243 ἀρκούμενοι
2477 4167 2742 4236 κτήσεσι,
2798 4166 2931 4237 μήδε
2995 4167 3053 4219 ἐν
3110 4168 3230 4231 ταῖς
3280 4166 3558 4237 οἰκήσεσιν

1975 4261 2304 4336 ἀρκούμενοι
2340 4262 2452 4322 τοῖς
2481 4258 2557 4330 (5)
2594 4257 2804 4313 ἐαυτῶν
2831 4301 2845 4326 ,
2876 4258 3013 4312 ἀλλά
3041 4256 3433 4331 παρορίζοντες
3457 4258 3556 4329 μέν

1922 4354 1927 4355 ⁷
1974 4356 2102 4419 τοὺς
2130 4353 2302 4415 πέλας
2336 4352 2395 4404 ἐν
2420 4352 2488 4421 τῇ
2522 4349 2935 4422 γεωργουμένη,
2963 4348 3553 4421 προσπεριϐαλλόμενοι

300 4471 531 4528 avaritia
581 4469 634 4524 in
669 4473 962 4538 angustum
1010 4460 1221 4528 coacti,
1252 4460 1305 4515 in
1355 4457 1473 4515 suis
1521 4470 1642 4511 sese
1676 4453 1871 4509 finibus

1988 4445 2115 4502 Ξὲτά
2129 4445 2237 4498 τῶν
2271 4442 2528 4513 γειτόνων
2554 4443 2852 4512 οἰκήματα,
2881 4442 2987 4495 ὑπὸ
3017 4442 3117 4511 τῆς
3142 4442 3346 4504 οἰκείας
3374 4439 3556 4493 πλεον-

300 4562 585 4619 continere
634 4557 860 4614 minime
915 4561 1143 4625 possunt
1180 4569 1195 4607 :
1228 4551 1359 4623 quin
1402 4559 1457 4604 et
1495 4546 1746 4618 specioso
1778 4545 1871 4598 illo

300 4660 559 4723 praetextu
580 4650 648 4705 ad
667 4645 1043 4704 exsatiandam
1066 4657 1224 4699 suam
1240 4640 1526 4696 avaritiam
1551 4638 1870 4701 abutuntur,

1976 4539 2128 4607 εξίας
2192 4534 2713 4607 στενοχωρούμενοι,
2747 4534 2843 4589 καὶ
2877 4536 3061 4605 μένειν
3095 4537 3152 4588 ἐν
3194 4537 3307 4597 τοῖς
3333 4533 3556 4596 οἰκείοις

1976 4632 2125 4704 ὅροις
2148 4629 2250 4683 οὐκ
2275 4626 2614 4698 ἀνεχόμενοι,
2640 4625 2752 4680 ἀλλ’
2777 4626 2984 4698 εὐλόγῳ
3004 4627 3069 4699 δὴ
3106 4625 3280 4697 ταύτῃ
3315 4641 3555 4679 κατακε-

214 4837 224 4857 ῗ
263 4806 274 4859 'I
367 4859 413 4895 ⁸⁸
446 4856 608 4914 Prov.
648 4870 747 4921 su,
795 4853 852 4912 5.
928 4853 973 4885 ⁸³
1004 4851 1204 4921 Ephes.
1261 4863 1337 4915 tv,
1383 4846 1475 4902 51.
1552 4841 1598 4874 ⁸³
1626 4840 1782 4899 Joan.
1814 4855 1867 4897 vr

1988 4839 2055 4894 Π.
2132 4840 2178 4872 ⁸⁸
2225 4833 2370 4892 Psal.
2406 4848 2553 4890 om.
2592 4831 2649 4886 2.
2720 4831 2767 4863 ⁸⁸
2809 4830 2942 4889 Gen.
2976 4831 3219 4899 nx,15.

367 5088 482 5162 (91)
520 5080 742 5154 Antiqui
786 5093 879 5136 ses
925 5074 1069 5141 libri,
1114 5071 1210 5125 καὶ
1254 5065 1539 5141 ἀληθινῶς.
1578 5063 1737 5130 Editi,
1780 5063 1874 5116 xui

297 5159 743 5307 ἀλῖὶὲέῗςῆειερεε
769 5228 881 5275 tres
912 5215 1055 5285 libri,
1080 5206 1460 5334 dﬁattoﬁfwa
1491 5204 1570 5259 δέ.
1679 5273 1713 5285 η

368 5299 480 5334 mm
524 5296 660 5334 Im."
693 5306 816 5334 mm
868 5287 1038 5334 tribus
1101 5300 1255 5334 mss...
1345 5277 1558 5334 νομίαν.
1609 5273 1713 5328 Alit

368 5273 1055 5372 cumﬁtribus'
1101 5300 1255 5349 mss.,
1307 5273 1558 5349 ἀνομίαν.
1609 5273 1713 5328 Alii
1767 5282 1876 5329 tres

298 5367 675 5511 ἀαδςςᾶαέέιςί-
696 5445 828 5486 mss.
850 5440 1074 5511 omnes,
1091 5422 1316 5511 θόρυϐος
1344 5424 1876 5511 στασιαστὲιεοςὶιιι-

517 5486 821 5560 seditiosus.
850 5496 1014 5561 ΕιΙίιὶ,
1047 5486 1292 5563 θόρυϐος,
1318 5486 1715 5566 πασιαστικῷς
1740 5486 1876 5554 ἀγα-

296 5558 680 5636 Calatiam,
762 5570 949 5643 quippe
1000 5558 1130 5636 quia
1200 5562 1520 5616 tumultuose
1593 5558 1876 5626 indignano

298 5660 449 5791 tu?!)
489 5714 712 5771 Veteres
740 5725 834 5767 sex
851 5707 974 5791 libri
988 5703 1193 5791 .nos'lri,
1221 5700 1392 5766 ἑστὼς
1418 5700 1494 5755 ἐν.
1522 5697 1682 5765 Editi,
1715 5695 1869 5761 στάς.

302 5773 498 5846 Statim
528 5796 638 5843 tres
669 5797 822 5847 mss.,
851 5776 1013 5833 Δαϐὶδ
1044 5773 1329 5847 κέχρηται.

2045 5060 2514 5137 (3)___Co_lbertinus
2573 5060 2805 5130 primus,
2840 5059 3085 5137 factum:
3128 5060 3311 5137 eiulat
3378 5059 3553 5137 μεγά-

1972 5130 2281 5196 λαί.ἸΙΙιι(1,
2322 5132 2651 5202 quod_mox
2703 5130 2967 5199 sequitur,
3021 5132 3236 5202 ποιήσει
3285 5131 3553 5202 κεράμιον

1974 5204 2052 5266 ἐν,
2083 5199 2448 5271 interpretans
2487 5200 2867 5271 Hieronymus,
2917 5201 3003 5271 ita?
3038 5199 3227 5254 scribit
3262 5216 3276 5252 :
3323 5199 3442 5254 Pro
3476 5202 3554 5255 la-

1973 5268 2243 5341 guncula,‘
2262 5286 2418 5342 quam
2452 5271 2552 5342 soli
2595 5268 2743 5323 LXX
2779 5270 3157 5342 transtulerunt
3187 5286 3207 5324 :
3232 5272 3554 5342 omnes_atii

1976 5338 2152 5396 batum
2203 5338 2529 5408 interpretati
2578 5352 2767 5394 sunt...
2806 5338 2873 5392 In
2900 5340 3175 5393 sterilitate
3218 5355 3341 5409 ergo
3383 5340 3553 5394 nimia

1974 5429 2092 5484 qua:
2135 5422 2375 5484 sequetur
2405 5411 2775 5479 captivitatem,
2825 5410 2999 5484 decem
3040 5410 3232 5479 jugera
3276 5411 3553 5466 vinearum

1979 5478 2400 5553 facientobatum,
2425 5478 2478 5533 id
2506 5491 2601 5543 est,
2633 5490 2733 5534 tres
2763 5478 3062 5553 amphoras.

2050 5553 2125 5624 (Δ)
2150 5552 2317 5624 Allegii
2343 5552 2468 5624 duo,
2500 5549 2968 5621 περιτεμνόμενοι.

2050 5618 2324 5693 (5)·Ει1ἴιὶ,
2366 5623 2503 5693 ταῖς.
2545 5618 2989 5693 Abans—nostri
3025 5633 3235 5693 οφηρε,
3269 5619 3379 5681 τοῖς
3402 5635 3416 5650 .
3458 5618 3550 5693 ,ὼε

1977 5689 2308 5746 arbitramur
2350 5692 2581 5763 suppleri
2617 5690 2813 5747 debere
2859 5689 3005 5756 illud,
3060 5689 3386 5760 ὑπάρχουσι,
3438 5692 3548 5745 suis

1976 5762 2338 5833 facultatibus.

2003 5763 2338 5817 ccultatibus.
