3808 6212
167 296 267 356 533

990 289 1346 349 COMMENT.
1387 290 1453 346 IN
1490 290 1725 347 ISAIAM
1762 290 2205 350 PROPHETAM.
2247 293 2400 351 CAP.
2443 296 2508 351 γ.

3303 298 3412 356 566

166 426 414 488 χρημενοι
472 409 741 482 προφάσει
798 408 935 480 πρὸς
972 410 1072 481 τὴν
1116 410 1353 481 ἄμετρον
1392 410 1728 481 φιλοκτημο-

1834 409 1978 479 quod
2029 411 2328 467 vicinorum
2367 411 2564 482 praedia
2615 418 2807 482 u.pote
2849 412 3101 484 contigua
3129 455 3143 479 ,
3192 420 3248 468 et
3292 415 3411 469 suis

167 505 342 576 σύνην,
374 503 453 574 τῷ
491 503 566 575 (6)
610 502 787 556 δοκεῖν
819 502 1061 573 προσεχῆ
1094 501 1190 554 καὶ
1235 501 1561 572 συνημμένα
1591 497 1731 555 εἶναι

166 594 229 649 τὰ
251 594 355 647 τῶν
392 594 670 663 γειτόνων.
719 592 866 664 Πρὸς
916 591 1011 657 οὒς
1047 593 1494 662 ἐλεγκτικώτατα
1521 597 1548 648 ό
1577 593 1735 663 λόγος

168 681 482 751 ἀπήντησεν,
535 677 733 732 εἰπών’
779 677 879 746 Μὴ
943 678 1221 745 οἰκήσετε
1251 682 1431 748 μόνοι
1473 680 1573 733 ἐπὶ
1621 678 1735 748 τῆς

166 768 305 838 τῆςς
330 770 392 821 Εἰ
423 768 535 838 γὰρ
560 768 642 820 ὅτι
694 765 892 834 γείτων
912 768 940 820 ὁ
971 766 1072 837 τὴν
1110 766 1379 837 ἐχομένην
1411 766 1513 837 γῆν
1553 781 1733 836 γεωρ-

152 860 271 927 ιγῶν
322 859 685 930 ἀφαιρεθῆναι
733 858 974 924 δίκαιος,
1016 857 1282 929 δηλονότι,
1311 855 1502 910 τούτου
1535 855 1733 924 ἐκϐλη-

168 948 353 1013 θέντος,
401 948 586 1021 ἕτερός
618 966 702 1001 σοι
752 949 917 1002 πάλιν
949 948 1146 1017 γείτων
1175 947 1605 1016 ἀναφανήσεται,
1638 945 1734 997 καὶ

165 1041 221 1095 τὸ
236 1042 360 1095 αὑτό
387 1059 470 1095 σοι
499 1042 574 1112 (7)
607 1041 769 1095 πάλιν
802 1041 897 1094 καὶ
931 1041 1068 1112 πρὸς
1085 1042 1292 1094 ἐκεῖνον
1306 1039 1489 1107 λέγειν
1519 1039 1552 1109 ἡ
1584 1037 1736 1091 πλεο-

164 1133 370 1203 νεκτικὴ
387 1132 584 1204 καρδία
613 1131 926 1194 ὑποϐάλλει,
962 1130 1184 1200 εὔλογον
1207 1129 1629 1185 ὑποδεικνύουσα
1655 1128 1733 1199 (8)

165 1218 293 1276 εἶναι
337 1220 565 1274 σεαυτοῦ
602 1221 938 1293 ποιήσασθαι
966 1221 1035 1274 τὰ
1068 1220 1445 1292 πλησιόχωρα.
1480 1220 1650 1273 Ὅταν
1678 1219 1735 1272 δέ

165 1314 398 1376 κάκεῖνος
469 1312 779 1383 γυμνωθεὶς
830 1312 1039 1384 ἀπέλθῃ
1107 1311 1217 1365 τῶν
1276 1312 1439 1377 ἰδίων,
1501 1310 1597 1364 καὶ
1644 1310 1737 1380 γέ-

163 1422 308 1475 νηται
343 1406 508 1477 μέρος
563 1408 664 1476 τῆς
694 1406 795 1476 σῆς
821 1407 1069 1477 κτήσεως
1122 1405 1156 1476 ἡ
1197 1404 1290 1457 τοῦ
1318 1404 1502 1477 τρίτου
1536 1401 1693 1476 χώρα
1715 1419 1730 1435 ·

164 1495 312 1549 πάλιν
350 1496 510 1559 ἄλλος
555 1497 774 1565 γείτων,
809 1495 965 1550 ἄλλαι
998 1494 1246 1558 σπουδαὶ,
1275 1492 1577 1558 ἀποδιῶξαι
1632 1493 1734 1564 μέν

162 1585 260 1640 τῶν
294 1587 644 1658 ὑπαρχόντων
687 1589 893 1640 ἐκεῖνον
914 1628 927 1652 ,
964 1583 1160 1639 ἑαυτοῦ
1195 1585 1251 1638 δὲ
1301 1583 1635 1655 ποιήσασθαι
1664 1583 1735 1637 τά

161 1675 246 1729 τοῦ
272 1678 527 1749 τετάρτου
574 1676 834 1745 γείτονος.
869 1676 966 1741 Τίς
994 1672 1087 1730 οὖν
1121 1675 1273 1729 ἕσται
1331 1693 1415 1729 σοι
1465 1675 1591 1746 ὅρος
1631 1675 1732 1746 τῆς

1851 501 2163 568 conjuncta,
2196 501 2275 556 sui
2307 502 2544 571 ipsorum
2562 501 2701 571 juris
2723 516 2844 557 esse
2873 503 3173 558 videantur.
3198 501 3409 571 Quibus

1837 595 2117 665 Scriptura
2137 595 2353 651 obsistit
2368 595 2549 650 verbis
2572 608 2829 666 perquam
2852 594 3260 666 objurgatoriis,
3284 612 3408 651 cum

1841 687 1918 751 ait
1948 704 1961 740 :
1990 686 2248 756 Nunquid
2286 684 2593 740 habitabilis
2614 685 2713 739 soli
2739 702 2896 754 super
2916 690 3155 743 terram?
3180 686 3238 742 Si
3264 688 3407 742 enim

1839 792 1867 830 a
1904 776 2082 831 vicino
2106 785 2305 831 terram
2329 791 2489 847 quam
2519 775 2669 839 colit,
2697 776 2815 831 ideo
2837 791 3048 844 acquum
3073 787 3157 831 est
3183 779 3407 843 auferri,

1835 872 1977 940 quod
2006 869 2099 925 tibi
2124 872 2376 941 contigua
2408 870 2481 926 sit
2508 889 2524 925 :
2556 870 2802 942 profecto
2822 912 2840 940 ,
2872 886 2937 926 eo
2961 870 3159 941 ejecto,
3192 886 3408 939 compe-

1836 957 2011 1011 rietur
2042 972 2259 1012 rursum
2305 957 2445 1013 alter
2474 957 2573 1012 tibi
2602 959 2814 1016 vicinus
2849 975 2991 1014 esse.
3030 961 3205 1031 Atque
3230 962 3410 1017 denuo

1837 1063 2060 1102 avarum
2087 1064 2181 1104 cor
2209 1050 2305 1103 tibi
2334 1059 2608 1120 suggeret,
2638 1060 2699 1105 ut
2725 1052 2827 1106 hoc
2850 1051 2991 1106 idem
3021 1053 3185 1107 etiam
3214 1055 3408 1110 adver-

1835 1153 1928 1194 sus
1954 1138 2106 1193 illum
2133 1133 2324 1194 dicas:
2354 1140 2546 1195 suadet
2569 1140 2797 1208 scilicet,
2833 1140 2969 1207 fore,
2999 1150 3060 1195 ut
3090 1142 3184 1198 ﬁat
3209 1144 3407 1214 aliquid

1834 1229 2033 1283 rationi
2053 1244 2376 1292 consonum.
2405 1230 2448 1284 si
2481 1231 2575 1284 tibi
2602 1239 2799 1285 terram
2835 1230 3119 1286 finitimam
3144 1232 3406 1287 vindices.

1833 1316 2126 1389 Postquam
2170 1330 2348 1374 autem
2380 1321 2576 1374 abierit
2605 1321 2723 1386 ille,
2752 1322 2908 1376 bonis
2940 1323 3055 1377 suis
3105 1322 3367 1391 spoliatus
3388 1364 3404 1389 ,

1840 1418 1896 1462 et
1923 1409 2066 1464 tertii
2093 1424 2222 1479 ager
2247 1409 2602 1478 possessionis
2629 1417 2732 1464 tum
2758 1419 2970 1479 partem
2997 1410 3235 1466 effecerit
3261 1428 3279 1467 :
3310 1414 3411 1468 ite-

1836 1515 1956 1554 rum
1986 1501 2142 1555 adest
2173 1502 2382 1556 vicinus
2425 1501 2562 1557 alius
2589 1521 2602 1557 :
2625 1501 2738 1571 jam
2773 1510 3072 1556 nascuntur
3095 1501 3212 1556 alia:
3242 1517 3408 1569 curae,

1835 1591 2103 1659 quomodo
2141 1590 2288 1646 illum
2334 1592 2550 1659 quidem
2592 1607 2623 1645 a
2662 1591 2776 1646 suis
2811 1591 3032 1661 praediis
3085 1592 3307 1663 abigas,
3344 1608 3410 1647 ac

1835 1682 2016 1751 quarti
2041 1681 2199 1749 hujus
2230 1682 2446 1736 finitimi
2471 1682 2613 1736 bona
2645 1682 2737 1737 tibi
2769 1698 3037 1737 assumas.
3076 1682 3247 1748 Quem
3278 1698 3408 1752 ergo

161 1767 437 1839 ἐπιθυμίας
472 1768 568 1821 τοῦ
604 1766 879 1832 πλείονος;
929 1766 1072 1838 Πυρὶ
1102 1764 1211 1837 γὰρ
1258 1764 1432 1820 ἔοικεν
1464 1767 1498 1834 ή
1538 1764 1722 1819 πλεον-

1834 1773 1994 1828 finem
2046 1774 2177 1829 huic
2229 1785 2331 1828 tua:
2385 1774 2667 1842 cupiditati
2700 1775 2854 1843 plura
2903 1774 3137 1830 habendi
3182 1775 3409 1846 imposi-

160 1860 336 1933 εκτικὴ
361 1861 581 1933 καρδία,
614 1860 701 1915 διά
743 1859 843 1930 τῆς
874 1860 1171 1931 καιομένης
1189 1858 1320 1931 ὕλης
1353 1858 1726 1932 πορευομένῳ,

161 1952 245 2005 καὶ
269 1951 334 2005 τά
363 1952 463 2023 μὲν
488 1946 791 2023 φθείροντι,
815 1951 885 2005 τά
910 1950 967 2005 δέ
992 1951 1372 2022 ἐπερχομένῳ.
1411 1952 1588 2004 Ἤπου
1630 1968 1729 2004 κα·-

162 2042 324 2114 θάπερ
354 2042 447 2096 τοῦ
482 2042 822 2115 ἐμπρησμοῦ
866 2041 1053 2106 σϐέσις
1099 2043 1311 2111 γίνεται
1337 2043 1370 2114 ἡ
1399 2041 1603 2114 ἀπορία
1626 2043 1726 2112 τῆς

162 2133 301 2203 ὕλης,
347 2133 491 2189 οὕτω
529 2136 627 2190 καὶ
676 2134 773 2206 τὴν
829 2133 1217 2206 πλεονεκτικὴν
1257 2134 1483 2208 καρδίαν
1513 2134 1725 2189 καὶτὸν

161 2226 464 2300 ἀπλήρωτον
490 2227 778 2300 ὀφθαλμὸν
814 2229 992 2282 ἐκεῖνο
1021 2229 1203 2300 ἵστησι
1235 2230 1416 2300 μόνον,
1443 2228 1502 2282 τδ
1525 2227 1728 2299 μηδένα

162 2314 291 2387 ἔχειν
314 2317 403 2372 τὸν
434 2317 853 2389 συνοριζόμενον
874 2319 988 2381 τοῖς
1014 2318 1278 2388 κτήμασι.
1306 2316 1604 2389 Πόρρωθεν
1634 2312 1729 2370 οὖν

166 2406 374 2479 ἰώμενος
387 2408 415 2459 ὁ
429 2408 591 2478 λόγος
600 2408 663 2461 τὸ
678 2408 867 2475 πάθος,
882 2407 1045 2463 οἱονεὶ
1058 2407 1276 2480 ἐπᾴδων
1290 2409 1356 2479 τῇ
1374 2407 1598 2478 φιλοκτὴ
1608 2422 1731 2477 μονι

159 2497 501 2570 ψυχῇ,ταῦτά
523 2517 660 2572 φησι
676 2515 690 2530 ο
713 2499 811 2569 Μὴ
841 2498 1119 2567 οἰκήσετε
1137 2501 1315 2568 μόνοι
1336 2498 1438 2552 ἐπὶ
1468 2497 1580 2567 τῆς
1598 2495 1732 2568 γῆς

1836 1875 1987 1920 turus
2029 1865 2127 1919 es?
2150 1865 2361 1919 Etenim
2402 1880 2497 1919 cor
2547 1880 2769 1920 avarum
2817 1867 2923 1937 igni
2975 1868 3258 1923 consimile
3286 1882 3409 1923 esse

1832 1954 2041 2008 videtur
2070 1969 2167 2023 per
2202 1967 2482 2008 accensam
2515 1952 2797 2007 materiam
2829 1954 3098 2022 evaganti,
3129 1953 3233 2006 alia
3280 1954 3407 2022 qui-

1833 2044 1957 2099 dem
1992 2044 2302 2114 depascenti
2332 2053 2389 2098 et
2429 2043 2828 2113 corrumpenti;
2880 2043 2934 2098 in
2964 2044 3066 2096 alia
3098 2057 3225 2097 vero
3247 2043 3407 2097 invo-

1833 2132 1964 2188 Ianti
2017 2148 2083 2189 ac
2128 2122 2410 2188 insilienti.
2450 2131 2701 2187 Profecto
2739 2132 2880 2186 sicut
2926 2132 3169 2186 materiae
3220 2131 3405 2201 inopia

1834 2224 2142 2279 incendium
2181 2224 2480 2294 exsﬁnguit
2515 2241 2530 2278 :
2572 2223 2648 2279 ita
2685 2233 2742 2279 et
2780 2239 2879 2279 cor
2920 2223 3208 2279 immodica
3247 2224 3404 2294 cupi-

1834 2318 2004 2373 ditate
2027 2319 2339 2388 acquirendi
2367 2319 2620 2391 flagrans,
2642 2321 2939 2390 oculusque
2964 2319 3308 2391 inexplebilis
3336 2338 3405 2378 eo

1838 2409 2102 2463 duntaxat
2135 2419 2440 2475 coercetur,
2462 2409 2604 2479 quod
2629 2410 2902 2464 neminem
2932 2408 3132 2464 habeat
3151 2410 3264 2465 suis
3289 2425 3408 2479 pos-

1840 2496 2174 2553 sessionibus
2211 2497 2502 2555 conﬁnem.
2527 2497 2716 2567 Itaque
2736 2497 3020 2569 Scriptura
3054 2498 3247 2554 morbo
3276 2499 3407 2554 huic

162 2597 440 2655 remedium
503 2598 724 2654 eminus
785 2597 1037 2663 aﬂ'erens,
1104 2597 1344 2650 animum
1407 2595 1717 2650 divitiarum
1748 2594 1999 2662 cupidum
2049 2594 2214 2649 veluti
2261 2593 2507 2650 carmine
2561 2592 2893 2662 demulcens,
2935 2591 3145 2663 profert
3171 2593 3356 2648 istbmc
3388 2610 3407 2648 :

165 2685 404 2758 Nunquid
433 2689 745 2744 habitabilis
779 2689 878 2744 soli
910 2705 1066 2754 super
1092 2697 1290 2742 terram
1318 2688 1343 2741 ?

209 2779 323 2834 151.
338 2779 402 2834 El
414 2778 526 2852 γάρ
544 2778 838 2851 ἐπιθυμεῖς
853 2778 961 2831 τῶν
972 2777 1066 2830 τοῦ
1079 2777 1338 2845 γείτονος,
1354 2780 1549 2845 γείτων
1567 2776 1625 2829 δέ
1641 2793 1722 2829 σοι

164 2871 363 2936 πάντως
385 2872 446 2926 οὐ
470 2870 651 2940 λείψει
673 2885 687 2899 °
716 2869 928 2940 ἀνάγκη
955 2885 1015 2921 σε
1042 2866 1284 2939 δηλονότι
1314 2866 1407 2918 ἐπὶ
1435 2865 1504 2919 τά
1519 2865 1724 2936 ἔσχατα

162 2964 346 3034 φθάσαι
373 2963 473 3034 τῆς
500 2961 627 3015 καθ’
662 2962 809 3032 ἡμᾶς
839 2960 1186 3031 οἰκουμένης.
1210 2959 1274 3011 Εἰ
1306 2957 1362 3011 δὲ
1387 2956 1544 3010 τοῦτο
1576 2958 1720 3028 ἀμή-

163 3075 326 3127 χανον,
358 3055 465 3109 ἀπὸ
492 3056 596 3125 τῆς
626 3052 848 3125 πρώτης
877 3053 1085 3115 ἐννοίας
1118 3051 1324 3104 παῦσον
1356 3049 1581 3102 σεαυτοῦ
1621 3049 1718 3119 τὴν

161 3144 283 3215 πρὸς
310 3146 369 3199 τὺ
395 3145 569 3201 κακὸν
600 3144 776 3216 ὁρμὴν
797 3185 811 3209 ,
855 3136 901 3196 ὦ
921 3142 1197 3213 ἄνθρωπε,
1245 3138 1582 3211 ἀρκούμενος
1641 3134 1722 3201 οἷς

163 3236 468 3307 παρέλαϐες,
501 3237 777 3306 ἐπιμένων
801 3229 881 3298 οἷς
908 3233 1071 3304 ἔχεις,
1094 3231 1266 3295 εἰδὼς,
1286 3232 1367 3283 ὅτι
1395 3230 1490 3283 καὶ
1521 3229 1720 3300 μεγέοη

161 3329 351 3395 οἰκιῶν,
383 3330 470 3384 διά
496 3328 562 3382 τὸ
592 3327 652 3393 ἐξ
680 3326 895 3389 ἀδικίας
929 3324 1221 3393 συστῆναι,
1255 3320 1439 3393 ἔρημά
1474 3321 1587 3372 ἐστι
1616 3318 1723 3371 τῶν

161 3423 460 3493 οἰκητόρων,
492 3419 593 3474 καὶ
621 3419 822 3490 πλῆθος
850 3416 1033 3489 χώρας
1064 3417 1162 3486 (0).
1201 3417 1264 3468 ἐκ
1290 3411 1601 3479 πλεονεξίας
1629 3429 1725 3465 πε-

163 3511 396 3583 ριϐληθέν
418 3553 435 3577 ,
480 3512 676 3580 ἄγονον
709 3508 970 3572 πολλάκις
997 3506 1105 3560 τῶν
1138 3503 1364 3576 καρπῶν
1403 3502 1720 3573 ἀπεδείχθη.

162 3604 523 3674 Προλαμϐάνει
546 3601 656 3674 γὰρ
689 3599 948 3663 πολλάκις
990 3599 1090 3670 τὴν
1128 3597 1423 3668 μέλλουσαν
1461 3594 1641 3666 κρίσιν
1689 3596 1721 3664 ὴ

160 3693 267 3747 θεία
298 3695 439 3766 δίκη,
465 3694 563 3749 καὶ
587 3693 686 3764 ἤδη
714 3691 814 3756 τὰς
848 3690 1050 3753 ἀδίκως
1072 3687 1478 3759 πεπορισμένας
1524 3686 1720 3748 οἰκίας.

158 3774 240 3847 εἰς’
264 3785 530 3856 ἄχρηστον
561 3781 904 3854 περιίστησιν
939 3779 1071 3849 (10),
1102 3778 1210 3832 ἀπὸ
1242 3779 1339 3848 τῆς
1375 3773 1725 3845 πολυανθρώ-

158 3893 252 3932 που
277 3880 542 3951 οἰκήσεως
575 3877 670 3931 καὶ
697 3876 800 3945 τῆς
848 3874 1107 3945 λαμπρᾶς
1144 3871 1398 3942 εὐθηνίας
1419 3910 1434 3935 ,
1483 3869 1725 3940 ἐρήμους

157 3969 255 4022 τῶν
274 3970 574 4043 οἰκητόρων
605 3967 855 4022 ποιοῦσα.
887 3963 1156 4026 Πολλάκις
1176 3960 1307 4031 γοῦν
1337 3959 1450 4032 (11)
1481 3959 1724 4028 ἔγνωμεν

158 4063 247 4118 ὅλα
270 4064 394 4137 γένη
417 4064 590 4137 ἄρδην
623 4061 1006 4132 άφανισθέντα,
1031 4058 1107 4122 ὡς
1134 4055 1336 4128 ἀπορίᾳ
1359 4055 1466 4109 τῶν
1486 4054 1723 4124 διαδεχο-

161 4154 323 4226 μένων
359 4156 739 4229 καταρρυῆναι
785 4153 922 4226 πρὸς
950 4151 1053 4222 γῆν
1084 4148 1184 4212 τὰς
1220 4147 1582 4219 μεγαλοφυεῖς
1629 4145 1724 4200 καὶ

159 4249 525 4321 ὑπερηφάνους
546 4246 656 4301 τῶν
691 4244 1004 4317 οἰκημάτων
1031 4239 1396 4304 κατασκευάς.
1441 4238 1604 4292 Ἀλλά
1629 4238 1725 4291 καὶ

158 4339 259 4394 ὅσοι
289 4342 422 4412 μετά
450 4338 799 4413 παρορισμοῦ
831 4338 939 4390 τῶν
983 4335 1209 4407 πλησίον
1249 4332 1378 4396 τοὺς
1411 4332 1571 4402 ὅρους
1615 4329 1722 4382 τῶν

1907 2770 2026 2826 151.
2065 2768 2276 2831 Etenim
2312 2767 2357 2822 si
2390 2781 2510 2837 quae
2547 2776 2673 2822 sunt
2715 2765 2877 2822 vicini
2912 2779 3284 2835 concupiscas,
3322 2765 3408 2821 vi-

1829 2864 1982 2920 cinus
2010 2870 2189 2916 autem
2220 2875 2325 2914 non
2360 2860 2432 2913 sit
2463 2859 2648 2928 utique
2684 2858 2779 2913 tibi
2827 2857 3147 2921 defuturus;
3178 2871 3401 2912 necesse

1827 2956 1994 3028 486
2010 2954 2229 3010 omnino
2258 2951 2420 3006 fuerit
2448 2957 2506 3003 ut
2538 2952 2603 3003 ad
2636 2959 2798 3004 terra:
2831 2949 2990 3016 hujus
3017 2958 3213 3004 nostra!
3247 2950 3407 3004 babi-

1828 3047 2006 3103 tabilis
2030 3054 2269 3100 extrema
2293 3040 2582 3112 pertingas.
2606 3039 2759 3105 Quod
2787 3039 2831 3094 si
2850 3039 2900 3094 id
2932 3039 3046 3093 fieri
3075 3054 3179 3093 non
3203 3047 3404 3109 potest,

1827 3149 1972 3194 tuam
2013 3137 2182 3206 ipsius
2202 3136 2267 3188 ad
2298 3131 2497 3187 malum
2523 3130 2933 3200 proclivitatem,
2962 3130 3124 3200 priori
3158 3139 3248 3183 tuo
3274 3144 3406 3185 con-

1824 3229 1946 3284 silio
1994 3227 2159 3281 fotam
2219 3223 2471 3294 reprime,
2523 3236 2556 3276 ο
2599 3221 2802 3284 homo,
2839 3220 2907 3275 iis
2957 3234 3078 3289 quae
3120 3220 3402 3288 accepisti.

1825 3327 2127 3378 contentus,
2156 3315 2223 3368 iis
2252 3328 2372 3382 qua:
2408 3312 2678 3382 possides,
2712 3308 3008 3365 immor’ans
3045 3326 3060 3362 :
3097 3311 3398 3377 praesertim

1823 3425 1944 3463 cum
1985 3406 2199 3462 noveris
2244 3418 2466 3473 magnas
2496 3401 2613 3456 illas
2656 3403 2797 3457 aedes
2820 3439 2835 3465 ,
2872 3403 3015 3469 quod
3056 3415 3150 3471 per
3184 3399 3401 3469 injusti-

1827 3506 1954 3558 tiam
2005 3508 2331 3557 constructae
2359 3505 2505 3563 sunt,
2547 3496 2766 3549 destitui
2818 3495 3248 3559 habitatoribus;
3281 3509 3400 3547 am-

1825 3596 2076 3665 plamque
2120 3593 2421 3660 regionem,
2448 3605 2567 3658 qua!
2609 3604 2672 3643 ex
2731 3587 2959 3641 avaritia
2993 3586 3401 3652 circutnjaceat,

1827 3684 2213 3739 infructuosam
2237 3695 2341 3734 non
2376 3695 2502 3733 raro
2535 3678 2767 3732 ostendi.
2798 3673 2934 3730 Nam
2967 3675 3174 3743 iustitia
3217 3677 3397 3731 divina

1825 3792 1964 3848 saepe
1988 3775 2224 3829 futurum
2267 3773 2399 3827 illud
2437 3771 2699 3841 judicium
2739 3768 3271 3838 anticipat,jamque
3299 3769 3398 3822 do-

1824 3884 1941 3924 mos
1963 3868 2143 3936 inique
2164 3873 2504 3933 comparatas
2536 3860 2735 3915 nullius
2763 3859 2930 3929 frugis
2957 3858 3152 3925 reddit,
3185 3866 3240 3913 et
3273 3858 3402 3913 licet

1824 3962 1972 4031 prius
1992 3962 2058 4013 ab
2087 3957 2485 4013 habitatoribus
2511 3955 2693 4011 multis
2714 3955 3402 4024 frequentarentur,splen-

1824 4052 2057 4118 didaque
2090 4062 2251 4117 opum
2292 4047 2444 4115 copia
2485 4044 2849 4114 replerentur,
2874 4044 3121 4099 desertas
3148 4042 3399 4113 inhospi-

1825 4152 2013 4211 tasque
2038 4121 2224 4194 eﬂicit.
2269 4138 2532 4192 Novimus
2565 4151 2697 4191 sane
2744 4136 2986 4206 integras
3022 4135 3255 4190 familias
3292 4150 3398 4188 non

1824 4247 1949 4287 raro
2000 4230 2164 4285 fuisse
2212 4229 2429 4299 penitus
2457 4240 2488 4281 e
2526 4227 2703 4282 medio
2753 4226 3015 4294 sublatas,
3052 4227 3130 4281 ita
3173 4236 3231 4280 ut
3266 4226 3400 4281 defi-

1824 4325 2090 4381 cientibus
2129 4318 2651 4383 successoribusein
2695 4326 2895 4373 terram
2939 4327 3163 4373 ruerent
3190 4319 3399 4387 magni-

157 4407 355 4490 οίκείων
391 4407 641 4508 κτήσεων
662 4407 1096 4504 ὑπερεξέτειναν,
1126 4427 1217 4482 διά
1250 4425 1312 4480 τὸ
1370 4425 1479 4479 ἀπὸ
1523 4440 1717 4478 στενα-

1834 4416 1939 4471 ca:
1988 4414 2092 4470 illa:
2139 4428 2203 4468 ac
2251 4411 2495 4480 superbae
2543 4410 2893 4464 trdificiorum
2942 4420 3246 4465 structurae.
3284 4407 3399 4464 lmo

156 4526 285 4596 γμοῦ
328 4528 433 4582 τῶν
474 4525 819 4598 ἠδικημένων
866 4520 1306 4594 συμπεπορίσθαι
1348 4516 1448 4580 τὰς
1466 4517 1723 4587 κτήσεις,

159 4619 357 4685 πάντως
382 4620 652 4690 ἀλλότριοι
678 4617 779 4688 τῆς
806 4615 957 4679 θείας
984 4611 1382 4683 ἀπεδείχθησαν
1428 4608 1678 4676 εὐλογίας
1701 4624 1715 4637 ·

159 4707 285 4763 ὥστε
310 4710 433 4766 ἔνθα
474 4711 609 4764 δέκα
647 4707 816 4778 ζεύγη
844 4706 984 4778 βοῶν
1010 4703 1325 4777 εἰργάσατο,
1357 4699 1517 4771 μόγις
1551 4698 1718 4768 κερά-

162 4816 271 4869 μιον
300 4801 356 4855 ἐν
375 4802 716 4874 τρυγηθῆναι
738 4798 849 4871 (ιε)
870 4814 883 4828 ⁸
944 4797 1040 4852 καὶ
1069 4794 1198 4849 ἔνθα
1230 4793 1289 4861 ἒξ
1320 4791 1554 4864 ἀρτάϐαι
1590 4806 1720 4842 κατ-

159 4893 479 4966 εσπάρησαν,
498 4894 625 4966 τρία
651 4892 825 4964 μέτρα
846 4886 1171 4957 συνάγεσθαι
1189 4884 1295 4939 τῶν
1312 4881 1561 4956 καρπῶν,
1579 4880 1722 4949 ἆπερ

161 4980 266 5034 ἐστὶ
289 4983 745 5055 πολλοστημόριον
774 4980 885 5034 τῶν
918 4976 1270 5049 σπερμάτων.

245 5156 312 5252 6),
336 5149 557 5240 ξειειεέ
582 5157 819 5227 quinque
846 5152 994 5218 libri,
1021 5152 1102 5206 τό.
1151 5148 1293 5204 Editi
1328 5159 1383 5203 et
1406 5145 1557 5202 Colb.
1594 5143 1709 5214 pri-

162 5237 414 5298 ωιιςάτῷ,

203 5294 296 5382 Τί)
333 5297 492 5364 Editi,
520 5296 615 5350 καὶ
637 5295 795 5349 τοῦτό
817 5310 920 5348 σοι.
952 5292 1018 5346 At
1044 5292 1211 5346 nostri
1236 5304 1328 5345 sex
1353 5302 1508 5353 mss.,
1536 5285 1630 5339 καὶ
1650 5284 1711 5337 τὸ

164 5367 567 5502 migratum
623 5434 862 5504 quinque
917 5430 1069 5504 libri,
1120 5425 1506 5504 ῥποδεικνῐίσοι.
1569 5424 1710 5478 Editi

168 5497 420 5577 cutu'Reg.
451 5497 1087 5577 tertio,b1c35stxvuougai.
1120 5499 1231 5577 Ho_c
1258 5502 1371 5577 ipso
1394 5500 1446 5551 in
1474 5497 1591 5551 loco
1612 5510 1708 5548 sex

171 5586 313 5648 mss.,
342 5571 682 5648 τῶιήσασθαι.
718 5574 884 5648 Etliti,
899 5574 1152 5648 ποιῆσαι.
1181 5571 1506 5648 _Statin1_sex
1549 5580 1705 5648 mss.,

167 5633 378 5762 ῗαπίλθῃ.
435 5633 593 5714 ιζιιίιε,
649 5633 963 5714 ἁπελασθῇ,
1025 5633 1143 5713 ἰπο,
1179 5637 1445 5710 ἀπελαθῇ,
1512 5633 1705 5705 ejt-ctm

1824 4508 1989 4564 etiam
2019 4505 2326 4575 quicunque
2347 4501 2624 4572 usurpatis
2653 4501 3024 4570 proximorum
3054 4501 3219 4571 agris,
3250 4500 3395 4554 limi.

1822 4611 1904 4655 tes
1940 4596 2338 4668 possessionum
2382 4606 2600 4648 suarum
2642 4592 2762 4662 plus
2810 4606 2965 4661 aquo
3010 4592 3393 4655 extenderunt,

1821 4707 1887 4749 eo
1918 4690 2062 4761 quod
2108 4685 2481 4758 possessiones
2513 4685 2618 4739 illae
2660 4698 2766 4738 non
2810 4684 2928 4738 sine
2971 4684 3262 4752 gemitibus
3302 4698 3400 4739 co-

1824 4798 1942 4836 rum
1984 4780 2077 4851 qui
2125 4779 2318 4848 injuria
2372 4776 2775 4838 abiciebantur,
2809 4773 3025 4830 fuerant
3081 4775 3394 4843 acquisitze,

1824 4874 1950 4929 facti
1976 4881 2105 4929 sunt
2123 4870 2346 4927 omnino
2371 4885 2400 4924 a
2424 4869 2603 4923 divina
2632 4866 3004 4923 benedictione
3031 4866 3214 4921 alieni.
3241 4864 3398 4923 Unde

1823 4964 1915 5018 ubi
1974 4962 2163 5018 decem
2212 4962 2372 5015 boum
2412 4960 2539 5029 iuga
2597 4965 2921 5022 araverant,
2966 4957 3058 5011 vix
3115 4957 3394 5027 laguncula

1879 5138 1957 5211 (9)
1997 5136 2226 5211 Veteres
2257 5134 2527 5211 sex__|ibri,
2555 5133 2761 5206 χώρας.
2791 5131 2955 5199 Editi,
2993 5133 3202 5205 ἀγρῶν,
3229 5133 3391 5203 paulo

1809 5205 2028 5271 melius,
2055 5208 2147 5261 sed
2178 5208 2295 5260 siue
2320 5205 2424 5258 ulla
2455 5205 2799 5258 auctoritate.

1878 5280 1991 5347 (10)
2031 5275 2213 5334 Nostri
2262 5289 2358 5330 sex
2410 5290 2565 5341 mss.,
2608 5274 2972 5345 περιίστησιν.
3027 5272 3191 5341 Editi,
3229 5288 3390 5346 περι-

1810 5366 2018 5402 στωσα.

1879 5420 1991 5487 (11)
2028 5415 2198 5487 Editi,
2234 5409 2349 5487 οὖν.
2382 5415 2451 5487 At
2472 5430 2563 5469 sex
2596 5429 2749 5475 mss.,
2773 5413 2925 5487 γοῦν.

1883 5482 1994 5560 (ti)
2026 5484 2124 5560 Ubi
2151 5488 2201 5538 in
2224 5485 2383 5560 editis
2406 5485 2624 5560 legitur,
2654 5482 3077 5560 τρυγηθήσεται,
3112 5482 3387 5560 inpostris

1813 5553 1905 5613 sei
1941 5556 2208 5611 veteribus
2237 5555 2389 5609 libris
2414 5553 2702 5619 scribitur,
2724 5553 3384 5625 cpuquﬁ‘mt._Aliqu:m-

1812 5639 1870 5695 to
1934 5636 2057 5695 post
2102 5625 2288 5695 nostri
2349 5638 2445 5680 sex
2509 5617 2683 5689 mss.,
2724 5617 2852 5694 ῑχιι
2887 5617 2996 5693 ’μὲν
3052 5617 3162 5676 οὖν.
3224 5617 3388 5679 Deest

1811 5694 1903 5750 οὖν
1936 5693 1992 5752 in
2029 5693 2278 5768 vulgatis.
