3808 6212
341 285 442 341 567

1292 289 1635 344 APPENDIX
1671 290 1956 346 OPERUM
1991 290 2046 346 S.
2085 290 2329 346 BASILII
2366 291 2602 347 MAGNI.

3517 293 3630 345 5G8

341 421 445 458 una
473 404 915 471 vindemiabitur,
942 418 995 461 et
1021 409 1108 462 ubi
1145 423 1238 464 sex
1268 414 1471 467 artabae
1538 412 1750 469 fuerant
1784 415 2086 480 seminatm,
2149 416 2238 469 vix
2303 426 2412 472 tres
2478 415 2751 469 fructuum
2795 429 3062 469 mensurae
3098 413 3420 484 colligentur
3454 431 3627 484 τίμιαι

337 500 605 556 seminum
642 515 769 569 pars
798 509 880 555 est
907 502 1149 558 minima.

412 589 536 645 152.
583 588 652 643 Ει
702 589 918 659 quidem
979 594 1250 648 sententia
1285 596 1472 654 isthazc
1502 614 1566 654 ex
1603 615 1661 655 se
1693 600 1881 655 multm

2101 599 2223 652 152.
2252 599 2404 668 Ἔχει
2437 597 2535 669 μὲν
2559 592 2652 650 οὖν
2684 597 2818 650 πολὺ
2854 597 2947 649 καὶ
2977 596 3202 650 αὐτόθεν
3242 595 3302 647 τὸ
3342 594 3625 666 ὠφέλιμον

338 681 502 738 habet
527 681 796 740 utilitatis.
817 682 925 739 Sed
959 686 1160 755 quivis,
1196 689 1240 743 si
1272 690 1545 747 studiosus
1571 703 1653 748 est
1691 702 1746 750 et
1779 693 1881 749 labt

2029 690 2062 760 ἡ
2097 688 2270 754 λέξις·
2307 687 2529 743 δυνατὸν
2559 689 2617 742 δέ
2639 688 2718 758 τῷ
2749 687 3019 759 φιλοπόνῳ
3043 687 3187 740 κατὰ
3216 687 3506 759 ἀναγωγὴν
3523 688 3627 742 ἐπὶ

336 790 457 828 rum
494 775 724 844 patiens,
763 791 832 831 ex
869 778 969 834 hac
1011 780 1294 848 prophetia
1337 780 1495 851 juxta
1552 787 1881 857 mysticumt

2027 781 2211 834 πλεῖον
2239 780 2392 848 ἄγειν
2425 780 2487 834 τὸ
2525 781 2634 835 ἀπὸ
2663 783 2766 851 τῆς
2815 779 3152 853 προφητείας
3183 781 3471 851 χρήσιμον.
3507 779 3624 832 Δύο

337 867 678 923 reconditum
710 885 930 925 sensum
981 874 1324 930 considerata
1355 877 1776 934 emolumentum
1802 895 1922 934 ma-

330 956 418 1026 jus
444 960 723 1029 percipere
753 969 951 1030 potest.
998 961 1211 1016 Etenim
1245 980 1340 1034 per
1369 966 1796 1036 uniuscujusque
1823 970 1919 1022 do-

333 1064 480 1103 mum
517 1049 769 1118 dogmata
798 1052 1150 1122 actionesqne
1174 1064 1400 1124 possunt
1423 1056 1650 1128 intelligi
1687 1059 1756 1113 ob
1786 1058 1921 1114 den-

332 1155 450 1195 sum
489 1141 893 1211 adunatumque
946 1145 1263 1210 artiﬁcium,
1296 1147 1438 1216 quod
1475 1149 1528 1202 in
1578 1149 1922 1218 opinionibus

333 1233 400 1288 de
439 1247 767 1303 unoquoque
821 1234 1071 1304 dogmate
1119 1236 1320 1292 habitis
1357 1240 1648 1308 reperitur.
1689 1240 1820 1294 Eam
1851 1241 1921 1297 ob

329 1339 580 1390 causam,
612 1325 1070 1394 quemadmodum
1098 1328 1149 1382 in
1190 1329 1350 1384 domo
1391 1329 1801 1388 fundamentum
1830 1350 1918 1389 re-

329 1417 489 1488 liquae
547 1426 836 1472 structura:
883 1421 1203 1489 supponitur
1238 1438 1251 1475 :
1287 1423 1360 1477 ita
1401 1431 1455 1478 et
1489 1424 1542 1478 in
1576 1425 1918 1496 dogmatibus

327 1514 575 1580 quadam
602 1512 769 1568 bases
796 1523 923 1566 sunt
957 1527 1021 1566 ac
1059 1514 1330 1584 principia
1362 1517 1562 1586 prima,
1599 1518 1794 1584 quibus
1830 1519 1914 1574 in-

329 1604 441 1658 nixi
481 1605 733 1675 dogmata
775 1620 872 1659 sua
914 1606 1305 1674 disseminant;
1336 1619 1391 1664 et
1428 1625 1548 1679 quae
1593 1625 1913 1682 sequuntur,

327 1696 518 1751 ordine
546 1704 600 1752 et
622 1697 956 1765 coniunctim
1011 1700 1298 1770 principiis
1339 1703 1530 1772 primis
1563 1715 1911 1760 connectunt.

326 1786 648 1857 Quicunque
676 1786 840 1858 igitur
869 1786 992 1843 ﬁdei
1013 1789 1229 1862 dogma,
1269 1793 1411 1862 quod
1441 1808 1539 1862 pro
1564 1792 1915 1850 fundamento

325 1892 389 1932 ac
411 1878 681 1948 principio
721 1879 881 1934 habet
921 1879 1209 1936 Dominum
1264 1893 1509 1939 nostrum
1544 1882 1727 1940 Jesum
1755 1885 1912 1940 Chri-

2024 871 2310 942 ναταιγὰρ
2349 871 2496 925 οἰκία
2539 872 2769 926 ἑκάστου
2826 871 3066 926 νοεῖσθαι
3107 873 3176 925 τὰ
3220 871 3467 941 δόγματα
3518 873 3624 925 καὶ

2023 965 2078 1015 αἱ
2131 962 2401 1034 πράξεις,
2457 961 2546 1016 διὰ
2587 963 2647 1016 τὸ
2698 963 2901 1016 πυκνὸν
2948 963 3044 1016 καὶ⁹
3088 962 3366 1033 ἡνωμένον
3410 962 3508 1033 τῆς
3555 964 3624 1015 ἐν

2020 1058 2133 1119 τοῖς
2163 1056 2400 1126 νοήμασι
2449 1056 2829 1127 κατασκευῆς,
2877 1057 3006 1127 περὶ
3038 1055 3269 1109 ἑκάστου
3317 1055 3618 1125 δόγματος.

2020 1148 2165 1202 Διότι
2212 1147 2359 1219 (15),
2394 1147 2584 1219 ὥσπερ
2622 1149 2680 1200 ἐν
2727 1148 2875 1219 οἰκίᾳ
2916 1147 3164 1218 θεμέλιος
3211 1147 3496 1200 ὑπόκειται
3543 1150 3618 1220 τῇ

2020 1239 2180 1311 λοιπῇ
2210 1241 2556 1310 κατασκευῇ·
2592 1238 2736 1292 οὕτω
2771 1239 2866 1292 καὶ
2894 1239 2987 1292 ἐπὶ
3020 1237 3128 1291 τῶν
3159 1236 3446 1307 δογμάτων
3475 1238 3618 1291 ὑπο-

2019 1328 2197 1392 θέσεις
2227 1327 2374 1392 τινές
2412 1330 2515 1381 είσι
2549 1327 2644 1382 καὶ
2687 1328 2902 1398 πρῶται
2936 1327 3123 1399 ἀρχαὶ,
3149 1324 3230 1394 οἷς
3257 1327 3619 1399 ἐπερειδόμε-

2017 1439 2095 1475 νοι
2117 1420 2524 1492 δογματίζουσι,
2556 1419 2626 1473 τὰ
2655 1419 2854 1490 ἐφεξῆς
2887 1419 3196 1484 ἀκολούθως
3227 1421 3321 1474 καὶ
3357 1419 3613 1487 covered);

2016 1510 2135 1570 ταῖς
2161 1509 2408 1581 πρώταις
2428 1510 2626 1579 ἀρχαῖς
2656 1509 3090 1577 συνυφαίνοντες.
3123 1510 3277 1562 Ὅσοι
3305 1505 3398 1562 οὖν
3418 1509 3479 1562 τὸ
3506 1507 3610 1579 τῆς

2016 1601 2251 1665 πίστεως
2277 1601 2476 1672 δόγμα,
2529 1602 2670 1672 ὅπερ
2698 1600 2810 1670 ἔχει
2863 1601 3116 1672 θεμέλιον
3161 1603 3256 1655 καὶ
3296 1601 3472 1672 ἀρχὴν
3512 1601 3608 1654 τὸν

2013 1691 2218 1760 Κύριον
2247 1692 2404 1762 ἡμῶν
2446 1693 2653 1763 Ἰησοῦν
2685 1692 2956 1763 Χριστὸν,
3005 1693 3268 1763 δόγμασιν
3302 1692 3609 1764 ἀλλοτρίοις

2012 1783 2108 1836 καὶ
2145 1783 2313 1848 ξένοις
2340 1783 2438 1853 τῆς
2457 1783 2768 1847 θεοσεϐείας
2789 1783 3270 1845 ἐπισυνάπτουσιν,
3299 1777 3444 1836 οὗτοί
3466 1785 3606 1836 εἰσιν

2011 1879 2104 1944 οὓς
2133 1881 2161 1932 6
2188 1879 2345 1948 λόγος
2373 1878 2624 1954 ὀδύρεται
2659 1878 2810 1948 παρὰ
2836 1879 2897 1932 τὸ
2927 1879 3170 1948 καθῆκον
3195 1877 3483 1942 ποιοῦντας
3505 1918 3520 1943 ,
3543 1881 3607 1932 ἐν

325 1979 488 2036 stum,
523 1985 644 2025 cum
692 1970 1039 2042 dogmatibus
1091 1973 1284 2029 alienis
1311 1984 1366 2030 et
1409 1991 1437 2030 a
1465 1977 1663 2044 pietate
1685 1979 1877 2033 remori

2019 1965 2090 2038 τῷ
2125 1968 2418 2021 συνάπτειν
2452 1967 2625 2021 οἰκίαν
2650 1966 2760 2037 (id)
2798 1969 2933 2039 πρὸς
2957 1967 3156 2021 οἰκίαν.
3183 1968 3303 2021 Ὅτι
3328 1968 3436 2040 γὰρ
3457 1969 3604 2022 οἰκία

324 2061 681 2126 consociant,
713 2062 748 2116 ii
805 2063 1058 2132 suntqui
1108 2078 1207 2133 per
1251 2064 1592 2135 Scripturam
1647 2067 1877 2123 deﬂentu

2019 2057 2079 2111 τά
2102 2057 2203 2129 τῆς
2235 2057 2540 2122 θεοσεϐείας
2563 2059 2878 2128 ὠνόμασται
2915 2059 3178 2130 δόγματα,
3213 2059 3376 2124 αὐτὸς
3414 2060 3445 2112 6
3483 2059 3602 2113 Κύ-

321 2168 420 2209 ceu
455 2167 565 2207 rem
601 2153 914 2208 indecoram
956 2167 1302 2226 peragentes,
1331 2158 1531 2228 quippe
1567 2159 1657 2228 qui
1688 2159 1881 2214 domun

2019 2167 2126 2221 ριος
2145 2150 2231 2204 διὰ
2257 2151 2355 2221 τῆς
2378 2151 2696 2224 παραϐολῆς
2726 2154 2873 2224 ἡμᾶς
2896 2153 3122 2218 ἐδίδαξε,
3147 2153 3319 2223 λέγων
3335 2154 3441 2220 ὅτι,
3473 2154 3603 2220 Πᾶς

322 2244 503 2300 domui
532 2245 884 2316 conjungant.
919 2246 1073 2313 Quod
1103 2248 1248 2302 enim
1289 2249 1507 2318 pietatis
1535 2252 1789 2322 dogmata
1813 2251 1908 2306 do-

321 2352 442 2392 mus
495 2337 766 2410 appellata
821 2337 962 2404 sint,
993 2338 1257 2394 Dominus
1305 2340 1422 2410 ipse
1455 2356 1550 2411 per
1595 2341 1905 2412 parabolam

321 2444 420 2486 nos
471 2429 708 2496 edocuit,
754 2429 982 2486 dicens:
1018 2428 1205 2486 Omnis
1243 2434 1334 2501 qui
1384 2433 1541 2486 audit
1584 2434 1741 2488 verba
1791 2451 1907 2488 mea

317 2519 451 2587 hac,
484 2529 532 2574 et
564 2519 694 2590 facit
721 2535 805 2588 ea,
840 2519 1226 2574 assimilabitur
1253 2523 1363 2575 viro
1390 2522 1635 2589 sapienti,
1660 2523 1750 2592 qui
1776 2523 1907 2576 redi-

316 2611 497 2682 ﬁcavit
537 2612 752 2665 domum
780 2626 933 2664 suam
963 2627 1127 2680 supra
1177 2621 1381 2680 petram
1399 2611 1467 2664 “.
1501 2611 1607 2667 Sed
1634 2622 1688 2667 et
1707 2611 1905 2668 Paulus

317 2703 418 2764 nos
444 2702 499 2758 in
526 2701 710 2774 priore
733 2703 799 2758 ad
825 2701 1138 2760 Corinthios
1171 2703 1406 2772 Epistula
1438 2704 1636 2760 docere
1667 2706 1899 2769 videtur,

317 2793 614 2865 quemlibet
662 2807 852 2849 eorum
895 2793 988 2864 qui
1031 2791 1306 2849 Christum
1335 2791 1502 2865 487
1533 2795 1898 2862 crediderunt,

317 2895 418 2951 sibi
444 2892 840 2965 ipsiﬁtedilicare
855 2891 1092 2947 domum.
1116 2889 1705 2957 Fundamentumenim
1729 2893 1898 2958 aliud,

317 2989 512 3056 inquit,
543 3001 693 3041 nemo
727 2993 898 3056 potest
933 2998 1146 3053 ponere,
1184 2994 1379 3052 praeter
1410 2984 1465 3037 id
1491 2982 1631 3053 quod
1669 2984 1901 3048 positum

2009 2242 2180 2308 ὅστις
2203 2243 2409 2297 ἀκούει
2437 2261 2557 2312 μου
2596 2244 2736 2310 τοὺς
2766 2246 2990 2315 λόγους
3035 2247 3148 2318 (15)
3184 2248 3460 2312 τούτους,
3499 2248 3600 2300 καὶ

2009 2333 2168 2387 ποιεῖ
2186 2335 2429 2401 αὐτοὺς,
2471 2336 2896 2406 ὁμοιωθήσεται
2915 2337 3087 2406 ἀνδρὶ
3117 2340 3401 2408 φρονίμῳ,
3427 2339 3600 2406 ὅστις

2005 2425 2358 2496 ᾠκοδόμησε
2395 2427 2512 2495 τὴν
2565 2429 2764 2483 οὶκίαν
2818 2429 3007 2484 αὐτοῦ
3049 2431 3148 2484 ἐπὶ
3196 2429 3313 2497 τὴν
3348 2429 3594 2498 πέτραν.

2010 2521 2195 2573 Ἔοικε
2223 2520 2280 2573 δέ
2307 2520 2400 2573 καὶ⁹
2421 2523 2449 2572 6
2479 2520 2692 2585 Παῦλος
2717 2522 2774 2574 ἐν
2796 2524 2862 2593 τῇ
2894 2522 3031 2594 πρὸς
3049 2522 3372 2594 Κορινθίους
3401 2521 3597 2594 πρώτῃ

2005 2609 2277 2664 διδάσκειν
2315 2613 2485 2682 ἡμᾶς,
2513 2613 2592 2664 ὅτι
2622 2612 2852 2677 ἕκαστος
2885 2614 3063 2685 ἐαυτῷ
3103 2614 3278 2668 οἰκίαν
3324 2615 3600 2686 οἰκοδομεῖ

2005 2703 2114 2756 τῶν
2135 2705 2215 2767 είς
2235 2704 2468 2774 Χριστὸν
2503 2705 2965 2760 πεπιστευκότων.
3006 2707 3292 2776 Θεμέλιον
3316 2706 3427 2776 γὰρ
3446 2746 3461 2771 ,
3491 2725 3598 2777 φη-

2008 2794 2113 2861 σὶν,
2145 2794 2339 2849 ἄλλον
2366 2795 2566 2863 οὐδεὶς
2598 2795 2848 2850 δύναται
2872 2797 3080 2864 θεῖναι,
3129 2797 3286 2867 παρὰ
3319 2799 3429 2852 τὸν
3468 2799 3563 2852 κεί
3573 2828 3594 2842 ο

1999 2905 2207 2958 μενον,
2234 2886 2302 2953 ὅς
2329 2888 2500 2943 ἐστιν
2542 2888 2784 2956 Ἰησοῦς
2813 2890 3090 2957 Χριστός.
3122 2891 3194 2944 El
3213 2889 3282 2944 δέ
3314 2907 3406 2956 τις
3433 2890 3596 2945 ἐποι-

2002 2983 2249 3054 κοδομεῖ
2273 2983 2373 3037 ἐπὶ
2400 2983 2508 3037 τὸν
2533 2983 2810 3053 θεμέλιον
2837 2982 3072 3046 τοῦτον,
3110 2983 3348 3053 χρυσὸν
3365 3022 3380 3048 ,
3410 2984 3593 3054 ἄργυ-

314 3089 411 3143 est,
443 3077 582 3148 quod
611 3086 686 3132 est
706 3075 864 3132 Iesus
889 3075 1150 3132 Christus.
1185 3075 1247 3130 Si
1272 3076 1387 3147 quis
1419 3084 1594 3129 autem
1621 3076 1880 3144 supermdi

2019 3096 2110 3132 )ον
2132 3077 2267 3149 (16),
2300 3079 2512 3143 λίθους
2540 3077 2790 3145 τιμίους,
2816 3074 2994 3140 ξύλα,
3013 3077 3252 3148 χόρτον,
3288 3076 3589 3145 καλάμην.

313 3169 438 3237 ﬂeat
475 3184 634 3237 super
667 3166 1074 3238 fundamentum
1097 3165 1220 3228 hoc,
1249 3180 1462 3228 aurum,
1490 3174 1786 3234 argentum,
1819 3165 1900 3218 la-

313 3260 460 3330 pides
503 3261 784 3330 pretiosos,
823 3259 986 3330 ligna,
1019 3258 1218 3328 fenum,
1251 3255 1501 3324 stipulam
1524 3256 1590 3309 ⁸⁷.
1626 3254 1895 3322 Quoniam
1924 3308 1943 3354 (

311 3361 493 3408 autem
535 3367 604 3407 ex
634 3351 737 3416 iis,
766 3350 861 3420 qui
893 3350 1142 3420 dogmata
1173 3348 1525 3410 concinnant,
1561 3346 1650 3400 alii
1677 3347 1896 3416 quidem

313 3444 428 3500 risu
457 3452 514 3498 et
533 3442 768 3498 ludibrio
808 3442 969 3514 digna
1001 3441 1298 3497 sentientes
1337 3454 1449 3494 rem
1479 3439 1753 3494 aediﬁcant
1779 3439 1898 3494 vel-

317 3537 395 3590 uti
427 3534 694 3590 ludicram
739 3542 796 3588 et
841 3531 1218 3596 deridiculam,
1249 3530 1510 3590 alii.vero
1536 3530 1896 3595 honestiores,

312 3643 400 3684 res
433 3628 606 3683 serias
637 3641 700 3683 ac
742 3625 1039 3681 laudabiles
1088 3631 1307 3679 struunt
1345 3637 1359 3671 :
1412 3621 1664 3679 Michzeas
1709 3623 1897 3677 domos

310 3733 500 3774 eorum
529 3719 618 3789 qui
649 3717 907 3774 ridiculos
921 3732 981 3772 se
1007 3716 1275 3788 praebent,
1299 3714 1618 3780 demoliens,
1649 3714 1725 3768 ait
1750 3732 1764 3769 :
1789 3713 1895 3780 Qui

308 3814 366 3868 in
396 3812 551 3874 Gelli,
581 3829 643 3867 ne
675 3810 1084 3882 magniﬁcemini
1111 3825 1130 3863 :
1160 3817 1211 3864 et
1236 3810 1325 3879 qui
1358 3812 1415 3862 in
1460 3808 1694 3873 Acarim,
1737 3807 1894 3860 nolite

307 3905 552 3961 retediﬁc»
577 3921 630 3958 re
653 3920 720 3960 ea:
747 3904 902 3959 domo
929 3905 984 3958 in
1006 3902 1239 3956 derisum
1261 3911 1487 3956 vestrum
1507 3900 1573 3954 “.
1604 3899 1671 3955 Et
1703 3915 1894 3955 rursus

309 3997 401 4054 ille
433 3999 548 4069 ipse
582 4011 780 4068 pravos
821 3996 1075 4051 doctores
1127 3994 1446 4064 increpans,
1487 3993 1616 4048 dicit
1657 3991 1894 4047 :Audite

307 4105 448 4144 nunc
492 4089 626 4152 haec,
679 4087 831 4144 duces
886 4087 1074 4141 domus
1127 4083 1318 4152 Iacob,
1367 4095 1416 4138 et
1463 4083 1652 4152 reliqui
1702 4086 1888 4137 domus

307 4179 524 4236 Israel:
549 4182 642 4252 qui
687 4181 1064 4236 abominamini
1104 4179 1393 4249 judicium,
1434 4186 1484 4232 et
1538 4177 1714 4229 omnia
1747 4185 1889 4230 recta

303 4272 646 4346 pervertitis:
694 4272 778 4344 qui
824 4272 1102 4339 mdiﬁcatis
1151 4268 1284 4325 Sion
1334 4271 1392 4323 in
1426 4267 1790 4338 sanguinibus,
1837 4275 1888 4320 et

301 4362 596 4419 Jerusalem
624 4362 683 4416 in
704 4359 1152 4432 iniquitatibus“.
1175 4359 1436 4430 Quisquis
1467 4359 1612 4414 enim
1637 4358 1886 4428 dogmata

305 4457 480 4512 aliena
514 4454 970 4521 comminiscitur,
996 4452 1232 4508 aediﬁcat
1267 4453 1423 4516 Sion,
1460 4453 1562 4506 hoc
1601 4459 1707 4512 est,
1731 4465 1884 4504 suam

2014 3169 2230 3242 Ἐπειδὴ
2262 3169 2320 3223 δὲ
2347 3169 2455 3223 τῶν
2486 3168 3002 3233 κατασκευαζόντων
3028 3167 3098 3221 τά
3129 3168 3377 3239 δόγματα
3409 3169 3457 3221 οἱ
3491 3169 3593 3239 μὲν

1950 3305 1964 3322 .
1999 3263 2233 3333 γέλωτος
2266 3261 2359 3315 καὶ
2385 3259 2581 3332 χλεύης
2611 3257 2738 3324 ἀξια
2774 3259 3096 3330 φρονοῦντες
3119 3299 3133 3326 ,
3174 3261 3338 3315 οἱονεὶ
3376 3261 3592 3330 γέλωτα

1946 3338 1967 3360 λ
2000 3350 2410 3423 οἰκοδομοῦσιν·
2473 3353 2522 3404 οί
2562 3349 2619 3404 δὲ
2662 3350 2994 3422 ἀστειότεροι
3021 3393 3035 3420 ,
3085 3352 3350 3406 σπουδαῖα
3418 3371 3592 3407 κατα-

1999 3442 2351 3508 σκευάζουσιν
2371 3458 2386 3473 ·
2422 3444 2450 3514 6
2476 3442 2716 3512 Μιχαίας
2746 3442 3026 3510 καθαιρῶν
3065 3443 3133 3498 τὰ
3168 3445 3446 3516 οἰκήματα
3474 3445 3588 3516 (17)

1995 3535 2104 3590 τῶν
2133 3534 2573 3603 καταγελάστων,
2609 3537 2674 3586 Ol
2707 3533 2776 3588 ἐν
2807 3535 2944 3601 Γὲθ,
2970 3535 3124 3606 φησὶ,
3146 3536 3233 3605 μὴ
3252 3539 3590 3606 μεγαλύνε-

1994 3628 2104 3679 σθε
2130 3643 2144 3656 ⁸
2193 3625 2293 3679 καὶ
2348 3626 2402 3677 οἱ
2443 3623 2514 3676 ἐν
2571 3624 2835 3694 Ἀκαρεὶμ
2862 3667 2875 3688 ,
2915 3623 3001 3693 μὴ
3045 3624 3487 3695 ἀνοικοδομεῖτε
3515 3627 3588 3691 ἐξ

1997 3719 2166 3772 οἴκου
2197 3715 2348 3772 κατὰ
2373 3715 2598 3786 γέλωτα
2631 3715 2816 3785 ὑμῶν.
2860 3706 2971 3769 Καὶ
3011 3716 3173 3770 πάλιν
3202 3719 3230 3770 6
3259 3717 3422 3782 αὐτὸς
3464 3720 3590 3773 ἐπι-

1999 3811 2250 3882 πλήττων
2284 3808 2576 3881 μοχθηροῖς
2603 3807 2963 3872 διδασκάλοις,
3021 3808 3183 3878 φησίν
3207 3825 3219 3838 ’
3267 3810 3587 3867 Ἀκούσατε

1995 3902 2072 3971 δὴ
2106 3901 2313 3966 ταῦτα,
2348 3903 2402 3954 οἱ
2427 3899 2745 3970 ἡγούμενοι
2775 3899 2946 3952 οἴκου
2988 3897 3215 3964 Ἰακὼϐ,
3252 3899 3350 3953 καὶ
3385 3902 3442 3954 οι
3479 3919 3588 3954 κα-

1995 3993 2268 4048 τάλοιποι
2291 3991 2462 4044 οἴκου
2501 3987 2758 4058 Ἰσραὴλ,
2785 3993 2838 4044 οι
2863 3988 3353 4058 βδελυσσόμενοι
3381 3991 3584 4060 κρῖμα,

1995 4085 2096 4138 καὶ
2121 4082 2319 4137 πάντα
2334 4083 2405 4136 τὰ
2424 4082 2569 4150 ὀρθὰ
2589 4080 3075 4150 διαστρέφοντες,
3107 4084 3162 4136 οἱ
3195 4081 3586 4152 οἰκοδομοῦν-

1995 4194 2094 4243 τες
2117 4176 2271 4231 Σιὼν
2289 4174 2360 4229 ἐν
2387 4175 2619 4244 αἵμασι,
2649 4174 2749 4227 καὶ
2791 4173 3188 4243 Ἰερουσαλὴμ
3206 4175 3276 4227 ὲν
3299 4173 3582 4242 ἀδικίαις.

1995 4271 2110 4333 Πᾶς
2141 4269 2251 4342 (18)
2277 4268 2388 4340 γὰρ
2413 4270 2442 4320 6
2473 4267 2543 4320 τά
2568 4266 2822 4337 ἀλλότρια
2859 4264 3286 4329 κατασκευάζων
3307 4265 3582 4338 δόγματα,

1994 4360 2266 4432 οἰκοδομεῖ
2300 4361 2398 4432 τὴν
2427 4358 2568 4412 Σιὼν
2593 4399 2608 4424 ,
2653 4358 2902 4413 τουτέστι
2948 4357 3009 4411 τὸ
3049 4356 3242 4411 ἐαυτοῦ
3280 4361 3585 4429 σκοπευτή-

1997 4468 2128 4523 ριον,
2152 4452 2222 4504 ἐν
2247 4450 2456 4520 αἵμασι
2478 4469 2490 4482 ο
2511 4451 2603 4502 καὶ
2631 4451 2658 4502 ὁ
2688 4448 2942 4512 συνιστὰς
2963 4448 3258 4518 ἐκκλησίαν
3285 4465 3585 4518 πονηρευο-

304 4547 474 4618 ipsius
512 4545 812 4617 speculam,
844 4546 902 4600 in
952 4545 1298 4615 sanguinibus
1327 4559 1347 4598 :
1384 4555 1440 4599 et
1481 4542 1574 4614 qui
1605 4541 1881 4598 constituit

2019 4545 2188 4608 ιένων,
2221 4543 2494 4614 οἰκοδομεῖ
2521 4542 2620 4613 τὴν
2659 4541 3014 4613 Ἰερουσαλὴμ
3036 4543 3094 4596 ἐν
3118 4541 3374 4604 ἀδικίαις.
3398 4541 3463 4594 Εἰ
3486 4537 3582 4594 οῦν

375 4747 422 4781 ⁸⁸
450 4745 643 4804 Matth.
682 4761 782 4812 vn,
805 4746 898 4805 24.
977 4745 1207 4802 "lCor.
1240 4760 1325 4812 ιιι,
1363 4742 1562 4808 11,12.
1641 4742 1686 4774 ⁸⁸
1714 4741 1880 4798 Mich.

2019 4744 2060 4799 ).
2137 4743 2181 4774 ”
2202 4741 2364 4796 Mich.
2394 4757 2475 4806 ιιι,
2514 4742 2566 4806 9,
2598 4741 2684 4798 l0.

371 4933 484 5060 (15)
524 4933 691 5001 Editi,
714 4933 831 4988 Kal.
855 4930 1008 4985 διότι.
1059 4930 1220 5012 Deest
1244 4931 1339 4984 καί
1369 4931 1422 4984 in
1453 4939 1684 5011 utroque
1714 4929 1878 4984 Com-

298 5005 368 5063 be
396 5043 410 5059 .
458 5013 530 5080 et
561 5005 617 5080 in
647 5005 770 5080 aliis
810 5012 1068 5080 qn‘attton
1092 5003 1389 5080 codicibus.
1439 4999 1568 5080 Nec;
1597 5009 1674 5080 tta_
1708 5001 1878 5080 multo

302 5084 421 5147 post
446 5076 600 5141 editi,
640 5075 697 5129 αί
726 5069 912 5147 ἀρχαί,
940 5072 1092 5138 Illud,
1121 5073 1219 5147 αἱ,
1255 5086 1430 5147 neque
1454 5069 1879 5147 inACombelisia-

301 5141 408 5212 itis,
439 5160 614 5216 neque
647 5147 701 5201 in
737 5141 938 5216 nostris
967 5157 1096 5196 mss.
1120 5141 1337 5216 legitur.
1378 5141 1492 5216 lloc
1519 5143 1635 5208 ipso
1661 5141 1715 5195 in
1755 5141 1875 5216 logo

298 5206 622 5289 exc'usifalc
663 5212 1082 5289 ἐπερειδόμενοι.
1122 5206 1197 5266 Αἰ
1222 5212 1407 5286 nostri
1439 5206 1554 5265 εει(
1579 5226 1737 5276 mss.,
1776 5206 1878 5275 οἷς,

294 5288 392 5358 δόγ
477 5304 530 5340 σι
552 5286 821 5342 videlicet.

368 5305 482 5412 (πὶ
522 5357 688 5412 Editi.
715 5356 922 5412 οἰκίαν·
955 5355 1056 5408 ὅτι.
1085 5353 1156 5407 At
1186 5351 1308 5408 libri
1332 5361 1545 5408 veteres
1568 5351 1643 5406 uti
1669 5351 1682 5405 i

368 5351 482 5430 (14)
522 5357 688 5424 Editi,
715 5356 922 5412 οἰκίαν·
955 5355 1056 5408 ὅτι.
1085 5353 1156 5407 At
1186 5351 1308 5408 libri
1332 5361 1545 5408 veteres
1568 5351 1643 5406 uti
1669 5351 1723 5406 in
1753 5365 1882 5405 con-

297 5438 472 5485 textu.

367 5498 481 5571 (15)
535 5500 809 5568 Antiquus
872 5493 1184 5571 Combelisii
1226 5495 1447 5571 cades,
1504 5492 1696 5562 λόγους
1760 5491 1876 5571 καί.

297 5562 556 5641 Ejusdem
581 5562 753 5641 codex
792 5567 1062 5623 recentior
1099 5575 1153 5620 et
1192 5562 1282 5618 alii
1319 5565 1538 5636 quidam
1565 5580 1685 5618 cum
1718 5565 1878 5619 editis

295 5639 554 5698 omittunt
582 5639 696 5692 καί.

368 5710 480 5784 (16)
525 5709 746 5767 Veteres
776 5708 982 5778 aliquot
1009 5707 1154 5775 libri,
1179 5705 1418 5778 χρυσίον,
1451 5704 1732 5777 ἀργύριον.

2059 4929 2168 4999 (Π)
2210 4927 2348 4981 ΕιΙῙιὶ
2383 4936 2440 4979 et
2467 4925 2572 5001 duo
2601 4939 2772 5001 mss_._,_
2805 4925 3083 5001 καθαιρῶν
3113 4929 3182 4983 τὰ
3207 4930 3468 5001 οἰήματα,
3494 4932 3582 5000 fa-

1983 4997 2122 5053 stum
2164 5008 2212 5051 et
2242 4998 2606 5065 arrogantiam
2633 4997 2897 5050 cohibens.
2926 4997 3028 5052 Alii
3061 5009 3171 5053 tres
3194 4997 3346 5062 mss.,
3382 4997 3582 5054 καθαί-

1987 5085 2096 5147 ρων
2152 5068 2222 5120 τά
2267 5069 2535 5147 ρίήματα,
2578 5068 2774 5147 fastum
2806 5077 2855 5121 et
2891 5069 3250 5147 qrrogantiam
3289 5073 3580 5147 mundatis.

1985 5135 2156 5220 ξιμον,
2191 5135 2440 5220 καθορῶν
2471 5135 2543 5192 τά
2578 5138 2840 5220 οἰήματα,
2887 5135 3087 5220 fastum
3128 5149 3184 5220 et
3212 5143 3584 5220 arrogantiam

1983 5217 2210 5263 intuens.

2265 5207 2394 5274 Quae
2447 5207 2826 5276 omniaquin
2889 5208 3080 5262 vitiosa
3141 5213 3268 5269 sint.
3337 5207 3579 5264 dubitari

1985 5280 2074 5332 vix
2109 5288 2303 5352 potest.
2339 5276 2607 5333 Malumus
2643 5277 2810 5352 igitur
2860 5281 3012 5346 sequi
3055 5278 3420 5333 Colbertinum
3473 5281 3583 5352 pri-

1990 5366 2161 5416 mum,
2195 5351 2307 5418 qui,
2351 5359 2412 5402 ut
2457 5365 2643 5405 verum
2687 5348 2974 5413 fateamur,
3014 5365 3118 5419 non
3154 5352 3329 5415 prima
3359 5348 3582 5419 quidem

1989 5435 2174 5485 manu,
2209 5417 2302 5492 sed
2327 5420 2553 5492 antiqua
2579 5430 2760 5492 tamen
2786 5419 2976 5492 habet,
3006 5417 3285 5489 καθαιρῶν
3319 5417 3584 5492 τάίοξκή·

1991 5507 2156 5561 ματα,
2214 5488 2501 5544 demoliens
2559 5491 2761 5561 domos.
2823 5488 3227 5561 Combetisius,
3296 5488 3586 5558 conjectu-

1982 5558 2042 5616 ra
2095 5562 2364 5614 duntaxat
2412 5562 2624 5628 ductus,
2680 5560 2755 5613 ita
2819 5558 3106 5630 legendum
3155 5560 3270 5631 jam
3297 5561 3584 5630 judicare-

1985 5642 2165 5781 Ηέλὸ)
2209 5686 2357 5761 Libri
2394 5711 2627 5771 veteres,
2663 5701 2798 5766 Πᾶς.
2825 5699 3017 5759 Nostra
3047 5701 3233 5772 editio,
3275 5701 3335 5757 '0
3365 5701 3505 5766 πῶς.
