3808 6212
207 284 292 341 369

1031 282 1397 340 COMMENT.
1435 286 1503 341 IN
1545 287 1776 344 ISAIAM
1815 288 2260 346 PROPHETAM.
2301 289 2454 345 CAP.
2498 291 2561 347 γ.

3321 292 3426 348 370

201 392 282 448 δύο
303 390 430 444 ἔστιν
457 390 560 461 είδη
590 390 887 462 οἰκοδομῶν
915 391 1025 465 (19)
1049 413 1062 424 ⁸
1092 398 1150 449 τὸ
1170 397 1268 467 μὲν
1299 399 1522 468 ἀγαθὸν,
1557 403 1618 455 τὸ
1645 401 1737 456 ἐπὶ
1767 465 1769 472 η

1857 403 2122 460 :cclesiam
2167 404 2400 475 maligne
2425 404 2721 475 agentium,
2748 403 2836 459 ille
2869 404 3101 460 exstruit
3128 405 3426 461 Jerusalem

201 484 290 565 τὴν,
322 481 506 552 πέτραν
533 522 546 545 ,
581 483 677 535 καὶ
716 484 806 536 ἐπὶ
840 485 928 538 τὸν
957 485 1206 556 θεμέλιον
1253 489 1347 542 τοῦ
1381 492 1646 563 Χριστοῦ·
1683 495 1744 548 τὸ

201 573 248 626 δὲ
270 573 428 644 ἕτερον
451 573 667 642 φαῦλον,
709 574 737 628 ὃ
768 575 862 627 καὶ
889 578 1294 645 καταγέλαστόν
1325 582 1442 635 ἐστι
1490 586 1584 637 καὶ
1637 587 1744 639 ἀπ-

199 663 368 726 ωλείας
397 663 553 716 αίτιον
572 663 940 734 (20),είκότως
964 669 992 720 6
1013 668 1170 737 λόγος
1193 671 1466 737 ταλανίζει
1495 677 1621 739 τοὺς
1645 676 1743 748 τὴν

200 755 377 825 ἀγαθὴν
405 755 572 809 οἰκίαν
599 759 666 828 τῇ
695 757 1004 832 φαυλοτέρᾳ
1045 762 1438 830 συνάπτοντας,
1466 767 1558 819 καὶ
1583 769 1743 822 οἱονεὶ

201 842 459 912 μιγνύντας
488 845 554 897 τὰ
574 845 802 915 ἄμικτα.
845 847 1192 920 Ἐπιστήσεις
1228 851 1306 916 δὲ,
1354 854 1562 924 μήποτε
1605 855 1742 909 πάν-

196 951 271 998 τες
291 933 561 1007 ἄνθρωποι,
594 937 622 989 ὃ
653 955 704 990 τι
752 941 870 992 ποτ’
896 936 989 994 οὖν
1040 943 1170 1014 περὶ
1208 943 1466 1016 ἀληθείας
1491 945 1742 1018 δογματί-

195 1023 372 1090 ζοντες,
403 1027 571 1096 ὑγιέσι
600 1031 710 1082 τισὶ
740 1031 834 1084 καὶ
867 1031 1091 1103 ἀληθέσι
1117 1037 1230 1099 τοῖς
1262 1038 1742 1110 προκατειλημμέ-

195 1133 289 1179 νοις
313 1117 441 1171 κατὰ
462 1119 560 1182 τὰς
589 1120 773 1184 κοινὰς
804 1123 1014 1188 ἐννοίας
1043 1127 1139 1180 καὶ
1172 1129 1598 1200 ὲνεσπαρμένοις
1637 1133 1740 1186 ὑπὸ

192 1207 272 1261 τοῦ
297 1211 643 1280 Δημιουργοῦ,
669 1213 839 1284 καλὴν
872 1215 1089 1286 ἔχοντες
1118 1219 1324 1281 οἰκίαν,
1348 1223 1477 1275 ὅταν
1512 1224 1742 1292 σφαλλό-

194 1312 324 1363 μενοι
348 1297 440 1368 τῆς
475 1295 732 1370 ἀληθείας
758 1343 772 1366 ,
805 1303 1061 1377 ἀλλότρια
1096 1307 1193 1379 τῆς
1221 1309 1372 1374 θείας
1394 1311 1741 1379 διδασκαλίας

189 1387 244 1438 ἐκ
264 1387 352 1457 τῆς
381 1387 574 1455 ἔξωθεν
601 1393 819 1463 ἀπάτης
851 1398 1242 1468 ὲπεισάγωσιν,
1271 1399 1382 1458 οἷον
1414 1404 1561 1475 οἰκίᾳ
1599 1407 1738 1479 καλῇ

191 1479 516 1533 συνάπτουσιν
543 1481 722 1536 οἰκίαν
750 1486 849 1556 τὴν
890 1487 1128 1560 χείρονα.
1167 1490 1279 1542 Καὶ
1313 1491 1492 1559 ⁴ταῦτα
1533 1493 1632 1548 μὲν
1660 1497 1740 1559 εἰς

187 1567 266 1619 τὸν
295 1569 412 1640 περὶ
443 1571 540 1641 τῆς
573 1574 749 1638 οἰκίας
778 1574 954 1645 λόγον.

1845 496 1896 550 in
1922 495 2222 566 iujustitiis.
2251 495 2436 566 Itaque
2466 496 2509 552 si
2532 497 2638 552 duo
2661 505 2786 552 sunt
2815 495 3166 552 aediﬁciorum
3189 510 3423 564 genera:

1843 587 2070 642 alterum
2097 587 2316 656 quidem
2349 589 2571 653 bonum,
2608 587 2661 642 in
2701 596 2853 656 petra
2887 595 2942 641 et
2976 587 3028 640 in
3060 586 3263 642 Christi
3301 587 3426 641 fun-

1843 679 2094 734 damento
2135 680 2456 746 stabilitum,
2501 679 2729 734 alterunt
2769 693 2898 734 vero
2935 677 3172 745 malum,
3203 682 3258 732 el.
3301 678 3428 732 irri-

1842 770 2052 825 sionem
2084 769 2276 826 afferat
2319 781 2374 827 et
2407 771 2722 842 perniciem,
2755 769 2879 839 jure
2911 769 3115 838 optimo
3151 783 3245 824 eos
3280 769 3428 838 luget

1844 859 2147 932 Scriptura,
2170 863 2261 933 qui
2285 864 2502 918 domum
2536 865 2733 938 bquam
2752 877 2874 918 cum
2898 861 3172 917 deteriore
3198 859 3426 928 conjun-

1842 963 1995 1022 gunt,
2027 965 2079 1009 et
2113 955 2508 1023 quodammodo
2544 969 2664 1024 qua:
2695 967 2800 1009 non
2830 961 3056 1022 possunt
3083 951 3424 1022 permisceri,

1842 1047 2192 1115 permiscent.
2219 1047 2390 1103 Velim
2417 1055 2597 1102 autem
2627 1045 3051 1109 animadvertas,
3077 1033 3204 1099 num
3237 1058 3427 1100 omnes

1842 1135 2090 1194 homines
2119 1121 2519 1208 qualiacunque
2555 1139 2620 1194 de
2643 1139 2872 1193 veritate
2902 1137 3152 1204 dogmata
3187 1134 3427 1189 tradide-

1846 1225 1973 1290 rint,
2011 1241 2076 1280 ex
2111 1227 2529 1296 cogitationibus
2589 1227 2911 1296 quibusdam
2965 1225 3114 1280 sanis
3161 1233 3214 1278 et
3254 1223 3422 1281 veris.

1847 1314 2020 1384 iisque
2047 1315 2200 1384 juxta
2231 1333 2550 1373 communes
2580 1318 2828 1373 notiones
2862 1316 3270 1387 praconceptis,
3295 1316 3427 1370 sibi-

1847 1420 1952 1473 que
1997 1406 2065 1460 ab
2103 1408 2296 1478 opiﬁce
2344 1425 2527 1464 rerum
2567 1409 2860 1479 inspersis,
2893 1408 3110 1465 domum
3144 1407 3427 1477 pulchram

1847 1497 2130 1563 habentes.
2173 1519 2294 1557 cum
2323 1519 2352 1556 a
2392 1503 2620 1559 veritate
2649 1504 2966 1558 aberrantes
2993 1515 3060 1556 ex
3106 1515 3292 1556 errore
3331 1514 3430 1552 ex-

1847 1596 2001 1644 terno
2034 1591 2234 1662 aliquid
2271 1609 2300 1648 a
2349 1594 2532 1647 divina
2568 1593 2814 1648 doctrina
2861 1592 3098 1648 alienum
3128 1600 3183 1646 et
3227 1589 3429 1644 abhor-

187 1675 298 1756 rens
327 1677 592 1734 promunt,
633 1672 1058 1738 animadvertas,
1115 1674 1357 1746 inquam,
1396 1693 1524 1733 num
1579 1678 1739 1734 veluti
1777 1679 1957 1740 domui
1984 1687 2220 1755 pulchrae
2283 1690 2602 1745 deteriorem
2657 1685 3190 1756 adjungant.Etltaac
3212 1684 3428 1755 quidem

187 1751 307 1805 dicta
336 1766 486 1812 sunto
517 1759 587 1814 de
612 1761 804 1817 domus
833 1766 1112 1820 vocabulo.

247 1844 358 1900 155.
395 1849 610 1922 Ἐπειδὴ
635 1851 692 1904 δὲ
720 1855 748 1907 6
778 1853 933 1923 ἆγιος
962 1857 1024 1910 οὐ
1053 1856 1212 1928 μόνον
1235 1856 1370 1911 Θεοῦ
1421 1861 1569 1914 ἐστιν
1593 1864 1738 1916 οἰκο-

1915 1864 2038 1920 155.
2069 1864 2335 1932 Quoniam
2371 1875 2552 1920 autem
2578 1875 2800 1919 sanctus
2831 1878 2936 1918 non
2968 1863 3062 1918 Dei
3095 1861 3269 1918 solum
3302 1861 3431 1916 tedi-

185 1933 322 2024 δομὴ,
346 1937 476 1992 ἀλλά
507 1941 603 1994 καὶ
630 1942 764 1999 Θεοῦ
804 1945 1091 2018 γεώργιον,
1127 1948 1203 2013 ὡς
1235 1951 1264 2003 6
1303 1952 1569 2024 μακάριος
1595 1953 1739 2006 Παῦ-

182 2023 261 2088 λός
302 2045 459 2100 φησι⁸
491 2033 588 2086 καὶ⁵
626 2036 658 2106 ἡ
702 2037 841 2108 αὐτὴ
877 2038 1024 2110 ψυχὴ
1068 2040 1180 2112 (21)
1235 2023 1622 2114 τεθεμελίωται
1665 2045 1741 2109 ὡς

182 2120 326 2185 οἰκία,
360 2125 450 2178 καὶ
489 2126 787 2198 ἐρρίζωται
829 2129 906 2194 ὡς
962 2132 1128 2201 φυτόν
1159 2135 1177 2203 (
1203 2135 1300 2189 Ἐν
1343 2135 1546 2206 ἀγάπῃ
1609 2135 1738 2209 γὰρ»

181 2210 345 2278 φησὶν,
377 2210 873 2287 ἐρῤιζωμὲνοίκαὶ
907 2224 1456 2298 τεθεμελιωμένοι)ο
1494 2226 1625 2298 φέρε
1650 2228 1742 2280 καὶ

183 2305 293 2374 περὶ
315 2306 404 2360 τοῦ
439 2311 583 2366 κατά
607 2313 698 2366 τὸν
732 2314 900 2386 ἀγρὸν
936 2318 1349 2390 προσεγγισμοῦ
1377 2319 1740 2391 διαλάϐωμεν,

177 2391 230 2445 ὃν
260 2397 306 2448 οί
329 2397 544 2466 φαύλως
582 2403 865 2468 ποιοῦντες
899 2407 992 2460 καὶ
1035 2409 1422 2480 ἐσφαλμένως,
1463 2413 1527 2482 τῇ
1565 2414 1745 2481 ἐγκει-

182 2485 302 2558 μένῃ
346 2493 667 2565 κατακρίσει
703 2497 948 2551 ὑπόδικοι
1001 2499 1262 2568 γίνονται.
1314 2504 1453 2556 Ὅσα
1493 2500 1586 2558 οὖν
1617 2505 1743 2578 περί

178 2580 431 2651 γεωργίας
479 2585 744 2658 εἴρηται,
787 2589 865 2654 ὡς
920 2594 1156 2663 συγγενῆ
1205 2597 1318 2659 τοῖς
1363 2597 1746 2668 προκειμένοις

179 2670 625 2748 συνεξετάσωμεν.
659 2680 813 2733 Ἐστι
836 2681 935 2751 μὲν
961 2679 1053 2736 οὖν
1081 2685 1272 2739 ἀστεία
1301 2687 1514 2756 φυτεία,
1540 2691 1573 2758 ἡ
1607 2689 1746 2743 κατὰ

176 2761 256 2815 τὸν
278 2764 598 2837 Σολομῶντα
627 2770 850 2839 λέγοντα
871 2789 884 2803 ο
922 2775 1252 2844 Ἐερύτευσά
1274 2796 1375 2847 μοι
1399 2780 1743 2849 ἀμπελῶνα,

177 2853 420 2925 ἐποίησὰ
435 2878 539 2928 μοι
575 2862 812 2931 κήπους
848 2866 946 2918 καί
999 2867 1424 2936 παραδείσους,
1471 2872 1569 2925 καὶ
1605 2873 1747 2941 ἐφύ-

177 2956 347 3002 τευσα
374 2949 446 3002 ἐν
472 2953 686 3018 αὐτοῖς
714 2954 904 3018 ξύλον
928 2956 1051 3011 πᾶν
1075 2960 1325 3027 καρποῦ.
1361 2962 1515 3015 Ἔστι
1565 2963 1622 3016 δέ
1668 2982 1748 3028 τις

178 3040 372 3104 φυτεία,
394 3044 461 3114 ἣν
484 3045 590 3098 οὐκ
620 3046 916 3115 ἐφύτευσεν
943 3051 1234 3122 ὁούράνιος
1268 3053 1478 3126 Πατὴρ,
1513 3056 1634 3126 ἥτις
1655 3059 1749 3112 καὶ

175 3129 471 3199 ἑκριζοῦται
499 3138 644 3189 κατὰ
675 3138 774 3208 τὴν
802 3139 1030 3213 ἀπειλὴν
1059 3143 1154 3195 τοῦ
1194 3145 1422 3216 Κυρίου.
1457 3147 1604 3220 Αὕτη
1634 3149 1747 3221 δὲή

1847 1956 2027 2010 licatio
2054 1955 2267 2018 est,sed
2296 1955 2388 2010 Dei
2415 1955 2577 2010 etiam
2601 1955 2951 2024 agricultura,
2970 1954 3046 2008 uti
3071 1954 3261 2009 beatus
3283 1951 3428 2007 Pau-

1847 2048 1930 2101 lus
1957 2046 2033 2100 ait
2054 2045 2132 2113 "°;
2163 2054 2219 2100 et
2247 2046 2503 2115 quoniam
2537 2047 2723 2100 eadem
2760 2045 2939 2098 anima
2973 2028 3194 2098 fundata
3226 2051 3310 2098 est
3328 2057 3436 2097 ceu

1847 2139 2060 2198 domus,
2091 2151 2156 2190 ac
2190 2136 2433 2190 radicata
2491 2144 2754 2204 tanquam
2810 2135 2995 2204 planta
3041 2132 3135 2205 (In
3172 2134 3434 2188 charitate

1847 2229 2014 2292 enim,
2038 2225 2236 2296 inquit,
2279 2225 2501 2279 radicati
2530 2235 2576 2279 et
2612 2225 2822 2294 fundati
2853 2223 2921 2295 ⁷¹)
2948 2242 2962 2278 :
2990 2223 3216 2295 agedum
3263 2223 3429 2278 etiam

1849 2322 1914 2374 de
1959 2317 2073 2387 agri
2115 2318 2180 2370 ad
2210 2330 2396 2384 agrum
2420 2316 2730 2370 admotione
2759 2314 3121 2378 disseramus;
3149 2328 3311 2383 quam
3334 2315 3430 2383 qui

1857 2410 2124 2464 malitiose
2158 2417 2362 2463 etcum
2407 2422 2594 2462 errore
2631 2415 2909 2477 praestant,
2944 2405 3201 2476 subjectae
3249 2405 3430 2460 multa:

1853 2500 1988 2554 ﬁunt.
2038 2500 2284 2554 obnoxii.
2331 2497 2676 2566 Quaecunque
2727 2497 2891 2567 igitur
2923 2497 2993 2552 de
3043 2496 3430 2566 agricolatione

1851 2601 1977 2648 sunt
2010 2591 2177 2658 dicta,
2212 2601 2397 2661 utp0te
2430 2591 2498 2644 iis
2525 2605 2644 2662 quae
2664 2589 2730 2645 ad
2765 2603 2984 2644 manum
3020 2597 3150 2644 sunt
3173 2587 3430 2654 conllnia,

1851 2682 2010 2739 simul
2051 2682 2412 2736 excutiamus.
2449 2678 2592 2735 Sane
2630 2678 2849 2750 elegans
2879 2689 2963 2740 est
2986 2686 3042 2733 et
3079 2679 3246 2747 proba
3277 2677 3413 2746 plan-

1854 2778 2116 2844 tatio,i|la
2143 2777 2355 2833 scilicet
2381 2775 2708 2840 Salomonis,
2740 2775 2830 2844 qui
2857 2775 2932 2828 ait
2967 2787 2982 2825 :
3019 2771 3269 2827 Plantavi
3302 2770 3429 2825 mihi

1852 2872 2054 2926 vineam
2083 2882 2102 2921 :
2141 2868 2240 2938 feci
2271 2867 2397 2920 mihi
2441 2867 2616 2919 hortos
2647 2875 2694 2919 et
2736 2864 2997 2934 pomaria,
3031 2875 3080 2917 et
3110 2862 3346 2932 planlaoi
3375 2862 3438 2915 iu-

1854 2964 1926 3018 eis
1952 2961 2150 3031 lignum
2174 2974 2321 3012 omne
2341 2957 2546 3027 [ructus
2566 2956 2633 3008 ".
2651 2955 2876 3018 Contra,
2892 2953 3154 3023 plantatio
3176 2953 3423 3022 quaedam

1855 3063 1955 3120 est,
1991 3068 2151 3124 quam
2176 3066 2280 3106 non
2309 3049 2571 3120 plantavit
2608 3047 2771 3102 Pater
2792 3045 3052 3108 caelestis,
3082 3059 3202 3114 quae
3228 3054 3282 3099 et
3309 3058 3432 3099 era-

1857 3149 2083 3207 dicatur,
2111 3143 2262 3212 juxta
2305 3140 2516 3196 Domini
2563 3139 3041 3194 comminatiouem
3067 3136 3134 3190 7’.
3167 3135 3293 3190 llznc
3337 3151 3433 3189 au-

176 3223 354 3286 φυτεία
387 3227 454 3281 ὲκ
476 3228 592 3298 (22)
631 3230 799 3296 φυτοῦ
823 3231 1066 3303 Σοδόμων
1099 3236 1200 3307 τὴν
1223 3237 1465 3306 ἄμπελον
1495 3239 1628 3310 ἔχει,
1656 3243 1750 3294 καὶ

1857 3253 1960 3297 tem
1985 3238 2244 3309 plautatio
2277 3234 2438 3290 habet
2461 3235 2624 3288 vitem
2664 3246 2732 3287 ex
2764 3231 3120 3287 Sodomorum
3164 3226 3434 3296 plantario

174 3313 263 3383 τὴν
295 3317 604 3390 κληματίδα
648 3323 712 3375 ἐκ
758 3324 1076 3397 Γομόρρας,
1132 3329 1226 3381 καὶ
1269 3331 1544 3404 σταφυλὴν
1590 3333 1751 3405 χολῆς

173 3413 417 3479 γεωργεῖ,
440 3415 537 3466 καὶ
579 3413 774 3486 βότρυν
800 3418 1025 3488 πικρίας
1062 3421 1214 3491 φέρει
1233 3425 1347 3485 τοῖς
1371 3426 1748 3495 κεκτημένοις.

175 3498 358 3567 Θυμὸς
380 3501 732 3570 δρακόντων
757 3510 790 3560 ὀ
814 3504 978 3574 οἶνος
1003 3511 1219 3576 αὐτῶν,
1249 3513 1347 3567 καὶ
1373 3515 1558 3584 θυμὸς
1574 3516 1754 3570 ἀσπί-

170 3586 282 3642 δων
307 3594 555 3663 ἀνίατος
591 3597 725 3668 (25).
780 3600 838 3651 'U
879 3596 970 3654 οῦν
1011 3603 1430 3672 καταφυτεύσας
1463 3607 1523 3660 τὸ
1557 3608 1751 3661 ἑαυτοῦ

172 3683 488 3753 ἡγεμονικὸν
523 3689 674 3760 πάσῃ
703 3694 1052 3765 καρποφορίᾳ
1076 3700 1414 3767 πνευματικῇ
1444 3738 1458 3760 ,
1503 3699 1599 3752 καὶ
1643 3702 1754 3762 τοῖς

172 3773 229 3824 ὲκ
255 3775 469 3843 φύσεως
511 3778 892 3851 ὲρῤιζωθεῖσιν
914 3783 1063 3856 αύτῷ
1083 3787 1218 3856 πρὸς
1238 3787 1497 3854 ἐπίδειξιν
1525 3789 1755 3858 καρπῶν

170 3861 507 3942 δικαιοσύνης
545 3872 698 3944 παρά
729 3873 822 3926 τοῦ
849 3875 1129 3940 κτίσαντος
1161 3876 1436 3931 ἐπιϐαλὼν
1477 3879 1545 3932 τὰ
1573 3879 1637 3932 ὲκ
1659 3877 1754 3931 τοῦ

170 3959 400 4028 πονηροῦ
422 3963 700 4033 γεωργοῦ,
729 3960 880 4029 οὗτός
916 3969 1062 4020 ἐστιν
1085 3969 1112 4020 ὁ
1141 3968 1228 4021 διὰ
1258 3969 1348 4022 τὸν
1375 3969 1758 4041 ἀπηγορευμέ-

170 4062 254 4099 νον
284 4055 700 4125 προσεγγισμὸν
737 4057 907 4128 ἀγροῦ
957 4059 1094 4130 πρὸς
1137 4059 1304 4132 ἀγρὸν
1339 4061 1442 4114 ὑπὸ
1475 4062 1567 4114 τοῦ
1601 4062 1755 4130 λόγου

167 4142 608 4217 ταλανιξόμενος.
635 4149 732 4202 Διά
751 4149 908 4203 τοῦτο
931 4151 1025 4204 καὶ
1055 4153 1268 4205 ἀπειλεῖ
1301 4153 1448 4224 αύτῷ
1478 4155 1576 4224 τὴν
1619 4156 1757 4223 ἀερο-

1853 3334 2137 3395 consitam,
2163 3341 2216 3385 et
2254 3327 2529 3398 palmitem
2583 3340 2648 3380 ex
2697 3323 2999 3379 Gomorrha
3055 3326 3431 3389 exportatum;

1853 3423 2060 3496 profert
2084 3423 2267 3476 itidem
2299 3434 2458 3472 uvam
2495 3417 2656 3484 fellis,
2684 3424 2846 3484 atque
2878 3414 2993 3470 suis
3026 3411 3444 3483 possessoribus.

1855 3532 2125 3573 racemum
2172 3515 2284 3570 edit
2347 3511 2743 3567 amaritudinis.
2789 3507 2969 3562 Furor
3014 3511 3308 3561 draconum
3351 3508 3434 3559 vi-

1856 3624 1978 3660 num
2002 3621 2204 3668 eorum,
2236 3603 2404 3674 488
2434 3612 2480 3656 et
2517 3601 2675 3666 [uror
2724 3599 2969 3668 aspidum
3019 3595 3332 3651 insanabilis
3360 3596 3428 3649 ⁷⁵.

1856 3695 1956 3762 Qui
2007 3694 2168 3765 igitur
2219 3702 2455 3748 mentem
2489 3705 2640 3744 suam
2668 3688 2814 3743 omni
2865 3687 3200 3757 plantatione
3223 3684 3434 3741 fructus

1863 3785 2042 3838 omnis
2074 3783 2290 3853 generis
2324 3780 2542 3846 ferenti,
2579 3793 2751 3848 eaque
2790 3776 3020 3848 spiritali
3053 3776 3317 3840 consevit,
3347 3785 3432 3828 at-

1858 3894 1962 3950 que
1993 3881 2044 3933 in
2077 3877 2357 3934 facultates
2387 3875 2684 3944 naturales,
2717 3890 2836 3946 quae
2859 3874 2912 3929 in
2942 3875 3058 3944 ipso
3083 3888 3113 3926 a
3142 3872 3436 3928 Conditore

1860 3972 1927 4024 ad
1957 3969 2164 4024 fructus
2195 3968 2422 4039 justitiae
2475 3968 2827 4037 proferendos
2874 3967 3130 4023 radicula:
3157 3974 3302 4030 sunt,
3350 3965 3434 4019 in-

1853 4061 1985 4129 jecit
2027 4061 2346 4130 nequissimi
2380 4061 2628 4130 agricola:
2671 4061 2898 4123 semina,
2934 4058 3021 4112 hic
3059 4059 3174 4128 ipse
3215 4064 3319 4122 est,
3342 4055 3435 4126 qui

1858 4157 1927 4209 ob
1977 4155 2314 4208 interdictam
2367 4153 2484 4222 agri
2524 4153 2590 4208 ad
2628 4169 2816 4221 agrum
2854 4151 3217 4206 admotionem
3271 4149 3436 4204 miser

174 4236 306 4304 ρίαν,
331 4240 408 4304 ὡς
444 4242 524 4314 μὴ
582 4242 880 4308 ὲξοίσοντος
918 4245 1284 4314 ἀναλογοῦντα
1328 4248 1392 4316 τῇ
1441 4246 1760 4318 διδασκαλίᾳ

1860 4261 1888 4298 a
1912 4245 2191 4314 Scriptura
2221 4243 2567 4315 praedicatur.
2599 4242 2940 4312 Quapropter
2971 4245 3021 4296 ei
3056 4241 3223 4296 etiam
3266 4241 3438 4295 inter-

167 4330 229 4398 τῇ
265 4331 392 4402 περὶ
424 4334 597 4387 αὑτὸν
626 4334 692 4387 τὰ
712 4336 818 4389 τῶν
847 4338 1074 4408 καρπῶν
1112 4340 1493 4408 ἐπιδείγματα.
1534 4336 1616 4395 Οὗ
1650 4338 1759 4408 γὰρ

1861 4338 2098 4391 minatur
2157 4336 2520 4401 sterilitatem,
2565 4345 2624 4390 ut
2675 4337 2766 4404 qui
2819 4335 3089 4389 fructuum
3137 4333 3437 4403 specimina

167 4419 446 4488 ἐργῶνται
476 4424 632 4479 δέκα
659 4425 829 4496 ζεύγη
847 4429 1035 4496 βοῶν,
1068 4430 1306 4497 ποιήσει
1355 4431 1638 4500 κεράμιον
1668 4433 1756 4487 ἓν.

1861 4429 2123 4482 doctrina:
2152 4427 2249 4482 sibi
2281 4429 2492 4482 tradita
2530 4425 2907 4481 convenientia
2933 4425 3177 4480 editurus
3211 4439 3315 4478 non
3345 4425 3436 4479 sit.

178 4511 238 4563 'H
271 4515 368 4583 μὲν
397 4515 552 4581 λέξις
577 4517 679 4588 τὴν
708 4519 972 4590 ἐγχώριον
998 4520 1280 4592 συνήθειαν
1313 4521 1460 4590 λέγει
1483 4522 1589 4573 τῶν
1621 4521 1760 4575 κατά

1866 4517 1963 4572 Ubi
2003 4521 2137 4572 enim
2189 4529 2342 4571 arant
2384 4518 2559 4572 decem
2601 4517 2729 4586 iuga
2778 4517 2968 4579 boum,
2996 4514 3156 4584 faciet
3183 4514 3437 4582 laguncu-

167 4603 261 4672 τὴν
287 4606 556 4678 Φοινίκην
582 4606 671 4660 διὰ
695 4607 833 4678 βοῶν
869 4610 1248 4681 ἀροτριώντων
1287 4612 1385 4683 τὴν
1429 4611 1674 4681 ἄμπελον
1691 4628 1704 4640 ·
1731 4613 1760 4663 6

1863 4611 1969 4664 Iam
2000 4626 2178 4664 unam.
2207 4609 2407 4662 Littera
2441 4611 2659 4678 quidem
2690 4609 2921 4676 patriam
2952 4606 3271 4660 Phtenicunt
3309 4620 3440 4659 con-

165 4691 218 4745 6'3
251 4694 410 4764 λόγος
442 4699 786 4752 ἐνδείκνυται
819 4702 947 4773 περὶ
977 4701 1084 4755 τῶν
1115 4703 1603 4774 ἐπαμφοτεριστῶν
1624 4743 1638 4766 ,
1670 4702 1766 4754 καὶ

1860 4701 2196 4755 suetudinem
2241 4701 2418 4764 docet,
2473 4703 2562 4769 qtti
2611 4715 2734 4753 cum
2782 4698 2956 4752 bobus
2985 4706 3143 4752 arant
3169 4697 3381 4751 vineam
3417 4711 3445 4760 ι

165 4788 270 4841 τῶν
287 4792 560 4845 ἐναντίων
588 4792 873 4863 δογμάτων
895 4795 1311 4865 ἐφαπτομένων,
1353 4796 1445 4848 καὶ
1469 4794 1766 4848 συναπτόν-

1859 4808 2051 4846 sensus
2083 4808 2212 4848 vero
2247 4807 2339 4847 eos
2389 4792 2611 4858 indicat,
2647 4790 2737 4860 qui
2782 4791 2833 4844 itt
2875 4797 3164 4856 utramque
3205 4801 3437 4856 propen—

165 4897 267 4934 των
292 4883 434 4955 πρὸς
462 4884 693 4954 ἄλληλα,
729 4879 804 4939 ὧν
837 4885 1075 4956 ἄκαρποι
1107 4887 1244 4939 εἰσιν
1279 4888 1332 4939 αἱ
1367 4885 1550 4955 ψυχαί.

1860 4884 1986 4937 dent
2008 4894 2238 4952 partem,
2258 4902 2321 4941 ac
2353 4884 2622 4940 contraria
2656 4881 3055 4951 amplectuntur
3079 4879 3350 4942 deamata,
3381 4887 3438 4932 et

168 4975 396 5031 alterum
453 4979 616 5032 alteri
670 4989 1001 5032 connectunt
1037 5002 1047 5033 :
1088 4995 1316 5048 quorum
1355 4982 1547 5032 anima:
1589 4975 1934 5030 infructuosa:
1963 4988 2085 5032 sunt
2112 4993 2174 5032 ac
2207 4980 2434 5035 steriles.

236 5071 356 5128 154.
395 5073 554 5126 Οὐαὶ
572 5075 626 5125 οἱ
654 5074 1014 5143 ἐγειρόμενοι
1054 5073 1117 5127 τὸ
1155 5073 1266 5144 (24)
1317 5073 1500 5141 πρωὶ,
1541 5074 1640 5127 καὶ
1693 5072 1759 5126 τὸ

1946 5072 2067 5130 154.
2091 5075 2356 5138 VERSJl,
2385 5073 2470 5128 12.
2501 5071 2591 5126 Va:
2609 5072 2671 5125 iis
2696 5070 2785 5138 qui
2810 5083 2960 5122 mane
2981 5072 3220 5135 surgunt,
3241 5072 3290 5116 et
3310 5063 3439 5117 sice-

2039 5254 2085 5285 ⁷³
2120 5253 2308 5307 Matth.
2355 5266 2443 5317 xv,
2483 5251 2567 5304 15.
2643 5248 2863 5303 “Deut.
2908 5261 3081 5308 χχχιι,
3111 5242 3198 5297 ⁸5⁸5.

233 5257 282 5294 ⁷⁸
317 5260 333 5315 Ι
367 5260 504 5318 Cor.
550 5277 630 5329 ιιι,
665 5263 718 5317 9.
794 5262 838 5293 τί
874 5261 1073 5328 Ephes.
1098 5277 1182 5326 tu,
1215 5259 1303 5316 l7.
1398 5262 1443 5294 "
1478 5259 1661 5316 Eccle.
1703 5278 1762 5326 II,
1791 5261 1854 5326 4,
1885 5259 1935 5312 5.

1868 5411 2158 5468 invenitur.

1941 5482 2053 5552 (2'2)
2093 5477 2256 5552 Editi,
2282 5477 2346 5530 ἐκ
2370 5474 2486 5530 τοῦ.
2614 5489 2706 5552 sex
2745 5487 2898 5552 mss,
2932 5472 3013 5524 ὲκ.

1940 5534 2054 5620 {423$
2096 5534 2314 5620 Veteres
2376 5561 2508 5620 se_x___
2536 5543 2677 5607 libri,
2745 5534 2980 5606 ἀνίατος.
3050 5541 3221 5604 Editi,
3285 5534 3441 5594 ἀνιω-

1871 5614 1984 5688 τον,
2021 5614 2100 5674 res
2127 5629 2199 5672 est
2224 5614 2548 5688 insanabilis.

1941 5681 2051 5760 (ἐι)
2091 5687 2306 5758 Antiqui
2337 5687 2440 5741 duo
2481 5684 2622 5752 libri,
2655 5681 2748 5754 τῷ.

233 5417 348 5488 (19)
388 5418 630 5473 Codices
653 5419 913 5488 quinque,
955 5416 1268 5488 οἰκοδομῶν.
1319 5414 1457 5470 Editi
1520 5429 1644 5468 vero
1711 5428 1761 5468 et

165 5487 296 5560 Reg.
331 5487 524 5560 primu
540 5506 581 5560 ς,
603 5487 945 5560 οἰκοδομιῶν.

235 5556 353 5627 (20)
397 5559 550 5614 Editi
582 5569 636 5613 et
659 5556 1044 5626 Regﬁprimus,
1080 5556 1248 5622 ἀξιον,
1285 5557 1490 5610 excidio
1522 5556 1757 5624 dignum.

165 5629 266 5684 Alii
301 5630 561 5696 quinque
588 5645 736 5684 mss..
774 5631 968 5691 αἴτιον,
1008 5627 1235 5695 a/ferens
1261 5628 1561 5694 perniciem.

258 5701 352 5767 2t)
398 5699 572 5764 Editi,
615 5698 758 5768 ψυχὴ
810 5700 920 5751 καί.
956 5697 1229 5753 Particula
1269 5697 1360 5750 καί
1394 5696 1446 5752 in
1487 5710 1614 5751 mss.
1656 5710 1759 5750 non
