3808 6212
364 339 436 397 ετ
447 343 469 396 1.

1325 343 1676 400 APPENDIX
1712 344 2003 405 OPERUM
2039 347 2096 403 S.
2132 345 2377 403 BASlLll
2417 346 2654 404 MAGNI.

3534 349 3643 408 572

362 477 487 517 ram
527 472 931 533 persequuntur,
962 480 1054 534 qui
1084 474 1391 532 exspectant
1431 483 1698 537 vesperam
1735 486 1760 522 :
1780 470 1957 524 vinum

2140 486 2271 539 κερα
2312 468 2661 537 διώκοντες,
2705 473 2760 525 οὶ
2794 471 3087 542 μένοντες
3129 474 3197 527 τὸ
3241 472 3357 542 ὀψέ
3378 490 3395 505 ·
3441 475 3477 527 ὁ
3528 474 3642 545 γὰρ

364 555 503 609 enim
533 556 795 610 comburet
840 573 945 611 eos.
984 555 1125 611 Nam
1163 573 1282 611 cum
1326 559 1560 626 cithara,
1596 568 1649 614 et
1678 562 1950 628 psalterio,

366 657 414 699 et
450 648 736 716 tympanis,
772 657 820 701 et
846 649 1013 715 tibiis,
1044 651 1221 703 uinum
1253 650 1431 705 bibunt
1460 668 1662 718 :opera
1697 669 1817 707 vero
1845 653 1953 708 Do-

365 738 497 790 mini
527 753 630 791 non
655 739 956 806 respiciunt,
975 748 1027 792 et
1052 756 1209 807 opera
1237 756 1485 795 manuum
1509 741 1623 811 ejus
1653 758 1758 795 non
1779 744 1953 805 censi:

367 832 575 887 derant.
599 831 898 901 Apostolici
932 833 1062 887 dicti
1090 834 1526 903 explanationem
1569 835 1655 889 illa
1687 836 1801 905 ipsa
1837 851 1956 904 pru-

369 924 567 990 pbetize
592 938 721 993 pars
747 924 993 980 continet
1028 944 1041 980 :
1072 942 1195 1007 nam
1229 927 1341 982 illic
1366 927 1541 997 inquit
1578 947 1592 982 :
1626 926 1837 981 Ebriosi
1869 943 1953 980 re-

368 1032 527 1084 gnum
567 1015 665 1070 Dei
694 1032 800 1070 non
847 1018 1183 1085 possidebunt
1211 1018 1257 1050 τ⁵
1290 1035 1304 1071 :
1338 1019 1425 1073 hic
1475 1029 1653 1072 autem
1684 1036 1698 1073 :
1754 1016 1843 1070 Va:
1888 1019 1954 1090 iis

369 1108 461 1176 qui
497 1124 650 1163 mane
697 1120 940 1178 surgunt,
965 1118 1013 1163 et
1045 1113 1266 1163 siceram
1307 1122 1709 1181 persequuntur.
1742 1108 1952 1162 Etenim

369 1198 644 1268 potionem
671 1199 969 1269 quamlibet
993 1217 1112 1271 qua:
1143 1188 1508 1255 temulentiam
1551 1201 1730 1256 facere
1755 1209 1953 1270 potest,

375 1290 608 1346 siceram
656 1305 849 1345 vocare
887 1292 1065 1346 solent
1125 1291 1356 1348 Hebrazi.
1403 1293 1589 1362 Itaque
1644 1293 1758 1362 qui,
1799 1291 1954 1361 juxta

379 1379 729 1434 Proverbium
764 1379 832 1442 ⁷⁸,
883 1396 1011 1435 mox
1062 1380 1385 1436 adveniente
1431 1383 1539 1446 die,
1580 1382 1647 1435 ad
1682 1381 1870 1449 pocula
1902 1390 1957 1434 ct

374 1471 583 1541 phialas
608 1472 1040 1542 conjiciuutsuos
1059 1473 1265 1538 oculos,
1284 1474 1844 1542 circuntspectantque
1867 1471 1954 1525 ubi

376 1564 509 1618 tiant
533 1564 982 1634 compotationes,
1016 1573 1071 1618 et
1110 1564 1502 1620 circumferunt
1539 1567 1729 1620 oculos
1774 1564 1828 1618 in
1873 1571 1955 1616 ta-

374 1654 575 1710 bernas
602 1669 668 1709 ac
696 1669 992 1724 cauponas,
1024 1658 1225 1726 quique
1272 1671 1396 1711 sese
1446 1657 1677 1712 invicem
1711 1656 1778 1711 ad
1808 1670 1959 1711 com-

374 1748 668 1835 putandum
703 1748 1061 1815 deducentes,
1085 1764 1247 1804 omne
1289 1751 1454 1805 animi
1484 1751 1724 1806 studium
1754 1750 1956 1805 sollici-

378 1819 729 1910 iudiuemque
779 1840 832 1893 in
887 1838 1153 1907 ejusmodi
1186 1842 1337 1897 curis
1385 1852 1736 1906 consumunt,
1765 1843 1799 1896 ii
1856 1844 1953 1897 dc-
1990 1819 2030 1876 Β

374 1932 576 1984 tlentur
602 1945 630 1984 a
670 1932 948 2002 prepheta.
983 1933 1045 1986 Hi
1081 1934 1296 2002 quidem
1345 1935 1545 1989 nullum
1593 1936 1699 1989 sibi
1747 1944 1956 2003 tempus

378 2034 663 2079 reservant
710 2024 780 2079 ad
830 2024 966 2079 mira
999 2026 1089 2080 Dei
1141 2041 1305 2095 opera
1338 2029 1750 2095 consideranda,
1782 2043 1956 2097 neque

375 2116 444 2171 ad
505 2116 701 2172 cmlum
760 2132 937 2188 neque
979 2119 1045 2172 ad
1095 2118 1212 2187 ejus
1273 2120 1522 2175 decorem
1553 2120 1954 2189 suspiciendum

374 2207 551 2263 oculis
579 2209 694 2263 suis
724 2209 893 2263 otium
931 2211 1279 2278 suppeditant
1306 2220 1365 2265 ut
1412 2227 1479 2265 ex
1529 2226 1716 2266 eorum
1759 2218 1954 2264 ornatu

373 2303 696 2370 perveniant
721 2303 787 2356 ad
831 2303 1143 2360 Conditoris
1182 2302 1611 2374 cognitionem"
1641 2317 1656 2355 :
1684 2303 1779 2356 sed
1809 2312 1958 2369 tape-

379 2395 522 2450 tibus
550 2395 782 2451 dive'rsis
809 2406 862 2451 et
891 2394 1096 2451 ﬂoridis
1127 2395 1644 2464 peripetasmatibus
1687 2395 1961 2450 adornant

374 2485 614 2540 convivii
649 2486 849 2552 locum,
882 2496 1047 2555 atque
1075 2486 1237 2540 inane
1276 2484 1546 2554 quoddam
1583 2483 1819 2539 studium
1862 2499 1960 2537 va-

376 2592 614 2646 namque
659 2577 997 2648 diligentiam
1049 2578 1105 2632 in
1145 2578 1402 2647 parandis
1443 2577 1650 2646 poeulis
1679 2579 1958 2633 adhibent.

377 2669 595 2739 Quippe
630 2685 759 2725 vasa
801 2670 1172 2740 refrigerando
1200 2671 1323 2725 vino
1368 2670 1749 2736 accommoda,
1782 2673 1960 2742 rhyta,

270 2752 279 2764 ’
377 2761 878 2832 pltialas,poculum
905 2764 1285 2829 bederaceum,
1313 2772 1572 2831 crateres,
1592 2773 1647 2817 et
1666 2764 1766 2817 alia
1799 2764 1850 2818 id
1873 2779 1965 2834 ge-

379 2868 485 2908 nus
507 2853 727 2910 nomina
746 2868 809 2907 ac
832 2852 1033 2924 ﬁguras
1050 2868 1148 2924 pro
1172 2853 1455 2910 ebrietatis
1480 2865 1737 2923 apparatu
1761 2854 1965 2924 lingunt

379 2956 545 3015 atque
571 2945 1269 3016 comminiscunturzquasi
1305 2946 1419 3000 haec
1452 2961 1711 3001 vasorum
1728 2948 1966 3000 varietas

381 3039 454 3094 ab
486 3039 569 3095 eis
604 3047 913 3094 removeret
956 3038 1286 3102 satietatem,
1320 3047 1375 3092 et
1417 3036 1722 3094 immutatio
1757 3038 1968 3107 poculo-

381 3147 505 3186 rum
532 3130 930 3199 diversitasque
969 3130 1221 3185 idoneam
1250 3129 1318 3185 ad
1366 3130 1655 3185 bibendum
1694 3132 1961 3185 exercita-

383 3224 587 3278 tionem
618 3203 750 3293 ipsis
782 3222 1066 3292 praeberet.
1096 3221 1301 3277 Deinde
1330 3221 1567 3277 vicissim
1600 3222 1701 3277 sibi
1734 3222 1963 3276 invicem

382 3311 736 3382 propitiantes
807 3321 977 3380 atque
1024 3321 1180 3380 potus
1238 3319 1518 3366 certamen
1582 3312 1966 3375 instituentes,

383 3418 545 3473 quem
582 3402 797 3460 modum
839 3404 906 3457 ad
936 3418 1089 3456 suam
1142 3403 1382 3471 ipsorum
1430 3401 1781 3470 ignominiam
1831 3418 1968 3473 prae-

388 3495 736 3550 termittunt?
762 3495 922 3561 Victi,
956 3497 1205 3558 victores,
1244 3494 1584 3549 inebriantur
1612 3507 1821 3548 omnes.

2054 559 2217 628 οἶνος
2247 562 2470 629 αὐτοὺς
2499 565 2855 633 συγκαύσει.
2880 564 3043 620 Μετὰ
3068 566 3182 636 γὰρ
3218 563 3499 633 κιθάρας,
3538 564 3642 619 καὶ

2053 655 2415 723 ψαλτηρίου,
2457 656 2556 708 καὶ
2586 655 2932 726 τυμπάνων,
2954 657 3053 711 καὶ
3088 656 3313 721 αὐλῶν,
3344 657 3453 711 τὸν
3472 654 3647 711 οἶνον

2055 747 2327 811 πίνουσι,
2359 746 2431 800 τὰ
2464 746 2532 799 δὲ
2561 747 2705 817 ἔργα
2729 749 2949 817 Κυρίου
2977 753 3089 803 οὐκ
3126 749 3518 819 ἐμϐλέπουσι,
3540 748 3643 801 καὶ

2054 839 2127 893 τὰ
2148 839 2293 909 ἔργα
2330 838 2450 893 τῶν
2493 840 2710 910 χειρῶν
2745 841 2934 896 αὑτοῦ
2982 845 3054 897 οὗ
3088 841 3474 897 κατανοοῦσι.
3526 840 3645 910 Τῆς

2055 931 2417 1002 ἀποστολικῆς
2445 931 2642 997 λέξεως
2669 934 2769 1004 τὴν
2797 934 3054 1005 ἐξήγησιν
3076 934 3137 988 τὸ
3165 934 3337 1005 παρὸν
3364 932 3524 987 τοῦτο
3544 931 3647 1003 μέο

2060 1038 2151 1092 ρος
2191 1023 2291 1093 τῆς
2341 1024 2681 1095 προφητείας
2730 1026 3004 1097 περιέχειν
3040 1028 3158 1079 ἐκεῖ
3195 1026 3295 1097 μὲν
3336 1026 3441 1098 γὰρ
3471 1041 3642 1096 φησιο

2054 1114 2320 1168 Μέθυσοι
2365 1116 2695 1179 βασιλείαν
2737 1116 2884 1170 Θεοῦ
2918 1119 2990 1171 οὐ
3030 1118 3608 1187 κληρονομήσουσιν

2056 1205 2290 1261 ἐνταῦθα
2316 1206 2410 1260 δέ·
2446 1207 2592 1262 Οὐαὶ
2633 1212 2688 1262 οἱ
2718 1210 3077 1279 ἐγειρόμενοι
3104 1210 3171 1264 τὸ
3204 1211 3350 1281 πρωὶ
3373 1251 3387 1273 ,
3427 1210 3526 1264 καὶ
3574 1208 3650 1263 τὸ

2055 1299 2268 1368 σίκερα
2299 1297 2614 1367 διώκοντες
2639 1300 2773 1372 (25).
2812 1302 3012 1373 Σίκερα
3039 1302 3147 1372 γὰρ
3179 1304 3288 1355 πᾶν
3307 1302 3368 1354 τὸ
3403 1294 3647 1372 δυνάμε-

2057 1405 2144 1442 νον
2187 1387 2361 1460 μέθην
2384 1390 2687 1461 ἐμποιῆσαι
2722 1391 2873 1462 πόμα
2900 1395 3014 1457 τοῖς
3060 1392 3329 1463 Ἑϐραίοις
3355 1392 3648 1463 ὀνομάζειν

2058 1481 2312 1553 σύνηθες.
2349 1483 2413 1535 Ol
2441 1478 2535 1537 οὖν
2567 1483 2727 1547 εὖθὺς
2762 1484 3071 1556 ἀρχομένης
3094 1484 3195 1555 τῆς
3233 1485 3467 1556 ἡμέρας,
3498 1484 3651 1539 κατά

2057 1574 2156 1644 τὴν
2187 1575 2518 1646 Παροιμίαν,
2551 1576 2644 1629 ἐπὶ
2673 1575 2743 1629 τὰ
2775 1579 3015 1649 ποτήρια
3055 1578 3149 1630 καὶ
3179 1576 3279 1640 τὰς
3325 1576 3523 1646 φιάλας
3561 1576 3649 1629 δι·-

2058 1666 2241 1730 δόντες
2272 1667 2483 1720 ἑαυτῶν
2503 1668 2631 1732 τοὺς
2676 1667 3007 1740 ὀφθαλμοὺς,
3048 1670 3144 1723 καὶ
3182 1668 3650 1739 περισκοποῦντες

2060 1756 2163 1810 ποῦ
2195 1758 2348 1812 πότοι
2373 1759 2644 1827 γίνονται·
2698 1760 3022 1814 οίνοπωλεῖα
3054 1761 3150 1815 καὶ
3181 1759 3456 1830 καπηλεῖα
3490 1777 3652 1828 περι-

2059 1852 2125 1907 αθ
2135 1851 2369 1924 ροῦντες,
2395 1852 2489 1905 καὶ
2507 1852 2765 1924 ἀλλήλους
2786 1854 2878 1906 ἐπὶ
2905 1852 2975 1906 τὰ
3002 1852 3278 1923 συμπόσια
3292 1850 3651 1923 παραλαμϐά-

2060 1961 2263 2011 νοντες,
2290 1946 2385 1998 καὶ
2412 1946 2590 1998 πᾶσαν
2621 1945 2720 2014 τῆς
2747 1944 2925 2015 ψυχῆς
2953 1945 3051 2016 τὴν
3081 1944 3350 2017 μέριμναν
3392 1943 3523 2015 περὶ
3548 1941 3651 2012 τὴν

2061 2035 2168 2089 τῶν
2186 2037 2460 2089 ’τοιούτων
2500 2036 2756 2108 φροντίδα
2793 2036 3284 2100 καταναλίσκοντες
3306 2053 3320 2067 ⁸
3365 2029 3511 2090 οὗτοι
3541 2033 3653 2087 ὑπὸ

2061 2127 2155 2181 τοῦ
2180 2132 2456 2200 προφήτου
2499 2128 2990 2201 καταθρηνοῦνται.
3020 2129 3084 2182 Οἳ
3105 2129 3295 2201 καιρὸν
3326 2128 3423 2199 μὲν
3458 2126 3653 2180 οὐδένα

2064 2220 2277 2283 ἑαυτοῖς
2304 2220 2442 2292 πρὸς
2466 2221 2566 2292 τὴν
2592 2220 2701 2273 τῶν
2734 2220 3055 2290 θαυμασίων
3093 2220 3189 2274 τοῦ
3218 2219 3353 2272 Θεοῦ
3386 2218 3655 2291 κατανὸηο

2068 2326 2150 2364 σιν
2180 2311 2531 2381 παρέχουσιν,
2568 2312 2689 2366 οὐδὲ
2721 2298 2928 2365 διδόασι
2958 2311 3151 2383 σχολὴν
3188 2310 3301 2375 τοῖς
3347 2310 3654 2381 ὀφθαλμοῖς

2066 2403 2357 2456 ἀνανεῦσαι
2388 2402 2521 2473 πρὸς
2543 2404 2790 2473 οὐρανὸν,
2818 2404 2913 2457 καὶ
2940 2407 3011 2457 τὰ
3037 2405 3095 2457 ἐν
3114 2402 3262 2474 αὐτῷ
3292 2402 3485 2473 κάλλη,
3507 2401 3657 2455 ὥστε

2067 2495 2131 2547 ἐκ
2152 2495 2249 2565 τῆς
2265 2493 2470 2547 τούτων
2489 2494 2902 2565 διακοσμήσεως
2916 2494 3006 2548 τὸν
3028 2495 3404 2567 γενεσιουργὸν
3425 2497 3655 2559 ἐννοεῖν,

2068 2583 2317 2638 ἀλλὰκαὶ
2350 2583 2462 2655 (26)
2497 2585 2830 2655 κοσμοῦντες
2877 2586 3083 2640 ἐαυτῶν
3121 2587 3182 2640 τὸ
3218 2587 3520 2658 συμπόσιον
3558 2587 3659 2640 τά·-

2069 2691 2203 2745 πησι
2232 2673 2495 2738 ποικίλοις
2517 2676 2611 2728 καὶ
2633 2675 2863 2740 ἀνθινοῖς
2887 2678 3372 2748 παραπετάσμασι,
3392 2678 3665 2750 περιττὴν

2069 2765 2126 2818 δέ
2155 2783 2278 2819 τινα
2313 2766 2549 2836 σπουδὴν
2590 2769 2685 2821 καὶ
2719 2769 3039 2838 ἐπιμέλειαν
3076 2771 3157 2833 εἰς
3196 2769 3293 2841 τὴν
3323 2768 3433 2823 τῶν
3469 2771 3659 2823 ἐκπω-

2074 2856 2257 2925 μάτων
2303 2856 2659 2927 παρασκευὴν
2702 2858 3122 2925 ἐπιδείκνυνται,
3186 2857 3515 2928 ψυκτῆρας,
3561 2855 3663 2910 καὶ

2073 2945 2231 3017 ῥυτὰ,
2262 2946 2356 2999 καλ⁸
2396 2947 2615 3016 φιάλας,
2640 2948 2735 3001 καὶ
2764 2950 3066 3015 κισσύϐιον,
3091 2950 3188 3003 καὶ
3217 2949 3499 3020 κρατῆρας
3518 2988 3535 3012 ,
3568 2949 3669 3001 καᾶ⁸

2069 3038 2140 3091 τὰ
2166 3038 2389 3092 τοιαῦτα
2419 3039 2659 3111 ὀνόματά
2685 3056 2745 3092 τε
2792 3039 2888 3095 καὶ
2932 3043 3188 3111 σχήματα
3231 3043 3299 3112 τῇ
3333 3041 3665 3111 παρασκευῇ

2070 3130 2173 3201 τῆς
2197 3130 2370 3202 μέθης
2397 3131 2740 3195 ἐπινοοῦντες
2758 3146 2772 3160 ·
2797 3132 2873 3196 ὡς
2897 3133 2964 3187 ἂν
2989 3133 3053 3186 τὸ
3084 3134 3193 3189 τῶν
3219 3134 3457 3202 ἀγγείων
3477 3132 3673 3202 διάφοο

2074 3239 2188 3295 ρον,
2219 3223 2311 3276 τὸν
2336 3223 2503 3295 κόρον
2534 3225 2719 3289 αὐτοῖς
2747 3223 3097 3291 ὑποκλέπτοι,
3132 3227 3228 3279 καὶ
3265 3228 3297 3297 ἠ
3341 3225 3449 3281 τῶν
3478 3229 3671 3279 ἐκπω-

2076 3315 2261 3384 μάτων
2296 3315 2582 3387 ὑπαλλαγὴ
2632 3316 2747 3387 (27)
2782 3315 2878 3370 καὶ
2928 3315 3229 3386 μετάϐασις
3261 3317 3450 3387 ἱκανὴν
3475 3318 3667 3382 αὐτοῖς

2072 3407 2152 3468 εἰς
2171 3406 2232 3459 τὺ
2260 3406 2440 3461 πίνειν
2465 3407 2746 3480 διατριϐὴν
2777 3410 3002 3479 ἐμποιῇ.
3033 3404 3169 3461 Εἶτα
3185 3408 3673 3477 ἀντιπροπίνοντες

2072 3498 2346 3570 ἀλλήλοις,
2376 3502 2471 3554 καὶ
2503 3502 2584 3566 είς
2614 3501 2711 3573 τὴν
2736 3501 2877 3573 ὑπὲρ
2908 3500 3002 3554 τοῦ
3026 3501 3201 3555 πίνειν
3260 3500 3494 3572 ἅμιλλαν
3528 3501 3669 3555 καθ-

391 3591 636 3655 ιστάιντες
666 3590 798 3663 ('28),
831 3592 951 3645 τίνα
981 3589 1398 3664 ὑπερϐολήν-είς
1448 3590 1710 3661 αἰσχύνην
1746 3590 2293 3661 καταλείπουσιν;οί
2331 3595 2670 3664 ἡττώμενοι,
2728 3598 2777 3649 oi
2833 3596 3124 3661 νικῶντες,
3182 3594 3382 3659 πάντες
3434 3593 3670 3666 μεθύου-

390 3702 494 3739 σιν.

461 3778 583 3835 155.
614 3779 879 3835 Praeterea
916 3789 1092 3835 autem
1132 3788 1259 3834 sunt
1289 3780 1381 3849 qui
1417 3778 1634 3849 praesint
1667 3777 1975 3833 conviviis:

391 3878 519 3925 sunt
545 3879 599 3923 et
630 3870 900 3939 principes
946 3871 1325 3940 pincernarum
1350 3879 1405 3925 et
1429 3869 1805 3935 arcltitriclini,
1840 3870 1974 3923 etin

2154 3778 2278 3833 155.
2320 3777 2731 3849 Συμποσίαρχοι
2750 3776 2808 3831 δέ
2839 3793 2984 3841 τινες
3010 3776 3103 3829 ἐπὶ
3143 3775 3388 3839 τούτοις,
3434 3776 3531 3829 καὶ
3571 3777 3674 3846 ἀρ-

2083 3868 2369 3942 χιοινοχόοι
2405 3870 2502 3923 καὶ
2538 3867 2934 3940 ἀρχιτρίκλινοι
2957 3906 2973 3930 ,
3015 3868 3109 3921 καὶ
3154 3865 3308 3931 τάξις
3344 3867 3404 3919 ἐν
3447 3863 3677 3938 ἀταξίᾳ,

392 3978 456 4016 re
480 3961 784 4017 inordinata
813 3962 945 4018 ordo
970 3974 1076 4034 est,
1106 3975 1159 4018 et
1185 3965 1432 4034 quaedam
1457 3962 1511 4017 in
1537 3978 1593 4017 re
1621 3962 1965 4031 incomposita

2140 3961 2177 4013 ιὶ
2229 3958 2472 4022 διάθεσις
2522 3960 2581 4012 ἐν
2631 3960 2860 4031 ἀκόσμῳ
2912 3958 3220 4030 πράγματι.
3268 3956 3579 4011 Μεθύουσιν
3622 3959 3675 4010 oi

394 4056 734 4124 compositio.
758 4054 1074 4111 Obruuntur
1117 4056 1243 4111 vino
1270 4056 1510 4124 praefecti
1532 4096 1549 4122 ,
1585 4055 1816 4110 ministri
1854 4056 1965 4111 vinc

2140 4053 2402 4107 ιιστάταιο
2439 4051 2730 4124 μεθύουσιν
2756 4054 2806 4107 οἱ
2845 4052 3118 4124 ὑπηρέται
3140 4068 3154 4083 ·
3179 4050 3358 4104 πάντα
3382 4048 3683 4118 γελώντων

398 4153 716 4216 merguntur
767 4165 782 4202 :
837 4147 1172 4214 complentur
1239 4146 1408 4219 489
1456 4147 1637 4201 omnia
1717 4148 1965 4203 risoribus

2140 4145 2175 4197 ιῑ
2206 4144 2515 4215 μεθυόντων
2566 4145 2774 4216 γέμει,
2821 4143 3057 4198 ἐλεεινὸν
3106 4142 3284 4213 θέαμα
3329 4143 3678 4214 Χριστιανῶν

400 4246 456 4290 et
508 4237 846 4301 temulentis,
883 4238 1251 4306 spectaculum
1318 4238 1490 4293 oculis
1540 4237 1965 4293 Christianorum

2140 4236 2396 4307 νθαλμοῖς.
2425 4233 2559 4289 Εἶτα
2592 4237 2798 4309 μέντοι,
2824 4233 3016 4307 ὥσπερ
3042 4236 3163 4299 ταῖς
3180 4235 3376 4306 ἀρχαῖς
3399 4236 3522 4297 ταῖς
3544 4232 3680 4297 ἕξω-
3721 4262 3725 4265 -

403 4329 791 4384 miserandum.
825 4329 1015 4385 Postea
1051 4345 1202 4398 vero,
1236 4331 1687 4401 quemadmodum
1721 4331 1775 4386 in
1805 4313 1965 4387 domi-

2142 4345 2171 4381 ν
2201 4330 2239 4399 ἡ
2266 4329 2531 4400 σεμνότης
2561 4328 2671 4382 τῶν
2699 4328 3013 4400 δορυφόρων
3045 4328 3144 4398 τὴν
3177 4325 3500 4380 δυναστείαν
3542 4343 3686 4397 παρ-

404 4420 513 4476 uiis
545 4417 833 4475 mundanis
869 4420 1163 4489 potentiam
1190 4429 1350 4489 auget
1374 4420 1664 4476 satellitum
1698 4421 1934 4491 gravitas

2140 4418 2279 4485 5ξει’
2311 4417 2455 4472 οὕτω
2493 4418 2587 4472 καὶ
2635 4421 2703 4491 τῇ
2761 4419 2898 4491 μέθῃ
2950 4416 3060 4471 οἷον
3103 4416 3334 4487 βασιλίδι
3377 4416 3683 4488 θεραπείαν

405 4513 478 4567 ita
523 4512 687 4567 etiam
744 4513 1076 4568 temulent'ne
1132 4521 1390 4582 tanquam
1424 4513 1626 4583 reginae
1660 4514 1965 4583 obsequitur

2140 4511 2211 4565 .νά
2237 4513 2687 4583 περιστήσαντες,
2704 4513 2765 4566 τὸ
2785 4512 3148 4566 ἐπονείδιστον
3177 4510 3290 4578 (29)
3314 4509 3401 4563 διὰ
3419 4510 3481 4562 τὺ
3508 4511 3687 4581 ὑπερ-

404 4604 684 4674 quoddam-
721 4603 775 4657 in
831 4603 1019 4659 orbem
1070 4612 1426 4673 praestantes,
1459 4603 1609 4658 cultu
1658 4604 1965 4673 impensiore

2140 4603 2286 4657 ἱλλον
2308 4604 2409 4674 τῆς
2438 4604 2673 4675 σπουδῆς
2695 4604 3128 4676 περιστέλλουσι.
3146 4601 3411 4671 Στέφανοι
3438 4601 3533 4653 ἐπὶ
3558 4601 3686 4654 τού-

405 4696 643 4750 dedecus
698 4695 817 4766 ejus
853 4697 1134 4765 obtegunts
1162 4695 1240 4749 Ad
1276 4696 1393 4751 haec
1440 4711 1685 4762 corona,
1725 4694 1886 4750 ﬂores
1931 4696 1965 4750 it

2140 4713 2205 4758 ης
2233 4695 2329 4749 καϊ
2367 4695 2504 4766 ἄνθη
2536 4694 3087 4766 κατασκεδαννύμενα
3123 4691 3203 4763 τῷ
3242 4692 3551 4762 συμποσίῳ,
3586 4693 3686 4745 καὶ

407 4787 658 4844 convivio
684 4790 987 4858 conspersi,
1023 4797 1317 4857 unguenta,
1344 4787 1694 4859 thymiamata
1731 4796 1785 4842 et
1825 4789 1965 4842 innu‘

2140 4786 2244 4858 ύρα
2276 4789 2370 4840 καὶ
2397 4786 2741 4860 θυμιάματα,
2773 4789 2868 4841 καὶ
2902 4787 3093 4859 μυρίαι
3125 4786 3267 4849 τινὲς
3289 4784 3487 4849 ἔξωθεν
3545 4785 3687 4855 θυμι-

410 4896 558 4937 tnera
598 4881 841 4952 quaedam
909 4879 1301 4934 oblectamenta
1355 4879 1690 4933 extrinsecus
1746 4879 1965 4933 adbibit:

2140 4879 2238 4932 δίαι
2276 4880 2842 4952 προσμηχανώμεναι,
2887 4880 3105 4934 πλείονα
3149 4879 3246 4950 τὴν
3293 4877 3551 4948 ἀσχολίαν
3571 4879 3687 4941 τοῖς

482 5079 533 5113 ⁷⁸
562 5082 579 5134 l
617 5078 754 5142 Cor.
778 5094 854 5146 vr,
884 5075 972 5133 10.
1047 5077 1093 5108 ⁷⁸
1126 5075 1286 5131 Prov.
1318 5078 1581 5140 xxm,‘51.
1658 5077 1701 5107 ⁷⁷
1731 5075 1855 5143 Sap.
1889 5090 2006 5139 xm,
2038 5076 2092 5129 5.

489 5234 602 5306 (ΞΒ)
640 5234 805 5306 Ειιῑιί,
830 5243 885 5289 et
927 5234 1170 5306 quinque
1210 5249 1363 5306 mss.,
1407 5234 1540 5288 διότι
1585 5232 1694 5305 γὰρ
1743 5232 1987 5306 μέθυσοι,

416 5304 875 5381 φησὶςβασιλείαν
918 5305 1053 5381 θεοῦ
1083 5304 1164 5381 οῦ
1197 5304 1710 5381 κληρονομήσουσιν.
1757 5304 1997 5381 ἐνταῦθα.

414 5374 771 5433 δὲ’δείκνυται
796 5377 879 5429 ὅτι
906 5376 957 5428 οἱ
984 5374 1321 5446 ἐγειρόμενοι
1350 5375 1412 5428 τὸ
1440 5375 1585 5444 πρωὶ
1614 5374 1708 5426 καὶ
1732 5374 1792 5427 τὸ
1826 5375 1992 5445 μέθυ-

418 5466 539 5519 σμα
558 5446 846 5510 διώκοντες
865 5447 966 5519 {in
993 5447 1320 5519 quibushoc
1353 5446 1681 5519 incum-modi
1713 5457 1834 5519 est,
1852 5446 1995 5514 quod

420 5514 657 5572 secunda
697 5516 901 5587 periodi
934 5514 1326 5587 pars_perfecta
1364 5529 1468 5568 non
1496 5515 1587 5587 sit,
1623 5528 1727 5587 nec
1757 5516 1868 5569 suis
1898 5531 1999 5567 nu-

423 5589 590 5641 meris
625 5583 890 5642 absoluta.
939 5583 1011 5639 λι
1053 5583 1186 5653 Reg.
1224 5594 1448 5653 quartus
1492 5586 1568 5637 uti
1622 5583 1674 5637 in
1716 5592 1995 5648 contexui,

425 5656 637 5710 melius.
675 5656 801 5711 llaec
842 5657 911 5710 ab
949 5654 1290 5725 Eusebioila
1336 5663 1619 5725 mutuatus
1645 5664 1727 5725 est
1767 5654 2000 5725 scriptor

423 5726 833 5792 Commentarii,
853 5735 906 5779 ut
934 5740 999 5779 ea
1027 5723 1717 5794 paululumimmutaverit.

498 5795 612 5869 (26)
650 5795 872 5871 Antiqui
903 5803 1012 5855 tres
1028 5792 1179 5866 libri,
1204 5792 1340 5852 ἀλλὰ
1360 5792 1473 5852 καί.
1499 5793 1656 5853 Deest
1677 5794 1771 5850 καί
1791 5792 1845 5853 in
1877 5808 2001 5869 per-

2097 5234 2347 5290 vulgatis.

2173 5251 2472 5378 ξξξῗεροιι).
2512 5304 2754 5378 primus__,_
2780 5301 3113 5378 perditam.
3278 5367 3317 5378 κ
3338 5368 3369 5378 η
3382 5366 3413 5378 Δ.

2178 5365 2291 5443 (28)
2330 5365 2550 5429 Veteres
2579 5390 2672 5429 sex
2705 5365 2846 5439 libri,
2873 5365 3248 5443 καθιστᾶντες.
3268 5366 3437 5443 _Editi,
3468 5365 3687 5443 καθιέν-

2100 5435 2212 5522 τες.
2245 5435 2452 5522 ibidem
2495 5445 2655 5522 iidem
2679 5444 2760 5522 illi
2788 5435 3036 5522 codices.
3085 5440 3208 5522 τίνα
3260 5435 3570 5522 ύπερϐολῆν
3608 5437 3688 5522 El;

2100 5515 2363 5587 αἰσχύνην
2394 5514 2587 5587 καταλ.
2613 5514 2752 5587 Editi
2779 5528 2929 5576 vero,
2960 5511 3081 5565 τίνα
3110 5512 3201 5573 είς,
3226 5509 3489 5579 αἰσχύνης
3520 5509 3687 5574 ὑπερ-

2102 5586 2263 5659 ϐολῂν
2295 5585 2510 5659 καταλ.,
2549 5585 2689 5659 lt_au_d
2726 5592 2890 5659 recte.
3109 5649 3122 5659 .
3168 5647 3195 5659 η

2174 5649 2287 5726 (Ξθ)
2327 5649 2504 5719 ΕιΙίιί,
2539 5653 2601 5708 τὸ
2644 5652 3007 5706 ἐπονείδιστον
3061 5649 3258 5726 αὐτῆς.
3317 5649 3387 5703 At
3424 5660 3534 5702 vos
3584 5656 3690 5704 αορ

2102 5721 2201 5799 τῆς
2231 5721 2283 5782 in
2316 5727 2517 5784 nostris
2555 5738 2649 5782 sex
2677 5740 2809 5781 mss.
2847 5739 2951 5780 non
2983 5721 3273 5792 reperitur.
