3808 6212
306 273 376 330 75
1121 283 1478 340 COM‘MENT.
1522 284 1587 340 IN
1628 285 1877 341 ISAIAM-
1906 285 2348 344 PROPHETAM.
2391 287 2545 343 CAP.
2587 277 2650 345 v.‘

3423 281 3538 372 sn;

263 393 664 464 ἀπολλυμένοις
688 400 1215 468 παρασκευάζουσιν,
1239 405 1524 476 ἰσόρροπον
1545 407 1724 470 αὐτοῖς
1747 405 1854 478 (-50)

1966 406 2208 464 homines
2231 406 2471 478 perditos
2497 407 2672 477 magis
2697 415 2975 471 exercent,
2997 417 3184 476 eisque
3211 383 3539 475 supplicium9

259 488 330 557 τῇ
355 487 608 562 παρούσῃ
643 491 958 564 φαιδρότητι
981 494 1079 566 τὴν
1116 497 1334 551 αἰώνιον
1379 499 1600 553 κόλασιν
1648 500 1844 572 προξε-

1966 509 2211 554 eternum
2245 500 2498 568 praesenti
2537 499 2798 554 hilaritati
2827 501 2970 554 haud
3005 499 3183 567 impar
3219 505 3524 552 accersunt.

260 575 482 631 νοῦντα.
515 575 652 635 Εἶτα
680 583 868 656 πόρρω
893 587 1176 657 προίόντος
1205 587 1300 642 τοῦ
1329 590 1492 644 πότου
1514 633 1528 657 ,
1570 591 1724 645 αὐλοὶ
1753 593 1847 645 καὶ

259 667 489 755 κιθάραι
520 673 613 725 καὶ
636 674 914 746 τύμπανα,
944 680 1084 732 κατά
1123 680 1218 740 μὲν
1262 682 1362 753 τὴν
1407 684 1667 755 ἀλήθειαν
1709 685 1846 738 ἀπο-

262 751 570 845 θρηνοῦντα
597 763 723 826 τοὺς
760 765 1184 838 ἀπολλυμένους,
1237 751 1378 824 κατὰ
1415 773 1473 825 δὲ
1499 751 1615 845 ’τὴν
1657 775 1847 845 ἐπιτή-

264 844 451 900 δευσιν
480 850 589 904 τῶν
625 854 949 923 μεθυόντων,
984 859 1124 913 ὥστε
1156 863 1339 926 αὐτοῖς
1356 863 1536 928 πάσας
1558 867 1654 936 τῆς
1674 866 1850 936 ψυχῆς

265 935 369 1000 τὰς
395 939 586 1008 ἡδονὰς
620 947 690 1015 τῇ
711 946 943 1020 μελῳδίᾳ
967 950 1310 1024 διεγερθῆναι
1335 971 1349 985 ⁸
1383 955 1459 1019 ὡς
1492 956 1591 1010 οὐκ
1615 935 1850 1028 ἀρκοῦν-

261 1042 358 1117 1τος
390 1029 484 1117 τοῦ
514 1033 656 1085 οἴνου
685 1038 750 1106 τῇ
777 1040 905 1102 παρ’
937 1041 1132 1094 ἐαυτοῦ
1160 1042 1456 1115 θερμότητι
1493 1047 1700 1117 σμῆνος
1727 1049 1850 1101 ἐπι-

263 1111 489 1220 θυμιᾶιν.
512 1122 576 1190 τῇ
615 1121 776 1220 ἀθλία
809 1125 954 1199 ψυχῇ
985 1130 1078 1183 τοῦ
1099 1111 1343 1198 πίνοντος
1367 1111 1670 1208 ἐπεγείραι.
1711 1139 1850 1192 Ἀλλ’

266 1212 356 1260 ἵνα
382 1212 554 1300 πᾶσαι
580 1214 763 1280 αὐτοῖς
794 1219 850 1271 αἰ
879 1220 1160 1292 αἰσθήσεις
1191 1225 1295 1278 ὑπὸ
1323 1226 1426 1298 τῆς
1458 1228 1654 1300 ἡδονῆς
1679 1247 1852 1284 κατα-

262 1299 644 1368 γοητευθεῖσαι
669 1307 1003 1378 κατέχωνται
1018 1327 1030 1342 ·
1056 1315 1113 1366 αἰ
1137 1315 1236 1385 μὲν
1257 1317 1416 1371 ἀκοαὶ
1435 1299 1848 1390 καταυλοῦνται,

264 1389 323 1441 αἱ
341 1390 406 1487 δὲ
443 1393 740 1466 όσφρήσεις
775 1399 880 1452 ὑπὸ
911 1401 1021 1456 τῶν
1045 1405 1510 1479 ἀναθυμιωμένων
1555 1412 1666 1483 (51)
1713 1414 1852 1487 πλη-

267 1482 525 1577 ροῦνται,
562 1488 623 1541 τὸ
666 1491 839 1562 στόμα
880 1498 944 1567 τῇ
992 1500 1212 1571 παρόδῳ
1240 1501 1334 1555 τοῦ
1368 1502 1513 1557 οἴνου
1557 1482 1848 1577 ὑπηρετείο

265 1573 538 1648 ὀφθαλμοὶ
573 1580 828 1649 βλέπουσι
853 1585 922 1640 τὰ
954 1590 1234 1660 γινόμενα,
1275 1592 1472 1662 μᾶλλον
1501 1594 1557 1647 δὲ
1579 1573 1854 1668 παραϐλέ-

267 1685 454 1734 πουσι,
495 1671 594 1744 τὴν
621 1677 908 1747 ἀκρίϐειαν
945 1682 1043 1753 τῆς
1068 1684 1375 1756 αἰσθήσεως
1413 1687 1519 1739 ὑπὸ
1551 1691 1650 1758 τῆς
1683 1689 1852 1761 μέθης

1954 589 2159 645 Deinde
2185 590 2438 646 convivio
2466 589 2676 661 longius
2691 590 3093 661 progrediente,
3108 587 3536 654 tibiaz,citbara-

1956 697 2062 752 que
2103 688 2160 737 et
2188 691 2442 752 tympana
2471 691 2882 753 praeparantur:
2913 697 3031 750 quae
3069 695 3126 736 re
3173 680 3388 748 quidem
3416 679 3535 748 ipsa

1954 774 2137 846 lugent
2184 775 2486 844 perituros,
2531 775 2624 830 sed
2671 789 2738 829 ex
2773 774 3114 829 ebriosorum
3170 771 3416 826 instituto
3465 784 3532 824 eo

1955 874 2204 936 spectant
2245 874 2308 919 ut
2348 865 2458 920 sint
2503 863 2872 928 oblectationi,
2911 878 3008 933 per
3040 863 3181 917 hanc
3211 860 3534 916 modulatio-

1958 975 2079 1014 nem
2119 973 2310 1012 omnes
2339 958 2389 1010 in
2418 972 2477 1012 se
2501 956 2765 1012 suscitent
2798 955 2963 1010 animi
2993 955 3297 1025 voluptates
3336 970 3350 1006 ι
3378 951 3536 1022 quasi

1957 1051 2308 1120 cupiditatum
2331 1048 2520 1104 turmis
2542 1048 2594 1101 in
2614 1049 2808 1103 misera
2823 1047 3025 1117 potoris
3041 1049 3217 1102 anima
3235 1043 3537 1100 excitandis

1957 1143 2205 1211 proprius
2225 1141 2332 1196 vini
2357 1139 2506 1195 calor
2519 1141 2649 1195 satis
2665 1156 2770 1196 non
2793 1149 2956 1196 esset.
2980 1139 3094 1194 Imo
3114 1154 3260 1204 vero,
3275 1147 3547 1192 utomnes-

1957 1247 2144 1288 eorum
2191 1246 2384 1287 sensus
2422 1229 2715 1300 praestigiis
2759 1228 3095 1298 voluptatum
3145 1225 3350 1295 decepti
3394 1223 3536 1279 deti-

1959 1333 2193 1379 neanlur
2233 1341 2247 1378 :
2289 1338 2451 1378 aures
2504 1323 2756 1378 tibiarum
2809 1331 3075 1376 concentu
3130 1317 3546 1382 demulcentur,

1957 1414 2186 1470 olfactus
2211 1412 2532 1469 sufﬁmentis
2574 1409 3052 1480 odoramentisque
3093 1406 3394 1478 completur
3425 1421 3442 1473 ;
3475 1419 3559 1459 os.

1958 1505 2234 1560 subservit
2252 1503 2556 1559 transeunti
2577 1504 2736 1568 vino;
2757 1501 3036 1557 intuentur
3056 1499 3199 1556 oculi
3225 1513 3344 1568 quae
3366 1495 3536 1559 ﬁunt;

1957 1596 2041 1651 vel
2068 1595 2247 1666 potius
2279 1611 2495 1659 sensus,
2526 1594 2714 1664 vigore
2738 1609 2801 1649 ac
2826 1593 3076 1648 acumine
3099 1606 3193 1661 per
3221 1591 3539 1645 ebrietatem

1959 1688 2159 1755 ablato,
2194 1688 2351 1743 aliter
2371 1703 2435 1743 ac
2455 1698 2583 1744 sunt
2599 1687 2800 1742 vident.
2836 1685 3176 1753 Quapropter
3201 1681 3402 1735 dictum
3425 1688 3542 1735 est:

266 1761 634 1834 ἀφῃρημένοι.
670 1769 750 1822 Δι’
777 1769 813 1824 ἃ
835 1771 1050 1845 εἴρηται
1075 1776 1135 1829 τὸ
1161 1817 1176 1840 ,
1215 1778 1361 1831 Οὐαὶ
1397 1779 1507 1850 (52)
1551 1783 1606 1834 οἱ
1632 1782 1851 1852 ἐγειρό-

1966 1779 2050 1834 Vw
2073 1781 2138 1834 iis
2186 1782 2276 1852 qui
2323 1797 2476 1836 mane
2519 1791 2760 1853 surgunt,
2789 1788 2836 1834 et
2870 1780 3090 1832 siceram
3138 1781 3542 1847 persequuntur,

261 1869 438 1921 μενοι
470 1857 537 1910 τό
562 1860 730 1927 πρωὶ,
757 1862 856 1916 καὶ
881 1864 947 1918 τὸ
967 1866 1181 1935 σίκερα
1202 1867 1538 1938 διώκοντες,
1567 1875 1629 1925 οἱ,
1642 1871 1860 1941 μένον-

265 1962 370 2012 τες
403 1946 469 2000 τὸ
499 1949 632 2018 ὀψὲ,
665 1953 752 2008 καὶ
773 1953 1189 2027 διημερεύοντες
1215 1959 1272 2014 ἐν
1296 1960 1526 2024 τούτοις,
1555 1961 1631 2024 ὡς
1656 1962 1858 2034 μηδένα

266 2041 463 2109 καιρὸν
494 2043 707 2108 ἑαυτοῖς
729 2047 989 2118 παρέχειν
1019 2049 1087 2103 τὰ
1123 2051 1259 2120 ἔργα
1288 2043 1498 2122 Κυρίου
1536 2054 1854 2125 ἐμϐλέπειν;

265 2130 457 2184 καὶτὰ
483 2132 620 2203 ἔργα
651 2136 758 2189 τῶν
787 2137 986 2208 χειρῶν
1016 2138 1182 2192 αὐτοῦ
1237 2144 1539 2195 κατανοεῖν.
1577 2142 1716 2194 Πότε
1749 2143 1856 2212 γὰρ
1907 2125 1921 2138 ’

265 2221 559 2292 διδαχθῶσι
591 2227 720 2298 περὶ
743 2227 1024 2304 ΘεοῦλΤὸ
1061 2231 1202 2304 πρωί
1222 2249 1236 2298 ;
1282 2233 1422 2286 Ἀλλ’
1463 2233 1627 2297 εὐθὺς
1666 2232 1858 2298 ἐξανα-

268 2314 496 2378 στάντες
523 2317 632 2369 ἀπὸ
653 2317 748 2371 τοῦ
779 2318 968 2385 ὕπνου,
1004 2320 1063 2374 τὸ
1095 2321 1288 2394 σίκερα
1333 2322 1640 2378 διώκουσιν.
1691 2323 1855 2377 Ἀλλά

270 2406 546 2477 μεσούσης
570 2409 814 2480 ήμέρας;
856 2410 1017 2466 Ἀλλά
1043 2413 1166 2466 τότε
1196 2413 1268 2486 δὴ
1293 2414 1529 2483 μάλιστα
1556 2415 1740 2478 αὐτοῖς
1762 2413 1858 2467 αὖ-

267 2497 427 2568 ξησιν
455 2501 551 2554 καὶ
576 2501 816 2556 ἐπίδοσιν
841 2503 870 2555 ὁ
893 2505 1056 2568 πότος
1071 2504 1204 2576 ἔχει.
1241 2505 1381 2558 Ἀλλ’
1398 2506 1677 2579 ἐσπέρας;
1716 2507 1854 2560 Ἀλλ’

267 2592 353 2646 ἔτι
379 2593 593 2646 πίνουσι
613 2611 627 2624 ο
668 2597 763 2649 καὶ
794 2597 828 2666 ἡ
862 2598 962 2668 μὲν
996 2599 1184 2670 ήμέρα
1209 2599 1406 2664 αὐτοὺς
1436 2601 1794 2668 ἐπιλέλοιπεν,
1821 2603 1855 2672 ἡ

264 2687 328 2741 δὲ
355 2687 493 2758 μέθη
517 2689 618 2742 οὐκ
647 2689 940 2744 ἐπιλείπει.
976 2691 1138 2746 Ἀλλά
1161 2693 1392 2764 μάλιστα
1421 2695 1485 2765 δὴ
1519 2697 1620 2766 τῆς
1640 2695 1852 2762 νυκτὸς,

267 2777 348 2843 ὡς
373 2779 518 2843 ἰδίως
542 2780 653 2850 (35)
687 2782 872 2846 αὐτοῖς
894 2783 1278 2856 διαφερούσης,
1315 2787 1650 2858 ἀντέχονται.

345 2958 470 3013 156.
503 2961 652 3017 Οὐαὶ
684 2955 778 3014 οὖν
812 2964 867 3016 οἰ
907 2963 1269 3034 ἐγειρόμενοι
1306 2965 1375 3019 τὸ
1423 2967 1571 3035 πρωὶ
1593 3005 1608 3030 ,
1639 2967 1739 3021 καὶ
1786 2966 1854 3020 τὸ

267 3054 484 3122 σίκερα
513 3052 848 3121 διώκοντες,
876 3059 930 3109 οἱ
959 3056 1249 3125 μένοντες
1286 3058 1353 3110 τὸ
1397 3059 1533 3127 ὀψέ.
1572 3055 1706 3113 Εἶτα
1753 3057 1853 3130 τὴν

267 3143 452 3197 αἰτίαν
482 3143 576 3196 τοῦ
608 3143 865 3197 δύνασθαι
895 3146 1094 3210 αὐτοὺς
1139 3146 1380 3218 διαρκεῖν
1428 3126 1486 3201 ἐν
1523 3146 1602 3218 τῷ
1646 3126 1856 3216 πότῳό
1881 3126 1923 3183 c

265 3236 561 3306 προφήτης
608 3237 803 3306 φησὶν,
857 3236 919 3290 '0
952 3237 1063 3307 γὰρ
1112 3235 1276 3305 οἶνος
1319 3240 1542 3306 αὐτοὺς
1589 3240 1859 3309 συγκαύ-

268 3344 370 3383 σει
406 3327 540 3398 (54),
570 3328 669 3400 τὴν
702 3328 882 3382 αἰτίαν
917 3327 1088 3397 λέγων
1117 3328 1240 3382 καθ’
1272 3329 1338 3401 ἢν
1389 3330 1713 3401 ἀπλήρωτος
1759 3330 1858 3383 αύ-

267 3423 387 3483 τοῖς
410 3421 558 3473 ἐστιν
594 3421 626 3490 ἡ
660 3419 754 3472 τοῦ
791 3420 966 3474 πίνειν
1006 3420 1290 3492 ἐπιθυμία.
1339 3422 1462 3474 Ὅτι
1503 3422 1722 3476 ἐπειδὰν
1762 3440 1862 3476 πο-

269 3513 400 3579 λὺς,
427 3512 612 3584 φησὶν,
637 3515 664 3566 ό
687 3513 924 3584 ἄκρατος
964 3513 1184 3586 εἰσχυθῇ
1206 3553 1221 3580 ,
1261 3514 1483 3569 πλείονα
1526 3514 1623 3586 τὴν
1654 3515 1860 3586 θερμα-

271 3606 396 3659 σίαν
426 3606 812 3674 ἐπεισαγαγὼν
843 3605 924 3676 τῷ
972 3605 1205 3678 σώματι,
1250 3607 1351 3679 τὴν
1380 3607 1613 3678 φυσικὴν
1658 3608 1860 3679 ἰκμάδα

269 3700 366 3755 τοῦ
402 3701 647 3763 πίνοντος
679 3698 1074 3771 καταφρύσσει.
1101 3695 1254 3762 Εἶτα,
1287 3697 1463 3771 οἶμαι,
1491 3701 1652 3763 αὐτὸς
1683 3701 1860 3771 ἐαυτῷ

267 3795 301 3848 ό
333 3790 473 3857 οἰνος
515 3792 848 3861 ὑπέκκαυμα
878 3791 1162 3861 γινόμενος
1193 3791 1332 3863 (55),
1379 3792 1407 3843 ὁ
1453 3791 1734 3862 προλαϐὼν
1759 3793 1860 3864 τὴν

268 3883 620 3955 εὐρυχωρίαν
647 3881 1058 3952 παρασκευάζει
1090 3881 1169 3952 τῷ
1209 3882 1451 3936 εἰσιόντι.
1481 3883 1690 3956 ’Ὠσπερ
1711 3882 1767 3936 δέ
1803 3885 1860 3936 αἰ

270 3978 568 4049 χαράδραι,
592 3975 941 4047 ἐπιρρέοντος
979 3974 1077 4045 μὲν
1099 3973 1192 4028 τοῦ
1221 3974 1389 4046 ὑγροῦ
1407 4014 1422 4039 ,
1461 3973 1690 4044 πλήρεις
1720 3969 1858 4027 εἶναι

267 4070 512 4136 δοκοῦσι,
542 4067 904 4140 παρελθόντος
927 4067 1004 4128 δὲ,
1031 4065 1192 4138 ξηραὶ
1220 4067 1310 4120 καὶ
1344 4065 1588 4128 λιθώδεις
1642 4065 1736 4118 καὶ
1763 4066 1860 4120 ἄν-

273 4181 430 4233 ικμοι
465 4161 890 4216 καταλείπονται
914 4177 926 4189 ·
960 4160 1103 4213 οὕτω
1160 4159 1256 4213 καὶ
1293 4160 1363 4213 τὰ
1403 4159 1512 4211 τῶν
1555 4159 1859 4229 μεθυόντων

271 4255 508 4326 σώματα
533 4252 1066 4328 ἀποχαραδρωθέντα
1091 4254 1158 4322 τῇ
1187 4251 1426 4322 ἀμετρίᾳ
1453 4250 1546 4304 τοῦ
1573 4250 1738 4316 οἴνου,
1763 4250 1859 4305 καὶ

267 4347 372 4418 τὴν
412 4349 477 4400 ἐκ
505 4346 720 4416 φύσεως
759 4346 959 4416 ἰκμάδα
988 4343 1446 4417 προσκατασύρει.
1488 4348 1551 4398 Οἱ
1570 4345 1859 4414 μένοντες

268 4437 342 4494 τὸ
373 4437 506 4506 ὀψέ,
553 4437 652 4489 Διά
693 4436 851 4489 τοῦτο
892 4437 1134 4507 μένουσι,
1186 4436 1339 4507 φησὶ,
1384 4436 1444 4489 τὺ
1489 4435 1618 4505 όψέ’
1657 4436 1720 4488 '0
1749 4436 1859 4505 γὰρ

266 4528 438 4597 οἶνος
463 4530 685 4596 αὐτοὺς
715 4531 1070 4600 συγκαύσει.
1107 4528 1180 4582 Τὸ
1204 4529 1261 4582 δὲ
1297 4531 1360 4582 ἐκ
1396 4526 1491 4581 τοῦ
1534 4528 1676 4581 οἴνου
1720 4527 1876 4598 πῦρ,,

266 4625 624 4693 ἐγγινόμενον
644 4625 710 4694 τῇ
738 4623 923 4692 σαρκὶ,
956 4621 1178 4692 ἔξαμμα
1203 4621 1414 4690 γίνεται
1447 4620 1555 4674 τῶν
1596 4637 1857 4691 πεπυρω-

271 4717 456 4788 μένων
484 4714 652 4785 βελῶν
685 4714 778 4766 τοῦ
820 4714 1036 4785 ἐχθροῦ.
1062 4715 1166 4767 Τὸν
1199 4714 1297 4784 μὲν
1323 4712 1432 4785 γὰρ
1460 4713 1740 4784 λογισμὸν,
1762 4714 1857 4767 καὶ

267 4810 368 4864 τὸν
393 4809 514 4862 νοῦν
546 4809 574 4860 ὁ
610 4802 752 4870 οἶνος
775 4807 1194 4872 καταϐαπτίζει,
1222 4805 1320 4869 τὰς
1357 4805 1738 4876 δὲέπιθυμίας
1767 4807 1858 4859 καὶ

266 4914 377 4966 στας
399 4898 594 4970 ἡδονὰς
625 4897 813 4970 ὥσπερ
863 4899 1040 4952 ἔλαιον
1087 4899 1263 4968 φλόγα
1292 4897 1533 4965 ἐξάπτει.
1589 4899 1750 4951 Ὥστε
1795 4900 1858 4954 τὸ

270 4991 568 5062 εἰρημένον
597 4992 701 5054 ὅτι,
735 4989 804 5045 '0
825 4987 990 5058 οἶνος
1015 4991 1237 5058 αὐτοὺς
1261 4991 1617 5061 συγ-καύσει,
1641 4993 1741 5044 οὐκ
1765 4994 1857 5046 ἐπὶ

348 5128 395 5160 ⁷⁸
426 5127 614 5196 Ephes.
653 5143 724 5191 vt,
764 5126 852 5181 l6.

353 5282 465 5353 ('50)
507 5282 646 5356 Edili
686 5291 740 5336 et
773 5298 907 5356 mss.
943 5283 1211 5348 nonnulli,
1242 5286 1445 5349 αὐτοῖς.
1475 5285 1576 5340 Alii
1615 5288 1852 5356 quidam,

273 5351 665 5476 ἐῗιὲτιῖῖςιΜοι
687 5354 858 5407 nostri
881 5369 975 5410 sex
998 5370 1153 5421 mss.,
1181 5356 1397 5409 αἰώνιον
1425 5351 1660 5411 κόλασιν.
1693 5359 1854 5423 Editi,

272 5442 313 5479 α
384 5441 413 5474 ν
438 5441 522 5477 αν.

354 5493 711 5572 (ὃὶιὶΑηιῖᾳυί
735 5507 831 5548 sex
860 5491 1005 5558 libri,
1030 5494 1516 5572 ἀναθυμιωμένων.
1548 5497 1710 5562 Editi,
1737 5499 1858 5550 ἀνα·
1923 5555 1926 5558 ,

275 5563 609 5632 θυμιάσεων.

350 5631 465 5708 (52)
495 5631 685 5708 Nostri
712 5648 806 5708 sex
840 5648 992 5708 mss.,
1023 5633 1398 5708 δι’ᾃεῖρηται
1437 5642 1516 5702 τὸ,
1559 5638 1700 5699 οὐαί.
1747 5647 1852 5695 etc.

276 5706 344 5757 At
379 5705 530 5768 editi.
574 5702 662 5758 διὰ
705 5702 864 5758 τοῦτο
917 5704 1059 5761 οὐαί.
1118 5702 1406 5796 Aliquanto
1450 5717 1572 5780 post
1618 5709 1857 5780 quinque

1959 1875 2049 1943 qui
2079 1882 2382 1942 exspectant
2412 1889 2678 1944 vesperam
2714 1882 2768 1927 et
2800 1880 2942 1926 totos
2968 1869 3084 1924 dies
3131 1868 3184 1922 in
3213 1867 3298 1922 his
3320 1880 3543 1920 versan-

1961 1975 2068 2028 tur.
2105 1963 2177 2018 ita
2227 1973 2286 2019 ut
2339 1965 2546 2019 nullum
2581 1965 2684 2019 sibi
2734 1973 2953 2018 servent
2998 1971 3210 2030 tempus
3255 1959 3322 2012 ad
3375 1971 3540 2027 Opera

1957 2057 2172 2110 Domini
2217 2057 2595 2126 perspicienda
2629 2065 2684 2112 et
2709 2056 2774 2110 ad
2802 2068 2968 2124 opera
3008 2066 3270 2107 manuum
3309 2049 3427 2119 ejus
3459 2049 3545 2102 in-

1961 2148 2272 2216 telligenda.
2311 2147 2607 2218 Ecquando
2632 2147 2777 2202 enim
2805 2146 2871 2200 de
2898 2145 3008 2200 Deo
3040 2152 3261 2213 possent
3286 2139 3543 2196 edoceri?

1956 2239 2160 2294 Mane?
2194 2238 2300 2294 Sed
2335 2239 2496 2294 simul
2537 2247 2699 2308 atque
2721 2251 2754 2292 e
2783 2249 2974 2292 somno
3006 2231 3254 2289 suscitati
3286 2238 3434 2296 sunt,
3463 2228 3542 2282 si-

1957 2345 2137 2386 ceram
2169 2339 2587 2401 persequuntur.
2617 2329 2759 2384 Num
2791 2329 2967 2384 media
3001 2325 3091 2382 die
3123 2325 3147 2380 ?
3180 2323 3287 2380 Sed
3316 2333 3428 2377 tum
3455 2320 3544 2378 vel

1957 2423 2194 2478 maxime
2214 2423 2358 2478 inter
2392 2422 2514 2478 illos
2545 2430 2813 2491 augentur
2843 2435 2906 2475 ac
2937 2420 3277 2474 invalescunt
3316 2428 3542 2484 compc-

1957 2518 2211 2572 tationes.
2259 2515 2514 2586 Nunquid
2547 2528 2773 2584 vespere
2803 2511 2958 2568 ?Sed
3000 2511 3176 2566 adhuc
3204 2509 3401 2564 bibunt
3437 2523 3454 2560 :
3488 2516 3544 2559 et

1957 2611 2072 2666 dies
2105 2611 2328 2681 quidem
2372 2609 2495 2664 illos
2547 2609 2753 2673 deiicit,
2795 2621 2895 2661 nec
2921 2614 3119 2660 tamen
3166 2602 3312 2673 ipsos
3339 2597 3545 2654 deserit

1954 2703 2214 2759 ebrietas.
2265 2701 2503 2756 Maxime
2552 2709 2733 2756 autem
2775 2713 2874 2769 per
2908 2707 3145 2763 noctem,
3189 2702 3445 2762 tanquam
3477 2688 3546 2742 ad

1955 2798 2106 2868 ipsos
2131 2797 2388 2868 peculiari
2410 2797 2535 2867 jure
2563 2796 2905 2861 attinentem,
2943 2790 3110 2849 dediti
3137 2783 3547 2856 compotationi-

1953 2888 2054 2944 bus
2080 2899 2228 2946 sunt.

2027 2982 2150 3038 156.
2179 2981 2270 3037 Va:
2299 2982 2463 3054 igitur
2484 2982 2550 3036 iis
2571 2983 2662 3052 qui
2677 2996 2828 3036 mane
2857 2989 3103 3049 surgunt,
3127 2987 3173 3032 et
3193 2978 3414 3032 siceram
3433 2989 3552 3044 per.

1955 3082 2264 3140 sequuntur,
2312 3074 2402 3143 qui
2450 3082 2752 3141 exspectant
2781 3087 3066 3141 uesperam.
3117 3068 3250 3123 Dein
3283 3067 3556 3138 propheta.

1964 3163 2203 3219 declarat
2219 3179 2319 3218 cur
2340 3164 2548 3233 possint
2571 3164 2820 3218 convivio
2843 3159 3159 3216 immorari:
3197 3159 3390 3212 Vinum
3406 3159 3545 3212 enim

1962 3270 2048 3308 eos
2077 3255 2364 3310 comburet.
2385 3256 2620 3310 Causam
2647 3253 2806 3308 aﬂ'ert
2828 3268 2926 3308 cur
2950 3253 3032 3308 eis
3057 3252 3184 3305 insit
3207 3249 3546 3319 inexplebilis

1960 3344 2181 3400 bibendi
2217 3345 2403 3400 libido.
2440 3345 2706 3399 Nimirum
2746 3353 3057 3416 postquam,
3092 3342 3286 3409 inquit,
3315 3339 3542 3394 multum

1959 3441 2033 3494 sit
2079 3440 2214 3494 meri
2270 3439 2540 3498 infusum.
2600 3453 2724 3493 cum
2778 3439 2830 3492 in
2873 3452 3069 3506 corpus
3126 3435 3362 3490 calorem
3427 3446 3546 3485 ma-

1955 3532 2130 3602 jorem
2166 3533 2418 3598 inducat,
2455 3534 2698 3587 nativum
2728 3531 2993 3601 potatoris
3043 3531 3324 3583 humorem
3380 3536 3547 3580 torre-

1961 3623 2110 3678 facit.
2145 3623 2345 3678 Deinde
2366 3665 2382 3690 ,
2413 3625 2635 3693 opinor,
2668 3639 2792 3679 cum
2823 3623 2999 3692 ipsum
3039 3619 3142 3674 sibi
3172 3618 3272 3687 ipsi
3312 3616 3370 3672 fit
3404 3616 3543 3671 inci-

1963 3721 2279 3780 tamentum,
2305 3715 2511 3780 vinum,
2531 3715 2674 3784 quod
2703 3712 2999 3784 praecessit,
3019 3709 3338 3781 ingredienti
3361 3707 3542 3763 locum

1961 3805 2276 3874 ampliorem
2301 3815 2472 3876 parat.
2516 3805 2984 3873 Quemadmodum
3015 3811 3196 3857 autem
3216 3798 3551 3854 torrentium.

1961 3895 2099 3950 alvei
2129 3897 2382 3952 videntur
2413 3912 2534 3954 esse
2571 3898 2735 3968 pleni,
2778 3895 3115 3952 intereadum
3151 3893 3294 3948 unda
3325 3888 3494 3945 eilluit
3525 3905 3538 3940 :

1959 3996 2304 4058 posteaquam
2355 4005 2486 4045 vero
2544 3988 2956 4059 pertransierit,
3005 3986 3174 4051 sicci,
3227 3982 3452 4054 lapidosi
3488 3989 3543 4034 et

1960 4079 2098 4133 aridi
2126 4089 2444 4148 permanent
2481 4097 2493 4133 :
2531 4082 2608 4136 sic
2652 4081 2817 4135 etiam
2855 4079 3271 4134 temulentorum
3307 4090 3539 4143 corpora

1958 4185 2056 4239 per
2096 4171 2322 4225 nimium
2353 4173 2537 4226 vinum
2576 4181 2832 4226 excavata
2867 4179 2922 4224 et
2949 4168 3142 4225 elfossa
3172 4167 3542 4230 exsiccantur,

1961 4272 2126 4330 atque
2155 4263 2220 4315 ad
2243 4277 2302 4316 se
2325 4263 2609 4317 humorem
2642 4261 2946 4317 naturalem
2972 4262 3215 4316 trahunt.
3234 4258 3337 4325 Qui
3363 4273 3544 4326 exspe-

1959 4365 2102 4408 ctant
2130 4370 2411 4422 vesperam.
2437 4353 2517 4409 0b
2543 4355 2678 4408 banc
2713 4369 2956 4418 causam,
2996 4353 3190 4421 inquit,
3222 4359 3545 4419 exspectant

1889 4475 1937 4534 ο
1964 4463 2242 4516 vesperam
2282 4464 2296 4500 :
2341 4445 2530 4500 Vinum
2580 4448 2717 4501 enim
2752 4463 2839 4500 eos
2887 4445 3176 4499 comburat.
3221 4441 3312 4496 ille
3360 4453 3541 4495 autem

1961 4539 2120 4609 ignis,
2146 4539 2237 4607 qui
2277 4553 2306 4592 a
2348 4539 2472 4593 vino
2503 4538 2792 4600 excitatur,
2818 4537 2872 4589 in
2923 4550 3140 4590 carnem
3179 4533 3542 4595 introductus,

1961 4632 2208 4687 accendit
2222 4633 2387 4701 ignita
2406 4632 2583 4700 jacnla
2607 4630 2807 4684 inimici
2825 4628 2891 4682 ⁷⁸.
2911 4626 3106 4681 Vinum
3119 4627 3262 4679 enim
3277 4627 3540 4679 rationem

1961 4725 2264 4796 submergit
2291 4734 2347 4780 et
2393 4734 2665 4792 mentem;
2701 4724 2938 4791 itemque
2974 4719 3296 4789 cupiditates
3342 4732 3408 4771 ac
3449 4732 3542 4770 vo-

1959 4815 2194 4885 luptates
2246 4817 2564 4878 inﬂammat,
2595 4815 2818 4884 perinde
2850 4822 3013 4882 atque
3049 4810 3229 4866 oleum
3263 4807 3538 4862 ﬂammam

1960 4909 2228 4962 accendit.
2283 4909 2438 4966 Unde
2494 4908 2662 4981 590
2711 4906 2873 4962 verba
2927 4906 3152 4967 istbtec,
3202 4901 3395 4956 Vinum
3453 4919 3539 4956 eos

1961 4998 2250 5066 comburet,
2290 5016 2396 5056 non
2431 5000 2728 5070 accipimus
2765 4999 2937 5054 solum
2978 5010 3078 5067 pro
3108 4995 3328 5050 bibendi
3363 4994 3540 5048 avidi-

1961 5304 2118 5361 msst,
2143 5291 2333 5361 καιρὸν
2359 5292 2588 5354 ἐαυτοίς.
2615 5288 2776 5361 Editi,
2799 5291 3004 5361 αὐτοῖς.

1965 5359 2142 5481 ιδιίῦὂ)
2181 5359 2404 5430 Antiqui
2471 5371 2580 5416 tres
2635 5360 2778 5423 libri,
2849 5359 2925 5423 ὡς
2993 5359 3156 5424 ἰδίως.
3222 5361 3393 5432 Editi,
3459 5363 3538 5427 ὥς

2017 5447 2089 5482 ια.

2032 5469 2348 5574 δέθᾘιίἰιί,
2369 5501 2587 5574 αὐτοὺς,
2613 5501 2766 5570 φησὶ,
2793 5498 3110 5569 συγκαύσει.
3135 5501 3203 5556 ΑΙ.
3231 5519 3360 5558 mss.
3386 5505 3540 5574 quin-

1960 5584 2084 5638 que,
2115 5571 2308 5640 αὐτοὺς
2331 5573 2645 5640 συγκαύσει.

1957 5639 2412 5780 νὸἑῗῗέςγριετεε
2443 5646 2680 5713 quinque
2723 5642 2871 5709 libri,
2905 5642 3205 5714 γινόμενος.
3248 5645 3411 5713 Editi,
3441 5661 3542 5716 γο-
