3808 6212
315 241 421 296 575

1268 241 1614 298 APPENDIX
1651 241 1936 298 OPERUM
1978 244 2036 300 S.
2076 245 2323 302 BASlLll
2365 244 2600 300 MAGNI.

3473 236 3582 295 57B

319 366 452 426 tate,
487 359 580 414 sed
610 374 708 429 pro
735 359 937 430 reliqua
973 360 1135 415 etiam
1169 361 1415 427 corporis
1459 359 1897 414 inﬂammatione.

2021 363 2102 434 τὴν
2140 363 2219 426 είς
2254 361 2314 416 τὸ
2347 361 2523 414 πίνειν
2546 357 2840 429 ἐπιθυμίαν
2870 355 3048 428 μόνον,
3075 355 3207 408 ἀλλὰ
3241 353 3335 406 καὶ
3365 354 3457 406 ἐπὶ
3481 354 3583 423 τὴν

315 451 553 506 Subinde
575 450 851 522 Scriptura
872 452 1128 522 ineptiam
1155 452 1617 522 stol;ditatemque
1633 452 1892 520 majorem

313 542 575 598 exhibens
595 583 610 606 ,
647 543 990 612 progreditur
1019 563 1032 597 :
1064 540 1206 594 Nam
1272 555 1388 595 cum
1438 543 1664 606 cithara,
1696 542 1894 610 inquit,

310 643 359 685 et
388 631 722 702 psalterio,et
747 633 1026 701 tympanis,
1044 642 1090 685 et
1112 633 1274 697 tibiis,
1293 635 1467 687 vinum
1498 632 1896 686 bibunt-Euim-

317 738 445 776 vero
473 721 700 788 juvenes
750 722 968 791 quidam
1009 723 1310 778 citharista:
1357 725 1542 778 animo
1589 723 1732 778 malo
1766 739 1892 778 cum

315 813 486 868 oculis
519 813 841 868 ebrietatem
894 813 1274 869 anhelantibus
1303 816 1685 884 irrumpentes,
1717 813 1896 869 tibici-

316 919 506 972 nasque
532 913 588 958 et
619 903 853 959 lidicinte
877 903 1143 974 ﬂagitiose
1171 901 1401 958 formam
1440 903 1706 970 colentes,
1742 902 1896 959 chori

315 1000 539 1069 insuper
587 1014 652 1054 ac
716 1010 1012 1056 concentus
1072 1001 1442 1072 improborum
1497 1002 1895 1071 quorumdam,

315 1107 547 1160 quorum
574 1107 804 1162 corpora
847 1092 919 1147 ob
965 1093 1438 1164 intemperantiam
1481 1093 1653 1148 fracta
1691 1101 1816 1147 sunt
1842 1101 1899 1147 et

315 1191 607 1249 enervata,
652 1187 929 1239 communi
978 1183 1067 1239 illa
1124 1185 1500 1241 modulatione
1559 1185 1898 1241 emollientes

317 1273 567 1337 animos,
622 1273 691 1327 ad
749 1289 967 1328 omnem
1017 1275 1404 1345 turpitudinem
1460 1274 1898 1346 voluptatemque

322 1362 561 1432 iniquam
611 1361 776 1420 hosce
823 1363 1144 1419 temulentos
1173 1373 1486 1434 provocant.
1526 1364 1667 1431 Quid
1717 1375 1896 1420 autem

323 1455 446 1508 inde
491 1453 726 1508 evenit?
757 1453 828 1510 Ut
880 1469 1046 1525 opera
1082 1455 1295 1510 Domini
1339 1470 1446 1510 non
1485 1455 1808 1524 respiciant,
1845 1463 1896 1510 et

320 1560 481 1614 opera
507 1559 761 1600 manuum
787 1545 902 1614 ejus
929 1562 1035 1602 non
1063 1546 1429 1602 considerent.
1467 1545 1584 1601 Iam
1624 1561 1900 1602 vero-ver-

319 1641 444 1691 bum
480 1636 632 1702 illud,
658 1639 932 1707 respicere,
953 1654 1132 1693 rerum
1171 1639 1388 1706 quidem
1440 1639 1735 1693 visibilium
1776 1653 1898 1709 pero

318 1728 620 1797 ceptionem
675 1744 771 1797 per
823 1730 1009 1786 oculos
1068 1731 1447 1786 transmissam
1499 1731 1702 1786 indicat
1745 1748 1758 1784 :
1797 1731 1898 1787 hoc
1930 1710 1972 1764 Β

318 1834 466 1885 vero,
497 1821 852 1885 considerare,
878 1837 1000 1875 eam
1045 1836 1207 1890 quam
1241 1837 1394 1876 mens
1426 1822 1732 1890 assequitur
1764 1837 1896 1877 con-

320 1911 720 1980 templationem
786 1913 1025 1969 exhibet.
1076 1914 1346 1980 Quoniam
1405 1914 1571 1984 igitur
1614 1917 1898 1971 invisibilia

321 2002 436 2069 Dei,
476 2019 509 2055 a
534 2013 777 2058 creatura
811 2005 1014 2070 mundi,
1043 2022 1135 2074 per
1159 2020 1244 2070 ea,
1274 2023 1392 2076 quae
1419 2008 1566 2074 facta
1589 2019 1713 2062 sunt
1743 2008 1898 2061 intel-

317 2092 474 2160 lecta,
504 2095 902 2161 conspiciuntur
917 2095 1002 2161 7’;
1028 2095 1073 2151 is
1099 2097 1191 2166 qui
1223 2112 1330 2151 non
1367 2099 1582 2168 respicit
1610 2099 1674 2154 ad
1713 2114 1896 2168 opera,

317 2201 387 2240 ne
409 2186 476 2241 ad
504 2201 624 2242 eam
647 2187 865 2258 quidem
896 2203 1016 2256 quae
1051 2197 1232 2244 mente
1264 2191 1567 2245 comoarari
1595 2199 1774 2260 potest
1813 2191 1896 2243 in-

319 2277 670 2346 telligentiam
703 2279 1010 2334 deducitur.

389 2371 511 2426 l57.
551 2371 691 2440 Quid
744 2371 909 2443 igitur
953 2372 1054 2427 sibi
1088 2371 1206 2427 vult
1239 2372 1292 2429 id
1336 2374 1480 2443 quod
1519 2373 1724 2428 dictum
1757 2383 1840 2428 est
1863 2374 1902 2426 ?“

320 2463 583 2518 Videlicet
607 2462 930 2518 ebrietatem
961 2465 1254 2532 impietatis
1284 2477 1513 2519 causam
1539 2479 1660 2518 esse
1689 2475 1745 2517 et
1777 2465 1893 2518 ori-

319 2554 537 2620 ginem;
569 2568 693 2608 cum
727 2554 894 2608 menti
927 2567 1034 2622 qua
1081 2554 1314 2608 maxime
1357 2554 1499 2608 Deus
1545 2555 1765 2625 agnosci
1799 2569 1896 2624 po-

323 2653 458 2708 test,
496 2643 749 2700 tenebras
789 2643 1054 2700 ol'l'undat.
1090 2645 1348 2700 Mannum
1393 2655 1574 2700 autem
1605 2661 1772 2717 opera
1796 2687 1812 2710 ,
1844 2655 1900 2701 et

321 2750 442 2804 quae
477 2737 528 2790 in
561 2734 802 2791 futurum
837 2737 1206 2806 rependentur
1236 2737 1384 2792 vices
1404 2777 1418 2800 ,
1458 2746 1585 2791 sunt
1615 2737 1754 2806 ignis
1785 2738 1894 2802 ille,

321 2839 379 2882 ct
415 2828 692 2884 cruciatus
735 2829 790 2882 in
821 2828 1032 2882 inl'erno
1073 2839 1299 2896 paratus
1326 2829 1394 2892 3°,
1432 2828 1613 2898 lingua
1647 2831 1896 2899 perarida

321 2919 534 2989 exiguae
579 2927 754 2988 gutta
772 2919 1016 2974 levamen
1049 2929 1311 2990 expetens
1332 2959 1347 2983 ,
1378 2918 1594 2974 ﬂamma
1625 2921 1898 2976 undelibet

323 3013 694 3076 circumdatis,
723 3026 843 3080 qua:
891 3025 960 3066 ne
1006 3023 1198 3066 aestum
1239 3011 1454 3082 quidem
1493 3013 1546 3066 in
1595 3013 1898 3068 visceribus

324 3118 614 3158 accensum
667 3119 764 3174 per
811 3103 957 3158 aeris
1007 3103 1426 3173 respirationem
1485 3104 1616 3158 sinit
1668 3103 1898 3175 refrige-

327 3195 438 3251 rari
464 3193 531 3248 ³³⁸.
563 3193 670 3250 Pro
699 3193 1016 3251 tibicinibus
1045 3196 1141 3264 qui
1169 3196 1418 3261 aderant,
1444 3196 1598 3250 adest
1633 3197 1898 3267 gemitus;

327 3302 427 3350 pro
452 3286 718 3342 ebrietate
761 3287 1088 3350 immodica,
1128 3287 1468 3342 desideratur
1513 3302 1670 3357 aqua:
1700 3298 1848 3358 gutta
1887 3306 1899 3341 :

326 3378 540 3448 quippe
561 3379 818 3448 quoniam
855 3394 984 3456 caro
1021 3380 1365 3434 ebriosorum
1417 3380 1541 3446 igne
1589 3379 1644 3433 in
1691 3380 1905 3434 camino

329 3465 649 3550 cruciatur;
683 3480 780 3534 pro
805 3466 1092 3536 impudicis
1125 3466 1448 3536 spectaculis
1475 3468 1744 3521 intersunt
1778 3483 1903 3550 pro-

331 3542 510 3609 fundae
540 3558 776 3610 tenebrae
798 3573 826 3622 ;.
846 3572 944 3624 pro
972 3557 1266 3627 cupiditate
1297 3558 1622 3626 irrequieta,
1645 3542 1909 3627 irrequie-

334 3658 419 3702 tus
444 3649 648 3702 vermis
672 3651 881 3704 accedit
903 3650 969 3704 δ’.
1001 3649 1186 3719 Itaque
1213 3652 1302 3721 qui
1331 3651 1384 3705 in
1415 3653 1730 3707 temulentia
1756 3668 1909 3708 men-

333 3748 440 3790 tem
469 3751 622 3791 suam
657 3739 1038 3810 submergunt,
1071 3741 1260 3797 isthmc
1284 3757 1541 3797 manuum
1574 3759 1740 3814 Opera
1771 3760 1905 3801 con-

333 3826 573 3882 siderare
604 3843 709 3883 non
745 3841 1005 3898 possunt;
1033 3841 1087 3887 et
1132 3834 1258 3903 quia
1294 3849 1400 3888 non
1447 3836 1748 3904 praevident
1781 3853 1911 3893 cru-

334 3919 530 3978 ciatus,
579 3921 670 3989 qui
713 3921 858 3990 ipsos
888 3935 1198 3993 exspectant
1221 3941 1248 3991 ,.
1287 3925 1412 3995 jure
1443 3941 1508 3983 ac
1537 3931 1733 3984 merito
1763 3930 1911 4000 luget

336 4010 455 4065 illos
489 4010 792 4080 Scriptura,
826 4017 982 4084 quasi
1004 4016 1116 4086 jam
1157 4019 1211 4073 in
1248 4019 1363 4074 haec
1395 4019 1534 4074 mala
1565 4019 1904 4077 incidissent.

334 4103 572 4158 Audiant
601 4107 715 4161 haec
747 4107 838 4176 qui
873 4107 993 4163 loco
1024 4109 1441 4176 Evangeliorum
1469 4112 1523 4166 in
1558 4112 1765 4168 aedibus
1793 4116 1910 4170 suis

336 4195 576 4252 citharas
600 4199 835 4255 retinent
861 4216 927 4256 ac
950 4200 1116 4271 lyras.
1148 4201 1414 4255 Nimirum
1449 4203 1618 4271 ipsos,
1649 4212 1906 4274 tanquam

1996 455 2188 526 λοιπὴν
2211 452 2306 507 τοῦ
2331 452 2583 523 σώματος
2613 450 2856 520 πύρωσιν
2881 445 3230 517 ἐκδεχόμεθα.
3282 438 3416 498 Εἶτα
3442 461 3586 512 παρ-

1997 547 2175 614 αύξων
2211 545 2311 617 τὴν
2347 543 2573 598 ἀτοπίαν
2616 543 2644 595 ὁ
2676 541 2834 610 λόγος
2877 538 3120 610 πρόεισι·
3146 537 3305 592 Μετὰ
3346 537 3456 605 γὰρ
3497 553 3584 588 κι-

1999 635 2203 704 θάρας,
2241 634 2396 705 φησὶ,
2432 633 2530 686 καὶ
2560 631 2919 700 ψαλτηρίου,
2955 629 3055 682 καὶ
3087 626 3438 696 τυμπάνων,
3483 622 3583 676 καὶ

1995 727 2200 796 αὐλῶν
2232 769 2247 792 ,
2299 725 2404 780 τὸν
2435 721 2602 779 οἶνον
2629 725 2896 778 πίνουσι.
2928 719 3256 792 Κιθαρισταὶ
3290 719 3399 788 γάρ
3436 734 3583 781 τινες

1997 821 2127 883 νέοι,
2163 819 2212 873 οἳ
2252 817 2438 881 κακῶς
2497 815 2908 888 παραπεσόντες
2936 813 3222 884 μεθύουσιν
3244 810 3540 880 ὀφθαλμοῖς
3560 823 3576 838 ⁸

1997 912 2091 965 καὶ
2112 909 2430 980 αὐλητρίδες
2450 909 2544 961 καὶ
2566 906 2845 977 ψάλτριαι,
2873 904 3058 967 κακῶς
3089 902 3187 974 τὴν
3213 899 3361 973 ὥραν
3405 901 3578 953 διατι-

1999 1003 2250 1074 θέμεναι·
2283 1002 2378 1054 καὶ
2405 1002 2556 1071 χοροὶ
2585 999 2680 1053 καὶ
2709 997 2941 1068 συνῳδία
2980 995 3090 1069 (56)
3128 995 3313 1048 κακῶν
3344 994 3481 1063 πρὸς
3519 994 3583 1046 τὸ

1997 1095 2220 1149 ἔκλυτον
2242 1088 2796 1164 διατεθρυμμένοιτά
2827 1087 3077 1159 σώματα,
3113 1087 3207 1140 καὶ
3231 1085 3324 1138 ἐπὶ
3361 1087 3428 1156 τῇ
3453 1103 3586 1137 παν-

1995 1189 2152 1260 δήμῳ
2183 1188 2418 1258 μουσικῇ
2443 1186 2543 1248 τάς
2568 1182 2747 1254 ψυχὰς
2779 1179 3178 1243 κατακλῶντες,
3217 1178 3354 1250 πρὸς
3398 1178 3584 1230 πᾶσαν

1996 1280 2232 1351 αἰσχρὰν
2255 1279 2350 1334 καὶ
2379 1279 2693 1349 παράνομον
2719 1274 2911 1347 ἡδονὴν
2933 1275 3056 1336 τοὺς
3117 1274 3176 1325 ἐν
3216 1275 3282 1342 τῇ
3327 1269 3464 1343 μέθῃ
3502 1270 3586 1323 δι.-

2001 1373 2357 1445 ερεθίζουσιν.
2433 1369 2530 1424 Ἐκ
2561 1368 2823 1422 δὲτούτου
2862 1369 2915 1420 τί
2955 1363 3276 1435 συμϐαίνει;
3319 1362 3400 1414 Τά
3443 1362 3584 1432 ἔργα

1997 1463 2204 1535 Κυρίου
2238 1462 2310 1534 μὴ
2338 1461 2653 1533 ἐμϐλέπειν,
2683 1459 2781 1513 καὶ
2807 1458 2875 1512 τὰ
2900 1457 3035 1528 ἔργα
3057 1453 3166 1508 τῶν
3197 1452 3396 1525 χειρῶν
3413 1449 3585 1506 αὑτοῦ

2001 1552 2075 1625 μὴ
2103 1553 2404 1606 κατανοεῖν.
2448 1549 2611 1602 nam
2633 1549 2694 1602 τδ
2721 1548 2821 1619 μὲν
2848 1544 3168 1615 ἐμϐλέπειν
3188 1543 3284 1614 τὴν
3303 1543 3369 1595 δι’
3382 1541 3588 1611 ὀφθαλ-

2003 1643 2119 1715 μῶν
2148 1641 2450 1713 κατάληψιν
2481 1639 2590 1693 τῶν
2627 1636 2839 1710 ὁρατῶν
2867 1636 3192 1706 ὑποφαίνει,
3228 1633 3290 1686 τὸ
3317 1634 3374 1686 δὲ
3405 1649 3587 1686 κατα-

2004 1734 2168 1788 νοεῖν
2194 1735 2293 1804 τὴν
2320 1733 2410 1786 διὰ
2439 1731 2534 1785 τοῦ
2569 1730 2664 1785 νοῦ
2699 1729 2932 1801 θεωρίαν
2981 1728 3091 1780 τῶν
3137 1725 3383 1797 ἀοράτων
3441 1741 3589 1793 παρσ-

2009 1827 2240 1897 ίστησιν.
2278 1821 2548 1878 Ἐπεὶοῦν
2587 1822 2664 1878 Τὰ
2693 1823 2917 1890 ἀόρατα
2944 1817 3051 1874 τοῦ
3090 1814 3410 1881 Θεοῦ,ἀπὸ
3455 1815 3587 1867 κτί-

2003 1931 2158 1983 σεως
2178 1919 2432 1987 κόσμου,
2461 1915 2588 1982 τοῖς
2642 1913 2932 1982 ποιήμασι
2968 1911 3294 1978 νοούμενα,
3329 1905 3586 1974 καθορᾶ-

2004 2027 2098 2063 ται
2117 2027 2130 2040 ·
2167 2011 2195 2062 ὁ
2222 2011 2295 2080 μὴ
2329 2008 2619 2079 ἐμϐλέπων
2649 2008 2761 2068 τοῖς
2791 2004 2993 2076 ἔργοις,
3025 2002 3146 2055 οὐδέ
3182 2000 3316 2071 πρὸς
3354 1999 3454 2069 τὴν
3494 1994 3590 2052 διὰ

2003 2098 2112 2151 τοῦ
2128 2097 2220 2152 νοῦ
2247 2097 2432 2154 νόησιν
2459 2097 2750 2165 ὁδηγεϊται.

2076 2373 2199 2428 137.
2230 2371 2296 2425 Τί
2320 2365 2414 2424 οῦν
2444 2369 2648 2424 ἐστι-τὺ
2673 2367 2998 2438 λεγόμενον;
3033 2365 3158 2417 Ὅτι
3191 2361 3332 2434 μέθη
3365 2359 3592 2430 ἀθεότη-

2003 2465 2094 2528 τός
2129 2466 2278 2516 ἐστιν
2317 2462 2459 2532 ἀρχὴ
2481 2501 2494 2524 ,
2531 2462 2796 2524 σκότωσις
2827 2455 2960 2511 οὖσα
2994 2456 3086 2510 τοῦ
3117 2453 3486 2524 διανοητικοῦ,
3517 2452 3587 2504 δι’

2003 2547 2065 2608 οὗ
2097 2555 2333 2624 μάλιστα
2360 2554 2388 2605 ὁ
2408 2553 2541 2615 Θεὸς
2571 2549 3032 2619 ἐπιγινώσκεσθαι
3059 2546 3303 2614 πέφυκεν
3322 2560 3335 2573 ·
3370 2543 3509 2615 ἔργα
3528 2541 3600 2593 δὲ.

2004 2647 2226 2719 χειρῶν,
2255 2646 2348 2699 καὶ
2383 2648 2418 2717 ἡ
2447 2643 2875 2717 προσδοκωμένη
2908 2640 3195 2702 ἀντίδοσις,
3223 2636 3286 2690 τὸ
3316 2636 3428 2706 πῦρ
3449 2637 3600 2687 ἐκεῖο

2003 2758 2083 2804 νο,
2121 2739 2215 2793 καὶ
2239 2741 2271 2810 ἡ
2304 2739 2362 2791 ἐν
2383 2737 2509 2808 ᾅδου
2537 2735 2778 2798 κόλασις,
2801 2731 3020 2801 γλῶσσα
3049 2727 3356 2800 κατάξηρος
3381 2726 3591 2798 μικρᾶς

2007 2831 2220 2903 ῥανίδος
2249 2827 2604 2901 παραμυθίαν
2653 2823 2996 2896 ἐπιθυμοῦσα
3015 2865 3029 2887 ,
3067 2820 3198 2892 φλὸξ
3229 2817 3590 2888 πανταχόθεν,

2003 2923 2126 2977 οὐδὲ
2159 2921 2321 2992 ἀέρος
2351 2919 2628 2990 ἀναπνοὴν
2657 2917 2955 2986 ἀναψύχειν
2990 2915 3084 2967 τὸν
3113 2911 3370 2964 καύσωνα
3404 2908 3497 2960 τὸν
3529 2909 3608 2960 ἐνι

2004 3019 2118 3080 τοῖς
2147 3016 2476 3084 σπλάγχνοις
2506 3013 2672 3065 ἐῶσα.
2708 3011 2849 3064 Ἀνθ’
2877 3002 2950 3063 ὧν
2983 3006 3216 3078 αὐληταὶ
3247 3004 3379 3076 (3'7),
3407 3005 3436 3056 ὁ
3469 3018 3606 3053 στεο-

2004 3109 2214 3179 ναγμός
2232 3123 2246 3137 ’
2271 3107 2393 3161 ἀντὶ
2417 3106 2517 3174 τῆς
2537 3104 2776 3176 ἀμέτρου
2804 3101 2996 3174 μέθης,
3015 3096 3280 3167 ἐπιθυμία
3306 3094 3604 3163 σταγόνος,

2004 3200 2105 3270 τῆς
2142 3199 2344 3271 σαρκὸς
2369 3197 2477 3250 τῶν
2517 3195 2824 3266 μεθυόντων
2852 3189 3399 3262 ἀποτηγανιζομένης
3423 3187 3482 3240 ἐν
3517 3187 3586 3254 τῇ

2007 3290 2224 3360 καμίνῳ
2245 3306 2256 3317 ·
2289 3289 2411 3342 ἀντὶ
2436 3287 2547 3340 τῶν
2573 3283 2818 3354 ἀσελγῶν
2847 3282 3134 3352 θεαμάτων
3158 3320 3173 3344 ,
3212 3278 3273 3330 τὸ
3304 3277 3497 3338 σκότος
3531 3274 3594 3326 τὸ

2012 3381 2146 3452 βαθύ
2167 3397 2179 3410 ·
2202 3380 2320 3434 ἀντὶ
2335 3379 2435 3448 τῆς
2458 3378 2757 3447 ἀκοιμήτου
2775 3373 3091 3443 ἐπιθυμίας,
3107 3373 3135 3422 ὁ
3162 3369 3460 3439 ἀκοίμητος
3476 3365 3592 3435 (58)

2012 3472 2251 3542 σκώληξ.
2283 3472 2347 3524 Oi
2375 3466 2468 3524 οὖν
2495 3471 2552 3522 ἐν
2573 3471 2638 3540 τῇ
2669 3467 2806 3538 μέθῃ
2835 3465 2928 3519 τὸν
2955 3463 3080 3518 νοῦν
3117 3460 3324 3515 ἐαυτῶν
3353 3459 3593 3513 καταδυ-

2015 3561 2294 3626 θίσαντες,
2325 3564 2608 3615 κατανοεῖν
2633 3558 2807 3612 ταῦτα
2831 3557 2900 3611 τά
2933 3556 3066 3627 ἔργα
3094 3553 3201 3607 τῶν
3229 3551 3428 3623 χειρῶν
3459 3549 3593 3603 ἀδυο

2013 3654 2264 3708 νατοῦσι·
2326 3654 2420 3707 καὶ
2467 3653 2555 3706 διὰ
2592 3653 2652 3704 τὸ
2683 3651 2758 3722 μὴ
2793 3649 3122 3721 προόλέπειν
3152 3644 3222 3698 τά
3251 3644 3604 3713 ἀναμένοντα

2016 3747 2236 3811 αὐτοὺς,
2283 3747 2509 3808 εἰκότως
2539 3744 2615 3807 ὡς
2639 3743 2742 3813 ἤδη
2767 3743 2826 3794 ἐν
2858 3741 3040 3803 αὐτοῖς
3071 3739 3231 3799 ὄντας
3257 3738 3369 3796 τοῖς
3399 3734 3598 3796 δεινοῖς

2015 3839 2044 3890 ὁ
2069 3838 2224 3907 λόγος
2251 3838 2522 3909 ὀδύρεται.
2594 3837 2964 3889 Ἀκουέτωσαν
2997 3831 3197 3886 τούτων
3244 3829 3293 3882 οἱ
3337 3827 3458 3879 ἀντὶ
3485 3816 3615 3878 τῶν·

2017 3929 2368 4000 Εὐαγγελίων
2396 3930 2495 3994 τὰς
2525 3928 2754 4000 κιθάρας
2787 3927 2882 3980 καὶ
2908 3925 3008 3989 τὰς
3045 3924 3211 3995 λύρας
3233 3921 3326 3974 ἐπὶ
3366 3919 3476 3972 τῶν
3517 3917 3600 3970 οἴ·-

2018 4043 2128 4078 κων
2155 4024 2267 4096 (59)
2298 4023 2680 4093 φυλάσσοντες,
2704 4022 2785 4074 ὅτι
2811 4021 2886 4084 ὼς
2911 4021 3011 4091 ήδη
3036 4015 3379 4076 ἀπολωλότας
3406 4013 3436 4064 ὁ
3458 4027 3596 4082 προ-

2017 4119 2196 4188 φήτης
2225 4116 2604 4181 ἀνακαλεῖται,
2629 4117 2693 4167 ἐκ
2721 4114 2821 4184 τῆς
2847 4114 2966 4166 κατ’
2998 4111 3218 4181 ἀγάπην
3250 4103 3598 4176 συμπαθείας

2020 4207 2231 4281 θρηνῶν
2266 4209 2443 4263 αὐτῶν
2473 4208 2569 4279 τὴν
2602 4207 2896 4262 ἀπώλειαν.

335 4294 378 4345 si
409 4289 520 4359 jam
552 4292 859 4362 periissem,
890 4304 1106 4348 revocat
1131 4295 1418 4364 propheta,
1443 4306 1606 4364 atque
1657 4312 1754 4364 per
1794 4299 2316 4357 commiserationem
2380 4319 2444 4358 ex
2489 4303 2756 4355 cbaritate
2804 4313 2978 4354 ortum
3029 4297 3252 4353 exitium
3309 4309 3498 4348 eorum
3531 4306 3600 4346 ac

339 4385 549 4437 ruinam
581 4382 760 4440 deﬂet.

586 4476 712 4542 Vw,
745 4477 957 4547 inquit,
1001 4479 1068 4532 iis
1104 4481 1194 4548 qui
1233 4495 1351 4532 cum
1387 4478 1626 4542 cithara,
1655 4489 1701 4533 et
1733 4480 1899 4543 tibiis,

2090 4479 2216 4536 158.
2253 4478 2393 4532 Οὐαὶ
2414 4517 2427 4542 ,
2459 4477 2623 4548 φησὶν
2647 4517 2662 4542 ,
2685 4481 2740 4530 οι
2757 4476 2907 4546 μετὰ
2933 4473 3201 4542 κιθάρας,
3248 4472 3346 4523 καὶ
3367 4467 3596 4531 αὐλῶν,

336 4580 394 4622 ινιτ
423 4571 709 4638 tympanis,
754 4579 804 4624 et
838 4571 1081 4639 psalmis,
1112 4573 1290 4626 uinum
1328 4571 1530 4625 bibunt.
1562 4570 1706 4642 Lyra
1737 4583 1899 4626 auten

2021 4573 2116 4626 καὶ
2145 4569 2501 4639 τυμπάνων,
2537 4569 2633 4623 καὶ
2662 4567 2940 4638 ψαλμῶν,
2963 4567 3069 4620 τὸν
3106 4562 3272 4619 οἷ-νον
3295 4563 3595 4626 πίνοντες.

339 4676 475 4717 auro
501 4671 556 4716 et
585 4661 755 4718 ebore
783 4674 1048 4719 exornata
1075 4665 1128 4719 in
1152 4665 1259 4719 alta
1286 4667 1541 4736 quapiam
1575 4681 1670 4720 ara
1700 4669 1776 4719 uti
1809 4675 1899 4718 star

2021 4665 2110 4716 Σοὶ
2145 4663 2202 4716 δὲ
2231 4661 2417 4734 χρυσῷ
2439 4661 2534 4714 καὶ
2565 4660 2814 4729 ἐλέφαντι
2840 4655 3236 4726 πεποικιλμένη
3270 4655 3304 4723 ὴ
3328 4651 3489 4724 λύραν
3513 4650 3596 4720 ἐφ’

342 4764 432 4806 tua
473 4755 722 4824 quaedam
771 4771 836 4812 ac
862 4756 1170 4812 daemonum
1209 4757 1416 4813 idolum
1451 4774 1480 4811 a
1517 4768 1569 4812 te
1610 4758 1897 4828 reponitur

2022 4751 2226 4822 ὑψηλοῦ
2277 4767 2420 4812 τινος
2467 4748 2652 4820 βωμοῦ
2705 4750 2892 4818 ῶσπερ
2943 4765 2996 4800 τι
3026 4745 3246 4816 ἄγαλμα
3302 4743 3399 4796 καὶ
3447 4741 3599 4795 εἴδω-

339 4850 518 4914 Mque
564 4846 764 4902 misera
793 4847 985 4917 aliqua
1011 4849 1208 4904 mulier
1234 4864 1357 4904 cum
1388 4849 1600 4905 discere
1646 4847 1895 4902 debuisse

2021 4845 2110 4898 λον
2137 4844 2412 4915 δαιμόνων.
2430 4841 2708 4896 ἀνάκειται
2732 4859 2744 4871 ·
2771 4842 2865 4894 καὶ
2887 4842 3022 4910 γυνή
3049 4857 3130 4903 τις
3155 4837 3335 4898 ἀθλία,
3359 4835 3482 4888 ἀντὶ
3503 4832 3597 4886 τοῦ

343 4952 537 4993 manus
579 4941 647 4994 ad
676 4938 857 4996 lusum
888 4940 1212 5005 admovere,
1246 4956 1339 4996 eas
1365 4957 1476 5010 pra:
1511 4941 1790 4996 servitutis
1824 4954 1899 4995 ne

2021 4937 2118 5002 τὰς
2148 4938 2336 5008 χεῖρας
2368 4935 2596 5007 ἐρείδειν
2625 4935 2760 5006 πρὸς
2798 4933 3073 5005 ἄτρακτον.
3110 4931 3454 5001 διδαχθῆναι,
3512 4926 3601 4981 διὰ

412 5163 458 5194 τ’
495 5161 650 5216 Rom.
687 5177 726 5227 r,
755 5159 845 5214 20.
924 5161 969 5192 ⁸ο
1010 5160 1200 5215 Mat-lli.
1233 5177 1360 5225 xxv,
1392 5161 1481 5214 41.
1560 5161 1602 5191 ⁸⁸
1646 5160 1776 5216 Luc.
1804 5176 1892 5215 xv:

2021 5191 2046 5212 ι.
2123 5158 2168 5190 ⁸¹
2209 5157 2371 5210 Marc.
2423 5172 2498 5219 ιιι,
2550 5155 2637 5208 45.

415 5407 531 5483 (56)
571 5409 734 5483 Editi~
763 5423 818 5465 et
856 5421 965 5465 tres
1005 5426 1162 5483 mss.,
1217 5410 1466 5483 συνῳδία.
1500 5415 1569 5466 At
1610 5412 1894 5468 Combelisi

2093 5411 2204 5479 (58)
2244 5411 2420 5466 Nostri
2461 5426 2553 5466 sex
2607 5425 2759 5476 mss.,
2793 5412 2820 5462 ὁ
2867 5405 3178 5476 ἁκοίμητος.
3212 5401 3372 5468 Εώιί,
3411 5403 3438 5454 ὁ
3469 5400 3601 5457 eos

344 5480 510 5532 codex
538 5481 824 5544 recentior,
853 5481 1130 5544 συνῳδίαι.
1333 5480 1341 5483 ’

2021 5499 2197 5544 νατος.

427 5548 535 5624 (τι)
577 5549 630 5602 ιη
665 5551 787 5615 illis,
813 5534 938 5624 ἂνοή
965 5534 1039 5605 ὧν
1081 5551 1329 5622 αὐληταί,
1366 5561 1490 5614 etc.,
1537 5562 1638 5624 aut
1673 5553 1785 5606 vitii
1824 5552 1899 5624 ali-

2049 5534 2064 5624 ς
2095 5534 2206 5624 (59)
2243 5549 2642 5624 ΕιΙὶιξ,-οίκιῶν.
2678 5552 2740 5604 At
2776 5552 3014 5619 quinque
3062 5561 3238 5624 mss.,.
3261 5541 3599 5624 oixtov.“S_.t_a-

347 5611 476 5686 quid
509 5611 668 5683 inest,
698 5611 810 5692 aut,
852 5623 941 5690 qui
971 5638 1085 5676 mos
1112 5611 1530 5690 cst'scriptori’s,
1567 5622 1899 5677 ἐλλειπτικῶε

2025 5611 2118 5674 tiu}
2169 5611 2327 5674 iidem
2371 5621 2443 5692 illi
2491 5624 2727 5692 quinque
2792 5611 2947 5688 mss.,
2990 5619 3110 5674 κατ’
3140 5616 3381 5684 ἀγάπην.
3430 5611 3606 5678 Eunt,

348 5692 486 5744 diota
522 5700 669 5744 sunt.
707 5689 951 5747 Atioruut
981 5694 1082 5748 erit
1110 5709 1172 5748 ea
1203 5693 1267 5747 de
1296 5689 1352 5747 rc
1375 5693 1656 5764 judicium.

2024 5692 2164 5746 κατὰ
2187 5694 2285 5764 τὴν
2315 5691 2552 5762 ἀγάπην.

193 6069 402 6160 ’Χ
