3808 6212
141 280 199 326 5.7
207 279 234 329 7

973 275 1332 335 COMMENT.
1367 277 1432 332 ΙΝ
1475 280 1712 336 ISAIAM
1749 281 2197 339 PROPHETAM.
2240 285 2392 342 CAP.
2433 286 2497 339 ν.

3268 287 3385 342 578·

139 394 230 464 ιιέεν
252 394 313 446 ὲκ
343 392 436 463 τῆς
457 392 696 455 δουλείας
714 391 962 462 ἀνάγκην
983 392 1076 444 ἐπὶ
1097 391 1267 465 λύραν
1295 394 1561 449 ἐκτείνειν
1588 396 1700 467 (40)
1728 449 1734 459 ,

1831 401 2062 455 :essitate
2092 401 2158 455 ad
2191 401 2361 472 lyram
2411 404 2700 457 admovere
2736 417 2763 454 a
2801 411 2852 455 te
2891 401 3084 457 edocta
3115 413 3198 458 est
3231 421 3245 456 :
3277 403 3370 473 qui

141 484 372 556 ὶδιδάχθη
411 485 560 556 παρὰ
605 483 699 537 σοῦ
726 524 740 549 ,
778 485 910 548 ῐσως
941 484 1035 537 καὶ
1084 484 1308 555 μισθοὺς
1353 486 1696 553 τελέσαντος,

143 578 268 648 τάχα
291 578 378 630 καί
403 575 708 648 προαγωγῷ
735 593 839 628 τινι
871 577 1091 644 γυναικὶ
1122 577 1475 648 παραδόντος,
1500 581 1532 649 ἢ
1563 578 1703 648 μετὰ

143 671 195 724 τὺ
220 671 389 722 πᾶσαν
418 669 704 736 ἀσέλγειαν
751 669 810 721 ὲν
858 668 937 739 τῷ
970 669 1085 739 ἰδίῳ
1118 668 1332 740 σώματι
1365 670 1700 740 ἀπαθλῆσαι,

143 765 249 824 ταῖς
268 763 408 825 νέαις
439 759 781 832 προκάθηται
799 759 908 813 τῶν
929 761 1130 830 ὁμοίων
1156 761 1492 826 διδάσκαλος.
1531 763 1703 833 ’Υπὲρ

144 851 203 927 ἧς
233 871 309 907 σοι
341 856 398 906 ὲν
429 856 496 925 τῇ
535 854 717 924 ἡμέρᾳ
747 852 845 922 τῆς
885 852 1122 924 κρίσεως
1170 852 1391 906 διπλοῦν
1421 854 1482 907 τὸ
1535 854 1703 907 κακὸν

145 949 532 1018 ἀπαντήσεται,
596 941 670 1000 ὧν
720 963 779 999 τε
833 946 996 1008 αὐτὸς
1058 945 1440 1014 ἀσελγαίνεις,
1478 947 1572 999 καὶ
1629 939 1704 1000 ὧν

143 1044 315 1099 ἀθλίαν
327 1042 502 1114 ψυχὴν
522 1041 608 1095 διὰ
628 1041 878 1113 πονηρῶν
895 1040 1237 1112 διδαγμάτων
1259 1040 1706 1112 ἀπηλλοτρίωσας

144 1136 226 1190 τοῦ
258 1135 406 1189 Θεοῦ.
455 1130 594 1189 Εἶτα
641 1135 974 1206 παρίσταται
1008 1137 1073 1205 τῇ
1121 1133 1261 1206 λύρᾳ
1303 1133 1399 1186 καὶ
1429 1131 1707 1186 ἐπιϐάλλει

143 1231 243 1292 τοῖς
271 1228 524 1298 φθόγγοις
550 1229 648 1291 τὰς
674 1231 860 1298 χεῖρας
883 1244 896 1254 ·
929 1227 1134 1298 γυμνὸς
1170 1229 1199 1280 ὁ
1237 1228 1412 1298 πῆχυς
1435 1266 1452 1292 ,
1497 1225 1710 1290 ἀναιδὲς

143 1322 199 1374 τὸ
223 1321 527 1393 πρόσωπον.
559 1315 693 1374 Εἶτα
726 1320 1098 1390 ὲπέστραπται
1123 1319 1184 1371 τὸ
1213 1318 1512 1389 συμπόσιον
1539 1317 1708 1383 ἅπαν,

144 1413 228 1467 καὶ
248 1412 297 1464 οἱ
319 1410 587 1482 ὀφθαλμοὶ
617 1410 834 1464 πάντων
862 1408 974 1481 (ιι)
1001 1411 1120 1462 ἐκεῖ
1149 1408 1442 1480 φέρονται,
1474 1406 1568 1459 καὶ
1598 1404 1714 1459 ὦτα

147 1504 416 1574 ὑποσιωπᾷ
464 1505 582 1565 τοῖς
610 1501 919 1571 κρούμασι,
961 1500 1052 1554 καὶ
1086 1497 1508 1554 καταστέλλεται
1558 1497 1655 1568 μὲν
1686 1499 1714 1550 ὁ

144 1595 353 1666 θόρυϐος
374 1597 490 1648 ἐκεῖ
509 1592 940 1662 κατασιγάζεται
961 1593 1018 1646 δὲ
1035 1595 1064 1647 ὁ
1093 1593 1287 1662 γέλως,
1311 1591 1405 1645 καὶ
1429 1591 1536 1645 τῶν
1555 1590 1714 1643 ἀσελ-

145 1687 244 1756 γῶν
275 1687 530 1759 ῥημάτων
562 1689 596 1757 ἡ
643 1685 868 1756 ἅμιλλα.
935 1683 1366 1756 Ἐφησυχάξουσι
1416 1683 1528 1754 (42)
1578 1682 1635 1735 δὲ
1663 1683 1713 1734 οἰ

144 1781 273 1836 κατὰ
312 1781 401 1833 τὸν
428 1775 580 1834 οἶκον
611 1779 851 1842 ἅπαντες
875 1781 942 1849 τῇ
969 1777 1252 1846 ἀκολάστῳ
1277 1774 1513 1846 μελῳδίᾳ
1543 1791 1710 1827 κατα-

145 1873 617 1947 κηλούμενοιηούχ
633 1870 896 1944 ἡσυχάζει
926 1870 983 1924 δὲ
1015 1871 1072 1923 ἐν
1095 1871 1163 1940 τῇ
1193 1869 1286 1922 τοῦ
1313 1866 1446 1920 Θεοῦ
1489 1867 1713 1938 Ἐκκλη-

147 1968 258 2038 σίᾳ,
291 1965 409 2019 οὔτε
440 1966 734 2034 ὑποσιωπᾷ
758 1966 879 2028 ταῖς
908 1962 1001 2017 τοῦ
1045 1962 1382 2031 Εὑαγγελίου
1412 1962 1619 2030 φωναῖς
1639 2001 1654 2024 ,
1685 1961 1717 2012 ὁ

145 2060 251 2112 ἐκεῖ
275 2058 512 2112 σιωπῶν.
566 2057 829 2120 Εἰκότως.
880 2057 940 2109 Ὀ
967 2055 1076 2125 γὰρ
1102 2057 1220 2108 ἐκεῖ
1249 2054 1458 2126 σιωπὴν
1491 2055 1716 2108 ἐπιτάσ-

146 2165 243 2203 σων
273 2150 462 2221 ἐχθρὸς
481 2187 498 2214 ,
552 2141 710 2210 οὗτος
735 2147 968 2202 ἐνταῦθα
1009 2148 1101 2201 τὸν
1146 2146 1374 2218 θόρυϐον
1403 2145 1712 2201 ὑποϐάλλει.

156 2240 395 2294 Ἐλεεινὸν
426 2240 613 2311 θέαμα
651 2239 920 2311 σώφροσιν
955 2239 1272 2308 ὀφθαλμοῖς,
1303 2238 1378 2309 μὴ
1409 2239 1716 2309 ἱστουργεῖν

145 2336 377 2400 γυναῖκα,
399 2333 541 2388 ἀλλὰ
564 2333 624 2384 λυ
631 2333 820 2404 ρῳδείν
838 2331 974 2402 (45)⁶
990 2330 1064 2402 μὴ
1086 2332 1189 2385 ὑπὸ
1211 2330 1340 2385 ἰδίου
1357 2330 1717 2402 γνωρίζεσθαι

145 2425 339 2495 ἀνδρὸς,
364 2425 480 2478 ἀλλ’
507 2425 616 2478 ὑπὸ
637 2424 810 2480 ἄλλων
839 2424 1242 2478 ἀποϐλέπεσθαι
1267 2439 1280 2453 °
1308 2423 1586 2494 πάνδημον
1605 2423 1717 2494 (44)

146 2514 298 2572 εἶναι’
331 2520 406 2589 μὴ
425 2519 645 2590 ψαλμὸν
670 2519 816 2590 ᾅδειν
840 2519 1304 2589 ὲξομολογήσεως,
1335 2517 1470 2573 ἀλλὰ
1498 2518 1719 2590 ᾄσματα

148 2612 366 2683 πόρνης*
426 2615 505 2684 μὴ
553 2613 688 2666 Θεὸν
734 2611 1032 2678 ἱκετεύειν,
1071 2611 1185 2664 ἀλλ’
1232 2612 1324 2665 ἐπὶ
1354 2611 1456 2680 τὴν
1495 2611 1719 2678 γέενναν

145 2703 466 2773 ἐπείγεσθαιυ
501 2705 584 2777 μὴ
609 2707 690 2769 εἰς
719 2705 1046 2776 Ἐκκλησίαν
1073 2703 1208 2758 Θεοῦ
1227 2703 1338 2774 (45)
1372 2702 1715 2769 σπουδάζειν,

147 2797 270 2852 ἀλλὰ
300 2799 688 2854 συνεκϐάλλειν
729 2802 895 2871 ἑαυτῇ
940 2800 1036 2853 καὶ
1079 2799 1320 2869 ἐτέρους.
1379 2797 1580 2870 Ἐχθρὰ
1623 2799 1722 2870 μὲν

149 2892 303 2966 ταύτῃ
328 2893 478 2965 ἔριαο
505 2894 754 2964 στήμονα
778 2894 836 2947 δὲ
859 2893 1138 2961 κατάγειν,
1156 2891 1189 2962 ἢ
1207 2891 1415 2963 κρόκην
1440 2891 1718 2962 στρέφειν,

148 2984 257 3038 οὔτε
277 2981 436 3051 οἶδεν,
468 2983 601 3038 οὔτε
631 2983 793 3037 θέλει.
824 2983 1100 3038 Μεθύουσι
1125 2982 1182 3036 δὲ
1205 2980 1458 3047 συνοῦσα,
1483 2982 1552 3034 τὰ
1580 2981 1725 3034 ἐκεί-

1749 1751 1797 1806 Β

1804 489 2035 546 fortasse
2076 503 2132 546 et
2170 494 2476 548 mercedem
2513 494 2858 562 persolvisti,
2913 495 3007 564 qui
3059 493 3291 550 fortasse
3319 503 3374 550 et

1804 581 1976 650 ipsam
2002 582 2236 651 cuipiam
2261 583 2472 638 mulieri
2497 585 2632 639 lenae
2665 587 2932 642 tradidisti
2965 605 2978 640 :
3011 602 3133 656 quae
3156 597 3376 655 postea-

1806 688 1966 742 quam
2004 674 2057 728 in
2089 675 2304 744 proprio
2350 690 2578 745 corpore
2626 675 2786 748 491
2837 678 3112 732 libidinem
3158 692 3387 734 omnem-

1804 763 2076 833 eaplevit,
2119 765 2376 834 praesidet
2412 767 2729 822 mulieribus
2775 768 3114 835 junioribus,
3149 784 3389 837 operum-

1806 856 2064 911 similium
2101 859 2381 928 magistra.
2409 857 2650 914 Mulieris
2698 859 2858 927 hujus
2880 862 3056 932 gratia
3096 863 3150 916 in
3179 863 3268 917 die
3295 861 3392 929 ju-

1805 948 1932 1002 dicii
1981 949 2247 1017 duplicem
2281 951 2504 1006 daturus
2534 967 2592 1007 es
2637 967 2853 1021 poenam
2889 971 2903 1008 :
2936 965 3046 1007 tum
3079 954 3222 1022 quod
3266 953 3386 1022 ipse

1809 1041 2043 1096 lascivus
2065 1057 2146 1108 es,
2178 1051 2294 1096 tum
2326 1045 2468 1113 quod
2505 1059 2600 1112 per
2632 1045 2874 1114 improba
2903 1046 3228 1101 documenta
3266 1046 3384 1098 auio

1811 1148 1953 1186 mam
1983 1131 2252 1188 infelicem
2281 1149 2310 1187 a
2343 1134 2452 1188 Deo
2478 1135 2820 1189 abalieunsti.
2855 1135 3061 1191 Deinde
3088 1145 3228 1190 astat
3259 1151 3382 1189 cum

1811 1225 1949 1296 lyra,
2001 1224 2366 1295 admovetque
2407 1242 2600 1280 manus
2635 1226 2703 1280 ad
2739 1243 2902 1282 sonos
2951 1229 3382 1298 depromendos;

1813 1321 1992 1374 nudus
2026 1328 2252 1389 apparet
2286 1320 2525 1385 cubitus,
2564 1321 2747 1376 vultus
2783 1321 3064 1391 impudens
3110 1320 3384 1389 conspici-

1815 1421 1922 1466 tur.
1953 1411 2090 1466 Tum
2125 1413 2462 1467 convertitur
2494 1413 2806 1468 convivium
2851 1428 3049 1480 omne;
3086 1413 3390 1482 conjiciun-

1817 1514 1906 1559 tur
1941 1503 2070 1560 illuc
2107 1505 2350 1560 omnium
2389 1507 2572 1572 oculi;
2606 1521 2769 1561 aures
2811 1505 2992 1561 tacitae
3026 1519 3161 1560 sono
3191 1505 3386 1574 pulsati

1816 1599 2169 1653 instrumenti
2223 1599 2554 1669 praebentur.
2610 1601 2789 1668 Atque
2832 1608 2892 1653 ut
2943 1597 3053 1653 illic
3105 1597 3389 1652 cohibetur

1820 1687 2101 1753 tumultus,
2134 1689 2206 1742 ita
2242 1705 2458 1760 quoque
2481 1691 2615 1744 risui
2647 1706 2710 1744 ac
2740 1691 3030 1744 verborum
3059 1688 3400 1744 lascivorum

1815 1782 2100 1836 certamini
2126 1781 2400 1837 silentium
2427 1782 2748 1852 iujungitur.
2772 1781 2977 1836 Favent
2997 1791 3178 1834 autem
3201 1793 3390 1833 omnes

1815 1882 1868 1928 et
1906 1873 2262 1943 acquiescant
2303 1874 2356 1926 in
2395 1877 2591 1939 dOII'IO,
2628 1873 2836 1942 impura
2874 1873 2973 1926 ista
3025 1870 3392 1926 modulatione

1816 1966 2038 2020 inescati
2068 1985 2080 2020 :
2114 1967 2208 2021 sed
2236 1966 2289 2020 in
2320 1965 2564 2022 Ecclesia
2590 1965 2681 2020 Dei
2707 1981 2814 2021 non
2843 1965 3180 2028 conticescit,
3214 1976 3404 2032 neque

1818 2073 2006 2114 vocem
2040 2057 2318 2128 Evangelii
2349 2059 2568 2114 silentio
2610 2059 2778 2124 audit,
2818 2059 2909 2128 qui
2961 2059 3070 2112 illic
3108 2057 3250 2113 silet.
3281 2054 3394 2110 Nec

1819 2150 2038 2204 mirum.
2069 2149 2207 2204 Nam
2236 2150 2491 2206 inimicus
2518 2151 2610 2220 qui
2649 2151 2723 2206 ibi
2761 2151 2952 2205 indicit
2979 2148 3271 2211 silentium,
3308 2146 3406 2200 ille

1820 2241 2108 2295 tumultum
2151 2251 2208 2295 et
2255 2242 2715 2310 perturbationem
2769 2242 2856 2296 hic
2895 2239 3157 2309 suggerit.
3214 2237 3402 2292 Castis

1819 2332 1994 2386 oculis
2039 2343 2094 2387 et
2126 2331 2339 2401 pudicis
2368 2333 2738 2403 spectaculum
2777 2341 2864 2388 est
2897 2330 3228 2393 miserabile,
3271 2345 3394 2382 mu-

1822 2427 2009 2482 lierem
2046 2432 2277 2481 textura:
2299 2441 2404 2480 non
2435 2441 2657 2496 operam
2691 2427 2842 2490 dare,
2875 2425 2970 2480 sed
3000 2423 3113 2493 lyra
3141 2432 3340 2477 canere
3381 2434 3396 2472 :

1822 2537 1930 2576 non
1981 2536 2011 2574 a
2053 2520 2280 2590 proprio
2317 2521 2438 2574 viro
2471 2519 2764 2588 cognosci,
2797 2518 2891 2573 sed
2938 2513 3135 2585 respici
3170 2513 3238 2570 ab
3281 2510 3410 2565 aliis

1823 2613 1978 2683 quasi
2017 2621 2165 2668 esset
2197 2613 2394 2669 mulier
2424 2612 2669 2682 publica;
2715 2627 2823 2666 non
2863 2607 3220 2665 confessionis
3267 2604 3406 2675 psal-
3455 2679 3459 2684 .

1822 2720 1970 2760 mum
2017 2705 2343 2770 decantare,
2378 2705 2471 2760 sed
2525 2704 2825 2760 cantilenas
2868 2700 3236 2765 meretricias;
3295 2711 3402 2751 non

1825 2799 1938 2854 Deo
1967 2798 2296 2867 supplicare,
2342 2798 2436 2852 sed
2469 2812 2765 2867 properare
2809 2795 2876 2849 ad
2921 2793 3260 2864 gehennam;
3297 2805 3402 2843 non

1825 2894 1890 2945 ad
1912 2888 2208 2947 Ecclesiam
2236 2891 2330 2946 Dei
2356 2891 2598 2946 studiose
2619 2888 2972 2953 contendere,
3004 2885 3099 2941 sed
3134 2898 3316 2939 secum
3350 2890 3408 2934 et

1827 2983 1962 3038 alios
2008 2983 2134 3038 inde
2183 2997 2434 3038 avocare.
2465 2981 2602 3036 Huic
2641 2983 2830 3036 invisat
2869 2989 2998 3036 sunt
3027 2978 3193 3038 lanae,
3242 2985 3406 3044 atque

149 3095 243 3132 νων
274 3077 607 3147 ἐπιτηδεύει.
665 3077 873 3139 Ὄντως
918 3075 1064 3129 ἰστὸν
1101 3074 1343 3144 ἀράχνης
1382 3073 1721 3143 ὑφαίνουσιν,

1831 3077 2095 3132 deducere
2137 3086 2388 3140 stamen,
2441 3083 2535 3130 aut
2584 3084 2814 3129 tramam
2865 3073 3184 3142 intorquere
3230 3082 3408 3136 neque

148 3165 248 3223 οἷον
273 3171 330 3224 ἐν
378 3168 618 3241 στήμοσί
651 3185 762 3221 τισι
804 3170 923 3230 ταῖς
953 3165 1344 3236 ἐντεταμέναις
1377 3168 1595 3235 νευραῖς
1622 3163 1722 3228 τὰς

149 3265 322 3334 χεῖρας
354 3263 572 3318 ἑαυτῶν
603 3260 994 3315 ἐπιϐάλλουσαι
1013 3299 1028 3325 ,
1088 3259 1269 3313 πυκνὰ
1300 3258 1359 3312 δὲ
1406 3258 1468 3311 τὸ
1499 3259 1724 3329 κέντρον

151 3349 248 3408 οἷον
297 3355 528 3427 κερκίδα
585 3349 687 3408 ὧδε
723 3355 818 3407 καὶ
850 3347 955 3406 ὦδε
1006 3353 1442 3423 μετακομίσασαι
1467 3391 1480 3416 ,
1509 3422 1518 3427 _
1545 3350 1725 3422 πέρας

152 3448 288 3501 οὐδὲν
308 3422 405 3520 τῆς
430 3446 718 3521 ἐνεργείας
743 3422 1166 3499 ἐπιδεικνύουσι.
1198 3443 1319 3497 Τῶν
1353 3443 1452 3514 μὲν
1475 3422 1584 3512 γάρ
1641 3459 1727 3495 τε-

153 3539 282 3609 χνῶν
311 3543 429 3594 ὅσαι
453 3537 606 3594 κατὰ
634 3539 724 3592 τὸν
759 3537 871 3607 βίον
903 3539 1220 3606 ἀναγκαῖαι,
1239 3536 1335 3589 καὶ
1367 3534 1426 3588 τὺ
1449 3535 1600 3599 τέλος
1625 3535 1723 3603 ὀφ-

153 3630 362 3702 θαλμοῖς
388 3630 717 3702 ὲγκείμενόν
740 3630 850 3701 (46)
876 3630 1046 3692 ἐστιν,
1071 3623 1182 3681 οἷον
1204 3627 1522 3697 τεκτονικῆς
1550 3627 1611 3680 τὸ
1641 3627 1731 3697 βά-

157 3721 288 3792 θρον,
306 3724 659 3796 οἰκοδομικῆς
680 3722 848 3784 οἰκία,
873 3719 1223 3792 ναυπηγικῆς
1248 3720 1309 3772 τὸ
1335 3718 1536 3782 πλοῖον,
1566 3720 1727 3788 ὑφαν-

158 3817 297 3887 τικῆς
339 3817 399 3871 τὸ
429 3818 652 3886 ἱμάτιον
677 3855 692 3878 ,
753 3813 1116 3886 χαλκευτικῆς
1144 3815 1176 3883 ἡ
1225 3814 1502 3884 μάχαιραο
1536 3812 1643 3864 τῶν
1670 3812 1727 3864 δὲ

161 3910 573 3981 ματαιοτεχνιῶν
599 3908 734 3981 (47),
758 3904 868 3962 οἷον
893 3907 1292 3978 κιθαριστικῆς,
1316 3906 1349 3978 ἢ
1373 3905 1724 3978 ὀρχηστικῆς,

158 4000 188 4070 ἢ
219 4002 511 4074 αὐλητικῆς
531 4042 546 4065 ,
613 4001 648 4072 ἢ
681 4000 856 4055 ἄλλων
890 3999 1147 4053 τοιούτων
1172 4038 1188 4062 ,
1233 3999 1592 4068 παυσαμένης
1627 3997 1728 4068 τῆς

159 4089 456 4161 ἐνεργείας,
486 4093 550 4147 τὸ
588 4091 749 4164 ἔργον
781 4091 894 4163 (48)
927 4089 1378 4158 συναφανίζεται·
1416 4090 1509 4142 καὶ
1535 4088 1724 4151 ὅντως,

224 4320 328 4392 (LO)
358 4321 449 4376 Sic
481 4322 618 4390 Reg.
646 4333 893 4390 quartus.
927 4320 1080 4383 Illud,
1113 4319 1207 4392 ἐπὶ
1239 4319 1409 4390 λύραν
1441 4319 1728 4392 ἐκτείνειν,

162 4402 210 4444 et
245 4389 447 4446 iu'aliis
503 4408 639 4445 mss.
668 4389 740 4445 iet
792 4392 844 4444 in
887 4393 1048 4444 editis
1095 4389 1451 4444 desideratur.
1502 4389 1612 4443 Nec
1656 4392 1727 4442 ita

165 4462 319 4516 multo
353 4475 475 4531 post
501 4478 600 4517 sex
633 4477 786 4526 mss.,
811 4460 1120 4531 προαγωγῴ
1158 4478 1262 4513 τινι
1295 4459 1535 4529 γυναικί.
1567 4460 1728 4531 Editi,

162 4531 460 4604 προαγωγῷ
509 4533 718 4602 ταύτην
771 4530 1011 4602 γυναικί.
1073 4530 1271 4586 ibidem
1326 4531 1494 4596 editi,
1550 4530 1606 4600 ἦ.
1665 4531 1737 4586 At

165 4617 284 4655 mss.
328 4603 382 4655 ἦ.

228 4621 450 4755 fin-ligio
489 4679 722 4742 uterque
751 4671 900 4727 Colb.
937 4680 988 4725 et
1017 4669 1148 4740 Reg.
1173 4671 1461 4727 secundus.
1495 4674 1599 4726 Alii
1628 4686 1735 4728 tres

165 4755 280 4794 mss.
293 4782 307 4804 ,
336 4760 568 4806 παντες.

189 4879 198 4889 ο
228 4812 332 4889 (42)
365 4815 592 4889 Veteres
623 4813 727 4868 duo
756 4811 901 4879 libri,
931 4811 1357 4883 ἐφησυχάζουσι.
1399 4811 1594 4866 Nostra
1620 4815 1734 4866 edi-

166 4882 252 4943 tio,
265 4952 270 4953 ί
284 4882 634 4953 ὑφησυχάζου
642 4900 713 4937 σι.

230 4952 332 5020 (45)
360 4952 704 5009 Colbertiuus
730 4953 936 5023 primus
959 4952 1210 5008 secundis
1247 4953 1414 5015 curis,
1442 4952 1576 5008 ἀλλὰ
1606 4954 1736 5027 λυρ-

167 5027 386 5078 ωργείν.

229 5038 488 5163 ῗέἷῗίηυ,
524 5094 631 5147 ὑπὸ
655 5093 827 5148 ἄλλων
849 5092 1450 5165 ἀποϐλέπεσθαιᾼπάνδῃ
1461 5111 1578 5164 μον,
1606 5106 1735 5157 etc.,

169 5161 242 5241 sic
276 5161 510 5241 verterat
544 5168 809 5241 interpres
838 5175 991 5217 vetus
1022 5181 1035 5216 :
1071 5164 1177 5241 Sed
1217 5163 1282 5241 a_b
1325 5161 1736 5241 aliis-publicum

170 5234 437 5297 imputari
471 5237 814 5300 meretricem,
849 5250 952 5286 non
988 5234 1270 5297 modulari,
1298 5244 1428 5298 etc.,
1461 5251 1620 5302 quam
1656 5239 1738 5288 iu-

172 5306 490 5373 terpretandi
539 5307 801 5358 rationein
833 5303 1014 5358 verbis
1043 5303 1355 5372 asperrimis
1389 5307 1736 5373 reprehendit

169 5369 536 5442 Combeﬁsius.
583 5373 764 5441 Neque
806 5384 983 5442 tamen
1022 5369 1144 5440 apte
1186 5374 1402 5428 videtur
1449 5369 1564 5442 ipse
1615 5391 1735 5428 ver-

171 5440 312 5514 tisse.
339 5459 461 5514 cum
498 5445 576 5498 ita
616 5440 867 5514 scripsit:
906 5441 1124 5496 Publica
1175 5454 1427 5497 conventu
1472 5440 1583 5497 non
1612 5461 1736 5497 can-

172 5508 403 5582 festionis
431 5515 691 5582 psalmum
722 5508 1014 5578 decattlari,
1048 5515 1138 5566 sed
1182 5515 1468 5568 cantilenas
1497 5516 1737 5567 meretri-

173 5581 295 5658 ciae.
325 5581 456 5658 Nam
483 5600 553 5639 ex
601 5600 687 5658 eq,
734 5586 789 5639 si-
811 5587 1038 5658 viveret,
1090 5585 1261 5658 libens
1288 5599 1581 5658 qutererent
1609 5585 1735 5654 quid

176 5649 266 5702 sibi
294 5653 414 5707 velit
460 5669 567 5708 vox
619 5649 784 5708 εἶναι·
816 5657 881 5710 ad
937 5671 1096 5724 quam
1133 5649 1322 5706 virunf
1352 5649 1734 5722 peritissimum

179 5732 376 5779 tonstat
409 5740 515 5782 non
550 5727 861 5784 uttendisse.
894 5724 1082 5781 Vident
1112 5724 1256 5779 enim
1291 5738 1477 5782 omnes
1508 5739 1627 5782 cum
1661 5725 1736 5780 iu-

1827 3171 1954 3238 scit,
1988 3184 2164 3240 neque
2188 3169 2319 3223 vult.
2350 3167 2454 3223 Sed
2485 3169 2610 3238 quia
2643 3177 2895 3222 versatur
2923 3181 3044 3220 cum
3073 3162 3405 3222 temulentis,

1829 3279 2018 3319 eorum
2073 3263 2250 3318 studia
2288 3269 2549 3317 sectatur.
2583 3260 2886 3314 Ordiuutur
2933 3259 3120 3326 utique
3153 3269 3406 3308 arancam

1831 3358 2013 3413 telam.
2038 3356 2308 3411 Nimirum
2335 3359 2402 3411 ad
2427 3355 2562 3410 ﬁdes
2584 3363 2869 3410 contentas
2898 3353 3052 3422 quasi
3077 3351 3142 3404 ad
3174 3347 3408 3404 stamina

1826 3453 2074 3521 quaedam
2107 3465 2304 3505 manus
2329 3464 2457 3504 suas
2486 3449 2838 3502 admoventes
2863 3485 2878 3508 ,
2911 3454 2966 3499 et
3005 3443 3137 3516 lyra:
3160 3453 3408 3498 centrum

1828 3542 1984 3611 quasi
2010 3541 2222 3596 radium
2252 3540 2358 3594 huc
2379 3549 2434 3594 et
2461 3539 2592 3594 illuc
2624 3539 2818 3593 crebro
2846 3536 3256 3599 transferentes,
3290 3531 3405 3585 nul-

1830 3635 1940 3688 lum
1974 3634 2156 3704 operis
2179 3633 2262 3688 sui
2300 3633 2461 3687 tinem
2493 3631 2808 3686 ostendunt.
2847 3626 3048 3682 Verum
3098 3627 3243 3680 enim
3276 3637 3413 3677 vero

1833 3727 1957 3781 ﬁnis
1984 3726 2183 3780 artium
2217 3731 2666 3795 quarumcunque
2692 3737 2812 3792 qua:
2843 3723 2908 3775 ad
2939 3721 3077 3774 hanc
3100 3720 3264 3773 vitam
3300 3726 3414 3770 tra-

1832 3819 2132 3872 ducendam
2165 3827 2292 3872 sunt
2322 3818 2668 3879 necessariae,
2709 3813 2886 3869 oculis
2916 3811 3245 3882 spectandus
3275 3807 3414 3877 obji-

1833 3908 1996 3963 citur.
2033 3907 2280 3978 Exempli
2330 3922 2497 3962 causa
2534 3907 2668 3961 artis
2704 3905 2947 3976 lignariae
2974 3902 3098 3958 finis
3127 3915 3423 3956 scamnum-

1831 4011 1913 4057 est
1946 4024 1957 4057 :
1992 4001 2474 4061 architectonices.
2516 4001 2708 4054 domus
2742 4016 2759 4055 :
2808 3998 2944 4052 artis
2991 3991 3416 4064 compingenda-

1835 4107 1953 4144 rum
2002 4093 2257 4160 navium,
2304 4092 2578 4160 navigium
2627 4090 2802 4160 ipsum
2837 4107 2852 4146 :
2884 4089 3153 4152 textrinae,
3197 4085 3412 4140 vestis:

1839 4325 2186 4382 terpretatum
2213 4329 2352 4376 esse,
2379 4313 2533 4380 quasi
2583 4313 2900 4383 simpliciter
2940 4312 3202 4382 scriptum
3248 4323 3417 4374 esset,

1840 4386 2120 4456 πάνδημον
2155 4384 2229 4457 μὴ
2258 4384 2492 4454 ψαλμὸν.
2540 4384 2878 4457 Hinefacile
2917 4384 3056 4457 ειιὶὴὶ
3103 4384 3415 4457 persuaderi

1838 4448 2037 4526 posset,
2072 4448 2341 4510 duas'lias
2367 4448 2547 4518 voces,
2581 4453 2867 4526 πάνδημον
2891 4448 3053 4526 εἶναι,
3099 4448 3129 4507 e
3175 4453 3424 4521 margine

1841 4524 1891 4580 in
1952 4538 2155 4580 textum
2211 4526 2529 4594 irrepsisse,
2579 4540 2678 4577 nec
2729 4524 2870 4577 aliud
2929 4525 3239 4594 quidquam
3271 4537 3428 4585 esse.

1839 4613 1997 4667 quam
2038 4593 2376 4666 superiorum
2413 4597 2700 4650 verborum
2729 4594 3173 4667 declarationem.
3222 4593 3415 4667 Libra-

1841 4665 1903 4722 rii
1948 4665 2131 4738 igitur,
2171 4669 2325 4738 quasi
2364 4674 2786 4738 vererentur‘ne
2829 4665 3430 4738 quisua‘menlescri-

1840 4734 2008 4807 ptoris
2043 4734 2372 4807 deflecteret,
2415 4739 2647 4804 primum
2693 4734 2743 4786 in
2795 4749 2888 4787 ora
2929 4735 3048 4807 libri
3101 4735 3420 4807 addiderant

1840 4804 1992 4874 illud,
2023 4808 2305 4879 πάνδημον
2328 4805 2482 4871 εἶναι,
2504 4817 2570 4879 put
2596 4816 2908 4879 moneretur
2938 4806 3109 4879 lector
3137 4804 3426 4879 mulierem.

1839 4896 1957 4948 qua:
2000 4881 2068 4933 ab
2116 4875 2236 4934 aliis
2276 4877 2637 4948 conspicitur,
2681 4876 2849 4948 ipsam
2901 4875 3272 4948 cujuscunque
3313 4875 3426 4948 viri.

1842 4944 2118 5003 mulierem
2178 4967 2317 5016 esse,
2373 4944 2429 5004 ei
2486 4947 2552 4999 ad
2611 4946 2792 4999 omnia
2846 4945 3242 5014 paratissimam
3274 4944 3418 4998 esetl

1841 5031 2022 5087 postea
2062 5021 2290 5089 idipsum
2324 5021 2598 5089 contextui
2627 5027 2876 5089 assutum
2900 5026 3000 5071 est.

1911 5091 2022 5162 (45)
2056 5083 2277 5146 Veteres
2307 5092 2511 5159 aliquot
2539 5087 2683 5150 libri,
2711 5085 2803 5139 ἐπὶ
2827 5087 2927 5159 τὴν
2954 5087 3178 5156 γέενναν
3202 5083 3418 5152 πέμπε-

1840 5162 1998 5233 σθαιξ
2035 5200 2103 5233 .7.
2135 5201 2148 5214 .
2186 5201 2200 5214 .
2235 5162 2463 5233 Κυρίου.

1910 5231 2020 5303 (46)
2063 5232 2276 5288 Habent
2304 5225 2436 5290 mss.
2470 5231 2734 5295 nonnulli,
2763 5230 3082 5302 ἐκκείμενον
3110 5242 3207 5298 pro
3233 5225 3417 5295 ἐγκεί-

1881 5319 2018 5358 ενον.

1841 5320 2024 5444 “alii;
2055 5373 2216 5437 Editi,
2249 5375 2694 5447 ματαιοτεχνιῶν.
2719 5375 2788 5428 At
2815 5388 2969 5437 mss.,
2996 5366 3428 5442 parato'réwiv,

1838 5459 1944 5498 Ιιοιι
1987 5457 2151 5500 recte.

1911 5515 2024 5586 (48)
2054 5516 2270 5588 ᾼηιίίιυί
2299 5526 2407 5571 tres
2423 5517 2544 5572 libri
2565 5517 2626 5569 τὸ
2641 5516 2802 5588 ἔργον
2818 5515 3043 5588 τούτων,
3062 5513 3421 5588 ίιοιπηιῌοριιε.

1841 5583 2033 5640 Statim
2061 5583 2486 5657 RegIsecundus
2506 5598 2561 5641 et
2597 5583 2821 5655 uterque
2850 5584 3212 5649 Colbcrtiuus,
3237 5583 3430 5640 ἄνεσιν

1837 5657 2070 5728 τρυφῆς.
2100 5659 2203 5714 Alii
2238 5674 2366 5714 ωδε.
2394 5667 2448 5713 et
2475 5659 2627 5727 editi,
2653 5658 2853 5729 τρυφῇ.
