3808 6212
428 246 536 304 ὓτθ

1403 240 1746 304 ΛΡΡΕΝΒΙΧ
1785 245 2072 309 OPERUM
2113 249 2174 307 S.
2214 251 2469 309 BASILII'
2498 250 2733 310 MAGNI.

3596 255 3708 312 580

418 364 565 421 'artis
600 363 879 448 ferrariae,
924 370 1154 437 gladius.
1192 366 1300 425 Sed
1333 370 1476 439 quod
1528 371 1595 426 ad
1648 382 1795 426 artes
1844 386 1979 426 vana

2113 375 2258 428 κατὰ
2283 376 2384 446 τὴν
2409 373 2773 446 ἀποστολικὴν
2801 372 3019 445 φωνὴν,
3054 372 3116 427 τὸ
3137 371 3291 438 τέλος
3336 370 3551 428 τούτων
3596 372 3707 429 ἀπ-

425 466 688 526 perttnet,
718 473 814 512 ceu
846 470 972 514 sunt
996 468 1143 515 artes
1169 461 1436 516 citharam
1475 463 1745 533 pulsandi,
1781 464 1865 519 vel
1893 465 2007 519 sal-

428 549 599 615 tandi,
632 551 718 604 vel
751 552 876 605 tibia
910 554 1162 619 canendi,
1195 554 1280 608 vel
1309 554 1542 610 altarum
1576 557 1630 611 id
1660 572 1832 627 genus
1862 576 1875 612 :
1908 559 2005 613 de-

2114 466 2300 520 ώλεια.
2336 466 2521 521 Ταῦτα
2552 469 2664 531 τοῖς
2688 464 2774 520 διὰ
2806 465 3006 537 πολλὴν
3035 466 3217 520 ἄνεσιν
3244 467 3708 539 τρυφῆς·χρωμέο

2115 573 2229 619 νοις
2254 555 2405 626 παρὰ
2437 557 2653 611 δεῖπνον
2679 595 2695 621 ,
2732 557 2852 627 ἦτοι
2884 556 3124 628 συνεχῶς
3146 598 3162 623 ,
3193 557 3228 629 ἢ
3252 560 3309 611 ἐν
3336 553 3419 622 οἷς
3449 558 3703 629 ὑπολαμ-

425 642 637 697 sinente
682 643 793 711 ipsa
853 648 1100 707 actione.
1148 647 1309 702 simul
1368 662 1580 719 quoque
1632 666 1771 719 opus
1826 652 1985 721 ipsun

2117 649 2340 702 ϐἀνουσι
2374 652 2587 720 καιροῖς
2619 648 2959 721 εὐφροσύνης
3005 650 3201 722 γάμων
3223 693 3238 715 ,
3300 650 3334 722 ἢ
3368 652 3699 716 ἑστιάσεων,

425 731 611 797 perit:
655 741 710 786 et
757 749 921 798 vero,
965 734 1120 802 juxta
1159 738 1512 807 apostolicam
1545 755 1770 805 vocem,
1808 742 2002 796 horum

425 818 549 875 (luis
577 832 660 876 est
689 823 943 880 interitus
973 827 1043 883 ⁸³.
1073 826 1199 882 Haec
1226 843 1256 882 a
1293 830 1450 884 nobis
1482 832 1793 885 necessario
1822 832 2001 901 inqui-

422 911 524 965 sita
548 922 676 967 sunt
699 915 958 972 adversus
981 933 1095 982 eos,
1118 920 1209 988 qui
1229 921 1298 974 ob
1324 921 1614 988 plurimam
1641 924 1691 976 in
1726 923 1999 990 voluptate

423 1002 685 1070 capienda
718 1006 996 1061 mollitiem
1044 1024 1141 1078 per
1178 1024 1424 1077 coenam,
1458 1013 1573 1068 sive
1617 1015 1955 1083 temporibus
1977 1054 1994 1081 ,

422 1098 482 1144 ut
513 1104 727 1162 putant,
753 1092 1125 1156 bilaritatis‘et
1153 1102 1355 1158 laetitia:
1376 1145 1392 1171 ,
1435 1107 1741 1175 nuptiarum
1789 1108 1997 1162 scilicet

418 1181 587 1254 492
615 1196 708 1240 aut
753 1189 1068 1257 epularum,
1121 1193 1278 1247 tibias
1324 1194 1674 1265 citharasque
1717 1205 1769 1250 et
1796 1198 1994 1252 choros

422 1275 715 1332 adhibent:
772 1290 830 1333 ut
874 1296 995 1337 cum
1033 1297 1061 1335 a
1107 1284 1289 1338 divina
1336 1285 1620 1355 Scriptura
1669 1289 1993 1357 reprehendi

419 1367 826 1440 vituperariqne
884 1373 1149 1439 ejusmodi
1195 1376 1372 1430 studia
1436 1379 1742 1444 noveritis,
1796 1380 1994 1436 timore

2115 740 2301 805 αὐλοῖς
2327 743 2422 795 καὶ
2444 741 2720 814 κιθάραις,
2740 742 2835 795 καὶ
2863 745 3063 813 χοροῖς,
3087 743 3400 812 ἀναγκαίως
3447 746 3588 814 ἡμῖν
3613 743 3704 809 ἐξ-

2107 830 2474 902 ήτασται(49),
2496 831 2581 885 ἵνα
2602 832 2702 904 τὴν
2733 833 2798 884 ἐκ
2821 833 2915 885 τοῦ
2937 832 3082 885 θείου
3098 832 3255 901 λόγου
3277 833 3537 905 διαϐολὴν
3557 835 3713 904 πρὸς

2104 921 2206 984 τὰς
2233 921 2487 985 τοιαύτας
2517 922 2893 994 ἐπιτηδεύσεις
2923 924 3333 995 καταμαθόντες
3354 964 3370 989 ,
3400 925 3556 996 φόϐῳ
3584 924 3700 980 τῶν

2104 1013 2499 1084 ἐπηρτημένων
2530 1014 2754 1081 δεινῶν,
2803 1015 2938 1087 πρὸς
2970 1015 3101 1084 γοῦν
3123 1015 3185 1069 τὸ
3211 1015 3408 1086 ἐφεξῆς
3440 1017 3543 1087 τὴν
3590 1033 3697 1070 πο-

2104 1106 2283 1176 νηρὰνι
2302 1106 2398 1159 τοῦ
2429 1107 2545 1177 βίου
2576 1108 2729 1179 ὑμῶν
2761 1108 3046 1180 συνήθειαν
3083 1111 3164 1174 είς
3194 1110 3255 1163 τὸ
3285 1108 3492 1178 βέλτιον
3530 1126 3703 1180 μεταο

2103 1196 2304 1267 ϐάλητε
2338 1197 2472 1267 (50).
2530 1197 2687 1252 Ἐστι
2728 1199 2786 1253 δὲ
2832 1200 2926 1253 καὶ
2952 1201 3054 1271 τὴν
3080 1201 3318 1256 διάνοιαν
3346 1201 3455 1254 τῶν
3502 1199 3707 1272 ῥητῶν-

2102 1289 2225 1343 καθ’
2254 1290 2447 1362 ἑτέραν
2473 1291 2697 1363 ἐκδοχὴν
2728 1292 3144 1363 βασανίσαντας,
3166 1294 3348 1367 εὑρεῖν
3369 1312 3422 1348 τι
3447 1294 3543 1347 καὶ
3571 1294 3697 1347 ἓτε-

2105 1399 2197 1453 ρον
2222 1382 2466 1453 ὼφελοῦν
2493 1385 2649 1456 ἡμῶν
2679 1386 2779 1449 τὰς
2808 1386 3009 1458 ψυχάς.

422 1458 846 1528 impendentium
875 1466 1178 1532 malorum,
1205 1478 1353 1524 certe
1371 1468 1428 1524 in
1456 1480 1733 1538 posterum
1796 1472 2121 1543 ﬂagitiosam
2182 1475 2308 1532 vita:
2373 1486 2571 1532 vestra:
2635 1481 3081 1535 consuetudinem
3117 1480 3171 1536 in
3218 1480 3414 1536 melius
3460 1495 3692 1551 permu-

421 1555 567 1609 tetis.
598 1558 703 1611 Sed
735 1558 780 1613 si
811 1575 1002 1616 rursus
1035 1562 1325 1618 verborum
1388 1566 1581 1621 horum
1649 1568 2058 1638 intelligentiam
2092 1569 2251 1639 juxta
2292 1572 2452 1627 aliam
2492 1574 2864 1645 acceptionem
2914 1575 3203 1646 diligenter
3243 1584 3686 1645 perscrutemur,

418 1647 581 1700 etiam
611 1650 755 1705 aliud
780 1656 1057 1722 quidpiam
1086 1659 1371 1714 animabus
1395 1662 1598 1716 nostris
1624 1673 1985 1733 opportunum
2027 1676 2082 1721 et
2113 1667 2245 1722 utile
2267 1668 2513 1724 invenire
2544 1686 2854 1739 possumus.

488 1740 611 1795 159.
662 1741 773 1808 Vw,
803 1745 1002 1813 inquit,
1029 1747 1096 1800 iis
1121 1750 1212 1816 qui
1244 1766 1397 1804 mane
1423 1762 1665 1821 surgunt,
1699 1764 1745 1807 et
1773 1755 1985 1809 siceram

2177 1758 2294 1815 159.
2337 1761 2522 1826 Οὐαὶ,
2556 1761 2750 1831 φησὶν,
2780 1764 2835 1815 οἱ
2862 1761 3221 1831 ἐγειρόμενοι
3247 1762 3314 1815 τὸ
3348 1763 3534 1832 πρωίξ,
3580 1754 3689 1819 καὶ

413 1838 816 1895 persequuntur.
850 1830 964 1884 Hoc
992 1841 1095 1899 est,
1122 1848 1200 1886 v:c
1224 1834 1310 1899 iis,
1342 1835 1435 1903 qui
1464 1837 1623 1890 simul
1646 1846 1812 1907 atque
1836 1840 1994 1909 igno-

416 1917 610 1971 rantia:
657 1920 893 1975 tenebrae
929 1921 1331 1981 introductione
1378 1927 1703 1997 cognitionis
1740 1930 1832 1985 Dei
1879 1933 1993 1987 dis.

414 2020 589 2061 cussaa
630 2018 776 2074 sunt,
821 2022 1012 2065 exorto
1054 2013 1184 2082 ipsis
1230 2014 1355 2069 Sole
1387 2016 1615 2083 juStitiae
1672 2035 1796 2073 cum
1844 2023 1994 2090 prius

412 2097 664 2153 scelerati
699 2111 753 2155 et
784 2102 934 2171 impii
972 2116 1187 2169 essent,
1217 2105 1333 2172 jam
1373 2109 1444 2177 pii
1499 2124 1562 2163 ac
1608 2111 1850 2181 religiosi
1893 2130 1992 2168 au-

412 2186 591 2253 diunt,
621 2198 784 2259 atque
820 2192 873 2245 in
909 2194 1000 2247 Dei
1035 2195 1336 2251 Ecclesiatu
1374 2200 1764 2267 admittuntur,
1815 2213 1871 2258 et
1906 2214 1989 2259 ta-

412 2295 538 2333 men
572 2281 653 2336 sic
686 2284 867 2338 carnis
906 2284 1057 2339 vitiis
1099 2287 1414 2354 vincuntur,
1450 2300 1511 2344 ut
1548 2293 1615 2347 de
1646 2304 1828 2349 mente
1856 2295 1992 2366 deji-

411 2370 630 2425 ciantur
654 2387 717 2426 ac
748 2374 1144 2442 deturbentur;
1178 2379 1403 2446 perinde
1444 2390 1608 2450 atque
1641 2382 1717 2437 illi
1753 2385 1844 2452 qui
1877 2400 1990 2452 prae

409 2460 676 2516 ebrietate
700 2475 827 2518 sunt
854 2465 1139 2520 obcaecati.
1173 2467 1334 2523 Tales
1369 2470 1532 2540 igitur
1564 2472 1797 2530 miseros
1830 2476 1990 2532 deﬂet

410 2550 715 2620 Scriptura,
759 2556 850 2624 qui
887 2566 1006 2624 post
1054 2568 1332 2627 acceptam
1378 2562 1470 2615 Dei
1523 2562 1829 2619 doctrinam
1860 2581 1985 2623 sese

409 2640 697 2697 libidinum
739 2659 801 2700 ac
842 2649 1199 2715 cupiditatum
1255 2652 1507 2707 ebrietati
1554 2654 1777 2711 dedunt.
1816 2657 1981 2712 Novit

410 2731 675 2800 siquidem
716 2748 838 2789 esse
873 2738 964 2805 qui
1016 2752 1076 2793 se
1123 2738 1330 2808 absque
1373 2745 1500 2798 vino
1544 2745 1863 2817 plerumque
1904 2749 1988 2804 in-

409 2820 647 2887 ebrient,
676 2839 797 2878 cum
831 2825 1010 2882 dicat:
1034 2826 1127 2882 Va:
1148 2831 1239 2899 qui
1261 2832 1389 2885 ebrii
1410 2835 1536 2889 estis
1560 2838 1753 2906 absque
1780 2840 1897 2894 vino
1913 2840 1981 2895 ⁸⁸.

410 2911 873 2980 Quemadmodum
901 2920 1053 2973 enim
1085 2923 1267 2977 vinum
1302 2924 1443 2980 ultra
1472 2931 1854 2987 necessitatem
1890 2944 1984 2988 aut

407 3005 647 3061 bibentis
682 3008 999 3066 facultatem
1045 3014 1294 3070 haustum
1332 3021 1530 3075 rationi
1579 3026 1864 3080 consuevit
1904 3037 1985 3081 te-

2097 1851 2162 1903 τὸ
2189 1852 2403 1919 σίκερα
2428 1851 2764 1918 διώκοντες.
2797 1854 3104 1916 Τουτέστιν,
3132 1855 3183 1906 ol
3206 1854 3423 1925 ἆμαιτῷ
3449 1854 3688 1927 λυθῆναι

2097 1942 2281 2006 αὐτοῖς
2312 1942 2403 1997 τὸν
2428 1944 2492 1997 ἐκ
2517 1944 2615 2016 τῆς
2640 1945 2862 2013 ἀγνοίας
2892 1946 3081 2000 σκότον
3109 1946 3197 1999 διὰ
3219 1947 3318 2018 τῆς
3339 1949 3417 2012 είς
3447 1948 3686 2016 θεογνω-

2097 2034 2219 2086 σίαν
2245 2036 2556 2106 εἰσαγωγῆς
2575 2077 2590 2101 ,
2639 2037 3020 2102 ἀνατείλαντος
3052 2040 3237 2103 αὐτοῖς
3265 2038 3356 2092 τοῦ
3389 2040 3544 2111 ἡλίου
3578 2039 3689 2111 τῆς

2092 2124 2441 2195 δικαιοσύνης
2465 2166 2480 2191 ,
2519 2126 2639 2180 ἀντὶ
2669 2126 2776 2180 τῶν
2808 2129 3089 2201 προτέρων
3141 2130 3356 2201 ἀνόμων
3399 2130 3493 2183 καὶ
3547 2132 3680 2185 ἀσε-

2094 2215 2204 2271 ϐῶν
2236 2217 2345 2288 (51)
2374 2218 2642 2282 θεοσεϐεῖς
2666 2222 3125 2291 χρηματίσαντες,
3154 2224 3248 2276 καὶ
3282 2222 3682 2293 ὲγκαταλεγέν-

2089 2322 2182 2369 τες
2217 2307 2510 2380 Ἐκκλησία
2533 2307 2668 2361 Θεοῦ
2694 2326 2706 2339 ·
2732 2309 2903 2374 οὕτως
2937 2310 3042 2363 ὑπὸ
3062 2311 3169 2364 τῶν
3204 2311 3522 2382 παθῶνςτῆς
3545 2329 3680 2385 σαρ-

2091 2398 2186 2461 κὸς
2210 2401 2732 2472 κατακρατούμενοι,
2760 2400 2901 2455 ὥστε
2927 2402 3240 2467 ἐξίστασθαι
3266 2404 3373 2457 τῶν
3396 2403 3679 2475 λογισμῶν

2090 2490 2186 2544 καὶ
2230 2491 2628 2563 ἀνατρέπεσθαι
2660 2493 2838 2560 ἐξεσου
2868 2497 2981 2558 τοῖς
3011 2494 3116 2548 ὑπὸ
3147 2495 3319 2566 μέθης
3348 2495 3681 2567 ὲσκατισμέ-

2089 2598 2221 2645 νοις.
2248 2583 2386 2647 Τοὺς
2410 2579 2505 2638 οὖν
2522 2584 2795 2650 τοιούτους
2819 2589 2846 2640 ό
2875 2587 3031 2656 λόγος
3056 2587 3351 2653 ταλανίζει,
3380 2591 3509 2653 τοὺς
3535 2587 3676 2660 μετὰ

2089 2671 2188 2742 τὴν
2221 2671 2314 2725 τοῦ
2348 2672 2483 2727 Θεοῦ
2520 2674 2868 2730 διδασκαλίαν
2897 2678 3230 2742 ἐπιδιδόντας
3258 2680 3487 2743 ἑαυτοὺς
3530 2679 3689 2752 μέθῃ,

2090 2764 2296 2820 παθῶν.
2332 2762 2453 2820 Οἷδε
2481 2767 2591 2839 γὰρ
2626 2767 2925 2840 μεθύοντας
2955 2772 3049 2825 καὶ
3082 2772 3251 2843 χωρὶς
3287 2771 3432 2826 οἴνου
3472 2774 3675 2828 πολλά-

2089 2876 2195 2924 κις,
2228 2861 2256 2912 ὁ
2280 2859 2484 2928 λέγων’
2518 2862 2663 2916 Οὐαὶ
2689 2865 2744 2917 οι
2763 2865 3090 2933 μεθύοντες
3113 2865 3260 2921 ἄνευ
3294 2866 3488 2924 οἴνου.
3540 2868 3672 2921 Ὠσ-

2089 2966 2197 3021 περ
2218 2948 2327 3021 γὰρ
2357 2952 2386 3003 ό
2412 2946 2554 3014 οἶνος
2586 2951 2788 3005 πλείων
2812 2954 2912 3026 τῆς
2940 2957 3131 3027 χρείας
3172 2957 3206 3028 ἢ
3239 2956 3342 3028 τῆς
3386 2944 3676 3028 δυνάμεως

2085 3040 2180 3094 τοῦ
2212 3040 2459 3106 πίνοντος
2481 3045 2722 3115 εἰσρυεὶς
2744 3085 2759 3105 ,
2785 3046 3052 3100 σκότωσιν
3069 3049 3294 3117 ἐπάγειν
3315 3049 3396 3120 τῷ
3422 3048 3672 3119 λογισμῷ

406 3100 608 3156 nebras
640 3103 911 3158 OdeCet‘e
947 3123 961 3160 :
998 3105 1077 3160 sic
1106 3107 1268 3161 etiam
1294 3109 1610 3168 allectiones
1640 3116 1979 3184 cupiditatis,

2100 3131 2364 3200 πέφυκεν*
2398 3100 2542 3187 ούτω
2570 3100 2664 3188 καὶ
2698 3100 2843 3209 πάθη
2879 3100 3200 3209 ἐπιθυμίας,
3226 3100 3675 3211 ἢτλύπηςϊῆ-

403 3200 500 3245 aut
532 3192 767 3248 tristitia:
813 3205 908 3248 aut
950 3197 1079 3262 ira},
1119 3213 1240 3251 cum
1274 3199 1325 3253 in
1357 3211 1603 3257 mentem
1639 3208 1976 3263 dominatum

404 3282 694 3304 ,ηιμ-,η
1008 3289 1019 3299 .
1077 3290 1087 3299 .
1163 3290 1173 3299 .
1361 3301 1369 3304 _
1467 3295 1478 3304 .
1615 3297 1649 3304 ..
1784 3298 1879 3304 -.-

2172 3192 2182 3200 ,
2832 3192 2843 3209 ,
3046 3192 3058 3209 .
3234 3192 3259 3211 ν.
3424 3192 3491 3211 ...
3530 3192 3558 3211 κ.
3630 3192 3641 3193 κ

2100 3222 2211 3291 μού,
2239 3230 2729 3297 κατακρατήσαντα
2761 3228 2856 3281 τοῦ
2885 3228 3169 3301 λογισμοῦ,
3205 3230 3476 3304 ἔκφρονας
3502 3235 3671 3297 ποιεῖ,

403 3282 733 3347 habuerint,
791 3302 886 3341 eos
930 3289 1021 3356 qui
1076 3290 1206 3358 ipsis
1248 3301 1376 3346 sunt
1429 3295 1982 3363 obnoxii,,elliciunt

405 3389 670 3434 amentes.
706 3379 885 3436 Miseri
925 3383 1108 3453 igitur,
1143 3385 1252 3439 imo
1285 3394 1368 3441 ter
1410 3388 1621 3452 miseri,
1654 3391 1746 3460 qui
1774 3406 1834 3446 se
1874 3409 1981 3447 non

402 3469 578 3524 solum
612 3475 831 3528 ineunte
862 3478 969 3530 vita
1001 3477 1053 3530 in
1092 3478 1466 3533 temulentiam
1500 3481 1848 3552 inunergunt,
1885 3488 1981 3540 sed

397 3562 565 3618 etiam
597 3574 915 3634 exspectant
949 3581 1279 3636 vesperam;
1323 3572 1376 3625 id
1414 3583 1518 3637 est,
1560 3574 1653 3643 qui
1702 3577 1766 3629 ad
1812 3593 1982 3646 usque

401 3659 529 3712 vitae
571 3673 826 3713 ocCasum
859 3661 1251 3730 cupiditatibus
1294 3679 1359 3718 ac
1389 3667 1535 3721 vitiis
1583 3682 1642 3721 se
1686 3668 1783 3736 ipsi
1831 3671 1982 3726 addi-

397 3761 549 3808 cunt.
583 3751 651 3806 Et
681 3752 898 3822 quidem
927 3770 1034 3810 uno
1060 3757 1221 3812 modo
1253 3757 1548 3814 illustratio
1574 3775 1641 3815 ex
1671 3762 1765 3816 Dei
1789 3766 1980 3833 cogni-

398 3844 548 3898 tione
580 3843 634 3897 in
665 3845 920 3901 cordibus
949 3861 1234 3916 enascens,
1267 3867 1420 3905 mane
1447 3862 1675 3908 vocatur
1701 3870 1717 3908 :
1753 3858 1847 3910 sed
1878 3856 1981 3912 hoc

397 3933 542 3990 idem
578 3936 637 3990 iit
665 3937 774 3992 alio
804 3939 966 3993 modo
988 3980 1004 4006 ,
1039 3938 1193 4008 juxta
1225 3956 1409 4011 quem,
1445 3946 1737 4000 constituta
1778 3946 1893 4015 jam
1920 3957 1982 4002 et

395 4028 637 4098 perfecta
663 4031 891 4098 ratione,
916 4031 1080 4085 vitam
1108 4035 1427 4089 rationalem
1449 4038 1817 4106 auspicamur.
1842 4038 1977 4095 Nam

395 4122 605 4177 utrovis
640 4123 798 4177 modo
838 4125 944 4177 vita
982 4125 1129 4194 prior
1160 4126 1336 4197 caligo
1369 4138 1533 4194 atque
1564 4145 1670 4183 nox
1698 4140 1823 4199 est;
1856 4132 1971 4186 sive

395 4215 636 4267 nondum
679 4213 924 4267 absoluta
966 4213 1318 4284 perfectaque
1364 4218 1504 4272 ratio
1548 4221 1649 4284 sit,
1696 4227 1751 4274 et
1797 4223 1978 4277 anima

395 4303 653 4362 immersa
685 4307 757 4360 sit
782 4307 834 4360 in
865 4306 1162 4371 dementia,
1187 4309 1302 4361 sive
1334 4324 1486 4364 mens
1516 4310 1587 4364 ob
1616 4327 1769 4366 suam
1799 4329 1829 4367 a
1867 4313 1977 4371 Deo

393 4397 849 4453 abalienationem
906 4399 1187 4468 profundis
1247 4404 1484 4459 tenebris
1544 4404 1720 4460 velata
1781 4408 1848 4462 sit
1911 4418 1967 4463 et

393 4489 633 4544 obtecta.

469 4578 594 4633 160.
636 4579 819 4649 Itaque
851 4578 943 4636 Va:
968 4581 1059 4646 iis,
1082 4583 1173 4652 qui
1209 4595 1429 4653 surgunt
1458 4602 1633 4651 mane,
1683 4587 1735 4642 id
1775 4599 1858 4644 est
1886 4592 1977 4660 qui

391 4668 695 4742 iuventutis
724 4672 1034 4742 insipientia
1068 4689 1259 4729 recens
1284 4686 1448 4731 exuta
1475 4692 1596 4733 cum
1632 4679 1976 4736 turbulentos

390 4763 562 4817 animi
597 4774 777 4819 motus
816 4767 1042 4821 rationis
1080 4770 1129 4819 vi
1176 4777 1399 4823 strenue
1448 4784 1764 4841 oppugnare
1814 4772 1976 4827 debe-

391 4864 535 4921 rent,
562 4856 630 4911 ab
655 4857 722 4911 iis
744 4866 930 4913 contra
953 4859 1361 4923 subvertuntur,
1384 4862 1621 4933 vitiaque
1650 4879 1749 4919 ceu
1778 4879 1972 4935 quam-

395 4945 519 5001 dam
549 4947 869 5002 ebrietatem
904 4957 1204 5004 sectantur.
1239 4950 1331 5005 lsti
1361 4952 1522 5021 plane
1547 4953 1844 5010 miserrimi
1879 4955 1971 5025 qui

462 5145 510 5178 ⁸³
554 5144 787 5218 Philipp.
833 5164 917 5215 ιιι,
965 5148 1052 5203 l9.
1127 5149 1175 5184 “
1206 5149 1310 5207 lsa.
1345 5168 1537 5222 xxvm,
1596 5156 1650 5211 l.

609 5345 772 5423 Editi,
799 5347 1185 5423 egecdceq.§t
1212 5363 1306 5423 sex
1336 5367 1495 5423 frnss.,
1526 5351 1836 5423 ἐξήτασται.

463 5416 576 5493 (50)
608 5415 1058 5493 Εάἱιιοᾘιιοειιθοί
1089 5418 1203 5489 βίου
1244 5421 1399 5493 ἡμῶν
1443 5415 1728 5493 συνήθειαν
1779 5426 1859 5487 είς
1904 5424 1968 5478 τὸ

391 5482 602 5563 βέλτιον
636 5482 1051 5555 μεταϐάλλεται,
1075 5482 1349 5563 corrupte.
1374 5491 1444 5544 At
1471 5482 1694 5563 uterque
1721 5482 1964 5550 Conibel‘.

387 5565 439 5610 et
472 5556 559 5608 alii
590 5566 821 5621 quatuor
860 5575 988 5613 mss.
1027 5562 1100 5615 ttti
1134 5562 1184 5614 iu
1216 5570 1493 5624 contextu,
1523 5556 1686 5619 recte.

457 5624 572 5695 (5i)
606 5626 827 5683 Veteres
867 5641 1101 5697 quatuor
1137 5630 1260 5684 libri
1308 5632 1401 5695 ita,
1450 5643 1513 5688 ut
1538 5634 1824 5690 edidimus.
1860 5634 1967 5690 Alii

2083 3313 2209 3377 τοὺς
2238 3313 2328 3366 ὑπ’
2357 3314 2537 3369 αὐτῶν
2566 3317 2983 3388 κατεχομένους.
3012 3319 3221 3373 Ἀθλιοι
3269 3317 3361 3375 οὖν
3388 3322 3485 3374 καὶ
3512 3338 3671 3393 τρισ-

2085 3403 2256 3460 άθλιοι
2283 3407 2332 3458 οἱ
2377 3406 2452 3478 μὴ
2488 3408 2646 3478 μόνον
2672 3409 2974 3480 ἀρχομένου
3003 3411 3096 3465 τοῦ
3129 3412 3251 3482 βίου
3304 3416 3369 3485 τῇ
3401 3413 3546 3487 μέθῃ
3583 3414 3671 3485 βε-

2083 3494 2441 3566 ϐαπτισμένοι
2460 3535 2475 3559 ,
2507 3497 2641 3552 ἀλλὰ
2660 3499 2754 3553 καὶ
2779 3501 3031 3571 μένοντες
3050 3501 3110 3557 τὺ
3134 3502 3232 3573 ὀψέ
3251 3520 3264 3532 ·
3285 3504 3585 3569 τουτέστιν,
3618 3506 3675 3558 οἱ

2087 3588 2248 3660 μέχρι
2279 3589 2387 3644 τῶν
2414 3590 2633 3661 δυσμῶν
2657 3592 2759 3663 τῆς
2785 3592 2929 3665 ζωῆς
2955 3593 3183 3649 πάθεσιν
3215 3596 3439 3661 ἑαυτοὺς
3484 3613 3669 3665 παρα-

2082 3681 2411 3751 πέμποντες.
2474 3683 2611 3737 Καθ’
2640 3685 2734 3738 ἕνα
2775 3685 2875 3756 μὲν
2906 3682 2999 3740 οὖν
3024 3687 3226 3759 τρόπον
3256 3688 3286 3739 ὁ
3313 3689 3377 3740 ἐκ
3416 3690 3518 3758 τῆς
3545 3690 3665 3741 ἐπι-

2082 3772 2336 3842 γνώσεως
2361 3773 2455 3828 τοῦ
2497 3774 2638 3828 Θεοῦ
2667 3777 2949 3847 φωτισμὸς
2982 3779 3332 3851 ἐγγινόμενος
3358 3782 3481 3843 ταῖς
3525 3797 3665 3853 καρ-

2080 3863 2222 3928 δίαις
2248 3866 2436 3933 πρωία
2462 3864 2709 3935 λέγεται·
2741 3869 2860 3922 καθ’
2885 3869 3070 3941 ἕτερον
3095 3871 3172 3937 δὲ,
3205 3871 3326 3925 καθ’
3350 3871 3410 3925 ὃν
3437 3870 3551 3943 (52)
3575 3874 3669 3943 ἀρ-

2080 3956 2288 4028 χόμεθα
2314 3957 2413 4028 τῆς
2441 3957 2669 4029 λογικῆς
2696 3958 2843 4033 ζωῆς
2863 4002 2878 4027 ,
2911 3963 3408 4035 συμπληρωθέντος
3441 3962 3540 4017 τοῦ
3580 3965 3669 4018 λό-

2079 4064 2198 4115 γου.
2228 4048 2367 4101 Καθ’
2399 4049 2661 4122 ἑκάτερον
2691 4053 2799 4125 γὰρ
2827 4056 3019 4110 σκοτία
3049 4056 3147 4123 νὺξ
3173 4059 3201 4110 ό
3234 4059 3501 4130 πρότερον
3527 4057 3661 4129 βίος,

2079 4137 2198 4208 ἦτοι
2229 4137 2322 4190 τοῦ
2357 4138 2513 4208 λόγου
2545 4142 2712 4212 μήπω
2743 4143 3194 4216 τετελειωμένου,
3228 4146 3324 4199 καὶ
3353 4146 3455 4215 τῆς
3485 4146 3663 4216 ψυχῆς

2079 4230 2137 4282 ἐν
2163 4230 2353 4303 ἀλογίᾳ
2384 4231 2823 4307 βεϐαπτισμένης
2842 4275 2856 4299 ,
2888 4235 3031 4307 ἢδιὰ
3062 4236 3159 4308 τὴν
3191 4238 3300 4290 ἀπὸ
3326 4239 3463 4292 Θεοῦ
3510 4240 3665 4294 ἀλλο-

2076 4322 2300 4394 τρίωσιν
2320 4363 2335 4390 ,
2366 4325 2541 4398 σκότῳ
2573 4326 2728 4397 βαθεί
2754 4327 2855 4399 τῆς
2885 4328 3123 4392 διανοίας
3151 4330 3596 4403 κεκαλυμμένης.

2148 4599 2269 4654 160.
2311 4602 2456 4657 Οὐαὶ
2481 4599 2575 4658 οὖν
2595 4607 2650 4658 οἱ
2674 4605 3034 4675 ἐγειρόμενοι
3058 4608 3127 4661 τὸ
3174 4607 3344 4677 πρωὶ,
3380 4610 3658 4664 τουτέστιν

2073 4696 2123 4745 oi
2155 4693 2280 4765 ἄρτι
2308 4689 2407 4768 τὴν
2436 4699 2500 4751 ἐκ
2526 4698 2630 4768 τῆς
2662 4699 2913 4770 νεότητος
2939 4700 3123 4754 ἄνοιαν
3154 4701 3264 4771 (55)
3308 4703 3655 4772 ἀποθέμενοι,

2073 4787 2166 4838 καὶ
2197 4787 2319 4840 ἀντὶ
2361 4789 2453 4842 τοῦ
2486 4790 2572 4845 διά
2602 4792 2701 4862 τῆς
2752 4791 2845 4845 τοῦ
2886 4792 3044 4862 λόγου
3090 4793 3373 4865 δυνάμεως
3425 4795 3656 4858 εὐτόνως

2072 4877 2466 4933 καταπαλαίειν
2488 4880 2556 4933 τὰ
2591 4882 2740 4953 πάθη
2760 4923 2775 4948 ,
2823 4883 3250 4955 ἀνατρεπόμενοι
3280 4884 3411 4956 παρ’
3452 4884 3653 4950 αὐτῶν,

2073 4964 2167 5017 καὶ
2193 4960 2304 5018 οἷόν
2336 4984 2458 5022 τινα
2496 4970 2669 5043 μέθην
2707 4971 2776 5026 τὰ
2799 4972 2945 5028 πάθη
2982 4973 3429 5046 μεταδιώκοντες.
3478 4976 3656 5031 Ταλα-

2067 5359 2322 5444 scelerum
2343 5372 2498 5435 atque
2517 5374 2865 5435 imputatum.
2896 5367 3088 5424 Statim
3115 5386 3247 5427 mss.
3277 5376 3548 5443 nonnulli,
3571 5380 3648 5442 εις

2069 5428 2383 5501 ἐκκλησίαν.
2410 5428 2420 5435 ’
2590 5428 2601 5435 ’
3356 5428 3548 5487 ﬁmi.
3575 5428 3645 5442 η’

2140 5501 2252 5569 (52)
2283 5503 2501 5572 Antiqui
2551 5520 2642 5560 sex
2679 5506 2820 5572 libri,
2869 5508 2993 5563 καθ’
3030 5510 3110 5565 ὃν.
3153 5510 3318 5578 Edili,
3346 5515 3501 5570 καθό.
3537 5518 3645 5571 Ali-

2069 5581 2271 5657 quanto
2296 5583 2687 5657 quatuor
2712 5594 2866 5657 tnss.,
2898 5581 3084 5649 μήπω.
3135 5581 3301 5657 Etliti,
3339 5588 3571 5657 μήποτε.

2142 5640 2253 5714 (ξ’)ὅ)
2276 5640 2721 5714 -Ειιίιίίάγνοιαν,
2750 5651 2822 5703 At
2854 5640 2988 5703 mss.
3039 5665 3157 5714 sex,
3190 5640 3535 5713 ἄνοὶα’ν.’Νεο
3567 5657 3641 5712 ita

385 5693 496 5753 duo
523 5693 645 5754 cum
676 5698 852 5768 editis,
880 5693 1119 5769 ἀνομιῶν
1153 5701 1246 5757 καὶ
1278 5693 1565 5777 ἀσεϐειῶν,
1591 5704 1704 5762 loco
1727 5706 1967 5778 priorum

2100 5693 2249 5770 ιιιὶιιό
2273 5693 2576 5785 arma;
2591 5693 3292 5785 ’ᾀῖιῖτῐῐιὶ,Ἵὶᾶἷανὶέἶέαξᾶἰ

1978 5789 2039 5803 -Αι
