3808 6212
325 288 432 346 383

1278 293 1619 350 APPENDIX
1658 294 1943 351 OPERUM
1987 293 2045 349 S.
2088 291 2333 347 BASlLll
2368 291 2600 348 MAGNL

3480 295 3588 352 δεῖ.

325 405 543 463 tentem
586 405 946 475 intelligamus
975 407 1040 459 ".
1079 408 1144 462 Et
1175 411 1429 472 quoniam
1464 409 1761 465 Invisibilia
1804 412 1897 465 Dei

2014 412 2110 472 toi;
2140 406 2591 480 δημιουργηθεῖσι
2623 406 2715 460 τὸν
2760 405 2871 458 τῶν
2911 420 3234 475 ποιηματων
3264 422 3587 479 ,γενεσιουρ-

327 514 362 548 α
414 504 657 549 creatura
700 497 903 558 mundi,
947 513 1039 564 per
1073 514 1133 549 ea
1166 514 1283 568 qua:
1313 500 1455 568 facta
1484 512 1604 554 sunt
1637 502 1902 556 intellecta

327 587 730 653 conspiriuntur
767 587 856 654 9';
893 589 1165 642 sensibilis
1197 601 1577 646 creaturarum
1627 595 1903 663 perceptio

329 676 567 732 fortasse
615 677 757 731 dicta
821 689 906 733 est
960 679 1126 745 visio;
1183 683 1482 750 spiritualis
1534 699 1661 739 vero
1720 700 1900 738 rerum

328 767 627 821 rmlestium
643 772 1080 838 comprehensio,
1106 774 1494 842 contemplatio
1507 790 1571 829 ac
1592 777 1904 830 censitlera-

328 860 403 911 tio
452 858 718 930 appellata
743 870 849 916 est.
877 861 1238 932 Quapropter.
1258 864 1452 933 inquit,
1481 864 1655 933 Opera
1693 866 1903 920 Domini

325 965 429 1003 non
460 950 775 1017 respiciunt;
822 952 923 1006 hoc
949 961 1053 1018 est,
1103 968 1189 1008 res
1225 956 1513 1010 sensibiles
1572 958 1748 1011 oculis
1796 974 1901 1011 non

327 1041 561 1094 lustrant
594 1059 608 1095 :
657 1040 838 1109 Neque
881 1059 1038 1111 opera
1083 1061 1338 1099 manuum
1377 1047 1494 1116 ejus
1525 1049 1902 1114 considerant;

325 1132 430 1186 hoc
468 1142 589 1198 est,
624 1134 823 1189 mentis
872 1135 921 1188 vi
958 1136 1309 1191 iuvisibilium
1358 1141 1900 1207 comprehensionem

326 1240 435 1279 tzon
467 1225 780 1294 exquirunt.
816 1225 1089 1282 Caeterum
1127 1245 1236 1299 quo
1276 1230 1407 1285 illud
1440 1230 1664 1286 diluculi
1707 1247 1901 1287 nomen

330 1316 506 1385 magis
565 1316 744 1370 adhuc
796 1319 952 1373 nobis
1015 1320 1353 1383 innotescat,
1405 1334 1905 1389 cognoscamusqne

328 1407 561 1460 reditum
587 1423 616 1462 a
647 1410 886 1464 tenebris
911 1411 1205 1465 diluculum
1240 1413 1413 1481 ipsum
1442 1427 1584 1479 esse,
1608 1414 1721 1468 sive
1753 1423 1905 1469 tene-

335 1497 447 1549 lira:
472 1497 573 1549 illae
604 1497 1022 1567 proﬁciscantur
1043 1517 1108 1553 ex
1132 1501 1434 1570 iuventutis
1467 1504 1758 1566 dementia,
1791 1505 1905 1559 sive

326 1603 393 1641 ex
442 1589 533 1641 Dei
574 1589 913 1656 ignoratione
957 1592 1009 1644 in
1050 1594 1244 1647 animis
1277 1593 1655 1658 innascantur,
1692 1598 1904 1662 primus

2006 502 2101 570 γον
2130 499 2489 570 καθορῶντες.
2534 500 2643 551 Καὶ
2676 497 2862 568 ἐπειδὴ
2897 499 2971 551 Τὰ
3009 498 3231 565 ἀόρατα
3263 496 3368 551 τοῦ
3413 501 3589 563 Θεοῦ,

2004 593 2121 648 ἀπὸ
2152 594 2402 659 κτίσεως
2438 592 2705 659 κόσμου,
2767 591 2893 657 τοῖς
2946 590 3236 659 ποιήμασι
3288 591 3592 660 νοούμενα

2005 683 2319 752 καθορᾶται
2342 700 2355 714 ο
2410 685 2443 753 ὴ
2489 684 2587 754 μὲν
2618 681 2851 753 αἰσθητὴ
2880 680 2989 734 τῶν
3021 680 3342 750 ποιημάτων
3368 680 3592 752 ἀντίλη-

2002 778 2094 847 ψις
2122 778 2309 843 ὅοασις
2341 776 2482 845 τάχα
2517 775 2762 845 εἴρηται·
2823 775 2857 845 ή
2904 772 2960 827 δὲ
3006 772 3170 843 νοητὴ
3210 771 3318 824 τῶν
3351 773 3592 842 ὑπερκο-

2007 871 2180 938 σμίων
2212 866 2517 937 κατάληψις
2547 865 2733 936 νόησις
2760 863 3215 935 προσηγόρευται.
3280 864 3378 916 Διὰ
3402 863 3588 927 τοῦτο,

2011 964 2087 1016 Τὰ
2116 961 2279 1030 ἔργα,
2311 959 2477 1029 φησὶ,
2508 957 2614 1012 τοῦ
2638 956 2860 1024 Κυρίου
2891 957 3002 1010 οὐκ
3024 954 3421 1024 ἐμϐλέπουσιο
3461 970 3591 1008 του-

2003 1054 2173 1117 τέστι,
2201 1054 2315 1115 τοῖς
2330 1051 2608 1120 αἰσθητοῖς
2640 1048 2727 1103 διὰ
2758 1048 2868 1101 τῶν
2886 1047 3060 1117 ὄψεων
3085 1048 3146 1100 οῦ
3179 1046 3585 1119 προόλέπουσι.

2007 1143 2116 1197 Kal
2148 1144 2219 1197 τὰ
2241 1143 2385 1212 ἔργα
2422 1140 2542 1194 τῶν
2580 1139 2795 1209 χειρῶν
2845 1138 3032 1192 αὐτοῦ
3060 1140 3133 1192 οὐ
3181 1136 3580 1191 κατανοοῦσι⁸

2005 1231 2249 1284 τουτέστι
2268 1270 2283 1295 ,
2331 1230 2420 1284 διὰ
2450 1229 2550 1297 τῆς
2587 1228 2682 1282 τοῦ
2708 1228 2801 1281 νοῦ
2827 1227 3109 1299 ἐνεργείας
3137 1227 3236 1297 τὴν
3279 1226 3586 1297 κατάληψιν

2003 1321 2115 1375 τῶν
2167 1321 2415 1392 ἀοράτων
2459 1320 2559 1373 οὐκ
2608 1317 2949 1389 ἐκζητοῦσιν.
3012 1318 3129 1371 Ἵνα
3167 1317 3223 1370 δὲ
3269 1316 3348 1370 ἔτι
3383 1317 3587 1388 μᾶλλον

2005 1416 2139 1484 ἡμῖν
2171 1414 2234 1467 τὸ
2258 1414 2359 1484 τῆς
2393 1412 2607 1483 πρωίας
2641 1410 2809 1480 ὄνομα
2836 1408 3087 1483 τραγωθῇ
3106 1449 3120 1472 ,
3146 1410 3227 1462 ὃτι
3257 1411 3289 1480 ἡ
3319 1409 3427 1462 ἀπὸ
3459 1410 3588 1462 σκό-

2004 1522 2129 1568 τους
2164 1504 2419 1566 ἐπάνοδος
2443 1543 2457 1567 ,
2510 1502 2620 1556 εἴτε
2656 1501 2750 1557 τοῦ
2785 1502 2926 1556 κατὰ
2960 1502 3057 1573 τὴν
3088 1503 3151 1555 ἐκ
3192 1501 3292 1571 τῆς
3334 1501 3588 1571 νεότητος

2006 1596 2257 1666 ἀλογίαν,
2284 1574 2395 1649 εἴτε
2428 1596 2521 1649 τοῦ
2555 1596 2656 1665 τῆς
2687 1595 2961 1664 ἀγνωσίας
3002 1592 3094 1647 τοῦ
3132 1594 3267 1647 Θεοῦ
3313 1596 3435 1657 ταῖς
3480 1594 3587 1663 dou-

334 1678 392 1731 in
443 1681 729 1734 veritatem
786 1683 1036 1736 introitus
1088 1684 1381 1738 diluculum
1434 1697 1677 1741 vocatur.
1728 1687 1900 1742 Velim

2014 1691 2130 1757 χαῖς
2161 1687 2513 1758 ἐγγινομένου
2534 1725 2547 1746 ,
2575 1687 2609 1757 ή
2637 1685 2825 1758 πρώτη
2861 1686 3063 1749 εἴσοδος
3088 1687 3168 1750 είς
3198 1685 3296 1756 τὴν
3325 1684 3585 1757 ἀλήθειαν

334 1778 518 1823 autem
553 1771 777 1843 colligas
810 1774 977 1828 multa
1009 1775 1392 1845 praplietarum
1425 1778 1491 1832 de
1535 1778 1774 1833 diluculo
1810 1791 1900 1835 aut

2014 1754 2191 1850 πρωία
2205 1754 2452 1846 λέγεται.
2482 1754 2738 1843 Συνάξεις
2765 1754 2824 1830 δέ
2842 1775 2912 1829 τὰ
2940 1774 3208 1846 πολλαχοῦ
3231 1754 3340 1829 τῶν
3369 1754 3585 1846 προφη-

324 1866 393 1919 tle
426 1867 596 1935 prima
632 1868 752 1923 luce
778 1871 915 1933 loca,
952 1884 1058 1939 quo
1088 1886 1184 1938 per
1211 1872 1572 1941 complurium
1618 1889 1901 1943 compara-

326 1956 524 2009 tionem
556 1958 826 2025 proposila
851 1960 1117 2013 sententia
1145 1959 1417 2031 ell‘ulgeat.
1447 1963 1686 2033 Exempli
1711 1980 1898 2029 causa,

325 2050 594 2103 Mittebam
625 2052 859 2106 diluculo
878 2055 1153 2122 prop/tetas
1173 2054 1251 2118 ⁹¹;
1284 2056 1409 2110 item
1436 2074 1450 2111 :
1473 2055 1631 2110 Mane
1653 2059 1901 2111 exauditos

325 2156 496 2194 vocem
526 2158 698 2196 meam
720 2145 798 2209 ἰς
834 2155 888 2200 et
915 2163 928 2198 :
968 2144 1127 2199 Mane
1165 2148 1384 2202 adstabo
1413 2150 1507 2203 tibi
1536 2162 1583 2204 et
1616 2151 1794 2205 videbo
1819 2153 1898 2218 ”;

324 2242 380 2281 et
417 2247 431 2283 :
466 2229 540 2283 De
579 2240 729 2286 nocte
769 2249 921 2300 omne
968 2235 1234 2303 consurgit
1279 2237 1496 2305 spiritus
1539 2254 1684 2292 meus
1730 2241 1799 2292 ad
1853 2248 1903 2294 te

327 2316 466 2370 Deus
493 2318 573 2384 ἰς
601 2330 694 2374 et:
735 2320 898 2387 Deus,
946 2323 1085 2376 Deus
1130 2340 1296 2392 meus,
1328 2326 1397 2377 ad
1433 2335 1483 2379 te
1519 2343 1553 2381 ιι
1584 2331 1753 2395 prima
1787 2330 1901 2385 luce

324 2409 481 2479 t-igilo
504 2411 586 2484 f';
612 2424 702 2465 et:
744 2411 808 2465 lu
848 2415 1123 2467 matutinis
1158 2415 1535 2484 interﬁciebam
1576 2435 1752 2473 omnes
1777 2437 1899 2489 pec-

324 2512 525 2557 catores
566 2514 717 2559 terra:
751 2506 828 2572 “;
877 2505 1002 2559 item
1039 2522 1054 2559 :
1098 2509 1179 2558 Ad
1225 2523 1492 2573 uesperum
1541 2510 1902 2566 demorabitur

324 2591 496 2658 ﬂetus,
529 2600 580 2647 et
606 2594 677 2646 ad
709 2595 1027 2648 matutinum
1057 2596 1243 2650 latitia
1273 2596 1342 2661 ⁸⁷,
1378 2597 1482 2664 Qui
1518 2598 1577 2651 l‘tt
1621 2600 1807 2668 igitur,
1841 2613 1902 2657 ut

327 2682 603 2751 prophetae
635 2685 1023 2740 convenienter
1063 2686 1190 2741 huic
1221 2687 1315 2741 Dei
1351 2689 1402 2741 in
1443 2688 1689 2745 homines
1737 2691 1901 2747 bene-

328 2772 556 2826 licentiae
584 2774 872 2830 mittantur
898 2776 1096 2831 mane?
1128 2776 1261 2842 Quia
1290 2779 1469 2833 omnis
1499 2795 1702 2845 sermo,
1732 2796 1761 2836 a
1790 2780 1901 2837 Deo

327 2864 571 2930 veniens,
614 2866 760 2920 venit
788 2866 854 2920 ad
896 2883 993 2923 nos
1018 2867 1184 2941 494
1216 2870 1309 2940 qui
1346 2871 1439 2925 Dei
1472 2874 1661 2927 audire
1706 2875 1901 2930 volun-

326 2966 488 3010 tatem
521 2970 837 3025 possumus;
870 2961 1199 3037 quippqnnu
1231 2978 1327 3018 eos
1375 2964 1466 3032 qui
1506 2966 1696 3032 piterili
1729 2966 1898 3022 insci-

328 3052 402 3101 tia
431 3049 764 3115 dethtentur,
793 3053 887 3107 sed
910 3067 1004 3108 eos
1039 3055 1236 3123 quibus
1267 3056 1451 3110 insunt
1476 3056 1589 3124 jam
1623 3059 1899 3116 naturales
1929 3096 1974 3157 ο

328 3138 578 3194 notiones
620 3141 685 3193 ad
730 3141 1146 3197 discernendum
1195 3145 1397 3199 bonum
1432 3157 1486 3200 et
1527 3148 1726 3201 malum
1753 3190 1769 3214 ,
1817 3165 1903 3204 re-

325 3229 627 3297 prehendit.
658 3230 843 3301 Itaque
869 3233 937 3287 de
959 3234 1026 3288 iis
1058 3234 1296 3304 loquitur
1328 3236 1609 3305 Scriptura
1639 3281 1653 3306 ,
1689 3242 1781 3309 qui
1812 3243 1901 3296 ubi

329 3322 557 3385 primum
590 3323 774 3379 oculos
800 3324 866 3379 ad
904 3330 1322 3397 comparandam
1367 3331 1786 3403 intelligentiam
1817 3335 1905 3387 in-

329 3411 637 3478 tenderunt,
687 3423 738 3468 et
779 3416 933 3483 quasi
974 3419 1171 3471 mentis
1217 3417 1417 3473 lumina
1457 3438 1486 3475 a
1522 3424 1706 3490 priore
1753 3424 1905 3494 igno-

328 3503 505 3556 rantia
532 3518 775 3571 erexere,
809 3517 972 3577 atque
1001 3510 1174 3564 lucem
1224 3511 1456 3581 aliquam
1488 3516 1667 3570 cordis
1699 3517 1904 3570 obtuti-

326 3592 429 3647 bus
451 3608 738 3664 accepere,
764 3598 818 3651 in
851 3599 998 3668 ipsos
1028 3600 1269 3655 illabitur
1302 3603 1393 3658 Dei
1435 3620 1639 3672 sermo,
1669 3607 1761 3676 qui
1786 3624 1906 3676 qum

328 3686 532 3754 agenda
586 3700 752 3753 sunt,
804 3701 859 3743 et
914 3707 1034 3760 qua:
1090 3702 1377 3762 praestant,
1426 3696 1703 3753 discernit.
1752 3698 1907 3753 Notio

328 3775 515 3831 eadem
541 3779 783 3848 subjecta
829 3790 915 3836 est
942 3784 1025 3837 his
1059 3785 1224 3838 etiam
1259 3787 1448 3854 psalmi
1485 3789 1707 3844 verbis:
1751 3790 1907 3845 Mane

327 3869 579 3923 exaudies
612 3887 783 3925 uocem
812 3890 980 3926 meum
1002 3891 1019 3925 :
1054 3892 1206 3929 mane
1237 3879 1422 3931 astabo
1451 3879 1546 3933 tibi
1568 3880 1634 3935 ⁸³.
1750 3858 1763 3872 ⁸

401 4047 527 4105 162.
580 4048 828 4117 Quandiu
874 4053 1019 4107 enim
1069 4054 1249 4108 anima
1306 4065 1492 4111 nostra
1552 4067 1801 4113 versatur
1851 4059 1904 4112 in

329 4150 516 4204 nocte,
544 4144 772 4196 necdum
806 4152 1030 4199 exortus
1058 4154 1142 4200 est
1172 4146 1278 4209 sol,
1309 4163 1413 4201 non
1450 4157 1631 4216 potest
1657 4150 1905 4203 exaudiri

329 4247 361 4286 a
399 4231 528 4288 Deo.
558 4234 850 4305 Postquam
888 4250 1017 4291 vero
1049 4252 1079 4291 a
1110 4220 1216 4293 'Dei
1244 4239 1586 4309 ignoratione
1611 4250 1907 4310 expurgata

332 4324 513 4379 anima
534 4326 1019 4398 obtuleritpreces,
1048 4327 1103 4383 in
1124 4328 1414 4398 splendore
1442 4331 1723 4386 rationalis
1750 4332 1907 4400 spiri-

2002 1868 2110 1923 τῶν
2141 1869 2270 1940 περὶ
2300 1868 2513 1939 πρωῐας
2532 1906 2547 1929 ,
2583 1866 2617 1938 ἢ
2644 1866 2773 1937 περὶ
2799 1865 2995 1938 ὄρθρου
3017 1904 3032 1929 ,
3072 1866 3214 1937 ὑπὲρ
3247 1865 3343 1919 τοῦ
3367 1869 3433 1937 τῇ
3472 1864 3587 1919 τῶν

2004 1958 2266 2012 πλειόνων
2303 1956 2600 2029 παραθέσει
2630 1956 2863 2026 φανῆναι
2901 1955 2963 2009 τὸ
2990 1955 3367 2027 προκείμενον.
3432 1949 3581 2016 Οίον,

2016 2050 2422 2104 Ἀπέστελλον
2481 2048 2695 2115 ὄρθρου
2754 2046 2898 2113 τοὺς
2950 2046 3262 2116 προφήτας
3280 2062 3294 2077 ο
3359 2045 3453 2100 καὶ
3496 2044 3583 2109 τὸ,

2002 2138 2155 2206 Πρωὶ
2181 2138 2514 2206 εὶσακούσῃ
2533 2136 2645 2205 τῆς
2665 2133 2870 2205 φωνῆς
2884 2153 3005 2205 μου
3020 2153 3035 2167 ο
3070 2136 3165 2190 καὶ¹
3185 2135 3267 2197 τδ,
3287 2135 3441 2205 Πρωὶ
3469 2152 3576 2188 παρ

1995 2230 2379 2300 ραστήσομαι
2408 2243 2508 2284 σοι
2556 2228 2655 2285 καὶ
2703 2227 3005 2297 ἐπόψομαι
3025 2245 3039 2258 ο
3081 2229 3176 2282 καὶ
3202 2228 3312 2299 (59)
3341 2228 3400 2282 τὸ
3422 2268 3438 2291 ,
3487 2229 3584 2281 Ἐκ

2000 2319 2219 2386 νυκτὸς
2247 2319 2489 2389 ὀρθρίζει
2515 2319 2583 2372 τὸ
2603 2316 2839 2386 πνεῦμά
2853 2336 2973 2388 μου
3003 2318 3154 2387 πρὸς
3180 2318 3257 2371 σὲ
3278 2359 3292 2381 ,
3340 2320 3375 2372 ὁ
3402 2320 3549 2384 Θεός
3565 2334 3579 2346 ·

2002 2413 2130 2477 καὶ,
2168 2414 2230 2465 '0
2261 2412 2405 2478 Θεὸς
2424 2454 2439 2477 ,
2486 2416 2519 2466 d
2555 2412 2698 2478 Θεός
2729 2429 2842 2481 μου
2862 2452 2876 2473 ,
2902 2409 3053 2478 πρὸς
3077 2409 3154 2463 σὲ
3182 2408 3415 2478 ὀρθρίζω
3435 2425 3453 2442 ο
3486 2412 3585 2463 καὶ

2000 2504 2063 2559 τὸ
2088 2543 2104 2567 ,
2163 2506 2267 2569 Εις
2327 2503 2436 2570 τὰς
2495 2503 2720 2572 πρωίας
2767 2502 3123 2558 ἀπέκτεινον
3165 2500 3395 2567 πάντας
3440 2500 3589 2566 τοὺς

2002 2596 2386 2665 ἁμαρτωλοὺς
2421 2594 2530 2663 τῆς
2561 2594 2677 2665 γῆς
2699 2612 2714 2628 ο
2751 2594 2942 2659 καὶτὸ,
2983 2594 3275 2663 Ἐσπέρας
3300 2593 3589 2659 αὐλισθῆ-

2004 2702 2172 2742 σεται
2192 2689 2517 2758 κλαυθμὸς,
2547 2689 2645 2743 καὶ
2675 2691 2763 2755 εἰς
2783 2689 2850 2743 τὸ
2882 2689 3030 2758 πρωὶ
3053 2690 3431 2759 ἀγαλλίασις.
3456 2688 3586 2752 Πῶς

2003 2775 2117 2843 οὖν,
2144 2779 2539 2843 ἐπιϐαλλόντως
2560 2783 2626 2851 τῇ
2662 2780 2758 2834 τοῦ
2793 2779 2928 2834 Θεοῦ
2955 2781 3241 2853 εὐεργεσίᾳ
3268 2783 3348 2845 είς
3375 2778 3588 2852 ἀνθρώ-

2006 2890 2141 2937 πους
2160 2872 2439 2946 γινομένῃ,
2461 2874 2605 2943 πρωὶ
2626 2872 3043 2927 ἀποστέλλονται
3063 2874 3113 2926 ot
3138 2874 3441 2944 npacpﬁmt;
3461 2873 3586 2924 Ὅτι

2007 2967 2113 3029 πᾶς
2148 2966 2337 3033 λόγος,
2380 2966 2488 3019 ἀπὸ
2520 2965 2657 3019 Θεοῦ
2692 2966 2983 3037 ἐρχόμενος
3004 3006 3017 3029 ,
3052 2967 3182 3037 ἡμῖν
3209 2970 3322 3029 τοῖς
3353 2965 3590 3029 δυναμέ-

2006 3073 2119 3120 νοις
2153 3055 2476 3109 κατακούειν
2503 3055 2597 3108 τοῦ
2629 3054 2776 3109 Θείου
2821 3055 2933 3126 (60)
2977 3055 3311 3127 βουλήματος
3341 3054 3582 3127 ἔρχεται,

2005 3145 2112 3199 τῶν
2144 3146 2203 3199 ἐν
2235 3145 2455 3217 παιδικῇ
2494 3146 2648 3217 ἀνοίᾳ
2679 3145 2848 3200 ὄντων
2881 3146 2942 3199 οὐ
2969 3145 3382 3217 καθαπτόμενος
3401 3163 3415 3176 ·
3447 3144 3589 3199 ἀλλά

2005 3237 2112 3290 τῶν
2146 3237 2377 3307 ἐχόντων
2408 3239 2508 3309 ἥδη
2542 3237 2642 3301 τὰς
2682 3238 2917 3306 φυσικὰς
2949 3240 3157 3302 ἐννοίας
3190 3239 3326 3310 πρὸς
3370 3238 3588 3309 διάκριη

2008 3345 2091 3381 σιν
2123 3328 2286 3380 καλοῦ
2320 3345 2379 3380 τε
2412 3329 2507 3381 καὶ
2537 3328 2728 3383 κακοῦ.
2797 3330 2934 3401 Περὶ¹
2980 3329 3185 3384 τούτων
3229 3326 3321 3384 οῦν
3352 3332 3382 3383 ὁ
3406 3329 3586 3399 λόγος,

2006 3418 2088 3469 ὅτι
2120 3418 2235 3487 ἅμα
2276 3416 2354 3487 τῷ
2382 3417 2704 3488 παρακύψαι
2738 3421 2935 3483 αὐτοὺς
2966 3422 3045 3485 είς
3077 3422 3178 3492 τὴν
3218 3422 3403 3492 νόησιν
3424 3461 3438 3485 ,
3492 3424 3589 3476 καὶ

2005 3508 2169 3559 οἱονεὶ
2211 3507 2414 3579 ἐπᾶραι
2449 3508 2559 3561 ἀπὸ
2584 3508 2684 3578 τῆς
2726 3509 2833 3580 πρὸ
2861 3507 3051 3562 τούτου
3085 3510 3304 3579 ἀγνοίας
3334 3512 3462 3574 τοὺς
3489 3512 3592 3581 τῆς

2005 3596 2186 3667 ψυχῆς
2212 3596 2543 3668 ὀφθαλμοὺς,
2580 3599 2675 3652 καὶ
2707 3598 2963 3664 δέξασθαί
2991 3616 3111 3655 τινα
3144 3602 3319 3673 αὐγὴν
3354 3606 3466 3666 τοῖς
3489 3605 3592 3674 τῆς

2007 3688 2233 3759 καρδίας
2255 3687 2488 3759 ὄμμασι,
2521 3690 2936 3744 συνεισέπιπτεν
2967 3694 2997 3745 ὁ
3027 3691 3121 3745 τοῦ
3147 3692 3280 3746 Θεοῦ
3307 3693 3495 3762 λόγος,
3518 3693 3592 3748 τὰ

2008 3780 2257 3849 πρακτέα
2279 3780 2373 3833 καὶ
2407 3780 2563 3849 τίμια
2607 3781 2720 3851 (61)
2759 3781 3029 3853 διορίζων.
3071 3783 3178 3837 Τοῦ
3213 3783 3379 3840 αὑτοῦ
3405 3785 3589 3856 ἔχεται

2007 3869 2099 3921 νοῦ
2142 3870 2237 3923 καὶ
2280 3869 2342 3923 τὸ
2379 3868 2474 3923 τοῦ
2507 3869 2758 3942 ψαλμοῦο
2802 3871 2874 3925 Τὸ
2914 3872 3063 3940 πρωὶ
3104 3874 3437 3942 είσακούσῃ
3477 3873 3593 3939 τῆς

2008 3959 2211 4030 φωνῆς
2238 3979 2357 4029 μου
2379 3976 2393 3990 ·
2422 3961 2488 4015 τὸ
2521 3961 2669 4031 πρωὶ
2704 3963 3171 4033 παραστήσομαι
3207 3980 3329 4017 σοι.

2079 4052 2204 4106 162.
2239 4052 2384 4116 Ἕως
2427 4053 2525 4123 μὲν
2556 4052 2664 4124 γὰρ
2698 4049 2853 4126 νὺξῇ
2889 4056 3023 4126 περὶ
3056 4054 3153 4127 τὴν
3190 4055 3372 4127 ψυχὴν
3407 4055 3589 4128 ἡμῶν,

2008 4144 2103 4197 καὶ
2141 4144 2305 4214 μήπω
2336 4143 2713 4218 ἐπανατείλῃό
2745 4144 2914 4214 ἥλιος,
2937 4147 3035 4199 οὐκ
3068 4146 3213 4200 ἐστιν
3249 4148 3592 4218 ὲπακουσθῆ-

2009 4253 2096 4289 ναι
2122 4236 2227 4288 ὑπὸ
2259 4234 2393 4288 Θεοῦ
2418 4253 2430 4267 ο
2463 4236 2683 4290 ἐπειδὰν
2713 4237 2770 4290 δὲ
2816 4238 3263 4311 ἀποκαθαρθείσα
3304 4238 3451 4311 ψυχὴ
3493 4240 3594 4310 τῆς

2011 4326 2140 4398 περὶ
2162 4324 2296 4379 Θεοῦ
2326 4327 2569 4396 ἀγνοίας,
2598 4327 2867 4399 ἀνενέγκῃ
2891 4327 3104 4401 δεήσεις
3124 4369 3138 4391 ,
3171 4330 3230 4381 ἐν
3250 4331 3316 4400 τῇ
3344 4329 3595 4400 λαμπρόν

330 4415 603 4487 tualisque
620 4418 723 4473 diei
741 4420 1056 4485 constituta,
1073 4430 1184 4474 tum
1199 4420 1416 4475 demum
1439 4423 1606 4476 Deum
1630 4420 1781 4475 vocis
1795 4436 1900 4475 sua:

2014 4434 2132 4487 τητι
2166 4417 2265 4487 τῆς
2292 4416 2516 4487 λογικῆς
2537 4419 2631 4471 καὶ
2666 4420 3043 4491 πνευματικῆς
3069 4421 3281 4493 ἡμέρας
3301 4420 3590 4492 γενομένη,

330 4508 630 4564 auditorem
648 4511 829 4565 habet.
845 4509 1135 4580 Propterea
1152 4511 1286 4567 dicit
1305 4527 1315 4560 :
1342 4511 1499 4566 Mane
1512 4513 1693 4567 astabo
1717 4512 1836 4577 tibi,
1855 4522 1905 4567 et

330 4600 512 4654 ridebo
534 4602 604 4657 ”.
637 4601 789 4668 Quod
820 4604 865 4657 si
908 4602 993 4657 vis
1025 4602 1133 4657 Deo
1159 4603 1314 4670 sisti,
1348 4603 1597 4673 improbo
1625 4602 1756 4657 nulli
1804 4616 1902 4657 ne-

330 4691 476 4757 gotio
501 4691 741 4757 intersis,
772 4695 864 4748 sed
894 4692 979 4748 l‘ae
1003 4710 1121 4763 qua:
1151 4692 1320 4765 Moysi
1341 4695 1651 4766 praescripta
1686 4707 1813 4750 sunt
1834 4696 1852 4726 ¹
1879 4709 1896 4749 :

331 4778 410 4834 Tu
441 4789 621 4835 autem
659 4782 729 4836 ibi
765 4792 850 4838 sta
879 4798 1069 4838 coram
1106 4800 1213 4849 me,
1247 4788 1470 4851 ﬁrmus,
1501 4786 1893 4848 inconcussus,

402 4953 447 4986 ⁸⁸
487 4953 615 5023 Sap.
648 4970 768 5017 xm,
800 4955 854 5012 5.
931 4958 977 4990 9“
1012 4957 1170 5012 Rom.
1201 4974 1241 5019 ι,
1266 4958 1356 5013 20.
1448 4959 1491 4990 ⁸⁸
1522 4957 1720 5012 Jerem.
1747 4959 1910 5024 25,4.

2010 4506 2364 4561 είσακούοντα
2396 4507 2508 4579 ἔχει
2535 4508 2637 4579 τῆς
2658 4510 2842 4581 φωνῆς
2865 4509 2957 4563 τὸν
2982 4509 3133 4563 Θεόν.
3172 4510 3269 4562 Διὰ
3290 4507 3452 4563 τοῦτό
3484 4527 3591 4581 φη-

2013 4614 2066 4651 σι
2086 4613 2101 4629 ⁶
2138 4599 2210 4653 Τὸ
2258 4599 2407 4667 πρωὶ
2450 4599 2918 4670 παραστήσομαι
2945 4616 3045 4655 σοι
3064 4642 3079 4666 ,
3122 4601 3220 4654 καὶ
3267 4601 3590 4669 ἐπόψομαι.

2012 4689 2077 4742 Εἰ
2098 4689 2207 4760 γὰρ
2232 4690 2447 4760 μέλλεις
2471 4691 2840 4764 παρίστασθαι
2862 4691 2939 4762 τῷ
2966 4690 3104 4762 Θεῷ,
3135 4691 3321 4762 μηδενὶ
3368 4690 3593 4761 πονηρῷ

2002 4782 2308 4852 παρίστασο
2328 4784 2637 4855 πράγματι,
2656 4782 2791 4839 ἀλλά
2816 4784 2958 4837 ποίει
2982 4783 3051 4838 τὰ
3080 4783 3157 4854 τῷ
3188 4785 3411 4837 Μωϋσεῖ
3433 4799 3597 4854 προσ-

2014 4961 2059 4992 ⁹²
2088 4958 2229 5013 Psal.
2251 4975 2303 5022 v,
2321 4959 2374 5014 4.

2479 4958 2525 4991 *³
2548 4958 2675 5013 ibid.
2705 4958 2761 5013 5.
2865 4957 2913 4989 “
2936 4954 3041 5011 lsa.
3068 4971 3216 5021 ιινι,
3241 4957 3295 5012 9.
3369 4956 3417 4989 ’⁵
3449 4956 3590 5012 Psal.

330 5024 538 5088 uu,2.
609 5025 815 5081 “Psal.
844 5043 895 5093 c,
927 5027 980 5083 8.
1056 5029 1101 5061 "
1131 5028 1274 5083 Psal.
1307 5044 1459 5094 xxix,
1486 5028 1520 5083 6
1617 5029 1663 5061 ³⁸
1703 5029 1843 5085 Psal.
1881 5046 1931 5097 ν,
1969 5032 2024 5097 4,
2050 5031 2103 5084 5.
2177 5030 2223 5062 ⁹⁹
2264 5030 2393 5085 ibid.
2480 5029 2497 5060 ⁸
2537 5028 2708 5083 Exod.
2736 5043 2933 5092 ututi,
2959 5029 3049 5081 21.

404 5142 516 5213 ‘59)
551 5140 775 5214 Veteres
805 5151 914 5196 tres
943 5142 1063 5214 libri
1094 5142 1180 5197 hic
1206 5140 1449 5214 etiul‘ra,
1474 5142 1767 5214 ἐπόψομαι,
1789 5144 1901 5198 καί.

330 5212 463 5281 Reg.
489 5212 715 5285 primus,
742 5214 835 5266 καὶ
859 5212 1048 5285 ἐπόψει
1083 5230 1170 5285 με.
1206 5213 1369 5285 Editi,
1399 5213 1492 5265 καὶ
1518 5212 1694 5285 ante“
1733 5231 1821 5284 με.
1847 5217 1904 5268 ιιι

329 5286 524 5355 quibus
544 5284 621 5355 ita
647 5298 859 5355 quoque
881 5283 1107 5337 inferius
1135 5282 1354 5355 legitur.

404 5353 515 5423 (60)
541 5351 719 5423 Nostri
756 5350 886 5423 tiiss.
930 5367 1146 5423 omnes,
1182 5350 1351 5423 θείου.
1393 5350 1553 5423 Editi,
1594 5351 1752 5406 Θεοῦ.
1782 5352 1905 5407 Sta-

329 5423 428 5477 tim
487 5420 640 5488 mss.,
698 5422 871 5495 ἀνοίᾳ.
924 5422 1106 5487 Editi,
1166 5420 1394 5492 ἀγνοίᾳ,
1457 5422 1598 5475 baud
1657 5424 1906 5478 dissimili

330 5508 513 5547 sensu.

405 5561 516 5631 (6|)
567 5559 752 5632 l‘iostri
798 5577 890 5616 sex
942 5577 1071 5632 mss.
1120 5570 1176 5615 et
1224 5561 1376 5632 editi,
1422 5560 1492 5615 τὰ
1540 5563 1788 5632 πρακτέα
1818 5564 1913 5616 καὶ

332 5630 510 5700 τίμια,
557 5631 663 5701 sed
696 5630 1053 5701 Combelisius
1093 5633 1253 5685 homo
1295 5630 1490 5700 lingua:
1529 5630 1731 5687 Graecae
1776 5634 1915 5701 peri-

338 5699 579 5757 tissimus
615 5699 788 5757 locum
837 5700 981 5758 hunc
1025 5699 1418 5758 emendandum
1462 5702 1691 5759 censuit.
1736 5699 1911 5763 lusum

2014 5143 2296 5197 audiamus
2326 5160 2340 5196 :
2372 5142 2455 5196 Τά
2502 5141 2749 5213 πρακτέα
2800 5143 2895 5196 καὶ
2943 5141 3013 5195 τὰ
3062 5140 3138 5212 μὴ
3195 5137 3463 5213 διορίζωνἶ
3503 5135 3595 5190 Sic

2013 5229 2127 5266 meo
2155 5208 2579 5290 pe_riculo_legas,
2623 5228 2735 5290 non
2762 5223 2815 5265 ut
2853 5213 2981 5290 editi
3022 5208 3075 5265 et
3104 5208 3253 5274 mss"
3276 5208 3382 5290 ςκαὶ
3409 5208 3593 5290 τίμια,

2015 5284 2351 5358 decoquitque
2383 5280 2652 5358 interpres.
2697 5283 2826 5348 Quae
2862 5280 3172 5358 conjectura
3216 5280 3346 5358 milii
3375 5280 3593 5358 quidem

2015 5348 2289 5420 perplacet
2330 5370 2343 5406 :
2378 5352 2471 5406 sed
2522 5348 2710 5420 contra
2761 5348 3356 5420 auctoritatemhotnnis
3381 5348 3596 5420 generis

2017 5414 2275 5494 librorum
2306 5421 2577 5494 quidpiam
2609 5419 2868 5494 innovare
2894 5420 3034 5494 _mi_b_i
3083 5417 3272 5494 religio
3294 5414 3403 5494 est.
3438 5414 3593 5494 Hand

2018 5494 2173 5561 longe
2195 5487 2345 5555 editi,
2373 5487 2449 5544 τδ
2471 5493 2537 5543 ἐκ
2580 5489 2674 5543 τοῦ
2708 5489 2944 5561 ψαλμοῦ.
2973 5489 3175 5561 vocula
3192 5487 3200 5489 θ
3219 5487 3363 5561 ἐκ-ἰη
3391 5487 3595 5540 nostris

2018 5557 2267 5631 sex'mss.
2305 5564 2475 5615 deest.
2512 5557 2752 5631 subinde
2783 5557 2935 5631 editi,
2970 5559 3079 5631 γὰρ
3099 5558 3235 5631 ἐάν.
3280 5557 3394 5609 Duo
3433 5569 3593 5618 mss.,

2016 5630 2124 5702 γὰρ
2152 5631 2236 5684 ἄν.
2266 5632 2333 5685 At
2358 5645 2529 5701 neque
2554 5630 2670 5697 ἐάν,
2698 5630 2955 5702 ncque'dv
2986 5628 3181 5686 in'aliis
3205 5634 3435 5698 quatuor
3457 5638 3591 5680 mss.

2019 5701 2231 5766 legitur.
