3808 6212
132 311 224 369 585

974 288 1336 354 COMMENT.
1378 297 1446 351 IN
1483 295 1717 351 ISAIAM
1760 292 2200 349 I’ROPIIET.\M.
2247 294 2398 348 CAP.
2440 294 2503 350 ν.

3249 301 3353 354 386

131 424 409 496 τεταγμένα
427 440 438 452 ·
473 423 542 476 Σὺ
562 422 620 477 δὲ
643 421 806 476 αὑτοῦ
852 421 1007 491 στῆθι
1035 419 1264 474 ἐνώπιόν
1290 436 1413 490 μου,
1440 419 1674 488 ἑδραῖος,

1790 417 2057 477 immotus,
2100 414 2202 469 tide
2234 428 2420 470 astans
2453 416 2525 483 ei,
2565 423 2622 469 ut
2666 415 2858 484 dignus
2885 421 3104 484 evadas,
3140 421 3231 490 qui
3268 438 3357 478 ve-

130 522 211 574 καὶ
239 517 514 578 ἀσάλευτος
537 557 550 578 ,
585 516 679 568 καὶ
715 515 1114 586 ἀμετακίνητος
1139 554 1152 577 ,
1187 517 1253 584 τῇ
1301 513 1484 564 πίστει
1529 527 1672 580 παρ-

132 611 391 680 ιστάμενος
421 606 564 677 αὐτῷ
584 649 600 672 ,
629 607 715 660 ἴνα
748 607 896 671 ἄξιος
928 607 1061 678 γένῃ
1091 604 1183 658 τοῦ
1219 603 1574 656 κατοπτεύειν
1607 601 1675 654 τὰ

127 703 214 772 τῆς
226 699 460 772 ἀληθείας
479 699 744 770 θεάματα.
767 697 1240 767 Παραστήσομαί
1255 714 1376 758 σοι,
1405 695 1559 764 φησὶ,
1578 694 1677 747 καὶ

130 796 420 862 ἐπόψομαι.
501 791 644 855 Ἕως
680 791 776 862 μὲν
807 790 915 862 γάρ
947 788 1013 843 ἂν
1044 787 1374 859 θεωρητικός
1403 804 1485 850 τις
1583 784 1676 838 τοῦ

131 889 179 938 ἐν
196 887 294 947 τοῖς
325 884 533 953 ὁρατοῖς
563 881 964 952 ὲμφαινομένου
991 879 1220 942 κάλλους
1239 918 1253 942 ,
1279 878 1506 948 φυσικός
1529 894 1613 940 τις
1643 875 1675 947 ἢ

130 973 414 1044 φυσιολόγος
464 972 960 1043 προσαγορεύεται·
1011 969 1230 1024 ἐπειδὰν
1274 969 1331 1022 δὲ
1375 968 1550 1022 ταῦτά
1595 985 1679 1032 τις

131 1065 348 1138 ὑπερϐὰς
377 1063 524 1134 αὐτῷ
571 1065 828 1134 παραστῇ
860 1061 940 1132 τῷ
977 1061 1134 1132 Θεῷ,
1182 1061 1321 1132 μετά
1369 1061 1430 1114 τὸ
1476 1061 1677 1129 γνῶναι

129 1159 232 1210 τίνα
259 1157 446 1227 τρόπον
481 1155 550 1209 τὰ
591 1155 768 1208 πάντα
800 1156 916 1208 ἐστὶ
963 1153 1105 1208 καλά
1133 1155 1287 1216 λίαν,
1323 1153 1417 1208 καὶ
1448 1153 1555 1207 ἀπὸ
1583 1153 1677 1206 τοῦ

130 1251 178 1301 ὲν
202 1249 394 1310 τούτοις
425 1246 656 1309 κάλλους
688 1246 780 1298 ἐπὶ
805 1245 864 1298 τὸ
895 1246 1062 1309 ὅντως
1097 1246 1260 1299 καλὸν
1300 1247 1393 1298 καὶ
1418 1246 1679 1317 ἐράσμιον

129 1339 428 1408 ἀναδραμεῖν
448 1377 463 1402 ,
511 1331 572 1392 οὗ
599 1338 633 1409 ἡ
666 1337 764 1390 θέα
798 1337 988 1407 μόναις
1023 1341 1144 1401 ταῖς
1172 1338 1372 1408 ψυχαῖς
1411 1339 1681 1410 καθαραῖς

129 1430 385 1500 φαίνεσθαι
415 1429 624 1498 πέφυκε
643 1446 654 1458 ·
688 1429 807 1481 τότε
836 1430 928 1482 ἐπὶ
949 1429 1016 1483 τὰ
1037 1430 1135 1500 τῆς
1162 1430 1510 1499 φυσιολογίας
1536 1428 1678 1484 ἀνώ-

129 1539 244 1592 τερα
278 1520 570 1591 προκόψας,
602 1520 670 1572 τὰ
703 1519 1014 1589 καλούμενα
1046 1520 1198 1592 παρά
1231 1537 1342 1572 τισι
1379 1537 1680 1590 μεταφυσι-

129 1609 190 1662 κά
217 1611 346 1680 (62),
374 1611 673 1673 ὲποπτικὸς
696 1610 948 1678 γενέσθαι
976 1611 1220 1665 δύναται.
1293 1611 1540 1665 Ἐπειδὰν
1563 1607 1677 1676 οὖν,

128 1700 244 1769 φησι
265 1741 278 1763 ,
312 1701 390 1752 σοὶ
418 1698 685 1772 παραστῶ
707 1739 722 1762 ,
779 1700 875 1753 καὶ
909 1701 1045 1772 αὐτῇ
1085 1702 1150 1772 τῇ
1188 1701 1316 1772 περὶ
1351 1701 1446 1754 σοῦ
1479 1701 1681 1772 θεωρίᾳ

127 1789 202 1841 διὰ
242 1789 328 1842 τοῦ
355 1790 444 1842 νοῦ
479 1771 833 1860 προσεγγίσω
857 1830 871 1856 ,
899 1790 1022 1842 τότε
1057 1789 1155 1862 τὴν
1196 1771 1498 1863 ἐποπτικὴν
1527 1771 1680 1863 ὲνέρζ-
1714 1771 1754 1828 δ

127 1899 263 1950 γειαν
298 1883 382 1936 διὰ
407 1881 499 1935 τοῦ
532 1882 672 1936 κατά
718 1883 818 1955 τὴν
850 1883 1052 1952 γνῶσιν
1086 1882 1366 1954 φωτισμοῦ
1407 1883 1679 1954 ἀναλήψο-

131 1989 229 2042 μαι.
264 1973 474 2044 Συνᾴδει
496 1972 556 2026 δὲ
579 1971 751 2042 τούτῳ
786 1972 846 2025 τὸ
880 1971 1196 2043 εἰρημένον,
1241 1972 1322 2024 ὅτι
1352 1973 1414 2024 Οἱ
1437 1971 1680 2037 οὐρανοὶ

127 2064 439 2132 διηγοῦνται
480 2063 673 2128 δόξαν
713 2064 890 2118 Θεοῦ·
939 2065 1037 2134 οὐχ
1076 2065 1158 2117 ὅτι
1199 2062 1380 2134 φωνὴν
1421 2061 1682 2133 αἰσθητὴν

127 2156 296 2224 ἀφιᾶσι
325 2155 430 2226 (65)
458 2159 583 2219 ταῖς
611 2157 805 2218 ἀκοαῖς
832 2155 992 2226 ήμῶν
1018 2195 1033 2220 ,
1061 2155 1174 2209 ἀλλ’
1204 2156 1286 2208 ὅτι
1313 2157 1342 2208 ὁ
1365 2157 1477 2217 τοῖς
1505 2153 1683 2222 λόγοις

125 2249 211 2317 τῆς
227 2247 312 2301 τοῦ
340 2249 544 2319 κόσμου
571 2249 882 2312 συστάσεως
905 2250 1035 2318 ὲγγυ
1045 2248 1408 2319 μνασάμενος,
1433 2247 1528 2299 καὶ
1549 2263 1684 2315 γνω-

130 2341 264 2409 ρίσας
297 2341 549 2394 ἁπάντων
577 2340 686 2394 τῶν
720 2340 842 2394 κατ’
876 2341 1103 2410 οὐρανὸν
1152 2341 1251 2411 τὴν
1281 2338 1520 2393 διάθεσιν
1544 2379 1559 2402 ,
1594 2338 1682 2391 διὰ

127 2431 326 2496 τούτων,
347 2433 508 2486 οἱονεὶ
541 2434 728 2504 φωνὴν
752 2431 1053 2502 ἀφιέντων,
1078 2433 1139 2484 τὸ
1165 2431 1450 2501 μεγαλεῖον
1476 2431 1575 2500 τῆς
1600 2429 1684 2482 δό-

128 2523 211 2591 ξης
224 2523 309 2576 τοῦ
333 2525 693 2595 πεποιηκότος
712 2523 910 2586 αὐτοὺς
933 2522 1326 2594 διδαχθήςσεται.
1358 2521 1502 2592 Πρὸς
1527 2518 1684 2572 τοῦτο

129 2615 205 2666 καὶ
245 2615 271 2667 ὁ
309 2617 596 2686 προφήτης
637 2617 781 2686 ἡμᾶς
812 2613 1112 2684 διανίστησι
1156 2613 1361 2680 λέγων’
1411 2609 1684 2665 Ἀναϐλέ-

130 2711 262 2773 ψατε
285 2707 404 2773 τοῖς
442 2704 776 2777 ὀφθαλμοῖς
825 2705 1024 2776 ὑμῶν,
1081 2705 1180 2758 καὶ
1217 2705 1374 2758 ἴδετε
1404 2705 1496 2768 τίς
1551 2718 1685 2755 κατ-

129 2795 295 2862 έδειξε
327 2799 521 2854 πάντα
563 2799 769 2856 ταῦτα.
803 2799 877 2852 Τὸ
898 2797 1006 2869 γὰρ
1043 2796 1262 2868 ὑψηλῶς
1287 2796 1594 2866 θεωρῆσαι,
1623 2793 1686 2846 τὸ

131 2890 400 2961 ἀναϐλέψαι
447 2891 606 2955 ἐστὶ,
659 2892 752 2944 καὶ
797 2890 860 2944 τὸ
890 2890 980 2942 διὰ
1021 2888 1130 2942 τῶν
1159 2887 1449 2960 ὁρωμένων
1481 2888 1546 2955 τῇ
1589 2884 1684 2937 τοῦ

132 2983 464 3053 πεποιηκότος
495 2982 676 3054 ἐννοίᾳ
719 2980 1113 3054 προσαχθῆναι.
1181 2979 1252 3032 Τὸ
1295 2978 1350 3032 δὲ
1385 2980 1448 3031 ὲκ
1493 2977 1684 3041 νυκτὸς

1782 509 1955 563 ritatis
1987 508 2494 576 contemplationem
2527 520 2863 578 perspectam
2907 513 3353 584 exploratamque

1781 600 1998 654 habeas.
2049 599 2280 665 Astabo,
2331 600 2536 668 inquit,
2588 600 2703 663 tibi,
2762 611 2812 654 et
2855 603 3055 658 videbo.
3101 604 3359 672 Quandiu

1779 697 1924 746 enim
1962 692 2081 759 quis
2107 691 2562 758 pulchritudinem
2607 692 2661 745 in
2689 692 2851 746 rebus
2890 695 3196 751 visibilibus
3229 699 3350 752 eni-

1782 794 1980 837 tentem
2032 783 2451 852 contemplatur,
2498 783 2700 838 dicitur
2745 785 3003 855 physicus
3043 803 3106 842 ac
3148 798 3358 844 natura:

1779 877 2091 946 explorator
2114 895 2127 941 ;
2159 877 2254 930 sed
2289 891 2408 931 cum
2434 877 2702 946 quispiam
2730 878 2917 932 isthtec
2944 882 3353 942 transcenderis.

1782 968 1889 1022 Deo
1925 967 2022 1036 ipsi
2055 967 2325 1032 astiterit,
2355 977 2638 1037 postquam
2666 972 2983 1038 cognoverit
3010 987 3114 1040 qua
3144 974 3354 1028 ratiOne

1779 1059 1960 1112 omnia
1989 1059 2100 1113 sint
2122 1057 2277 1113 valde
2301 1059 2546 1127 pulchra,
2573 1070 2628 1113 et
2652 1075 2714 1112 ex
2744 1061 2932 1114 horum
2955 1062 3354 1131 pulchritudine

1780 1166 1900 1204 sese
1925 1149 2162 1204 erexerit
2189 1150 2254 1203 ad
2287 1150 2339 1204 id
2371 1151 2515 1218 quod
2546 1165 2672 1204 vere
2701 1151 2986 1220 pulchrum
3011 1165 3094 1209 est
3123 1166 3178 1210 et
3206 1171 3357 1211 ama-

1781 1242 1918 1305 bile;
1956 1241 2108 1311 cujus
2149 1241 2284 1295 visio
2331 1255 2389 1295 se
2438 1241 2567 1296 solis
2616 1244 2902 1297 animabus
2944 1247 3094 1314 puris
3140 1249 3357 1318 conspi-

1781 1348 1938 1386 cuam
1989 1348 2052 1387 ac
2099 1333 2450 1402 spectandam
2500 1335 2760 1390 exhibere
2799 1335 2973 1391 solet:
3024 1347 3151 1394 tunc
3184 1342 3249 1395 ad
3293 1357 3357 1396 ea

1781 1425 2132 1494 progrediens
2181 1440 2300 1494 qum
2343 1425 2685 1495 disciplinam
2737 1427 3014 1496 physicam
3062 1443 3358 1499 superant,

1782 1531 2009 1585 quaeque
2052 1531 2079 1569 a
2122 1517 2449 1586 quibusdam
2489 1529 2758 1572 vocantur
2790 1522 3198 1592 metaphysica,
3242 1523 3354 1592 jam

1784 1610 2057 1679 inspector
2107 1611 2222 1664 ticri
2279 1619 2455 1679 potest
2503 1625 2567 1664 ac
2615 1612 2941 1681 speculator.
2992 1613 3177 1683 Itaque
3234 1616 3359 1678 tibi,

1784 1702 1984 1770 inquit,
2016 1703 2242 1756 astitero
2278 1703 2400 1767 tibi,
2431 1711 2485 1756 et
2518 1711 2696 1758 mente
2725 1719 3008 1759 accessero
3041 1707 3107 1760 ad
3144 1717 3194 1759 te
3224 1723 3357 1761 con-

1785 1793 2186 1862 templandum,
2223 1803 2348 1846 tunc.
2394 1792 2538 1846 illam
2588 1793 2907 1863 inSpicieudi
2952 1796 3062 1849 vim
3101 1797 3359 1864 recipiam

1785 1901 1879 1956 per
1913 1885 2186 1939 scientiae
2242 1885 2682 1938 illustrationem.
2735 1885 3001 1939 Cteterum
3067 1903 3190 1941 cum
3259 1889 3362 1942 hoc

1783 1977 2128 2032 consentiunt
2158 1976 2320 2030 verba
2365 1977 2549 2030 istharc
2594 1993 2608 2030 :
2660 1975 2791 2028 Caeli
2837 1989 3084 2030 ennrrant
3136 1977 3360 2047 gloriam

1787 2073 1881 2126 Dei
1910 2077 1930 2105 ²
1964 2090 1978 2126 :
2028 2088 2132 2126 non
2162 2072 2304 2141 quod
2344 2072 2408 2124 ad
2439 2085 2600 2124 aures
2641 2079 2852 2123 nostras
2882 2072 3133 2125 emittant
3167 2087 3356 2126 vocent

1783 2163 2112 2228 sensibiletn,
2145 2163 2236 2215 sed
2269 2163 2409 2230 quod
2437 2163 2525 2231 qui
2559 2163 2607 2213 in
2631 2163 2694 2213 iis
2723 2163 3041 2215 meditandis
3065 2164 3360 2218 rationibus

1784 2255 1982 2322 quibus
2031 2254 2356 2307 constitutus
2387 2254 2619 2307 mundus
2658 2261 2761 2317 est,
2793 2254 3124 2308 exercitatus
3168 2253 3355 2316 fuerit,

1784 2356 1835 2401 et
1889 2362 1988 2414 per
2040 2347 2241 2408 cados,
2288 2344 2442 2414 quasi
2503 2360 2692 2400 vocem
2751 2345 3009 2411 edentes,
3056 2346 3359 2401 ctelestium

1783 2436 2027 2490 omnium
2064 2451 2246 2489 rerttm
2279 2436 2685 2499 dispositionem
2719 2449 2784 2490 ac
2816 2445 3066 2490 ornatum
3099 2453 3362 2508 cognove-

1789 2533 1944 2591 verit,
2005 2528 2256 2582 addiscat
2303 2527 2762 2593 magnificentiam
2819 2527 3006 2596 gloria:
3059 2528 3213 2598 ejus,
3264 2531 3359 2596 qui

1785 2620 2026 2674 condidit
2062 2620 2252 2674 ctelos.
2304 2617 2574 2687 Propheta
2618 2617 2783 2672 etiam
2831 2618 2896 2672 ad
2934 2618 2986 2672 id
3037 2636 3134 2673 nos
3171 2622 3364 2676 invitat

1784 2712 1970 2765 dicens
1996 2727 2011 2762 :
2043 2711 2268 2766 Sursum
2297 2711 2515 2778 aspicite
2537 2709 2701 2762 oculis
2725 2711 2926 2775 restria,
2953 2719 3000 2764 et
3028 2712 3217 2775 videte,
3244 2714 3364 2782 quis

1789 2803 2012 2855 ostendit
2062 2804 2173 2855 lure
2227 2803 2402 2855 omnia
2433 2802 2474 2857 ³.
2515 2801 2722 2854 Etenim
2769 2800 2878 2854 alte
2921 2803 3226 2870 speculari,
3279 2815 3365 2858 est

1787 2904 2000 2942 sursum
2044 2890 2316 2959 aspicere,
2364 2899 2528 2957 atque
2571 2903 2668 2957 per
2695 2888 2924 2943 visibilia
2953 2891 3020 2944 ad
3054 2891 3365 2948 Conditoris

1788 2981 2149 3048 cognitionem
2176 2979 2390 3033 adduci.
2422 2979 2553 3032 Illud
2582 2988 2785 3041 autem,
2818 2980 2882 3033 de
2912 2991 3072 3036 nocte
3106 2998 3262 3036 mane
3293 2985 3360 3036 ad

131 3073 376 3144 ὀρθρίζειν
406 3075 548 3145 πρὸς
578 3074 672 3128 τὸν
697 3073 848 3138 Θεὸν,
888 3070 1130 3126 τοιοῦτόν
1158 3071 1304 3123 ἐστιν
1326 3085 1337 3097 ⁸
1370 3070 1497 3122 ὅταν
1525 3070 1556 3136 ἡ
1590 3068 1686 3132 νὺξ

1793 3071 1953 3123 Dettm
1988 3084 2338 3139 consurgere,
2372 3069 2634 3138 ejusmodi
2656 3069 2857 3138 aliquid
2877 3080 3034 3124 sonat
3061 3090 3072 3123 :
3102 3073 3358 3126 nimirum

132 3165 375 3238 προκύψῃ,
400 3168 432 3236 ἡ
461 3165 521 3218 δὲ
547 3165 731 3238 ἡμέρα
760 3164 976 3234 ἑγγίσῃ,
1004 3164 1098 3216 καὶ
1120 3163 1195 3225 ὡς
1213 3164 1270 3214 ἐν
1295 3161 1477 3233 ἡμέρᾳ
1497 3163 1686 3232 εὐσχη-

135 3250 287 3319 μόνως
318 3256 646 3323 περιπατεῖν
686 3251 980 3324 ἀρξώμεθα
1007 3292 1023 3316 ,
1060 3251 1386 3322 ἀποθέμενοι
1437 3251 1504 3304 τὰ
1549 3253 1686 3322 ἔργα

132 3341 211 3394 τοῦ
238 3344 452 3408 σκότους
477 3386 491 3409 ,
538 3344 759 3416 κώμους
786 3345 881 3397 καὶ
932 3343 1120 3415 μέθας,
1169 3343 1353 3406 κοίτας
1398 3345 1490 3396 καὶ
1530 3343 1687 3396 ἀσελ-

132 3434 284 3500 γείας,
313 3437 430 3490 τότε
462 3435 746 3507 δυνάμεθα
778 3436 957 3504 λέγειν
989 3435 1070 3499 τὸ,
1117 3435 1218 3488 Ἐκ
1247 3434 1467 3500 νυκτὸς
1497 3435 1688 3502 ὀρθρί-

134 3524 197 3584 ζέι
220 3527 280 3581 τὸ
316 3527 551 3598 πνεῦμά
576 3545 696 3598 μου
723 3526 874 3596 πρὸς
903 3526 998 3588 σὲ,
1032 3529 1065 3580 ό
1099 3527 1262 3591 Θεός.
1308 3524 1439 3578 Εἶτα
1472 3525 1565 3578 καὶ
1590 3525 1686 3596 δη-

133 3615 203 3668 λοῖ
233 3617 312 3671 διὰ
343 3619 434 3672 τοῦ
457 3618 862 3690 ἐπιφερομένου
884 3655 898 3679 ,
926 3618 977 3670 τί
1006 3619 1119 3669 ἐστι
1146 3616 1205 3669 τὸ
1234 3619 1289 3669 ἐν
1314 3617 1462 3687 αὐτῷ
1501 3615 1686 3670 ποιοῦν

133 3705 208 3758 τὸν
227 3708 436 3779 ὄρθρονο
463 3710 624 3764 Διότι
647 3707 774 3777 φῶς
793 3748 806 3772 ,
833 3709 985 3779 φησὶ,
1017 3709 1088 3761 τὰ
1120 3706 1230 3780 (64)
1261 3705 1687 3776 προστάγματὰ

132 3810 231 3851 σου
263 3799 354 3852 ἐπὶ
388 3799 498 3868 τῆς
529 3798 663 3869 γῆς.
704 3796 823 3860 Φῶς
861 3798 969 3868 γάρ
995 3800 1112 3850 ἐστι
1149 3798 1217 3850 τά
1263 3801 1681 3869 προστάγματα,

132 3885 300 3942 λύοντα
345 3891 404 3943 τὸ
429 3891 534 3960 τῆς
562 3887 782 3957 ἀγνοίας
815 3887 1032 3951 σκότος’
1073 3887 1153 3941 διὸ
1198 3890 1292 3942 καὶ
1347 3891 1408 3943 Ἡ
1463 3889 1682 3958 ἐντολὴ

131 3980 326 4048 Kvplov
357 3980 698 4050 τηλαυγὴς,
735 3979 1070 4048 φωτίζουσα
1099 3981 1468 4049 ὀφθαλμούς.

191 4159 300 4214 165.
325 4161 395 4214 Τὸ
415 4161 470 4215 δὲ
504 4163 567 4214 έν
589 4159 668 4230 τῷ
699 4158 978 4230 ἑκατοστῷ
1025 4158 1224 4229 ψαλμῷ
1256 4159 1566 4229 εἰρημένον,
1602 4160 1684 4213 ὅτι

132 4250 220 4313 Εἰς
242 4249 342 4316 τὰς
360 4252 586 4319 πρωίας
602 4248 935 4304 ἀπέκτενον
956 4249 1066 4320 (65)
1088 4248 1319 4314 πάντας
1339 4249 1480 4315 τοὺς
1501 4250 1686 4318 ἁμαρ-

132 4339 337 4405 τωλοὺς
358 4339 464 4409 τῆς
488 4339 628 4410 τῆς,
663 4340 828 4392 παντί
861 4357 963 4392 που
992 4339 1170 4410 δῆλον,
1192 4339 1274 4392 ὅτι
1307 4341 1366 4392 ἐν
1400 4341 1684 4410 αἰνίγματι

1788 3179 1909 3216 cum
1939 3178 2039 3216 nox
2070 3177 2354 3232 progressa
2397 3161 2557 3214 fuerit
2578 3200 2594 3222 ,
2629 3162 2744 3216 dies
2774 3173 2952 3215 autem
2978 3161 3142 3232 495
3166 3178 3364 3232 appro-

1787 3252 2083 3320 pinquavit,
2117 3261 2171 3305 et
2199 3251 2338 3304 sicut
2365 3251 2418 3304 in
2449 3251 2534 3303 die
2563 3249 2858 3317 composite
2881 3250 3158 3304 ambulare
3183 3265 3364 3319 tmpe-

1786 3341 1994 3403 rimus,
2024 3339 2281 3408 Operibus
2320 3338 2664 3392 tenebrarum
2713 3337 2974 3406 abjectis;
3028 3351 3364 3391 commessa-

1790 3433 2044 3496 tionibus,
2071 3432 2452 3498 ebrietatibus,
2480 3430 2752 3485 cubilibus
2781 3440 2835 3482 et
2873 3429 3114 3483 lasciviis
3136 3429 3157 3461 ⁸
3189 3451 3202 3484 ι
3234 3441 3362 3482 tunc

1788 3535 2072 3592 possumus
2098 3521 2276 3575 dicere
2314 3536 2327 3571 :
2362 3520 2436 3572 De
2468 3529 2616 3572 nocte
2644 3534 2798 3570 mane
2826 3520 3093 3586 consurgit
3138 3519 3360 3586 spiritus

1788 3630 1931 3666 meus
1957 3613 2024 3665 ad
2049 3623 2119 3678 te,
2164 3611 2300 3664 Dens
2334 3612 2376 3665 ⁸.
2413 3611 2616 3664 Deinde
2648 3609 2775 3678 quid
2827 3610 2878 3662 in
2911 3609 3028 3677 ipso
3061 3609 3358 3662 diluculun-

1787 3705 1982 3759 eiliciat
2007 3745 2022 3768 ,
2071 3703 2312 3758 ostendit
2347 3703 2510 3756 etiam
2555 3702 2734 3756 verbis
2764 3700 3113 3770 sequentibus
3145 3719 3158 3754 :
3189 3700 3356 3765 Quia.

1787 3797 1984 3866 inquit,
2012 3805 2269 3863 prwcepta
2295 3804 2385 3846 tua
2413 3793 2508 3846 lux
2532 3803 2646 3845 sunt
2677 3809 2832 3859 super
2864 3801 3057 3845 terram
3085 3792 3126 3846 °.
3159 3792 3368 3860 Quippe

1788 3889 1875 3942 lux
1908 3872 2350 3956 suufprazcepta,
2397 3901 2516 3954 quae
2547 3885 2866 3955 ignoranti-.e
2896 3885 3147 3938 tenebras
3188 3900 3358 3940 exeu-

1790 3981 1959 4043 tiunt;
2011 3995 2181 4046 eoque
2229 3975 2554 4046 Prwceptum
2599 3975 2808 4029 Domini
2854 3975 3124 4040 lucidum,
3157 3975 3364 4028 illumi-

1788 4087 1916 4123 nans
1951 4070 2128 4122 oculos
2151 4069 2194 4122 ".

1858 4161 1982 4215 163.
2042 4160 2391 4228 Compertum
2457 4167 2542 4213 est
2597 4167 2774 4212 autem
2826 4159 3077 4214 omnibus
3126 4175 3188 4214 ac
3244 4176 3363 4230 per-

1787 4262 2055 4321 spectum,
2081 4251 2221 4319 quod
2251 4252 2302 4304 in
2340 4249 2546 4320 psalmo
2571 4251 2871 4305 centesimo
2899 4251 3104 4305 dictum
3141 4260 3260 4306 est:
3299 4252 3367 4306 In

1788 4345 2061 4399 matutinis
2105 4344 2480 4412 interﬁciebam
2523 4358 2698 4394 omnes
2744 4353 3040 4409 peceatores
3082 4354 3269 4406 ten-te,
3313 4344 3367 4396 id

132 4430 533 4502 κεκαλυμμένως
573 4430 810 4502 εἴρηται.
855 4431 930 4484 Οὐ
979 4431 1108 4504 γὰρ,
1158 4431 1239 4484 ὅτι
1293 4430 1416 4484 καθ’
1444 4433 1681 4502 ἑκάστην

1790 4437 1837 4490 in
1862 4438 2145 4504 aenigmate
2181 4443 2324 4489 tecte
2346 4433 2547 4486 dictum
2581 4431 2769 4486 fuisse.
2795 4431 2912 4485 Non
2943 4431 3086 4484 enim
3118 4448 3365 4502 unoquo-

130 4518 281 4590 ἀρχὴν
309 4522 409 4592 τῆς
454 4523 673 4593 ἡμέρας
726 4523 922 4593 αἵματι
974 4520 1276 4593 ἀνθρώπων
1337 4521 1435 4584 τὰς
1494 4525 1679 4594 χεῖρας

132 4611 477 4684 ἑμολυνόμην·
525 4614 587 4666 οὐ
635 4613 794 4667 τοῦτό
843 4631 1007 4684 φησιν
1053 4614 1082 4664 ὁ
1131 4613 1308 4682 λόγος.
1343 4612 1512 4666 Τοῦτο
1573 4613 1680 4684 γάρ

133 4700 249 4770 πρὸς
271 4702 346 4773 τῷ
373 4705 560 4772 ἐναγεῖ
601 4702 681 4756 ἔτι
714 4703 895 4756 καὶτὸ
933 4702 1197 4756 ἀπίθανον
1238 4703 1372 4774 ἔχει.
1418 4703 1541 4768 Πῶς
1572 4704 1680 4775 γὰρ

133 4792 324 4846 πάντων
368 4795 599 4864 ἠδύνατο
626 4793 746 4847 καθ’
782 4795 1017 4866 ἑκάστην
1045 4795 1258 4866 πρωίαν
1287 4795 1540 4866 αὐτόχειρ
1587 4813 1682 4864 γε-

131 4881 295 4936 νέσθαι
335 4885 443 4938 τῶν
493 4887 837 4960 ἁμαρτωλῶν
871 4890 973 4956 τῆς
1022 4889 1160 4958 γῆς;
1211 4887 1285 4940 Οὐ
1317 4886 1426 4957 γὰρ
1461 4887 1679 4940 πάντων

134 4975 481 5044 περιγίνεσθαι
507 4979 734 5032 δυνατὸν
764 4975 834 5049 ἦν
863 4979 992 5041 ⁹ἐνα,
1042 4977 1256 5031 πολλῶν
1303 4978 1413 5049 (66)
1448 4977 1554 5030 τῶν
1593 4977 1678 5044 ὲξ-

1788 4543 1892 4596 que
1915 4527 2019 4580 diei
2046 4526 2198 4580 initio
2224 4524 2488 4594 sanguine
2513 4524 2747 4575 humano
2780 4522 3124 4590 inquinabatu
3150 4538 3363 4576 manus.

1791 4616 1902 4670 Hoc
1956 4629 2292 4684 nequaquam
2353 4611 2622 4682 signiﬁcat
2693 4611 2992 4678 Scriptura.
3067 4611 3123 4664 Id
3176 4612 3364 4674 enim,

1790 4717 2148 4778 praeterquam
2180 4707 2321 4776 quod
2366 4704 2740 4759 detestandum
2783 4713 2892 4767 est,
2957 4705 3134 4759 adhuc
3200 4707 3364 4758 etiam

1788 4798 2106 4852 incredibile
2159 4808 2239 4852 est
2290 4807 2342 4850 et
2396 4796 2713 4848 absurdum.
2782 4792 3062 4858 Quomodo
3130 4811 3365 4862 namque

1789 4903 2110 4958 unoquoque
2144 4888 2375 4942 diluculo
2426 4903 2584 4939 manu
2632 4886 2844 4954 propria
2887 4885 3150 4952 potuisset
3175 4899 3365 4938 omnes

1789 4991 1949 5036 terrae
1995 4989 2310 5049 peccatores
2376 4976 2746 5031 interimere?
2809 4973 2992 5043 Neque
3042 4976 3187 5028 enim
3249 4974 3364 5028 ﬁeri

191 5115 210 5146 ’
234 5113 364 5171 Psal.
407 5134 560 5185 xvm,
591 5119 644 5173 2.
720 5119 740 5150 ³
770 5119 872 5174 Isa.
908 5115 1110 5182 “.26.
1185 5117 1206 5148 ⁸
1231 5117 1384 5171 Rom.
1418 5133 1538 5182 xm,
1580 5117 1666 5184 12,
1701 5117 1787 5172 I3.
1857 5115 1878 5147 ⁵
1903 5115 2006 5169 Isa.
2035 5129 2186 5178 nvr,
2223 5113 2277 5168 9.
2353 5112 2526 5166 ‘ibid.
2568 5111 2622 5168 6.
2695 5112 2716 5142 "
2751 5110 2892 5165 Psal.
2917 5126 3070 5177 xvm,
3095 5111 3145 5167 9.

193 5251 296 5321 I62)
327 5251 462 5307 Editi
508 5260 563 5305 et
591 5252 721 5321 Reg.
761 5251 985 5321 primus,
1023 5247 1160 5321 μετά
1207 5247 1276 5300 τά
1309 5247 1532 5321 φυσικά.
1556 5247 1672 5321 rAlii

134 5329 230 5375 tres
257 5319 400 5392 mss.,
439 5319 801 5392 μεταφυσικά,
837 5320 990 5375 bene.
1017 5319 1214 5392 Ibidem
1239 5320 1386 5392 editi,
1423 5319 1516 5370 καὶ
1550 5320 1678 5370 ἐπο-

133 5391 322 5454 πτικός.
349 5388 631 5446 Αινοοιιιέι
667 5391 758 5444 καί
792 5392 844 5444 in
877 5405 1007 5444 mss.
1041 5403 1142 5441 non
1178 5388 1392 5456 legitur.

195 5460 297 5531 (65)
325 5459 550 5515 Veteres
578 5463 812 5531 quinque
860 5460 1003 5520 libri,
1027 5459 1258 5531 ﬁatﬁat:
1291 5457 1428 5531 Editi
1455 5465 1518 5531 get
1543 5456 1678 5525 Reg.

135 5527 339 5596 primus,
365 5527 791 5602 ἀφίησιξνιιιιΙο
842 5537 961 5602 post
1016 5527 1322 5602 Combetisii
1367 5528 1552 5602 codex‘
1582 5543 1679 5602 Are-

136 5602 321 5655 centior
358 5597 499 5654 cum'
527 5601 707 5663 editis,
767 5597 1022 5652 ἁπάντων
1068 5597 1188 5651 κατ’
1231 5597 1488 5669 οὐρανόν.Δ
1530 5598 1682 5669 Alter

135 5669 419 5792 Cynibgﬁsii
446 5671 617 5727 codex
644 5683 698 5726 et
730 5670 820 5727 alii
853 5681 1109 5738 quatuor,
1141 5666 1392 5722 ἁπάντων
1421 5666 1529 5719 τῶν
1556 5668 1679 5719 κατ’

136 5755 254 5792 eam
314 5759 360 5792 ν.

136 5755 360 5811 ουρανον.

1855 5242 1966 5314 (fit)
1999 5240 2138 5314 Editi
2179 5250 2233 5295 et
2268 5241 2400 5314 Reg.
2438 5242 2662 5310 primus,
2696 5237 2812 5308 φῶς
2845 5237 2960 5290 ἐστι
2997 5236 3084 5291 τά.
3118 5237 3221 5292 Alii
3253 5247 3362 5293 tres

1784 5311 1938 5375 mss.,
1964 5311 2080 5380 φῶς
2105 5327 2237 5382 φησι
2270 5311 2355 5382 τά.

1854 5377 2176 5451 (65)Ἐιιὶιί,’
2218 5381 2556 5435 ἀπέκτεινον.
2593 5382 2660 5434 At
2707 5395 2836 5434 mss.
2884 5393 3002 5443 sex,
3040 5377 3361 5446 ἀπέκτενον,

1784 5468 1881 5507 nec
1907 5453 2065 5520 aliter
2087 5451 2342 5504 scribitur
2368 5455 2502 5520 apud
2529 5451 2692 5506 LXX.

1853 5520 1965 5592 (66)
1997 5519 2133 5592 Editi
2155 5529 2212 5574 et
2239 5521 2371 5590 Reg.
2402 5512 2614 5584 tertius,
2642 5520 3023 5592 περιγενέσθαι
3048 5512 3361 5592 δυνατὺνῆν

1784 5591 2012 5645 πολλῶν.
2038 5590 2138 5643 Alii
2165 5591 2380 5658 quidam
2415 5607 2547 5644 mss.
2577 5592 2651 5644 uti
2683 5590 2734 5644 in
2764 5601 3042 5645 contextu.
3077 5594 3194 5645 Mox
3227 5590 3358 5643 editi

1785 5674 1837 5715 et
1868 5659 2134 5715 recentior
2171 5660 2472 5713 Combctisii
2533 5665 2723 5723 codex,
2777 5664 2822 5715 εί
2868 5663 2928 5714 τὸ
2978 5664 3143 5726 εἰκός.
3189 5659 3361 5713 Inter-

1787 5748 1908 5802 prcs
1935 5749 1947 5786 :
1980 5727 2139 5784 Estne
2172 5731 2266 5784 hoc
2296 5733 2495 5785 veritati
2532 5743 2954 5788 consentaneum.
3000 5735 3150 5788 Alter
3197 5730 3360 5786 Com-
