3808 6212
97 313 204 369 389

955 305 1322 364 COMMENT.
1364 306 1433 364 ΙΝ
1474 306 1711 364 ISAIAM
1749 306 2194 363 PROPHE’IAM.
2233 304 2386 363 CAP.
2429 305 2495 361 ν.

3269 310 3378 366 390

98 426 430 490 ὑποστάσεις
473 422 569 478 καὶ
593 421 803 486 οὐσίας.
836 421 921 476 Τὰ
956 422 1056 494 μὲν
1086 424 1196 496 γὰρ
1234 424 1410 496 ὁρατὰ
1444 423 1687 479 ενατενίο
1716 432 1764 488 Α
1795 439 1860 479 ac
1908 438 2086 479 earum

1816 439 1860 479 te
1908 438 2099 479 earum
2152 438 2339 479 rerum
2377 438 2497 490 quae
2542 421 2656 478 sola
2699 431 2910 480 ratione
2959 425 3077 493 capi
3124 436 3376 496 possunt,

97 534 240 580 σεως
268 515 442 569 δεῖται
465 533 480 546 ο
510 513 602 567 διὰ
644 512 803 567 τοῦτο
853 513 1279 582 Ἐμϐλέπουσι·
1324 516 1395 568 τά
1435 514 1495 568 δὲ
1520 512 1686 586 νοητὰ

93 608 289 680 χρῄζει
328 606 488 675 λόγου
518 603 812 670 διεξοδικοῦ
837 622 851 635 ·
892 604 974 657 διὸ
1005 606 1245 677 εἴρηται,
1278 607 1678 662 Κατανοοῦσι.

92 700 246 771 Πλὴν
274 700 360 752 ὅτι
384 696 603 769 πρῶτον
626 696 708 750 δεῖ
748 695 1018 767 ἐμϐλέψαι
1043 699 1157 761 τοῖς
1199 697 1387 767 ἔργοις
1433 697 1643 769 Κυρίου
1666 714 1681 728 ο

94 792 189 845 καὶ
216 791 342 843 τότε
374 792 455 853 εἰς
480 789 540 842 τὸ
563 788 897 858 κατανοῆσαι
937 787 1080 841 αὑτά
1124 788 1433 858 προελθεῖν.
1474 789 1687 851 Ὀποῖος

94 878 162 951 ἦν
188 885 218 935 ὁ
248 880 383 953 περὶ
424 880 534 950 (7i)
569 878 763 933 ἑαυτοῦ
787 879 962 949 λέγων
981 897 997 912 ο
1020 879 1215 944 Αὐτὸς
1242 880 1353 951 γάρ
1380 897 1484 951 μοι
1505 880 1690 934 ἔδωκε

96 964 217 1018 τῶν
258 965 454 1019 ὄντων
491 963 721 1033 γνῶσιν
761 963 1000 1033 ἀψευδῆ
1023 1004 1039 1029 ,
1097 963 1320 1019 εἰδέναι
1379 966 1690 1020 σύστασιν

95 1058 356 1125 κόσμου.
376 1056 474 1110 καὶ
499 1055 804 1124 ἐνέργειαν
818 1056 1156 1125 στοιχείων,
1179 1055 1379 1126 ἀρχὴν
1397 1056 1496 1110 καὶ
1512 1056 1689 1121 τέλος

96 1150 195 1203 καί
220 1151 537 1218 μεσότητα
568 1150 826 1218 χρόνων,
860 1146 1100 1216 τροπῶν
1123 1149 1415 1219 ἀλλαγὰς,
1450 1150 1551 1204 καὶ
1580 1166 1687 1219 με·

93 1242 360 1307 ταὸολὰς
388 1239 635 1308 καιρῶν,
663 1238 954 1294 ἐνιαυτῶν
968 1240 1258 1307 κύκλους,
1291 1241 1389 1294 καὶ
1417 1240 1690 1309 ἀστέρων

93 1332 323 1399 θέσεις,
350 1333 568 1401 φύσεις
583 1329 758 1395 ζῶων,
785 1330 886 1386 καί
911 1330 1138 1400 θυμοὺς
1153 1331 1392 1400 θηρίων,
1422 1329 1689 1400 πνευμά-

92 1443 216 1480 των
247 1426 411 1492 βίας,
440 1424 541 1478 καὶ
562 1422 993 1494 διαλογισμοὺς
1022 1422 1372 1493 ἀνθρώπων,
1399 1424 1690 1495 διαφορὰς

90 1514 326 1586 φυτῶν,
348 1516 447 1570 καὶ
472 1513 758 1585 δυνάμεις
767 1512 966 1582 ῥιζῶν.

1789 516 2123 570 substantias
2152 517 2496 572 considerant
2532 524 2587 570 et
2615 516 2906 571 essentias.
2937 515 3188 573 Visibilia
3221 535 3378 575 nant-

1788 623 1892 678 que
1908 607 2155 677 indigunt
2174 616 2427 662 contenta
2450 605 2728 662 oculorum
2744 608 2882 674 acie;
2897 609 2964 664 ob
2982 609 3032 663 id
3047 608 3377 679 Respiciunt:

1789 712 1911 767 quae
1946 711 2076 751 vero
2112 698 2326 751 ratione
2358 696 2470 752 sola
2518 706 2720 766 queunt
2752 698 2996 768 intelligi,
3036 714 3277 770 expansa
3317 711 3377 757 et

1792 788 1914 842 fusa
1950 789 2365 843 ratiocinatitine
2410 799 2602 859 egent:
2636 804 2966 858 quapropter
2999 792 3201 846 dictum
3246 804 3326 847 est
3355 811 3372 847 :

1789 878 2163 934 Considerant.
2193 881 2331 935 Sunt
2356 889 2537 934 tamen
2563 882 2796 950 primtnn
2822 883 3162 951 respicienda
3192 884 3375 939 Domi-
3398 898 3407 909 ‘

1789 971 1843 1025 ni
1877 986 2065 1041 opera,
2111 981 2275 1040 atque
2307 981 2433 1026 tunc
2479 972 2546 1026 ad
2597 986 2658 1026 ea
2706 973 3099 1028 consideranda
3144 990 3373 1045 progre-

1785 1063 2041 1118 diendum
2086 1072 2189 1117 est.
2227 1062 2503 1132 Ejusmodi
2553 1072 2695 1128 erat,
2728 1063 2819 1132 qui
2855 1064 2922 1119 de
2963 1080 3021 1120 se
3052 1065 3168 1136 ipso
3195 1064 3372 1123 dix'it:

1786 1154 1909 1223 Ipse
1961 1155 2099 1207 enim
2151 1154 2294 1207 dedit
2346 1155 2476 1207 milii
2520 1154 2708 1208 horum
2747 1171 2866 1224 quae
2918 1168 3039 1210 sunt
3090 1158 3374 1212 scientiam

1785 1260 1981 1309 veram,
2030 1256 2085 1297 ut
2134 1246 2298 1297 sciam
2335 1246 2519 1298 mundi
2546 1246 2982 1312 .dispositionem,
3030 1257 3077 1301 et
3130 1250 3375 1303 uirtutem

1787 1335 2193 1402 elementorum;
2233 1338 2441 1391 initium
2477 1348 2522 1391 et
2547 1338 2707 1407 ﬁnem
2739 1350 2787 1393 et
2823 1341 3153 1394 medietatem
3177 1351 3377 1410 tempo-

1787 1442 1904 1481 rum
1933 1469 1949 1495 ,
1989 1429 2392 1508 conversionunt
2444 1430 2889 1495 permutationes,
2950 1441 3000 1486 et
3058 1434 3374 1488 mutationes

1789 1526 2101 1587 temporum,
2134 1536 2396 1574 annorum
2439 1537 2647 1586 cursus,
2692 1532 2739 1575 et
2775 1521 3051 1577 stellarum
3094 1525 3249 1587 situs,
3285 1540 3375 1578 na-

91 1609 245 1662 turas
280 1608 618 1672 animalium,
664 1618 713 1661 et
755 1608 864 1662 iras
912 1606 1223 1673 bestiarum,
1284 1608 1389 1662 vim
1430 1616 1727 1679 uentorum,
1766 1620 1819 1666 et
1859 1615 2202 1685 cogitationes
2231 1615 2527 1680 hominum,
2574 1613 2901 1684 diderentias
2954 1615 3282 1687 plantarum,
3324 1626 3376 1672 et

88 1704 312 1757 virtutes
345 1704 586 1755 radicum
617 1701 680 1758 “.

162 1793 296 1849 165.
323 1794 535 1848 Τοίνυν
559 1793 935 1865 αἰχμάλωτος
951 1798 1148 1862 ἀλαός
1161 1813 1282 1866 μου
1294 1794 1570 1866 ἐγενήθη,
1586 1796 1686 1853 διὰ
1717 1807 1759 1863 Β
1857 1797 1982 1854 165.
2005 1796 2081 1851 νε

1857 1797 1982 1854 165.
2005 1796 2168 1852 Vens.
2205 1796 2291 1852 1³5.
2318 1796 2493 1868 Igitur
2523 1799 2756 1866 captivus
2778 1798 3001 1868 populus
3027 1815 3172 1853 meus
3197 1799 3375 1868 [actus

86 1887 158 1941 τὸ
185 1885 278 1956 μὴ
312 1885 533 1941 εἰδέναι
554 1885 776 1953 αὐτοὺς
803 1886 915 1958 (72)
932 1886 1042 1961 τὸν
1059 1889 1283 1957 Κύριον
1300 1905 1315 1920 ⁸
1334 1888 1434 1942 καὶ
1447 1887 1684 1957 πλῆθος

83 1979 352 2051 ἐγενήθη
376 1978 607 2048 νεκρῶν
636 1977 733 2032 διὰ
758 1978 939 2049 λιμὸν
975 1979 1181 2049 ἄρτου,
1208 1980 1309 2034 καί
1347 1976 1528 2049 δίψος
1568 1980 1681 2051 (75)

83 2071 345 2136 ὕδατος.
387 2068 574 2123 Ταῦτα
620 2069 742 2124 καθ’
792 2071 1036 2143 ἱστορίαν
1080 2070 1305 2126 δυνατὸν
1356 2074 1538 2142 τυχεῖν
1584 2073 1684 2144 τῆς

84 2164 414 2234 ἐξηγήσεως
447 2162 676 2217 ἐπὶτῶν
706 2163 917 2235 καιρῶν
953 2164 1052 2235 τῆς
1090 2164 1326 2234 ἐσχάτης
1363 2163 1680 2235 πολιορκίας

84 2256 205 2309 τῶν
232 2255 529 2310 Ἰουδαίων·
544 2256 655 2309 τῶν
683 2255 781 2327 μὲν
800 2255 1279 2327 είςοαίχμαλωσίαν
1304 2255 1680 2327 ἁπαχθέντων,

83 2346 200 2399 τῶν
228 2345 288 2398 δὲ
315 2347 373 2398 ὲν
401 2344 546 2417 λιμῷ
575 2346 672 2400 καὶ
710 2345 852 2416 δίψει
877 2345 1310 2417 διαφθαρέντων.
1337 2349 1448 2401 Καὶ
1473 2350 1506 2419 ἡ
1533 2348 1684 2401 αίτία

85 2435 305 2507 σαφὴς,
341 2434 408 2489 δι’
440 2437 508 2508 ἦν
537 2435 710 2490 ταῦτα
742 2436 1078 2491 πεπόνθασιν
1099 2455 1113 2467 ο
1154 2438 1236 2491 ὅτι
1266 2439 1684 2511 ἐπιδημήσαντα

82 2530 280 2593 αὐτοῖς
306 2529 402 2583 τὸν
424 2529 631 2601 Κύριον
656 2530 758 2584 οὐκ
793 2529 1113 2599 ἐπέγνωσαν
1140 2530 1276 2601 (74).
1305 2531 1469 2584 Ὥστε
1501 2530 1559 2583 δὲ
1588 2531 1684 2585 καὶ

83 2624 225 2692 ἡμῖν
277 2622 635 2693 οίκειωθῆναι
685 2620 784 2692 τὴν
832 2622 899 2675 ὲκ
928 2621 1032 2692 τῆς
1083 2620 1285 2688 λέξεως
1332 2622 1680 2695 παραίνεσιν.

94 2716 326 2770 Ἐκεῖνα
358 2715 613 2785 λέγομεν,
652 2716 733 2769 ὅτι
777 2716 825 2769 oi
867 2715 1156 2779 διώκοντες
1189 2715 1250 2769 τὸ
1281 2715 1558 2787 μέθυσμα,
1589 2717 1685 2771 καὶ

86 2811 235 2879 μετὰ
261 2808 367 2879 τῆς
390 2808 851 2881 άπηγορευμένης
880 2809 1152 2879 μουσικῆς
1195 2808 1286 2861 τὸν
1316 2805 1458 2864 οἶνον
1498 2810 1682 2863 πίνον-

81 2920 203 2966 τες,
230 2901 331 2955 καὶ
360 2901 599 2973 θεάμασι
642 2902 741 2973 μὲν
768 2902 994 2965 ἀτόποις
1021 2902 1120 2964 τὰς
1151 2901 1303 2971 ὄψεις
1332 2901 1685 2972 ἐνασχολοῦν-

81 3012 203 3059 τες,
235 2995 356 3056 τοῖς
383 2993 441 3047 δὲ
462 2992 647 3063 ἔργοις
676 2993 882 3065 Κυρίου
916 2993 1211 3064 ἐμϐλέπειν
1237 2994 1311 3066 μὴ
1339 2993 1679 3065 ἀνεχόμενοι,

82 3086 178 3141 διὰ
196 3086 262 3140 τὸ
291 3086 565 3158 φιλήδονοι
594 3081 735 3140 εἶναι
761 3086 963 3157 μᾶλλον
991 3087 1023 3159 ἢ
1062 3086 1319 3156 φιλόθεοι,
1343 3088 1681 3159 αἰχμάλωτοι

1784 1901 1881 1956 est,
1918 1908 1977 1944 eo
2002 1891 2144 1960 quod
2184 1891 2285 1957 ipsi
2310 1907 2412 1944 non
2445 1894 2776 1960 cognoverint
2811 1892 3127 1946 Dominum:
3158 1902 3207 1947 et
3231 1893 3375 1948 mul-

1784 1983 1954 2037 titudo
1986 1994 2315 2036 mortuorum
2358 1982 2461 2049 fuit
2491 1993 2702 2051 prapter
2722 1982 2915 2051 famem
2955 1986 3128 2051 panis,
3153 1992 3205 2038 et
3232 1986 3375 2038 sitim

1784 2091 1951 2146 aqua.
1981 2074 2106 2128 llzec
2133 2075 2424 2129 secundum
2449 2073 2728 2127 historiam
2755 2074 2822 2128 de
2845 2082 3088 2144 tempore
3111 2085 3372 2130 extrema!

1784 2163 2094 2220 Judazorum
2122 2165 2420 2219 obsidionis
2443 2173 2668 2233 possunt
2689 2164 2980 2232 explicari;
3013 2165 3229 2233 quando
3250 2164 3376 2219 aliis

1785 2256 1840 2310 in
1858 2256 2227 2323 captivitatem
2256 2257 2523 2317 abductis,
2549 2255 2639 2309 alii
2663 2254 2807 2308 latine
2828 2265 2882 2309 et
2904 2255 2991 2310 siti
3018 2255 3370 2312 interierunt.

1785 2346 1854 2402 Et
1898 2362 2059 2403 causa
2120 2362 2223 2403 cur
2260 2349 2379 2403 haec
2436 2346 2638 2402 fuerint
2690 2334 2956 2416 perpessi,
2997 2346 3142 2401 clara
3188 2358 3273 2402 est
3318 2358 3375 2404 et

1785 2439 2096 2507 manifesta,
2146 2440 2287 2509 quod
2340 2440 2626 2494 Dominum
2666 2454 2789 2494 cum
2838 2439 2969 2508 ipsis
3008 2440 3374 2495 diversanteut

1786 2546 1891 2585 non
1947 2545 2266 2600 cognovere.
2309 2530 2491 2597 Quare
2525 2530 2927 2585 animadversio
2974 2529 3028 2584 in
3079 2530 3162 2584 his
3189 2529 3375 2585 verbis

1786 2633 2038 2678 contenta
2085 2624 2242 2678 nobis
2286 2624 2450 2679 etiam
2498 2633 2675 2692 potest
2717 2622 3140 2678 accommodari.
3174 2621 3371 2678 lstbaec

1793 2718 2044 2784 dicimus,
2060 2717 2200 2787 quod
2222 2718 2312 2787 qui
2328 2726 2711 2773 consectantur
2726 2717 2929 2772 ebrieta
2939 2725 3066 2781 tem,
3085 2716 3376 2786 vinumque

1786 2813 1851 2867 ad
1875 2811 2114 2866 musicos
2151 2821 2450 2866 concentus
2480 2811 2801 2866 interdiclos
2843 2809 3054 2874 bibunt,
3096 2809 3375 2865 et’oculcs

1785 2918 1913 2957 suos
1926 2911 2193 2971 occupant
2218 2902 2270 2955 in
2298 2901 2606 2970 spectandis
2632 2900 2879 2970 turpibus
2899 2899 3240 2969 spectaculis,
3268 2915 3372 2954 no-

1784 2994 2007 3063 luntque
2034 3008 2198 3063 Opera
2242 2991 2452 3048 Domini
2490 2993 2781 3062 reSpicere,
2827 3006 2894 3047 eo
2925 2992 3070 3062 quod
3122 2990 3373 3062 volupta-

1786 3096 1896 3140 tum
1929 3095 1985 3139 et
2012 3085 2328 3140 deliciarum
2374 3084 2548 3153 magis
2575 3100 2736 3153 quam
2792 3083 2882 3137 Dei
2928 3083 3037 3137 sint
3071 3091 3369 3148 amatores,

84 3179 338 3247 γίνονται
385 3156 479 3231 διαὶ
507 3156 810 3248 ὑποχείριοι
846 3180 961 3241 τοῖς
990 3156 1351 3243 υπεναντίοις.
1396 3156 1558 3233 itm
1586 3181 1681 3234 καὶ
1708 3156 1750 3214 C
1784 3178 1979 3246 captivi
2006 3177 2086 3230 lini

1817 3178 1979 3246 aplivi
2006 3177 2161 3243 llnnt,
2193 3186 2247 3231 et
2271 3176 2323 3229 in
2351 3176 2664 3229 servitutem
2690 3173 3007 3243 rediguntur
3038 3172 3105 3226 ab
3134 3173 3370 3227 intmicis

83 3270 301 3343 πλῆθος
337 3272 397 3325 ὲν
445 3272 630 3335 αὐτοῖς
680 3271 890 3344 νεκρῶν
941 3269 1174 3343 ἐγενήθη
1218 3271 1306 3325 διὰ
1354 3270 1533 3343 λιμὸν,
1586 3275 1681 3327 καὶ

86 3363 289 3427 ὓδατος
325 3362 581 3434 ἀπορίαν.
613 3363 677 3416 Ol
708 3362 815 3435 γάρ
855 3364 955 3436 τὴν
987 3363 1382 3418 ἐπιϐάλλουσαν
1423 3367 1546 3429 ταῖς
1574 3364 1679 3435 ψυ-

83 3460 215 3528 χαῖς
257 3456 471 3528 τροφὴν
514 3455 589 3528 μὴ
632 3456 1004 3527 προσιέμενοι,
1047 3457 1234 3530 νεκροὶ
1281 3458 1524 3526 γίνονται
1569 3460 1681 3522 τοῖς

84 3544 532 3618 παραπτώμασι.
561 3545 658 3599 καὶ
709 3548 757 3599 oi
799 3547 893 3600 ἐπὶ
943 3546 1133 3611 ὓδατος
1188 3548 1549 3610 ἀναπαύσεως
1605 3547 1680 3619 μὴ

83 3638 512 3711 ὲκτρεφόμενοι,
550 3637 685 3709 μηδὲ
722 3636 1012 3708 ζητοῦντες
1041 3640 1187 3691 πιεῖν
1235 3638 1295 3703 ἐξ
1341 3641 1548 3693 ἐκείνου
1583 3637 1680 3691 τοῦ

88 3734 290 3796 ὕδατος
323 3732 451 3803 περὶ
482 3725 542 3785 οὗ
572 3748 706 3801 φησι
736 3732 873 3802 πρὸς
899 3730 997 3801 τὴν
1027 3732 1360 3802 Σαμαρεῖτιν
1385 3732 1415 3784 ὁ
1449 3730 1679 3802 Κύριος,

85 3824 173 3877 ὅτι
203 3824 313 3887 Ὃς
344 3820 423 3875 ἂν
436 3821 546 3889 πίῃ
583 3820 654 3873 ἐκ
687 3820 792 3873 τοῦ
816 3820 1034 3886 ὕδατος
1053 3816 1125 3875 οὗ
1160 3819 1276 3889 ἐγὼ
1297 3819 1469 3873 δώσω
1499 3818 1679 3885 αὐτῷ,

83 3918 162 3971 οὐ
209 3914 301 3984 μὴ
349 3912 588 3982 διψήσῃ
621 3912 734 3983 (75)
755 3914 843 3978 είς
868 3912 976 3966 τὸν
1000 3910 1214 3966 αἰῶνα·
1248 3904 1395 3966 οὗτοι
1442 3912 1682 3981 γίνονται

84 4005 301 4078 νεκροί.
342 4006 542 4058 Ἀκουε
571 4004 703 4076 γὰρ,
732 4005 817 4058 ὄτι
845 4003 1049 4074 πλῆθος
1075 4004 1285 4076 νεκρῶν
1319 4004 1584 4075 ἐγενήθη,
1619 4004 1680 4058 οὐ

81 4097 177 4151 διὰ
207 4092 368 4167 λιμὸν
401 4094 582 4167 μόνον,
616 4094 755 4148 ἀλλὰ,
779 4095 875 4148 καὶ
911 4093 1000 4147 διὰ
1038 4094 1197 4164 δίψαν
1232 4093 1460 4157 ὓδατοςο
1493 4093 1682 4165 ἐπειδὴ

83 4189 189 4244 ἀπ’
214 4187 431 4241 ἐκείνου
457 4186 641 4241 ἔπινον
675 4187 767 4240 τοῦ
798 4186 1010 4250 ὓδατος,
1036 4181 1096 4240 οὗ
1122 4187 1218 4240 καὶ
1246 4189 1279 4257 ἡ
1310 4186 1643 4257 Σαμαρεῖτις
1664 4201 1679 4215 ’

89 4281 196 4342 Ὃς
211 4278 326 4350 γὰρ
341 4277 409 4331 ἂν
422 4278 541 4350 πίῃ,
568 4278 754 4350 φησὶν,
775 4280 840 4332 ὲκ
860 4276 955 4331 τοῦ
985 4275 1178 4340 ὕδατος
1206 4276 1439 4341 ἐκείνου,
1466 4277 1683 4347 διψήσει

83 4370 289 4426 πάλινο
327 4370 429 4423 οὐκ
453 4369 604 4424 ἔπιον
635 4371 692 4423 δὲ
722 4371 788 4424 ὲκ
814 4370 908 4423 τοῦ
939 4369 1133 4434 ὓδατος
1152 4366 1246 4422 τοῦ
1270 4368 1568 4440 ἁλλομένου
1602 4368 1685 4445 είς

86 4462 240 4535 ζωὴν
261 4460 503 4518 αἰώνιον.
523 4462 933 4535 Προτρεπτικὺν
956 4462 1013 4515 δὲ
1039 4462 1198 4516 τοῦτο
1220 4460 1314 4514 ἐπὶ
1340 4459 1436 4532 τὴν
1457 4459 1679 4528 γνῶσιν.

1780 3268 1915 3323 suis.
1949 3267 2088 3335 Quin
2127 3267 2290 3322 etiam
2324 3265 2466 3320 inter
2499 3264 2645 3334 ipsos
2678 3273 3011 3319 mortuorum
3045 3262 3146 3316 fuit
3189 3262 3371 3316 multi-

1782 3362 1931 3424 tudo,
1980 3368 2198 3431 propter
2251 3357 2449 3411 famem
2495 3364 2550 3410 et
2599 3354 2752 3424 aqtite
2796 3354 3100 3424 penuriam.
3150 3351 3367 3407 Etenim

1780 3469 1959 3509 escam
1999 3452 2282 3506 animabus
2330 3448 2739 3505 convenientem
2783 3446 2874 3517 qui
2924 3461 3030 3500 non
3069 3443 3366 3516 accipiunt,

1782 3546 2085 3599 moriuntur
2118 3558 2214 3613 per
2251 3550 2511 3610 peccata:
2547 3548 2603 3593 et
2639 3538 2728 3606 qui
2759 3552 2823 3591 ex
2858 3552 2997 3607 aqua
3048 3535 3366 3591 refectionis

1786 3636 1829 3667 ⁸³
1862 3650 1967 3690 non
1997 3637 2369 3698 enutriuntur,
2404 3645 2577 3700 neque
2609 3630 2676 3683 tle
2714 3628 2799 3682 illa
2834 3645 2971 3698 aqua
3007 3627 3192 3682 bibere
3219 3638 3368 3681 sata-

1781 3736 1933 3797 gunt,
1961 3726 2027 3780 de
2054 3735 2159 3794 qua
2190 3725 2401 3778 locutus
2427 3731 2509 3777 est
2538 3721 2796 3776 Dominus
2826 3720 2891 3773 ad
2923 3719 3323 3774 Samaritanam
3347 3732 3364 3773 :

1784 3817 1887 3884 Qui
1923 3817 2104 3879 biberit
2139 3832 2204 3870 ex
2233 3831 2370 3886 aqua
2404 3831 2560 3885 quam
2604 3830 2696 3884 ego
2727 3814 2863 3867 dabo
2897 3813 2968 3876 ei,
3000 3828 3102 3866 non
3136 3812 3276 3866 sitiet
3312 3812 3369 3865 in

1783 3921 2036 3964 aeternum
2073 3907 2151 3974 ¹³;
2185 3908 2237 3961 bi
2275 3906 2374 3976 ipsi
2412 3906 2607 3961 mortui
2646 3906 2800 3960 liunt.
2836 3906 2976 3959 Audi
3024 3905 3168 3960 enim
3223 3905 3368 3959 hanc

1784 4011 2121 4057 mortuorum
2159 3999 2552 4054 multitudinem
2589 3999 2877 4069 contigisse
2928 4014 3033 4052 non
3071 4000 3140 4054 ob
3166 3999 3366 4054 famem

1784 4094 1979 4155 solum,
2024 4092 2121 4147 sed
2157 4092 2320 4146 etiam
2376 4100 2597 4161 propter
2628 4106 2783 4160 aqua:
2827 4090 2996 4154 sitim,
3032 4104 3097 4145 eo
3125 4090 3269 4158 quod
3297 4091 3368 4145 ab

1783 4184 1874 4239 illa
1922 4183 2362 4249 biberentaqua,
2394 4180 2538 4235 unde
2583 4190 2640 4233 et
2683 4178 2847 4251 497
2893 4180 3090 4234 mulier
3117 4180 3207 4234 illa
3260 4181 3368 4235 Sa-

1784 4273 2051 4328 maritana
2108 4272 2363 4326 biberat;
2400 4269 2658 4340 Quisquis
2704 4274 2890 4336 enim,
2941 4270 3140 4340 inquit,
3172 4270 3371 4326 biberit

1783 4381 1848 4421 ex
1899 4364 1988 4419 illa
2042 4377 2215 4434 aqua,
2277 4363 2425 4417 sitiet
2458 4363 2650 4417 iterum
2697 4361 2770 4429 “;
2808 4363 2874 4416 de
2912 4378 3050 4432 aqua
3093 4372 3272 4417 autem
3314 4364 3367 4417 in

1785 4458 1952 4511 vitam
2004 4463 2260 4511 aeternam
2296 4453 2520 4509 saliente
2558 4454 2601 4486 "
2635 4468 2739 4507 non
2790 4453 3056 4511 biberant.
3102 4454 3369 4509 Caeterum

87 4520 156 4609 ίιίί
184 4520 299 4625 γὰρ
329 4554 420 4608 διὰ
466 4556 529 4609 τὸ
676 4520 898 4609 ἐἰδέναι
947 4554 1040 4608 τὸν
1091 4553 1297 4625 Κύριον
1342 4520 1680 4624 αἰχμάλωτοι
1714 4520 1760 4575 D
1788 4546 1843 4602 id
1906 4562 2005 4602 nos
2065 4548 2086 4601 i

1816 4549 1843 4602 τι
1906 4562 2005 4602 nos
2065 4547 2260 4601 invitat
2313 4545 2381 4599 ad
2436 4543 2848 4614 intelligentiam
2917 4546 3364 4614 comparandam.

86 4646 359 4716 γίνονται,
401 4646 673 4718 ζηλωτέον
714 4648 846 4718 ἡμῖν
884 4647 947 4701 τὸ
977 4646 1078 4717 τῆς
1108 4644 1365 4715 γνώσεως
1406 4644 1678 4716 χάρισμα.
1783 4639 1997 4694 Etenim
2033 4637 2086 4693 si.

1816 4639 1997 4694 itenitn
2033 4637 2100 4704 si,
2142 4647 2425 4708 propterea
2452 4639 2594 4707 quod
2629 4652 2736 4691 non
2775 4647 3143 4706 cognoverunt
3179 4638 3369 4692 Domi-

88 4739 251 4811 Τάχα
277 4738 337 4793 δὲ
370 4739 482 4811 (76)
516 4741 551 4812 ἠ
572 4739 777 4812 ἀληθὴς
806 4739 1074 4813 νέκρωσις
1099 4739 1160 4792 οὑ
1187 4738 1278 4792 διὰ
1306 4736 1463 4808 λιμὸν
1486 4736 1677 4809 ἄρτου,
1786 4746 1939 4796 num,
1990 4730 2086 4785 abd

1816 4746 1939 4796 ium,
1990 4730 2330 4785 abducuntur
2372 4729 2593 4798 captivi,
2653 4728 2810 4784 nobis
2853 4728 3034 4783 studio
3068 4729 3217 4781 omni
3268 4728 3368 4781 ad-

86 4831 215 4886 οὐδὲ
240 4830 335 4885 διά
358 4831 520 4901 δίψαν
550 4831 743 4896 ὓδατος
778 4830 969 4885 τούτου
990 4829 1086 4883 τοῦ
1108 4827 1390 4900 αἰσθητοῦ,
1430 4826 1566 4881 ἀλλὰ
1592 4824 1683 4879 διὰ
1784 4822 2064 4878 nitendum

1816 4822 2064 4878 litendum
2096 4832 2183 4877 est
2216 4830 2275 4875 ut
2298 4820 2666 4890 intelligentiae
2699 4819 3133 4889 cognitionisque
3164 4820 3367 4873 donum

86 4923 252 4997 λιμὸν
298 4924 394 4979 τοῦ
446 4923 678 4980 ἀκοῦσαι
725 4924 881 4995 λόγον
914 4923 1121 4995 Κυρίου
1167 4924 1290 4985 ταῖς
1317 4920 1519 4992 ψυχαῖς
1569 4917 1680 4972 τῶν
1785 4930 2086 4987 consequar

1816 4930 2205 4987 ,onsequamur.
2236 4913 2507 4970 Fortassis
2554 4923 2737 4968 autem
2790 4927 2939 4967 mors
2964 4925 3094 4965 vera
3141 4924 3248 4964 non
3296 4910 3368 4965 ob

167 5133 210 5165 η
245 5129 382 5199 Sap.
432 5142 531 5194 vn,
583 5124 775 5181 17-20.
850 5126 897 5157 ³⁸
940 5123 1085 5180 Psal.
1134 5121 1358 5187 xm,2.
1436 5121 1481 5154 ¹³
1513 5119 1668 5201 Joan.
1713 5133 1791 5185 IV,
1833 5117 1922 5171 15.
1999 5114 2044 5147 ³⁸

1833 5117 1922 5171 15.
1999 5114 2044 5147 ³⁸
2095 5114 2227 5169 ibid.
2305 5114 2347 5147 "
2383 5113 2514 5169 ibid.
2557 5113 2644 5168 14.

168 5285 283 5354 (Ἠ)
318 5281 538 5334 Veteres
554 5278 921 5350 aliquotlibri,
948 5279 977 5332 ὁ
1008 5275 1159 5349 περί.
1196 5274 1397 5330 Vocula
1429 5275 1458 5327 ὁ
1482 5274 1534 5328 in
1560 5273 1678 5329 edi-

93 5359 168 5413 tis
195 5354 556 5408 desideratur.

172 5425 265 5496 (7-2
316 5422 479 5480 Editi,
506 5418 692 5473 αὐτοῦ.
723 5418 793 5473 At
819 5433 950 5473 mss.
987 5416 1247 5486 quinque,
1279 5412 1496 5479 αὐτούς.

170 5424 287 5566 (75)
333 5492 555 5566 Antiqui
608 5501 744 5566 tres_
772 5489 917 5566 libri,
960 5488 1125 5566 ἄρτου
1173 5486 1269 5539 καὶ
1316 5484 1487 5555 δίψος.

1778 5271 2014 5339 quinque
2035 5283 2189 5331 mss.,
2216 5269 2379 5321 Ὥστε
2408 5268 2465 5323 δὲ
2489 5268 2599 5323 καί.
2628 5269 2793 5324 Abest
2819 5267 2876 5321 δέ
2900 5267 2980 5339 ab
3012 5267 3252 5323 excusis.

1850 5340 1965 5412 (75)
2025 5338 2165 5393 Editi
2219 5348 2285 5412 οι⁸
2315 5341 2444 5412 lleg.
2490 5341 2702 5412 tertius,
2740 5340 2801 5393 οὐ
2851 5338 2926 5410 μὴ
2978 5339 3215 5409 διψήσει.
3259 5337 3363 5393 Alii

446 5422 479 5503 ἓν
723 5416 1259 5503 Αὲ.ξ¹’ξ⁸ο.¹¹“ί“α“θι
1279 5412 1496 5503 αιέῖρύς·
1530 5485 1571 5503 ..
1776 5409 2239 5503 9.9it‘ai3‘.-.':'SE-_-.
2262 5409 2526 5503 διψήσει,
2560 5409 3365 5503 5!?9!!E'_':‘°.B"f_‘._3.99193“

333 5478 555 5557 Antiqui
608 5501 716 5544 tres
775 5489 917 5550 libri,
960 5478 1269 5558 ἄρτου’καὶ
1316 5478 1487 5555 δίψος.
1530 5484 1673 5558 Editi
1775 5478 2082 5535 Contbelisii

1816 5478 2398 5558 ombelisiincodex'ei
2438 5478 2526 5558 alii
2569 5492 2824 5558 quatuor,
2863 5478 3200 5558 dn‘__é_xalv_ou
3238 5478 3362 5558 fnu-

93 5549 281 5638 ἄρτοᾶ
316 5562 415 5617 καὶ
450 5549 639 5638 δίψαν·
668 5560 784 5638 _nbi
834 5549 1014 5638 notari
1068 5567 1265 5638 potest,
1329 5549 1515 5611 vocem
1568 5554 1671 5638 άρτ
1774 5568 1883 5614 νον,
1926 5566 2086 5618 neega

1816 5568 1883 5614 ›ν,
1926 5550 2223 5618 neegaliter
2250 5551 2456 5607 leaerat
2483 5552 2771 5621 interpres.
2798 5552 2867 5604 At
2905 5550 3059 5614 editi,
3099 5549 3200 5603 οὐκ
3236 5549 3362 5603 επι-

95 5627 195 5690 τὸυ
228 5647 408 5703 neque
450 5631 504 5684 in
528 5627 931 5703 iduobusaltis
984 5627 1282 5703 codicibus,
1315 5640 1491 5695 neque
1528 5628 1670 5696 apud
1778 5639 1868 5703 νον

97 5704 277 5782 LX},
301 5698 396 5782 an}
426 5702 567 5782 apud
604 5699 895 5782 Eusebium
919 5698 1168 5782 inveniri.

1847 5674 2167 5765 nasum,
2201 5690 2259 5746 δι
2297 5690 2413 5747 καί.
2450 5674 2658 5765 'Vocula
2692 5690 2787 5744 καί
2827 5691 2879 5748 in
2924 5690 3167 5765 quinque
3219 5705 3358 5750 mss.

171 5763 286 5847 (τι)
340 5763 569 5830 Codices
624 5779 755 5840 tres,
800 5767 1062 5859 ιγνωσαν.
1112 5767 1225 5826 Hoc
1270 5768 1387 5840 ipso
1437 5768 1490 5825 in
1546 5765 1667 5823 loco
1777 5763 1953 5821 dust.

1816 5763 1953 5821 «st.
