3808 6212
421 305 520 360 εει

1384 298 1727 354 APPENDIX
1766 298 2050 355 OPERUM
2093 300 2148 353 S.
2193 298 2439 354 BASH."
2482 298 2720 355 MAGNI.

3593 307 3698 360 59‘!

423 428 622 481 famem
682 421 866 492 panis,
927 435 1104 490 neque
1137 419 1206 474 ob
1255 407 1490 489 'liujusce
1535 421 1807 475 sensibilis
1855 437 2004 491 aqua:

2113 421 2359 490 ἀνηκόων
2398 421 2692 489 ἐγγίνεται.
2727 423 2808 474 Οὐ
2834 420 2940 491 γὰρ
2962 421 3054 473 ἐπ’
3075 420 3229 490 ἄρτῳ
3258 423 3424 490 μόνῳ
3446 422 3568 494 (77)
3599 424 3699 492 ζή-

431 516 602 581 εἰιίιιῖ,
632 516 724 568 sed
760 523 984 581 propter
1032 513 1227 567 famem
1250 512 1512 566 audiendi
1543 513 1767 567 verbum
1802 513 2012 568 Domini

426 609 491 673 '°,
529 609 581 662 in
627 620 815 661 eorum
847 605 940 674 qui
977 619 1082 660 non
1116 605 1662 660 auscultantanimas
1702 617 2005 676 grassatur.

422 696 551 750 Non
582 697 724 750 enim
754 697 809 748 in
830 711 964 765 pane
996 694 1106 749 solo
1128 696 1255 748 vivet
1284 697 1457 757 homo,
1491 697 1580 749 sed
1606 696 1668 749 in
1697 698 1838 751 omni
1859 698 2014 751 verba

418 788 562 856 quod
593 785 828 854 procedit
855 789 919 840 de
969 802 1059 838 ore
1084 785 1176 840 Dei
1194 786 1266 839 4".
1299 785 1381 840 Ob
1405 787 1544 841 hanc
1567 801 1792 842 causam
1829 787 2014 842 Domi-

421 896 518 933 nus
568 895 673 932 non
721 879 1002 948 interﬁciat
1034 880 1173 947 fame
1223 881 1431 933 animas
1472 880 1742 949 justorum
1791 881 1856 948 ιθ,
1909 892 2011 938 et:

416 969 615 1023 Junior
641 969 761 1039 fui:
790 971 980 1025 etenim
1022 971 1198 1035 senui,
1229 981 1277 1024 et
1309 987 1414 1024 non
1431 973 1541 1026 uidi
1565 972 1774 1040 justum
1821 973 2015 1026 dereli-

415 1070 558 1112 ctum
584 1101 598 1129 ,
646 1077 737 1113 nec
781 1077 956 1114 semen
1010 1061 1124 1130 ejus
1165 1077 1405 1128 quaerens
1435 1078 1594 1129 panes
1645 1065 1722 1127 ¹⁹;
1755 1072 1807 1116 et
1839 1081 1852 1117 :
1885 1061 2015 1116 Filii

422 1151 644 1204 thalami
702 1151 979 1220 nuptialis,
1029 1153 1265 1220 quandiu
1313 1169 1431 1205 cum
1482 1154 1586 1207 illis
1651 1163 1725 1206 est
1768 1169 2008 1222 sponsus.

417 1257 521 1296 non
550 1250 770 1312 possunt
807 1242 1058 1312 jejunare
1106 1244 1174 1298 ²⁰.
1214 1244 1313 1300 Ubi
1359 1256 1539 1300 autem
1589 1244 1764 1301 fames
1793 1255 1848 1301 et
1893 1248 2014 1302 sitis

420 1345 761 1404 grassantur,
787 1336 860 1389 ibi
885 1351 1104 1407 quoque
1139 1353 1304 1392 mors.
1337 1337 1675 1408 Quapropter
1705 1355 1774 1394 ne
1809 1353 2003 1409 perea-

424 1442 547 1481 mus
577 1426 740 1492 fame,
777 1430 1054 1484 caelestem
1091 1433 1476 1500 conquiramus
1501 1447 1719 1502 panem,
1748 1444 1803 1488 et
1828 1449 1894 1489 ne
1917 1435 2006 1489 siti

418 1520 739 1587 aduramur,
765 1520 1102 1590 inquiramus
1133 1539 1328 1592 aquam
1358 1523 1503 1577 illam
1526 1525 1592 1580 de
1616 1541 1720 1594 qua
1751 1527 2010 1583 Dominus

418 1612 591 1666 dixit:
633 1611 692 1667 Si
719 1615 833 1682 quis
863 1615 1055 1666 biberit
1080 1632 1144 1668 ea:
1171 1633 1310 1684 aqua
1341 1616 1437 1671 illa
1462 1633 1619 1684 quam
1653 1635 1744 1688 ego
1773 1619 1910 1674 dabo
1936 1622 2009 1685 ei,

418 1721 522 1757 non
551 1705 692 1758 sitiet
725 1707 778 1758 in
803 1713 1058 1760 wteruum
1087 1708 1156 1760 ¹¹.

2115 527 2285 566 σεται
2329 511 2658 579 ἄνθρωπος,
2689 513 2849 566 ἀλλὰ
2889 511 2988 564 ἐπὶ
3034 513 3212 565 παντὶ
3251 512 3475 581 ῥήματι
3519 515 3701 569 ἐκπο-

2104 600 2413 670 ρευομένῳ
2439 600 2538 653 διὰ
2565 603 2862 670 στόματος
2892 600 3061 655 Θεοῦ.
3102 601 3200 655 Διά
3229 601 3386 655 τοῦτο
3421 604 3509 656 Οὐ
3531 607 3701 672 λιμο-

2115 692 2403 762 κτονήσει
2440 695 2658 761 Κύριος
2693 693 2898 762 ψυχὰς
2943 693 3218 746 δικαίων·
3253 694 3369 759 καὶ,
3396 693 3702 764 Νεώτερος

2113 786 2408 855 ἐγενόμην
2425 801 2438 814 °
2467 784 2566 837 καὶ
2591 785 2699 854 γὰρ
2717 782 3007 854 ἐγήρασα,
3026 783 3124 837 καί
3143 785 3254 838 οὐκ
3273 785 3437 838 εἶδον
3463 785 3702 839 δίκαιον

2114 877 2747 947 ἐγκαταλελειμμένον,
2764 877 2907 931 οὐδὲ
2927 877 2992 930 τό
3018 877 3256 947 σπέρμα
3273 877 3461 932 αὑτοῦ
3481 873 3702 946 ζητοῦν

2114 970 2365 1038 ἅρτους’
2425 971 2539 1032 καὶ,
2575 973 2636 1022 Ol
2683 968 2801 1023 viai
2851 969 2957 1022 τοῦ
3001 968 3340 1037 νυμφῶνος,
3389 969 3546 1022 ὅσοι⁸
3570 969 3700 1038 μετ’

2112 1063 2311 1118 αὐτῶν
2339 1064 2512 1117 ἐστιν·
2547 1065 2580 1117 ό
2611 1062 2892 1131 νυμφίος,
2920 1063 2992 1115 οὐ
3013 1061 3301 1115 δύνανται
3351 1062 3698 1128 νηστεύειν.

2115 1156 2292 1209 ’Ὅπου
2328 1155 2386 1208 δὲ
2423 1156 2601 1226 λιμὸς,
2632 1155 2725 1208 καὶ
2756 1153 2903 1223 δίψα,
2937 1155 3054 1206 ἐκεῖ
3074 1153 3223 1224 καὶὴ
3257 1152 3548 1223 νεκρότης.
3580 1153 3705 1205 Ἵνα
3765 1163 3768 1168 ”

2113 1244 2205 1301 οὖν
2263 1246 2337 1318 μὴ
2375 1242 2876 1317 λιμοκτονηθῶμεν,
2929 1241 3254 1314 ζητήσωμεν
3279 1241 3370 1294 τὸν
3411 1242 3580 1310 ἄρτον
3604 1241 3700 1293 τὸν

2112 1339 2433 1408 ἐπουράνιον
2467 1337 2600 1408 (78),
2621 1335 2755 1407 μηδὲ
2774 1333 2851 1404 τῷ
2885 1333 3504 1404 δίψεικαταφρυγῶμεν,
3532 1332 3702 1403 ζητή-

2115 1449 2295 1502 σωμεν
2319 1429 2536 1502 τδῦδωρ
2560 1433 2688 1501 περὶ
2721 1423 2780 1483 οὗ
2804 1425 2957 1481 εἶπεν
2987 1430 3015 1481 6
3046 1427 3271 1498 Κύριος,
3307 1428 3390 1480 ὅτι
3436 1425 3583 1481 Ἐάν
3607 1443 3702 1492 τις

2113 1527 2219 1593 πίῃ
2246 1525 2315 1577 ἐκ
2344 1523 2449 1577 τοῦ
2480 1524 2699 1589 ὕδατος
2735 1517 2807 1578 οὗ
2838 1522 2953 1592 ἐγὼ
2981 1521 3154 1575 δώσω
3181 1521 3362 1587 αὐτῷ,
3389 1523 3462 1575 οὐ
3489 1520 3579 1590 μὴ
3610 1519 3699 1573 δι-

2107 1615 2285 1685 ψήσῃ
2306 1619 2393 1682 εὶς
2418 1616 2526 1670 τὸν
2553 1613 2758 1670 αἰῶνα.

412 1821 415 1842 ε
488 1794 611 1851 166.
647 1797 809 1852 Vens.
848 1797 938 1864 14,
973 1799 1060 1853 15.
1113 1799 1180 1852 Et
1222 1801 1463 1854 dilatavit
1507 1802 1746 1870 iafernus
1777 1803 2004 1856 animum

2184 1793 2304 1847 166.
2326 1792 2439 1847 Καὶ
2459 1795 2800 1849 ἐπλάτυνεν
2834 1799 2867 1850 ό
2906 1794 3056 1864 ᾅδης
3094 1795 3211 1864 τὴν
3244 1795 3461 1864 ψυχὴν
3502 1796 3698 1851 αὑτοῦ

415 1904 588 1956 suam,
637 1899 688 1942 et
717 1891 918 1959 aperuit
949 1908 1006 1945 os
1034 1908 1207 1958 suum,
1243 1902 1298 1946 ut
1346 1911 1449 1948 non
1478 1905 1658 1947 cesset.
1689 1894 1756 1947 Et
1793 1896 2004 1948 descen-

416 1986 537 2038 dent
577 1984 783 2054 inclyti,
817 1995 862 2038 et
897 1987 1096 2056 magni,
1128 1997 1172 2039 et
1205 1988 1415 2051 divites,
1454 1997 1502 2040 et
1542 1988 1838 2056 pestilentes
1864 1988 2003 2056 ejus,

416 2086 463 2128 et
491 2077 581 2144 qui
621 2076 851 2128 exsultat
878 2077 934 2130 in
975 2094 1057 2135 ea.
1091 2076 1155 2131 Et
1181 2078 1547 2132 ltumiliabitur
1569 2080 1742 2145 homo,
1777 2092 1824 2134 et
1852 2085 2008 2135 dede-

415 2168 680 2220 corabitur
709 2169 811 2232 vir,
845 2177 890 2222 et
915 2168 1056 2223 oculi
1087 2169 1337 2224 sublimes
1367 2170 1809 2225 humiliabuntur.
1841 2172 2006 2228 Nobis

415 2268 475 2314 ut
500 2269 726 2330 poneret
752 2261 822 2314 ob
854 2262 1041 2315 oculos
1071 2262 1345 2331 ingentem
1381 2266 1718 2332 pereuntium
1764 2266 2004 2320 multitu-

414 2352 619 2417 dinem,
650 2351 920 2407 infernum
950 2351 1238 2407 allirmavit
1266 2369 1327 2408 os
1351 2369 1506 2408 suum
1532 2356 1774 2411 dilatare.
1804 2358 2005 2425 Quem-

413 2443 704 2497 admodum
761 2442 876 2497 lieri
947 2443 1083 2498 solet
1153 2443 1208 2497 in
1266 2445 1596 2499 animalibus
1635 2485 1651 2510 ,
1715 2461 1836 2516 quae
1895 2461 2006 2516 prie

415 2533 615 2602 ingenti
644 2533 789 2588 fame
835 2542 889 2588 ct
928 2534 1104 2588 inedia
1135 2549 1318 2588 escam
1356 2535 1514 2589 avide
1553 2536 1791 2605 rapiunt,
1842 2545 2006 2607 atque

414 2638 554 2678 escae
585 2623 851 2677 inhiantia
889 2638 952 2679 os
993 2623 1258 2677 dilatant:
1293 2623 1392 2689 ita,
1448 2625 1652 2695 inquit,
1680 2635 1735 2679 et
1764 2626 2006 2682 infernus

414 2731 477 2770 os
507 2730 664 2770 suum
689 2713 921 2770 reddere
950 2714 1128 2770 dictus
1163 2723 1246 2769 est
1274 2716 1506 2785 amplius
1533 2725 1696 2786 atque
1723 2718 2001 2787 capacius.

416 2806 673 2862 Fortasse
704 2813 884 2860 autem
915 2807 1071 2860 nobis
1101 2806 1192 2860 hic
1219 2822 1402 2862 sermo
1428 2807 1633 2864 indicat
1654 2825 1999 2865 communem

415 2897 704 2967 quemdam
738 2897 910 2951 locum
938 2898 1026 2967 qui
1064 2899 1132 2952 sit
1164 2899 1214 2952 in
1262 2899 1470 2954 intimis
1495 2909 1655 2955 terrm
1694 2903 1996 2959 visceribus

416 2989 732 3053 collocatus,
769 2988 948 3058 sitque
987 2990 1254 3044 obscurus
1293 2993 1360 3045 ab
1388 2993 1535 3045 omni
1577 3004 1729 3062 parte
1762 3004 1817 3049 et
1851 3005 1998 3051 tene-

415 3082 630 3146 brosus,
661 3082 845 3138 sedem
869 3096 989 3137 esse
1015 3081 1234 3143 inferni,
1262 3083 1528 3154 docetque
1561 3085 1722 3155 forte,
1752 3086 2000 3144 foramen

415 3173 682 3241 quoddam
735 3173 802 3227 ad
838 3181 999 3227 terra:
1050 3187 1287 3228 concava
1337 3177 1664 3247 pertingere,
1712 3195 1810 3250 per
1851 3182 1999 3250 quod
2027 3160 2070 3217 (ἶ

417 3265 706 3320 animabus
758 3265 824 3319 ad
858 3265 1236 3334 gravissimam
1273 3281 1490 3335 pmnam
1529 3269 1800 3325 damnatis
1852 3282 2002 3340 patet

416 3361 739 3413 descensus:
775 3359 918 3426 quod
945 3356 1214 3424 foramen,
1264 3366 1321 3412 ut
1353 3359 1526 3415 valeat
1578 3363 1856 3432 suscipere
1885 3364 2005 3418 uni-

414 3465 649 3517 versos,
706 3453 777 3507 ob
828 3467 1016 3507 eorum
1077 3454 1170 3522 qui
1228 3453 1501 3509 intereunt
1557 3453 1952 3509 multitudinem
1985 3495 2000 3516 ,

414 3543 647 3612 amplius
693 3543 768 3596 ait
821 3557 944 3597 esse
996 3541 1198 3598 factum
1258 3559 1324 3599 ac
1366 3544 1549 3599 latius.
1602 3543 1790 3614 Neque
1857 3547 2002 3601 enim

415 3633 615 3687 animal
654 3633 922 3703 quoddam
959 3645 1044 3689 est
1069 3635 1335 3699 infernus,
1380 3651 1554 3706 neque
1584 3647 1824 3707 potestas
1853 3655 2002 3709 qum-

415 3727 541 3780 dam
575 3727 803 3782 mortuis
837 3727 1117 3796 prml'ecta,
1139 3727 1294 3796 juxta
1325 3727 1627 3782 fabulosum
1658 3729 2002 3784 ethnicorum

415 3826 805 3872 commentum.
844 3817 907 3872 lli
954 3819 1116 3889 igitur
1144 3829 1432 3889 propterea
1476 3821 1620 3889 quod
1666 3835 1771 3874 non
1801 3837 2002 3889 cogno-

414 3909 589 3964 verint
627 3909 912 3964 Dominum
939 3950 956 3975 ,
997 3911 1050 3964 in
1083 3912 1455 3981 captivitatem
1488 3913 1693 3967 redacti
1721 3952 1737 3979 ,
1771 3922 1824 3967 et
1863 3914 2004 3968 fame

415 4015 480 4054 ac
505 4001 594 4055 siti
633 4001 932 4071 spiritualis
983 4002 1224 4056 alimenti
1287 4015 1706 4070 marcescentes,
1748 4020 1870 4060 cum
1915 4005 2003 4061 in-

415 4092 573 4161 clytis
604 4102 658 4147 et
687 4096 896 4163 magnis
924 4104 981 4148 et
1009 4095 1266 4150 divitibus
1292 4106 1348 4150 et
1379 4097 1753 4166 pestilentibus
1778 4101 2004 4156 descen-

413 4183 550 4238 dunt
579 4183 633 4237 in
666 4183 960 4238 infernum.
989 4184 1129 4240 Sunt
1153 4197 1336 4242 autem
1361 4190 1463 4244 tria
1487 4203 1608 4258 quae
1630 4192 2004 4260 peccatoribus

415 4278 774 4345 intentantur;
797 4279 1109 4349 captivitas,
1128 4295 1294 4346 mors,
1315 4282 1613 4339 descensus
1636 4285 1689 4340 in
1709 4283 2000 4340 infernum.

415 4368 718 4438 Captivitas
743 4371 962 4439 quidem
994 4372 1108 4442 ipse
1138 4382 1264 4426 esta
1288 4373 1511 4441 pristina
1534 4376 1645 4429 vita
1674 4375 1877 4445 lapsus,
1909 4395 2004 4446 per

415 4461 599 4515 dolum
649 4460 1004 4532 fraudemque
1054 4464 1302 4529 inimici,
1350 4465 1443 4534 qui
1496 4481 1593 4522 nos
1645 4468 1712 4522 de
1761 4471 2000 4536 paradisi
2037 4504 2078 4559 Β

417 4553 746 4609 beatitudine
773 4555 1120 4611 deturbavit:
1154 4571 1301 4612 mors
1335 4573 1469 4614 vero
1505 4559 1833 4615 abalienatio
1864 4573 1944 4615 est
1971 4577 2000 4615 a

417 4658 689 4717 praecepto
719 4649 886 4702 vitam
944 4649 1249 4719 largiente:
1308 4651 1602 4708 descensus
1651 4654 1881 4724 denique
1934 4655 2000 4708 ad

417 4738 711 4801 infernum,
759 4750 843 4795 est
873 4756 901 4794 a
949 4742 1058 4797 Deo
1102 4743 1397 4812 separatio,
1442 4760 1562 4813 quae
1600 4745 1669 4799 ob
1712 4746 1998 4814 plurimam

415 4841 762 4900 peccatorum
785 4835 1091 4904 congeriem
1122 4845 1177 4889 et
1202 4833 1563 4903 affectionem,
1587 4836 1754 4909 498
1790 4853 2001 4892 summo

415 4925 559 4979 bono
621 4924 1002 4981 adversantem
1056 4928 1347 5000 contingit.
1403 4929 1538 4984 Nam
1585 4933 1850 5002 utjustus
1903 4948 2007 4988 una

417 5032 542 5069 cum
589 5015 808 5071 Christo
845 5018 958 5086 jam
995 5023 1361 5089 consurrexit,
1399 5033 1562 5091 atque
1603 5040 1705 5077 una
1737 5040 1859 5078 cum
1893 5025 2010 5095 ipso

416 5108 557 5163 sedit
605 5108 658 5161 in
712 5109 1061 5166 etelestibus:
1117 5112 1191 5166 ita
1241 5112 1472 5182 iniustus
1517 5115 1628 5182 jam
1670 5116 1915 5185 captivus
1945 5127 2000 5171 et

490 5225 533 5257 "
553 5213 717 5282 Aluos
755 5243 874 5291 vm,
914 5230 1002 5285 ll.
1081 5230 1122 5260 ¹⁷
1154 5228 1341 5285 Matth.
1383 5248 1455 5299 iv,
1492 5233 1544 5286 4.
1626 5234 1667 5264 ¹⁸
1700 5233 1857 5287 Prov.
1884 5251 1937 5302 χ,
1968 5236 2020 5290 '5.

489 5382 600 5455 (77)
624 5383 854 5455 Antiqui
894 5395 1003 5439 tres
1031 5385 1177 5446 libri,
1214 5385 1395 5455 μόνον.

488 5453 841 5527 (78))ἐιθῖθε
859 5457 966 5527 duo
1003 5457 1146 5520 libri,
1165 5453 1326 5527 ἄρτον
1355 5457 1446 5508 τὸν
1485 5456 1784 5527 ἐπιούσιον,
1808 5475 1999 5525 panem

416 5526 805 5598 quotidianum.
853 5526 1016 5580 Paulo
1043 5540 1163 5596 post
1203 5526 1355 5594 editi,
1403 5527 1430 5579 6
1468 5526 1584 5594 ἐγώ.
1639 5530 1708 5583 At
1756 5531 1997 5598 quinque

416 5588 573 5664 mss”
602 5588 661 5664 οὗ
699 5594 826 5664 ἐγώ.

489 5662 781 5743 ς’ἵθῌιιιιίί,
803 5667 898 5718 καὶ
923 5666 1384 5743 ό-ἀγαλλιὼμενος
1413 5687 1469 5722 εν
1503 5671 1662 5741 αὐτῇ,
1701 5681 1749 5724 et
1781 5673 1872 5743 qui
1903 5690 1992 5730 ea:-

415 5733 578 5788 sultat
604 5735 654 5787 in
682 5753 761 5798 ea,
796 5741 931 5806 apud
968 5733 1107 5791 LXX
1129 5733 1467 5809 nequaquam
1506 5733 1719 5812 legitur.

2111 1885 2209 1937 καὶ
2259 1883 2523 1950 διήνοιξε
2555 1887 2620 1939 τὸ
2647 1887 2842 1955 στόμα
2882 1887 3090 1951 αὐτοῦ,
3127 1887 3232 1940 τοῦ
3254 1886 3341 1955 μὴ
3370 1887 3695 1941 διαλιπεῖν.

2107 1977 2219 2031 Καὶ
2253 1959 2694 2047 καταϐήσονται
2715 1982 2768 2031 οί
2805 1979 3064 2043 ἔνδοξοι,
3092 1978 3189 2032 καὶ
3225 1981 3278 2031 oi
3304 1978 3576 2049 μεγάλοι,
3596 1980 3697 2034 καὶ

2109 2076 2161 2126 οἱ
2186 2073 2494 2134 πλούσιοι,
2535 2072 2634 2125 καὶ
2654 2075 2708 2124 oi
2736 2072 2934 2141 λοιμοὶ
2976 2069 3186 2139 αὐτῆς,
3212 2071 3308 2125 καὶ
3329 2075 3362 2125 ὁ
3391 2071 3695 2139 ἀγαλλιώ-

2103 2181 2289 2233 μενος
2333 2166 2402 2218 ἐν
2423 2163 2578 2233 αὐτῇ
2609 2165 2743 2236 (79).
2779 2167 2891 2220 Καὶ
2929 2165 3435 2233 ταπεινωθήσεται
3465 2164 3693 2232 ἅνθρω-

2108 2276 2242 2325 πος,
2271 2258 2370 2311 καὶ
2401 2258 2879 2328 ἁτιμασθήσεται
2903 2258 3080 2326 ἀνὴρ,
3109 2258 3206 2311 καί
3237 2261 3292 2311 οἱ
3313 2258 3612 2326 ὀφθαλμοὶ
3635 2261 3692 2312 οἱ

2101 2345 2382 2414 μετέωροι
2437 2345 3008 2413 ταπεινωθήσονται.
3058 2347 3176 2399 Ἵνα
3234 2347 3295 2399 τὸ
3354 2347 3516 2418 ἁδρὸν
3583 2348 3691 2402 τῶν

2106 2437 2490 2507 ἀπολλυμένων
2537 2439 2566 2490 6
2619 2438 2775 2507 λόγος
2807 2441 2942 2510 ἡμῖν
2987 2440 3335 2510 παραστήσῃ.
3396 2439 3690 2495 πλατύνειν

2105 2528 2208 2600 ἔφη
2241 2528 2332 2581 τὸν
2362 2529 2495 2601 ᾅδην
2520 2530 2582 2582 τὸ
2610 2531 2785 2601 στόμα
2806 2530 2992 2584 αὑτοῦ.
3029 2532 3239 2601 Ὥσπερ
3265 2532 3484 2585 ἐπὶτῶν
3509 2533 3686 2600 ζώων,

2104 2623 2202 2675 ὅσα
2240 2621 2458 2692 λάϐρως
2503 2623 2608 2675 ὑπὸ
2643 2624 2845 2694 πολλῆς
2898 2627 3106 2688 ἐνδείας
3143 2627 3242 2697 τὴν
3284 2627 3489 2697 τροφὴν
3535 2627 3688 2697 διαρ-

2104 2712 2289 2777 πάζει,
2337 2714 2431 2766 κα).
2489 2714 2746 2768 πλατύνει
2788 2716 2849 2767 τὸ
2900 2716 3075 2785 στόμα
3122 2717 3562 2787 περιτεινόμενον
3617 2720 3686 2789 τῇ

2100 2807 2312 2876 τροφῇ·
2344 2805 2507 2868 οὕτω,
2539 2808 2691 2876 φησὶ,
2729 2809 2820 2859 καὶ
2853 2808 2881 2859 6
2912 2807 3048 2877 ᾇδης
3080 2807 3140 2859 τὸ
3173 2807 3368 2860 ἑαυτοῦ
3394 2809 3571 2878 στόμα
3596 2811 3688 2862 εὑ-

2104 2897 2474 2970 ρυχωρότερον
2515 2902 2686 2952 ποιεῖν
2713 2901 2953 2971 εἴρηται.
2994 2900 3148 2970 Τάχα
3193 2901 3249 2953 δὲ
3279 2904 3410 2972 ἡμῖν
3456 2902 3485 2953 6
3530 2902 3690 2970 1670;

2102 2991 2436 3045 ἐνδείκνυται
2489 2992 2666 3045 κοινόν
2706 3009 2828 3045 τινα
2865 2993 3032 3047 τόπον
3079 2997 3138 3047 ἐν
3171 2994 3247 3065 τῷ
3278 2995 3539 3064 ὲσωτάτῳ
3591 2995 3689 3064 τῆς

2103 3083 2228 3154 γῆς,
2265 3085 2514 3137 ἐπίσκιον
2539 3085 2896 3154 πανταχόθεν,
2936 3086 3032 3140 καὶ
3060 3087 3308 3157 ἀλαμπῆ,
3341 3086 3402 3139 τὸ
3437 3087 3531 3140 τοῦ
3559 3087 3690 3158 ᾅδου

2105 3175 2304 3245 χωρίον
2339 3171 2513 3228 εἶναι·
2559 3176 2778 3246 στόμιον
2817 3177 2875 3230 δέ
2911 3195 2964 3230 τι
3009 3178 3102 3231 ἐπὶ
3139 3178 3208 3232 τὰ
3235 3179 3390 3232 κοῖλα
3423 3180 3692 3249 καθῆκον,

2104 3265 2172 3319 δι’
2201 3262 2262 3322 οὗ
2294 3269 2392 3339 τὴν
2437 3267 2663 3322 κάθοδον
2706 3263 2846 3321 εἶναι
2877 3271 2998 3332 ταῖς
3039 3271 3176 3341 πρὸς
3238 3271 3302 3323 τὸ
3341 3274 3521 3342 χεῖρον
3559 3290 3695 3325 κατ-

2106 3361 2478 3430 εγνωσμέναις
2508 3361 2725 3430 ψυχαῖςο
2757 3360 2786 3412 ὃ
2809 3360 2898 3413 διὰ
2921 3362 2982 3414 τὸ
3009 3362 3210 3433 πλῆθος
3230 3362 3338 3415 τῶν
3377 3363 3694 3434 ἀπολλυμέ-

2106 3466 2234 3512 νων,
2255 3448 2395 3502 ὦστε
2428 3450 2791 3516 ὑποδέξασθαι
2825 3453 3056 3519 πάντας,
3088 3453 3528 3526 εὐρυχωρότερόν
3557 3472 3695 3524 φησι

2106 3542 2458 3612 γεγενῆσθαι.
2497 3543 2572 3596 Οὐ
2605 3544 2712 3617 γὰρ
2739 3544 2803 3616 δὴ
2828 3545 2966 3608 ζῶόν
3001 3563 3052 3598 τι
3082 3548 3109 3598 6
3130 3545 3280 3617 ᾅδης,
3307 3545 3428 3598 οὐδὲ
3459 3546 3695 3617 δύναμίς

2105 3652 2189 3699 τις
2218 3635 2617 3706 ἐπιτεταγμένη
2665 3635 2779 3705 (80)
2812 3639 2924 3700 τοῖς
2955 3637 3379 3708 ἀποθνήσκουσι,
3412 3641 3554 3692 κατά
3591 3641 3695 3710 τὴν

2109 3727 2428 3798 μυθοποιίαν
2457 3727 2566 3779 τῶν
2595 3726 2812 3792 ἔξωθεν.
2843 3730 2907 3781 Οἱ
2945 3724 3039 3782 οὖν
3070 3729 3159 3782 διά
3180 3731 3242 3783 τὸ
3272 3731 3346 3803 μὴ
3379 3732 3576 3785 εἰδέναι
3599 3733 3695 3788 τὸν

2106 3821 2331 3890 Κύριον,
2386 3818 2721 3890 αἰχμάλωτοι
2752 3821 3058 3892 γενόμενοι,
3103 3824 3196 3876 καὶ
3229 3823 3373 3896 λιμῷ
3402 3828 3496 3880 καὶ
3543 3827 3694 3895 δίψει

2105 3913 2204 3980 τῆς
2249 3912 2624 3982 πνευματικῆς
2655 3913 2862 3984 τροφῆς
2901 3915 3229 3980 ἐκτακέντες
3277 3917 3409 3988 (81),
3445 3921 3528 3982 είς
3556 3919 3692 3990 ᾅδου

2106 4007 2518 4070 καταϐαίνουσι,
2555 4009 2694 4078 μετὰ
2720 4009 2828 4063 τῶν
2857 4009 3102 4076 ἐνδόξων,
3152 4012 3248 4064 καὶ
3279 4011 3552 4082 μεγάλων,
3593 4014 3694 4068 καὶ

2106 4099 2400 4164 πλουσίων,
2445 4101 2537 4153 καὶ
2583 4100 2807 4171 λοιμῶν.
2847 4103 2986 4173 Τρία
3009 4105 3066 4157 δέ
3112 4105 3228 4157 ἐστι
3281 4105 3349 4158 τὰ
3380 4107 3509 4177 περὶ
3558 4110 3693 4173 τοὺς

2107 4195 2518 4265 ἁμαρτάνοντας
2552 4194 2931 4266 ἀπειληθέντα·
2960 4197 3326 4268 αἰχμαλωσία,
3366 4201 3459 4252 καὶ
3482 4199 3693 4272 νέκρω-

2107 4304 2212 4350 σις,
2242 4288 2337 4341 καὶ
2373 4290 2453 4351 είς
2478 4287 2604 4358 ᾂδου
2623 4288 2866 4352 κάθοδος.
2896 4290 3253 4360 Αίχμαλωσία
3284 4291 3385 4362 μὲν
3417 4294 3526 4365 γάρ
3541 4296 3692 4347 ἐστιν

2105 4380 2138 4448 ἡ
2181 4379 2288 4432 ἀπὺ
2319 4380 2417 4451 τῆς
2455 4382 2876 4452 προηγουμένης
2927 4381 3073 4452 ζωῆς
3120 4385 3494 4450 κατάπτωσις,
3550 4387 3689 4440 κατά

2106 4470 2319 4542 ἀπάτην
2353 4471 2448 4524 τοῦ
2505 4473 2702 4544 ἐχθροῦ
2760 4474 3126 4544 ὑπεξάγοντος
3158 4477 3259 4547 τῆς
3290 4479 3348 4530 ἐν
3379 4479 3457 4547 τῷ
3511 4497 3689 4550 παρα-

2109 4560 2270 4632 δείσῳ
2307 4565 2737 4635 μακαριότητος·
2775 4566 3044 4638 νέκρωσις
3084 4568 3165 4632 δὲ,
3197 4572 3230 4639 η
3275 4571 3372 4641 τῆς
3419 4571 3688 4635 ζωοποιοῦ

2108 4653 2328 4724 ἐντολῆς
2375 4655 2730 4728 ἀλλοτρίωσις
2752 4675 2765 4688 ο
2799 4660 2878 4723 είς
2912 4660 3039 4731 ᾅδου
3084 4661 3141 4714 δὲ
3189 4662 3514 4728 κατάϐασις,
3547 4666 3577 4717 6
3601 4665 3686 4719 διὰ

2105 4748 2204 4818 τὴν
2238 4748 2436 4818 πολλὴν
2464 4750 2566 4820 τῆς
2593 4751 2870 4823 ἁμαρτίας
2898 4752 3076 4823 χύσιν,
3107 4755 3200 4809 καὶ
3217 4756 3314 4826 τὴν
3333 4757 3580 4810 ἐναντίαν
3611 4757 3686 4829 τῷ

2105 4839 2293 4912 ἀγαθῷ
2328 4841 2439 4911 (82)
2469 4841 2728 4907 διάθεσιν,
2759 4844 2866 4897 ἀπὸ
2911 4845 3046 4898 Θεοῦ
3074 4847 3356 4918 γινόμενος
3385 4852 3685 4922 χωρισμός.

2105 4933 2316 5004 Ὥσπερ
2349 4934 2458 5005 γὰρ
2495 4936 2524 4987 ὁ
2557 4934 2766 5000 δίκαιος
2807 4937 2908 5008 ἤδη
2958 4940 3266 5012 συνηγέρθη
3311 4943 3556 5014 Χριστῷ,
3594 4945 3685 4997 καὶ

2106 5025 2458 5080 συνεκάθισεν
2509 5029 2566 5080 ἐν
2614 5031 2728 5091 τοῖς
2773 5029 3147 5103 ἐπουρανίοις·
3198 5031 3371 5096 οὕτως
3421 5033 3451 5083 ὁ
3502 5034 3685 5099 ἄδικος

2107 5119 2446 5190 αἰχμάλωτος
2476 5121 2576 5194 ῆδη
2627 5124 2722 5176 καὶ
2763 5125 2978 5190 νεκρὸς,
3019 5126 3116 5178 καὶ
3164 5127 3243 5188 εἰς
3293 5125 3419 5197 ᾅδου
3449 5126 3540 5180 διὰ
3579 5130 3685 5181 τῶν

2098 5237 2140 5268 ¹⁹
2164 5236 2301 5292 Psal.
2334 5241 2626 5306 xxxvr,25.
2705 5242 2750 5274 ²⁰
2773 5242 2940 5300 hiare.
2976 5257 3034 5310 tt,
3069 5244 3156 5300 19.
3235 5246 3278 5276 ²¹
3306 5243 3464 5300 Joan.
3503 5231 3683 5312 ιγξἸό.

2181 5393 2294 5462 (80)
2333 5395 2471 5474 Edili
2509 5411 2630 5448 cum
2663 5396 2872 5474 duobus
2925 5414 3080 5465 mss,
3123 5402 3553 5474 ἐπιτεταγμένη.
3583 5402 3683 5461 Alii

2108 5471 2230 5551 tres;
2241 5479 2415 5551 Iutis"
2443 5466 2882 5551 ἀποτεταγμένη,

2101 5532 2532 5667 “gagateres
2558 5532 2798 5608 quinque
2825 5532 2968 5608 libri,
3006 5543 3354 5608 ἐκτακέντες.
3399 5543 3570 5614 Edili,
3597 5544 3681 5603 ἐν·

2097 5672 2485 5800 $31.5“,
2534 5677 2638 5764 ’⁵ῶῖ
2669 5679 2910 5748 ἀγαθῶνο
2953 5684 3022 5739 Αι
3052 5685 3290 5756 quinque
3343 5699 3476 5742 mss.
3513 5700 3572 5741 til
