3808 6212
207 296 299 353 595

1024 288 1381 346 COMMENT.
1418 289 1493 344 lN
1532 289 1770 346 ISAIAM
1809 286 2259 346 PROPHETAM.
2301 289 2455 347 CAP.
2490 290 2552 345 Υ.

3332 292 3448 355 594

209 394 329 484 πρὸς
357 410 577 466 θάνατον
613 406 1032 481 ἁμαρτημάτων
1079 406 1475 479 καταϐεϐηκὼς
1525 407 1763 478 λέγεται.

1875 416 2121 465 mortuus
2147 422 2288 473 esse,
2313 408 2552 479 atquein
2578 406 2847 463 infernum
2873 404 3222 464 descendisse
3249 407 3452 466 dicitur

203 505 448 576 Διαφορὰς
473 504 530 557 δὲ
551 502 848 573 ταγμάτων
871 501 1313 556 καταϐαινόντων
1346 502 1427 566 είς
1454 501 1546 555 τὸν
1574 501 1708 573 ᾅδην
1737 504 1767 555 6

204 596 341 664 λόγος
361 595 557 667 ἁπηριθ
566 596 800 667 μήσατο.
824 593 1050 666 Πρῶτον
1067 594 1195 659 τοὺς
1213 592 1477 658 ἐνδόξουςο
1496 587 1640 649 οὗτοι
1656 593 1765 666 (85)

201 687 243 743 δ’
270 685 329 741 ἂν
354 682 456 741 εἷεν
486 689 535 740 οἱ
551 688 611 740 ἐν
642 685 907 758 ὑπολήψει
929 685 1037 739 τινὶ
1064 684 1236 756 δεξιᾷ,
1276 685 1338 738 οὑ
1367 685 1589 749 πάντως
1613 685 1766 757 ἔχον-

201 793 281 841 τες
303 777 373 848 τῷ
401 779 806 848 ἐπιφαινομένῳ
851 778 1094 847 σχήματι
1122 776 1221 845 τὴν
1250 778 1315 829 ἐκ
1339 776 1433 830 τοῦ
1464 776 1580 847 βίου
1630 795 1766 849 μαρ-

201 868 372 940 τυρίαν
396 867 792 922 ἀκολουθοῦσαν
817 885 830 898 ·
860 864 981 923 εἶτα
1005 869 1055 920 oi
1089 866 1336 938 μεγάλοι,
1370 868 1419 920 οἱ
1446 868 1505 921 ἐν
1537 865 1762 936 δυνάμει

201 961 294 1013 τινὶ
314 961 403 1014 καὶ
428 961 568 1032 ἀρχῇ
594 960 704 1015 τῶν
731 960 941 1015 πολλῶν
971 961 1334 1031 ὑπερέχοντες
1355 977 1367 988 ·
1400 959 1496 1013 καὶ
1527 961 1577 1012 οἱ
1606 957 1765 1013 πλού-

201 1071 312 1119 σιοι,
338 1056 383 1108 οἱ
410 1055 544 1109 πολὺ
564 1054 771 1125 πλῆθος
800 1055 1101 1126 χρημάτων
1126 1053 1310 1108 ἄδικον
1346 1051 1761 1124 περιϐεϐλημέ-

197 1165 288 1214 νοι,
336 1148 452 1218 ῆοὶ
499 1148 798 1218 ἀκόρεστον
848 1148 949 1220 τὴν
996 1146 1295 1219 ἐπιθυμίαν
1351 1146 1447 1200 τοῦ
1514 1145 1761 1209 πλείονος

196 1238 417 1311 ἔχοντες-⁸
442 1240 539 1294 καὶ
565 1242 616 1294 οἱ
643 1240 821 1312 λοιμοὶ
861 1240 1060 1311 αὐτῆς,
1092 1241 1207 1294 ὅσοι
1242 1239 1399 1311 δίκην
1426 1239 1585 1293 νόσου
1625 1237 1761 1308 φθο-

198 1329 393 1402 ροποιοῦ
420 1331 564 1385 κατὰ
592 1331 827 1386 διάδοσιν
858 1331 1286 1403 ἐπινεμομένης,
1330 1332 1456 1395 τοὺς
1503 1331 1758 1401 προσιόν-

193 1441 281 1489 τας
319 1424 422 1495 (84)
448 1425 636 1488 αὑτοῖς
665 1424 1097 1496 διαφθείροντες,
1128 1425 1249 1494 ἤτοι
1274 1425 1339 1477 ἐκ
1375 1422 1760 1495 μοχθηρᾶςδι-

192 1515 482 1581 δασκαλίας,
510 1517 545 1589 ἢ
579 1519 646 1571 ἐκ
678 1516 775 1571 τοῦ
819 1516 964 1572 κατὰ
990 1516 1089 1589 τὴν
1121 1515 1399 1587 ἁμαρτίαν
1443 1513 1758 1587 ἐρεθισμοῦ,

193 1606 348 1679 λοιμοὶ
390 1608 614 1673 δικαίως
652 1609 1187 1682 προσαγορεύονταιο
1236 1609 1437 1672 οἵτινες
1491 1607 1758 1661 καταϐαί-

191 1718 352 1756 νουσιν
375 1703 454 1767 εἰς
476 1702 572 1755 τὸν
601 1702 757 1774 ᾅδην.
779 1704 889 1757 Καὶ
922 1706 955 1757 ό
980 1698 1451 1772 ἀταλλιώμενος,
1471 1702 1659 1773 φησιν,
1689 1701 1761 1754 ἐν

191 1792 329 1863 αὐτῇ
349 1794 481 1863 (85).
512 1788 685 1859 Οὗτος
716 1795 764 1849 δ’
793 1794 860 1849 ἂν
898 1795 987 1867 εἴη
1020 1796 1051 1847 6
1088 1797 1149 1849 ἐν
1180 1796 1348 1867 σαρκὶ
1385 1795 1657 1859 Ἰουδαῖος,
1688 1795 1755 1865 τῇ

190 1889 337 1959 γηῖνῃ
370 1887 726 1960 Ἰερουσαλὴμ
750 1886 1238 1958 ἐναγαλλιώμενος,
1260 1887 1397 1959 πρὸς
1424 1887 1483 1941 δὲ
1506 1887 1606 1960 τὴν
1623 1887 1758 1941 ἀπο-

191 1980 429 2052 κειμένην
465 1982 582 2042 τοῖς
616 1979 795 2048 ἁγίοις
819 1977 915 2032 τοῦ
943 1978 1079 2032 Θεοῦ
1115 1978 1228 2050 (86)
1268 1978 1650 2051 μακαριότητα
1681 1976 1756 2050 μὴ

192 2070 404 2140 βλέπων.
434 2073 606 2144 Τήρει
634 2072 715 2135 δὲ,
748 2071 832 2125 ὅτι
853 2070 934 2135 τὸ,
951 2072 1046 2126 Ἑν
1067 2069 1244 2141 αὐτῇ,
1274 2070 1417 2125 κατὰ
1443 2069 1542 2141 τὴν
1571 2068 1757 2141 κοινὴν

192 2163 457 2234 συνήθειαν
509 2163 753 2235 εἴρηται.
799 2164 886 2228 Ὦς
924 2164 1020 2217 κα)⁸
1053 2164 1148 2217 ἐπὶ
1188 2163 1299 2217 τῶν
1328 2162 1439 2234 (87)
1473 2162 1758 2218 ἰδιωτικῶν

187 2254 336 2308 οτκων
364 2253 625 2318 πολλάκις
670 2255 800 2319 τοὺς
833 2254 1201 2327 ὑπερέχοντας
1240 2254 1436 2319 αὐτοὺς
1480 2270 1757 2326 προσαγο-

192 2345 426 2417 ρεύεσθαι
471 2347 581 2400 ὑπὸ
623 2347 734 2401 τῶν
785 2347 1140 2402 ἐνοικούντων
1187 2347 1438 2418 σύνηθες.
1503 2346 1756 2400 Τοιοῦτόν

187 2439 292 2492 ἐστι
318 2439 516 2506 καὶτὸ,
557 2443 623 2493 Ol
651 2439 914 2508 θεμέλιοι
947 2440 1136 2494 αὐτοῦ
1169 2441 1239 2494 ἐν
1277 2439 1404 2505 τοῖς
1442 2438 1610 2508 ὄρεσι
1632 2438 1758 2505 τοῖς

186 2527 379 2599 ἁγίοις.
403 2530 514 2583 Καὶ
541 2532 572 2584 6
602 2530 782 2584 τοίνυν
803 2529 1212 2601 ἀγαλλιώμενος
1237 2533 1297 2584 ἐν
1321 2531 1484 2602 αὑτῇ,
1515 2530 1596 2593 είς
1628 2529 1755 2602 ᾅδου

187 2621 568 2693 καταϐήσεται.

250 2712 364 2769 167.
406 2714 518 2770 Καὶ
559 2714 1068 2781 ταπεινωθήσεται
1096 2715 1428 2784 ἅνθρωπος.
1462 2715 1617 2785 φησι,
1658 2714 1758 2768 καὶ

185 2801 644 2872 ἀτιμαυνθήσεται
659 2806 836 2874 ἀνήρ.
872 2807 946 2860 υὺ
973 2806 1124 2876 τόπῳ
1154 2805 1265 2875 (88)
1300 2804 1491 2859 παθεῖν
1516 2807 1635 2859 ἐστι
1658 2805 1757 2877 τὴν

185 2893 518 2958 ταπείνωσιν,
554 2895 679 2949 ὅσον
700 2897 759 2949 ἐν
793 2897 1137 2968 προαιρέσει.
1179 2894 1443 2965 ’Υψοῦται
1468 2896 1567 2966 μὲν
1588 2895 1697 2967 γὰρ
1728 2898 1757 2949 6

184 2983 372 3051 δίκαιος
393 2987 471 3059 τῷ
495 2988 739 3060 οὐρανίῳ
760 2989 1091 3062 φρονήματι,
1110 2987 1462 3042 ταπεινοῦται
1491 2989 1549 3042 δὲ
1575 2989 1604 3042 ὁ
1628 2991 1757 3044 ἀσε-

185 3073 274 3144 ϐὴς
297 3075 384 3130 διὰ
409 3078 509 3150 τὴν
544 3078 684 3148 πρὸς
707 3078 776 3133 τὰ
809 3081 961 3133 κάτω
984 3079 1362 3157 συμπάθειαν.
1424 3080 1482 3133 '0
1516 3080 1616 3151 μὲν
1645 3078 1755 3152 γὰρ
1783 3126 1827 3184 c

184 3168 344 3233 κοινὸς
366 3169 676 3241 ἄνθρωπος,
716 3172 745 3223 6
777 3171 960 3242 μόνοις
991 3170 1103 3242 (89)
1130 3173 1244 3235 τοῖς
1270 3173 1472 3236 κοινοῖς
1514 3175 1614 3244 τῆς
1653 3171 1757 3241 φύ-

186 3273 310 3321 σεως
354 3260 827 3334 πλεονεκτήμασιν
849 3262 1185 3335 ἐπηρμένος,
1226 3263 1302 3335 μὴ
1331 3263 1440 3328 ζῶν
1474 3264 1616 3318 κατὰ
1658 3265 1759 3337 τὴν

184 3347 586 3421 ἐνυπάρχουσαν
612 3351 760 3424 αὑτῷ
785 3357 851 3406 ἐκ
868 3353 968 3424 τῆς
986 3351 1212 3425 πρώτης
1228 3354 1575 3424 κατασκευῆς
1600 3354 1762 3408 δύνα-

187 3457 289 3510 μιν,
316 3442 673 3498 ταπεινοῦται
691 3461 704 3474 ο
730 3446 758 3498 6
777 3444 832 3497 δὲ
853 3432 953 3515 ἤδη
988 3444 1082 3498 καὶ¹
1103 3446 1162 3497 ἐν
1189 3446 1441 3516 προκοπῇ
1467 3461 1573 3498 τινι
1605 3441 1760 3514 γενό-

187 3545 354 3602 μενος,
380 3536 475 3589 καὶ
507 3534 662 3601 ἄξιος
692 3537 793 3608 ἤδη
821 3535 917 3591 τοῦ
957 3535 1098 3609 ἀνὴρ
1125 3534 1511 3608 χρηματίζειν,
1543 3536 1761 3592 ἐπειδὰν

184 3628 679 3699 καταμαλακισθεὶς
727 3629 863 3701 ἐνδῷ
896 3630 1036 3701 πρὸς
1069 3629 1139 3683 τὰ
1180 3628 1352 3702 πάθη,
1386 3629 1761 3701 ἁτιμασθήσε-

185 3732 282 3771 ται.
324 3718 421 3773 Διὰ
454 3720 618 3774 τοῦτο
646 3723 674 3774 6
702 3721 800 3791 μὲν
830 3723 1168 3791 Ἄνθρωπος
1214 3719 1720 3787 ταπεινωθήσεται
1739 3760 1756 3786 ,

183 3809 211 3862 6
229 3810 282 3863 δὲ
306 3812 483 3882 Ἀνὴρ
511 3813 989 3883 ἀτιμασθήσεται
1007 3831 1020 3844 ·
1048 3814 1132 3866 ὅτι
1155 3813 1186 3864 6
1220 3812 1319 3882 μὲν
1346 3812 1408 3866 τὸ
1436 3811 1549 3884 (90)
1581 3814 1758 3869 κοινὸν

184 3905 275 3959 οὐκ
304 3907 592 3974 ἐφύλαξεν,
634 3911 663 3961 6
693 3908 750 3961 δὲ
776 3909 870 3962 καὶ
907 3907 969 3961 τὸ
1000 3905 1061 3974 ἐξ
1095 3906 1385 3976 ἀσκήσεως
1418 3904 1567 3976 αὑτῷ
1607 3923 1759 3978 περι-

184 3998 459 4065 γενόμενον
488 3999 699 4070 ἀγαθὸν
728 4001 818 4056 διὰ
845 4001 943 4065 τῆς
966 3998 1060 4053 ἐπὶ
1094 3998 1156 4051 τὸ
1183 3999 1366 4068 χεῖρον
1391 3997 1603 4069 τροπῆς
1626 3998 1754 4070 ἐζη-

247 4176 289 4207 ²³
320 4174 461 4233 Psal.
498 4193 728 4242 Lxxxw,
760 4178 809 4232 i.

246 4352 354 4422 (85)
383 4352 612 4410 Veteres
646 4355 882 4424 quinque
903 4354 1049 4419 libri,
1087 4348 1255 4410 οὗτοι.
1280 4355 1447 4419 Editi,
1482 4354 1661 4410 αὑτοί.

1868 502 1938 557 ob
1966 501 2184 557 lethalia
2217 511 2464 572 peccata.
2494 500 2667 557 Porro
2687 500 2873 556 varios
2900 500 3124 557 ordines
3142 516 3329 558 eorum
3357 505 3451 573 qui

1867 596 1937 652 ad
1957 597 2163 652 inferos
2184 594 2543 661 descendunt,
2567 593 2840 649 recensuit
2871 593 3173 663 Scriptura.
3209 593 3451 649 Primum

1865 699 2151 744 enumerat
2193 688 2460 760 inclytus;
2516 687 2574 741 hi
2619 694 2799 742 autem
2851 694 3018 750 sunt,
3059 688 3169 756 -qui
3216 688 3451 757 quadam

1863 781 2269 836 existimatione
2327 780 2432 835 sibi
2494 785 2848 848 comparata,
2905 778 3031 833 vitae
3078 779 3451 835 testimonium

1863 873 2124 928 exteriori
2168 870 2474 928 babitudini
2505 870 2836 927 conveniens
2864 871 3176 940 neutiquam
3210 870 3446 926 habent:

1863 962 2060 1018 deinde
2088 972 2447 1019 numerantur
2478 961 2685 1032 magni,
2714 961 2806 1030 qui
2838 960 2891 1015 in
2922 968 3193 1031 potestate
3214 960 3449 1031 quadam

1861 1057 1990 1111 etin
2016 1057 2325 1125 principatu
2347 1054 2631 1111 constituti
2662 1053 2822 1126 vulgo
2845 1062 3137 1124 praesunt:
3169 1062 3281 1108 tum
3307 1052 3452 1109 divi-

1863 1158 1946 1205 tes
1979 1149 2068 1218 qui
2114 1148 2391 1217 ingentem
2418 1146 2733 1202 divitiarum
2773 1146 2983 1216 copiam
3019 1146 3220 1215 injuste
3257 1145 3447 1214 acqui-
3538 1203 3544 1209 ,

1860 1241 2094 1305 sierunt,
2122 1250 2216 1295 aut
2235 1240 2328 1310 qui
2356 1240 2664 1310 inexplebili
2694 1254 2855 1307 opum
2887 1237 3153 1306 majorum
3178 1237 3448 1292 desiderio

1863 1339 2158 1387 tenentur:
2207 1340 2548 1400 postremum
2592 1331 2708 1399 ejus
2764 1331 3107 1399 pestilentes,
3139 1330 3229 1399 qui
3274 1330 3449 1383 instar

1862 1422 2127 1478 mortiferi
2173 1424 2456 1495 cnjusdam
2497 1423 2671 1478 morbi
2704 1438 2800 1492 per
2841 1423 2990 1477 vices
3030 1421 3321 1492 serpentis,
3351 1436 3447 1476 eos

1859 1515 1957 1585 qui
2002 1516 2067 1569 ad
2100 1531 2161 1570 se
2198 1517 2469 1570 accedunt
2511 1524 2946 1583 corrumpentes,
2990 1523 3084 1569 aut
3124 1515 3195 1570 ob
3221 1529 3446 1585 pravam

1860 1607 2185 1674 doctrinam,
2224 1619 2318 1663 aut
2346 1609 2418 1664 ob
2468 1610 2757 1678 quemdam
2798 1609 3041 1662 fomitem
3077 1615 3134 1662 et
3181 1605 3449 1661 incitabu-

1861 1698 1971 1753 lum
2005 1701 2237 1769 peccati,
2263 1701 2386 1768 jure
2412 1717 2477 1757 ac
2506 1701 2702 1756 merito
2728 1701 3082 1756 nominantur
3106 1698 3445 1770 pestilentes.

1787 1783 1831 1838 Β
1860 1791 1926 1846 lli
1950 1800 2079 1846 sunt
2104 1792 2198 1862 qui
2229 1793 2571 1848 descendunt
2594 1794 2651 1848 in
2682 1793 2978 1848 infernum.
3006 1792 3071 1846 Et
3104 1792 3219 1861 qui,
3250 1790 3446 1861 inquit,

1859 1884 2088 1939 exsultat
2116 1886 2171 1938 in
2204 1901 2288 1941 ea.
2327 1884 2424 1940 Hic
2448 1886 2536 1941 ille
2567 1885 2971 1940 fueritJudzeus
2997 1886 3112 1953 ipse
3145 1882 3446 1940 secundum

1858 1991 2101 2045 carnem,
2130 1978 2224 2047 qui
2253 1978 2308 2031 in
2342 1978 2585 2032 terrestri
2616 1976 2916 2032 Jerusalem
2950 1976 3210 2039 exsultat,
3248 1990 3349 2031 nec
3379 1976 3445 2029 ad

1857 2070 2247 2126 beatitudinem
2274 2070 2479 2124 sanctis
2518 2068 2611 2124 Dei
2647 2077 3004 2138 praeparatam
3047 2068 3287 2136 respicit.
3313 2067 3447 2123 Illud

1857 2170 2072 2227 autem,
2122 2160 2190 2215 In
2242 2161 2359 2228 illa,
2423 2162 2526 2216 dici
2582 2161 2902 2217 observabis
2958 2161 3112 2231 juxta
3170 2168 3445 2231 vulgatam

1857 2252 2320 2307 consuetudinem.
2342 2252 2418 2307 lta
2445 2263 2501 2307 et
2532 2253 2583 2306 in
2615 2252 2946 2321 privatorum
2976 2252 3247 2318 domibus,
3271 2255 3448 2307 solent

1858 2346 1958 2415 ipsi
1990 2346 2132 2414 saepe
2165 2346 2232 2400 ab
2255 2346 2322 2401 iis
2350 2345 2442 2415 qui
2465 2360 2558 2400 eas
2579 2345 2838 2407 incolunt.
2864 2346 3045 2400 vocari
3076 2346 3448 2415 praecedentes

1857 2451 1922 2491 ac
1946 2437 2273 2507 superiores.
2295 2437 2426 2505 Ejus
2451 2437 2663 2506 generis
2683 2448 2765 2492 est
2794 2445 2850 2490 et
2871 2435 3038 2490 illud:
3072 2434 3447 2490 Fundamenta

1856 2529 1970 2598 ejus
2009 2529 2063 2581 in
2112 2529 2375 2583 montibus
2413 2530 2612 2583 sanctis
2641 2531 2709 2582 “.
2767 2527 2937 2600 Igitur
2970 2528 3062 2598 qui
3097 2529 3263 2582 etiam
3298 2527 3351 2582 in
3380 2541 3446 2583 ea

1857 2620 2113 2685 exsultat,
2149 2622 2203 2676 in
2232 2621 2501 2677 infernum
2530 2622 2841 2691 descendet.

1928 2714 2052 2768 167.
2083 2714 2192 2778 Et,
2226 2715 2429 2784 inquit,
2464 2715 2834 2769 humiliabitur
2864 2714 3040 2782 homo,
3073 2723 3122 2769 et
3160 2716 3450 2770 dedecora-

1858 2803 1999 2858 bitur
2032 2806 2129 2859 vir.
2180 2805 2297 2859 Non
2350 2821 2503 2876 irque
2557 2806 2673 2861 loco
2720 2805 2991 2861 humiliari
3028 2807 3331 2877 contingit,
3380 2822 3447 2862 ac

1858 2896 2062 2950 animo.
2094 2894 2375 2951 Exaltatur
2408 2897 2624 2965 quidem
2658 2895 2839 2964 justus
2881 2897 3088 2953 caelesti
3120 2899 3287 2953 animi
3321 2914 3448 2954 sen-

1858 3001 1920 3041 su
1942 3027 1958 3051 ,
2012 2985 2211 3055 impius
2240 3001 2373 3041 vero
2408 2997 2745 3041 terrenorum
2796 2986 2978 3041 studio
3014 2987 3318 3059 aﬂ'ectuque
3348 2989 3449 3043 bu-

1859 3077 2114 3133 miliatur.
2144 3078 2317 3133 Homo
2343 3078 2562 3147 quidem
2599 3078 2839 3146 vulgaris
2878 3079 2970 3147 qui
3019 3080 3086 3134 de
3128 3069 3261 3135 solis
3291 3094 3445 3135 com-

1862 3170 2115 3225 munibus
2170 3178 2379 3224 naturae
2441 3169 2659 3224 dotibus
2715 3169 2984 3233 effertur,
3041 3171 3086 3225 si
3147 3176 3444 3227 secundum

1861 3263 2116 3317 virtutem
2138 3263 2238 3318 sibi
2261 3279 2292 3318 a
2316 3264 2489 3331 prima
2513 3264 2823 3319 conditione
2856 3264 3074 3317 insitam
3102 3277 3444 3334 nequaquam

1861 3354 2017 3420 vivit,
2049 3355 2399 3411 Itumiliatur:
2436 3357 2530 3411 sed
2558 3356 2648 3426 qui
2682 3355 2794 3424 jam
2835 3371 3178 3427 progressum
3211 3356 3444 3426 aliquem

1866 3444 2078 3512 fecerit,
2114 3444 2335 3516 jamque
2382 3447 2542 3501 fuerit
2572 3448 2768 3516 dignus
2806 3448 2896 3516 qui
2935 3449 3018 3502 vir
3045 3449 3365 3518 appelletur,
3398 3451 3445 3505 is

1866 3538 1911 3593 si
1966 3539 2243 3594 emollitns
2296 3548 2352 3595 et
2397 3539 2606 3595 fractus
2637 3540 3029 3609 cupiditatibus
3064 3550 3120 3594 et
3143 3541 3286 3596 vitiis
3323 3555 3446 3597 sese

1867 3633 2300 3701 mancipaverit,
2369 3632 2802 3688 dedecorabitur.
2870 3631 3213 3702 Quapropter
3269 3633 3444 3689 Homo

1865 3722 2254 3790 humiliabitur,
2298 3733 2345 3777 et
2369 3725 2448 3779 vir
2476 3724 2915 3778 dedecorabitur:
2947 3725 3145 3795 quippe
3177 3724 3265 3781 ille
3291 3741 3445 3781 com-

1864 3816 2047 3869 munia
2098 3831 2205 3870 non
2250 3817 2582 3884 custodivit;
2622 3816 2713 3871 hic
2747 3831 2874 3871 vero
2909 3826 3097 3885 utpote
3147 3832 3444 3873 conversus

1864 3906 1933 3961 ad
1966 3906 2388 3975 improbitatem.
2419 3911 2581 3964 etiam
2608 3925 2674 3963 eo
2711 3910 2852 3965 bono
2888 3910 3030 3979 quod
3093 3925 3191 3963 usu
3231 3912 3443 3965 exerci-

1862 4000 2050 4070 tioque
2074 4001 2177 4057 sibi
2214 4011 2631 4073 comparaverat
2647 4004 2937 4059 mulctatus
2969 4012 3075 4059 est.
3114 4002 3289 4060 Homo
3317 4005 3443 4075 qui-

1878 4354 2092 4409 diverse
2115 4368 2144 4406 a
2170 4353 2301 4409 viris
2326 4354 2656 4409 doctissimis
2682 4356 3014 4412 Montacutio
3031 4367 3087 4412 et
3113 4360 3443 4416 Combefisio

247 4424 355 4497 (84)
406 4426 573 4497 Editi,
634 4427 760 4489 τοὺς
796 4422 1168 4497 πλησιῶντας.
1218 4430 1288 4480 At
1323 4442 1454 4481 mss.
1497 4426 1757 4494 quinque,

1875 4434 2167 4497 vertantur.
2200 4422 2291 4497 Ille
2314 4424 2384 4477 ita
2405 4425 2793 4492 interpretatus
2813 4437 2897 4482 est
2929 4442 2943 4479 :
2989 4428 3443 4493 Quemadmodum

182 4494 298 4566 τοὺς
314 4496 659 4566 προσιόντας.

248 4563 367 4634 (85)
386 4566 551 4629 Editi,
572 4566 681 4618 Καὶ
709 4567 738 4618 6
768 4563 1172 4635 ἀγαλλιώμενος
1190 4565 1291 4619 οὑκ
1320 4564 1454 4635 ἔστι,
1491 4566 1676 4635 φησὶν,
1695 4565 1753 4617 ἐν

185 4634 334 4705 αὑτῇ,
370 4651 491 4704 qua:
534 4639 803 4705 interpres
830 4642 899 4688 ita
935 4634 1262 4705 reddiderat,
1304 4634 1372 4688 Et
1402 4634 1563 4689 nemo
1590 4637 1754 4688 relin-

183 4703 359 4775 quetur
385 4703 475 4775 qui
517 4706 577 4757 in
622 4721 684 4758 ea
713 4704 1046 4775 gloriabitur.
1084 4703 1190 4759 Sed
1220 4708 1261 4758 si
1290 4707 1360 4758 ita
1382 4715 1486 4769 est,
1521 4721 1625 4760 non
1663 4720 1753 4759 co-

186 4774 396 4828 haerebit
418 4777 621 4829 oratio.
651 4776 899 4841 Scriptor
924 4774 1090 4835 enim,
1118 4776 1161 4827 si
1198 4775 1300 4829 sibi
1331 4785 1586 4829 constare
1614 4775 1749 4838 vult,

186 4842 281 4912 lioc
312 4846 455 4897 dicat
484 4846 855 4912 oportet.fore
910 4857 986 4903 ut.
1025 4846 1114 4912 qui
1158 4846 1210 4898 in
1244 4846 1488 4899 terrestri
1527 4841 1754 4898 Jerusa-

186 4911 280 4984 lem
313 4911 598 4984 gloriatur,
643 4916 687 4968 is
727 4931 848 4969 cum
876 4915 998 4967 aliis
1027 4911 1133 4968 non
1168 4916 1355 4984 paucis
1387 4916 1440 4970 in
1476 4913 1751 4969 infernum

186 4983 489 5053 descendat.
531 4983 638 5037 Sed
671 4985 811 5039 hunc
855 4984 1031 5037 locum
1061 4999 1128 5036 cx
1165 4983 1400 5053 quatuor
1436 5000 1564 5039 mss.
1603 4985 1755 5037 resti-

188 5055 398 5107 tuimus.
427 5051 618 5122 Neque
641 5071 744 5108 non
780 5055 941 5107 etiam
978 5054 1136 5107 lectio
1170 5051 1321 5124 Regii
1349 5057 1497 5108 tertii
1531 5053 1751 5124 probari

187 5132 373 5192 potest,
404 5125 456 5178 in
480 5141 593 5192 quo
633 5126 705 5178 ita
728 5124 990 5190 scriptum
1021 5123 1346 5187 invenimus,
1385 5125 1495 5179 Καὶ
1527 5126 1558 5179 6
1583 5123 1756 5191 ἀγαλ-

184 5190 423 5265 λόμενος,
452 5190 642 5265 φησιν,
677 5194 734 5244 ἐν
760 5193 920 5265 αὑτῇ
960 5193 1230 5265 siquidem
1263 5195 1398 5249 duas
1438 5198 1534 5248 bas
1574 5190 1752 5260 voces,

185 5261 589 5334 ἀγαλλιώμενος
616 5274 671 5319 et
698 5261 1084 5334 ἀγαλλόμενος,
1110 5263 1251 5317 idem
1277 5264 1436 5332 plane
1460 5267 1643 5320 valere
1667 5276 1757 5316 no-

189 5343 309 5385 runt
326 5336 409 5388 vel
445 5334 704 5388 infantes.

255 5402 365 5475 (86)
393 5403 668 5468 illum-:06
702 5402 864 5466 Θεοῦ,
892 5402 998 5457 alio
1024 5402 1215 5475 locoin
1253 5403 1581 5475 tribusimss.
1601 5402 1757 5472 poni-

189 5472 293 5544 tur,
311 5472 506 5540 nempe
546 5482 664 5539 post
691 5489 877 5528 v0cem
915 5472 1397 5544 μακαριότητα,αά
1420 5474 1515 5528 Dei
1534 5475 1759 5528 beatitu-

187 5541 376 5679 gizeria.
406 5544 616 5598 Ibidem
653 5544 806 5609 editi,
858 5541 1170 5613 ἐμϐλέπων.
1207 5541 1280 5598 At
1317 5545 1556 5614 quinque
1600 5559 1756 5610 mss.,

280 5630 416 5667 πων.

280 5630 416 5667 πων.

255 5678 367 5753 (87)
395 5683 512 5743 Illa.
547 5680 633 5745 Ὠς
666 5683 762 5753 καὶ
785 5681 877 5736 ἐπὶ
905 5680 1037 5745 τῶν,
1065 5692 1197 5746 etc.,
1231 5681 1461 5737 obscura
1495 5697 1617 5737 cum
1649 5683 1761 5738 sint

190 5759 241 5806 ct
263 5752 543 5809 intellectu
603 5752 855 5813 difﬁcilia,
894 5756 1089 5805 mirum
1125 5754 1294 5807 videri
1328 5768 1433 5808 non
1474 5754 1653 5821 debet,
1709 5755 1754 5810 si

508 5847 775 5910 Parnm“
807 5846 925 5907 Gn.
966 5848 1170 5910 XXX.

1862 4494 1916 4546 in
1936 4492 2499 4569 [amiliia‘priuatorum
2523 4505 2696 4569 patres
2717 4513 2778 4549 ac
2806 4492 3277 4569 matresfamilias.
3298 4500 3441 4569 ipso:

1860 4565 2291 4636 stepenominari
2308 4565 2470 4636 moris
2493 4574 2592 4628 est,
2615 4568 2680 4618 ab
2706 4566 2944 4620 omnibus
2973 4570 3062 4636 qui
3085 4565 3343 4634 pertinent
3373 4572 3444 4623 ad

1858 4634 2095 4710 familias
2122 4634 2330 4710 easdem
2353 4650 2373 4687 :
2403 4635 2623 4710 bicltoc
2655 4640 2836 4710 modo,
2870 4635 2939 4710 U_t
2970 4634 3173 4701 eorum,
3198 4640 3291 4710 qui
3313 4655 3447 4707 pra:-

1861 4703 2339 4776 gelluerenomine,
2380 4704 2445 4757 ab
2474 4704 2563 4776 iis,
2597 4706 2685 4774 qui
2720 4721 2808 4759 eas
2843 4705 3040 4767 colunt,
3092 4703 3440 4776 appellentur.

1863 4771 1987 4844 hos
2023 4772 2220 4840 quibus
2264 4784 2458 4827 neutra
2516 4771 2895 4844 interpretatio
2956 4771 3224 4841 placebat.
3280 4780 3443 4833 aliter

1860 4841 2078 4922 quidem
2109 4843 2445 4911 interpretati
2493 4841 2680 4901 sumus
2716 4866 2728 4901 :
2770 4846 2863 4900 sed
2908 4844 3139 4901 fortasse
3166 4863 3274 4903 non
3311 4848 3435 4903 feli-

1862 4927 1998 4967 eius.

1935 4980 2049 5054 (88)
2077 4978 2259 5057 Ubi_in
2302 4982 2474 5057 editis
2494 4992 2552 5039 et
2581 4984 2634 5038 in
2657 4985 2904 5057 quinque
2937 5001 3065 5042 mss.
3111 4986 3330 5057 legitur,
3361 4988 3436 5041 Οὑ

1860 5049 2010 5124 τόπῳ
2031 5049 2255 5124 παθεῖν,
2298 5052 2374 5124 ait
2428 5054 2510 5107 vir
2549 5049 2983 5124 conjecturarum
3029 5049 3435 5111 amantissimus

1862 5121 2237 5197 μοιιιὺειμείιιε,
2292 5123 2523 5178 fortasse
2551 5121 2829 5197 legendum
2864 5140 3007 5189 esse,
3032 5127 3144 5197 Οὐχ
3166 5127 3315 5190 ὅπως
3338 5144 3437 5179 πα-

1863 5191 1995 5248 Θεῖν.
2031 5190 2294 5246 Ututhaec
2311 5202 2456 5256 sunt,
2474 5190 2748 5262 receptam
2781 5195 3065 5250 lectionem
3091 5190 3439 5250 retinuimus.

1861 5262 2157 5315 Aliquanto
2209 5272 2329 5315 Dost
2374 5263 2531 5315 Coib.
2580 5267 2869 5315 secundus.
2918 5266 3272 5315 ταπεινοῦται
3310 5266 3368 5315 δὲ
3412 5267 3439 5315 6

1935 5265 2157 5314 iauanto

1862 5277 2157 5329 Aliquanto
2209 5277 2262 5327 pr

1862 5331 2005 5402 ἀνὴρ
2038 5329 2262 5402 ἀσεϐής.

1935 5401 2045 5479 ίξθ)
2110 5401 2342 5479 νθῐβτεε,
2411 5404 2615 5479 aliquot
2675 5405 2868 5479 libri,
2900 5409 2930 5461 6
2987 5408 3170 5479 μόνον.
3231 5405 3439 5462 Statim

1864 5473 1995 5550 editi
2020 5510 2051 5550 ,_
2091 5471 2234 5550 κατα
2292 5473 2390 5546 τὴν
2458 5471 2651 5549 πρώην
2705 5471 3118 5550 ἐνυπάρχοῦσαν
3171 5479 3309 5549 αὐτῇ
3376 5478 3443 5532 ἐκ

1864 5542 1982 5613 τῆς.
2002 5542 2359 5613 ΔΔιιιιιὶιιιιιιεὲ
2397 5542 2526 5601 mss.
2552 5542 2619 5602 ut'
2639 5551 2690 5601 in
2715 5542 2885 5603 te'xtu.

1866 5608 2297 5738 m'jtiOi'Veteres
2319 5617 2557 5674 ouiuoue
2593 5618 2739 5684 libri,
2774 5620 2815 5686 ὁ,
2830 5619 2931 5692 μὲν
2952 5623 3031 5676 τό.
3060 5620 3226 5692 Editi,
3262 5627 3292 5681 6
3312 5627 3444 5699 μέν·

3044 5853 3118 5913 13

2209 5272 2329 5327 post
2374 5263 2531 5319 Colb.
2580 5267 2869 5330 secundus,
2918 5266 3272 5321 ταπεινοῦται
3310 5266 3368 5320 δὲ
3412 5267 3441 5319 6
3551 5322 3554 5324 γ
