3808 6212
333 323 438 381 395

1290 311 1636 370 APPENDIX
1674 307 1962 366 OPERUM
2003 305 2062 361 S.
2103 305 2352 360 BASlLlI
2390 303 2630 361 MAGNI.

3494 296 3605 352 390

336 439 458 492 dem
488 435 836 492 humilialur:
865 431 1020 489 Oculi
1047 431 1184 485 enim
1207 427 1425 483 Domini
1456 427 1724 492 sublimes,
1757 425 1911 479 homo

2058 421 2220 494 ,ιώθη.
2265 421 2324 475 '0
2359 421 2460 492 μὲν
2492 419 2603 491 γὰρ
2631 417 2919 488 ἄνθρωπος
2947 413 3302 470 ταπεινοῦται
3324 429 3338 445 ο
3379 414 3448 467 οι

336 537 515 581 autem
549 525 763 581 humilis
794 525 876 580 "z
938 523 1021 575 vir
1065 536 1196 577 vero
1231 521 1610 586 dedecoratur,
1660 529 1918 589 tanquam

337 618 431 686 qui
459 619 656 683 Deum,
687 616 899 672 violatis
923 615 1040 683 ejus
1066 613 1368 682 prazceptis,
1399 612 1560 665 ducat
1597 626 1693 681 pro
1730 611 1917 666 nihilo.

338 707 472 761 Nam
510 708 601 778 qui
628 722 749 762 eum
781 706 933 760 nihili
969 705 1196 769 faciunt,
1241 703 1544 756 allicientur
1579 703 1870 772 ignominia
1903 742 1920 769 ,

341 802 420 853 uti
467 799 754 854 didicimus
811 798 864 851 in
905 797 1081 866 primo
1117 796 1422 865 Regnorum
1476 795 1639 858 libro,
1690 795 1922 849 Domino

337 893 586 946 dicente;
619 889 989 962 quriﬁcanles
1013 904 1094 941 me
1125 887 1450 956 gloriﬁcabo,
1480 898 1527 940 et
1557 889 1647 957 qui
1671 897 1924 956 spernunt

337 1000 438 1049 me,
465 983 754 1052 ignominia
781 983 907 1051 ipsis
927 982 1164 1035 inuretur
1193 979 1260 1038 ".
1287 979 1377 1034 Vir
1399 980 1564 1049 igitur
1577 978 1926 1034 dedecorabi-

339 1090 426 1133 tur
447 1074 723 1148 A99per
747 1074 1088 1142 suumipsius
1114 1082 1394 1142 peccatum
1417 1089 1431 1124 :
1453 1073 1688 1127 dedecus
1711 1072 1853 1126 enim
1871 1079 1928 1126 et

337 1153 616 1221 infamiam
646 1165 809 1220 infert
830 1173 1134 1235 peccatum.
1155 1163 1442 1234 Resurgent
1462 1165 1621 1229 enim,
1643 1165 1837 1231 inquit,
1871 1163 1928 1217 lii

336 1258 390 1313 in
423 1260 577 1314 vitam
618 1269 894 1322 wternam,
927 1269 976 1312 et
1022 1258 1113 1311 isti
1141 1259 1198 1312 in
1228 1259 1563 1326 approbrium
1614 1265 1664 1310 et
1703 1257 1925 1310 dedecus

337 1361 590 1404 (eternum
626 1349 693 1403 ³⁸.
735 1349 870 1404 Cum
924 1349 1068 1403 enim
1105 1349 1280 1404 honor
1310 1351 1590 1418 dignitatis
1641 1349 1714 1402 sit
1747 1361 1928 1400 remu-

338 1440 580 1506 neratio;
627 1439 862 1509 dignitas
908 1452 1063 1502 vero,
1105 1438 1320 1494 virtutis
1367 1439 1682 1508 praemium;
1721 1437 1926 1492 sanctis

339 1533 556 1601 quidem
604 1541 714 1585 tum
770 1531 963 1596 honor,
1018 1539 1127 1586 tum
1171 1532 1405 1600 dignitas
1458 1531 1733 1596 tribuitur,
1775 1529 1926 1598 impii

338 1638 470 1677 vero
522 1623 795 1680 contraria
882 1623 1175 1692 recipiunt.
1240 1621 1482 1677 Honorat
1538 1624 1682 1676 enim
1735 1623 1926 1691 dignos

340 1713 503 1767 Deus.
547 1712 682 1766 Nam
711 1714 826 1782 ipse
875 1722 960 1769 est
989 1714 1041 1768 id
1070 1712 1210 1782 quod
1245 1726 1368 1766 vere
1398 1712 1774 1766 honorandum
1818 1719 1925 1777 est,

341 1808 710 1876 honoremque
763 1806 951 1860 tribuit
977 1824 991 1860 :
1022 1820 1191 1874 quare
1216 1805 1305 1874 qui
1336 1803 1634 1874 ignominia
1685 1812 1925 1868 notatur,
1957 1784 2000 1838 Β

341 1897 602 1948 honorem
629 1893 817 1964 nequit
851 1894 1087 1962 assequi.
1124 1893 1576 1962 Unumquemque
1615 1902 1795 1946 autem
1829 1893 1926 1947 de-

339 1987 597 2041 decorant
640 1985 986 2055 turpitudinis
1018 2001 1082 2041 ac
1113 1985 1349 2040 infamia:
1381 1985 1535 2048 vitia,
1573 1999 1754 2039 coram
1779 1987 1928 2040 omni

339 2087 590 2132 creatura
621 2078 887 2147 exposita.
922 2077 989 2131 Et
1022 2079 1184 2141 oculi,
1216 2079 1411 2149 inquit,
1459 2079 1705 2132 sublimes
1752 2079 1925 2131 humi-

339 2173 631 2226 liabuntur.
666 2172 984 2242 Quicunque
1017 2173 1200 2226 animo
1249 2187 1464 2227 sursum
1507 2183 1711 2237 erecto,
1740 2179 1930 2226 aucto-

341 2279 455 2320 rem
512 2266 774 2319 horumce
821 2264 1066 2319 omnium
1117 2274 1244 2318 sunt
1288 2264 1490 2329 intuiti,
1540 2264 1574 2318 ii
1614 2263 1798 2319 oculos
1829 2263 1928 2317 ha-

341 2359 469 2411 bent
519 2355 818 2421 sublimes,
877 2365 1062 2424 utpote
1114 2355 1206 2425 qui
1263 2371 1426 2424 super
1470 2357 1651 2410 omnia
1696 2371 1927 2425 corpora

341 2456 577 2502 mentem
633 2461 786 2501 suam
835 2445 1106 2500 attollant.
1163 2446 1268 2500 Sed
1321 2446 1364 2501 si
1419 2457 1606 2516 postea
1662 2448 1731 2501 ob
1765 2447 1930 2502 falsas

340 2538 622 2608 opiniones
669 2545 725 2593 et
770 2537 960 2608 ingens
1018 2546 1358 2591 terrenarum
1420 2553 1601 2591 rerum
1662 2539 1923 2604 studium,

343 2629 476 2684 nihil
532 2644 719 2684 eorum
768 2645 889 2699 qua:
941 2645 1136 2700 magna
1188 2640 1363 2694 sunt,
1429 2632 1639 2699 possint
1691 2633 1926 2699 amplius

342 2721 715 2789 contemplari,
766 2721 873 2775 imo
921 2722 1083 2776 dediti
1131 2722 1240 2776 sint
1275 2722 1368 2775 toti
1404 2723 1683 2790 corporeis
1719 2724 1926 2779 deliciis

343 2809 832 2879 voluptatibusque,
863 2810 986 2879 jure
1015 2811 1219 2880 optimo
1262 2813 1516 2866 dicuntur
1553 2813 1848 2866 humiliari.

447 2902 537 2958 68.
577 2901 744 2960 Vens.
777 2902 865 2957 l6.
903 2903 973 2960 Et
1021 2903 1344 2957 exaltabitur
1379 2904 1637 2958 Dominus
1690 2903 1923 2958 Sabaoth

343 2997 396 3048 in
421 2995 658 3064 judicio.
707 2993 822 3049 Hoc
867 3005 975 3061 est,
1029 3009 1124 3064 per
1146 3011 1355 3064 aequam
1388 2996 1803 3049 retributionem
1832 3011 1921 3050 eo-

2021 514 2315 587 ὀφθαλμοὶ
2342 515 2568 582 Κυρίου
2599 511 2848 580 ὑψηλοὶ,
2895 513 2928 564 ὁ
2957 509 3027 560 δὲ
3060 507 3371 576 ἅνθρωπος
3402 519 3608 560 ταπει-

2019 610 2156 674 νόςο
2185 609 2213 660 ό
2236 605 2293 659 δέ
2337 605 2477 676 ἀνὴρ
2503 601 2850 674 ἀτιμάζεται,
2892 599 2968 662 ὼς
3013 597 3312 666 ἐξουθενῶν
3345 597 3437 649 τὸν
3469 597 3607 651 Θεὸν

2020 699 2107 754 διά
2137 698 2238 769 τῆς
2276 697 2386 750 τῶν
2426 695 2654 748 ἐντολῶν
2693 692 3078 763 παραϐάσεως.
3126 691 3190 743 Ol
3234 689 3344 759 γάρ
3387 688 3610 754 ἐξουθε-

2021 790 2241 854 νοῦντες
2272 789 2434 842 αὑτὸν
2467 787 2950 858 ἀτιμασθήσονται,
2983 785 3059 847 ὡς
3091 786 3148 836 ἐν
3192 787 3259 854 τῇ
3283 784 3474 855 πρώτῃ
3496 783 3608 836 τῶν

2023 880 2318 936 Βασιλειῶν
2355 878 2671 952 ἠκούσαμεν
2726 877 2820 931 τοῦ
2870 876 3076 949 Κυρίου
3125 875 3408 944 λέγοντος·
3458 875 3610 940 Τοὺς

2024 973 2384 1040 δοξάζοντάς
2415 991 2493 1044 με
2535 970 2796 1038 δοξάσω,
2825 971 2920 1024 καὶ
2954 974 3007 1024 ol
3041 967 3506 1034 ἐξουθενοῦντά-
3529 985 3610 1037 με

2025 1069 2560 1138 ἁτιμασθήσονται.
2595 1065 3056 1137 Ἀτιμασθήσεται
3085 1058 3178 1116 οὖν
3206 1062 3345 1133 ἀνὴρ
3374 1061 3482 1114 ὑπὸ
3507 1062 3612 1132 τῆς

2030 1161 2164 1225 ἰδίας
2179 1161 2454 1233 ἁμαρτίας
2472 1175 2486 1190 ο
2515 1157 2835 1230 ἀτιμοποιδς
2848 1157 3004 1229 γάρὴ
3024 1157 3138 1227 ἀμα
3147 1155 3288 1226 ρτία.
3327 1153 3613 1220 Ἀναστή-

2026 1268 2236 1308 σονται
2253 1252 2383 1322 γὰρ,
2399 1252 2584 1322 φησὶν,
2600 1247 2764 1306 οὗτοι
2779 1252 2866 1316 εὶς
2881 1248 3034 1316 ζωὴν
3048 1247 3308 1311 αἰώνιον,
3325 1247 3423 1301 καὶ
3441 1242 3612 1301 οὗτοι

2025 1347 2112 1409 εὶς
2141 1343 2485 1412 ὀνειδισμὸν
2506 1341 2605 1396 καὶ
2627 1342 2740 1411 (9|)
2761 1341 3070 1410 αἰσχύνην
3087 1339 3351 1394 αἰώνιον.
3389 1336 3612 1410 Ἐπειδὴ

2026 1436 2136 1508 γὰρ
2167 1436 2297 1506 τιμή
2328 1437 2445 1487 ἐστι
2471 1434 2649 1506 γέρως
2677 1433 2953 1499 ἀπόδοσις,
2974 1431 3144 1503 γέρας
3171 1431 3228 1484 δέ
3260 1433 3406 1484 ἐστιν
3446 1427 3614 1483 ἆθλον

2028 1529 2229 1600 ἀρετῆς
2249 1544 2262 1558 ·
2293 1530 2405 1592 τοῖς
2442 1527 2540 1597 μὲν
2568 1525 2744 1594 ἁγίοις
2773 1525 2867 1578 κα)⁸
2896 1525 3031 1594 τιμὴ
3083 1523 3176 1576 καὶ
3220 1521 3389 1594 γέρας
3412 1521 3615 1575 ἀπονέ-

2031 1637 2214 1690 μεται,
2241 1621 2354 1682 τοῖς
2393 1618 2451 1671 δέ
2493 1617 2715 1672 ἀσεϐέσι
2745 1615 2812 1669 τά
2846 1616 3086 1669 ἐναντία.
3129 1615 3278 1684 Τιμᾷ
3314 1614 3412 1684 μὲν
3444 1613 3556 1684 γὰρ
3584 1615 3614 1665 ὀ

2029 1711 2162 1774 Θεὸς
2210 1713 2336 1774 τοὺς
2378 1711 2582 1777 ἀξίους.
2611 1710 2784 1773 Αὐτὸς
2815 1709 2924 1781 γάρ
2969 1711 3086 1762 ἐστι
3124 1708 3186 1760 τὸ
3210 1708 3380 1769 ὅντως
3405 1707 3611 1776 τίμιον,

2029 1806 2126 1858 καὶ
2169 1805 2337 1874 τιμῆς
2373 1803 2709 1874 παρεκτικόν
2731 1820 2744 1833 ·
2777 1802 2912 1856 διότι
2948 1803 3009 1855 οὑ
3045 1800 3270 1854 δύναται
3313 1800 3412 1869 τὴν
3442 1798 3616 1870 τιμὴν

2028 1896 2382 1967 περιποιῆσαι
2429 1897 2457 1948 ὁ
2493 1895 2859 1966 ἠτιμωμένος.
2919 1893 3199 1964 Ἀτιμάζει
3261 1893 3318 1946 δέ
3379 1894 3615 1946 ἕκαστον

2027 1987 2096 2041 τά
2120 1987 2266 2057 πάθη
2299 1987 2396 2058 τῆς
2423 1986 2704 2056 αἰσχύνης,
2733 1987 2828 2040 ἐπὶ
2858 1987 2958 2057 τῆς
2999 1986 3227 2050 κτίσεως
3261 1986 3442 2056 πάσης
3477 1986 3615 2038 ἀνα-

2027 2078 2436 2148 καλυπτόμενα.
2468 2076 2576 2130 Kal
2605 2081 2658 2130 οἱ
2679 2077 2990 2145 ὀφθαλμοὶ,
3024 2079 3206 2147 φησὶν,
3250 2079 3305 2130 ol
3329 2077 3615 2145 μετέωροι

2029 2169 2609 2236 ταπεινωθήσονται.
2633 2170 2787 2222 Ὅσοι
2808 2170 3112 2240 ἐπάραντες
3144 2171 3223 2232 εἰς
3241 2168 3372 2239 ὕψος
3399 2169 3613 2221 ἑαυτῶν

2025 2262 2125 2334 τὴν
2164 2261 2424 2325 διάνοιαν,
2475 2257 2617 2315 εἶδον
2659 2260 2748 2314 τὸν
2785 2259 3178 2325 καταδείξαντα
3210 2259 3382 2313 ταῦτα
3406 2259 3610 2318 πάντα.

2025 2347 2173 2407 οὗτοι
2209 2355 2428 2424 ἔχοντες
2477 2350 2785 2422 μετεώρους
2827 2352 2952 2414 τοὺς
2985 2351 3316 2421 ὀφθαλμοὺς,
3345 2349 3420 2420 τῷ
3443 2351 3615 2421 ὑπερ-

2027 2447 2140 2500 άνω
2180 2447 2402 2499 πάντων
2443 2445 2555 2515 (92)
2596 2443 2865 2514 σωμάτων
2910 2444 3142 2511 ἀγαγεῖν
3176 2443 3278 2515 τὴν
3317 2443 3564 2496 διάνοιαν
3595 2457 3608 2470 ·

2025 2535 2146 2592 εἶτα
2179 2538 2267 2591 διὰ
2296 2537 2662 2608 ψευδοδοξίας,
2693 2537 2788 2590 καὶ
2817 2538 2916 2608 τῆς
2949 2537 3152 2608 πολλῆς
3179 2535 3308 2608 περ).
3345 2535 3414 2590 τά
3447 2535 3615 2589 ὑλικά

2025 2630 2420 2702 προσπαθείας,
2448 2631 2600 2684 οὐδὲν
2631 2631 2708 2683 ἔτι
2726 2630 2833 2683 τῶν
2853 2631 3104 2702 μεγάλων
3121 2632 3343 2702 θεωρεῖν
3360 2630 3616 2700 ἠνέσχον-

2021 2742 2103 2782 το,
2140 2725 2253 2779 ἀλλ’
2284 2725 2394 2778 ὅλοι
2422 2725 2694 2795 γινόμενοι
2727 2725 2828 2794 τῆς
2871 2725 3189 2796 σωματικῆς
3233 2723 3611 2789 ἀπολαύσεως,

2021 2815 2414 2870 ταπεινοῦσθαι
2440 2815 2666 2878 δικαίως
2693 2815 2921 2884 λέγοντα

2097 2909 2217 2963 168.
2253 2908 2361 2962 Kal
2387 2909 2773 2977 ὑψωθήσεται
2822 2910 3040 2976 Κύριος
3083 2907 3326 2962 Σαϐαὼθ
3369 2909 3439 2962 ἐν
3490 2908 3618 2975 κρί-

2019 3019 2181 3071 ματι.
2221 3000 2501 3063 Τουτέστι,
2539 3000 2680 3053 κατά
2703 3001 2803 3071 τὴν
2827 3001 3041 3053 δικαίαν
3069 3001 3161 3052 ἐπὶ
3192 3001 3301 3052 τῶν
3347 3017 3616 3071 προειρη-

345 3103 464 3141 rum
522 3103 642 3158 qua:
706 3097 833 3142 sunt
887 3088 1038 3157 prius
1121 3099 1592 3154 commemorata,
1650 3089 1920 3142 exaltatur

2058 3093 2206 3146 ιένων
2233 3091 2604 3155 ἀνταπόδοσιν,
2643 3091 2870 3160 ὑψοῦται
2901 3092 3104 3163 Κύριος
3149 3093 3177 3143 ό
3219 3091 3352 3154 Θεὸς
3385 3092 3442 3143 ἐν
3492 3091 3619 3161 κρί-

345 3180 603 3234 Dominus
651 3180 794 3234 Deus
829 3179 883 3233 in
915 3180 1160 3250 judicio;
1202 3182 1337 3234 adeo
1379 3191 1437 3234 ut
1475 3197 1541 3236 ex
1589 3181 1675 3246 iis,
1711 3198 1829 3249 qua:
1858 3184 1922 3235 ad

2058 3201 2160 3238 ιατι
2181 3200 2193 3212 ⁸
2231 3183 2307 3247 ὡς
2334 3183 2390 3236 ἓν
2427 3181 2536 3236 τῶν
2566 3185 2644 3245 είς
2669 3183 2826 3247 δόξαν
2859 3183 2992 3236 Θεοῦ
3044 3183 3426 3236 συντεινόντων
3474 3178 3618 3234 εἶναι

345 3271 440 3326 Dei
483 3272 716 3340 gloriam
774 3281 830 3326 et
874 3273 1134 3326 honorem
1187 3271 1420 3339 faciunt,
1477 3275 1581 3328 hoc
1637 3291 1798 3327 unum
1829 3276 1922 3340 sit,

344 3366 598 3432 judicium
649 3365 936 3430 videlicet,
969 3367 1116 3434 quod
1162 3367 1226 3421 de
1273 3367 1460 3436 impiis
1511 3383 1608 3436 pro
1641 3369 1847 3422 ratione
1871 3377 1924 3422 et

346 3457 543 3513 merito
595 3473 818 3527 operum
875 3473 906 3512 a
955 3458 1142 3526 judice
1191 3460 1484 3528 profertur.
1535 3458 1714 3525 Quare
1769 3473 1824 3513 et
1871 3461 1923 3512 in

347 3550 468 3617 ipso
508 3547 714 3616 judicio
767 3547 997 3603 altitudo
1049 3548 1332 3617 sapientia:
1387 3552 1779 3619 potestatisque
1815 3551 1924 3604 Do-

346 3637 479 3691 mini
524 3637 876 3706 conspicitur.
940 3637 1407 3704 Quemadmodum
1480 3638 1624 3692 enim
1690 3639 1782 3706 qui
1833 3653 1926 3692 sa-

348 3729 604 3797 pientiam
657 3729 866 3785 ordinis
921 3745 1100 3785 rerum
1165 3731 1468 3786 caelestium
1532 3733 1924 3800 speculantur,

348 3820 402 3872 in
439 3819 717 3874 stellarum
759 3821 865 3875 situ
889 3861 904 3886 ,
951 3833 1100 3876 motu
1128 3864 1144 3888 ,
1180 3835 1340 3894 atque
1367 3825 1418 3878 in
1467 3835 1654 3878 mutua
1687 3826 1924 3894 ipsarum

349 3910 668 3965 habitudine
721 3911 1066 3982 eﬂ‘ulgentem
1092 3955 1108 3979 ,
1140 3913 1250 3981 jam
1284 3915 1593 3986 intelligunt
1638 3918 1927 3985 sapientiae

348 4003 468 4072 ejus
518 4003 1002 4072 magniﬁcentiam,
1057 4005 1138 4059 sic
1188 4015 1245 4058 ut
1294 4006 1476 4061 dicere
1529 4007 1787 4061 valeant:
1825 4007 1929 4061 Sa-

347 4094 560 4164 pientiae
604 4095 720 4164 ejus
771 4111 874 4149 non
911 4105 986 4150 εει
1025 4112 1273 4150 numerus
1323 4098 1416 4163 ης
1496 4099 1611 4167 pari
1647 4099 1803 4154 modo
1834 4099 1928 4169 qui

2025 3277 2120 3330 ml
2141 3277 2202 3329 τὸ
2251 3277 2343 3329 ἐπὶ⁴
2376 3277 2486 3338 τοῖς
2514 3275 2735 3328 ἀσεϐέσι
2786 3278 2960 3346 κρῖμα
2989 3276 3130 3329 κατά
3165 3276 3264 3346 τὴν
3313 3273 3474 3339 ἀξίαν
3506 3274 3618 3327 τῶν

2025 3369 2202 3442 ἔργων
2231 3369 2582 3438 ἐγγινόμενον
2610 3368 2718 3438 (95)
2743 3369 2892 3439 παρὰ
2936 3367 3030 3420 τοῦ
3064 3367 3289 3439 κριτοῦδ
3335 3367 3478 3420 ὥστε
3521 3370 3620 3422 καὶ

2026 3465 2084 3516 ἐν
2112 3466 2177 3534 τῇ
2210 3463 2392 3534 κρίσει
2431 3462 2753 3534 θεωρεῖσθαι
2776 3461 2838 3514 τὸ
2888 3461 3021 3532 ὕψος
3057 3462 3156 3532 τῆς
3201 3461 3472 3524 συνέσεως
3520 3464 3618 3514 καὶ

2025 3555 2123 3624 τῆς
2151 3553 2432 3623 δυνάμεως
2453 3553 2544 3606 τοῦ
2569 3553 2796 3624 Κυρίου.
2825 3554 3036 3624 Ὥσπερ
3064 3553 3170 3623 γὰρ
3203 3554 3252 3605 οἱ
3282 3551 3618 3623 θεωροῦντες

2026 3646 2124 3717 τὴν
2161 3646 2351 3714 σοφίαν
2385 3646 2485 3716 τῆς
2513 3645 2810 3711 διατάξεως
2845 3646 2955 3700 τῶν
3010 3646 3310 3717 οὐρανίων,
3344 3645 3488 3699 κατά
3515 3646 3617 3715 τὴν

2026 3737 2134 3792 τῶν
2170 3739 2414 3809 ἀστέρων
2444 3737 2590 3791 θέσιν
2627 3738 2719 3790 καὶ
2749 3737 2921 3808 φορὰν
2961 3738 3054 3790 καὶ
3097 3737 3281 3807 σχέσιν
3326 3737 3393 3806 ἢν
3431 3737 3616 3806 ἔχουσι

2028 3832 2164 3902 πρὸς
2209 3831 2495 3902 ἀλλήλους,
2543 3830 2644 3899 τῆς
2693 3830 2960 3893 συνέσεως
3009 3829 3170 3882 αὑτοῦ
3225 3829 3284 3881 τὸ
3327 3829 3617 3899 μεγαλεῖον

2028 3924 2260 3987 νοοῦσιν,
2293 3923 2432 3976 ὥστε
2457 3923 2522 3975 ἂν
2545 3922 2808 3976 δύνασθαι
2833 3924 3025 3984 εἰπεῖν,
3055 3923 3136 3975 ὅτι
3169 3921 3285 3989 Τῆς
3303 3921 3618 3987 συνέσεως

2028 4016 2214 4070 αὑτοῦ
2248 4016 2360 4067 οὐκ
2396 4015 2568 4068 ἔστιν
2587 4015 2830 4083 ἀριθμός
2849 4031 2862 4044 ·
2893 4014 3065 4078 οὕτως
3087 4015 3136 4066 οἱ
3177 4014 3467 4084 βλέποντες
3488 4016 3618 4077 τοὺς

2027 4109 2126 4178 τῆς
2159 4107 2393 4178 κρίσεως
2418 4107 2630 4174 λόγους,
2666 4106 2762 4175 οὑχ
2783 4102 2945 4176 ἦττον
2968 4106 3335 4176 θαυμάσονται
3365 4107 3428 4158 τὸ
3456 4107 3515 4157 ἐν
3545 4109 3614 4175 τῇ

347 4189 532 4257 judicii
583 4187 878 4257 reSpiciunt
939 4189 1196 4252 rationes,
1250 4189 1318 4243 iis
1352 4205 1457 4244 non
1505 4191 1702 4246 minori
1746 4191 1925 4246 futura

2058 4197 2208 4268 ερίσει
2239 4197 2399 4265 σοφὸν
2423 4198 2517 4250 καὶ
2553 4198 2793 4262 συνετὸν,
2823 4198 2916 4251 καὶ
2950 4199 3110 4268 μέχρι
3138 4198 3246 4250 τῶν
3269 4197 3616 4250 λεπτοτάτων

346 4289 435 4334 est
463 4279 807 4335 admirationi
842 4279 958 4333 huic
987 4279 1178 4344 judicii
1213 4281 1481 4349 sapientia
1505 4291 1560 4335 et
1590 4284 1876 4352 prudentia
1912 4301 1925 4351 ;

2058 4287 2448 4340 ινταποδοτικὸν
2499 4287 2715 4357 ἑκάστῳ
2761 4288 2854 4340 τοῦ
2906 4289 3044 4358 πρὸς
3093 4287 3269 4352 ἀξίαν.
3323 4289 3479 4358 Τάχα
3522 4284 3617 4340 οῦν

351 4387 452 4427 nec
500 4388 606 4426 non
650 4371 876 4440 aequitas
922 4371 1010 4424 illa
1031 4413 1046 4438 ,
1077 4387 1181 4439 qua
1212 4372 1296 4426 vel
1328 4388 1426 4441 pro
1461 4373 1698 4428 minimis
1746 4383 1799 4429 et
1830 4377 1925 4429 mi-

2058 4383 2151 4439 εαθ’
2187 4385 2417 4438 ἕκαστον
2466 4385 2796 4456 κατόρθωμα
2847 4385 3091 4454 ὑψοῦμεν
3138 4387 3229 4439 τὸν
3257 4385 3426 4438 Θεὸν·
3475 4385 3617 4439 ὥστε

351 4462 653 4516 nutissimis
708 4461 999 4531 unicuique
1063 4463 1313 4518 meritam
1373 4466 1678 4520 mercedem
1741 4483 1925 4537 repen-

2058 4478 2301 4547 ιψοῦσθαι
2334 4479 2496 4530 αὑτὸν
2523 4480 2580 4529 ἐν
2620 4481 2685 4548 τῇ
2725 4477 3051 4551 σωφροσύνῃ
3081 4479 3270 4548 ἡμῶν,
3322 4480 3417 4532 καὶ
3450 4478 3619 4546 ὑψοῦ-

349 4554 520 4610 dit".
573 4553 828 4607 Fortasse
879 4568 1008 4624 ergo
1065 4555 1294 4623 singulis
1357 4556 1516 4610 rebus
1577 4559 1718 4614 bene
1763 4561 1925 4628 gestis

2058 4567 2165 4620 ιθαι
2190 4567 2352 4620 αὑτὸν
2386 4569 2443 4619 ἐν
2476 4569 2540 4636 τῇ
2576 4567 2894 4638 δικαιοσύνῃ
2928 4568 3105 4638 ἡμῶν.
3135 4567 3320 4620 Ταῦτα
3341 4568 3397 4621 δὲ
3428 4568 3619 4638 ἐπειδὴ

353 4646 520 4700 Deum
576 4644 924 4710 exultamus;
987 4647 1122 4700 adeo
1182 4658 1240 4700 ut
1281 4651 1551 4702 exaltetur
1581 4663 1678 4717 per
1729 4661 1931 4721 tempe-

354 4739 587 4792 rantiam
643 4746 884 4792 nostram
912 4776 928 4799 ,
960 4739 1234 4794 exaltetur
1275 4754 1494 4810 quoque
1527 4757 1628 4812 per
1661 4743 1929 4812 justitiam

352 4840 617 4886 nostram.
642 4829 775 4884 Cum
808 4840 989 4884 autem
1026 4831 1141 4885 hmc
1177 4835 1534 4901 perﬁciantur
1571 4836 1664 4890 Dei
1701 4837 1930 4902 auxilio,

354 4921 444 4974 ubi
491 4934 592 4974 nos
617 4920 898 4986 susceptos
931 4921 1190 4986 erexerit,
1233 4936 1330 4975 sua
1360 4939 1458 4979 nos
1489 4940 1590 4992 ope
1618 4924 1934 4983 sulrnlciens

353 5028 418 5066 ac
446 5011 703 5074 ﬁrmans,
751 5019 863 5063 tum
903 5009 1181 5065 dicimus:
1223 5011 1484 5068 Exaltabo
1537 5024 1621 5080 te,
1689 5016 1930 5082 Domine,

354 5105 603 5175 quoniam
647 5103 924 5171 suscepiin
975 5119 1057 5158 me
1089 5103 1157 5158 ’⁸.
1208 5102 1350 5162 Sunt
1393 5118 1577 5163 autem
1635 5112 1817 5166 multa:
1845 5114 1936 5167 Dei

421 5221 466 5251 ’³
501 5219 602 5296 Ιξέι.
638 5235 694 5284 ιι,
738 5217 827 5271 ll.
906 5218 952 5250 ’δ
985 5218 1004 5272 ι
1039 5220 1172 5293 Reg.
1237 5238 1299 5290 ιι,
1351 5224 1443 5280 50.
1519 5226 1714 5282 "Dan.
1785 5244 1885 5296 xu,
1933 5230 1990 5286 ἓ.

357 5305 509 5357 ms,
530 5288 585 5342 2.

433 5444 544 5516 (9!)
576 5445 741 5508 Editi,
773 5444 866 5500 καὶ
889 5443 988 5516 εἰς.
1007 5441 1332 5516 Atquinque
1353 5455 1484 5496 mss.
1513 5442 1628 5516 καί,

434 5511 546 5585 (92)
572 5516 644 5569 Ita
681 5532 808 5570 mss.
846 5515 1104 5583 quinque.
1146 5511 1289 5565 Editi
1321 5525 1468 5575 vero,
1497 5511 1574 5584 τῷ
1603 5513 1743 5586 ὑπὲρ
1759 5513 1933 5568 ἀπάν-

361 5603 548 5724 τωῖ9ῗὴ
580 5653 808 5708 Codices
865 5652 1126 5724 quinque,
1162 5651 1552 5724 ἐγγινόμενονη
1578 5651 1740 5724 Editi,
1784 5655 1933 5723 γινό-

367 5741 548 5797 μενον.
581 5723 1027 5794 Aliquanto’post
1076 5739 1206 5780 mss.
1241 5723 1502 5792 nonnulli,
1533 5723 1817 5796 δυνάμεως
1841 5725 1931 5780 τοῦ

2037 4657 2126 4710 διά
2158 4658 2257 4727 τῆς
2291 4657 2580 4728 συνεργίας
2610 4657 2720 4728 (94)
2749 4657 2840 4710 τοῦ
2872 4657 3006 4710 Θεοῦ
3041 4659 3439 4728 κατορθοῦται,
3490 4660 3618 4712 ὅταν

2039 4747 2322 4802 ὑπολαϐὼν
2348 4749 2496 4819 ἡμᾶς
2526 4748 2808 4820 ἀνορθώσῃ
2834 4788 2848 4812 ,
2883 4750 3181 4821 ὑπερείδων
3219 4751 3366 4821 ἡμᾶς
3385 4753 3450 4821 τῇ
3496 4768 3623 4804 συν-

2038 4839 2200 4911 εργία
2249 4842 2314 4911 τῇ
2348 4841 2477 4909 παρ’
2509 4839 2726 4902 ἐαυτοῦ,
2759 4839 2854 4892 καὶ
2880 4840 3168 4910 στηρίζων,
3195 4841 3313 4893 τότε
3348 4841 3581 4911 λέγομεν
3601 4857 3616 4871 ·

2047 4929 2301 5000 ’Υψ-ώσω
2327 4946 2422 4993 σε,
2453 4932 2651 4998 Κύριε,
2683 4929 2773 4983 ὅτι
2803 4930 3102 4996 ὑπέλαϐές
3117 4949 3213 5001 με.
3241 4931 3442 4985 Πολλαὶ
3471 4933 3528 4985 δὲ
3564 4936 3620 4986 αἱ

2037 5023 2272 5094 ὑψώσεις
2299 5023 2391 5076 τοῦ
2425 5022 2584 5085 Θεοῦ,
2628 5023 2663 5091 ἦ
2711 5038 2771 5074 τε
2799 5022 2938 5074 κατά
2987 5022 3188 5090 γνῶσιν
3220 5024 3316 5076 καὶ
3364 5023 3583 5090 σύνεσιν
3604 5042 3618 5054 ·

2037 5117 2131 5169 καὶ
2151 5117 2185 5186 ἡ
2215 5113 2357 5168 κατὰ
2388 5112 2488 5184 τὴν
2517 5111 2748 5178 διέξοδον
2787 5111 2894 5164 τῶν
2941 5113 3246 5182 μεγαλείων
3285 5114 3451 5168 αὑτοῦ
3477 5155 3492 5179 ,
3530 5117 3625 5169 καὶ

2065 5233 2111 5264 ’⁸
2139 5230 2280 5286 Psal.
2347 5244 2529 5294 cnvr,
2593 5227 2648 5282 5.
2726 5227 2769 5258 ’⁷
2793 5225 2984 5281 Matth.
3033 5243 3160 5292 xu,
3205 5227 3293 5282 27.
3386 5229 3436 5260 “
3476 5229 3622 5285 PSal.

2038 5453 2224 5596 88:59
2251 5522 2472 5596 Antiqui
2496 5519 2764 5596 duolibri,
2789 5523 2880 5578 διὰ
2895 5525 2994 5596 τῆς
3013 5525 3318 5595 ἐνεργείας,
3343 5540 3438 5594 per
3455 5525 3621 5596 pinu-

2043 5597 2142 5669 !em
2172 5591 2270 5669 _Dei
2291 5593 2566 5669 efﬁcacem.
2602 5595 2794 5648 Statim
2839 5591 2969 5650 mss'.
3002 5591 3261 5666 quinque,
3305 5591 3623 5669 ἐάτορθὼσῃ.

2043 5659 2182 5715 Editi
2195 5702 2208 5728 ,
2242 5659 2540 5732 ἀνορθώσῃ.
