3808 6212
186 321 268 379 597
982 319 1329 376 COMMENT.
1371 317 1436 374 IN
1473 319 1712 378 ISAIAM

1819 323 2201 381 ROPHETAM.
2239 326 2391 381 CAP.
2436 323 2502 381 Υ.

3281 333 3384 388 sas
3415 314 3422 319 ’

187 440 299 499 κατὰ
313 437 400 509 τὴν
423 435 529 490 τῶν
563 436 846 508 κριμάτων
883 436 1051 490 αὐτοῦ
1081 437 1334 508 θεωρίαν.
1381 438 1472 490 Διὸ
1499 438 1712 511 εἴρηται

1819 438 2173 495 exaltationes
2220 459 2235 495 :
2281 440 2386 493 alia
2435 439 2495 493 ﬁt
2539 453 2638 510 per
2676 439 3036 508 cognitionem
3085 451 3141 497 et
3181 443 3383 500 intelli-

184 533 286 606 περὶ
313 530 394 584 τοῦ
423 530 651 592 δικαίου,
673 530 755 582 ὅτι
785 533 856 583 Al
884 530 1154 598 ὑψώσεις
1180 530 1289 584 τοῦ
1325 530 1476 586 Θεοῦ
1527 533 1597 585 ἐν
1639 530 1719 596 τῷ

187 626 394 693 hiva
418 622 621 680 αὑτοῦ.
657 619 789 676 Εἶτα
821 623 1008 697 ἐπειδὴ
1033 626 1099 695 τῇ
1125 623 1266 677 κατά
1298 624 1537 698 Θεωρίαν
1559 625 1718 695 ὀρθό--

180 733 279 787 τητι
297 715 350 768 τὸ
371 717 423 768 ὲν
453 717 516 786 τῇ
551 715 747 786 πράξει
774 715 988 769 εὔτονον
1020 716 1380 772 συντέτακται
1403 735 1415 748 ·
1449 719 1558 774 Kal
1569 721 1719 788 ῥομ-

177 806 317 874 μαῖαι
346 805 625 874 δίστομοι,
654 807 819 877 φησὶν
848 807 983 878 (95),
1004 807 1074 861 ἐν
1099 807 1230 874 ταῖς
1253 815 1469 877 χερσὶν
1497 809 1714 875 αὐτῶν,

173 898 384 952 τουτέστι
424 897 568 967 λόγοι
595 899 954 969 ὲκτέμνοντες
985 900 1084 970 τῆς
1111 899 1290 971 ψυχῆς
1318 902 1413 954 καὶ
1442 901 1718 971 ὲκριζοῦν-

174 1006 249 1052 τες
280 989 339 1044 τὰ
363 989 524 1058 πάθη.
589 990 810 1062 Ἐπειδὴ
857 991 914 1044 δὲ
959 992 988 1043 ὁ
1018 989 1223 1061 Κύριος
1255 992 1483 1046 Σαϐαὼθ
1515 993 1717 1065 Κύριος

173 1079 359 1149 λέγεται
387 1079 490 1132 τῶν
524 1080 792 1149 στρατιῶν
816 1096 830 1111 ο
858 1081 978 1134 τότε
1004 1083 1059 1134 αἱ
1089 1082 1361 1152 στρατιαὶ,
1395 1084 1449 1135 αί
1477 1082 1717 1154 λειτουρο

172 1171 338 1238 γοῦσαι
364 1170 506 1241 αύτῷ
529 1172 668 1226 κατά
703 1171 795 1225 τὸν
827 1173 926 1243 τῆς
941 1172 1179 1245 κρίσεως
1205 1174 1415 1243 καιρὸν,
1444 1174 1716 1244 ὑψώσουσι

172 1263 251 1316 καὶ
268 1262 564 1328 δοξάσουσιν
594 1263 688 1316 ἐπὶ
705 1262 784 1333 τῷ
815 1263 1010 1335 δικαίῳ
1036 1266 1132 1317 καὶ
1153 1265 1572 1337 ἀπαραλογίστῳ
1596 1268 1717 1338 κρί-

174 1371 300 1423 ματι.
329 1354 573 1408 Τοιοῦτον
593 1355 650 1407 δέ
675 1372 729 1408 τι
757 1355 1115 1426 ὑπονοοῦμεν,
1142 1358 1224 1410 ὄτι
1270 1357 1591 1428 κρινομένου
1620 1357 1714 1410 τοῦ

172 1448 347 1517 Κυρίου
372 1445 506 1516 μετά
524 1446 632 1499 τῶν
659 1445 962 1518 ἀνθρώπων
980 1448 1210 1515 (Αὐτὸς
1229 1448 1334 1520 γὰρ
1351 1450 1563 1518 Κύριος
1583 1449 1716 1517 ἣξει

169 1539 244 1602 είς
275 1537 462 1604 κρίσιν
490 1536 642 1606 μετὰ
671 1537 779 1590 τοῦ
807 1537 962 1590 λαοῦ
981 1537 1022 1608 ),
1050 1537 1208 1608 μόνος
1252 1539 1281 1590 ὁ
1315 1538 1520 1609 Κύριος
1565 1539 1715 1608 ὑψω-

170 1625 384 1698 θήσέται,
409 1629 622 1693 οὐδενὸς
658 1629 1041 1700 δικαιουμένου
1089 1632 1426 1684 κατενώπιον
1467 1629 1577 1700 (96)
1618 1629 1715 1681 αύ-

165 1720 266 1774 τοῦ.
290 1722 377 1785 Τίς
397 1721 505 1792 γὰρ
532 1723 560 1774 ὁ
585 1719 1070 1791 συνεξεταζόμενος
1089 1723 1208 1784 ταῖς
1242 1721 1349 1775 ἀπὸ
1367 1720 1462 1774 τοῦ
1497 1721 1712 1774 κτίσαν-

1819 531 2056 601 gentiam
2092 570 2109 596 ,
2164 532 2268 586 alia
2325 546 2493 596 vero,
2540 533 2666 585 dum
2721 543 3048 587 enarrantur
3099 538 3386 603 magnifica

1819 625 1937 689 ejus
1974 638 2137 692 opera
2167 663 2182 688 ,
2227 633 2284 678 et
2339 626 2462 678 dum
2502 623 2624 692 ejus
2679 623 2882 693 judicia
2932 628 3383 696 contemplamur.

1819 714 2158 784 Quapropter
2222 717 2287 770 de
2343 715 2491 782 justo
2561 716 2763 770 dictum
2818 725 2904 772 est
2952 735 2967 771 :
3021 717 3385 776 Exaltationes

1817 807 1914 860 Dei
1935 809 1992 860 in
2022 819 2230 876 gutture
2260 809 2373 877 ejus
2403 809 2468 860 ιθ.
2499 807 2727 870 Deinde,
2752 809 3008 877 quoniam
3042 810 3125 863 vis
3153 813 3386 867 actioais

1818 911 1881 950 ac
1910 898 2135 952 ﬁrmitas
2163 915 2262 967 per
2314 908 2516 953 rectam
2550 899 3058 968 contemplationem
3100 905 3388 958 constitui-

1821 995 1929 1051 tur,
1961 989 2233 1059 subjungit
2266 1005 2280 1043 :
2320 989 2387 1043 Et
2441 990 2608 1060 gladii
2656 992 2909 1058 ancipites
2950 993 3007 1046 in
3036 995 3275 1048 manibus
3299 1011 3386 1048 eo-

1819 1096 1934 1132 rum
1971 1080 2048 1146 3°,
2080 1082 2186 1134 hoc
2215 1091 2336 1146 εει,
2372 1099 2672 1149 sermones,
2701 1084 2791 1152 qui
2830 1085 3151 1153 cupiditates
3191 1087 3387 1139 animae

1817 1187 1880 1225 ac
1927 1173 2266 1228 turbulentos
2340 1185 2518 1230 motus
2586 1176 2941 1240 abscindunt,
2997 1191 3063 1230 ac
3127 1178 3386 1232 radicitus

1817 1265 2069 1322 evellant.
2127 1266 2232 1319 Sed
2288 1266 2410 1334 quia
2445 1266 2700 1320 Dominus
2744 1265 2985 1320 Sabaoth
3021 1267 3277 1321 Dominus
3307 1269 3388 1321 (Ii-

1817 1353 1959 1407 citur
1981 1354 2354 1419 exercituum;
2387 1363 2516 1408 tunc
2550 1355 2825 1409 exercitus
2859 1356 2907 1409 ei
2936 1356 3382 1424 temporcjudicii

1818 1444 2141 1500 famulantes
2167 1486 2181 1509 ,
2236 1447 2409 1515 ipsum
2439 1456 2564 1500 sunt
2599 1446 2910 1510 exaltaturi,
2943 1457 3104 1516 atque
3140 1446 3385 1500 aﬂ‘ecturi

1817 1538 1987 1604 gloria
2013 1579 2028 1604 ,
2069 1538 2137 1592 ob
2162 1537 2366 1607 justum
2412 1547 2464 1591 et
2495 1553 2663 1592 verax
2712 1537 3002 1606 judicium.
3033 1537 3250 1606 Aliquid
3285 1536 3388 1588 tale

1816 1630 2056 1684 futurum
2114 1645 2232 1685 esse
2272 1632 2556 1697 opinamur
2581 1673 2596 1696 ,
2635 1646 2756 1683 cum
2805 1630 3068 1683 Dominus
3097 1630 3388 1683 descendet

1818 1725 1870 1776 in
1885 1723 2144 1792 judicium
2165 1723 2325 1794 500
2339 1738 2459 1776 cum
2480 1722 2788 1777 hominibus
2807 1721 2950 1792 (Ipse
2964 1722 3106 1775 enim
3133 1721 3388 1774 Dominus

165 1829 243 1876 τος
289 1785 426 1884 ἡμᾶς
451 1785 815 1885 εὐεργεσίαις,
849 1785 945 1864 καὶ
991 1809 1264 1873 ποικίλαις
1310 1811 1462 1874 ὅσαις
1507 1813 1712 1865 οἰκονο-

1819 1815 1984 1868 ueniet
2030 1814 2083 1865 in
2119 1813 2382 1882 judicium
2434 1827 2554 1865 cum
2601 1811 2794 1879 populo
2838 1810 2927 1880 ³¹),
2971 1825 3161 1877 nempe
3204 1809 3388 1862 Domi-

170 1904 300 1974 μίαις
326 1903 650 1974 φθανούσαις
681 1903 876 1966 κοινῶς
907 1903 1000 1956 ἐπὶ
1023 1904 1128 1956 πᾶν
1174 1901 1234 1955 τὸ
1272 1902 1381 1954 τῶν
1414 1903 1510 1956 ἀνθ
1521 1901 1714 1973 ρώπων

166 1997 320 2065 γένος,
345 1995 632 2050 ἀποδοῦναι
657 1991 726 2048 τὰ
756 1994 846 2048 ἴσα
875 1994 970 2048 καὶ
993 1993 1120 2060 ἄξια
1142 1993 1250 2046 τῶν
1275 1995 1356 2056 εἰς
1371 1993 1532 2047 αὑτὸν
1559 1993 1721 2061 ἐφθα-

164 2087 317 2141 κάεων
331 2088 432 2141 ἀπὸ
456 2088 558 2158 τῆς
579 2087 788 2158 δωρεᾶς
815 2084 910 2138 τοῦ
947 2086 1152 2156 Κυρίου
1173 2084 1456 2156 δυνήσεται
1477 2101 1492 2149 ;
1518 2084 1716 2156 Διόπερ

165 2179 433 2251 ἀποροῦσιν
457 2183 506 2234 οἱ
543 2181 709 2248 ἅγιοι,
749 2181 810 2232 Τί
845 2177 1248 2233 ἀνταποδώσω
1270 2177 1350 2242 τῷ
1380 2178 1591 2246 Κυρίῳ,
1625 2176 1714 2229 λέ-

163 2287 347 2337 γοντες,
377 2271 508 2341 περὶ
540 2272 650 2342 (97)
681 2269 923 2323 πάντων
950 2265 1036 2323 ὧν
1065 2269 1446 2324 ἁνταπέδωκέ
1471 2285 1610 2338 μοι;

1822 1920 1950 1958 num
2003 1904 2176 1958 solum
2231 1903 2526 1957 exaltatum
2576 1903 2641 1956 iri
2687 1903 2767 1966 ³³,
2823 1891 3036 1955 nemine
3087 1901 3388 1968 justilicato

1818 1988 2194 2064 coram'ipso.
2252 1994 2384 2061 Quis
2437 1995 2625 2056 enim,
2671 1992 2825 2062 cujus
2875 1993 2980 2046 vita
3031 1993 3281 2061 exigetur
3323 1993 3388 2046 ad

1779 2143 1788 2152 ,
1819 2087 2125 2141 Conditoris
2171 2086 2342 2140 nostri
2381 2085 2829 2147 beneficentiam,
2875 2092 2930 2136 et
2963 2085 3029 2136 ad
3054 2084 3235 2137 varias
3270 2082 3388 2135 illas

1819 2178 2247 2248 dispensationes
2289 2191 2408 2247 qua:
2449 2178 2516 2230 ad
2539 2191 2700 2230 omne
2770 2189 2939 2245 genus
2985 2173 3264 2228 hominum
3305 2187 3387 2240 ge-

1818 2272 2047 2324 neratim
2074 2270 2408 2340 pertingunt,
2440 2269 2738 2338 rependere
2770 2268 2970 2336 poterit
2999 2269 3142 2336 quod
3175 2280 3387 2335 acquum

163 2363 243 2424 sit,
266 2376 316 2417 et
342 2364 493 2420 bonis
525 2381 555 2418 a
587 2378 649 2419 se
673 2380 737 2419 ex
768 2365 978 2419 Domini
1011 2365 1152 2419 dono
1185 2365 1426 2432 acceptis
1453 2365 1712 2434 dignum?
1748 2364 2110 2432 Quamobrem
2157 2365 2330 2420 sancti
2371 2365 2580 2419 haerent
2627 2377 2691 2417 ac
2753 2362 3024 2426 dubitant,
3085 2360 3330 2415 dicentes
3371 2376 3385 2413 :

162 2456 284 2523 Quid
329 2460 611 2512 retribuam
654 2459 877 2513 Domino
920 2475 1016 2527 pro
1055 2460 1294 2512 omnibus
1324 2475 1441 2526 qua:
1473 2459 1712 2514 retribuit
1751 2460 1878 2514 tui/ti
1907 2461 1996 2514 3’?

225 2549 332 2604 169.
361 2551 467 2604 Kal
507 2554 542 2604 ό
587 2550 732 2616 Θεὸς
770 2550 1000 2619 ὀ-ἄγιος
1037 2550 1480 2620 δοξασθήσεται
1516 2551 1587 2604 ἐν
1626 2551 1715 2604 δι-

157 2644 452 2712 καιοσύνῃ.
493 2643 805 2698 Ἀκολουθεῖ
840 2643 918 2713 τῷ
957 2642 1237 2713 ὑψωθῆναι
1285 2644 1342 2694 ὲν
1375 2643 1604 2713 κρίματι
1655 2643 1717 2696 τὸ

157 2733 457 2805 ὼξασθῆναι
479 2735 575 2788 τὸν
602 2737 753 2803 ἆγιον
779 2737 835 2787 ὲν
872 2734 1210 2809 δικαιοσύνῃ.
1271 2736 1333 2788 Οἱ
1375 2733 1714 2806 τεθεωρηκό-

155 2844 236 2890 τες
265 2826 419 2880 αὑτὸν
473 2827 778 2898 ύψούμενον
833 2827 894 2879 ὲν
949 2828 1062 2888 τοῖς
1092 2825 1202 2896 (98)
1238 2825 1497 2897 κρίμασιν
1524 2867 1538 2890 ,
1572 2821 1716 2879 οὗτοι

157 2919 616 2991 καταλαμϐάνουσι
654 2917 753 2989 τὴν
798 2916 954 2982 δόξαν
996 2917 1095 2987 τῆς
1133 2917 1479 2989 δικαιοσύνης
1524 2917 1711 2970 αὐτοῦ.

154 3010 252 3064 Kal
284 3010 782 3079 ,ϐοσκηθήσονται
829 3013 882 3064 οὶ
924 3008 1355 3078 διηρπασμένω
1375 3011 1454 3076 ὡς
1485 3010 1707 3078 ταῦροι,

153 3102 242 3154 καὶ
264 3102 366 3168 τὰς
385 3102 650 3172 ἐρήμους
673 3100 794 3154 τῶν
811 3101 1272 3170 ἀπειλημμένων
1295 3100 1472 3169 ἄρνες
1497 3099 1718 3170 φάγον-

152 3210 251 3246 ται.
287 3194 346 3250 Ὀ
375 3195 665 3266 γινόμενος
696 3193 1039 3264 αἰχμάλωτος
1062 3191 1188 3254 λαὸς
1212 3191 1298 3246 διὰ
1324 3192 1382 3244 τὸ
1419 3191 1492 3262 μὴ
1524 3190 1720 3246 εἰδέναι

151 3279 232 3330 τὺν
267 3279 488 3352 Κύριον,
513 3280 614 3334 καὶ
634 3280 712 3350 τῷ
746 3281 874 3351 περὶ
915 3280 976 3332 τὸ
1025 3279 1277 3350 μὲθυσμα
1321 3279 1718 3350 ἡμαρτηκέναι,

100 3427 106 3432 _
152 3366 334 3437 τρόπον
363 3368 650 3438 βουκολίου
699 3368 1119 3440 βοσκηθήσεται.
1174 3371 1234 3422 Οἱ
1267 3369 1325 3421 δὲ
1377 3369 1533 3422 αὐτοὶ
1574 3361 1719 3422 οὗτοί

153 3460 276 3512 εἰσιν
302 3461 351 3513 οἱ
367 3461 796 3533 διηρπασμένοι,
819 3461 961 3514 κατά
981 3461 1073 3514 τὸν
1097 3460 1192 3513 τοῦ
1219 3459 1718 3532 αὶχμαλωτίζεσθαι

151 3550 330 3614 αὐτοὺς
357 3553 579 3624 καιρόν.
610 3552 779 3622 Δῆλον
811 3553 891 3616 δὲ,
921 3553 1002 3606 ὅτι
1046 3553 1266 3607 ἐπειδὰν
1306 3553 1634 3625 ἡττηθῶμεν
1660 3557 1718 3608 ὲν

149 3639 219 3710 τῷ
245 3643 462 3715 πολέμῳ
497 3643 607 3697 ὑπὸ
631 3643 738 3697 τῶν
765 3643 1154 3715 ἀντικειμένων
1180 3645 1488 3715 ἐνεργειῶν,
1518 3647 1719 3715 αἰχμα-

151 3729 482 3804 λωτιζόμενοι
515 3736 611 3787 ὑπ’
640 3734 842 3798 αὐτῶν,
865 3734 1054 3806 ὥσπερ
1075 3735 1293 3807 λάφυρα
1317 3735 1425 3807 (99)
1459 3735 1595 3805 μετά
1617 3736 1717 3806 τὴν

148 3822 324 3894 νίκην,
357 3825 798 3898 διαρπαζόμεθα.
837 3828 1275 3898 Διαρπασθέντες
1315 3828 1393 3894 δὲ,
1439 3827 1622 3880 οὐκέτι
1648 3825 1718 3880 τά

150 3914 244 3966 τῶν
282 3916 514 3986 λογικῶν
573 3919 680 3971 ἴδια
710 3921 790 3981 είς
821 3919 1027 3992 τροφὴν
1053 3921 1154 3990 τὴν
1186 3919 1396 3972 ἑαυτῶν
1422 3917 1718 3990 παραλαμ-

147 4005 387 4079 ϐάνομεν,
418 4011 538 4064 ἀλλ’
577 4012 683 4064 ὑπὸ
713 4011 920 4078 ἀλόγων
953 4014 1289 4082 κινημάτων,
1321 4012 1396 4074 ὡς
1421 4011 1598 4081 ἔτυχε,
1617 4028 1716 4080 φε-

151 4097 374 4168 ρόμενοι,
407 4105 618 4173 τρόπον
642 4102 858 4173 ταύρων
889 4104 948 4154 ὲν
979 4106 1043 4173 τῇ
1069 4103 1276 4174 ἐρημίᾳ
1311 4102 1406 4155 τοῦ
1447 4101 1561 4171 βίου
1595 4101 1717 4154 τού-

141 4205 228 4242 του
247 4192 520 4264 διάξομεν.
557 4194 658 4247 Διά
695 4195 852 4248 τοῦτο
897 4194 954 4248 δὲ
986 4195 1086 4247 ούκ
1143 4191 1262 4248 εἷπε
1288 4233 1304 4258 ,
1367 4193 1503 4263 βοῶν
1527 4233 1542 4254 ,
1583 4193 1716 4246 ἀλλά

142 4282 376 4356 ταύρων’,
435 4287 520 4339 ὅτι
571 4287 626 4338 αἱ
677 4287 774 4356 μὲν
826 4286 945 4356 βόες
1005 4286 1261 4357 ἀλλήλαις
1328 4285 1718 4354 συναγελάζον-

139 4389 258 4438 ται,
308 4379 357 4429 oi
415 4378 616 4449 ταῦροι
675 4377 733 4430 δὲ
764 4378 849 4430 διὰ
875 4379 936 4430 τὸ
969 4376 1248 4448 θυμοειδὲς
1291 4377 1523 4448 ὀργίλως
1569 4376 1720 4446 ἔχον-

141 4481 224 4528 τες
250 4470 388 4538 πρὸς
431 4445 721 4539 ἀλλήλους,
758 4445 1143 4538 διεσπασμένοι
1194 4468 1269 4540 (1)
1318 4445 1413 4522 ἀπ’
1467 4445 1712 4540 ἀλλήλων
1745 4445 1788 4498 D

139 4557 404 4627 νέμονται.
445 4560 672 4629 Ἐπειδὴ
705 4559 761 4612 δὲ
803 4560 940 4628 μετὰ
981 4561 1078 4631 τὴν
1121 4559 1496 4631 αἰχμαλωσίαν
1545 4558 1716 4612 πολλά

139 4650 274 4714 εἰκὸς
319 4653 689 4724 ἐρημοῦσθαι,
741 4650 821 4721 τῷ
852 4653 956 4705 ὑπὸ
1007 4652 1114 4704 τῶν
1159 4651 1430 4721 πολεμίων
1473 4651 1716 4721 ἀπῆχθαι

134 4740 251 4804 τοὺς
279 4743 604 4813 οἰκήτορας,
637 4742 726 4795 διὰ
766 4743 921 4796 τοῦτό
946 4759 1076 4813 φησι
1099 4759 1114 4773 ⁸
1162 4743 1272 4796 Kal
1312 4741 1419 4807 τὰς
1458 4739 1718 4810 ἐρήμους

137 4832 247 4885 τῶν
281 4834 752 4903 ἀπειλημμένων
797 4834 978 4904 ἄρνες
1006 4833 1315 4904 φάγονται.
1371 4836 1546 4887 Οἱονεὶ
1584 4835 1716 4905 γὰρ,

135 4927 265 4981 κατά
305 4928 592 4998 ἱστορίαν,
638 4927 731 4979 ἐπὶ
760 4927 860 4996 τῆς
912 4926 1258 4989 Βαϐυλωνίας
1310 4926 1716 4998 ἀποληφθέντες

133 5017 441 5085 κατείχοντο
469 5019 521 5070 οἱ
554 5019 842 5072 ἀνάστατοι
871 5019 979 5070 ἀπὸ
1011 5018 1110 5087 τῆς
1152 5017 1411 5080 Ἰουδαίας
1439 5018 1581 5072 κατὰ
1611 5018 1712 5089 τὴν

1886 2552 2007 2608 169.
2048 2551 2119 2605 Et
2158 2551 2294 2605 Deus
2365 2560 2580 2605 sanctus
2618 2548 3006 2620 gloriﬁcabitur
3047 2548 3104 2601 in
3145 2546 3386 2617 justitia.

1816 2640 2106 2710 Postquam
2153 2643 2422 2695 exaltatus
2456 2651 2538 2695 est
2580 2642 2632 2694 in
2669 2639 2875 2708 judicio
2899 2680 2914 2705 ,
2939 2653 3278 2708 consequens
3307 2645 3390 2692 est

1819 2741 1878 2787 ut
1928 2742 2146 2787 sanctus
2217 2733 2550 2803 gloriﬁcetur
2605 2733 2654 2784 in
2699 2731 2930 2800 justitia.
2969 2730 3070 2794 Qui
3115 2743 3237 2783 eum
3263 2739 3390 2784 sunt

1819 2825 2169 2894 contemplati
2205 2825 2257 2878 in
2285 2825 2504 2891 iudiciis
2536 2824 2828 2877 exaltatum
2854 2863 2871 2887 ,
2915 2823 2948 2876 ii
2979 2822 3202 2891 gloriam
3226 2821 3386 2889 justi-

1820 2916 1907 2969 tiaz
1957 2917 2075 2984 ejus
2122 2916 2606 2985 comprehendunt.
2641 2913 2805 2969 Vsus.
2859 2915 2948 2968 17.
2996 2913 3064 2966 Et
3111 2925 3390 2983 pascentur

1819 3008 2004 3076 direpti
2047 3017 2294 3077 tanquam
2334 3008 2474 3060 tauri
2503 3025 2521 3062 :
2555 3018 2602 3061 et
2643 3009 2848 3062 deserta
2890 3023 3091 3070 eorum,
3123 3007 3214 3075 qui
3249 3006 3390 3074 capti

1821 3109 1984 3166 sunt,
2035 3100 2157 3169 agni
2196 3101 2480 3154 comedent.
2520 3099 2753 3170 Populus
2796 3100 2846 3152 in
2887 3099 3257 3166 captivitatem
3288 3099 3388 3152 ad-

1823 3192 2032 3252 ductus,
2065 3206 2129 3245 eo
2159 3194 2298 3260 quod
2329 3192 2610 3245 Dominum
2649 3207 2752 3245 nou
2777 3199 3174 3261 cognoverant,
3213 3200 3268 3245 et
3307 3191 3390 3244 in-

1822 3280 2065 3333 ciderant
2110 3282 2160 3333 in
2215 3282 2494 3336 ebrietatis
2557 3264 2856 3349 peccatum,
2913 3281 2980 3333 ad
3036 3281 3254 3334 modum
3300 3297 3388 3333 ar-

1821 3382 2124 3424 mentorum
2164 3382 2470 3440 pascentur.
2502 3372 2565 3434 lli
2610 3386 2788 3427 autem
2838 3372 2939 3440 ipsi
2975 3370 3124 3426 fuere
3148 3387 3214 3426 eo
3255 3381 3390 3426 tem-

1818 3479 1950 3533 pore
1992 3465 2223 3534 direpti,
2267 3481 2388 3519 cum
2437 3465 2565 3519 facti
2608 3474 2734 3520 sunt
2772 3464 2992 3534 captivi.
3042 3462 3270 3518 Planum
3306 3475 3390 3520 est

1819 3564 1998 3610 autem
2034 3571 2152 3620 nos,
2192 3557 2278 3611 ubi
2307 3557 2431 3610 victi
2462 3556 2721 3610 fuerimus
2760 3557 2814 3609 in
2859 3555 3014 3620 bello,
3053 3571 3116 3610 ac
3148 3559 3388 3625 superati

1819 3646 1888 3698 ah
1923 3646 2246 3699 adversariis
2290 3647 2642 3716 potestatibus
2668 3686 2683 3710 ,
2728 3656 2890 3714 atque
2919 3648 2986 3700 ab
3024 3647 3153 3715 ipsis
3178 3647 3232 3702 in
3265 3663 3387 3702 ser-

1816 3737 2040 3791 vitutem
2075 3737 2297 3803 redacti,
2335 3747 2459 3792 tunc
2494 3746 2614 3807 post
2647 3738 2928 3792 victoriam
2967 3745 3218 3805 tanquam
3250 3754 3386 3794 exu-

1818 3829 1934 3883 vias
1981 3829 2164 3897 diripi.
2212 3828 2344 3882 Cum
2382 3839 2557 3883 autem
2607 3828 2869 3884 fuerimus
2917 3829 3134 3898 direpti,
3178 3846 3240 3886 ea
3269 3848 3390 3899 quae

1819 3919 2162 3973 rationalium
2194 3929 2320 3973 sunt
2372 3921 2586 3990 propria
2611 3960 2625 3984 ,
2667 3934 2773 3973 non
2805 3921 3036 3990 amplius
3062 3923 3112 3975 in
3143 3933 3385 3977 nostrum

1818 4010 1996 4064 cibum
2043 4012 2409 4076 assumimus,
2463 4012 2554 4064 sed
2610 4012 2864 4077 motibus,
2929 4023 2986 4067 ut
3033 4011 3144 4068 fors
3179 4014 3385 4082 tulerit,

1815 4103 2035 4158 vesanis
2083 4111 2138 4155 et
2187 4103 2435 4156 belluinis
2483 4103 2716 4171 abrepti,
2779 4104 2954 4157 instar
3005 4113 3278 4160 taurorum
3331 4107 3385 4160 in

1817 4196 1942 4249 vita:
1987 4193 2148 4261 hujus
2183 4194 2472 4248 solitudine
2512 4204 2722 4248 aetatem
2769 4195 3239 4265 degemus.Atque
3266 4210 3387 4251 eam

1817 4287 1887 4340 ob
1919 4301 2134 4340 causam
2171 4301 2276 4339 non
2308 4287 2443 4340 dixit
2476 4287 2638 4339 boves
2663 4326 2678 4351 ,
2730 4289 2824 4341 sed
2871 4297 3074 4352 tauros,
3121 4291 3264 4359 quod
3287 4290 3387 4344 bo-

1817 4377 1918 4432 bus
1947 4379 2085 4431 inter
2113 4393 2172 4433 se
2199 4378 2460 4447 gregatim
2493 4376 2802 4430 viventibus
2828 4419 2844 4443 ,
2879 4380 3016 4432 tauri
3047 4380 3116 4434 ob
3145 4381 3384 4434 animum

1817 4468 1883 4520 ad
1912 4468 2246 4522 iracundiam
2291 4481 2518 4536 pronum
2552 4467 2626 4518 ira
2673 4469 2723 4520 in
2757 4482 2814 4520 se
2858 4467 3088 4522 invicem
3118 4470 3390 4525 excande-

1815 4570 2054 4624 scentes,
2092 4558 2345 4627 disjuucti
2376 4568 2429 4610 et
2456 4573 2482 4610 a
2514 4571 2572 4610 se
2626 4559 2853 4611 invicem
2884 4559 3119 4628 separati
3153 4576 3385 4627 pascan-

1815 4659 1921 4702 tur.
1953 4649 2220 4716 Quoniam
2257 4658 2435 4701 autem
2475 4648 2767 4702 verisimile
2806 4659 2926 4702 erat
2978 4649 3093 4704 loca
3137 4651 3371 4719 plurima

1813 4751 1935 4812 post
1985 4743 2349 4810 captivitatem
2398 4741 2669 4794 desertum
2717 4741 2813 4804 iri,
2870 4756 2992 4795 cum
3038 4741 3106 4795 ab
3137 4744 3385 4798 hostibus

1817 4833 2112 4887 abducendi
2165 4843 2345 4886 essent
2389 4833 2608 4894 incolae,
2645 4831 2846 4885 idcirco
2890 4832 2965 4884 ait
3008 4848 3022 4884 :
3077 4831 3145 4884 Et
3177 4833 3386 4886 deserta

1817 4941 1998 4979 eorum
2018 4963 2032 4987 ,
2063 4924 2150 4989 qui
2180 4926 2321 4990 capti
2352 4933 2507 4986 sunt,
2543 4925 2667 4993 agni
2702 4925 2970 4976 comedent
3005 4966 3018 4978 .
3051 4922 3206 4989 Nam,
3231 4925 3384 4990 juxta

1820 5016 2100 5068 historiam
2158 5013 2223 5080 ³⁸,
2282 5013 2334 5066 in
2396 5012 2671 5083 Babylone
2713 5013 2879 5067 veluti
2935 5013 3126 5067 inclusi
3177 5016 3386 5069 detine-

198 5126 242 5196 ’Ϊ
270 5125 412 5179 Psal.
452 5141 642 5189 cxux,
682 5127 736 5182 6.
811 5129 856 5160 ³ο
911 5129 1042 5182 ibid.
1118 5127 1402 5190 ³¹Ιειι.ιιι,
1479 5129 1568 5182 14.
1652 5129 1696 5159 ³³

1830 5169 1843 5180 .
1886 5143 1945 5192 ιι,
1979 5129 2063 5182 Η.
2140 5126 2353 5181 ³⁸Ρεει,
2395 5127 2631 5191 cxv,12.
2708 5124 3018 5180 "llParal.
3056 5142 3242 5190 xxxvi,
3271 5128 3381 5196 20;

130 5193 189 5245 IV
217 5195 349 5265 Reg.
399 5213 538 5262 xxv,
570 5197 655 5249 11.

196 5311 306 5382 (95)
338 5313 514 5376 Editi,
543 5311 787 5382 δίστομοί
823 5326 1008 5381 φησιν.
1035 5309 1164 5363 Illud
1199 5309 1363 5379 φησίν
1387 5309 1440 5362 in
1467 5311 1706 5379 quinque

130 5395 254 5432 mss.
287 5399 392 5435 nou
418 5383 716 5436 invenitur.

196 5450 306 5537 (96)
361 5451 597 5507 Veteres
649 5453 888 5520 quinque
940 5449 1085 5512 libri,
1131 5447 1488 5502 κατενώπιον.
1541 5447 1703 5511 Editi,

126 5521 372 5571 ὲνωπιον.

156 5539 372 5576 νωπιον.

185 5591 295 5662 (97)
331 5591 503 5656 Editi,
535 5591 682 5662 ὸιντί1
711 5589 929 5662 _A_t_mss.
957 5590 1219 5660 quinque,
1242 5588 1391 5659 περί,
1419 5601 1518 5642 nec
1542 5587 1700 5642 aliter

130 5657 221 5714 fuit
252 5657 461 5715 editum
489 5662 633 5727 apud
665 5657 803 5712 LXX

204 5731 306 5802 (98)
367 5731 602 5802 Legitur
629 5731 680 5784 in
723 5730 990 5799 aliquibus
1032 5745 1182 5797 mss.,
1226 5746 1360 5794 τοις.
1405 5727 1584 5795 Editi,
1639 5727 1700 5782 ὲν

1814 5314 1945 5374 τοῖς.
1978 5310 2093 5375 llla,
2127 5327 2246 5380 qua:
2275 5328 2378 5366 non
2427 5313 2502 5366 ita
2545 5321 2716 5366 multo
2771 5320 2892 5379 post
2941 5321 3257 5373 occurrunt,
3288 5313 3384 5364 καὶ

1815 5380 2265 5452 βοσκηθήσονται,
2297 5391 2432 5446 ειε.,
2473 5382 2632 5449 longe
2663 5383 2883 5436 diversa
2915 5392 3039 5434 sunt
3072 5383 3138 5435 ab
3166 5383 3232 5434 iis
3261 5396 3384 5448 qum

1813 5463 1868 5504 et
1892 5453 1983 5521 (in,
2010 5453 2271 5506 Hebraico
2305 5451 2620 5519 exemplari.
2665 5463 2718 5504 et
2753 5453 2803 5504 in
2838 5452 3060 5521 Vulgata
3103 5452 3377 5520 leguntur.

1885 5519 1996 5593 (99)
2009 5521 2247 5593 TVeteres
2259 5523 2364 5575 duo
2394 5523 2536 5593 libri,
2560 5521 2819 5592 λάφυρον.

1809 5591 1832 5653 β
1880 5589 2160 5661 (“Editi,
2200 5590 2607 5663 διεσπαρμένοι.
2644 5589 2720 5644 At
2765 5592 3001 5660 quinque
3048 5604 3179 5646 mss.
3220 5589 3300 5646 uti
3327 5589 3389 5648 in

1812 5669 2078 5717 contextu.
