3808 6212
347 291 452 351 599

1304 284 1652 343 ΑΡΡΕΝΒΙΧ
1688 285 1976 344 OPERUM
2013 289 2072 346 S.
2113 289 2360 345 BASlLll
2398 289 2634 346 MAGNI.

3505 288 3613 345 400

346 410 548 467 bantur
579 409 637 476 ii,
668 407 761 478 qui
785 405 856 462 ob
885 402 1284 474 expeditionem
1317 418 1348 457 a
1387 400 1919 460 Nabuchodonosore

2032 405 2115 460 τοῦ
2143 405 2619 478 Ναϐουχοδονόσορ
2634 402 3021 475 ἐπιστρατείαν
3048 402 3350 474 γενόμενοι.
3376 402 3491 475 Τὴν
3514 399 3629 459 οὖν’

346 504 633 557 adversum
679 514 739 555 se
793 502 1098 567 susceptam
1148 508 1180 548 a
1224 492 1408 549 Judaea
1442 493 1658 550 fuerant
1687 495 1919 564 expulsi.

347 592 574 645 Terram
612 590 775 661 igitur
804 588 871 643 ad
900 601 994 642 eos
1017 585 1108 655 qui
1148 584 1290 654 capti
1321 594 1377 639 et
1410 600 1523 656 prae
1567 586 1692 641 belli
1727 601 1923 642 neces-

346 683 507 738 sitate
534 679 735 737 detenti
780 678 1030 744 fuerant,
1076 678 1437 747 pertinentem
1459 715 1474 741 ,
1502 676 1615 748 jam
1653 677 1708 731 in
1737 679 1922 733 ovium

347 773 600 846 pabulum
644 754 941 835 redactam,
993 769 1140 841 agni,
1195 769 1392 839 inquit,
1437 770 1750 838 depascent,
1780 771 1924 840 quod

349 865 525 922 nullas
573 871 756 920 servet
804 863 1043 931 antiqua:
1097 859 1447 915 habitationis
1491 861 1785 929 reliquias,
1828 863 1924 917 sed

348 958 676 1029 profundum
726 963 1080 1023 tenerumque
1132 965 1354 1023 gramen
1399 966 1466 1006 ex
1507 951 1786 1007 hominum
1831 966 1925 1022 pe-

349 1050 507 1105 nuria
556 1048 815 1104 enutriat.
863 1046 1121 1101 Fortasse
1164 1052 1345 1098 autem
1392 1043 1483 1098 hic
1527 1057 1709 1099 sermo
1758 1043 1924 1099 etiam

351 1156 512 1197 sensu
562 1138 882 1211 prophetico
931 1137 1136 1191 indicat
1165 1176 1181 1203 ,
1216 1136 1360 1206 quod
1392 1150 1513 1190 cum
1542 1136 1923 1190 mandatorum

349 1233 656 1289 divinorum
692 1230 985 1285 violatores
1031 1243 1099 1285 ex
1135 1229 1359 1299 antiqua
1416 1243 1512 1283 sua
1546 1228 1601 1283 in
1644 1227 1777 1284 locis
1801 1242 1923 1283 san-

350 1327 455 1381 ctis
486 1323 825 1380 habitatione
870 1321 1026 1391 ejecti
1069 1321 1178 1376 sint
1205 1329 1259 1375 et
1301 1321 1509 1391 expulsi
1535 1336 1551 1388 ;
1581 1335 1703 1387 nos,
1733 1319 1823 1389 qui
1854 1319 1924 1373 ob

354 1427 637 1490 peccatum
659 1429 847 1471 eorum
891 1413 960 1468 ad
1007 1413 1234 1470 salutem
1288 1428 1385 1483 per
1434 1413 1673 1466 divinam
1711 1411 1927 1481 dispen-

357 1511 623 1567 sationem
654 1504 831 1563 vocati
870 1520 1057 1561 sumus
1084 1543 1099 1569 ,
1132 1504 1255 1574 agni
1299 1503 1522 1574 quidam
1552 1503 1621 1557 ob
1652 1512 1923 1557 recentem

355 1611 604 1657 nostrum
649 1599 702 1654 in
742 1599 845 1654 fide
874 1607 1050 1652 ortum
1084 1596 1358 1667 appellati,
1394 1596 1447 1649 in
1481 1610 1667 1650 eorum
1700 1595 1789 1664 qui
1830 1610 1925 1649 ca-

350 1696 429 1764 pti
474 1702 601 1748 sunt
634 1691 767 1747 locis
791 1691 1121 1761 {pascamun
1150 1688 1380 1756 spiritali
1428 1686 1789 1757 rationalique
1813 1687 1926 1742 elo-

351 1760 601 1855 quiorum
651 1783 747 1838 Dei
794 1760 1068 1837 alimento
1125 1788 1380 1850 tanquam
1444 1788 1630 1834 tenero
1690 1780 1921 1849 quodam
1955 1760 1998 1818 Β

350 1877 594 1949 gramine
633 1874 996 1947 perfruentes.
1043 1873 1183 1940 Quin
1222 1881 1277 1927 et
1316 1870 1577 1926 Dominus
1623 1886 1796 1941 nuper
1830 1886 1925 1939 per

349 1969 511 2025 ﬁdem
554 1980 744 2033 natos,
791 1982 958 2040 agnos
1001 1965 1324 2036 appellavit,
1371 1980 1495 2021 cum
1541 1965 1706 2021 Petro
1743 1965 1921 2021 dixit:

349 2059 537 2117 Simon
557 2059 669 2114 Bar
695 2059 859 2123 Iona,
891 2057 1073 2129 diligis
1103 2057 1228 2111 me?
1261 2054 1428 2110 Pasce
1477 2072 1640 2127 agnos
1682 2072 1823 2110 meos
1856 2056 1922 2110 ³⁸.

419 2151 824 2219 470.V£ns.18,
849 2150 936 2205 19.
957 2149 1043 2203 Vc
1060 2150 1162 2214 his,
1182 2150 1271 2220 qui
1295 2149 1508 2203 trahunt
1537 2158 1750 2218 peccata
1771 2147 1925 2218 quasi

349 2244 585 2316 funiculo
633 2245 824 2313 longo,
862 2255 910 2297 et
944 2242 1094 2314 quasi
1141 2242 1260 2311 jugi
1309 2241 1539 2309 corrigia
1586 2239 1783 2307 vitulos,
1824 2241 1927 2293 ini-

348 2341 613 2408 quitates,
664 2338 752 2407 qui
786 2336 966 2389 dicunt
1013 2351 1032 2390 :
1077 2333 1193 2388 Cito
1238 2335 1654 2404 apprOpinquent
1693 2350 1810 2403 qui:
1837 2334 1924 2402 [a-

350 2431 471 2495 ciet,
496 2438 552 2482 ut
579 2428 885 2500 videamus;
922 2434 969 2479 et
1022 2426 1192 2478 veniat
1233 2425 1512 2478 consilium
1550 2428 1722 2479 sancti
1755 2424 1924 2480 Israel

349 2529 409 2575 ut
436 2535 833 2590 cognoscamus.
885 2516 1054 2572 Nobis
1117 2516 1215 2585 ipsi
1270 2526 1379 2569 tum
1429 2530 1552 2570 cum
1613 2532 1921 2586 peccamus,

350 2613 509 2684 501
547 2611 759 2667 vincula
803 2611 1121 2666 conficimus
1160 2620 1216 2664 et
1251 2608 1545 2676 funiculos,
1573 2613 1770 2679 quibus
1802 2614 1923 2668 vin-

351 2707 561 2761 ciamur
601 2705 843 2773 :quippe
887 2703 1046 2771 juxta
1089 2703 1488 2758 multitudinem
1517 2704 1600 2757 vel
1641 2704 1919 2773 magnitu-

349 2800 529 2855 dinem
577 2808 941 2868 peccatorum,
977 2795 1064 2852 vel
1110 2796 1315 2866 majora
1354 2797 1438 2851 vel
1472 2798 1681 2852 minora
1713 2801 1924 2863 anima-

348 2893 452 2947 bus
482 2890 682 2945 nostris
706 2889 818 2944 lora
846 2888 1113 2944 nectimus
1135 2929 1150 2954 ,
1185 2890 1411 2957 quibus,
1445 2890 1736 2944 secundum
1769 2889 1922 2946 Jere-

350 2980 518 3035 miam
577 2979 662 3044 ⁸³,
710 2979 880 3033 vincti
905 2993 1092 3033 sumus
1153 2994 1217 3035 ac
1282 2977 1543 3048 colligati.
1601 2979 1922 3052 Quicunque

350 3071 517 3142 igitur
544 3071 834 3125 vincuntur
881 3071 1066 3127 carnis
1113 3086 1275 3126 sensu
1297 3112 1312 3137 ,
1354 3071 1390 3126 ii
1433 3072 1662 3128 terrenis
1690 3073 1921 3128 vinculis
1947 3102 1989 3159 ο

348 3162 817 3233 constringuntur;
847 3162 1044 3231 quibus
1080 3178 1271 3217 manus
1288 3176 1476 3217 eorum
1514 3177 1579 3217 ac
1608 3165 1770 3232 pedes
1795 3179 1918 3218 cum

346 3254 495 3324 ligati
535 3253 768 3320 fuerint,
801 3265 922 3323 post
952 3252 1153 3322 justam
1176 3254 1375 3325 judicis
1421 3256 1746 3311 sententiam
1768 3296 1784 3323 ,
1816 3258 1917 3325 ipsi

345 3353 534 3415 utpote
562 3345 804 3400 damnati
831 3346 1123 3417 ejiciuntur
1151 3348 1202 3400 in
1236 3347 1486 3402 tenebras
1520 3349 1824 3403 exteriores
1851 3348 1918 3403 ⁸⁷.

346 3435 608 3506 Ligantur
634 3437 851 3506 quidem
898 3452 1090 3492 manus
1133 3437 1203 3492 ob
1247 3436 1387 3492 facta
1416 3477 1431 3504 ,
1469 3440 1634 3509 pedes
1671 3455 1823 3503 vero,
1851 3441 1921 3493 ob

347 3527 639 3584 incessum.
674 3526 809 3582 Nam
857 3529 1034 3598 reipsa
1069 3530 1440 3600 unusquisque
1484 3531 1770 3596 stringitur
1797 3546 1923 3601 pec-

347 3625 592 3673 catorum
634 3633 855 3674 suorum
899 3619 1142 3686 catenis,
1195 3620 1267 3674 ita
1314 3631 1374 3674 ut
1425 3622 1665 3676 membra
1711 3623 1919 3692 singula

345 3723 467 3778 quas
506 3720 788 3778 peccatum
835 3711 1192 3775 admiserint,
1223 3712 1440 3781 proprio
1488 3714 1720 3781 quodam
1748 3726 1800 3767 et
1830 3730 1924 3782 pe-

347 3800 540 3855 culiari
570 3801 782 3856 vinculo
817 3800 1095 3858 frenentur
1141 3815 1196 3857 et
1251 3804 1643 3873 astringantur.
1697 3804 1790 3860 Va:
1824 3807 1923 3877 igi-

349 3903 469 3962 tur,
503 3893 705 3962 inquit,
731 3894 832 3959 iis,
866 3895 955 3964 qui
987 3893 1202 3948 trahunt
1250 3907 1462 3962 peccata
1491 3896 1644 3965 quasi
1683 3894 1920 3965 funiculo

345 3987 521 4057 longo,
556 3987 657 4041 hoc
679 3996 783 4051 est,
821 3989 915 4056 qui
947 3987 1147 4042 delicto
1178 3988 1346 4056 priori
1388 3990 1676 4053 secundas,
1704 3991 1917 4055 tertias,

342 4087 399 4135 et
426 4077 560 4132 alias
584 4075 850 4146 gradatim
899 4076 1239 4145 impietates,
1283 4076 1581 4146 injustitias
1607 4118 1623 4143 ,
1671 4078 1922 4133 lascivias

343 4176 692 4225 connectunt.
733 4165 869 4220 Nam
916 4169 1206 4235 oportebat
1241 4181 1335 4222 eos
1386 4169 1479 4237 qui
1523 4169 1674 4237 prius
1709 4170 1760 4222 in
1794 4184 1920 4238 pec-

341 4262 483 4317 catis
514 4261 732 4315 fuerant
755 4259 1119 4328 deprehensi,
1173 4260 1356 4313 statim
1402 4271 1525 4330 post
1576 4261 1805 4329 primam
1836 4264 1916 4315 vi-

343 4352 539 4407 tiorum
572 4350 997 4420 implicationem
1039 4364 1138 4406 sua
1183 4350 1421 4421 ipsorum
1449 4362 1676 4422 peccata
1711 4353 1913 4419 delere,

341 4532 488 4589 Fieri
532 4534 748 4600 quidem
795 4549 901 4588 non
946 4542 1126 4604 potest
1166 4541 1226 4588 ut
1282 4548 1393 4589 non
1443 4545 1632 4603 peccet
1674 4534 1911 4589 humana

342 4634 534 4680 natura
569 4642 583 4679 :
615 4624 1051 4694 quandoquidem
1102 4638 1209 4679 non
1253 4631 1338 4680 est
1388 4624 1562 4693 justus
1617 4625 1673 4680 in
1725 4636 1911 4689 terra,

341 4717 433 4786 qui
460 4716 625 4772 faciat
658 4719 854 4772 bonum
879 4757 895 4784 ,
922 4727 977 4772 et
1015 4733 1045 4771 a
1085 4727 1309 4786 peccato
1356 4719 1627 4773 abstineat
1660 4719 1728 4773 ³⁸.
1763 4718 1909 4773 Fieri

343 4814 522 4859 tamen
551 4813 768 4875 potest,
795 4814 856 4859 ut
887 4806 953 4861 de
1010 4815 1237 4875 peccato
1270 4820 1368 4874 per
1400 4806 1797 4877 proclivitatem
1828 4807 1910 4861 vel

341 4909 438 4965 per
488 4893 822 4950 insidiatoris
875 4897 1043 4951 nostri
1093 4896 1384 4967 impulsum
1427 4899 1757 4965 commisso,
1788 4914 1912 4955 con-

339 4987 518 5043 festim
551 4996 756 5043 mutata
802 4989 1069 5044 sententia
1101 5004 1327 5060 agamus
1358 4992 1735 5060 pmnitentiam
1756 5031 1771 5057 ,
1808 5005 1910 5047 nec

2026 497 2210 571 χώραν
2224 497 2324 569 τὴν
2371 497 2735 569 διαφέρουσαν
2762 498 2875 560 τοῖς
2900 495 3333 566 ἀπειλημμένοις
3354 497 3450 550 καλ⁵
3472 514 3613 552 κατ-

2024 586 2307 659 εχομένοις
2340 587 2444 641 ὑπὸ
2472 586 2576 656 τῆς
2600 585 2698 638 τοῦ
2747 584 2986 656 πολέμου
3008 585 3253 656 ἀνάγκης
3310 584 3615 657 μηλόϐοτον

2026 682 2130 735 ὑπὸ
2158 680 2363 753 πολλῆς
2396 680 2633 754 ἐρημίας
2662 679 2964 751 γενομένην
2985 678 3168 749 ἄρνες,
3192 680 3380 750 φησὶν,
3422 680 3616 733 ἐπινε-

2028 776 2316 846 μήσονται,
2351 773 2440 827 διὰ
2466 773 2528 827 τὸ
2574 771 2741 843 μηδὲν
2768 770 3020 840 λείψανον
3065 769 3303 834 παλαιᾶς
3342 770 3615 841 οἰκήσεως

2026 867 2233 937 φέρειν,
2279 864 2418 920 ἀλλά
2458 863 2681 934 βαθεῖαν
2706 863 2802 917 καὶ
2839 861 3062 933 ἁπαλὴν
3110 864 3177 916 ἐκ
3218 862 3318 933 τῆς
3365 860 3477 914 τῶν
3516 862 3613 915 ἀν-

2026 958 2260 1031 θρώπων
2283 958 2520 1031 ἐρημίας
2550 957 2649 1029 τὴν
2676 958 2816 1011 πόαν
2848 956 3159 1028 ἐκτρέφειν.
3210 956 3365 1025 Τάχα
3410 954 3469 1007 δὲ
3510 956 3612 1008 καὶ⁵

2024 1050 2380 1122 προφητικῶς
2399 1051 2427 1102 ὁ
2453 1049 2611 1119 λόγος
2632 1048 2956 1112 αἰνίσσεται,
2985 1049 3069 1101 ὅτι
3090 1047 3200 1101 τῶν
3220 1046 3612 1119 παραϐεϐηκό-

2024 1159 2134 1197 των
2190 1143 2259 1196 τά
2314 1141 2434 1195 θεῖα
2488 1141 2889 1213 προστάγματα
2938 1139 3312 1210 ἐκϐληθέντων
3355 1138 3459 1208 τῆς
3499 1154 3612 1193 πα-

2024 1234 2183 1299 λαιᾶς
2214 1233 2392 1287 αὐτῶν
2422 1234 2480 1287 ἐν
2508 1235 2623 1296 τοῖς
2668 1232 2846 1298 ἁγίοις
2874 1230 3152 1301 διαγωγῆς
3172 1269 3187 1294 ,
3223 1230 3385 1299 ἡμεῖς
3429 1230 3481 1282 oi
3528 1229 3611 1301 τῷ

2025 1324 2433 1399 παραπτώματι
2469 1323 2648 1378 αὐτῶν
2672 1322 2809 1394 πρὸς
2840 1322 2902 1375 τὸ
2941 1320 3180 1391 σωθῆναι
3219 1321 3608 1391 οίκονομηθέν-

2023 1436 2134 1484 τες,
2160 1418 2321 1489 ἄρνες
2373 1417 2518 1483 τινὲς
2541 1416 2631 1471 διὰ
2656 1417 2718 1469 τὸ
2744 1416 2821 1487 (2)
2849 1417 2928 1479 είς
2955 1412 3055 1485 τὴν
3094 1415 3278 1468 πίστιν
3320 1414 3607 1486 ἁρτιγενές

2024 1509 2411 1583 ὀνομαζόμενοι
2441 1513 2556 1574 τοῖς
2582 1511 2692 1564 τῶν
2721 1510 3153 1582 ἀπειλημμένων
3191 1508 3377 1572 τόποις
3420 1508 3605 1561 ἐπινε-

2027 1602 2263 1673 μόμεθα,
2289 1603 2390 1672 τῆς
2430 1604 2804 1673 πνευματικῆς
2834 1603 2930 1656 καὶ
2971 1601 3197 1671 λογικῆς
3237 1602 3446 1672 τροφῆς
3496 1600 3605 1655 Δθῶν

2024 1694 2221 1763 λογίων
2253 1694 2346 1747 τοῦ
2377 1694 2513 1748 Θεοῦ
2537 1734 2551 1759 ,
2586 1688 2698 1747 οἷόν
2728 1711 2876 1758 τινος
2904 1693 3043 1758 πόας
3071 1693 3288 1764 ἁπαλῆς
3309 1693 3608 1747 ἀπολαύον-

2025 1801 2134 1848 τες.
2152 1783 2258 1838 Kal.
2281 1783 2406 1838 ὁΚύ
2416 1801 2528 1854 ριος
2551 1784 2609 1837 δὲ
2638 1783 2765 1847 τοὺς
2796 1784 3100 1854 ἀρτιγενεῖς
3129 1783 3271 1837 κατά
3294 1782 3393 1853 τὴν
3420 1783 3606 1837 πίστιν

2024 1877 2194 1949 ἄρνας
2221 1876 2681 1948 προσηγόρευσεν,
2710 1876 2771 1930 ἐν
2798 1875 2877 1946 τῷ
2908 1875 3089 1944 λέγειν
3135 1875 3327 1946 Πέτρῳ
3347 1891 3359 1906 ·
3405 1874 3608 1943 Σίμων

2024 1967 2148 2037 Βὰρ
2186 1965 2376 2035 Ἰωνᾶ,
2411 1966 2611 2037 φιλεῖς
2632 1982 2750 2036 με;
2780 1968 2979 2021 Βόσκε
3006 1966 3080 2020 τὰ
3102 1966 3283 2030 ἀρνία
3304 1982 3446 2029 μου.

2095 2147 2121 2201 1
2133 2146 2218 2202 70.
2245 2147 2388 2201 Οὐαὶ
2406 2149 2460 2201 al
2482 2144 2888 2217 ἐπισπώμενοι
2898 2146 3007 2214 τὰς
3026 2146 3317 2217 ἁμαρτίας
3337 2147 3419 2214 ὡς
3442 2144 3605 2217 σχοι-

2022 2238 2131 2303 νιῳ
2149 2236 2388 2307 μακρῷ,
2415 2237 2516 2294 καὶ
2537 2238 2619 2304 ὡς
2664 2235 2841 2307 ζυγοῦ
2890 2238 3087 2308 ἱμάντι
3137 2237 3449 2308 δαμάλεως
3494 2241 3603 2306 τὰς

2023 2332 2274 2401 ἀνομίας
2311 2332 2416 2403 (5)·
2446 2331 2816 2401 οίθλέγοντες
2842 2347 2858 2362 ο
2892 2330 2963 2385 Τὸ
3016 2331 3200 2400 τάχος
3244 2329 3537 2401 ἐγτισάτω
3564 2329 3605 2386 d

2023 2422 2285 2491 ποιήσει,
2317 2425 2417 2477 ἵνα
2459 2423 2708 2493 Ζδωμεν’
2749 2423 2862 2477 ,καί
2902 2422 3123 2479 ἐλθέτω
3156 2424 3196 2491 ἡ
3233 2421 3439 2491 ,βουλὴ
3495 2422 3603 2477 τοῦ

2022 2515 2194 2585 ἁγίου
2230 2516 2499 2585 Ἰσραὴλ,
2533 2517 2634 2568 ἵνα
2671 2514 2926 2586 γνῶμεν.
2962 2517 3025 2569 Oi
3078 2515 3484 2587 ἁμαρτάνοντες
3514 2515 3603 2569 δε-

2025 2608 2195 2679 σμοὺς
2225 2609 2438 2671 ἑαυτοῖς
2468 2607 2564 2661 καὶ
2594 2607 2802 2677 σχοινία
2831 2606 2913 2670 οἷς
2957 2606 3220 2676 δεδέμεθα
3263 2607 3605 2661 κατασκευὰ-

2022 2700 2209 2772 ζομεν,
2240 2701 2383 2756 κατὰ
2410 2701 2508 2773 τὴν
2540 2701 2834 2771 ἀναλογίαν
2875 2700 2971 2754 τοῦ
3004 2701 3244 2772 πλήθους
3274 2700 3306 2772 ἢ
3341 2700 3604 2772 μεγέθους

2021 2792 2130 2846 τῶν
2162 2793 2236 2865 (4)
2262 2794 2697 2865 ἁμαρτημάτων,
2729 2792 3011 2866 ἢμείζονα
3047 2792 3081 2863 ἢ
3130 2792 3429 2863 μικρότερα
3472 2793 3604 2845 ἐαυ-

2020 2886 2133 2948 τοῖς
2159 2885 2268 2938 τῶν
2290 2884 2477 2955 ψυχῶν
2514 2884 2583 2937 τὰ
2613 2883 2789 2955 δεσμά
2838 2883 3166 2948 πλέκοντες,
3202 2882 3292 2952 ὑφ’
3336 2876 3413 2936 ὧν
3463 2882 3604 2934 κατά

2021 2973 2114 3029 τὸν
2157 2975 2424 3046 Ἰερεμίαν
2448 2974 2660 3047 δέσμιοι
2682 2974 3004 3045 ἐγενόμεθα.
3040 2975 3104 3027 Οί
3127 2970 3219 3028 οὖν
3252 2974 3606 3046 κεκρατημέο

2021 3084 2102 3121 vet
2131 3067 2236 3122 ὑπὸ
2268 3067 2361 3122 τοῦ
2411 3070 2756 3141 φρονήματος
2787 3068 2890 3139 τῆς
2925 3068 3127 3140 σαρκὸς
3151 3108 3166 3133 ,
3219 3063 3366 3123 οὗτοι
3394 3068 3605 3139 γητνοις

2019 3161 2239 3231 δεσμοῖς
2271 3164 2377 3215 είσι
2418 3162 2840 3233 κατειλημμένοι
2863 3201 2879 3226 ,
2926 3163 3018 3232 ὑφ’
3056 3155 3155 3230 ὧν,
3209 3160 3348 3232 μετά
3392 3162 3488 3231 τὴν
3526 3161 3605 3214 δι-

2021 3253 2183 3308 καίαν
2216 3252 2310 3307 τοῦ
2335 3253 2523 3325 κριτοῦ
2544 3255 2841 3324 ἀπόφασιν,
2879 3255 3127 3319 δεθέντες
3154 3255 3356 3326 χειρῶν
3382 3255 3479 3309 καὶ
3507 3271 3605 3308 πο-

2020 3344 2147 3411 δῶν,
2172 3346 2222 3398 οἱ
2270 3345 2760 3409 καταδικασθέντες
2804 3346 3158 3401 ἐκϐάλλονται
3196 3349 3278 3410 είς
3313 3346 3375 3400 τὸ
3412 3346 3603 3410 σκότος

2018 3438 2081 3491 τὸ
2106 3437 2367 3510 ἐξώτερον
2386 3456 2399 3469 ·
2453 3438 2650 3510 χειρῶν
2683 3438 2802 3509 μὲν,
2831 3438 2921 3492 διὰ
2951 3439 3013 3493 τὸ
3058 3440 3360 3511 πρακτικὸν
3381 3480 3396 3505 ,
3428 3439 3603 3492 ποδῶν
3690 3422 3697 3427 ’

2018 3530 2099 3593 δέ.
2136 3530 2225 3583 διὰ
2271 3531 2332 3587 τὸ
2384 3531 2726 3602 πορευτικόν.
2776 3532 2992 3602 Σειραῖς
3039 3533 3170 3605 γὰρ,
3217 3531 3297 3604 τῷ
3329 3533 3464 3597 ὄντι,
3493 3533 3603 3586 τῶν

2025 3620 2170 3675 ἰδίων
2217 3622 2500 3693 ἁμαρτιῶν
2532 3621 2762 3687 ἕκαστος
2790 3624 3123 3694 σφίγγεται,
3179 3624 3323 3679 ὥστε
3372 3624 3602 3679 ἕκαστον

2019 3716 2129 3771 τῶν
2149 3717 2564 3788 ἐνεργησάντων
2590 3717 2689 3789 τὴν
2718 3718 2995 3791 ἁμαρτίαν
3030 3718 3209 3788 μελῶν
3242 3718 3357 3791 ίδίῳ
3384 3720 3491 3773 τινὶ
3514 3719 3601 3772 δε-

2024 3808 2147 3880 σμῷ
2171 3808 2533 3880 κολαζόμενον
2566 3811 3062 3882 κατασφίγγεσθαι.
3100 3812 3246 3867 Οὐαί
3272 3809 3387 3876 οὖν,
3413 3812 3599 3881 φησιν,

2020 3904 2074 3956 οὶ
2101 3901 2505 3972 ἐπισπώμενοι
2538 3903 2645 3970 τὰς
2678 3905 2970 3973 ἁμαρτίας
2989 3906 3071 3971 ὡς
3095 3905 3347 3974 σχοινίῳ
3368 3902 3597 3973 μαχριῖγ

2018 3991 2317 4055 τουτέστιν,
2343 3995 2391 4045 οῖ
2423 3994 2759 4066 συνείροντες
2778 3995 2857 4066 τῷ
2881 3997 3134 4070 προτέρῳ
3159 3996 3463 4067 πταίσματι
3480 3995 3604 4050 δεύ-

2019 4100 2154 4156 τερα
2180 4086 2273 4139 καὶ
2294 4086 2454 4156 τρίτα
2487 4086 2584 4156 (5),
2618 4087 2711 4140 καὶ
2741 4086 2998 4158 καθεξῆς,
3013 4087 3357 4160 ἀσεϐήματα,
3376 4088 3470 4141 καὶ
3488 4087 3603 4141 ἀδι-

2019 4178 2087 4247 κή
2099 4194 2263 4246 ματα,
2292 4179 2387 4231 καὶ⁵
2420 4179 2866 4250 ἀκολαστήματα.
2893 4181 3045 4233 Ἔδει
3074 4181 3184 4252 γὰρ
3222 4181 3352 4245 τοὺς
3398 4181 3602 4251 προλη-

2019 4268 2254 4339 φθέντας
2293 4269 2352 4325 ἐν
2404 4277 2525 4334 ταῖς
2568 4272 2889 4342 ἁμαρτίαις,
2923 4273 3046 4327 ἀντὶ
3083 4273 3179 4326 τοῦ
3208 4272 3474 4341 σωρεύειν
3506 4275 3601 4326 καὶ

2017 4361 2406 4415 ἐπισυνάπτειν
2438 4365 2552 4423 τοῖς
2585 4365 2774 4426 κακοῖς
2795 4362 2980 4433 ἕτερα,
3011 4363 3173 4427 εὐθὺς
3195 4363 3303 4417 ἀπὸ
3324 4363 3428 4432 τῆς
3448 4364 3599 4434 πρώ-

226 4492 229 4499 ,
343 4445 542 4500 nedum
593 4442 749 4498 malis
817 4443 920 4497 alia
968 4442 1326 4511 adjungerent
1395 4456 1909 4514 connecterentque.

2032 4467 2116 4519 της
2140 4450 2247 4504 τῶν
2294 4450 2482 4503 κακῶν
2512 4451 2717 4522 πλοκῆς
2752 4453 3041 4506 καταλύειν
3085 4453 3154 4507 τὰ
3202 4454 3596 4525 ἁμαρτήματα.

2019 4543 2111 4612 Μὴ
2137 4543 2402 4613 ἁμαρτεῖν
2438 4542 2535 4612 μὲν
2565 4542 2675 4614 γὰρ
2703 4543 2801 4614 τὴν
2838 4545 3186 4615 ἀνθρωπίνην
3221 4546 3403 4614 φύσιν,
3454 4546 3601 4616 ἁμή-

2018 4646 2179 4700 χανον
2205 4648 2218 4661 ο
2259 4630 2394 4684 διότι
2424 4632 2524 4685 οὐκ
2568 4632 2685 4685 ἔστι
2729 4632 2937 4696 δίκαιος
2966 4634 3059 4686 ἐπὶ
3101 4634 3201 4705 τῆς
3244 4635 3370 4704 γῆς,
3405 4634 3465 4697 ὃς
3492 4635 3598 4705 (5‘)

2017 4722 2234 4793 ποιήσει
2250 4722 2474 4790 ἀγαθὸν,
2493 4723 2587 4777 καὶ
2615 4724 2713 4794 οὐχ
2737 4725 3133 4796 ἁμαρτήσεται.
3150 4726 3383 4779 Δυνατὸν
3398 4726 3601 4788 δέ,ἁπὺ

2015 4813 2109 4867 τοῦ
2146 4815 2409 4884 ἁμαρτεῖν
2455 4816 2597 4869 κατά
2637 4818 2969 4888 προπέτειαν
3007 4817 3040 4887 ἢ
3095 4817 3452 4889 συναρπαγὴν
3498 4818 3598 4872 τοῦ

2016 4903 2456 4970 ἐπιϐουλεύοντος
2482 4909 2638 4977 ἡμῖν,
2670 4907 2833 4972 εὐθὺς
2874 4908 3380 4981 μεταϐαλλομένους
3431 4926 3603 4980 μετα-

2014 4997 2177 5060 νοεῖν,
2208 4997 2302 5048 καὶ
2328 4995 2403 5067 μὴ
2435 4996 2793 5069 ἐπισωρεύειν
2822 4998 2971 5052 κακά
2995 5002 3205 5063 κακοῖς.
3238 5000 3449 5070 Ὥσπερ
3486 4999 3602 5070 γὰρ

408 5187 454 5221 ³⁵
484 5185 641 5242 Joan.
674 5202 787 5254 xu,
828 5187 915 5242 l5.
991 5189 1036 5220 ³⁸
1063 5152 1263 5244 Th-ren.
1313 5204 1400 5258 ιιι,
1428 5190 1516 5244 54.
1595 5192 1640 5224 ³⁷
1691 5192 1881 5265 Matth.

2033 5212 2080 5262 ι,
2119 5198 2206 5253 15.
2283 5197 2330 5228 ³⁸
2360 5196 2503 5251 Psal.
2534 5213 2654 5263 xm,
2683 5199 2733 5254 5.

517 5345 757 5421 [lietque
795 5344 971 5410 Colb.,
999 5346 1088 5421 διά
1107 5347 1168 5401 τὸ
1187 5347 1345 5421 μηδέ.

411 5417 486 5488 (5)
512 5418 604 5493 §ic
635 5417 760 5493 libri
781 5427 1011 5493 veteres.
1044 5417 1198 5493 Editi
1221 5417 1370 5487 vero,
1410 5421 1686 5493 ἁμαρτίας
1729 5423 1909 5478 αὐτῶν

332 5483 477 5559 dic...
510 5487 793 5559 δαμάλεως
817 5487 921 5559 Δτὰς
946 5488 1242 5559 ἁμαρτίας.

430 5555 682 5633 ιιέΕιιηῖ,
701 5556 844 5609 κατά
864 5555 1369 5633 τῂνῄὰναλογίαντὸ
1395 5562 1496 5633 τῆς
1526 5561 1789 5628 πτώσεως
1810 5565 1906 5618 τοῦ

334 5621 591 5707 πλήθους.
618 5625 857 5707 Uterque
877 5621 1052 5707 (ξηιλ,
1076 5621 1223 5707 κατά
1249 5630 1346 5703 τὴν
1381 5621 1673 5702 ἀναλογίαν
1696 5621 1798 5707 τῆς
1820 5636 1910 5687 πί-

337 5695 562 5767 στεωςῆ
588 5694 851 5767 μεγέθους
875 5696 1006 5763 τῶν,
1048 5709 1151 5754 etc.
1191 5694 1321 5772 Beg'.
1363 5694 1633 5761 secundus
1690 5694 1909 5763 brEvius

2016 5355 2255 5439 quidem,
2303 5357 2397 5439 sed
2446 5356 2580 5439 satis
2625 5363 2773 5427 apte,
2828 5358 2971 5439 κατὰ
3011 5359 3112 5431 τὴν
3158 5360 3610 5439 ἀναλογίαντῆς

2016 5425 2278 5505 πτώσεως
2309 5426 2353 5505 ἢ.
2384 5425 2749 5505 μείζοναηρνο
2768 5431 2973 5505 ratione
2994 5425 3171 5496 casus,
3207 5445 3315 5491 etc.
3340 5425 3611 5505 'Deniqu'é

2014 5507 2168 5550 vetus
2206 5498 2719 5570 Gotnbelisiigcodex
2764 5511 2818 5553 et
2868 5499 3001 5570 Reg.
3044 5514 3273 5570 quartus
3313 5505 3410 5568 ita,
3445 5498 3611 5564 ut'in

2017 5576 2273 5621 comextu
2315 5568 2498 5622 videre
2532 5568 2675 5622 licet.

2087 5635 2418 5715 (ﬁj‘vne‘teres
2443 5636 2854 5715 quinquelibri,
2895 5639 3073 5713 τρίτα.
3109 5641 3275 5708 Edili,
3303 5642 3456 5715 τρία.

2078 5706 2825 5789 ⁸(δ’)νος.ιῑιιιιί,ιι›ς.ε;ι›;ιι
2928 5706 2941 5713 ·
3261 5706 3270 5708 '
3338 5706 3413 5765 '.
