3808 6212
344 253 450 312 406

1297 257 1642 315 APPENDIX
1679 261 1964 317 OPERUM
2004 264 2061 318 S.
2101 262 2349 319 BASlLll
2386 264 2618 323 MAGNI.

3509 269 3618 324 ωε

349 379 498 426 ratus
523 368 807 442 diligenter
836 371 1094 429 adhibent
1120 375 1186 429 ad
1219 380 1572 446 peccandum,
1609 389 1665 438 et
1689 384 1925 439 maxime

2079 387 2126 439 τὶ
2155 385 2356 449 ταύτας
2406 386 2638 450 εὐτόνως
2679 386 2775 439 καὶ
2809 385 3064 458 ίσχυρῶς.
3113 384 3348 439 Δυνατὺν
3381 383 3618 457 ίμέντοι,

346 463 394 516 si
440 477 534 517 eos
576 473 890 518 constanter
941 464 1269 538 fortiterque
1298 471 1610 540 perﬁciunt.
1665 475 1922 532 Attamen

349 555 464 609 tieri
499 566 708 625 potest,
739 567 794 611 ut
823 557 868 614 is
890 598 905 622 ,
934 560 1023 628 qui
1077 571 1299 628 peccato
1339 565 1551 620 vinctus
1589 575 1693 633 est,
1725 583 1922 636 sequa-

349 655 437 698 tur
479 644 777 711 Christum,
832 651 895 702 iis
923 652 1014 720 qui
1058 652 1113 705 in
1163 655 1384 709 vinculis
1431 668 1574 720 sunt,
1621 659 1873 716 dicentem
1905 680 1924 717 :

350 735 524 803 Exite,
545 747 595 790 et
626 739 790 808 iisqui
810 742 864 794 in
890 742 1134 809 tenebris,
1159 755 1213 798 ut
1236 747 1525 802 revelentur
1545 750 1607 805 ³9.
1636 750 1806 807 Vincti
1827 768 1927 807 au-

348 835 453 880 tem
485 841 518 882 e
542 843 762 883 carcere
791 844 1077 901 exeuntes,
1107 845 1270 905 atque
1300 854 1367 893 ex
1393 842 1631 898 tenebris
1653 844 1716 897 ad
1751 845 1922 902 lucem

345 932 530 973 veram
554 922 744 978 oculos
775 939 870 994 per
908 929 1286 995 ptenitentiam
1318 933 1653 1001 attollentes,
1689 953 1926 1007 sequun-

347 1019 435 1063 tur
477 1010 802 1081 Christum,
860 1019 1185 1075 conlitentes
1236 1023 1474 1093 quidem,
1541 1027 1640 1082 sed
1696 1033 1926 1086 manicis

345 1106 660 1173 compediti,
694 1108 864 1164 donec
900 1127 997 1182 per
1029 1115 1166 1170 bona
1199 1131 1362 1186 opera
1394 1121 1760 1186 trausmutati,
1795 1121 1928 1176 ﬁant

345 1194 492 1266 digni
527 1198 619 1266 qui
671 1200 739 1252 ab
780 1203 897 1271 ipso
933 1204 998 1258 iis
1049 1207 1142 1275 qui
1189 1209 1342 1276 prius
1377 1210 1741 1265 inenodabilia
1769 1224 1927 1283 puta-

344 1283 546 1340 bantur
573 1288 805 1347 vinculis
835 1293 1134 1350 solvantur.
1163 1298 1225 1353 lli
1262 1311 1470 1360 autem.
1495 1304 1736 1370 peccatis
1758 1313 1928 1359 attra-

346 1375 490 1442 ctis,
545 1379 836 1451 diviuoque
903 1385 1110 1456 judicio
1183 1401 1541 1460 contempto,
1611 1394 1928 1466 plerumque

348 1469 534 1524 verbis
567 1473 680 1527 suis
715 1476 1025 1534 accelerant
1073 1483 1248 1537 minas
1272 1523 1288 1547 ,
1330 1488 1484 1554 quasi
1514 1486 1649 1540 nihil
1676 1488 1784 1542 sint
1821 1489 1926 1543 sibi

347 1562 630 1630 nociturae,
658 1581 723 1622 ac
743 1568 930 1625 dicunt
957 1591 969 1626 :
1002 1572 1119 1628 Cito
1145 1578 1566 1647 appropinquent
1598 1596 1715 1648 qua:
1740 1580 1922 1648 faciet,

345 1661 404 1703 ut
438 1653 735 1720 videamus;
777 1669 825 1714 et
859 1663 1029 1717 veniat
1082 1667 1360 1721 consilium
1409 1670 1579 1723 sancti
1614 1669 1818 1736 Israel,
1862 1681 1920 1724 nt

344 1761 743 1815 cognoscamus.
791 1754 958 1825 Atqui
999 1756 1272 1814 funiculus
1303 1761 1396 1817 ille
1445 1761 1638 1830 longus
1677 1772 1762 1818 est
1792 1804 1806 1827 ,
1832 1767 1922 1832 qui

347 1849 626 1902 peccatum
679 1842 840 1914 longe
889 1858 1159 1904 remotum
1210 1851 1457 1906 attrahit.
1517 1852 1716 1922 Liquet
1777 1853 1923 1908 enim

349 1925 477 1981 talia
526 1930 631 1986 dici
684 1935 751 1988 ab
790 1936 890 2004 iis,
924 1939 1016 2007 qui
1056 1950 1283 1996 venturo
1340 1943 1540 1998 saeculo
1582 1959 1688 1998 non
1722 1943 1926 1998 habent

348 2022 549 2090 tidem,
582 2026 676 2081 sed
730 2041 1093 2099 aspernantur
1138 2035 1611 2092 comminationes.
1666 2037 1925 2105 Quisquis

346 2117 494 2171 enim
543 2117 744 2176 Christi
796 2122 1113 2180 reformidat
1159 2128 1442 2193 tribunal,
1505 2144 1570 2184 ac
1619 2129 1926 2198 iuventutis

347 2217 567 2274 peccata
596 2223 814 2268 revocat
857 2215 910 2270 in
960 2221 1314 2288 memoriam,
1361 2219 1923 2288 fastidiosejudicium

347 2314 544 2366 urgere
595 2320 699 2359 non
741 2308 979 2363 audebit.
1023 2310 1262 2379 Contra,
1299 2323 1556 2381 precatur
1603 2313 1791 2382 utique
1820 2315 1923 2369 sibi

348 2395 638 2450 terminum
683 2398 976 2470 longiorem
1018 2418 1082 2458 ac
1126 2405 1509 2470 remotiorem,
1566 2420 1676 2475 quo
1723 2406 1928 2460 diutur-

347 2486 490 2541 niori
521 2497 764 2559 tempore
811 2508 966 2547 suam
1006 2496 1177 2566 ipsius
1222 2500 1458 2564 animam
1507 2513 1536 2551 a
1572 2505 1925 2566 peccatorum

346 2580 600 2636 sordibus
639 2596 945 2655 expurgare
979 2589 1172 2657 possit.
1222 2588 1394 2645 Porro
1433 2589 1760 2659 Acbitopltel
1791 2589 1837 2622 "°
1869 2598 1927 2646 et

345 2669 514 2728 Judas
531 2675 649 2728 ‘1.“
673 2677 913 2732 smltaeet
936 2678 1258 2736 inconsultae
1284 2682 1354 2737 ad
1409 2681 1589 2738 futura
1617 2683 1925 2738 festinatio-

348 2762 433 2816 nis
477 2765 701 2822 evidens
746 2770 1052 2841 exemplum
1107 2773 1432 2841 praebuere,
1463 2777 1553 2846 qui
1600 2777 1744 2846 quod
1785 2775 1925 2830 mala

347 2857 635 2920 przcsentia
662 2858 858 2916 futuris
886 2865 1154 2918 atrociora
1179 2906 1193 2928 ,
1237 2875 1294 2921 et
1322 2869 1611 2937 opprobria
1645 2870 1924 2924 hominum

347 2949 594 3004 cruciatu
645 2953 903 3022 gehennae
951 2956 1376 3014 iutolerabiliora
1425 2974 1551 3016 esse
1588 2961 1922 3016 arbitraren-

353 3048 478 3107 llll‘,
527 3041 744 3110 laqueo,
789 3060 950 3114 quam
1004 3057 1182 3102 morte
1224 3061 1416 3120 sponte
1464 3061 1674 3107 natura)
1733 3068 1924 3122 ριόνθ-

347 3132 540 3200 uienti,
575 3135 744 3189 vitam
795 3137 954 3192 linire
992 3139 1322 3196 maluerunt.
1359 3142 1592 3208 Etenim,
1622 3143 1666 3197 si
1702 3155 1927 3200 venturo

347 3224 550 3280 saeculo
601 3225 978 3295 adjuuxissent
1027 3227 1186 3283 ﬁdem
1213 3269 1230 3295 ,
1279 3233 1502 3288 minime
1546 3235 1646 3288 sibi
1688 3219 1926 3290 mortem

348 3316 641 3389 suspendio
670 3319 1063 3374 conscivissent
1099 3337 1115 3374 :
1146 3319 1257 3375 imo
1291 3322 1458 3376 etiam
1489 3324 1616 3378 licet
1654 3325 1780 3378 vita:
1808 3340 1926 3378 mo-

349 3405 523 3464 lestiis
552 3407 897 3464 adicerentur
925 3429 940 3478 ;
969 3411 1017 3465 si
1053 3419 1232 3467 tamen
1281 3415 1541 3484 supplicia
1569 3414 1752 3470 futura
1778 3415 1926 3485 judi-

346 3501 734 3579 cassent503
760 3503 1113 3571 praesentibus
1143 3519 1266 3560 esse
1289 3505 1742 3574 formidabiliora,
1765 3510 1926 3564 vitam

347 3590 487 3647 hanc
517 3578 749 3649 tolerare
792 3610 900 3651 non
943 3595 1306 3652 dubitassem.
1357 3597 1628 3666 Ejusmodi
1663 3578 1927 3666 eratJob,

348 3701 471 3741 cum
502 3686 706 3743 diceret
737 3706 751 3743 :
779 3687 1000 3745 Utinam
1063 3694 1330 3760 meipsum
1361 3707 1578 3762 possem
1609 3709 1770 3748 manu
1799 3709 1929 3748 con-

349 3779 535 3846 ﬁcere,
565 3791 659 3835 aut
679 3790 830 3837 certe
861 3782 1188 3852 deprecatus
1218 3784 1473 3851 alterum,
1504 3795 1560 3840 et
1591 3784 1756 3840 faciet
1795 3785 1929 3839 mihi

349 3871 476 3927 hoc.
532 3869 669 3926 Nam
740 3883 795 3928 et
841 3873 927 3928 his
992 3869 1175 3928 verbis
1246 3871 1565 3929 ostendebat
1602 3877 1928 3945 gravitatem

347 3965 522 4036 plagae
567 3973 734 4039 atque
780 3967 1169 4036 acerbitatem,
1217 3978 1273 4023 et
1325 3971 1590 4029 adversus
1638 3984 1733 4025 eas
1784 3970 1930 4037 ipsas

346 4070 485 4128 quas
542 4055 644 4111 sibi
691 4057 942 4110 struebat
985 4057 1214 4112 insidias
1259 4059 1488 4112 cavebat
1535 4056 1661 4112 sibi.
1715 4058 1928 4113 Etenim

347 4147 440 4221 qui
493 4162 554 4202 se
597 4149 697 4219 ipsi
739 4164 835 4217 per
880 4149 992 4206 vim
1026 4149 1094 4204 de
1135 4150 1317 4204 medio
1344 4149 1573 4214 tollunt,
1604 4149 1931 4204 damnantur

349 4240 650 4304 homicidii.
703 4241 839 4315 Quia
878 4255 1009 4296 vero
1055 4241 1220 4296 etiam
1273 4241 1414 4310 apud
1455 4241 1682 4298 Paulum
1714 4241 1930 4296 inveni-

350 4349 469 4387 mus
499 4332 604 4388 dici
633 4349 663 4387 a
701 4333 1022 4402 quibusdam
1058 4349 1073 4386 :
1102 4331 1394 4387 Faciamus
1432 4332 1599 4396 mala,
1632 4342 1686 4385 ut
1718 4334 1931 4389 veniant

2027 479 2340 555 γενόμενον.
2373 477 2591 548 δέσμιον
2625 479 2922 550 ἁμαρτίας,
2971 477 3337 548 ἀκολουθῆσαι
3364 478 3618 549 Χριστῷ,

2029 567 2110 634 τῷ
2124 569 2364 637 ἐροῦντι
2384 568 2510 634 τοῖς
2531 569 2601 622 ἐν
2617 568 2863 638 δεσμοῖς
2877 585 2892 600 ⁸
2937 567 3260 633 Ἐξέλθετε,
3277 566 3520 632 καὶτοῖς
3545 569 3622 620 ἐν

2025 659 2106 726 τῷ
2130 661 2356 724 σκότει,
2374 658 2882 729 ἀποκαλυφθῆναι
2907 658 3040 729 (Η).
3060 656 3401 722 Ἐξελθόντες
3423 657 3480 710 δέ
3505 656 3619 710 ἀπὺ

2027 753 2276 823 φυλακῆς
2295 754 2346 805 οἱ
2369 752 2597 823 δέσμιοι,
2621 752 2715 805 καὶ
2758 750 2868 804 ἀπὸ
2897 749 2989 803 τοῦ
3015 751 3239 813 σκότους
3265 749 3343 820 τῷ
3371 745 3618 819 ἀληθινῷ

2027 846 2166 916 φωτὶ
2193 845 2281 898 διὰ
2298 845 2394 916 τῆς
2419 845 2708 915 μετανοίας
2727 843 3116 914 ἐμϐλέψαντες,
3143 843 3367 894 ἕπονται
3389 839 3616 912 Χριστῷ

2026 937 2526 1009 ἐξομολογούμενοι,
2560 937 2831 1007 δεδεμένοι
2870 938 2928 989 ἐν
2975 935 3338 1006 χειροπέδαις,
3389 933 3496 996 ἕως
3544 931 3616 984 ἂν

2027 1033 2092 1083 ἐκ
2121 1030 2221 1100 τῆς
2258 1028 2366 1083 τῶν
2390 1027 2609 1098 ἀγαθῶν
2657 1009 2965 1099 μεταϐολῆς
3012 1027 3153 1091 ἄξιοι
3198 1027 3464 1095 γένωνται
3516 1023 3614 1078 τοῦ

2027 1122 2252 1194 λυθῆναι
2275 1123 2365 1176 ὑπ’
2398 1123 2562 1197 αὑτοῦ
2605 1123 2715 1176 τῶν
2753 1123 3012 1192 ἀφύκτων
3052 1123 3192 1186 τέως
3233 1120 3614 1193 νομιζομένων

2028 1209 2165 1266 εἶναι
2189 1213 2428 1285 δεσμῶν.
2445 1209 2693 1281 Οὗτοιδὲ,
2711 1218 2760 1268 oi
2785 1214 3158 1284 ἐπισπώμενοι
3183 1214 3284 1279 τὰς
3305 1214 3614 1285 ἁμαρτίας,

2027 1308 2121 1361 καὶ
2167 1309 2632 1379 καταφρονοῦντες
2678 1309 2778 1379 τῆς
2803 1307 2954 1370 θείας
3001 1307 3274 1378 κρίσεως,
3327 1305 3618 1375 ἐπείγουσι

2027 1397 2287 1461 πολλάκις
2316 1398 2393 1469 τῷ
2445 1398 2588 1469 λόγῳ
2623 1397 2693 1451 τὰ
2724 1396 3094 1467 ἀπειλούμενα
3117 1440 3131 1464 ,
3165 1397 3242 1461 ὡς
3297 1396 3468 1468 μηδὲν
3498 1397 3616 1467 (Η)

2027 1492 2337 1562 πεισόμενοι
2367 1492 2498 1563 παρ’
2528 1489 2731 1555 αὐτῶν,
2765 1492 2861 1544 καὶ
2885 1490 3108 1560 λέγουσι
3127 1508 3141 1521 ·
3195 1490 3266 1544 Τὸ
3299 1489 3486 1559 τάχος
3513 1491 3618 1560 ἐτ-

2027 1581 2248 1653 γισάτω
2267 1581 2306 1636 ιῖ
2327 1581 2587 1649 ποιήσει,
2605 1584 2708 1636 ἵνα
2727 1583 2944 1652 ἴδωμεν
2967 1598 2981 1613 ·
2999 1582 3098 1637 καὶ
3113 1581 3332 1636 ἐλθέτω
3345 1583 3384 1650 ἠ
3404 1581 3616 1651 βουλὴ

2030 1671 2138 1727 τοῦ
2164 1673 2336 1743 ἁγίου
2377 1673 2647 1741 Ἰσραὴλ,
2673 1674 2776 1728 ἵνα
2805 1672 3060 1742 γνῶμεν.
3092 1671 3254 1726 Ἀλλά
3281 1671 3440 1725 τοῦτο
3468 1688 3621 1742 σχοι-

2030 1765 2141 1820 νίον
2175 1766 2402 1837 μακρὸν,
2426 1765 2523 1837 τὴν
2556 1764 2745 1838 πόρρω
2788 1765 3051 1836 κειμένην
3100 1764 3378 1834 ἁμαρτίαν
3417 1767 3618 1818 ἐπισυ-

2034 1857 2280 1928 ρόμενον.
2311 1857 2480 1928 Δῆλον
2512 1857 2642 1930 γὰρ,
2677 1857 2760 1910 ὅτι
2793 1856 3151 1920 ἀπιστοῦντες
3184 1857 3312 1928 περ)¹
3357 1854 3454 1908 τοῦ
3488 1855 3620 1926 μέλ-

2030 1944 2213 2008 λοντος
2239 1945 2455 2010 αἰῶνος,
2483 1946 2578 1999 καὶ
2617 1944 3088 2015 καταφρονοῦντες
3131 1944 3239 1998 τῶν
3281 1943 3619 2014 ἀπειλουμέ-

2031 2055 2158 2101 νων,
2191 2038 2415 2091 τοιαῦτα
2449 2037 2716 2105 λέγουσιν.
2745 2038 2820 2090 Οὐ
2848 2036 2959 2110 γὰρ
2980 2040 3008 2091 ὁ
3037 2037 3370 2107 φοϐούμενος
3410 2037 3474 2090 τὸ
3517 2037 3616 2091 τοῦ

2030 2129 2268 2202 Χριστοῦ
2311 2130 2678 2201 δικαστήριον,
2726 2130 2823 2184 καὶ
2853 2129 3251 2200 ἀναλαμϐάνων
3305 2131 3376 2200 τῇ
3423 2131 3619 2204 μνήμῃ

2029 2220 2098 2274 τὰ
2132 2222 2197 2273 ἐκ
2221 2220 2469 2290 νεότητος
2499 2219 2864 2292 ἡμαρτημένα
2882 2220 3015 2290 (l5),
3043 2220 3305 2291 τολμήσει
3338 2237 3628 2294 καταφροτ

2031 2311 2267 2384 νητικῶς
2311 2312 2657 2366 ἐπισπεύδειν
2707 2312 2805 2384 τὴν
2862 2313 3062 2384 κρίσιν.
3100 2312 3174 2364 Τὸ
3217 2312 3459 2366 ἐναντίον
3515 2313 3617 2383 μὲν

2031 2398 2146 2468 οὖν,
2195 2404 2290 2456 καὶ
2338 2402 2678 2474 προθεσμίας
2724 2403 2901 2474 ἐαυτῷ
2959 2404 3302 2475 μακροτέρας
3344 2395 3632 2475 ἐπιζητεῖ,

2031 2493 2170 2566 πρὸς
2194 2494 2255 2547 τὸ
2277 2492 2386 2565 (14)
2419 2497 2475 2547 ἐν
2507 2495 2715 2548 πλείονι
2752 2495 2931 2567 χρόνῳ
2961 2494 3257 2566 δυνηθῆναι
3283 2496 3384 2566 τὴν
3419 2495 3617 2548 ἐαυτοῦ

2029 2583 2205 2655 ψυχὴν
2227 2584 2334 2637 ἀπὸ
2363 2583 2456 2636 τοῦ
2490 2584 2662 2656 ῥύπου
2697 2584 2805 2637 τῶν
2833 2583 3119 2655 ἀμαρτιῶν
3147 2584 3483 2654 ἀποσμῆξαι.
3505 2584 3630 2646 Τνῖρίἱ¹

2030 2676 2088 2729 δὲ
2123 2676 2234 2746 (15)
2265 2675 2476 2744 ἀλόγως
2503 2674 2820 2744 ἐπείγεσθαι
2844 2675 2980 2746 πρὸς
3002 2674 3071 2727 τὰ
3091 2674 3371 2744 μέλλοντα,
3397 2661 3633 2729 ἀπό‹”;ιει-·⁵

2032 2767 2112 2834 ξις
2158 2767 2440 2838 Ἀχιτόφελ
2464 2769 2556 2820 καὶ
2583 2767 2802 2831 Ἰούδας·
2833 2766 2882 2819 οἳ
2907 2765 2996 2818 διὰ
3019 2767 3080 2818 τὸ
3103 2764 3379 2836 βαρύτερα
3406 2765 3621 2836 κρίνειν

2031 2859 2097 2913 τὰ
2130 2861 2373 2932 παρόντα
2419 2860 2526 2912 τῶν
2557 2858 2696 2931 μετὰ
2716 2858 2910 2922 ταῦτα,
2946 2859 3042 2912 καὶ
3087 2859 3178 2912 τὸν
3215 2860 3274 2911 ἐν
3307 2857 3618 2931 ἀνθρώποις

2031 2951 2332 3022 ὀνειδισμὸν
2361 2951 2459 3022 τῆς
2488 2953 2546 3005 ἐν
2584 2950 2782 3022 γεέννῃ
2816 2950 3109 3016 κολάσεως,
3147 2951 3240 3004 τὸν
3273 2950 3342 3004 δι’
3379 2947 3619 3023 ἀγχόνης

2033 3044 2259 3098 θάνατον
2286 3042 2379 3095 τοῦ
2402 3041 2707 3111 αὐτομάτου
2743 3041 3140 3112 προετίμησαν.
3167 3042 3281 3095 Οὐκ
3301 3041 3367 3095 ἂν
3393 3041 3502 3114 γὰρ
3527 3059 3622 3096 πι-

2031 3136 2314 3199 στεύοντες
2347 3136 2474 3206 περὶ
2507 3133 2600 3188 τοῦ
2632 3133 2919 3204 μέλλοντος
2938 3132 3132 3200 αἰῶνος
3157 3135 3618 3207 ἀπηγχονισαντο,

2029 3225 2144 3279 ἀλλ’
2190 3227 2241 3278 εἰ
2287 3225 2384 3280 καὶ
2423 3223 2856 3297 δυσηρεστοῦντο
2903 3224 2983 3295 τῷ
3032 3225 3166 3296 βίῳ,
3223 3226 3628 3297 προσετίθεσαν

2027 3318 2096 3373 ἂν
2132 3319 2243 3379 τοῖς
2279 3317 2532 3382 ἐνταῦθα,
2563 3316 2919 3389 φοϐερώτερα
2945 3317 3225 3387 κρίνοντες
3271 3318 3379 3371 τῶν
3409 3319 3623 3390 παρόν-

2027 3429 2137 3466 των
2167 3411 2236 3464 τὰ
2265 3410 2548 3482 μέλλοντα.
2576 3412 2790 3473 Ὀποίος
2823 3407 2891 3482 ἦν
2913 3411 2941 3463 ὁ
2975 3409 3116 3475 Ἰὼϐ,
3151 3409 3353 3479 λέγων·
3387 3411 3623 3480 Ὄφελον

2028 3504 2294 3576 δυναίμην
2340 3503 2450 3575 (l6)
2501 3503 2740 3573 ἐμαυτὸν
2783 3501 3186 3573 χειρώσασθαι,
3232 3502 3265 3573 ἢ
3312 3501 3525 3572 δεηθείς
3556 3519 3624 3571 γε

2030 3597 2219 3669 ἐτέρου
2251 3597 2346 3650 καὶ
2379 3597 2596 3667 ποιήσει
2622 3613 2712 3666 μοι
2745 3594 2924 3648 τοῦτο.
2974 3594 3070 3647 Ἐκ
3091 3594 3197 3647 τῶν
3230 3593 3486 3646 τοιούτων
3509 3594 3624 3666 γὰρ

2032 3686 2124 3739 καὶ
2149 3686 2209 3739 τὸ
2241 3685 2341 3756 τῆς
2364 3684 2580 3756 πληγῆς
2602 3683 2867 3756 δύσφορον
2895 3683 3252 3748 ἐνεδείκνυτο,
3284 3684 3378 3736 καὶ
3406 3683 3468 3735 τὸ
3490 3685 3624 3753 περὶ

2028 3779 2128 3850 τὴν
2172 3777 2366 3832 ἐαυτοῦ
2400 3777 2692 3849 ἐπιϐουλὴν
2743 3776 2968 3840 εύλαϐἐς
2995 3773 3304 3840 διεσώζετο.
3333 3776 3458 3838 Τοῖς
3509 3775 3624 3846 γάρ

2033 3871 2220 3941 βιαίως
2255 3871 2479 3933 ἑαυτοὺς
2519 3868 2869 3938 ὑπεξάγουσι,
2903 3869 3230 3939 κατάκρισις
3265 3867 3624 3938 ἀνδροφονίας

2030 3963 2321 4018 ἐπίκειται.
2371 3963 2526 4016 Ἐπεὶ
2557 3961 2614 4014 δὲ
2649 3962 2745 4014 καὶ
2772 3959 2926 4033 παρὰ
2963 3959 3041 4031 τῷ
3067 3959 3266 4031 Παύλῳ
3299 3961 3623 4031 εὑρήκαμεν

2031 4056 2106 4119 ὡς
2132 4056 2424 4127 λεγόμενον
2463 4055 2569 4107 ὑπό
2599 4071 2762 4108 τινων
2793 4054 2854 4106 τὸ
2875 4093 2889 4117 ,
2935 4052 3292 4122 Ποιήσωμεν
3323 4053 3395 4107 τὰ
3439 4053 3622 4118 κακὰ,

2031 4146 2132 4199 ἵνα
2161 4146 2310 4215 ἔλθῃ
2341 4147 2414 4200 τὰ
2434 4146 2647 4216 ἀγαθὰ,
2673 4145 2956 4217 ἡγούμεθα
2986 4145 3250 4214 κάκείνην
3294 4145 3394 4216 τὴν
3428 4147 3624 4218 ἐπιτή-

2030 4241 2209 4294 δευσιν
2241 4241 2474 4312 σχοινίον
2519 4235 2660 4295 εἶναι
2714 4241 2990 4313 ἁμαρτίας
3015 4240 3258 4313 μεγάλης
3295 4241 3621 4296 ἐπακτικόν.

2031 4333 2265 4402 Λέγεται
2296 4331 2406 4405 γὰρ
2456 4331 2740 4401 γεγονέναι
2792 4334 2858 4386 ἐκ
2887 4333 2988 4405 τῆς
3044 4331 3247 4402 πολλῆς
3286 4331 3623 4403 διαστροφῆς

347 4425 487 4481 bona
515 4425 583 4492 ⁸³,
613 4426 994 4482 existimamus
1040 4427 1185 4487 hanc
1237 4426 1401 4480 etiam
1437 4425 1630 4495 agendi
1666 4426 1925 4481 rationem

2079 4424 2133 4476 αὶ
2163 4423 2387 4493 τοιαύτη
2435 4441 2520 4487 τις
2565 4421 2758 4494 γνώμη
2809 4426 2963 4495 παρά
3012 4426 3126 4487 τοῖς
3170 4421 3442 4485 Ἰουδαίοις
3468 4463 3483 4487 ,
3538 4424 3623 4476 ὅτι

349 4517 531 4571 tristem
584 4532 708 4574 esse
769 4527 1057 4588 peccatum
1115 4529 1282 4588 grave
1349 4515 1717 4569 inducentem.
1764 4515 1931 4572 Aiunt

346 4612 490 4664 enim
518 4610 782 4683 ejusmodi
831 4625 1047 4684 quoque
1094 4607 1420 4665 sententiam
1460 4608 1671 4662 animos
1711 4606 1926 4662 Judzeo-

347 4717 470 4758 rum
502 4701 757 4769 subiisse,
786 4715 856 4758 ex
885 4700 1055 4758 multa
1090 4717 1303 4758 morum
1329 4702 1690 4773 perversitate
1721 4717 1739 4756 :
1769 4701 1928 4772 quip-

2033 4516 2221 4586 ἐπειδὴ
2245 4518 2279 4588 ἡ
2313 4515 2486 4587 φθορά
2520 4517 2886 4587 προσδοκᾶται
2911 4514 2992 4586 τῷ
3014 4515 3208 4586 πλήθει
3230 4517 3329 4586 τῆς
3348 4515 3626 4586 ἁμαρτίας

2035 4607 2394 4680 γενήσεσθαι,
2423 4608 2556 4679 φέρε
2591 4609 2905 4678 ποιήσωμεν
2935 4607 3005 4660 τὰ
3033 4607 3198 4671 κακὰ,
3248 4608 3343 4660 καὶ
3379 4605 3440 4658 τὺ
3465 4606 3626 4675 ἔσχα-

2036 4717 2126 4754 τον
2161 4700 2359 4772 μέτρον
2385 4699 2484 4771 τῆς
2511 4699 2724 4762 ἀδικίας
2751 4697 3154 4772 πληρώσωμεν,
3199 4697 3341 4752 ὥστε
3373 4696 3626 4751 ἐπελθεῖν

425 4951 470 4985 ³⁸
494 4952 594 5006 Isa.
623 4969 770 5017 xux,
799 4953 853 5008 9.
927 4953 974 4987 “
1005 4954 1045 5008 ll
1086 4953 1217 5025 Reg.
1259 4970 1394 5020 xvn,
1423 4955 1514 5009 23.
1591 4942 1707 4996 “-"
1733 4940 1923 5007 Malui-

2087 4962 2122 5009 ι,
2156 4944 2208 4998 5.
2280 4944 2326 4976 ⁸³
2349 4943 2506 5002 Rom.
2536 4964 2618 5016 tu,
2653 4949 2708 5010 8.
2744 4955 2751 4961 ’

422 5169 535 5241 (li)
571 5170 725 5241 Editi
780 5179 834 5224 et
885 5180 995 5241 tres
1049 5187 1209 5232 mss..
1247 5170 1724 5241 ἀποκαλυφθῆναι.
1773 5169 1931 5224 Uter-

349 5240 664 5361 gneeColbq
719 5240 1164 5313 ἀποκαλύφθητε.
1215 5241 1348 5310 Reg.
1392 5240 1682 5309 secundus,
1729 5242 1933 5295 ἀνακα-

385 5326 454 5362 uc
493 5327 610 5362 ητε.

351 5326 742 5516 ώέῗέἓὲἕάίιίο
762 5391 972 5446 nostra.
1012 5382 1088 5445 ὡς
1121 5384 1278 5454 μηδέ·
1307 5385 1533 5439 veteres
1561 5382 1764 5452 aliqum
1785 5380 1933 5445 libri,

427 5519 542 5594 (15)
575 5521 738 5594 Editi,
763 5521 831 5594 τρι
868 5523 1120 5593 νεότητος
1145 5523 1534 5594 ἡμαρτημένα.
1562 5522 1630 5594 At
1659 5537 1788 5576 mss.
1807 5536 1942 5594 nou-

2248 5169 2498 5247 _Antiqui
2544 5168 2651 5224 duo
2671 5169 2835 5247 libri,
2869 5169 3016 5247 apo;
3046 5169 3324 5247 vé_._l§(_liti,
3356 5171 3496 5243 πρὸς
3525 5173 3623 5247 τῷ.

2042 5243 2060 5299 _'
2113 5241 2228 5307 (15)
2248 5239 2320 5292 Ita
2344 5256 2473 5293 mss.
2507 5256 2714 5294 omnes.
2741 5240 2881 5294 Editi
2916 5239 3064 5301 vero,
3083 5241 3155 5293 Τὸ
3175 5241 3252 5294 δέ.

2114 5309 2239 5382 (ιο),
2269 5309 2756 5382 Εάἰῃηὲγδυνὰμην.
2801 5312 2870 5364 At
2902 5312 3077 5382 nostri
3104 5325 3198 5365 sex
3243 5325 3403 5382 mss,
3437 5315 3626 5382 ουνειι-

2046 5377 2173 5463 μην.
2197 5380 2350 5463 Hunc
2376 5377 2708 5462 Jobiolocuni
2739 5380 2982 5462 invenire
3011 5383 3324 5463 nonpotui.
3364 5377 3624 5463 Fortasse

2046 5449 2120 5504 in'
2156 5460 2389 5504 mentem
2432 5449 2665 5518 cuipiam
2718 5451 2903 5504 venire
2943 5449 3166 5518 poterit,
3194 5453 3358 5505 verba
3404 5452 3623 5518 quidem

2040 5521 2161 5575 Johi
2203 5536 2308 5573 non
2339 5534 2478 5578 esse,
2509 5521 2602 5573 sed
2629 5519 2986 5589 periphrasim
3030 5523 3345 5588 quamdam,
3389 5535 3496 5588 qua
3541 5520 3626 5573 in-

355 5587 605 5668 ηιιμίμτά
631 5591 696 5668 ἐκ
716 5591 969 5668 νεότητος
983 5587 1499 5668 ὴίιαρτημέναξᾺιὶἰ
1523 5593 1762 5664 quidam,
1783 5591 1851 5648 τὰ
1875 5592 1925 5650 ἐ)

2079 5606 2252 5668 πρε-οε
2295 5589 2602 5668 significare
2630 5587 2904 5653 voluerit,
2950 5587 3144 5644 Jobum
3193 5587 3424 5648 mortem
3454 5599 3510 5645 et
3538 5599 3628 5645 tn-

351 5657 608 5730 νεότῃτος
636 5657 1026 5736 ἁμαρτήματα.

2043 5661 2245 5720 ιιιιιιιιιη
2265 5659 2367 5718 sibi
2395 5661 2641 5730 cupidius
2667 5673 2945 5730 precatum
2977 5675 3117 5716 esse.
