  <div class='ocr_page' id='page_1' title='image "/cluster/home/n/w/nwhite01/storage/ocr_20150623/30/nnc1.0046978810/210.png"; bbox 0 0 3808 6212; ppageno 0'>
   <div class='ocr_carea' id='block_1_1' title="bbox 286 239 392 294">
    <p class='ocr_par' dir='ltr' id='par_1_1' title="bbox 286 239 392 294">
     <span class='ocr_line' id='line_1_1' title="bbox 286 239 392 294; baseline 0 0"><span class='ocrx_word' id='word_1_1' title='bbox 286 239 392 294; x_wconf 74' lang='grc'><strong>165</strong></span> 
     </span>
    </p>
   </div>
   <div class='ocr_carea' id='block_1_2' title="bbox 1137 229 2640 304">
    <p class='ocr_par' dir='ltr' id='par_1_2' title="bbox 1137 229 2640 304">
     <span class='ocr_line' id='line_1_2' title="bbox 1137 229 2640 304; baseline 0.006 -9"><span class='ocrx_word' id='word_1_2' title='bbox 1137 238 1488 298; x_wconf 84' lang='lat' dir='ltr'><strong>COMMENT.</strong></span> <span class='ocrx_word' id='word_1_3' title='bbox 1531 242 1602 299; x_wconf 86' lang='lat' dir='ltr'><strong>lN</strong></span> <span class='ocrx_word' id='word_1_4' title='bbox 1637 229 1869 301; x_wconf 83' lang='lat' dir='ltr'><strong>lSAlAM</strong></span> <span class='ocrx_word' id='word_1_5' title='bbox 1904 244 2345 303; x_wconf 77' lang='lat' dir='ltr'><strong>PROPHETAM.</strong></span> <span class='ocrx_word' id='word_1_6' title='bbox 2387 247 2538 304; x_wconf 79' lang='lat' dir='ltr'><strong>CAP.</strong></span> <span class='ocrx_word' id='word_1_7' title='bbox 2573 248 2640 304; x_wconf 83' lang='lat' dir='ltr'><strong>v.</strong></span> 
     </span>
    </p>
   </div>
   <div class='ocr_carea' id='block_1_3' title="bbox 3426 258 3553 311">
    <p class='ocr_par' dir='ltr' id='par_1_3' title="bbox 3426 258 3553 311">
     <span class='ocr_line' id='line_1_3' title="bbox 3426 258 3553 311; baseline 0 -1"><span class='ocrx_word' id='word_1_8' title='bbox 3426 291 3429 294; x_wconf 95' lang='lat'><em>-</em></span> <span class='ocrx_word' id='word_1_9' title='bbox 3445 258 3553 311; x_wconf 65' lang='lat'><strong>‘06</strong></span> 
     </span>
    </p>
   </div>
   <div class='ocr_carea' id='block_1_4' title="bbox 278 354 1894 437">
    <p class='ocr_par' dir='ltr' id='par_1_4' title="bbox 278 354 1868 436">
     <span class='ocr_line' id='line_1_4' title="bbox 278 354 1868 436; baseline 0.008 -28"><span class='ocrx_word' id='word_1_10' title='bbox 278 356 383 426; x_wconf 82' lang='grc' dir='ltr'>τὴν</span> <span class='ocrx_word' id='word_1_11' title='bbox 421 354 665 428; x_wconf 76' lang='grc' dir='ltr'>ἀλλαγὴν</span> <span class='ocrx_word' id='word_1_12' title='bbox 699 355 812 426; x_wconf 93' lang='grc'>(17)</span> <span class='ocrx_word' id='word_1_13' title='bbox 845 355 951 410; x_wconf 76' lang='grc' dir='ltr'>τῶν</span> <span class='ocrx_word' id='word_1_14' title='bbox 972 357 1278 429; x_wconf 85' lang='grc' dir='ltr'><strong>παρόντων,</strong></span> <span class='ocrx_word' id='word_1_15' title='bbox 1308 361 1404 415; x_wconf 76' lang='grc' dir='ltr'><strong>καὶ</strong></span> <span class='ocrx_word' id='word_1_16' title='bbox 1445 362 1504 418; x_wconf 85' lang='grc' dir='ltr'>ἐν</span> <span class='ocrx_word' id='word_1_17' title='bbox 1536 366 1603 436; x_wconf 79' lang='grc' dir='ltr'>τῇ</span> <span class='ocrx_word' id='word_1_18' title='bbox 1637 363 1868 435; x_wconf 77' lang='grc' dir='ltr'>βελτίονι</span> 
     </span>
    </p>
   </div>
   <div class='ocr_carea' id='block_1_5' title="bbox 1949 354 3552 437">
    <p class='ocr_par' dir='ltr' id='par_1_5' title="bbox 1970 368 3552 437">
     <span class='ocr_line' id='line_1_5' title="bbox 1970 368 3552 437; baseline 0.006 -17"><span class='ocrx_word' id='word_1_19' title='bbox 1970 381 2035 437; x_wconf 90' lang='lat' dir='ltr'><strong>pe</strong></span> <span class='ocrx_word' id='word_1_20' title='bbox 2097 382 2221 423; x_wconf 92' lang='lat' dir='ltr'><strong>cum</strong></span> <span class='ocrx_word' id='word_1_21' title='bbox 2278 373 2390 437; x_wconf 78' lang='lat' dir='ltr'><strong>prae</strong></span> <span class='ocrx_word' id='word_1_22' title='bbox 2451 375 2802 437; x_wconf 71' lang='lat' dir='ltr'><strong>peccatorum</strong></span> <span class='ocrx_word' id='word_1_23' title='bbox 2875 368 3226 427; x_wconf 74' lang='lat' dir='ltr'><strong>multitudine</strong></span> <span class='ocrx_word' id='word_1_24' title='bbox 3297 372 3552 429; x_wconf 86' lang='lat' dir='ltr'><strong>interitus</strong></span> 
     </span>
    </p>
   </div>
   <div class='ocr_carea' id='block_1_6' title="bbox 275 448 1345 520">
    <p class='ocr_par' dir='ltr' id='par_1_6' title="bbox 275 448 1345 520">
     <span class='ocr_line' id='line_1_6' title="bbox 275 448 1345 520; baseline 0.005 -18"><span class='ocrx_word' id='word_1_25' title='bbox 275 448 615 502; x_wconf 82' lang='grc' dir='ltr'><strong>καταστάσει</strong></span> <span class='ocrx_word' id='word_1_26' title='bbox 652 448 906 516; x_wconf 86' lang='grc' dir='ltr'>γενέσθαι</span> <span class='ocrx_word' id='word_1_27' title='bbox 931 448 1003 503; x_wconf 86' lang='grc' dir='ltr'>τὰ</span> <span class='ocrx_word' id='word_1_28' title='bbox 1033 450 1345 520; x_wconf 85' lang='grc' dir='ltr'>σύμπαντα.</span> 
     </span>
    </p>
   </div>
   <div class='ocr_carea' id='block_1_7' title="bbox 1975 459 3552 531">
    <p class='ocr_par' dir='ltr' id='par_1_7' title="bbox 1975 459 3552 531">
     <span class='ocr_line' id='line_1_7' title="bbox 1975 459 3552 531; baseline 0.003 -17"><span class='ocrx_word' id='word_1_29' title='bbox 1975 468 2379 528; x_wconf 80' lang='lat' dir='ltr'><strong>exspectaretur</strong></span> <span class='ocrx_word' id='word_1_30' title='bbox 2421 468 2478 514; x_wconf 90' lang='lat' dir='ltr'><strong>et</strong></span> <span class='ocrx_word' id='word_1_31' title='bbox 2507 459 2737 515; x_wconf 88' lang='lat' dir='ltr'><strong>exitium</strong></span> <span class='ocrx_word' id='word_1_32' title='bbox 2762 498 2779 526; x_wconf 89' lang='lat'><strong>,</strong></span> <span class='ocrx_word' id='word_1_33' title='bbox 2829 459 3084 517; x_wconf 82' lang='lat' dir='ltr'><strong>dicebant</strong></span> <span class='ocrx_word' id='word_1_34' title='bbox 3113 477 3128 515; x_wconf 91' lang='lat'><strong>:</strong></span> <span class='ocrx_word' id='word_1_35' title='bbox 3163 462 3443 531; x_wconf 86' lang='lat' dir='ltr'><strong>Agedum,</strong></span> <span class='ocrx_word' id='word_1_36' title='bbox 3477 464 3552 520; x_wconf 90' lang='lat' dir='ltr'><strong>fa-</strong></span> 
     </span>
    </p>
   </div>
   <div class='ocr_carea' id='block_1_8' title="bbox 271 533 3552 625">
    <p class='ocr_par' dir='ltr' id='par_1_8' title="bbox 271 533 3552 625">
     <span class='ocr_line' id='line_1_8' title="bbox 271 533 3552 625; baseline 0.005 -28"><span class='ocrx_word' id='word_1_37' title='bbox 271 544 488 598; x_wconf 83' lang='lat' dir='ltr'><strong>ciamus</strong></span> <span class='ocrx_word' id='word_1_38' title='bbox 517 533 681 607; x_wconf 84' lang='lat' dir='ltr'><strong>mala,</strong></span> <span class='ocrx_word' id='word_1_39' title='bbox 712 555 768 598; x_wconf 91' lang='lat' dir='ltr'><strong>et</strong></span> <span class='ocrx_word' id='word_1_40' title='bbox 800 555 1101 599; x_wconf 83' lang='lat' dir='ltr'><strong>extremam</strong></span> <span class='ocrx_word' id='word_1_41' title='bbox 1140 546 1442 615; x_wconf 80' lang='lat' dir='ltr'><strong>iniquitatis</strong></span> <span class='ocrx_word' id='word_1_42' title='bbox 1495 549 1894 618; x_wconf 89' lang='lat' dir='ltr'><strong>adimpleamus</strong></span> <span class='ocrx_word' id='word_1_43' title='bbox 1935 569 2243 610; x_wconf 82' lang='lat' dir='ltr'><strong>mensuram</strong></span> <span class='ocrx_word' id='word_1_44' title='bbox 2275 570 2292 609; x_wconf 89' lang='lat'><strong>:</strong></span> <span class='ocrx_word' id='word_1_45' title='bbox 2327 555 2400 610; x_wconf 90' lang='lat' dir='ltr'><strong>ita</strong></span> <span class='ocrx_word' id='word_1_46' title='bbox 2427 563 2488 610; x_wconf 89' lang='lat' dir='ltr'><strong>ut</strong></span> <span class='ocrx_word' id='word_1_47' title='bbox 2518 554 2702 610; x_wconf 82' lang='lat' dir='ltr'><strong>veniat</strong></span> <span class='ocrx_word' id='word_1_48' title='bbox 2740 568 2922 610; x_wconf 91' lang='lat' dir='ltr'><strong>rerum</strong></span> <span class='ocrx_word' id='word_1_49' title='bbox 2982 557 3329 625; x_wconf 65' lang='lat' dir='ltr'><strong>praesentium</strong></span> <span class='ocrx_word' id='word_1_50' title='bbox 3354 559 3552 614; x_wconf 90' lang='lat' dir='ltr'><strong>immu-</strong></span> 
     </span>
    </p>
   </div>
   <div class='ocr_carea' id='block_1_9' title="bbox 275 635 1860 699">
    <p class='ocr_par' dir='ltr' id='par_1_9' title="bbox 275 635 1860 699">
     <span class='ocr_line' id='line_1_9' title="bbox 275 635 1860 699; baseline 0.005 -11"><span class='ocrx_word' id='word_1_51' title='bbox 275 635 435 699; x_wconf 85' lang='lat' dir='ltr'><strong>tatio,</strong></span> <span class='ocrx_word' id='word_1_52' title='bbox 484 644 538 687; x_wconf 90' lang='lat' dir='ltr'><strong>et</strong></span> <span class='ocrx_word' id='word_1_53' title='bbox 569 637 822 688; x_wconf 75' lang='lat' dir='ltr'><strong>universa</strong></span> <span class='ocrx_word' id='word_1_54' title='bbox 879 636 931 688; x_wconf 92' lang='lat' dir='ltr'><strong>in</strong></span> <span class='ocrx_word' id='word_1_55' title='bbox 988 637 1197 690; x_wconf 84' lang='lat' dir='ltr'><strong>meliori</strong></span> <span class='ocrx_word' id='word_1_56' title='bbox 1248 648 1392 693; x_wconf 88' lang='lat' dir='ltr'><strong>statu</strong></span> <span class='ocrx_word' id='word_1_57' title='bbox 1433 644 1860 696; x_wconf 90' lang='lat' dir='ltr'><strong>constituantur.</strong></span> 
     </span>
    </p>
   </div>
   <div class='ocr_carea' id='block_1_10' title="bbox 348 726 1862 799">
    <p class='ocr_par' dir='ltr' id='par_1_10' title="bbox 348 726 1862 799">
     <span class='ocr_line' id='line_1_10' title="bbox 348 726 1862 799; baseline 0.005 -19"><span class='ocrx_word' id='word_1_58' title='bbox 348 726 475 780; x_wconf 76' lang='grc'><strong>172.</strong></span> <span class='ocrx_word' id='word_1_59' title='bbox 505 726 1022 797; x_wconf 72' lang='grc' dir='ltr'>Οὐαὶοίλέγοντες</span> <span class='ocrx_word' id='word_1_60' title='bbox 1035 727 1104 781; x_wconf 85' lang='grc' dir='ltr'><strong>τὸ</strong></span> <span class='ocrx_word' id='word_1_61' title='bbox 1133 729 1404 798; x_wconf 78' lang='grc' dir='ltr'>πονηρὸν</span> <span class='ocrx_word' id='word_1_62' title='bbox 1426 731 1640 799; x_wconf 75' lang='grc' dir='ltr'>καλὸν,</span> <span class='ocrx_word' id='word_1_63' title='bbox 1668 733 1766 787; x_wconf 80' lang='grc' dir='ltr'>καὶ</span> <span class='ocrx_word' id='word_1_64' title='bbox 1794 733 1862 787; x_wconf 79' lang='grc' dir='ltr'>τὸ</span> 
     </span>
    </p>
   </div>
   <div class='ocr_carea' id='block_1_11' title="bbox 269 819 1862 892">
    <p class='ocr_par' dir='ltr' id='par_1_11' title="bbox 269 819 1862 892">
     <span class='ocr_line' id='line_1_11' title="bbox 269 819 1862 892; baseline 0.003 -20"><span class='ocrx_word' id='word_1_65' title='bbox 269 819 470 873; x_wconf 72' lang='grc' dir='ltr'>καλὸν</span> <span class='ocrx_word' id='word_1_66' title='bbox 495 821 764 887; x_wconf 75' lang='grc' dir='ltr'>πονηρόν</span> <span class='ocrx_word' id='word_1_67' title='bbox 783 835 799 851; x_wconf 88' lang='grc'><strong>·</strong></span> <span class='ocrx_word' id='word_1_68' title='bbox 823 823 878 874; x_wconf 78' lang='grc' dir='ltr'>οἱ</span> <span class='ocrx_word' id='word_1_69' title='bbox 901 819 1167 886; x_wconf 77' lang='grc' dir='ltr'><strong>τιθέντες</strong></span> <span class='ocrx_word' id='word_1_70' title='bbox 1183 821 1248 873; x_wconf 82' lang='grc' dir='ltr'><em>τὸ</em></span> <span class='ocrx_word' id='word_1_71' title='bbox 1269 824 1492 889; x_wconf 84' lang='grc' dir='ltr'><em>σκότος</em></span> <span class='ocrx_word' id='word_1_72' title='bbox 1507 822 1653 892; x_wconf 76' lang='grc' dir='ltr'>φῶς,</span> <span class='ocrx_word' id='word_1_73' title='bbox 1675 824 1774 877; x_wconf 79' lang='grc' dir='ltr'>καὶ</span> <span class='ocrx_word' id='word_1_74' title='bbox 1800 823 1862 876; x_wconf 86' lang='grc' dir='ltr'><strong>τὸ</strong></span> 
     </span>
    </p>
   </div>
   <div class='ocr_carea' id='block_1_12' title="bbox 267 908 1860 982">
    <p class='ocr_par' dir='ltr' id='par_1_12' title="bbox 267 908 1860 982">
     <span class='ocr_line' id='line_1_12' title="bbox 267 908 1860 982; baseline 0.004 -20"><span class='ocrx_word' id='word_1_75' title='bbox 267 908 401 980; x_wconf 71' lang='grc' dir='ltr'><strong>φῶς</strong></span> <span class='ocrx_word' id='word_1_76' title='bbox 423 913 679 974; x_wconf 82' lang='grc' dir='ltr'>σκότος·</span> <span class='ocrx_word' id='word_1_77' title='bbox 713 913 767 964; x_wconf 80' lang='grc' dir='ltr'>οἱ</span> <span class='ocrx_word' id='word_1_78' title='bbox 786 909 1046 977; x_wconf 81' lang='grc' dir='ltr'><em>τιθέντες</em></span> <span class='ocrx_word' id='word_1_79' title='bbox 1076 911 1142 964; x_wconf 85' lang='grc' dir='ltr'><strong>τὸ</strong></span> <span class='ocrx_word' id='word_1_80' title='bbox 1172 912 1368 982; x_wconf 76' lang='grc' dir='ltr'>γλυκὺ</span> <span class='ocrx_word' id='word_1_81' title='bbox 1401 914 1637 982; x_wconf 75' lang='grc' dir='ltr'>πικρὸν,</span> <span class='ocrx_word' id='word_1_82' title='bbox 1671 915 1769 968; x_wconf 77' lang='grc' dir='ltr'>καὶ</span> <span class='ocrx_word' id='word_1_83' title='bbox 1794 915 1860 968; x_wconf 88' lang='grc' dir='ltr'><em>τὸ</em></span> 
     </span>
    </p>
   </div>
   <div class='ocr_carea' id='block_1_13' title="bbox 265 1003 1861 1078">
    <p class='ocr_par' dir='ltr' id='par_1_13' title="bbox 265 1003 1861 1078">
     <span class='ocr_line' id='line_1_13' title="bbox 265 1003 1861 1078; baseline 0.004 -23"><span class='ocrx_word' id='word_1_84' title='bbox 265 1003 488 1070; x_wconf 73' lang='grc' dir='ltr'>πικρὸν</span> <span class='ocrx_word' id='word_1_85' title='bbox 502 1005 717 1072; x_wconf 76' lang='grc' dir='ltr'><strong>γλυκύ.</strong></span> <span class='ocrx_word' id='word_1_86' title='bbox 744 1005 963 1058; x_wconf 77' lang='grc' dir='ltr'>Τελείου</span> <span class='ocrx_word' id='word_1_87' title='bbox 992 1006 1050 1059; x_wconf 86' lang='grc' dir='ltr'><strong>δέ</strong></span> <span class='ocrx_word' id='word_1_88' title='bbox 1071 1008 1186 1058; x_wconf 90' lang='grc' dir='ltr'>ἐστι</span> <span class='ocrx_word' id='word_1_89' title='bbox 1207 1007 1302 1058; x_wconf 89' lang='grc' dir='ltr'><strong>τοῦ</strong></span> <span class='ocrx_word' id='word_1_90' title='bbox 1321 1006 1408 1060; x_wconf 86' lang='grc' dir='ltr'><strong>διὰ</strong></span> <span class='ocrx_word' id='word_1_91' title='bbox 1430 1007 1530 1078; x_wconf 82' lang='grc' dir='ltr'><strong>τὴν</strong></span> <span class='ocrx_word' id='word_1_92' title='bbox 1555 1007 1668 1071; x_wconf 80' lang='grc' dir='ltr'>ἐξιν</span> <span class='ocrx_word' id='word_1_93' title='bbox 1699 1025 1861 1078; x_wconf 87' lang='grc' dir='ltr'>γεγυ-</span> 
     </span>
    </p>
   </div>
   <div class='ocr_carea' id='block_1_14' title="bbox 268 1093 1854 1170">
    <p class='ocr_par' dir='ltr' id='par_1_14' title="bbox 268 1093 1854 1170">
     <span class='ocr_line' id='line_1_14' title="bbox 268 1093 1854 1170; baseline 0.006 -26"><span class='ocrx_word' id='word_1_94' title='bbox 268 1093 560 1164; x_wconf 85' lang='grc' dir='ltr'>μνασμένα</span> <span class='ocrx_word' id='word_1_95' title='bbox 586 1094 800 1165; x_wconf 81' lang='grc' dir='ltr'>ἔχοντος</span> <span class='ocrx_word' id='word_1_96' title='bbox 817 1096 885 1149; x_wconf 81' lang='grc' dir='ltr'>τὰ</span> <span class='ocrx_word' id='word_1_97' title='bbox 907 1097 1255 1166; x_wconf 70' lang='grc' dir='ltr'><strong>αἰσθητήρια,</strong></span> <span class='ocrx_word' id='word_1_98' title='bbox 1274 1097 1572 1170; x_wconf 81' lang='grc' dir='ltr'><strong>διακρίνειν</strong></span> <span class='ocrx_word' id='word_1_99' title='bbox 1591 1098 1854 1154; x_wconf 86' lang='grc' dir='ltr'>δύνασθαι</span> 
     </span>
    </p>
   </div>
   <div class='ocr_carea' id='block_1_15' title="bbox 259 1181 1853 1256">
    <p class='ocr_par' dir='ltr' id='par_1_15' title="bbox 259 1181 1853 1256">
     <span class='ocr_line' id='line_1_15' title="bbox 259 1181 1853 1256; baseline 0.004 -23"><span class='ocrx_word' id='word_1_100' title='bbox 259 1183 364 1252; x_wconf 83' lang='grc' dir='ltr'>τὴν</span> <span class='ocrx_word' id='word_1_101' title='bbox 398 1181 495 1235; x_wconf 86' lang='grc' dir='ltr'><strong>τοῦ</strong></span> <span class='ocrx_word' id='word_1_102' title='bbox 526 1182 694 1237; x_wconf 82' lang='grc' dir='ltr'>καλοῦ</span> <span class='ocrx_word' id='word_1_103' title='bbox 731 1183 890 1253; x_wconf 80' lang='grc' dir='ltr'>φύσιν</span> <span class='ocrx_word' id='word_1_104' title='bbox 923 1184 1030 1238; x_wconf 82' lang='grc' dir='ltr'><strong>ἀπὸ</strong></span> <span class='ocrx_word' id='word_1_105' title='bbox 1058 1185 1152 1238; x_wconf 91' lang='grc' dir='ltr'><strong>τοῦ</strong></span> <span class='ocrx_word' id='word_1_106' title='bbox 1191 1187 1454 1254; x_wconf 76' lang='grc' dir='ltr'>πονηροῦο</span> <span class='ocrx_word' id='word_1_107' title='bbox 1493 1189 1587 1241; x_wconf 72' lang='grc' dir='ltr'><strong>καὶ</strong></span> <span class='ocrx_word' id='word_1_108' title='bbox 1625 1188 1853 1256; x_wconf 86' lang='grc' dir='ltr'>δοκίμου</span> 
     </span>
    </p>
   </div>
   <div class='ocr_carea' id='block_1_16' title="bbox 257 1274 1856 1348">
    <p class='ocr_par' dir='ltr' id='par_1_16' title="bbox 257 1274 1856 1348">
     <span class='ocr_line' id='line_1_16' title="bbox 257 1274 1856 1348; baseline 0.005 -22"><span class='ocrx_word' id='word_1_109' title='bbox 257 1274 616 1345; x_wconf 82' lang='grc' dir='ltr'><strong>τραπεζίτου,</strong></span> <span class='ocrx_word' id='word_1_110' title='bbox 650 1276 711 1330; x_wconf 80' lang='grc' dir='ltr'>τὸ</span> <span class='ocrx_word' id='word_1_111' title='bbox 743 1277 908 1331; x_wconf 85' lang='grc' dir='ltr'>καλὸν</span> <span class='ocrx_word' id='word_1_112' title='bbox 925 1278 1201 1348; x_wconf 81' lang='grc' dir='ltr'><strong>κατέχειν,</strong></span> <span class='ocrx_word' id='word_1_113' title='bbox 1239 1279 1347 1332; x_wconf 84' lang='grc' dir='ltr'><strong>ἀπὸ</strong></span> <span class='ocrx_word' id='word_1_114' title='bbox 1368 1279 1425 1332; x_wconf 87' lang='grc' dir='ltr'>δὲ</span> <span class='ocrx_word' id='word_1_115' title='bbox 1459 1280 1660 1344; x_wconf 80' lang='grc' dir='ltr'>παντὸς</span> <span class='ocrx_word' id='word_1_116' title='bbox 1684 1281 1856 1344; x_wconf 78' lang='grc' dir='ltr'>εἴδους</span> 
     </span>
    </p>
   </div>
   <div class='ocr_carea' id='block_1_17' title="bbox 258 1368 1855 1442">
    <p class='ocr_par' dir='ltr' id='par_1_17' title="bbox 258 1368 1855 1442">
     <span class='ocr_line' id='line_1_17' title="bbox 258 1368 1855 1442; baseline 0.001 -21"><span class='ocrx_word' id='word_1_117' title='bbox 258 1368 508 1440; x_wconf 81' lang='grc' dir='ltr'>πονηροῦ</span> <span class='ocrx_word' id='word_1_118' title='bbox 539 1368 862 1440; x_wconf 85' lang='grc' dir='ltr'>ἀπέχεσθαι·</span> <span class='ocrx_word' id='word_1_119' title='bbox 891 1369 1286 1442; x_wconf 81' lang='grc' dir='ltr'><strong>διεφθαρμένον</strong></span> <span class='ocrx_word' id='word_1_120' title='bbox 1306 1371 1364 1424; x_wconf 80' lang='grc' dir='ltr'><strong>δὲ</strong></span> <span class='ocrx_word' id='word_1_121' title='bbox 1387 1370 1600 1442; x_wconf 72' lang='grc' dir='ltr'>ἔχοντος</span> <span class='ocrx_word' id='word_1_122' title='bbox 1626 1373 1725 1442; x_wconf 86' lang='grc' dir='ltr'>τῆς</span> <span class='ocrx_word' id='word_1_123' title='bbox 1753 1371 1855 1440; x_wconf 78' lang='grc' dir='ltr'><strong>ψυ-</strong></span> 
     </span>
    </p>
   </div>
   <div class='ocr_carea' id='block_1_18' title="bbox 256 1460 1854 1537">
    <p class='ocr_par' dir='ltr' id='par_1_18' title="bbox 256 1460 1854 1537">
     <span class='ocr_line' id='line_1_18' title="bbox 256 1460 1854 1537; baseline 0.004 -25"><span class='ocrx_word' id='word_1_124' title='bbox 256 1460 368 1530; x_wconf 84' lang='grc' dir='ltr'>χῆς</span> <span class='ocrx_word' id='word_1_125' title='bbox 401 1460 464 1512; x_wconf 84' lang='grc' dir='ltr'><strong>τὸ</strong></span> <span class='ocrx_word' id='word_1_126' title='bbox 497 1463 800 1533; x_wconf 86' lang='grc' dir='ltr'>κριτήριον,</span> <span class='ocrx_word' id='word_1_127' title='bbox 829 1463 1238 1534; x_wconf 82' lang='grc' dir='ltr'><strong>ἐνηλλαγμένας</strong></span> <span class='ocrx_word' id='word_1_128' title='bbox 1263 1464 1361 1527; x_wconf 79' lang='grc' dir='ltr'>τὰς</span> <span class='ocrx_word' id='word_1_129' title='bbox 1395 1465 1700 1537; x_wconf 85' lang='grc' dir='ltr'>μαρτυρίας</span> <span class='ocrx_word' id='word_1_130' title='bbox 1727 1466 1854 1537; x_wconf 74' lang='grc' dir='ltr'>περὶ</span> 
     </span>
    </p>
   </div>
   <div class='ocr_carea' id='block_1_19' title="bbox 254 1549 1854 1626">
    <p class='ocr_par' dir='ltr' id='par_1_19' title="bbox 254 1549 1854 1626">
     <span class='ocr_line' id='line_1_19' title="bbox 254 1549 1854 1626; baseline 0.004 -24"><span class='ocrx_word' id='word_1_131' title='bbox 254 1550 363 1618; x_wconf 80' lang='grc' dir='ltr'>τῆς</span> <span class='ocrx_word' id='word_1_132' title='bbox 401 1549 636 1603; x_wconf 80' lang='grc' dir='ltr'>ἑκάστου</span> <span class='ocrx_word' id='word_1_133' title='bbox 679 1551 836 1617; x_wconf 80' lang='grc' dir='ltr'>ἀξίας</span> <span class='ocrx_word' id='word_1_134' title='bbox 867 1552 1197 1607; x_wconf 90' lang='grc' dir='ltr'>ἀποδιδόναι.</span> <span class='ocrx_word' id='word_1_135' title='bbox 1245 1554 1356 1606; x_wconf 80' lang='grc' dir='ltr'>Καὶ</span> <span class='ocrx_word' id='word_1_136' title='bbox 1387 1553 1531 1607; x_wconf 77' lang='grc' dir='ltr'>ἔοικε</span> <span class='ocrx_word' id='word_1_137' title='bbox 1565 1554 1732 1626; x_wconf 86' lang='grc' dir='ltr'>πολλή</span> <span class='ocrx_word' id='word_1_138' title='bbox 1770 1573 1854 1620; x_wconf 90' lang='grc' dir='ltr'><strong>τις</strong></span> 
     </span>
    </p>
   </div>
   <div class='ocr_carea' id='block_1_20' title="bbox 2039 724 3548 802">
    <p class='ocr_par' dir='ltr' id='par_1_20' title="bbox 2039 724 3548 802">
     <span class='ocr_line' id='line_1_20' title="bbox 2039 724 3548 802; baseline 0.003 -16"><span class='ocrx_word' id='word_1_139' title='bbox 2039 732 2161 786; x_wconf 74' lang='grc'><strong>172.</strong></span> <span class='ocrx_word' id='word_1_140' title='bbox 2203 729 2370 787; x_wconf 76' lang='lat' dir='ltr'><strong>Vens.</strong></span> <span class='ocrx_word' id='word_1_141' title='bbox 2397 731 2488 786; x_wconf 72' lang='grc'><strong>20.</strong></span> <span class='ocrx_word' id='word_1_142' title='bbox 2532 724 2629 787; x_wconf 61' lang='grc' dir='ltr'><strong>νώ</strong></span> <span class='ocrx_word' id='word_1_143' title='bbox 2664 734 2757 802; x_wconf 97' lang='lat' dir='ltr'><strong>qui</strong></span> <span class='ocrx_word' id='word_1_144' title='bbox 2806 734 2983 788; x_wconf 77' lang='lat' dir='ltr'><strong>dicitis</strong></span> <span class='ocrx_word' id='word_1_145' title='bbox 3008 733 3208 789; x_wconf 86' lang='lat' dir='ltr'><strong>malum</strong></span> <span class='ocrx_word' id='word_1_146' title='bbox 3246 736 3438 790; x_wconf 83' lang='lat' dir='ltr'><strong>bonum</strong></span> <span class='ocrx_word' id='word_1_147' title='bbox 3460 776 3475 800; x_wconf 89' lang='lat'><strong>,</strong></span> <span class='ocrx_word' id='word_1_148' title='bbox 3499 747 3548 791; x_wconf 82' lang='lat' dir='ltr'><strong>et</strong></span> 
     </span>
    </p>
   </div>
   <div class='ocr_carea' id='block_1_21' title="bbox 1966 821 3544 892">
    <p class='ocr_par' dir='ltr' id='par_1_21' title="bbox 1966 821 3544 892">
     <span class='ocr_line' id='line_1_21' title="bbox 1966 821 3544 892; baseline 0.001 -16"><span class='ocrx_word' id='word_1_149' title='bbox 1966 822 2159 876; x_wconf 82' lang='lat' dir='ltr'><strong>bonum</strong></span> <span class='ocrx_word' id='word_1_150' title='bbox 2203 821 2401 876; x_wconf 88' lang='lat' dir='ltr'><strong>malum</strong></span> <span class='ocrx_word' id='word_1_151' title='bbox 2441 839 2460 876; x_wconf 89' lang='lat'><em>:</em></span> <span class='ocrx_word' id='word_1_152' title='bbox 2496 824 2586 892; x_wconf 89' lang='lat' dir='ltr'><strong>qui</strong></span> <span class='ocrx_word' id='word_1_153' title='bbox 2621 823 2816 892; x_wconf 82' lang='lat' dir='ltr'><strong>ponitis</strong></span> <span class='ocrx_word' id='word_1_154' title='bbox 2866 825 3104 879; x_wconf 77' lang='lat' dir='ltr'><strong>tenebras</strong></span> <span class='ocrx_word' id='word_1_155' title='bbox 3132 826 3337 888; x_wconf 84' lang='lat' dir='ltr'><strong>lucem,</strong></span> <span class='ocrx_word' id='word_1_156' title='bbox 3377 837 3426 880; x_wconf 85' lang='lat' dir='ltr'><strong>et</strong></span> <span class='ocrx_word' id='word_1_157' title='bbox 3463 826 3544 878; x_wconf 87' lang='lat' dir='ltr'><strong>lu-</strong></span> 
     </span>
    </p>
   </div>
   <div class='ocr_carea' id='block_1_22' title="bbox 1943 911 3540 984">
    <p class='ocr_par' dir='ltr' id='par_1_22' title="bbox 1943 911 3540 984">
     <span class='ocr_line' id='line_1_22' title="bbox 1943 911 3540 984; baseline 0.003 -18"><span class='ocrx_word' id='word_1_158' title='bbox 1943 911 2074 966; x_wconf 69' lang='lat' dir='ltr'><strong>‘cem</strong></span> <span class='ocrx_word' id='word_1_159' title='bbox 2103 913 2337 967; x_wconf 81' lang='lat' dir='ltr'><strong>tenebras</strong></span> <span class='ocrx_word' id='word_1_160' title='bbox 2364 930 2383 968; x_wconf 91' lang='lat'><strong><em>:</em></strong></span> <span class='ocrx_word' id='word_1_161' title='bbox 2412 915 2499 984; x_wconf 85' lang='lat' dir='ltr'><strong>qui</strong></span> <span class='ocrx_word' id='word_1_162' title='bbox 2529 915 2722 984; x_wconf 75' lang='lat' dir='ltr'><strong>ponitis</strong></span> <span class='ocrx_word' id='word_1_163' title='bbox 2747 915 2900 970; x_wconf 83' lang='lat' dir='ltr'><strong>dulce</strong></span> <span class='ocrx_word' id='word_1_164' title='bbox 2929 933 3193 981; x_wconf 88' lang='lat' dir='ltr'><strong>amarum,</strong></span> <span class='ocrx_word' id='word_1_165' title='bbox 3223 926 3272 972; x_wconf 84' lang='lat' dir='ltr'><strong>et</strong></span> <span class='ocrx_word' id='word_1_166' title='bbox 3299 933 3540 970; x_wconf 87' lang='lat' dir='ltr'><strong>amarum</strong></span> 
     </span>
    </p>
   </div>
   <div class='ocr_carea' id='block_1_23' title="bbox 1962 1004 3545 1076">
    <p class='ocr_par' dir='ltr' id='par_1_23' title="bbox 1962 1004 3545 1076">
     <span class='ocr_line' id='line_1_23' title="bbox 1962 1004 3545 1076; baseline 0.005 -19"><span class='ocrx_word' id='word_1_167' title='bbox 1962 1004 2133 1057; x_wconf 84' lang='lat' dir='ltr'><strong>dulce.</strong></span> <span class='ocrx_word' id='word_1_168' title='bbox 2176 1005 2274 1059; x_wconf 89' lang='lat' dir='ltr'><strong>Est</strong></span> <span class='ocrx_word' id='word_1_169' title='bbox 2328 1015 2506 1059; x_wconf 90' lang='lat' dir='ltr'><strong>autem</strong></span> <span class='ocrx_word' id='word_1_170' title='bbox 2553 1004 2779 1075; x_wconf 80' lang='lat' dir='ltr'><strong>perfecti</strong></span> <span class='ocrx_word' id='word_1_171' title='bbox 2828 1007 2953 1072; x_wconf 83' lang='lat' dir='ltr'><strong>viri,</strong></span> <span class='ocrx_word' id='word_1_172' title='bbox 3003 1007 3157 1076; x_wconf 85' lang='lat' dir='ltr'><strong>cujus</strong></span> <span class='ocrx_word' id='word_1_173' title='bbox 3191 1018 3316 1064; x_wconf 91' lang='lat' dir='ltr'><strong>sunt</strong></span> <span class='ocrx_word' id='word_1_174' title='bbox 3353 1023 3545 1066; x_wconf 79' lang='lat' dir='ltr'><strong>sensus</strong></span> 
     </span>
    </p>
   </div>
   <div class='ocr_carea' id='block_1_24' title="bbox 1960 1098 3544 1166">
    <p class='ocr_par' dir='ltr' id='par_1_24' title="bbox 1960 1098 3544 1166">
     <span class='ocr_line' id='line_1_24' title="bbox 1960 1098 3544 1166; baseline 0.003 -16"><span class='ocrx_word' id='word_1_175' title='bbox 1960 1111 2058 1166; x_wconf 90' lang='lat' dir='ltr'><strong>per</strong></span> <span class='ocrx_word' id='word_1_176' title='bbox 2093 1098 2333 1152; x_wconf 89' lang='lat' dir='ltr'><strong>habitum</strong></span> <span class='ocrx_word' id='word_1_177' title='bbox 2367 1098 2692 1163; x_wconf 84' lang='lat' dir='ltr'><strong>exercitati,</strong></span> <span class='ocrx_word' id='word_1_178' title='bbox 2749 1107 2998 1153; x_wconf 84' lang='lat' dir='ltr'><strong>naturam</strong></span> <span class='ocrx_word' id='word_1_179' title='bbox 3035 1100 3162 1154; x_wconf 91' lang='lat' dir='ltr'><strong>boni</strong></span> <span class='ocrx_word' id='word_1_180' title='bbox 3192 1116 3222 1153; x_wconf 92' lang='lat' dir='ltr'><strong>a</strong></span> <span class='ocrx_word' id='word_1_181' title='bbox 3248 1100 3389 1156; x_wconf 91' lang='lat' dir='ltr'><strong>malo</strong></span> <span class='ocrx_word' id='word_1_182' title='bbox 3432 1101 3544 1155; x_wconf 89' lang='lat' dir='ltr'><strong>dis-</strong></span> 
     </span>
    </p>
   </div>
   <div class='ocr_carea' id='block_1_25' title="bbox 1961 1187 3536 1259">
    <p class='ocr_par' dir='ltr' id='par_1_25' title="bbox 1961 1187 3536 1259">
     <span class='ocr_line' id='line_1_25' title="bbox 1961 1187 3536 1259; baseline 0.003 -17"><span class='ocrx_word' id='word_1_183' title='bbox 1961 1188 2208 1256; x_wconf 89' lang='lat' dir='ltr'><strong>tinguere</strong></span> <span class='ocrx_word' id='word_1_184' title='bbox 2282 1203 2442 1256; x_wconf 89' lang='lat' dir='ltr'><strong>posse</strong></span> <span class='ocrx_word' id='word_1_185' title='bbox 2492 1187 2574 1255; x_wconf 74' lang='lat' dir='ltr'><strong>M;</strong></span> <span class='ocrx_word' id='word_1_186' title='bbox 2653 1189 2891 1259; x_wconf 88' lang='lat' dir='ltr'><strong>itemque</strong></span> <span class='ocrx_word' id='word_1_187' title='bbox 2953 1189 3170 1246; x_wconf 86' lang='lat' dir='ltr'><strong>solertis</strong></span> <span class='ocrx_word' id='word_1_188' title='bbox 3237 1192 3536 1257; x_wconf 84' lang='lat' dir='ltr'><strong>mensarii,</strong></span> 
     </span>
    </p>
   </div>
   <div class='ocr_carea' id='block_1_26' title="bbox 1957 1278 3539 1349">
    <p class='ocr_par' dir='ltr' id='par_1_26' title="bbox 1957 1278 3539 1349">
     <span class='ocr_line' id='line_1_26' title="bbox 1957 1278 3539 1349; baseline 0.004 -18"><span class='ocrx_word' id='word_1_189' title='bbox 1957 1279 2099 1347; x_wconf 89' lang='lat' dir='ltr'><strong>quod</strong></span> <span class='ocrx_word' id='word_1_190' title='bbox 2145 1278 2344 1333; x_wconf 89' lang='lat' dir='ltr'><strong>bonum</strong></span> <span class='ocrx_word' id='word_1_191' title='bbox 2390 1288 2503 1341; x_wconf 88' lang='lat' dir='ltr'><strong>est,</strong></span> <span class='ocrx_word' id='word_1_192' title='bbox 2572 1279 2831 1344; x_wconf 90' lang='lat' dir='ltr'><strong>retinere,</strong></span> <span class='ocrx_word' id='word_1_193' title='bbox 2877 1289 3042 1349; x_wconf 89' lang='lat' dir='ltr'><strong>atque</strong></span> <span class='ocrx_word' id='word_1_194' title='bbox 3097 1281 3167 1334; x_wconf 90' lang='lat' dir='ltr'><strong>ab</strong></span> <span class='ocrx_word' id='word_1_195' title='bbox 3210 1283 3356 1337; x_wconf 91' lang='lat' dir='ltr'><strong>omni</strong></span> <span class='ocrx_word' id='word_1_196' title='bbox 3409 1282 3539 1337; x_wconf 89' lang='lat' dir='ltr'><strong>mali</strong></span> 
     </span>
    </p>
   </div>
   <div class='ocr_carea' id='block_1_27' title="bbox 1956 1369 3534 1442">
    <p class='ocr_par' dir='ltr' id='par_1_27' title="bbox 1956 1369 3534 1442">
     <span class='ocr_line' id='line_1_27' title="bbox 1956 1369 3534 1442; baseline 0.003 -19"><span class='ocrx_word' id='word_1_197' title='bbox 1956 1371 2138 1440; x_wconf 89' lang='lat' dir='ltr'><strong>specie</strong></span> <span class='ocrx_word' id='word_1_198' title='bbox 2177 1370 2451 1424; x_wconf 87' lang='lat' dir='ltr'><strong>abstinere</strong></span> <span class='ocrx_word' id='word_1_199' title='bbox 2480 1369 2562 1423; x_wconf 75' lang='lat' dir='ltr'><strong>M’:</strong></span> <span class='ocrx_word' id='word_1_200' title='bbox 2599 1373 2692 1423; x_wconf 87' lang='lat' dir='ltr'><strong>sed</strong></span> <span class='ocrx_word' id='word_1_201' title='bbox 2720 1369 2812 1438; x_wconf 89' lang='lat' dir='ltr'><strong>qui</strong></span> <span class='ocrx_word' id='word_1_202' title='bbox 2840 1379 3149 1440; x_wconf 89' lang='lat' dir='ltr'><strong>corruptam</strong></span> <span class='ocrx_word' id='word_1_203' title='bbox 3183 1372 3348 1427; x_wconf 87' lang='lat' dir='ltr'><strong>habet</strong></span> <span class='ocrx_word' id='word_1_204' title='bbox 3384 1373 3534 1442; x_wconf 81' lang='lat' dir='ltr'><strong>judi—</strong></span> 
     </span>
    </p>
   </div>
   <div class='ocr_carea' id='block_1_28' title="bbox 1957 1462 3536 1534">
    <p class='ocr_par' dir='ltr' id='par_1_28' title="bbox 1957 1462 3536 1534">
     <span class='ocr_line' id='line_1_28' title="bbox 1957 1462 3536 1534; baseline 0.001 -16"><span class='ocrx_word' id='word_1_205' title='bbox 1957 1463 2114 1518; x_wconf 86' lang='lat' dir='ltr'><strong>candi</strong></span> <span class='ocrx_word' id='word_1_206' title='bbox 2143 1462 2451 1518; x_wconf 90' lang='lat' dir='ltr'><strong>facultatem</strong></span> <span class='ocrx_word' id='word_1_207' title='bbox 2473 1503 2488 1525; x_wconf 90' lang='lat'><strong>,</strong></span> <span class='ocrx_word' id='word_1_208' title='bbox 2521 1463 2638 1533; x_wconf 87' lang='lat' dir='ltr'><strong>ejus</strong></span> <span class='ocrx_word' id='word_1_209' title='bbox 2663 1471 2748 1517; x_wconf 92' lang='lat' dir='ltr'><strong>est</strong></span> <span class='ocrx_word' id='word_1_210' title='bbox 2775 1463 2842 1517; x_wconf 92' lang='lat' dir='ltr'><strong>de</strong></span> <span class='ocrx_word' id='word_1_211' title='bbox 2873 1463 3300 1534; x_wconf 84' lang='lat' dir='ltr'><strong>uniuscujusque</strong></span> <span class='ocrx_word' id='word_1_212' title='bbox 3327 1466 3536 1520; x_wconf 90' lang='lat' dir='ltr'><strong>meritis</strong></span> 
     </span>
    </p>
   </div>
   <div class='ocr_carea' id='block_1_29' title="bbox 1953 1552 3536 1628">
    <p class='ocr_par' dir='ltr' id='par_1_29' title="bbox 1953 1552 3536 1628">
     <span class='ocr_line' id='line_1_29' title="bbox 1953 1552 3536 1628; baseline 0.003 -20"><span class='ocrx_word' id='word_1_213' title='bbox 1953 1554 2225 1610; x_wconf 89' lang='lat' dir='ltr'><strong>instabilia</strong></span> <span class='ocrx_word' id='word_1_214' title='bbox 2273 1555 2580 1610; x_wconf 88' lang='lat' dir='ltr'><strong>testimonia</strong></span> <span class='ocrx_word' id='word_1_215' title='bbox 2627 1552 2894 1624; x_wconf 88' lang='lat' dir='ltr'><strong>proferre.</strong></span> <span class='ocrx_word' id='word_1_216' title='bbox 2936 1555 3111 1624; x_wconf 84' lang='lat' dir='ltr'><strong>Atque</strong></span> <span class='ocrx_word' id='word_1_217' title='bbox 3153 1570 3346 1626; x_wconf 86' lang='lat' dir='ltr'><strong>magna</strong></span> <span class='ocrx_word' id='word_1_218' title='bbox 3387 1572 3536 1628; x_wconf 67' lang='lat' dir='ltr'><strong>qua:-</strong></span> 
     </span>
    </p>
   </div>
   <div class='ocr_carea' id='block_1_30' title="bbox 253 1638 1894 1716">
    <p class='ocr_par' dir='ltr' id='par_1_30' title="bbox 253 1638 1857 1716">
     <span class='ocr_line' id='line_1_30' title="bbox 253 1638 1857 1716; baseline 0.006 -24"><span class='ocrx_word' id='word_1_219' title='bbox 253 1641 516 1712; x_wconf 85' lang='grc' dir='ltr'>εὐχέρεια</span> <span class='ocrx_word' id='word_1_220' title='bbox 548 1638 687 1694; x_wconf 78' lang='grc' dir='ltr'>εἶναι</span> <span class='ocrx_word' id='word_1_221' title='bbox 716 1645 781 1713; x_wconf 80' lang='grc' dir='ltr'>τῇ</span> <span class='ocrx_word' id='word_1_222' title='bbox 812 1642 1130 1716; x_wconf 72' lang='grc' dir='ltr'>ἀνθρωπεία</span> <span class='ocrx_word' id='word_1_223' title='bbox 1183 1643 1293 1716; x_wconf 93' lang='grc'>(18)</span> <span class='ocrx_word' id='word_1_224' title='bbox 1325 1645 1482 1715; x_wconf 81' lang='grc' dir='ltr'>φύσει</span> <span class='ocrx_word' id='word_1_225' title='bbox 1511 1647 1648 1716; x_wconf 87' lang='grc' dir='ltr'>πρὸς</span> <span class='ocrx_word' id='word_1_226' title='bbox 1677 1649 1738 1701; x_wconf 86' lang='grc' dir='ltr'><strong>τὸ</strong></span> <span class='ocrx_word' id='word_1_227' title='bbox 1787 1651 1857 1703; x_wconf 81' lang='grc' dir='ltr'>τὰ</span> 
     </span>
    </p>
   </div>
   <div class='ocr_carea' id='block_1_31' title="bbox 1949 1638 3535 1716">
    <p class='ocr_par' dir='ltr' id='par_1_31' title="bbox 1952 1645 3535 1702">
     <span class='ocr_line' id='line_1_31' title="bbox 1952 1645 3535 1702; baseline 0.001 -1"><span class='ocrx_word' id='word_1_228' title='bbox 1952 1647 2076 1701; x_wconf 85' lang='lat' dir='ltr'><strong>dam</strong></span> <span class='ocrx_word' id='word_1_229' title='bbox 2126 1645 2360 1700; x_wconf 80' lang='lat' dir='ltr'><strong>facilitas</strong></span> <span class='ocrx_word' id='word_1_230' title='bbox 2406 1647 2655 1700; x_wconf 82' lang='lat' dir='ltr'><strong>humanae</strong></span> <span class='ocrx_word' id='word_1_231' title='bbox 2705 1656 2916 1701; x_wconf 69' lang='lat' dir='ltr'><strong>natura:</strong></span> <span class='ocrx_word' id='word_1_232' title='bbox 2956 1647 3134 1702; x_wconf 90' lang='lat' dir='ltr'><strong>inesse</strong></span> <span class='ocrx_word' id='word_1_233' title='bbox 3183 1647 3398 1702; x_wconf 91' lang='lat' dir='ltr'><strong>videtur</strong></span> <span class='ocrx_word' id='word_1_234' title='bbox 3438 1648 3535 1702; x_wconf 89' lang='lat' dir='ltr'><strong>ad-</strong></span> 
     </span>
    </p>
   </div>
   <div class='ocr_carea' id='block_1_32' title="bbox 253 1734 1894 1810">
    <p class='ocr_par' dir='ltr' id='par_1_32' title="bbox 253 1734 1894 1810">
     <span class='ocr_line' id='line_1_32' title="bbox 253 1734 1894 1810; baseline 0.005 -24"><span class='ocrx_word' id='word_1_235' title='bbox 253 1734 483 1787; x_wconf 87' lang='grc' dir='ltr'>ἐναντία</span> <span class='ocrx_word' id='word_1_236' title='bbox 512 1734 758 1798; x_wconf 77' lang='grc' dir='ltr'>δοξάζειν</span> <span class='ocrx_word' id='word_1_237' title='bbox 783 1738 848 1806; x_wconf 82' lang='grc' dir='ltr'>τῇ</span> <span class='ocrx_word' id='word_1_238' title='bbox 877 1737 1006 1806; x_wconf 77' lang='grc' dir='ltr'>περὶ</span> <span class='ocrx_word' id='word_1_239' title='bbox 1057 1736 1286 1791; x_wconf 77' lang='grc' dir='ltr'>ἕκαστον</span> <span class='ocrx_word' id='word_1_240' title='bbox 1311 1737 1562 1810; x_wconf 76' lang='grc' dir='ltr'>ἀληθείᾳ.</span> <span class='ocrx_word' id='word_1_241' title='bbox 1594 1740 1705 1792; x_wconf 78' lang='lat' dir='ltr'><strong>Kal.</strong></span> <span class='ocrx_word' id='word_1_242' title='bbox 1732 1740 1847 1794; x_wconf 76' lang='grc' dir='ltr'>εἴθε</span> <span class='ocrx_word' id='word_1_243' title='bbox 1878 1746 1894 1801; x_wconf 90' lang='grc' dir='ltr'><strong>Ι</strong></span> 
     </span>
    </p>
   </div>
   <div class='ocr_carea' id='block_1_33' title="bbox 1949 1734 3527 1810">
    <p class='ocr_par' dir='ltr' id='par_1_33' title="bbox 1955 1737 3527 1809">
     <span class='ocr_line' id='line_1_33' title="bbox 1955 1737 3527 1809; baseline 0.002 -17"><span class='ocrx_word' id='word_1_244' title='bbox 1955 1740 2224 1794; x_wconf 85' lang='lat' dir='ltr'><strong>versantia</strong></span> <span class='ocrx_word' id='word_1_245' title='bbox 2252 1737 2680 1809; x_wconf 86' lang='lat' dir='ltr'><strong>uniuscujusque</strong></span> <span class='ocrx_word' id='word_1_246' title='bbox 2705 1741 2781 1795; x_wconf 90' lang='lat' dir='ltr'><strong>rei</strong></span> <span class='ocrx_word' id='word_1_247' title='bbox 2809 1739 3026 1794; x_wconf 87' lang='lat' dir='ltr'><strong>veritati</strong></span> <span class='ocrx_word' id='word_1_248' title='bbox 3050 1739 3527 1796; x_wconf 91' lang='lat' dir='ltr'><strong>comminiscendi.</strong></span> 
     </span>
    </p>
   </div>
   <div class='ocr_carea' id='block_1_34' title="bbox 252 1827 1847 1902">
    <p class='ocr_par' dir='ltr' id='par_1_34' title="bbox 252 1827 1847 1902">
     <span class='ocr_line' id='line_1_34' title="bbox 252 1827 1847 1902; baseline 0.006 -24"><span class='ocrx_word' id='word_1_249' title='bbox 252 1827 351 1879; x_wconf 76' lang='grc' dir='ltr'><strong>ἐπὶ</strong></span> <span class='ocrx_word' id='word_1_250' title='bbox 380 1827 574 1897; x_wconf 86' lang='grc' dir='ltr'>μόνους</span> <span class='ocrx_word' id='word_1_251' title='bbox 600 1829 728 1890; x_wconf 78' lang='grc' dir='ltr'>τοὺς</span> <span class='ocrx_word' id='word_1_252' title='bbox 761 1827 866 1895; x_wconf 80' lang='grc' dir='ltr'>ἔξω</span> <span class='ocrx_word' id='word_1_253' title='bbox 893 1828 995 1898; x_wconf 81' lang='grc' dir='ltr'>τῆς</span> <span class='ocrx_word' id='word_1_254' title='bbox 1026 1828 1170 1883; x_wconf 85' lang='grc' dir='ltr'>κατὰ</span> <span class='ocrx_word' id='word_1_255' title='bbox 1210 1829 1310 1894; x_wconf 83' lang='grc' dir='ltr'>τὰς</span> <span class='ocrx_word' id='word_1_256' title='bbox 1357 1831 1580 1902; x_wconf 84' lang='grc' dir='ltr'>Γραφὰς</span> <span class='ocrx_word' id='word_1_257' title='bbox 1611 1832 1847 1898; x_wconf 80' lang='grc' dir='ltr'>πίστεως</span> 
     </span>
    </p>
   </div>
   <div class='ocr_carea' id='block_1_35' title="bbox 251 1917 1846 1993">
    <p class='ocr_par' dir='ltr' id='par_1_35' title="bbox 251 1917 1846 1993">
     <span class='ocr_line' id='line_1_35' title="bbox 251 1917 1846 1993; baseline 0.007 -24"><span class='ocrx_word' id='word_1_258' title='bbox 251 1917 488 1985; x_wconf 76' lang='grc' dir='ltr'>ἔφθανεν</span> <span class='ocrx_word' id='word_1_259' title='bbox 518 1920 552 1988; x_wconf 84' lang='grc' dir='ltr'><strong>ἡ</strong></span> <span class='ocrx_word' id='word_1_260' title='bbox 584 1919 851 1988; x_wconf 72' lang='grc' dir='ltr'>διαφωνία</span> <span class='ocrx_word' id='word_1_261' title='bbox 869 1920 1032 1992; x_wconf 77' lang='grc' dir='ltr'>αὖτηο</span> <span class='ocrx_word' id='word_1_262' title='bbox 1057 1921 1116 1974; x_wconf 86' lang='grc' dir='ltr'><strong>οἳ-</strong></span> <span class='ocrx_word' id='word_1_263' title='bbox 1139 1922 1412 1987; x_wconf 85' lang='grc' dir='ltr'>ἰσοπαλεῖς</span> <span class='ocrx_word' id='word_1_264' title='bbox 1439 1923 1685 1993; x_wconf 88' lang='grc' dir='ltr'>λέγοντες</span> <span class='ocrx_word' id='word_1_265' title='bbox 1707 1922 1846 1980; x_wconf 79' lang='grc' dir='ltr'>εἶναι</span> 
     </span>
    </p>
   </div>
   <div class='ocr_carea' id='block_1_36' title="bbox 249 2012 1844 2085">
    <p class='ocr_par' dir='ltr' id='par_1_36' title="bbox 249 2012 1844 2085">
     <span class='ocr_line' id='line_1_36' title="bbox 249 2012 1844 2085; baseline 0.006 -23"><span class='ocrx_word' id='word_1_266' title='bbox 249 2013 383 2074; x_wconf 76' lang='grc' dir='ltr'>τοὺς</span> <span class='ocrx_word' id='word_1_267' title='bbox 439 2012 567 2082; x_wconf 76' lang='grc' dir='ltr'>περὶ</span> <span class='ocrx_word' id='word_1_268' title='bbox 601 2012 834 2065; x_wconf 82' lang='grc' dir='ltr'>ἑκάστου</span> <span class='ocrx_word' id='word_1_269' title='bbox 887 2013 1214 2085; x_wconf 88' lang='grc' dir='ltr'>πράγματος</span> <span class='ocrx_word' id='word_1_270' title='bbox 1265 2014 1477 2084; x_wconf 79' lang='grc' dir='ltr'>λόγους,</span> <span class='ocrx_word' id='word_1_271' title='bbox 1535 2016 1628 2071; x_wconf 77' lang='grc' dir='ltr'>καὶ</span> <span class='ocrx_word' id='word_1_272' title='bbox 1663 2019 1844 2072; x_wconf 87' lang='grc' dir='ltr'>πᾶσαν</span> 
     </span>
    </p>
   </div>
   <div class='ocr_carea' id='block_1_37' title="bbox 248 2102 1844 2179">
    <p class='ocr_par' dir='ltr' id='par_1_37' title="bbox 248 2102 1844 2179">
     <span class='ocr_line' id='line_1_37' title="bbox 248 2102 1844 2179; baseline 0.004 -24"><span class='ocrx_word' id='word_1_273' title='bbox 248 2102 542 2173; x_wconf 77' lang='grc' dir='ltr'>ἐνάργειαν</span> <span class='ocrx_word' id='word_1_274' title='bbox 570 2105 704 2176; x_wconf 83' lang='grc'>(19),</span> <span class='ocrx_word' id='word_1_275' title='bbox 745 2106 807 2159; x_wconf 84' lang='grc' dir='ltr'>τὸ</span> <span class='ocrx_word' id='word_1_276' title='bbox 835 2107 960 2160; x_wconf 83' lang='grc' dir='ltr'>ὅσον</span> <span class='ocrx_word' id='word_1_277' title='bbox 1008 2107 1094 2175; x_wconf 74' lang='grc' dir='ltr'><strong>ἐφ’</strong></span> <span class='ocrx_word' id='word_1_278' title='bbox 1124 2108 1362 2172; x_wconf 81' lang='grc' dir='ltr'>ἑαυτοῖς,</span> <span class='ocrx_word' id='word_1_279' title='bbox 1389 2109 1469 2172; x_wconf 83' lang='grc' dir='ltr'><strong>είς</strong></span> <span class='ocrx_word' id='word_1_280' title='bbox 1509 2108 1844 2179; x_wconf 78' lang='grc' dir='ltr'>ἀμφιϐολίαν</span> 
     </span>
    </p>
   </div>
   <div class='ocr_carea' id='block_1_38' title="bbox 245 2195 1844 2272">
    <p class='ocr_par' dir='ltr' id='par_1_38' title="bbox 245 2195 1844 2272">
     <span class='ocr_line' id='line_1_38' title="bbox 245 2195 1844 2272; baseline 0.006 -24"><span class='ocrx_word' id='word_1_281' title='bbox 245 2195 490 2262; x_wconf 84' lang='grc' dir='ltr'>ἄγουσι·</span> <span class='ocrx_word' id='word_1_282' title='bbox 528 2196 735 2266; x_wconf 85' lang='grc' dir='ltr'>μέλανα</span> <span class='ocrx_word' id='word_1_283' title='bbox 779 2195 918 2251; x_wconf 77' lang='grc' dir='ltr'>εἶναι</span> <span class='ocrx_word' id='word_1_284' title='bbox 964 2199 1055 2252; x_wconf 82' lang='grc' dir='ltr'>τὸν</span> <span class='ocrx_word' id='word_1_285' title='bbox 1101 2200 1362 2272; x_wconf 81' lang='grc' dir='ltr'>ἄργυρον,</span> <span class='ocrx_word' id='word_1_286' title='bbox 1415 2202 1488 2254; x_wconf 73' lang='grc' dir='ltr'><strong>ἐκ</strong></span> <span class='ocrx_word' id='word_1_287' title='bbox 1520 2201 1616 2254; x_wconf 86' lang='grc' dir='ltr'><strong>τοῦ</strong></span> <span class='ocrx_word' id='word_1_288' title='bbox 1676 2201 1756 2256; x_wconf 84' lang='grc' dir='ltr'>ίοῦ</span> <span class='ocrx_word' id='word_1_289' title='bbox 1784 2202 1844 2258; x_wconf 84' lang='grc' dir='ltr'><strong>ὃν</strong></span> 
     </span>
    </p>
   </div>
   <div class='ocr_carea' id='block_1_39' title="bbox 246 2285 1842 2364">
    <p class='ocr_par' dir='ltr' id='par_1_39' title="bbox 246 2285 1842 2364">
     <span class='ocr_line' id='line_1_39' title="bbox 246 2285 1842 2364; baseline 0.006 -26"><span class='ocrx_word' id='word_1_290' title='bbox 246 2287 470 2356; x_wconf 80' lang='grc' dir='ltr'>ἀφίησι,</span> <span class='ocrx_word' id='word_1_291' title='bbox 505 2289 600 2341; x_wconf 76' lang='grc' dir='ltr'><strong>καὶ</strong></span> <span class='ocrx_word' id='word_1_292' title='bbox 626 2288 840 2358; x_wconf 85' lang='grc' dir='ltr'>μέλανα-</span> <span class='ocrx_word' id='word_1_293' title='bbox 861 2285 1002 2344; x_wconf 77' lang='grc' dir='ltr'>εἶναι</span> <span class='ocrx_word' id='word_1_294' title='bbox 1045 2290 1138 2344; x_wconf 87' lang='grc' dir='ltr'><strong>τὸν</strong></span> <span class='ocrx_word' id='word_1_295' title='bbox 1163 2291 1339 2361; x_wconf 76' lang='grc' dir='ltr'>ἥλιον,</span> <span class='ocrx_word' id='word_1_296' title='bbox 1381 2292 1446 2344; x_wconf 84' lang='grc' dir='ltr'><strong>ἐκ</strong></span> <span class='ocrx_word' id='word_1_297' title='bbox 1477 2291 1571 2344; x_wconf 85' lang='grc' dir='ltr'><strong>τοῦ</strong></span> <span class='ocrx_word' id='word_1_298' title='bbox 1599 2291 1710 2362; x_wconf 75' lang='grc'>(20)</span> <span class='ocrx_word' id='word_1_299' title='bbox 1742 2311 1842 2364; x_wconf 86' lang='grc' dir='ltr'>με-</span> 
     </span>
    </p>
   </div>
   <div class='ocr_carea' id='block_1_40' title="bbox 243 2375 1840 2456">
    <p class='ocr_par' dir='ltr' id='par_1_40' title="bbox 243 2375 1840 2456">
     <span class='ocr_line' id='line_1_40' title="bbox 243 2375 1840 2456; baseline 0.006 -28"><span class='ocrx_word' id='word_1_300' title='bbox 243 2375 454 2431; x_wconf 85' lang='grc' dir='ltr'>λαίνειν</span> <span class='ocrx_word' id='word_1_301' title='bbox 504 2377 574 2432; x_wconf 83' lang='grc' dir='ltr'>τὰ</span> <span class='ocrx_word' id='word_1_302' title='bbox 611 2379 840 2451; x_wconf 87' lang='grc' dir='ltr'>σώματα</span> <span class='ocrx_word' id='word_1_303' title='bbox 871 2376 952 2444; x_wconf 73' lang='grc' dir='ltr'>οἷς</span> <span class='ocrx_word' id='word_1_304' title='bbox 1004 2381 1070 2435; x_wconf 85' lang='grc' dir='ltr'>ἂν</span> <span class='ocrx_word' id='word_1_305' title='bbox 1106 2382 1197 2434; x_wconf 81' lang='grc' dir='ltr'>ἐπὶ</span> <span class='ocrx_word' id='word_1_306' title='bbox 1244 2381 1406 2436; x_wconf 83' lang='grc' dir='ltr'>πλέον</span> <span class='ocrx_word' id='word_1_307' title='bbox 1439 2382 1840 2456; x_wconf 83' lang='grc' dir='ltr'>προσομιλήσῃ,</span> 
     </span>
    </p>
   </div>
   <div class='ocr_carea' id='block_1_41' title="bbox 242 2470 1841 2545">
    <p class='ocr_par' dir='ltr' id='par_1_41' title="bbox 242 2470 1841 2545">
     <span class='ocr_line' id='line_1_41' title="bbox 242 2470 1841 2545; baseline 0.003 -22"><span class='ocrx_word' id='word_1_308' title='bbox 242 2470 501 2539; x_wconf 85' lang='grc' dir='ltr'>λέγοντες</span> <span class='ocrx_word' id='word_1_309' title='bbox 532 2487 546 2504; x_wconf 80' lang='grc'><strong><em>⁸</em></strong></span> <span class='ocrx_word' id='word_1_310' title='bbox 583 2472 679 2526; x_wconf 75' lang='grc' dir='ltr'><strong>καὶ</strong></span> <span class='ocrx_word' id='word_1_311' title='bbox 734 2476 800 2527; x_wconf 89' lang='grc' dir='ltr'><strong>ἐκ</strong></span> <span class='ocrx_word' id='word_1_312' title='bbox 846 2472 956 2527; x_wconf 87' lang='grc' dir='ltr'>τῶν</span> <span class='ocrx_word' id='word_1_313' title='bbox 978 2473 1252 2528; x_wconf 83' lang='grc' dir='ltr'>τοιούτων.</span> <span class='ocrx_word' id='word_1_314' title='bbox 1288 2474 1349 2527; x_wconf 85' lang='grc' dir='ltr'><strong>τὸ</strong></span> <span class='ocrx_word' id='word_1_315' title='bbox 1375 2473 1478 2544; x_wconf 84' lang='grc' dir='ltr'>τῆς</span> <span class='ocrx_word' id='word_1_316' title='bbox 1508 2474 1712 2545; x_wconf 82' lang='grc' dir='ltr'>ἐποχῆς</span> <span class='ocrx_word' id='word_1_317' title='bbox 1741 2493 1841 2528; x_wconf 83' lang='grc' dir='ltr'>κα-</span> 
     </span>
    </p>
   </div>
   <div class='ocr_carea' id='block_1_42' title="bbox 238 2562 1841 2636">
    <p class='ocr_par' dir='ltr' id='par_1_42' title="bbox 238 2562 1841 2636">
     <span class='ocr_line' id='line_1_42' title="bbox 238 2562 1841 2636; baseline 0.002 -21"><span class='ocrx_word' id='word_1_318' title='bbox 238 2562 650 2627; x_wconf 79' lang='grc' dir='ltr'>τασκευάζουσι</span> <span class='ocrx_word' id='word_1_319' title='bbox 682 2564 880 2635; x_wconf 86' lang='grc' dir='ltr'>δόγμα,</span> <span class='ocrx_word' id='word_1_320' title='bbox 936 2564 1013 2628; x_wconf 87' lang='grc' dir='ltr'>ὡς</span> <span class='ocrx_word' id='word_1_321' title='bbox 1044 2565 1144 2636; x_wconf 80' lang='grc' dir='ltr'>τῆς</span> <span class='ocrx_word' id='word_1_322' title='bbox 1197 2565 1504 2636; x_wconf 72' lang='grc' dir='ltr'>αἰσθήσεως</span> <span class='ocrx_word' id='word_1_323' title='bbox 1539 2565 1841 2636; x_wconf 86' lang='grc' dir='ltr'>παραλογι-</span> 
     </span>
    </p>
   </div>
   <div class='ocr_carea' id='block_1_43' title="bbox 243 2653 1831 2730">
    <p class='ocr_par' dir='ltr' id='par_1_43' title="bbox 243 2653 1831 2730">
     <span class='ocr_line' id='line_1_43' title="bbox 243 2653 1831 2730; baseline 0.002 -21"><span class='ocrx_word' id='word_1_324' title='bbox 243 2658 422 2725; x_wconf 80' lang='grc' dir='ltr'>σμοὺς</span> <span class='ocrx_word' id='word_1_325' title='bbox 452 2656 718 2727; x_wconf 79' lang='grc' dir='ltr'>ἐχούσης,</span> <span class='ocrx_word' id='word_1_326' title='bbox 755 2658 851 2711; x_wconf 74' lang='grc' dir='ltr'><strong>καὶ</strong></span> <span class='ocrx_word' id='word_1_327' title='bbox 899 2659 998 2729; x_wconf 83' lang='grc' dir='ltr'><strong>οὐχ</strong></span> <span class='ocrx_word' id='word_1_328' title='bbox 1053 2653 1145 2712; x_wconf 74' lang='grc' dir='ltr'>οἷά</span> <span class='ocrx_word' id='word_1_329' title='bbox 1172 2658 1288 2712; x_wconf 84' lang='grc' dir='ltr'>ἐστι</span> <span class='ocrx_word' id='word_1_330' title='bbox 1323 2661 1388 2730; x_wconf 83' lang='grc' dir='ltr'>τῇ</span> <span class='ocrx_word' id='word_1_331' title='bbox 1449 2657 1608 2728; x_wconf 82' lang='grc' dir='ltr'>φύσει</span> <span class='ocrx_word' id='word_1_332' title='bbox 1665 2675 1831 2713; x_wconf 89' lang='grc' dir='ltr'>κατα-</span> 
     </span>
    </p>
   </div>
   <div class='ocr_carea' id='block_1_44' title="bbox 238 2746 1839 2820">
    <p class='ocr_par' dir='ltr' id='par_1_44' title="bbox 238 2746 1839 2820">
     <span class='ocr_line' id='line_1_44' title="bbox 238 2746 1839 2820; baseline 0.002 -21"><span class='ocrx_word' id='word_1_333' title='bbox 238 2746 632 2818; x_wconf 75' lang='grc' dir='ltr'>λαμϐανούσης</span> <span class='ocrx_word' id='word_1_334' title='bbox 655 2749 725 2802; x_wconf 85' lang='grc' dir='ltr'>τὰ</span> <span class='ocrx_word' id='word_1_335' title='bbox 747 2750 1071 2819; x_wconf 81' lang='grc' dir='ltr'>πράγματα,</span> <span class='ocrx_word' id='word_1_336' title='bbox 1103 2750 1219 2804; x_wconf 86' lang='grc' dir='ltr'>ἀλλ’</span> <span class='ocrx_word' id='word_1_337' title='bbox 1249 2749 1355 2802; x_wconf 82' lang='grc' dir='ltr'>ὑπὸ</span> <span class='ocrx_word' id='word_1_338' title='bbox 1383 2749 1480 2820; x_wconf 82' lang='grc' dir='ltr'><strong>μὲν</strong></span> <span class='ocrx_word' id='word_1_339' title='bbox 1516 2748 1839 2820; x_wconf 78' lang='grc' dir='ltr'>ζωγραφίας</span> 
     </span>
    </p>
   </div>
   <div class='ocr_carea' id='block_1_45' title="bbox 237 2839 1835 2914">
    <p class='ocr_par' dir='ltr' id='par_1_45' title="bbox 237 2839 1835 2914">
     <span class='ocr_line' id='line_1_45' title="bbox 237 2839 1835 2914; baseline 0.002 -22"><span class='ocrx_word' id='word_1_340' title='bbox 237 2839 628 2911; x_wconf 83' lang='grc' dir='ltr'>ἀπατωμένων</span> <span class='ocrx_word' id='word_1_341' title='bbox 667 2840 775 2893; x_wconf 81' lang='grc' dir='ltr'>τῶν</span> <span class='ocrx_word' id='word_1_342' title='bbox 812 2840 1141 2911; x_wconf 81' lang='grc' dir='ltr'>ὀφθαλμῶν·-</span> <span class='ocrx_word' id='word_1_343' title='bbox 1171 2843 1264 2895; x_wconf 78' lang='grc' dir='ltr'><strong>ἐπὶ</strong></span> <span class='ocrx_word' id='word_1_344' title='bbox 1325 2841 1383 2895; x_wconf 85' lang='grc' dir='ltr'>δὲ</span> <span class='ocrx_word' id='word_1_345' title='bbox 1437 2841 1532 2895; x_wconf 86' lang='grc' dir='ltr'><strong>τοῦ</strong></span> <span class='ocrx_word' id='word_1_346' title='bbox 1562 2841 1835 2914; x_wconf 81' lang='grc' dir='ltr'>τραχήλου</span> 
     </span>
    </p>
   </div>
   <div class='ocr_carea' id='block_1_46' title="bbox 235 2932 1836 3004">
    <p class='ocr_par' dir='ltr' id='par_1_46' title="bbox 235 2932 1836 3004">
     <span class='ocr_line' id='line_1_46' title="bbox 235 2932 1836 3004; baseline 0.002 -21"><span class='ocrx_word' id='word_1_347' title='bbox 235 2933 340 3002; x_wconf 80' lang='grc' dir='ltr'>τῆς</span> <span class='ocrx_word' id='word_1_348' title='bbox 373 2935 708 3003; x_wconf 78' lang='grc' dir='ltr'>περιστερᾶς</span> <span class='ocrx_word' id='word_1_349' title='bbox 740 2933 929 2986; x_wconf 78' lang='grc' dir='ltr'>ἄλλοτε</span> <span class='ocrx_word' id='word_1_350' title='bbox 979 2933 1146 2997; x_wconf 80' lang='grc' dir='ltr'>ἄλλας</span> <span class='ocrx_word' id='word_1_351' title='bbox 1174 2933 1344 3004; x_wconf 87' lang='grc' dir='ltr'>χρόας</span> <span class='ocrx_word' id='word_1_352' title='bbox 1389 2932 1836 3004; x_wconf 80' lang='grc' dir='ltr'>μεταλαμϐανόν-</span> 
     </span>
    </p>
   </div>
   <div class='ocr_carea' id='block_1_47' title="bbox 234 3025 1836 3098">
    <p class='ocr_par' dir='ltr' id='par_1_47' title="bbox 234 3025 1836 3098">
     <span class='ocr_line' id='line_1_47' title="bbox 234 3025 1836 3098; baseline 0 -20"><span class='ocrx_word' id='word_1_353' title='bbox 234 3041 351 3078; x_wconf 88' lang='grc' dir='ltr'><strong>των</strong></span> <span class='ocrx_word' id='word_1_354' title='bbox 385 3025 524 3094; x_wconf 80' lang='grc' dir='ltr'>πρὸς</span> <span class='ocrx_word' id='word_1_355' title='bbox 562 3025 662 3089; x_wconf 84' lang='grc' dir='ltr'>τὰς</span> <span class='ocrx_word' id='word_1_356' title='bbox 689 3027 963 3090; x_wconf 77' lang='grc' dir='ltr'>ἐκκλίσεις</span> <span class='ocrx_word' id='word_1_357' title='bbox 998 3025 1109 3097; x_wconf 57' lang='lat' dir='ltr'><strong>(ﬁl)</strong></span> <span class='ocrx_word' id='word_1_358' title='bbox 1132 3025 1227 3080; x_wconf 83' lang='grc' dir='ltr'><strong>τοῦ</strong></span> <span class='ocrx_word' id='word_1_359' title='bbox 1259 3025 1422 3092; x_wconf 80' lang='grc' dir='ltr'>ζὼου,</span> <span class='ocrx_word' id='word_1_360' title='bbox 1449 3027 1545 3080; x_wconf 75' lang='grc' dir='ltr'><strong>καὶ</strong></span> <span class='ocrx_word' id='word_1_361' title='bbox 1577 3026 1676 3089; x_wconf 77' lang='grc' dir='ltr'>τὰς</span> <span class='ocrx_word' id='word_1_362' title='bbox 1696 3026 1836 3098; x_wconf 84' lang='grc' dir='ltr'>πρὸς</span> 
     </span>
    </p>
   </div>
   <div class='ocr_carea' id='block_1_48' title="bbox 1952 1829 3535 1901">
    <p class='ocr_par' dir='ltr' id='par_1_48' title="bbox 1952 1829 3535 1901">
     <span class='ocr_line' id='line_1_48' title="bbox 1952 1829 3535 1901; baseline -0.001 -15"><span class='ocrx_word' id='word_1_363' title='bbox 1952 1831 2020 1886; x_wconf 88' lang='grc' dir='ltr'>Ει</span> <span class='ocrx_word' id='word_1_364' title='bbox 2045 1831 2247 1886; x_wconf 89' lang='lat' dir='ltr'><strong>utinam</strong></span> <span class='ocrx_word' id='word_1_365' title='bbox 2280 1834 2346 1884; x_wconf 92' lang='lat' dir='ltr'><strong>ad</strong></span> <span class='ocrx_word' id='word_1_366' title='bbox 2371 1846 2466 1886; x_wconf 90' lang='lat' dir='ltr'><strong>eos</strong></span> <span class='ocrx_word' id='word_1_367' title='bbox 2494 1832 2640 1886; x_wconf 91' lang='lat' dir='ltr'><strong>solos</strong></span> <span class='ocrx_word' id='word_1_368' title='bbox 2667 1832 2759 1901; x_wconf 92' lang='lat' dir='ltr'><strong>qui</strong></span> <span class='ocrx_word' id='word_1_369' title='bbox 2790 1847 2820 1886; x_wconf 88' lang='lat' dir='ltr'><strong>a</strong></span> <span class='ocrx_word' id='word_1_370' title='bbox 2843 1831 3248 1901; x_wconf 86' lang='lat' dir='ltr'><strong>Scripturarum</strong></span> <span class='ocrx_word' id='word_1_371' title='bbox 3277 1829 3382 1885; x_wconf 82' lang='lat' dir='ltr'><strong>fide</strong></span> <span class='ocrx_word' id='word_1_372' title='bbox 3407 1840 3535 1886; x_wconf 86' lang='lat' dir='ltr'><strong>sunt</strong></span> 
     </span>
    </p>
   </div>
   <div class='ocr_carea' id='block_1_49' title="bbox 1952 1920 3531 1999">
    <p class='ocr_par' dir='ltr' id='par_1_49' title="bbox 1952 1920 3531 1999">
     <span class='ocr_line' id='line_1_49' title="bbox 1952 1920 3531 1999; baseline 0 -24"><span class='ocrx_word' id='word_1_373' title='bbox 1952 1921 2194 1976; x_wconf 80' lang='lat' dir='ltr'><strong>extranei</strong></span> <span class='ocrx_word' id='word_1_374' title='bbox 2217 1960 2247 1999; x_wconf 15' lang='grc' dir='ltr'><strong>,ι</strong></span> <span class='ocrx_word' id='word_1_375' title='bbox 2269 1922 2609 1989; x_wconf 88' lang='lat' dir='ltr'><strong>pervenisset</strong></span> <span class='ocrx_word' id='word_1_376' title='bbox 2638 1922 2827 1976; x_wconf 74' lang='lat' dir='ltr'><strong>isthmc</strong></span> <span class='ocrx_word' id='word_1_377' title='bbox 2861 1921 3246 1990; x_wconf 89' lang='lat' dir='ltr'><strong>discrepantia.</strong></span> <span class='ocrx_word' id='word_1_378' title='bbox 3272 1920 3374 1988; x_wconf 88' lang='lat' dir='ltr'><strong>Qui</strong></span> <span class='ocrx_word' id='word_1_379' title='bbox 3402 1922 3531 1977; x_wconf 84' lang='lat' dir='ltr'><strong>dum</strong></span> 
     </span>
    </p>
   </div>
   <div class='ocr_carea' id='block_1_50' title="bbox 1951 2011 3529 2082">
    <p class='ocr_par' dir='ltr' id='par_1_50' title="bbox 1951 2011 3529 2082">
     <span class='ocr_line' id='line_1_50' title="bbox 1951 2011 3529 2082; baseline -0.001 -16"><span class='ocrx_word' id='word_1_380' title='bbox 1951 2012 2138 2066; x_wconf 85' lang='lat' dir='ltr'><strong>dicunt</strong></span> <span class='ocrx_word' id='word_1_381' title='bbox 2183 2025 2464 2067; x_wconf 88' lang='lat' dir='ltr'><strong>sermones</strong></span> <span class='ocrx_word' id='word_1_382' title='bbox 2510 2013 2576 2066; x_wconf 90' lang='lat' dir='ltr'><strong>de</strong></span> <span class='ocrx_word' id='word_1_383' title='bbox 2623 2027 2683 2066; x_wconf 91' lang='lat' dir='ltr'><strong>re</strong></span> <span class='ocrx_word' id='word_1_384' title='bbox 2728 2011 2970 2082; x_wconf 90' lang='lat' dir='ltr'><strong>qualibet</strong></span> <span class='ocrx_word' id='word_1_385' title='bbox 3021 2012 3238 2068; x_wconf 89' lang='lat' dir='ltr'><strong>habitos</strong></span> <span class='ocrx_word' id='word_1_386' title='bbox 3287 2011 3529 2079; x_wconf 89' lang='lat' dir='ltr'><strong>ejusdem</strong></span> 
     </span>
    </p>
   </div>
   <div class='ocr_carea' id='block_1_51' title="bbox 1950 2101 3530 2174">
    <p class='ocr_par' dir='ltr' id='par_1_51' title="bbox 1950 2101 3530 2174">
     <span class='ocr_line' id='line_1_51' title="bbox 1950 2101 3530 2174; baseline 0 -17"><span class='ocrx_word' id='word_1_387' title='bbox 1950 2101 2205 2174; x_wconf 85' lang='lat' dir='ltr'><strong>ponderis</strong></span> <span class='ocrx_word' id='word_1_388' title='bbox 2230 2118 2351 2158; x_wconf 89' lang='lat' dir='ltr'><strong>esse</strong></span> <span class='ocrx_word' id='word_1_389' title='bbox 2397 2117 2462 2157; x_wconf 92' lang='lat' dir='ltr'><strong>ac</strong></span> <span class='ocrx_word' id='word_1_390' title='bbox 2505 2104 2797 2171; x_wconf 90' lang='lat' dir='ltr'><strong>momenti,</strong></span> <span class='ocrx_word' id='word_1_391' title='bbox 2845 2117 3100 2169; x_wconf 89' lang='lat' dir='ltr'><strong>omnem,</strong></span> <span class='ocrx_word' id='word_1_392' title='bbox 3154 2113 3417 2173; x_wconf 91' lang='lat' dir='ltr'><strong>quantum</strong></span> <span class='ocrx_word' id='word_1_393' title='bbox 3472 2104 3530 2158; x_wconf 87' lang='lat' dir='ltr'><strong>in</strong></span> 
     </span>
    </p>
   </div>
   <div class='ocr_carea' id='block_1_52' title="bbox 1949 2191 3530 2263">
    <p class='ocr_par' dir='ltr' id='par_1_52' title="bbox 1949 2191 3530 2263">
     <span class='ocr_line' id='line_1_52' title="bbox 1949 2191 3530 2263; baseline 0.003 -18"><span class='ocrx_word' id='word_1_394' title='bbox 1949 2191 2083 2260; x_wconf 89' lang='lat' dir='ltr'><strong>ipsis</strong></span> <span class='ocrx_word' id='word_1_395' title='bbox 2116 2201 2233 2258; x_wconf 86' lang='lat' dir='ltr'><strong>est,</strong></span> <span class='ocrx_word' id='word_1_396' title='bbox 2285 2191 2616 2247; x_wconf 88' lang='lat' dir='ltr'><strong>evidentiam</strong></span> <span class='ocrx_word' id='word_1_397' title='bbox 2665 2193 2720 2246; x_wconf 90' lang='lat' dir='ltr'><strong>in</strong></span> <span class='ocrx_word' id='word_1_398' title='bbox 2759 2192 2984 2263; x_wconf 87' lang='lat' dir='ltr'><strong>ancipiti</strong></span> <span class='ocrx_word' id='word_1_399' title='bbox 3033 2193 3320 2250; x_wconf 90' lang='lat' dir='ltr'><strong>collocant.</strong></span> <span class='ocrx_word' id='word_1_400' title='bbox 3361 2192 3530 2249; x_wconf 88' lang='lat' dir='ltr'><strong>Aiunt</strong></span> 
     </span>
    </p>
   </div>
   <div class='ocr_carea' id='block_1_53' title="bbox 1948 2281 3526 2356">
    <p class='ocr_par' dir='ltr' id='par_1_53' title="bbox 1948 2281 3526 2356">
     <span class='ocr_line' id='line_1_53' title="bbox 1948 2281 3526 2356; baseline 0.002 -21"><span class='ocrx_word' id='word_1_401' title='bbox 1948 2281 2203 2337; x_wconf 90' lang='lat' dir='ltr'><strong>videlicet</strong></span> <span class='ocrx_word' id='word_1_402' title='bbox 2237 2293 2520 2352; x_wconf 75' lang='lat' dir='ltr'><strong>argentum</strong></span> <span class='ocrx_word' id='word_1_403' title='bbox 2550 2298 2670 2338; x_wconf 91' lang='lat' dir='ltr'><strong>esse</strong></span> <span class='ocrx_word' id='word_1_404' title='bbox 2696 2284 2914 2355; x_wconf 85' lang='lat' dir='ltr'><strong>nigrum</strong></span> <span class='ocrx_word' id='word_1_405' title='bbox 2942 2294 3163 2355; x_wconf 83' lang='lat' dir='ltr'><strong>pmpter</strong></span> <span class='ocrx_word' id='word_1_406' title='bbox 3190 2285 3526 2356; x_wconf 83' lang='lat' dir='ltr'><strong>rubiginem,</strong></span> 
     </span>
    </p>
   </div>
   <div class='ocr_carea' id='block_1_54' title="bbox 1947 2375 3524 2448">
    <p class='ocr_par' dir='ltr' id='par_1_54' title="bbox 1947 2375 3524 2448">
     <span class='ocr_line' id='line_1_54' title="bbox 1947 2375 3524 2448; baseline 0 -18"><span class='ocrx_word' id='word_1_407' title='bbox 1947 2389 2052 2444; x_wconf 91' lang='lat' dir='ltr'><strong>qua</strong></span> <span class='ocrx_word' id='word_1_408' title='bbox 2077 2375 2436 2446; x_wconf 85' lang='lat' dir='ltr'><strong>perfunditur,</strong></span> <span class='ocrx_word' id='word_1_409' title='bbox 2465 2377 2746 2448; x_wconf 89' lang='lat' dir='ltr'><strong>ipsumque</strong></span> <span class='ocrx_word' id='word_1_410' title='bbox 2769 2377 2938 2433; x_wconf 89' lang='lat' dir='ltr'><strong>solem</strong></span> <span class='ocrx_word' id='word_1_411' title='bbox 2966 2378 3181 2448; x_wconf 89' lang='lat' dir='ltr'><strong>nigrum</strong></span> <span class='ocrx_word' id='word_1_412' title='bbox 3208 2393 3352 2440; x_wconf 89' lang='lat' dir='ltr'><strong>esse,</strong></span> <span class='ocrx_word' id='word_1_413' title='bbox 3379 2377 3524 2446; x_wconf 86' lang='lat' dir='ltr'><strong>quod</strong></span> 
     </span>
    </p>
   </div>
   <div class='ocr_carea' id='block_1_55' title="bbox 1946 2467 3522 2539">
    <p class='ocr_par' dir='ltr' id='par_1_55' title="bbox 1946 2467 3522 2539">
     <span class='ocr_line' id='line_1_55' title="bbox 1946 2467 3522 2539; baseline 0.001 -19"><span class='ocrx_word' id='word_1_414' title='bbox 1946 2480 2010 2520; x_wconf 86' lang='lat' dir='ltr'><strong>ea</strong></span> <span class='ocrx_word' id='word_1_415' title='bbox 2038 2481 2269 2536; x_wconf 91' lang='lat' dir='ltr'><strong>corpora</strong></span> <span class='ocrx_word' id='word_1_416' title='bbox 2311 2467 2510 2537; x_wconf 89' lang='lat' dir='ltr'><strong>quibus</strong></span> <span class='ocrx_word' id='word_1_417' title='bbox 2552 2468 2756 2524; x_wconf 91' lang='lat' dir='ltr'><strong>diutius</strong></span> <span class='ocrx_word' id='word_1_418' title='bbox 2801 2469 3144 2536; x_wconf 90' lang='lat' dir='ltr'><strong>immoratur,</strong></span> <span class='ocrx_word' id='word_1_419' title='bbox 3186 2469 3522 2539; x_wconf 77' lang='lat' dir='ltr'><strong>nigrescant.</strong></span> 
     </span>
    </p>
   </div>
   <div class='ocr_carea' id='block_1_56' title="bbox 1944 2560 3526 2631">
    <p class='ocr_par' dir='ltr' id='par_1_56' title="bbox 1944 2560 3526 2631">
     <span class='ocr_line' id='line_1_56' title="bbox 1944 2560 3526 2631; baseline 0.001 -17"><span class='ocrx_word' id='word_1_420' title='bbox 1944 2562 2121 2630; x_wconf 85' lang='lat' dir='ltr'><strong>Atque</strong></span> <span class='ocrx_word' id='word_1_421' title='bbox 2149 2576 2216 2615; x_wconf 83' lang='lat' dir='ltr'><strong>ex</strong></span> <span class='ocrx_word' id='word_1_422' title='bbox 2258 2560 2562 2631; x_wconf 89' lang='lat' dir='ltr'><strong>hujusmodi</strong></span> <span class='ocrx_word' id='word_1_423' title='bbox 2599 2562 2900 2616; x_wconf 87' lang='lat' dir='ltr'><strong>rationibus</strong></span> <span class='ocrx_word' id='word_1_424' title='bbox 2944 2577 3100 2617; x_wconf 91' lang='lat' dir='ltr'><strong>suum</strong></span> <span class='ocrx_word' id='word_1_425' title='bbox 3162 2562 3230 2616; x_wconf 89' lang='lat' dir='ltr'><strong>de</strong></span> <span class='ocrx_word' id='word_1_426' title='bbox 3255 2564 3526 2616; x_wconf 87' lang='lat' dir='ltr'><strong>assensio-</strong></span> 
     </span>
    </p>
   </div>
   <div class='ocr_carea' id='block_1_57' title="bbox 1945 2650 3526 2721">
    <p class='ocr_par' dir='ltr' id='par_1_57' title="bbox 1945 2650 3526 2721">
     <span class='ocr_line' id='line_1_57' title="bbox 1945 2650 3526 2721; baseline 0 -16"><span class='ocrx_word' id='word_1_427' title='bbox 1945 2653 2029 2706; x_wconf 92' lang='lat' dir='ltr'><strong>nis</strong></span> <span class='ocrx_word' id='word_1_428' title='bbox 2087 2653 2391 2708; x_wconf 92' lang='lat' dir='ltr'><strong>retentione</strong></span> <span class='ocrx_word' id='word_1_429' title='bbox 2441 2653 2636 2721; x_wconf 89' lang='lat' dir='ltr'><strong>dogma</strong></span> <span class='ocrx_word' id='word_1_430' title='bbox 2689 2661 2942 2717; x_wconf 90' lang='lat' dir='ltr'><strong>struunt,</strong></span> <span class='ocrx_word' id='word_1_431' title='bbox 3002 2662 3256 2721; x_wconf 90' lang='lat' dir='ltr'><strong>tanquam</strong></span> <span class='ocrx_word' id='word_1_432' title='bbox 3308 2650 3526 2706; x_wconf 85' lang='lat' dir='ltr'><strong>fallatur</strong></span> 
     </span>
    </p>
   </div>
   <div class='ocr_carea' id='block_1_58' title="bbox 1943 2743 3521 2813">
    <p class='ocr_par' dir='ltr' id='par_1_58' title="bbox 1943 2743 3521 2813">
     <span class='ocr_line' id='line_1_58' title="bbox 1943 2743 3521 2813; baseline 0 -15"><span class='ocrx_word' id='word_1_433' title='bbox 1943 2759 2166 2810; x_wconf 85' lang='lat' dir='ltr'><strong>sensus,</strong></span> <span class='ocrx_word' id='word_1_434' title='bbox 2198 2758 2298 2798; x_wconf 92' lang='lat' dir='ltr'><strong>nec</strong></span> <span class='ocrx_word' id='word_1_435' title='bbox 2324 2758 2410 2798; x_wconf 90' lang='lat' dir='ltr'><strong>res</strong></span> <span class='ocrx_word' id='word_1_436' title='bbox 2435 2744 2624 2813; x_wconf 88' lang='lat' dir='ltr'><strong>quales</strong></span> <span class='ocrx_word' id='word_1_437' title='bbox 2668 2752 2860 2798; x_wconf 85' lang='lat' dir='ltr'><strong>natura</strong></span> <span class='ocrx_word' id='word_1_438' title='bbox 2895 2744 3184 2807; x_wconf 88' lang='lat' dir='ltr'><strong>exsistunt,</strong></span> <span class='ocrx_word' id='word_1_439' title='bbox 3216 2743 3521 2813; x_wconf 84' lang='lat' dir='ltr'><strong>apprehen-</strong></span> 
     </span>
    </p>
   </div>
   <div class='ocr_carea' id='block_1_59' title="bbox 1944 2836 3522 2907">
    <p class='ocr_par' dir='ltr' id='par_1_59' title="bbox 1944 2836 3522 2907">
     <span class='ocr_line' id='line_1_59' title="bbox 1944 2836 3522 2907; baseline -0.002 -14"><span class='ocrx_word' id='word_1_440' title='bbox 1944 2839 2058 2895; x_wconf 87' lang='lat' dir='ltr'><strong>dat.</strong></span> <span class='ocrx_word' id='word_1_441' title='bbox 2097 2839 2203 2892; x_wconf 90' lang='lat' dir='ltr'><strong>Sed</strong></span> <span class='ocrx_word' id='word_1_442' title='bbox 2239 2846 2299 2892; x_wconf 91' lang='lat' dir='ltr'><strong>ut</strong></span> <span class='ocrx_word' id='word_1_443' title='bbox 2343 2853 2442 2907; x_wconf 90' lang='lat' dir='ltr'><strong>per</strong></span> <span class='ocrx_word' id='word_1_444' title='bbox 2470 2839 2738 2907; x_wconf 88' lang='lat' dir='ltr'><strong>picturam</strong></span> <span class='ocrx_word' id='word_1_445' title='bbox 2768 2837 3114 2906; x_wconf 89' lang='lat' dir='ltr'><strong>decipiuntur</strong></span> <span class='ocrx_word' id='word_1_446' title='bbox 3151 2836 3329 2902; x_wconf 89' lang='lat' dir='ltr'><strong>oculi;</strong></span> <span class='ocrx_word' id='word_1_447' title='bbox 3369 2837 3444 2891; x_wconf 89' lang='lat' dir='ltr'><strong>ita</strong></span> <span class='ocrx_word' id='word_1_448' title='bbox 3467 2836 3522 2890; x_wconf 91' lang='lat' dir='ltr'><strong>in</strong></span> 
     </span>
    </p>
   </div>
   <div class='ocr_carea' id='block_1_60' title="bbox 1941 2930 3523 3000">
    <p class='ocr_par' dir='ltr' id='par_1_60' title="bbox 1941 2930 3523 3000">
     <span class='ocr_line' id='line_1_60' title="bbox 1941 2930 3523 3000; baseline -0.002 -14"><span class='ocrx_word' id='word_1_449' title='bbox 1941 2932 2206 2986; x_wconf 63' lang='lat' dir='ltr'><strong>columbae</strong></span> <span class='ocrx_word' id='word_1_450' title='bbox 2232 2931 2369 2986; x_wconf 92' lang='lat' dir='ltr'><strong>collo</strong></span> <span class='ocrx_word' id='word_1_451' title='bbox 2391 2931 2526 2986; x_wconf 89' lang='lat' dir='ltr'><strong>alios</strong></span> <span class='ocrx_word' id='word_1_452' title='bbox 2554 2940 2608 2986; x_wconf 92' lang='lat' dir='ltr'><strong>et</strong></span> <span class='ocrx_word' id='word_1_453' title='bbox 2633 2933 2771 2986; x_wconf 89' lang='lat' dir='ltr'><strong>alios</strong></span> <span class='ocrx_word' id='word_1_454' title='bbox 2802 2930 3016 2986; x_wconf 91' lang='lat' dir='ltr'><strong>colores</strong></span> <span class='ocrx_word' id='word_1_455' title='bbox 3049 2931 3335 3000; x_wconf 88' lang='lat' dir='ltr'><strong>recipiunt,</strong></span> <span class='ocrx_word' id='word_1_456' title='bbox 3361 2940 3523 3000; x_wconf 85' lang='lat' dir='ltr'><strong>prout</strong></span> 
     </span>
    </p>
   </div>
   <div class='ocr_carea' id='block_1_61' title="bbox 1943 3015 3519 3094">
    <p class='ocr_par' dir='ltr' id='par_1_61' title="bbox 1943 3015 3519 3094">
     <span class='ocr_line' id='line_1_61' title="bbox 1943 3015 3519 3094; baseline -0.001 -16"><span class='ocrx_word' id='word_1_457' title='bbox 1943 3026 2092 3078; x_wconf 88' lang='lat' dir='ltr'><strong>varie</strong></span> <span class='ocrx_word' id='word_1_458' title='bbox 2121 3023 2355 3079; x_wconf 89' lang='lat' dir='ltr'><strong>llectitur</strong></span> <span class='ocrx_word' id='word_1_459' title='bbox 2387 3015 2589 3078; x_wconf 87' lang='lat' dir='ltr'><strong>animal</strong></span> <span class='ocrx_word' id='word_1_460' title='bbox 2611 3063 2626 3089; x_wconf 95' lang='lat'><strong>,</strong></span> <span class='ocrx_word' id='word_1_461' title='bbox 2667 3039 2847 3094; x_wconf 82' lang='lat' dir='ltr'><strong>exque</strong></span> <span class='ocrx_word' id='word_1_462' title='bbox 2879 3023 3016 3078; x_wconf 90' lang='lat' dir='ltr'><strong>radii</strong></span> <span class='ocrx_word' id='word_1_463' title='bbox 3054 3038 3118 3077; x_wconf 90' lang='lat' dir='ltr'><strong>ac</strong></span> <span class='ocrx_word' id='word_1_464' title='bbox 3145 3022 3283 3078; x_wconf 91' lang='lat' dir='ltr'><strong>lucis</strong></span> <span class='ocrx_word' id='word_1_465' title='bbox 3306 3021 3519 3090; x_wconf 89' lang='lat' dir='ltr'><strong>objectu</strong></span> 
     </span>
    </p>
   </div>
   <div class='ocr_carea' id='block_1_62' title="bbox 233 3108 1894 3190">
    <p class='ocr_par' dir='ltr' id='par_1_62' title="bbox 233 3108 1894 3190">
     <span class='ocr_line' id='line_1_62' title="bbox 233 3108 1894 3190; baseline 0.002 -20"><span class='ocrx_word' id='word_1_466' title='bbox 233 3117 340 3188; x_wconf 80' lang='grc' dir='ltr'><strong>τήν</strong></span> <span class='ocrx_word' id='word_1_467' title='bbox 369 3119 569 3172; x_wconf 83' lang='grc' dir='ltr'>ἀκτῖνα</span> <span class='ocrx_word' id='word_1_468' title='bbox 597 3119 833 3190; x_wconf 86' lang='grc' dir='ltr'>σχέσεις,</span> <span class='ocrx_word' id='word_1_469' title='bbox 879 3119 1479 3190; x_wconf 77' lang='grc' dir='ltr'>συμμεταϐαλλομένης</span> <span class='ocrx_word' id='word_1_470' title='bbox 1499 3119 1603 3189; x_wconf 82' lang='grc' dir='ltr'>τῆς</span> <span class='ocrx_word' id='word_1_471' title='bbox 1633 3119 1828 3188; x_wconf 75' lang='grc' dir='ltr'>ὅψεως.</span> <span class='ocrx_word' id='word_1_472' title='bbox 1859 3108 1894 3164; x_wconf 80' lang='lat' dir='ltr'><strong>C</strong></span> 
     </span>
    </p>
   </div>
   <div class='ocr_carea' id='block_1_63' title="bbox 1949 3108 3518 3190">
    <p class='ocr_par' dir='ltr' id='par_1_63' title="bbox 1949 3115 3518 3187">
     <span class='ocr_line' id='line_1_63' title="bbox 1949 3115 3518 3187; baseline -0.002 -15"><span class='ocrx_word' id='word_1_473' title='bbox 1949 3127 2257 3186; x_wconf 87' lang='lat' dir='ltr'><strong>:onspectus</strong></span> <span class='ocrx_word' id='word_1_474' title='bbox 2301 3126 2562 3172; x_wconf 90' lang='lat' dir='ltr'><strong>mutatur.</strong></span> <span class='ocrx_word' id='word_1_475' title='bbox 2605 3117 2948 3187; x_wconf 85' lang='lat' dir='ltr'><strong>Quapropter</strong></span> <span class='ocrx_word' id='word_1_476' title='bbox 2991 3131 3114 3170; x_wconf 91' lang='lat' dir='ltr'><strong>cum</strong></span> <span class='ocrx_word' id='word_1_477' title='bbox 3153 3117 3392 3170; x_wconf 90' lang='lat' dir='ltr'><strong>animum</strong></span> <span class='ocrx_word' id='word_1_478' title='bbox 3430 3115 3518 3170; x_wconf 85' lang='lat' dir='ltr'><strong>itt-</strong></span> 
     </span>
    </p>
   </div>
   <div class='ocr_carea' id='block_1_64' title="bbox 232 3210 1830 3284">
    <p class='ocr_par' dir='ltr' id='par_1_64' title="bbox 232 3210 1830 3284">
     <span class='ocr_line' id='line_1_64' title="bbox 232 3210 1830 3284; baseline 0 -20"><span class='ocrx_word' id='word_1_479' title='bbox 232 3212 338 3264; x_wconf 76' lang='grc' dir='ltr'>Διά</span> <span class='ocrx_word' id='word_1_480' title='bbox 371 3210 532 3264; x_wconf 86' lang='grc' dir='ltr'>τοῦτο</span> <span class='ocrx_word' id='word_1_481' title='bbox 561 3213 956 3284; x_wconf 78' lang='grc' dir='ltr'>ἐπιστήσαντες</span> <span class='ocrx_word' id='word_1_482' title='bbox 982 3215 1048 3284; x_wconf 84' lang='grc' dir='ltr'>τῇ</span> <span class='ocrx_word' id='word_1_483' title='bbox 1078 3211 1168 3266; x_wconf 83' lang='grc' dir='ltr'>διὰ</span> <span class='ocrx_word' id='word_1_484' title='bbox 1194 3213 1301 3266; x_wconf 85' lang='grc' dir='ltr'>τῶν</span> <span class='ocrx_word' id='word_1_485' title='bbox 1337 3210 1632 3283; x_wconf 83' lang='grc' dir='ltr'>ὀφθαλμῶν</span> <span class='ocrx_word' id='word_1_486' title='bbox 1661 3228 1830 3264; x_wconf 89' lang='grc' dir='ltr'>κατα-</span> 
     </span>
    </p>
   </div>
   <div class='ocr_carea' id='block_1_65' title="bbox 232 3302 1830 3377">
    <p class='ocr_par' dir='ltr' id='par_1_65' title="bbox 232 3302 1830 3377">
     <span class='ocr_line' id='line_1_65' title="bbox 232 3302 1830 3377; baseline 0.002 -22"><span class='ocrx_word' id='word_1_487' title='bbox 232 3303 420 3375; x_wconf 69' lang='grc' dir='ltr'>λήψει,</span> <span class='ocrx_word' id='word_1_488' title='bbox 460 3302 584 3356; x_wconf 70' lang='grc' dir='ltr'>οὔτε</span> <span class='ocrx_word' id='word_1_489' title='bbox 619 3307 687 3375; x_wconf 82' lang='grc' dir='ltr'><strong>τῇ</strong></span> <span class='ocrx_word' id='word_1_490' title='bbox 733 3305 918 3377; x_wconf 71' lang='grc' dir='ltr'>ἡμέρᾳ</span> <span class='ocrx_word' id='word_1_491' title='bbox 967 3305 1328 3370; x_wconf 84' lang='grc' dir='ltr'>συντίθενται,</span> <span class='ocrx_word' id='word_1_492' title='bbox 1365 3303 1489 3358; x_wconf 77' lang='grc' dir='ltr'>οὔτε</span> <span class='ocrx_word' id='word_1_493' title='bbox 1516 3303 1615 3375; x_wconf 79' lang='grc' dir='ltr'>τὴν</span> <span class='ocrx_word' id='word_1_494' title='bbox 1659 3304 1830 3358; x_wconf 86' lang='grc' dir='ltr'>νύκτα</span> 
     </span>
    </p>
   </div>
   <div class='ocr_carea' id='block_1_66' title="bbox 231 3396 1831 3466">
    <p class='ocr_par' dir='ltr' id='par_1_66' title="bbox 231 3396 1831 3466">
     <span class='ocr_line' id='line_1_66' title="bbox 231 3396 1831 3466; baseline -0.001 -16"><span class='ocrx_word' id='word_1_495' title='bbox 231 3396 618 3465; x_wconf 75' lang='grc' dir='ltr'>ὁμολογοῦσιν,</span> <span class='ocrx_word' id='word_1_496' title='bbox 651 3399 714 3450; x_wconf 88' lang='grc' dir='ltr'><strong>ἐκ</strong></span> <span class='ocrx_word' id='word_1_497' title='bbox 769 3397 827 3450; x_wconf 83' lang='grc' dir='ltr'><strong>δὲ</strong></span> <span class='ocrx_word' id='word_1_498' title='bbox 850 3396 946 3450; x_wconf 88' lang='grc' dir='ltr'><strong>τοῦ</strong></span> <span class='ocrx_word' id='word_1_499' title='bbox 992 3397 1289 3452; x_wconf 77' lang='grc' dir='ltr'>ἀκολούθου</span> <span class='ocrx_word' id='word_1_500' title='bbox 1319 3398 1415 3450; x_wconf 71' lang='grc' dir='ltr'><strong>καὶ</strong></span> <span class='ocrx_word' id='word_1_501' title='bbox 1447 3399 1527 3460; x_wconf 84' lang='grc' dir='ltr'><strong>είς</strong></span> <span class='ocrx_word' id='word_1_502' title='bbox 1560 3396 1831 3466; x_wconf 87' lang='grc' dir='ltr'>ἀθεότητα</span> 
     </span>
    </p>
   </div>
   <div class='ocr_carea' id='block_1_67' title="bbox 230 3487 1830 3562">
    <p class='ocr_par' dir='ltr' id='par_1_67' title="bbox 230 3487 1830 3562">
     <span class='ocr_line' id='line_1_67' title="bbox 230 3487 1830 3562; baseline 0 -20"><span class='ocrx_word' id='word_1_503' title='bbox 230 3489 574 3542; x_wconf 82' lang='grc' dir='ltr'>ἐκπίπτουσι</span> <span class='ocrx_word' id='word_1_504' title='bbox 597 3489 731 3559; x_wconf 69' lang='lat'><strong>(‘22),</strong></span> <span class='ocrx_word' id='word_1_505' title='bbox 771 3491 910 3560; x_wconf 88' lang='grc' dir='ltr'>μήτε</span> <span class='ocrx_word' id='word_1_506' title='bbox 933 3492 982 3543; x_wconf 83' lang='grc' dir='ltr'><strong>εί</strong></span> <span class='ocrx_word' id='word_1_507' title='bbox 1021 3490 1251 3562; x_wconf 83' lang='grc' dir='ltr'>προνοίᾳ</span> <span class='ocrx_word' id='word_1_508' title='bbox 1281 3487 1417 3543; x_wconf 88' lang='grc' dir='ltr'>Θεοῦ</span> <span class='ocrx_word' id='word_1_509' title='bbox 1455 3490 1736 3543; x_wconf 83' lang='grc' dir='ltr'>διοικεῖται</span> <span class='ocrx_word' id='word_1_510' title='bbox 1767 3489 1830 3542; x_wconf 81' lang='grc' dir='ltr'><strong>τὸ</strong></span> 
     </span>
    </p>
   </div>
   <div class='ocr_carea' id='block_1_68' title="bbox 228 3581 1824 3654">
    <p class='ocr_par' dir='ltr' id='par_1_68' title="bbox 228 3581 1824 3654">
     <span class='ocr_line' id='line_1_68' title="bbox 228 3581 1824 3654; baseline 0 -18"><span class='ocrx_word' id='word_1_511' title='bbox 228 3583 386 3643; x_wconf 74' lang='grc' dir='ltr'>πᾶν,</span> <span class='ocrx_word' id='word_1_512' title='bbox 443 3583 580 3653; x_wconf 86' lang='grc' dir='ltr'>μήτε</span> <span class='ocrx_word' id='word_1_513' title='bbox 643 3584 692 3636; x_wconf 83' lang='grc' dir='ltr'><strong>εί</strong></span> <span class='ocrx_word' id='word_1_514' title='bbox 754 3583 1079 3654; x_wconf 80' lang='grc' dir='ltr'>αὐτομάτως</span> <span class='ocrx_word' id='word_1_515' title='bbox 1140 3584 1369 3654; x_wconf 86' lang='grc' dir='ltr'>φέρεται</span> <span class='ocrx_word' id='word_1_516' title='bbox 1429 3581 1824 3653; x_wconf 83' lang='grc' dir='ltr'>συντιθέμενοι.</span> 
     </span>
    </p>
   </div>
   <div class='ocr_carea' id='block_1_69' title="bbox 231 3675 1826 3741">
    <p class='ocr_par' dir='ltr' id='par_1_69' title="bbox 231 3675 1826 3741">
     <span class='ocr_line' id='line_1_69' title="bbox 231 3675 1826 3741; baseline 0 -13"><span class='ocrx_word' id='word_1_517' title='bbox 231 3675 400 3739; x_wconf 83' lang='grc' dir='ltr'>Ἷδοις</span> <span class='ocrx_word' id='word_1_518' title='bbox 431 3676 490 3729; x_wconf 84' lang='grc' dir='ltr'><strong>δὲ</strong></span> <span class='ocrx_word' id='word_1_519' title='bbox 516 3677 582 3730; x_wconf 87' lang='grc' dir='ltr'>ἂν</span> <span class='ocrx_word' id='word_1_520' title='bbox 616 3677 844 3741; x_wconf 78' lang='grc' dir='ltr'>πολλοὺς</span> <span class='ocrx_word' id='word_1_521' title='bbox 873 3677 967 3730; x_wconf 70' lang='grc' dir='ltr'><strong>καὶ</strong></span> <span class='ocrx_word' id='word_1_522' title='bbox 1000 3676 1108 3730; x_wconf 84' lang='grc' dir='ltr'><strong>τῶν</strong></span> <span class='ocrx_word' id='word_1_523' title='bbox 1129 3677 1577 3731; x_wconf 86' lang='grc' dir='ltr'>πεπιστευκότων</span> <span class='ocrx_word' id='word_1_524' title='bbox 1609 3677 1722 3740; x_wconf 84' lang='grc' dir='ltr'>τοῖς</span> <span class='ocrx_word' id='word_1_525' title='bbox 1747 3691 1826 3730; x_wconf 85' lang='lat' dir='ltr'><strong>vo-</strong></span> 
     </span>
    </p>
   </div>
   <div class='ocr_carea' id='block_1_70' title="bbox 232 3766 1824 3839">
    <p class='ocr_par' dir='ltr' id='par_1_70' title="bbox 232 3766 1824 3839">
     <span class='ocr_line' id='line_1_70' title="bbox 232 3766 1824 3839; baseline 0.001 -21"><span class='ocrx_word' id='word_1_526' title='bbox 232 3769 418 3836; x_wconf 73' lang='grc' dir='ltr'>μικοῖς</span> <span class='ocrx_word' id='word_1_527' title='bbox 465 3767 558 3820; x_wconf 74' lang='grc' dir='ltr'><strong>καὶ</strong></span> <span class='ocrx_word' id='word_1_528' title='bbox 588 3771 950 3838; x_wconf 63' lang='grc' dir='ltr'>προφητικοῖξ</span> <span class='ocrx_word' id='word_1_529' title='bbox 977 3767 1305 3839; x_wconf 82' lang='grc' dir='ltr'>γράμμασι,</span> <span class='ocrx_word' id='word_1_530' title='bbox 1336 3770 1400 3838; x_wconf 88' lang='grc' dir='ltr'>τῇ</span> <span class='ocrx_word' id='word_1_531' title='bbox 1436 3767 1564 3838; x_wconf 81' lang='grc' dir='ltr'>περὶ</span> <span class='ocrx_word' id='word_1_532' title='bbox 1591 3766 1824 3820; x_wconf 74' lang='grc' dir='ltr'>ἕκαστον</span> 
     </span>
    </p>
   </div>
   <div class='ocr_carea' id='block_1_71' title="bbox 227 3857 1822 3932">
    <p class='ocr_par' dir='ltr' id='par_1_71' title="bbox 227 3857 1822 3932">
     <span class='ocr_line' id='line_1_71' title="bbox 227 3857 1822 3932; baseline 0 -22"><span class='ocrx_word' id='word_1_533' title='bbox 227 3857 486 3911; x_wconf 83' lang='grc' dir='ltr'>ὲνστάσει</span> <span class='ocrx_word' id='word_1_534' title='bbox 516 3859 654 3929; x_wconf 86' lang='grc' dir='ltr'>μετὰ</span> <span class='ocrx_word' id='word_1_535' title='bbox 681 3860 1038 3932; x_wconf 86' lang='grc' dir='ltr'>πιθανότητος</span> <span class='ocrx_word' id='word_1_536' title='bbox 1065 3859 1522 3931; x_wconf 87' lang='grc' dir='ltr'>ἀπομαχομένους</span> <span class='ocrx_word' id='word_1_537' title='bbox 1555 3857 1694 3929; x_wconf 87' lang='grc' dir='ltr'>πρὸς</span> <span class='ocrx_word' id='word_1_538' title='bbox 1720 3857 1822 3928; x_wconf 83' lang='grc' dir='ltr'>τὴν</span> 
     </span>
    </p>
   </div>
   <div class='ocr_carea' id='block_1_72' title="bbox 225 3947 1822 4022">
    <p class='ocr_par' dir='ltr' id='par_1_72' title="bbox 225 3947 1822 4022">
     <span class='ocr_line' id='line_1_72' title="bbox 225 3947 1822 4022; baseline -0.001 -22"><span class='ocrx_word' id='word_1_539' title='bbox 225 3949 523 4018; x_wconf 85' lang='grc' dir='ltr'>ἐνάργειαν</span> <span class='ocrx_word' id='word_1_540' title='bbox 566 3950 701 4019; x_wconf 68' lang='grc'>(9.5),</span> <span class='ocrx_word' id='word_1_541' title='bbox 746 3951 888 4004; x_wconf 81' lang='grc' dir='ltr'>ὥστε</span> <span class='ocrx_word' id='word_1_542' title='bbox 921 3950 1255 4022; x_wconf 86' lang='grc' dir='ltr'>σαθροῦσθαι</span> <span class='ocrx_word' id='word_1_543' title='bbox 1285 3950 1380 4003; x_wconf 78' lang='grc' dir='ltr'><strong>καὶ</strong></span> <span class='ocrx_word' id='word_1_544' title='bbox 1401 3947 1822 4002; x_wconf 82' lang='grc' dir='ltr'>διασαλεύεσθαι</span> 
     </span>
    </p>
   </div>
   <div class='ocr_carea' id='block_1_73' title="bbox 223 4037 1824 4111">
    <p class='ocr_par' dir='ltr' id='par_1_73' title="bbox 223 4037 1824 4111">
     <span class='ocr_line' id='line_1_73' title="bbox 223 4037 1824 4111; baseline -0.001 -20"><span class='ocrx_word' id='word_1_545' title='bbox 223 4038 288 4092; x_wconf 82' lang='grc' dir='ltr'>τὸ</span> <span class='ocrx_word' id='word_1_546' title='bbox 314 4041 373 4091; x_wconf 92' lang='grc' dir='ltr'>ἐν</span> <span class='ocrx_word' id='word_1_547' title='bbox 401 4042 512 4103; x_wconf 74' lang='grc' dir='ltr'>τοῖς</span> <span class='ocrx_word' id='word_1_548' title='bbox 536 4039 801 4110; x_wconf 83' lang='grc' dir='ltr'>δόγμασιν</span> <span class='ocrx_word' id='word_1_549' title='bbox 829 4039 1049 4111; x_wconf 84' lang='grc' dir='ltr'>ἀληθές.</span> <span class='ocrx_word' id='word_1_550' title='bbox 1109 4038 1270 4092; x_wconf 86' lang='grc' dir='ltr'>Ἀλλὰ</span> <span class='ocrx_word' id='word_1_551' title='bbox 1306 4037 1585 4092; x_wconf 86' lang='grc' dir='ltr'>πιστεύειν</span> <span class='ocrx_word' id='word_1_552' title='bbox 1619 4037 1719 4110; x_wconf 80' lang='grc' dir='ltr'>μὲν</span> <span class='ocrx_word' id='word_1_553' title='bbox 1742 4039 1824 4101; x_wconf 85' lang='grc' dir='ltr'><strong>είς</strong></span> 
     </span>
    </p>
   </div>
   <div class='ocr_carea' id='block_1_74' title="bbox 221 4129 1821 4203">
    <p class='ocr_par' dir='ltr' id='par_1_74' title="bbox 221 4129 1821 4203">
     <span class='ocr_line' id='line_1_74' title="bbox 221 4129 1821 4203; baseline -0.002 -18"><span class='ocrx_word' id='word_1_554' title='bbox 221 4131 466 4202; x_wconf 77' lang='grc' dir='ltr'>Χριστὸν</span> <span class='ocrx_word' id='word_1_555' title='bbox 528 4131 736 4202; x_wconf 77' lang='grc' dir='ltr'>Ἰησοῦν</span> <span class='ocrx_word' id='word_1_556' title='bbox 794 4131 1119 4203; x_wconf 72' lang='grc' dir='ltr'>ὁμολογοῦσι</span> <span class='ocrx_word' id='word_1_557' title='bbox 1151 4148 1317 4196; x_wconf 85' lang='grc' dir='ltr'>τινες,</span> <span class='ocrx_word' id='word_1_558' title='bbox 1357 4130 1707 4202; x_wconf 84' lang='grc' dir='ltr'>εὑρίσκονται</span> <span class='ocrx_word' id='word_1_559' title='bbox 1762 4129 1821 4183; x_wconf 82' lang='grc' dir='ltr'>δὲ</span> 
     </span>
    </p>
   </div>
   <div class='ocr_carea' id='block_1_75' title="bbox 295 4266 1323 4336">
    <p class='ocr_par' dir='ltr' id='par_1_75' title="bbox 295 4266 1323 4336">
     <span class='ocr_line' id='line_1_75' title="bbox 295 4266 1323 4336; baseline 0.001 -14"><span class='ocrx_word' id='word_1_560' title='bbox 295 4267 343 4300; x_wconf 71' lang='grc'>⁸⁸</span> <span class='ocrx_word' id='word_1_561' title='bbox 372 4267 597 4332; x_wconf 80' lang='lat' dir='ltr'><strong>llebmr,</strong></span> <span class='ocrx_word' id='word_1_562' title='bbox 627 4267 716 4323; x_wconf 69' lang='grc'><strong>14.</strong></span> <span class='ocrx_word' id='word_1_563' title='bbox 792 4266 839 4301; x_wconf 69' lang='grc'><strong>⁸⁸</strong></span> <span class='ocrx_word' id='word_1_564' title='bbox 870 4266 1104 4324; x_wconf 89' lang='lat' dir='ltr'><strong>lTbess.</strong></span> <span class='ocrx_word' id='word_1_565' title='bbox 1141 4283 1198 4336; x_wconf 74' lang='grc' dir='ltr'><strong>ν,</strong></span> <span class='ocrx_word' id='word_1_566' title='bbox 1231 4266 1323 4324; x_wconf 73' lang='grc'><strong>22.</strong></span> 
     </span>
    </p>
   </div>
   <div class='ocr_carea' id='block_1_76' title="bbox 1938 3208 3516 3278">
    <p class='ocr_par' dir='ltr' id='par_1_76' title="bbox 1938 3208 3516 3278">
     <span class='ocr_line' id='line_1_76' title="bbox 1938 3208 3516 3278; baseline -0.001 -15"><span class='ocrx_word' id='word_1_567' title='bbox 1938 3210 2163 3263; x_wconf 87' lang='lat' dir='ltr'><strong>tendunt</strong></span> <span class='ocrx_word' id='word_1_568' title='bbox 2191 3210 2258 3263; x_wconf 90' lang='lat' dir='ltr'><strong>ad</strong></span> <span class='ocrx_word' id='word_1_569' title='bbox 2291 3224 2410 3264; x_wconf 83' lang='lat' dir='ltr'><strong>eam</strong></span> <span class='ocrx_word' id='word_1_570' title='bbox 2455 3224 2576 3278; x_wconf 86' lang='lat' dir='ltr'><strong>quae</strong></span> <span class='ocrx_word' id='word_1_571' title='bbox 2609 3223 2706 3278; x_wconf 92' lang='lat' dir='ltr'><strong>per</strong></span> <span class='ocrx_word' id='word_1_572' title='bbox 2735 3211 2924 3264; x_wconf 87' lang='lat' dir='ltr'><strong>oculos</strong></span> <span class='ocrx_word' id='word_1_573' title='bbox 2975 3208 3036 3264; x_wconf 83' lang='lat' dir='ltr'><strong>fit</strong></span> <span class='ocrx_word' id='word_1_574' title='bbox 3071 3209 3469 3278; x_wconf 87' lang='lat' dir='ltr'><strong>perceptionem</strong></span> <span class='ocrx_word' id='word_1_575' title='bbox 3495 3245 3516 3274; x_wconf 87' lang='lat'><strong>,</strong></span> 
     </span>
    </p>
   </div>
   <div class='ocr_carea' id='block_1_77' title="bbox 1935 3301 3518 3372">
    <p class='ocr_par' dir='ltr' id='par_1_77' title="bbox 1935 3301 3518 3372">
     <span class='ocr_line' id='line_1_77' title="bbox 1935 3301 3518 3372; baseline -0.003 -15"><span class='ocrx_word' id='word_1_576' title='bbox 1935 3317 2111 3371; x_wconf 91' lang='lat' dir='ltr'><strong>neque</strong></span> <span class='ocrx_word' id='word_1_577' title='bbox 2147 3303 2290 3357; x_wconf 89' lang='lat' dir='ltr'><strong>diem</strong></span> <span class='ocrx_word' id='word_1_578' title='bbox 2337 3318 2456 3356; x_wconf 88' lang='lat' dir='ltr'><strong>esse</strong></span> <span class='ocrx_word' id='word_1_579' title='bbox 2499 3309 2780 3364; x_wconf 87' lang='lat' dir='ltr'><strong>statuunt,</strong></span> <span class='ocrx_word' id='word_1_580' title='bbox 2828 3316 3006 3372; x_wconf 89' lang='lat' dir='ltr'><strong>neque</strong></span> <span class='ocrx_word' id='word_1_581' title='bbox 3044 3301 3375 3356; x_wconf 78' lang='lat' dir='ltr'><strong>confitentur</strong></span> <span class='ocrx_word' id='word_1_582' title='bbox 3420 3315 3518 3354; x_wconf 87' lang='lat' dir='ltr'><strong>no-</strong></span> 
     </span>
    </p>
   </div>
   <div class='ocr_carea' id='block_1_78' title="bbox 1933 3390 3512 3464">
    <p class='ocr_par' dir='ltr' id='par_1_78' title="bbox 1933 3390 3512 3464">
     <span class='ocr_line' id='line_1_78' title="bbox 1933 3390 3512 3464; baseline 0 -17"><span class='ocrx_word' id='word_1_583' title='bbox 1933 3404 2117 3459; x_wconf 91' lang='lat' dir='ltr'><strong>ctem,</strong></span> <span class='ocrx_word' id='word_1_584' title='bbox 2163 3403 2328 3464; x_wconf 89' lang='lat' dir='ltr'><strong>atque</strong></span> <span class='ocrx_word' id='word_1_585' title='bbox 2367 3395 2564 3450; x_wconf 83' lang='lat' dir='ltr'><strong>exinde</strong></span> <span class='ocrx_word' id='word_1_586' title='bbox 2610 3393 2966 3464; x_wconf 84' lang='lat' dir='ltr'><strong>prolabuntur</strong></span> <span class='ocrx_word' id='word_1_587' title='bbox 3010 3395 3063 3449; x_wconf 92' lang='lat' dir='ltr'><strong>in</strong></span> <span class='ocrx_word' id='word_1_588' title='bbox 3113 3390 3443 3462; x_wconf 83' lang='lat' dir='ltr'><strong>impietatem</strong></span> <span class='ocrx_word' id='word_1_589' title='bbox 3496 3409 3512 3447; x_wconf 89' lang='lat'><strong>:</strong></span> 
     </span>
    </p>
   </div>
   <div class='ocr_carea' id='block_1_79' title="bbox 1933 3485 3511 3556">
    <p class='ocr_par' dir='ltr' id='par_1_79' title="bbox 1933 3485 3511 3556">
     <span class='ocr_line' id='line_1_79' title="bbox 1933 3485 3511 3556; baseline -0.003 -15"><span class='ocrx_word' id='word_1_590' title='bbox 1933 3501 2108 3554; x_wconf 90' lang='lat' dir='ltr'><strong>neque</strong></span> <span class='ocrx_word' id='word_1_591' title='bbox 2153 3488 2407 3541; x_wconf 88' lang='lat' dir='ltr'><strong>convenit</strong></span> <span class='ocrx_word' id='word_1_592' title='bbox 2456 3489 2596 3542; x_wconf 89' lang='lat' dir='ltr'><strong>inter</strong></span> <span class='ocrx_word' id='word_1_593' title='bbox 2633 3487 2751 3542; x_wconf 89' lang='lat' dir='ltr'><strong>illos</strong></span> <span class='ocrx_word' id='word_1_594' title='bbox 2793 3498 2976 3541; x_wconf 90' lang='lat' dir='ltr'><strong>utrum</strong></span> <span class='ocrx_word' id='word_1_595' title='bbox 3023 3486 3116 3540; x_wconf 93' lang='lat' dir='ltr'><strong>Dei</strong></span> <span class='ocrx_word' id='word_1_596' title='bbox 3169 3485 3511 3556; x_wconf 84' lang='lat' dir='ltr'><strong>providentia</strong></span> 
     </span>
    </p>
   </div>
   <div class='ocr_carea' id='block_1_80' title="bbox 1933 3575 3508 3650">
    <p class='ocr_par' dir='ltr' id='par_1_80' title="bbox 1933 3575 3508 3650">
     <span class='ocr_line' id='line_1_80' title="bbox 1933 3575 3508 3650; baseline -0.001 -19"><span class='ocrx_word' id='word_1_597' title='bbox 1933 3579 2304 3650; x_wconf 86' lang='lat' dir='ltr'><strong>gubernentur</strong></span> <span class='ocrx_word' id='word_1_598' title='bbox 2331 3579 2536 3644; x_wconf 88' lang='lat' dir='ltr'><strong>omnia,</strong></span> <span class='ocrx_word' id='word_1_599' title='bbox 2567 3595 2634 3633; x_wconf 88' lang='lat' dir='ltr'><strong>an</strong></span> <span class='ocrx_word' id='word_1_600' title='bbox 2665 3589 2868 3634; x_wconf 88' lang='lat' dir='ltr'><strong>temere</strong></span> <span class='ocrx_word' id='word_1_601' title='bbox 2897 3587 2947 3634; x_wconf 92' lang='lat' dir='ltr'><strong>et</strong></span> <span class='ocrx_word' id='word_1_602' title='bbox 2990 3576 3214 3632; x_wconf 91' lang='lat' dir='ltr'><strong>fortuito</strong></span> <span class='ocrx_word' id='word_1_603' title='bbox 3242 3575 3508 3631; x_wconf 87' lang='lat' dir='ltr'><strong>ferantur.</strong></span> 
     </span>
    </p>
   </div>
   <div class='ocr_carea' id='block_1_81' title="bbox 1931 3673 3511 3745">
    <p class='ocr_par' dir='ltr' id='par_1_81' title="bbox 1931 3673 3511 3745">
     <span class='ocr_line' id='line_1_81' title="bbox 1931 3673 3511 3745; baseline -0.001 -17"><span class='ocrx_word' id='word_1_604' title='bbox 1931 3675 2071 3740; x_wconf 86' lang='lat' dir='ltr'><strong>Quin</strong></span> <span class='ocrx_word' id='word_1_605' title='bbox 2103 3685 2158 3729; x_wconf 92' lang='lat' dir='ltr'><strong>et</strong></span> <span class='ocrx_word' id='word_1_606' title='bbox 2184 3677 2370 3730; x_wconf 88' lang='lat' dir='ltr'><strong>videas</strong></span> <span class='ocrx_word' id='word_1_607' title='bbox 2403 3675 2664 3743; x_wconf 86' lang='lat' dir='ltr'><strong>plurimos</strong></span> <span class='ocrx_word' id='word_1_608' title='bbox 2685 3677 2850 3731; x_wconf 91' lang='lat' dir='ltr'><strong>etiam</strong></span> <span class='ocrx_word' id='word_1_609' title='bbox 2880 3691 2946 3731; x_wconf 83' lang='lat' dir='ltr'><strong>ex</strong></span> <span class='ocrx_word' id='word_1_610' title='bbox 2992 3675 3078 3735; x_wconf 88' lang='lat' dir='ltr'><strong>iis,</strong></span> <span class='ocrx_word' id='word_1_611' title='bbox 3111 3675 3204 3745; x_wconf 90' lang='lat' dir='ltr'><strong>qui</strong></span> <span class='ocrx_word' id='word_1_612' title='bbox 3243 3673 3511 3745; x_wconf 81' lang='lat' dir='ltr'><strong>legalibus</strong></span> 
     </span>
    </p>
   </div>
   <div class='ocr_carea' id='block_1_82' title="bbox 1927 3765 3508 3841">
    <p class='ocr_par' dir='ltr' id='par_1_82' title="bbox 1927 3765 3508 3841">
     <span class='ocr_line' id='line_1_82' title="bbox 1927 3765 3508 3841; baseline -0.001 -21"><span class='ocrx_word' id='word_1_613' title='bbox 1927 3775 1984 3820; x_wconf 94' lang='lat' dir='ltr'><strong>et</strong></span> <span class='ocrx_word' id='word_1_614' title='bbox 2033 3768 2365 3835; x_wconf 87' lang='lat' dir='ltr'><strong>propheticis</strong></span> <span class='ocrx_word' id='word_1_615' title='bbox 2399 3767 2564 3841; x_wconf 57' lang='lat'><strong>505.</strong></span> <span class='ocrx_word' id='word_1_616' title='bbox 2612 3769 2916 3836; x_wconf 85' lang='lat' dir='ltr'><strong>Scripturis</strong></span> <span class='ocrx_word' id='word_1_617' title='bbox 2954 3768 3271 3833; x_wconf 87' lang='lat' dir='ltr'><strong>credidere,</strong></span> <span class='ocrx_word' id='word_1_618' title='bbox 3323 3765 3508 3820; x_wconf 89' lang='lat' dir='ltr'><strong>animo</strong></span> 
     </span>
    </p>
   </div>
   <div class='ocr_carea' id='block_1_83' title="bbox 1927 3856 3505 3931">
    <p class='ocr_par' dir='ltr' id='par_1_83' title="bbox 1927 3856 3505 3931">
     <span class='ocr_line' id='line_1_83' title="bbox 1927 3856 3505 3931; baseline 0.005 -24"><span class='ocrx_word' id='word_1_619' title='bbox 1927 3856 2163 3924; x_wconf 88' lang='lat' dir='ltr'><strong>quodam</strong></span> <span class='ocrx_word' id='word_1_620' title='bbox 2196 3858 2248 3910; x_wconf 89' lang='lat' dir='ltr'><strong>in</strong></span> <span class='ocrx_word' id='word_1_621' title='bbox 2286 3859 2448 3912; x_wconf 86' lang='lat' dir='ltr'><strong>rebus</strong></span> <span class='ocrx_word' id='word_1_622' title='bbox 2493 3861 2724 3930; x_wconf 82' lang='lat' dir='ltr'><strong>singulis</strong></span> <span class='ocrx_word' id='word_1_623' title='bbox 2769 3861 3180 3931; x_wconf 86' lang='lat' dir='ltr'><strong>propugnandis</strong></span> <span class='ocrx_word' id='word_1_624' title='bbox 3232 3861 3505 3916; x_wconf 79' lang='lat' dir='ltr'><strong>obstinato</strong></span> 
     </span>
    </p>
   </div>
   <div class='ocr_carea' id='block_1_84' title="bbox 1924 3947 3477 4022">
    <p class='ocr_par' dir='ltr' id='par_1_84' title="bbox 1924 3947 3477 4022">
     <span class='ocr_line' id='line_1_84' title="bbox 1924 3947 3477 4022; baseline 0.005 -22"><span class='ocrx_word' id='word_1_625' title='bbox 1924 3959 2048 4000; x_wconf 91' lang='lat' dir='ltr'><strong>cum</strong></span> <span class='ocrx_word' id='word_1_626' title='bbox 2081 3947 2556 4006; x_wconf 87' lang='lat' dir='ltr'><strong>verisimilitudine</strong></span> <span class='ocrx_word' id='word_1_627' title='bbox 2592 3953 2964 4022; x_wconf 82' lang='lat' dir='ltr'><strong>perspicuitati</strong></span> <span class='ocrx_word' id='word_1_628' title='bbox 3005 3967 3069 4010; x_wconf 84' lang='lat' dir='ltr'><strong>ac</strong></span> <span class='ocrx_word' id='word_1_629' title='bbox 3096 3953 3383 4009; x_wconf 70' lang='lat' dir='ltr'><strong>evidentia:</strong></span> <span class='ocrx_word' id='word_1_630' title='bbox 3416 3968 3477 4008; x_wconf 88' lang='lat' dir='ltr'><strong>re</strong></span> 
     </span>
    </p>
   </div>
   <div class='ocr_carea' id='block_1_85' title="bbox 1924 4035 3498 4113">
    <p class='ocr_par' dir='ltr' id='par_1_85' title="bbox 1924 4035 3498 4113">
     <span class='ocr_line' id='line_1_85' title="bbox 1924 4035 3498 4113; baseline 0.006 -23"><span class='ocrx_word' id='word_1_631' title='bbox 1924 4035 2155 4102; x_wconf 89' lang='lat' dir='ltr'><strong>luctari,</strong></span> <span class='ocrx_word' id='word_1_632' title='bbox 2199 4041 2279 4094; x_wconf 89' lang='lat' dir='ltr'><strong>sic</strong></span> <span class='ocrx_word' id='word_1_633' title='bbox 2313 4051 2372 4094; x_wconf 93' lang='lat' dir='ltr'><strong>ut</strong></span> <span class='ocrx_word' id='word_1_634' title='bbox 2409 4043 2720 4113; x_wconf 87' lang='lat' dir='ltr'><strong>dogmatum</strong></span> <span class='ocrx_word' id='word_1_635' title='bbox 2755 4045 3002 4100; x_wconf 80' lang='lat' dir='ltr'><strong>labascat</strong></span> <span class='ocrx_word' id='word_1_636' title='bbox 3035 4047 3242 4102; x_wconf 80' lang='lat' dir='ltr'><strong>veritas</strong></span> <span class='ocrx_word' id='word_1_637' title='bbox 3279 4055 3336 4101; x_wconf 91' lang='lat' dir='ltr'><strong>et</strong></span> <span class='ocrx_word' id='word_1_638' title='bbox 3369 4060 3498 4100; x_wconf 80' lang='lat' dir='ltr'><strong>con-</strong></span> 
     </span>
    </p>
   </div>
   <div class='ocr_carea' id='block_1_86' title="bbox 1924 4130 3498 4212">
    <p class='ocr_par' dir='ltr' id='par_1_86' title="bbox 1924 4130 3498 4212">
     <span class='ocr_line' id='line_1_86' title="bbox 1924 4130 3498 4212; baseline 0.003 -26"><span class='ocrx_word' id='word_1_639' title='bbox 1924 4131 2186 4191; x_wconf 84' lang='lat' dir='ltr'><strong>cutiatur.</strong></span> <span class='ocrx_word' id='word_1_640' title='bbox 2217 4130 2331 4189; x_wconf 92' lang='lat' dir='ltr'><strong>lmo</strong></span> <span class='ocrx_word' id='word_1_641' title='bbox 2362 4136 2606 4191; x_wconf 87' lang='lat' dir='ltr'><strong>nonnulli</strong></span> <span class='ocrx_word' id='word_1_642' title='bbox 2635 4138 2860 4194; x_wconf 89' lang='lat' dir='ltr'><strong>credere</strong></span> <span class='ocrx_word' id='word_1_643' title='bbox 2889 4153 2948 4194; x_wconf 89' lang='lat' dir='ltr'><strong>se</strong></span> <span class='ocrx_word' id='word_1_644' title='bbox 2977 4141 3194 4212; x_wconf 91' lang='lat' dir='ltr'><strong>quidem</strong></span> <span class='ocrx_word' id='word_1_645' title='bbox 3231 4138 3498 4196; x_wconf 78' lang='lat' dir='ltr'><strong>conﬁten-</strong></span> 
     </span>
    </p>
   </div>
   <div class='ocr_carea' id='block_1_87' title="bbox 297 4419 1894 4502">
    <p class='ocr_par' dir='ltr' id='par_1_87' title="bbox 297 4419 1887 4502">
     <span class='ocr_line' id='line_1_87' title="bbox 297 4419 1887 4502; baseline -0.001 -24"><span class='ocrx_word' id='word_1_646' title='bbox 297 4424 411 4494; x_wconf 89' lang='grc'>(17)</span> <span class='ocrx_word' id='word_1_647' title='bbox 433 4423 570 4478; x_wconf 86' lang='lat' dir='ltr'><strong>Editi</strong></span> <span class='ocrx_word' id='word_1_648' title='bbox 588 4431 654 4502; x_wconf 85' lang='lat' dir='ltr'><strong>_et</strong></span> <span class='ocrx_word' id='word_1_649' title='bbox 681 4422 814 4502; x_wconf 59' lang='lat' dir='ltr'><strong>Beg.</strong></span> <span class='ocrx_word' id='word_1_650' title='bbox 842 4423 1070 4502; x_wconf 79' lang='lat' dir='ltr'><strong>p_rimu_s,</strong></span> <span class='ocrx_word' id='word_1_651' title='bbox 1096 4422 1197 4502; x_wconf 70' lang='grc' dir='ltr'>τῂν</span> <span class='ocrx_word' id='word_1_652' title='bbox 1216 4421 1531 4494; x_wconf 76' lang='grc' dir='ltr'>διαλλαγὴν.</span> <span class='ocrx_word' id='word_1_653' title='bbox 1558 4421 1625 4474; x_wconf 86' lang='lat' dir='ltr'><strong>At</strong></span> <span class='ocrx_word' id='word_1_654' title='bbox 1650 4421 1812 4502; x_wconf 65' lang='lat' dir='ltr'><strong>qttjn-</strong></span> <span class='ocrx_word' id='word_1_655' title='bbox 1843 4419 1887 4476; x_wconf 84' lang='grc' dir='ltr'>Ι)</span> 
     </span>
    </p>
   </div>
   <div class='ocr_carea' id='block_1_88' title="bbox 1949 4419 3492 4502">
    <p class='ocr_par' dir='ltr' id='par_1_88' title="bbox 1955 4419 3492 4502">
     <span class='ocr_line' id='line_1_88' title="bbox 1955 4419 3492 4502; baseline 0.008 -30"><span class='ocrx_word' id='word_1_656' title='bbox 1955 4419 2005 4502; x_wconf 80' lang='lat' dir='ltr'><strong>bi</strong></span> <span class='ocrx_word' id='word_1_657' title='bbox 2030 4427 2085 4475; x_wconf 90' lang='lat' dir='ltr'><strong>et</strong></span> <span class='ocrx_word' id='word_1_658' title='bbox 2124 4421 2177 4477; x_wconf 91' lang='lat' dir='ltr'><strong>in</strong></span> <span class='ocrx_word' id='word_1_659' title='bbox 2216 4421 2380 4502; x_wconf 79' lang='lat' dir='ltr'><strong>editis</strong></span> <span class='ocrx_word' id='word_1_660' title='bbox 2403 4431 2460 4502; x_wconf 75' lang='lat' dir='ltr'><strong>et</strong></span> <span class='ocrx_word' id='word_1_661' title='bbox 2500 4421 2553 4502; x_wconf 88' lang='lat' dir='ltr'><strong>i_n</strong></span> <span class='ocrx_word' id='word_1_662' title='bbox 2588 4423 2760 4480; x_wconf 87' lang='lat' dir='ltr'><strong>tribus</strong></span> <span class='ocrx_word' id='word_1_663' title='bbox 2791 4439 2936 4502; x_wconf 90' lang='lat' dir='ltr'><strong>mss._</strong></span> <span class='ocrx_word' id='word_1_664' title='bbox 2959 4425 3176 4502; x_wconf 76' lang='lat' dir='ltr'><strong>legitur,</strong></span> <span class='ocrx_word' id='word_1_665' title='bbox 3213 4429 3492 4502; x_wconf 80' lang='grc' dir='ltr'>ἀπομαχο-</span> 
     </span>
    </p>
   </div>
   <div class='ocr_carea' id='block_1_89' title="bbox 217 4491 1808 4565">
    <p class='ocr_par' dir='ltr' id='par_1_89' title="bbox 217 4491 1808 4565">
     <span class='ocr_line' id='line_1_89' title="bbox 217 4491 1808 4565; baseline -0.002 -18"><span class='ocrx_word' id='word_1_666' title='bbox 217 4491 329 4564; x_wconf 78' lang='lat' dir='ltr'><strong>que</strong></span> <span class='ocrx_word' id='word_1_667' title='bbox 349 4491 506 4557; x_wconf 84' lang='lat' dir='ltr'><strong>mss.,</strong></span> <span class='ocrx_word' id='word_1_668' title='bbox 547 4495 648 4564; x_wconf 84' lang='grc' dir='ltr'>τὴν</span> <span class='ocrx_word' id='word_1_669' title='bbox 691 4491 953 4565; x_wconf 78' lang='grc' dir='ltr'>ἀλλαγήν.</span> <span class='ocrx_word' id='word_1_670' title='bbox 999 4491 1196 4565; x_wconf 76' lang='lat' dir='ltr'><strong>Statim</strong></span> <span class='ocrx_word' id='word_1_671' title='bbox 1225 4503 1337 4565; x_wconf 79' lang='lat' dir='ltr'><strong>tres</strong></span> <span class='ocrx_word' id='word_1_672' title='bbox 1367 4491 1522 4565; x_wconf 82' lang='lat' dir='ltr'><strong>mss.,</strong></span> <span class='ocrx_word' id='word_1_673' title='bbox 1550 4491 1808 4565; x_wconf 84' lang='grc' dir='ltr'>γενέσθαι</span> 
     </span>
    </p>
   </div>
   <div class='ocr_carea' id='block_1_90' title="bbox 215 4561 1806 4634">
    <p class='ocr_par' dir='ltr' id='par_1_90' title="bbox 215 4561 1806 4634">
     <span class='ocr_line' id='line_1_90' title="bbox 215 4561 1806 4634; baseline 0 -17"><span class='ocrx_word' id='word_1_674' title='bbox 215 4561 290 4619; x_wconf 83' lang='grc' dir='ltr'><strong>τά</strong></span> <span class='ocrx_word' id='word_1_675' title='bbox 330 4561 736 4634; x_wconf 71' lang='grc' dir='ltr'>συμπτώματα.</span> <span class='ocrx_word' id='word_1_676' title='bbox 781 4561 980 4619; x_wconf 79' lang='lat' dir='ltr'><strong>Ibidem</strong></span> <span class='ocrx_word' id='word_1_677' title='bbox 1017 4564 1070 4618; x_wconf 90' lang='lat' dir='ltr'><strong>in</strong></span> <span class='ocrx_word' id='word_1_678' title='bbox 1112 4563 1272 4616; x_wconf 89' lang='lat' dir='ltr'><strong>editis</strong></span> <span class='ocrx_word' id='word_1_679' title='bbox 1323 4561 1540 4634; x_wconf 84' lang='lat' dir='ltr'><strong>legitur,</strong></span> <span class='ocrx_word' id='word_1_680' title='bbox 1583 4564 1692 4616; x_wconf 80' lang='lat' dir='ltr'><strong>Kal.</strong></span> <span class='ocrx_word' id='word_1_681' title='bbox 1733 4564 1806 4618; x_wconf 85' lang='lat' dir='ltr'><strong>oi.</strong></span> 
     </span>
    </p>
   </div>
   <div class='ocr_carea' id='block_1_91' title="bbox 218 4632 1808 4704">
    <p class='ocr_par' dir='ltr' id='par_1_91' title="bbox 218 4632 1808 4704">
     <span class='ocr_line' id='line_1_91' title="bbox 218 4632 1808 4704; baseline -0.001 -16"><span class='ocrx_word' id='word_1_682' title='bbox 218 4635 328 4688; x_wconf 86' lang='lat' dir='ltr'><strong>Sed</strong></span> <span class='ocrx_word' id='word_1_683' title='bbox 353 4632 450 4703; x_wconf 85' lang='lat' dir='ltr'><strong>pro</strong></span> <span class='ocrx_word' id='word_1_684' title='bbox 469 4632 583 4697; x_wconf 73' lang='lat' dir='ltr'><strong>illo,</strong></span> <span class='ocrx_word' id='word_1_685' title='bbox 605 4636 715 4689; x_wconf 77' lang='grc' dir='ltr'>Καὶ</span> <span class='ocrx_word' id='word_1_686' title='bbox 741 4637 816 4700; x_wconf 80' lang='grc' dir='ltr'><strong>οἱ,</strong></span> <span class='ocrx_word' id='word_1_687' title='bbox 841 4637 892 4688; x_wconf 91' lang='lat' dir='ltr'><strong>in</strong></span> <span class='ocrx_word' id='word_1_688' title='bbox 916 4635 1118 4690; x_wconf 82' lang='lat' dir='ltr'><strong>nostris</strong></span> <span class='ocrx_word' id='word_1_689' title='bbox 1134 4647 1229 4687; x_wconf 87' lang='lat' dir='ltr'><strong>sex</strong></span> <span class='ocrx_word' id='word_1_690' title='bbox 1250 4632 1528 4688; x_wconf 88' lang='lat' dir='ltr'><strong>codicibus</strong></span> <span class='ocrx_word' id='word_1_691' title='bbox 1541 4635 1808 4704; x_wconf 90' lang='lat' dir='ltr'><strong>scriptum</strong></span> 
     </span>
    </p>
   </div>
   <div class='ocr_carea' id='block_1_92' title="bbox 217 4705 812 4762">
    <p class='ocr_par' dir='ltr' id='par_1_92' title="bbox 217 4705 812 4762">
     <span class='ocr_line' id='line_1_92' title="bbox 217 4705 812 4762; baseline 0.002 -5"><span class='ocrx_word' id='word_1_692' title='bbox 217 4706 545 4762; x_wconf 82' lang='lat' dir='ltr'><strong>invenimus.</strong></span> <span class='ocrx_word' id='word_1_693' title='bbox 573 4705 712 4758; x_wconf 70' lang='grc' dir='ltr'>Οὐαὶ</span> <span class='ocrx_word' id='word_1_694' title='bbox 741 4706 812 4758; x_wconf 81' lang='grc' dir='ltr'><strong>οἱ.</strong></span> 
     </span>
    </p>
   </div>
   <div class='ocr_carea' id='block_1_93' title="bbox 292 4773 1794 4847">
    <p class='ocr_par' dir='ltr' id='par_1_93' title="bbox 292 4773 1794 4847">
     <span class='ocr_line' id='line_1_93' title="bbox 292 4773 1794 4847; baseline -0.002 -18"><span class='ocrx_word' id='word_1_695' title='bbox 292 4775 408 4839; x_wconf 87' lang='grc'>(18)</span> <span class='ocrx_word' id='word_1_696' title='bbox 441 4773 579 4847; x_wconf 76' lang='lat' dir='ltr'><strong>Editi</strong></span> <span class='ocrx_word' id='word_1_697' title='bbox 615 4785 672 4847; x_wconf 90' lang='lat' dir='ltr'><strong>_et</strong></span> <span class='ocrx_word' id='word_1_698' title='bbox 709 4775 840 4847; x_wconf 80' lang='lat' dir='ltr'><strong>Reg.</strong></span> <span class='ocrx_word' id='word_1_699' title='bbox 875 4774 1085 4840; x_wconf 88' lang='lat' dir='ltr'><strong>tertius,</strong></span> <span class='ocrx_word' id='word_1_700' title='bbox 1123 4775 1461 4847; x_wconf 81' lang='grc' dir='ltr'>ἀνθρωπίνῃ.</span> <span class='ocrx_word' id='word_1_701' title='bbox 1505 4774 1606 4827; x_wconf 82' lang='lat' dir='ltr'><strong>Alii</strong></span> <span class='ocrx_word' id='word_1_702' title='bbox 1635 4775 1794 4843; x_wconf 88' lang='lat' dir='ltr'><strong>quin-</strong></span> 
     </span>
    </p>
   </div>
   <div class='ocr_carea' id='block_1_94' title="bbox 215 4844 879 4916">
    <p class='ocr_par' dir='ltr' id='par_1_94' title="bbox 215 4844 879 4916">
     <span class='ocr_line' id='line_1_94' title="bbox 215 4844 879 4916; baseline 0.002 -19"><span class='ocrx_word' id='word_1_703' title='bbox 215 4861 331 4916; x_wconf 86' lang='lat' dir='ltr'><strong>que</strong></span> <span class='ocrx_word' id='word_1_704' title='bbox 359 4861 512 4916; x_wconf 47' lang='lat' dir='ltr'><strong>mss...</strong></span> <span class='ocrx_word' id='word_1_705' title='bbox 539 4844 636 4916; x_wconf 80' lang='grc' dir='ltr'><strong>ἀνθ</strong></span> <span class='ocrx_word' id='word_1_706' title='bbox 645 4846 879 4916; x_wconf 80' lang='grc' dir='ltr'>ρωπείᾳ.</span> 
     </span>
    </p>
   </div>
   <div class='ocr_carea' id='block_1_95' title="bbox 293 4913 1802 4985">
    <p class='ocr_par' dir='ltr' id='par_1_95' title="bbox 293 4913 1802 4985">
     <span class='ocr_line' id='line_1_95' title="bbox 293 4913 1802 4985; baseline -0.001 -18"><span class='ocrx_word' id='word_1_707' title='bbox 293 4913 405 4984; x_wconf 86' lang='grc'>(19)</span> <span class='ocrx_word' id='word_1_708' title='bbox 430 4914 570 4974; x_wconf 85' lang='lat' dir='ltr'><strong>Editi</strong></span> <span class='ocrx_word' id='word_1_709' title='bbox 615 4913 787 4969; x_wconf 86' lang='lat' dir='ltr'><strong>nostri</strong></span> <span class='ocrx_word' id='word_1_710' title='bbox 825 4913 921 4968; x_wconf 72' lang='lat' dir='ltr'><strong>Sex</strong></span> <span class='ocrx_word' id='word_1_711' title='bbox 961 4929 1117 4977; x_wconf 91' lang='lat' dir='ltr'><strong>mss.,</strong></span> <span class='ocrx_word' id='word_1_712' title='bbox 1171 4915 1475 4985; x_wconf 83' lang='grc' dir='ltr'>ἐνέργειαν,</span> <span class='ocrx_word' id='word_1_713' title='bbox 1507 4929 1606 4968; x_wconf 90' lang='lat' dir='ltr'><strong>nec</strong></span> <span class='ocrx_word' id='word_1_714' title='bbox 1636 4914 1802 4967; x_wconf 88' lang='lat' dir='ltr'><strong>aliter</strong></span> 
     </span>
    </p>
   </div>
   <div class='ocr_carea' id='block_1_96' title="bbox 215 4983 1798 5054">
    <p class='ocr_par' dir='ltr' id='par_1_96' title="bbox 215 4983 1798 5054">
     <span class='ocr_line' id='line_1_96' title="bbox 215 4983 1798 5054; baseline -0.003 -14"><span class='ocrx_word' id='word_1_715' title='bbox 215 4983 346 5054; x_wconf 86' lang='lat' dir='ltr'><strong>legit</strong></span> <span class='ocrx_word' id='word_1_716' title='bbox 372 4983 805 5054; x_wconf 46' lang='lat' dir='ltr'><strong>interpresgcum</strong></span> <span class='ocrx_word' id='word_1_717' title='bbox 831 4995 1029 5049; x_wconf 88' lang='lat' dir='ltr'><strong>vertat,</strong></span> <span class='ocrx_word' id='word_1_718' title='bbox 1064 4983 1370 5053; x_wconf 82' lang='lat' dir='ltr'><strong>omnemque</strong></span> <span class='ocrx_word' id='word_1_719' title='bbox 1409 4986 1514 5038; x_wconf 79' lang='lat' dir='ltr'><strong>vim</strong></span> <span class='ocrx_word' id='word_1_720' title='bbox 1553 4993 1798 5052; x_wconf 86' lang='lat' dir='ltr'><strong>operato-</strong></span> 
     </span>
    </p>
   </div>
   <div class='ocr_carea' id='block_1_97' title="bbox 217 5053 1797 5124">
    <p class='ocr_par' dir='ltr' id='par_1_97' title="bbox 217 5053 1797 5124">
     <span class='ocr_line' id='line_1_97' title="bbox 217 5053 1797 5124; baseline -0.002 -15"><span class='ocrx_word' id='word_1_721' title='bbox 217 5053 378 5109; x_wconf 76' lang='lat' dir='ltr'><strong>rium.</strong></span> <span class='ocrx_word' id='word_1_722' title='bbox 425 5053 608 5124; x_wconf 85' lang='lat' dir='ltr'><strong>Neque</strong></span> <span class='ocrx_word' id='word_1_723' title='bbox 649 5063 833 5108; x_wconf 88' lang='lat' dir='ltr'><strong>tamen</strong></span> <span class='ocrx_word' id='word_1_724' title='bbox 865 5069 1094 5124; x_wconf 86' lang='lat' dir='ltr'><strong>magnus</strong></span> <span class='ocrx_word' id='word_1_725' title='bbox 1126 5055 1213 5107; x_wconf 91' lang='lat' dir='ltr'><strong>ille</strong></span> <span class='ocrx_word' id='word_1_726' title='bbox 1253 5054 1511 5108; x_wconf 86' lang='lat' dir='ltr'><strong>librorum</strong></span> <span class='ocrx_word' id='word_1_727' title='bbox 1556 5056 1797 5124; x_wconf 76' lang='lat' dir='ltr'><strong>omnium</strong></span> 
     </span>
    </p>
   </div>
   <div class='ocr_carea' id='block_1_98' title="bbox 213 5121 1799 5193">
    <p class='ocr_par' dir='ltr' id='par_1_98' title="bbox 213 5121 1799 5193">
     <span class='ocr_line' id='line_1_98' title="bbox 213 5121 1799 5193; baseline -0.003 -12"><span class='ocrx_word' id='word_1_728' title='bbox 213 5121 534 5181; x_wconf 70' lang='lat' dir='ltr'><strong>causensus</strong></span> <span class='ocrx_word' id='word_1_729' title='bbox 570 5124 720 5188; x_wconf 88' lang='lat' dir='ltr'><strong>facit,</strong></span> <span class='ocrx_word' id='word_1_730' title='bbox 765 5135 823 5177; x_wconf 87' lang='lat' dir='ltr'><strong>ut</strong></span> <span class='ocrx_word' id='word_1_731' title='bbox 863 5122 937 5177; x_wconf 89' lang='lat' dir='ltr'><strong>ita</strong></span> <span class='ocrx_word' id='word_1_732' title='bbox 964 5121 1091 5193; x_wconf 34' lang='lat' dir='ltr'><strong>’legi</strong></span> <span class='ocrx_word' id='word_1_733' title='bbox 1134 5134 1386 5191; x_wconf 91' lang='lat' dir='ltr'><strong>oportere</strong></span> <span class='ocrx_word' id='word_1_734' title='bbox 1431 5132 1634 5190; x_wconf 87' lang='lat' dir='ltr'><strong>putem.</strong></span> <span class='ocrx_word' id='word_1_735' title='bbox 1686 5121 1799 5176; x_wconf 88' lang='lat' dir='ltr'><strong>lmo</strong></span> 
     </span>
    </p>
   </div>
   <div class='ocr_carea' id='block_1_99' title="bbox 215 5193 1792 5264">
    <p class='ocr_par' dir='ltr' id='par_1_99' title="bbox 215 5193 1792 5264">
     <span class='ocr_line' id='line_1_99' title="bbox 215 5193 1792 5264; baseline -0.003 -14"><span class='ocrx_word' id='word_1_736' title='bbox 215 5198 349 5251; x_wconf 89' lang='lat' dir='ltr'><strong>mihi</strong></span> <span class='ocrx_word' id='word_1_737' title='bbox 379 5194 852 5264; x_wconf 88' lang='lat' dir='ltr'><strong>persuasissimum</strong></span> <span class='ocrx_word' id='word_1_738' title='bbox 889 5203 972 5247; x_wconf 91' lang='lat' dir='ltr'><strong>est</strong></span> <span class='ocrx_word' id='word_1_739' title='bbox 1003 5195 1254 5264; x_wconf 84' lang='lat' dir='ltr'><strong>mendum</strong></span> <span class='ocrx_word' id='word_1_740' title='bbox 1284 5209 1404 5248; x_wconf 89' lang='lat' dir='ltr'><strong>esse</strong></span> <span class='ocrx_word' id='word_1_741' title='bbox 1428 5193 1792 5257; x_wconf 86' lang='lat' dir='ltr'><strong>librariorum,</strong></span> 
     </span>
    </p>
   </div>
   <div class='ocr_carea' id='block_1_100' title="bbox 212 5263 1796 5334">
    <p class='ocr_par' dir='ltr' id='par_1_100' title="bbox 212 5263 1796 5334">
     <span class='ocr_line' id='line_1_100' title="bbox 212 5263 1796 5334; baseline -0.003 -14"><span class='ocrx_word' id='word_1_742' title='bbox 212 5267 331 5334; x_wconf 82' lang='lat' dir='ltr'><strong>qui,</strong></span> <span class='ocrx_word' id='word_1_743' title='bbox 357 5263 480 5320; x_wconf 85' lang='lat' dir='ltr'><strong>cum</strong></span> <span class='ocrx_word' id='word_1_744' title='bbox 498 5266 843 5319; x_wconf 90' lang='lat' dir='ltr'><strong>scribendum</strong></span> <span class='ocrx_word' id='word_1_745' title='bbox 878 5275 1041 5325; x_wconf 88' lang='lat' dir='ltr'><strong>esset,</strong></span> <span class='ocrx_word' id='word_1_746' title='bbox 1075 5263 1386 5332; x_wconf 85' lang='grc' dir='ltr'>ἐνάργειαν,</span> <span class='ocrx_word' id='word_1_747' title='bbox 1414 5263 1632 5317; x_wconf 91' lang='lat' dir='ltr'><strong>incaute</strong></span> <span class='ocrx_word' id='word_1_748' title='bbox 1667 5264 1796 5334; x_wconf 84' lang='lat' dir='ltr'><strong>scri-</strong></span> 
     </span>
    </p>
   </div>
   <div class='ocr_carea' id='block_1_101' title="bbox 211 5333 1795 5405">
    <p class='ocr_par' dir='ltr' id='par_1_101' title="bbox 211 5333 1795 5405">
     <span class='ocr_line' id='line_1_101' title="bbox 211 5333 1795 5405; baseline -0.002 -16"><span class='ocrx_word' id='word_1_749' title='bbox 211 5333 454 5404; x_wconf 70' lang='lat' dir='ltr'><strong>pserint,</strong></span> <span class='ocrx_word' id='word_1_750' title='bbox 488 5333 789 5405; x_wconf 84' lang='grc' dir='ltr'>ἐνέργειαν.</span> <span class='ocrx_word' id='word_1_751' title='bbox 828 5334 1000 5405; x_wconf 85' lang='lat' dir='ltr'><strong>Atque</strong></span> <span class='ocrx_word' id='word_1_752' title='bbox 1043 5349 1108 5387; x_wconf 88' lang='lat' dir='ltr'><strong>ea</strong></span> <span class='ocrx_word' id='word_1_753' title='bbox 1139 5335 1204 5386; x_wconf 87' lang='lat' dir='ltr'><strong>de</strong></span> <span class='ocrx_word' id='word_1_754' title='bbox 1237 5349 1293 5386; x_wconf 89' lang='lat' dir='ltr'><strong>re</strong></span> <span class='ocrx_word' id='word_1_755' title='bbox 1322 5348 1387 5388; x_wconf 91' lang='lat' dir='ltr'><strong>eo</strong></span> <span class='ocrx_word' id='word_1_756' title='bbox 1425 5333 1602 5386; x_wconf 78' lang='lat' dir='ltr'><strong>minus</strong></span> <span class='ocrx_word' id='word_1_757' title='bbox 1641 5333 1795 5405; x_wconf 82' lang='lat' dir='ltr'><strong>dubi-</strong></span> 
     </span>
    </p>
   </div>
   <div class='ocr_carea' id='block_1_102' title="bbox 213 5403 1791 5473">
    <p class='ocr_par' dir='ltr' id='par_1_102' title="bbox 213 5403 1791 5473">
     <span class='ocr_line' id='line_1_102' title="bbox 213 5403 1791 5473; baseline -0.001 -15"><span class='ocrx_word' id='word_1_758' title='bbox 213 5403 319 5459; x_wconf 86' lang='lat' dir='ltr'><strong>tari</strong></span> <span class='ocrx_word' id='word_1_759' title='bbox 358 5419 516 5473; x_wconf 88' lang='lat' dir='ltr'><strong>posse</strong></span> <span class='ocrx_word' id='word_1_760' title='bbox 561 5403 816 5466; x_wconf 79' lang='lat' dir='ltr'><strong>arbitror,</strong></span> <span class='ocrx_word' id='word_1_761' title='bbox 857 5403 999 5471; x_wconf 88' lang='lat' dir='ltr'><strong>quod</strong></span> <span class='ocrx_word' id='word_1_762' title='bbox 1046 5417 1150 5473; x_wconf 89' lang='lat' dir='ltr'><strong>non</strong></span> <span class='ocrx_word' id='word_1_763' title='bbox 1193 5418 1318 5473; x_wconf 85' lang='lat' dir='ltr'><strong>raro</strong></span> <span class='ocrx_word' id='word_1_764' title='bbox 1363 5405 1590 5473; x_wconf 80' lang='lat' dir='ltr'><strong>accidat,</strong></span> <span class='ocrx_word' id='word_1_765' title='bbox 1628 5412 1685 5454; x_wconf 91' lang='lat' dir='ltr'><strong>ut</strong></span> <span class='ocrx_word' id='word_1_766' title='bbox 1739 5404 1791 5458; x_wconf 92' lang='lat' dir='ltr'><strong>in</strong></span> 
     </span>
    </p>
   </div>
   <div class='ocr_carea' id='block_1_103' title="bbox 209 5471 1792 5540">
    <p class='ocr_par' dir='ltr' id='par_1_103' title="bbox 209 5471 1792 5540">
     <span class='ocr_line' id='line_1_103' title="bbox 209 5471 1792 5540; baseline -0.001 -14"><span class='ocrx_word' id='word_1_767' title='bbox 209 5471 422 5529; x_wconf 83' lang='lat' dir='ltr'><strong>duabus</strong></span> <span class='ocrx_word' id='word_1_768' title='bbox 447 5474 532 5527; x_wconf 92' lang='lat' dir='ltr'><strong>his</strong></span> <span class='ocrx_word' id='word_1_769' title='bbox 555 5473 780 5527; x_wconf 74' lang='lat' dir='ltr'><strong>vocibus</strong></span> <span class='ocrx_word' id='word_1_770' title='bbox 797 5472 1170 5527; x_wconf 84' lang='lat' dir='ltr'><strong>exscribendis</strong></span> <span class='ocrx_word' id='word_1_771' title='bbox 1185 5472 1458 5527; x_wconf 82' lang='lat' dir='ltr'><strong>olIendant</strong></span> <span class='ocrx_word' id='word_1_772' title='bbox 1477 5471 1720 5540; x_wconf 66' lang='lat' dir='ltr'><strong>librarii,</strong></span> <span class='ocrx_word' id='word_1_773' title='bbox 1737 5481 1792 5527; x_wconf 89' lang='lat' dir='ltr'><strong>et</strong></span> 
     </span>
    </p>
   </div>
   <div class='ocr_carea' id='block_1_104' title="bbox 209 5540 1792 5608">
    <p class='ocr_par' dir='ltr' id='par_1_104' title="bbox 209 5540 1792 5608">
     <span class='ocr_line' id='line_1_104' title="bbox 209 5540 1792 5608; baseline -0.001 -11"><span class='ocrx_word' id='word_1_774' title='bbox 209 5544 376 5598; x_wconf 84' lang='lat' dir='ltr'><strong>aliam</strong></span> <span class='ocrx_word' id='word_1_775' title='bbox 411 5544 514 5598; x_wconf 87' lang='lat' dir='ltr'><strong>alia</strong></span> <span class='ocrx_word' id='word_1_776' title='bbox 537 5551 889 5597; x_wconf 87' lang='lat' dir='ltr'><strong>commutent.</strong></span> <span class='ocrx_word' id='word_1_777' title='bbox 907 5540 1031 5608; x_wconf 84' lang='lat' dir='ltr'><strong>Ejus</strong></span> <span class='ocrx_word' id='word_1_778' title='bbox 1055 5542 1130 5596; x_wconf 91' lang='lat' dir='ltr'><strong>rei</strong></span> <span class='ocrx_word' id='word_1_779' title='bbox 1155 5543 1578 5602; x_wconf 86' lang='lat' dir='ltr'><strong>cummultasint</strong></span> <span class='ocrx_word' id='word_1_780' title='bbox 1608 5557 1792 5596; x_wconf 82' lang='lat' dir='ltr'><strong>exem-</strong></span> 
     </span>
    </p>
   </div>
   <div class='ocr_carea' id='block_1_105' title="bbox 212 5611 1788 5682">
    <p class='ocr_par' dir='ltr' id='par_1_105' title="bbox 212 5611 1788 5682">
     <span class='ocr_line' id='line_1_105' title="bbox 212 5611 1788 5682; baseline 0.003 -17"><span class='ocrx_word' id='word_1_781' title='bbox 212 5615 320 5680; x_wconf 86' lang='lat' dir='ltr'><strong>pla.</strong></span> <span class='ocrx_word' id='word_1_782' title='bbox 349 5629 516 5666; x_wconf 92' lang='lat' dir='ltr'><strong>unum</strong></span> <span class='ocrx_word' id='word_1_783' title='bbox 550 5614 814 5682; x_wconf 80' lang='lat' dir='ltr'><strong>duntaxat</strong></span> <span class='ocrx_word' id='word_1_784' title='bbox 850 5612 1094 5682; x_wconf 71' lang='lat' dir='ltr'><strong>proferre</strong></span> <span class='ocrx_word' id='word_1_785' title='bbox 1126 5611 1274 5676; x_wconf 88' lang='lat' dir='ltr'><strong>libet,</strong></span> <span class='ocrx_word' id='word_1_786' title='bbox 1314 5615 1455 5682; x_wconf 90' lang='lat' dir='ltr'><strong>quod</strong></span> <span class='ocrx_word' id='word_1_787' title='bbox 1486 5627 1603 5670; x_wconf 83' lang='lat' dir='ltr'><strong>sese</strong></span> <span class='ocrx_word' id='word_1_788' title='bbox 1632 5618 1788 5680; x_wconf 86' lang='lat' dir='ltr'><strong>quasi</strong></span> 
     </span>
    </p>
   </div>
   <div class='ocr_carea' id='block_1_106' title="bbox 211 5680 1780 5757">
    <p class='ocr_par' dir='ltr' id='par_1_106' title="bbox 211 5680 1780 5757">
     <span class='ocr_line' id='line_1_106' title="bbox 211 5680 1780 5757; baseline 0.001 -20"><span class='ocrx_word' id='word_1_789' title='bbox 211 5682 535 5757; x_wconf 64' lang='grc' dir='ltr'>αὐτομάτως</span> <span class='ocrx_word' id='word_1_790' title='bbox 557 5681 753 5741; x_wconf 85' lang='lat' dir='ltr'><strong>oll&#39;erre</strong></span> <span class='ocrx_word' id='word_1_791' title='bbox 791 5680 1022 5739; x_wconf 83' lang='lat' dir='ltr'><strong>videtur.</strong></span> <span class='ocrx_word' id='word_1_792' title='bbox 1051 5680 1184 5738; x_wconf 79' lang='lat' dir='ltr'><strong>Nam</strong></span> <span class='ocrx_word' id='word_1_793' title='bbox 1216 5680 1426 5739; x_wconf 58' lang='lat' dir='ltr'><strong>non&#39;ita</strong></span> <span class='ocrx_word' id='word_1_794' title='bbox 1448 5682 1615 5745; x_wconf 88' lang='lat' dir='ltr'><strong>multo</strong></span> <span class='ocrx_word' id='word_1_795' title='bbox 1638 5693 1780 5753; x_wconf 86' lang='lat' dir='ltr'><strong>post,</strong></span> 
     </span>
    </p>
   </div>
   <div class='ocr_carea' id='block_1_107' title="bbox 1917 4489 3494 4572">
    <p class='ocr_par' dir='ltr' id='par_1_107' title="bbox 1917 4489 3494 4572">
     <span class='ocr_line' id='line_1_107' title="bbox 1917 4489 3494 4572; baseline 0.01 -30"><span class='ocrx_word' id='word_1_796' title='bbox 1917 4489 2272 4572; x_wconf 41' lang='lat' dir='ltr'><strong>its-you;an</strong></span> <span class='ocrx_word' id='word_1_797' title='bbox 2298 4493 2398 4566; x_wconf 86' lang='grc' dir='ltr'>τὴν</span> <span class='ocrx_word' id='word_1_798' title='bbox 2427 4494 2740 4572; x_wconf 72' lang='grc' dir='ltr'>ἐνέργειαν,</span> <span class='ocrx_word' id='word_1_799' title='bbox 2769 4511 2874 4572; x_wconf 81' lang='lat' dir='ltr'><strong>non</strong></span> <span class='ocrx_word' id='word_1_800' title='bbox 2889 4489 3126 4572; x_wconf 80' lang='lat' dir='ltr'><strong>_dubium</strong></span> <span class='ocrx_word' id='word_1_801' title='bbox 3157 4489 3242 4572; x_wconf 77' lang='lat' dir='ltr'><strong>est</strong></span> <span class='ocrx_word' id='word_1_802' title='bbox 3270 4489 3494 4570; x_wconf 56' lang='lat' dir='ltr'><strong>quinnex</strong></span> 
     </span>
    </p>
   </div>
   <div class='ocr_carea' id='block_1_108' title="bbox 1911 4561 3492 4643">
    <p class='ocr_par' dir='ltr' id='par_1_108' title="bbox 1911 4561 3492 4643">
     <span class='ocr_line' id='line_1_108' title="bbox 1911 4561 3492 4643; baseline 0.008 -30"><span class='ocrx_word' id='word_1_803' title='bbox 1911 4561 2032 4643; x_wconf 75' lang='lat' dir='ltr'><strong>aliis</strong></span> <span class='ocrx_word' id='word_1_804' title='bbox 2068 4561 2240 4620; x_wconf 82' lang='lat' dir='ltr'><strong>tribus</strong></span> <span class='ocrx_word' id='word_1_805' title='bbox 2265 4561 2397 4620; x_wconf 81' lang='lat' dir='ltr'><strong>mss.</strong></span> <span class='ocrx_word' id='word_1_806' title='bbox 2426 4561 2708 4643; x_wconf 79' lang='lat' dir='ltr'><strong>legendum</strong></span> <span class='ocrx_word' id='word_1_807' title='bbox 2755 4567 2850 4628; x_wconf 79' lang='lat' dir='ltr'><strong>sit,</strong></span> <span class='ocrx_word' id='word_1_808' title='bbox 2877 4561 3337 4643; x_wconf 68' lang='grc' dir='ltr'>ἀπομαχομένους</span> <span class='ocrx_word' id='word_1_809' title='bbox 3360 4572 3492 4643; x_wconf 85' lang='grc' dir='ltr'>πρὸς</span> 
     </span>
    </p>
   </div>
   <div class='ocr_carea' id='block_1_109' title="bbox 1910 4630 3492 4717">
    <p class='ocr_par' dir='ltr' id='par_1_109' title="bbox 1910 4630 3492 4717">
     <span class='ocr_line' id='line_1_109' title="bbox 1910 4630 3492 4717; baseline 0.009 -34"><span class='ocrx_word' id='word_1_810' title='bbox 1910 4630 2221 4717; x_wconf 64' lang='grc' dir='ltr'>ἐγάργειαν,</span> <span class='ocrx_word' id='word_1_811' title='bbox 2253 4630 2564 4717; x_wconf 40' lang='lat' dir='ltr'><strong>pugnantes</strong></span> <span class='ocrx_word' id='word_1_812' title='bbox 2584 4630 3198 4717; x_wconf 51' lang='grc' dir='ltr'>ιιάυεηιισ-ευὶάρηιξὶιήι.</span> <span class='ocrx_word' id='word_1_813' title='bbox 3235 4630 3339 4694; x_wconf 81' lang='lat' dir='ltr'><strong>Sed</strong></span> <span class='ocrx_word' id='word_1_814' title='bbox 3365 4630 3492 4709; x_wconf 72' lang='lat' dir='ltr'><strong>quid</strong></span> 
     </span>
    </p>
   </div>
   <div class='ocr_carea' id='block_1_110' title="bbox 1907 4701 3491 4778">
    <p class='ocr_par' dir='ltr' id='par_1_110' title="bbox 1907 4701 3491 4778">
     <span class='ocr_line' id='line_1_110' title="bbox 1907 4701 3491 4778; baseline 0.006 -24"><span class='ocrx_word' id='word_1_815' title='bbox 1907 4701 2102 4770; x_wconf 80' lang='lat' dir='ltr'><strong>plura?</strong></span> <span class='ocrx_word' id='word_1_816' title='bbox 2131 4701 2375 4778; x_wconf 24' lang='lat' dir='ltr'><strong>cumlhic</strong></span> <span class='ocrx_word' id='word_1_817' title='bbox 2402 4705 2504 4778; x_wconf 80' lang='lat' dir='ltr'><strong>legi</strong></span> <span class='ocrx_word' id='word_1_818' title='bbox 2533 4703 2753 4778; x_wconf 79' lang='lat' dir='ltr'><strong>debere,</strong></span> <span class='ocrx_word' id='word_1_819' title='bbox 2781 4707 2960 4759; x_wconf 86' lang='grc' dir='ltr'>πᾶσαν</span> <span class='ocrx_word' id='word_1_820' title='bbox 2981 4706 3302 4778; x_wconf 74' lang='grc' dir='ltr'>ἐνάργειαν,</span> <span class='ocrx_word' id='word_1_821' title='bbox 3336 4701 3491 4765; x_wconf 78' lang='lat' dir='ltr'><strong>nemo</strong></span> 
     </span>
    </p>
   </div>
   <div class='ocr_carea' id='block_1_111' title="bbox 1904 4774 3490 4900">
    <p class='ocr_par' dir='ltr' id='par_1_111' title="bbox 1904 4774 3490 4900">
     <span class='ocr_line' id='line_1_111' title="bbox 1905 4774 3490 4850; baseline 0.008 -27"><span class='ocrx_word' id='word_1_822' title='bbox 1905 4783 2202 4839; x_wconf 82' lang='lat' dir='ltr'><strong>negaturus</strong></span> <span class='ocrx_word' id='word_1_823' title='bbox 2233 4774 2335 4842; x_wconf 73' lang='lat' dir='ltr'><strong>sit1L</strong></span> <span class='ocrx_word' id='word_1_824' title='bbox 2367 4776 2468 4829; x_wconf 91' lang='lat' dir='ltr'><strong>nisi</strong></span> <span class='ocrx_word' id='word_1_825' title='bbox 2509 4775 2601 4845; x_wconf 90' lang='lat' dir='ltr'><strong>qui</strong></span> <span class='ocrx_word' id='word_1_826' title='bbox 2643 4784 2699 4831; x_wconf 89' lang='lat' dir='ltr'><strong>et</strong></span> <span class='ocrx_word' id='word_1_827' title='bbox 2739 4777 2856 4847; x_wconf 89' lang='lat' dir='ltr'><strong>ipse</strong></span> <span class='ocrx_word' id='word_1_828' title='bbox 2896 4776 3036 4848; x_wconf 86' lang='grc' dir='ltr'>πρὸς</span> <span class='ocrx_word' id='word_1_829' title='bbox 3071 4774 3172 4850; x_wconf 80' lang='grc' dir='ltr'>τὴν</span> <span class='ocrx_word' id='word_1_830' title='bbox 3202 4780 3490 4850; x_wconf 81' lang='grc' dir='ltr'>ἐνάργειαν</span> 
     </span>
     <span class='ocr_line' id='line_1_112' title="bbox 1904 4840 2566 4900; baseline 0.005 -6"><span class='ocrx_word' id='word_1_831' title='bbox 1904 4840 2290 4900; x_wconf 78' lang='grc' dir='ltr'>ἀπομάγεσθαι</span> <span class='ocrx_word' id='word_1_832' title='bbox 2317 4846 2566 4900; x_wconf 78' lang='lat' dir='ltr'><strong>voluerit.</strong></span> 
     </span>
    </p>
   </div>
   <div class='ocr_carea' id='block_1_112' title="bbox 2096 4864 2566 4898">
    <p class='ocr_par' dir='ltr' id='par_1_112' title="bbox 2096 4864 2566 4898">
     <span class='ocr_line' id='line_1_113' title="bbox 2096 4864 2566 4898; baseline 0 0"><span class='ocrx_word' id='word_1_833' title='bbox 2096 4864 2290 4898; x_wconf 81' lang='grc' dir='ltr'>γεσυαι</span> <span class='ocrx_word' id='word_1_834' title='bbox 2317 4864 2566 4898; x_wconf 74' lang='grc' dir='ltr'>νοιιιθῐΊι.</span> 
     </span>
    </p>
   </div>
   <div class='ocr_carea' id='block_1_113' title="bbox 1945 4861 3488 4994">
    <p class='ocr_par' dir='ltr' id='par_1_113' title="bbox 1945 4861 3488 4994">
     <span class='ocr_line' id='line_1_114' title="bbox 1945 4861 2566 4915; baseline 0.005 -21"><span class='ocrx_word' id='word_1_835' title='bbox 1945 4861 2290 4915; x_wconf 82' lang='grc' dir='ltr'>πομαχεσυαι</span> <span class='ocrx_word' id='word_1_836' title='bbox 2317 4861 2566 4900; x_wconf 78' lang='lat' dir='ltr'><strong>voluerit.</strong></span> 
     </span>
     <span class='ocr_line' id='line_1_115' title="bbox 1945 4913 3488 4994; baseline 0.006 -26"><span class='ocrx_word' id='word_1_837' title='bbox 1945 4913 2089 4994; x_wconf 68' lang='lat'><strong>~(9.0)</strong></span> <span class='ocrx_word' id='word_1_838' title='bbox 2126 4915 2217 4970; x_wconf 91' lang='lat' dir='ltr'><strong>Sic</strong></span> <span class='ocrx_word' id='word_1_839' title='bbox 2246 4917 2457 4986; x_wconf 86' lang='lat' dir='ltr'><strong>antiqui</strong></span> <span class='ocrx_word' id='word_1_840' title='bbox 2510 4915 2717 4987; x_wconf 89' lang='lat' dir='ltr'><strong>aliquot</strong></span> <span class='ocrx_word' id='word_1_841' title='bbox 2751 4916 2899 4973; x_wconf 88' lang='lat' dir='ltr'><strong>libri.</strong></span> <span class='ocrx_word' id='word_1_842' title='bbox 2958 4916 3152 4974; x_wconf 77' lang='lat' dir='ltr'><strong>Nostra</strong></span> <span class='ocrx_word' id='word_1_843' title='bbox 3189 4921 3376 4987; x_wconf 83' lang='lat' dir='ltr'><strong>editio,</strong></span> <span class='ocrx_word' id='word_1_844' title='bbox 3423 4923 3488 4978; x_wconf 84' lang='grc' dir='ltr'><strong>ἐκ</strong></span> 
     </span>
    </p>
   </div>
   <div class='ocr_carea' id='block_1_114' title="bbox 1902 4999 2034 5038">
    <p class='ocr_par' dir='ltr' id='par_1_114' title="bbox 1902 4999 2034 5038">
     <span class='ocr_line' id='line_1_116' title="bbox 1902 4999 2034 5038; baseline 0.023 -3"><span class='ocrx_word' id='word_1_845' title='bbox 1902 4999 2034 5038; x_wconf 88' lang='grc' dir='ltr'>των.</span> 
     </span>
    </p>
   </div>
   <div class='ocr_carea' id='block_1_115' title="bbox 1975 5053 3487 5128">
    <p class='ocr_par' dir='ltr' id='par_1_115' title="bbox 1975 5053 3487 5128">
     <span class='ocr_line' id='line_1_117' title="bbox 1975 5053 3487 5128; baseline 0.005 -20"><span class='ocrx_word' id='word_1_846' title='bbox 1975 5054 2091 5128; x_wconf 74' lang='grc'>(21)</span> <span class='ocrx_word' id='word_1_847' title='bbox 2119 5053 2301 5128; x_wconf 70' lang='lat' dir='ltr'><strong>Editi,</strong></span> <span class='ocrx_word' id='word_1_848' title='bbox 2332 5057 2654 5122; x_wconf 79' lang='grc' dir='ltr'>ἐπικλίσεις.</span> <span class='ocrx_word' id='word_1_849' title='bbox 2689 5057 2758 5128; x_wconf 81' lang='lat' dir='ltr'><strong>At</strong></span> <span class='ocrx_word' id='word_1_850' title='bbox 2803 5057 3044 5128; x_wconf 88' lang='lat' dir='ltr'><strong>quinque</strong></span> <span class='ocrx_word' id='word_1_851' title='bbox 3083 5072 3244 5125; x_wconf 88' lang='lat' dir='ltr'><strong>mss.,</strong></span> <span class='ocrx_word' id='word_1_852' title='bbox 3304 5061 3487 5116; x_wconf 71' lang='grc' dir='ltr'>ἐκκλίο</span> 
     </span>
    </p>
   </div>
   <div class='ocr_carea' id='block_1_116' title="bbox 1903 5125 3091 5196">
    <p class='ocr_par' dir='ltr' id='par_1_116' title="bbox 1903 5125 3091 5196">
     <span class='ocr_line' id='line_1_118' title="bbox 1903 5125 3091 5196; baseline 0.005 -19"><span class='ocrx_word' id='word_1_853' title='bbox 1903 5140 2047 5196; x_wconf 58' lang='lat' dir='ltr'><strong>cete.</strong></span> <span class='ocrx_word' id='word_1_854' title='bbox 2064 5125 2193 5195; x_wconf 79' lang='lat' dir='ltr'><strong>Reg.</strong></span> <span class='ocrx_word' id='word_1_855' title='bbox 2223 5127 2452 5195; x_wconf 85' lang='lat' dir='ltr'><strong>primus,</strong></span> <span class='ocrx_word' id='word_1_856' title='bbox 2486 5127 2802 5196; x_wconf 85' lang='grc' dir='ltr'>ἐκκλησίας,</span> <span class='ocrx_word' id='word_1_857' title='bbox 2822 5125 3091 5196; x_wconf 82' lang='lat' dir='ltr'><strong>pessime.</strong></span> 
     </span>
    </p>
   </div>
   <div class='ocr_carea' id='block_1_117' title="bbox 1971 5195 3480 5271">
    <p class='ocr_par' dir='ltr' id='par_1_117' title="bbox 1971 5195 3480 5271">
     <span class='ocr_line' id='line_1_119' title="bbox 1971 5195 3480 5271; baseline 0.005 -23"><span class='ocrx_word' id='word_1_858' title='bbox 1971 5195 2099 5271; x_wconf 64' lang='grc' dir='ltr'><strong>(22)Δ</strong></span> <span class='ocrx_word' id='word_1_859' title='bbox 2125 5196 2198 5249; x_wconf 88' lang='lat' dir='ltr'><strong>lta</strong></span> <span class='ocrx_word' id='word_1_860' title='bbox 2227 5213 2595 5271; x_wconf 75' lang='lat' dir='ltr'><strong>ms_s.__omnes.</strong></span> <span class='ocrx_word' id='word_1_861' title='bbox 2625 5195 2787 5271; x_wconf 73' lang='lat' dir='ltr'><strong>Editi,</strong></span> <span class='ocrx_word' id='word_1_862' title='bbox 2816 5195 3173 5271; x_wconf 71' lang='grc' dir='ltr'>ἐμπίπτουσι.</span> <span class='ocrx_word' id='word_1_863' title='bbox 3197 5197 3320 5255; x_wconf 88' lang='lat' dir='ltr'><strong>Mox</strong></span> <span class='ocrx_word' id='word_1_864' title='bbox 3347 5199 3480 5271; x_wconf 79' lang='lat' dir='ltr'><strong>Reg.</strong></span> 
     </span>
    </p>
   </div>
   <div class='ocr_carea' id='block_1_118' title="bbox 1899 5267 3084 5336">
    <p class='ocr_par' dir='ltr' id='par_1_118' title="bbox 1899 5267 3084 5336">
     <span class='ocr_line' id='line_1_120' title="bbox 1899 5267 3084 5336; baseline 0.001 -16"><span class='ocrx_word' id='word_1_865' title='bbox 1899 5267 2168 5320; x_wconf 83' lang='lat' dir='ltr'><strong>secundus</strong></span> <span class='ocrx_word' id='word_1_866' title='bbox 2197 5276 2252 5321; x_wconf 89' lang='lat' dir='ltr'><strong>et</strong></span> <span class='ocrx_word' id='word_1_867' title='bbox 2284 5268 2433 5323; x_wconf 89' lang='lat' dir='ltr'><strong>Colb.</strong></span> <span class='ocrx_word' id='word_1_868' title='bbox 2459 5269 2684 5336; x_wconf 85' lang='lat' dir='ltr'><strong>primus,</strong></span> <span class='ocrx_word' id='word_1_869' title='bbox 2709 5267 3084 5322; x_wconf 77' lang='grc' dir='ltr'>Θεοῦδιοικεῖ.</span> 
     </span>
    </p>
   </div>
   <div class='ocr_carea' id='block_1_119' title="bbox 1969 5337 3482 5411">
    <p class='ocr_par' dir='ltr' id='par_1_119' title="bbox 1969 5337 3482 5411">
     <span class='ocr_line' id='line_1_121' title="bbox 1969 5337 3482 5411; baseline 0.005 -23"><span class='ocrx_word' id='word_1_870' title='bbox 1969 5337 2082 5411; x_wconf 72' lang='lat'><strong>(25)</strong></span> <span class='ocrx_word' id='word_1_871' title='bbox 2112 5337 2248 5390; x_wconf 84' lang='lat' dir='ltr'><strong>Editi</strong></span> <span class='ocrx_word' id='word_1_872' title='bbox 2272 5349 2337 5411; x_wconf 59' lang='grc' dir='ltr'><strong>ει</strong></span> <span class='ocrx_word' id='word_1_873' title='bbox 2351 5348 2459 5394; x_wconf 85' lang='lat' dir='ltr'><strong>tres</strong></span> <span class='ocrx_word' id='word_1_874' title='bbox 2491 5353 2644 5411; x_wconf 80' lang='lat' dir='ltr'><strong>mss.,</strong></span> <span class='ocrx_word' id='word_1_875' title='bbox 2669 5340 2807 5409; x_wconf 83' lang='grc' dir='ltr'>πρὸς</span> <span class='ocrx_word' id='word_1_876' title='bbox 2833 5339 2932 5411; x_wconf 88' lang='grc' dir='ltr'><strong>τὴν</strong></span> <span class='ocrx_word' id='word_1_877' title='bbox 2957 5339 3260 5411; x_wconf 84' lang='grc' dir='ltr'>ἐνέργειαν,</span> <span class='ocrx_word' id='word_1_878' title='bbox 3293 5341 3482 5411; x_wconf 52' lang='lat' dir='ltr'><strong>adver-</strong></span> 
     </span>
    </p>
   </div>
   <div class='ocr_carea' id='block_1_120' title="bbox 1895 5408 3478 5481">
    <p class='ocr_par' dir='ltr' id='par_1_120' title="bbox 1895 5408 3478 5481">
     <span class='ocr_line' id='line_1_122' title="bbox 1895 5408 3478 5481; baseline 0.004 -22"><span class='ocrx_word' id='word_1_879' title='bbox 1895 5422 1984 5470; x_wconf 73' lang='lat' dir='ltr'><strong>sus</strong></span> <span class='ocrx_word' id='word_1_880' title='bbox 2016 5408 2117 5481; x_wconf 73' lang='lat' dir='ltr'><strong>vim</strong></span> <span class='ocrx_word' id='word_1_881' title='bbox 2152 5409 2360 5481; x_wconf 67' lang='lat' dir='ltr'><strong>agendi,</strong></span> <span class='ocrx_word' id='word_1_882' title='bbox 2396 5408 2647 5481; x_wconf 73' lang='lat' dir='ltr'><strong>pessime.</strong></span> <span class='ocrx_word' id='word_1_883' title='bbox 2693 5408 2762 5463; x_wconf 75' lang='lat' dir='ltr'><strong>At</strong></span> <span class='ocrx_word' id='word_1_884' title='bbox 2787 5408 3016 5481; x_wconf 77' lang='lat' dir='ltr'><strong>uterque</strong></span> <span class='ocrx_word' id='word_1_885' title='bbox 3050 5408 3206 5465; x_wconf 77' lang='lat' dir='ltr'><strong>Colb.</strong></span> <span class='ocrx_word' id='word_1_886' title='bbox 3242 5419 3298 5464; x_wconf 81' lang='lat' dir='ltr'><strong>et</strong></span> <span class='ocrx_word' id='word_1_887' title='bbox 3339 5409 3478 5481; x_wconf 79' lang='lat' dir='ltr'><strong>Reg.</strong></span> 
     </span>
    </p>
   </div>
   <div class='ocr_carea' id='block_1_121' title="bbox 1894 5477 3478 5551">
    <p class='ocr_par' dir='ltr' id='par_1_121' title="bbox 1894 5477 3478 5551">
     <span class='ocr_line' id='line_1_123' title="bbox 1894 5477 3478 5551; baseline 0.002 -20"><span class='ocrx_word' id='word_1_888' title='bbox 1894 5477 2185 5551; x_wconf 74' lang='lat' dir='ltr'><strong>secttndus,</strong></span> <span class='ocrx_word' id='word_1_889' title='bbox 2214 5479 2352 5548; x_wconf 78' lang='grc' dir='ltr'>πρὸς</span> <span class='ocrx_word' id='word_1_890' title='bbox 2384 5479 2481 5551; x_wconf 82' lang='grc' dir='ltr'>τὴν</span> <span class='ocrx_word' id='word_1_891' title='bbox 2520 5477 2828 5551; x_wconf 87' lang='grc' dir='ltr'>ἐνάργειαν,</span> <span class='ocrx_word' id='word_1_892' title='bbox 2864 5477 3116 5551; x_wconf 82' lang='lat' dir='ltr'><strong>adversus</strong></span> <span class='ocrx_word' id='word_1_893' title='bbox 3139 5477 3478 5547; x_wconf 68' lang='lat' dir='ltr'><strong>evidentiam,</strong></span> 
     </span>
    </p>
   </div>
   <div class='ocr_carea' id='block_1_122' title="bbox 1891 5545 3476 5674">
    <p class='ocr_par' dir='ltr' id='par_1_122' title="bbox 1891 5545 3476 5674">
     <span class='ocr_line' id='line_1_124' title="bbox 1893 5545 3476 5620; baseline 0.004 -20"><span class='ocrx_word' id='word_1_894' title='bbox 1893 5546 2114 5615; x_wconf 90' lang='lat' dir='ltr'><strong>optime.</strong></span> <span class='ocrx_word' id='word_1_895' title='bbox 2138 5545 2310 5618; x_wconf 78' lang='lat' dir='ltr'><strong>Legas</strong></span> <span class='ocrx_word' id='word_1_896' title='bbox 2345 5545 2503 5606; x_wconf 85' lang='lat' dir='ltr'><strong>velim</strong></span> <span class='ocrx_word' id='word_1_897' title='bbox 2538 5545 2846 5620; x_wconf 66' lang='lat' dir='ltr'><strong>quaepaqu</strong></span> <span class='ocrx_word' id='word_1_898' title='bbox 2871 5559 2998 5607; x_wconf 86' lang='lat' dir='ltr'><strong>ante</strong></span> <span class='ocrx_word' id='word_1_899' title='bbox 3026 5550 3096 5606; x_wconf 86' lang='lat' dir='ltr'><strong>de</strong></span> <span class='ocrx_word' id='word_1_900' title='bbox 3129 5552 3295 5608; x_wconf 89' lang='lat' dir='ltr'><strong>simili</strong></span> <span class='ocrx_word' id='word_1_901' title='bbox 3322 5545 3476 5607; x_wconf 53' lang='lat' dir='ltr'><strong>men;</strong></span> 
     </span>
     <span class='ocr_line' id='line_1_125' title="bbox 1891 5616 2242 5674; baseline -0.006 0"><span class='ocrx_word' id='word_1_902' title='bbox 1891 5616 1962 5674; x_wconf 92' lang='lat' dir='ltr'><strong>do</strong></span> <span class='ocrx_word' id='word_1_903' title='bbox 1990 5616 2242 5674; x_wconf 82' lang='lat' dir='ltr'><strong>diximus.</strong></span> 
     </span>
    </p>
   </div>
   <div class='ocr_carea' id='block_1_123' title="bbox 1929 5633 2242 5676">
    <p class='ocr_par' dir='ltr' id='par_1_123' title="bbox 1929 5633 2242 5676">
     <span class='ocr_line' id='line_1_126' title="bbox 1929 5633 2242 5676; baseline -0.013 0"><span class='ocrx_word' id='word_1_904' title='bbox 1929 5633 1962 5676; x_wconf 86' lang='lat'><strong>0</strong></span> <span class='ocrx_word' id='word_1_905' title='bbox 1990 5633 2242 5676; x_wconf 69' lang='lat' dir='ltr'><strong>uisimus.</strong></span> 
     </span>
    </p>
   </div>
  </div>
