3808 6212
343 279 460 343 407.

1272 275 1616 333 APPENDIX
1653 268 1941 335 SPERUM
1976 276 2038 337 S.
2076 272 2328 332 BASlLtI
2365 274 2600 333 MAGNI.

3510 270 3615 329 408

347 406 438 451 tur
486 395 544 451 in
590 394 775 451 Iesum
825 394 1143 461 Christum,
1191 410 1295 451 nec
1348 406 1528 452 tamen
1580 398 1920 453 inveniuntur

2077 395 2607 469 ὴΚατηρτισμένοι
2658 411 2729 450 εν
2776 411 2857 458 τφ
2896 401 3060 460 αυτῷ
3113 395 3225 459 Vat,
3288 394 3387 448 καὶ
3437 395 3510 448 ὲν
3536 394 3614 465 τῇ

347 486 582 559 Perfecti
607 489 662 543 in
691 488 873 543 eodem
907 504 1092 552 sensu,
1124 498 1215 543 aut
1251 489 1310 543 in
1354 493 1537 545 eadem
1565 493 1823 546 sententia
1854 493 1920 557 “,

343 582 445 635 sed
479 581 537 636 in
563 581 868 638 discordias
900 580 1139 635 maxime
1178 582 1321 636 inter
1354 598 1413 637 se
1444 594 1806 653 repugnantes
1836 584 1923 639 di-

344 673 622 728 viduntur.
663 674 769 727 Alii
803 673 1020 742 quidem
1062 674 1133 729 ob
1164 674 1599 743 simplicitatem,
1644 676 1742 729 alii
1792 691 1923 732 vero

346 780 448 820 nec
479 764 636 834 pauci
668 766 740 819 ob
771 764 1107 833 principatus
1150 765 1393 820 studium
1436 780 1502 820 ac
1546 766 1765 821 inanem
1801 767 1920 837 glo-

347 857 502 921 riam,
525 855 686 927 vulgo
715 858 1008 912 ostendere
1049 856 1235 912 volunt
1265 872 1430 927 quam
1469 858 1580 913 sint
1614 858 1922 926 sapientes,

343 961 615 1017 qnamqne
660 946 969 1015 cognitione
1005 947 1220 1001 caneris
1259 956 1538 1014 praestent.
1577 948 1921 1017 Quapropter

344 1033 545 1090 referta
591 1047 722 1091 sunt
764 1037 946 1092 omnia
986 1036 1298 1091 hominibus
1342 1037 1739 1092 dissidentibus
1781 1041 1923 1091 inter

344 1142 405 1183 se
434 1128 793 1199 dogmataque
819 1131 1118 1197 pugnantia
1164 1129 1503 1183 tradentibus
1529 1145 1544 1181 :
1593 1128 1792 1199 quippe
1822 1143 1924 1183 suo

344 1219 574 1289 quisque
618 1220 856 1291 dogmati
897 1221 1096 1275 tuendo
1143 1220 1431 1291 prmfracte
1478 1221 1721 1285 insistit,
1760 1230 1924 1290 atque

345 1312 568 1368 alterius
593 1312 793 1383 placita
818 1324 1067 1368 evertere
1092 1324 1148 1368 et
1172 1314 1465 1368 confutare
1491 1315 1762 1369 acerrima
1788 1329 1924 1369 con-

348 1405 588 1460 tentione
615 1416 864 1462 conatur.
913 1404 1131 1462 Utinam
1182 1415 1362 1461 autem
1403 1407 1436 1460 ii
1471 1407 1564 1477 qui
1612 1405 1919 1461 doctrinam

346 1503 700 1571 apostolicam
731 1505 1073 1570 observasse,
1103 1512 1266 1572 atque
1297 1503 1365 1557 ab
1391 1501 1652 1570 apostolis
1681 1515 1778 1570 per
1808 1510 1922 1553 tra-

348 1594 610 1649 ditionem
679 1595 958 1663 accepisse
1014 1609 1075 1649 se
1142 1592 1419 1663 Evangelii
1481 1591 1921 1662 praedicationem

346 1672 669 1755 gloriantur,
722 1689 1076 1742 ostenderent
1120 1702 1220 1755 per
1273 1701 1426 1741 suam
1474 1686 1620 1739 circa
1673 1685 1923 1754 dogmata

345 1777 693 1832 concordiam
720 1792 782 1833 se
822 1778 983 1833 unius
1012 1777 1272 1833 Ecclesiae
1300 1776 1502 1831 Christi
1547 1783 1728 1844 partes
1775 1788 1917 1829 esse.
1951 1770 1994 1826 Β

333 1887 337 1890 ’
416 1868 543 1925 175.
580 1869 693 1925 Nec
724 1882 853 1924 vero
887 1870 954 1924 ad
988 1869 1274 1924 scientiam
1314 1870 1487 1924 solum
1520 1878 1575 1924 et
1615 1869 1683 1923 ad
1713 1867 1918 1923 doctri-

347 1977 473 2018 nam
498 2003 513 2028 ,
545 1964 642 2019 sed
672 1964 737 2017 ad
783 1979 949 2034 opera
984 1964 1149 2017 etiam
1180 1963 1430 2018 extendit
1468 1977 1527 2017 se
1570 1961 1761 2016 istbaac
1791 1975 1918 2030 per-

348 2055 586 2109 turbatio
638 2072 653 2109 :
706 2055 971 2122 siquidem
1031 2054 1168 2110 Sunt
1219 2057 1317 2110 via:
1363 2054 1463 2109 viri
1509 2070 1630 2125 qun:
1676 2054 1922 2107 uidentur

344 2160 455 2200 esse
484 2159 639 2199 recta:
661 2158 681 2196 :
712 2146 995 2199 novissima
1026 2154 1200 2199 tamen
1236 2161 1422 2199 earum
1444 2153 1680 2213 spectant
1714 2145 1770 2197 in
1795 2144 1920 2213 {un-

344 2236 472 2291 dum
498 2237 692 2306 inferni
715 2237 792 2303 ‘7;
817 2248 891 2303 et,
918 2237 1014 2292 Est
1026 2238 1208 2307 justus
1228 2238 1318 2308 qui
1338 2238 1474 2306 perit
1498 2238 1552 2291 in
1562 2238 1774 2307 justitia
1798 2252 1917 2300 sua,

2024 489 2180 560 αὐτῇ
2210 488 2435 561 γνώμῃ,
2467 488 2582 543 ἀλλ’
2612 491 2694 553 είς
2736 486 2837 550 τὰς
2876 485 3271 548 ἐναντιωτάτας
3313 484 3615 553 διαφωνίας

2024 583 2467 655 ἀποσχιζόμενοι·
2501 584 2550 635 οί
2586 581 2686 653 μὲν
2708 580 2795 634 διὰ
2830 580 3161 649 ἱδιωτισμὸν,
3213 577 3316 631 οὐκ
3339 577 3516 645 ὀλίγοι
3554 575 3615 630 δὲ

2025 679 2123 732 καὶ
2153 681 2202 732 οί
2233 678 2323 731 διὰ
2347 675 2640 748 φιλαρχίαν
2692 674 2806 745 (24)
2837 674 2932 727 καὶ
2957 670 3295 738 κενοδοξίαν,
3342 669 3613 722 ἐνεπιδεί-

2024 764 2256 819 κνυσθαι
2285 763 2530 827 θέλοντες
2554 765 2669 826 τοῖς
2696 761 2912 825 πολλοῖς
2939 762 3015 825 ὡς
3045 760 3154 833 ἄρα
3178 756 3288 813 εἷεν
3311 760 3486 830 σοφοὶ,
3514 760 3611 813 καὶ

2025 857 2167 927 ὑπὲρ
2197 857 2325 919 τοὺς
2357 855 2551 919 ἄλλους
2582 855 2682 926 τὴν
2715 853 2917 922 γνῶσιν
2945 853 3131 925 έχουσι
3162 851 3296 923 (25).
3321 853 3422 905 Διὰ
3450 850 3611 905 τοῦτο

2024 949 2203 1002 πάντα
2253 947 2576 1019 μαχομένων
2617 946 2870 1017 ἀλλήλοις
2914 947 3008 1001 καὶ
3053 941 3610 1015 ἀντιδογματιζόντων

2024 1037 2403 1109 πεπλήρωται·
2462 1038 2696 1092 ἑκάστου
2753 1037 3071 1106 φιλονείκως
3110 1034 3187 1105 τῷ
3233 1034 3347 1104 ίδίῳ
3377 1034 3610 1105 δόγματι

2024 1130 2456 1201 παρισταμένου,
2486 1130 2582 1183 καὶ
2618 1128 2758 1200 μετὰ
2786 1127 3089 1191 διατάσεως
3140 1125 3513 1198 σφοδροτάτης
3540 1126 3612 1181 τὰ

2021 1221 2118 1275 τοῦ
2149 1221 2339 1293 ἐτέρου
2395 1220 2725 1293 ἀνατρέπειν
2778 1221 2875 1273 καὶ
2925 1218 3221 1289 διελέγχειν
3258 1217 3608 1288 βιαζομένου.

2027 1314 2261 1384 Ὄφελον
2305 1315 2349 1369 δ’
2406 1316 2458 1368 oi
2500 1313 2797 1384 αὐχοῦντες
2831 1312 2946 1383 (26)
2974 1312 3073 1383 τὴν
3106 1311 3476 1382 ἀποστολικὴν
3532 1312 3611 1365 δι-

2021 1406 2321 1461 δασκαλίαν
2349 1405 2734 1478 τετηρηκέναι,
2765 1404 2862 1459 καὶ
2885 1403 3028 1458 κατὰ
3050 1402 3301 1473 διαδοχὴν
3338 1402 3435 1455 ἀπ’
3463 1401 3610 1454 ἐκεί-

2023 1516 2131 1553 νων
2156 1498 2220 1553 τὸ
2247 1499 2511 1571 κήρυγμα
2553 1497 2649 1551 τοῦ
2692 1495 3030 1566 Εὑαγγελίου
3065 1494 3483 1567 παρειληφέναι,
3519 1493 3611 1547 διὰ

2022 1594 2123 1664 τῆς
2171 1593 2302 1665 περὶ
2343 1592 2456 1646 τῶν
2507 1590 2798 1662 δογμάτων
2849 1589 3161 1661 ὁμοφωνίας
3197 1588 3492 1652 ἐδείκνυον,
3527 1587 3613 1640 ὅτι

2027 1684 2159 1755 μιᾶς
2183 1683 2291 1737 είσι
2316 1682 2458 1755 μέρη
2489 1681 2601 1755 (27)
2625 1682 2727 1753 τῆς
2752 1680 2994 1752 Χριστοῦ
3032 1678 3385 1751 Ἑκκλησξας.

2094 1865 2215 1919 175.
2247 1862 2367 1919 Οὐκ
2395 1863 2491 1917 ἐπὶ
2515 1862 2615 1934 τὴν
2638 1862 2842 1932 γνῶσιν
2878 1862 2935 1915 δὲ
2968 1861 3129 1932 μόνον
3178 1860 3373 1930 φθάνει
3399 1861 3543 1932 αὕτη
3572 1863 3609 1934 ἡ

2016 1956 2254 2029 ταραχὴ,
2284 1956 2422 2011 ἀλλὰ
2447 1958 2542 2011 καὶ
2565 1957 2658 2010 ἐπὶ
2683 1956 2784 2018 τὰς
2807 1955 3053 2027 πράξεις·
3083 1954 3201 2007 εἶπε
3211 1971 3243 2026 ρ
3274 1953 3454 2007 Εἰσὶν
3484 1952 3613 2008 ὁδοί

2017 2046 2239 2116 ἀνδρὸς
2261 2046 2553 2101 δοκοῦσαι
2571 2045 2742 2114 ὀρθαὶ
2768 2042 2945 2110 εἷναι,
2970 2046 3044 2100 τὰ
3071 2045 3140 2098 δὲ
3164 2044 3480 2099 τελευταῖα
3503 2046 3612 2098 αὑ-

2018 2139 2138 2194 τῶν
2178 2139 2291 2211 (28)
2335 2138 2555 2203 βλέπει
2597 2141 2686 2204 εις
2729 2137 3004 2207 πυθμένα
3055 2137 3226 2205 ᾅδου
3281 2140 3400 2201 καὶ,
3435 2140 3613 2191 Ἔστι

2018 2232 2248 2298 δίκαιος
2264 2232 2689 2301 ἀπολλύμενος
2711 2232 2781 2285 ὲν
2799 2229 3009 2297 δικαίῳ
3028 2230 3238 2294 αὐτοῦ,
3261 2231 3361 2284 καί
3382 2229 3613 2297 ἀσεϐὴς

343 2339 392 2383 et
411 2329 604 2398 impius
626 2329 716 2399 qui
739 2339 912 2383 manet
936 2331 991 2383 in
1019 2330 1228 2384 malitia
1249 2345 1346 2383 sua
1370 2328 1438 2384 ⁸⁸.
1465 2329 1699 2393 Etenim,
1722 2328 1766 2383 si
1790 2328 1920 2397 quid

2077 2324 2218 2381 {Vter
2245 2324 2317 2378 ἐν
2338 2324 2517 2393 κακίᾳ
2559 2322 2768 2378 αὐτοῦ.
2802 2323 2866 2376 Εἰ
2911 2322 3021 2393 γάρ
3062 2324 3117 2376 τί
3148 2323 3264 2375 ὲστι
3291 2321 3614 2394 δυσθεώρη-

343 2420 715 2489 contemplatu
747 2419 963 2474 diﬂicile
991 2427 1108 2484 est,
1141 2420 1207 2474 ad
1239 2420 1292 2474 id
1321 2434 1493 2487 genus
1523 2419 1764 2489 pertinet
1787 2433 1916 2474 vera

343 2511 577 2581 iustitia.
604 2509 729 2566 ldeo
764 2519 820 2565 et
850 2510 1111 2565 Salomon
1152 2510 1341 2565 istbzec
1380 2496 1638 2580 tanquam
1668 2510 1814 2564 inter
1861 2523 1921 2564 se

346 2603 499 2672 paria
526 2618 590 2656 ac
616 2602 845 2671 aequalia
872 2602 1034 2658 simul
1069 2611 1372 2667 enumerat,
1410 2604 1496 2657 his
1526 2603 1706 2658 verbis
1733 2621 1747 2655 :
1783 2603 1917 2656 Ani-

344 2694 644 2749 maduertas
695 2703 745 2747 et
791 2692 1103 2763 parabolam
1160 2702 1210 2746 et
1260 2692 1545 2747 obscurum
1590 2711 1919 2756 sermonem.

345 2786 590 2855 dictaque
621 2785 936 2852 sapientum,
977 2792 1023 2838 et
1055 2784 1338 2855 wnigmata
1359 2785 1443 2838 ‘9:
1477 2786 1744 2856 intelligas
1764 2787 1924 2858 justi—

346 2879 478 2932 tiam
522 2892 738 2940 veram,
788 2884 840 2931 et
873 2876 1141 2946 judicium
1198 2877 1402 2946 dirigas
1438 2878 1508 2929 “.
1563 2877 1711 2932 Multi
1759 2881 1923 2948 igitur

346 2968 547 3039 raptim
580 2976 636 3023 et
662 2968 987 3023 festinanter
1014 2968 1372 3038 pronuntiant
1396 2968 1599 3037 judicia
1629 2970 1918 3025 mutationi

344 3061 617 3128 obnoxia;
667 3060 864 3131 quippe
913 3061 1005 3130 qui
1063 3069 1355 3129 antequam
1413 3076 1501 3115 res
1552 3071 1773 3131 pateant
1828 3078 1922 3132 per

346 3152 596 3207 idoneam
643 3151 1116 3207 ratiocinationem
1160 3152 1493 3222 multamque
1544 3153 1922 3224 investigatio-

348 3258 495 3310 nem,
526 3252 733 3299 temere
770 3258 835 3298 ac
877 3244 1040 3298 nimis
1070 3253 1394 3313 properato,
1425 3244 1665 3313 dogmati
1690 3247 1916 3301 cuilibet

345 3336 735 3392 assentiamur.
790 3334 978 3391 Potest
1022 3345 1205 3391 autem
1249 3338 1432 3390 nativa
1480 3337 1798 3394 dialectices
1836 3340 1919 3395 vis

346 3442 411 3485 ac
438 3426 669 3485 facultas
688 3468 704 3494 ,
732 3437 791 3483 ut
819 3428 1007 3499 opinio
1039 3438 1162 3496 est,
1197 3430 1311 3484 haec
1340 3439 1623 3499 praestare,
1653 3431 1918 3486 nimirum

347 3520 606 3577 distincte
650 3536 834 3577 rerum
882 3531 1110 3577 naturas
1164 3522 1406 3577 dividere
1455 3538 1470 3576 :
1523 3521 1808 3577 manifesta
1858 3538 1924 3577 ac

347 3611 510 3683 plana
548 3612 730 3668 facere
754 3626 875 3682 qua:
899 3611 1142 3681 ejusdem
1174 3620 1300 3666 sunt
1326 3613 1578 3681 generis:
1608 3612 1924 3668 discernere

345 3720 468 3775 quae
498 3715 626 3760 sunt
653 3706 950 3761 contraria.
989 3705 1355 3772 Quamobrem
1381 3707 1474 3775 qni
1507 3705 1611 3760 sibi
1639 3714 1760 3760 erat
1789 3719 1923 3761 con-

348 3797 502 3853 scius
533 3798 803 3856 sedivina
836 3799 940 3852 hac
978 3794 1268 3852 dialectica
1297 3797 1580 3866 praeditum
1613 3812 1734 3852 esse
1755 3836 1772 3861 ,
1809 3798 1923 3852 aie-

347 3887 484 3946 bat:
514 3888 824 3944 iucundum
854 3890 922 3944 sit
949 3889 1047 3943 tibi
1069 3890 1337 3961 eloquium
1362 3891 1616 3944 meum“.
1648 3890 1749 3958 Qui
1774 3890 1919 3945 enim

345 3982 496 4037 rixas
531 3991 581 4036 et
625 3980 801 4051 jurgia
846 3982 1091 4036 excitant
1135 3995 1303 4052 atque
1354 3981 1537 4036 animo
1583 3984 1922 4039 contentioso

345 4073 729 4143 aggrediuntur
755 4073 992 4142 negotia,
1028 4087 1217 4128 eorum
1247 4072 1531 4128 dialectice
1551 4074 1786 4142 jucunda
1814 4090 1920 4130 non

344 4174 460 4227 est,
491 4162 586 4217 sed
632 4172 942 4229 exasperat.
980 4162 1120 4217 Cum
1152 4172 1333 4218 autem
1368 4161 1480 4216 sint
1517 4163 1677 4217 trium
1730 4164 1924 4233 conju-

344 4254 611 4322 gationes,
638 4253 777 4308 lucis
805 4263 863 4309 et
896 4252 1246 4309 tenebrarum
1268 4294 1284 4320 ,
1318 4256 1443 4309 boni
1471 4265 1525 4309 et
1557 4257 1708 4321 mali,
1745 4258 1921 4313 amari

342 4353 400 4399 et
434 4345 642 4412 dulcis,
681 4347 869 4407 haecne
905 4361 1069 4399 unum
1102 4355 1232 4399 sunt
1263 4346 1534 4417 subjecto,
1572 4363 1640 4401 an
1664 4364 1694 4400 a
1735 4363 1795 4403 se
1834 4349 1922 4403 in-

2020 2436 2134 2482 τον,
2165 2416 2358 2470 τούτου
2387 2414 2481 2469 τοῦ
2513 2417 2711 2485 γένους
2752 2414 2818 2469 ἂν
2847 2417 2933 2486 εἴη
2965 2417 3062 2471 καὶ
3106 2418 3139 2487 ἡ
3167 2414 3376 2487 ἀληθὴς
3399 2415 3611 2470 δικαιο-

2023 2510 2180 2582 σύνη.
2223 2508 2316 2561 Διὸ
2349 2508 2444 2562 καὶ
2479 2511 2508 2562 ὁ
2539 2506 2793 2578 Σολομὼν
2836 2507 2911 2571 ὡς
2967 2508 3210 2577 ὁμότιμα
3238 2505 3414 2560 ταῦτα
3443 2506 3611 2578 ἀλλή-

2020 2603 2133 2667 λοις
2166 2600 2512 2672 συναριθμεῖ,
2543 2600 2738 2668 λέγων⁸
2773 2599 3008 2668 Νοῆσαί
3026 2616 3091 2652 τε
3134 2601 3481 2666 παραϐολὰς
3507 2600 3608 2655 καί

2021 2693 2339 2749 σκοτεινὸν
2353 2693 2562 2763 λόγον,
2581 2693 2801 2761 ῥήσεις
2832 2709 2897 2746 τε
2912 2691 3124 2761 σοφῶν
3150 2693 3249 2746 καὶ
3268 2695 3611 2763 αἰνίγματα·

2021 2786 2243 2856 νοῆσαι
2295 2784 2694 2852 δικαιοσύνην
2744 2783 2941 2853 ἁληθῆ
2974 2783 3073 2837 καὶ
3106 2785 3285 2854 κρῖμα
3319 2791 3614 2843 κατευθύ-

2021 2896 2170 2933 νειν.
2210 2877 2403 2931 Πολλοὶ
2435 2873 2530 2930 οῦν
2582 2875 2724 2930 κατὰ
2756 2876 3116 2948 συναρπαγὴν
3150 2877 3617 2950 παρηλλαγμένας

2021 2970 2123 3034 τὰς
2154 2971 2367 3041 κρίσεις
2394 2969 2713 3041 ἐκφέρουσι,
2744 2968 2850 3040 πρὸ
2888 2969 3251 3040 καταλήψεως
3272 2971 3375 3041 τῆς
3406 2973 3469 3039 ἐξ
3497 2975 3612 3027 tu.

2024 3063 2116 3117 νοῦ
2167 3063 2329 3131 λόγου
2376 3063 2469 3116 καὶ
2514 3063 2608 3116 ἐπὶ
2660 3062 2844 3116 πλεῖον
2889 3062 3272 3133 ὲρευνηθέντος
3324 3065 3619 3136 ἐγγινομέ-

2023 3173 2122 3226 νης
2179 3152 2314 3227 (29),
2359 3153 2740 3217 ἀϐασανίστως
2796 3153 2938 3207 κατὰ
2963 3154 3295 3224 προπέτειαν
3337 3155 3441 3219 τὰς
3485 3158 3619 3229 περὶ

2024 3248 2256 3301 ἑκάστου
2279 3247 2550 3316 δόγματος
2614 3245 2932 3316 ῥιπτοῦντες
2968 3245 3423 3313 συγκαταθέσεις.
3467 3248 3535 3300 Ἦ
3559 3249 3620 3301 δὲ

2020 3339 2122 3409 τῆς
2156 3337 2501 3408 διαλεκτικῆς
2547 3335 2711 3407 φύσις
2744 3336 2980 3407 μάλιστα
3033 3338 3393 3393 πεπίστευται
3437 3340 3621 3394 ταῦτα

2023 3437 2285 3509 παρέχειν
2322 3434 2604 3488 δύνασθαι·
2639 3434 2868 3505 διαιρεῖν
2896 3433 3161 3503 εὐκρινῶς
3185 3433 3284 3498 τὰς
3313 3436 3425 3488 τῶν
3472 3453 3619 3507 πρα-

2021 3526 2249 3596 γμάτων
2282 3524 2494 3595 φύσεις,
2523 3526 2618 3578 καὶ
2647 3523 2716 3577 τὰ
2747 3526 2983 3595 ὁμογενῆ
3035 3523 3348 3596 γνωρίζειν,
3401 3527 3497 3580 καὶ
3531 3527 3608 3580 τὰ

2023 3616 2241 3672 ἐναντία
2262 3617 2579 3688 διακρίνειν.
2614 3617 2814 3688 Διόπερ
2863 3616 3116 3679 συνειδὼς
3146 3619 3258 3688 (50)
3291 3617 3472 3689 ἑαυτῷ
3510 3619 3619 3690 τὴν

2024 3710 2175 3764 θείαν
2203 3708 2549 3779 διαλεκτικὴν
2608 3706 2807 3777 ἔχοντι,
2845 3707 3000 3777 ἔλεγε
3023 3706 3106 3770 τὸ,
3172 3707 3478 3776 Ἡδυνθείη
3509 3725 3619 3764 σοι

2023 3804 2062 3871 ὴ
2091 3799 2341 3868 διαλογὴ
2369 3818 2509 3869 μου.
2574 3799 2638 3852 Ἦ
2662 3797 2772 3870 γὰρ
2806 3798 2915 3851 τῶν
2946 3798 3234 3870 ἐριστικῶν
3260 3800 3354 3852 καὶ
3375 3799 3620 3869 φιλονεί-

2023 3911 2134 3957 κως
2192 3892 2585 3946 ὲπιϐαινόντων
2642 3894 2755 3954 τοῖς
2812 3890 3100 3963 πράγμασι
3143 3890 3459 3962 διαλεκτικὴ
3510 3894 3619 3965 οὐχ

2023 3988 2195 4056 ἡδεῖα,
2231 3983 2370 4039 ἀλλὰ
2393 3983 2915 4056 παραπικραίνουσά
2938 3984 3022 4047 τίς
3053 3986 3187 4038 ἐστι.
3221 3985 3402 4056 Τριῶν
3431 3985 3489 4039 δὲ
3513 4003 3621 4041 συ-

2024 4076 2229 4145 ζυγιῶν
2260 4075 2455 4140 οὐσῶν,
2510 4075 2688 4144 φωτὸς
2720 4075 2815 4128 καὶ
2838 4075 3084 4138 σκότους,
3122 4074 3287 4128 καλοῦ
3323 4077 3419 4130 καὶ
3443 4094 3621 4149 πονη-

2027 4168 2142 4239 ροῦ,
2181 4167 2380 4240 πικροῦ
2408 4168 2503 4222 καὶ
2531 4166 2781 4235 γλυκέος,
2833 4168 3062 4238 πότερον
3090 4167 3148 4220 ἓν
3203 4168 3320 4221 ἐστι
3353 4169 3432 4238 τῷ
3471 4170 3617 4224 ὑπο-

2024 4261 2267 4332 κειμένῳ
2311 4260 2506 4323 ταῦτα,
2538 4259 2572 4330 ἢ
2603 4260 2745 4312 κατὰ
2796 4259 2954 4326 γένος
3005 4259 3251 4330 ἀλλήλων
3283 4261 3618 4335 ἁποδιέστη-

2022 4369 2116 4404 κεν
2149 4352 2296 4423 (51);
2343 4353 2430 4416 Ὡς
2468 4352 2566 4421 μὲν
2596 4347 2689 4405 οῦν
2721 4351 2859 4421 πρὸς
2902 4350 2962 4405 τὸ
3014 4351 3381 4423 ἁπλούστερον
3415 4356 3615 4423 σαφὲς,

340 4436 516 4491 vicem
556 4451 758 4508 genere
789 4436 1089 4493 dill'erunt?
1118 4435 1253 4491 Nam
1283 4454 1352 4492 ex
1385 4438 1745 4508 intelligentia
1783 4440 1914 4495 sim-

2077 4461 2104 4496 't
2130 4444 2189 4497 τὸ
2216 4443 2444 4515 πονηρὸν
2470 4444 2561 4496 ἐπὶ
2587 4443 2688 4513 τῆς
2714 4442 2822 4495 τῶν
2840 4441 2985 4512 ἠθῶν
3004 4444 3308 4515 μοχθηρίας
3327 4444 3613 4501 τέτακται’

342 4527 565 4597 pliciore
591 4538 929 4597 compertum
960 4540 1045 4584 est
1076 4540 1131 4584 et
1159 4529 1500 4598 exploratum
1522 4571 1539 4596 ,
1570 4530 1762 4584 referri
1798 4548 1915 4584 ma-

224 4689 230 4696 _
342 4621 452 4674 lum
482 4621 549 4674 ad
597 4634 809 4675 morum
854 4620 1015 4696 505
1059 4623 1406 4693 pravitatem.
1461 4621 1667 4677 Bonum
1709 4632 1914 4687 autem,

339 4722 400 4768 nt
427 4712 707 4779 deﬁnitur,
730 4723 814 4769 est
841 4715 893 4769 id
927 4717 1071 4784 quod
1100 4716 1593 4772 commendandum
1614 4723 1698 4771 est
1725 4726 1781 4772 et
1805 4716 1917 4771 lau-

410 4849 457 4883 ⁸⁸
486 4848 507 4905 l
537 4849 660 4906 Cor.
692 4867 731 4918 ι,
764 4852 852 4909 10.
927 4851 971 4885 ’⁵⁷
996 4851 1158 4908 Prov.
1188 4868 1299 4921 xvi,
1320 4853 1409 4908 25.

410 4967 524 5040 (ΞΑ)
575 4968 876 5048 Re_cent_ior_
922 4972 1230 5048 Combeﬂsij
1270 4973 1596 5048 πάθῃ-διὰ
1647 4974 1913 5048 φιλαργυτ

341 5039 484 5110 ρίαν,
525 5048 590 5116 _et
650 5041 723 5094 ita
772 5042 970 5116 legisse
1015 5043 1288 5116 putandus
1338 5039 1916 5116 est'Tilmannus,qui

337 5110 584 5174 verterit,
621 5127 713 5175 per
745 5110 1051 5167 aviditatem
1106 5112 1443 5167 cumulande:
1475 5117 1728 5181 pecunite.
1776 5110 1917 5169 Editi

340 5191 519 5260 tamen
550 5190 604 5235 et
633 5180 720 5260 alii
751 5185 991 5260 quinque
1018 5197 1172 5260 mss_._,
1214 5182 1315 5260 ora
1331 5180 1641 5260 φιλαρχίαν,
1675 5188 1737 5239 ob
1772 5186 1921 5253 prin-

338 5252 830 5336 eipatt‘t‘s’studi'am,
862 5252 1084 5336 sectius.
1116 5252 1269 5336 H'aud
1302 5252 1915 5336 lenge'qttinqnemss.,

339 5319 821 5442 ξιὸειπιδείκνυσθαι.
870 5323 1010 5378 Editi
1052 5336 1108 5379 et
1149 5321 1283 5394 Reg.
1323 5319 1570 5393 quartus,
1616 5319 1921 5378 ἐπιδείκνυ-

449 5406 487 5444 ι.

411 5458 523 5529 (25)
552 5458 771 5534 Antiqui
802 5476 897 5534 sex
947 5461 1092 5534 libri,
1130 5462 1333 5534 γνῶσιν
1361 5463 1565 5534 έχουσι.
1589 5462 1703 5518 Vox
1734 5463 1918 5534 ἔχουσι

335 5531 946 5605 operarunr_diligentia
967 5532 1342 5589 interciderat.
1369 5531 1548 5588 Malim
1586 5531 1772 5590 tamen
1785 5531 1921 5605 ἔχω-

336 5610 609 5669 at,_g_ttam
630 5598 833 5669 ἔχουσι.

329 5664 521 5788 “(26)
558 5664 829 5743 Sicfmss.
886 5670 1070 5727 nostri.
1096 5684 1307 5729 ornnes.
1359 5672 1526 5740 Editi,
1571 5674 1621 5729 ot
1652 5673 1917 5745 καυχοῦν-

2023 4535 2188 4588 καλὸν
2213 4534 2272 4588 δὲ
2309 4534 2584 4604 ὁρίζονται
2625 4532 2829 4601 ἀγαθὸν
2855 4534 3159 4589 ἐπαινετόν.
3195 4534 3385 4601 Πάλιν,
3417 4537 3617 4602 σκότος

2026 4629 2146 4698 μὲν,
2206 4627 2315 4697 ἀὴρ
2350 4626 2712 4699 ἐστερημένος
2775 4626 2973 4694 φωτός
3016 4626 3132 4695 φῶς
3176 4626 3254 4691 δὲ,
3288 4628 3448 4681 οὐσία
3494 4629 3615 4701 (39.)

2021 4718 2303 4791 διαλυτικὴ
2359 4718 2604 4782 σκότους.
2657 4716 2847 4784 Πάλιν,
2891 4718 3064 4788 γλυκὺ
3098 4719 3198 4790 μέν
3247 4723 3364 4774 ἐστι
3393 4719 3615 4789 λειότης

1486 4853 1533 4887 ⁴⁸
1582 4855 1762 4912 Eccle.
1788 4871 1885 4924 vn,
1916 4876 1920 4887 λ

2077 4858 2122 4891 δ’
2166 4857 2326 4913 Prov.
2369 4873 2408 4922 ι,
2445 4855 2498 4911 6.
2576 4857 2623 4889 ⁸⁸
2669 4856 2797 4912 ibid.
2827 4857 2882 4913 3.
2959 4859 3004 4890 ⁵⁸
3052 4858 3196 4914 Psal.
3250 4875 3377 4927 cm,
3417 4861 3507 4917 54.

2094 4975 2206 5048 (‘27)
2234 4977 2348 5031 Vox
2383 4976 2519 5047 μέλη
2557 4978 2660 5030 hoc
2685 4976 2802 5031 loco
2824 4979 2993 5047 magis
3015 4977 3308 5044 arrideret;
3346 4979 3442 5033 sed
3481 4993 3613 5038 cum

2023 5048 2075 5100 in
2105 5047 2267 5102 editis
2289 5056 2343 5102 et
2369 5047 2421 5099 in
2465 5049 2668 5120 nostris
2696 5063 2788 5120 sex
2815 5063 2946 5106 mss.
3006 5049 3215 5119 legatur
3248 5048 3413 5120 μέρη,
3444 5052 3612 5119 quid-

2021 5133 2183 5186 quam
2221 5127 2430 5170 mutare
2460 5117 2612 5170 nefas
2638 5117 2915 5173 duximus.

2062 5187 2205 5270 ~(28)
2235 5186 2398 5250 Editi,
2452 5186 2644 5258 αὐτῆς,
2694 5187 2855 5243 male.
2907 5187 2977 5242 At
3031 5202 3162 5242 mss.
3195 5188 3464 5255 nonnulli,
3505 5192 3610 5245 αὒ-

2020 5274 2150 5310 των.

2096 5326 2210 5399 (:39)
2236 5325 2463 5399 Υριενοε
2487 5327 2693 5399 aliqua
2724 5326 2869 5399 ιίιιιῖίο
2900 5328 3289 5399 smmi“

2095 5396 2207 5467 ('50)
2232 5396 2397 5460 Editi,
2425 5399 2454 5450 ὁ
2484 5394 2758 5461 συνειδώς.
2796 5398 2867 5451 Δί
2896 5394 2954 5451 in
2982 5394 3185 5452 nostris
3215 5394 3308 5452 Set
3339 5415 3476 5455 mss.
3518 5414 3609 5457 ar-

2020 5467 2217 5521 ticulus
2246 5467 2606 5521 desideratur.

2093 5537 2206 5609 (51)
2237 5537 2312 5609 I_ta
2339 5552 2468 5609 mss.
2507 5552 2719 5609 omnes.
2743 5537 2907 5601 Editi,
2936 5536 3243 5609 διέστηκεν.

2097 5607 2210 5682 (ᾇῖ)
2246 5606 2539 5682 Procopius
2570 5617 2626 5661 ut
2660 5608 2763 5661 alia
2804 5605 3209 5676 permulta,'ita
3242 5608 3354 5671 illa,
3372 5607 3513 5682 59:3»;
3539 5605 3606 5664 δὲ

2020 5676 2201 5742 οὐσία,
2225 5686 2358 5740 ete.,
2379 5679 2448 5732 ab
2469 5689 2692 5733 auctore
2718 5687 2907 5733 nostro
2933 5687 3211 5734 mutuatus
3237 5687 3341 5733 est.
3368 5676 3476 5734 Sed
3514 5693 3607 5732 ne-

2022 5748 2134 5805 scio
2156 5747 2425 5818 quomodo
2450 5748 2699 5819 contigit,
2732 5757 2790 5804 ut
2810 5748 3039 5805 miriﬁce
3060 5747 3259 5805 fmdata
3293 5749 3403 5806 sint
3432 5747 3601 5805 verba
