3808 6212
192 266 303 326 409

1089 260 1562 359 (ΞΟΜΜΕΝΤηΙΝ
1602 288 1839 345 ISAIAM
1879 245 2308 356 PROPHI‘ETAM.
2366 300 2515 366 CAP.
2549 302 2595 358 V

3361 306 3465 363 MO

446 383 619 492 μυλοΰ
647 385 745 459 τὴν
760 393 1068 492 ’γευστικὴν
1100 397 1370 469 ἡδύνουσα
1402 404 1675 476 αἴσθησιν⁸
1708 425 1794 461 πι-
1820 417 1865 471 Α
1896 413 1952 465 da

1896 413 2093 468 dabile.
2135 416 2378 483 Rursus:
2431 421 2667 474 tenebrat
2715 436 2807 476 aer
2842 432 2926 479 est
2966 422 3085 477 lucc
3115 423 3401 492 privatus:
3432 443 3463 480 e

192 475 330 548 κρὸν
356 475 416 530 δέ
440 478 560 531 ἐστι
585 480 815 547 γευστὸν
850 484 1187 558 ὲκτραχύνον
1214 491 1315 562 τὴν
1372 475 1579 563 γεῦσιν.
1630 499 1789 552 Κατὰ

329 565 425 623 οὖν
453 571 551 642 τὴν
582 573 959 648 ἁπλουστέραν
1009 581 1214 652 νόησιν,
1257 587 1506 641 τοσοῦτον
1537 588 1788 662 διέστηκε

191 660 374 714 ταῦτα
432 662 710 734 ἀλλήλων.
751 668 848 732 Τίς
875 664 969 723 οὖν
1001 672 1177 738 οὕτως
1208 675 1448 749 ἔκφρων,
1476 680 1552 746 ὼς
1603 684 1662 736 ὲν
1694 660 1789 738 νυ-

193 754 291 804 κτὶ
348 751 544 828 βαθείᾳ
590 757 784 823 ἑστὼς,
839 761 958 829 φῶς
1013 764 1304 837 ὀνομάζειν
1348 770 1412 824 τὸ
1457 774 1666 840 σκότος,
1695 780 1790 832 καὶ

193 848 622 918 συγκεχυμένων
642 849 793 916 αὐτῷ
814 853 923 907 τῶν
956 854 1253 929 ὀφθαλμῶν
1274 862 1333 915 ὲν
1358 863 1439 935 τῷ
1473 867 1677 932 σκότει,
1712 870 1790 934 ὼς

190 937 301 1036 Dab
328 939 510 1005 φωτὸς
551 942 1044 1016 καταλαμπόμενος
1098 950 1440 1022 διακεῖσθαι;
1505 960 1601 1023 Τίς
1631 961 1688 1014 δὲ
1718 967 1786 1036 τῇ

187 1027 383 1096 γεύσει
411 1030 522 1085 τῶν
551 1034 766 1106 πικρῶν
802 1037 1189 1110 ἀλγυνόμενος,
1213 1044 1290 1109 ὼς
1319 1047 1414 1100 ἐπὶ
1443 1049 1553 1121 (55)
1588 1027 1790 1121 γλυκύζ

188 1135 357 1189 τητος
385 1121 547 1194 ἡδονῇ
578 1123 882 1194 διάκειται;
925 1130 1001 1183 Τὸ
1053 1132 1110 1186 δὲ
1155 1135 1412 1207 αἰσθητὸν
1447 1141 1642 1208 κάλλος
1678 1146 1788 1201 τίνι

190 1210 307 1265 τῶν
326 1213 644 1286 ὀφθαλμοὺς
688 1219 925 1290 ἐχόντων
967 1224 1066 1278 οὐκ
1096 1225 1437 1298 εὖγνωστον;
1480 1235 1605 1289 Ὅτι
1630 1240 1688 1291 ὲν
1718 1243 1785 1312 τῇ

192 1306 338 1403 πρὸς
370 1306 577 1403 ἄλληλα
631 1310 743 1365 τῶν
784 1315 969 1387 μερῶν
1001 1317 1113 1390 (54)
1143 1327 1459 1398 συμμετρίᾳ
1503 1330 1641 1398 μετά
1685 1306 1788 1403 τῆς

191 1399 628 1497 ὲῖτιφαινομένης
661 1404 916 1477 εὐχροίας
947 1410 1241 1483 αὐτομάτῳ
1283 1418 1388 1469 τινὶ
1441 1420 1535 1473 καὶ
1581 1399 1785 1497 φυσικῇ

187 1488 326 1561 ὁλκῇ
363 1493 800 1563 προσοικειοῦται
828 1500 955 1562 τοὺς
998 1500 1450 1573 ἐντυγχάνοντας·
1482 1512 1578 1564 καὶ
1595 1488 1788 1583 μέντοι.

189 1581 289 1634 κα)⁸
314 1582 379 1635 τὸ
427 1586 654 1659 αἰσχρὸν
687 1588 915 1644 αὐτόθεν
952 1596 1100 1646 ποιεί
1138 1596 1253 1669 (55)
1282 1597 1382 1670 τὴν
1436 1581 1788 1678 ἀποστροφὴν

185 1677 310 1739 τοῖς
342 1676 567 1748 ὁρῶσιν.

1894 506 2110 561 diverso
2143 509 2232 562 lux
2266 513 2568 565 substantia
2609 524 2716 579 est,
2753 529 2873 583 qua:
2902 514 3150 569 dissolvit
3186 516 3459 572 tenebras.

1891 597 2091 652 lterum
2129 600 2283 655 dulce
2326 601 2533 657 lat-vitas
2585 614 2670 658 est
2706 605 2953 660 humoris
2993 615 3087 659 aut
3128 607 3318 673 succi,
3349 624 3470 676 qua:

1891 689 2158 744 exhilarat
2193 703 2381 761 gustus
2407 709 2626 749 sensum
2654 712 2667 748 :
2696 710 2942 750 amarum
2969 711 3099 752 vero
3125 708 3209 753 est
3234 699 3286 753 id
3323 702 3471 770 quod

1891 781 2019 834 dum
2064 783 2403 852 degustatur,
2459 796 2673 855 gustum
2721 798 3032 857 exasperat.
3083 789 3270 859 Itaque
3309 789 3468 858 juxta

1890 872 2280 942 simpliciorem
2313 885 2368 930 et
2391 879 2564 946 magis
2593 878 2807 934 obviant
2841 881 3253 953 intelligentiant
3280 885 3471 941 isthmc

1890 965 2026 1020 adeo
2077 967 2304 1022 multum
2346 969 2491 1025 inter
2543 986 2603 1026 se
2655 972 2940 1027 dissident.
3000 974 3135 1041 Quis
3179 976 3343 1047 igitur
3393 979 3468 1032 ita

1890 1060 2115 1114 demens
2145 1071 2229 1115 est
2249 1102 2265 1128 ,
2300 1072 2358 1116 ut
2388 1064 2442 1116 itt
2474 1062 2743 1133 profunda
2776 1073 2936 1120 nocte
2966 1054 3294 1122 constitutus
3318 1108 3334 1134 ,
3384 1069 3470 1124 lu-

1890 1166 2007 1207 cem
2035 1162 2190 1207 vocet
2223 1155 2500 1220 tenebras,
2527 1163 2582 1210 et
2628 1155 2838 1212 interea
2865 1158 2992 1212 dum
3027 1157 3145 1227 ejus
3174 1162 3347 1215 oculis
3392 1172 3471 1216 te-

1888 1242 2072 1298 nebrae
2101 1242 2479 1314 oﬂ'unduntur,
2523 1248 2595 1302 sit
2631 1249 2857 1318 perinde
2888 1248 3117 1305 affectus
3137 1292 3151 1316 ,
3181 1267 3244 1305 ac
3270 1254 3314 1306 si
3351 1253 3470 1309 luce

1891 1333 2306 1393 illustraretur?
2336 1335 2468 1403 Quis
2500 1339 2682 1393 itidem
2711 1340 2780 1395 de
2812 1341 2887 1395 rei
2926 1342 3280 1398 amarulentae
3310 1357 3469 1413 gustu

1889 1423 2116 1491 dolens,
2168 1427 2243 1482 ita
2294 1426 2546 1495 allicitur,
2598 1433 2754 1501 quasi
2805 1447 2873 1487 ex
2917 1432 3203 1489 dulcedine
3252 1449 3471 1506 caperet

1890 1517 2226 1587 voluptatem
2250 1520 2274 1574 ?
2294 1520 2414 1575 Jam
2437 1537 2565 1577 vero
2597 1538 2627 1577 a
2657 1539 2893 1592 quonam
2926 1526 3017 1594 qui
3044 1528 3232 1582 oculos
3267 1530 3467 1585 habeat

1890 1609 2186 1668 internosci
2227 1613 2387 1669 facile
2421 1630 2526 1668 non
2571 1624 2751 1684 potest
2778 1618 3055 1672 sensibilis
3082 1619 3472 1688 pulchritudo?

1891 1701 2158 1757 Nimirum
2204 1704 2548 1773 pulchritudo
2578 1722 2674 1775 per
2715 1716 2957 1761 mutuam
3007 1713 3300 1776 quamdam
3341 1727 3467 1778 paro

188 1767 328 1823 tium
357 1773 791 1830 convenientiam
834 1776 975 1833 bono
1007 1782 1179 1836 cotori
1211 1784 1468 1841 emicanti
1507 1788 1852 1859 conjunctam
1923 1794 2088 1850 illicio
2154 1797 2389 1866 quodam
2468 1798 2720 1853 ultroneo
2750 1808 2806 1854 et
2859 1801 3091 1855 naturali
3153 1804 3341 1858 obvios
3366 1806 3470 1860 sibi

186 1860 485 1925 conciliat,
515 1872 572 1918 et
611 1867 733 1921 vice
777 1883 936 1923 versa
979 1870 1296 1932 deformitas
1339 1890 1531 1948 suapte
1576 1893 1771 1937 natura
1809 1900 1940 1941 suos
1976 1902 2006 1940 a
2043 1902 2102 1942 se
2129 1899 2468 1956 spectatores
2497 1891 2696 1944 avertit

264 1952 395 2007 174.
441 1955 580 2008 Ἀλλ’
610 1956 786 2014 ἔοικεν
818 1962 881 2014 ού
907 1963 1035 2034 περὶ
1068 1964 1178 2020 τῶν
1204 1968 1346 2023 κατά
1393 1971 1491 2043 τὴν
1531 1974 1791 2061 αἴσθησιν
1816 1995 1858 2049 Β

1964 1981 2088 2035 174.
2135 1983 2200 2035 Ει
2235 1983 2453 2051 quidem
2487 1998 2591 2036 non
2621 1984 2837 2037 videtur
2858 1999 2980 2039 esse
3008 2001 3189 2041 sermo
3220 1988 3285 2043 de
3310 1990 3470 2046 rebus

187 2044 491 2117 γνωρίμων
522 2050 552 2102 ό
580 2049 737 2118 λόγος
768 2048 929 2119 εἶναι,
961 2054 1077 2108 ἀλλ’
1117 2058 1278 2132 είπερ
1317 2062 1380 2117 Ἡ
1406 2064 1626 2136 ἐντολὴ
1662 2044 1781 2123 Κυ-

176 2136 325 2228 ρίου
340 2139 684 2208 τηλαυγὴς,
693 2144 1031 2211 φωτίζουσα
1058 2150 1426 2222 ὀφθαλμοὺς,
1444 2157 1537 2210 καὶ
1550 2158 1783 2228 λύχνος

191 2227 323 2295 τοῖς
340 2231 491 2284 ποσὶ
520 2231 618 2285 τοῦ
640 2234 852 2289 δικαίου
881 2239 910 2290 ὁ
949 2239 1107 2309 λόγος
1141 2244 1260 2297 ἐστὶ
1288 2246 1382 2300 τοῦ
1410 2246 1548 2303 Θεοῦ
1579 2250 1712 2323 (56),
1753 2254 1782 2305 ὁ

292 2320 436 2374 κατά
454 2322 657 2413 ἀρξτὴν
686 2324 817 2392 ζῶν,
839 2329 975 2385 ἀλλά
1001 2336 1115 2398 τοῖς
1140 2334 1346 2402 ὑλικοίς
1364 2319 1596 2395 πόιθεσιν⁷
1618 2319 1783 2413 ἐγκυ-

183 2410 459 2507 λιόμενος,
494 2411 650 2479 οὗτος
681 2417 749 2472 ἂν
780 2421 867 2493 εἴη
908 2424 937 2475 6
963 2423 1055 2479 τὸν
1077 2426 1137 2479 ὲν
1174 2428 1344 2500 κακίᾳ
1371 2418 1491 2501 ’βίον
1517 2410 1705 2507 ὥσπερ
1729 2455 1781 2491 τι

185 2502 880 2598 ιρῶςύπερασπαζόμενος,
913 2516 1005 2570 τὸν
1032 2517 1089 2570 δὲ
1122 2520 1263 2574 κατά
1290 2521 1388 2593 τὴν
1424 2524 1646 2598 ἐντολὴν
1674 2502 1778 2582 ντοῢ

184 2595 398 2663 Κυρίου
439 2593 553 2652 οἷόν
592 2618 648 2654 τι
706 2603 901 2668 σκότος
947 2607 1444 2682 ἀποστρεφόμενος.
1492 2593 1613 2670 Καὶ.
1650 2620 1679 2672 ό
1711 2619 1781 2673 τά

182 2686 394 2756 γλυκέα
419 2690 498 2762 τῷ
519 2692 755 2765 λάρυγγι
785 2697 881 2751 τοῦ
896 2699 1126 2762 ,δικαίου
1161 2703 1321 2773 λόγια
1349 2706 1463 2778 (57)
1493 2708 1587 2764 τοῦ
1619 2710 1778 2779 Θεοῦ,

184 2780 332 2853 ὑπὲρ
365 2783 491 2857 μέλι
527 2785 658 2840 ὄντα
685 2790 751 2859 τῇ
797 2794 961 2864 νοητῇ
997 2794 1166 2847 αὐτοῦ
1201 2797 1414 2865 γεύσει,
1456 2800 1551 2855 διά
1572 2803 1634 2856 τὸ
1661 2805 1782 2857 ἐπί-

182 2891 352 2931 πονον
381 2879 494 2934 τῶν
526 2884 969 2955 προσταγμάτων
1012 2889 1513 2964 ἀποστρεφόμενος,
1576 2912 1780 2965 συγκα-

179 2968 541 3041 τατιθέμενος
576 2973 634 3028 δὲ
672 2974 753 3046 τῷ
781 2975 911 3048 λείῳ
954 2979 1055 3049 τῆς
1112 2981 1325 3053 ἡδονῆς,
1359 2978 1515 3048 οὗτος
1534 2984 1601 3040 ἂν
1631 2985 1779 3056 λέγοι

178 3063 245 3117 τὸ
283 3064 484 3132 πικρὸν
511 3063 623 3134 (58)
677 3065 850 3134 γλυκὺ
872 3108 889 3134 ,
948 3069 1126 3123 καὶτὸ
1146 3070 1319 3139 γλυκὺ
1367 3077 1585 3147 πικρόν.
1619 3079 1780 3132 Κατὰ

179 3153 363 3208 ταύτά
387 3155 453 3225 δὴ
485 3156 583 3209 καὶ
618 3158 865 3230 περὶτοῦ
901 3161 1068 3215 καλοῦ
1092 3161 1207 3216 ἐστι
1226 3163 1576 3233 διανοεῖσθαι,
1612 3170 1780 3225 ὅτιτὸ

176 3245 457 3316 ἀληθινῶς
490 3248 653 3302 καλὸν
690 3251 752 3304 τὸ
781 3253 839 3304 ἐν
864 3254 931 3324 τῇ
962 3253 1107 3325 ψυχῇ
1146 3255 1460 3330 σύμμετρόν
1510 3263 1628 3315 ἐστι
1654 3264 1778 3317 κατ’

1890 2088 2007 2141 qua:
2041 2088 2201 2128 sensu
2239 2075 2612 2144 percipiuntur
2645 2096 2657 2130 :
2705 2078 2800 2130 sed
2830 2092 2951 2130 cum
2993 2075 3324 2147 Praeceptum
3363 2082 3471 2136 Do-

1889 2164 2019 2218 mini
2067 2164 2303 2218 lucidum
2332 2167 2437 2229 sit,
2487 2165 2796 2219 illumittatts
2833 2166 3012 2222 oculos
3041 2169 3109 2235 ⁵⁸,
3154 2178 3210 2223 ει
3248 2167 3470 2222 lucerna

1888 2257 2104 2325 pedibus
2133 2257 2263 2326 justi
2300 2258 2526 2311 verbum
2566 2257 2659 2313 Dei
2704 2259 2775 2312 sit
2804 2258 2875 2323 ⁸³,
2908 2259 3156 2329 quisquis
3195 2275 3302 2315 non
3337 2261 3470 2315 vivit

1887 2363 1953 2401 ex
2004 2349 2221 2404 virtutis
2272 2350 2611 2418 praescripto,
2658 2353 2753 2406 sed
2811 2353 3044 2407 terrenis
3087 2361 3141 2406 et
3188 2353 3469 2421 corporeis

1886 2439 2168 2493 volutatur
2209 2440 2520 2508 affectibus,
2554 2444 2743 2513 utique
2790 2444 2881 2499 ille
2914 2446 3030 2514 ipse
3061 2446 3222 2501 fuerit
3252 2446 3346 2516 qui
3391 2448 3469 2501 vi-

1891 2538 2001 2583 tam
2049 2531 2370 2586 malitiosum
2401 2533 2564 2588 veluti
2610 2535 2782 2589 lucem
2820 2536 3057 2607 aliquam
3099 2538 3463 2607 amplectitur,

1888 2621 2055 2675 vitam
2113 2638 2244 2677 vero
2307 2626 2590 2696 praeceptis
2656 2627 2872 2683 Domini
2928 2641 3317 2699 congruentem
3388 2633 3467 2686 uti

1890 2716 2143 2770 tenebras
2171 2717 2435 2786 quasdam
2461 2732 2766 2776 aversatur.
2794 2722 2862 2775 Et
2880 2723 2969 2791 qui
2994 2725 3063 2777 ob
3086 2723 3465 2777 mandatorum

1888 2804 2230 2862 dillicultates
2282 2808 2497 2878 eloquia
2556 2811 2648 2866 Dei
2707 2814 2948 2879 fastidit,
3003 2814 3131 2868 licet
3179 2816 3290 2869 sint.
3329 2815 3467 2885 justi

1885 2896 2138 2956 faucibus
2179 2909 2234 2956 et
2270 2903 2537 2973 spirituali
2570 2905 2688 2973 ejus
2712 2908 2889 2977 gustui
2933 2908 3092 2963 melle
3125 2908 3370 2964 dulciora
3390 2910 3463 2976 εδ,

1885 2990 1931 3045 si
1962 2992 2298 3046 assentiatur
2343 2994 2635 3061 voluptatis
2672 2996 2926 3064 lenitati;
2969 2982 3060 3053 ille
3096 2999 3294 3053 dixerit
3318 3015 3468 3054 ama-

1886 3096 2005 3136 rum
2039 3084 2233 3150 dulce,
2278 3094 2334 3138 et
2367 3085 2521 3140 dulce
2567 3103 2833 3144 amarunt.
2882 3091 3027 3144 Sane
3062 3092 3253 3146 eodem
3297 3094 3465 3147 etiam

1886 3175 2048 3229 ntodo
2080 3175 2421 3230 sentiendum
2456 3187 2541 3231 est
2588 3179 2655 3232 de
2697 3178 2865 3242 bono,
2901 3195 3022 3233 cum
3060 3181 3115 3234 id
3162 3181 3307 3251 quod
3336 3196 3465 3237 vere

1885 3276 1967 3321 cst
1992 3269 2212 3333 bonum,
2242 3271 2312 3323 sit
2335 3271 2581 3338 quaedam
2608 3270 2659 3323 in
2684 3272 2863 3325 anima
2887 3287 3015 3341 erga
3044 3273 3298 3327 virtutem
3327 3274 3465 3329 bene

178 3338 385 3410 ἀρετὴν
410 3339 750 3416 διακειμένη.
779 3346 1031 3418 Μεσότης
1076 3348 1186 3421 γὰρ
1214 3353 1309 3404 καὶ
1335 3354 1648 3424 συμμετρία
1696 3374 1781 3419 τις
1807 3357 1850 3414 C
1885 3359 1952 3414 all

1895 3359 2078 3417 aﬂecta
2129 3363 2499 3417 mediocritas:
2532 3360 2717 3417 Virtus
2748 3364 2891 3417 enim
2931 3364 3186 3433 quiddam
3216 3373 3301 3419 est
3344 3380 3464 3420 me-

175 3433 211 3500 ή
242 3432 439 3502 ἀρετή·
473 3434 530 3486 αἱ
554 3434 614 3487 δὲ
655 3436 741 3505 ἐφ’
780 3438 1021 3510 ἑκάτερα
1047 3441 1146 3513 τὴν
1184 3443 1385 3513 ἀρετὴν
1420 3444 1771 3501 ὲκόαίνουσαι

178 3524 483 3595 ύπερὸολαὶ
552 3529 647 3581 καὶ
702 3529 988 3597 ἐλλείψεις,
1056 3535 1295 3606 ἀμετρία
1348 3537 1459 3609 (59)
1525 3541 1619 3593 καὶ
1677 3541 1768 3594 αϊ-

178 3632 332 3686 σχος.
390 3613 537 3684 Οἷον,
564 3623 598 3692 ἡ
647 3621 749 3693 μὲν
806 3625 1029 3698 ἀνδρεία
1074 3629 1329 3701 μεσότης,
1379 3631 1651 3704 ὑπερϐολὴ
1711 3632 1771 3687 δὲ

177 3710 316 3781 περ).
356 3712 563 3784 ταύτην
616 3714 916 3789 θρασύτης,
964 3720 1059 3773 καὶ
1118 3721 1293 3776 ἔνδεια
1336 3724 1542 3795 ταύτης
1580 3726 1773 3780 δειλία.

176 3803 390 3858 οὐκοῦν
409 3806 606 3872 κάλλος
635 3809 734 3878 μὲν
752 3809 951 3882 ψυχῆς,
977 3814 1040 3866 τὸ
1061 3815 1181 3867 κατ’
1204 3817 1406 3890 ἀρετὴν
1436 3817 1770 3890 σύμμετρον·

175 3890 371 3965 αἶσχος
399 3897 476 3962 δὲ,
501 3901 556 3952 αἱ
587 3901 697 3954 ἀπὸ
721 3903 923 3967 κακίας
952 3907 1301 3978 ὲγγινόμεναι
1333 3909 1615 3981 ἀμετρίαι.
1640 3911 1769 3966 Τού-

174 4003 307 4053 τους
326 3985 422 4044 οὖν
458 3991 736 4057 ταλανίζει
765 3998 794 4048 ὁ
824 3996 1001 4066 λόγος,
1026 4000 1156 4064 τοὺς
1197 4002 1301 4072 τὴν
1335 4003 1432 4073 μὲν
1469 4004 1670 4058 κακίαν
1699 4006 1777 4071 ὡς

171 4082 386 4149 ἀγαθὸν
427 4085 825 4155 αἱρουμένους,
872 4090 974 4158 τὴν
1023 4089 1081 4143 δὲ
1133 4093 1335 4164 ἀρετὴν
1386 4095 1463 4159 ὡς
1508 4098 1777 4169 πονηρίαν

170 4174 610 4244 ἀποφεύγοντας.
676 4179 1023 4246 Ἐξεταστέον
1061 4183 1119 4238 δὲ
1151 4187 1248 4240 καὶ
1279 4187 1379 4260 τὴν
1409 4189 1584 4241 αἰτίαν
1611 4189 1677 4244 δι’
1707 4192 1775 4261 ἦν

171 4269 270 4321 ἐπὶ
303 4269 405 4336 μὲν
428 4268 524 4322 τοῦ
546 4269 712 4324 καλοῦ
753 4272 834 4334 τὸ,
865 4273 1179 4345 Λέγοντες,
1214 4275 1450 4348 εἴρηται·
1479 4281 1573 4334 ἐπὶ
1596 4282 1654 4335 δὲ
1678 4282 1773 4337 τοῦ

173 4360 377 4429 φωτὸς,
412 4363 635 4416 καὶτοῦ
693 4365 924 4434 γλυκέος
982 4368 1205 4437 οὐκέτι,
1243 4372 1558 4444 Λέγοντες,
1613 4374 1772 4441 ἀλλὰ,

179 4449 470 4518 Τιθέντες.
506 4454 653 4510 Οὐαὶ
685 4455 798 4527 γὰρ
860 4461 915 4512 οὶ
954 4460 1242 4530 λέγοντες
1273 4464 1338 4516 τὸ
1374 4465 1568 4519 καλὸν
1594 4482 1781 4535 πονη-

162 4543 302 4611 ρόν·
337 4544 458 4609 καὶ,
493 4545 641 4600 Οὐαί
688 4549 743 4602 οι
794 4548 1058 4617 τιθέντες
1107 4551 1173 4606 τὸ
1208 4555 1436 4622 σκότος
1489 4555 1611 4626 φῶς
1644 4556 1776 4629 (40)⁶

1883 3454 2029 3507 dium
2057 3469 2120 3509 ac
2154 3455 2448 3510 medici-re.
2471 3456 2604 3511 Cum
2636 3464 2817 3508 autem
2860 3472 2925 3510 ex
2954 3456 3214 3511 alterutra
3247 3468 3400 3525 parte
3430 3473 3463 3513 a

1880 3546 2091 3601 virtute
2118 3546 2442 3613 deﬂectitur,
2473 3548 2587 3602 sive
2615 3548 2948 3612 excedendo,
2981 3547 3096 3601 sive
3134 3547 3458 3614 deiicienda,

1879 3641 2056 3694 oritur
2082 3640 2474 3695 iuconcinnitas
2504 3640 2949 3709 deformitasque.
2982 3639 3222 3709 Exempli
3268 3653 3459 3703 causa,

1880 3731 2143 3787 fortitudo
2177 3732 2526 3788 mediocritas
2559 3734 2804 3801 quatdam
2841 3741 2925 3786 est
2957 3747 2971 3785 :
3012 3732 3153 3801 quod
3186 3742 3366 3785 autem
3405 3733 3458 3787 itt

1884 3840 1941 3881 :a
1972 3825 2270 3892 redundat,
2308 3823 2570 3890 audacia;
2606 3824 2750 3893 quod
2781 3833 2962 3877 autent
2988 3822 3152 3888 deﬁt,
3200 3823 3460 3877 timiditas

1877 3928 2123 3972 vocatur.
2186 3915 2373 3986 Itaque
2435 3917 2632 3971 animae
2702 3917 3051 3985 pulchritudo
3105 3914 3455 3970 mediocritas

1881 4007 2123 4077 quaedam
2151 4016 2237 4062 est
2266 4007 2321 4062 in
2348 4006 2552 4062 virtute
2579 4007 2683 4063 sita
2712 4024 2727 4062 :
2765 4006 2984 4062 ftnditus
3020 4022 3168 4074 vero,
3200 4021 3458 4061 excessus

1883 4113 2011 4158 sunt
2035 4101 2119 4157 vel
2142 4102 2385 4158 defectus
2408 4119 2438 4157 a
2467 4102 2675 4157 malitia
2697 4113 3060 4171 emergentes.
3094 4102 3457 4168 Quamobrem

1879 4195 2161 4266 Scriptura
2200 4210 2294 4252 eos
2324 4197 2554 4252 miseros
2585 4198 2863 4267 praedicat,
2919 4197 3010 4264 qui
3057 4196 3317 4249 malitiam
3348 4195 3462 4249 vel-

1880 4289 1956 4341 ttti
1990 4289 2191 4343 bonum
2240 4288 2473 4358 probant
2504 4303 2569 4343 ac
2603 4299 3005 4349 consectantur,
3041 4288 3295 4341 virtutem
3330 4302 3461 4341 vero

1882 4388 2137 4448 tanquam
2188 4378 2591 4448 improbitatem
2642 4379 2938 4434 declinant.
2972 4380 3239 4433 Caeterum
3283 4377 3462 4444 inqui-

1881 4472 2108 4524 rendum
2144 4471 2307 4524 etiam
2335 4479 2603 4539 estquam
2627 4473 2696 4524 ob
2726 4487 2947 4526 causam
2976 4472 3042 4527 de
3076 4472 3217 4527 bono
3254 4471 3459 4527 dictum

1883 4560 1956 4615 sit
1985 4577 2000 4615 :
2038 4559 2143 4626 Qui
2173 4560 2386 4626 dicitis;
2414 4561 2482 4616 de
2526 4560 2647 4617 luce
2680 4576 2811 4617 vero
2844 4569 2898 4617 et
2930 4562 2998 4618 de
3029 4563 3174 4618 dulci
3205 4576 3313 4618 non
3343 4578 3462 4616 am-

245 4675 293 4707 ”
336 4674 485 4734 Psal.
535 4695 701 4749 xvttt,
748 4681 803 4738 9.
879 4682 926 4715 ⁸³
972 4683 1116 4740 Psal.
1147 4688 1489 4755 cxv1tt,105.
1563 4691 1765 4749 “ibid.
1792 4693 1898 4751 105

168 4829 451 4928 P'rolrotlii,
488 4835 749 4928 qumLhoc
776 4839 942 4928 [mode
979 4838 1228 4928 leguntur
1263 4857 1385 4911 pag.
1414 4843 1486 4899 85
1523 4863 1536 4899 :
1563 4845 1680 4928 φῶς
1708 4846 1767 4901 δὲ
1802 4829 1844 4848 ν
1876 4867 1952 4906 ms

1895 4853 2163 4928 ηεξ-,τῶν
2195 4856 2396 4928 μερῶν.

170 4903 331 4986 ρύσία
363 4903 652 4986 διαχυτιτιῂ
698 4909 944 4986 σκότους.
1002 4903 1203 4986 γ’ἱιίιιιιι
1250 4903 1371 4967 ἑυιῆ
1413 4903 1767 4986 perspiceret

175 4973 341 5051 homo
384 4973 781 5051 sagacissimus
812 4979 1118 5046 Curterius,
1156 4994 1287 5051 apte
1335 4973 1767 5051 qttit'lem'emen-

172 5044 346 5107 davit,
378 5060 502 5098 cum
531 5048 583 5100 in
614 5049 857 5126 margine
886 5044 1125 5126 scripsit,
1147 5044 1477 5126 διασχιιὴκή,
1500 5059 1616 5121 sed,
1648 5059 1765 5126 Opi-

173 5128 295 5195 nor,
330 5130 441 5169 non
478 5131 624 5170 vere.
656 5120 886 5195 Dubium
924 5121 1069 5195 enim
1104 5138 1208 5195 non
1254 5120 1599 5195 habeo'quin
1624 5120 1762 5182 Pro-

172 5185 367 5252 cupius
388 5196 449 5239 ut
474 5197 694 5264 caetera,
730 5190 804 5241 ita
836 5205 1020 5264 vocem
1045 5189 1331 5264 διαλυτική
1373 5196 1442 5250 ab
1471 5185 1766 5258 interprete

173 5264 367 5335 nostr?
401 5261 717 5335 sumpserit,
747 5260 1061 5335 pariterque
1084 5260 1366 5331 scripserit
1403 5283 1415 5317 :
1447 5265 1563 5335 φῶς
1586 5268 1644 5321 δὲ
1676 5269 1765 5321 οὺς

173 5320 269 5376 σία
316 5320 911 5404 διαλυτικὴ-σκότους,
962 5320 1057 5385 tua:
1090 5320 1269 5387 autem
1323 5320 1635 5390 substantia,
1665 5320 1762 5404 est,

170 5407 295 5463 quia
333 5395 574 5451 tenebras
592 5395 864 5455 dissolvit.
896 5395 901 5396 ί
1685 5414 1688 5417 λ

248 5463 366 5536 (55)
404 5464 584 5539 Nostri
620 5485 716 5524 sex
749 5484 908 5535 tnss.,
936 5470 1013 5535 ὡς
1042 5470 1154 5525 ὲπί.
1194 5471 1361 5535 Editi,
1387 5473 1464 5539 ὡς
1488 5475 1612 5531 ὑπό.
1638 5476 1762 5533 Mox

173 5531 355 5677 galea
398 5536 614 5594 codices
655 5550 710 5595 et
771 5531 1017 5608 tandem;
1069 5542 1152 5596 ὅτι
1190 5544 1250 5596 ἐν
1294 5531 1385 5615 τῇ.
1435 5531 1598 5613 Editi,
1641 5547 1671 5602 δ
1706 5531 1762 5605 εὖ

248 5642 366 5749 ἔτι)
392 5676 532 5735 εαξη
557 5688 611 5737 ει
649 5678 783 5752 Reg.
815 5682 1027 5754 tertius,
1063 5681 1173 5740 τῶν
1201 5685 1398 5753 μελῶν.
1425 5687 1494 5743 At
1526 5688 1765 5754 quinque

2086 4924 2306 5007 Y‘etet'es
2337 4927 2605 5007 sett_libri,
2635 4929 2800 5007 ποιεῖ.
2828 4924 2993 4989 Editi,
3025 4925 3269 5005 ἐμποιεῖζ
3298 4993 3334 5007 Α
3399 4993 3429 5007 _

2092 4995 2255 5068 liditi,
2285 4996 2380 5050 τοῦ
2408 4998 2639 5068 Κυρίου.
2668 4999 2740 5052 Αι
2779 5012 2910 5052 tnss.
2940 4993 3151 5068 οιηιιίἶς,
3178 4993 3452 5068 10119305-

1946 5063 2061 5135 (57)
2093 5063 2170 5118 lta
2198 5082 2331 5121 mss.
2366 5063 2556 5122 nostri.
2593 5069 2662 5122 At
2696 5068 2825 5121 editi
2866 5066 3025 5135 paulo
3055 5066 3233 5131 aliter,
3262 5066 3372 5119 Καὶ
3403 5068 3453 5122 ei

1906 5133 2077 5207 λυκέα
2201 5135 2272 5190 τά
2300 5137 2477 5206 λόγια.
2528 5137 2679 5193 Haud
2713 5133 2879 5207 longe
2899 5137 3048 5197 editi,
3073 5137 3101 5188 ό
3127 5153 3455 5204 συγκατατι-

1908 5204 2120 5275 ἐμενος.
2146 5205 2252 5262 Sed
2277 5204 2545 5263 articulus
2570 5210 2620 5261 itt
2649 5209 2793 5262 nullo
2808 5204 3004 5262 codice
3026 5209 3237 5275 legitur.

1943 5275 2058 5349 (58)
2088 5276 2202 5349 Illa,
2222 5277 2293 5349 τὸ
2322 5278 2542 5349 πικρόν,
2569 5291 2697 5343 ειε.,
2727 5279 2995 5333 edidimus
3036 5278 3141 5349 ita,
3165 5279 3238 5349 uti
3270 5277 3321 5330 in
3357 5292 3451 5332 ve—

1872 5346 2264 5402 teribus'libris
2304 5346 2511 5416 scripta
2543 5351 2864 5404 invenimus.
2898 5352 2968 5403 At
2995 5350 3047 5403 in
3081 5347 3239 5402 editis
3270 5348 3454 5403 iuver-

1871 5430 1932 5470 so
1953 5417 2157 5489 ordine
2194 5416 2464 5489 leguntur.

1943 5484 2465 5560 (59)}ibrihliquot
2490 5497 2720 5551 veteres,
2750 5487 3028 5560 ἀμετρίαι.

1942 5554 2055 5627 (40)
2070 5556 2264 5613 Totum
2293 5554 2446 5623 illud,
2468 5559 2583 5622 καὶ,
2612 5560 2756 5613 Οὐαὶ
2769 5554 2823 5613 οι
2857 5554 3105 5626 τιθέντες
3134 5557 3202 5612 τὸ
3230 5557 3455 5627 σκότος

1871 5624 2121 5697 eam:
2161 5629 2436 5688 veteribus
2468 5631 2708 5701 quinque
2740 5630 2894 5688 libris
2922 5624 3164 5686 additum
3194 5638 3293 5686 est.
