3808 6212
359 201 458 256 411

1317 156 1664 253 ΑΡΡΕΝοιιι
1701 199 1990 258 omum
2032 200 2092 256 s.
2133 192 2382 252 BASILII
2421 188 2656 247 MAGNI.

3537 188 3642 244 ΠΩ

361 320 508 388 υΙίιιε
542 329 654 369 nmc
689 315 846 368 verba
873 354 887 377 ,
928 311 1032 378 Qui
1077 313 1290 378 dicitis,
1344 325 1603 382 usurpata
1655 317 1764 369 sint
1790 355 1806 381 ,
1847 317 1942 370 sed

2124 313 2164 378 't,
2189 312 2335 366 Οὐαὶ
2365 315 2418 364 οἱ
2469 308 2733 373 τιθέντες
2781 305 2850 360 τὸ
2903 305 3098 376 γλυκὺ
3132 306 3372 373 πικρόν.
3407 303 3642 376 Μήποτε

365 408 590 468 isthmc,
629 403 732 469 Qui
798 405 1010 471 ponitis.
1060 400 1150 455 Vw
1197 404 1338 455 enim
1383 404 1473 472 qui
1523 405 1701 458 dicitis
1747 406 1938 458 bonum

366 497 598 559 malum;
636 505 710 558 et,
749 492 837 547 Va:
861 495 949 562 qui
979 495 1173 562 ponitis
1205 495 1440 547 tenebras
1487 495 1692 557 lucem;
1720 503 1812 561 et,
1848 495 1941 550 Va:

365 589 454 657 qui
487 587 686 654 ponitis
722 585 875 638 dulce
911 601 1174 639 amarum.
1216 584 1353 638 Num
1405 585 1568 654 igitur
1597 585 1760 657 506
1782 589 1940 641 docet

367 678 647 744 Scriptura
701 691 798 730 nos
851 677 904 729 in
947 677 1139 744 primis
1187 677 1312 731 vitae
1363 677 1626 732 institutis
1684 679 1945 747 eligendis

365 786 461 840 per
501 769 668 824 solam
709 769 975 822 rationem
1015 767 1066 820 in
1115 782 1359 822 errorem
1415 767 1637 822 delabi:
1677 768 1772 822 sed
1820 784 1942 822 cum

367 860 742 914 devenerinms
786 859 854 912 ad
899 859 1010 927 ipsa
1045 871 1208 925 opera
1234 896 1250 923 ,
1285 853 1384 912 nec
1414 867 1595 912 tamen
1637 867 1759 928 post
1783 873 1947 927 expe-

366 953 618 1007 rientiam
656 967 684 1004 a
717 949 856 1013 malo
890 950 1301 1012 recesserimus,
1337 958 1449 1002 tum
1485 964 1584 1003 nos
1621 949 1777 1003 nobis
1815 951 1946 1019 ipsis

367 1045 520 1113 quasi
560 1043 818 1112 quasdam
859 1056 1084 1109 operum
1121 1051 1292 1095 metas
1326 1041 1692 1108 priestituere,
1730 1055 1795 1093 ac
1848 1041 1948 1093 im-

368 1147 514 1191 mota
566 1134 784 1189 malitize
841 1148 1008 1198 opera
1063 1132 1325 1187 reddere?
1377 1132 1636 1201 Quisquis
1687 1133 1828 1185 enim
1880 1129 1948 1184 ab

368 1228 784 1298 intemperantia
827 1227 1218 1295 voluptateque
1246 1227 1312 1280 ad
1367 1226 1780 1294 temperantiam
1826 1238 1948 1278 sese

369 1337 476 1376 non
522 1320 826 1385 convertit,
875 1334 1119 1372 amarum
1167 1318 1268 1372 sibi
1318 1317 1475 1373 dulce
1526 1317 1697 1386 ponit.
1742 1317 1806 1370 Et
1853 1315 1948 1384 qui

371 1413 540 1466 vitam
570 1428 688 1481 qua:
721 1427 787 1465 ex
815 1406 1108 1480 Evangelio
1137 1411 1469 1464 instituenda
1501 1418 1615 1474 est,
1646 1407 1802 1476 fugit,
1839 1407 1948 1460 imo

367 1505 460 1574 qui
500 1504 790 1558 helluinam
821 1513 876 1557 et
907 1503 1132 1556 rationis
1158 1515 1436 1571 expertem
1469 1502 1633 1555 vitam
1667 1500 1950 1570 amplecti-

375 1609 486 1661 tur,
518 1597 621 1651 sibi
657 1595 809 1665 ponit
847 1595 1021 1649 lucem
1059 1596 1333 1649 teuebras.
1370 1593 1472 1659 Qui
1513 1602 1691 1646 autem
1726 1593 1808 1646 his
1837 1606 1935 1660 pa-

2045 401 2141 460 οὗν
2169 408 2196 458 6
2231 405 2387 472 λόγος
2415 401 2771 464 ἐνδείκνυται,
2812 400 2894 452 ὅτι
2932 397 3086 469 παρά
3129 396 3230 460 τὰς
3270 395 3499 468 πρώτας
3546 395 3642 450 τοῦ

2049 497 2164 568 βίου
2193 496 2453 568 αἱρέσεις,
2481 492 2568 545 διὰ
2597 490 2692 545 τοῦ
2744 491 2905 559 λόγου
2935 489 3096 560 μόνου
3132 486 3509 558 σφαλλόμεθα,
3546 503 3643 554 γε-

2047 589 2260 658 νόμενοι
2304 587 2361 640 δὲ
2388 589 2444 638 ὲν
2475 587 2596 648 ταῖς
2641 583 2896 654 πράξεσι,
2926 583 3020 634 καὶ
3054 581 3189 652 μηδὲ
3223 580 3361 650 μετὰ
3397 579 3509 649 (41)
3544 577 3644 649 τὴν

2048 683 2246 751 πεῖραν
2281 679 2642 748 ἀφιστάμενοι
2667 674 2761 728 τοῦ
2817 673 3012 736 κακοῦ,
3071 667 3182 725 οἷον
3213 673 3376 742 ὄρους
3427 671 3644 731 ἑαυτοῖς

2047 773 2155 825 τῶν
2189 771 2366 843 ἔργων
2409 768 2692 839 τιθέμεθα,
2753 767 2989 836 ἀκίνητα
3039 765 3277 829 τιθέντες
3303 764 3406 833 τῆς
3443 762 3644 824 κακίας

2047 864 2116 916 τὰ
2137 863 2308 935 ἕργας
2351 863 2408 914 Ὀ
2438 860 2547 930 γὰρ
2579 860 2685 913 ἀπὸ
2733 858 3029 921 ἀκολασίας
3080 856 3176 910 καὶ
3211 855 3527 927 φιληδονίας
3569 852 3646 926 μὴ

2052 955 2476 1027 μετατιθέμενος
2497 955 2577 1015 εἰς
2607 949 2985 1021 σωφροσύνην,
3019 948 3234 1018 τίθησιν
3255 948 3433 1016 ἑαυτῷ
3457 947 3518 999 τὸ
3554 962 3648 1000 πι-

2049 1047 2181 1117 κρὸν
2213 1044 2406 1113 γλυκύ.
2445 1044 2552 1096 Καὶ
2579 1045 2607 1096 6
2636 1041 2856 1111 φεύγων
2886 1041 2983 1113 μὲν
3011 1040 3108 1112 τὴν
3151 1039 3291 1093 κατά
3312 1039 3373 1092 1:6
3395 1039 3651 1107 Εὐαγγέ-

2049 1136 2162 1190 λιον
2195 1136 2360 1204 ζωὴν,
2403 1133 2495 1186 τὸν
2527 1133 2585 1186 δὲ
2636 1131 2886 1203 κτηνώδη
2949 1132 3046 1184 καὶ
3079 1130 3274 1197 ἄλογον
3307 1129 3420 1200 βίον
3452 1127 3648 1200 αἱρού-

2052 1245 2231 1298 μενος,
2273 1227 2488 1298 τίθησιν
2544 1223 2724 1295 ὲαυτῷ
2777 1224 2841 1277 1:6
2889 1222 3007 1293 φῶς
3069 1221 3279 1285 σκότος.
3340 1222 3398 1274 Ὁ
3458 1221 3649 1292 μέντοι

2052 1319 2368 1391 συνηγορῶν
2417 1317 2664 1379 τούτοις,
2723 1315 2820 1368 καὶ
2863 1313 3458 1386 ἐμπαῤῥησιαζόμενος
3521 1315 3650 1376 ταῖς

2050 1411 2278 1473 ἀτόποις
2323 1409 2611 1480 πράξεσιν,
2664 1400 2821 1470 οῦτός
2868 1408 3017 1458 ἐστιν
3083 1405 3113 1456 6
3156 1404 3330 1472 λέγων
3370 1403 3432 1456 1:6
3480 1401 3651 1456 καλὸν

2051 1503 2310 1575 πονηρὸν,
2345 1501 2488 1554 κατά
2518 1501 2609 1554 τὸν
2643 1499 2989 1563 Ἀπόστολον,
3025 1497 3375 1569 μεμφόμενον
3419 1495 3537 1556 τοῖς
3587 1493 3649 1545 ού

2054 1596 2215 1666 μόνον
2272 1594 2522 1648 ποιοῦσιν
2559 1590 2716 1655 αὐτὰ,
2778 1589 2914 1644 ἀλλά
2945 1590 3039 1642 καὶ
3097 1587 3480 1642 συνευδοκοῦσι
3534 1588 3652 1650 τοῖς

372 1689 702 1750 trocinatur,
735 1702 797 1740 ac
830 1687 1088 1740 audacter
1119 1687 1572 1755 impudenterque
1607 1685 1848 1754 loquitur
1880 1683 1947 1737 de

2124 1687 2377 1740 ›άττουσι.
2417 1685 2610 1754 Τίθησι
2657 1683 2715 1735 δὲ
2771 1682 2832 1735 τὸ
2868 1681 2982 1750 φῶς
3019 1681 3210 1744 σκότος
3247 1681 3277 1732 6
3317 1679 3410 1732 τὸν
3453 1677 3656 1748 λύχνον

371 1779 569 1848 ineptis
599 1788 654 1833 et
688 1778 939 1838 absurdis
974 1777 1300 1840 actionibus,
1335 1776 1423 1830 ille
1450 1786 1534 1831 est
1560 1777 1652 1846 qui
1680 1777 1814 1830 dicit
1846 1777 1948 1830 bo-

372 1888 501 1925 num
532 1871 756 1936 malum,
795 1869 949 1941 juxta
980 1871 1319 1941 Apostolum,
1348 1871 1438 1939 qui
1475 1885 1580 1924 non
1619 1870 1740 1924 illos
1768 1869 1944 1923 solum

372 1962 754 2031 reprehendit,
785 1960 877 2032 qui
925 1962 1042 2016 haec
1087 1960 1333 2025 faciunt,
1375 1964 1470 2016 sed
1517 1975 1612 2016 eos
1646 1960 1812 2015 etiam
1854 1960 1947 2028 qui

373 2052 675 2106 assentiuut
724 2052 1053 2107 facientibus
1096 2053 1166 2104 ⁵⁵.
1223 2051 1430 2107 Rursus
1485 2053 1530 2107 is
1572 2054 1724 2121 ponit
1771 2051 1950 2106 lucem

372 2144 653 2210 tenebras,
690 2145 780 2213 qui
827 2145 1107 2199 lucernam
1150 2145 1304 2213 ponit
1329 2147 1519 2200 subter
1552 2145 1823 2208 modium,
1859 2153 1952 2196 aut

2051 1777 2223 1842 τιθεὶς
2257 1779 2362 1831 ὑπὸ
2395 1779 2491 1831 τὸν
2541 1776 2745 1847 μόδιον,
2805 1774 2838 1845 ἢ
2871 1775 3162 1828 καλύπτων
3190 1772 3269 1844 τῷ
3311 1771 3520 1834 σκεύει,
3556 1769 3656 1824 καὶ

2055 1870 2129 1941 μὴ
2159 1870 2327 1932 τιθεὶς
2357 1869 2521 1922 αὐτὸν
2556 1869 2648 1921 ἐπὶ
2665 1867 2764 1939 τὴν
2796 1867 3041 1936 λυχνίαν.
3072 1865 3146 1918 Τὸ
3173 1865 3272 1936 μὲν
3291 1859 3406 1930 οῦν,
3440 1861 3656 1931 λέγειν

2052 1966 2119 2013 τὸ
2139 1961 2331 2013 καλὸν
2357 1960 2644 2028 πονηρὸν,
2666 1959 2760 2013 ἐπὶ
2772 1957 2864 2010 τοῦ
2891 1956 3240 2026 δογματίζειν
3255 1953 3650 2026 παρείληπται·

2051 2051 2114 2104 τὸ
2144 2052 2220 2116 δὲ,
2251 2053 2472 2105 τιθέναι
2511 2051 2638 2120 φῶς
2671 2052 2894 2116 σκότος
2924 2050 3064 2121 (42).
3110 2049 3205 2102 ἐπὶ
3260 2047 3356 2102 τοῦ
3405 2046 3498 2101 διὰ
3543 2047 3656 2102 τῶν

2055 2144 2308 2216 πράξεων
2342 2144 2590 2214 ἐθισμοῦ.

370 2237 608 2290 occultat
641 2251 762 2290 vase
791 2238 1022 2306 quodam
1044 2275 1060 2300 ,
1091 2251 1191 2290 nec
1218 2253 1337 2290 eam
1375 2237 1524 2305 ponit
1555 2251 1718 2306 super
1746 2234 2127 2289 candelabrum
2157 2237 2224 2286 ⁸⁸.
2253 2235 2617 2301 Quamobrem
2673 2235 2836 2290 verba
2898 2233 2986 2287 illa
3046 2233 3223 2286 dicere
3275 2231 3470 2288 bonum
3538 2250 3656 2286 ma-

371 2328 502 2395 lum,
532 2341 788 2398 usurpata
823 2339 950 2384 sunt
1031 2332 1098 2383 ad
1169 2333 1496 2400 designanda
1548 2333 1797 2403 dogmata
1839 2351 1853 2386 :

372 2436 531 2482 actus
559 2427 881 2494 acquisitam
917 2427 1247 2494 signiﬁcant.

450 2518 741 2575 l75.Vsns.
757 2519 848 2572 21.
873 2519 965 2574 Va:
983 2522 1073 2591 qui
1090 2522 1432 2588 intelligentes
1448 2522 1570 2575 estis
1583 2525 1634 2575 in
1653 2525 1951 2579 vobismeti-

371 2612 498 2681 psis,
523 2620 571 2665 et
591 2629 768 2666 eorum
795 2614 935 2667 uobis
975 2615 1104 2684 ipsis
1125 2616 1364 2669 scientes.
1396 2613 1541 2670 Sane
1554 2633 1657 2670 non
1684 2618 1757 2671 illi
1778 2619 1952 2672 solum

375 2704 461 2758 his
487 2705 668 2760 verbis
705 2717 1076 2775 coarguuntur
1104 2705 1196 2774 qui
1227 2706 1509 2762 oﬂ‘enduut
1533 2711 1584 2762 in
1617 2712 1949 2774 actionibus,

373 2797 468 2851 sed
511 2797 674 2850 etiam
725 2796 799 2862 ii,
842 2797 934 2865 qui
972 2797 1024 2850 in
1088 2797 1469 2854 incredulitate
1513 2808 1567 2853 et
1611 2801 1952 2869 ignoratione

375 2890 593 2946 Domini
630 2890 802 2944 nostri
849 2889 975 2944 Jesu
1020 2890 1224 2945 Christi
1271 2891 1603 2946 detinentur.
1655 2892 1758 2958 Qui
1806 2895 1950 2948 enim

373 2997 484 3036 non
538 2981 710 3036 credit
761 2996 906 3035 verae
933 2981 1072 3046 luci,
1106 2981 1159 3032 ,⁵⁷
1190 2982 1285 3037 sed
1309 2997 1367 3037 se
1398 2983 1512 3052 ipse
1561 2981 1691 3038 facit
1753 2985 1952 3039 diaboli

1908 2333 2024 2389 haec
2063 2351 2233 2401 vero,
2266 2350 2456 2402 ponere
2501 2333 2667 2386 lucem
2717 2333 2998 2396 tenebras,
3044 2330 3496 2385 consuetudinem
3543 2344 3644 2400 per

2130 2522 2254 2576 175.
2291 2521 2435 2575 Οὐαὶ
2468 2524 2522 2574 οἱ
2554 2519 2800 2576 συνετοὶ
2831 2519 2900 2572 ἐν
2952 2518 3211 2585 ἑαυτοῖς,
3259 2517 3359 2572 καὶ
3394 2515 3658 2571 ἐνώπιον

2057 2611 2289 2666 ἑαυτῶν
2318 2611 2428 2682 (45)
2458 2610 2882 2680 ἐπιστήμονες.
2943 2611 3212 2663 Ἀπτεται
3257 2608 3315 2662 δὲ
3369 2607 3548 2662 ταῦτα
3592 2609 3657 2663 ού

2063 2704 2223 2776 μόνον
2253 2702 2361 2756 τῶν
2393 2703 2533 2757 κατά
2557 2703 2788 2774 πράξεις
2826 2702 3236 2773 σφαλλομένων,
3267 2701 3403 2755 ἀλλὰ
3425 2703 3524 2754 καὶ
3548 2701 3656 2756 τῶν

2061 2800 2118 2850 ἐν
2151 2797 2404 2865 ἀπιστίᾳ,
2439 2796 2533 2849 καὶ
2561 2800 2627 2868 τῇ
2659 2796 2905 2866 ἀγνωσία
2934 2798 3000 2866 τῇ
3033 2797 3116 2857 είς
3144 2795 3235 2848 τὸν
3266 2793 3473 2865 Κύριον
3496 2794 3656 2866 ἡμῶν

2069 2887 2278 2960 Ἰησοῦν
2317 2887 2552 2959 Χριστὸν
2584 2886 2990 2957 κατεχομένων.
3045 2886 3103 2937 Ὁ
3130 2885 3237 2956 γὰρ
3271 2884 3347 2956 μὴ
3377 2884 3658 2939 πιστεύων

2067 2983 2148 3044 εἰς
2180 2980 2240 3033 τὸ
2263 2981 2377 3048 φῶς
2406 2980 2466 3032 τὸ
2498 2979 2773 3050 ἀληθινὸν,
2811 2979 2946 3032 ἀλλά
2971 2977 3143 3032 ποιῶν
3176 2979 3368 3032 ἑαυτὸν
3415 2980 3534 3033 υἱὸν
3562 2978 3657 3032 τοῦ

376 3069 548 3124 lilium
593 3070 662 3134 ⁵⁸,
713 3070 759 3124 is
805 3081 963 3125 vocat
1015 3071 1189 3127 lucem
1259 3073 1546 3136 tenebras,
1599 3083 1655 3128 et
1707 3075 1947 3130 tenebras

2124 3070 2335 3134 ιιὸόλου,
2372 3064 2526 3134 οὗτος
2553 3069 2702 3138 λέγει
2733 3069 2794 3122 τὸ
2821 3070 2936 3139 φῶς
2980 3070 3193 3134 σκότος,
3239 3070 3422 3123 καὶτὸ
3463 3071 3661 3134 σκόττς

379 3161 580 3216 lucem.
623 3160 1086 3227 Quemadmodum
1132 3161 1296 3232 igitur
1345 3162 1434 3216 lux
1473 3163 1734 3220 Dominus
1764 3174 1847 3221 est
1882 3167 1950 3232 ⁵³,

375 3253 452 3307 ita
485 3263 539 3307 et
570 3253 798 3308 dulcedo
832 3260 915 3309 est
959 3253 1025 3308 iis
1071 3253 1164 3323 qui
1216 3254 1391 3323 ipsum
1436 3255 1672 3311 solerter
1716 3267 1773 3311 et
1818 3257 1958 3312 scite

377 3345 663 3414 degustant
713 3363 727 3398 :
785 3360 907 3398 cum
960 3345 1091 3415 ipsis
1157 3345 1384 3400 delicias
1435 3360 1630 3402 suaves
1694 3363 1760 3401 ac
1808 3351 1957 3402 omni

377 3437 545 3491 animi
583 3436 920 3504 iucunditate
963 3436 1196 3491 refertas
1247 3437 1507 3506 praebeat.
1540 3439 1720 3505 Quare
1747 3440 1839 3510 qui
1889 3456 1956 3495 eo

379 3529 702 3598 degustato,
731 3538 988 3597 expertus
1012 3530 1127 3598 jam
1176 3537 1262 3583 est
1302 3529 1675 3585 dulcissimam
1723 3532 1867 3586 hanc
1905 3542 1962 3587 et

380 3618 760 3672 suavissimam
787 3617 1227 3684 delectationem,
1257 3618 1388 3672 dicit
1424 3637 1437 3672 :
1464 3617 1682 3674 Gustate
1706 3629 1756 3676 et
1792 3623 1961 3678 uidete

378 3712 625 3781 quoniam
653 3712 828 3765 suavis
867 3719 945 3765 est
973 3711 1231 3769 Dominus
1269 3713 1336 3768 ‘°.
1365 3711 1555 3788 Itaque
1585 3715 1677 3784 qui
1707 3731 1811 3770 non
1839 3732 1963 3772 cre-

381 3803 462 3857 dit
495 3801 548 3856 in
581 3802 865 3857 Dominum
898 3803 1115 3870 Jesum,
1153 3806 1284 3861 dicit
1321 3806 1482 3864 dulce
1515 3822 1784 3862 amarum.
1818 3809 1962 3864 Rur-

381 3911 495 3960 sus,
542 3896 632 3965 qui
679 3911 784 3950 non
817 3897 994 3952 credit
1039 3897 1094 3952 in
1141 3898 1466 3967 Dominum,
1519 3899 1565 3954 is
1614 3915 1790 3969 neque
1837 3917 1962 3956 cum

379 4004 526 4042 vera:
552 3989 976 4058 pulchritudinis
1006 3999 1200 4044 natura
1227 3993 1520 4057 consentit,
1552 4008 1729 4062 neque
1759 3995 1954 4048 admit-

384 4079 448 4132 tit
494 4079 663 4147 ipsius
711 4078 1247 4148 contemplationem.
1305 4078 1440 4132 Nam
1476 4094 1540 4132 ea
1591 4095 1713 4150 quae
1759 4081 1956 4135 divinae

381 4179 592 4225 naturae
634 4172 852 4239 propria
899 4180 982 4225 est
1033 4170 1380 4238 pulchritudo
1424 4186 1528 4224 non
1582 4171 1634 4224 in
1688 4173 1960 4226 concinna

383 4263 749 4318 membrorum
792 4262 1170 4332 pr0portione,
1219 4278 1318 4317 nec
1364 4265 1417 4320 in
1455 4265 1657 4318 eximio
1705 4266 1962 4334 quopiam

383 4357 604 4420 colore,
643 4356 736 4425 qui
783 4356 839 4409 in
883 4371 1111 4424 corpore
1145 4353 1491 4412 eﬂlorescens
1528 4365 1678 4410 creet
1721 4355 1967 4418 oblecta-

383 4458 664 4511 mentum,
717 4449 812 4504 sed
863 4449 916 4501 in
961 4449 1073 4502 sola
1137 4457 1317 4506 mente
1383 4449 1619 4503 maxime
1663 4459 1968 4521 expurgata

384 4539 743 4608 dignoscitur,
766 4539 921 4607 juxta
950 4541 1239 4609 psalmum,
1269 4540 1538 4595 dicentem
1567 4559 1581 4595 :
1614 4539 1798 4608 Specie
1830 4550 1924 4595 tua
1947 4582 1964 4608 ,

381 4642 432 4683 et
463 4630 856 4697 pulchritudine
908 4641 1000 4685 tua
1025 4633 1091 4684 δι.
1134 4632 1394 4702 Quisquis
1426 4633 1592 4704 igitur
1635 4633 1748 4688 suis
1792 4634 1964 4703 ipsius

385 4725 560 4779 oculis
591 4725 803 4780 decoris
843 4725 1014 4779 divini
1051 4725 1287 4794 fulgores
1328 4726 1552 4781 minime
1581 4726 1786 4796 excipit
1817 4765 1833 4791 ,
1878 4727 1968 4781 hic

388 4817 521 4870 dicit
554 4818 750 4870 bonum
782 4816 1005 4871 malum.
1041 4817 1153 4872 lloc
1190 4828 1370 4874 autem
1401 4825 1596 4889 negato
1622 4818 1954 4887 rejectoque,

387 4910 662 4965 Contrario
694 4909 881 4980 utique
911 4911 1229 4964 assentitur.
1260 4910 1494 4976 Etenim,
1517 4911 1563 4965 si
1589 4910 1846 4965 Dominus
1873 4910 1963 4966 lux

450 5112 497 5144 ⁵⁸
526 5113 678 5166 Rom.
699 5126 737 5172 ι,
761 5111 852 5167 32.
926 5113 974 5144 ⁸⁸
998 5110 1183 5170 Matth.
1227 5128 1282 5179 ν,
1310 5112 1400 5168 15.
1478 5111 1694 5170 "Joan.
1731 5129 1770 5180 ι,
1801 5115 1856 5170 9.

389 5184 431 5215 ⁸¹
474 5183 615 5236 Psal.
659 5199 807 5248 XLIV,
848 5183 900 5239 5.

463 5383 574 5457 (41)
597 5384 700 5457 _Ubi
722 5399 788 5438 ex
826 5385 1071 5457 quinque
1098 5399 1229 5440 mss.
1259 5383 1545 5450 edidimus,
1583 5386 1741 5456 μετά,
1777 5387 1973 5457 legitur

389 5453 445 5508 in
481 5453 661 5518 editis,
700 5453 869 5519 κατά,
893 5453 1000 5510 non
1031 5456 1104 5508 ita
1142 5465 1305 5509 recte.

1954 5113 2001 5147 ⁵⁸
2039 5114 2240 5171 lJoan.
2264 5133 2344 5180 ιιι,
2371 5117 2460 5172 10.

2059 3167 2196 3236 φῶς.
2233 3167 2446 3237 Ὥσπερ
2471 3161 2564 3218 οῦν
2599 3165 2714 3233 φῶς
2747 3167 2895 3218 ἐστιν
2924 3165 2952 3218 ὁ
2982 3163 3210 3236 Κύριος,
3246 3163 3390 3218 οὕτω
3415 3165 3513 3218 καὶ
3530 3164 3662 3234 γλυ-

2059 3259 2231 3330 κύτης
2287 3257 2405 3311 ἐστὶ
2475 3260 2588 3321 τοῖς
2643 3259 3025 3329 ἐπιστημόνως
3086 3257 3253 3310 αὑτοῦ
3313 3259 3660 3328 γευομένοις

2061 3350 2245 3422 ἡδεῖαν
2277 3350 2536 3422 παρέχων
2580 3351 2675 3404 καὶ
2714 3349 2897 3421 πάσης
2923 3349 3190 3420 θυμηδίας
3224 3351 3508 3422 γέμουσαν
3560 3351 3665 3424 τὴν

2061 3443 2386 3496 ἀπόλαυσιν.
2426 3443 2527 3495 Διά
2573 3441 2734 3496 τοῦτο
2769 3444 2797 3496 6
2837 3441 3174 3514 γευσάμενος
3226 3443 3416 3508 αὐτοῦ,
3474 3444 3572 3498 καὶ
3601 3446 3664 3499 ὲν

2063 3535 2230 3607 πείρᾳ
2283 3535 2577 3604 γενόμενος
2626 3534 2728 3604 τῆς
2785 3534 3008 3606 ἡδίστης
3046 3535 3141 3587 καὶ
3189 3533 3494 3606 προσηνοῦς
3526 3537 3668 3589 ἀπο-

2062 3628 2326 3691 λαύσεως,
2360 3625 2529 3695 λέγει’
2559 3627 2880 3680 Γεύσασθε
2897 3665 2913 3691 ,
2962 3625 3064 3680 καὶ
3091 3625 3249 3680 ἴδετε
3274 3626 3365 3680 ὅτι
3389 3627 3667 3695 χρηστὸς

2065 3725 2096 3775 ὁ
2120 3721 2428 3789 Κύριος.’0
2467 3720 2647 3773 τοίνυν
2681 3722 2756 3792 μὴ
2793 3721 3072 3774 πιστεύων
3095 3723 3176 3784 είς
3203 3720 3292 3774 τὸν
3314 3720 3523 3793 Κύριον
3558 3723 3670 3791 Ἰη-

2066 3811 2191 3866 σοῦν
2220 3812 2369 3881 λέγει
2400 3812 2460 3865 τὸ
2499 3811 2674 3880 γλυκὺ
2715 3812 2934 3884 πικρόν.
2981 3813 3037 3866 Ὀ
3069 3813 3128 3866 δὲ
3161 3813 3235 3884 μὴ
3277 3812 3553 3866 πιστεύων
3582 3815 3670 3878 είς

2063 3902 2155 3954 τὸν
2184 3901 2409 3974 Κύριον,
2440 3902 2559 3954 οὐδὲ
2586 3905 2650 3973 τῇ
2683 3902 2775 3956 τοῦ
2804 3903 2916 3973 (44)
2941 3901 3196 3974 ἀληθινοῦ
3224 3903 3455 3968 κάλλους
3479 3904 3671 3958 συντί-

2066 3995 2218 4050 θεται
2249 3996 2440 4066 φύσει,
2475 3996 2594 4049 οὐδὲ
2646 3997 3008 4068 καταδέχεται
3057 3997 3156 4070 τὴν
3203 3997 3440 4070 θεωρίαν
3471 4001 3668 4054 αὐτοῦ.

2073 4089 2149 4140 Ού
2183 4089 2293 4160 γὰρ
2322 4090 2383 4141 ἐν
2409 4091 2474 4159 τῇ
2499 4089 2833 4160 εὐαρμοστίᾳ
2859 4089 2968 4142 τῶν
2982 4090 3182 4161 μελῶν,
3200 4090 3320 4144 οὐδὲ
3349 4093 3407 4144 ὲν
3439 4091 3672 4165 εὐχροίᾳ

2066 4180 2176 4231 τιν)⁵
2206 4182 2271 4250 τῇ
2303 4179 2617 4253 ἐπανθούσῃ
2657 4179 2734 4250 τῷ
2786 4178 3022 4251 σώματι,
3070 4181 3133 4234 1:6
3175 4182 3408 4253 τερπνὸν
3460 4181 3672 4252 ἔχοντι·

2067 4270 2205 4324 ἀλλὰ
2245 4271 2383 4343 μόνῃ
2420 4275 2486 4343 τῇ
2520 4271 2729 4343 διανοίᾳ
2761 4275 2827 4343 τῇ
2861 4273 2984 4325 καθ’
3035 4273 3345 4346 ὑπερϐολὴν
3387 4273 3675 4346 κεκαθαρ-

2075 4363 2210 4435 μένῃ
2236 4363 2298 4416 1:6
2331 4364 2537 4435 κυρίως
2575 4364 2739 4418 καλὸν
2789 4365 2846 4417 ὲν
2875 4367 2942 4436 τῇ
2986 4364 3107 4437 θείᾳ
3137 4366 3297 4436 φύσει
3333 4364 3672 4435 γινώσκεται

2073 4454 2216 4508 κατὰ
2239 4454 2330 4508 τὸν
2353 4455 2589 4526 ψαλμὸν,
2623 4457 2714 4509 τὸν
2737 4456 2994 4523 λέγοντα·
3038 4456 3117 4526 Τῇ
3152 4459 3470 4528 ὡραιότητί
3518 4473 3666 4524 σου,

2071 4546 2170 4599 καὶ
2205 4544 2286 4612 τῷ
2311 4545 2527 4601 κάλλει
2561 4563 2700 4601 σου.
2744 4547 2803 4602 '0
2831 4543 2925 4602 οῦν
2957 4547 3056 4612 τὰς
3079 4547 3365 4619 ἀστραπὰς
3395 4548 3490 4602 τοῦ
3517 4548 3670 4602 θείου

2071 4637 2303 4703 κάλλους
2331 4637 2410 4709 τῷ
2443 4638 2637 4692 ἑαυτοῦ
2675 4639 2884 4711 ὄμματι
2918 4641 2991 4712 μὴ
3024 4640 3483 4711 παραδεχόμενος,
3510 4632 3672 4704 οὗτος

2071 4729 2218 4798 λέγει
2235 4731 2296 4783 τὺ
2324 4731 2488 4790 καλὸν
2517 4733 2771 4804 πονηρόν·
2801 4735 2858 4786 ὲν
2882 4733 2938 4787 δὲ
2960 4736 3025 4805 τῇ
3044 4731 3238 4786 τούτου
3269 4733 3518 4806 ἀρνήσει,
3541 4751 3672 4787 συν-

2071 4819 2283 4873 τίθεται
2313 4819 2554 4891 δηλονότι
2583 4820 2660 4891 τῷ
2691 4822 2939 4894 ἐναντίῳ.
2970 4824 3034 4876 ΕΞ
3067 4823 3177 4893 γὰρ
3211 4821 3327 4890 φῶς
3360 4824 3390 4874 6
3436 4822 3668 4895 Κύριος,

2075 4911 2265 4978 σκότος
2287 4911 2528 4968 δηλονότι
2578 4916 2607 4968 6
2638 4914 3032 4986 ἀντικείμενος·
3081 4916 3131 4968 εί
3173 4914 3402 4984 γλυκεῖα
3443 4916 3477 4986 η
3505 4915 3671 4986 φύσις

2553 5118 2600 5150 ⁵⁸
2637 5116 2796 5173 Joan.
2826 5133 2945 5188 vm,
2981 5118 3068 5172 12.
3145 5119 3191 5151 ⁸ο
3216 5113 3359 5175 Psal.
3385 5136 3586 5178 χχχιιι.
3613 5123 3670 5179 9.

2074 5385 2626 5469 Ῑίθ9.τ9.ίῑιῖεδίί¹“³ῐ³ῗ¹ῖὲ
2651 5386 2824 5469 νῖειιπι
2848 5395 2951 5469 εει·
3069 5456 3083 5469 .
3143 5455 3169 5468 -
3505 5455 3518 5467 .

2147 5456 2261 5527 (45)
2297 5455 2436 5527 Editi
2472 5455 2527 5512 et
2587 5458 2721 5526 lteg.
2757 5457 2973 5521 tertius,
3024 5455 3233 5511 αὐτῶν.
3274 5455 3386 5510 Alii
3428 5455 3667 5527 quion

463 5521 576 5594 (42)
608 5524 700 5578 Ha:
745 5528 866 5594 tinge
913 5541 1100 5589 voces,
1135 5523 1252 5593 φῶς
1295 5526 1508 5592 σκότος,
1551 5529 1618 5582 ἰη’
1651 5527 1852 5581 nostris
1879 5541 1947 5581 se:

2124 5521 2253 5590 18's.;
2269 5525 2501 5585 ἑαυτῶν.

393 5609 526 5669 mss.
554 5593 768 5669 desunt.
801 5593 1056 5669 Fortasse
1081 5597 1189 5669 hic,
1222 5607 1280 5650 ut
1309 5598 1434 5650 alibi
1461 5614 1621 5669 saepe,
1641 5598 1813 5669 ellipsi
1849 5613 1976 5653 usus

392 5662 573 5720 fuerat
604 5664 872 5736 interpres
907 5684 920 5722 :
952 5668 1045 5722 sed
1074 5667 1116 5722 si
1153 5667 1225 5721 ita
1258 5678 1360 5733 est,
1393 5662 1767 5735 quod'decrai,
1798 5668 1850 5725 id
1877 5669 1975 5725 ad-

177 6141 180 6143 .
213 6051 430 6143 ‘\

2146 5597 2265 5678 μαι)
2295 5598 2456 5665 Editi,
2516 5597 2634 5652 οὐδὲ
2667 5596 2784 5654 τοῦ.
2837 5597 2906 5653 At
2959 5596 3201 5669 quinque
3245 5609 3402 5663 mss.,
3437 5592 3665 5667 οὐόδίτῇ

2080 5684 2195 5728 του.
