3808 6212
201 231 312 290 M3

1097 246 1458 308 COMMENT.
1501 253 1569 309 IN
1610 254 1847 312 ISAIAM
1885 256 2334 318 PROPHETAM.
2371 261 2524 318 CAP.
2564 262 2611 319 V

3377 260 3481 316 4H

204 345 615 446 eﬁg‘dlqOelac,
643 354 841 425 πικρὸν
868 357 1113 428 δηλονότι
1150 362 1212 417 τὸ
1236 364 1453 434 ψεῦδος.
1498 369 1585 423 Ἐν
1613 365 1706 424 οὖν
1730 373 1798 443 τῇ
1828 375 1877 433 Α
1904 386 1931 427 ε

1904 382 2022 438 εει,
2051 374 2295 444 profecto
2331 377 2424 446 qui
2455 375 2767 432 contrarius
2792 381 2876 430 est
2903 373 3078 443 caligo
3108 382 3193 429 est
3234 380 3288 427 et
3333 383 3483 427 tene-

198 439 428 513 ἀρνήσει
460 442 557 497 τοῦ
586 444 744 513 Θεοῦ,
797 453 1201 519 συγκατάθεσις
1252 457 1463 525 γίνεται
1490 460 1585 513 τοῦ
1632 439 1790 515 ἐνανλ

203 531 338 589 είου.
393 534 548 589 Ἐπεὶ
583 533 678 591 οῦν
701 540 803 592 οὐκ
834 540 950 596 ἔστι
985 546 1188 618 μετοχὴ
1213 547 1531 624 δικαιοσύνῃ
1562 552 1657 605 καὶ
1678 553 1791 606 ἁδι-

197 621 294 715 r.in
324 625 457 697 (45)'
495 628 618 683 οὐδὲ
643 633 899 687 κοινωνία
923 635 1064 704 φωτὶ
1094 639 1231 708 πρὸς
1260 641 1469 705 σκότος·
1497 621 1618 696 οὐδὲ
1647 661 1788 715 συμ-

195 714 447 787 φώνησις
489 720 729 790 Χριστοῦ
786 726 924 797 πρὸς
984 728 1206 803 Βελιάρ·
1254 734 1551 804 χωριστέον
1615 714 1789 791 ταῦτα

194 807 468 901 ἀλλήλων.
505 812 766 901 Μεγάλης
794 813 890 870 οῦν
935 821 1031 874 καὶ
1066 822 1327 892 ἀκριϐοῦς
1371 826 1470 897 τῆς
1514 829 1788 899 προσοχῆς

192 899 395 968 χρεία,
446 902 585 972 πρὸς
609 899 673 957 τὸ
725 907 800 977 μὴ
839 910 1338 981 παραλογισθέντας
1377 918 1528 988 ἡμᾶς
1555 918 1647 972 τὸν
1692 937 1789 990 με-

191 991 743 1068 τασχηματιζόμενον
772 1002 852 1065 είς
883 1002 1326 1075 ἄγγελονοφωτὸς
1362 1008 1439 1071 ὡς
1469 1009 1586 1079 φῶς
1638 1009 1786 1082 λογί-

193 1084 420 1139 σασθαιο
462 1087 599 1159 μηδὲ
627 1092 693 1161 τῇ
731 1093 1024 1167 πικρότητι
1065 1098 1165 1168 τῆς
1204 1100 1402 1165 κακίας
1435 1104 1785 1176 ἐνευφραινό-

194 1193 360 1246 μενον
419 1178 569 1247 (46),
629 1181 967 1257 γλυκύτητος
1017 1188 1177 1265 δόξαν
1228 1190 1309 1262 τῷ
1359 1194 1629 1266 φιληδόνῳ
1684 1195 1785 1268 βίῳ

191 1272 717 1344 προσμαρτυρῆσαι·
752 1277 888 1349 μηδὲ
907 1333 919 1346 ,
936 1280 1207 1351 σωμάτων
1266 1283 1453 1338 κάλλει
1480 1287 1581 1357 τὴν
1606 1287 1785 1360 ψυχὴν

188 1360 579 1430 δουλωθέντας,
602 1366 662 1418 ἐν
691 1367 868 1441 τούτῳ
893 1370 1206 1441 λογίζεσθαι
1233 1370 1373 1429 εἶναι
1398 1375 1493 1430 τοῦ
1525 1377 1783 1450 ἀληθινοῦ

190 1454 430 1521 κάλλους
456 1458 556 1530 τὴν
585 1459 768 1529 φύσιν.

1900 468 2031 520 brae.
2065 465 2123 521 Si
2147 467 2321 523 dulcis
2355 477 2444 522 est
2469 462 2718 523 veritatis
2764 476 2986 531 natura,
3017 481 3261 520 amarum
3293 465 3481 534 procul

1897 557 2062 612 dubio
2083 557 2247 615 fuerit
2268 560 2636 615 mendacium.
2664 559 2851 628 itaque
2882 559 3013 611 dum
3058 565 3286 626 negatur
3314 556 3476 622 Deus,

1896 662 2154 705 assensus
2197 651 2469 720 praebetur
2497 652 2615 722 ejus
2642 650 2976 706 adversario.
3008 648 3276 716 Quoniam
3312 649 3480 719 igitur

1897 737 2101 792 nullum
2131 750 2212 793 est
2236 741 2572 794 consortium
2592 738 2823 806 justitia:
2847 754 2969 792 cum
3003 737 3299 805 iniustitia,
3331 737 3477 792 nulla

1895 829 2205 882 communio
2226 828 2331 883 luci
2353 845 2475 883 cum
2501 828 2764 890 tenebris,
2784 826 2929 880 nulla
2942 826 3231 880 concordia
3256 823 3478 880 Christo

1894 933 2018 973 cum
2056 919 2223 974 Belial
2256 920 2324 986 ⁶²,
2345 904 2543 976 ’ἱειιιιεε
2573 935 2604 974 a
2633 935 2693 975 se
2724 920 2958 974 invicem
2990 925 3116 973 sunt
3146 916 3472 985 separanda.

1895 1010 2025 1064 Eam
2052 1013 2121 1066 ob
2154 1027 2375 1067 causam
2417 1027 2611 1082 magna
2640 1010 2998 1079 diligentique
3022 1023 3160 1078 opus
3183 1016 3268 1064 est
3293 1015 3474 1062 atten-

1897 1103 2040 1156 tione
2065 1141 2081 1166 ,
2127 1115 2188 1157 ut
2230 1119 2296 1157 ne
2329 1101 2480 1157 ialsis
2511 1101 2814 1156 rationibus
2840 1099 3087 1167 decepti‘,
3118 1112 3246 1152 eum
3268 1097 3370 1166 qui
3412 1107 3476 1151 se

1892 1193 1946 1248 in
1977 1194 2113 1249 lucis
2156 1193 2406 1265 angelum
2427 1192 2610 1264 l50']
2644 1191 2997 1261 transﬁgurat
3024 1189 3092 1255 ⁸³,
3122 1189 3297 1243 lucem
3344 1199 3471 1241 esse

1895 1284 2261 1352 arbitremur;
2313 1300 2381 1339 ne
2419 1285 2542 1353 quis
2586 1283 2702 1337 vitii
2732 1281 3099 1336 amaritudine
3145 1278 3467 1357 delectatus,

1891 1375 2195 1431 dulcedinis
2238 1375 2556 1446 dignitatem
2621 1376 2746 1429 vitae
2812 1372 3137 1441 voluptariae
3188 1371 3466 1435 ascribat;

1890 1477 2031 1519 neve
2084 1466 2320 1519 animam
2383 1478 2658 1533 corporeae
2720 1462 3141 1534 pulchritudinis
3213 1460 3468 1514 servituti

1890 1557 2225 1622 addicentes,
2258 1558 2313 1610 in
2354 1572 2418 1612 ea
2462 1556 2722 1613 constitui
2766 1555 3145 1611 existimemus
3168 1567 3313 1608 verae
3351 1551 3470 1622 pul-

1890 1648 2222 1705 chritudinis
2251 1660 2523 1704 naturam.

265 1714 392 1813 176.
431 1720 578 1775 οὐαὶ
610 1717 703 1776 οὖν
752 1722 860 1795 (67)
901 1727 957 1779 οἱ
993 1726 1239 1781 συνετοὶ
1283 1728 1356 1783 ἐν
1383 1729 1656 1798 ἑαυτοῖς,
1686 1733 1788 1787 καὶ
1817 1733 1860 1788 Β

1968 1741 2095 1799 176.
2141 1740 2228 1797 Va:
2250 1742 2417 1813 igitur
2439 1744 2532 1812 qui
2562 1742 2908 1812 mlelligentes
2932 1738 3055 1793 estis
3096 1754 3152 1792 ιη
3194 1735 3473 1791 vobismet-

187 1808 451 1867 ἐνώπιον
480 1813 712 1869 ἑαυτῶν
750 1818 1171 1888 ἐπιστήμονες.
1206 1821 1442 1877 Δύναται
1492 1823 1666 1879 ταῦτα
1692 1826 1784 1880 λέ-

188 1903 388 1971 γεσθαι
420 1906 551 1977 περὶ
593 1906 701 1960 τῶν
728 1909 957 1975 ἑαυτοὺς
985 1910 1353 1983 δεδοκηκότων
1394 1914 1527 1986 (48),
1559 1918 1644 1971 ὅτι
1673 1913 1785 1972 εἷεν

189 1993 405 2047 συνετοὶ
426 1996 520 2048 καὶ
541 1995 929 2069 ἐπιστήμονες,
982 2001 1056 2072 μὴ
1094 2000 1265 2056 ὄντων
1293 2002 1349 2056 δὲ
1373 2004 1652 2059 τοιούτων.
1679 2005 1783 2059 Δύ-

187 2101 350 2139 ναται
389 2085 446 2140 δὲ
475 2089 571 2141 καὶ
607 2089 737 2161 περὶ
777 2090 888 2144 τῶν
951 2092 1187 2164 ἑχόντων
1221 2094 1321 2166 μὲν
1357 2096 1501 2151 κατὰ
1525 2097 1784 2168 ἀλήθειαν

186 2177 251 2231 τὸ
278 2181 380 2251 τῆς
410 2181 679 2246 συνέσεως
716 2184 810 2236 καὶ
844 2186 1156 2257 ἐπιστήμης
1184 2188 1452 2259 χάρισμα·
1489 2189 1564 2261 μὴ
1594 2206 1785 2244 κοινω-

187 2269 427 2325 νούντων
454 2272 511 2327 δὲ
536 2274 630 2327 καὶ
646 2274 876 2347 ἑτέροις.
903 2278 1096 2347 Σοφία
1118 2279 1229 2350 γὰρ
1254 2281 1654 2352 κεκρυμμένη,
1684 2283 1785 2338 καὶ
1808 2300 1809 2307 ‘

188 2365 501 2434 θησαυρὸς
543 2368 806 2437 ἀφανὴς,
858 2370 950 2436 τίς
972 2370 1232 2440 ὠφέλεια
1275 2374 1347 2427 ἐν
1394 2373 1782 2444 ἀμφοτέρωω

188 2458 254 2512 Οί
290 2453 385 2512 οῦν
416 2458 653 2514 τοιοῦτοι
687 2460 920 2515 ἐνώπιον
959 2464 1169 2518 ἑαυτῶν
1211 2465 1324 2532 (49)
1369 2465 1509 2519 εἰσιν
1556 2467 1784 2537 ἐπιστή-

190 2566 380 2620 μονες,
418 2551 541 2623 οὐχ).
572 2553 629 2607 δὲ
660 2553 756 2607 κα).
786 2554 1016 2608 ἐνώπιον
1052 2556 1273 2627 ἐτέρων·
1329 2557 1404 2620 ὼς
1434 2559 1462 2611 6
1489 2557 1550 2611 τὸ
1594 2559 1779 2612 τάλανι

185 2657 279 2694 τον
331 2641 549 2714 κρύψας
592 2645 962 2716 παρ’.ἐαυτῷ.
1019 2647 1159 2700 Ἀλλ’
1202 2648 1323 2702 οὐδὲ
1365 2648 1594 2702 ἐνώπιον
1641 2649 1778 2703 Θεοῦ

186 2734 531 2805 ἐπιστήμων,
568 2738 597 2789 6
629 2735 705 2807 μὴ
729 2738 809 2800 εἰς
840 2736 999 2803 δόξαν
1045 2736 1182 2791 Θεοῦ
1208 2740 1274 2809 τῇ
1308 2740 1588 2812 ἐπιστήμῃ
1616 2756 1783 2793 κατα-

188 2825 531 2897 κεχρημένος
565 2825 701 2898 (50).
737 2828 850 2882 Καὶ
881 2828 1038 2900 τρίτη
1077 2828 1122 2882 δ’
1166 2830 1231 2884 ἄν
1264 2846 1348 2894 τις
1376 2831 1603 2902 τοιαύτη
1639 2828 1780 2886 εἶναι

186 2913 336 2968 δοκοῖ
363 2916 558 2988 ἐκδοχὴ
586 2916 695 2972 τῶν
736 2918 995 2984 συνετῶν,
1026 2921 1121 2973 καὶ
1153 2921 1552 2993 ἐπιστημόνων.
1585 2924 1647 2976 Ol
1682 2924 1779 2994 μὲν

186 3006 295 3059 ἀπὸ
321 3006 458 3061 Θεοῦ
487 3007 641 3072 ὄντες
668 3009 922 3076 τοιοῦτοι,
981 3013 1032 3064 οἱ
1080 3011 1463 3083 αίσθανόμενοι
1496 3017 1595 3085 τῆς
1648 3015 1777 3086 παρ’

184 3097 352 3152 αὐτοῦ
396 3099 625 3172 δωρεᾶς
679 3103 729 3155 οί
762 3102 821 3155 δὲ
862 3102 937 3175 μὴ
991 3103 1359 3174 ἀναφέροντες
1394 3106 1485 3158 ἐπὶ
1525 3105 1617 3158 τὸν
1646 3106 1780 3160 Θεὸν

184 3189 286 3260 τὴν
322 3190 505 3245 αἰτίαν
549 3191 651 3263 τῆς
707 3194 1000 3259 συνέσεως,
1046 3196 1259 3260 ἑαυτοῖς
1287 3196 1344 3250 δὲ
1386 3196 1456 3250 τὰ
1491 3197 1601 3269 (51)
1645 3214 1780 3251 κατ-

185 3280 485 3354 ορθὼματα
532 3285 953 3357 ἐπιγράφοντες,
996 3288 1207 3341 συνετοί
1250 3291 1388 3343 εἰσιν
1445 3291 1504 3343 ἐν
1567 3292 1779 3355 ἑαυτοῖς

1888 1836 2040 1907 ipsis,
2063 1845 2110 1889 et
2132 1850 2311 1887 coram
2331 1835 2474 1889 vobis
2492 1835 2622 1902 ipsis
2650 1834 2891 1887 scientes.
2918 1830 3154 1885 Possunt
3175 1829 3293 1883 haec
3310 1827 3375 1881 de
3401 1824 3471 1880 iis

1886 1927 2017 1992 dici,
2047 1926 2141 1996 qui
2173 1926 2273 1981 sibi
2300 1925 2551 1979 videntur
2576 1940 2696 1980 esse
2726 1922 3090 1992 intelligentes
3116 1935 3181 1973 ac
3205 1918 3465 1981 scientes,

1886 2018 2135 2087 quamvis
2184 2017 2320 2070 tales
2372 2030 2478 2070 non
2515 2016 2645 2070 sint.
2696 2014 2933 2068 Possunt
2981 2021 3162 2065 autem
3195 2020 3252 2063 et
3292 2009 3359 2062 de
3400 2006 3468 2061 iis

1885 2110 2081 2180 accipi,
2105 2107 2199 2178 qui
2226 2123 2354 2162 vere
2381 2109 2524 2163 dono
2552 2105 2928 2175 intelligentiae
2961 2118 3026 2156 ac
3053 2100 3295 2156 scientiae
3323 2113 3464 2167 prae-

1886 2199 1984 2255 diti
2009 2205 2155 2263 sunt,
2184 2198 2277 2253 sed
2312 2207 2540 2252 caeteros
2571 2195 2716 2250 illius
2749 2209 2857 2249 non
2885 2192 3093 2247 faciunt
3118 2189 3413 2261 participes
3442 2200 3458 2239 :

1885 2289 2162 2359 Sapientia
2187 2289 2331 2344 enim
2356 2286 2588 2353 occulta,
2617 2295 2668 2340 et
2694 2285 2970 2340 thesaurus
3004 2299 3107 2336 non
3129 2292 3462 2347 comparans,

1884 2399 2001 2454 quin
2015 2381 2282 2434 utilitasin
2301 2380 2535 2449 utrisque
2572 2376 2614 2409 “
2637 2377 2661 2431 ?
2687 2377 2878 2446 Itaque
2901 2374 2990 2444 qui
3020 2381 3141 2428 sunt
3165 2369 3464 2440 ejusmodi,

1884 2488 2068 2529 coram
2103 2487 2163 2527 se
2205 2472 2338 2540 ipsis
2376 2479 2502 2524 sunt
2552 2470 2811 2534 scientes,
2847 2480 3192 2537 nequaquam
3225 2477 3468 2528 vero‘co-

1884 2577 1998 2615 ram
2034 2561 2188 2627 aliis,
2219 2563 2295 2614 uti
2332 2568 2486 2622 erat,
2520 2559 2612 2629 qui
2641 2557 2781 2628 apud
2815 2571 2874 2612 se
2903 2554 3266 2611 absconderat
3293 2551 3467 2607 talen-

1884 2660 2020 2707 tum.
2070 2653 2115 2684 ⁸⁸
2135 2654 2206 2708 Αι
2235 2667 2412 2722 neque
2440 2652 2621 2707 sciens
2636 2659 2916 2705 estcoram
2963 2649 3075 2704 Deo
3116 2647 3208 2717 qui
3254 2660 3361 2702 non
3396 2645 3468 2701 ad

1882 2746 2111 2814 gloriam
2154 2743 2250 2800 Dei
2294 2759 2424 2799 usus
2470 2753 2557 2800 est
2604 2742 2859 2798 scientia.
2893 2741 3203 2809 Quinetiam
3252 2738 3465 2794 videtur

1880 2852 2001 2893 esse
2086 2836 2429 2907 prudentium
2508 2843 2564 2890 et
2633 2833 2920 2889 scientium
2984 2833 3145 2888 tertia
3213 2830 3462 2901 quaedam

1883 2930 2146 3000 acceptio.
2184 2927 2284 2995 Qui
2317 2927 2533 2998 quidem
2569 2926 2660 2981 Dei
2709 2941 2812 2995 ope
2859 2925 2995 2981 tales
3024 2925 3333 2991 exsistunt,
3364 2921 3463 2977 do-

1887 3037 2014 3076 num
2054 3019 2183 3074 illud
2213 3020 2282 3073 ab
2303 3033 2369 3074 eo
2397 3032 2518 3072 esse
2553 3023 2892 3087 agnoscunt:
2926 3016 3017 3085 qui
3044 3024 3225 3070 autem
3257 3012 3460 3069 intelli-

1883 3113 2079 3184 gentiae
2115 3126 2338 3167 causam
2368 3121 2425 3166 et
2450 3110 2714 3181 originem
2746 3109 2801 3163 in
2831 3108 2997 3163 Deum
3030 3124 3135 3162 non
3173 3107 3457 3170 referunt,

1881 3204 1992 3258 imo
2025 3203 2117 3273 qui
2166 3202 2268 3257 sibi
2302 3202 2436 3272 ipsis
2476 3216 2596 3269 qua:
2630 3197 2890 3270 praeclare
2926 3197 3230 3269 gesserint,
3289 3196 3464 3251 ascri-

1878 3294 2037 3364 bunt,
2063 3295 2100 3350 ii
2133 3295 2189 3350 in
2237 3294 2549 3364 semetipsis
2578 3302 2708 3349 sunt
2749 3290 3147 3360 intelligentes,
3180 3299 3237 3344 ct
3275 3302 3462 3343 coram

184 3374 282 3427 καὶ
309 3374 541 3430 ἐνώπιον
570 3377 780 3432 ἑαυτῶν
806 3379 1187 3451 ἐπιστήμονες.
1219 3381 1364 3453 Πρὸς
1399 3379 1498 3445 οὓς
1526 3379 1779 3453 εὔκαιρον
1872 3402 1931 3442 se

1898 3403 1939 3442 se
1965 3388 2095 3458 ipsis
2128 3387 2402 3453 scientes;
2426 3386 2712 3440 adversum
2738 3397 2874 3464 quos
2895 3389 3258 3452 opportunum
3290 3378 3456 3434 fuerit

184 3469 383 3521 εἰπεῖν’
422 3469 484 3523 Τί
509 3468 578 3522 δὲ
601 3470 762 3540 ἔχεις
800 3470 831 3524 ὂ
857 3473 971 3526 οὐκ
1007 3470 1255 3538 ἕλαόες;
1285 3475 1357 3527 El
1390 3473 1459 3526 δὲ
1504 3473 1605 3528 καὶ
1637 3473 1781 3529 ἕλα-

182 3562 307 3626 ΰες,
345 3561 406 3614 τί
431 3560 735 3632 καυχᾶσαι
765 3563 847 3630 ὡς
864 3563 953 3633 μὴ
986 3562 1229 3629 λαϐὡν;
1274 3564 1370 3620 καὶ
1414 3565 1496 3629 τὸ,
1536 3565 1676 3619 Ἐὰν
1688 3564 1776 3635 μὴ

182 3655 220 3708 ό
241 3653 464 3721 Κύριος
505 3653 616 3725 (5‘2)
647 3654 1015 3726 οὶκοδομήσῃ
1054 3652 1246 3721 οἷκον,
1299 3659 1387 3724 εὶς
1420 3656 1622 3727 μάτην
1646 3657 1780 3711 ἐκο-

182 3744 419 3797 πίασαν
457 3746 513 3798 οι
554 3744 1033 3816 οἰκοδομοῦντες.
1090 3746 1322 3816 Λέγεται
1356 3747 1534 3802 τοίνυν
1564 3747 1778 3813 σύνεσις

181 3828 296 3887 οἷον
348 3834 897 3908 εύπαρακολουθησία
947 3838 1148 3909 ψυχῆς,
1197 3839 1364 3906 ὀξέως
1410 3841 1490 3902 είς
1541 3838 1598 3892 ἐν
1653 3855 1780 3893 συν-

181 3927 428 4000 αγούσης
453 3928 554 3992 τὰς
580 3926 689 3983 τῶν
714 3928 1056 4000 πραγμάτων
1086 3931 1296 3994 ἐννοίας
1318 3948 1331 3961 ’
1372 3931 1495 4002 ἥτις
1516 3930 1658 3986 κατὰ
1684 3931 1777 3985 τὸν

181 4017 533 4090 ἀπαρτισμὸν
561 4017 673 4070 τῶν
720 4019 780 4071 ἐν
821 4020 956 4091 ημῖν
988 4018 1223 4088 λογικῶν
1254 4019 1590 4093 σπερμάτων
1648 4036 1777 4074 συν-

183 4110 434 4167 ίστασθαι
469 4112 820 4181 πέφυκεν.Ἥ
842 4116 959 4167 ἐστι
985 4113 1200 4177 σύνεσις
1226 4112 1509 4185 ἐντρέχεια
1538 4111 1778 4177 διανοίας

177 4203 746 4277 εὐπαρακολουθήτως
770 4204 848 4277 τῷ
873 4206 1092 4277 ἑκάστῳ
1128 4206 1240 4278 (55)
1270 4205 1556 4277 πράγματι
1578 4206 1776 4259 οἰκεῖον

178 4298 276 4352 καὶ
306 4296 520 4369 πρέπον
554 4295 667 4368 (51)
709 4295 1116 4369 ἐξευρίσκουσω
1152 4299 1432 4370 ἐπιστήμη
1457 4296 1535 4363 δέ,
1571 4296 1685 4367 ἕξις
1714 4300 1775 4352 ἐν

277 4434 298 4505 ξ
328 4429 386 4505 ΙΙ-
406 4429 535 4485 Cor.
562 4446 638 4495 vt,
670 4431 760 4505 14,
791 4431 878 4487 15.
957 4433 1004 4464 ⁸³
1035 4431 1081 4488 ll
1127 4432 1254 4489 Cor.
1301 4449 1362 4499 ll,
1405 4433 1495 4491 M.

179 4502 223 4535 "’
263 4501 411 4557 Psal.
441 4514 630 4567 cum,
666 4505 716 4557 1.

402 4655 625 4730 Veteres
654 4653 859 4730 aliquot
884 4655 1028 4722 libri,
1057 4658 1153 4730 καὶ
1173 4657 1396 4730 ἀνομίᾳ.

249 4725 367 4796 (46)
414 4726 506 4779 Ait
557 4726 937 4800 Com_l_)eli_sius,
1001 4728 1164 4782 malle
1230 4725 1291 4782 se
1339 4725 1766 4800 ἑνευφραινομέ-

172 4794 420 4860 νους,⁷υι
446 4809 572 4850 cum
619 4794 842 4862 reliquis
871 4812 1099 4851 numero
1120 4799 1428 4853 consentiat
1459 4794 1576 4853 haec
1611 4794 1712 4852 vox
1743 4816 1756 4852 :

177 4866 368 4920 malim
392 4873 447 4919 et
496 4880 618 4933 ego,
673 4867 765 4918 sed
794 4880 915 4919 cum
966 4875 1021 4920 et
1048 4868 1099 4919 in
1126 4868 1287 4922 editis
1337 4880 1392 4921 et
1433 4869 1485 4922 in
1513 4870 1767 4922 omnibus

174 4936 621 5006 Inss.g_legatnr,r
662 4936 1169 5006 ἐνευφραινόμενον,
1248 4938 1380 4993 nihil
1458 4938 1766 4995 innnutavi.

176 5004 337 5059 Haud
362 5004 523 5070 longe
560 5005 689 5058 editi
730 5004 1142 5079 τοῦφιληδόνου
1184 5007 1323 5079 βίου.
1359 5008 1430 5062 At
1468 5022 1564 5062 sex
1609 5024 1753 5075 mss.

176 5074 259 5144 τῷ
289 5073 558 5144 φιληδόνῳ
580 5072 698 5144 βίῳ.
718 5140 743 5144 _

171 5092 270 5146 τφ.
289 5091 558 5146 summa:
580 5091 698 5146 ριῳ-

251 5140 369 5216 (Π)
402 5140 663 5216 Voculam
685 5140 778 5198 οὖν
819 5144 1127 5202 addidimus
1167 5163 1234 5203 ex
1265 5147 1438 5203 tribus
1464 5147 1762 5203 codicibus.

175 5214 297 5271 lloc
323 5217 440 5284 ipso
467 5215 521 5269 in
553 5214 671 5286 loco
691 5216 820 5286 editi
853 5230 910 5271 et
936 5233 1066 5274 mss.
1110 5219 1377 5286 nonnulli,
1421 5216 1624 5273 αὐτῶν.
1653 5218 1762 5272 Alii

173 5287 581 5357 qnidamtnssq
616 5284 844 5357 ἑαυτῶν.

253 5355 368 5425 (48)
397 5354 558 5415 Editi.
599 5364 653 5407 et
695 5354 828 5423 Reg.
872 5357 1097 5425 primus,
1144 5357 1254 5411 τῶν
1283 5358 1512 5422 ἑαυτοὺς
1547 5358 1765 5412 δοκούν-

168 5443 307 5482 των.
335 5426 473 5500 Reg.
498 5434 748 5500 quartus,
770 5426 880 5500 τῶν
905 5427 1134 5500 ἑαυτοὺς
1165 5428 1451 5500 οἰομένων.
1489 5428 1624 5499 Reg.
1664 5440 1770 5484 ter-

1594 4433 1641 4466 “
1665 4433 1835 4490 Eccli.
1870 4459 1939 4499 χι
1958 4483 1976 4510 ,
2031 4445 2121 4500 52,

1879 3479 2101 3535 dicere:
2150 3478 2291 3545 Quid
2348 3489 2526 3532 autem
2570 3476 2727 3531 habes
2766 3476 2907 3548 quod
2945 3489 3050 3528 non
3077 3471 3367 3542 accepisti?
3400 3469 3463 3527 Si

1878 3580 2056 3625 autem
2096 3571 2376 3637 accepisti,
2424 3569 2555 3640 quid
2601 3567 2852 3637 gloriaris
2898 3566 3053 3638 quasi
3100 3581 3207 3618 non
3247 3578 3464 3626 accepe-

1879 3663 1953 3718 ris
1980 3662 2063 3717 “l
2091 3672 2146 3717 et
2172 3661 2337 3728 illud,
2373 3660 2499 3715 Nisi
2531 3660 2789 3715 Dominus
2823 3656 3166 3726 wdi/icaverit
3209 3654 3461 3718 domum,

1877 3760 1934 3814 in
1956 3776 2148 3814 vanum
2178 3757 2549 3813 laboraverunt
2591 3757 2681 3828 qui
2721 3754 2991 3824 wdiﬁcanl
3013 3752 3081 3809 ετ.
3115 3750 3325 3806 Dicitur
3359 3749 3466 3804 ita-

1878 3867 1988 3922 que
2016 3850 2372 3920 intelligentia
2395 3890 2411 3916 ,
2440 3849 2609 3903 veluti
2640 3848 2817 3903 facilis
2841 3845 3090 3918 quaedam
3119 3858 3185 3899 ac
3205 3852 3458 3914 prompta

1881 3943 2077 3999 anima:
2102 3926 2547 4012 comprehensio,
2583 3956 2764 3996 rerum
2809 3938 3029 3995 notitias
3058 3937 3114 3993 in
3144 3950 3313 3992 unum
3342 3944 3459 3990 sta-

1883 4036 1975 4090 tim
2011 4035 2321 4106 colligentis
2350 4051 2365 4090 :
2413 4050 2532 4104 quae
2560 4050 2656 4104 per
2684 4033 3070 4102 perfectionem
3104 4028 3378 4084 seminum
3405 4027 3461 4083 in

1880 4127 2041 4182 nobis
2088 4126 2494 4181 reconditorum
2548 4135 2606 4180 ει
2661 4141 2691 4179 a
2735 4123 2945 4179 ratione
2996 4120 3462 4193 proﬁciscentium

1878 4218 1998 4273 ﬁeri
2046 4234 2111 4274 ac
2145 4216 2371 4273 conﬂari
2418 4216 2578 4272 solet.
2632 4216 2727 4272 Vel
2771 4214 3124 4285 intelligentia
3159 4222 3247 4269 est
3292 4211 3462 4265 animi

1877 4311 2105 4368 solertia
2129 4319 2186 4367 et
2229 4310 2500 4380 sagacitas
2523 4350 2539 4375 ,
2571 4324 2694 4380 qua:
2725 4309 2977 4364 celeriter
3022 4316 3080 4362 et
3117 4304 3365 4374 expedite
3410 4302 3465 4356 id

2219 4444 2266 4478 ⁸⁸
2314 4443 2505 4499 Matth.
2558 4459 2686 4511 xxv,
2735 4441 2825 4497 25.
2955 4438 3049 4493 ⁸⁸1
3095 4439 3224 4497 Cor.
3273 4454 3345 4503 1v,
3403 4437 3461 4490 7-

1795 4662 1841 4718 l)
1870 4659 2115 4714 codicum
2149 4658 2311 4712 trium
2342 4657 2537 4713 secuti.

1943 4727 2055 4810 (ξὶθ)
2083 4727 2378 4810 Editi,th
2407 4727 2719 4810 ἐπιστήμην
2746 4726 3202 4810 καταδεχόμενος,
3229 4725 3320 4808 qui
3357 4741 3462 4779 non

1873 4801 2053 4863 recipit
2098 4799 2392 4851 scientiam.
2446 4799 2515 4851 At
2547 4799 2786 4867 quinque
2840 4813 2967 4852 mss.
3017 4799 3112 4858 ita,
3151 4806 3209 4849 ut
3244 4800 3294 4849 in
3331 4811 3461 4850 con-

1877 4880 2026 4938 textu
2071 4867 2286 4938 legitur.
2334 4866 2539 4922 Ibidem
2592 4869 2699 4922 duo
2754 4883 2906 4931 mss.,
2947 4865 3176 4938 τοιαύτη
3234 4866 3321 4937 εἴη
3363 4866 3461 4918 ἐκ·

1873 4937 2002 4992 δογή
2013 4979 2027 4992 .

1872 4939 2060 5132 Ξοὶξὲί)
2098 5007 2250 5074 Illud,
2291 5008 2380 5072 τά,
2434 5006 2705 5079 adjectum
2748 5017 2827 5062 est
2874 5023 2940 5063 ex
2986 5008 3223 5076 quinque
3256 5003 3462 5060 codici-

1914 5095 1995 5132 us.

1914 5095 1995 5133 US.

1946 5148 2071 5219 (59.),
2095 5148 2258 5217 Editi,
2289 5150 2318 5203 6
2357 5148 2512 5212 Θεός.
2551 5147 2620 5201 At
2648 5149 2816 5202 nostri
2845 5162 2938 5203 sex
2966 5162 3123 5219 ms_s.,
3160 5149 3189 5201 6
3221 5145 3454 5218 Κύριος.

1874 5211 2221 5287 ΗείιιΙΊοηκε
2245 5211 2319 5273 ἐκ
2344 5211 2582 5288 quinque
2608 5234 2737 5272 mss.
2774 5234 2939 5271 voc-en
2992 5211 3103 5271 οἷον
3127 5211 3456 5271 addidimus.

1873 5287 1983 5342 Nec
2012 5288 2139 5341 illud
2185 5287 2567 5351 minuendum,
2603 5288 2743 5357 quod
2775 5289 2827 5343 in
2874 5288 3009 5357 Reg.
3044 5290 3202 5343 tertio
3225 5288 3457 5355 legatur,

1872 5358 2397 5430 εὐπερικρλουθησία
2416 5359 2615 5430 ψυχῆς.

1965 5427 2057 5498 55)
2088 5427 2231 5483 Editi
2266 5427 2322 5484 et
2348 5430 2456 5484 duo
2485 5427 2642 5496 mss.,
2669 5427 2746 5499 τῷ
2776 5428 3030 5483 ἑκάστου.
3065 5427 3169 5482 Alii
3197 5435 3458 5498 quatuor,

173 5443 307 5482 των.
335 5431 473 5496 Reg.
498 5434 748 5491 quartus,
770 5431 880 5479 τῶν
905 5431 1134 5492 ἑαυτοὺς
1165 5431 1451 5500 οἰομένων.
1489 5431 1624 5499 Reg.
1664 5440 1770 5484 ter-

173 5500 308 5579 tius,
352 5494 464 5579 τῶν
504 5494 736 5559 ἑαυτοὺς
778 5497 1115 5553 δεδωκότων.
1158 5500 1266 5553 Alii
1310 5508 1423 5579 tres
1448 5514 1577 5554 mss.
1614 5500 1689 5553 uti
1715 5500 1769 5553 in
1866 5496 1931 5569 τᾷ

1942 5431 2057 5498 (53)
2088 5431 2206 5483 Edit

1902 5496 2206 5579 ᾦὲῖιέιεξεῳ·

175 5577 625 5707 οοὲἳδῖιεειετεε
664 5618 870 5705 aliquot
922 5636 1069 5703 libri,
1117 5637 1348 5693 ἐνώπιον
1381 5638 1614 5698 ἑαυτῶν.
1646 5637 1770 5693 Mox

176 5709 334 5775 editi,
364 5708 459 5762 καὶ
488 5707 716 5780 ἑτέρων.
757 5710 823 5762 At
849 5708 1096 5765 voculam
1135 5708 1229 5765 καί
1260 5710 1577 5779 delevimus,
1607 5711 1766 5767 [idem

1941 5565 2243 5641 (suam,
2290 5568 2386 5623 καὶ
2430 5568 2663 5641 πρέπον,
2704 5569 2833 5625 huic
2873 5578 3075 5641 nostrae
3115 5565 3338 5641 editioni
3385 5579 3458 5620 ex

1871 5639 2081 5710 duabus
2103 5655 2236 5710 mss.
2264 5639 2513 5710 accessit.
2550 5639 2658 5694 Nec
2693 5641 2765 5694 ita
2816 5639 2983 5695 multo
3013 5649 3140 5710 post
3162 5640 3271 5692 duo
3295 5650 3459 5710 mss.,

1869 5708 1976 5769 τῶν
2032 5708 2293 5776 τοιούτοις
2350 5709 2560 5767 αἰτιῶν.
2609 5710 2762 5770 Alius
2810 5711 2976 5769 codex
2997 5705 3029 5779 ,“
3073 5707 3183 5764 τῶν
3245 5705 3459 5771 τούτοις
