3808 6212
138 319 245 374 417

1049 306 1407 366 COMMENT'.
1451 304 1518 360 IN
1554 302 1792 360 ISAIAM
1828 299 2278 357 PROPIIETAM.
2310 297 2463 356 CAP.
2505 297 2572 354 Υ.

3324 297 3431 358 H8

138 432 407 506 αράσσει,
460 428 705 499 γέλωτας
757 423 924 480 κινῶν
978 421 1090 494 (60
1105 432 1125 493 )
1185 424 1458 495 ἀπρεπεῖς
1481 462 1497 487 ,
1557 419 1742 492 φωνὴν
1770 431 1819 483 Α
1849 431 1886 474 tt

1872 428 1946 472 at.
1982 418 2344 485 Quamobrem
2378 432 2483 471 non
2515 416 2705 471 bibant
2729 415 2915 470 vinum
2950 422 3220 483 potentes,
3252 431 3427 485 neque

138 519 636 597 θορυϐώδη,ὀργάς
668 518 983 590 προπετεῖς,
1015 514 1313 587 ἐπιθυμίας
1344 512 1736 585 ἀχαλινώτους,

137 610 364 684 οἶστρον
403 612 501 665 καὶ
555 608 754 680 μανίαν
801 607 895 660 ἐπὶ
934 607 1117 660 πᾶσαν
1155 605 1474 677 παράνομον
1523 604 1737 675 ἡδονήν.

137 702 240 756 Διά
270 702 436 755 τοῦτο
465 702 541 773 μὴ
567 699 876 754 πινέτωσαν
915 696 1028 769 (61)
1058 698 1111 750 οἱ
1135 697 1394 752 δυνάσται
1432 691 1598 760 οἶνον,
1628 693 1741 748 εἴτε

141 797 190 848 οί
215 795 394 867 ἀρχήν
423 811 547 848 τινα
580 791 1026 862 πεπιστευμένοι,
1053 791 1148 842 καὶ
1172 788 1449 859 δημοσίων
1479 785 1744 858 πραγμά-

141 904 252 941 των
287 885 622 957 οἰκονομίαν·
658 885 771 939 εἴτε
804 884 855 936 οἱ
900 883 990 936 διὰ
1037 882 1137 952 τὴν
1165 882 1351 953 ἀκμὴν
1383 879 1482 952 τῆς
1525 878 1744 951 ἡλικίας

144 982 203 1034 ἐν
242 979 475 1051 δυνάμει
500 977 655 1042 ὄντες
707 977 1017 1047 σωματικῇ.
1057 976 1122 1028 Οἱ
1151 973 1261 1045 γὰρ
1293 971 1548 1037 τοιοῦτοι,
1584 970 1744 1041 φύσει

140 1071 511 1141 τυγχάνοντες
538 1068 674 1141 πρὸς
704 1067 802 1130 τὰς
851 1065 1026 1137 ὀργὰς
1054 1064 1168 1136 (62)
1207 1062 1563 1136 εὐερέθιστοι,
1593 1063 1744 1114 ἐπει-

142 1159 240 1213 δάν
268 1161 367 1213 καὶ
392 1158 454 1213 τὸ
478 1158 573 1212 τοῦ
608 1159 755 1213 οἴνου
786 1155 1167 1228 προσλάϐωσιν
1198 1155 1444 1226 ἔξαμμα,
1484 1148 1597 1207 οἷόν
1624 1170 1748 1208 τινα

144 1251 325 1321 φλόγα
353 1251 574 1323 ἀφθόνῳ
604 1251 840 1323 χορηγία
890 1250 988 1321 τῆς
1022 1247 1322 1319 καιομένης
1375 1245 1510 1310 ὕλης
1563 1247 1656 1298 ἐπὶ
1688 1245 1749 1299 τὸ

148 1345 298 1416 μέγα
332 1344 660 1415 ἐξαίρουσιν.
703 1341 857 1396 Ἐπεὶ
889 1342 947 1395 δὲ
1010 1341 1063 1394 '0
1102 1325 1222 1410 μὲν
1244 1338 1572 1409 ἐλάχιστος
1604 1352 1752 1405 συγ-

143 1436 423 1507 γνωστός
454 1436 629 1489 ἐστιν
663 1432 896 1500 ἐλέουςσ
950 1431 1197 1488 δυνατοὶ
1223 1430 1291 1484 δὲ
1317 1429 1589 1496 δυνατῶς
1622 1431 1754 1483 ἐτα-

147 1528 511 1596 σθήσονται·
545 1526 634 1580 διὰ
667 1525 825 1579 τοῦτο
850 1525 972 1578 οὐαὶ
1014 1527 1128 1587 τοῖς
1184 1523 1461 1594 ἰσχύουσιν
1503 1522 1615 1576 ἀπὸ
1653 1522 1752 1592 τῆς

148 1618 245 1672 τοῦ
281 1618 428 1672 οἴνου
470 1616 673 1686 βλάϐης
705 1617 798 1670 καὶ
830 1616 923 1670 τοῦ
962 1610 1269 1688 σίκερα.·ᾯ
1297 1614 1407 1686 γὰρ
1440 1615 1576 1670 πολὺ
1612 1631 1753 1686 παρ-

152 1710 363 1774 έθεντο,
388 1709 774 1781 περισσότερον
799 1709 1199 1779 ἀπαιτήσουσιν
1226 1708 1410 1761 αὐτόν.

1843 513 1878 568 ii
1905 511 2098 581 quibus
2124 510 2461 580 principatus
2480 508 2722 578 quidam,
2747 518 2841 563 aut
2873 523 3053 562 rerum
3081 508 3420 576 publicarum

1844 602 2247 657 administratio
2277 601 2587 656 concredita
2621 609 2724 665 est,
2757 616 2931 669 neque
2959 601 2993 654 ii
3023 602 3113 666 qui
3138 602 3208 655 ob
3243 601 3426 655 aetatis

1845 695 2086 765 vigorem
2135 694 2418 764 corporeis
2467 693 2677 747 viribus
2730 693 2953 763 pollent.
2999 695 3295 750 Enimvero
3334 695 3430 764 qui

1846 797 1974 843 sunt
2006 786 2293 861 ejusmodi,
2325 793 2510 854 utpote
2535 795 2727 853 suapte
2771 796 2965 839 natura
3001 787 3068 839 ad
3103 788 3210 841 iras
3246 788 3424 853 proni,

1845 886 2135 947 postquam
2171 877 2345 932 fomes
2371 879 2534 932 etiam
2576 877 2685 929 vini
2716 886 2769 930 et
2796 878 3207 932 incitamentum
3240 893 3428 932 acces-

1848 970 1940 1034 sit,
1960 969 2301 1038 suppeditata
2327 970 2540 1024 abunde
2560 970 2816 1033 materia,
2836 984 2955 1037 quae
2974 977 3098 1038 apta
3122 981 3206 1024 est
3225 970 3426 1025 nstioni

1848 1071 1905 1117 et
1935 1062 2150 1128 idonea,
2182 1062 2328 1116 velut
2349 1060 2626 1116 ﬂammam
2677 1062 2966 1130 quamdam
2993 1062 3046 1116 in
3077 1062 3310 1118 sublime
3340 1073 3428 1116 at-

1851 1156 2067 1209 tollunt.
2102 1154 2367 1221 Quoniam
2402 1164 2582 1209 autem
2634 1151 2847 1225 Exiguo
2882 1156 3191 1209 conceditur
3219 1158 3429 1210 miseri-

1851 1249 2078 1311 cordia;
2112 1257 2344 1315 potenlea
2375 1263 2493 1301 vero
2523 1257 2759 1316 potenter
2780 1257 3039 1302 tormenta
3061 1248 3327 1316 patientur
3346 1248 3429 1315 7‘;

1852 1340 2056 1395 idcirco
2096 1356 2175 1393 va:
2223 1339 2455 1395 fortilms
2481 1341 2551 1394 ob
2579 1347 2858 1407 acceptum
2896 1355 2926 1394 a
2957 1343 3084 1394 vino
3111 1350 3163 1396 et
3197 1356 3227 1394 a
3257 1342 3428 1396 sicera

1854 1430 2260 1485 detrimentum.
2298 1430 2394 1485 Cui
2425 1431 2571 1485 enim
2605 1432 2832 1485 multum
2879 1432 3139 1487 traditum
3177 1443 3281 1501 est,
3314 1448 3430 1488 am-

1853 1519 1995 1590 plius
2023 1520 2092 1575 ab
2121 1520 2240 1589 ipso
2277 1530 2592 1589 reposcetur
2617 1520 2638 1551 ⁷

230 1802 353 1856 I78.
404 1803 469 1855 Et
498 1796 595 1855 οὖν
642 1800 1049 1873 ὲγκεχείρισταί
1097 1816 1181 1854 σοι
1225 1799 1509 1871 οἰκονομία
1544 1815 1752 1872 μυστη-
1784 1787 1827 1842 Β

1927 1796 2052 1851 178.
2073 1794 2275 1866 Itaque,
2299 1796 2342 1851 si
2367 1798 2656 1853 commissa
2692 1798 2784 1853 tibi
2811 1800 2883 1855 sit
2915 1816 3299 1871 myStertorum
3322 1803 3437 1859 dis-

156 1892 315 1964 ρῐων,
376 1890 534 1960 λόγος
585 1890 799 1959 σοφίας,
850 1890 1081 1962 δύναμις
1109 1887 1384 1959 γνώσεως
1419 1890 1485 1943 σὺ
1531 1889 1589 1943 δὲ
1627 1891 1755 1961 οἴνῳ

155 1984 609 2055 βεδαπτισμένην
638 1983 739 2056 τὴν
784 1982 964 2055 ψυχὴν
998 1982 1342 2056 περιφέρεις-
1380 1981 1499 2046 πῶς
1526 1982 1648 2053 οὐχὶ
1673 1982 1756 2035 δι-

155 2074 334 2138 καίως
383 2072 635 2144 ὀδύρεταί
686 2090 746 2126 σε
782 2075 812 2126 ό
866 2073 1190 2145 προφήτης;
1254 2072 1377 2126 Ὅτι
1430 2072 1568 2143 ἔχων
1602 2072 1757 2143 ἰσχὺν

159 2169 565 2242 πνευματικὴν,
602 2167 803 2239 ἀσθενῆ
848 2166 1019 2239 αὐτὴν
1045 2168 1220 2230 ποιεῖς
1275 2168 1339 2238 τῇ
1373 2165 1613 2237 ἀμετρίᾳ
1662 2165 1757 2218 τοῦ

159 2264 334 2318 οἴνου.
365 2261 531 2316 Καὶὸ
562 2260 675 2332 (63)
704 2259 1078 2331 ὁποιῳδήποτε
1125 2256 1291 2311 πάθει
1326 2257 1426 2329 τῆς
1457 2257 1638 2329 ψυχῆς
1663 2274 1758 2310 κε-

160 2372 345 2428 κρατη
355 2353 535 2424 μένος,
590 2350 754 2405 οἱονεὶ
783 2353 866 2415 εἰς
898 2349 1070 2422 μέθην
1101 2349 1349 2420 ὲναχθεὶς
1373 2348 1516 2402 κατὰ
1543 2347 1642 2419 τὴν
1671 2350 1762 2416 ἐγ-

157 2446 471 2517 γενομένην
524 2443 677 2514 αὐτῷ
709 2442 816 2497 ὑπὸ
849 2441 944 2496 τοῦ
988 2442 1199 2505 πάθους
1251 2440 1527 2504 ἔκστασιν,
1587 2441 1762 2494 πίνειν

158 2532 309 2592 οἶνον
337 2537 579 2605 λέγεται,
619 2536 714 2588 καὶ
742 2534 937 2606 κιρνᾷν
965 2532 1143 2604 ἑαυτῷ
1172 2533 1387 2604 σίκερα·
1419 2533 1557 2604 ὅπερ
1584 2533 1761 2604 ἑρμη-

161 2632 457 2703 νευόμενον
484 2629 731 2699 ἔγνωμεν
775 2627 1050 2698 μέθυσμα⁸
1078 2627 1140 2680 τὸ
1173 2625 1284 2696 γὰρ
1311 2626 1765 2698 ἀπαρακολούθη-

161 2740 259 2778 τον
285 2722 492 2793 ὁμοίως
530 2720 626 2775 καὶ
655 2719 763 2773 ἀπὸ
790 2718 989 2790 λύπης,
1024 2719 1120 2772 καὶ
1167 2719 1275 2772 ἀπο
1300 2717 1490 2788 φόϐου,
1522 2718 1617 2771 καὶ
1652 2716 1762 2789 (64)

161 2813 386 2884 ἡδονῆς,
445 2812 540 2864 καὶ
573 2809 872 2880 ἐπιθυμίας
907 2809 1182 2879 ἐγγίνεται
1228 2813 1295 2880 τῇ
1348 2809 1519 2881 ψυχῇ,
1558 2809 1655 2864 τοῦ
1681 2809 1765 2865 λο-

161 2903 368 2976 γισμοῦ
412 2902 828 2975 κεκρατημένου
883 2901 990 2955 ὑπὸ
1018 2902 1113 2955 τοῦ
1155 2902 1379 2965 πάθους-
1433 2902 1574 2956 ὥστε
1606 2905 1768 2975 ἡμεῖς

163 2994 215 3048 οἱ
238 2992 522 3054 δυνάσται,
552 2992 600 3045 οἱ
642 2990 741 3062 τὴν
789 2990 1126 3061 προστασίαν
1170 2990 1265 3043 τοῦ
1306 2990 1436 3045 λαοῦ
1467 2994 1769 3063 ἐγκεχειρι-

1846 1889 2121 1959 .pensatio,
2162 1903 2345 1944 sermo
2385 1890 2687 1959 sapientiae,
2716 1890 2951 1948 facultas
2976 1895 3239 1961 scientia,
3267 1905 3321 1949 tu
3355 1905 3440 1950 ta-

1857 1997 1984 2038 men
2023 1982 2262 2036 animum
2311 1982 2438 2036 vino
2482 1982 2799 2037 immersum
2847 1984 3220 2051 circumferas,
3264 2001 3443 2040 nanne

1853 2073 1976 2144 jure
2003 2076 2207 2144 optimo
2243 2083 2295 2129 te
2330 2073 2490 2129 deﬂet
2516 2090 2579 2130 ac
2608 2075 2935 2130 lamentatur
2967 2079 3272 2146 propheta?
3301 2077 3437 2133 Nam

1859 2182 1981 2222 cmn
2015 2182 2181 2236 penes
2218 2178 2269 2222 te
2301 2168 2372 2221 sit
2412 2169 2492 2222 vis
2522 2168 2843 2237 spiritualis,
2873 2184 2994 2225 eam
3031 2171 3141 2225 vini
3174 2172 3443 2241 intempe-

1860 2256 2040 2312 rantia
2087 2257 2272 2311 reddis
2320 2256 2670 2312 imbecillem.
2706 2257 2771 2310 Et
2815 2259 3178 2329 qualicunque
3223 2262 3438 2317 tandem

1863 2346 2215 2404 succubuerit
2245 2349 2371 2418 quis
2402 2347 2791 2416 perturbationi
2825 2351 3020 2406 animat
3040 2391 3057 2416 ,
3099 2353 3144 2407 is
3182 2362 3438 2423 tanquam

1864 2441 1918 2495 in
1943 2439 2264 2494 ebrietatem
2313 2439 2586 2503 inductus,
2624 2455 2724 2510 per
2748 2442 2889 2497 hanc
2934 2442 3128 2497 mentis
3157 2444 3443 2499 alienatio-

1863 2546 1986 2587 nem
2020 2546 2085 2586 ex
2120 2530 2254 2586 vitio
2299 2541 2498 2597 ortam,
2540 2533 2729 2588 bibere
2751 2535 2960 2597 vinum,
2984 2545 3039 2590 et
3073 2534 3176 2591 sibi
3209 2537 3440 2593 siceram

1864 2623 2098 2679 miscere
2126 2623 2364 2679 dicitur:
2395 2626 2539 2694 quod
2566 2639 2763 2679 nomen
2803 2627 3052 2682 novimus
3081 2631 3127 2683 si
3165 2629 3443 2698 interpre-

1867 2724 2044 2770 temur
2078 2716 2400 2771 ebrietatem
2445 2717 2785 2786 signitlcare.
2817 2718 2952 2772 Nam
2991 2721 3200 2775 ratione
3229 2723 3445 2779 vitiosis

1867 2807 2150 2864 affectibus
2174 2807 2340 2879 509
2370 2809 2720 2875 inserviente,
2753 2811 2869 2879 pari
2915 2814 3074 2867 modo
3112 2825 3165 2867 et
3200 2815 3444 2881 tristitia,

1867 2909 1922 2953 et
1946 2900 2131 2963 timor,
2154 2908 2209 2954 et
2237 2901 2508 2968 voluptas,
2534 2908 2589 2954 et
2612 2902 2900 2970 cupiditas,
2928 2902 3157 2973 ineptias
3187 2920 3251 2961 ac
3276 2906 3451 2974 stupi—

1868 2993 2091 3048 ditatem
2124 2993 2177 3047 in
2212 2992 2394 3047 anima
2440 3003 2751 3063 procreant.
2790 2994 2898 3049 Nos
2947 2997 3129 3067 itaque
3178 3008 3445 3067 potentes,

164 3083 383 3149 σαένοι,
419 3081 524 3137 κᾶν
552 3081 650 3134 ἐπὶ
683 3081 849 3135 ποσὸν
879 3081 986 3135 ὑπὸ
1025 3081 1119 3134 τοῦ
1156 3081 1362 3146 πάθους
1411 3082 1764 3155 κρατώμεθα,
1794 3128 1836 3184 C
1870 3101 1886 3139 t

1872 3086 1959 3156 qui
1997 3084 2193 3155 populo
2233 3101 2421 3141 smnus
2454 3087 2719 3154 praefecti,
2752 3087 2796 3142 si
2843 3089 2926 3143 vel
2984 3090 3267 3144 minimum
3316 3091 3450 3144 vitio

165 3175 266 3228 καὶ
284 3173 535 3245 δοκῶμεν
561 3173 695 3227 αὐτὸ
743 3173 852 3245 (65)
913 3175 1359 3247 κατακιρνῶντες
1390 3175 1469 3246 τῷ
1496 3176 1762 3248 λογισμῷ,

164 3266 426 3339 χαλινοῦν
456 3266 537 3339 τῷ
587 3266 734 3339 λόγῳ
764 3268 859 3322 καὶ
884 3267 1100 3339 ἐπέχειν
1123 3306 1138 3332 ,
1182 3267 1282 3320 οὐκ
1328 3267 1434 3332 ἔξω
1467 3269 1634 3339 ἐσμὲν
1671 3267 1765 3322 τοῦ

163 3363 552 3429 ταλανίζεσθαι
607 3364 700 3417 ἐπὶ
749 3366 862 3427 τοῖς
913 3364 1199 3426 τοιούτοις.
1247 3363 1402 3435 Μέθη
1443 3364 1552 3438 γὰρ
1596 3364 1765 3436 δεινὴ,

165 3456 446 3526 φιλοδοξία
486 3455 622 3525 (66),
657 3455 751 3509 καὶ
804 3456 1086 3527 φιλαρχία.
1147 3456 1330 3509 Δεινὸν
1363 3455 1616 3526 μέθυσμα
1641 3457 1770 3525 φθό-

167 3565 281 3612 νος,
303 3548 480 3601 δεινὸν
501 3549 534 3618 ἡ
564 3548 874 3620 ὑπόκρισις,
895 3551 990 3602 καὶ
1019 3551 1052 3620 ἡ
1074 3548 1168 3601 τοῦ
1193 3549 1421 3619 πλησίον
1443 3548 1764 3603 καταλαλιά*

166 3635 252 3704 οἷς
291 3637 625 3710 μεθυσθεῖσα
667 3642 699 3711 ἡ
748 3639 896 3711 ψυχὴ
948 3639 1369 3693 ἐπιλανθάνεται
1418 3638 1518 3709 τῆς
1552 3639 1766 3708 σοφίας.

170 3730 343 3784 Οὐδὲν
375 3729 487 3801 γάρ
512 3729 659 3783 οὕτω
693 3732 884 3799 συγχεῖ
932 3729 1002 3782 τὰ
1032 3729 1142 3782 ἀπὸ
1177 3729 1370 3798 σοφίας
1414 3726 1767 3799 θεωρήματα,

167 3822 245 3886 ὡς
272 3822 434 3876 τοῦτο
457 3822 517 3876 τὸ
549 3822 720 3887 πάθος
748 3823 842 3876 καὶ
863 3823 1014 3876 πᾶσα
1046 3823 1308 3893 ἁμαρτία.
1336 3819 1461 3883 Πῶς
1487 3820 1543 3873 δὲ
1575 3821 1604 3873 ὁ
1631 3820 1769 3891 ἔχων

171 3914 370 3984 σοφίαν
397 3913 652 3985 θυμώδης
681 3916 828 3967 ἐστίν
853 3930 868 3979 ;
913 3915 1036 3967 Ὅτι
1073 3912 1227 3966 οὔπω
1252 3911 1342 3965 τὸν
1376 3909 1562 3982 ἀπαθῆ
1593 3910 1766 3979 λέγει,

170 4007 312 4062 ἀλλὰ
346 4006 482 4071 τέως
505 4007 754 4078 περὶτοῦ
808 4006 1208 4078 μετριοπαθοῦς
1241 4004 1570 4073 διαλέγεται.
1608 4004 1769 4059 Καθά

170 4102 269 4155 καὶ
302 4102 361 4153 ὲν
388 4101 599 4171 ἑτέροις
632 4100 801 4168 λέγει·
840 4101 1079 4169 ’Ἄφρων
1108 4099 1449 4166 αὐθημερὸν
1479 4096 1768 4168 ἐξαγγέλ-

168 4197 268 4248 λει
304 4193 516 4262 ὀργὴν,
550 4194 747 4262 σοφὸς
770 4191 838 4245 δὲ
884 4192 1221 4261 ταμιεύεται
1252 4188 1404 4245 κατὰ
1423 4188 1626 4259 μέρος.
1671 4189 1772 4241 Τε-

167 4286 559 4357 ταμιευμένως
582 4282 684 4340 ὀὖν
706 4285 803 4357 τὴν
832 4284 1002 4357 ὀργὴν
1034 4283 1332 4355 προφέρειν
1361 4282 1507 4352 λέγει
1554 4282 1645 4335 τὸν
1684 4281 1772 4335 λό-

170 4380 361 4452 γισμῷ
400 4380 512 4451 (67)
542 4378 865 4450 ἡνιοχοῦντα
915 4378 977 4431 τὸ
1022 4377 1213 4441 πάθος,
1279 4376 1402 4429 καθ’
1450 4375 1479 4428 ὃ
1528 4375 1766 4448 εἴρηται·

1869 3180 2311 3242 succumbamus,
2339 3177 2466 3233 licet
2503 3179 2729 3234 rationis
2776 3190 3264 3249 temperamentum
3292 3182 3449 3237 adhi-

1868 3269 2083 3335 bentes,
2102 3270 2292 3325 vitium
2317 3271 2527 3327 ratione
2549 3271 2767 3327 frenare
2794 3272 3122 3329 acinhibere
3143 3274 3450 3341 videamur,
3504 3266 3513 3275 ’

1869 3362 2222 3417 nihilominus
2269 3372 2449 3418 tamen
2496 3366 2566 3420 ob
2615 3366 2922 3433 huiusmodi
2972 3381 3166 3422 causas
3215 3368 3452 3424 dicimur

1871 3452 2080 3510 miseri.
2108 3452 2242 3507 Nam
2272 3452 2458 3519 gloria:
2490 3470 2644 3511 vanae
2668 3457 2865 3526 cupido
2891 3464 2946 3511 et
2977 3458 3311 3527 principatus
3335 3469 3452 3514 stn-

1871 3542 2039 3609 dium,
2065 3545 2245 3613 gravis
2272 3545 2510 3600 ebrietas
2547 3555 2649 3601 est.
2687 3546 2880 3602 Gravis
2909 3547 3221 3602 temulentia
3245 3558 3328 3604 est
3365 3549 3452 3602 in-

1869 3634 2037 3699 vidia,
2075 3634 2379 3706 hypocrisis
2403 3646 2455 3692 et
2482 3653 2544 3692 ea
2579 3654 2699 3708 quae
2747 3641 3009 3694 adversus
3045 3642 3355 3711 proximum
3390 3644 3450 3695 lit

1870 3727 2226 3782 obtrectatio:
2250 3730 2447 3799 quibus
2470 3730 2624 3786 malis
2664 3732 2928 3785 inebriato
2968 3733 3150 3788 anima
3176 3734 3455 3790 oblivisci-

1873 3828 1960 3873 tur
1980 3821 2285 3891 sapientize.
2332 3821 2477 3876 Nihil
2508 3824 2651 3878 enim
2684 3825 2761 3877 sic
2801 3825 3055 3880 obturbat
3084 3839 3146 3897 et.
3171 3828 3453 3883 confundit

1872 3912 2380 3981 contemplationem
2404 3914 2704 3985 sapientiae,
2737 3925 2793 3968 ut
2817 3918 3004 3971 vitium
3035 3918 3184 3984 illud,
3215 3934 3280 3974 ac
3317 3936 3450 3990 pec-

1873 4016 2050 4058 catum
2074 4019 2254 4058 omne.
2277 4007 2394 4073 Quo
2418 4017 2596 4061 autem
2622 4018 2778 4076 pacto
2805 4012 3021 4078 Sapiens
3045 4009 3209 4065 fuerit
3235 4012 3455 4068 iracun-

1871 4096 2013 4150 dus?
2044 4096 2180 4163 Quia
2210 4100 2448 4152 nondum
2475 4099 2542 4153 de
2570 4113 2635 4153 eo
2665 4099 2925 4169 loquitur,
2945 4103 3033 4169 qui
3064 4101 3351 4158 affectibus
3382 4106 3455 4159 sit

1873 4202 2094 4257 prorsus
2119 4189 2398 4256 immunis,
2425 4193 2520 4245 sed
2552 4192 2817 4246 hactenus
2845 4194 2910 4246 de
2932 4210 2997 4248 eo
3024 4195 3266 4259 disserit,
3297 4197 3455 4266 cujus

1874 4279 2100 4336 affectus
2126 4291 2346 4336 exstant
2375 4284 2698 4339 mediocres.
2734 4284 3201 4351 Quemadmodum
3240 4295 3295 4341 et
3328 4287 3455 4341 alibi

1876 4371 2005 4425 dicit
2029 4390 2043 4426 :
2065 4371 2326 4441 Insipiens
2340 4374 2518 4429 eadem
2538 4375 2625 4429 die
2650 4375 2822 4445 prodit
2846 4378 2979 4430 iram
3005 4378 3051 4410 ⁷⁸
3074 4397 3088 4433 :
3111 4378 3321 4445 sapiens
3337 4395 3457 4432 vero

180 4472 514 4542 Ὀρτίζεσθε
551 4472 649 4525 καὶ
689 4471 776 4539 μὴ
815 4467 1208 4540 ἁμαρτάνετε.
1266 4469 1325 4521 Ὀ
1364 4468 1423 4521 δὲ
1445 4467 1650 4539 Κύριος
1702 4467 1771 4520 τὰ
1806 4471 1886 4524 De

1876 4481 1990 4518 eam
2019 4475 2250 4520 reservat
2283 4483 2376 4534 per
2402 4479 2577 4535 partes
2603 4467 2672 4520 ⁷⁷.
2722 4467 2907 4538 Itaque
2942 4469 3032 4538 qui
3066 4470 3276 4524 ratione
3293 4472 3450 4539 cupi-

172 4564 493 4634 τελειότερα
544 4563 876 4626 διατάσσων,
944 4560 1111 4633 φησὶν
1166 4562 1419 4631 ἐκτεμεῖν
1449 4559 1679 4614 καθόλου
1712 4558 1772 4612 τὸ

175 4656 378 4720 πάθος,
405 4657 529 4727 οὐχ).
556 4655 805 4719 κολάζειν
830 4652 1065 4708 κελεύει.

1879 4554 2102 4610 ditatem
2133 4572 2198 4610 ac
2223 4557 2414 4611 vitium
2456 4556 2654 4624 frenat,
2690 4561 2758 4613 ab
2797 4575 2863 4613 eo
2905 4559 3040 4613 iram
3081 4573 3241 4630 parce
3266 4568 3322 4615 et
3350 4577 3463 4613 mu-

1882 4649 2064 4702 dcrate
2095 4648 2325 4718 proferri
2355 4650 2519 4716 dicit;
2547 4652 2688 4705 sicut
2714 4652 2975 4723 scriptum
3005 4663 3090 4708 est
3116 4678 3127 4709 ;
3152 4653 3459 4708 Irascimini

174 4762 226 4807 et
259 4752 424 4804 nolite
452 4764 667 4815 peccare
688 4748 760 4801 ⁷⁸.
788 4747 1050 4802 Dominus
1102 4756 1282 4801 autem
1337 4744 1428 4816 qui
1460 4744 1612 4815 jubet
1659 4743 1981 4814 perfectiora
2010 4745 2079 4811 7’,
2114 4745 2191 4798 ait
2218 4744 2411 4799 vitium
2444 4743 2573 4799 illud
2600 4760 2722 4800 esse
2768 4744 2982 4814 penitus
3010 4744 3459 4812 abscindendum,

177 4862 290 4902 non
326 4845 737 4913 temperandum
779 4857 845 4898 ac
885 4842 1282 4913 castigandum.

250 5023 303 5059 "
324 5023 455 5093 Sap.
489 5039 562 5088 vt,
600 5022 653 5077 7.
742 5022 788 5054 "
810 5019 943 5076 Luc.
973 5035 1073 5082 xu,
1108 5019 1197 5074 48.
1275 5019 1320 5050 ⁷⁸
1347 5019 1507 5073 Prov.
1545 5033 1647 5085 xu,
1684 5016 1773 5071 I6.
1841 5017 1885 5049 ⁷⁷
1910 5015 2071 5069 Prov.
2108 5031 2225 5078 nx,
2261 5015 2346 5067 Η.

253 5180 371 5254 (60)
406 5178 570 5254 Illud.
603 5177 795 5254 κινῷν,
828 5177 1068 5254 ex__I_{e_g.
1095 5184 1289 5254 quarto
1310 5175 1552 5230 additum
1588 5182 1692 5230 est.

253 5186 348 5254 (60
412 5186 570 5238 Illud.
603 5186 795 5244 κινῶν,
828 5192 893 5233 ex
934 5186 1068 5247 lteg.
1095 5186 1289 5245 quarto
1310 5186 1492 5230 additu

250 5186 371 5326 (6ιῖ
404 5251 630 5326 Yeteres
666 5250 874 5326 aliquot
906 5248 1051 5326 libri,
1089 5247 1492 5326 Mammosam.

254 5313 375 5391 (62)
405 5321 545 5375 Editi
576 5331 629 5374 et
668 5313 803 5391 Reg.
839 5319 1071 5391 primus,
1090 5313 1235 5391 ’προς
1268 5314 1650 5391 τάςᾲήδονάς.-
1673 5313 1777 5369 Alii

176 5385 430 5463 quinque
459 5405 616 5445 mss..
650 5385 915 5463 ambiti;
940 5389 1129 5463 ὀργάς.
1143 5385 1352 5441 ’διυιὶιιι
1382 5385 1529 5463 nega
1572 5385 1777 5463 primus

176 5457 236 5519 et
274 5457 527 5534 quartus,
560 5457 1213 5534 apocldﬁwatvlégaitpa,
1255 5457 1548 5534 acceperint
1610 5459 1776 5534 impe-

179 5526 311 5589 tum'
341 5549 361 5586 :
401 5547 522 5602 uage
561 5526 830 5599 scriptura
889 5529 1046 5583 alicui
1077 5526 1308 5602 ﬁbrario
1359 5542 1481 5602 cum
1534 5542 1638 5602 non
1690 5526 1764 5579 ita

182 5597 703 5666 tttttltttnt'placeret.
736 5602 788 5654 in
824 5602 1064 5669 margine
1109 5598 1261 5666 Regii
1295 5598 1451 5669 primi
1489 5597 1766 5664 sapienter

181 5676 418 5733 addidit,
458 5673 590 5736 ἴσως
624 5671 867 5742 ἔξαμμα.
896 5667 966 5724 Et
998 5684 1125 5723 vero
1158 5667 1514 5742 Egappalegi
1546 5676 1767 5735 oporte-

184 5760 246 5800 re
300 5759 368 5796 ex
407 5743 569 5797 editis
593 5752 649 5795 et
674 5738 741 5795 οἱ
775 5738 896 5793 aliis
924 5751 1155 5805 quatuor
1189 5738 1320 5793 mss.
1351 5738 1630 5791 discimus.

255 5812 373 5885 (63)
396 5813 471 5868 Ita
502 5814 744 5883 quinque
767 5825 895 5866 mss.
925 5814 995 5865 At
1026 5811 1081 5867 in
1105 5810 1262 5865 editis
1282 5822 1436 5878 teque
1456 5822 1517 5862 ac
1551 5807 1603 5861 in
1628 5805 1762 5875 Reg.

2451 5013 2496 5046 ⁷⁸
2533 5012 2676 5067 Psal.
2715 5027 2793 5075 tv,
2825 5013 2879 5068 5.
2982 5015 3028 5046 7’
3064 5013 3252 5071 Matth.
3286 5029 3339 5081 ν,
3367 5014 3459 5073 23.

1892 5174 2068 5242 primo
2089 5171 2241 5242 deest
2275 5168 2557 5242 articulus.

1960 5242 2072 5315 (64)
2101 5241 2344 5315 ριιξιτίιυε
2364 5240 2542 5315 οριυν
2566 5237 2662 5293 καὶ
2691 5237 2817 5294 ἀπύ-

1959 5306 2072 5384 (65)
2098 5306 2455 5434 βεξιίζαύτῴ.
2485 5313 2555 5365 At
2580 5321 2807 5378 uterque
2851 5306 3096 5363 Combef.
3125 5317 3182 5363 et
3209 5308 3298 5362 alii
3330 5324 3466 5378 qun-

1959 5401 2029 5434 )I'.
2058 5400 2159 5434 αυτ
2197 5422 2209 5432 .

1886 5393 2029 5445 tuor,
2058 5384 2209 5436 αὐτό.

1955 5455 2067 5525 (66)
2093 5452 2231 5506 Editi
2276 5460 2346 5525 et
2378 5450 2513 5521 Reg.
2556 5450 2785 5525 primus,
2827 5447 2923 5503 καὶ
2968 5446 3262 5512 φιλοδοξία.
3307 5449 3462 5519 Illud,

1875 5522 1988 5584 καί.
2025 5527 2075 5577 in
2109 5525 2230 5576 aliis
2258 5522 2498 5591 quinque
2526 5537 2657 5575 mss.
2694 5522 2865 5591 deest.

1946 5596 2058 5667 (67)
2088 5588 2304 5667 Editiet
2332 5588 2461 5667 [ἱείς.
2487 5593 2711 5667 primus,
2737 5591 2829 5643 τὸν
2848 5588 3127 5667 λογισμόν.
3148 5588 3264 5667 _Alii
3302 5588 3432 5658 quit:
3454 5618 3463 5622 -

1873 5659 1978 5735 que
2009 5659 2164 5730 mss.,
2200 5662 2291 5717 τὸν
2334 5659 2601 5733 λογισμῷ,
2633 5677 2750 5716 eum
2781 5662 2871 5719 aui
2899 5659 3103 5715 ratione
3137 5659 3336 5730 frenat,
3363 5672 3463 5730 op-

1875 5740 2022 5793 time.
