3808 6212
353 314 459 371 419

1323 304 1663 362 APPENDIX
1704 300 1993 359 OPERUM
2031 299 2090 356 S.
2131 292 2379 355 BASlLll
2411 297 2651 354 MAGNI.

3540 280 3650 350 ιεο

428 428 553 486 179.
580 425 748 483 Vsus.
775 424 867 480 25.
925 421 1019 477 Va:
1045 421 1214 491 tis‘qui
1238 421 1541 491 justiﬁcant
1570 421 1794 491 impium
1845 435 1940 490 pro

2132 417 2237 472 [79.
2265 416 2414 473 Οὐαὶ
2445 419 2500 472 οἱ
2528 414 2905 480 δικαιοῦντες
2931 412 3039 468 τὸν
3070 413 3262 483 ἀσεϐῆ
3294 413 3512 470 ἕνεκεν
3535 415 3651 471 δώ-

353 519 758 583 muneribus,-et
763 515 1031 585 justitiam
1059 516 1184 577 iusti
1225 511 1499 582 auferunt.
1532 511 1823 587 Perspicua
1861 522 1946 567 est

302 669 306 673 ,
356 611 473 667 haec
494 608 787 674 sententia,
804 622 927 678 quae
946 606 1276 662 condemnat
1296 619 1412 668 eos,
1438 604 1530 672 qui
1560 619 1660 675 pro
1684 604 1944 660 tribunali

355 703 629 767 sedentes,
666 698 737 754 ob
764 714 919 753 suum
948 698 1000 751 iu
1033 712 1400 750 mammonam
1426 697 1664 751 studium
1697 711 1945 752 corrum-

360 801 496 865 pttnt
535 790 802 860 judicium
837 798 1068 852 rectum,
1104 788 1399 857 faventque
1430 787 1659 843 cuilibet
1699 786 1771 843 ob
1819 802 1944 841 mu-

359 900 493 940 nera
526 890 747 953 accepta
778 882 825 914 ⁸⁰
848 901 863 937 :
886 882 982 951 qui
1007 881 1191 936 itidem
1233 881 1482 950 impium,
1518 879 1723 948 iustum
1758 878 1946 950 appel-

359 976 558 1039 lantes,
583 974 787 1044 justum
817 974 1100 1045 iniustitia:
1125 975 1407 1028 damnant.
1434 972 1594 1027 Ratio
1613 973 1759 1028 enim
1783 987 1949 1042 pecu-

359 1067 578 1125 niarum
618 1067 891 1123 desiderio
928 1076 1306 1137 praeocupata,
1330 1068 1535 1121 trutina
1567 1076 1674 1131 est,
1698 1080 1819 1134 quae
1847 1080 1946 1121 suo

360 1160 610 1231 pondere
633 1167 970 1214 momentum
995 1157 1147 1212 libra:
1175 1157 1451 1227 deprimit.
1468 1158 1830 1212 Attendamus
1855 1157 1949 1226 igi-

364 1263 453 1307 tur
496 1251 811 1322 diligentius
846 1249 1003 1305 nobis
1030 1249 1183 1319 ipsis,
1218 1264 1287 1304 ne
1329 1249 1470 1305 forte
1504 1251 1725 1321 impium
1757 1264 1951 1319 quent-

361 1343 506 1412 piam
537 1341 653 1396 sive
698 1339 995 1406 hominem,
1044 1339 1160 1394 sive
1207 1330 1516 1393 sermonem
1565 1340 1948 1410 justiﬁcetnus,

361 1433 585 1489 adducti
629 1431 885 1486 videlicet
909 1432 976 1485 ad
1016 1431 1117 1486 hos
1149 1431 1532 1502 approbandos
1569 1446 1664 1501 per
1687 1432 1946 1486 collatum

361 1524 637 1594 quoddam
684 1522 737 1576 in
784 1536 884 1576 nos
916 1520 1268 1585 beneﬁcium,
1297 1521 1584 1589 nequando
1613 1521 1666 1574 in
1701 1521 1950 1575 miserias

363 1615 667 1669 intentatas
694 1613 1016 1668 incidamus.
1061 1612 1223 1671 Vnus.
1261 1613 1353 1668 24.
1392 1612 1617 1682 Propter
1661 1615 1779 1677 hoc,
1814 1615 1952 1667 sicut

362 1714 547 1761 ttretur
576 1703 777 1775 stipula
800 1721 832 1759 a
861 1706 1086 1759 carbone
1107 1705 1267 1776 ignis,
1285 1713 1336 1759 et
1366 1709 1699 1759 comburetur
1728 1721 1761 1758 a
1789 1706 1950 1774 ﬂam-

2040 528 2187 581 ρων,
2212 510 2310 565 καὶ
2336 510 2403 564 τὸ
2445 509 2680 562 δίκαιον
2706 507 2814 561 τοῦ
2835 506 3072 562 δικαίου
3113 507 3407 576 αἴροντες.
3466 510 3652 577 Σαφὲς

2045 602 2108 656 τὸ
2147 603 2331 674 ῥητὸν,
2374 602 2702 671 κατακρίνον
2729 599 2858 662 τοὺς
2887 598 2948 651 ὲν
2980 599 3095 662 τοῖς
3126 599 3521 671 δικαστηρίοις.
3558 600 3653 655 διὰ

2046 694 2147 766 τὴν
2185 693 2324 766 πρὸς
2359 693 2452 749 τὸν
2490 693 2753 765 μαμωνᾶν
2796 691 3001 760 φιλίαν,
3036 692 3397 762 ἀφανίζοντας
3432 691 3533 763 μὲν
3587 691 3655 745 τδ

2047 785 2178 840 εὐθὺ
2202 785 2305 857 τῆς
2335 785 2598 857 κρίσεως,
2644 783 3109 857 προστιθεμένους
3135 782 3195 835 δὲ
3220 784 3288 854 τῇ
3321 781 3647 854 δωροδοκίῳ

2049 877 2144 932 καὶ
2176 877 2267 930 τὸν
2318 877 2419 948 μὲν
2448 876 2623 947 ἀσεϐῆ
2666 876 2877 930 δίκαιον
2931 873 3320 945 ὀνομάζοντας,
3360 874 3454 926 τὸν
3480 874 3538 926 δὲ
3565 873 3653 928 δί-

2049 987 2205 1025 καιον
2252 968 2339 1023 ἐπ’
2369 969 2554 1040 ἀδικίᾳ
2585 967 3074 1033 καταδικάζοντας.
3115 965 3393 1037 Λογισμδς
3423 967 3535 1036 γὰρ
3559 983 3653 1034 φι-

2049 1061 2325 1135 λαργυρίᾳ
2354 1061 2796 1136 προειλημμένος
2843 1058 3082 1132 τρυτάνη
3111 1059 3260 1111 ἐστὶν
3295 1059 3389 1112 ἐπὶ
3414 1058 3478 1112 τὸ
3506 1058 3650 1130 βαρὺ

2047 1154 2145 1207 τοῦ
2180 1154 2407 1220 κανόνος
2434 1154 2534 1226 τὴν
2564 1154 2735 1226 ῥοπὴν
2764 1153 3171 1224 καταφέρουσα.
3189 1148 3652 1224 Ἐπιμελέστερον

2050 1245 2108 1299 δὲ
2137 1246 2353 1303 ἑαυτοῖς
2375 1246 2756 1316 προσέχωμεν,
2790 1245 3000 1315 μήποτε
3026 1242 3200 1313 ἀσεϐῆ
3228 1259 3351 1296 τινα
3378 1243 3412 1314 ἢ
3438 1241 3655 1316 ἄνθρω-

2051 1354 2155 1391 πον
2180 1337 2214 1409 ἥ
2259 1338 2418 1406 λόγον
2449 1335 2855 1407 δικαιώσωμεν,
2900 1335 3041 1390 κατά
3071 1337 3169 1407 τὴν
3214 1334 3351 1406 πρὸς
3376 1336 3527 1406 ἡμᾶς
3549 1334 3655 1405 χά-

2053 1445 2139 1500 ριν
2174 1429 2577 1503 προσαχθέντες
2635 1430 2816 1483 αὐτῶν
2844 1432 2910 1500 τῇ
2970 1427 3390 1498 συγκαταθέσει,
3432 1428 3653 1498 μήποτε

2053 1522 2419 1593 ὑποπέσωμεν
2440 1521 2520 1592 τῷ
2550 1521 2856 1593 ἐγκειμένῳ
2884 1519 3221 1591 ταλανισμῷ.
3243 1521 3348 1573 Διά
3369 1518 3547 1573 τοῦτο
3576 1519 3657 1573 ὃν

2050 1615 2277 1683 τρόπον
2306 1612 2674 1680 καυθήσεται
2692 1616 2933 1683 καλάμη
2966 1611 3087 1668 ὑπὸ
3109 1612 3409 1680 ἄνθρακος
3431 1610 3652 1679 πυρὸς,

2054 1706 2155 1759 καὶ
2189 1704 2678 1776 συγ-καυθήσεται
2706 1705 2824 1759 ὑπὸ
2860 1704 3089 1775 φλογός
3125 1701 3480 1772 ἀνημμένης
3508 1701 3652 1773 (68),

364 1814 451 1850 ma
483 1811 734 1863 accensa,
764 1794 924 1849 radix
963 1810 1146 1849 eorum
1185 1797 1338 1865 quasi
1368 1795 1564 1865 lanugo
1601 1796 1736 1861 erit,
1771 1807 1816 1850 et
1849 1796 1949 1865 flos

2132 1796 2257 1866 ῥίζα
2281 1795 2483 1851 αὐτῶν
2513 1797 2594 1863 ὡς
2621 1796 2810 1867 χνοῦς
2839 1795 3033 1861 ἔσται,
3069 1794 3170 1848 καὶ
3217 1794 3284 1849 τὸ
3329 1791 3510 1860 ἄνθος
3543 1796 3654 1849 αὑ-

363 1905 546 1943 eorum
577 1888 730 1958 quasi
753 1887 925 1955 pulvis
949 1888 1216 1943 ascendet.
1261 1887 1566 1943 Nolueruttt
1608 1893 1747 1942 enim
1788 1889 1952 1958 legem

364 1977 584 2033 Domini
608 1977 866 2043 Sabaoth,
891 1978 982 2032 sed
1008 1978 1276 2049 eloquium
1298 1980 1471 2033 sancti
1508 1977 1679 2033 Israel
1701 1980 1951 2034 irritave-

366 2080 514 2125 rant.
544 2070 933 2125 lnterminatur
960 2070 1076 2124 haec
1110 2071 1379 2124 sententia
1407 2068 1808 2125 comburendas
1831 2084 1953 2126 esse

366 2169 714 2232 peccatorum
748 2161 996 2228 radices,
1032 2177 1097 2216 ac
1136 2161 1191 2214 in
1223 2160 1536 2232 lanuginem
1578 2162 1955 2216 comminuen-

367 2253 490 2319 das,
520 2250 819 2322 ﬁoremque
862 2253 1106 2322 ipsorum
1147 2260 1404 2322 tanquam
1445 2252 1725 2322 pulverem
1757 2268 1952 2308 ascen-

366 2359 580 2401 surum.
612 2344 744 2412 Quae
783 2359 928 2399 nunc
963 2342 1275 2400 inferuntur
1324 2344 1442 2415 pari
1491 2345 1704 2399 ratione
1744 2360 1809 2400 ac
1834 2360 1956 2415 quae

366 2437 522 2507 prius
554 2436 753 2491 tradita
786 2445 915 2491 sunt
940 2435 1330 2507 intelligamus.
1359 2436 1654 2508 Postquam
1681 2438 1825 2492 enim
1859 2454 1954 2494 su-

366 2528 555 2599 perius
583 2529 841 2583 disseruit
870 2531 937 2583 de
964 2528 1054 2594 iis,
1086 2529 1179 2599 qui
1212 2528 1505 2584 immodico
1529 2529 1657 2584 vino
1690 2530 1772 2584 usi
1804 2539 1951 2594 sunt,
1994 2530 1997 2531 ⁷

367 2636 571 2693 eosque
599 2622 691 2691 qui
719 2621 773 2675 in
801 2620 1021 2691 judiciis
1058 2635 1284 2675 munera
1326 2619 1624 2690 accipiunt,
1663 2622 1955 2691 reprehen-

368 2715 470 2777 dit,
501 2728 646 2767 nunc
674 2728 865 2767 eorum
893 2713 1104 2767 radices
1127 2713 1204 2767 uti
1224 2711 1478 2782 stipulam
1504 2727 1535 2766 a
1556 2713 1793 2768 carbone
1814 2714 1955 2785 ignis

369 2804 536 2876 510
571 2805 971 2860 comburendas
1008 2803 1428 2859 esse-aﬁirmat.
1475 2805 1731 2861 Calamus
1770 2816 1953 2861 autem

368 2900 552 2968 planta
577 2905 663 2951 est
689 2898 858 2952 radici
885 2896 1053 2952 debili
1085 2897 1294 2963 innixa,
1312 2896 1520 2951 extima
1551 2896 1839 2966 superﬁcie
1865 2898 1953 2953 lae-

368 2991 480 3054 vis,
512 2990 659 3044 intus
708 2989 885 3044 inanis
933 2999 989 3044 et
1033 3004 1201 3044 vacua
1240 3007 1254 3044 :
1287 3004 1409 3059 qua:
1450 2989 1788 3059 inaequaliter
1818 2990 1957 3045 reci-

369 3083 526 3152 piens
557 3084 970 3150 incrementum,
1008 3081 1389 3153 l'requentibus
1426 3083 1771 3154 intercipitur
1797 3084 1955 3154 geni-

2053 1888 2176 1944 τῶν
2205 1890 2286 1955 ὡς
2309 1888 2617 1957 κονιορτὸς
2638 1887 3025 1957 ἀναϐήσεται.
3087 1890 3170 1942 Οὐ
3201 1888 3311 1958 γὰρ
3332 1886 3656 1956 ἠθέλησαν

2052 1980 2162 2036 τὸν
2188 1983 2380 2051 νόμον
2406 1982 2631 2050 Κυρίου
2661 1979 2928 2046 Σαϐαὼθ,
2973 1979 3135 2034 ἀλλὰ
3182 1980 3251 2034 τὸ
3299 1980 3513 2049 λόγιον
3544 1979 3652 2034 τοῦ

2054 2074 2228 2144 ἁγίου
2266 2074 2506 2141 Ἰσραὴλ
2554 2072 2934 2143 παρώξυναν.
2983 2072 3224 2126 Ἀπειλεῖ
3258 2075 3286 2125 ό
3315 2072 3474 2141 λόγος
3517 2087 3651 2140 συγ-

2055 2160 2431 2232 καυθήσεσθαι
2486 2161 2588 2226 τὰς
2646 2161 2804 2234 ῥίζας
2840 2162 2950 2216 τῶν
3005 2162 3369 2234 ἁμαρτωλῶν,
3430 2163 3529 2215 καὶ
3572 2164 3652 2227 εἰς

2056 2254 2217 2327 χνοῦν
2232 2254 2342 2327 (69)
2358 2253 2946 2327 λεπτοποιηθήσεσθαι,
2963 2256 3059 2309 καὶ
3090 2256 3150 2308 τὸ
3184 2255 3343 2320 ἄνθος
3368 2255 3554 2308 αὐτῶν
3576 2254 3650 2320 ὡς

2056 2344 2335 2419 κονιορτὸν
2377 2346 2773 2419 ἀναϐήσεσθαι.
2792 2347 3124 2411 Ἀκολούθως
3150 2349 3264 2412 τοῖς
3286 2346 3652 2420 προαποδεδο-

2060 2440 2242 2512 μένοις
2272 2440 2558 2512 νοήσωμεν
2588 2439 2660 2494 τὰ
2703 2440 3043 2511 ὲπαγόμενα.
3079 2440 3217 2511 Περὶ
3248 2440 3358 2511 γὰρ
3384 2439 3494 2492 τῶν
3524 2438 3651 2511 οἴνῳ

2056 2535 2411 2607 κεχρημένων
2433 2535 2694 2608 ἀμέτρως
2721 2536 2779 2588 ὲν
2804 2538 2920 2597 τοῖς
2941 2535 3171 2588 κατόπιν
3204 2532 3532 2605 διαλεχθεὶς,
3559 2535 3655 2587 καὶ

2055 2626 2183 2690 τοὺς
2214 2628 2284 2682 τά
2322 2627 2470 2699 δῶρα
2512 2627 2895 2698 λαμϐάνοντας
2936 2628 2995 2680 ὲν
3022 2630 3142 2691 ταῖς
3175 2627 3390 2699 κρίσεσι
3427 2626 3655 2680 διαϐάλ-

2056 2718 2162 2774 λων
2194 2718 2331 2790 (70),
2366 2718 2463 2774 νῦν
2498 2718 2980 2791 συγκαυθήσεσθαι
3014 2718 3113 2783 τὰς
3150 2718 3303 2790 ῥίζας
3334 2716 3518 2770 αὐτῶν
3565 2716 3656 2771 λέ-

2057 2826 2167 2879 γει,
2219 2810 2297 2874 ὡς
2324 2811 2584 2883 καλάμην
2641 2811 2748 2865 ὑπὸ
2780 2810 3052 2882 ἄνθρακος
3086 2809 3277 2881 πυρός.
3328 2810 3487 2863 Ἔστι
3542 2810 3654 2863 δὲό

2057 2898 2306 2972 κάλαμος
2368 2901 2536 2970 φυτὸν
2585 2901 2679 2955 ἐπὶ
2722 2899 2986 2963 ἀσθενοῦς
3046 2898 3146 2969 τῆς
3182 2899 3339 2971 ῥίζης
3393 2897 3653 2970 βεϐηκὸς,

2057 2994 2199 3048 λεῖον
2233 2996 2333 3065 μὲν
2366 2994 2466 3066 τὴν
2514 2994 2711 3060 ἔξωθεν
2759 2995 3120 3064 ἐπιφάνειαν,
3180 2994 3430 3048 διάκενον
3473 2992 3537 3047 δὲ
3585 2992 3656 3048 τὰ

2061 3087 2229 3154 ἔνδον,
2267 3086 2557 3156 ἀνώμαλον
2605 3086 2662 3140 δὲ
2704 3085 2803 3158 τὴν
2866 3084 3131 3159 αὔξησιν,
3180 3087 3371 3155 γόνασι
3422 3088 3656 3150 πυκνοῖς

372 3148 533 3241 culis,
555 3177 700 3246 quod
752 3177 926 3231 virtus
956 3148 1082 3247 qua
1111 3148 1414 3241 increscit,
1446 3148 1661 3231 inﬁrma
1692 3148 1825 3232 cuni
1857 3177 1950 3243 sit,

2138 3148 2456 3251 ιλημμένον,
2480 3176 2570 3231 διὰ
2614 3177 2677 3230 τὸ
2699 3148 2900 3248 ἀσθενῆ
2936 3148 3232 3247 οὖσανϋτην
3258 3175 3513 3247 δύναμιν,
3559 3148 3656 3246 t‘tcp‘

373 3264 616 3335 plantam
664 3266 822 3321 istam
879 3268 1039 3321 modo
1092 3266 1253 3337 plano
1290 3276 1346 3323 et
1373 3266 1567 3336 aequali
1613 3283 1813 3339 augere
1845 3283 1952 3321 non

370 3359 565 3429 possit,
612 3358 705 3414 sed
751 3358 1088 3413 intermediat
1134 3357 1438 3428 cujusdam.
1463 3358 1783 3413 stabilitatis
1816 3357 1957 3412 indi-

372 3461 518 3522 geat.
553 3451 895 3522 QuaprOpter
943 3451 1222 3521 perﬁcitur
1270 3451 1577 3522 getticulum
1640 3461 1788 3516 tum,
1829 3465 1956 3507 cum

371 3543 548 3597 virtus
578 3543 666 3598 illa
698 3544 950 3613 quiescit.
982 3541 1117 3597 Nam
1146 3542 1236 3599 ubi
1275 3542 1554 3613 paululum
1584 3543 1829 3609 emersit,
1857 3557 1957 3598 ex-

374 3636 499 3690 inde
537 3636 791 3703 subsidit,
819 3637 1004 3706 sicque
1052 3635 1298 3706 longiore
1332 3650 1482 3690 mora
1507 3635 1814 3707 geniculum
1841 3636 1956 3691 elli-

373 3725 471 3780 cit.
519 3727 722 3780 Deinde
761 3742 977 3780 rursum
1004 3725 1089 3781 vis
1132 3725 1222 3780 illa
1258 3724 1508 3796 geniculo
1549 3734 1804 3795 tanquam
1839 3727 1954 3781 basi

372 3818 606 3888 quadam
639 3833 701 3874 ac
729 3816 1083 3873 fundamento
1121 3833 1254 3884 usa,
1287 3833 1350 3873 se
1387 3832 1602 3873 rursum
1632 3820 1870 3884 exserit;
1901 3827 1958 3872 et

374 3913 500 3966 dum
527 3909 600 3966 ita
628 3925 843 3981 semper
874 3910 1273 3977 interquiescit,
1297 3910 1540 3981 plantam
1574 3910 1829 3967 absolvit.
1856 3909 1960 3964 Ta-

445 4084 492 4118 ”
524 4084 549 4141 Ι
579 4086 711 4158 Reg.
739 4101 858 4153 νιιι,
888 4086 938 4144 ὅ.

470 4269 557 4338 68)
579 4265 679 4320 llic
714 4266 844 4338 editi
878 4271 934 4319 et
966 4280 1094 4338 mss.
1129 4264 1270 4318 inter
1297 4278 1359 4318 se
1392 4263 1553 4338 plane
1584 4262 1955 4338 consentiunt.

373 4336 507 4393 Nam
534 4334 743 4391 ueteres
770 4336 843 4390 illi
869 4351 1004 4404 quos
1043 4336 1265 4388 DIICIBIIS
1296 4345 1350 4388 et
1383 4334 1742 4404 Comheﬁsius
1767 4342 1960 4404 contu-

375 4410 486 4463 lere
511 4407 626 4460 libri
653 4421 758 4460 non
782 4400 939 4459 sectis
963 4420 1027 4457 ac
1051 4405 1218 4473 nostri
1244 4405 1466 4466 habent,
1489 4402 1686 4472 φλογὸς
1709 4400 1959 4473 ἀνημμέ-

372 4495 493 4548 νης,
518 4478 734 4547 ﬂamma
761 4491 1022 4548 accensa._
1054 4471 1481 4548 Quareerrasse
1503 4471 1737 4548 ’videtur
1761 4471 1952 4548 _Nobi-
1986 4474 2031 4528 Ι)

375 4541 656 4612 Ιιιὶε’,ἐυιη
691 4547 830 4610 apud
861 4543 1119 4598 Basilinm
1146 4545 1368 4609 perinde
1400 4554 1564 4611 atque
1594 4543 1731 4610 apud
1761 4541 1958 4595 Proco-

372 4619 520 4689 pium
543 4614 985 4689 l_egi_a_llirtttavit,
1011 4613 1208 4689 φλογός
1234 4614 1546 4689 ἀνειμένης,
1571 4614 1957 4689 ﬂammarew-

374 4682 510 4741 iuta.
542 4682 825 4754 Equidem,
856 4695 915 4738 ut
941 4682 1133 4738 verum
1158 4682 1426 4748 fatear,'si
1451 4682 1637 4738 liceret
1658 4683 1810 4754 sequi
1838 4696 1958 4748 quae

375 4752 906 4817 meliora—vitientur,
945 4754 1200 4807 libentius
1239 4754 1492 4821 legerem,
1531 4752 1959 4823 avstuévqg,_re-

372 4830 566 4894 soluta,
587 4840 747 4896 quam
772 4824 1114 4897 ἀνημμένης,
1138 4820 1385 4897 accensa;
1414 4838 1508 4897 nec
1529 4820 1671 4897 enim
1695 4820 1959 4897 diliitebor

373 4892 560 4967 vocent
594 4892 1390 4967 avsttzévqcrocedvnppévng
1432 4896 1533 4967 hoc
1560 4892 1835 4967 loco‘tnihi
1872 4893 1956 4967 νὶ-

373 4969 491 5023 deri
536 4966 691 5036 longe
720 4964 1190 5020 commodiorem.
1227 4965 1318 5016 Ait
1361 4966 1505 5036 enim
1538 4979 1642 5036 non
1686 4964 1755 5036 ita
1788 4964 1956 5014 multo

375 5048 499 5108 post
523 5033 812 5105 interpres,
843 5035 1122 5108 carbonem
1169 5050 1301 5108 esse_
1327 5034 1437 5106 πῦρ
1466 5033 1823 5108 γεῶδεςλΙιοο
1852 5039 1955 5089 est,

373 5104 550 5178 ignem
589 5104 907 5171 terrestrem,
964 5106 1220 5178 quipost
1271 5104 1502 5178 ﬂamina:
1547 5104 1853 5178 transitum,
1901 5111 1960 5152 ut

375 5170 493 5247 ipse
522 5178 780 5246 loquitur,
828 5170 1183 5230 ittcrassiore
1222 5175 1447 5229 tuawria
1482 5182 1746 5247 remanet.
1781 5170 1959 5247 Flam-

376 5239 520 5301 mam
548 5239 727 5301 autem
746 5261 865 5314 quae
886 5247 1118 5306 transiit,
1136 5254 1191 5298 et
1213 5247 1298 5298 cui
1322 5246 1585 5298 successit
1606 5241 1720 5312 πῦρ
1734 5239 1955 5310 γεῶδες,

378 5319 482 5372 hoc
507 5327 612 5379 est,
642 5318 780 5385 ignis
813 5318 1071 5368 terrestris
1093 5325 1142 5368 et
1174 5317 1426 5379 crassior,
1458 5322 1665 5366 constat
1698 5329 1801 5364 non
1835 5326 1957 5385 pro:

378 5387 495 5456 prie
514 5380 743 5455 amplius
768 5387 949 5439 vocari
979 5401 1136 5451 posse
1156 5385 1510 5456 κάνημμένην,
1535 5397 1830 5446 accensam,
1864 5380 1957 5456 sed

378 5452 558 5527 potius
587 5452 692 5510 dici
738 5458 935 5510 debere
969 5452 1292 5527 ἀνειμένην,
1323 5452 1646 5527 restitutam,
1682 5462 1757 5511 et.
1793 5460 1853 5505 ut
1886 5452 1957 5503 ita

379 5523 577 5589 dicam,
597 5528 932 5579 exstinctam.
967 5523 1114 5579 Ulut
1133 5523 1244 5578 hau:
1267 5535 1414 5585 sunt,
1440 5523 1570 5576 nihil
1602 5524 1653 5575 itt
1677 5529 1956 5583 contextu,

377 5596 799 5650 reclamantibus
828 5597 1004 5648 omnis
1039 5596 1254 5664 generis
1282 5594 1453 5657 libris,
1484 5607 1655 5664 ausus
1684 5607 1800 5646 smn
1837 5607 1957 5664 mu-

382 5675 518 5720 tare.
568 5667 775 5719 Addam
835 5663 1117 5730 duntaxat,
1172 5674 1231 5718 ut
1279 5665 1421 5732 apud
1480 5663 1847 5731 Procopium,
1886 5663 1958 5714 ita

380 5738 521 5808 apud
552 5733 718 5805 LXX,
753 5735 1042 5805 ἀνειμένης
1078 5734 1202 5806 legi.
1247 5732 1469 5803 Ibidem,
1502 5734 1590 5791 ubi
1637 5734 1690 5789 in
1719 5732 1878 5790 editis
1906 5741 1960 5788 et

2054 3266 2125 3345 ἧς
2158 3270 2271 3344 (71)
2301 3269 2545 3338 αὔξεται,
2606 3272 2683 3343 μὴ
2714 3270 2975 3325 δύνασθαι
3029 3270 3247 3342 ὁμαλῶς
3303 3268 3541 3342 αὐξῆσαι
3590 3270 3659 3323 τὸ

2059 3364 2247 3433 φυτὸν,
2280 3363 2418 3417 ἀλλά
2445 3362 2654 3417 δεῖσθαί
2671 3381 2816 3428 τινος
2844 3363 3207 3427 ἀναπαύσεως
3239 3366 3297 3416 ὲν
3324 3362 3404 3433 τῷ
3423 3362 3657 3434 μεταξύ·

2058 3451 2140 3506 διὸ
2172 3454 2266 3507 καὶ
2310 3453 2375 3507 τὸ
2407 3454 2536 3524 γόνυ
2585 3454 2931 3508 ἀποτελεῖται
2963 3457 3031 3526 τῇ
3064 3455 3396 3525 ὲνηρεμήσει
3430 3454 3533 3524 τῆς
3563 3455 3662 3507 δυ-

2060 3543 2279 3614 νάμεως
2309 3544 2444 3613 (72).
2470 3544 2640 3598 Ὅταν
2690 3544 2800 3616 γάρ
2831 3544 3026 3617 μικρὸν
3057 3544 3334 3616 προκύψῃ,
3356 3538 3478 3596 εἶτα
3504 3544 3665 3597 ἵστα-

2061 3652 2171 3701 ται,
2210 3634 2305 3688 καὶ
2336 3633 2480 3687 οὕτω
2501 3638 2567 3707 τῇ
2609 3635 2890 3689 ὲπιπλεῖον
2934 3637 3169 3707 ἐπιμονῇ
3197 3636 3258 3688 τὸ
3295 3635 3429 3705 γόνυ
3455 3636 3663 3688 ἀποτε-

2062 3726 2163 3780 λεῖ.
2215 3722 2349 3780 Εἶτα
2380 3726 2542 3779 πάλιν
2590 3721 2703 3781 οἷον
2744 3726 2929 3799 βάθρῳ
2984 3727 3092 3780 τινὶ
3146 3725 3240 3781 καὶ
3290 3726 3530 3797 θεμελίῳ
3576 3727 3660 3798 τῷ

2061 3819 2251 3888 γόνατι
2280 3817 2621 3891 κεχρημένη,
2663 3820 2699 3889 ἠ
2730 3817 2961 3889 δύναμις
2982 3819 3145 3873 πάλιν
3176 3817 3505 3890 προκύπτει,
3560 3819 3663 3872 καὶ

2060 3908 2234 3974 οὕτως
2254 3910 2342 3963 ἀεὶ
2379 3909 2772 3981 ἀναπαυομένη
2796 3909 3051 3963 ἀποτελεί
3075 3909 3137 3963 τὸ
3170 3910 3357 3979 φυτόν.
3408 3909 3662 3964 Τοιοῦτοι

2063 4263 2118 4315 in
2153 4269 2555 4352 qjuat‘t’to’rlmss.
2588 4264 2814 4351 perinde
2848 4272 3014 4352 atqu'e
3045 4264 3185 4333 apud
3217 4260 3563 4352 .Procopintn
3599 4282 3660 4352 et

2061 4330 2202 4400 apud
2231 4330 2372 4384 LXX
2400 4330 2613 4398 legitur,
2643 4333 2719 4397 ὡς
2763 4330 2935 4403 χνοῦς
2965 4330 3139 4398 ἔσται,
3174 4344 3230 4387 ιιι
3284 4330 3482 4405 [πηιὴο
3531 4341 3657 4403 erit,

2062 4402 2616 4480 scriptutnreperjtur
2650 4405 2701 4457 in
2739 4405 2860 4457 aliis
2884 4405 3094 4480 duobus
3126 4420 3254 4480 tuss.
3293 4414 3348 4460 et
3375 4410 3521 4477 apud
3552 4413 3661 4463 Eu-

2059 4470 2400 4542 sebiuttt_._tb;
2428 4470 2557 4542 χοῦς
2588 4472 2763 4534 ἔσται,
2791 4485 2845 4526 ut
2874 4474 3041 4541 pulvis
3063 4475 3182 4528 erit.

2132 4540 2241 4622 ςθθ)
2273 4539 2370 4622 Hic
2412 4539 2599 4620 rursus
2631 4545 2853 4613 quidam
2875 4539 3050 4607 'mss.,
3091 4546 3171 4607 εἰς
3201 4543 3351 4613 χοῦν.
3384 4546 3489 4600 Alii
3530 4563 3656 4603 cum

2058 4611 2565 4694 ediﬁﬁz‘i‘ﬁxwﬁv-
2652 4611 2662 4613 ⁷
2879 4682 2904 4694 -
2969 4681 3085 4694 -...

2133 4680 2244 4751 (70)
2279 4680 2419 4734 Editi
2459 4691 2514 4735 et
2548 4698 2685 4736 unus
2718 4697 2843 4744 ms.,
2875 4681 3198 4737 διαϐάλλων.
3234 4683 3337 4738 Alii
3368 4694 3499 4749 tres,
3533 4686 3657 4741 διας

2059 4749 2258 4824 ϐαλών,
2289 4751 2541 4824 ubilieg.
2578 4753 2784 4821 primus
2809 4763 2863 4805 et
2896 4752 3024 4824 Reg.
3057 4757 3248 4807 tertius
3274 4757 3449 4822 prima
3488 4772 3657 4812 manu

2059 4821 2277 4886 habent,
2301 4819 2593 4885 διαλαϐών,
2618 4835 2888 4891 corrupte.

2133 4891 2247 4965 Gl)
2279 4891 2356 4965 ita
2388 4906 2515 4965 mss.
2555 4894 2748 4965 nostri.
2783 4887 2930 4965 liditi
2957 4906 3110 4965 vero,
3149 4892 3242 4962 ἀφ’
3271 4887 3360 4965 ἦς.

2131 4959 2243 5042 (Ἰξ)
2285 4959 2505 5042 Ψθηδιᾰι
2543 4964 2651 5042 καὶ·
2669 4962 2729 5016 τὸ
2755 4962 2885 5042 γόνυ
2909 4959 3252 5042 ἀποτελεῖται
3280 4959 3346 5035 τῇ
3379 4966 3546 5042 turma
3558 4968 3664 5042 μή-

2131 4980 2243 5042 με)
2286 4980 2393 5023 uta,
2417 4980 2505 5016 οια
2543 4980 2637 5016 και
2669 4980 2729 5016 το
2755 4980 2885 5033 γονυ
2909 4980 3252 5016 αποτελειται
3280 4980 3346 5035 τῃ
3379 4980 3664 5089 cura)qu-

2061 5047 2144 5083 σει
2168 5047 2266 5100 της
2291 5031 2593 5101 δυνάμεως,
2619 5034 2744 5087 dutn
2782 5037 2851 5085 ita
2878 5042 3114 5087 verteret
3137 5035 3426 5101 interpres.
3503 5037 3535 5087 b
3567 5038 3664 5090 Itoc

2059 5101 2217 5174 etiam
2237 5103 2543 5174 geniculum
2577 5105 2755 5174 tribuit
2776 5102 2880 5174 illi
2930 5113 3143 5167 natura,
3175 5106 3462 5167 supplendo
3498 5105 3657 5174 defe-

2060 5172 2165 5223 ctui
2198 5171 2408 5244 virium,
2449 5173 2634 5240 procul
2664 5172 2826 5226 dttbio
2862 5187 3049 5226 vocem
3084 5174 3417 5244 ἐνηρέμησις
3441 5176 3530 5228 hic
3566 5171 3663 5244 pro

2061 5254 2190 5316 rore
2216 5241 2421 5312 ἐρημία
2464 5244 3029 5316 stttniarhitrabatur.
3084 5241 3223 5316 Nam
3255 5241 3392 5297 ‘voce
3443 5241 3657 5316 ἐρημία

2062 5311 2327 5383 delectum
2374 5322 2536 5380 atque
2591 5314 2990 5366 destitutionem
3052 5313 3345 5381 signiﬁcari
3391 5311 3487 5383 qui
3543 5311 3657 5369 non

2063 5384 2230 5441 novit.
2273 5381 2585 5436 Graecarum
2637 5384 2938 5437 litterarum
2990 5388 3203 5450 penitus
3253 5381 3505 5437 rudis—sit
3567 5399 3661 5438 nc-

2059 5466 2214 5527 cesse
2239 5463 2342 5505 est.
2381 5451 2484 5527 Sed
2520 5469 2618 5506 sua
2647 5453 2814 5527 falsus
2843 5462 2926 5506 est
2959 5456 3232 5527 Opinione,
3268 5454 3399 5506 Nam
3427 5456 3495 5527 ab
3528 5454 3663 5527 ὴρετ

2063 5526 2207 5592 μεῖν,
2258 5524 2401 5594 quod
2456 5535 2540 5575 est
2589 5524 2881 5592 quiescere,
2923 5538 3019 5575 vox
3068 5523 3403 5594 ὲνηρέμησις
3443 5523 3658 5578 desiimi

2061 5590 2293 5645 constat.
2339 5590 2450 5645 llnt:
2487 5590 2650 5658 igitur
2697 5595 2829 5647 dicit
2876 5590 3473 5663 scriptor."geiticttlum
3533 5609 3659 5664 per

2063 5664 2172 5727 lici,
2208 5676 2329 5734 cum
2363 5664 2647 5734 glutinosa
2717 5668 2964 5733 quredatn
3009 5666 3182 5734 virtus
3234 5664 3393 5734 paulo
3453 5666 3662 5720 diutius

2062 5734 2250 5789 eodem
2278 5733 2331 5786 in
2362 5730 2482 5789 loco
2520 5730 2862 5801 immoratur,
2889 5745 2943 5787 ct
2973 5733 3223 5804 quiescit.
