3808 6212
111 312 225 368 ω’

998 305 1361 365 COMMENT.
1401 304 1471 360 IN
1510 304 1747 361 ISAIAM
1782 302 2234 363 PROPHETAM.
2275 303 2431 359 CAP.
2470 303 2533 359 ν.

3294 306 3404 366 422

109 430 170 487 δι
202 432 251 487 οἱ
280 429 391 485 ἀπὸ
415 430 526 485 τῶν
563 429 659 484 τοῦ
691 429 899 503 κόσμου
951 430 1144 484 τούτου
1196 426 1540 501 πραγμάτων
1565 425 1707 496 γνώ-
1737 433 1787 491 Α
1813 424 1896 479 les

1874 439 1896 479 s
1929 433 2076 490 sunt,
2114 423 2209 494 qui
2247 438 2317 478 ex
2360 420 2524 492 huius
2571 420 2756 478 mundi
2796 424 2964 478 rebus
2994 420 3239 480 illustres
3268 439 3402 481 eva-

116 540 288 598 ριμοι,
322 524 418 578 ἐπὶ
452 522 662 597 σαθρᾶς
703 523 1001 596 βεϐηκότες
1045 522 1149 592 τῆς
1183 521 1415 592 βάσεως,
1472 518 1711 573 διάκενοι

109 616 206 671 τὸν
252 616 364 671 ἔσω
405 615 718 689 ἄνθρωπον,
767 618 837 688 τῇ
886 614 1175 688 ἀνωμαλίᾳ
1232 612 1341 668 τῶν
1373 611 1469 665 τοῦ
1501 611 1709 682 κόσμου

112 708 307 764 τούτου
344 708 688 781 πραγμάτων
722 708 1016 773 συζῶντες.
1063 707 1164 760 Διὰ
1212 707 1372 760 τοῦτο
1420 705 1481 758 ὃν
1511 704 1711 776 τρόπον

118 798 456 871 καυθήσεται
483 798 704 869 καλάμη
736 797 842 852 ὑπὸ
880 797 1155 869 ἄνθρακος
1189 796 1383 867 πυρὸς,
1411 795 1554 849 οὓτω
1578 794 1712 866 φησὶ

115 890 628 963 καταφλεγήσεσθαι
659 889 761 954 τὰς
784 889 943 962 ῥίζας
971 887 1151 945 αὐτῶν
1173 887 1281 942 ὑπὸ
1314 884 1510 956 φλογὸς
1536 885 1713 955 ἀνημ-

116 982 307 1055 μένης-

188 1074 316 1132 180.
378 1066 595 1144 Ᾱνθραξ
642 1071 703 1126 δέ
730 1072 850 1126 ἐστι
879 1070 994 1143 πῦρ
1022 1070 1255 1141 γεῶδες,
1295 1068 1437 1142 μετὰ
1462 1068 1563 1142 τὴν
1609 1067 1711 1139 τῆς

111 1164 314 1236 φλογὸς
342 1164 578 1237 πάροδον
594 1166 661 1236 τῇ
685 1162 975 1235 παχυτέρα
999 1161 1101 1238 ὕλῃ
1131 1164 1516 1232 ὲναπομεῖναν.
1556 1161 1711 1214 Ἐπεὶ

110 1253 205 1311 οὖν
246 1257 299 1310 ol
329 1254 599 1328 ἐμπαθῶς
651 1254 850 1320 ζῶντες
886 1255 1086 1308 οἰκεῖον
1123 1254 1306 1326 ἔχουσι
1342 1253 1406 1307 τὸ
1463 1252 1573 1306 τῶν
1604 1268 1711 1305 πα-

112 1350 225 1405 θῶν
251 1348 389 1421 πῦρ,
437 1347 514 1413 ὡς
542 1349 571 1401 ό
604 1346 862 1412 πλούσιος
917 1345 1066 1400 ἔνδον
1112 1342 1228 1417 εἶχε
1261 1346 1361 1418 τὴν
1400 1345 1582 1399 αἰτίαν
1610 1344 1710 1417 τὴν

109 1436 608 1510 καταφρύσσουσαν
642 1436 804 1492 αὐτὸν
832 1435 909 1509 τῷ
941 1436 1108 1508 δίψει,
1163 1437 1253 1493 διὰ
1281 1436 1441 1491 τοῦτο
1473 1440 1586 1502 τοῖς
1620 1437 1711 1490 πί-

106 1549 263 1587 νουσι
281 1533 376 1586 τὸν
399 1524 542 1585 οἶνον
571 1528 787 1584 ἀπειλεῖ
815 1529 892 1592 ὡς
924 1527 1204 1598 οἰνόφλυξι
1234 1528 1327 1583 τὸν
1353 1529 1419 1584 ὲκ
1444 1528 1551 1599 τῆς
1580 1526 1712 1582 καύ-

109 1643 253 1690 σεως
286 1623 623 1696 ἀφανισμόν.
686 1619 909 1695 Ἐπειδὴ
965 1619 1023 1676 δὲ
1050 1623 1146 1676 καὶ
1188 1621 1376 1676 ἕνεκεν
1429 1620 1617 1693 δώρων
1648 1621 1711 1676 τὸ

103 1718 319 1773 δίκαιον
372 1716 779 1788 διαστρέφουσι,
806 1715 902 1770 καὶ
932 1715 1031 1787 τὴν
1060 1715 1216 1789 ῥίζαν
1253 1714 1433 1769 αὐτῶν
1465 1731 1708 1783 συγκαυ-

1815 519 1951 572 dunt
1978 531 2044 572 ac
2083 515 2407 586 conspicui:
2438 513 2636 584 quippe
2676 513 2823 583 putri
2864 512 3222 570 fundamento
3264 517 3402 582 nisi,

1815 619 1870 663 et
1901 607 2056 676 juxta
2086 608 2402 662 interiorem
2436 605 2717 661 hominem
2760 604 2921 660 vacui
2941 645 2957 671 ,
2992 605 3137 661 inter
3168 608 3405 661 munda-

1814 715 2006 754 narum
2035 715 2216 754 rerum
2249 697 2666 753 inconstantiam
2685 712 2751 753 ac
2782 697 3207 768 inaequalitatem
3236 701 3404 753 vitam

1815 807 1969 847 suam
2010 793 2318 848 traducunt.
2362 791 2496 844 Eam
2536 789 2606 845 ob
2646 805 2863 846 causam
2888 830 2906 859 ,
2948 790 3404 861 quemadmodum

1813 894 2004 941 uretur
2033 884 2235 955 stipula
2264 899 2295 939 a
2325 886 2564 939 carbone
2605 883 2766 952 ignis,
2805 884 2879 939 ita
2911 884 3126 940 radices
3153 898 3344 941 eorum
3373 898 3408 938 a

1811 974 2033 1030 ﬂamma
2058 990 2288 1031 accensa
2326 972 2563 1029 allirmat
2586 974 2928 1030 combustum
2953 975 3044 1032 iri.

1885 1067 2011 1124 180.
2062 1069 2159 1123 Est
2199 1075 2380 1121 autem
2424 1065 2593 1121 carbo
2631 1064 2793 1136 ignis,
2821 1066 2978 1137 quasi
3025 1067 3301 1124 terrestris
3339 1082 3405 1122 ac

1812 1161 2075 1233 spissior,
2114 1159 2206 1231 qui
2251 1169 2373 1231 post
2418 1158 2663 1214 materiae
2706 1158 2997 1215 transitum
3029 1159 3084 1214 in
3124 1161 3402 1216 crassiore

1812 1253 2040 1308 materia
2072 1261 2338 1307 remanet.
2364 1250 2635 1323 Quoniam
2665 1250 2831 1322 igitur
2855 1250 2892 1305 ii
2916 1251 3011 1321 qui
3039 1251 3184 1307 inter
3212 1251 3405 1306 turbu-

1811 1345 1984 1400 lentos
2012 1344 2178 1398 animi
2197 1342 2424 1399 allectus
2444 1342 2652 1411 vivunt,
2682 1342 3150 1413 perturbationum
3181 1360 3403 1400 suarum

1812 1438 2017 1491 habent
2056 1437 2234 1505 ignem
2266 1435 2630 1505 peculiarem,
2668 1434 3122 1504 quemadmodum
3165 1445 3221 1490 et
3254 1437 3407 1492 dives

1810 1526 1900 1582 ille
1932 1526 2260 1581 intrinsecus
2289 1526 2523 1580 habebat
2569 1539 2818 1591 causam,
2857 1540 2978 1595 qua:
3021 1541 3119 1596 per
3145 1526 3293 1581 sitim
3319 1525 3405 1596 ip-

1810 1632 1929 1673 sum
1963 1616 2313 1683 incendebat,
2346 1615 2554 1672 idcirco
2581 1617 2768 1671 vinum
2796 1616 3106 1672 bibentibus
3142 1618 3221 1672 uti
3251 1618 3408 1672 vino-

1810 1709 1975 1764 lentis
2007 1718 2311 1764 extremum
2336 1722 2433 1777 per
2459 1707 2735 1763 ﬂammam
2758 1708 2986 1763 exitium
3018 1710 3403 1765 comminatur.

103 1809 378 1883 θήσεσθαι
415 1783 579 1881 φησιν
612 1783 726 1862 -ὐπὸ
756 1808 953 1877 φλογὸς
971 1783 1315 1879 ἀνημμένηςο
1356 1807 1512 1879 ῥίζαν
1536 1806 1711 1874 λέγων
1741 1783 1788 1843 Β
1819 1801 1919 1857 Sed

1874 1804 1926 1857 :d
1954 1802 2081 1872 quia
2116 1810 2338 1872 propter
2367 1817 2597 1857 munera
2638 1801 2802 1857 etiam
2832 1801 2926 1871 jus
2959 1813 3301 1873 pervertunt,
3329 1804 3409 1858 ait

100 1900 206 1971 τὴν
236 1896 610 1971 φιλαργυρίαν
637 1888 912 1967 δηλονότι,
954 1895 1086 1969 περὶ
1112 1892 1181 1969 ἧς
1206 1896 1300 1951 καὶ
1328 1899 1357 1950 ὁ
1391 1894 1714 1959 Ἀπόστολος

102 1992 450 2064 ἀπεφήνατο,
484 1990 566 2043 ὅτι
619 1986 775 2049 Ῥίζα
800 1986 1043 2042 πάντων
1066 1986 1187 2042 τῶν
1242 1986 1445 2042 κακῶν
1475 1989 1647 2041 ἐστιν
1671 1987 1711 2057 ἡ

101 2080 492 2150 φιλαργυρία.
536 2077 670 2131 Ἀπὸ
694 2078 752 2131 δὲ
776 2077 1033 2150 τοιαύτης
1056 2077 1213 2149 ῥίζης
1250 2079 1433 2131 ὁποῖον
1464 2077 1525 2131 τὸ
1552 2075 1713 2140 ἄνθος

102 2174 260 2238 εἰκὸς
288 2171 627 2237 ἀναϐαίνειν,
663 2171 697 2242 ἢ
741 2169 1006 2242 κονιορτῷ
1057 2169 1460 2242 παραπλήσιον,
1495 2168 1713 2239 ἁστάτῳ

103 2267 275 2337 φύσει
293 2268 389 2321 καὶ
410 2263 819 2336 σκεδαννυμένῃ
846 2264 926 2326 είς
963 2262 1135 2333 ἀέρα;
1172 2260 1241 2316 Ἦ
1269 2265 1502 2333 μήποτε,
1521 2260 1712 2333 ὥσπερ

101 2361 133 2413 ὁ
168 2358 455 2430 κονιορτὸς
486 2355 795 2427 ἐμποδίζων
839 2357 962 2419 ταῖς
992 2356 1316 2421 ἀναπνοαῖς,
1347 2354 1713 2410 ’ἐπιϐουλεύει

102 2449 273 2523 ἡμῶν
327 2452 394 2521 τῇ
425 2449 562 2522 ζωῇ
597 2447 741 2502 οὕτω
775 2449 870 2517 καὶ
915 2447 983 2502 τὰ
1016 2448 1114 2519 τῆς
1146 2447 1513 2520 φιλαργυρίας
1551 2446 1710 2518 ἄνθη,

100 2546 164 2599 al
192 2541 530 2609 πλεονεξίαι,
566 2543 623 2596 αἱ
654 2541 882 2607 ἀδικίαι,
903 2540 965 2595 τὸ
1000 2540 1216 2611 ψεῦδος,
1240 2542 1298 2594 αἱ
1333 2539 1712 2610 συκοφαντίαι,

101 2635 175 2688 τὰ
209 2632 355 2689 ἄλλα
383 2634 484 2687 ὅσα
521 2633 621 2706 τῆς
656 2634 904 2705 πονηρᾶς
955 2632 1112 2705 ῥίζης
1158 2633 1275 2686 ἐστὶ
1329 2633 1711 2705 βλαστήματα,

101 2725 439 2799 ἀναιρετικὰ
468 2725 569 2797 τῆς
609 2723 754 2797 ζωῆς
796 2724 952 2797 ήμῶν
985 2728 1126 2788 ἐστι,
1158 2729 1222 2798 τῇ
1251 2726 1587 2798 καθαρότητι
1616 2725 1713 2780 τοῦ

100 2816 427 2888 πνεύματος
450 2814 832 2886 ἐμποδίζοντα.
861 2815 1073 2887 Σφόδρα
1094 2815 1151 2868 δὲ
1176 2833 1454 2888 παρατετη
1464 2834 1529 2888 ρη
1539 2816 1715 2888 μένως

101 2910 209 2963 οὐκ
266 2905 415 2972 εἷπε,
450 2908 563 2963 Καὶ
611 2911 641 2962 ό
688 2909 905 2981 καρπὸς
949 2907 1153 2972 αὐτῶν,
1202 2908 1361 2972 ἀλλὰ,
1408 2909 1478 2963 Τὸ
1532 2908 1715 2976 ἄνθος

100 2999 335 3056 αὐτῶν.
382 3000 573 3072 Ἀτελῆ
615 2999 725 3071 γὰρ
745 2998 816 3054 τὰ
834 3000 934 3071 τῆς
967 2999 1168 3064 κακίας
1224 2999 1600 3073 βλαστήματα,
1656 3003 1713 3054 ἐν

100 3094 251 3165 αὐτῇ
285 3094 354 3165 τῇ
398 3091 714 3164 βλαστήσει,
766 3092 862 3147 καὶ
912 3090 991 3164 τῷ
1027 3092 1230 3164 πρώτῳ
1273 3092 1423 3147 ἄνθει
1456 3092 1715 3162 ἀφανιζό-

106 3202 279 3257 μενα.
344 3182 533 3238 Εἶδον
592 3183 703 3256 γὰρ
765 3184 875 3238 τὸν
936 3183 1130 3253 ἀσεϐῆ
1186 3186 1710 3254 ὑπερυψούμενον,

99 3274 207 3329 καὶ
230 3271 575 3343 παρῆλθον,
602 3273 698 3326 καὶ
736 3271 865 3326 ιδοὺ
896 3274 1008 3327 οὐκ
1031 3268 1135 3343 ἦν.
1164 3272 1222 3324 Ὀ
1247 3272 1346 3343 μὲν
1371 3267 1464 3325 οὖν
1484 3272 1712 3335 δίκαιος,

100 3365 182 3430 ὡς
215 3364 284 3418 τό
313 3363 471 3429 ξύλον
525 3362 646 3417 ἐστὶ
672 3361 734 3417 τὸ
772 3363 1187 3434 πεφυτευμένον
1238 3364 1394 3436 παρὰ
1423 3364 1525 3427 τὰς
1579 3362 1718 3428 διεξ-

99 3450 264 3521 όδους
312 3454 427 3510 τῶν
480 3454 710 3522 ὑδάτων,
756 3454 996 3526 διηνεκεῖ
1022 3457 1088 3526 τῇ
1142 3456 1374 3526 ἐπιρροῇ
1417 3454 1520 3524 τῆς
1571 3455 1717 3525 ζωῆς

100 3548 541 3620 καταρδόμενος·
591 3545 684 3600 τοῦ
725 3546 783 3600 δὲ
826 3544 1154 3618 ἁμαρτωλοῦ
1181 3547 1215 3616 ἡ
1246 3546 1372 3617 ῥίζα
1397 3545 1714 3617 συγκαυθή-

103 3659 292 3707 σεται,
329 3641 445 3696 Kal
502 3642 572 3695 τὸ
604 3640 798 3707 ’ἄνθος
828 3641 912 3707 ὡς
960 3637 1271 3710 κονιορτὸς
1327 3639 1712 3705 ἀναϐήσεται.

101 3735 267 3788 Διότι
297 3734 413 3788 οὐκ
439 3732 758 3802 ἠθέλησαν
789 3733 899 3787 τὸν
929 3733 1122 3802 νόμον
1170 3734 1397 3801 Κυρίου
1444 3733 1554 3806 (75)
1599 3736 1716 3787 Σα-

102 3825 292 3889 εαίι›θ;
345 3824 511 3880 ἀλλὰ
540 3824 610 3879 τὸ
631 3825 841 3894 λόγιον
895 3824 1004 3879 τοῦ
1042 3825 1217 3895 ἁγίου
1277 3826 1528 3894 Ἰσραὴλ
1570 3841 1719 3894 παρ-

100 3918 385 3984 ώξυναν.
439 3916 622 3988 Νόμου
672 3917 770 3971 καὶ
798 3916 977 3986 λόγιον
1001 3916 1294 3989 διαφόρους
1346 3917 1495 3985 λέγει
1544 3934 1717 3990 προσ-

99 4011 345 4085 ηγορίας
400 4011 630 4083 Κυρίου.
678 4011 779 4065 Διὰ
831 4010 993 4064 τοῦτο
1030 4010 1107 4075 ὡς
1157 4010 1288 4082 περὶ
1330 4010 1576 4082 ἐμψύχου
1622 4010 1715 4064 τοῦ

100 4104 295 4174 λογίου
329 4106 361 4158 ὁ
396 4105 687 4176 προφήτης
719 4103 874 4175 φησί’
928 4103 998 4157 Τὸ
1023 4105 1236 4174 λόγιον
1272 4103 1501 4173 Κυρίου
1569 4120 1719 4173 παρ-

99 4198 376 4262 ώξυναν.
409 4197 594 4268 Νόμος
626 4196 736 4269 γὰρ
765 4195 874 4260 ζῶν
904 4196 1000 4250 καὶ
1017 4197 1190 4266 Λόγος
1220 4196 1356 4251 Θεοῦ
1381 4197 1717 4268 ὁμονογενὴς

101 4290 244 4354 Υἱὸς
271 4289 411 4360 (74),
439 4289 508 4343 δι’
533 4285 595 4344 οὗ
631 4288 699 4342 τὰ
730 4287 930 4342 πάντα.

179 4379 308 4435 181.
332 4380 445 4434 Kal
477 4378 749 4449 ἐθυμώθη
781 4378 931 4448 ὀργῇ
964 4378 1180 4447 Κύριος
1213 4378 1457 4436 Σαϐαὼθ
1486 4380 1585 4434 ἐπὶ
1616 4381 1720 4436 τὸν

1815 1896 2057 1951 radicem
2100 1896 2339 1965 ipsorum
2381 1910 2503 1951 esse
2551 1895 2977 1950 comburendam
3005 1910 3035 1949 a
3069 1894 3283 1950 ﬂamma
3311 1912 3406 1952 ac-

1814 2001 2016 2053 censa;
2042 1987 2278 2041 radicem
2301 1986 2556 2042 videlicet
2576 1984 2852 2056 appellans
2876 1987 3189 2055 avaritiam,
3208 1989 3274 2042 de
3295 2003 3403 2058 qua

1814 2084 1870 2134 et
1899 2078 2198 2149 Apostolus
2234 2078 2373 2133 hanc
2403 2077 2735 2133 sententiam
2769 2076 2934 2132 tulit:
2969 2075 3146 2132 Radix
3170 2081 3407 2133 omnium

1815 2173 2081 2226 malorum
2114 2180 2192 2226 est
2223 2171 2450 2224 avaritia
2471 2170 2543 2224 δι.
2567 2169 2794 2237 Qualem
2826 2177 3009 2225 autem
3036 2168 3227 2226 ﬂorem
3262 2171 3407 2226 veri-

1816 2263 1993 2319 simile
2018 2272 2102 2318 est
2131 2262 2199 2317 ab
2232 2261 2538 2330 huiusmodi
2566 2261 2749 2316 radice
2774 2275 3080 2332 emergere,
3112 2262 3214 2319 nisi
3253 2262 3407 2317 simi-

1816 2356 1921 2411 lem
1949 2356 2157 2426 pulveri
2182 2366 2375 2425 suapte
2400 2364 2594 2425 natura
2617 2353 2853 2409 instabili
2876 2364 2934 2409 et
2961 2354 3016 2409 in
3042 2362 3167 2409 aera
3191 2352 3407 2410 effuso?

1818 2448 1928 2503 Aut
1964 2448 2127 2513 forte,
2165 2446 2620 2518 quemadmodum
2652 2446 2827 2514 pulvis
2858 2446 3272 2516 respirationem
3305 2448 3409 2501 im-

1817 2542 2061 2612 pediens,
2093 2542 2216 2595 vita:
2241 2549 2446 2595 nostra:
2483 2540 2706 2595 molitur
2739 2539 3004 2607 insidias;
3037 2542 3109 2594 ita
3142 2550 3198 2595 et
3225 2543 3407 2597 avari-

1818 2634 1905 2688 tiae
1932 2633 2114 2701 ﬂores,
2149 2632 2491 2703 inexplebilis
2542 2633 2895 2702 pecuniarum
2935 2634 3222 2703 cupiditas,
3267 2634 3409 2704 inju-

1816 2727 1998 2792 stitiae,
2045 2726 2424 2790 mendacium,
2461 2724 2783 2790 calumniae,
2839 2733 2894 2779 et
2925 2723 3031 2779 alia
3069 2739 3408 2796 quaecunque

1815 2817 2019 2872 radicis
2047 2832 2229 2884 pravae
2258 2817 2505 2887 germina
2531 2826 2681 2881 sunt,
2713 2815 2883 2870 vitam
2918 2826 3158 2871 nostram
3187 2818 3405 2887 penitus

1819 2911 2037 2975 tollunt,
2066 2925 2191 2966 cum
2220 2910 2447 2981 spiritus
2485 2908 2808 2964 munditiam
2837 2909 3195 2980 praepediant.
3223 2908 3406 2965 Crte-

1817 3019 1936 3057 rum
1977 3003 2273 3070 prudenter
2304 3000 2597 3056 admodum
2633 3016 2741 3056 non
2770 3002 2939 3056 dixit:
2972 3001 3038 3057 Et
3064 3000 3277 3057 fructus
3307 3016 3407 3057 eo-

1817 3111 1971 3162 rum,
2004 3097 2120 3161 sed,
2156 3093 2284 3149 Flos
2314 3110 2517 3149 eorum.
2545 3092 2679 3148 Nam
2709 3092 3026 3163 imperfecta
3052 3103 3276 3148 manent
3307 3107 3408 3148 ne-

1816 3188 2001 3256 quitia:
2023 3186 2292 3257 germina,
2327 3194 2385 3241 et
2404 3184 2737 3256 simulatque
2759 3184 3067 3256 germinare
3090 3198 3153 3239 ac
3172 3182 3409 3253 primum

1816 3278 2017 3334 ﬂorere
2067 3278 2368 3348 coeperint,
2424 3287 2789 3333 marcescunt.
2839 3275 2962 3332 Vidi
2985 3276 3130 3332 enim
3185 3275 3408 3344 impium

1815 3372 2369 3439 superexaltatumnt
2410 3371 2673 3437 transivi,
2717 3378 2767 3425 et
2812 3386 2930 3426 ecce
2976 3386 3080 3424 non
3115 3366 3313 3424 erat”.
3341 3366 3408 3422 Et

1816 3463 2035 3533 quidem
2077 3464 2259 3533 justus
2303 3464 2470 3519 veluti
2521 3463 2764 3535 lignum,
2798 3462 3097 3517 secundum
3144 3462 3408 3516 decursus

1817 3569 2084 3624 aquarum
2121 3556 2391 3611 consitum
2414 3556 2482 3622 ⁸³,
2516 3556 2779 3612 continuo
2806 3557 2932 3610 vita:
2970 3554 3177 3624 allapsu
3207 3553 3407 3623 irriga-

1819 3655 1935 3701 tur:
1957 3648 2050 3701 sed
2082 3649 2438 3702 comburetur
2466 3648 2770 3718 peccatoris
2790 3646 3052 3713 radix,Et
3075 3649 3175 3718 [los
3207 3656 3264 3701 ut
3284 3646 3409 3716 pul-

1816 3739 1891 3792 vis
1920 3738 2186 3792 ascendet.
2213 3737 2359 3791 Nam
2384 3741 2671 3793 noluerunt
2701 3739 2864 3809 legem
2882 3738 3098 3793 Domini
3138 3737 3401 3800 Sabaoth,

1816 3833 1908 3885 sed
1931 3831 2195 3900 eloquium
2219 3833 2395 3886 sancti
2425 3831 2602 3887 Israel
2629 3832 3094 3887 exacerbaverunt.
3127 3831 3326 3902 Legem
3354 3846 3411 3888 et

1819 3922 2095 3992 eloquium
2127 3922 2364 3991 appellat
2405 3923 2618 3979 diversa
2648 3922 2862 3977 Domini
2903 3924 3146 3979 nomina.
3179 3923 3313 3977 Eam
3339 3923 3409 3977 ob

1817 4028 1933 4067 rem
1959 4013 2222 4083 propheta
2245 4013 2311 4069 de
2333 4012 2598 4082 ejusmodi
2622 4014 2837 4085 eloquio
2869 4024 3127 4086 tauquam
3157 4015 3401 4069 animato

1817 4106 1933 4160 ait:
1971 4104 2257 4173 Eloquium
2301 4104 2403 4160 Dei
2444 4106 2816 4161 irritaverant.
2848 4104 2943 4161 Est
2982 4106 3128 4160 enim
3163 4104 3247 4160 lex
3280 4107 3403 4159 viva

1820 4198 2054 4254 Verbum
2082 4199 2198 4266 Dei,
2222 4198 2535 4270 unigenitus
2562 4198 2753 4265 Filius,
2779 4211 2877 4268 per
2917 4212 3081 4268 quem
3115 4198 3258 4253 facta
3281 4204 3409 4254 sunt

1818 4290 1999 4345 Omnia
2028 4288 2097 4343 ⁸⁸.

1891 4380 2015 4435 181.
2048 4378 2212 4434 Vens.
2241 4379 2334 4434 25.
2376 4378 2444 4433 Ει
2480 4379 2788 4451 indignatus
2813 4390 2888 4436 est
2916 4381 2999 4435 ira
3022 4381 3276 4436 Dominus
3302 4380 3411 4436 Sa-

101 4471 268 4528 λαὸν
306 4470 521 4537 αὐτοῦ,
576 4471 676 4524 καὶ
709 4470 969 4524 ἐπέϐαλε
1027 4470 1142 4539 τὴν
1191 4470 1361 4540 χεῖρα
1397 4471 1586 4526 αὐτοῦ
1624 4473 1717 4526 ἐπ’
1749 4491 1795 4547 Ι)
1823 4474 1919 4528 bac

1874 4474 1982 4528 roth
1996 4473 2098 4543 51
2110 4474 2412 4542 ladversus
2432 4472 2684 4543 papulum
2701 4488 2878 4534 suum,
2893 4482 2942 4527 et
2959 4474 3176 4529 immisit
3195 4491 3408 4529 manum

103 4562 362 4630 αὐτοὺς,
416 4563 516 4617 καὶ
558 4560 861 4627 ἐπάταξεν
915 4563 1162 4628 αὐτούς.
1210 4563 1322 4616 Καὶ
1356 4563 1716 4633 παρωξύνθη

102 4654 183 4710 τὰ
207 4654 343 4722 ὄρη,
373 4652 476 4707 καὶ
501 4653 762 4724 ἐγενήθη
811 4652 884 4707 τὰ
911 4651 1237 4722 θνησιμαῖα
1270 4651 1471 4706 αὐτῶν
1501 4653 1582 4718 ὡς
1610 4671 1715 4707 κο-

105 4747 259 4816 πρία
298 4745 373 4798 ἐν
414 4743 588 4814 μέσῳ
633 4743 800 4801 ὀδοῦ.
841 4743 953 4799 Kal
987 4745 1058 4798 ἐν
1114 4742 1268 4800 πᾶσι
1320 4744 1557 4812 τούτοις
1601 4748 1715 4801 οὐκ

99 4837 474 4908 ἀπεστράφη
502 4842 535 4893 ὁ
560 4838 749 4909 θυμὸς
798 4837 1010 4903 αὑτοῦ,
1040 4840 1181 4893 ἀλλ’
1228 4838 1316 4892 ἔτι
1344 4838 1384 4906 ἠ
1427 4841 1557 4909 χεὶρ
1601 4840 1713 4911 (75)

102 4929 353 5000 ὑψηλή.
402 4931 471 4983 Ἡ
496 4929 606 4984 τῶν
634 4930 926 5002 ἰσχυόντων
960 4931 1055 4983 καὶ
1101 4929 1209 4984 τῶν
1239 4929 1514 4984 δυναστῶν
1540 4932 1716 5003 ἁμαρ-

101 5024 200 5078 τία
223 5024 350 5079 ὁδὸν
371 5021 598 5094 ἐποίησε
626 5025 693 5095 τῇ
721 5023 859 5096 ὀργῇ
886 5026 952 5095 τῇ
978 5021 1121 5076 κατὰ
1140 5021 1235 5075 τοῦ
1259 5021 1390 5075 λαοῦ
1415 5023 1712 5097 κινουμένῃ

105 5117 270 5189 παρά
335 5116 569 5189 Κυρίου.
620 5115 721 5170 Διὰ
772 5114 933 5170 τοῦτο
992 5115 1259 5187 πρότερον
1316 5115 1413 5181 τὸ,
1461 5114 1609 5169 Οὐαὶ
1659 5117 1717 5169 οἱ

108 5209 442 5279 ἰσχύοντες
469 5205 657 5277 ὑμῶν,
679 5207 780 5261 καὶ
803 5210 859 5261 οί
876 5206 1195 5262 δυνάσται·
1216 5206 1428 5261 Erret-rw
1458 5207 1568 5262 Kal
1587 5206 1716 5262 ἐθυ-

1825 4582 1977 4620 suam
2005 4560 2302 4635 super'eos,
2339 4574 2389 4618 et
2422 4567 2675 4633 percussit
2706 4580 2816 4618 eos.
2847 4563 2919 4616 Et
2958 4563 3258 4619 exacerbati
3289 4577 3410 4619 sunt

1821 4667 2043 4723 montes,
2069 4667 2118 4711 et
2143 4656 2290 4726 [acta
2321 4669 2442 4711 sunt
2487 4658 2771 4710 morticina
2803 4672 2986 4711 eorum
3029 4656 3162 4711 sicut
3209 4668 3411 4712 stercus

1816 4750 1872 4805 in
1895 4751 2065 4804 medio
2088 4750 2206 4804 uite.
2233 4748 2302 4803 Et
2326 4749 2382 4803 in
2409 4747 2651 4804 omnibus
2671 4749 2754 4803 liis
2786 4765 2893 4803 non
2920 4757 2999 4804 est
3021 4765 3236 4805 auersus
3255 4749 3411 4820 [uror

1818 4842 1955 4911 ejus,
1985 4843 2075 4896 sed
2113 4840 2286 4896 adhuc
2315 4857 2507 4897 manus
2543 4839 2772 4896 excelsa.
2806 4840 3050 4897 Fortium
3079 4843 3412 4913 potentium-

1818 4949 1924 5004 que
1951 4942 2231 5005 peccatum
2263 4934 2360 4989 irae
2379 4949 2411 4989 a
2434 4933 2664 4990 Domino
2686 4934 2948 4990 adversus
2976 4933 3231 5005 populum
3259 4949 3412 4990 com-

1824 5034 1984 5082 mota:
2017 5027 2159 5081 viam
2185 5026 2462 5096 patefecit.
2484 5026 2853 5095 Quamobrem
2878 5026 3063 5097 priore
3090 5026 3211 5083 loco
3235 5025 3407 5081 dixit:

1830 5117 1926 5174 Va:
1948 5119 2110 5188 fortes
2156 5120 2316 5174 vestri
2351 5129 2400 5174 et
2434 5128 2712 5192 potentes;
2747 5118 2945 5175 deinde
2988 5118 3306 5190 subiungit:
3341 5117 3410 5171 Et

1821 5207 2127 5269 indiqnatus
2152 5217 2230 5264 est
2261 5210 2343 5263 ira
2376 5208 2640 5265 Dominus
2670 5209 2925 5264 adversus
2950 5208 3207 5278 populum
3235 5225 3412 5274 suum,

181 5402 230 5436 ⁸¹
262 5400 286 5456 ι
321 5402 467 5459 Tim.
499 5417 573 5469 νι,
602 5402 690 5457 10.
759 5401 806 5435 ³⁸
836 5400 982 5458 Psal.
1011 5417 1201 5468 xxx“,
1231 5403 1323 5469 55,
1358 5403 1448 5458 56.
1518 5402 1566 5437 ⁸³
1589 5402 1736 5460 Psal.
1762 5418 1805 5464 ι.
1836 5405 1893 5461 '5.

1874 5441 1893 5461 .
1965 5405 2014 5439 ⁸⁵
2040 5402 2199 5463 Joan.
2229 5422 2269 5471 ι,
2303 5408 2339 5463 5

188 5559 310 5632 (75)
342 5557 504 5625 Editi,
532 5557 697 5630 νόμον
723 5557 820 5611 τοῦ
852 5557 1081 5630 Κυρίου.
1121 5558 1191 5612 At
1239 5573 1335 5613 sex
1364 5573 1523 5625 mss.,
1549 5559 1714 5631 νόμον

110 5632 555 5773 ἰξῖςῗυξίθῑετθε
575 5698 780 5773 aliquot
801 5698 946 5773 libri,
967 5696 1316 5773 Advoc‘Gsoi)’,
1338 5699 1374 5773 ό
1416 5701 1714 5773 μονογενὴς

113 5769 294 5839 θεός,
339 5769 571 5828 Verbum
619 5769 741 5839 Dei,
795 5771 1092 5841 unigenitus
1131 5770 1291 5826 Deus.
1336 5769 1500 5839 Editi,
1539 5769 1714 5842 Λόγος

1818 5561 1997 5640 ἒεὺς,Δ
2020 5562 2399 5640 όέίονογενὴς
2426 5563 2587 5640 θεοῦ,
2627 5564 2868 5640 Δινινίηιηι
2902 5565 3064 5635 Deus,
3101 5566 3415 5640 Unigeuitus

1821 5631 1937 5685 Dei.
1958 5633 2040 5702 WAt
2067 5629 2202 5702 Reg.
2234 5629 2508 5690 secundus
2533 5629 2592 5690 ut
2625 5636 2679 5691 in
2720 5648 2998 5694 contextu.
3044 5629 3053 5693 λ

1892 5701 2005 5786 (Ἱᾷ)
2041 5701 2200 5786 Εάίιῖ,
2378 5703 2528 5764 ἔστιν
2555 5708 2589 5780 ἡ
2615 5708 2736 5780 χεὶρ
2767 5709 2955 5769 αὐτοῦ.
2982 5710 3055 5768 At
3089 5725 3224 5774 mss.
3251 5712 3417 5785 quin-

1817 5786 1926 5842 que
1959 5775 2054 5840 ita,
2084 5782 2143 5830 ut
2171 5775 2441 5834 edidimus
