3808 6212
385 281 493 337 425

1339 270 1689 329 APPENDIX
1725 266 2012 327 OPEBUM
2053 262 2113 320 S.
2153 256 2396 316 BASILII
2435 251 2672 311 MAGNI.

3551 247 3663 305 ειειι

388 412 512 454 cum
531 396 781 454 videlicet
804 404 860 453 et
881 396 996 466 ipse
1021 396 1088 449 ad
1110 393 1415 463 exemplum
1433 390 1819 463 pmfectorum
1842 403 1967 443 ver—
1991 435 1997 447 .

2190 398 2226 449 η
2280 375 2427 448 ὀργῇ
2458 376 2673 444 Κύριος
2717 368 2817 425 ἐπὶ
2848 368 2958 424 τὸν
2983 369 3140 424 λαὸν
3172 366 3384 433 αὑτοῦ,
3413 365 3665 437 δηλονότι

391 500 609 549 saretur
641 491 690 543 itt
716 490 977 558 peccatis,
1001 497 1256 555 essetque
1285 485 1499 554 dignus,
1525 483 1617 553 qui
1646 481 1855 552 ﬂagella
1888 480 1971 532 fu-

392 584 536 637 roris
583 598 646 636 ac
694 582 788 634 ira:
839 579 1049 635 Domini
1107 587 1405 647 pateretur.
1460 574 1554 627 Est
1594 581 1775 626 autem
1822 569 1973 622 furor

394 676 637 741 quautam
692 669 970 740 sanguinis
1020 669 1167 721 circa
1216 680 1315 720 cor
1347 663 1619 728 ebullitio,
1648 676 1677 714 a
1716 658 1971 728 quopiam

392 765 558 818 veluti
601 773 809 817 tumore
851 779 916 817 ex
962 763 1252 816 humerum
1301 756 1658 825 vaporatione
1702 753 1847 807 circa
1880 763 1976 804 cor

394 863 671 918 concreto,
698 870 890 909 nomen
914 854 1173 909 sortitus;
1201 853 1277 903 ira
1302 864 1430 904 vero
1449 857 1535 902 est
1565 844 1832 915 appetitus
1857 841 1978 895 vin-

394 945 576 1001 dictae.
608 944 795 1012 Itaque
839 944 989 996 furor
1034 942 1293 996 velociter
1334 947 1641 996 commovet
1686 935 1975 1001 allectum;

397 1037 477 1091 ira
504 1052 634 1092 vero
663 1036 957 1090 ﬁrmiorem
1002 1052 1066 1089 ac
1112 1042 1549 1104 perseverantem
1600 1027 1836 1083 tristitia:
1883 1041 1980 1079 ex-

395 1130 687 1200 pletionem
720 1130 945 1183 indicat.
981 1128 1217 1182 Credere
1269 1125 1489 1195 quidem
1527 1122 1674 1193 pium
1722 1119 1887 1174 fuerit
1917 1133 1981 1172 ac

399 1222 730 1291 religiosum.
769 1224 833 1275 de
872 1221 984 1274 Deo
1019 1229 1269 1272 neutrum
1307 1215 1524 1286 preprie
1573 1213 1677 1267 dici
1714 1229 1728 1265 :
1771 1210 1864 1265 sed
1900 1211 1982 1263 ha:

398 1327 561 1368 voces
593 1315 835 1383 ﬁgurata:
863 1321 989 1365 sunt
1019 1319 1074 1364 et
1102 1308 1396 1363 translatae.
1436 1306 1552 1360 Non
1589 1305 1734 1359 enim
1762 1312 1981 1370 pertur-

398 1405 548 1461 balio
572 1404 678 1457 ulla
712 1406 764 1458 in
798 1405 909 1457 Deo
936 1415 1039 1469 est,
1072 1396 1259 1470 neque
1281 1399 1577 1453 adventitia
1609 1395 1716 1448 ulla
1749 1394 1984 1464 qualitas

403 1498 598 1551 cadere
632 1506 810 1567 potest
837 1498 891 1548 in
920 1495 1037 1560 ejus
1081 1494 1397 1548 essentiam.
1432 1491 1631 1547 Verum
1664 1491 1805 1541 actio
1842 1485 1985 1554 ejus—

404 1588 571 1652 modi,
609 1603 728 1657 qua:
778 1588 831 1640 in
867 1587 1024 1640 nobis
1052 1587 1343 1649 excitatur,
1376 1582 1677 1652 appellatur
1704 1577 1876 1632 furor.
1921 1576 1985 1630 Et

405 1682 639 1736 fortasse
664 1694 851 1734 severa
878 1689 933 1735 et
958 1681 1136 1743 gravis
1165 1676 1451 1745 castigatio
1484 1674 1566 1729 ira
1607 1674 1807 1727 dicitur
1833 1685 1849 1729 :
1874 1684 1983 1740 ore-

407 1772 694 1841 prehensio
725 1785 876 1834 vero,
912 1783 1033 1838 qua:
1061 1767 1414 1835 cogitationes
1443 1773 1656 1818 nostras
1689 1737 1990 1832 perturbat,
2020 1760 2064 1816 Β
2093 1737 2264 1841 ςακῂν

408 1863 563 1918 furor
598 1873 959 1931 nuncupatur.
992 1859 1204 1912 Etenim
1253 1857 1397 1910 Deus
1446 1856 1630 1908 lurore
1662 1852 1984 1907 exstimula-

408 1963 516 2019 tus,
543 1949 635 2009 cos
663 1953 859 2022 quibus
888 1959 1196 2014 succenset,
1227 1953 1409 2004 turbat
1436 1963 1501 2002 ac
1529 1946 1829 2005 confundit,
1859 1958 1987 1998 nec-

417 2047 542 2098 dttm
571 2046 716 2113 ipsos
738 2044 844 2096 ullo
861 2043 1116 2112 dignatur
1136 2056 1407 2103 sermone,
1424 2038 1575 2105 juxta
1600 2038 1730 2091 illud
1757 2036 1986 2102 dictum,

407 2136 478 2191 In
512 2136 693 2205 furore
721 2151 816 2190 suo
860 2133 1191 2188 conturbabit
1239 2150 1325 2186 eos
1344 2132 1414 2187 ⁸⁸.
1448 2131 1549 2196 Qui
1602 2139 1784 2183 autem
1826 2127 1992 2180 casti-

412 2236 609 2295 gantur
640 2226 692 2279 in
734 2225 837 2286 ira,
875 2225 928 2278 bi
969 2222 1251 2292 disciplina
1282 2229 1576 2275 censentur
1612 2217 1786 2287 digni,
1830 2225 1992 2285 prout

411 2319 607 2371 dicitur
634 2336 648 2372 :
676 2315 820 2370 Tunc
846 2316 1086 2381 loquetur
1118 2315 1185 2367 ad
1212 2330 1298 2366 eos
1326 2313 1379 2365 in
1409 2313 1491 2363 ira
1521 2327 1618 2363 sua
1638 2309 1705 2361 ⁸⁸.
1727 2308 1826 2374 Qui
1846 2306 1990 2360 enim

416 2407 487 2461 ob
516 2418 736 2476 peccata
765 2407 1129 2477 redarguitur,
1157 2405 1393 2459 nondum
1422 2412 1505 2456 est
1533 2400 1832 2470 castigatus
1858 2415 1871 2449 :
1900 2397 1990 2465 qui

415 2510 594 2554 autem
641 2500 960 2566 castigatur.
996 2495 1230 2549 ostendit
1274 2492 1535 2547 accedere
1566 2505 1625 2545 se
1652 2490 1764 2557 jam
1813 2488 1993 2557 aliquo

412 2600 573 2662 pacto
594 2590 660 2644 ad
683 2589 991 2643 scientiam.
1016 2588 1223 2656 Itaque,
1242 2584 1289 2638 si
1313 2585 1545 2653 castigat
1567 2582 1669 2646 ira,
1693 2579 1842 2635 furor
1863 2594 1994 2633 vero

415 2682 687 2751 objurgat,
709 2681 787 2732 ira
814 2681 979 2732 furori
1000 2687 1239 2748 praestat.
1258 2676 1437 2742 Quare
1458 2684 1511 2728 et
1533 2671 1833 2728 Jeremias:
1861 2672 1992 2726 Cor-

416 2775 530 2837 ripe
561 2788 690 2832 nos.
724 2770 971 2831 Domine,
999 2778 1357 2823 verumtamen
1405 2767 1461 2820 in
1481 2766 1687 2833 judicio
1714 2775 1761 2818 et
1793 2781 1896 2818 non
1938 2765 1993 2818 in

418 2866 600 2933 furore
628 2863 696 2915 ⁸⁷.
731 2861 846 2915 Non
891 2862 1038 2916 enim
1076 2861 1249 2913 dixit:
1276 2859 1339 2911 Et
1369 2874 1475 2912 nun
1514 2859 1564 2911 in
1598 2858 1711 2921 ira;
1752 2858 1994 2925 quando~

418 2955 638 3024 quidem
676 2952 969 3015 correctio,
993 2966 1058 3005 ex
1078 2949 1284 3017 judicio
1312 2949 1573 3018 profecta,
1603 2948 1887 3016 benignior
1912 2958 1997 3004 est

420 3055 477 3097 et
510 3043 693 3097 mitior
727 3057 890 3113 quam
927 3057 1050 3110 qua;
1092 3055 1188 3110 per
1223 3040 1461 3092 furorem
1496 3048 1550 3091 et
1603 3039 1738 3113 iram
1775 3041 1997 3094 adhibe-

422 3147 530 3190 tur.
561 3134 820 3203 Quisquis
865 3133 1012 3187 cnim
1061 3133 1355 3199 corripitur
1393 3132 1444 3184 in
1473 3112 1703 3200 judicio,
1735 3142 1789 3187 et
1813 3147 1842 3184 a
1873 3148 1987 3186 ser-

421 3242 584 3283 mone
614 3228 945 3291 illustratur,
969 3226 1146 3279 ει·ῡεί
1174 3223 1394 3291 Ῑιιὼοὶἰε
1421 3224 1850 3278 emolumentum
1879 3240 2000 3295 per-

420 3329 677 3388 cepturus
723 3324 806 3371 est
852 3327 1014 3385 atque
1058 3314 1387 3380 utilitatem,
1418 3329 1540 3367 cum
1592 3314 1729 3368 nihil
1780 3323 2002 3386 peragat

424 3413 562 3467 cizra
585 3411 871 3479 judicium,
904 3410 1012 3463 imo
1051 3407 1297 3476 perﬁciat
1331 3408 1510 3460 omnia
1545 3422 1667 3461 cum
1703 3405 2004 3475 sanojudi-

400 3506 546 3569 icio;
576 3503 655 3557 sic
679 3512 738 3556 ut
762 3516 860 3555 nec
885 3499 1054 3568 ipsius
1081 3500 1440 3568 cogitationes
1466 3498 1652 3567 jndicii
1677 3500 1787 3554 sint
1808 3515 2003 3570 exper-

428 3604 530 3655 tes,
558 3594 710 3660 juxta
744 3593 795 3645 id
823 3591 963 3660 quod
986 3592 1187 3645 dictum
1214 3600 1295 3644 est
1318 3609 1331 3645 :
1357 3591 1710 3661 Cogitationes
1728 3591 2001 3661 juslorum

420 3687 634 3758 judicia
661 3685 729 3737 3°.-
762 3684 828 3738 Et
856 3685 1072 3754 quidem
1108 3683 1298 3753 judicii
1332 3694 1594 3752 tempore,
1624 3699 1747 3738 cum
1781 3699 2000 3737 manum

427 3792 581 3831 suam
620 3775 817 3846 populo
847 3774 1126 3842 iniecerit,
1161 3782 1376 3828 montes
1400 3774 1568 3828 etiam
1600 3774 1856 3828 dicuntur
1883 3787 2004 3827 esse

431 3869 819 3925 exacerbandi.
883 3866 1148 3921 Nimirum
1183 3865 1389 3920 indicat
1413 3863 1690 3936 Scriptura
1718 3865 1762 3898 ⁸³
1788 3880 2003 3919 onmem

432 3961 590 4015 simul
616 3975 942 4015 concurrere
974 3968 1279 4013 creaturam
1307 3957 1373 4011 ad
1406 3957 1775 4012 ulciscendum
1809 3972 2004 4025 pecca-

432 4064 595 4107 tores.
616 4050 1079 4119 Quemadmodum
1102 4048 1246 4102 enim
1267 4048 1542 4117 plagarum
1562 4046 2003 4118 Egyptiacarum

431 4154 676 4214 tempore
721 4144 788 4196 ab
829 4140 974 4195 omni
1015 4150 1170 4207 parte
1219 4154 1314 4193 eos
1363 4138 1650 4193 invadebat
1680 4138 1899 4203 bellum,
1938 4140 2007 4193 ab

435 4254 583 4303 aere,
609 4252 640 4290 a
680 4245 849 4296 terra,
881 4234 949 4285 ab
976 4246 1114 4300 aqua
1141 4244 1154 4282 :
1190 4231 1269 4283 sic
1302 4238 1355 4282 et
1381 4229 1561 4289 modo,
1593 4243 1714 4282 cum
1750 4228 2009 4283 Dominus

436 4329 639 4400 populo
667 4340 889 4379 manum
920 4337 1071 4375 suam
1113 4324 1179 4372 ad
1214 4320 1390 4387 ipsum
1426 4320 1836 4388 percutiendum
1869 4319 2007 4387 inje-

2073 470 2169 524 κα).
2196 467 2382 531 αὐτοῦ,
2419 463 2562 519 κατὰ
2593 462 2827 533 μίμησιν
2854 458 2961 512 τῶν
2985 455 3366 530 προεστώτων,
3396 457 3456 509 ἐν
3487 458 3667 528 ἁμαρ-

2058 561 2215 624 ’τίαις
2242 556 2555 629 γενομένου,
2587 553 2682 607 καὶ
2730 551 2882 616 ἀξίου
2927 551 3078 614 ὄντος
3110 548 3302 602 παθεῖν
3326 547 3398 602 τὰ
3430 547 3539 601 ἀπὸ
3567 548 3666 602 τοῦ

2075 650 2247 722 θυμοῦ
2279 647 2372 700 καὶ
2403 646 2504 717 τῆς
2527 645 2695 716 ὀργῆς
2713 642 2805 695 τοῦ
2829 643 3058 713 Κυρίου.
3086 641 3240 693 Ἔστι
3261 639 3321 692 δέ
3353 637 3524 709 θυμὸς
3546 637 3665 707 (76)

2077 743 2227 808 ζέσις
2258 740 2351 794 τοῦ
2398 739 2526 808 περ).
2558 736 2787 807 καρδίαν
2842 735 3106 806 αἵματος,
3145 731 3298 803 παρά
3320 731 3382 784 τὸ
3410 731 3576 784 οἱονεὶ
3609 728 3670 793 ἐξ

2077 834 2495 904 ἀναθυμιάσεως
2536 830 2645 882 τῶν
2668 828 2857 899 χυμῶν
2893 827 3279 897 συνιστάμενον
3304 823 3505 896 οἴδημα
3536 825 3671 893 περὶ

2076 926 2175 997 τὴν
2214 925 2440 997 καρδίαν
2464 921 2869 992 ὠνομασμένος
2894 918 3031 990 ὀργὴ
3057 917 3116 971 δέ
3145 919 3293 970 ἐστιν
3320 915 3499 988 ὄρεξις
3518 917 3670 968 ἀντι-

2077 1018 2383 1088 λυπήσεως.
2421 1016 2586 1067 Ὥστε
2621 1014 2681 1066 τὸ
2713 1013 2812 1082 μὲν
2845 1011 3022 1076 ὀξεῖαν
3056 1010 3167 1081 ἔχει
3199 1007 3295 1062 τοῦ
3336 1008 3543 1075 πάθους
3568 1008 3671 1079 τὴν

2081 1107 2316 1179 κίνησιν,
2342 1105 2406 1158 τὸ
2448 1106 2503 1158 δὲ
2540 1102 2919 1176 μονιμωτέραν
2954 1103 3050 1154 καὶ
3072 1099 3532 1171 παρατεταμένην
3570 1100 3673 1169 ἐμ-

2081 1200 2262 1269 φαίνει
2292 1197 2390 1268 τὴν
2424 1199 2515 1251 ἐπὶ
2566 1200 2633 1266 τῇ
2687 1195 2834 1265 λύπῃ
2882 1193 3253 1264 ἐκπλήρωσιν.
3305 1191 3429 1245 Ἐπὶ
3485 1190 3674 1260 μέντοι

2082 1289 2218 1342 Θεοῦ
2239 1289 2521 1359 οὐδέτερον
2567 1285 2747 1340 αὐτῶν
2775 1285 2978 1356 κυρίως
3016 1283 3273 1353 λέγεσθαι
3299 1281 3526 1345 εὐσεϐές
3550 1282 3674 1334 ἐστι

2084 1374 2511 1445 παραδέξασθαι,
2544 1373 2681 1427 ἀλλὰ
2716 1374 2976 1445 τροπικαὶ
3000 1374 3056 1425 αἱ
3091 1371 3284 1442 φωναί.
3322 1370 3397 1425 06
3431 1369 3542 1440 γὰρ
3567 1370 3677 1422 πά-

2085 1464 2175 1527 θος
2199 1464 2354 1525 Θεοῦ,
2388 1464 2509 1517 οὐδὲ
2534 1465 2672 1534 αὐτῇ
2696 1467 2761 1533 τῇ
2792 1463 2949 1535 οὐσίᾳ
2971 1461 3136 1516 αὐτοῦ
3154 1460 3519 1533 συμϐεϐηκός·
3556 1459 3673 1513 ἀλλ’

2084 1559 2117 1626 ἡ
2150 1557 2277 1627 περὶ
2312 1558 2459 1626 ἡμᾶς
2508 1556 2686 1609 τοιάδε
2727 1557 2977 1626 ἐνέργεια
3007 1554 3176 1627 θυμὸς
3209 1552 3669 1626 προσηγόρευται.

2086 1647 2197 1699 Καὶ
2219 1648 2378 1716 τάχα,
2411 1649 2444 1718 ἠ
2476 1648 2573 1717 μὲν
2622 1647 2877 1710 ἐπίπονος
2916 1646 3219 1710 παίδευσις,
3243 1646 3403 1717 ὀργή’
3434 1648 3464 1698 ό
3497 1644 3555 1697 δὲ
3579 1661 3677 1697 τα-

2317 1738 2474 1809 ἡμῶν
2510 1738 2754 1811 ἐμποιῶν
2795 1740 2907 1809 (77)
2951 1742 3063 1802 τοῖς
3108 1739 3387 1808 λογισμοῖς
3430 1737 3677 1808 ἐλεγχος,

2090 1831 2259 1902 θυμὸς
2289 1832 2743 1903 προσηγόρευται.
2781 1832 3054 1903 Ταράσσει
3117 1831 3213 1902 μὲν
3247 1830 3354 1902 γὰρ
3390 1828 3468 1900 τῷ
3497 1828 3677 1899 Θυμῷι

2090 1922 2315 1993 μηδέπω
2350 1922 2509 1991 λόγου
2541 1922 2708 1989 ἀξιῶν
2728 1924 2856 1989 τοὺς
2894 1917 2976 1987 οἷς
3001 1922 3268 1993 θυμοῦται
3301 1925 3328 1977 6
3349 1923 3505 1988 Θεὸς,
3537 1922 3682 1976 κατὰ

2085 2012 2148 2064 τὸ
2175 2014 2483 2084 εἰρημένον,
2521 2015 2603 2068 ὅτι
2636 2013 2739 2068 Ἐν
2769 2014 2933 2085 θυμῷ
2954 2014 3139 2069 αὑτοῦ
3160 2014 3400 2083 ταράξει
3430 2015 3678 2079 αὐτούς.

2088 2104 2447 2169 Διδασκαλίας
2473 2105 2531 2158 δὲ
2583 2107 2642 2158 ἐν
2672 2106 2810 2178 ὀργῇ
2860 2106 2910 2159 οί
2953 2106 3331 2178 παιδευόμενοι
3375 2106 3674 2171 ἀξιοῦνται,

2089 2194 2233 2248 κατά
2259 2194 2322 2248 τὸ
2349 2197 2662 2268 εἰρημένον,
2701 2198 2782 2251 ὅτι
2812 2199 2949 2252 Τότε
2975 2198 3236 2267 λαλήσει
3269 2200 3421 2267 πρὸς
3453 2200 3678 2265 αὐτοὺς

2089 2285 2159 2338 ἐν
2186 2285 2334 2355 ὀργῆ
2356 2287 2562 2363 αὐτοῦ.
2604 2288 2662 2342 '0
2716 2288 2816 2360 μὲν
2854 2289 2963 2359 γὰρ
3018 2289 3375 2361 ἐλεγχόμενος
3422 2290 3521 2344 ἐπὶ
3570 2296 3677 2353 τοῖς

2091 2374 2519 2445 ἡμαρτημένοις,
2546 2375 2701 2429 οὔπω
2725 2379 3099 2433 πεπαίδευται·
3134 2382 3161 2432 ὁ
3188 2380 3245 2432 δὲ
3266 2381 3676 2451 παιδευόμενος,

2091 2462 2193 2534 ἥδη
2224 2464 2337 2534 (78)
2393 2466 2672 2538 ἐγγύτητά
2718 2485 2837 2521 τινα
2863 2469 2999 2540 πρὸς
3031 2471 3343 2543 ἐπιστήμην
3399 2473 3678 2543 ἐμφαίνει.

2092 2553 2272 2610 Είοῦν
2309 2559 2553 2613 παιδεύει
2587 2561 2685 2631 μὲν
2711 2562 2869 2633 ὀργὴ,
2911 2561 3122 2632 ἐλέγχει
3146 2562 3202 2616 δὲ
3247 2563 3439 2636 θυμὸς,
3494 2566 3681 2619 ἀνυσι-

2097 2647 2341 2720 μώτερον
2366 2652 2400 2719 ἡ
2431 2652 2569 2723 ὀργὴ
2600 2653 2693 2706 τοῦ
2750 2653 2946 2725 θυμοῦ.
2986 2655 3086 2707 Διὰ
3125 2655 3286 2709 τοῦτο
3315 2657 3410 2709 καὶ
3441 2657 3471 2709 ό
3517 2659 3684 2730 Ἱερε-

2098 2741 2246 2811 μίας·
2273 2743 2613 2798 Παίὃευσον
2641 2745 2822 2815 ἡμᾶς,
2854 2748 3051 2814 Κύριε,
3071 2747 3239 2816 πλὴν
3262 2749 3334 2801 ἐν
3367 2750 3567 2817 κρίσει
3586 2750 3684 2805 καὶ

2089 2833 2176 2904 μὴ
2214 2835 2287 2889 ἐν
2320 2836 2504 2905 θυμῷ.
2557 2838 2632 2890 Οὐ
2663 2839 2771 2909 γὰρ
2802 2835 2943 2891 εἴπεο
2998 2841 3108 2893 Καὶ
3140 2840 3213 2911 μὴ
3263 2842 3322 2894 ἐν
3353 2842 3514 2914 ὀργῇ·
3548 2841 3688 2910 πλὴν

2096 2927 2434 2999 χρηστοτέρα
2461 2929 2493 2997 ἡ
2522 2929 2823 2994 παίδευσις,
2856 2932 2889 3001 ἡ
2916 2930 3023 2984 ἀπὸ
3050 2932 3303 3003 κρίσεως,
3329 2933 3431 3003 τῆς
3456 2933 3569 2986 ἀπὸ
3592 2930 3688 2987 τοῦ

2098 3016 2273 3089 Θυμοῦ
2311 3019 2529 3090 καὶτῆς
2558 3020 2748 3092 ὀργῆς.
2807 3022 2865 3075 '0
2899 3023 3007 3094 γάρ
3035 3026 3093 3077 ὲν
3138 3025 3318 3095 κρίσει
3348 3025 3688 3091 παιδευθεὶς,

2098 3112 2464 3183 φωτιζόμενος
2494 3113 2599 3166 ὑπὸ
2643 3113 2738 3166 τοῦ
2764 3114 2953 3184 λόγου,
2998 3115 3411 3189 ὠφεληθήσεται
3437 3118 3548 3172 ἀπὸ
3577 3119 3691 3171 τῶν

2098 3206 2192 3256 τοῦ
2216 3200 2349 3257 Θεοῦ
2388 3205 2672 3276 χριμάτων
2722 3208 2857 3280 πρὸς
2897 3208 2959 3262 τὸ
3005 3210 3170 3281 μηδὲν
3221 3211 3463 3282 ἀκρίτως
3514 3213 3692 3284 πράσ-

2100 3313 2235 3361 σειν,
2267 3296 2403 3351 ἀλλά
2432 3298 2610 3351 πάντα
2644 3301 2824 3370 κρίσει
2875 3301 3022 3370 ὑγιεῖ
3073 3302 3361 3368 ἐπιτελεῖν,
3418 3302 3563 3357 ὥστε
3597 3305 3696 3358 καὶ

2099 3389 2298 3455 αὐτοὺς
2323 3390 2466 3461 ἔχειν
2504 3391 2632 3455 τοὺς
2667 3391 2961 3463 λογισμοὺς
3001 3395 3381 3465 κεκριμένους,
3444 3397 3591 3450 κατὰ
3636 3396 3697 3450 τὲ

2100 3482 2407 3552 εἰρημένον·
2438 3484 2718 3552 Λογισμοὶ
2762 3484 3027 3549 δικαίων,
3057 3487 3326 3554 κρίματα.
3370 3487 3530 3539 Κατὰ
3564 3488 3697 3558 μέν-

2099 3588 2181 3624 τοι
2209 3572 2297 3624 τὸν
2336 3574 2525 3644 καιρὸν
2557 3573 2656 3645 τῆς
2719 3573 2975 3645 κρίσεως,
3031 3576 3159 3628 ὅταν
3183 3577 3416 3648 ἐπιϐάλῃ
3466 3578 3581 3649 (79)
3620 3578 3697 3650 τῷ

2100 3663 2214 3735 λαῷ
2237 3665 2335 3737 τὴν
2354 3670 2511 3736 χεῖρα
2543 3665 2729 3732 αὑτοῦ,
2786 3667 2880 3720 καὶ
2904 3667 2973 3722 τὰ
3020 3668 3120 3741 ὅρη
3178 3671 3693 3742 παροξυνοήσεσῡαι

2101 3754 2338 3822 λέγεται·
2388 3755 2694 3820 δεικνύντος
2734 3757 2827 3810 τοῦ
2870 3756 3050 3827 λόγου,
3107 3760 3189 3812 ὅτι
3235 3762 3387 3815 πᾶσα
3442 3763 3474 3834 ἡ
3511 3761 3692 3826 κτίσις

2105 3848 2506 3902 συνεπιτίοεται
2527 3853 2593 3921 τῇ
2622 3851 2898 3920 ἐκδικήσει
2926 3851 3034 3904 τῶν
3050 3852 3410 3923 ἁμαρτωλῶν.
3456 3854 3549 3919 Ὠς
3583 3857 3696 3925 γὰρ

2103 3945 2196 3998 ἐπ)⁴
2227 3944 2337 3997 τῶν
2368 3944 2592 4014 πληγῶν
2630 3944 2734 3997 τῶν
2764 3946 3170 4013 Αἰγυπτιακῶν,
3213 3947 3557 4017 πανταχόθεν
3597 3950 3698 4002 αὐ-

2105 4039 2216 4099 τοῖς
2247 4039 2275 4089 ὁ
2309 4036 2561 4106 πόλεμος·
2617 4036 2722 4089 ἀπὸ
2754 4036 2934 4107 ἀέρος,
2980 4037 3088 4089 ἀπὸ
3140 4038 3264 4107 γῆς,
3323 4039 3431 4092 ἀπὸ
3474 4039 3693 4104 ὕδατος·

2106 4127 2249 4181 οὕτω
2301 4128 2395 4181 καὶ
2435 4126 2551 4190 νῦν,
2610 4129 2738 4180 ὃταν
2778 4126 3044 4200 ἐπιϐάλλῃ
3086 4130 3182 4200 τὴν
3207 4133 3366 4202 χεῖρα
3391 4133 3561 4185 αὑτοῦ
3600 4134 3697 4187 gs},

2105 4221 2197 4274 τὸν
2223 4221 2348 4273 λαὸν
2392 4222 2421 4273 ὁ
2448 4221 2651 4291 Κύριος
2672 4261 2686 4285 ,
2743 4220 2837 4274 τοῦ
2874 4221 3108 4286 πατάξαι
3138 4224 3318 4275 αὐτόν·
3350 4224 3446 4277 καὶ
3490 4226 3562 4278 τὰ
3590 4226 3693 4300 ὅρη

2110 4312 2594 4383 παροξυνθήσεται,
2635 4312 2702 4364 τὰ
2732 4312 2788 4365 δὲ
2833 4313 3129 4385 θνησιμαῖα
3157 4312 3253 4366 τοῖ’»
3285 4313 3439 4379 λαοῦ,
3476 4315 3557 4381 ὡς
3600 4335 3695 4370 κο-

432 4422 589 4476 ceril.
637 4419 778 4484 Quin
805 4416 969 4470 etiam
992 4410 1353 4466 exacerbandi
1402 4423 1615 4463 montes
1656 4418 1801 4472 sunt,
1847 4419 1997 4477 atque

2196 4403 2249 4455 ία
2270 4402 2357 4455 διὰ
2408 4403 2506 4473 τὴν
2539 4403 2760 4474 ἀτιμίαν
2808 4406 2867 4457 ἐν
2928 4406 3078 4476 μέσῳ
3125 4405 3228 4475 τῆς
3267 4406 3387 4459 ὁδοῦ
3437 4408 3694 4479 κείμενα,

431 4510 720 4565 morticina
769 4505 953 4576 populi
987 4516 1046 4557 ut
1077 4514 1287 4557 stercus
1322 4515 1418 4568 per
1457 4498 1619 4569 512
1659 4499 2011 4568 ignominiam

429 4615 488 4659 et
519 4603 757 4658 dedecus
801 4600 852 4652 in
901 4596 1074 4651 media
1118 4595 1204 4647 via
1247 4590 1483 4663 jacent‘ia
1523 4591 2010 4645 conculcabnntur.

431 4694 755 4751 Consideres
783 4690 939 4743 velim
971 4702 1065 4741 eos
1089 4687 1180 4755 qui
1212 4687 1261 4738 in
1295 4684 1531 4754 peccatis
1558 4683 1859 4747 constituti,
1888 4683 2013 4738 vitae

432 4788 594 4858 lmjus
626 4787 987 4839 immorantur
1033 4778 1283 4847 negotiis,
1323 4785 1483 4845 atque
1523 4776 1909 4846 proculcantur
1945 4775 2013 4829 ab

432 4876 759 4935 adversariis
791 4872 1147 4944 potestatibus
1174 4885 1190 4925 :
1227 4884 1457 4940 quorum
1487 4883 1585 4922 cor
1618 4883 1741 4922 cum
1775 4882 1879 4922 non
1908 4868 2009 4921 du-

435 4977 593 5026 catur
640 4965 975 5037 paanitentia,
1005 4962 1234 5017 aﬂlrmat
1271 4959 1482 5015 Domini
1518 4974 1698 5014 sermo
1726 4960 1863 5012 iram
1898 4973 2005 5013 non

434 5077 554 5119 esse
584 5062 650 5115 ab
681 5060 760 5113 eis
789 5061 1163 5118 avertendam,
1199 5056 1294 5109 sed
1324 5055 1621 5108 etiamnum
1651 5066 1869 5106 manere
1900 5065 2010 5104 ma-

437 5170 563 5210 num
589 5137 883 5215 excelsam,
913 5152 963 5204 id
993 5158 1097 5211 est,
1133 5158 1368 5202 erectam
1401 5147 1467 5200 ad
1497 5146 1755 5199 ultionem
1785 5159 2005 5198 sumen-

437 5251 581 5301 dam.
615 5243 825 5312 Quippe
861 5253 1078 5294 manum
1128 5247 1282 5291 vocat
1312 5238 1563 5290 virtutem
1592 5237 1889 5301 vindicem,
1922 5251 2009 5291 se-

503 5422 550 5457 ⁸⁸
584 5424 726 5479 Psal.
761 5439 821 5484 tl,
849 5421 901 5475 ὃ.

511 5560 620 5633 (⁸76)
655 5560 818 5625 Editi,
851 5557 1021 5631 θυμὸς
1061 5555 1182 5627 μέν.
1216 5551 1415 5608 Vocula
1460 5548 1563 5621 μέν
1592 5564 1644 5604 ιη
1681 5548 1878 5605 nostris
1917 5561 2012 5604 sex

441 5648 565 5686 mss.
600 5636 769 5684 deest.

511 5702 622 5774 (77)
656 5700 876 5756 Veteres
908 5696 1108 5766 aliquot
1133 5693 1276 5760 libri,
1314 5689 1499 5747 ποιῶν.

2111 4493 2649 4565 καταπατηθήσεται.
2711 4495 2924 4565 Νόησόν
2984 4514 3074 4568 μοι
3126 4498 3252 4561 τοὺς
3299 4499 3358 4550 ἐν
3399 4499 3698 4571 ἁμαρτίαις

2107 4588 2455 4659 γενομένους.
2488 4588 2949 4657 ἐναπομείναντας
2980 4592 3089 4653 τοῖς
3113 4591 3399 4661 πράγμασι
3438 4592 3535 4645 τοῦ
3577 4593 3695 4664 βίου

2107 4679 2317 4745 τούτου,
2351 4678 2445 4733 καὶ
2490 4679 2595 4731 ὑπὸ
2622 4678 2732 4732 τῶν
2763 4680 3152 4751 ἀντικειμένων
3185 4682 3467 4752 δυνάμεων
3525 4704 3698 4739 κατα-

2109 4772 2499 4843 πατουμένους,
2529 4766 2604 4826 ὧν
2632 4772 2722 4827 διὰ
2753 4773 2850 4845 τὴν
2877 4774 3247 4845 ἀμετανόητον
3282 4776 3511 4848 καρδίαν
3553 4782 3584 4834 6
3610 4780 3695 4833 λό-

2108 4879 2205 4931 γος
2240 4863 2337 4917 τοῦ
2388 4865 2594 4935 Κυρίου
2637 4866 2821 4935 φησὶν,
2870 4865 2971 4917 οὐκ
3028 4865 3550 4938 άποστραφήσεσθαι
3605 4874 3695 4925 τὸν

2109 4954 2300 5025 θυμὸν,
2336 4953 2474 5009 ἀλλὰ
2501 4954 2582 5006 ἔτι
2608 4954 2791 5025 μένειν
2821 4953 2916 5026 τὴν
2950 4958 3107 5026 χεῖρα
3135 4957 3364 5028 ὑψηλήν·
3388 4939 3705 5025 τουτέστι-δ’

2107 5046 2429 5117 ἐπηρμένην
2462 5047 2542 5108 είς
2564 5045 2863 5116 ἐκδίκησιν,
2913 5049 3072 5118 χεῖρα
3102 5047 3276 5116 λέγων
3307 5048 3406 5120 τὴν
3438 5052 3694 5107 κολαστι-

2111 5139 2212 5209 κὴν
2248 5138 2499 5210 δύναμιν,
2554 5137 2697 5191 κατά
2748 5138 2839 5191 τὸν
2887 5137 3026 5191 Ἰώ6’
3062 5141 3198 5208 Χεὶρ
3252 5140 3361 5210 γὰρ
3399 5146 3626 5212 Κυρίου
3655 5148 3694 5214 ἠ

2108 5233 2390 5303 ἁψαμένη
2423 5233 2543 5302 μού
2568 5231 2719 5285 ἐστι·
2756 5232 2851 5285 καὶ
2873 5232 2929 5284 ἐν
2954 5231 3126 5303 τούτῳ
3145 5233 3239 5286 τοῦ
3269 5233 3519 5289 διαϐόλου
3537 5241 3696 5311 χεῖρα

1000 5418 1047 5451 ⁸⁸
1079 5415 1211 5471 ibid.
1284 5414 1329 5447 ⁸⁷
1363 5413 1566 5469 Jerem.
1591 5427 1650 5473 κ,
1677 5410 1768 5464 24.
1844 5410 1889 5443 ⁸⁸
1917 5410 1997 5466 Prt

2194 5450 2208 5475 ,
2238 5410 2293 5465 5.
2369 5408 2416 5441 ”
2445 5409 2630 5479 Sap.v,
2663 5407 2748 5463 l8.

2332 5545 2573 5628 §iermss
2603 5544 2906 5628 s‘f'x‘zEditi,
2933 5546 2962 5598 6
2985 5544 3042 5598 δὲ
3066 5546 3497 5628 πεπαιδευμένος
3519 5547 3644 5623 ἤδη.

2188 5616 2300 5689 (79)
2333 5617 2494 5684 Editi,
2518 5614 2799 5687 ἐπιϐάλλῃ.
2835 5615 2903 5668 At
2939 5631 3034 5670 sex
3069 5632 3222 5685 Inss.,
3262 5614 3518 5689 ἐπιϐάλῃ.
