3808 6212
152 198 244 253 αδ

1026 191 1390 251 COMHENT.
1432 191 1501 247 IN
1540 190 1776 248 ISMAM
1814 189 2260 248 PROPHETAM.
2301 191 2454 247 CAP.
2495 189 2587 247 Vl.

3308 184 3418 246 ιὶκ

153 313 388 381 ,έγοντος
430 312 491 365 ὲν
527 308 608 382 τῷ
651 309 839 380 καιρῷ
868 310 968 381 τῆς
998 310 1304 374 κολάσεως·
1338 310 1421 364 Οὐ
1466 309 1595 380 μὴν
1634 308 1722 375 δὲ,
1753 319 1785 376 Α

1844 313 2064 370 :nndum
2098 310 2200 367 Job
2237 328 2252 363 :
2287 309 2479 365 Manus
2510 310 2646 363 enim
2685 307 2896 362 Domini
2940 316 3040 373 est,
3081 324 3198 380 quae
3232 325 3310 363 me
3339 321 3417 363 te-

150 402 302 457 me
327 402 700 456 ἀπόστειλον
730 401 847 470 τὴν
879 400 1048 469 χεῖρά
1078 416 1217 469 σου,
1268 401 1371 455 καὶ
1404 400 1576 470 ἅψαι
1609 400 1729 479 τῶν

152 492 340 547 ὕστῶν
360 493 569 547 αὑτοῦ.
1280 532 1285 536 .

208 671 337 726 182.
380 670 701 741 Τοιγαροῦν
739 669 885 738 ἀρεῖ
899 671 1317 738 σύσσημονέν
1342 669 1467 736 τοῖς
1502 669 1725 733 ἔθνεσι,

150 764 264 830 τοῖς
273 764 516 834 μακρὰν
538 762 782 829 καὶτοῖς
804 762 1006 832 ἐγγὺς,
1031 763 1130 817 καὶ
1150 762 1347 831 συριεῖ
1375 761 1598 829 αὐτοὺς
1616 762 1728 833 (80)

149 856 240 910 ἔστ’
265 856 459 923 ἄκρου
486 854 599 924 τῆς
628 854 764 925 γῆς.
783 856 895 909 Καὶ
919 854 1048 908 ἰδοὺ
1076 854 1228 923 ταχὺ
1252 855 1489 923 κούφως
1518 853 1728 923 ἔρχον-

148 965 250 1002 ται.
289 949 449 1001 Κατὰ
482 948 579 1018 μὲν
615 947 677 999 τὸ
718 946 878 1016 ῥητὸν
907 946 1049 1013 δόξει
1093 946 1194 1017 τὴν
1233 945 1548 1018 Ῥωμαϊκὴν
1571 944 1731 999 δύνα-

148 1055 234 1104 μιν
258 1039 361 1108 τὴν
394 1039 488 1091 ἐπὶ
512 1038 624 1106 r81)
647 1040 712 1108 τῇ
738 1037 943 1111 ἐσχάτῃ
988 1037 1274 1109 πολιορκίᾳ
1302 1035 1636 1090 ἐπελθοῦσαν
1660 1039 1727 1108 τῇ

148 1128 510 1199 Ἰερουσαλὴμ
536 1131 565 1182 ὁ
599 1127 756 1197 λόγος
782 1127 1166 1200 προφητεύειν.
1224 1128 1313 1181 Ἐν
1330 1127 1525 1197 ἐκείνῳ
1549 1127 1658 1198 γὰρ
1679 1128 1729 1179 οί

148 1221 524 1292 πρατιωτικοὶ
576 1220 866 1288 κατάλογοι
922 1218 1387 1291 συνεπληροῦντο,
1435 1216 1499 1271 ἐκ
1523 1234 1585 1270 τε
1620 1217 1730 1272 τῶν

147 1313 364 1384 auxin
387 1313 557 1365 ἐθνῶν
595 1314 690 1366 καὶ
725 1315 789 1366 ὲκ
825 1312 936 1365 τῶν
967 1311 1254 1381 σύνεγγυς,
1295 1310 1405 1365 τῶν
1445 1309 1574 1382 περὶ
1630 1311 1730 1381 τὴν

146 1404 345 1475 Συρίαν
376 1404 472 1457 καί
521 1402 802 1474 ’Δραὸίαν,
836 1404 931 1457 καὶ
956 1403 1092 1457 ἄλλα
1146 1402 1273 1472 ἔθνη
1295 1443 1311 1467 ,
1344 1403 1446 1457 ὅσα
1473 1400 1732 1474 παρακεί-

147 1513 281 1564 ,ιενα
297 1499 366 1568 τῇ
394 1495 623 1567 Ἰουδαίᾳ.
646 1496 1088 1567 ὲστρατολογεῐτο
1111 1495 1261 1567 παρὰ
1281 1494 1390 1548 τῶν
1418 1494 1725 1564 Ῥωμαίων.

151 1587 183 1638 Γ
184 1586 213 1638 ὸ
243 1586 345 1656 μὲν
377 1581 470 1639 οὖν
499 1585 778 1655 σύσσημον
803 1587 860 1638 ὲν
884 1588 996 1649 τοῖς
1033 1585 1242 1639 ἔθνεσιν
1264 1584 1428 1656 ήρθη·
1458 1585 1726 1648 τουτέστι,

1837 404 1952 473 tigit
1983 402 2050 457 ὀ.
2077 401 2140 455 Et
2174 401 2226 455 in
2258 400 2375 468 ipso
2404 400 2509 454 hoc
2547 397 2683 453 libro
2705 399 2952 454 diabolus
2978 410 3222 470 tempore
3244 401 3412 454 casti-

1838 492 2071 562 gationis
2100 492 2167 546 de
2206 505 2370 545 manu
2418 489 2690 559 loquitur:
2723 486 3105 559 Nequaquam.
3138 493 3229 544 sed
3263 491 3415 546 mitte

1836 598 2051 637 manum
2085 591 2253 647 tuam,
2283 590 2333 635 et
2373 588 2528 651 longe
2558 598 2679 635 ossa
2701 581 2818 649 ejus
2851 582 2918 634 οι.

1910 674 2034 728 182.
2085 672 2253 728 Vens.
2287 672 2477 730 26-50.
2512 672 2687 744 Igitur
2730 673 2947 727 elevabil
2986 673 3193 744 signum
3231 675 3287 728 in
3316 690 3415 729 na-

1838 765 2065 820 tionibus
2104 764 2403 836 longinquis
2440 775 2492 819 el
2522 766 2848 835 prOpiuquis,
2875 777 2921 819 et
2951 767 3183 820 sibilabit
3226 783 3315 821 eas
3344 770 3411 821 ab

1837 868 2067 910 extremo
2103 867 2276 911 terra.
2304 855 2371 909 Et
2405 873 2519 911 ecce
2540 857 2641 910 cito
2657 856 2840 910 leviter
2868 856 3097 911 veniunt.
3124 856 3411 924 Scriptura

1838 947 2053 1015 quidem
2091 947 2157 1002 ad
2193 946 2425 1001 litteram
2450 947 2621 1002 videri
2653 947 2822 1016 possit
2853 947 3220 1002 Romanorum
3250 962 3411 1003 εχει·-

1837 1042 2004 1093 eitum
2037 1037 2348 1106 praedicere,
2390 1037 2481 1105 qui
2518 1036 2570 1091 in
2603 1047 2844 1092 extrema
2884 1039 3166 1094 obsidione
3193 1038 3415 1095 Jeroso-

1839 1130 2038 1201 lymam
2077 1129 2296 1193 invasit.
2337 1126 2472 1183 Nam
2511 1129 2567 1183 in
2597 1128 2702 1183 hoc
2731 1140 2992 1198 apparatu
3033 1129 3238 1186 indices
3273 1131 3413 1184 mili-

1841 1233 1984 1275 tares
2011 1220 2421 1290 complebantur
2450 1228 2563 1274 tum
2590 1234 2658 1276 ex
2683 1220 3017 1290 longinquis,
3045 1229 3160 1275 tum
3192 1236 3259 1276 ex
3292 1238 3413 1292 pro-

1836 1312 2052 1381 pinquis
2080 1312 2351 1381 gentibus,
2381 1325 2573 1381 nempe
2596 1325 2663 1366 ex
2702 1311 2769 1366 iis
2794 1327 2914 1381 qua:
2946 1313 3089 1367 circa
3116 1308 3328 1383 Syriam
3356 1323 3417 1367 et

1838 1404 2090 1456 Arabiam
2131 1402 2409 1457 habitant:
2436 1403 2565 1471 quin
2608 1410 2663 1456 et
2699 1403 2818 1456 aliae
2854 1403 3121 1470 nationes,
3146 1419 3407 1474 quaecun-

1839 1510 1946 1565 que
1974 1493 2221 1562 adjacent
2245 1494 2465 1559 Judacte,
2498 1510 2527 1548 a
2559 1495 2820 1550 Romanis
2860 1496 2928 1549 ad
2962 1496 3207 1551 militiam
3236 1500 3412 1552 ascri-

1840 1589 2126 1642 bebantur.
2154 1587 2410 1641 Erectum
2455 1596 2540 1641 est
2579 1588 2765 1657 itaque
2811 1589 2864 1641 in
2901 1590 3152 1658 gentibus
3183 1589 3307 1643 illud
3336 1591 3412 1644 si-

145 1679 200 1731 τὸ
227 1679 456 1750 σημεῖον
492 1678 607 1749 (8‘2)
637 1675 730 1730 τοῦ
767 1677 1003 1750 σταυροῦ
1029 1677 1126 1731 τοῦ
1152 1675 1579 1747 ἀναδειχθέντος.
1616 1675 1728 1728 Καὶ
1760 1685 1785 1743 ι

1844 1697 2027 1752 gnum;
2058 1682 2160 1735 boc
2187 1689 2289 1742 est,
2316 1680 2525 1748 signum
2554 1682 2734 1736 crucis
2756 1696 2877 1751 quae
2905 1682 3180 1751 apparuit.
3204 1683 3269 1738 Et
3292 1684 3414 1752 qni-

146 1769 207 1822 τὰ
240 1769 343 1840 μὲν
375 1767 502 1840 ἔθνη
525 1769 618 1821 ἐπὶ
638 1768 737 1839 τὴν
766 1769 948 1823 πίστιν
972 1767 1197 1839 ἐκλήθη,
1226 1770 1260 1839 ἡ
1284 1767 1341 1821 δὲ
1377 1766 1729 1837 Ἰερουσαλὴμ

147 1866 206 1935 τῇ
229 1866 582 1935 καταστροφῇ
620 1863 915 1935 παρεδόθη.
957 1862 1115 1916 Οὕτω
1149 1862 1207 1915 δὲ
1241 1862 1378 1932 ταχὺ
1396 1863 1492 1916 καὶ
1510 1860 1730 1930 κούφως

145 1955 396 2026 ἤρχοντο,
431 1954 701 2024 τοσαύτην
737 1954 960 2025 ἔχοντες
1009 1952 1320 2025 προθυμίαν
1361 1955 1443 2016 είς
1479 1953 1541 2006 τὺ
1568 1950 1726 2005 πολε-

145 2048 293 2117 μεῖν,
340 2044 482 2100 ὥστε
520 2046 618 2099 καὶ
661 2045 772 2099 τῶν
825 2045 1043 2117 τροφῶν
1093 2043 1579 2110 ἐπιλανθάνεσθαι,
1635 2044 1730 2097 καὶ

146 2136 285 2207 μηδὲ
340 2135 413 2189 τὰ
470 2136 755 2207 σιτηρέσια
806 2136 1129 2208 ἀναμένειν,
1198 2137 1332 2208 μηδὲ
1370 2134 1731 2198 ἀναπαύσεως

144 2225 375 2288 δεῖσθαι,
408 2225 542 2297 μηδὲ
571 2224 923 2279 ἀποτίθεσθαι
956 2226 1019 2279 τὸ
1052 2224 1162 2280 τῶν
1190 2223 1570 2296 πολεμούντων
1601 2225 1735 2293 σχῆ-

146 2335 246 2388 μα.
279 2312 438 2372 Οὗτοι
465 2316 655 2388 ὥσπερ
687 2317 884 2389 στερεὰ
924 2317 1100 2388 πέτρα
1127 2316 1505 2389 ἐλογίσθησαν,
1548 2316 1643 2370 καὶ
1668 2315 1736 2368 τὰ

146 2410 372 2482 Ξρματα
428 2409 609 2463 αὐτῶν
660 2409 736 2473 ὡς
791 2409 1125 2478 καταιγίδεςο
1176 2409 1351 2478 ὅμοιοι
1401 2408 1581 2461 λέουσι
1638 2406 1737 2477 τὴν

148 2504 327 2573 ίσχὺν,
385 2502 481 2555 καὶ
511 2501 773 2573 σκύμνοις
824 2502 1052 2556 λεόντων
1094 2501 1193 2571 τὴν
1227 2501 1424 2573 ὁρμήψ
1456 2492 1531 2554 ὧν
1565 2502 1599 2570 ἡ
1640 2497 1737 2570 βοὴ

149 2593 221 2657 ὣς
245 2594 523 2665 θαλάσσης
558 2594 949 2666 κυμαινούσης,
980 2594 1068 2646 ὅτε
1099 2592 1194 2647 καὶ
1240 2591 1390 2646 οὐδὲν
1419 2591 1548 2646 ἄλλο
1575 2593 1604 2644 ὁ
1636 2607 1735 2643 πο-

151 2685 484 2757 λεμούμενος
532 2685 664 2749 λαὸς
704 2684 871 2757 ἑώρα,
908 2684 1023 2738 ἀλλ’
1061 2683 1094 2755 ἢ
1128 2683 1317 2748 σκότος
1362 2682 1597 2754 σκληρὸν
1639 2683 1734 2736 ἐπὶ

152 2777 247 2848 τῆς
273 2777 381 2848 γῆς
420 2776 556 2847 (33L
1140 2812 1145 2815 -

685 3000 1082 3054 KEtbAAAiON
1115 3001 1206 3067 cr.

228 3094 372 3151 l82‘.
414 3092 525 3148 Kal
571 3091 808 3162 ἐγένετο
860 3093 966 3147 τοῦ
1009 3093 1291 3148 ἐνιαυτοῦ
1337 3088 1410 3149 οὗ
1438 3091 1738 3146 ἀπέθανεν

1835 1772 1956 1825 dem
1986 1779 2170 1839 gentes
2194 1771 2262 1825 ad
2303 1769 2462 1824 ﬁdem
2514 1771 2700 1824 accitae
2746 1783 2868 1825 sum
2894 1790 2908 1825 :
2937 1770 3235 1828 Jerusalem
3282 1789 3415 1830 vero

1838 1864 2222 1918 ruinae-tradita
2240 1873 2323 1917 est
2338 1871 2393 1918 et
2408 1865 2701 1918 eversioni.
2723 1863 2976 1919 Fortasse
2999 1877 3182 1921 autem
3206 1869 3280 1921 ita
3305 1868 3415 1922 cito

1837 1964 1893 2010 et
1920 1955 2110 2009 leviter
2144 1955 2451 2019 veniebant,
2484 1954 2625 2024 quod
2646 1961 2762 2009 erat
2802 1956 2924 2010 belli
2950 1958 3169 2027 gerendi
3194 1959 3413 2015 deside-

1840 2049 1978 2103 rium
2005 2062 2113 2116 quo
2155 2046 2503 2101 ducebantur
2524 2085 2538 2109 ,
2575 2056 2632 2099 ut
2652 2047 3110 2103 obliviscerentur
3137 2064 3414 2105 commea-
3448 2094 3455 2101 .

1843 2150 2016 2205 tuum,
2039 2152 2212 2207 neque
2231 2138 2580 2206 operirentur
2603 2138 2839 2193 militare
2867 2139 3217 2209 stipendium,
3236 2157 3415 2210 neque

1835 2230 2291 2303 intermissionem
2325 2243 2389 2284 ac
2410 2228 2778 2283 laxamentum
2819 2241 3202 2300 exposcerent,
3237 2248 3415 2303 neque

1832 2332 2092 2376 exuerent
2144 2335 2206 2377 se
2253 2323 2472 2376 militari
2508 2312 2716 2377 habitu.
2746 2321 2834 2378 isti
2868 2326 3020 2393 quasi
3054 2326 3225 2380 solida
3252 2336 3404 2395 petra

1834 2413 2002 2481 habiti
2030 2422 2178 2476 sunt,
2210 2422 2266 2467 et
2299 2428 2494 2469 currus
2526 2428 2716 2469 eorum
2747 2416 2903 2484 quasi
2944 2416 3214 2482 procellae.
3241 2418 3413 2476 Erant

1837 2514 1996 2567 pares
2048 2499 2296 2554 leonibus
2340 2501 2415 2564 vi,
2450 2511 2503 2554 et
2532 2501 2746 2556 leonum
2779 2505 2975 2560 catulis
3011 2507 3245 2574 impetu;
3276 2524 3415 2578 quo-

1843 2603 1962 2641 rum
2019 2587 2119 2642 fuit
2147 2588 2353 2643 clamor
2386 2590 2547 2645 veluti
2585 2592 2752 2646 maris
2782 2596 3066 2651 aestuantis
3087 2637 3103 2663 ,
3136 2614 3243 2666 quo
3279 2608 3414 2654 tem-

1841 2692 1972 2746 pore
1998 2679 2226 2748 populus
2249 2681 2343 2748 qui
2365 2682 2802 2752 oppugnabatur,
2828 2686 2961 2740 nihil
2983 2687 3126 2743 aliud
3150 2691 3251 2745 nisi
3273 2707 3411 2748 eraso

1841 2784 1929 2824 sas
1957 2771 2209 2824 tenebras
2247 2772 2298 2825 in
2332 2783 2475 2826 terra
2508 2788 2726 2841 sparsas
2751 2778 3034 2832 cernebat.

1763 3004 1807 3061 ο
2452 2993 2675 3050 CAPUT
2714 2995 2778 3050 vr

1915 3086 2058 3141 182‘.
2105 3084 2263 3139 Vens.
2316 3087 2364 3146 l,
2397 3084 2450 3138 ϐ.
2495 3086 2558 3138 Et
2591 3087 2788 3153 factum
2821 3098 2895 3142 est
2938 3105 3114 3158 anno,
3148 3109 3250 3163 quo
3276 3111 3398 3149 mor-

158 3187 353 3253 Ὀζῗας
397 3189 431 3239 ὁ
455 3184 791 3251 βασιλεὺς,
823 3181 988 3239 εἶδον
1031 3185 1137 3239 τὸν
1171 3186 1393 3253 Κύριον
1442 3184 1575 3256 (8t).
1628 3176 1747 3237 Kal”

1844 3191 1963 3234 tuus
1995 3189 2069 3235 est
2106 3177 2266 3234 Ozias
2294 3195 2383 3232 rex
2407 3192 2426 3230 :
2455 3179 2557 3232 ridi
2586 3179 2888 3235 Dominum.
2919 3180 2986 3235 Et
3021 3186 3212 3238 missus
3240 3198 3315 3241 est
3345 3194 3410 3242 ad

147 3274 468 3344 ἀπεστάλη
492 3276 642 3343 πρός
660 3292 737 3345 με
763 3274 834 3329 ἓν
860 3274 979 3328 τῶν
1007 3277 1286 3346 σεραεοίμ.
1317 3276 1462 3347 Πρὸς
1479 3277 1606 3338 τοὺς
1632 3274 1740 3327 ἀπὸ

149 3371 384 3432 κτίσεως
415 3368 509 3421 καὶ
536 3366 843 3438 καταϐολῆς
878 3365 1085 3438 κόσμου
1129 3367 1318 3437 ἁγίους
1351 3369 1438 3421 ἀεὶ
1475 3367 1739 3421 ἀποστέλ-

149 3461 334 3517 λονται
373 3460 514 3514 θεῖαι
558 3459 838 3531 δυνάμεις,
883 3461 946 3513 τὸ
995 3459 1195 3531 σαθρδν
1240 3460 1339 3530 τῆς
1387 3458 1734 3531 ἀνθρωπίνης

151 3555 370 3626 φύσεως
399 3552 891 3625 ἐπανορθούμεναι.
936 3551 1242 3622 Ἀπεστάλη
1267 3552 1447 3605 τοίνυν
1472 3551 1568 3604 καὶ
1601 3550 1738 3622 πρὸς

163 3647 417 3710 Ἡσαΐαν,
464 3647 560 3699 ἐπὶ
595 3643 674 3714 τῷ
706 3644 977 3714 περιελεῖν
1006 3643 1173 3698 αὐτοῦ
1200 3642 1300 3707 τὰς
1327 3630 1604 3714 ἁμαρτίας
1642 3644 1738 3695 καὶ

150 3735 473 3807 καθαρίσαι.
517 3732 823 3804 ’Δπεστάλη
861 3733 939 3796 δ’ὲ,
977 3732 1166 3804 ἐπειδὴ
1207 3732 1440 3803 ἤκουσεν
1471 3730 1735 3802 ὀδυρομέ-

150 3842 244 3879 νου
278 3824 381 3889 τὰς
414 3822 551 3888 ἰδίας
579 3824 977 3895 ταλαιπωρίας,
1016 3823 1113 3875 καὶ
1140 3821 1530 3894 ὁμολογοῦντος
1556 3820 1653 3893 τὴν
1679 3823 1737 3873 ὲν

152 3906 433 3988 λόγισμοῖς
476 3915 643 3969 αὐτοῦ
677 3914 973 3988 ἁμαρτίαν.
1008 3911 1145 3969 Εἶπε
1185 3913 1293 3986 γὰρ
1325 3913 1408 3979 τὸ,
1448 3913 1517 3967 Ὦ
1547 3911 1738 3978 τάλας

148 4007 299 4078 ἐγὼ,
345 4005 437 4061 ὅτι
488 4006 928 4076 κατανένυγμαι
946 4023 960 4036 ’
1012 4003 1101 4058 ὅτι
1131 4003 1441 4072 ἅνθρωπος
1480 4002 1584 4068 ὢν,
1638 4003 1737 4057 καὶ

149 4094 459 4164 ἀκάθαρτα
496 4096 671 4163 χείλη
716 4094 893 4163 ἔχων,
941 4092 1202 4162 ἐνμέσῳ
1242 4091 1397 4146 λαοῦ
1433 4090 1738 4159 ἀκάθαρτα

149 4187 327 4256 χείλη
371 4186 622 4256 ἔχοντος
652 4182 765 4255 ἐγὼ
797 4183 956 4238 οίκῶ.
987 4182 1172 4238 Ταῦτα
1216 4182 1369 4253 ἔλεγε
1401 4182 1497 4237 καὶ
1527 4184 1555 4236 ό
1586 4181 1736 4236 Παῦ-

149 4278 240 4342 λος
260 4295 275 4309 ⁸
312 4279 694 4345 Ταλαίπωρος
719 4275 834 4346 ἐγὼ
877 4275 1208 4344 ἄνθρωπος,
1247 4276 1340 4342 τίς
1370 4292 1449 4345 με
1480 4277 1737 4343 ῥύσεται

1839 3286 1921 3324 me
1951 3285 2087 3323 unus
2121 3270 2185 3320 de
2224 3268 2505 3334 seraphim.
2548 3266 2775 3336 Semper
2807 3283 2835 3320 a
2868 3269 3039 3338 prima
3071 3273 3254 3327 mundi
3282 3290 3410 3329 con-

1841 3362 2123 3416 stitutione
2167 3369 2222 3414 et
2258 3359 2468 3427 origine
2518 3358 2585 3411 ad
2634 3369 2853 3414 sanctos
2890 3362 3181 3418 mittuntur
3218 3366 3411 3422 divinte

1841 3460 2157 3519 potestates,
2187 3466 2307 3519 quae
2332 3451 2583 3503 lmmame
2613 3459 2820 3505 natura:
2848 3456 3155 3509 resarciant
3183 3456 3412 3511 inﬁrmi-

1844 3552 2028 3596 tatem.
2084 3540 2278 3595 Missus
2323 3542 2488 3611 igitur
2528 3550 2612 3594 est
2674 3544 2837 3596 etiam
2887 3546 2953 3598 ad
3010 3546 3204 3604 Isaiam
3252 3566 3413 3619 unus,

1839 3634 1931 3703 qui
1958 3633 2027 3686 ab
2054 3649 2117 3688 eo
2145 3633 2383 3687 auferret
2414 3643 2657 3702 peccata,
2689 3636 2970 3704 ipsumque
2996 3640 3261 3708 expiaret.
3296 3643 3413 3700 illis-

1839 3740 1932 3779 sus
1964 3734 2045 3779 est
2079 3734 2644 3795 autem‘postcaquam
2687 3725 3024 3799 (Dominus)
3053 3745 3174 3787 eum
3209 3734 3414 3794 audivi:

1838 3821 2087 3874 miserias
2108 3835 2236 3874 suas
2264 3819 2546 3874 deﬂentem
2567 3859 2583 3885 ,
2610 3830 2999 3890 peccatumque
3027 3823 3081 3876 in
3111 3839 3206 3877 sua
3238 3835 3413 3882 ment:

1840 3911 2174 3966 reconditum
2209 3910 2578 3966 confitentem.
2619 3912 2766 3966 Dixit
2796 3913 2942 3966 enim
2994 3912 3185 3986 (Vens.
3222 3915 3317 3988 5)’:
3369 3918 3414 3976 0

1838 4006 1997 4058 miser
2024 4020 2144 4073 ego,
2171 3998 2298 4073 quia
2343 4015 2683 4070 compunctus
2730 4021 2846 4058 sum
2876 4021 2895 4058 :
2941 4007 3067 4076 quia
3103 4008 3257 4062 homo
3296 4026 3413 4063 cum

1837 4097 1957 4163 sim,
1989 4107 2034 4149 et
2059 4095 2331 4149 immunda
2362 4094 2501 4146 labia
2528 4096 2770 4160 habeant,
2806 4096 2862 4149 in
2894 4096 3064 4150 medio
3099 4100 3284 4165 populi
3314 4101 3412 4152 in:-

1806 4187 2037 4253 _munda
2082 4186 2224 4241 labia
2268 4187 2503 4240 habentis
2552 4204 2643 4256 ego
2693 4188 2894 4242 habito.
2932 4187 3058 4245 Haec
3100 4190 3314 4246 dicebat
3360 4203 3411 4248 et

1838 4276 2039 4332 Paulus
2068 4296 2081 4331 :
2115 4275 2315 4346 Infelix
2338 4292 2430 4346 ego
2455 4276 2633 4339 homo,
2660 4279 2780 4346 quis
2809 4292 2890 4331 me
2922 4276 3160 4331 liberabit
3200 4279 3266 4332 de
3297 4295 3410 4332 cor-

148 4370 219 4424 ἐκ
259 4369 370 4424 τοῦ
410 4368 686 4439 σώματος
718 4368 824 4423 τοῦ
859 4367 1120 4423 θανάτου
1153 4369 1407 4431 τούτου;
1457 4363 1590 4421 Εἶτα
1638 4368 1732 4421 καὶ

1844 4385 1962 4437 pore
2007 4368 2191 4421 mortis
2225 4366 2384 4437 hujus
2413 4366 2498 4420 "?
2535 4365 2738 4421 Deinde
2774 4370 2938 4422 etiam
2973 4369 3061 4424 hic
3103 4369 3218 4439 ipse
3255 4371 3413 4439 quissi

148 4462 316 4526 αὐτὸς
361 4461 439 4525 ὡς
468 4438 646 4533 τυχὼν
689 4461 839 4525 θείας
885 4459 1222 4530 ἀντιλήψεως
1267 4460 1499 4533 suam:
1530 4438 1785 4528 Εὑχα-Ῑ

1844 4461 1944 4531 iam
1976 4468 2298 4514 consecutus
2326 4459 2563 4513 divinum
2605 4459 2908 4514 subsidium
2927 4501 2944 4524 ,
2972 4460 3122 4515 addit
3151 4478 3166 4516 :
3197 4459 3425 4523 Gratias,

141 4553 333 4623 ριστῶ
364 4554 444 4620 τῷ
475 4552 597 4619 Θεῷ
627 4553 726 4607 διὰ
763 4548 967 4621 Ἰησοῦ
994 4550 1270 4621 Χριστοῦ.
1302 4547 1439 4604 Εἷπε
1467 4550 1523 4603 δὲ
1555 4550 1637 4615 τὸ,
1669 4540 1761 4603 ’Ὠ’

185 4647 338 4713 ἅλας
362 4645 497 4715 ἐγὼ,
525 4645 848 4716 διομτικῶς
875 4645 955 4707 εἰς
983 4642 1193 4699 ἔννοιαν
1226 4643 1395 4697 ἐλθὼν
1442 4643 1539 4713 τῆς
1575 4642 1733 4714 βασι-

218 4821 268 4853 ⁹⁹
293 4820 398 4876 Job
426 4836 544 4885 xu,
576 4816 668 4874 2|.

218 4999 333 5071 (80)
364 5000 547 5056 Codex
590 4998 898 5056 Combeﬁsii
940 5001 1233 5064 recentior,
1270 5001 1364 5054 καὶ
1410 5002 1586 5071 συριεί
1628 5001 1728 5054 αὐ-

140 5074 334 5211 ﬁs.)
368 5139 528 5206 Editi,
552 5138 666 5211 τὴν
714 5140 808 5193 ἐπὶ
845 5137 1256 5194 Οὐεσπασιανοῦ
1305 5140 1384 5204 ὲν,
1440 5141 1727 5199 imperante

153 5209 505 5277 Vespasiano.
535 5209 605 5262 At
626 5209 725 5264 sex
761 5224 891 5263 mss.
928 5219 985 5263 ut
1015 5212 1067 5263 in
1098 5220 1373 5264 contextu.

216 5281 328 5350 (8i)
363 5279 437 5331 Ita
480 5294 611 5333 mss.
660 5280 823 5339 Editi,
857 5281 1081 5350 σημεῖον
1119 5279 1202 5344 τό,
1235 5281 1282 5350 id
1323 5280 1463 5349 quod
1500 5280 1570 5332 ita
1606 5280 1723 5333 red-

144 5349 363 5405 diderat
409 5352 690 5416 interpres,
738 5349 944 5418 signum
987 5350 1156 5420 crucis
1193 5349 1327 5419 ejus,
1367 5351 1457 5420 qui
1493 5365 1722 5417 peream

142 5421 448 5473 declaratus
497 5428 577 5479 est
623 5428 672 5471 et
723 5420 1048 5488 designatus.
1097 5418 1214 5485 Qua
1277 5418 1723 5488 interpretatione

145 5489 400 5558 pulchra
428 5489 715 5542 admodum
745 5490 1011 5543 sententia
1070 5504 1289 5557 prorsus
1335 5491 1720 5558 corrumpitur.

142 5557 281 5612 Nam
318 5557 537 5613 dubium
562 5574 667 5611 non
697 5568 802 5621 est,
826 5560 955 5628 quin
977 5560 1207 5627 scriptor
1227 5561 1466 5618 indicare
1492 5557 1723 5616 voluerit

141 5629 339 5684 miram
374 5628 523 5683 illam
548 5627 726 5681 crucis
753 5627 1152 5696 apparitionem,
1176 5645 1336 5700 quam
1367 5633 1722 5688 Constantino

426 5719 704 5781 ΡΔτιιοι..
751 5718 871 5782 Gn.
915 5720 1127 5786 XXX.

1838 4569 1936 4620 ago
1971 4551 2078 4605 Deo
2117 4567 2210 4620 per
2259 4550 2441 4605 Jesum
2468 4549 2738 4604 Christum
2761 4551 2827 4607 ’⁸.
2865 4551 3009 4605 Dixit
3041 4560 3220 4606 autem
3256 4553 3408 4613 illud.

1842 4643 1888 4697 0
1911 4643 2070 4699 miser
2096 4660 2211 4713 ego,
2243 4651 2528 4712 postquam
2558 4657 2779 4713 regnum
2804 4641 2897 4697 Dei
2924 4643 3013 4713 qui
3038 4657 3201 4712 super
3215 4643 3409 4700 solium

740 4819 783 4851 "
807 4817 909 4876 Job
939 4835 1000 4885 tt,
1035 4819 1090 4874 5.
1164 4820 1210 4852 "
1252 4819 1406 4874 Rom.
1441 4834 1538 4885 vn,
1569 4817 1661 4872 24.
1739 4818 1947 4876 "ibid.
1978 4820 2050 4880 25L

1834 4999 2028 5070 Magno
2059 5001 2109 5070 in
2136 4999 2272 5056 coelo
2303 5000 2473 5057 visam
2519 5001 2683 5057 fuisse
2732 5014 2918 5058 narrat
2965 5003 3227 5062 Eusebius
3255 5005 3351 5062 lib.
3388 5024 3408 5065 ι

1834 5071 1910 5124 De
1930 5068 2036 5123 ulla
2065 5068 2269 5132 σοαπ..
2287 5087 2404 5140 Cap.
2433 5072 2522 5127 28.

1904 5140 2016 5215 (εῇ)
2044 5140 2170 5194 Post
2206 5142 2319 5215 lizec
2353 5145 2534 5209 verba,
2566 5145 2658 5196 ἐπὶ
2692 5143 2792 5213 τῆς
2812 5145 2937 5215 γῆς,
2969 5145 3102 5199 nihil
3136 5146 3410 5203 invenitur

1831 5211 2062 5283 amplius
2084 5225 2257 5277 neque
2284 5213 2332 5264 in
2361 5227 2489 5283 mss.
2519 5228 2694 5283 neque
2724 5211 2776 5267 in
2811 5211 3046 5270 excusis.
3080 5216 3259 5283 Quare
3287 5234 3410 5273 cre—

1831 5280 1883 5333 di
1911 5281 2104 5353 merito
2130 5290 2304 5353 potest
2323 5282 2554 5351 scriptor
2580 5280 2746 5338 totum
2768 5297 2929 5353 caput
2954 5301 3056 5339 non
3081 5280 3406 5342 absolvisse:

1826 5349 2070 5473 ﬁed-ejus
2102 5350 2296 5419 capitis
2333 5349 2493 5407 linem
2525 5354 2580 5407 in
2602 5349 2979 5410 compendium
3027 5359 3291 5412 duntaxat
3323 5375 3410 5412 re-

1861 5434 2056 5473 emisse.

1861 5434 2056 5489 egisse.

1896 5488 2190 5569 (8“)..C0ll‘l.
2220 5489 2445 5569 primus,
2492 5491 2696 5569 Κύριον
2729 5495 3037 5566 καθήμενον
3081 5496 3175 5569 ἐπὶ
3213 5496 3407 5569 θρόνου

1825 5559 2029 5637 bipalio?)
2069 5559 2172 5637 καὶ
2222 5560 2560 5637 ἐπηρμένου.
2584 5559 2890 5637 Ἀιίψιειιιιὲᾗ
2944 5562 3066 5637 post
3116 5559 3267 5631 editi;
3316 5567 3408 5626 δια

1838 5630 2041 5704 Ἰησοῦν
2069 5630 2415 5701 Χριστόνξιιι
2443 5649 2539 5689 sex
2567 5630 2721 5701 ωειεᾴ
2738 5635 2836 5688 διὰ
2870 5630 3045 5707 Ἰησοῦ
3075 5630 3310 5708 Χριστοῦ

3054 5731 3126 5791 1's
