3808 6212
322 165 442 249 tat

1320 156 1663 245 appsnotx
1698 183 1987 244 OPERUM
2025 186 2082 243 s.
2122 185 2368 244 nasum
2408 186 2650 247 nam.

3495 188 3619 245 ‘23

342 303 617 361 excelsum
646 313 701 361 et
725 304 993 362 elevatum
1021 304 1264 372 sedebat,
1297 314 1460 377 atque
1488 304 1746 360 mundum
1780 305 1915 359 adeo

2107 322 2165 369 ας
2193 304 2287 359 τοῦ
2322 304 2460 359 Θεοῦ
2487 304 2600 377 (85)
2625 304 2722 359 τοῦ
2760 304 3077 377 καθημένου
3108 303 3201 358 ἐπὶ
3229 302 3422 375 θρόνου
3459 304 3618 376 ὑψη-

343 408 555 453 vastum
586 398 755 470 gloria
787 415 884 453 sua
922 398 1274 470 adimplebat,
1301 398 1446 454 clare
1477 399 1661 452 animo
1693 412 1917 467 perspe-

345 491 533 545 xisset.
576 488 736 561 513
768 490 983 545 Etenim
1021 500 1313 559 antequam
1355 488 1520 544 Deum
1569 499 1750 543 mente
1795 503 1920 556 per-

346 584 571 654 cipcret,
608 598 711 638 non
739 583 1071 651 comperitur
1096 582 1299 639 dixisse
1328 599 1343 637 :
1378 580 1425 635 0
1454 581 1612 635 miser
1639 597 1753 651 ego.
1782 579 1915 634 Nam

344 689 399 731 et
426 677 699 733 Abraham
727 677 864 745 ipse,
900 691 1024 732 cum
1056 677 1198 732 Dens
1231 689 1350 731 sese
1379 675 1479 745 ipsi
1511 674 1770 738 ostendit,
1804 684 1918 728 tum

344 770 546 826 dixisse
580 768 808 825 refertur
836 785 851 823 :
905 768 1018 837 Ego
1051 779 1225 823 autem
1273 782 1387 821 sum
1428 776 1568 819 terra
1607 774 1659 820 et
1688 767 1818 820 cinis
1848 764 1918 821 ".

347 860 612 915 Similiter
649 859 811 915 etiam
851 869 905 915 et
947 860 1161 931 Moyses
1201 858 1346 914 omni
1394 855 1775 928 Egyptiorum
1830 872 1921 912 sa-

345 953 547 1026 pientia
599 952 849 1008 eruditus
895 951 966 1018 ”,
1014 961 1088 1017 et,
1136 959 1197 1005 ut
1245 949 1469 1004 credere
1501 964 1602 1019 par
1645 956 1769 1014 est,
1822 950 1921 1002 hos

344 1061 534 1103 omnes
582 1045 778 1116 ingenii
806 1043 1148 1099 dexteritate
1181 1055 1246 1097 ac
1276 1038 1633 1109 intelligentia
1689 1054 1921 1108 exsupe-

346 1155 492 1208 rans,
528 1140 727 1211 lingua:
755 1137 1059 1193 ltaasitantia
1084 1146 1138 1190 et
1168 1136 1423 1190 tarditate
1451 1133 1701 1187 laborare
1725 1147 1784 1186 se
1813 1146 1918 1185 non

346 1232 691 1299 advertebat;
726 1230 821 1286 sed
857 1229 946 1283 ubi
974 1228 1267 1282 Dominum
1296 1225 1515 1281 oracula
1543 1226 1793 1279 edentem
1823 1238 1922 1275 au-

346 1324 512 1390 divit,
543 1333 670 1378 tunc
704 1319 955 1391 loquendi
988 1317 1359 1373 ditlicultatem
1395 1331 1460 1371 ac
1506 1314 1703 1385 linguae
1745 1313 1919 1369 tardi-

349 1423 511 1467 tatem
548 1410 718 1466 sensit
736 1409 802 1464 ".

419 1502 540 1557 185.
587 1499 752 1555 Vsus.
793 1498 845 1562 6,
880 1497 935 1552 7.
978 1494 1044 1549 Et
1076 1497 1133 1550 in
1161 1510 1323 1548 manu
1355 1510 1451 1548 sua
1485 1493 1705 1547 habebat
1736 1492 1920 1546 carbo-

348 1609 486 1656 nem,
534 1606 688 1661 quem
733 1588 929 1659 forcipe
971 1587 1160 1641 tulerat
1200 1585 1267 1639 de
1304 1584 1503 1649 altari,
1544 1594 1592 1639 et
1644 1584 1814 1653 tetigit
1861 1598 1920 1635 os

2017 394 2110 449 λοῦ
2158 397 2251 449 καὶ
2301 397 2636 468 ἐπηρμένου,
2687 397 2783 450 καὶ
2835 396 3260 468 πεπληρωκότος
3302 397 3401 468 τῆς
3443 395 3621 467 δόξης

2018 485 2185 540 αὐτοῦ
2227 487 2319 540 τὸν
2374 488 2695 558 τηλικοῦτον
2733 490 2957 559 κόσμον.
3014 489 3154 559 Πρὶν
3194 487 3305 559 γὰρ
3351 489 3621 559 ἐννοῆσαι

2018 580 2168 641 Θεὸν.
2222 580 2284 633 οὐ
2336 581 2585 650 φαίνεται
2622 579 2793 635 είπὼν
2842 581 2951 651 (86)
2999 581 3080 645 τὸ,
3119 583 3187 635 ’Ὠ
3230 580 3420 647 τάλας
3467 581 3614 650 ἐγώ.

2030 671 2184 723 Ἐπεὶ
2216 670 2311 723 καὶ
2339 671 2370 723 ό
2421 670 2695 742 Ἀϐραὰμ,
2729 671 2817 725 ὅτε
2850 670 3005 742 ὤφθη
3047 669 3200 741 αὐτῷ
3237 672 3266 725 ό
3297 670 3449 737 Θείρς,
3483 670 3619 727 τότε

2018 762 2434 833 ἀναγέγραπται
2461 762 2700 835 εἰρηκὼς
2720 763 2803 826 τὸ,
2837 761 2987 832 Ἐγὼ
3006 762 3074 816 δέ
3101 765 3217 832 ειμι
3237 761 3314 832 γῆ
3340 763 3439 816 καὶ
3461 778 3622 817 σπο-

2019 855 2142 922 δός.
2194 855 2352 909 υῦτω
2383 857 2440 910 δὲ
2476 857 2586 928 (87)
2636 856 2732 910 καὶ
2786 856 3027 927 Μωῦοῆς
3078 856 3466 927 παιδευόμενος
3508 855 3622 927 μὲν

2021 948 2170 1020 πάσῃ
2196 948 2358 1021 σοφίᾳ
2386 948 2722 1019 Αἰγυπτίων,
2755 948 2849 1002 καὶ
2877 948 2954 1012 ὼς
2986 948 3132 1012 εἰκὸς
3157 948 3448 1001 διαϐαίνων
3473 947 3624 1002 πάν-

2018 1058 2119 1105 τας
2152 1042 2349 1105 αὐτοὺς
2374 1044 2442 1113 τῇ
2476 1041 2677 1114 εὐφυΐᾳ
2706 1040 2801 1095 καὶ
2839 1043 2903 1112 τῇ
2944 1041 3177 1108 συνέσει,
3208 1041 3310 1095 οὐκ
3341 1040 3623 1113 ᾐσθάνετο

2022 1134 2218 1187 ἑαυτοῦ
2278 1133 2607 1206 ίσχνοφὼνου
2666 1134 2699 1207 ἢ
2751 1133 2863 1207 (88)
2922 1132 3375 1206 βραδυγλὼσσουθ
3419 1135 3512 1187 ὅτε
3554 1131 3623 1185 δὲ

2021 1224 2219 1293 ἤκουσε
2251 1222 2345 1276 τοῦ
2380 1223 2833 1295 χρηματίζοντος,
2866 1222 2989 1276 τότε
3017 1223 3117 1294 τῆς
3164 1222 3407 1289 ἀφωνίας
3440 1219 3622 1275 αὑτοῦ

2022 1315 2239 1384 καὶτῆς
2274 1315 2401 1387 περὶ
2430 1316 2531 1387 τὴν
2560 1314 2814 1384 γλῶσσαν
2849 1314 3182 1386 βραδύτητος
3210 1312 3428 1385 ᾔσθετο.

2094 1490 2214 1546 185.
2255 1488 2364 1545 Καὶ
2394 1490 2465 1544 ἐν
2494 1487 2570 1557 τῆ
2602 1488 2753 1559 χειρί
2785 1487 2973 1543 αὑτοῦ
3007 1484 3174 1556 εῖχεν
3198 1486 3487 1555 ἄνθρακα,
3536 1485 3623 1539 ὃν

2023 1578 2098 1649 τῇ
2143 1579 2344 1634 λαϐίδι
2399 1580 2617 1635 ἔλασεν
2668 1578 2787 1632 ἀπὸ
2833 1580 2941 1632 τοῦ
2986 1577 3461 1643 θυσιαστηρίου,
3507 1574 3619 1628 και

347 1700 540 1742 meum.
587 1683 688 1749 Qui
740 1682 883 1737 hanc
922 1682 1307 1749 interpretatur
1359 1678 1685 1733 sententiam
1733 1676 1917 1730 animo

2107 1689 2219 1726 τιτο
2257 1672 2365 1727 τοῦ
2417 1673 2718 1741 στόματός
2740 1688 2882 1741 μου.
2942 1671 3001 1723 '0
3037 1669 3136 1741 μὲν
3176 1668 3487 1730 Ἰουδαῖκῶς
3517 1666 3619 1731 ἐξ-

346 1777 590 1839 Judaico,
624 1774 868 1829 dicturus
892 1778 977 1826 est
1004 1770 1192 1839 utique
1220 1768 1502 1823 Dominum
1538 1767 1589 1821 in
1620 1765 1801 1835 aliquo
1830 1765 1918 1819 ci-

349 1868 531 1924 vitatis
574 1864 1041 1936 Jerosolymitanae
1088 1862 1208 1917 loco
1238 1859 1405 1915 fuisse
1447 1860 1624 1913 visum
1646 1898 1661 1926 ,
1696 1859 1749 1912 in
1782 1857 1921 1913 solio

349 1958 562 2017 excelso
592 1966 647 2013 et
672 1956 883 2011 elevato
912 1952 1194 2009 sedentem
1221 1967 1237 2004 :
1287 1948 1670 2019 serapltitnque
1716 1947 1770 2002 in
1800 1946 1918 2014 eius

346 2050 579 2109 circuitu
614 2047 862 2110 stetisse,
896 2056 953 2100 et
1000 2053 1275 2114 sumptum
1322 2056 1388 2096 ex
1424 2040 1915 2112 holocautomatnnr

347 2157 441 2197 ara
470 2142 649 2212 ignem
679 2138 760 2193 ori
806 2136 1083 2205 prepltetee
1116 2134 1182 2187 ad
1231 2133 1373 2187 labia
1409 2131 1530 2198 ejus
1570 2131 1918 2200 expurganda

349 2237 417 2293 ab
446 2250 552 2291 uno
573 2232 848 2302 seraphim
877 2230 1119 2287 oblatum
1164 2226 1350 2281 fuisse.
1384 2222 1497 2278 Nos
1523 2238 1653 2278 vero
1678 2223 1768 2291 qui
1800 2234 1921 2290 qua:

348 2329 401 2383 in
446 2327 567 2397 lege
613 2330 1008 2387 memorantur,
1040 2319 1330 2389 imaginem
1370 2329 1491 2370 esse
1534 2312 1836 2367 caelestium
1868 2319 1923 2365 et

347 2416 594 2473 umbram
615 2413 909 2476 credimus,
931 2422 1146 2465 onmem
1170 2415 1434 2462 creaturae
1458 2416 1569 2458 tum
1593 2402 1922 2472 spiritualis,

349 2521 464 2565 tum
492 2506 593 2562 sub
640 2517 833 2559 sensus
878 2499 1122 2557 cadentis
1155 2508 1359 2553 ctutum
1407 2504 1463 2550 et
1510 2496 1919 2549 universitatem

350 2602 567 2656 domum
598 2595 867 2659 dicimus;
900 2591 1050 2646 illum
1080 2604 1213 2644 vero
1237 2586 1329 2642 Dei
1360 2588 1412 2640 in
1444 2599 1635 2640 omnes
1660 2584 1925 2655 principa-

348 2701 462 2747 tum
511 2702 576 2744 ac
608 2687 901 2743 dominium
942 2683 1172 2739 dicimus
1221 2681 1417 2737 solium
1452 2679 1746 2745 elevatum,
1777 2692 1928 2733 sera-

350 2786 499 2856 phim
526 2791 728 2848 autem,
762 2778 1015 2835 caelostes
1045 2777 1296 2830 virtutes.
1327 2772 1385 2828 Si
1420 2771 1591 2836 enim,
1623 2770 1766 2841 quod
1800 2769 1924 2838 qui-

351 2880 473 2934 dam
517 2873 721 2948 opinati
770 2880 918 2939 sunt,
957 2870 1063 2923 duo
1114 2867 1237 2922 coeli
1279 2864 1660 2936 bemispltzeria
1697 2862 1924 2916 alternis

351 2971 558 3025 vicibus
610 2982 670 3021 se
707 2978 869 3034 super
919 2972 1117 3017 terram
1174 2957 1553 3028 conspicienda
1605 2954 1916 3023 prmbeant,

2020 1764 2327 1836 ηγούμενος
2353 1763 2416 1817 τὸ
2449 1763 2635 1835 ῥητὸν,
2665 1766 2801 1835 ἐρεῖ,
2833 1764 2909 1827 ὡς
2931 1761 3039 1833 ἄρα
3074 1763 3102 1814 ὁ
3137 1760 3342 1833 Κύριος
3372 1757 3624 1830 ἑώραται

2020 1859 2114 1910 ἐπὶ
2143 1856 2222 1927 τῷ
2253 1857 2395 1911 κατὰ
2431 1856 2784 1928 Ἰερουσαλὴμ
2813 1854 2987 1924 τόπῳ,
3025 1853 3334 1924 καθήμενος
3363 1852 3458 1905 ἐπὶ
3490 1851 3624 1922 θρό-

2020 1967 2113 2004 νου
2153 1948 2362 2020 ὐψηλοῦ
2408 1949 2503 2001 καὶ
2533 1948 2872 2020 ἐπηρμένου,
2908 1948 3004 2001 καὶ
3044 1946 3115 1999 τὰ
3150 1946 3393 2018 σεραφὶμ
3424 1944 3623 2015 κύκλῳ

2021 2041 2187 2096 αὐτοῦ
2229 2043 2530 2114 ἑστηκότα·
2564 2042 2659 2095 καὶ
2688 2043 2753 2095 ἐκ
2790 2039 2886 2093 τοῦ
2913 2039 3300 2111 θυσιαστηρίου
3332 2038 3444 2091 τῶν
3491 2036 3620 2091 ὁλο-

2022 2136 2399 2206 καυτωμάτων
2448 2133 2510 2187 τὸ
2563 2133 2674 2209 πῦρ
2721 2133 2925 2204 ληφθὲν
2980 2133 3132 2205 παρὰ
3183 2130 3278 2187 τοῦ
3334 2131 3621 2203 σεραφεὶμ

2022 2223 2367 2296 προσηνέχθη
2405 2223 2517 2293 (89)
2544 2223 2623 2295 τῷ
2660 2224 2890 2294 στόματι
2919 2222 3013 2277 τοῦ
3049 2226 3329 2295 προφήτου
3353 2265 3368 2289 ,
3398 2224 3481 2286 είς
3512 2239 3621 2275 κα-

2021 2303 2288 2388 θαρισμὸν
2311 2314 2421 2369 τῶν
2453 2315 2676 2385 χειλέων
2706 2315 2898 2370 αὑτοῦ.
2937 2315 3128 2386 Ἡμεῖς
3158 2315 3218 2368 δέ
3241 2316 3289 2367 οἱ
3317 2330 3621 2367 πεπιστευ-

2021 2410 2201 2475 κότες,
2243 2409 2326 2461 ὅτι
2356 2409 2663 2479 ὑπόδειγμά
2706 2426 2759 2461 τι
2798 2409 2893 2462 καὶ
2935 2408 3064 2461 σκιὰ
3097 2407 3207 2478 (90)
3233 2406 3343 2460 τῶν
3373 2407 3620 2479 ἐπουρα-

2022 2501 2159 2554 νίων
2193 2499 2310 2553 ἐστὶ
2338 2499 2406 2553 τὰ
2438 2500 2581 2553 κατὰ
2611 2500 2704 2553 τὸν
2731 2501 2917 2571 νόμον,
2962 2495 3111 2553 οἷκον
3147 2499 3245 2570 μὲν
3290 2497 3526 2568 λέγομεν
3553 2497 3623 2551 τὸ

2027 2593 2247 2664 σύμπαν
2283 2592 2535 2663 σύστημα
2566 2592 2667 2663 τῆς
2693 2594 2891 2663 νοητῆς
2931 2593 3038 2645 καὶ.
3051 2591 3317 2660 αἰσθητῆς
3357 2590 3617 2653 κτίσεως·

2025 2685 2214 2756 θρόνον
2266 2685 2323 2738 δὲ
2367 2685 2682 2755 ἐπηρμένον
2732 2684 2831 2755 τὴν
2875 2683 2967 2736 ἐπὶ
3012 2685 3230 2737 πάντων
3279 2683 3457 2754 ἀρχὴν
3517 2682 3623 2736 καὶ

2022 2777 2342 2831 δεσποτείαν
2373 2776 2467 2831 τοῦ
2498 2776 2633 2830 Θεοῦ
2655 2794 2668 2807 ’
2710 2775 2953 2847 σεραφὶμ
2980 2775 3038 2829 δὲ
3069 2775 3167 2838 τὰς
3208 2775 3623 2845 ὑπερκοσμίους

2022 2869 2299 2939 δυνάμεις.
2331 2869 2394 2921 Et
2420 2867 2548 2940 γὰρ,
2583 2869 2719 2938 ὅπερ
2758 2867 3176 2939 ἐφαντάσθησάν
3203 2884 3349 2931 τινες
3370 2908 3385 2930 ,
3423 2866 3495 2920 τὰ
3522 2867 3623 2920 δύο

2025 2958 2119 3012 τοῦ
2161 2957 2391 3030 οὐρανοῦ
2418 2958 2753 3030 ήμισφαίρια
2791 2957 2893 3011 ἀνὰ
2927 2957 3092 3030 μέρος
3121 2957 3262 3026 ὑπὲρ
3296 2957 3403 3029 γῆς
3432 2957 3625 3028 φαινό-

352 3023 579 3125 ntroque
610 3069 703 3109 sex
750 3023 996 3121 partibus
1050 3023 1440 3116 tanquam‘alis
1488 3044 1811 3114 quibusdam
1852 3042 1920 3096 ad

2107 3067 2186 3116 να,
2210 3023 2270 3115 se
2305 3023 2527 3122 μέρεσιν
2558 3023 2854 3123 ἑκατέρων,
2889 3023 3051 3103 οίονεί
3072 3066 3183 3103 τισι
3206 3023 3458 3120 πτεροῖς,
3477 3048 3628 3119 πρὸς

348 3147 590 3204 velocem
625 3154 827 3198 motum
858 3149 1064 3205 utente,
1096 3141 1188 3208 qui
1219 3139 1335 3193 ﬁeri
1366 3146 1546 3207 potest
1576 3146 1632 3191 ut
1658 3135 1821 3189 missa
1854 3133 1928 3188 sit

353 3243 543 3296 barum
577 3237 747 3291 altera
771 3275 787 3300 ,
826 3243 920 3287 ant
951 3233 1018 3285 ab
1068 3230 1173 3284 alia
1220 3227 1407 3283 avolsa
1429 3269 1445 3294 ,
1491 3225 1926 3298 quandoquidem

350 3329 603 3385 rontiuua
636 3333 722 3381 est
762 3322 884 3377 coeli
919 3320 1155 3375 natura?
1186 3317 1406 3382 Verum,
1449 3328 1507 3372 ut
1538 3331 1808 3387 cmperam
1842 3315 1926 3369 di-

350 3435 495 3487 cere,
525 3418 754 3471 virtutes
788 3414 1039 3468 cmlestes
1066 3420 1287 3481 propter
1315 3424 1583 3465 summam
1616 3422 1769 3461 suam
1799 3422 1927 3460 san-

352 3506 663 3564 ctimoniam
692 3503 888 3560 habita:
917 3509 1045 3556 sunt
1074 3502 1268 3569 dignae,
1301 3514 1422 3569 quae
1448 3499 1643 3552 throno
1678 3496 1927 3566 proxime

351 3606 628 3665 astarent;
656 3611 883 3665 quarum
916 3610 1019 3649 una
1052 3593 1198 3648 venit
1230 3593 1296 3646 ad
1339 3594 1679 3661 prophetam.
1722 3589 1925 3656 Quem-

352 3688 640 3745 admodum
670 3687 812 3741 enim
853 3684 993 3739 Dens
1017 3683 1257 3738 omnium
1293 3684 1621 3752 gubernator
1648 3681 1715 3733 ad
1750 3679 1924 3733 homi-

352 3799 481 3838 num
508 3795 692 3836 curam
720 3793 751 3833 e
777 3777 918 3832 caelo
953 3776 1226 3847 respicere
1260 3774 1402 3829 haud
1434 3772 1641 3827 fastidit
1668 3791 1681 3827 :
1716 3773 1787 3825 ita
1825 3785 1925 3826 nec

351 3873 704 3945 particulares
730 3870 834 3923 illa:
864 3869 1093 3922 virtutes
1121 3866 1187 3919 ad
1222 3863 1579 3936 impertienda
1615 3862 1926 3918 hominibus

352 3964 610 4021 benelicia
653 3958 1009 4015 ministerium
1043 3971 1199 4012 suum
1231 3955 1517 4025 denegant.
1559 3952 1782 4022 Accepit
1823 3952 1924 4021 igi-

357 4070 446 4114 tur
482 4056 755 4126 serapltim
792 4052 881 4106 ille
914 4049 1123 4119 forcipe
1162 4047 1455 4102 carbonem
1495 4046 1563 4100 ab
1607 4044 1785 4098 altari.
1821 4042 1925 4097 Te-

349 4166 472 4207 cum
503 4159 689 4219 repnta
718 4142 875 4214 quale
899 4141 1063 4196 fuerit
1090 4141 1261 4194 altare
1289 4137 1443 4201 illud,
1476 4138 1544 4191 ad
1570 4136 1713 4205 quod
1746 4135 1929 4189 aditus
1954 4207 1960 4213 ⁸

2025 3141 2126 3213 τὴν
2156 3140 2333 3204 ὀξεῖαν
2370 3140 2479 3210 (91)
2521 3141 2735 3211 κίνησιν
2769 3140 3147 3212 κεχρημένων,
3198 3138 3314 3204 πῶς
3353 3138 3624 3193 ἐπέστέλ-

2027 3231 2150 3284 λετο
2178 3231 2239 3284 τὸ
2280 3231 2467 3304 ἕτερον
2514 3231 2720 3287 τούτων
2744 3271 2761 3298 ,
2803 3232 2837 3303 ἢ
2879 3231 2997 3295 πῶς
3040 3232 3326 3285 ἀπεσπᾶτο
3373 3230 3487 3285 ἀπὸ
3522 3230 3623 3284 τοῦ

2027 3322 2209 3389 ἄλλου,
2251 3323 2608 3395 συνημμένης
2643 3322 2739 3377 τοῦ
2773 3321 3004 3395 οὐρανοῦ
3036 3323 3134 3394 τῆς
3166 3323 3382 3391 φύσεως
3410 3320 3621 3393 οὖσης;

2039 3414 2200 3481 Ἀλλ’,
2227 3415 2364 3487 ὅπερ
2398 3410 2573 3479 εἷπον,
2602 3415 2867 3493 δυνάμεις
2895 3415 3286 3486 ὑπερκόσμιαι,
3319 3413 3420 3484 τῆς
3453 3416 3626 3483 ἐγγυ-

2026 3505 2173 3559 τάτω
2207 3504 2448 3569 στάσεως
2488 3505 2578 3558 διὰ
2617 3504 2719 3576 τὴν
2760 3505 2819 3557 ὲν
2847 3502 3106 3574 ἁγιασμῷ
3150 3502 3432 3574 ἀκρότητα
3479 3520 3624 3555 κατ-

2026 3595 2358 3667 ηξιωμέναι*
2388 3588 2461 3649 ὧν
2489 3598 2523 3667 ή
2559 3596 2658 3667 μία
2688 3592 2823 3666 ἦλθε
2867 3595 3004 3666 πρὸς
3034 3594 3125 3647 τὸν
3167 3595 3477 3665 προφήτην.
3530 3595 3625 3658 Ὧς

2027 3685 2133 3755 γὰρ
2167 3688 2194 3738 ὁ
2221 3687 2313 3739 ἐπ).
2349 3687 2565 3741 πάντων
2596 3686 2728 3751 Θεὸς
2763 3688 2864 3741 οὐκ
2900 3684 3113 3751 ἐπαξιοῖ
3153 3683 3264 3756 (9:2)
3293 3684 3627 3738 διακόπτειν

2028 3779 2093 3830 ἐκ
2116 3776 2208 3830 τοῦ
2240 3778 2469 3859 οὐρανοῦ
2501 3778 2638 3850 πρὸς
2665 3779 2767 3850 τὴν
2800 3777 3117 3848 ἐπιμέλειαν
3147 3775 3254 3829 τῶν
3285 3773 3624 3847 ἀνθρώπων,

2026 3868 2148 3922 οὐδὲ
2172 3871 2226 3923 ei
2256 3870 2480 3942 μερικαὶ
2508 3870 2766 3942 δυνάμεις
2792 3869 2892 3942 τὴν
2917 3868 3192 3924 διακονίαν
3220 3868 3358 3938 ὑπὲρ
3393 3868 3628 3939 εὐεργε-

2030 3959 2148 4025 σίας
2178 3960 2287 4016 τῶν
2323 3961 2627 4035 ἀνθρώπων
2664 3962 2977 4036 ἀρνοῦνται.
3023 3960 3257 4016 Ἔλαϐεν
3294 3956 3388 4014 οὖν
3418 3960 3483 4013 τὸ
3525 3976 3623 4012 σε·-

2030 4054 2237 4125 ραφεὶμ
2258 4054 2366 4110 ἀπὸ
2390 4053 2486 4108 τοῦ
2518 4053 2903 4128 θυσιαστηρίου
2924 4058 2992 4127 τῇ
3012 4054 3209 4108 λαϐίδι.
3248 4050 3626 4125 Ἐνθυμήθητι

2028 4142 2259 4214 πηλίκον
2282 4144 2341 4196 τὸ
2376 4144 2781 4219 θυσιαστήριον,
2816 4147 2964 4210 ὅπως
2994 4144 3103 4218 (95)
3134 4143 3518 4216 δυσπρόσιτον,
3544 4145 3625 4209 ὡς

350 4241 424 4295 ita
457 4237 688 4295 dilﬁcilis
714 4244 870 4298 erat,
904 4243 959 4287 ut
986 4247 1052 4286 ne
1083 4230 1276 4284 audeat
1304 4228 1522 4298 quidem
1558 4227 1733 4296 ipsum
1766 4239 1921 4278 manu

2107 4292 2109 4302 ι
2145 4234 2493 4308 κατατολμᾷν
2536 4235 2699 4292 αὐτοῦ
2750 4237 2811 4290 τὸ
2853 4236 3124 4306 σεραφεὶμ
3154 4237 3219 4306 τῇ
3253 4234 3403 4306 χειρὶ
3449 4250 3625 4305 προσ-

348 4331 623 4403 serapbim
671 4328 961 4397 attingere,
994 4324 1088 4379 sed
1136 4319 1342 4389 forcipe
1380 4319 1559 4387 ignem
1604 4317 1659 4371 in
1707 4331 1921 4371 manum

2107 4322 2322 4390 τεσθαι,
2352 4324 2489 4379 ἀλλὰ
2512 4326 2600 4381 διὰ
2625 4326 2724 4397 τῆς
2745 4324 2960 4388 λαὸίδος
2986 4323 3283 4396 λαμδάνειν
3306 4323 3367 4376 τὸ
3393 4321 3507 4395 πῦρ
3538 4324 3627 4386 είς

350 4380 707 4493 εοόἱιῖἱοῑξ-έι
754 4380 984 4485 ευῖιιρείι
1018 4380 1334 4471 carbonem.
1383 4380 1599 4479 Accipit
1644 4408 1826 4479 ignem
1871 4408 1921 4462 in

2107 4428 2130 4463 ν
2169 4380 2349 4485 χεῖρα.
2383 4415 2495 4468 Καὶ
2524 4380 2732 4468 (ἐλαϐεν
2771 4380 3364 4487 ἄνθρακα..Λαμ6ἀνει
3398 4380 3623 4482 τέττερ

351 4528 595 4567 manum.
638 4506 951 4578 Cuiusmodi
997 4514 1079 4560 est
1117 4504 1241 4567 bic,
1291 4504 1384 4573 qui
1433 4508 1654 4571 peccata
1706 4499 1921 4569 expiat!

2107 4505 2235 4578 ῖτὴν
2272 4508 2451 4579 χεῖρα.
2492 4507 2739 4562 Ποδαπδν
2774 4508 2889 4578 (94)
2917 4505 3079 4561 τοῦτο
3108 4505 3171 4559 τὸ
3207 4504 3339 4577 πῦρ,
3374 4503 3404 4558 ὃ
3437 4504 3623 4575 ἁμαρ-

349 4601 490 4658 Num
522 4600 659 4658 forte
686 4599 1065 4671 cognationem
1095 4594 1258 4650 habet
1283 4608 1405 4649 cum
1437 4607 1503 4648 eo
1527 4594 1651 4664 igne
1670 4630 1687 4656 ,
1719 4593 1788 4646 de
1816 4606 1921 4660 quo

2107 4613 2153 4660 ις
2195 4598 2487 4671 καθαίρει;
2519 4601 2590 4653 Ἦ
2617 4601 2828 4672 μήποτε
2857 4598 3119 4668 συγγενὲς
3146 4597 3363 4668 ἐκείνῳ,
3394 4594 3526 4668 περὶ
3556 4588 3622 4649 οὗ

421 4810 467 4842 ’⁸
490 4808 626 4865 Gen.
661 4819 816 4871 xvm,
839 4803 931 4858 27.
1005 4802 1052 4833 "
1083 4799 1205 4855 Act.
1249 4814 1321 4853 vn
1342 4839 1358 4866 ,
1388 4796 1481 4851 22.
1557 4797 1603 4830 "
1631 4794 1802 4852 Exod.
1833 4812 1911 4866 tv,
1945 4808 2031 4854 ιιι.

446 4986 537 5054 85)
565 4984 786 5055 Antiqui
821 4998 917 5039 se:
950 4981 1095 5055 libri,
1126 4977 1221 5034 τοῦ
1248 4976 1403 5032 Θεοῦ.
1429 4977 1597 5055 Editi,
1624 4976 1720 5031 τοῦ
1755 4976 1922 5033 θείου.

446 4989 537 5054 85)
565 4989 786 5055 Antiqtti
821 4998 917 5039 se:
950 4989 1095 5045 libri,
1126 4989 1221 5034 του
1248 4989 1403 5032 υεου.
1429 4989 1590 5042 Edttt,

421 4989 533 5129 (86)
575 5056 736 5129 Editi,
760 5054 953 5124 λέγων.
989 5054 1058 5105 At
1088 5065 1181 5129 sex
1202 5046 1590 5129 ⁸ιιιετιεηὲζιιτῲνζ

571 5117 796 5205 Eeteres
832 5117 1237 5205 q‘ttatttorlibri,
1265 5117 1542 5205 ﬂditi,
1566 5117 1652 5205 δή.

443 5185 533 5269 88)
568 5196 661 5269 Sic
689 5190 819 5250 mss.
849 5185 920 5246 At
948 5190 1110 5269 editi_,_
1134 5185 1467 5269 ίσχνοφώνου
1499 5187 1610 5269 καίΣ

447 5255 537 5337 89)
568 5267 801 5337 ιιιιίιιιεε.
832 5277 1040 5337 omnes.
1071 5255 1704 5337 ΕιΙιιϊκπροσενηνέχθαι.

424 5325 535 5407 (90)
566 5335 729 5407 Editi,
762 5331 1137 5407 ὑποδείγματα
1164 5325 1730 5407 aromatum-ta.
1762 5325 1924 5393 quin-

352 5396 458 5475 que
495 5396 553 5460 ut
578 5405 633 5459 in
668 5396 942 5475 contextu.
961 5396 1170 5454 “Statim
1199 5396 1352 5462 editi,
1375 5396 1474 5468 τῆς
1502 5413 1581 5451 τε.
1611 5397 1782 5451 Abest
1807 5413 1866 5450 τε
1892 5413 1924 5453 a

353 5474 485 5531 mss.
511 5474 732 5529 nostris.

423 5545 535 5615 (91.)
590 5544 814 5615 Veteres
843 5541 1082 5615 quinque
1109 5534 1465 5615 libri,_.¢_hitav,
1501 5551 1597 5592 nec
1620 5534 1921 5615 ju_re_du_bi-

353 5606 459 5673 tari
494 5606 679 5687 potest
726 5606 879 5683 quin'
896 5611 971 5667 ita
994 5606 1192 5681 legerit
1231 5606 1568 5675 Tilmaonus,
1595 5608 1685 5679 qui
1719 5608 1800 5665 sic
1833 5608 1919 5663 in-

2034 4989 2357 5052 terpretatus
2382 4983 2472 5048 sit,
2497 4984 2566 5037 ad
2589 4982 2796 5052 justam
2822 4984 3127 5039 motionem.
3163 4980 3305 5036 Editi
3328 4988 3513 5035 tamen
3562 4990 3619 5036 et

2032 5049 2166 5119 Reg.
2205 5052 2394 5107 tertius
2427 5049 2645 5119 habent,
2662 5054 2863 5120 ὀξεῖαν,
2881 5056 2948 5105 ad
2967 5056 3189 5105 celocem
3207 5062 3425 5112 malum,
3447 5062 3618 5107 recte.

2103 5120 2214 5192 (92)
2266 5121 2457 5177 Nostra
2494 5124 2658 5177 editio
2697 5133 2752 5177 et
2792 5125 2959 5177 codex
2989 5122 3080 5176 Fr.
3134 5124 3185 5182 l,
3222 5121 3286 5173 οὐ
3342 5120 3615 5183 καταξιοί.

2032 5190 2121 5245 Δι’
2151 5192 2425 5261 antiquior
2452 5192 2763 5248 Combeiisii
2798 5196 2967 5248 codex
3003 5201 3059 5247 ct
3112 5191 3202 5245 alii
3233 5198 3489 5259 quatuor,
3517 5193 3619 5245 οὐκ

2032 5262 2270 5327 ἀπαξιοῖ.

2103 5333 2217 5398 (95)
2251 5331 2429 5387 Nostri
2455 5346 2548 5388 sex
2586 5347 2741 5398 mss.,
2763 5334 2928 5396 ὅπως.
2962 5330 3126 5396 Editi,
3166 5327 3327 5386 οὕτω.

2127 5333 2194 5386 95
2251 5333 2429 5387 Nostri
2455 5346 2548 5388 sex
2586 5347 2741 5398 mss.,
2763 5334 2928 5396 ὅπως.
2962 5333 3126 5396 Editi,
3166 5333 3327 5386 οὕτω.

2126 5333 2217 5525 ΜΞ
2250 5402 2468 5457 Veteres
2494 5403 2731 5472 quinque
2759 5404 2900 5465 libri,
2934 5400 3199 5455 Ποδαπόν,
3240 5400 3403 5465 Editi,
3431 5399 3614 5453 Ποτα-

2126 5488 2155 5525 t.
2215 5474 2388 5525 bidem
2417 5483 2642 5525 uterune
2668 5471 2821 5525 Colb.
2849 5482 2905 5525 et
2935 5474 3069 5525 Rm.
3109 5472 3403 5525 secundus.
3433 5471 3614 5525 ἁμαρ-

2034 5470 2155 5545 πόν.
2188 5470 2388 5545 Ibidem
2417 5470 2821 5541 uterqne’Colb.
2842 5482 2905 5545 et
2930 5474 3069 5545 lit-3.
3109 5472 3403 5545 secundus,
3433 5471 3617 5543 ἁμαρ-

2029 5542 2168 5607 τίας.
2196 5543 2301 5599 Alii
2338 5551 2449 5600 tres
2475 5558 2608 5601 mss.
2642 5550 2698 5599 et
2727 5543 2879 5601 editi.
2920 5542 3216 5599 ἁααοτίαν.
