3808 6212
208 381 317 441 637

1099 385 1462 443 COMMENT.
1499 385 1570 441 IN
1606 385 1846 442 ISAI’AM
1881 385 2333 443 PROPHETAM.
2371 385 2528 441 CAP.
2566 385 2657 440 Vl.

3360 384 3468 443 ‘38

207 498 506 577 λαόνομου
551 496 696 565 τοὺς
719 497 891 566 υἱοὺς
936 498 1175 568 Ἰσραὴλ
1211 502 1280 556 ἐκ
1319 499 1433 573 γῆς
1462 502 1788 573 Αἰγύπτου.
1819 510 1864 568 Α
1896 510 2037 557 terra

1896 510 2037 557 terra
2074 501 2294 573 Egypti
2339 501 2409 557 '°.
2453 502 2656 558 Contra
2695 498 2963 570 permittit
3016 515 3075 556 se
3126 500 3241 571 ipse
3272 500 3464 566 lsaias.

218 586 447 652 ἐἰσαῖας
472 588 553 654 δὲ,
598 591 869 662 ἀορίστως
908 590 1001 657 τοῦ
1041 591 1202 661 λόγου
1234 593 1326 646 τὸν
1374 593 1790 665 διακονούμενον

203 678 274 748 τῇ
297 676 572 751 ἀποστολῇ
604 679 1006 753 ἐπιζητοῦντος,
1039 682 1229 737 ἐαυτὸν
1257 683 1573 738 ὑποϐάλλει.
1604 684 1669 737 Τί
1697 679 1790 738 οὗν

204 781 427 835 quum;
459 768 573 822 Οὐκ
604 769 1022 842 ἀπομαχόμεναί
1048 773 1156 826 εἰσι
1186 773 1296 827 τῶν
1324 774 1495 843 ἀγίων
1528 774 1585 828 αί
1611 771 1792 828 διαθέ-

203 871 325 920 σεις
367 860 496 931 περὶ
539 860 600 913 τὸ
642 861 773 915 αὐτὸ
814 864 1049 934 πρᾶγμα
1098 864 1358 928 ἐναντίως
1390 864 1612 937 ἔχουσαι
1653 865 1791 939 πρὸς

199 946 467 1030 ἀλλήλας.
522 951 661 1005 Ἀλλ’
691 954 774 1007 ὅτι
827 954 1037 1024 Μωσῆς
1083 956 1183 1026 μὲν
1220 956 1336 1029 ⁴ᾔδει
1368 957 1469 1030 τὴν
1509 958 1787 1024 ὑπόθεσιν,

197 1029 269 1107 ἧς
304 1037 493 1092 ἕνεκεν
533 1041 910 1109 ἀπεστέλλετο,
958 1043 1049 1098 διὰ.
1076 1045 1235 1101 τοῦτο
1265 1029 1435 1101 ὤκνει
1463 1049 1602 1121 πρός
1632 1065 1692 1103 τε
1730 1049 1790 1103 τὸ

199 1129 489 1183 ἀνένδοτον
536 1133 640 1203 τῆς
664 1133 909 1206 ,καρδίας
942 1134 1038 1190 τοῦ
1066 1137 1268 1208 Φαραὼ
1301 1138 1646 1207 ἀποϐλέπων,
1696 1140 1791 1194 καὶ

200 1217 349 1288 πρὸς
393 1219 455 1272 τὸ
488 1220 776 1287 δυσπειθὲς
815 1223 980 1278 πάλιν
1022 1225 1116 1279 καὶ
1147 1226 1465 1297 δυσάγωγον
1507 1227 1601 1281 τοῦ
1633 1227 1786 1283 λαοῦ.

200 1308 415 1382 Πεῖραν
446 1312 557 1384 γὰρ
602 1309 717 1384 εἶχε
742 1315 853 1385 τῆς
901 1316 1295 1390 ἀγνωμοσύνης
1342 1319 1451 1373 τῶν
1496 1319 1787 1385 Ἰουδαίων,

198 1397 287 1451 ὅτι
321 1400 416 1452 καὶ
446 1401 900 1473 εὐεργετηθέντες
931 1404 1306 1473 ἐφυγάδευσαν
1351 1406 1537 1460 αὐτόν.
1573 1404 1665 1459 Διὸ
1697 1405 1791 1458 καὶ

194 1489 305 1561 τὴν
332 1492 533 1545 κακίαν
570 1492 748 1545 αὐτῶν
778 1495 854 1566 μὴ
894 1498 1097 1567 φέρων,
1129 1497 1267 1569 πρὸς
1292 1496 1391 1570 τὴν
1420 1499 1478 1550 ἐν
1501 1499 1567 1569 τῇ
1601 1497 1791 1569 ἐρήμῳ

196 1580 439 1650 ἡσυχίαν
480 1583 849 1656 ἀνεχώρησεν,
884 1586 978 1641 ἐπί¹
1020 1589 1292 1660 προφάσει
1334 1586 1429 1640 τοῦ
1461 1588 1788 1659 ποιμαίνειν,

194 1672 332 1735 τοὺς
371 1671 480 1725 τῶν
517 1675 727 1728 πόλεων
759 1676 857 1730 καὶ
895 1677 1006 1731 τῶν
1042 1677 1250 1732 πολλῶν
1283 1678 1587 1751 ἀνθρώπων
1628 1678 1789 1750 θορύ-

195 1760 335 1825 ϐους
367 1763 800 1836 ἀποδιδράσκων.
843 1766 944 1821 Διά
973 1768 1131 1823 τοῦτό
1165 1786 1334 1841 φησι’
1374 1770 1471 1835 Τίς
1513 1771 1662 1838 ειμι,
1701 1769 1790 1822 ὅτι

192 1856 578 1924 πορεύσομαι
632 1857 785 1926 πρὸς
840 1860 1085 1927 Φαραὼ,
1140 1860 1240 1914 καὶ
1301 1859 1390 1913 ὅτι
1438 1858 1634 1924 ἐξάξω
1680 1859 1789 1913 τὸν
1817 1848 1861 1905 Β

190 1944 362 1999 λαὸν
387 1945 499 2014 (20)
524 1947 591 2001 ἐκ
613 1946 730 2017 γῆς
755 1951 1094 2019 Αἰγύπτου;
1123 1950 1261 2005 Ούτε
1295 1951 1406 2022 γὰρ
1433 1949 1633 2023 Φαραὼ
1657 1950 1786 2003 ἀνευ

195 2035 462 2106 μεγάλων
491 2037 679 2091 κακῶν
707 2039 1089 2104 ἐξαποστέλλει
1128 2042 1219 2095 τὸν
1268 2041 1397 2095 λαὸν
1416 2081 1430 2105 ,
1465 2043 1560 2095 καὶ
1600 2043 1629 2095 6
1659 2040 1787 2106 λαὸς

188 2127 302 2180 ςύκ
347 2127 569 2192 εὔκολος
615 2131 1122 2204 μεταχειρισθῆναι,
1171 2132 1631 2187 ἀντιϐαίνων-ἀεὶ
1675 2136 1789 2197 τοῖς

191 2218 341 2290 πρὸς
371 2220 646 2290 σωτηρίαν
665 2221 830 2276 αὐτοῦ
857 2224 1294 2294 ἐπιμελομένοις.
1326 2224 1580 2277 Δείκνυσι
1605 2223 1663 2276 δέ
1686 2223 1788 2295 τὴν

186 2311 444 2365 διάνοιαν
474 2312 719 2378 Μωσέως
744 2316 838 2369 καὶ
865 2315 935 2369 τά
960 2316 1180 2387 ἐφεξῆς.
1215 2316 1345 2369 Ὅτε
1375 2315 1485 2388 γὰρ
1522 2314 1660 2387 μετά
1690 2314 1790 2387 τὴν

188 2403 562 2473 μοσχοποιίαν
617 2404 741 2469 δοὺς
804 2406 904 2478 τὴν
960 2407 1120 2479 χάριν
1150 2405 1228 2477 τῷ
1280 2405 1572 2478 θεράποντι
1622 2405 1786 2459 αὐτοῦ

187 2492 343 2564 ὑπὲρ
370 2493 474 2564 τῆς
502 2497 903 2568 συγχωρήσεως
928 2497 1023 2551 τοῦ
1055 2498 1456 2569 ἁμαρτήματος
1481 2496 1574 2551 τοῦ
1602 2496 1733 2551 λαοῦ
1760 2499 1790 2551 6

182 2582 353 2646 θεὸς,
387 2584 694 2639 τελευταῖόν
743 2604 898 2658 φησι·
960 2589 1264 2656 Πορεύου,
1297 2588 1398 2642 καὶ
1431 2587 1636 2659 deum
1682 2587 1792 2641 τὸν

180 2675 354 2730 λαὸν
383 2677 600 2731 τοῦτον
617 2721 631 2743 ,
666 2679 763 2732 καὶ
797 2679 1188 2744 ἐξαποστελῶ
1225 2680 1487 2750 ἄγγελόν
1512 2697 1633 2750 μου
1682 2678 1787 2748 ἐμ-

183 2765 468 2835 προσθέν
508 2782 655 2821 σου·
691 2768 744 2821 τί
797 2763 891 2822 οὖν
926 2769 1174 2840 Μωσῆς;
1217 2768 1429 2838 Δέομαί
1450 2806 1467 2830 ,
1496 2768 1706 2836 Κύριε,
1735 2768 1789 2822 ει

179 2857 275 2928 μὴ
314 2857 506 2923 αὐτὸς
531 2857 615 2911 σὺ
640 2860 981 2929 προπορεύῃ
1007 2859 1120 2930 (21)
1150 2858 1340 2930 ἡμῶν,
1370 2859 1457 2929 μὴ
1482 2857 1789 2929 ἀναγάγῃς

183 2948 355 3019 ἡμᾶς
392 2950 696 3005 ἐντεῦθεν.
728 2952 793 3006 Τί
824 2950 917 3006 οὖν
948 2954 982 3024 ή
1017 2952 1227 3006 διάνοια
1260 2952 1356 3005 τοῦ
1395 2950 1624 3023 ἀνδρός;
1666 2952 1788 3004 ’Ότι

184 3041 523 3113 ἁμαρτωλὸς
561 3044 590 3097 ὁ
632 3042 780 3108 λαὸς,
820 3043 916 3097 καὶ
947 3042 1139 3116 χρῄζει
1181 3043 1277 3098 τοῦ
1306 3043 1557 3113 ἀφιέντος
1603 3043 1789 3113 ἀμαρ-

182 3134 339 3198 τίας,
373 3135 513 3205 ὅπερ
536 3135 790 3204 ἀγγέλοις
819 3135 1080 3189 ἀδύνατον
1107 3134 1242 3206 (22).
1270 3135 1515 3206 Τιμωροὶ
1554 3134 1651 3204 μὲν
1679 3132 1787 3186 τῶν

184 3224 670 3295 ἁμαρτανομένων
700 3223 942 3293 ἄγγελοι,
969 3224 1372 3297 συγχωρητικοὶ
1397 3224 1454 3277 δὲ
1475 3223 1583 3276 τῶν
1610 3222 1791 3294 πλημ-

190 3315 555 3387 μελουμένων
581 3315 789 3370 οὐκέτι.
818 3314 918 3369 Διά
943 3314 1102 3369 τοῦτο
1131 3314 1379 3387 ἐπιζητεῖ
1405 3314 1568 3368 αὐτὸν
1593 3312 1789 3367 ἐλθεῖν⁸

183 3408 500 3470 τουτέστιν,
546 3404 574 3459 6
607 3405 701 3460 καὶ
733 3405 828 3460 νῦν
870 3422 1026 3477 φησι,
1073 3405 1455 3475 Προχείρισαι
1486 3401 1683 3458 ἄλλον
1716 3401 1792 3456 ὃν

183 3495 560 3562 ἀποστελεῖς
580 3513 594 3527 ·
636 3496 934 3561 τουτέστιν,
976 3493 1178 3548 ἐλθέτω
1217 3496 1247 3548 6
1285 3491 1536 3565 ἀληθινὸς
1567 3489 1792 3562 νομοθέ-

187 3605 315 3659 της,
342 3588 373 3640 6
396 3586 626 3650 δυνατὸς
648 3586 858 3657 Σωτὴρ,
881 3586 910 3638 ὁ
941 3585 1100 3656 μόνος
1128 3584 1266 3655 ἔχων
1292 3581 1543 3649 ἐξουσίαν
1572 3582 1791 3653 ἀφιέναι

188 3678 497 3750 ἁμαρτίας.
556 3677 775 3750 Ἐπειδὴ
804 3677 862 3731 δὲ
907 3676 1059 3731 ούπω
1093 3672 1225 3749 ἦλθε
1274 3675 1336 3729 τὸ
1372 3675 1650 3747 πλήρωμα
1680 3672 1790 3727 τῶν

190 3766 444 3838 καιρῶν,
479 3767 573 3821 καὶ
613 3766 720 3820 ἔδει
764 3768 822 3819 ἐν
854 3768 969 3829 τοῖς
1014 3764 1209 3830 τύποις
1251 3764 1640 3836 προεθισθῆναι
1690 3762 1793 3834 τὴν

190 3856 620 3928 ἁνθρωπότητα,
646 3856 734 3910 διὰ
764 3858 929 3910 τοῦτο
957 3857 1056 3911 οὐκ
1085 3854 1417 3928 είσηκούσθη
1453 3853 1546 3907 τοῦ
1577 3854 1794 3925 προφή-

190 3964 289 4000 του
336 3947 372 4017 ἡ
412 3946 656 4014 αἴτησις.
708 3946 936 4009 Ἡσαΐας
977 3944 1179 4016 μέντοι,
1229 3942 1370 4014 μετά
1418 3942 1482 3996 τὸ
1522 3941 1793 4013 ἀφεθῆναι

189 4039 293 4103 τὰς
330 4037 611 4108 ἁμαρτίας
640 4036 830 4101 αὐτοῦ,
869 4036 1059 4107 ἐπειδὴ
1093 4035 1338 4107 εἴρηκεν,
1371 4035 1455 4089 ὅτι
1497 4037 1600 4088 Ἐν
1623 4031 1794 4102 μέσῳ

187 4130 352 4187 λαοῦ
386 4128 530 4198 ιέγὼ
579 4126 722 4183 οἰκῶ
756 4127 1065 4197 ἀκάθαρτα
1116 4129 1290 4197 χείλη
1337 4127 1614 4196 ἔχοντοςο
1673 4121 1792 4179 εἶτα

189 4223 402 4293 ἤκουσε
420 4237 435 4251 ·
477 4220 574 4286 Τίς
610 4221 967 4287 πορεύσεται
1001 4218 1151 4289 πρὸς
1193 4219 1305 4273 τὸν
1348 4220 1505 4275 λαὸν
1534 4218 1791 4284 τοῦτον;

191 4311 454 4382 Νομίσας
480 4311 575 4364 ἐπὶ
597 4309 675 4381 τῷ
695 4310 766 4364 τά
789 4310 1149 4383 παραπλήσια
1173 4310 1462 4374 κάκείνους
1494 4311 1792 4382 εὐεργετη-

191 4402 364 4474 θῆναι
388 4402 671 4472 ζητεῖσθαι
691 4402 782 4457 τὸν
803 4402 1288 4474 ἀποστελλόμενον,
1307 4402 1413 4456 ὑπὸ
1435 4403 1791 4474 περιχαρείας

1893 592 2018 648 licet
2066 607 2247 648 sermo
2303 593 2584 661 suspensis
2636 598 2692 648 et
2741 592 2966 647 incertis
3008 592 3187 648 verbis
3232 593 3465 648 admini-

1892 695 2063 739 strum
2116 684 2186 738 ad
2232 682 2533 739 obeundum
2574 683 2894 753 legationem
2951 693 3289 751 exposceret.
3322 683 3463 751 Quid

1894 776 2062 847 igitur
2094 775 2534 846 respondemus?
2573 774 2926 846 Nequaquam
2959 786 3201 848 pugnant
3232 777 3375 832 inter
3403 791 3467 833 se

1893 877 2207 923 sanctorum
2242 869 2452 935 animi,
2495 868 2646 938 quasi
2689 868 2864 924 forent
2906 869 3005 924 sibi
3043 868 3276 924 invicem
3316 869 3464 924 circa

1894 973 2008 1012 rem
2045 957 2289 1012 eamdem
2344 957 2578 1014 adversi.
2645 954 2752 1011 Sed
2798 972 2921 1013 cum
2985 957 3226 1013 novisset
3284 955 3464 1013 Moses

1893 1062 2148 1113 causam,
2185 1047 2255 1102 ob
2286 1064 2447 1118 quam
2502 1046 2850 1115 mittebatur,
2892 1047 3012 1102 ideo
3054 1062 3258 1102 moram
3283 1047 3464 1102 trahe-

1891 1141 2023 1208 bat,
2071 1140 2212 1209 quod
2237 1140 2398 1195 simul
2445 1148 2498 1193 et
2537 1138 2604 1194 ad
2651 1152 2748 1194 cor
2795 1137 3097 1194 Pharaonis
3150 1138 3461 1205 inﬂexibile,

1891 1240 1945 1284 et
1984 1230 2049 1283 ad
2087 1230 2338 1300 populum
2389 1229 2725 1285 incredulum
2754 1238 2915 1298 atque
2944 1229 3345 1285 intractabilem
3376 1242 3465 1282 re-

1892 1323 2146 1391 spiceret.
2193 1320 2325 1376 Erat
2378 1336 2610 1390 namque
2664 1330 2922 1391 expertus
2956 1320 3225 1391 ingratum
3252 1319 3466 1375 Judaeoo

1893 1426 2009 1468 rum
2040 1414 2311 1479 animum,
2357 1412 2449 1483 qui
2478 1413 2564 1468 vel
2598 1413 2876 1468 beneﬁciis
2922 1411 3465 1482 aliectiieuuwfugere

1890 1516 2203 1576 coegerant.
2254 1505 2520 1573 Quocirca
2578 1521 2686 1560 non
2739 1504 2924 1561 ferens
2971 1519 3159 1559 eorum
3216 1502 3466 1575 maligni-

1893 1627 2056 1674 tatem
2084 1656 2101 1683 ,
2138 1616 2369 1673 secessit
2414 1616 2469 1672 in
2498 1616 2807 1672 solitudinis
2853 1616 3130 1686 quietem,
3170 1625 3332 1687 atque
3370 1630 3466 1687 per

1891 1712 2124 1779 speciem
2177 1708 2432 1778 pascendi
2495 1709 2706 1779 gregis,
2753 1708 3035 1762 civitatum
3067 1708 3467 1778 multorumque

1893 1802 2170 1855 hominum
2223 1799 2483 1855 tumultus
2537 1799 2847 1854 declinavit.
2900 1799 3031 1854 Eam
3080 1800 3148 1855 ob
3176 1814 3288 1854 rem
3338 1800 3460 1855 ait:

1892 1891 2022 1955 Quis
2073 1907 2185 1944 sum
2209 1900 2301 1956 ,ut
2348 1890 2538 1945 tradam
2581 1890 2648 1943 ad
2685 1888 3038 1958 Pharaonem,
3071 1899 3120 1944 et
3154 1900 3210 1943 ut
3242 1889 3462 1945 educam

1886 1984 2134 2051 populum
2164 1984 2228 2037 de
2279 1993 2419 2037 terra
2461 1981 2794 2053 Egypti“?
2834 1982 3020 2051 Neque
3074 1982 3217 2037 enim
3251 1981 3464 2038 Pharao

1888 2074 2124 2129 dimittet
2160 2073 2444 2145 populum,
2497 2075 2600 2129 nisi
2647 2078 2867 2130 attritus
2906 2074 3244 2147 gravissimis
3284 2074 3463 2140 malis,

1891 2200 1989 2242 nec
2033 2187 2263 2257 populus
2309 2188 2487 2243 facilis
2527 2196 2611 2243 est
2661 2196 2937 2255 tractatu,
2986 2187 3097 2243 imo
3164 2185 3467 2256 semperiis

1889 2279 1979 2347 qui
2023 2279 2195 2348 ipsius
2243 2279 2402 2333 saluti
2461 2279 2782 2345 consulunt,
2829 2279 3147 2335 reluctatur.
3195 2279 3465 2334 Caeterum

1888 2378 1943 2424 et
1987 2385 2106 2440 quae
2144 2381 2478 2440 sequuntur,
2522 2371 2688 2427 Mosis
2742 2372 3000 2442 detegunt
3038 2372 3298 2425 animum.
3330 2370 3466 2426 Cum

1889 2462 2033 2516 enim
2072 2461 2240 2526 Deus,
2267 2460 2501 2517 conﬂato
2540 2461 2656 2531 jam
2703 2462 2907 2530 vitulo,
2939 2462 3170 2534 gratiam
3218 2461 3455 2528 imperti-

1887 2553 2055 2608 visset
2086 2551 2286 2625 famulo
2331 2567 2430 2607 suo
2456 2594 2472 2621 ,
2510 2568 2574 2608 ac
2628 2553 2807 2624 populi
2847 2563 3128 2623 peccatum
3165 2553 3466 2607 condonas-

1887 2652 2004 2709 set,
2032 2653 2142 2697 tum
2170 2644 2387 2699 demum
2419 2645 2495 2699 ait
2523 2662 2538 2699 :
2568 2645 2688 2711 Abi,
2715 2657 2761 2700 et
2792 2647 2905 2700 dua:
2931 2656 3047 2700 esto
3070 2644 3249 2715 populi
3283 2642 3463 2712 hujus,

1887 2745 1935 2790 et
1982 2736 2189 2790 mittam
2243 2736 2484 2807 angelum
2529 2752 2702 2791 meum
2755 2746 2877 2791 ante
2922 2747 2972 2791 te
3014 2738 3080 2790 “.
3126 2735 3265 2803 Quid
3305 2734 3468 2804 igitur

1887 2823 2064 2881 Moses
2095 2826 2120 2881 ?
2160 2824 2418 2890 Obsecro,
2456 2825 2712 2891 Domine,
2761 2827 2865 2881 nisi
2892 2835 2950 2880 tu
2975 2828 3084 2896 ipse
3112 2826 3473 2895 proﬁciscaris

1888 2931 2008 2973 ante
2033 2935 2147 2983 nos,
2173 2934 2234 2972 ne
2273 2934 2367 2973 nos
2396 2921 2517 2972 hinc
2541 2919 2730 2973 educas
2760 2918 2826 2972 ³³.
2864 2917 2995 2986 Quae
3026 2918 3189 2987 igitur
3215 2925 3334 2973 erat
3364 2915 3475 2971 viri

1888 3011 2192 3065 sententia?
2238 3009 2497 3079 Populum
2546 3010 2695 3064 illum
2738 3010 2975 3080 peccatis
2998 3009 3292 3064 obnoxium
3322 3021 3464 3070 esse,

1888 3111 2052 3172 atque
2094 3103 2339 3172 indigere
2381 3116 2483 3165 eo,
2533 3100 2625 3170 qui
2678 3102 2916 3156 remittat
2961 3099 3295 3171 peccata,id
3314 3098 3466 3169 quod

1817 3181 1863 3244 C
1894 3192 2071 3262 angeli
2116 3201 2374 3262 praestare
2415 3206 2520 3246 non
2549 3199 2793 3261 possunt.
2837 3190 3026 3261 Angeli
3056 3190 3319 3245 mulctant
3346 3189 3468 3259 qui-

1891 3284 2015 3340 dem
2057 3284 2432 3354 delinquentes
2450 3323 2467 3349 ,
2494 3299 2559 3339 ac
2586 3284 2955 3351 ulciscuntur,
2980 3283 3173 3338 delicta
3204 3296 3335 3338 vero
3358 3297 3464 3337 non

1891 3387 2098 3446 queunt
2133 3378 2462 3434 condonare.
2512 3374 2872 3445 Quamobrem
2936 3374 3197 3447 eﬁlagitat
3238 3381 3300 3428 ut
3351 3373 3468 3444 ipse

1889 3469 2074 3524 veniat
2105 3486 2123 3536 ;
2155 3469 2257 3524 hoc
2286 3478 2410 3535 est,
2445 3469 2588 3538 quod
2626 3479 2683 3523 et
2724 3481 2868 3524 nunc
2892 3467 3020 3522 dicit
3050 3483 3065 3521 :
3105 3464 3258 3535 Elige
3297 3463 3466 3519 alium

1890 3597 2046 3651 quem
2089 3580 2266 3635 mittas
2311 3580 2403 3647 ἰς
2449 3581 2550 3636 hoc
2582 3586 2689 3644 est,
2734 3578 2919 3633 veniat
2972 3590 3135 3631 verus
3167 3573 3463 3644 legislator,

1891 3684 2085 3746 potens
2121 3673 2211 3728 ille
2249 3673 2550 3740 Servator,
2593 3671 2685 3742 qui
2736 3670 2881 3725 solus
2921 3677 3246 3739 potestatem
3299 3666 3467 3722 habet

1892 3765 2337 3822 remittendorutn
2364 3777 2710 3834 peccatorum
2730 3761 3096 3830 "(Quoniam
3113 3770 3295 3816 autem
3325 3774 3462 3815 non-

1893 3857 2021 3912 dum
2052 3856 2346 3911 advenerat
2375 3856 2653 3928 plenitudo
2670 3857 2718 3889 “
2740 3865 3066 3926 temporum.
3095 3863 3152 3910 et
3183 3853 3464 3909 hominum

1891 3960 2062 4016 genus
2095 3946 2246 4015 prius
2285 3945 2478 4015 ﬁguris
2501 3947 2546 3979 ¹⁷
2591 3945 2956 4002 assuefactum
2997 3944 3279 4015 oportuit,
3304 3942 3467 3997 idcir-

1890 4051 1957 4091 co
1989 4038 2270 4107 proplteta
2306 4039 2499 4109 petitio
2534 4040 2791 4094 exaudita
2814 4054 2920 4093 non
2950 4046 3056 4096 est.
3085 4037 3254 4093 Isaias
3284 4042 3463 4091 autem

1892 4139 2014 4201 post
2060 4146 2375 4187 concessam
2406 4142 2748 4202 peccatorum
2790 4146 3012 4186 suorum
3040 4131 3276 4197 veniam,
3300 4127 3468 4198 518

1889 4236 2014 4278 cum
2065 4224 2292 4279 dixisset
2329 4240 2349 4277 :
2401 4224 2473 4279 In
2524 4224 2699 4279 medio
2741 4224 2921 4294 populi
2970 4240 3065 4294 ego
3107 4222 3320 4286 habito,
3364 4223 3468 4274 im-

1890 4316 2090 4369 munda
2141 4316 2285 4369 (tibia
2331 4314 2607 4378 habentis,
2662 4323 2774 4369 tum
2825 4315 3078 4370 audivit:
3107 4313 3238 4380 Quis
3278 4309 3465 4365 ibitur!

1861 4406 2139 4474 .populum
2179 4406 2317 4460 hunc
2341 4408 2367 4460 ?
2412 4407 2583 4462 Batus
2612 4408 2780 4476 queri
2803 4408 2894 4476 qui
2924 4407 3241 4461 mitteretur
3280 4404 3355 4459 ad
3384 4404 3464 4458 si-

189 4493 392 4548 ἐαυτὸν
418 4492 744 4559 ὑποϐάλλει,
779 4493 867 4547 ἵνα
900 4492 1174 4556 κάκείνοις
1203 4490 1479 4561 ἀφεθῶσιν
1513 4492 1571 4544 ai.
1607 4493 1791 4563 ἀμαρ-
1822 4518 1867 4577 D
1896 4498 2044 4552 milia

1896 4498 2044 4552 milia
2091 4499 2352 4553 beneﬁcia
2405 4499 2459 4553 in
2499 4512 2594 4553 eos
2637 4498 2995 4563 conferenda,
3044 4495 3465 4565 praeimmodica

188 4586 330 4641 τίαι.
374 4584 555 4649 Ἰδοὺ,
595 4585 780 4657 φησὶν,
812 4584 928 4655 ἐγὼ
947 4625 962 4650 ,
994 4584 1365 4639 ἀπόστειλον
1389 4601 1487 4653 με.
1514 4583 1680 4637 Ὥστε
1705 4582 1791 4637 εὖ·

189 4679 361 4747 λογος
391 4677 647 4731 κάκείνου
681 4679 715 4748 ἡ
757 4677 1116 4749 παραίτησις,
1151 4676 1247 4729 καὶ
1290 4674 1482 4729 τούτου
1515 4677 1550 4747 ἡ
1582 4674 1787 4746 προθυ-

193 4769 319 4840 μία.
379 4768 653 4838 Ἀσφαλὴς
704 4767 884 4839 μέντοι
935 4768 969 4839 ἡ
1013 4767 1305 4837 ἀπόκρισις
1345 4766 1441 4819 τοῦ
1489 4765 1666 4835 ἀγίου,
1711 4766 1788 4830 ὡς

189 4862 554 4933 ὠφελημένου
578 4861 678 4933 ἥδη
705 4863 768 4914 ἐκ
784 4860 884 4932 τῆς
901 4859 991 4914 διά
1011 4859 1119 4913 τῶν
1138 4858 1428 4930 ἀνθράκων
1444 4858 1785 4931 καθάρσεως.

190 4952 460 5015 Εἰπόντος
485 4950 595 5023 γάρ
625 4949 723 5019 τοῦ
748 4950 977 5021 Κυρίου,
1014 4948 1154 5002 Τίνα
1181 4947 1541 5010 ἀποστείλω,
1570 4945 1670 5000 καὶ
1694 4947 1786 5012 τίς

191 5044 556 5114 πορεύσεται
573 5059 593 5107 ;
633 5041 770 5113 πρὸς
815 5041 911 5112 μὲν
954 5039 1036 5103 τὸ,
1086 5040 1463 5104 Ἀποστείλω,
1502 5038 1630 5093 ἰδού
1664 5039 1783 5106 εἰμι

188 5137 309 5207 ἐγώ
329 5153 346 5167 θ
378 5135 516 5206 πρὸς
539 5134 597 5188 δὲ
626 5134 688 5187 τὸ
707 5174 723 5200 ,
756 5134 851 5200 Τίς
881 5133 1256 5202 πορεύσεται,
1287 5131 1470 5185 οὐκέτι
1497 5127 1670 5197 εἶπεν,
1699 5132 1781 5185 ὅτι

190 5232 308 5285 Καὶ
338 5226 454 5299 (25)
497 5225 860 5299 πορεύσομαι.
908 5221 1034 5280 Οῑδε
1079 5224 1191 5296 γὰρ
1229 5224 1313 5278 ὅτι
1339 5224 1474 5278 Θεοῦ
1520 5222 1781 5293 συνεργοῦ

263 5393 317 5426 ³⁸
336 5390 506 5446 Exod.
538 5405 620 5454 ιιι.
658 5389 747 5445 10.
853 5390 899 5422 ¹¹
941 5389 1072 5444 ibid.
1109 5387 1195 5444 il.

189 5479 256 5530 II,
285 5463 346 5517 τ.
420 5459 468 5493 ’⁸
488 5461 664 5517 Galat.
687 5475 763 5528 tv,
786 5461 841 5515 4.
915 5460 959 5491 ’⁷
991 5460 1160 5514 lCor.
1196 5473 1251 5519 κ,
1279 5458 1366 5512 il.

265 5570 385 5643 (ΞΟ)
417 5569 767 5643 Εᾴἱιί,ίλαὸνῌ
790 5566 977 5643 αὐτος).
1031 5566 1160 5643 Ἴθι.
1181 5564 1345 5643 ας)τοῦ
1401 5567 1454 5621 in
1496 5583 1629 5624 mss.
1666 5583 1775 5643 non

192 5637 421 5715 legitur.
437 5640 656 5715 ‘Statim
683 5641 856 5706 editi,
879 5637 1249 5704 ὲξαποστελεί.
1272 5637 1345 5693 At
1364 5653 1455 5694 sex
1490 5654 1659 5706 mss.,.
1691 5637 1782 5704 ἐξ.

192 5709 540 5772 ατὶοστέλλει.

273 5781 393 5856 (21)
419 5779 645 5852 Διιιὶῳί
676 5778 782 5838 duo
802 5778 949 5853 libri,
975 5776 1348 5852 προπορεύσῃ.

1301 5388 1346 5422 ’³
1364 5387 1535 5444 Exod.
1564 5388 1859 5454 xxxtt,.'54.

1890 4586 2081 4641 laetitia
2118 4601 2178 4641 se
2212 4588 2327 4656 ipse
2351 4586 2532 4651 oﬂ‘ert,
2569 4598 2627 4642 ut
2653 4599 2709 4642 et
2732 4588 2866 4658 ipsis
2892 4597 3112 4655 peccata
3154 4585 3467 4641 relaxaren-

1886 4688 1995 4736 tur.
2042 4677 2177 4734 Ecce
2204 4696 2297 4750 ego
2316 4718 2332 4745 ,
2362 4681 2568 4748 inquit,
2600 4683 2747 4735 mitte
2769 4696 2869 4735 me.
2890 4680 3081 4751 Itaque
3109 4688 3163 4735 et
3191 4679 3339 4733 illius
3360 4691 3464 4732 ex-

1885 4771 2094 4825 cusatio
2140 4780 2195 4824 et
2237 4768 2399 4838 hujus
2438 4770 2619 4825 alacer
2666 4785 2920 4825 assensus
2979 4767 3464 4836 rationibusjustis

1885 4863 2280 4919 innitebantur.
2316 4862 2447 4918 Erat
2484 4878 2618 4919 sane
2659 4865 2829 4919 sancti
2862 4863 3022 4934 ltujus
3050 4862 3333 4932 responsio
3371 4874 3461 4915 se-

1889 4968 2038 5020 cura,
2069 4964 2125 5009 et
2153 4955 2331 5009 omnis
2374 4954 2598 5024 periculi
2633 4970 2831 5025 expers
2853 4994 2869 5018 ,
2895 4956 2985 5025 qui
3009 4954 3122 5022 jam
3168 4968 3233 5008 ex
3269 4951 3462 5007 carbo-

1888 5059 2018 5098 num
2069 5045 2391 5114 purgatione
2452 5060 2608 5116 opem
2660 5053 2716 5101 et
2768 5045 3077 5115 prtesidium
3133 5042 3459 5111 accepisset.

1889 5133 2021 5189 Cum
2065 5136 2210 5189 enim
2260 5135 2490 5192 dixisset
2538 5134 2798 5191 Dominus
2837 5154 2852 5190 :
2901 5135 3069 5201 Quem
3118 5134 3362 5197 mittam,
3408 5141 3459 5185 et

1887 5225 2005 5296 quis
2042 5223 2181 5282 ibit?
2221 5225 2287 5280 ad
2329 5225 2458 5281 illud
2503 5226 2719 5297 quidem
2743 5264 2760 5293 ,
2792 5224 2957 5290 Quem
2977 5225 3201 5288 mittam,
3234 5232 3461 5291 respon-

1954 5392 2001 5424 ³³
2042 5389 2214 5446 Exod.
2246 5407 2419 5446 χχχιιι
2492 5389 2614 5445 i5.“
2655 5387 2701 5419 “
2732 5385 2903 5442 Exod.
2929 5399 3004 5449 tv,
3033 5383 3124 5445 15.
3201 5378 3246 5414 ³⁸
3281 5376 3452 5436 Marc.

1974 5563 2073 5635 22)
2102 5571 2250 5635 tiegtt
2284 5578 2490 5635 primus
2514 5574 2567 5620 et
2590 5574 2836 5635 quartus,
2865 5565 2965 5619 οὐκ
2991 5565 3270 5619 ἀδύνατον.

1980 5632 2070 5704 εδ)
2101 5633 2239 5689 Editi
2263 5632 2316 5687 et
2346 5633 2514 5704 codex
2544 5632 2850 5691 Combelisii
2880 5635 3178 5699 recentior.
3219 5636 3302 5688 ὅτι
3341 5632 3455 5689 Καὶ

1898 5703 2023 5759 ποῦ.
2057 5705 2255 5758 Vocula
2285 5703 2389 5759 ποῦ
2432 5705 2486 5760 in
2522 5705 2696 5760 altero
2734 5704 3042 5764 Combelisii
3077 5705 3264 5764 codice
3306 5715 3360 5761 ct
3392 5706 3453 5760 in

1900 5775 2021 5832 aliis
2043 5774 2359 5847 quibusdam
2386 5792 2491 5833 non
2516 5777 2797 5849 reperitur.
