  <div class='ocr_page' id='page_1' title='image "/cluster/home/n/w/nwhite01/storage/ocr_20150623/30/nnc1.0046978810/229.png"; bbox 0 0 3808 6212; ppageno 0'>
   <div class='ocr_carea' id='block_1_1' title="bbox 286 276 3606 371">
    <p class='ocr_par' dir='ltr' id='par_1_1' title="bbox 286 276 3606 371">
     <span class='ocr_line' id='line_1_1' title="bbox 286 276 3606 371; baseline -0.006 0"><span class='ocrx_word' id='word_1_1' title='bbox 286 280 403 371; x_wconf 63' lang='grc' dir='ltr'>’με</span> <span class='ocrx_word' id='word_1_2' title='bbox 1262 276 1603 359; x_wconf 65' lang='lat' dir='ltr'><strong>Arsen-uix</strong></span> <span class='ocrx_word' id='word_1_3' title='bbox 1644 301 1929 359; x_wconf 71' lang='lat' dir='ltr'><strong>orsnun</strong></span> <span class='ocrx_word' id='word_1_4' title='bbox 1972 301 2032 356; x_wconf 88' lang='lat' dir='ltr'><strong>s.</strong></span> <span class='ocrx_word' id='word_1_5' title='bbox 2072 301 2320 357; x_wconf 67' lang='lat' dir='ltr'><strong>easne&quot;</strong></span> <span class='ocrx_word' id='word_1_6' title='bbox 2358 299 2593 356; x_wconf 72' lang='lat' dir='ltr'><strong>MAGNI.</strong></span> <span class='ocrx_word' id='word_1_7' title='bbox 3472 294 3606 352; x_wconf 62' lang='lat' dir='ltr'><strong>tu</strong></span> 
     </span>
    </p>
   </div>
   <div class='ocr_carea' id='block_1_2' title="bbox 303 412 1893 492">
    <p class='ocr_par' dir='ltr' id='par_1_2' title="bbox 303 420 1891 492">
     <span class='ocr_line' id='line_1_2' title="bbox 303 420 1891 492; baseline -0.006 -10"><span class='ocrx_word' id='word_1_8' title='bbox 303 427 454 482; x_wconf 86' lang='lat' dir='ltr'><strong>latim</strong></span> <span class='ocrx_word' id='word_1_9' title='bbox 500 425 708 487; x_wconf 89' lang='lat' dir='ltr'><strong>choro,</strong></span> <span class='ocrx_word' id='word_1_10' title='bbox 760 421 958 492; x_wconf 75' lang='lat' dir='ltr'><strong>singuli</strong></span> <span class='ocrx_word' id='word_1_11' title='bbox 1003 420 1220 489; x_wconf 85' lang='lat' dir='ltr'><strong>quidem</strong></span> <span class='ocrx_word' id='word_1_12' title='bbox 1265 420 1580 474; x_wconf 72' lang='lat' dir='ltr'><strong>commutati</strong></span> <span class='ocrx_word' id='word_1_13' title='bbox 1623 429 1771 481; x_wconf 87' lang='lat' dir='ltr'><strong>sunt,</strong></span> <span class='ocrx_word' id='word_1_14' title='bbox 1833 431 1891 473; x_wconf 87' lang='lat' dir='ltr'><strong>et</strong></span> 
     </span>
    </p>
   </div>
   <div class='ocr_carea' id='block_1_3' title="bbox 2014 412 3605 492">
    <p class='ocr_par' dir='ltr' id='par_1_3' title="bbox 2014 412 3605 489">
     <span class='ocr_line' id='line_1_3' title="bbox 2014 412 3605 489; baseline -0.004 -18"><span class='ocrx_word' id='word_1_15' title='bbox 2014 435 2120 472; x_wconf 75' lang='grc' dir='ltr'>ιτον</span> <span class='ocrx_word' id='word_1_16' title='bbox 2150 417 2446 489; x_wconf 81' lang='grc' dir='ltr'>διαμένειν,</span> <span class='ocrx_word' id='word_1_17' title='bbox 2473 415 2609 472; x_wconf 81' lang='grc' dir='ltr'>ἀλλὰ</span> <span class='ocrx_word' id='word_1_18' title='bbox 2638 414 2717 487; x_wconf 85' lang='grc' dir='ltr'>τῷ</span> <span class='ocrx_word' id='word_1_19' title='bbox 2742 415 2839 487; x_wconf 81' lang='grc' dir='ltr'><strong>τὴν</strong></span> <span class='ocrx_word' id='word_1_20' title='bbox 2869 414 3239 488; x_wconf 76' lang='grc' dir='ltr'><strong>προσηγορίαν</strong></span> <span class='ocrx_word' id='word_1_21' title='bbox 3270 412 3349 485; x_wconf 82' lang='grc' dir='ltr'>τῷ</span> <span class='ocrx_word' id='word_1_22' title='bbox 3382 416 3605 484; x_wconf 77' lang='grc' dir='ltr'>συστή-</span> 
     </span>
    </p>
   </div>
   <div class='ocr_carea' id='block_1_4' title="bbox 304 492 1893 581">
    <p class='ocr_par' dir='ltr' id='par_1_4' title="bbox 304 492 1881 577">
     <span class='ocr_line' id='line_1_4' title="bbox 304 492 1881 577; baseline -0.005 -7"><span class='ocrx_word' id='word_1_23' title='bbox 304 526 485 570; x_wconf 75' lang='grc' dir='ltr'>ιειιιιοη</span> <span class='ocrx_word' id='word_1_24' title='bbox 528 513 730 567; x_wconf 86' lang='lat' dir='ltr'><strong>chorus</strong></span> <span class='ocrx_word' id='word_1_25' title='bbox 758 511 1004 566; x_wconf 85' lang='lat' dir='ltr'><strong>eamdem</strong></span> <span class='ocrx_word' id='word_1_26' title='bbox 1047 519 1230 564; x_wconf 90' lang='lat' dir='ltr'><strong>servat</strong></span> <span class='ocrx_word' id='word_1_27' title='bbox 1258 492 1695 577; x_wconf 78' lang='lat' dir='ltr'><strong>appellationem.</strong></span> <span class='ocrx_word' id='word_1_28' title='bbox 1726 509 1881 563; x_wconf 82' lang='lat' dir='ltr'><strong>llunc</strong></span> 
     </span>
    </p>
   </div>
   <div class='ocr_carea' id='block_1_5' title="bbox 2014 492 3602 581">
    <p class='ocr_par' dir='ltr' id='par_1_5' title="bbox 2014 504 3602 581">
     <span class='ocr_line' id='line_1_5' title="bbox 2014 504 3602 581; baseline -0.002 -19"><span class='ocrx_word' id='word_1_29' title='bbox 2014 526 2121 562; x_wconf 85' lang='grc' dir='ltr'>ιατι</span> <span class='ocrx_word' id='word_1_30' title='bbox 2166 508 2265 581; x_wconf 82' lang='grc' dir='ltr'>τὴν</span> <span class='ocrx_word' id='word_1_31' title='bbox 2311 508 2484 579; x_wconf 82' lang='grc' dir='ltr'>αὐτὴν</span> <span class='ocrx_word' id='word_1_32' title='bbox 2536 506 2917 573; x_wconf 76' lang='grc' dir='ltr'><strong>διασώζεσθαι.</strong></span> <span class='ocrx_word' id='word_1_33' title='bbox 2971 506 3156 569; x_wconf 73' lang='grc' dir='ltr'>Οὕτως</span> <span class='ocrx_word' id='word_1_34' title='bbox 3186 505 3338 559; x_wconf 77' lang='grc' dir='ltr'>οὐδὲν</span> <span class='ocrx_word' id='word_1_35' title='bbox 3377 504 3602 559; x_wconf 78' lang='grc' dir='ltr'><strong>κωλύει</strong></span> 
     </span>
    </p>
   </div>
   <div class='ocr_carea' id='block_1_6' title="bbox 306 598 1893 672">
    <p class='ocr_par' dir='ltr' id='par_1_6' title="bbox 306 600 1882 672">
     <span class='ocr_line' id='line_1_6' title="bbox 306 600 1882 672; baseline 0 -18"><span class='ocrx_word' id='word_1_36' title='bbox 306 601 469 672; x_wconf 75' lang='lat'><strong>520</strong></span> <span class='ocrx_word' id='word_1_37' title='bbox 498 601 565 654; x_wconf 88' lang='lat' dir='ltr'><strong>ad</strong></span> <span class='ocrx_word' id='word_1_38' title='bbox 611 601 828 655; x_wconf 88' lang='lat' dir='ltr'><strong>modum</strong></span> <span class='ocrx_word' id='word_1_39' title='bbox 861 612 915 655; x_wconf 86' lang='lat' dir='ltr'><strong>et</strong></span> <span class='ocrx_word' id='word_1_40' title='bbox 961 600 1158 656; x_wconf 85' lang='lat' dir='ltr'><strong>civitas</strong></span> <span class='ocrx_word' id='word_1_41' title='bbox 1211 602 1400 655; x_wconf 86' lang='lat' dir='ltr'><strong>eadem</strong></span> <span class='ocrx_word' id='word_1_42' title='bbox 1429 639 1448 664; x_wconf 86' lang='lat'><strong>,</strong></span> <span class='ocrx_word' id='word_1_43' title='bbox 1500 609 1557 655; x_wconf 91' lang='lat' dir='ltr'><strong>et</strong></span> <span class='ocrx_word' id='word_1_44' title='bbox 1605 600 1882 655; x_wconf 80' lang='lat' dir='ltr'><strong>exercitus</strong></span> 
     </span>
    </p>
   </div>
   <div class='ocr_carea' id='block_1_7' title="bbox 2014 598 3601 672">
    <p class='ocr_par' dir='ltr' id='par_1_7' title="bbox 2014 598 3601 670">
     <span class='ocr_line' id='line_1_7' title="bbox 2014 598 3601 670; baseline -0.001 -17"><span class='ocrx_word' id='word_1_45' title='bbox 2014 601 2084 653; x_wconf 76' lang='grc' dir='ltr'>εαὶ</span> <span class='ocrx_word' id='word_1_46' title='bbox 2119 600 2214 653; x_wconf 82' lang='grc' dir='ltr'><strong>νῦν</strong></span> <span class='ocrx_word' id='word_1_47' title='bbox 2244 600 2335 654; x_wconf 81' lang='grc' dir='ltr'>τὸν</span> <span class='ocrx_word' id='word_1_48' title='bbox 2364 601 2457 654; x_wconf 73' lang='grc' dir='ltr'>ἐπὶ</span> <span class='ocrx_word' id='word_1_49' title='bbox 2481 599 2576 653; x_wconf 84' lang='grc' dir='ltr'>τοῦ</span> <span class='ocrx_word' id='word_1_50' title='bbox 2622 600 2844 653; x_wconf 82' lang='grc' dir='ltr'>Ἡσαΐου</span> <span class='ocrx_word' id='word_1_51' title='bbox 2881 599 3169 662; x_wconf 80' lang='grc' dir='ltr'>δεικτικῶς</span> <span class='ocrx_word' id='word_1_52' title='bbox 3205 598 3601 670; x_wconf 75' lang='grc' dir='ltr'><strong>θεωρούμενον</strong></span> 
     </span>
    </p>
   </div>
   <div class='ocr_carea' id='block_1_8' title="bbox 302 687 1893 762">
    <p class='ocr_par' dir='ltr' id='par_1_8' title="bbox 302 692 1885 761">
     <span class='ocr_line' id='line_1_8' title="bbox 302 692 1885 761; baseline -0.002 -15"><span class='ocrx_word' id='word_1_53' title='bbox 302 693 447 749; x_wconf 90' lang='lat' dir='ltr'><strong>idem</strong></span> <span class='ocrx_word' id='word_1_54' title='bbox 493 705 615 747; x_wconf 87' lang='lat' dir='ltr'><strong>esse</strong></span> <span class='ocrx_word' id='word_1_55' title='bbox 653 692 891 756; x_wconf 87' lang='lat' dir='ltr'><strong>dicitur,</strong></span> <span class='ocrx_word' id='word_1_56' title='bbox 922 707 1026 746; x_wconf 91' lang='lat' dir='ltr'><strong>non</strong></span> <span class='ocrx_word' id='word_1_57' title='bbox 1077 693 1220 761; x_wconf 88' lang='lat' dir='ltr'><strong>quod</strong></span> <span class='ocrx_word' id='word_1_58' title='bbox 1268 692 1465 761; x_wconf 75' lang='lat' dir='ltr'><strong>singuli</strong></span> <span class='ocrx_word' id='word_1_59' title='bbox 1499 704 1885 761; x_wconf 80' lang='lat' dir='ltr'><strong>permaneant,</strong></span> 
     </span>
    </p>
   </div>
   <div class='ocr_carea' id='block_1_9' title="bbox 2014 687 3603 762">
    <p class='ocr_par' dir='ltr' id='par_1_9' title="bbox 2014 687 3603 762">
     <span class='ocr_line' id='line_1_9' title="bbox 2014 687 3603 762; baseline -0.001 -19"><span class='ocrx_word' id='word_1_60' title='bbox 2014 691 2115 744; x_wconf 83' lang='grc' dir='ltr'>,αὺν</span> <span class='ocrx_word' id='word_1_61' title='bbox 2142 690 2236 744; x_wconf 76' lang='grc' dir='ltr'><strong>τὸν</strong></span> <span class='ocrx_word' id='word_1_62' title='bbox 2275 691 2440 745; x_wconf 82' lang='grc' dir='ltr'>αὐτὸν</span> <span class='ocrx_word' id='word_1_63' title='bbox 2466 687 2605 745; x_wconf 77' lang='grc' dir='ltr'>εἷναι</span> <span class='ocrx_word' id='word_1_64' title='bbox 2630 692 2726 746; x_wconf 74' lang='grc' dir='ltr'>καὶ</span> <span class='ocrx_word' id='word_1_65' title='bbox 2756 692 2849 744; x_wconf 81' lang='grc' dir='ltr'><strong>ἐπὶ</strong></span> <span class='ocrx_word' id='word_1_66' title='bbox 2874 690 2966 744; x_wconf 79' lang='grc' dir='ltr'>τοῦ</span> <span class='ocrx_word' id='word_1_67' title='bbox 3000 690 3234 762; x_wconf 79' lang='grc' dir='ltr'><strong>Κυρίου,</strong></span> <span class='ocrx_word' id='word_1_68' title='bbox 3260 691 3321 743; x_wconf 82' lang='grc' dir='ltr'>οὐ</span> <span class='ocrx_word' id='word_1_69' title='bbox 3363 692 3433 760; x_wconf 77' lang='grc' dir='ltr'>τῇ</span> <span class='ocrx_word' id='word_1_70' title='bbox 3470 689 3603 742; x_wconf 80' lang='grc' dir='ltr'>δια-</span> 
     </span>
    </p>
   </div>
   <div class='ocr_carea' id='block_1_10' title="bbox 304 781 1893 855">
    <p class='ocr_par' dir='ltr' id='par_1_10' title="bbox 304 782 1883 850">
     <span class='ocr_line' id='line_1_10' title="bbox 304 782 1883 850; baseline -0.001 -14"><span class='ocrx_word' id='word_1_71' title='bbox 304 784 398 837; x_wconf 83' lang='lat' dir='ltr'><strong>sed</strong></span> <span class='ocrx_word' id='word_1_72' title='bbox 434 782 576 850; x_wconf 88' lang='lat' dir='ltr'><strong>quod</strong></span> <span class='ocrx_word' id='word_1_73' title='bbox 617 790 791 836; x_wconf 88' lang='lat' dir='ltr'><strong>coetus</strong></span> <span class='ocrx_word' id='word_1_74' title='bbox 831 796 1026 836; x_wconf 86' lang='lat' dir='ltr'><strong>nomen</strong></span> <span class='ocrx_word' id='word_1_75' title='bbox 1074 783 1217 836; x_wconf 91' lang='lat' dir='ltr'><strong>idem</strong></span> <span class='ocrx_word' id='word_1_76' title='bbox 1272 791 1475 836; x_wconf 88' lang='lat' dir='ltr'><strong>servet.</strong></span> <span class='ocrx_word' id='word_1_77' title='bbox 1507 782 1632 836; x_wconf 87' lang='lat' dir='ltr'><strong>Pari</strong></span> <span class='ocrx_word' id='word_1_78' title='bbox 1675 785 1883 835; x_wconf 88' lang='lat' dir='ltr'><strong>ratione</strong></span> 
     </span>
    </p>
   </div>
   <div class='ocr_carea' id='block_1_11' title="bbox 2014 781 3597 855">
    <p class='ocr_par' dir='ltr' id='par_1_11' title="bbox 2014 781 3597 855">
     <span class='ocr_line' id='line_1_11' title="bbox 2014 781 3597 855; baseline -0.001 -19"><span class='ocrx_word' id='word_1_79' title='bbox 2014 786 2125 855; x_wconf 80' lang='grc' dir='ltr'>ιονῇ</span> <span class='ocrx_word' id='word_1_80' title='bbox 2169 783 2282 838; x_wconf 82' lang='grc' dir='ltr'><strong>τῶν</strong></span> <span class='ocrx_word' id='word_1_81' title='bbox 2316 784 2440 838; x_wconf 86' lang='grc' dir='ltr'>καθ’</span> <span class='ocrx_word' id='word_1_82' title='bbox 2488 784 2738 852; x_wconf 78' lang='grc' dir='ltr'>ἕκαστον,</span> <span class='ocrx_word' id='word_1_83' title='bbox 2788 782 2923 837; x_wconf 81' lang='grc' dir='ltr'>ἀλλὰ</span> <span class='ocrx_word' id='word_1_84' title='bbox 2954 786 3021 855; x_wconf 76' lang='grc' dir='ltr'>τῇ</span> <span class='ocrx_word' id='word_1_85' title='bbox 3056 785 3209 854; x_wconf 81' lang='grc' dir='ltr'>κοινῇ</span> <span class='ocrx_word' id='word_1_86' title='bbox 3256 781 3351 835; x_wconf 74' lang='grc' dir='ltr'>τοῦ</span> <span class='ocrx_word' id='word_1_87' title='bbox 3392 781 3597 844; x_wconf 78' lang='grc' dir='ltr'>ἔθνους</span> 
     </span>
    </p>
   </div>
   <div class='ocr_carea' id='block_1_12' title="bbox 305 870 2275 947">
    <p class='ocr_par' dir='ltr' id='par_1_12' title="bbox 305 870 2275 947">
     <span class='ocr_line' id='line_1_12' title="bbox 305 870 2275 947; baseline 0.002 -23"><span class='ocrx_word' id='word_1_88' title='bbox 305 871 443 925; x_wconf 88' lang='lat' dir='ltr'><strong>nihil</strong></span> <span class='ocrx_word' id='word_1_89' title='bbox 493 870 744 939; x_wconf 86' lang='lat' dir='ltr'><strong>prohibet</strong></span> <span class='ocrx_word' id='word_1_90' title='bbox 798 870 962 924; x_wconf 90' lang='lat' dir='ltr'><strong>etiam</strong></span> <span class='ocrx_word' id='word_1_91' title='bbox 1019 886 1167 925; x_wconf 88' lang='lat' dir='ltr'><strong>nunc</strong></span> <span class='ocrx_word' id='word_1_92' title='bbox 1213 871 1469 940; x_wconf 83' lang='lat' dir='ltr'><strong>populum</strong></span> <span class='ocrx_word' id='word_1_93' title='bbox 1522 872 1615 941; x_wconf 86' lang='lat' dir='ltr'><strong>qui</strong></span> <span class='ocrx_word' id='word_1_94' title='bbox 1664 874 1883 925; x_wconf 80' lang='lat' dir='ltr'><strong>vivente</strong></span> <span class='ocrx_word' id='word_1_95' title='bbox 1981 871 2275 947; x_wconf 77' lang='grc' dir='ltr'>ὀνομασίᾳ.</span> 
     </span>
    </p>
   </div>
   <div class='ocr_carea' id='block_1_13' title="bbox 306 962 3601 1040">
    <p class='ocr_par' dir='ltr' id='par_1_13' title="bbox 306 962 3601 1040">
     <span class='ocr_line' id='line_1_13' title="bbox 306 962 3601 1040; baseline 0.003 -23"><span class='ocrx_word' id='word_1_96' title='bbox 306 964 441 1017; x_wconf 80' lang='lat' dir='ltr'><strong>Isaia</strong></span> <span class='ocrx_word' id='word_1_97' title='bbox 475 965 905 1019; x_wconf 85' lang='lat' dir='ltr'><strong>demonstrative</strong></span> <span class='ocrx_word' id='word_1_98' title='bbox 933 963 1404 1032; x_wconf 83' lang='lat' dir='ltr'><strong>conspiciebatur,</strong></span> <span class='ocrx_word' id='word_1_99' title='bbox 1430 967 1680 1021; x_wconf 87' lang='lat' dir='ltr'><strong>eumdem</strong></span> <span class='ocrx_word' id='word_1_100' title='bbox 1710 968 1873 1020; x_wconf 85' lang='lat' dir='ltr'><strong>etiam</strong></span> <span class='ocrx_word' id='word_1_101' title='bbox 1917 962 2088 1022; x_wconf 77' lang='lat' dir='ltr'><strong>fuisse</strong></span> <span class='ocrx_word' id='word_1_102' title='bbox 2148 970 2240 1040; x_wconf 87' lang='lat' dir='ltr'><strong>qui</strong></span> <span class='ocrx_word' id='word_1_103' title='bbox 2311 969 2521 1025; x_wconf 87' lang='lat' dir='ltr'><strong>Domini</strong></span> <span class='ocrx_word' id='word_1_104' title='bbox 2568 978 2811 1040; x_wconf 89' lang='lat' dir='ltr'><strong>tempore</strong></span> <span class='ocrx_word' id='word_1_105' title='bbox 2846 970 2989 1040; x_wconf 83' lang='lat' dir='ltr'><strong>fuit,</strong></span> <span class='ocrx_word' id='word_1_106' title='bbox 3038 983 3145 1023; x_wconf 89' lang='lat' dir='ltr'><strong>non</strong></span> <span class='ocrx_word' id='word_1_107' title='bbox 3193 967 3337 1038; x_wconf 88' lang='lat' dir='ltr'><strong>quod</strong></span> <span class='ocrx_word' id='word_1_108' title='bbox 3380 965 3601 1039; x_wconf 77' lang='lat' dir='ltr'><strong>singuli-</strong></span> 
     </span>
    </p>
   </div>
   <div class='ocr_carea' id='block_1_14' title="bbox 307 1057 2389 1131">
    <p class='ocr_par' dir='ltr' id='par_1_14' title="bbox 307 1057 2389 1131">
     <span class='ocr_line' id='line_1_14' title="bbox 307 1057 2389 1131; baseline 0.006 -22"><span class='ocrx_word' id='word_1_109' title='bbox 307 1060 630 1128; x_wconf 80' lang='lat' dir='ltr'><strong>snperstites</strong></span> <span class='ocrx_word' id='word_1_110' title='bbox 681 1057 914 1119; x_wconf 69' lang='lat' dir='ltr'><strong>inierint,</strong></span> <span class='ocrx_word' id='word_1_111' title='bbox 949 1058 1044 1113; x_wconf 84' lang='lat' dir='ltr'><strong>sed</strong></span> <span class='ocrx_word' id='word_1_112' title='bbox 1072 1059 1213 1127; x_wconf 90' lang='lat' dir='ltr'><strong>quod</strong></span> <span class='ocrx_word' id='word_1_113' title='bbox 1246 1073 1535 1114; x_wconf 85' lang='lat' dir='ltr'><strong>commune</strong></span> <span class='ocrx_word' id='word_1_114' title='bbox 1576 1060 1754 1131; x_wconf 69' lang='lat' dir='ltr'><strong>gentis</strong></span> <span class='ocrx_word' id='word_1_115' title='bbox 1785 1073 1978 1115; x_wconf 87' lang='lat' dir='ltr'><strong>nomen</strong></span> <span class='ocrx_word' id='word_1_116' title='bbox 2011 1067 2389 1131; x_wconf 78' lang='lat' dir='ltr'><strong>permanserit.</strong></span> 
     </span>
    </p>
   </div>
   <div class='ocr_carea' id='block_1_15' title="bbox 379 1146 1886 1221">
    <p class='ocr_par' dir='ltr' id='par_1_15' title="bbox 379 1146 1886 1221">
     <span class='ocr_line' id='line_1_15' title="bbox 379 1146 1886 1221; baseline 0.003 -20"><span class='ocrx_word' id='word_1_117' title='bbox 379 1149 503 1203; x_wconf 86' lang='lat'><strong>190.</strong></span> <span class='ocrx_word' id='word_1_118' title='bbox 535 1149 694 1201; x_wconf 71' lang='lat' dir='ltr'><strong>Vens.</strong></span> <span class='ocrx_word' id='word_1_119' title='bbox 731 1148 914 1202; x_wconf 78' lang='lat'><strong>11-15.</strong></span> <span class='ocrx_word' id='word_1_120' title='bbox 949 1146 1017 1202; x_wconf 86' lang='lat' dir='ltr'><strong>Et</strong></span> <span class='ocrx_word' id='word_1_121' title='bbox 1059 1150 1209 1215; x_wconf 76' lang='lat' dir='ltr'><strong>dixi,</strong></span> <span class='ocrx_word' id='word_1_122' title='bbox 1241 1149 1522 1221; x_wconf 73' lang='lat' dir='ltr'><strong>Quousque</strong></span> <span class='ocrx_word' id='word_1_123' title='bbox 1544 1189 1563 1217; x_wconf 86' lang='lat'><strong>,</strong></span> <span class='ocrx_word' id='word_1_124' title='bbox 1619 1151 1886 1207; x_wconf 70' lang='lat' dir='ltr'><strong>Domine!</strong></span> 
     </span>
    </p>
   </div>
   <div class='ocr_carea' id='block_1_16' title="bbox 310 1238 1885 1307">
    <p class='ocr_par' dir='ltr' id='par_1_16' title="bbox 310 1238 1885 1307">
     <span class='ocr_line' id='line_1_16' title="bbox 310 1238 1885 1307; baseline 0.003 -15"><span class='ocrx_word' id='word_1_125' title='bbox 310 1239 378 1292; x_wconf 82' lang='lat' dir='ltr'><strong>Et</strong></span> <span class='ocrx_word' id='word_1_126' title='bbox 414 1240 545 1293; x_wconf 76' lang='lat' dir='ltr'><strong>dixit</strong></span> <span class='ocrx_word' id='word_1_127' title='bbox 576 1255 595 1293; x_wconf 90' lang='lat'><strong><em>:</em></strong></span> <span class='ocrx_word' id='word_1_128' title='bbox 634 1238 809 1294; x_wconf 86' lang='lat' dir='ltr'><strong>Donec</strong></span> <span class='ocrx_word' id='word_1_129' title='bbox 855 1239 1153 1294; x_wconf 80' lang='lat' dir='ltr'><strong>desolentur</strong></span> <span class='ocrx_word' id='word_1_130' title='bbox 1202 1241 1439 1296; x_wconf 81' lang='lat' dir='ltr'><strong>ciuitates</strong></span> <span class='ocrx_word' id='word_1_131' title='bbox 1464 1282 1484 1307; x_wconf 90' lang='lat'><strong>,</strong></span> <span class='ocrx_word' id='word_1_132' title='bbox 1524 1260 1583 1297; x_wconf 91' lang='lat' dir='ltr'><strong>eo</strong></span> <span class='ocrx_word' id='word_1_133' title='bbox 1616 1244 1755 1305; x_wconf 82' lang='lat' dir='ltr'><strong>quod</strong></span> <span class='ocrx_word' id='word_1_134' title='bbox 1782 1259 1885 1298; x_wconf 79' lang='lat' dir='ltr'><strong>non</strong></span> 
     </span>
    </p>
   </div>
   <div class='ocr_carea' id='block_1_17' title="bbox 309 1331 1896 1403">
    <p class='ocr_par' dir='ltr' id='par_1_17' title="bbox 309 1331 1896 1403">
     <span class='ocr_line' id='line_1_17' title="bbox 309 1331 1896 1403; baseline 0.004 -21"><span class='ocrx_word' id='word_1_135' title='bbox 309 1331 637 1397; x_wconf 59' lang='lat' dir='ltr'><strong>hab.’tentur,</strong></span> <span class='ocrx_word' id='word_1_136' title='bbox 674 1342 723 1384; x_wconf 88' lang='lat' dir='ltr'><strong>et</strong></span> <span class='ocrx_word' id='word_1_137' title='bbox 751 1333 969 1395; x_wconf 86' lang='lat' dir='ltr'><strong>domus,</strong></span> <span class='ocrx_word' id='word_1_138' title='bbox 1015 1350 1076 1386; x_wconf 85' lang='lat' dir='ltr'><strong>eo</strong></span> <span class='ocrx_word' id='word_1_139' title='bbox 1113 1336 1255 1403; x_wconf 83' lang='lat' dir='ltr'><strong>quod</strong></span> <span class='ocrx_word' id='word_1_140' title='bbox 1302 1352 1404 1387; x_wconf 87' lang='lat' dir='ltr'><strong>non</strong></span> <span class='ocrx_word' id='word_1_141' title='bbox 1448 1338 1553 1389; x_wconf 78' lang='lat' dir='ltr'><strong>sint</strong></span> <span class='ocrx_word' id='word_1_142' title='bbox 1602 1335 1837 1389; x_wconf 78' lang='lat' dir='ltr'><strong>homines</strong></span> <span class='ocrx_word' id='word_1_143' title='bbox 1868 1350 1896 1388; x_wconf 72' lang='grc' dir='ltr'>ε’</span> 
     </span>
    </p>
   </div>
   <div class='ocr_carea' id='block_1_18' title="bbox 310 1421 1887 1494">
    <p class='ocr_par' dir='ltr' id='par_1_18' title="bbox 310 1421 1887 1494">
     <span class='ocr_line' id='line_1_18' title="bbox 310 1421 1887 1494; baseline 0.005 -24"><span class='ocrx_word' id='word_1_144' title='bbox 310 1429 359 1472; x_wconf 85' lang='lat' dir='ltr'><strong>et</strong></span> <span class='ocrx_word' id='word_1_145' title='bbox 392 1430 531 1472; x_wconf 88' lang='lat' dir='ltr'><strong>terra</strong></span> <span class='ocrx_word' id='word_1_146' title='bbox 553 1421 941 1488; x_wconf 83' lang='lat' dir='ltr'><strong>derelinquetur</strong></span> <span class='ocrx_word' id='word_1_147' title='bbox 972 1423 1197 1476; x_wconf 80' lang='lat' dir='ltr'><strong>deserta.</strong></span> <span class='ocrx_word' id='word_1_148' title='bbox 1236 1422 1307 1477; x_wconf 82' lang='lat' dir='ltr'><strong>Et</strong></span> <span class='ocrx_word' id='word_1_149' title='bbox 1347 1436 1460 1491; x_wconf 86' lang='lat' dir='ltr'><strong>post</strong></span> <span class='ocrx_word' id='word_1_150' title='bbox 1494 1427 1604 1481; x_wconf 62' lang='lat' dir='ltr'><strong>haec</strong></span> <span class='ocrx_word' id='word_1_151' title='bbox 1625 1425 1887 1494; x_wconf 74' lang='lat' dir='ltr'><strong>elongabit</strong></span> 
     </span>
    </p>
   </div>
   <div class='ocr_carea' id='block_1_19' title="bbox 310 1508 1884 1586">
    <p class='ocr_par' dir='ltr' id='par_1_19' title="bbox 310 1508 1884 1586">
     <span class='ocr_line' id='line_1_19' title="bbox 310 1508 1884 1586; baseline 0.006 -25"><span class='ocrx_word' id='word_1_152' title='bbox 310 1508 452 1563; x_wconf 87' lang='lat' dir='ltr'><strong>Deus</strong></span> <span class='ocrx_word' id='word_1_153' title='bbox 482 1511 738 1574; x_wconf 82' lang='lat' dir='ltr'><strong>homines,</strong></span> <span class='ocrx_word' id='word_1_154' title='bbox 767 1522 813 1564; x_wconf 87' lang='lat' dir='ltr'><strong>et</strong></span> <span class='ocrx_word' id='word_1_155' title='bbox 842 1513 932 1581; x_wconf 90' lang='lat' dir='ltr'><strong>qui</strong></span> <span class='ocrx_word' id='word_1_156' title='bbox 971 1513 1139 1567; x_wconf 92' lang='lat' dir='ltr'><strong>relicti</strong></span> <span class='ocrx_word' id='word_1_157' title='bbox 1178 1516 1408 1581; x_wconf 77' lang='lat' dir='ltr'><strong>fuerint,</strong></span> <span class='ocrx_word' id='word_1_158' title='bbox 1448 1516 1884 1586; x_wconf 83' lang='lat' dir='ltr'><strong>multiplicabun-</strong></span> 
     </span>
    </p>
   </div>
   <div class='ocr_carea' id='block_1_20' title="bbox 312 1603 1891 1668">
    <p class='ocr_par' dir='ltr' id='par_1_20' title="bbox 312 1603 1891 1668">
     <span class='ocr_line' id='line_1_20' title="bbox 312 1603 1891 1668; baseline 0.004 -16"><span class='ocrx_word' id='word_1_159' title='bbox 312 1612 792 1668; x_wconf 79' lang='lat' dir='ltr'><strong>tursupertermm.</strong></span> <span class='ocrx_word' id='word_1_160' title='bbox 815 1603 881 1657; x_wconf 90' lang='lat' dir='ltr'><strong>Et</strong></span> <span class='ocrx_word' id='word_1_161' title='bbox 908 1606 1079 1659; x_wconf 84' lang='lat' dir='ltr'><strong>adhuc</strong></span> <span class='ocrx_word' id='word_1_162' title='bbox 1097 1607 1148 1659; x_wconf 87' lang='lat' dir='ltr'><strong>in</strong></span> <span class='ocrx_word' id='word_1_163' title='bbox 1167 1624 1227 1660; x_wconf 88' lang='lat' dir='ltr'><strong>ea</strong></span> <span class='ocrx_word' id='word_1_164' title='bbox 1255 1617 1334 1660; x_wconf 78' lang='lat' dir='ltr'><strong>est</strong></span> <span class='ocrx_word' id='word_1_165' title='bbox 1359 1611 1639 1663; x_wconf 84' lang='lat' dir='ltr'><strong>decimatio</strong></span> <span class='ocrx_word' id='word_1_166' title='bbox 1657 1627 1676 1666; x_wconf 91' lang='lat'><em>:</em></span> <span class='ocrx_word' id='word_1_167' title='bbox 1700 1620 1746 1664; x_wconf 83' lang='lat' dir='ltr'><strong>et</strong></span> <span class='ocrx_word' id='word_1_168' title='bbox 1776 1627 1891 1661; x_wconf 77' lang='lat' dir='ltr'><strong>rur-</strong></span> 
     </span>
    </p>
   </div>
   <div class='ocr_carea' id='block_1_21' title="bbox 312 1694 1886 1767">
    <p class='ocr_par' dir='ltr' id='par_1_21' title="bbox 312 1694 1886 1767">
     <span class='ocr_line' id='line_1_21' title="bbox 312 1694 1886 1767; baseline 0.007 -25"><span class='ocrx_word' id='word_1_169' title='bbox 312 1708 430 1744; x_wconf 85' lang='lat' dir='ltr'><strong>sum</strong></span> <span class='ocrx_word' id='word_1_170' title='bbox 471 1694 570 1746; x_wconf 84' lang='lat' dir='ltr'><strong>erit</strong></span> <span class='ocrx_word' id='word_1_171' title='bbox 612 1695 663 1747; x_wconf 84' lang='lat' dir='ltr'><strong>in</strong></span> <span class='ocrx_word' id='word_1_172' title='bbox 695 1695 1042 1763; x_wconf 79' lang='lat' dir='ltr'><strong>direptionem</strong></span> <span class='ocrx_word' id='word_1_173' title='bbox 1070 1737 1084 1762; x_wconf 97' lang='lat'><strong>,</strong></span> <span class='ocrx_word' id='word_1_174' title='bbox 1123 1700 1261 1751; x_wconf 81' lang='lat' dir='ltr'><strong>sicut</strong></span> <span class='ocrx_word' id='word_1_175' title='bbox 1298 1701 1642 1767; x_wconf 81' lang='lat' dir='ltr'><strong>terebinthus,</strong></span> <span class='ocrx_word' id='word_1_176' title='bbox 1671 1713 1717 1757; x_wconf 88' lang='lat' dir='ltr'><strong>et</strong></span> <span class='ocrx_word' id='word_1_177' title='bbox 1751 1704 1886 1756; x_wconf 81' lang='lat' dir='ltr'><strong>sicut</strong></span> 
     </span>
    </p>
   </div>
   <div class='ocr_carea' id='block_1_22' title="bbox 310 1781 1890 1853">
    <p class='ocr_par' dir='ltr' id='par_1_22' title="bbox 310 1781 1890 1853">
     <span class='ocr_line' id='line_1_22' title="bbox 310 1781 1890 1853; baseline 0.009 -20"><span class='ocrx_word' id='word_1_178' title='bbox 310 1781 537 1837; x_wconf 85' lang='lat' dir='ltr'><strong>balanus</strong></span> <span class='ocrx_word' id='word_1_179' title='bbox 556 1824 573 1847; x_wconf 89' lang='lat'><strong>,</strong></span> <span class='ocrx_word' id='word_1_180' title='bbox 614 1788 824 1853; x_wconf 85' lang='lat' dir='ltr'><strong>quando</strong></span> <span class='ocrx_word' id='word_1_181' title='bbox 856 1789 1108 1843; x_wconf 76' lang='lat' dir='ltr'><strong>exciderit</strong></span> <span class='ocrx_word' id='word_1_182' title='bbox 1136 1808 1162 1843; x_wconf 88' lang='lat' dir='ltr'><strong>e</strong></span> <span class='ocrx_word' id='word_1_183' title='bbox 1199 1791 1352 1845; x_wconf 78' lang='lat' dir='ltr'><strong>thera</strong></span> <span class='ocrx_word' id='word_1_184' title='bbox 1401 1809 1522 1848; x_wconf 85' lang='lat' dir='ltr'><strong>sua.</strong></span> <span class='ocrx_word' id='word_1_185' title='bbox 1551 1792 1741 1848; x_wconf 85' lang='lat' dir='ltr'><strong>Semen</strong></span> <span class='ocrx_word' id='word_1_186' title='bbox 1765 1809 1890 1846; x_wconf 83' lang='lat' dir='ltr'><strong>san-</strong></span> 
     </span>
    </p>
   </div>
   <div class='ocr_carea' id='block_1_23' title="bbox 312 1875 1891 1954">
    <p class='ocr_par' dir='ltr' id='par_1_23' title="bbox 312 1875 1891 1954">
     <span class='ocr_line' id='line_1_23' title="bbox 312 1875 1891 1954; baseline 0.011 -30"><span class='ocrx_word' id='word_1_187' title='bbox 312 1883 455 1925; x_wconf 80' lang='lat' dir='ltr'><strong>ctum</strong></span> <span class='ocrx_word' id='word_1_188' title='bbox 480 1915 495 1940; x_wconf 92' lang='lat'><strong>,</strong></span> <span class='ocrx_word' id='word_1_189' title='bbox 532 1875 892 1941; x_wconf 76' lang='lat' dir='ltr'><strong>fulcimentum</strong></span> <span class='ocrx_word' id='word_1_190' title='bbox 938 1878 1072 1948; x_wconf 81' lang='lat' dir='ltr'><strong>ejus.</strong></span> <span class='ocrx_word' id='word_1_191' title='bbox 1106 1880 1549 1951; x_wconf 84' lang='lat' dir='ltr'><strong>Quandoquidem</strong></span> <span class='ocrx_word' id='word_1_192' title='bbox 1581 1901 1702 1954; x_wconf 72' lang='lat' dir='ltr'><strong>qua:</strong></span> <span class='ocrx_word' id='word_1_193' title='bbox 1727 1901 1756 1939; x_wconf 87' lang='lat' dir='ltr'><strong>a</strong></span> <span class='ocrx_word' id='word_1_194' title='bbox 1789 1886 1891 1941; x_wconf 82' lang='lat' dir='ltr'><strong>Do-</strong></span> 
     </span>
    </p>
   </div>
   <div class='ocr_carea' id='block_1_24' title="bbox 315 1963 1888 2042">
    <p class='ocr_par' dir='ltr' id='par_1_24' title="bbox 315 1963 1888 2042">
     <span class='ocr_line' id='line_1_24' title="bbox 315 1963 1888 2042; baseline 0.01 -28"><span class='ocrx_word' id='word_1_195' title='bbox 315 1963 462 2016; x_wconf 87' lang='lat' dir='ltr'><strong>IttittO</strong></span> <span class='ocrx_word' id='word_1_196' title='bbox 490 1966 734 2034; x_wconf 77' lang='lat' dir='ltr'><strong>exposita</strong></span> <span class='ocrx_word' id='word_1_197' title='bbox 772 1978 898 2022; x_wconf 89' lang='lat' dir='ltr'><strong>sunt</strong></span> <span class='ocrx_word' id='word_1_198' title='bbox 934 1967 1107 2036; x_wconf 65' lang='lat' dir='ltr'><strong>lsaim,</strong></span> <span class='ocrx_word' id='word_1_199' title='bbox 1144 1973 1322 2027; x_wconf 87' lang='lat' dir='ltr'><strong>tristia</strong></span> <span class='ocrx_word' id='word_1_200' title='bbox 1348 1984 1508 2027; x_wconf 85' lang='lat' dir='ltr'><strong>erant</strong></span> <span class='ocrx_word' id='word_1_201' title='bbox 1534 1990 1598 2030; x_wconf 87' lang='lat' dir='ltr'><strong>ac</strong></span> <span class='ocrx_word' id='word_1_202' title='bbox 1624 1976 1888 2042; x_wconf 88' lang='lat' dir='ltr'><strong>molesta;</strong></span> 
     </span>
    </p>
   </div>
   <div class='ocr_carea' id='block_1_25' title="bbox 314 2057 1889 2132">
    <p class='ocr_par' dir='ltr' id='par_1_25' title="bbox 314 2057 1889 2132">
     <span class='ocr_line' id='line_1_25' title="bbox 314 2057 1889 2132; baseline 0.01 -26"><span class='ocrx_word' id='word_1_203' title='bbox 314 2065 465 2110; x_wconf 87' lang='lat' dir='ltr'><strong>ratus</strong></span> <span class='ocrx_word' id='word_1_204' title='bbox 502 2057 763 2126; x_wconf 89' lang='lat' dir='ltr'><strong>judicium</strong></span> <span class='ocrx_word' id='word_1_205' title='bbox 813 2060 942 2114; x_wconf 90' lang='lat' dir='ltr'><strong>illud</strong></span> <span class='ocrx_word' id='word_1_206' title='bbox 988 2062 1326 2118; x_wconf 78' lang='lat' dir='ltr'><strong>inexorabile</strong></span> <span class='ocrx_word' id='word_1_207' title='bbox 1374 2080 1515 2132; x_wconf 86' lang='lat' dir='ltr'><strong>esse,</strong></span> <span class='ocrx_word' id='word_1_208' title='bbox 1570 2083 1670 2123; x_wconf 86' lang='lat' dir='ltr'><strong>nec</strong></span> <span class='ocrx_word' id='word_1_209' title='bbox 1729 2068 1889 2122; x_wconf 86' lang='lat' dir='ltr'><strong>vitari</strong></span> 
     </span>
    </p>
   </div>
   <div class='ocr_carea' id='block_1_26' title="bbox 314 2153 1892 2229">
    <p class='ocr_par' dir='ltr' id='par_1_26' title="bbox 314 2153 1892 2229">
     <span class='ocr_line' id='line_1_26' title="bbox 314 2153 1892 2229; baseline 0.011 -33"><span class='ocrx_word' id='word_1_210' title='bbox 314 2158 473 2212; x_wconf 78' lang='lat' dir='ltr'><strong>posse</strong></span> <span class='ocrx_word' id='word_1_211' title='bbox 499 2186 513 2211; x_wconf 94' lang='lat'><strong>,</strong></span> <span class='ocrx_word' id='word_1_212' title='bbox 545 2160 803 2215; x_wconf 88' lang='lat' dir='ltr'><strong>quantum</strong></span> <span class='ocrx_word' id='word_1_213' title='bbox 847 2161 995 2207; x_wconf 90' lang='lat' dir='ltr'><strong>certe</strong></span> <span class='ocrx_word' id='word_1_214' title='bbox 1032 2153 1245 2208; x_wconf 85' lang='lat' dir='ltr'><strong>abesset</strong></span> <span class='ocrx_word' id='word_1_215' title='bbox 1276 2157 1347 2209; x_wconf 90' lang='lat' dir='ltr'><strong>ab</strong></span> <span class='ocrx_word' id='word_1_216' title='bbox 1379 2170 1445 2211; x_wconf 89' lang='lat' dir='ltr'><strong>eo</strong></span> <span class='ocrx_word' id='word_1_217' title='bbox 1479 2166 1755 2225; x_wconf 88' lang='lat' dir='ltr'><strong>tempore,</strong></span> <span class='ocrx_word' id='word_1_218' title='bbox 1783 2174 1892 2229; x_wconf 87' lang='lat' dir='ltr'><strong>quo</strong></span> 
     </span>
    </p>
   </div>
   <div class='ocr_carea' id='block_1_27' title="bbox 314 2235 1896 2318">
    <p class='ocr_par' dir='ltr' id='par_1_27' title="bbox 314 2235 1896 2318">
     <span class='ocr_line' id='line_1_27' title="bbox 314 2235 1896 2318; baseline 0.01 -29"><span class='ocrx_word' id='word_1_219' title='bbox 314 2235 504 2293; x_wconf 75' lang='lat' dir='ltr'><strong>isthcec</strong></span> <span class='ocrx_word' id='word_1_220' title='bbox 530 2238 662 2307; x_wconf 90' lang='lat' dir='ltr'><strong>ipsis</strong></span> <span class='ocrx_word' id='word_1_221' title='bbox 701 2241 899 2297; x_wconf 85' lang='lat' dir='ltr'><strong>mulcta</strong></span> <span class='ocrx_word' id='word_1_222' title='bbox 934 2253 1079 2298; x_wconf 88' lang='lat' dir='ltr'><strong>esset</strong></span> <span class='ocrx_word' id='word_1_223' title='bbox 1117 2244 1429 2313; x_wconf 77' lang='lat' dir='ltr'><strong>inﬂigenda,</strong></span> <span class='ocrx_word' id='word_1_224' title='bbox 1460 2250 1676 2304; x_wconf 85' lang='lat' dir='ltr'><strong>edoceri</strong></span> <span class='ocrx_word' id='word_1_225' title='bbox 1708 2261 1896 2318; x_wconf 86' lang='lat' dir='ltr'><strong>postu-</strong></span> 
     </span>
    </p>
   </div>
   <div class='ocr_carea' id='block_1_28' title="bbox 313 2323 1897 2407">
    <p class='ocr_par' dir='ltr' id='par_1_28' title="bbox 313 2323 1897 2407">
     <span class='ocr_line' id='line_1_28' title="bbox 313 2323 1897 2407; baseline 0.009 -28"><span class='ocrx_word' id='word_1_226' title='bbox 313 2323 409 2379; x_wconf 87' lang='lat' dir='ltr'><strong>lat.</strong></span> <span class='ocrx_word' id='word_1_227' title='bbox 462 2328 726 2383; x_wconf 63' lang='lat' dir='ltr'><strong>Caaterum</strong></span> <span class='ocrx_word' id='word_1_228' title='bbox 768 2333 882 2385; x_wconf 73' lang='lat' dir='ltr'><strong>haec</strong></span> <span class='ocrx_word' id='word_1_229' title='bbox 910 2332 1059 2387; x_wconf 87' lang='lat' dir='ltr'><strong>clare</strong></span> <span class='ocrx_word' id='word_1_230' title='bbox 1096 2336 1371 2404; x_wconf 79' lang='lat' dir='ltr'><strong>pertinent</strong></span> <span class='ocrx_word' id='word_1_231' title='bbox 1418 2339 1487 2392; x_wconf 87' lang='lat' dir='ltr'><strong>ad</strong></span> <span class='ocrx_word' id='word_1_232' title='bbox 1532 2338 1743 2407; x_wconf 90' lang='lat' dir='ltr'><strong>imperii</strong></span> <span class='ocrx_word' id='word_1_233' title='bbox 1786 2339 1897 2394; x_wconf 69' lang='grc' dir='ltr'>ιιο.</span> 
     </span>
    </p>
   </div>
   <div class='ocr_carea' id='block_1_29' title="bbox 316 2419 1896 2494">
    <p class='ocr_par' dir='ltr' id='par_1_29' title="bbox 316 2419 1896 2494">
     <span class='ocr_line' id='line_1_29' title="bbox 316 2419 1896 2494; baseline 0.011 -24"><span class='ocrx_word' id='word_1_234' title='bbox 316 2419 461 2471; x_wconf 87' lang='lat' dir='ltr'><strong>mani</strong></span> <span class='ocrx_word' id='word_1_235' title='bbox 515 2430 779 2489; x_wconf 85' lang='lat' dir='ltr'><strong>tempora.</strong></span> <span class='ocrx_word' id='word_1_236' title='bbox 816 2422 1108 2494; x_wconf 87' lang='lat' dir='ltr'><strong>Postquam</strong></span> <span class='ocrx_word' id='word_1_237' title='bbox 1153 2427 1299 2482; x_wconf 90' lang='lat' dir='ltr'><strong>enim</strong></span> <span class='ocrx_word' id='word_1_238' title='bbox 1333 2444 1438 2483; x_wconf 87' lang='lat' dir='ltr'><strong>non</strong></span> <span class='ocrx_word' id='word_1_239' title='bbox 1471 2429 1764 2484; x_wconf 87' lang='lat' dir='ltr'><strong>audierunt</strong></span> <span class='ocrx_word' id='word_1_240' title='bbox 1789 2430 1896 2487; x_wconf 85' lang='lat' dir='ltr'><strong>Do-</strong></span> 
     </span>
    </p>
   </div>
   <div class='ocr_carea' id='block_1_30' title="bbox 318 2509 1896 2588">
    <p class='ocr_par' dir='ltr' id='par_1_30' title="bbox 318 2509 1896 2588">
     <span class='ocr_line' id='line_1_30' title="bbox 318 2509 1896 2588; baseline 0.01 -26"><span class='ocrx_word' id='word_1_241' title='bbox 318 2509 451 2563; x_wconf 77' lang='lat' dir='ltr'><strong>mini</strong></span> <span class='ocrx_word' id='word_1_242' title='bbox 503 2512 703 2576; x_wconf 83' lang='lat' dir='ltr'><strong>verba,</strong></span> <span class='ocrx_word' id='word_1_243' title='bbox 762 2515 1160 2585; x_wconf 88' lang='lat' dir='ltr'><strong>nolueruntque</strong></span> <span class='ocrx_word' id='word_1_244' title='bbox 1201 2519 1319 2588; x_wconf 85' lang='lat' dir='ltr'><strong>cjns</strong></span> <span class='ocrx_word' id='word_1_245' title='bbox 1373 2520 1636 2576; x_wconf 86' lang='lat' dir='ltr'><strong>miracula</strong></span> <span class='ocrx_word' id='word_1_246' title='bbox 1687 2523 1896 2578; x_wconf 89' lang='lat' dir='ltr'><strong>viribus</strong></span> 
     </span>
    </p>
   </div>
   <div class='ocr_carea' id='block_1_31' title="bbox 317 2601 1895 2679">
    <p class='ocr_par' dir='ltr' id='par_1_31' title="bbox 317 2601 1895 2679">
     <span class='ocr_line' id='line_1_31' title="bbox 317 2601 1895 2679; baseline 0.01 -24"><span class='ocrx_word' id='word_1_247' title='bbox 317 2601 573 2658; x_wconf 82' lang='lat' dir='ltr'><strong>humanis</strong></span> <span class='ocrx_word' id='word_1_248' title='bbox 628 2603 835 2672; x_wconf 85' lang='lat' dir='ltr'><strong>majora</strong></span> <span class='ocrx_word' id='word_1_249' title='bbox 872 2608 1045 2663; x_wconf 88' lang='lat' dir='ltr'><strong>oculis</strong></span> <span class='ocrx_word' id='word_1_250' title='bbox 1108 2608 1387 2666; x_wconf 81' lang='lat' dir='ltr'><strong>benevolis</strong></span> <span class='ocrx_word' id='word_1_251' title='bbox 1441 2612 1683 2679; x_wconf 87' lang='lat' dir='ltr'><strong>intueri,</strong></span> <span class='ocrx_word' id='word_1_252' title='bbox 1738 2615 1895 2670; x_wconf 87' lang='lat' dir='ltr'><strong>deso-</strong></span> 
     </span>
    </p>
   </div>
   <div class='ocr_carea' id='block_1_32' title="bbox 315 2691 1896 2771">
    <p class='ocr_par' dir='ltr' id='par_1_32' title="bbox 315 2691 1896 2771">
     <span class='ocr_line' id='line_1_32' title="bbox 315 2691 1896 2771; baseline 0.01 -25"><span class='ocrx_word' id='word_1_253' title='bbox 315 2691 439 2748; x_wconf 63' lang='lat' dir='ltr'><strong>lata:</strong></span> <span class='ocrx_word' id='word_1_254' title='bbox 472 2702 598 2750; x_wconf 87' lang='lat' dir='ltr'><strong>sunt</strong></span> <span class='ocrx_word' id='word_1_255' title='bbox 631 2697 834 2764; x_wconf 87' lang='lat' dir='ltr'><strong>urbes,</strong></span> <span class='ocrx_word' id='word_1_256' title='bbox 887 2700 1031 2768; x_wconf 89' lang='lat' dir='ltr'><strong>quod</strong></span> <span class='ocrx_word' id='word_1_257' title='bbox 1078 2717 1186 2757; x_wconf 89' lang='lat' dir='ltr'><strong>non</strong></span> <span class='ocrx_word' id='word_1_258' title='bbox 1242 2703 1641 2771; x_wconf 76' lang='lat' dir='ltr'><strong>habitarentur,</strong></span> <span class='ocrx_word' id='word_1_259' title='bbox 1695 2715 1751 2761; x_wconf 90' lang='lat' dir='ltr'><strong>et</strong></span> <span class='ocrx_word' id='word_1_260' title='bbox 1797 2708 1896 2761; x_wconf 89' lang='lat' dir='ltr'><strong>do-</strong></span> 
     </span>
    </p>
   </div>
   <div class='ocr_carea' id='block_1_33' title="bbox 318 2789 1896 2861">
    <p class='ocr_par' dir='ltr' id='par_1_33' title="bbox 318 2789 1896 2861">
     <span class='ocr_line' id='line_1_33' title="bbox 318 2789 1896 2861; baseline 0.011 -24"><span class='ocrx_word' id='word_1_261' title='bbox 318 2800 462 2850; x_wconf 89' lang='lat' dir='ltr'><strong>mus,</strong></span> <span class='ocrx_word' id='word_1_262' title='bbox 494 2789 636 2856; x_wconf 92' lang='lat' dir='ltr'><strong>quod</strong></span> <span class='ocrx_word' id='word_1_263' title='bbox 666 2805 771 2843; x_wconf 91' lang='lat' dir='ltr'><strong>non</strong></span> <span class='ocrx_word' id='word_1_264' title='bbox 801 2801 985 2848; x_wconf 85' lang='lat' dir='ltr'><strong>essent</strong></span> <span class='ocrx_word' id='word_1_265' title='bbox 1011 2793 1258 2850; x_wconf 86' lang='lat' dir='ltr'><strong>homines</strong></span> <span class='ocrx_word' id='word_1_266' title='bbox 1279 2834 1296 2861; x_wconf 94' lang='lat'><strong>,</strong></span> <span class='ocrx_word' id='word_1_267' title='bbox 1328 2806 1386 2850; x_wconf 90' lang='lat' dir='ltr'><strong>et</strong></span> <span class='ocrx_word' id='word_1_268' title='bbox 1416 2806 1560 2852; x_wconf 87' lang='lat' dir='ltr'><strong>terra</strong></span> <span class='ocrx_word' id='word_1_269' title='bbox 1601 2797 1786 2854; x_wconf 84' lang='lat' dir='ltr'><strong>relicta</strong></span> <span class='ocrx_word' id='word_1_270' title='bbox 1811 2810 1896 2854; x_wconf 88' lang='lat' dir='ltr'><strong>est</strong></span> 
     </span>
    </p>
   </div>
   <div class='ocr_carea' id='block_1_34' title="bbox 315 2877 1896 2960">
    <p class='ocr_par' dir='ltr' id='par_1_34' title="bbox 315 2877 1896 2960">
     <span class='ocr_line' id='line_1_34' title="bbox 315 2877 1896 2960; baseline 0.009 -28"><span class='ocrx_word' id='word_1_271' title='bbox 315 2877 552 2946; x_wconf 85' lang='lat' dir='ltr'><strong>deserta,</strong></span> <span class='ocrx_word' id='word_1_272' title='bbox 585 2881 978 2941; x_wconf 80' lang='lat' dir='ltr'><strong>habitatoribus</strong></span> <span class='ocrx_word' id='word_1_273' title='bbox 1016 2887 1158 2943; x_wconf 87' lang='lat' dir='ltr'><strong>fame</strong></span> <span class='ocrx_word' id='word_1_274' title='bbox 1179 2932 1195 2957; x_wconf 85' lang='lat'><strong>,</strong></span> <span class='ocrx_word' id='word_1_275' title='bbox 1227 2889 1458 2957; x_wconf 74' lang='lat' dir='ltr'><strong>exsilio,</strong></span> <span class='ocrx_word' id='word_1_276' title='bbox 1489 2899 1546 2945; x_wconf 90' lang='lat' dir='ltr'><strong>et</strong></span> <span class='ocrx_word' id='word_1_277' title='bbox 1580 2891 1896 2960; x_wconf 82' lang='lat' dir='ltr'><strong>captivitate</strong></span> 
     </span>
    </p>
   </div>
   <div class='ocr_carea' id='block_1_35' title="bbox 318 2974 1894 3056">
    <p class='ocr_par' dir='ltr' id='par_1_35' title="bbox 318 2974 1894 3056">
     <span class='ocr_line' id='line_1_35' title="bbox 318 2974 1894 3056; baseline 0.01 -30"><span class='ocrx_word' id='word_1_278' title='bbox 318 2974 676 3047; x_wconf 86' lang='lat' dir='ltr'><strong>interemptis.</strong></span> <span class='ocrx_word' id='word_1_279' title='bbox 724 2978 875 3047; x_wconf 87' lang='lat' dir='ltr'><strong>Quod</strong></span> <span class='ocrx_word' id='word_1_280' title='bbox 915 2993 1099 3039; x_wconf 90' lang='lat' dir='ltr'><strong>autem</strong></span> <span class='ocrx_word' id='word_1_281' title='bbox 1149 2985 1536 3056; x_wconf 71' lang='lat' dir='ltr'><strong>subiungitur,</strong></span> <span class='ocrx_word' id='word_1_282' title='bbox 1591 2985 1719 3040; x_wconf 88' lang='lat' dir='ltr'><strong>Post</strong></span> <span class='ocrx_word' id='word_1_283' title='bbox 1783 2991 1894 3041; x_wconf 69' lang='lat' dir='ltr'><strong>haec</strong></span> 
     </span>
    </p>
   </div>
   <div class='ocr_carea' id='block_1_36' title="bbox 316 3067 1895 3143">
    <p class='ocr_par' dir='ltr' id='par_1_36' title="bbox 316 3067 1895 3143">
     <span class='ocr_line' id='line_1_36' title="bbox 316 3067 1895 3143; baseline 0.009 -24"><span class='ocrx_word' id='word_1_284' title='bbox 316 3067 575 3138; x_wconf 85' lang='lat' dir='ltr'><strong>elongabit</strong></span> <span class='ocrx_word' id='word_1_285' title='bbox 622 3071 761 3127; x_wconf 82' lang='lat' dir='ltr'><strong>Deus</strong></span> <span class='ocrx_word' id='word_1_286' title='bbox 794 3075 1031 3133; x_wconf 76' lang='lat' dir='ltr'><strong>homines</strong></span> <span class='ocrx_word' id='word_1_287' title='bbox 1057 3118 1074 3143; x_wconf 92' lang='lat'><strong>,</strong></span> <span class='ocrx_word' id='word_1_288' title='bbox 1103 3080 1155 3133; x_wconf 90' lang='lat' dir='ltr'><strong>id</strong></span> <span class='ocrx_word' id='word_1_289' title='bbox 1187 3093 1306 3133; x_wconf 86' lang='lat' dir='ltr'><strong>mea</strong></span> <span class='ocrx_word' id='word_1_290' title='bbox 1352 3080 1620 3134; x_wconf 87' lang='lat' dir='ltr'><strong>sententia</strong></span> <span class='ocrx_word' id='word_1_291' title='bbox 1663 3080 1895 3136; x_wconf 83' lang='lat' dir='ltr'><strong>refertur</strong></span> 
     </span>
    </p>
   </div>
   <div class='ocr_carea' id='block_1_37' title="bbox 317 3159 1893 3242">
    <p class='ocr_par' dir='ltr' id='par_1_37' title="bbox 317 3159 1893 3242">
     <span class='ocr_line' id='line_1_37' title="bbox 317 3159 1893 3242; baseline 0.011 -32"><span class='ocrx_word' id='word_1_292' title='bbox 317 3159 385 3213; x_wconf 86' lang='lat' dir='ltr'><strong>ad</strong></span> <span class='ocrx_word' id='word_1_293' title='bbox 438 3160 890 3221; x_wconf 80' lang='lat' dir='ltr'><strong>abalienationem</strong></span> <span class='ocrx_word' id='word_1_294' title='bbox 937 3167 1250 3226; x_wconf 65' lang='lat' dir='ltr'><strong>Iudaeorum</strong></span> <span class='ocrx_word' id='word_1_295' title='bbox 1307 3186 1336 3224; x_wconf 86' lang='lat' dir='ltr'><strong>a</strong></span> <span class='ocrx_word' id='word_1_296' title='bbox 1392 3173 1522 3236; x_wconf 87' lang='lat' dir='ltr'><strong>Deo,</strong></span> <span class='ocrx_word' id='word_1_297' title='bbox 1570 3173 1770 3242; x_wconf 83' lang='lat' dir='ltr'><strong>quibus</strong></span> <span class='ocrx_word' id='word_1_298' title='bbox 1827 3189 1893 3227; x_wconf 79' lang='lat' dir='ltr'><strong>ex</strong></span> 
     </span>
    </p>
   </div>
   <div class='ocr_carea' id='block_1_38' title="bbox 316 3256 1897 3336">
    <p class='ocr_par' dir='ltr' id='par_1_38' title="bbox 316 3256 1897 3336">
     <span class='ocr_line' id='line_1_38' title="bbox 316 3256 1897 3336; baseline 0.013 -36"><span class='ocrx_word' id='word_1_299' title='bbox 316 3258 471 3318; x_wconf 86' lang='lat' dir='ltr'><strong>parte</strong></span> <span class='ocrx_word' id='word_1_300' title='bbox 521 3256 749 3325; x_wconf 83' lang='lat' dir='ltr'><strong>contigit</strong></span> <span class='ocrx_word' id='word_1_301' title='bbox 782 3260 1001 3315; x_wconf 66' lang='lat' dir='ltr'><strong>carcitas</strong></span> <span class='ocrx_word' id='word_1_302' title='bbox 1024 3302 1038 3327; x_wconf 95' lang='lat'><strong>,</strong></span> <span class='ocrx_word' id='word_1_303' title='bbox 1092 3271 1148 3315; x_wconf 88' lang='lat' dir='ltr'><strong>ut</strong></span> <span class='ocrx_word' id='word_1_304' title='bbox 1184 3265 1429 3334; x_wconf 77' lang='lat' dir='ltr'><strong>gentium</strong></span> <span class='ocrx_word' id='word_1_305' title='bbox 1463 3265 1693 3319; x_wconf 83' lang='lat' dir='ltr'><strong>intraret</strong></span> <span class='ocrx_word' id='word_1_306' title='bbox 1725 3267 1897 3336; x_wconf 78' lang='lat' dir='ltr'><strong>pleni-</strong></span> 
     </span>
    </p>
   </div>
   <div class='ocr_carea' id='block_1_39' title="bbox 315 3342 1899 3425">
    <p class='ocr_par' dir='ltr' id='par_1_39' title="bbox 315 3342 1899 3425">
     <span class='ocr_line' id='line_1_39' title="bbox 315 3342 1899 3425; baseline 0.011 -31"><span class='ocrx_word' id='word_1_307' title='bbox 315 3342 445 3396; x_wconf 89' lang='lat' dir='ltr'><strong>tudo</strong></span> <span class='ocrx_word' id='word_1_308' title='bbox 473 3343 539 3397; x_wconf 88' lang='grc'><strong>³¹.</strong></span> <span class='ocrx_word' id='word_1_309' title='bbox 573 3344 679 3399; x_wconf 80' lang='lat' dir='ltr'><strong>Sed</strong></span> <span class='ocrx_word' id='word_1_310' title='bbox 715 3346 782 3402; x_wconf 84' lang='lat' dir='ltr'><strong>Et</strong></span> <span class='ocrx_word' id='word_1_311' title='bbox 809 3352 931 3420; x_wconf 86' lang='lat' dir='ltr'><strong>qui,</strong></span> <span class='ocrx_word' id='word_1_312' title='bbox 981 3352 1156 3421; x_wconf 85' lang='lat' dir='ltr'><strong>inquit</strong></span> <span class='ocrx_word' id='word_1_313' title='bbox 1187 3393 1203 3419; x_wconf 92' lang='lat'><strong>,</strong></span> <span class='ocrx_word' id='word_1_314' title='bbox 1258 3356 1430 3409; x_wconf 85' lang='lat' dir='ltr'><strong>relicti</strong></span> <span class='ocrx_word' id='word_1_315' title='bbox 1480 3356 1701 3425; x_wconf 79' lang='lat' dir='ltr'><strong>fuerint,</strong></span> <span class='ocrx_word' id='word_1_316' title='bbox 1722 3358 1899 3411; x_wconf 87' lang='lat' dir='ltr'><strong>multi-</strong></span> 
     </span>
    </p>
   </div>
   <div class='ocr_carea' id='block_1_40' title="bbox 317 3431 1897 3516">
    <p class='ocr_par' dir='ltr' id='par_1_40' title="bbox 317 3431 1897 3516">
     <span class='ocr_line' id='line_1_40' title="bbox 317 3431 1897 3516; baseline 0.013 -32"><span class='ocrx_word' id='word_1_317' title='bbox 317 3431 674 3497; x_wconf 58' lang='lat' dir='ltr'><strong>plicabuntur.</strong></span> <span class='ocrx_word' id='word_1_318' title='bbox 718 3439 951 3506; x_wconf 63' lang='lat' dir='ltr'><strong>Quinam</strong></span> <span class='ocrx_word' id='word_1_319' title='bbox 1007 3444 1175 3514; x_wconf 82' lang='lat' dir='ltr'><strong>igitur</strong></span> <span class='ocrx_word' id='word_1_320' title='bbox 1220 3447 1274 3501; x_wconf 91' lang='lat' dir='ltr'><strong>hi</strong></span> <span class='ocrx_word' id='word_1_321' title='bbox 1330 3448 1507 3502; x_wconf 84' lang='lat' dir='ltr'><strong>sunt?</strong></span> <span class='ocrx_word' id='word_1_322' title='bbox 1559 3449 1641 3501; x_wconf 91' lang='lat' dir='ltr'><strong>An</strong></span> <span class='ocrx_word' id='word_1_323' title='bbox 1698 3449 1781 3516; x_wconf 91' lang='lat' dir='ltr'><strong>ii,</strong></span> <span class='ocrx_word' id='word_1_324' title='bbox 1829 3449 1897 3504; x_wconf 88' lang='lat' dir='ltr'><strong>de</strong></span> 
     </span>
    </p>
   </div>
   <div class='ocr_carea' id='block_1_41' title="bbox 318 3524 1898 3606">
    <p class='ocr_par' dir='ltr' id='par_1_41' title="bbox 318 3524 1898 3606">
     <span class='ocr_line' id='line_1_41' title="bbox 318 3524 1898 3606; baseline 0.011 -29"><span class='ocrx_word' id='word_1_325' title='bbox 318 3524 514 3592; x_wconf 87' lang='lat' dir='ltr'><strong>quibus</strong></span> <span class='ocrx_word' id='word_1_326' title='bbox 542 3528 833 3595; x_wconf 77' lang='lat' dir='ltr'><strong>ApOstolus</strong></span> <span class='ocrx_word' id='word_1_327' title='bbox 854 3533 993 3587; x_wconf 82' lang='lat' dir='ltr'><strong>dixit</strong></span> <span class='ocrx_word' id='word_1_328' title='bbox 1030 3553 1043 3588; x_wconf 94' lang='lat'>:</span> <span class='ocrx_word' id='word_1_329' title='bbox 1084 3535 1341 3606; x_wconf 69' lang='lat' dir='ltr'><strong>Reliquiae</strong></span> <span class='ocrx_word' id='word_1_330' title='bbox 1368 3540 1655 3592; x_wconf 80' lang='lat' dir='ltr'><strong>secundum</strong></span> <span class='ocrx_word' id='word_1_331' title='bbox 1683 3539 1898 3594; x_wconf 84' lang='lat' dir='ltr'><strong>electio-</strong></span> 
     </span>
    </p>
   </div>
   <div class='ocr_carea' id='block_1_42' title="bbox 318 3619 1898 3700">
    <p class='ocr_par' dir='ltr' id='par_1_42' title="bbox 318 3619 1898 3700">
     <span class='ocr_line' id='line_1_42' title="bbox 318 3619 1898 3700; baseline 0.012 -34"><span class='ocrx_word' id='word_1_332' title='bbox 318 3631 435 3668; x_wconf 79' lang='lat' dir='ltr'><strong>nem</strong></span> <span class='ocrx_word' id='word_1_333' title='bbox 465 3619 650 3685; x_wconf 60' lang='lat' dir='ltr'><strong>gratiae</strong></span> <span class='ocrx_word' id='word_1_334' title='bbox 703 3620 862 3683; x_wconf 65' lang='lat' dir='ltr'><strong>facta</strong></span> <span class='ocrx_word' id='word_1_335' title='bbox 912 3636 1035 3679; x_wconf 83' lang='lat' dir='ltr'><strong>sunt</strong></span> <span class='ocrx_word' id='word_1_336' title='bbox 1082 3626 1125 3658; x_wconf 85' lang='grc'><strong>³³</strong></span> <span class='ocrx_word' id='word_1_337' title='bbox 1182 3645 1197 3681; x_wconf 90' lang='lat'><strong>:</strong></span> <span class='ocrx_word' id='word_1_338' title='bbox 1243 3629 1332 3697; x_wconf 87' lang='lat' dir='ltr'><strong>qui</strong></span> <span class='ocrx_word' id='word_1_339' title='bbox 1380 3629 1544 3684; x_wconf 85' lang='lat' dir='ltr'><strong>etiam</strong></span> <span class='ocrx_word' id='word_1_340' title='bbox 1574 3629 1898 3700; x_wconf 80' lang='lat' dir='ltr'><strong>multiplica-</strong></span> 
     </span>
    </p>
   </div>
   <div class='ocr_carea' id='block_1_43' title="bbox 319 3708 1896 3794">
    <p class='ocr_par' dir='ltr' id='par_1_43' title="bbox 319 3708 1896 3794">
     <span class='ocr_line' id='line_1_43' title="bbox 319 3708 1896 3794; baseline 0.012 -34"><span class='ocrx_word' id='word_1_341' title='bbox 319 3708 523 3763; x_wconf 81' lang='lat' dir='ltr'><strong>buntur</strong></span> <span class='ocrx_word' id='word_1_342' title='bbox 555 3727 719 3782; x_wconf 87' lang='lat' dir='ltr'><strong>super</strong></span> <span class='ocrx_word' id='word_1_343' title='bbox 766 3724 968 3771; x_wconf 85' lang='lat' dir='ltr'><strong>terratn</strong></span> <span class='ocrx_word' id='word_1_344' title='bbox 998 3759 1013 3783; x_wconf 97' lang='lat'><strong>,</strong></span> <span class='ocrx_word' id='word_1_345' title='bbox 1045 3729 1104 3774; x_wconf 91' lang='lat' dir='ltr'><strong>ut</strong></span> <span class='ocrx_word' id='word_1_346' title='bbox 1140 3720 1491 3776; x_wconf 89' lang='lat' dir='ltr'><strong>inveniantur</strong></span> <span class='ocrx_word' id='word_1_347' title='bbox 1511 3724 1605 3794; x_wconf 89' lang='lat' dir='ltr'><strong>qui</strong></span> <span class='ocrx_word' id='word_1_348' title='bbox 1641 3724 1896 3789; x_wconf 88' lang='lat' dir='ltr'><strong>deinceps</strong></span> 
     </span>
    </p>
   </div>
   <div class='ocr_carea' id='block_1_44' title="bbox 318 3811 1900 3884">
    <p class='ocr_par' dir='ltr' id='par_1_44' title="bbox 318 3811 1900 3884">
     <span class='ocr_line' id='line_1_44' title="bbox 318 3811 1900 3884; baseline 0.01 -31"><span class='ocrx_word' id='word_1_349' title='bbox 318 3814 416 3868; x_wconf 76' lang='lat' dir='ltr'><strong>per</strong></span> <span class='ocrx_word' id='word_1_350' title='bbox 447 3817 665 3859; x_wconf 87' lang='lat' dir='ltr'><strong>omnem</strong></span> <span class='ocrx_word' id='word_1_351' title='bbox 713 3817 914 3864; x_wconf 89' lang='lat' dir='ltr'><strong>terram</strong></span> <span class='ocrx_word' id='word_1_352' title='bbox 967 3811 1322 3884; x_wconf 73' lang='lat' dir='ltr'><strong>Evangelium</strong></span> <span class='ocrx_word' id='word_1_353' title='bbox 1362 3814 1567 3871; x_wconf 90' lang='lat' dir='ltr'><strong>Christi</strong></span> <span class='ocrx_word' id='word_1_354' title='bbox 1608 3815 1900 3871; x_wconf 81' lang='lat' dir='ltr'><strong>ediscant?</strong></span> 
     </span>
    </p>
   </div>
   <div class='ocr_carea' id='block_1_45' title="bbox 317 3891 1898 3975">
    <p class='ocr_par' dir='ltr' id='par_1_45' title="bbox 317 3891 1898 3975">
     <span class='ocr_line' id='line_1_45' title="bbox 317 3891 1898 3975; baseline 0.012 -31"><span class='ocrx_word' id='word_1_355' title='bbox 317 3891 434 3948; x_wconf 78' lang='lat' dir='ltr'><strong>Etsi</strong></span> <span class='ocrx_word' id='word_1_356' title='bbox 463 3896 606 3950; x_wconf 91' lang='lat' dir='ltr'><strong>enim</strong></span> <span class='ocrx_word' id='word_1_357' title='bbox 640 3897 693 3953; x_wconf 92' lang='lat' dir='ltr'><strong>id</strong></span> <span class='ocrx_word' id='word_1_358' title='bbox 720 3901 864 3969; x_wconf 87' lang='lat' dir='ltr'><strong>quod</strong></span> <span class='ocrx_word' id='word_1_359' title='bbox 892 3904 1072 3957; x_wconf 90' lang='lat' dir='ltr'><strong>omnis</strong></span> <span class='ocrx_word' id='word_1_360' title='bbox 1095 3904 1260 3960; x_wconf 90' lang='lat' dir='ltr'><strong>Israel</strong></span> <span class='ocrx_word' id='word_1_361' title='bbox 1292 3907 1541 3975; x_wconf 87' lang='lat' dir='ltr'><strong>inquirit,</strong></span> <span class='ocrx_word' id='word_1_362' title='bbox 1572 3917 1898 3963; x_wconf 88' lang='lat' dir='ltr'><strong>consecutus</strong></span> 
     </span>
    </p>
   </div>
   <div class='ocr_carea' id='block_1_46' title="bbox 319 3998 1895 4065">
    <p class='ocr_par' dir='ltr' id='par_1_46' title="bbox 319 3998 1895 4065">
     <span class='ocr_line' id='line_1_46' title="bbox 319 3998 1895 4065; baseline 0.009 -25"><span class='ocrx_word' id='word_1_363' title='bbox 319 4003 425 4041; x_wconf 87' lang='lat' dir='ltr'><strong>non</strong></span> <span class='ocrx_word' id='word_1_364' title='bbox 477 4000 582 4054; x_wconf 89' lang='lat' dir='ltr'><strong>est,</strong></span> <span class='ocrx_word' id='word_1_365' title='bbox 632 4001 691 4046; x_wconf 88' lang='lat' dir='ltr'><strong>at</strong></span> <span class='ocrx_word' id='word_1_366' title='bbox 722 4004 873 4048; x_wconf 89' lang='lat' dir='ltr'><strong>certe</strong></span> <span class='ocrx_word' id='word_1_367' title='bbox 920 4005 1212 4051; x_wconf 87' lang='lat' dir='ltr'><strong>consecuta</strong></span> <span class='ocrx_word' id='word_1_368' title='bbox 1251 4005 1338 4052; x_wconf 85' lang='lat' dir='ltr'><strong>est</strong></span> <span class='ocrx_word' id='word_1_369' title='bbox 1375 3998 1571 4053; x_wconf 88' lang='lat' dir='ltr'><strong>electio</strong></span> <span class='ocrx_word' id='word_1_370' title='bbox 1604 4014 1789 4053; x_wconf 91' lang='lat' dir='ltr'><strong>eorum</strong></span> <span class='ocrx_word' id='word_1_371' title='bbox 1825 3999 1895 4065; x_wconf 84' lang='grc'><strong>³³,</strong></span> 
     </span>
    </p>
   </div>
   <div class='ocr_carea' id='block_1_47' title="bbox 318 4068 1898 4155">
    <p class='ocr_par' dir='ltr' id='par_1_47' title="bbox 318 4068 1898 4155">
     <span class='ocr_line' id='line_1_47' title="bbox 318 4068 1898 4155; baseline 0.006 -24"><span class='ocrx_word' id='word_1_372' title='bbox 318 4078 386 4131; x_wconf 90' lang='lat' dir='ltr'><strong>de</strong></span> <span class='ocrx_word' id='word_1_373' title='bbox 432 4082 628 4149; x_wconf 85' lang='lat' dir='ltr'><strong>quibus</strong></span> <span class='ocrx_word' id='word_1_374' title='bbox 674 4083 811 4139; x_wconf 79' lang='lat' dir='ltr'><strong>dixit</strong></span> <span class='ocrx_word' id='word_1_375' title='bbox 856 4068 1031 4140; x_wconf 53' lang='lat' dir='ltr'><strong>Elite&#39;:</strong></span> <span class='ocrx_word' id='word_1_376' title='bbox 1064 4084 1277 4155; x_wconf 81' lang='lat' dir='ltr'><strong>Reliqui</strong></span> <span class='ocrx_word' id='word_1_377' title='bbox 1327 4088 1455 4141; x_wconf 84' lang='lat' dir='ltr'><strong>mihi</strong></span> <span class='ocrx_word' id='word_1_378' title='bbox 1489 4098 1679 4155; x_wconf 88' lang='lat' dir='ltr'><strong>septem</strong></span> <span class='ocrx_word' id='word_1_379' title='bbox 1730 4088 1898 4141; x_wconf 85' lang='lat' dir='ltr'><strong>millia</strong></span> 
     </span>
    </p>
   </div>
   <div class='ocr_carea' id='block_1_48' title="bbox 318 4170 1895 4246">
    <p class='ocr_par' dir='ltr' id='par_1_48' title="bbox 318 4170 1895 4246">
     <span class='ocr_line' id='line_1_48' title="bbox 318 4170 1895 4246; baseline 0.008 -24"><span class='ocrx_word' id='word_1_380' title='bbox 318 4170 583 4236; x_wconf 76' lang='lat' dir='ltr'><strong>virorum,</strong></span> <span class='ocrx_word' id='word_1_381' title='bbox 630 4175 721 4244; x_wconf 85' lang='lat' dir='ltr'><strong>qui</strong></span> <span class='ocrx_word' id='word_1_382' title='bbox 745 4177 877 4243; x_wconf 68' lang='lat' dir='ltr'><strong>non;</strong></span> <span class='ocrx_word' id='word_1_383' title='bbox 902 4186 1247 4230; x_wconf 80' lang='lat' dir='ltr'><strong>curvaverant</strong></span> <span class='ocrx_word' id='word_1_384' title='bbox 1286 4194 1455 4246; x_wconf 71' lang='lat' dir='ltr'><strong>genua</strong></span> <span class='ocrx_word' id='word_1_385' title='bbox 1498 4189 1619 4234; x_wconf 85' lang='lat' dir='ltr'><strong>ante</strong></span> <span class='ocrx_word' id='word_1_386' title='bbox 1654 4179 1793 4233; x_wconf 86' lang='lat' dir='ltr'><strong>Baal</strong></span> <span class='ocrx_word' id='word_1_387' title='bbox 1831 4181 1895 4235; x_wconf 70' lang='lat'><strong>“.</strong></span> 
     </span>
    </p>
   </div>
   <div class='ocr_carea' id='block_1_49' title="bbox 317 4258 1898 4335">
    <p class='ocr_par' dir='ltr' id='par_1_49' title="bbox 317 4258 1898 4335">
     <span class='ocr_line' id='line_1_49' title="bbox 317 4258 1898 4335; baseline 0.007 -22"><span class='ocrx_word' id='word_1_388' title='bbox 317 4258 382 4314; x_wconf 88' lang='lat' dir='ltr'><strong>lli</strong></span> <span class='ocrx_word' id='word_1_389' title='bbox 414 4261 578 4332; x_wconf 78' lang='lat' dir='ltr'><strong>igitur</strong></span> <span class='ocrx_word' id='word_1_390' title='bbox 606 4273 768 4332; x_wconf 88' lang='lat' dir='ltr'><strong>sunt,</strong></span> <span class='ocrx_word' id='word_1_391' title='bbox 805 4265 872 4320; x_wconf 89' lang='lat' dir='ltr'><strong>de</strong></span> <span class='ocrx_word' id='word_1_392' title='bbox 899 4267 1099 4335; x_wconf 88' lang='lat' dir='ltr'><strong>quibus</strong></span> <span class='ocrx_word' id='word_1_393' title='bbox 1142 4267 1349 4323; x_wconf 84' lang='lat' dir='ltr'><strong>dictum</strong></span> <span class='ocrx_word' id='word_1_394' title='bbox 1381 4279 1465 4324; x_wconf 87' lang='lat' dir='ltr'><strong>est</strong></span> <span class='ocrx_word' id='word_1_395' title='bbox 1499 4287 1513 4322; x_wconf 87' lang='lat'><strong>:</strong></span> <span class='ocrx_word' id='word_1_396' title='bbox 1542 4267 1611 4322; x_wconf 85' lang='lat' dir='ltr'><strong>Et</strong></span> <span class='ocrx_word' id='word_1_397' title='bbox 1649 4270 1822 4324; x_wconf 84' lang='lat' dir='ltr'><strong>adhuc</strong></span> <span class='ocrx_word' id='word_1_398' title='bbox 1845 4274 1898 4324; x_wconf 89' lang='lat' dir='ltr'><strong>in</strong></span> 
     </span>
    </p>
   </div>
   <div class='ocr_carea' id='block_1_50' title="bbox 2057 1150 3595 1226">
    <p class='ocr_par' dir='ltr' id='par_1_50' title="bbox 2057 1150 3595 1226">
     <span class='ocr_line' id='line_1_50' title="bbox 2057 1150 3595 1226; baseline -0.003 -14"><span class='ocrx_word' id='word_1_399' title='bbox 2057 1159 2179 1214; x_wconf 84' lang='lat'><strong>190.</strong></span> <span class='ocrx_word' id='word_1_400' title='bbox 2222 1162 2333 1215; x_wconf 69' lang='lat' dir='ltr'><strong>Kal</strong></span> <span class='ocrx_word' id='word_1_401' title='bbox 2384 1158 2523 1216; x_wconf 78' lang='grc' dir='ltr'>εἶπα</span> <span class='ocrx_word' id='word_1_402' title='bbox 2544 1178 2556 1190; x_wconf 87' lang='grc'><strong>·</strong></span> <span class='ocrx_word' id='word_1_403' title='bbox 2594 1161 2743 1226; x_wconf 81' lang='grc' dir='ltr'>Ἕως</span> <span class='ocrx_word' id='word_1_404' title='bbox 2784 1160 2930 1213; x_wconf 82' lang='grc' dir='ltr'>πότε</span> <span class='ocrx_word' id='word_1_405' title='bbox 2949 1199 2964 1222; x_wconf 91' lang='grc'><strong>,</strong></span> <span class='ocrx_word' id='word_1_406' title='bbox 2999 1157 3211 1225; x_wconf 82' lang='grc' dir='ltr'>Κύριε;</span> <span class='ocrx_word' id='word_1_407' title='bbox 3239 1155 3348 1211; x_wconf 87' lang='lat' dir='ltr'><strong>Kal</strong></span> <span class='ocrx_word' id='word_1_408' title='bbox 3388 1150 3595 1220; x_wconf 73' lang='grc' dir='ltr'>εἶπεν,</span> 
     </span>
    </p>
   </div>
   <div class='ocr_carea' id='block_1_51' title="bbox 1989 1245 3601 1321">
    <p class='ocr_par' dir='ltr' id='par_1_51' title="bbox 1989 1245 3601 1321">
     <span class='ocr_line' id='line_1_51' title="bbox 1989 1245 3601 1321; baseline -0.002 -20"><span class='ocrx_word' id='word_1_409' title='bbox 1989 1249 2142 1316; x_wconf 84' lang='grc' dir='ltr'>Ἕως</span> <span class='ocrx_word' id='word_1_410' title='bbox 2178 1249 2256 1304; x_wconf 84' lang='grc' dir='ltr'><strong>ἂν</strong></span> <span class='ocrx_word' id='word_1_411' title='bbox 2283 1250 2629 1321; x_wconf 84' lang='grc' dir='ltr'>ἐρημωθῶσι</span> <span class='ocrx_word' id='word_1_412' title='bbox 2666 1251 2876 1314; x_wconf 82' lang='grc' dir='ltr'>πόλεις</span> <span class='ocrx_word' id='word_1_413' title='bbox 2906 1246 3066 1316; x_wconf 78' lang='grc' dir='ltr'>παρὰ</span> <span class='ocrx_word' id='word_1_414' title='bbox 3096 1247 3160 1300; x_wconf 87' lang='grc' dir='ltr'><strong>τὸ</strong></span> <span class='ocrx_word' id='word_1_415' title='bbox 3180 1246 3267 1316; x_wconf 82' lang='grc' dir='ltr'>μὴ</span> <span class='ocrx_word' id='word_1_416' title='bbox 3294 1245 3601 1300; x_wconf 78' lang='grc' dir='ltr'>κατοικεῖ-</span> 
     </span>
    </p>
   </div>
   <div class='ocr_carea' id='block_1_52' title="bbox 1991 1331 3595 1408">
    <p class='ocr_par' dir='ltr' id='par_1_52' title="bbox 1991 1331 3595 1408">
     <span class='ocr_line' id='line_1_52' title="bbox 1991 1331 3595 1408; baseline -0.004 -17"><span class='ocrx_word' id='word_1_417' title='bbox 1991 1345 2153 1401; x_wconf 75' lang='grc' dir='ltr'>σθαι,</span> <span class='ocrx_word' id='word_1_418' title='bbox 2183 1339 2282 1393; x_wconf 79' lang='grc' dir='ltr'><strong>καὶ</strong></span> <span class='ocrx_word' id='word_1_419' title='bbox 2315 1336 2465 1393; x_wconf 76' lang='grc' dir='ltr'>οἴκοι</span> <span class='ocrx_word' id='word_1_420' title='bbox 2495 1338 2655 1408; x_wconf 80' lang='grc' dir='ltr'>παρὰ</span> <span class='ocrx_word' id='word_1_421' title='bbox 2682 1337 2747 1392; x_wconf 89' lang='grc' dir='ltr'><strong>τὸ</strong></span> <span class='ocrx_word' id='word_1_422' title='bbox 2770 1336 2856 1406; x_wconf 78' lang='grc' dir='ltr'>μὴ</span> <span class='ocrx_word' id='word_1_423' title='bbox 2886 1332 3038 1390; x_wconf 77' lang='grc' dir='ltr'>εἶναι</span> <span class='ocrx_word' id='word_1_424' title='bbox 3078 1334 3452 1401; x_wconf 83' lang='grc' dir='ltr'>ἀνθρώπους,</span> <span class='ocrx_word' id='word_1_425' title='bbox 3484 1331 3595 1386; x_wconf 71' lang='grc' dir='ltr'>καὶ</span> 
     </span>
    </p>
   </div>
   <div class='ocr_carea' id='block_1_53' title="bbox 1994 1424 3597 1501">
    <p class='ocr_par' dir='ltr' id='par_1_53' title="bbox 1994 1424 3597 1501">
     <span class='ocr_line' id='line_1_53' title="bbox 1994 1424 3597 1501; baseline -0.007 -14"><span class='ocrx_word' id='word_1_426' title='bbox 1994 1431 2033 1497; x_wconf 73' lang='grc' dir='ltr'><strong><em>ἡ</em></strong></span> <span class='ocrx_word' id='word_1_427' title='bbox 2080 1430 2157 1501; x_wconf 75' lang='grc' dir='ltr'>γῆ</span> <span class='ocrx_word' id='word_1_428' title='bbox 2208 1430 2748 1499; x_wconf 72' lang='grc' dir='ltr'><strong>καταλειφθήσεται</strong></span> <span class='ocrx_word' id='word_1_429' title='bbox 2779 1427 3015 1497; x_wconf 82' lang='grc' dir='ltr'>ἕρημος.</span> <span class='ocrx_word' id='word_1_430' title='bbox 3051 1428 3159 1482; x_wconf 89' lang='lat' dir='ltr'><strong>Kal</strong></span> <span class='ocrx_word' id='word_1_431' title='bbox 3201 1425 3353 1497; x_wconf 83' lang='grc' dir='ltr'>μετὰ</span> <span class='ocrx_word' id='word_1_432' title='bbox 3394 1424 3597 1478; x_wconf 76' lang='grc' dir='ltr'>ταῦτα</span> 
     </span>
    </p>
   </div>
   <div class='ocr_carea' id='block_1_54' title="bbox 1990 1518 3592 1592">
    <p class='ocr_par' dir='ltr' id='par_1_54' title="bbox 1990 1518 3592 1592">
     <span class='ocr_line' id='line_1_54' title="bbox 1990 1518 3592 1592; baseline -0.004 -16"><span class='ocrx_word' id='word_1_433' title='bbox 1990 1523 2287 1592; x_wconf 83' lang='grc' dir='ltr'>μακρυνεῖ</span> <span class='ocrx_word' id='word_1_434' title='bbox 2315 1526 2349 1577; x_wconf 84' lang='grc' dir='ltr'><strong><em>ό</em></strong></span> <span class='ocrx_word' id='word_1_435' title='bbox 2387 1522 2534 1589; x_wconf 81' lang='grc' dir='ltr'><strong>Θεὸς</strong></span> <span class='ocrx_word' id='word_1_436' title='bbox 2577 1521 2721 1588; x_wconf 81' lang='grc' dir='ltr'>τοὺς</span> <span class='ocrx_word' id='word_1_437' title='bbox 2769 1518 3139 1589; x_wconf 78' lang='grc' dir='ltr'>ἀνθρώπους,</span> <span class='ocrx_word' id='word_1_438' title='bbox 3180 1518 3278 1571; x_wconf 74' lang='grc' dir='ltr'><strong>καὶ</strong></span> <span class='ocrx_word' id='word_1_439' title='bbox 3311 1520 3364 1571; x_wconf 79' lang='grc' dir='ltr'><strong>οἱ</strong></span> <span class='ocrx_word' id='word_1_440' title='bbox 3398 1533 3592 1570; x_wconf 83' lang='grc' dir='ltr'>κατα·-</span> 
     </span>
    </p>
   </div>
   <div class='ocr_carea' id='block_1_55' title="bbox 1996 1609 3594 1686">
    <p class='ocr_par' dir='ltr' id='par_1_55' title="bbox 1996 1609 3594 1686">
     <span class='ocr_line' id='line_1_55' title="bbox 1996 1609 3594 1686; baseline -0.005 -15"><span class='ocrx_word' id='word_1_441' title='bbox 1996 1617 2345 1686; x_wconf 73' lang='grc' dir='ltr'>λειφθέντες</span> <span class='ocrx_word' id='word_1_442' title='bbox 2369 1616 2901 1685; x_wconf 75' lang='grc' dir='ltr'>πληθυνθήσονται</span> <span class='ocrx_word' id='word_1_443' title='bbox 2930 1612 3030 1667; x_wconf 79' lang='grc' dir='ltr'><strong>ἐπὶ</strong></span> <span class='ocrx_word' id='word_1_444' title='bbox 3055 1610 3168 1680; x_wconf 84' lang='grc' dir='ltr'>τῆς</span> <span class='ocrx_word' id='word_1_445' title='bbox 3190 1610 3322 1682; x_wconf 74' lang='grc' dir='ltr'>γῆς,</span> <span class='ocrx_word' id='word_1_446' title='bbox 3352 1611 3464 1665; x_wconf 81' lang='grc' dir='ltr'><strong>Καὶ</strong></span> <span class='ocrx_word' id='word_1_447' title='bbox 3493 1609 3594 1663; x_wconf 79' lang='grc' dir='ltr'>ἔτι</span> 
     </span>
    </p>
   </div>
   <div class='ocr_carea' id='block_1_56' title="bbox 1995 1699 3593 1774">
    <p class='ocr_par' dir='ltr' id='par_1_56' title="bbox 1995 1699 3593 1774">
     <span class='ocr_line' id='line_1_56' title="bbox 1995 1699 3593 1774; baseline -0.004 -14"><span class='ocrx_word' id='word_1_448' title='bbox 1995 1707 2090 1761; x_wconf 81' lang='grc' dir='ltr'><strong>ἐπ’</strong></span> <span class='ocrx_word' id='word_1_449' title='bbox 2117 1706 2309 1774; x_wconf 83' lang='grc' dir='ltr'>αὐτῆς</span> <span class='ocrx_word' id='word_1_450' title='bbox 2338 1706 2470 1760; x_wconf 83' lang='grc' dir='ltr'>ἐστι</span> <span class='ocrx_word' id='word_1_451' title='bbox 2520 1706 2587 1759; x_wconf 80' lang='grc' dir='ltr'><em>τὸ</em></span> <span class='ocrx_word' id='word_1_452' title='bbox 2630 1703 2982 1758; x_wconf 72' lang='grc' dir='ltr'><strong>ἐπιδέκατον</strong></span> <span class='ocrx_word' id='word_1_453' title='bbox 3002 1719 3016 1732; x_wconf 93' lang='grc'>·</span> <span class='ocrx_word' id='word_1_454' title='bbox 3057 1701 3155 1755; x_wconf 82' lang='grc' dir='ltr'><strong>καὶ</strong></span> <span class='ocrx_word' id='word_1_455' title='bbox 3194 1699 3382 1754; x_wconf 77' lang='grc' dir='ltr'>πάλιν</span> <span class='ocrx_word' id='word_1_456' title='bbox 3408 1701 3593 1754; x_wconf 81' lang='grc' dir='ltr'>ἔσται</span> 
     </span>
    </p>
   </div>
   <div class='ocr_carea' id='block_1_57' title="bbox 1995 1790 3590 1868">
    <p class='ocr_par' dir='ltr' id='par_1_57' title="bbox 1995 1790 3590 1868">
     <span class='ocr_line' id='line_1_57' title="bbox 1995 1790 3590 1868; baseline -0.005 -16"><span class='ocrx_word' id='word_1_457' title='bbox 1995 1803 2082 1865; x_wconf 87' lang='grc' dir='ltr'>εὶς</span> <span class='ocrx_word' id='word_1_458' title='bbox 2128 1798 2459 1868; x_wconf 76' lang='grc' dir='ltr'>προνομὴν,</span> <span class='ocrx_word' id='word_1_459' title='bbox 2512 1798 2593 1863; x_wconf 84' lang='grc' dir='ltr'>ὡς</span> <span class='ocrx_word' id='word_1_460' title='bbox 2622 1796 2977 1864; x_wconf 78' lang='grc' dir='ltr'>τερέϐινθος,</span> <span class='ocrx_word' id='word_1_461' title='bbox 3022 1793 3119 1848; x_wconf 77' lang='grc' dir='ltr'><strong>καὶ</strong></span> <span class='ocrx_word' id='word_1_462' title='bbox 3165 1794 3246 1859; x_wconf 88' lang='grc' dir='ltr'>ὡς</span> <span class='ocrx_word' id='word_1_463' title='bbox 3279 1790 3590 1858; x_wconf 76' lang='grc' dir='ltr'><strong>βάλανος,</strong></span> 
     </span>
    </p>
   </div>
   <div class='ocr_carea' id='block_1_58' title="bbox 1996 1882 3592 1959">
    <p class='ocr_par' dir='ltr' id='par_1_58' title="bbox 1996 1882 3592 1959">
     <span class='ocr_line' id='line_1_58' title="bbox 1996 1882 3592 1959; baseline -0.007 -14"><span class='ocrx_word' id='word_1_464' title='bbox 1996 1892 2144 1945; x_wconf 79' lang='grc' dir='ltr'>ὅταν</span> <span class='ocrx_word' id='word_1_465' title='bbox 2175 1890 2404 1959; x_wconf 78' lang='grc' dir='ltr'><strong>ἐκπέσῃ</strong></span> <span class='ocrx_word' id='word_1_466' title='bbox 2426 1888 2495 1943; x_wconf 85' lang='grc' dir='ltr'><strong>ἐκ</strong></span> <span class='ocrx_word' id='word_1_467' title='bbox 2524 1887 2632 1956; x_wconf 84' lang='grc' dir='ltr'>τῆς</span> <span class='ocrx_word' id='word_1_468' title='bbox 2668 1886 2857 1954; x_wconf 83' lang='grc' dir='ltr'><strong>θήκης</strong></span> <span class='ocrx_word' id='word_1_469' title='bbox 2884 1883 3091 1952; x_wconf 82' lang='grc' dir='ltr'>αὐτῆς.</span> <span class='ocrx_word' id='word_1_470' title='bbox 3125 1884 3364 1953; x_wconf 79' lang='grc' dir='ltr'><strong>Σπέρμα</strong></span> <span class='ocrx_word' id='word_1_471' title='bbox 3385 1882 3592 1953; x_wconf 71' lang='grc' dir='ltr'>ἅγιον,</span> 
     </span>
    </p>
   </div>
   <div class='ocr_carea' id='block_1_59' title="bbox 1997 1974 3595 2053">
    <p class='ocr_par' dir='ltr' id='par_1_59' title="bbox 1997 1974 3595 2053">
     <span class='ocr_line' id='line_1_59' title="bbox 1997 1974 3595 2053; baseline -0.01 -13"><span class='ocrx_word' id='word_1_472' title='bbox 1997 1986 2064 2040; x_wconf 86' lang='grc' dir='ltr'><strong>τὸ</strong></span> <span class='ocrx_word' id='word_1_473' title='bbox 2103 1984 2390 2053; x_wconf 77' lang='grc' dir='ltr'>στήλωμα</span> <span class='ocrx_word' id='word_1_474' title='bbox 2436 1980 2646 2049; x_wconf 80' lang='grc' dir='ltr'>αὐτῆς.</span> <span class='ocrx_word' id='word_1_475' title='bbox 2691 1978 2909 2048; x_wconf 78' lang='grc' dir='ltr'>Ἐπειδὴ</span> <span class='ocrx_word' id='word_1_476' title='bbox 2964 1974 3266 2047; x_wconf 83' lang='grc' dir='ltr'>σκυθρωπὰ</span> <span class='ocrx_word' id='word_1_477' title='bbox 3295 1975 3363 2028; x_wconf 83' lang='grc' dir='ltr'>τὰ</span> <span class='ocrx_word' id='word_1_478' title='bbox 3389 1975 3595 2045; x_wconf 75' lang='grc' dir='ltr'>διηγηο</span> 
     </span>
    </p>
   </div>
   <div class='ocr_carea' id='block_1_60' title="bbox 1998 2065 3604 2147">
    <p class='ocr_par' dir='ltr' id='par_1_60' title="bbox 1998 2065 3604 2147">
     <span class='ocr_line' id='line_1_60' title="bbox 1998 2065 3604 2147; baseline -0.009 -16"><span class='ocrx_word' id='word_1_479' title='bbox 1998 2077 2158 2130; x_wconf 86' lang='grc' dir='ltr'>θέντα</span> <span class='ocrx_word' id='word_1_480' title='bbox 2188 2071 2254 2147; x_wconf 82' lang='grc' dir='ltr'>ἦν</span> <span class='ocrx_word' id='word_1_481' title='bbox 2282 2074 2434 2145; x_wconf 71' lang='grc' dir='ltr'>παρὰ</span> <span class='ocrx_word' id='word_1_482' title='bbox 2470 2071 2565 2125; x_wconf 83' lang='grc' dir='ltr'><strong>τοῦ</strong></span> <span class='ocrx_word' id='word_1_483' title='bbox 2600 2069 2827 2142; x_wconf 82' lang='grc' dir='ltr'>Κυρίου,</span> <span class='ocrx_word' id='word_1_484' title='bbox 2857 2067 3235 2139; x_wconf 83' lang='grc' dir='ltr'>ἀπαραίτητον</span> <span class='ocrx_word' id='word_1_485' title='bbox 3265 2065 3363 2137; x_wconf 80' lang='grc' dir='ltr'>τὴν</span> <span class='ocrx_word' id='word_1_486' title='bbox 3398 2065 3604 2135; x_wconf 80' lang='grc' dir='ltr'>κρίσιν-</span> 
     </span>
    </p>
   </div>
   <div class='ocr_carea' id='block_1_61' title="bbox 1999 2152 3599 2241">
    <p class='ocr_par' dir='ltr' id='par_1_61' title="bbox 1999 2152 3599 2241">
     <span class='ocr_line' id='line_1_61' title="bbox 1999 2152 3599 2241; baseline -0.008 -18"><span class='ocrx_word' id='word_1_487' title='bbox 1999 2169 2323 2241; x_wconf 83' lang='grc' dir='ltr'>ἠγούμενος,</span> <span class='ocrx_word' id='word_1_488' title='bbox 2363 2166 2455 2220; x_wconf 84' lang='grc' dir='ltr'><strong>τὸν</strong></span> <span class='ocrx_word' id='word_1_489' title='bbox 2489 2163 2621 2233; x_wconf 80' lang='grc' dir='ltr'>γοῦν</span> <span class='ocrx_word' id='word_1_490' title='bbox 2650 2162 2840 2234; x_wconf 87' lang='grc' dir='ltr'>χρόνον</span> <span class='ocrx_word' id='word_1_491' title='bbox 2870 2161 3034 2224; x_wconf 83' lang='grc' dir='ltr'>πόσος</span> <span class='ocrx_word' id='word_1_492' title='bbox 3059 2160 3230 2223; x_wconf 72' lang='grc' dir='ltr'>ἐστὶν,</span> <span class='ocrx_word' id='word_1_493' title='bbox 3261 2162 3320 2212; x_wconf 81' lang='grc' dir='ltr'>ὲν</span> <span class='ocrx_word' id='word_1_494' title='bbox 3343 2152 3388 2227; x_wconf 82' lang='grc' dir='ltr'>ᾧ</span> <span class='ocrx_word' id='word_1_495' title='bbox 3416 2161 3450 2230; x_wconf 84' lang='grc' dir='ltr'>ἡ</span> <span class='ocrx_word' id='word_1_496' title='bbox 3477 2176 3599 2211; x_wconf 80' lang='grc' dir='ltr'>κα·-</span> 
     </span>
    </p>
   </div>
   <div class='ocr_carea' id='block_1_62' title="bbox 1998 2248 3591 2329">
    <p class='ocr_par' dir='ltr' id='par_1_62' title="bbox 1998 2248 3591 2329">
     <span class='ocr_line' id='line_1_62' title="bbox 1998 2248 3591 2329; baseline -0.008 -16"><span class='ocrx_word' id='word_1_497' title='bbox 1998 2260 2191 2329; x_wconf 82' lang='grc' dir='ltr'>ταδίκη</span> <span class='ocrx_word' id='word_1_498' title='bbox 2241 2258 2425 2319; x_wconf 78' lang='grc' dir='ltr'>αὐτοῖς</span> <span class='ocrx_word' id='word_1_499' title='bbox 2453 2254 2590 2327; x_wconf 72' lang='grc' dir='ltr'>αὕτη</span> <span class='ocrx_word' id='word_1_500' title='bbox 2629 2252 3032 2323; x_wconf 84' lang='grc' dir='ltr'>ὲπιτεθήσεται,</span> <span class='ocrx_word' id='word_1_501' title='bbox 3065 2250 3209 2317; x_wconf 78' lang='grc' dir='ltr'>ἀξιοῖ</span> <span class='ocrx_word' id='word_1_502' title='bbox 3245 2248 3591 2320; x_wconf 81' lang='grc' dir='ltr'>διδαχθῆναι.</span> 
     </span>
    </p>
   </div>
   <div class='ocr_carea' id='block_1_63' title="bbox 2002 2334 3597 2416">
    <p class='ocr_par' dir='ltr' id='par_1_63' title="bbox 2002 2334 3597 2416">
     <span class='ocr_line' id='line_1_63' title="bbox 2002 2334 3597 2416; baseline -0.006 -15"><span class='ocrx_word' id='word_1_503' title='bbox 2002 2346 2198 2416; x_wconf 77' lang='grc' dir='ltr'>Σαφῶς</span> <span class='ocrx_word' id='word_1_504' title='bbox 2230 2344 2403 2399; x_wconf 76' lang='grc' dir='ltr'>ταῦτα</span> <span class='ocrx_word' id='word_1_505' title='bbox 2436 2343 2530 2396; x_wconf 77' lang='grc' dir='ltr'><strong>ἐπὶ</strong></span> <span class='ocrx_word' id='word_1_506' title='bbox 2565 2342 2691 2405; x_wconf 76' lang='grc' dir='ltr'>τοὺς</span> <span class='ocrx_word' id='word_1_507' title='bbox 2725 2339 2950 2411; x_wconf 81' lang='grc' dir='ltr'>χρόνους</span> <span class='ocrx_word' id='word_1_508' title='bbox 2983 2338 3084 2409; x_wconf 83' lang='grc' dir='ltr'>τῆς</span> <span class='ocrx_word' id='word_1_509' title='bbox 3137 2334 3453 2406; x_wconf 80' lang='grc' dir='ltr'>Ῥωμαῖκῆς</span> <span class='ocrx_word' id='word_1_510' title='bbox 3497 2335 3597 2391; x_wconf 80' lang='grc' dir='ltr'>δυ-</span> 
     </span>
    </p>
   </div>
   <div class='ocr_carea' id='block_1_64' title="bbox 2000 2424 3594 2504">
    <p class='ocr_par' dir='ltr' id='par_1_64' title="bbox 2000 2424 3594 2504">
     <span class='ocr_line' id='line_1_64' title="bbox 2000 2424 3594 2504; baseline -0.011 -10"><span class='ocrx_word' id='word_1_511' title='bbox 2000 2440 2249 2502; x_wconf 82' lang='grc' dir='ltr'>ναστείας</span> <span class='ocrx_word' id='word_1_512' title='bbox 2277 2437 2464 2490; x_wconf 80' lang='grc' dir='ltr'>λοιπὸν</span> <span class='ocrx_word' id='word_1_513' title='bbox 2496 2434 2852 2504; x_wconf 77' lang='grc' dir='ltr'>ἀναφέρεται.</span> <span class='ocrx_word' id='word_1_514' title='bbox 2890 2430 3047 2486; x_wconf 82' lang='grc' dir='ltr'><strong>Μετά</strong></span> <span class='ocrx_word' id='word_1_515' title='bbox 3072 2429 3182 2499; x_wconf 81' lang='grc' dir='ltr'><strong>γὰρ</strong></span> <span class='ocrx_word' id='word_1_516' title='bbox 3212 2428 3274 2481; x_wconf 82' lang='grc' dir='ltr'><strong>τὸ</strong></span> <span class='ocrx_word' id='word_1_517' title='bbox 3308 2427 3384 2498; x_wconf 85' lang='grc' dir='ltr'><strong>μὴ</strong></span> <span class='ocrx_word' id='word_1_518' title='bbox 3415 2424 3594 2479; x_wconf 74' lang='grc' dir='ltr'>ἀκοῦ-</span> 
     </span>
    </p>
   </div>
   <div class='ocr_carea' id='block_1_65' title="bbox 2004 2516 3594 2600">
    <p class='ocr_par' dir='ltr' id='par_1_65' title="bbox 2004 2516 3594 2600">
     <span class='ocr_line' id='line_1_65' title="bbox 2004 2516 3594 2600; baseline -0.011 -15"><span class='ocrx_word' id='word_1_519' title='bbox 2004 2550 2089 2585; x_wconf 86' lang='grc' dir='ltr'><strong>σαι</strong></span> <span class='ocrx_word' id='word_1_520' title='bbox 2116 2530 2223 2584; x_wconf 83' lang='grc' dir='ltr'>τῶν</span> <span class='ocrx_word' id='word_1_521' title='bbox 2250 2527 2510 2600; x_wconf 82' lang='grc' dir='ltr'><strong>ῥημάτων</strong></span> <span class='ocrx_word' id='word_1_522' title='bbox 2531 2524 2625 2577; x_wconf 79' lang='grc' dir='ltr'><strong>τοῦ</strong></span> <span class='ocrx_word' id='word_1_523' title='bbox 2653 2524 2881 2594; x_wconf 80' lang='grc' dir='ltr'><strong>Κυρίου,</strong></span> <span class='ocrx_word' id='word_1_524' title='bbox 2909 2521 3002 2575; x_wconf 74' lang='grc' dir='ltr'>καὶ</span> <span class='ocrx_word' id='word_1_525' title='bbox 3031 2519 3105 2591; x_wconf 78' lang='grc' dir='ltr'>μὴ</span> <span class='ocrx_word' id='word_1_526' title='bbox 3134 2518 3359 2589; x_wconf 80' lang='grc' dir='ltr'>θελῆσαι</span> <span class='ocrx_word' id='word_1_527' title='bbox 3391 2516 3594 2569; x_wconf 75' lang='grc' dir='ltr'><strong>ἐνιδεῖν</strong></span> 
     </span>
    </p>
   </div>
   <div class='ocr_carea' id='block_1_66' title="bbox 2000 2607 3597 2694">
    <p class='ocr_par' dir='ltr' id='par_1_66' title="bbox 2000 2607 3597 2694">
     <span class='ocr_line' id='line_1_66' title="bbox 2000 2607 3597 2694; baseline -0.011 -16"><span class='ocrx_word' id='word_1_528' title='bbox 2000 2623 2299 2694; x_wconf 59' lang='grc' dir='ltr'>ὀφθαλμοῖς</span> <span class='ocrx_word' id='word_1_529' title='bbox 2345 2616 2652 2688; x_wconf 81' lang='grc' dir='ltr'>εὐγνώμοσι</span> <span class='ocrx_word' id='word_1_530' title='bbox 2693 2613 2765 2668; x_wconf 75' lang='grc' dir='ltr'>τὰ</span> <span class='ocrx_word' id='word_1_531' title='bbox 2797 2612 2940 2685; x_wconf 81' lang='grc' dir='ltr'>ὑπὲρ</span> <span class='ocrx_word' id='word_1_532' title='bbox 2974 2610 3260 2682; x_wconf 84' lang='grc' dir='ltr'>ἄνθρωπον</span> <span class='ocrx_word' id='word_1_533' title='bbox 3293 2607 3459 2662; x_wconf 81' lang='grc' dir='ltr'>αὐτοῦ</span> <span class='ocrx_word' id='word_1_534' title='bbox 3498 2623 3597 2660; x_wconf 81' lang='grc' dir='ltr'>τε·</span> 
     </span>
    </p>
   </div>
   <div class='ocr_carea' id='block_1_67' title="bbox 2004 2699 3596 2789">
    <p class='ocr_par' dir='ltr' id='par_1_67' title="bbox 2004 2699 3596 2789">
     <span class='ocr_line' id='line_1_67' title="bbox 2004 2699 3596 2789; baseline -0.013 -18"><span class='ocrx_word' id='word_1_535' title='bbox 2004 2717 2222 2789; x_wconf 76' lang='grc' dir='ltr'>ράστια,</span> <span class='ocrx_word' id='word_1_536' title='bbox 2258 2709 2635 2784; x_wconf 74' lang='grc' dir='ltr'><strong>ἠρημώθησαν</strong></span> <span class='ocrx_word' id='word_1_537' title='bbox 2671 2710 2726 2761; x_wconf 79' lang='grc' dir='ltr'>αἱ</span> <span class='ocrx_word' id='word_1_538' title='bbox 2756 2706 2961 2771; x_wconf 79' lang='grc' dir='ltr'>πόλεις,</span> <span class='ocrx_word' id='word_1_539' title='bbox 2993 2702 3144 2774; x_wconf 77' lang='grc' dir='ltr'>παρὰ</span> <span class='ocrx_word' id='word_1_540' title='bbox 3186 2701 3246 2755; x_wconf 71' lang='grc' dir='ltr'>τὸ</span> <span class='ocrx_word' id='word_1_541' title='bbox 3292 2699 3367 2772; x_wconf 83' lang='grc' dir='ltr'>μὴ</span> <span class='ocrx_word' id='word_1_542' title='bbox 3395 2716 3596 2754; x_wconf 73' lang='grc' dir='ltr'>κατοιο</span> 
     </span>
    </p>
   </div>
   <div class='ocr_carea' id='block_1_68' title="bbox 2001 2790 3675 2871">
    <p class='ocr_par' dir='ltr' id='par_1_68' title="bbox 2001 2790 3675 2871">
     <span class='ocr_line' id='line_1_68' title="bbox 2001 2790 3675 2871; baseline -0.011 -10"><span class='ocrx_word' id='word_1_543' title='bbox 2001 2806 2239 2870; x_wconf 88' lang='grc' dir='ltr'>κεῖσθαι,</span> <span class='ocrx_word' id='word_1_544' title='bbox 2267 2805 2362 2858; x_wconf 75' lang='grc' dir='ltr'>καὶ</span> <span class='ocrx_word' id='word_1_545' title='bbox 2392 2798 2550 2865; x_wconf 70' lang='grc' dir='ltr'>οἴκοι,</span> <span class='ocrx_word' id='word_1_546' title='bbox 2580 2798 2733 2871; x_wconf 87' lang='grc' dir='ltr'>παρὰ</span> <span class='ocrx_word' id='word_1_547' title='bbox 2764 2797 2825 2850; x_wconf 84' lang='grc' dir='ltr'><strong>τὸ</strong></span> <span class='ocrx_word' id='word_1_548' title='bbox 2855 2797 2929 2867; x_wconf 84' lang='grc' dir='ltr'>μὴ</span> <span class='ocrx_word' id='word_1_549' title='bbox 2959 2792 3100 2848; x_wconf 78' lang='grc' dir='ltr'>εἶναι</span> <span class='ocrx_word' id='word_1_550' title='bbox 3121 2790 3467 2864; x_wconf 73' lang='grc' dir='ltr'>ἀνθρώπους,</span> <span class='ocrx_word' id='word_1_551' title='bbox 3490 2792 3596 2846; x_wconf 80' lang='grc' dir='ltr'>καὶ</span> <span class='ocrx_word' id='word_1_552' title='bbox 3668 2816 3675 2821; x_wconf 83' lang='lat'><strong>-</strong></span> 
     </span>
    </p>
   </div>
   <div class='ocr_carea' id='block_1_69' title="bbox 2002 2882 3603 2965">
    <p class='ocr_par' dir='ltr' id='par_1_69' title="bbox 2002 2882 3603 2965">
     <span class='ocr_line' id='line_1_69' title="bbox 2002 2882 3603 2965; baseline -0.008 -18"><span class='ocrx_word' id='word_1_553' title='bbox 2002 2897 2035 2965; x_wconf 80' lang='grc' dir='ltr'><strong>ἡ</strong></span> <span class='ocrx_word' id='word_1_554' title='bbox 2061 2894 2132 2965; x_wconf 86' lang='grc' dir='ltr'>γῆ</span> <span class='ocrx_word' id='word_1_555' title='bbox 2163 2889 2491 2960; x_wconf 79' lang='grc' dir='ltr'>κατελείφθη</span> <span class='ocrx_word' id='word_1_556' title='bbox 2514 2888 2739 2960; x_wconf 83' lang='grc' dir='ltr'>ἔρημος,</span> <span class='ocrx_word' id='word_1_557' title='bbox 2758 2884 2903 2955; x_wconf 85' lang='grc' dir='ltr'>λιμῷ</span> <span class='ocrx_word' id='word_1_558' title='bbox 2923 2885 3019 2937; x_wconf 77' lang='grc' dir='ltr'><strong>καὶ</strong></span> <span class='ocrx_word' id='word_1_559' title='bbox 3043 2884 3243 2952; x_wconf 79' lang='grc' dir='ltr'><strong>φυγαῖς</strong></span> <span class='ocrx_word' id='word_1_560' title='bbox 3263 2882 3359 2935; x_wconf 74' lang='grc' dir='ltr'><strong>καὶ</strong></span> <span class='ocrx_word' id='word_1_561' title='bbox 3383 2883 3603 2953; x_wconf 79' lang='grc' dir='ltr'>αἰχμα-</span> 
     </span>
    </p>
   </div>
   <div class='ocr_carea' id='block_1_70' title="bbox 2001 2972 3595 3055">
    <p class='ocr_par' dir='ltr' id='par_1_70' title="bbox 2001 2972 3595 3055">
     <span class='ocr_line' id='line_1_70' title="bbox 2001 2972 3595 3055; baseline -0.009 -17"><span class='ocrx_word' id='word_1_562' title='bbox 2001 2984 2174 3055; x_wconf 66' lang='grc' dir='ltr'>λωσίᾳ</span> <span class='ocrx_word' id='word_1_563' title='bbox 2200 2982 2309 3036; x_wconf 84' lang='grc' dir='ltr'><strong>τῶν</strong></span> <span class='ocrx_word' id='word_1_564' title='bbox 2331 2979 2633 3052; x_wconf 79' lang='grc' dir='ltr'>οἰκητόρων</span> <span class='ocrx_word' id='word_1_565' title='bbox 2663 2973 3103 3030; x_wconf 85' lang='grc' dir='ltr'>θανατωθέντων.</span> <span class='ocrx_word' id='word_1_566' title='bbox 3136 2973 3210 3025; x_wconf 87' lang='grc' dir='ltr'><strong>Τὸ</strong></span> <span class='ocrx_word' id='word_1_567' title='bbox 3234 2972 3291 3025; x_wconf 83' lang='grc' dir='ltr'>δὲ</span> <span class='ocrx_word' id='word_1_568' title='bbox 3318 2973 3595 3042; x_wconf 80' lang='grc' dir='ltr'>ἐπαγόμε-</span> 
     </span>
    </p>
   </div>
   <div class='ocr_carea' id='block_1_71' title="bbox 1996 3062 3597 3139">
    <p class='ocr_par' dir='ltr' id='par_1_71' title="bbox 1996 3062 3597 3139">
     <span class='ocr_line' id='line_1_71' title="bbox 1996 3062 3597 3139; baseline -0.01 -8"><span class='ocrx_word' id='word_1_569' title='bbox 1996 3094 2106 3139; x_wconf 88' lang='grc' dir='ltr'>νον,</span> <span class='ocrx_word' id='word_1_570' title='bbox 2138 3076 2221 3129; x_wconf 85' lang='grc' dir='ltr'>ὄτι</span> <span class='ocrx_word' id='word_1_571' title='bbox 2249 3073 2412 3128; x_wconf 83' lang='grc' dir='ltr'><strong>Μετὰ</strong></span> <span class='ocrx_word' id='word_1_572' title='bbox 2434 3070 2622 3125; x_wconf 82' lang='grc' dir='ltr'>ταῦτα</span> <span class='ocrx_word' id='word_1_573' title='bbox 2642 3064 2935 3138; x_wconf 81' lang='grc' dir='ltr'>μακρυνεῖ</span> <span class='ocrx_word' id='word_1_574' title='bbox 2960 3068 2993 3119; x_wconf 83' lang='grc' dir='ltr'><em>ὁ</em></span> <span class='ocrx_word' id='word_1_575' title='bbox 3023 3063 3169 3130; x_wconf 85' lang='grc' dir='ltr'><strong>Θεὸς</strong></span> <span class='ocrx_word' id='word_1_576' title='bbox 3192 3062 3337 3128; x_wconf 87' lang='grc' dir='ltr'>τοὺς</span> <span class='ocrx_word' id='word_1_577' title='bbox 3360 3062 3597 3130; x_wconf 79' lang='grc' dir='ltr'>ἀνθρώ-</span> 
     </span>
    </p>
   </div>
   <div class='ocr_carea' id='block_1_72' title="bbox 1997 3154 3597 3236">
    <p class='ocr_par' dir='ltr' id='par_1_72' title="bbox 1997 3154 3597 3236">
     <span class='ocr_line' id='line_1_72' title="bbox 1997 3154 3597 3236; baseline -0.009 -15"><span class='ocrx_word' id='word_1_578' title='bbox 1997 3184 2171 3233; x_wconf 81' lang='grc' dir='ltr'>πους,</span> <span class='ocrx_word' id='word_1_579' title='bbox 2206 3162 2574 3236; x_wconf 74' lang='grc' dir='ltr'>ἀναφέρεσθαι</span> <span class='ocrx_word' id='word_1_580' title='bbox 2617 3178 2708 3232; x_wconf 90' lang='grc' dir='ltr'><strong>μοι</strong></span> <span class='ocrx_word' id='word_1_581' title='bbox 2740 3160 2887 3213; x_wconf 87' lang='grc' dir='ltr'>δοκεῖ</span> <span class='ocrx_word' id='word_1_582' title='bbox 2912 3156 3006 3210; x_wconf 75' lang='grc' dir='ltr'>ἐπὶ</span> <span class='ocrx_word' id='word_1_583' title='bbox 3035 3156 3135 3228; x_wconf 82' lang='grc' dir='ltr'>τὴν</span> <span class='ocrx_word' id='word_1_584' title='bbox 3160 3154 3270 3209; x_wconf 83' lang='grc' dir='ltr'>τῶν</span> <span class='ocrx_word' id='word_1_585' title='bbox 3315 3154 3597 3208; x_wconf 83' lang='grc' dir='ltr'>Ἰουδαίων</span> 
     </span>
    </p>
   </div>
   <div class='ocr_carea' id='block_1_73' title="bbox 1997 3244 3601 3323">
    <p class='ocr_par' dir='ltr' id='par_1_73' title="bbox 1997 3244 3601 3323">
     <span class='ocr_line' id='line_1_73' title="bbox 1997 3244 3601 3323; baseline -0.007 -13"><span class='ocrx_word' id='word_1_586' title='bbox 1997 3257 2106 3310; x_wconf 83' lang='grc' dir='ltr'>ἀπὸ</span> <span class='ocrx_word' id='word_1_587' title='bbox 2132 3255 2228 3310; x_wconf 79' lang='grc' dir='ltr'>τοῦ</span> <span class='ocrx_word' id='word_1_588' title='bbox 2256 3254 2394 3309; x_wconf 84' lang='grc' dir='ltr'>Θεοῦ</span> <span class='ocrx_word' id='word_1_589' title='bbox 2424 3252 2801 3323; x_wconf 77' lang='grc' dir='ltr'>ἀλλοτρίωσιν,</span> <span class='ocrx_word' id='word_1_590' title='bbox 2838 3244 2920 3313; x_wconf 75' lang='grc' dir='ltr'>οἷς</span> <span class='ocrx_word' id='word_1_591' title='bbox 2950 3246 3061 3319; x_wconf 80' lang='lat'><strong>(&#39;57)</strong></span> <span class='ocrx_word' id='word_1_592' title='bbox 3100 3247 3206 3301; x_wconf 75' lang='grc' dir='ltr'>ἀπὸ</span> <span class='ocrx_word' id='word_1_593' title='bbox 3238 3248 3440 3318; x_wconf 83' lang='grc' dir='ltr'>μέρους</span> <span class='ocrx_word' id='word_1_594' title='bbox 3467 3246 3601 3316; x_wconf 81' lang='grc' dir='ltr'>ἐγέ-</span> 
     </span>
    </p>
   </div>
   <div class='ocr_carea' id='block_1_74' title="bbox 1996 3338 3590 3420">
    <p class='ocr_par' dir='ltr' id='par_1_74' title="bbox 1996 3338 3590 3420">
     <span class='ocr_line' id='line_1_74' title="bbox 1996 3338 3590 3420; baseline -0.008 -17"><span class='ocrx_word' id='word_1_595' title='bbox 1996 3366 2116 3403; x_wconf 87' lang='grc' dir='ltr'>νετο</span> <span class='ocrx_word' id='word_1_596' title='bbox 2157 3347 2437 3420; x_wconf 83' lang='grc' dir='ltr'>πώρωσις,</span> <span class='ocrx_word' id='word_1_597' title='bbox 2474 3346 2561 3399; x_wconf 79' lang='grc' dir='ltr'><strong>ἵνα</strong></span> <span class='ocrx_word' id='word_1_598' title='bbox 2588 3344 2651 3397; x_wconf 83' lang='grc' dir='ltr'><strong>τὸ</strong></span> <span class='ocrx_word' id='word_1_599' title='bbox 2675 3342 2952 3414; x_wconf 84' lang='grc' dir='ltr'>πλήρωμα</span> <span class='ocrx_word' id='word_1_600' title='bbox 2994 3339 3104 3393; x_wconf 81' lang='grc' dir='ltr'><strong>τῶν</strong></span> <span class='ocrx_word' id='word_1_601' title='bbox 3145 3338 3316 3393; x_wconf 79' lang='grc' dir='ltr'>ἐθνῶν</span> <span class='ocrx_word' id='word_1_602' title='bbox 3344 3338 3590 3411; x_wconf 78' lang='grc' dir='ltr'><strong>εἰσέλθῃ.</strong></span> 
     </span>
    </p>
   </div>
   <div class='ocr_carea' id='block_1_75' title="bbox 2009 3429 3599 3505">
    <p class='ocr_par' dir='ltr' id='par_1_75' title="bbox 2009 3429 3599 3505">
     <span class='ocr_line' id='line_1_75' title="bbox 2009 3429 3599 3505; baseline -0.008 -8"><span class='ocrx_word' id='word_1_603' title='bbox 2009 3442 2168 3497; x_wconf 85' lang='grc' dir='ltr'>Ἀλλὰ</span> <span class='ocrx_word' id='word_1_604' title='bbox 2191 3440 2300 3495; x_wconf 82' lang='grc' dir='ltr'><strong>Καὶ</strong></span> <span class='ocrx_word' id='word_1_605' title='bbox 2325 3442 2380 3494; x_wconf 75' lang='grc' dir='ltr'><strong>οἱ</strong></span> <span class='ocrx_word' id='word_1_606' title='bbox 2408 3434 2924 3505; x_wconf 66' lang='grc' dir='ltr'><strong>καταλειφθέντες,</strong></span> <span class='ocrx_word' id='word_1_607' title='bbox 2950 3433 3104 3504; x_wconf 77' lang='grc' dir='ltr'>φησὶ,</span> <span class='ocrx_word' id='word_1_608' title='bbox 3128 3429 3599 3500; x_wconf 55' lang='grc' dir='ltr'>πληθυνθήσονε</span> 
     </span>
    </p>
   </div>
   <div class='ocr_carea' id='block_1_76' title="bbox 1997 3516 3596 3595">
    <p class='ocr_par' dir='ltr' id='par_1_76' title="bbox 1997 3516 3596 3595">
     <span class='ocr_line' id='line_1_76' title="bbox 1997 3516 3596 3595; baseline -0.01 -6"><span class='ocrx_word' id='word_1_609' title='bbox 1997 3551 2113 3588; x_wconf 85' lang='grc' dir='ltr'>ται.</span> <span class='ocrx_word' id='word_1_610' title='bbox 2138 3531 2294 3595; x_wconf 83' lang='grc' dir='ltr'>Τίνες</span> <span class='ocrx_word' id='word_1_611' title='bbox 2324 3526 2419 3584; x_wconf 79' lang='grc' dir='ltr'><strong>οὖν</strong></span> <span class='ocrx_word' id='word_1_612' title='bbox 2447 3530 2584 3581; x_wconf 73' lang='grc' dir='ltr'>εἰσιν</span> <span class='ocrx_word' id='word_1_613' title='bbox 2604 3521 2750 3581; x_wconf 78' lang='grc' dir='ltr'>οὗτοι</span> <span class='ocrx_word' id='word_1_614' title='bbox 2779 3542 2794 3590; x_wconf 89' lang='grc'>;</span> <span class='ocrx_word' id='word_1_615' title='bbox 2823 3526 2896 3578; x_wconf 84' lang='grc' dir='ltr'><strong>Ἦ</strong></span> <span class='ocrx_word' id='word_1_616' title='bbox 2921 3524 3049 3595; x_wconf 77' lang='grc' dir='ltr'>περὶ</span> <span class='ocrx_word' id='word_1_617' title='bbox 3076 3516 3151 3576; x_wconf 85' lang='grc' dir='ltr'>ὧν</span> <span class='ocrx_word' id='word_1_618' title='bbox 3176 3518 3327 3574; x_wconf 79' lang='grc' dir='ltr'>εἶπεν</span> <span class='ocrx_word' id='word_1_619' title='bbox 3357 3524 3386 3574; x_wconf 89' lang='grc' dir='ltr'>ὁ</span> <span class='ocrx_word' id='word_1_620' title='bbox 3428 3521 3596 3574; x_wconf 80' lang='grc' dir='ltr'><strong>’Λπό-</strong></span> 
     </span>
    </p>
   </div>
   <div class='ocr_carea' id='block_1_77' title="bbox 1999 3606 3593 3690">
    <p class='ocr_par' dir='ltr' id='par_1_77' title="bbox 1999 3606 3593 3690">
     <span class='ocr_line' id='line_1_77' title="bbox 1999 3606 3593 3690; baseline -0.009 -12"><span class='ocrx_word' id='word_1_621' title='bbox 1999 3606 2204 3687; x_wconf 80' lang='grc' dir='ltr'>στολος,</span> <span class='ocrx_word' id='word_1_622' title='bbox 2229 3625 2310 3677; x_wconf 78' lang='grc' dir='ltr'>ὅτι</span> <span class='ocrx_word' id='word_1_623' title='bbox 2333 3620 2560 3690; x_wconf 80' lang='grc' dir='ltr'>Λεῖμμα</span> <span class='ocrx_word' id='word_1_624' title='bbox 2592 3617 2719 3672; x_wconf 83' lang='grc' dir='ltr'>κατ’</span> <span class='ocrx_word' id='word_1_625' title='bbox 2752 3613 3019 3684; x_wconf 73' lang='grc' dir='ltr'>ἐκλογὴν</span> <span class='ocrx_word' id='word_1_626' title='bbox 3041 3612 3286 3681; x_wconf 80' lang='grc' dir='ltr'>χάριτος</span> <span class='ocrx_word' id='word_1_627' title='bbox 3315 3610 3593 3682; x_wconf 71' lang='grc' dir='ltr'>γέγονεν.</span> 
     </span>
    </p>
   </div>
   <div class='ocr_carea' id='block_1_78' title="bbox 1997 3703 3593 3784">
    <p class='ocr_par' dir='ltr' id='par_1_78' title="bbox 1997 3703 3593 3784">
     <span class='ocr_line' id='line_1_78' title="bbox 1997 3703 3593 3784; baseline -0.01 -13"><span class='ocrx_word' id='word_1_628' title='bbox 1997 3719 2193 3779; x_wconf 76' lang='grc' dir='ltr'>οἵτινες</span> <span class='ocrx_word' id='word_1_629' title='bbox 2216 3715 2309 3768; x_wconf 77' lang='grc' dir='ltr'><strong>καὶ</strong></span> <span class='ocrx_word' id='word_1_630' title='bbox 2335 3709 2804 3784; x_wconf 76' lang='grc' dir='ltr'>πληθυνθήσονται</span> <span class='ocrx_word' id='word_1_631' title='bbox 2832 3707 2925 3761; x_wconf 75' lang='grc' dir='ltr'><strong>ἐπὶ</strong></span> <span class='ocrx_word' id='word_1_632' title='bbox 2938 3706 3040 3776; x_wconf 79' lang='grc' dir='ltr'>τῆς</span> <span class='ocrx_word' id='word_1_633' title='bbox 3058 3705 3181 3775; x_wconf 82' lang='grc' dir='ltr'>γῆς,</span> <span class='ocrx_word' id='word_1_634' title='bbox 3201 3703 3281 3773; x_wconf 79' lang='grc' dir='ltr'>τῷ</span> <span class='ocrx_word' id='word_1_635' title='bbox 3307 3705 3390 3766; x_wconf 84' lang='grc' dir='ltr'>εἰς</span> <span class='ocrx_word' id='word_1_636' title='bbox 3406 3705 3593 3756; x_wconf 76' lang='grc' dir='ltr'>πᾶσαν</span> 
     </span>
    </p>
   </div>
   <div class='ocr_carea' id='block_1_79' title="bbox 2000 3792 3592 3876">
    <p class='ocr_par' dir='ltr' id='par_1_79' title="bbox 2000 3792 3592 3876">
     <span class='ocr_line' id='line_1_79' title="bbox 2000 3792 3592 3876; baseline -0.01 -17"><span class='ocrx_word' id='word_1_637' title='bbox 2000 3806 2112 3876; x_wconf 80' lang='grc'><strong>(58)</strong></span> <span class='ocrx_word' id='word_1_638' title='bbox 2146 3804 2247 3876; x_wconf 79' lang='grc' dir='ltr'><strong>τὴν</strong></span> <span class='ocrx_word' id='word_1_639' title='bbox 2273 3804 2378 3874; x_wconf 83' lang='grc' dir='ltr'><strong>γῆν</strong></span> <span class='ocrx_word' id='word_1_640' title='bbox 2406 3799 2592 3855; x_wconf 82' lang='grc' dir='ltr'>λοιπὸν</span> <span class='ocrx_word' id='word_1_641' title='bbox 2648 3794 2788 3853; x_wconf 79' lang='grc' dir='ltr'>εἶναι</span> <span class='ocrx_word' id='word_1_642' title='bbox 2848 3798 2975 3860; x_wconf 84' lang='grc' dir='ltr'>τοὺς</span> <span class='ocrx_word' id='word_1_643' title='bbox 3004 3794 3479 3867; x_wconf 86' lang='grc' dir='ltr'>μαθητευομένους</span> <span class='ocrx_word' id='word_1_644' title='bbox 3509 3792 3592 3864; x_wconf 81' lang='grc' dir='ltr'><strong>τῷ</strong></span> 
     </span>
    </p>
   </div>
   <div class='ocr_carea' id='block_1_80' title="bbox 1998 3885 3590 3966">
    <p class='ocr_par' dir='ltr' id='par_1_80' title="bbox 1998 3885 3590 3966">
     <span class='ocr_line' id='line_1_80' title="bbox 1998 3885 3590 3966; baseline -0.009 -16"><span class='ocrx_word' id='word_1_645' title='bbox 1998 3895 2316 3966; x_wconf 80' lang='grc' dir='ltr'>Εὑαγγελίῳ</span> <span class='ocrx_word' id='word_1_646' title='bbox 2340 3892 2452 3947; x_wconf 73' lang='grc' dir='ltr'><strong>τοῦ</strong></span> <span class='ocrx_word' id='word_1_647' title='bbox 2500 3890 2775 3964; x_wconf 81' lang='grc' dir='ltr'>Χριστοῦ;</span> <span class='ocrx_word' id='word_1_648' title='bbox 2814 3889 2881 3942; x_wconf 80' lang='grc' dir='ltr'><strong>Εἰ</strong></span> <span class='ocrx_word' id='word_1_649' title='bbox 2914 3887 3022 3958; x_wconf 83' lang='grc' dir='ltr'>γὰρ</span> <span class='ocrx_word' id='word_1_650' title='bbox 3056 3887 3150 3939; x_wconf 77' lang='grc' dir='ltr'><strong>καὶ</strong></span> <span class='ocrx_word' id='word_1_651' title='bbox 3188 3887 3291 3939; x_wconf 79' lang='grc' dir='ltr'><strong>οὐκ</strong></span> <span class='ocrx_word' id='word_1_652' title='bbox 3319 3885 3590 3954; x_wconf 74' lang='grc' dir='ltr'>ἐπέτυχεν</span> 
     </span>
    </p>
   </div>
   <div class='ocr_carea' id='block_1_81' title="bbox 1998 3974 3589 4055">
    <p class='ocr_par' dir='ltr' id='par_1_81' title="bbox 1998 3974 3589 4055">
     <span class='ocr_line' id='line_1_81' title="bbox 1998 3974 3589 4055; baseline -0.007 -16"><span class='ocrx_word' id='word_1_653' title='bbox 1998 3986 2027 4039; x_wconf 82' lang='grc' dir='ltr'>ὃ</span> <span class='ocrx_word' id='word_1_654' title='bbox 2056 3985 2309 4055; x_wconf 77' lang='grc' dir='ltr'>ἐπιζητεῖ</span> <span class='ocrx_word' id='word_1_655' title='bbox 2338 3984 2368 4036; x_wconf 88' lang='grc' dir='ltr'><strong>ὁ</strong></span> <span class='ocrx_word' id='word_1_656' title='bbox 2415 3984 2525 4047; x_wconf 76' lang='grc' dir='ltr'>πᾶς</span> <span class='ocrx_word' id='word_1_657' title='bbox 2568 3979 2813 4052; x_wconf 80' lang='grc' dir='ltr'>Ἰσραὴλ,</span> <span class='ocrx_word' id='word_1_658' title='bbox 2849 3978 2963 4032; x_wconf 75' lang='grc' dir='ltr'>ἀλλ’</span> <span class='ocrx_word' id='word_1_659' title='bbox 3012 3979 3046 4049; x_wconf 85' lang='grc' dir='ltr'>ἡ</span> <span class='ocrx_word' id='word_1_660' title='bbox 3089 3975 3289 4047; x_wconf 80' lang='grc' dir='ltr'>ἐκλογὴ</span> <span class='ocrx_word' id='word_1_661' title='bbox 3326 3974 3589 4045; x_wconf 77' lang='grc' dir='ltr'>ἐπέτυχε,</span> 
     </span>
    </p>
   </div>
   <div class='ocr_carea' id='block_1_82' title="bbox 2000 4065 3591 4148">
    <p class='ocr_par' dir='ltr' id='par_1_82' title="bbox 2000 4065 3591 4148">
     <span class='ocr_line' id='line_1_82' title="bbox 2000 4065 3591 4148; baseline -0.007 -18"><span class='ocrx_word' id='word_1_662' title='bbox 2000 4076 2128 4148; x_wconf 78' lang='grc' dir='ltr'>περὶ</span> <span class='ocrx_word' id='word_1_663' title='bbox 2155 4068 2230 4129; x_wconf 81' lang='grc' dir='ltr'>ὧν</span> <span class='ocrx_word' id='word_1_664' title='bbox 2266 4091 2399 4145; x_wconf 81' lang='grc' dir='ltr'>φησι</span> <span class='ocrx_word' id='word_1_665' title='bbox 2436 4071 2516 4144; x_wconf 80' lang='grc' dir='ltr'>τῷ</span> <span class='ocrx_word' id='word_1_666' title='bbox 2561 4071 2717 4143; x_wconf 73' lang='grc' dir='ltr'>Ἠλίᾳ</span> <span class='ocrx_word' id='word_1_667' title='bbox 2736 4087 2748 4099; x_wconf 87' lang='grc'><strong>·</strong></span> <span class='ocrx_word' id='word_1_668' title='bbox 2776 4068 3115 4124; x_wconf 74' lang='grc' dir='ltr'><strong>Κατέλιπον</strong></span> <span class='ocrx_word' id='word_1_669' title='bbox 3140 4065 3376 4136; x_wconf 78' lang='grc' dir='ltr'>ἐμαυτῷ</span> <span class='ocrx_word' id='word_1_670' title='bbox 3410 4067 3591 4120; x_wconf 76' lang='grc' dir='ltr'>ἑπτα-</span> 
     </span>
    </p>
   </div>
   <div class='ocr_carea' id='block_1_83' title="bbox 1999 4156 3590 4236">
    <p class='ocr_par' dir='ltr' id='par_1_83' title="bbox 1999 4156 3590 4236">
     <span class='ocr_line' id='line_1_83' title="bbox 1999 4156 3590 4236; baseline -0.008 -15"><span class='ocrx_word' id='word_1_671' title='bbox 1999 4167 2339 4236; x_wconf 76' lang='grc' dir='ltr'>κισχιλίους</span> <span class='ocrx_word' id='word_1_672' title='bbox 2359 4164 2604 4232; x_wconf 77' lang='grc' dir='ltr'>ἄνδρας,</span> <span class='ocrx_word' id='word_1_673' title='bbox 2629 4163 2846 4227; x_wconf 76' lang='grc' dir='ltr'>οἵτινες</span> <span class='ocrx_word' id='word_1_674' title='bbox 2876 4162 2988 4213; x_wconf 81' lang='grc' dir='ltr'><strong>οὐκ</strong></span> <span class='ocrx_word' id='word_1_675' title='bbox 3025 4159 3306 4227; x_wconf 72' lang='grc' dir='ltr'>ἔκαμψαν</span> <span class='ocrx_word' id='word_1_676' title='bbox 3332 4158 3483 4227; x_wconf 72' lang='grc' dir='ltr'>γόνυ</span> <span class='ocrx_word' id='word_1_677' title='bbox 3511 4156 3590 4225; x_wconf 76' lang='grc' dir='ltr'><em>τῇ</em></span> 
     </span>
    </p>
   </div>
   <div class='ocr_carea' id='block_1_84' title="bbox 1999 4245 3589 4324">
    <p class='ocr_par' dir='ltr' id='par_1_84' title="bbox 1999 4245 3589 4324">
     <span class='ocr_line' id='line_1_84' title="bbox 1999 4245 3589 4324; baseline -0.008 -12"><span class='ocrx_word' id='word_1_678' title='bbox 1999 4260 2185 4312; x_wconf 68' lang='grc' dir='ltr'>Βάαλ.</span> <span class='ocrx_word' id='word_1_679' title='bbox 2216 4251 2373 4310; x_wconf 75' lang='grc' dir='ltr'>Οὗτοι</span> <span class='ocrx_word' id='word_1_680' title='bbox 2403 4251 2498 4309; x_wconf 77' lang='grc' dir='ltr'>οὖν</span> <span class='ocrx_word' id='word_1_681' title='bbox 2526 4250 2652 4320; x_wconf 79' lang='grc' dir='ltr'>εἰσι,</span> <span class='ocrx_word' id='word_1_682' title='bbox 2688 4254 2814 4324; x_wconf 78' lang='grc' dir='ltr'>περὶ</span> <span class='ocrx_word' id='word_1_683' title='bbox 2845 4245 2921 4306; x_wconf 82' lang='grc' dir='ltr'>ὧν</span> <span class='ocrx_word' id='word_1_684' title='bbox 2954 4251 3189 4322; x_wconf 77' lang='grc' dir='ltr'>εἴρηται·</span> <span class='ocrx_word' id='word_1_685' title='bbox 3220 4248 3329 4303; x_wconf 82' lang='grc' dir='ltr'><strong>Καὶ</strong></span> <span class='ocrx_word' id='word_1_686' title='bbox 3363 4248 3454 4302; x_wconf 77' lang='grc' dir='ltr'>ἔτι</span> <span class='ocrx_word' id='word_1_687' title='bbox 3491 4248 3589 4300; x_wconf 76' lang='grc' dir='ltr'><strong>ἐπ’</strong></span> 
     </span>
    </p>
   </div>
   <div class='ocr_carea' id='block_1_85' title="bbox 315 4338 1893 4425">
    <p class='ocr_par' dir='ltr' id='par_1_85' title="bbox 315 4355 1893 4425">
     <span class='ocr_line' id='line_1_85' title="bbox 315 4355 1893 4425; baseline 0.005 -18"><span class='ocrx_word' id='word_1_688' title='bbox 315 4369 380 4407; x_wconf 77' lang='lat' dir='ltr'><strong>ea</strong></span> <span class='ocrx_word' id='word_1_689' title='bbox 418 4355 521 4408; x_wconf 86' lang='lat' dir='ltr'><strong>erit</strong></span> <span class='ocrx_word' id='word_1_690' title='bbox 558 4357 865 4411; x_wconf 82' lang='lat' dir='ltr'><strong>decimatio.</strong></span> <span class='ocrx_word' id='word_1_691' title='bbox 908 4357 1047 4412; x_wconf 91' lang='lat' dir='ltr'><strong>lllud</strong></span> <span class='ocrx_word' id='word_1_692' title='bbox 1084 4368 1266 4413; x_wconf 87' lang='lat' dir='ltr'><strong>autem</strong></span> <span class='ocrx_word' id='word_1_693' title='bbox 1294 4399 1310 4425; x_wconf 95' lang='lat'><strong>,</strong></span> <span class='ocrx_word' id='word_1_694' title='bbox 1362 4357 1430 4412; x_wconf 88' lang='lat' dir='ltr'><strong>Et</strong></span> <span class='ocrx_word' id='word_1_695' title='bbox 1484 4376 1673 4413; x_wconf 77' lang='lat' dir='ltr'><strong>rursus</strong></span> <span class='ocrx_word' id='word_1_696' title='bbox 1717 4362 1816 4414; x_wconf 87' lang='lat' dir='ltr'><strong>erit</strong></span> <span class='ocrx_word' id='word_1_697' title='bbox 1841 4363 1893 4417; x_wconf 88' lang='lat' dir='ltr'><strong>in</strong></span> 
     </span>
    </p>
   </div>
   <div class='ocr_carea' id='block_1_86' title="bbox 2014 4338 3590 4425">
    <p class='ocr_par' dir='ltr' id='par_1_86' title="bbox 2014 4338 3590 4418">
     <span class='ocr_line' id='line_1_86' title="bbox 2014 4338 3590 4418; baseline -0.008 -13"><span class='ocrx_word' id='word_1_698' title='bbox 2014 4348 2191 4418; x_wconf 73' lang='grc' dir='ltr'><strong>κύτῆς</strong></span> <span class='ocrx_word' id='word_1_699' title='bbox 2235 4350 2407 4404; x_wconf 77' lang='grc' dir='ltr'>ἔσται</span> <span class='ocrx_word' id='word_1_700' title='bbox 2448 4346 2515 4401; x_wconf 90' lang='grc' dir='ltr'><em>τὸ</em></span> <span class='ocrx_word' id='word_1_701' title='bbox 2558 4345 2933 4400; x_wconf 80' lang='grc' dir='ltr'>ἐπιδέκατον.</span> <span class='ocrx_word' id='word_1_702' title='bbox 2990 4343 3064 4396; x_wconf 86' lang='grc' dir='ltr'>Τὸ</span> <span class='ocrx_word' id='word_1_703' title='bbox 3110 4342 3190 4408; x_wconf 79' lang='grc' dir='ltr'><strong>δὲ,</strong></span> <span class='ocrx_word' id='word_1_704' title='bbox 3237 4338 3348 4394; x_wconf 84' lang='lat' dir='ltr'><strong>Kal</strong></span> <span class='ocrx_word' id='word_1_705' title='bbox 3397 4338 3590 4393; x_wconf 70' lang='grc' dir='ltr'>πάλιν</span> 
     </span>
    </p>
   </div>
   <div class='ocr_carea' id='block_1_87' title="bbox 316 4442 1895 4516">
    <p class='ocr_par' dir='ltr' id='par_1_87' title="bbox 316 4442 1895 4516">
     <span class='ocr_line' id='line_1_87' title="bbox 316 4442 1895 4516; baseline 0.008 -23"><span class='ocrx_word' id='word_1_706' title='bbox 316 4442 700 4510; x_wconf 85' lang='lat' dir='ltr'><strong>direptionem,</strong></span> <span class='ocrx_word' id='word_1_707' title='bbox 751 4447 886 4500; x_wconf 85' lang='lat' dir='ltr'><strong>sicut</strong></span> <span class='ocrx_word' id='word_1_708' title='bbox 930 4449 1251 4503; x_wconf 81' lang='lat' dir='ltr'><strong>terebinthus</strong></span> <span class='ocrx_word' id='word_1_709' title='bbox 1280 4491 1294 4516; x_wconf 91' lang='lat'><strong>,</strong></span> <span class='ocrx_word' id='word_1_710' title='bbox 1361 4458 1410 4504; x_wconf 89' lang='lat' dir='ltr'><strong>et</strong></span> <span class='ocrx_word' id='word_1_711' title='bbox 1464 4451 1598 4503; x_wconf 78' lang='lat' dir='ltr'><strong>sicut</strong></span> <span class='ocrx_word' id='word_1_712' title='bbox 1651 4451 1895 4516; x_wconf 81' lang='lat' dir='ltr'><strong>balanus,</strong></span> 
     </span>
    </p>
   </div>
   <div class='ocr_carea' id='block_1_88' title="bbox 316 4537 1897 4611">
    <p class='ocr_par' dir='ltr' id='par_1_88' title="bbox 316 4537 1897 4611">
     <span class='ocr_line' id='line_1_88' title="bbox 316 4537 1897 4611; baseline 0.006 -24"><span class='ocrx_word' id='word_1_713' title='bbox 316 4537 531 4604; x_wconf 83' lang='lat' dir='ltr'><strong>quando</strong></span> <span class='ocrx_word' id='word_1_714' title='bbox 559 4539 809 4592; x_wconf 72' lang='lat' dir='ltr'><strong>exciderit</strong></span> <span class='ocrx_word' id='word_1_715' title='bbox 838 4556 866 4594; x_wconf 87' lang='lat' dir='ltr'><strong>e</strong></span> <span class='ocrx_word' id='word_1_716' title='bbox 892 4541 1041 4593; x_wconf 81' lang='lat' dir='ltr'><strong>theca</strong></span> <span class='ocrx_word' id='word_1_717' title='bbox 1071 4556 1169 4594; x_wconf 89' lang='lat' dir='ltr'><strong>sua</strong></span> <span class='ocrx_word' id='word_1_718' title='bbox 1198 4583 1214 4608; x_wconf 92' lang='lat'><strong>,</strong></span> <span class='ocrx_word' id='word_1_719' title='bbox 1243 4542 1505 4606; x_wconf 87' lang='lat' dir='ltr'><strong>ostendit,</strong></span> <span class='ocrx_word' id='word_1_720' title='bbox 1532 4541 1610 4596; x_wconf 93' lang='lat' dir='ltr'><strong>uti</strong></span> <span class='ocrx_word' id='word_1_721' title='bbox 1638 4542 1897 4611; x_wconf 86' lang='lat' dir='ltr'><strong>arbitror,</strong></span> 
     </span>
    </p>
   </div>
   <div class='ocr_carea' id='block_1_89' title="bbox 317 4626 1899 4703">
    <p class='ocr_par' dir='ltr' id='par_1_89' title="bbox 317 4626 1899 4703">
     <span class='ocr_line' id='line_1_89' title="bbox 317 4626 1899 4703; baseline 0.005 -23"><span class='ocrx_word' id='word_1_722' title='bbox 317 4626 576 4683; x_wconf 84' lang='lat' dir='ltr'><strong>Judaicos</strong></span> <span class='ocrx_word' id='word_1_723' title='bbox 619 4631 754 4685; x_wconf 78' lang='lat' dir='ltr'><strong>ritus</strong></span> <span class='ocrx_word' id='word_1_724' title='bbox 795 4630 846 4685; x_wconf 92' lang='lat' dir='ltr'><strong>in</strong></span> <span class='ocrx_word' id='word_1_725' title='bbox 874 4631 1245 4702; x_wconf 70' lang='lat' dir='ltr'><strong>evangelicum</strong></span> <span class='ocrx_word' id='word_1_726' title='bbox 1271 4633 1581 4687; x_wconf 89' lang='lat' dir='ltr'><strong>institutum</strong></span> <span class='ocrx_word' id='word_1_727' title='bbox 1616 4648 1738 4688; x_wconf 88' lang='lat' dir='ltr'><strong>esse</strong></span> <span class='ocrx_word' id='word_1_728' title='bbox 1767 4649 1899 4703; x_wconf 70' lang='lat' dir='ltr'><strong>pauo</strong></span> 
     </span>
    </p>
   </div>
   <div class='ocr_carea' id='block_1_90' title="bbox 319 4720 1905 4792">
    <p class='ocr_par' dir='ltr' id='par_1_90' title="bbox 319 4720 1905 4792">
     <span class='ocr_line' id='line_1_90' title="bbox 319 4720 1905 4792; baseline 0.003 -19"><span class='ocrx_word' id='word_1_729' title='bbox 319 4720 474 4773; x_wconf 76' lang='lat' dir='ltr'><strong>latim</strong></span> <span class='ocrx_word' id='word_1_730' title='bbox 518 4720 906 4776; x_wconf 86' lang='lat' dir='ltr'><strong>immutandos.</strong></span> <span class='ocrx_word' id='word_1_731' title='bbox 942 4721 1018 4775; x_wconf 91' lang='lat' dir='ltr'><strong>Illi</strong></span> <span class='ocrx_word' id='word_1_732' title='bbox 1067 4723 1212 4776; x_wconf 88' lang='lat' dir='ltr'><strong>enim</strong></span> <span class='ocrx_word' id='word_1_733' title='bbox 1248 4731 1375 4777; x_wconf 92' lang='lat' dir='ltr'><strong>sunt</strong></span> <span class='ocrx_word' id='word_1_734' title='bbox 1407 4722 1603 4776; x_wconf 88' lang='lat' dir='ltr'><strong>iterum</strong></span> <span class='ocrx_word' id='word_1_735' title='bbox 1637 4724 1703 4777; x_wconf 90' lang='lat' dir='ltr'><strong>ad</strong></span> <span class='ocrx_word' id='word_1_736' title='bbox 1740 4738 1905 4792; x_wconf 88' lang='lat' dir='ltr'><strong>popu-</strong></span> 
     </span>
    </p>
   </div>
   <div class='ocr_carea' id='block_1_91' title="bbox 318 4810 1893 4881">
    <p class='ocr_par' dir='ltr' id='par_1_91' title="bbox 318 4810 1893 4881">
     <span class='ocr_line' id='line_1_91' title="bbox 318 4810 1893 4881; baseline 0.003 -19"><span class='ocrx_word' id='word_1_737' title='bbox 318 4810 577 4864; x_wconf 88' lang='lat' dir='ltr'><strong>lationem</strong></span> <span class='ocrx_word' id='word_1_738' title='bbox 631 4812 993 4880; x_wconf 83' lang='lat' dir='ltr'><strong>congregandi</strong></span> <span class='ocrx_word' id='word_1_739' title='bbox 1021 4850 1038 4875; x_wconf 95' lang='lat'><strong>,</strong></span> <span class='ocrx_word' id='word_1_740' title='bbox 1095 4813 1238 4867; x_wconf 85' lang='lat' dir='ltr'><strong>sicut</strong></span> <span class='ocrx_word' id='word_1_741' title='bbox 1283 4811 1554 4881; x_wconf 79' lang='lat' dir='ltr'><strong>colligitur</strong></span> <span class='ocrx_word' id='word_1_742' title='bbox 1601 4812 1893 4866; x_wconf 90' lang='lat' dir='ltr'><strong>terebinthi</strong></span> 
     </span>
    </p>
   </div>
   <div class='ocr_carea' id='block_1_92' title="bbox 320 4900 1899 4973">
    <p class='ocr_par' dir='ltr' id='par_1_92' title="bbox 320 4900 1899 4973">
     <span class='ocr_line' id='line_1_92' title="bbox 320 4900 1899 4973; baseline 0.003 -21"><span class='ocrx_word' id='word_1_743' title='bbox 320 4900 568 4965; x_wconf 86' lang='lat' dir='ltr'><strong>fructus,</strong></span> <span class='ocrx_word' id='word_1_744' title='bbox 606 4911 662 4956; x_wconf 86' lang='lat' dir='ltr'><strong>et</strong></span> <span class='ocrx_word' id='word_1_745' title='bbox 698 4902 840 4957; x_wconf 85' lang='lat' dir='ltr'><strong>sicut</strong></span> <span class='ocrx_word' id='word_1_746' title='bbox 870 4902 1097 4956; x_wconf 86' lang='lat' dir='ltr'><strong>balanus</strong></span> <span class='ocrx_word' id='word_1_747' title='bbox 1122 4903 1234 4973; x_wconf 88' lang='lat' dir='ltr'><strong>jam</strong></span> <span class='ocrx_word' id='word_1_748' title='bbox 1269 4905 1337 4957; x_wconf 87' lang='lat' dir='ltr'><strong>ad</strong></span> <span class='ocrx_word' id='word_1_749' title='bbox 1370 4902 1746 4957; x_wconf 89' lang='lat' dir='ltr'><strong>collectionem</strong></span> <span class='ocrx_word' id='word_1_750' title='bbox 1783 4918 1899 4956; x_wconf 89' lang='lat' dir='ltr'><strong>ma-</strong></span> 
     </span>
    </p>
   </div>
   <div class='ocr_carea' id='block_1_93' title="bbox 322 4988 1897 5059">
    <p class='ocr_par' dir='ltr' id='par_1_93' title="bbox 322 4988 1897 5059">
     <span class='ocr_line' id='line_1_93' title="bbox 322 4988 1897 5059; baseline 0.003 -18"><span class='ocrx_word' id='word_1_751' title='bbox 322 4998 463 5042; x_wconf 87' lang='lat' dir='ltr'><strong>tura.</strong></span> <span class='ocrx_word' id='word_1_752' title='bbox 512 4988 663 5045; x_wconf 86' lang='lat' dir='ltr'><strong>Tunc</strong></span> <span class='ocrx_word' id='word_1_753' title='bbox 713 4992 859 5045; x_wconf 88' lang='lat' dir='ltr'><strong>enim</strong></span> <span class='ocrx_word' id='word_1_754' title='bbox 925 4992 1224 5047; x_wconf 79' lang='lat' dir='ltr'><strong>exsolvitur</strong></span> <span class='ocrx_word' id='word_1_755' title='bbox 1295 4992 1466 5046; x_wconf 78' lang='lat' dir='ltr'><strong>theca:</strong></span> <span class='ocrx_word' id='word_1_756' title='bbox 1495 5007 1608 5046; x_wconf 67' lang='lat' dir='ltr'><strong>suae</strong></span> <span class='ocrx_word' id='word_1_757' title='bbox 1661 4992 1897 5059; x_wconf 82' lang='lat' dir='ltr'><strong>vinculo,</strong></span> 
     </span>
    </p>
   </div>
   <div class='ocr_carea' id='block_1_94' title="bbox 320 5078 1898 5151">
    <p class='ocr_par' dir='ltr' id='par_1_94' title="bbox 320 5078 1898 5151">
     <span class='ocr_line' id='line_1_94' title="bbox 320 5078 1898 5151; baseline 0.003 -19"><span class='ocrx_word' id='word_1_758' title='bbox 320 5087 508 5147; x_wconf 90' lang='lat' dir='ltr'><strong>utpote</strong></span> <span class='ocrx_word' id='word_1_759' title='bbox 548 5078 659 5149; x_wconf 89' lang='lat' dir='ltr'><strong>jam</strong></span> <span class='ocrx_word' id='word_1_760' title='bbox 713 5096 1002 5151; x_wconf 78' lang='lat' dir='ltr'><strong>progressu</strong></span> <span class='ocrx_word' id='word_1_761' title='bbox 1058 5081 1317 5150; x_wconf 89' lang='lat' dir='ltr'><strong>temporis</strong></span> <span class='ocrx_word' id='word_1_762' title='bbox 1366 5089 1654 5142; x_wconf 84' lang='lat' dir='ltr'><strong>concocta,</strong></span> <span class='ocrx_word' id='word_1_763' title='bbox 1713 5090 1767 5135; x_wconf 85' lang='lat' dir='ltr'><strong>et</strong></span> <span class='ocrx_word' id='word_1_764' title='bbox 1829 5082 1898 5137; x_wconf 86' lang='lat' dir='ltr'><strong>ad</strong></span> 
     </span>
    </p>
   </div>
   <div class='ocr_carea' id='block_1_95' title="bbox 320 5172 1895 5243">
    <p class='ocr_par' dir='ltr' id='par_1_95' title="bbox 320 5172 1895 5243">
     <span class='ocr_line' id='line_1_95' title="bbox 320 5172 1895 5243; baseline 0.002 -16"><span class='ocrx_word' id='word_1_765' title='bbox 320 5186 471 5227; x_wconf 88' lang='lat' dir='ltr'><strong>suam</strong></span> <span class='ocrx_word' id='word_1_766' title='bbox 517 5172 903 5243; x_wconf 81' lang='lat' dir='ltr'><strong>perfectionem</strong></span> <span class='ocrx_word' id='word_1_767' title='bbox 955 5174 1236 5243; x_wconf 84' lang='lat' dir='ltr'><strong>perducta.</strong></span> <span class='ocrx_word' id='word_1_768' title='bbox 1274 5173 1379 5227; x_wconf 89' lang='lat' dir='ltr'><strong>Sed</strong></span> <span class='ocrx_word' id='word_1_769' title='bbox 1423 5174 1586 5228; x_wconf 89' lang='lat' dir='ltr'><strong>etiam</strong></span> <span class='ocrx_word' id='word_1_770' title='bbox 1642 5175 1895 5242; x_wconf 81' lang='lat' dir='ltr'><strong>fortasse,</strong></span> 
     </span>
    </p>
   </div>
   <div class='ocr_carea' id='block_1_96' title="bbox 323 5263 1896 5335">
    <p class='ocr_par' dir='ltr' id='par_1_96' title="bbox 323 5263 1896 5335">
     <span class='ocr_line' id='line_1_96' title="bbox 323 5263 1896 5335; baseline 0.003 -17"><span class='ocrx_word' id='word_1_771' title='bbox 323 5273 609 5335; x_wconf 80' lang='lat' dir='ltr'><strong>prepterea</strong></span> <span class='ocrx_word' id='word_1_772' title='bbox 634 5265 778 5334; x_wconf 89' lang='lat' dir='ltr'><strong>quod</strong></span> <span class='ocrx_word' id='word_1_773' title='bbox 832 5280 862 5319; x_wconf 87' lang='lat' dir='ltr'><strong>a</strong></span> <span class='ocrx_word' id='word_1_774' title='bbox 912 5265 1131 5334; x_wconf 80' lang='lat' dir='ltr'><strong>regione</strong></span> <span class='ocrx_word' id='word_1_775' title='bbox 1156 5263 1385 5320; x_wconf 83' lang='lat' dir='ltr'><strong>Judaica</strong></span> <span class='ocrx_word' id='word_1_776' title='bbox 1416 5266 1743 5333; x_wconf 79' lang='lat' dir='ltr'><strong>exciderint,</strong></span> <span class='ocrx_word' id='word_1_777' title='bbox 1775 5265 1896 5321; x_wconf 88' lang='lat' dir='ltr'><strong>fue-</strong></span> 
     </span>
    </p>
   </div>
   <div class='ocr_carea' id='block_1_97' title="bbox 1992 4430 3588 4510">
    <p class='ocr_par' dir='ltr' id='par_1_97' title="bbox 1992 4430 3588 4510">
     <span class='ocr_line' id='line_1_97' title="bbox 1992 4430 3588 4510; baseline -0.007 -15"><span class='ocrx_word' id='word_1_778' title='bbox 1992 4441 2163 4495; x_wconf 79' lang='grc' dir='ltr'>ἐσται</span> <span class='ocrx_word' id='word_1_779' title='bbox 2188 4443 2274 4506; x_wconf 81' lang='grc' dir='ltr'><strong>είς</strong></span> <span class='ocrx_word' id='word_1_780' title='bbox 2309 4437 2640 4510; x_wconf 75' lang='grc' dir='ltr'>προνομὴν,</span> <span class='ocrx_word' id='word_1_781' title='bbox 2674 4438 2752 4503; x_wconf 83' lang='grc' dir='ltr'>ὡς</span> <span class='ocrx_word' id='word_1_782' title='bbox 2784 4436 3138 4505; x_wconf 78' lang='grc' dir='ltr'>τερέϐινθος,</span> <span class='ocrx_word' id='word_1_783' title='bbox 3159 4433 3260 4487; x_wconf 75' lang='grc' dir='ltr'><strong>καὶ</strong></span> <span class='ocrx_word' id='word_1_784' title='bbox 3282 4434 3364 4497; x_wconf 88' lang='grc' dir='ltr'>ὡς</span> <span class='ocrx_word' id='word_1_785' title='bbox 3385 4430 3588 4496; x_wconf 74' lang='grc' dir='ltr'><strong>,βά-ια-</strong></span> 
     </span>
    </p>
   </div>
   <div class='ocr_carea' id='block_1_98' title="bbox 1993 4523 3587 4600">
    <p class='ocr_par' dir='ltr' id='par_1_98' title="bbox 1993 4523 3587 4600">
     <span class='ocr_line' id='line_1_98' title="bbox 1993 4523 3587 4600; baseline -0.008 -13"><span class='ocrx_word' id='word_1_786' title='bbox 1993 4552 2119 4600; x_wconf 77' lang='grc' dir='ltr'>νος,</span> <span class='ocrx_word' id='word_1_787' title='bbox 2144 4532 2291 4585; x_wconf 84' lang='grc' dir='ltr'><strong>ὅταν</strong></span> <span class='ocrx_word' id='word_1_788' title='bbox 2323 4530 2553 4600; x_wconf 76' lang='grc' dir='ltr'>ἐκπέσῃ</span> <span class='ocrx_word' id='word_1_789' title='bbox 2597 4530 2666 4583; x_wconf 82' lang='grc' dir='ltr'><strong>ἐκ</strong></span> <span class='ocrx_word' id='word_1_790' title='bbox 2704 4528 2815 4596; x_wconf 85' lang='grc' dir='ltr'>τῆς</span> <span class='ocrx_word' id='word_1_791' title='bbox 2857 4525 3047 4593; x_wconf 80' lang='grc' dir='ltr'>θήκης</span> <span class='ocrx_word' id='word_1_792' title='bbox 3074 4523 3288 4593; x_wconf 84' lang='grc' dir='ltr'>αὐτῆς,</span> <span class='ocrx_word' id='word_1_793' title='bbox 3318 4523 3471 4577; x_wconf 86' lang='grc' dir='ltr'>δοκεῖ</span> <span class='ocrx_word' id='word_1_794' title='bbox 3494 4539 3587 4593; x_wconf 86' lang='grc' dir='ltr'><strong>μοι</strong></span> 
     </span>
    </p>
   </div>
   <div class='ocr_carea' id='block_1_99' title="bbox 1994 4615 3586 4703">
    <p class='ocr_par' dir='ltr' id='par_1_99' title="bbox 1994 4615 3586 4703">
     <span class='ocr_line' id='line_1_99' title="bbox 1994 4615 3586 4703; baseline -0.006 -25"><span class='ocrx_word' id='word_1_795' title='bbox 1994 4625 2187 4697; x_wconf 79' lang='grc' dir='ltr'>δηλοῦν</span> <span class='ocrx_word' id='word_1_796' title='bbox 2225 4623 2323 4695; x_wconf 85' lang='grc' dir='ltr'><strong>τὴν</strong></span> <span class='ocrx_word' id='word_1_797' title='bbox 2360 4623 2501 4678; x_wconf 86' lang='grc' dir='ltr'>κατὰ</span> <span class='ocrx_word' id='word_1_798' title='bbox 2541 4621 2739 4703; x_wconf 69' lang='grc' dir='ltr'>μικρδν</span> <span class='ocrx_word' id='word_1_799' title='bbox 2775 4618 2885 4674; x_wconf 76' lang='grc' dir='ltr'><strong>ἀπὸ</strong></span> <span class='ocrx_word' id='word_1_800' title='bbox 2929 4617 3038 4672; x_wconf 84' lang='grc' dir='ltr'>τῶν</span> <span class='ocrx_word' id='word_1_801' title='bbox 3089 4615 3398 4671; x_wconf 79' lang='grc' dir='ltr'>Ἰουδαϊκῶν</span> <span class='ocrx_word' id='word_1_802' title='bbox 3444 4615 3586 4669; x_wconf 76' lang='grc' dir='ltr'>ἐθῶν</span> 
     </span>
    </p>
   </div>
   <div class='ocr_carea' id='block_1_100' title="bbox 1998 4708 3584 4789">
    <p class='ocr_par' dir='ltr' id='par_1_100' title="bbox 1998 4708 3584 4789">
     <span class='ocr_line' id='line_1_100' title="bbox 1998 4708 3584 4789; baseline -0.006 -17"><span class='ocrx_word' id='word_1_803' title='bbox 1998 4721 2090 4772; x_wconf 77' lang='grc' dir='ltr'><strong>ἐπὶ</strong></span> <span class='ocrx_word' id='word_1_804' title='bbox 2132 4719 2229 4789; x_wconf 82' lang='grc' dir='ltr'><strong>τὴν</strong></span> <span class='ocrx_word' id='word_1_805' title='bbox 2275 4717 2415 4771; x_wconf 78' lang='grc' dir='ltr'>κατὰ</span> <span class='ocrx_word' id='word_1_806' title='bbox 2458 4717 2520 4771; x_wconf 82' lang='grc' dir='ltr'><strong>τὸ</strong></span> <span class='ocrx_word' id='word_1_807' title='bbox 2556 4715 2890 4785; x_wconf 80' lang='grc' dir='ltr'>Εὐαγγέλιον</span> <span class='ocrx_word' id='word_1_808' title='bbox 2935 4712 3211 4766; x_wconf 82' lang='grc' dir='ltr'>πολιτείαν</span> <span class='ocrx_word' id='word_1_809' title='bbox 3256 4708 3584 4781; x_wconf 75' lang='grc' dir='ltr'>μεταϐολήν.</span> 
     </span>
    </p>
   </div>
   <div class='ocr_carea' id='block_1_101' title="bbox 2003 4802 3585 4881">
    <p class='ocr_par' dir='ltr' id='par_1_101' title="bbox 2003 4802 3585 4881">
     <span class='ocr_line' id='line_1_101' title="bbox 2003 4802 3585 4881; baseline -0.006 -17"><span class='ocrx_word' id='word_1_810' title='bbox 2003 4811 2173 4867; x_wconf 76' lang='grc' dir='ltr'>Πάλιν</span> <span class='ocrx_word' id='word_1_811' title='bbox 2226 4810 2333 4881; x_wconf 84' lang='grc' dir='ltr'>γὰρ</span> <span class='ocrx_word' id='word_1_812' title='bbox 2382 4809 2596 4863; x_wconf 73' lang='grc' dir='ltr'>ἔσονται</span> <span class='ocrx_word' id='word_1_813' title='bbox 2644 4803 2792 4862; x_wconf 73' lang='grc' dir='ltr'>οὗτοι</span> <span class='ocrx_word' id='word_1_814' title='bbox 2842 4808 2924 4870; x_wconf 83' lang='grc' dir='ltr'>εἰς</span> <span class='ocrx_word' id='word_1_815' title='bbox 2973 4803 3252 4877; x_wconf 85' lang='grc' dir='ltr'>προνομὴν</span> <span class='ocrx_word' id='word_1_816' title='bbox 3306 4802 3585 4874; x_wconf 82' lang='grc' dir='ltr'>συνηγμέ-</span> 
     </span>
    </p>
   </div>
   <div class='ocr_carea' id='block_1_102' title="bbox 2003 4893 3584 4975">
    <p class='ocr_par' dir='ltr' id='par_1_102' title="bbox 2003 4893 3584 4975">
     <span class='ocr_line' id='line_1_102' title="bbox 2003 4893 3584 4975; baseline -0.006 -19"><span class='ocrx_word' id='word_1_817' title='bbox 2003 4920 2084 4956; x_wconf 92' lang='grc' dir='ltr'><strong>νοι</strong></span> <span class='ocrx_word' id='word_1_818' title='bbox 2109 4902 2243 4975; x_wconf 81' lang='lat'><strong>(&#39;59),</strong></span> <span class='ocrx_word' id='word_1_819' title='bbox 2273 4901 2350 4965; x_wconf 82' lang='grc' dir='ltr'>ὡς</span> <span class='ocrx_word' id='word_1_820' title='bbox 2381 4899 2673 4967; x_wconf 85' lang='grc' dir='ltr'>συνάγεται</span> <span class='ocrx_word' id='word_1_821' title='bbox 2701 4901 2730 4953; x_wconf 84' lang='grc' dir='ltr'>ὁ</span> <span class='ocrx_word' id='word_1_822' title='bbox 2763 4898 2977 4971; x_wconf 77' lang='grc' dir='ltr'>καρπὸς</span> <span class='ocrx_word' id='word_1_823' title='bbox 3006 4896 3106 4966; x_wconf 80' lang='grc' dir='ltr'>τῆς</span> <span class='ocrx_word' id='word_1_824' title='bbox 3130 4893 3466 4967; x_wconf 76' lang='grc' dir='ltr'>τερεὸίνθου,</span> <span class='ocrx_word' id='word_1_825' title='bbox 3490 4895 3584 4948; x_wconf 81' lang='grc' dir='ltr'>καὶ</span> 
     </span>
    </p>
   </div>
   <div class='ocr_carea' id='block_1_103' title="bbox 2003 4985 3589 5076">
    <p class='ocr_par' dir='ltr' id='par_1_103' title="bbox 2003 4985 3589 5076">
     <span class='ocr_line' id='line_1_103' title="bbox 2003 4985 3589 5076; baseline -0.007 -27"><span class='ocrx_word' id='word_1_826' title='bbox 2003 4994 2079 5059; x_wconf 88' lang='grc' dir='ltr'>ὡς</span> <span class='ocrx_word' id='word_1_827' title='bbox 2098 4996 2132 5065; x_wconf 81' lang='grc' dir='ltr'>ὴ</span> <span class='ocrx_word' id='word_1_828' title='bbox 2159 4994 2384 5065; x_wconf 82' lang='grc' dir='ltr'>βάλανος</span> <span class='ocrx_word' id='word_1_829' title='bbox 2413 4995 2447 5064; x_wconf 85' lang='grc' dir='ltr'>ἡ</span> <span class='ocrx_word' id='word_1_830' title='bbox 2472 4991 2679 5064; x_wconf 79' lang='grc' dir='ltr'>ὥριμος</span> <span class='ocrx_word' id='word_1_831' title='bbox 2702 4990 2805 5062; x_wconf 73' lang='grc' dir='ltr'>ήδη</span> <span class='ocrx_word' id='word_1_832' title='bbox 2829 4989 2967 5060; x_wconf 84' lang='grc' dir='ltr'>πρὸς</span> <span class='ocrx_word' id='word_1_833' title='bbox 2995 4987 3279 5061; x_wconf 85' lang='grc' dir='ltr'>συλλογήν.</span> <span class='ocrx_word' id='word_1_834' title='bbox 3309 4986 3446 5039; x_wconf 86' lang='grc' dir='ltr'>Τότε</span> <span class='ocrx_word' id='word_1_835' title='bbox 3474 4985 3589 5076; x_wconf 65' lang='grc' dir='ltr'>γὰρ</span> 
     </span>
    </p>
   </div>
   <div class='ocr_carea' id='block_1_104' title="bbox 2004 5077 3583 5156">
    <p class='ocr_par' dir='ltr' id='par_1_104' title="bbox 2004 5077 3583 5156">
     <span class='ocr_line' id='line_1_104' title="bbox 2004 5077 3583 5156; baseline -0.007 -16"><span class='ocrx_word' id='word_1_836' title='bbox 2004 5086 2254 5140; x_wconf 78' lang='grc' dir='ltr'>ἐκλύεται</span> <span class='ocrx_word' id='word_1_837' title='bbox 2286 5085 2395 5139; x_wconf 80' lang='grc' dir='ltr'><strong>ἀπὸ</strong></span> <span class='ocrx_word' id='word_1_838' title='bbox 2422 5083 2516 5137; x_wconf 78' lang='grc' dir='ltr'>τοῦ</span> <span class='ocrx_word' id='word_1_839' title='bbox 2545 5084 2682 5156; x_wconf 82' lang='grc' dir='ltr'>πρὸς</span> <span class='ocrx_word' id='word_1_840' title='bbox 2703 5084 2802 5154; x_wconf 82' lang='grc' dir='ltr'><strong>τὴν</strong></span> <span class='ocrx_word' id='word_1_841' title='bbox 2826 5081 2998 5154; x_wconf 82' lang='grc' dir='ltr'>θήκην</span> <span class='ocrx_word' id='word_1_842' title='bbox 3024 5078 3225 5150; x_wconf 81' lang='grc' dir='ltr'>δεσμοῦ</span> <span class='ocrx_word' id='word_1_843' title='bbox 3250 5082 3283 5150; x_wconf 82' lang='grc' dir='ltr'>ἡ</span> <span class='ocrx_word' id='word_1_844' title='bbox 3316 5077 3583 5147; x_wconf 77' lang='grc' dir='ltr'>πεφθείσα</span> 
     </span>
    </p>
   </div>
   <div class='ocr_carea' id='block_1_105' title="bbox 2004 5169 3582 5251">
    <p class='ocr_par' dir='ltr' id='par_1_105' title="bbox 2004 5169 3582 5251">
     <span class='ocr_line' id='line_1_105' title="bbox 2004 5169 3582 5251; baseline -0.006 -19"><span class='ocrx_word' id='word_1_845' title='bbox 2004 5180 2105 5251; x_wconf 75' lang='grc' dir='ltr'>ἤδη</span> <span class='ocrx_word' id='word_1_846' title='bbox 2134 5177 2214 5250; x_wconf 84' lang='grc' dir='ltr'>τῷ</span> <span class='ocrx_word' id='word_1_847' title='bbox 2246 5176 2425 5249; x_wconf 82' lang='grc' dir='ltr'>χρόνῳ</span> <span class='ocrx_word' id='word_1_848' title='bbox 2453 5177 2548 5231; x_wconf 72' lang='grc' dir='ltr'>καὶ</span> <span class='ocrx_word' id='word_1_849' title='bbox 2583 5174 2952 5228; x_wconf 86' lang='grc' dir='ltr'>τελειωθεῖσα.</span> <span class='ocrx_word' id='word_1_850' title='bbox 2989 5172 3144 5243; x_wconf 84' lang='grc' dir='ltr'>Τάχα</span> <span class='ocrx_word' id='word_1_851' title='bbox 3172 5171 3230 5224; x_wconf 82' lang='grc' dir='ltr'>δὲ</span> <span class='ocrx_word' id='word_1_852' title='bbox 3269 5171 3364 5224; x_wconf 76' lang='grc' dir='ltr'><strong>καὶ</strong></span> <span class='ocrx_word' id='word_1_853' title='bbox 3396 5169 3487 5224; x_wconf 81' lang='grc' dir='ltr'><strong>διὰ</strong></span> <span class='ocrx_word' id='word_1_854' title='bbox 3523 5169 3582 5222; x_wconf 82' lang='grc' dir='ltr'><strong>τὸ</strong></span> 
     </span>
    </p>
   </div>
   <div class='ocr_carea' id='block_1_106' title="bbox 2005 5264 3581 5339">
    <p class='ocr_par' dir='ltr' id='par_1_106' title="bbox 2005 5264 3581 5339">
     <span class='ocr_line' id='line_1_106' title="bbox 2005 5264 3581 5339; baseline -0.005 -13"><span class='ocrx_word' id='word_1_855' title='bbox 2005 5269 2415 5326; x_wconf 73' lang='grc' dir='ltr'>ἐκπεπτωκέναι</span> <span class='ocrx_word' id='word_1_856' title='bbox 2441 5269 2544 5334; x_wconf 59' lang='grc' dir='ltr'>τῆς</span> <span class='ocrx_word' id='word_1_857' title='bbox 2580 5267 2876 5339; x_wconf 84' lang='grc' dir='ltr'>Ἰουδαϊκῆς</span> <span class='ocrx_word' id='word_1_858' title='bbox 2910 5264 3114 5338; x_wconf 87' lang='grc' dir='ltr'>χώρας,</span> <span class='ocrx_word' id='word_1_859' title='bbox 3156 5266 3251 5320; x_wconf 77' lang='grc' dir='ltr'><strong>καὶ</strong></span> <span class='ocrx_word' id='word_1_860' title='bbox 3285 5268 3344 5320; x_wconf 79' lang='grc' dir='ltr'>ὲν</span> <span class='ocrx_word' id='word_1_861' title='bbox 3367 5268 3435 5337; x_wconf 73' lang='grc' dir='ltr'>τῇ</span> <span class='ocrx_word' id='word_1_862' title='bbox 3462 5264 3581 5318; x_wconf 71' lang='grc' dir='ltr'>δια-</span> 
     </span>
    </p>
   </div>
   <div class='ocr_carea' id='block_1_107' title="bbox 489 5432 1893 5541">
    <p class='ocr_par' dir='ltr' id='par_1_107' title="bbox 489 5432 1893 5536">
     <span class='ocr_line' id='line_1_107' title="bbox 489 5432 1893 5536; baseline 0.007 -14"><span class='ocrx_word' id='word_1_863' title='bbox 489 5467 650 5525; x_wconf 80' lang='lat' dir='ltr'><strong>nom.</strong></span> <span class='ocrx_word' id='word_1_864' title='bbox 697 5485 775 5536; x_wconf 72' lang='grc' dir='ltr'>ιι,</span> <span class='ocrx_word' id='word_1_865' title='bbox 814 5470 903 5524; x_wconf 74' lang='lat'><strong>25.</strong></span> <span class='ocrx_word' id='word_1_866' title='bbox 981 5471 1026 5502; x_wconf 77' lang='grc' dir='ltr'>ι·</span> <span class='ocrx_word' id='word_1_867' title='bbox 1078 5469 1207 5525; x_wconf 91' lang='lat' dir='ltr'><strong>ibid.</strong></span> <span class='ocrx_word' id='word_1_868' title='bbox 1253 5469 1306 5525; x_wconf 83' lang='lat'><strong>5.</strong></span> <span class='ocrx_word' id='word_1_869' title='bbox 1383 5470 1428 5502; x_wconf 70' lang='grc' dir='ltr'><strong>ιι</strong></span> <span class='ocrx_word' id='word_1_870' title='bbox 1464 5471 1593 5528; x_wconf 90' lang='lat' dir='ltr'><strong>ibid.</strong></span> <span class='ocrx_word' id='word_1_871' title='bbox 1651 5432 1705 5527; x_wconf 75' lang='lat'><strong>7.</strong></span> <span class='ocrx_word' id='word_1_872' title='bbox 1782 5473 1829 5507; x_wconf 74' lang='grc' dir='ltr'><strong>ιι</strong></span> <span class='ocrx_word' id='word_1_873' title='bbox 1860 5484 1893 5532; x_wconf 84' lang='grc' dir='ltr'><strong>ιι</strong></span> 
     </span>
    </p>
   </div>
   <div class='ocr_carea' id='block_1_108' title="bbox 2014 5432 2716 5541">
    <p class='ocr_par' dir='ltr' id='par_1_108' title="bbox 2046 5470 2716 5541">
     <span class='ocr_line' id='line_1_108' title="bbox 2046 5470 2716 5541; baseline -0.009 -11"><span class='ocrx_word' id='word_1_874' title='bbox 2046 5474 2113 5541; x_wconf 71' lang='grc'><strong>4;</strong></span> <span class='ocrx_word' id='word_1_875' title='bbox 2175 5470 2241 5529; x_wconf 72' lang='lat' dir='ltr'><strong>II!</strong></span> <span class='ocrx_word' id='word_1_876' title='bbox 2287 5470 2421 5541; x_wconf 78' lang='lat' dir='ltr'><strong>Reg.</strong></span> <span class='ocrx_word' id='word_1_877' title='bbox 2453 5485 2569 5537; x_wconf 69' lang='grc' dir='ltr'>χιχ,</span> <span class='ocrx_word' id='word_1_878' title='bbox 2628 5470 2716 5524; x_wconf 90' lang='lat'><strong>18.</strong></span> 
     </span>
    </p>
   </div>
   <div class='ocr_carea' id='block_1_109' title="bbox 329 5585 1895 5715">
    <p class='ocr_par' dir='ltr' id='par_1_109' title="bbox 329 5585 1895 5715">
     <span class='ocr_line' id='line_1_109' title="bbox 329 5585 1895 5715; baseline 0.005 -73"><span class='ocrx_word' id='word_1_879' title='bbox 329 5587 514 5715; x_wconf 54' lang='lat' dir='ltr'><strong>de(2;!)</strong></span> <span class='ocrx_word' id='word_1_880' title='bbox 545 5586 708 5655; x_wconf 81' lang='lat' dir='ltr'><strong>Editi,</strong></span> <span class='ocrx_word' id='word_1_881' title='bbox 747 5585 830 5652; x_wconf 77' lang='grc' dir='ltr'>οἷς</span> <span class='ocrx_word' id='word_1_882' title='bbox 862 5589 916 5660; x_wconf 82' lang='grc' dir='ltr'><strong>ἡ.</strong></span> <span class='ocrx_word' id='word_1_883' title='bbox 961 5585 1159 5643; x_wconf 84' lang='lat' dir='ltr'><strong>Vocula</strong></span> <span class='ocrx_word' id='word_1_884' title='bbox 1204 5590 1239 5660; x_wconf 80' lang='grc' dir='ltr'><strong>ἡ</strong></span> <span class='ocrx_word' id='word_1_885' title='bbox 1295 5591 1348 5645; x_wconf 91' lang='lat' dir='ltr'><strong>in</strong></span> <span class='ocrx_word' id='word_1_886' title='bbox 1379 5590 1582 5648; x_wconf 89' lang='lat' dir='ltr'><strong>nostris</strong></span> <span class='ocrx_word' id='word_1_887' title='bbox 1624 5606 1722 5647; x_wconf 81' lang='lat' dir='ltr'><strong>sex</strong></span> <span class='ocrx_word' id='word_1_888' title='bbox 1763 5608 1895 5650; x_wconf 88' lang='lat' dir='ltr'><strong>mss.</strong></span> 
     </span>
     <span class='ocr_line' id='line_1_110' title="bbox 399 5677 502 5712; baseline 0 0"><span class='ocrx_word' id='word_1_889' title='bbox 399 5677 427 5707; x_wconf 65' lang='grc' dir='ltr'><strong><em>Ρ</em></strong></span> <span class='ocrx_word' id='word_1_890' title='bbox 487 5699 502 5712; x_wconf 81' lang='lat'><strong>.</strong></span> 
     </span>
    </p>
   </div>
   <div class='ocr_carea' id='block_1_110' title="bbox 399 5677 502 5712">
    <p class='ocr_par' dir='ltr' id='par_1_110' title="bbox 399 5677 502 5712">
     <span class='ocr_line' id='line_1_111' title="bbox 399 5677 502 5712; baseline 0.049 -5"><span class='ocrx_word' id='word_1_891' title='bbox 399 5677 502 5712; x_wconf 65' lang='grc' dir='ltr'>νει.</span> 
     </span>
    </p>
   </div>
   <div class='ocr_carea' id='block_1_111' title="bbox 404 5726 1903 5823">
    <p class='ocr_par' dir='ltr' id='par_1_111' title="bbox 404 5726 1903 5823">
     <span class='ocr_line' id='line_1_112' title="bbox 404 5726 1903 5823; baseline 0.004 -38"><span class='ocrx_word' id='word_1_892' title='bbox 404 5726 514 5801; x_wconf 76' lang='grc'><strong>(58)</strong></span> <span class='ocrx_word' id='word_1_893' title='bbox 540 5727 679 5820; x_wconf 82' lang='lat' dir='ltr'><strong>Editi</strong></span> <span class='ocrx_word' id='word_1_894' title='bbox 705 5738 758 5789; x_wconf 88' lang='lat' dir='ltr'><strong>el</strong></span> <span class='ocrx_word' id='word_1_895' title='bbox 784 5730 916 5802; x_wconf 74' lang='lat' dir='ltr'><strong>Reg.</strong></span> <span class='ocrx_word' id='word_1_896' title='bbox 949 5728 1162 5823; x_wconf 80' lang='lat' dir='ltr'><strong>tertius,</strong></span> <span class='ocrx_word' id='word_1_897' title='bbox 1189 5728 1251 5823; x_wconf 66' lang='grc' dir='ltr'><strong>το</strong></span> <span class='ocrx_word' id='word_1_898' title='bbox 1285 5730 1368 5821; x_wconf 65' lang='grc' dir='ltr'><strong>εἰς</strong></span> <span class='ocrx_word' id='word_1_899' title='bbox 1398 5733 1597 5794; x_wconf 80' lang='grc' dir='ltr'>πᾶσαν.</span> <span class='ocrx_word' id='word_1_900' title='bbox 1625 5732 1726 5793; x_wconf 67' lang='lat' dir='ltr'><strong>Alii</strong></span> <span class='ocrx_word' id='word_1_901' title='bbox 1746 5734 1903 5806; x_wconf 75' lang='lat' dir='ltr'><strong>quia-</strong></span> 
     </span>
    </p>
   </div>
   <div class='ocr_carea' id='block_1_112' title="bbox 2004 5582 3575 5723">
    <p class='ocr_par' dir='ltr' id='par_1_112' title="bbox 2004 5582 3575 5723">
     <span class='ocr_line' id='line_1_113' title="bbox 2004 5582 3575 5723; baseline -0.004 -77"><span class='ocrx_word' id='word_1_902' title='bbox 2004 5609 2110 5664; x_wconf 87' lang='lat' dir='ltr'><strong>que</strong></span> <span class='ocrx_word' id='word_1_903' title='bbox 2150 5606 2326 5712; x_wconf 71' lang='grc' dir='ltr'><strong>ιτιεει.ἒ</strong></span> <span class='ocrx_word' id='word_1_904' title='bbox 2482 5587 2771 5674; x_wconf 66' lang='lat' dir='ltr'><strong>Aliquanto</strong></span> <span class='ocrx_word' id='word_1_905' title='bbox 2798 5596 2921 5656; x_wconf 90' lang='lat' dir='ltr'><strong>post</strong></span> <span class='ocrx_word' id='word_1_906' title='bbox 2960 5584 3108 5656; x_wconf 82' lang='lat' dir='ltr'><strong>editi,</strong></span> <span class='ocrx_word' id='word_1_907' title='bbox 3149 5584 3179 5640; x_wconf 77' lang='grc' dir='ltr'><strong>δ</strong></span> <span class='ocrx_word' id='word_1_908' title='bbox 3209 5582 3480 5665; x_wconf 63' lang='grc' dir='ltr'>ἐπεζήτει.</span> <span class='ocrx_word' id='word_1_909' title='bbox 3508 5582 3575 5639; x_wconf 82' lang='lat' dir='ltr'><strong>At</strong></span> 
     </span>
     <span class='ocr_line' id='line_1_114' title="bbox 2006 5675 2572 5723; baseline -0.012 -3"><span class='ocrx_word' id='word_1_910' title='bbox 2006 5679 2101 5719; x_wconf 83' lang='lat' dir='ltr'><strong>sex</strong></span> <span class='ocrx_word' id='word_1_911' title='bbox 2119 5677 2276 5723; x_wconf 89' lang='lat' dir='ltr'><strong>mss.,</strong></span> <span class='ocrx_word' id='word_1_912' title='bbox 2331 5675 2393 5713; x_wconf 83' lang='grc' dir='ltr'><strong>πι</strong></span> <span class='ocrx_word' id='word_1_913' title='bbox 2430 5676 2572 5723; x_wconf 61' lang='lat' dir='ltr'><strong>neci.</strong></span> 
     </span>
    </p>
   </div>
   <div class='ocr_carea' id='block_1_113' title="bbox 2006 5661 2968 5806">
    <p class='ocr_par' dir='ltr' id='par_1_113' title="bbox 2006 5661 2968 5806">
     <span class='ocr_line' id='line_1_115' title="bbox 2006 5661 2572 5729; baseline -0.012 -9"><span class='ocrx_word' id='word_1_914' title='bbox 2006 5661 2101 5719; x_wconf 79' lang='lat' dir='ltr'><strong>sex</strong></span> <span class='ocrx_word' id='word_1_915' title='bbox 2119 5677 2250 5715; x_wconf 90' lang='lat' dir='ltr'><strong>mss.</strong></span> <span class='ocrx_word' id='word_1_916' title='bbox 2263 5701 2276 5724; x_wconf 92' lang='lat'><strong>,</strong></span> <span class='ocrx_word' id='word_1_917' title='bbox 2302 5661 2572 5729; x_wconf 65' lang='grc' dir='ltr'>ἐπιζητεῖ.</span> 
     </span>
     <span class='ocr_line' id='line_1_116' title="bbox 2078 5725 2968 5806; baseline -0.006 -19"><span class='ocrx_word' id='word_1_918' title='bbox 2078 5732 2188 5806; x_wconf 75' lang='lat'><strong>(39)</strong></span> <span class='ocrx_word' id='word_1_919' title='bbox 2215 5731 2390 5788; x_wconf 77' lang='lat' dir='ltr'><strong>Codex</strong></span> <span class='ocrx_word' id='word_1_920' title='bbox 2426 5745 2561 5787; x_wconf 90' lang='lat' dir='ltr'><strong>unus</strong></span> <span class='ocrx_word' id='word_1_921' title='bbox 2619 5725 2968 5803; x_wconf 82' lang='grc' dir='ltr'>συνημμένοι.</span> 
     </span>
    </p>
   </div>
  </div>
