3808 6212
328 304 436 360 44⁸1

1174 346 1179 351 .
1293 282 1638 359 specuum
1676 299 1964 359 orarum
2004 301 2061 356 s.
2104 299 2353 358 BASlLIl
2393 302 2629 359 manu.

3494 303 3613 360 448

331 420 620 475 scientiam
652 419 900 485 eﬁrtur,
926 435 1049 475 eum
1097 423 1334 479 arbitror
1380 439 1476 493 per
1508 426 1668 478 Aram
1708 420 1914 492 signifi-

2026 438 2118 491 μαι
2148 408 2449 505 τοίνυνιτὸν
2477 425 2576 495 μὲν
2605 422 2968 495 ἐπαιρόμενον
2994 424 3061 493 τῇ
3099 399 3263 493 σοφία
3280 420 3376 475 τοῦ
3404 398 3614 485 αίῶνος

333 513 470 565 rari.
504 513 667 565 Aram
702 513 844 566 enim
868 515 928 567 .si
961 514 1086 583 quis
1125 513 1530 585 interpretetur,
1562 524 1716 570 sonat
1748 516 1914 569 subli-

336 621 494 658 mem.
535 603 683 672 Talis
709 615 886 661 autem
920 616 1007 661 est
1048 621 1227 662 sermo
1257 608 1559 676 principum
1627 608 1786 676 hujus
1817 623 1916 662 sa:-

336 694 468 759 culi,
501 710 623 750 cum
665 697 810 751 circa
843 698 1252 763 astronomiam,
1288 699 1554 752 motiones
1592 698 1866 753 stellarum
1896 740 1913 766 ,

336 786 839 854 conjunctiones,et
874 789 1074 859 ﬁguras
1104 800 1372 857 versetur,
1400 806 1694 860 causasque
1725 791 1916 846 huma-

339 893 527 933 narum
583 895 761 934 rerum
818 880 963 944 hinc,
1005 880 1319 957 dependere.
1355 881 1602 935 aliirmet.
1660 882 1709 937 ls
1755 896 1915 951 porro

338 969 587 1026 sublimis
614 981 699 1025 est
721 972 923 1036 tunrob
937 973 1397 1026 existimationem
1416 972 1479 1027 de
1494 988 1553 1027 se
1575 979 1912 1042 conceptam,

338 1067 453 1113 tum
486 1060 557 1116 ob
599 1062 893 1130 superbum
925 1060 1076 1115 illum
1116 1060 1516 1130 fastum,quem
1546 1062 1593 1117 is
1616 1057 1783 1117 solus
1821 1065 1913 1133 qui

338 1144 561 1206 sanctus
590 1161 693 1217 est,
735 1152 915 1206 verbis
952 1152 1198 1208 veritatis
1237 1164 1483 1208 evertere
1513 1170 1577 1210 ac
1612 1155 1916 1230 deprimere

341 1243 512 1306 novit,
536 1243 800 1314 siquidem
826 1242 1062 1316 Spiritus
1080 1246 1253 1303 'saneti
1274 1246 1473 1308 virtute
1494 1245 1676 1315 dejicit
1701 1262 1914 1301 omnem

340 1333 681 1397 altitudinem
738 1351 874 1390 sese.
895 1337 1157 1391 adversus
1204 1337 1294 1391 Dei
1330 1338 1611 1392 scientiam
1654 1329 1917 1393 extollenL

340 1430 450 1479 tem
463 1423 597 1479 ’9-“.
613 1425 952 1480 Arhitramur
971 1426 1475 1491 autem‘scientiam,
1490 1441 1610 1495 quae
1622 1427 1835 1496 quidem
1848 1443 1914 1483 ex

339 1518 608 1584 susceptis
623 1517 919 1587 Scripturis
937 1517 1133 1571 divinis
1146 1516 1414 1584 hauritur,
1432 1516 1528 1578 Sed
1544 1533 1573 1571 a
1594 1528 1741 1573 recto
1756 1532 1913 1573 sensu

341 1608 550 1663 detorta
582 1619 687 1674 est,
713 1608 1015 1680 falsumque
1045 1628 1235 1668 nomen
1260 1614 1440 1686 habet,
1470 1605 1726 1680 Epliraim
1752 1611 1914 1664 voca;

341 1699 387 1752 ri
404 1698 469 1753 ".
489 1698 778 1754 Jeroboam
803 1703 946 1756 enim
968 1704 1034 1757 ab
1058 1704 1158 1758 bac
1201 1706 1340 1757 tribu
1372 1703 1601 1772 sumpsit
1629 1702 1912 1770 originem,

2018 515 2209 568 τούτου
2251 515 2395 569 κατά
2418 519 2518 588 τῆς
2532 515 2788 585 γνώσεως
2800 514 2896 569 τοῦ
2923 514 3059 568 Θεοῦ
3091 513 3248 582 λόγον
3274 512 3382 584 (44)
3408 511 3616 583 δηλοῦο

2021 606 2145 660 σθαι
2175 607 2263 660 διὰ
2292 608 2382 661 τὸν
2422 608 2618 678 Ἀράμσ
2656 607 3017 680 ἑρμηνεύεται
3057 605 3167 676 γὰρ
3198 606 3228 657 ὁ
3263 605 3439 676 ’Δράμ
3457 621 3613 674 μετ-

2019 698 2214 765 έωρος.
2249 697 2501 761 Τοιοῦτος
2531 699 2589 752 δὲ
2617 700 2646 752 ὁ
2684 698 2840 767 λόγος
2878 697 2986 750 τῶν
3029 696 3302 767 ἀρχόντων
3338 694 3439 748 τοΰ
3463 694 3613 747 αἰῶ-

2018 806 2108 853 νος
2137 788 2326 842 τούτου
2355 829 2369 852 ,
2406 789 2794 860 ἀστρονομίαις
2837 788 3126 860 προσέχων
3177 788 3270 840 καὶ
3320 787 3610 856 κινήσεσιν

2018 880 2266 950 ἀστέρων
2285 919 2301 945 ,
2346 881 2442 934 καὶ
2474 880 2816 951 συμπλοκαῖς
2838 921 2854 945 ,
2890 880 2983 933 καὶ
3031 880 3274 950 σχήμασι
3293 919 3308 943 ,
3342 877 3608 931 κάκεῖθεν

2018 971 2128 1024 τῶν
2168 971 2524 1043 ἀνθρωπίνων
2559 971 2903 1043 πραγμάτων
2949 970 3048 1034 τὰς
3099 969 3281 1033 αἰτίας
3321 967 3608 1042 ἠρτῆσθαι

2019 1061 2213 1130 λέγων.
2251 1063 2543 1134 Μετέωρος
2566 1061 2645 1127 δὲ,
2680 1062 2776 1115 καὶ
2802 1059 2891 1113 διὰ
2919 1060 3018 1130 τὴν
3050 1059 3226 1131 οίησιν
3249 1058 3340 1111 καὶ
3373 1057 3434 1110 τὺ
3458 1057 3607 1110 ἀλατ-

2019 1152 2231 1217 ζονικὸν
2269 1154 2435 1208 αὐτοῦ
2473 1154 2723 1224 ἔπαρμα.
2757 1152 2786 1205 δ
2821 1152 2980 1223 μόνος
3027 1145 3138 1204 οἶδε
3172 1136 3451 1220 καθαιρεῖν
3481 1149 3607 1220 (45)

2018 1246 2130 1309 τοῖς
2158 1245 2337 1314 λόγοις
2369 1247 2470 1318 τῆς
2519 1244 2777 1317 ἀληθείας
2829 1246 2858 1296 ό
2902 1244 3075 1308 ἀγιος,
3125 1245 3190 1314 τῇ
3242 1240 3467 1312 δυνάμει
3499 1240 3605 1294 τοῦ

2020 1337 2160 1391 Πνεύ
2168 1354 2335 1409 ματος
2352 1323 2706 1391 καταϐάλλων
2722 1337 2831 1389 πᾶν
2852 1334 3051 1405 ὕψωμα
3074 1333 3433 1404 ἐπαιρόμενον
3454 1331 3607 1386 κατὰ

2011 1428 2117 1498 ’τῆς
2144 1422 2396 1496 γνώσεως
2424 1426 2519 1480 τοῦ
2546 1425 2704 1480 Θεοῦ.
2741 1426 2853 1496 Τὴν
2893 1425 2950 1478 δὲ
2980 1425 3121 1478 κατὰ
3154 1422 3463 1494 παραδοχὴν
3484 1422 3605 1476 τῶν

2021 1515 2182 1570 θείων
2201 1516 2430 1587 Γραφῶν
2447 1519 2744 1581 συστᾶσαν,
2773 1503 3225 1586 ἐκτετραμμένην
3245 1514 3342 1584 τῆς
3358 1513 3606 1580 εὐθείας,

2020 1606 2115 1660 καὶ
2143 1604 2494 1676 ψευδώνυμον
2522 1604 2749 1674 γνῶσιν,
2793 1602 3033 1677 Ἐφραῖμ
3075 1601 3359 1674 ἡγούμεθα
3425 1619 3607 1673 προσσ

2021 1695 2398 1766 αγορεύεσθαι.
2436 1696 2651 1767 Ἐπειδὴ
2672 1695 2956 1764 ἀπἀὐτῆς
2980 1694 3205 1764 ὥρμητο
3243 1692 3541 1765 ’Ῑεροόοάμ,
3574 1695 3607 1748 ὁ

341 1791 431 1858 qui
489 1791 697 1858 primus
746 1807 776 1845 a
834 1794 1039 1848 semine
1081 1795 1248 1848 David
1305 1795 1464 1865 522
1496 1795 1712 1848 discidit
1740 1795 1914 1849 tribus

2026 1788 2231 1859 πρῶτος
2265 1788 2570 1857 ἀποσχίσας
2617 1786 2712 1840 τοῦ
2762 1786 3080 1856 σπέρματος
3118 1784 3282 1837 Δαϐὶδ
3325 1784 3427 1848 τάς
3463 1786 3607 1839 δέκα

340 1884 524 1936 decem
553 1884 620 1949 ιο,
646 1882 710 1938 ac
740 1885 1042 1940 Saiomonis
1077 1886 1250 1940 factus
1274 1888 1400 1940 olim
1426 1901 1614 1940 servus
1638 1884 1913 1955 fugitivus,

339 1974 475 2027 abiit
522 1974 576 2027 in
622 1975 901 2046 JEgytum,
934 1970 1307 2047 sororemque
1349 1978 1692 2031 Thecemina:
1733 1975 1917 2029 uxoris

338 2061 637 2119 Pharaonis
683 2066 737 2118 in
771 2066 1173 2121 matrimonium
1205 2068 1360 2122 duxit
1398 2068 1465 2120 ‘7.
1504 2067 1605 2122 Hic
1631 2076 1684 2122 et
1720 2066 1917 2121 vitulas

337 2167 532 2208 aureas
583 2155 760 2223 finxit,
796 2165 852 2209 et
900 2157 1015 2211 dies
1051 2157 1215 2212 festos
1256 2173 1286 2213 e
1336 2159 1499 2212 corde
1530 2150 1628 2211 suo
1662 2158 1804 2210 eruit
1846 2155 1914 2210 ⁸⁸.

336 2242 470 2299 Cum
508 2245 672 2315 igitur
718 2244 933 2315 gentilis
979 2260 1175 2303 sermo‘
1203 2240 1346 2303 fastu
1387 2238 1552 2316 atque
1605 2246 1915 2317 arrogantia

336 2338 405 2388 ob
435 2336 744 2391 dialecticas
792 2340 1290 2407 argumentationes
1334 2339 1555 2408 plenus,
1600 2339 1914 2393 societatem

337 2436 459 2474 rum
511 2423 765 2480 haeretica
818 2437 873 2479 et
929 2440 1182 2493 perverso
1231 2442 1483 2482 sermone
1521 2428 1743 2492 inierit,
1791 2434 1918 2480 tunc

339 2515 501 2567 Aram
559 2530 680 2568 cum
741 2515 995 2584 Epltraim
1047 2517 1251 2572 dicitur
1286 2520 1664 2588 conspirare:
1721 2518 1917 2587 quippe

338 2603 481 2659 mdes
532 2605 749 2667 Davidis
794 2607 1130 2675 aedificiaque
1161 2609 1307 2677 cupit
1356 2609 1625 2675 demoliri,
1657 2620 1710 2665 et
1738 2611 1913 2665 locum

338 2698 450 2752 veri
485 2697 661 2753 cultus
697 2698 1002 2771 devastare.
1039 2700 1159 2755 Voti
1211 2711 1385 2755 tamen
1429 2717 1649 2773 compos
1698 2718 1803 2758 non
1833 2703 1912 2758 fit.

339 2789 522 2858 Neque
569 2790 712 2844 enim
762 2789 1066 2847 Jerusalem
1117 2808 1427 2864 expugnare
1456 2774 1718 2862 :poterit,
1774 2795 1915 2862 quod

338 2885 552 2934 tueatur
576 2892 695 2932 eam
731 2893 795 2933 ac
819 2879 1070 2943 defendat
1096 2881 1378 2938 Dominus.
1413 2883 1479 2938 Et
1507 2883 1735 2945 fortasse
1768 2884 1822 2938 Ιιί
1849 2898 1921 2941 ne.

339 2978 588 3039 poterunt
614 2970 829 3039 quidem
874 2971 1014 3026 inter
1047 2988 1106 3028 se
1152 2974 1490 3044 conspirare,
1543 2975 1644 3029 nisi
1678 2976 1917 3029 abundaa

339 3059 476 3114 verit
519 3071 765 3121 nostrum
802 3073 1127 3131 peccatum.
1175 3065 1309 3119 Nam
1353 3065 1390 3118 ii
1438 3067 1600 3120 etiam
1630 3066 1719 3135 qui
1760 3066 1913 3135 juxta

338 3150 617 3205 historiam
657 3152 712 3208 in
757 3152 950 3210 diebus
988 3156 1170 3210 Achaz
1210 3157 1608 3227 conspirarant,
1640 3157 1920 3225 conspira-

339 3243 535 3300 tionem
583 3256 824 3302 mutuam
860 3246 1237 3318 patefecerunt
1281 3251 1352 3304 ob
1390 3258 1672 3317 peccatum
1714 3250 1920 3316 Achaz,

336 3336 425 3403 qui
469 3352 575 3392 non
628 3338 758 3394 fecit
803 3351 1010 3396 rectum
1062 3356 1247 3395 coram
1299 3342 1563 3408 Domino,
1610 3341 1707 3397 sed
1754 3342 1921 3395 filium

336 3444 491 3483 sutum
538 3429 852 3486 traduxitin
902 3432 1044 3502 igne.
1098 3441 1155 3487 et
1215 3432 1466 3488 adolebat
1504 3434 1558 3488 in
1592 3432 1822 3489 excelsis
1853 3432 1923 3498 ".,

337 3521 605 3583 Attamen,
650 3521 913 3578 malorum
961 3539 1150 3593 regum
1206 3525 1465 3581 adversus
1512 3525 1791 3580 Ecclesias
1830 3540 1926 3581 co-

338 3623 494 3667 natus
556 3616 846 3673 conturbat
897 3615 1113 3672 Davidis
1155 3619 1411 3684 domum,
1458 3617 1747 3688 p0pulique
1801 3617 1919 3672 ani-

338 3720 481 3758 mum
508 3714 729 3776 stupore
769 3706 1037 3775 percellit,
1072 3707 1147 3762 ita
1179 3718 1241 3763 ut
1283 3709 1353 3762 ob
1388 3710 1676 3776 strepitum
1717 3722 1781 3762 ex
1814 3708 1916 3762 hac

338 3797 642 3853 turbatione
672 3808 1008 3865 nascentem,
1060 3800 1204 3870 ligno
1251 3800 1587 3857 infructuose
1616 3800 1919 3854 consimilis

338 3886 428 3939 sit.
476 3885 582 3942 Sed
612 3886 875 3959 benignus
903 3890 1063 3955 Deus,
1114 3891 1574 3960 perturbationem
1602 3907 1787 3946 eorum
1826 3906 1916 3946 sa-

339 3992 499 4040 nans,
538 3980 702 4034 mittit
743 3982 1113 4051 pr0plieticnm
1156 3998 1485 4048 sermonem,
1532 3984 1622 4053 qui
1677 3999 1709 4038 e
1757 3985 1918 4039 corde

340 4069 518 4137 populi
570 4071 802 4141 expellat
855 4072 1140 4137 timorem,
1186 4074 1311 4127 dum
1385 4075 1517 4129 dicit
1568 4076 1758 4145 (Vsus.
1793 4076 1828 4129 4
1859 4075 1916 4143 :)

340 4157 425 4213 Ne
456 4160 663 4226 timeas,
714 4178 875 4232 neque
919 4164 1100 4218 anima
1150 4176 1241 4218 tua
1289 4164 1588 4233 inﬁrmetur
1640 4182 1672 4218 a
1713 4166 1918 4220 duobus

339 4249 494 4317 lignis
523 4250 904 4322 [aurigantibus
932 4255 1070 4309 istis.

408 4426 703 4487 £92..Vide
747 4437 926 4487 autem
979 4444 1105 4484 num
1148 4429 1311 4484 etiam
1353 4443 1421 4483 ex
1468 4428 1582 4497 ipsa
1634 4430 1914 4486 nominum

341 4515 784 4588 interpretatione
835 4533 1023 4575 ansam
1068 4519 1243 4588 possis
1282 4519 1527 4587 arripere
1576 4533 1640 4572 ea
1684 4533 1804 4588 quae
1850 4523 1916 4576 ad

341 4605 485 4660 hunc
515 4607 691 4667 locum
725 4616 994 4679 spectant,
1016 4609 1193 4664 adhuc
1217 4609 1503 4663 dilucidius
1534 4610 1912 4678 perspiciendi.

409 4700 528 4733 ³⁸ο⁸⁸
561 4699 605 4756 11
641 4701 765 4758 Cor.
804 4719 838 4757 x
859 4743 876 4770 ,
906 4702 960 4760 5.

341 4769 385 4802 ⁸⁸
416 4770 475 4825 Ill
510 4771 642 4843 Reg.
689 4789 789 4840 xu,
838 4769 932 4829 28.
1003 4773 1049 4807 ’δ’
1078 4772 1146 4827 IV
1192 4769 1466 4844 Regfxrl,
1498 4774 1553 4828 2.

433 4863 522 4933 44)
555 4863 777 4932 Antiqui
804 4880 900 4920 sex
931 4865 1078 4931 libri,
1110 4864 1288 4933 λόγον.
1321 4863 1483 4929 Etliti,
1514 4859 1697 4932 λόγου.

434 4932 524 5007 iii)
549 4933 709 5007 Editi,
737 4934 1108 5007 καθαιρήσειν.
1134 4932 1207 4988 At
1233 4949 1324 4989 sex
1355 4949 1510 4997 mss.,
1539 4933 1839 5005 καθαιρεῖν.

416 5000 527 5072 (46)
558 5002 711 5076 Illud,
744 5000 1094 5076 autem“,
1118 5013 1270 5076 ietc.,
1323 5013 1397 5076 et_
1423 5019 1453 5076 _e
1495 5008 1659 5076 corde
1678 5000 1771 5058 suo
1802 5007 1914 5059 dies

343 5073 505 5144 festas
528 5074 719 5135 emisit,
750 5075 822 5129 ita
851 5073 1077 5143 intelligi
1100 5075 1299 5129 debere
1321 5073 1556 5126 arbitror
1588 5092 1601 5128 :
1629 5075 1775 5139 Quos
1802 5077 1916 5129 dies

346 5146 511 5199 festos
541 5144 872 5204 instituerat.
909 5146 943 5199 ii
998 5145 1109 5199 ficti
1144 5154 1300 5196 erant
1327 5152 1381 5195 et
1405 5144 1783 5206 commentitii,
1815 5160 1914 5199 nec

345 5215 559 5267 aliumle
576 5229 737 5282 quam
763 5215 1008 5282 abillius
1042 5213 1224 5282 pravis
1256 5211 1494 5282 moribus
1532 5213 1783 5282 profecti.

417 5282 530 5352 (47)
565 5280 654 5336 Sic
681 5280 923 5352 quinque
955 5280 1085 5337 mss.
1113 5282 1352 5343 Atediti,
1386 5280 1484 5351 τῷ.

416 5351 529 5420 (48)
554 5351 712 5423 Editi.
738 5353 894 5417 εὐθὲς
930 5356 987 5407 ἐν
1018 5354 1330 5423 ὀφθαλμοῖς.
1366 5353 1432 5404 At
1471 5367 1600 5406 mss.
1628 5367 1724 5407 ser:
1771 5353 1908 5407 utin

339 5432 625 5478 contextu.
662 5421 904 5488 Quantas
936 5421 1298 5478 teneltras‘vcl
1324 5423 1708 5476 eruditissimis
1736 5423 1913 5476 homi-

340 5492 506 5551 nibus
535 5491 776 5546 olfundat
808 5495 889 5547 vel
941 5495 1158 5547 minima
1194 5492 1475 5560 scriptura:
1515 5495 1759 5559 tnutatio,
1798 5492 1912 5559 jam

347 5562 708 5633 observarem
751 5564 902 5617 multi
946 5582 961 5618 :
1002 5564 1143 5633 quod
1181 5563 1323 5633 idem
1363 5570 1420 5633 et
1457 5560 1546 5614 hic
1579 5577 1796 5633 quoque
1815 5579 1916 5615 an-

351 5631 525 5700 notari
554 5640 747 5699 potest.
788 5633 925 5685 Nam
954 5630 1058 5687 non
1093 5632 1260 5686 multo
1281 5630 1460 5700 infra,
1505 5646 1624 5685 cum
1656 5632 1922 5700 interpres

357 5699 413 5757 iu
442 5695 575 5767 Reg.
604 5701 780 5771 primo
810 5701 1048 5773 legisset,
1075 5703 1170 5757 καὶ
1207 5695 1460 5770 εὐθυμία,
1494 5701 1571 5757 sic
1606 5695 1923 5771 interpreta-

2017 1878 2211 1948 φυλὰς,
2239 1879 2298 1941 ὃς
2325 1879 2419 1933 καὶ
2448 1879 2724 1949 δραπέτης
2757 1878 2890 1932 ποτὲ
2922 1876 3017 1930 τοῦ
3064 1875 3406 1947 Σολομῶντος
3445 1877 3607 1944 γενό-

2020 1987 2202 2040 μενος,
2235 1972 2316 2034 είς
2343 1971 2622 2038 Αἴγυπτον
2650 1969 2883 2039 ἀπῆλθε,
2919 1969 3015 2022 καὶ
3049 1969 3147 2038 τὴν
3174 1969 3407 2040 ἀδελφὴν
3426 1969 3603 2021 Θεκε-

2020 2060 2180 2129 μίνας
2203 2060 2591 2130 τῆςγυναικὸς
2632 2058 2834 2131 Φαραὼ
2873 2060 3012 2129 πρὸς
3042 2058 3461 2129 γάμονέλαὸεν.
3502 2061 3604 2123 ’ος

2016 2151 2112 2204 καὶ
2143 2151 2243 2214 τάς
2265 2153 2474 2222 χρυσᾶς
2500 2150 2761 2221 δαμάλεις
2795 2151 3091 2215 ἀνέπλασε,
3126 2151 3222 2205 καὶ
3255 2146 3450 2221 ἑορτὰς
3484 2151 3600 2221 (46)

2016 2242 2329 2312 ἀνέπεμψεν
2355 2242 2463 2295 ἀπὸ
2484 2245 2584 2311 τῆς
2609 2242 2837 2314 καρδίας
2864 2241 3049 2296 αὐτοῦ.
3082 2243 3253 2296 Ὅταν
3278 2239 3371 2297 οὖν
3398 2245 3427 2296 ὁ
3454 2244 3603 2297 ὲθνι-

2017 2333 2111 2395 κδς
2139 2333 2315 2401 λόγος,
2349 2334 2377 2385 ὁ
2404 2333 2549 2403 μέγα
2573 2333 2789 2405 φρονῶν
2812 2334 2904 2387 ἐπὶ
2924 2333 3295 2398 διαλεκτικαίς
3318 2336 3602 2406 ἐπιχειρήσ-

2019 2439 2190 2488 σεσιν,
2221 2424 2502 2495 ὲπιπλακῇ
2532 2423 2611 2494 τῷ
2643 2424 2908 2496 αἱρετικῷ
2933 2425 3030 2478 καὶ
3059 2425 3599 2497 παρατετραμμένῳ,

2019 2518 2329 2585 συμφωνεῖν
2353 2515 2571 2584 λέγεται
2608 2518 2638 2569 δ
2677 2516 2786 2589 (47)
2825 2516 3005 2588 Ἀρὰμ
3033 2516 3165 2588 πρὸς
3198 2517 3290 2569 τὸν
3334 2518 3598 2588 Ἐφραῒμ,

2018 2606 2313 2676 ἐπιθυμίαν
2342 2606 2483 2677 ἔχων
2511 2607 2759 2673 καθελεῖν
2785 2607 2853 2660 τά
2873 2607 2965 2660 τοῦ
2983 2608 3146 2661 Δαόὶδ
3167 2609 3601 2680 οἰκοδομήματα,

2018 2698 2111 2750 καὶ¹
2138 2698 2475 2771 ὲκπορθῆσαι
2520 2700 2615 2753 τὸν
2664 2702 2829 2755 τόπον
2863 2703 2963 2772 τῆς
3008 2702 3268 2774 ἀληθινῆς
3315 2703 3598 2774 λατρείας.

2017 2789 2094 2841 Οὐ
2127 2789 2329 2859 μήν,γε’
2358 2791 2700 2862 περιγίνεται
2730 2792 2824 2845 τοῦ
2863 2793 3086 2846 σκοποῦ.
3121 2794 3196 2847 Οὐ
3231 2794 3343 2866 γὰρ
3372 2795 3589 2866 δυνήσε-

2015 2896 2106 2933 ται
2138 2880 2565 2952 ἐκπολιορκῆσαι
2598 2882 2685 2936 διὰ
2712 2882 3266 2954 τδνὺπερασπίζοντα
3292 2886 3600 2957 αὑτῆςΚύ-

2021 2988 2154 3042 ριον.
2185 2970 2338 3042 Τάχα
2366 2971 2424 3025 δὲ
2450 2971 2572 3024 οὐδὲ
2603 2972 2858 3026 δύνανται
2894 2975 3253 3046 συμφωνῆσαι
3290 2968 3458 3041 οὗτοι,
3501 2978 3601 3031 ἐὰν

2023 3060 2096 3131 μὴ
2120 3063 2155 3131 ἡ
2192 3061 2437 3132 ἁμαρτία
2468 3062 2626 3132 ἡμῶν
2674 3062 2966 3136 πλεονάσῃ.
3010 3063 3226 3135 Ἐπειδὴ
3255 3066 3351 3119 καὶ
3381 3067 3601 3120 οἱκατά

2022 3152 2121 3222 τὴν
2163 3151 2401 3222 ἱστορίαν
2444 3152 2938 3222 συμφωνήσαντες,
2989 3152 3049 3205 ὲν
3073 3154 3194 3216 ταῖς
3238 3153 3472 3225 ἡμέραις
3503 3154 3601 3208 τοῦ

2040 3241 2226 3313 Ἀχὰζ,
2257 3243 2357 3314 τὴν
2379 3235 2522 3315 Δπρὸς
2566 3244 2826 3315 ἀλλήλους
2859 3244 3258 3313 ἐπεδείκνυντο,
3284 3247 3602 3316 συμφωνίαν

2027 3337 2114 3392 διὰ
2135 3338 2233 3410 τὴν
2249 3338 2525 3410 ἁμαρτίαν
2556 3337 2879 3408 τοῦ-Ἀχάζ,
2906 3338 2966 3401 ὃς
2987 3338 3088 3390 οὐκ
3113 3338 3338 3409 εποίησε
3362 3338 3424 3391 τὸ
3445 3338 3601 3403 εὖθὲς

2030 3428 2258 3484 ἐνώπιον
2291 3430 2403 3502 (48)
2426 3430 2653 3503 Κυρίου,
2683 3430 2820 3484 ἀλλά
2845 3430 2955 3483 τὸν·
2973 3430 3091 3483 υἱὸν
3130 3429 3294 3484 αὑτοῦ
3326 3430 3517 3499 διῆγεν
3546 3432 3602 3482 ὲν

2031 3522 2183 3591 πυρὶ,
2207 3522 2301 3574 καὶ
2335 3521 2534 3592 ὲθυμία
2567 3524 2624 3574 ὲν
2665 3523 2777 3584 τοῖς
2818 3520 3060 3591 ὑψηλοῖς.
3098 3520 3372 3591 Ταράσσει
3418 3521 3602 3591 μέντοι

2022 3614 2114 3667 τὸν
2142 3608 2290 3667 οἶκον
2319 3612 2518 3678 Δαὸὶδ,
2549 3614 2643 3667 καὶ
2680 3613 2924 3684 ἐξίστησι
2963 3612 3063 3682 τὴν
3102 3610 3282 3682 ψυχὴν
3316 3610 3411 3664 τοῦ
3445 3610 3601 3674 λαοῦ,

2021 3705 2162 3759 ὥστε
2184 3707 2277 3760 καὶ
2311 3705 2421 3777 (49)
2456 3705 2692 3777 ἀκάρπῳ
2737 3704 2878 3776 ξύλῳ
2930 3704 3341 3776 προσεοικέναι,
3379 3702 3470 3756 διὰ
3509 3703 3602 3756 τὸν

2019 3799 2126 3851 ἀπὸ
2142 3799 2240 3869 τῆς
2259 3798 2504 3870 ταραχῆς
2528 3799 2892 3869 ἐγγενόμενον
2918 3796 3126 3859 κλόνον,
3152 3798 3186 3865 ὴ
3212 3796 3319 3849 τῶν
3348 3794 3601 3865 πονηρῶν

2023 3888 2289 3959 βασιλέων
2323 3888 2468 3943 κατά
2520 3889 2629 3942 τῶν
2673 3887 3010 3960 Ἐκκλησιῶν
3053 3887 3408 3961 ἐπιχείρησις.
3458 3886 3600 3940 Ἀλλ’

2021 3981 2168 4051 ὅμως
2200 3982 2229 4033 ό
2254 3979 2635 4052 φιλάνθρωπος
2653 3980 2805 4043 Θεὸς,
2828 3976 3158 4050 θεραπεύων»
3173 3976 3352 4030 αὐτῶν
3377 3974 3475 4046 τὴν
3499 3992 3599 4030 ταο

2025 4071 2218 4142 ραχὴν,
2253 4072 2459 4143 πέμπει
2507 4071 2841 4143 προφητικὸν
2894 4069 3097 4138 λόγον,
3121 4067 3473 4132 ἐξελαύνοντα
3508 4067 3600 4121 τὸν

2024 4161 2189 4229 φόϐον
2218 4160 2328 4215 τῶν
2358 4160 2593 4233 καρδιῶν
2615 4160 2707 4213 τοῦ
2732 4159 2882 4223 λαοῦ,
2904 4158 2993 4212 διὰ
3017 4156 3112 4211 τοῦ
3140 4158 3315 4225 λέγειν
3335 4174 3348 4188 ο
3376 4156 3472 4224 Μὴ
3492 4175 3597 4225 φο-

2031 4254 2162 4317 ϐοῦ,
2198 4254 2355 4323 μηδέ
2380 4255 2419 4322 ἡ
2449 4254 2620 4324 ψυχή
2647 4272 2765 4308 σου
2797 4254 3124 4308 ἁσθενείτω
3173 4252 3291 4306 ἀπὸ
3333 4250 3456 4305 τῶν
3489 4251 3600 4306 δύο

2027 4343 2368 4408 ξύλωνλτῶν
2395 4344 2836 4414 καπνιζομένων
2866 4346 3111 4399 τούτων.

2096 4438 2220 4493 192.
2255 4440 2398 4512 Ὅρα
2434 4439 2491 4492 δὲ
2515 4441 2564 4492 εί
2586 4439 2819 4493 δύνασαι
2840 4438 2933 4490 καὶ
2961 4440 3035 4490 ὲκ·
3052 4436 3152 4506 τῆς
3184 4436 3291 4489 τῶν
3317 4436 3598 4506 ὀνομάτων

2025 4528 2320 4599 ἑρμηνείας
2358 4526 2612 4599 ἀφορμὰς
2662 4527 2844 4581 λαϐεῖν
2890 4524 3011 4578 τοῦ
3046 4524 3126 4576 ἐτι
3174 4524 3498 4595 τρανότερον
3531 4522 3599 4575 τά

2025 4617 2165 4671 κατὰ
2217 4618 2309 4670 τὸν
2358 4618 2521 4671 τόπον
2552 4618 2700 4674 ἰδεῖν.
2755 4613 3147 4687 Ἐρμηνεύεται
3203 4612 3312 4684 γὰρ
3352 4614 3382 4666 ό
3433 4612 3599 4683 Ἀχάζ

1064 4701 1228 4782 ’[[ΙΙΕ⁵
1255 4702 1388 4771 Reg,
1430 4702 1630 4782 κιιὲϐ.
1703 4701 1750 4735 ⁸⁸
1779 4703 1841 4757 llI
1871 4704 2003 4776 Reg.
2042 4727 2139 4776 ιιι,
2186 4711 2286 4777 20;
2341 4710 2398 4765 lll
2433 4708 2566 4782 Reg.
2612 4725 2690 4776 ιι,
2739 4709 2791 4763 4.
2870 4708 2914 4740 ⁸⁷
2949 4707 3078 4761 ibid.
3111 4704 3200 4769 i9,
3240 4704 3385 4773 juxt.
3430 4702 3593 4757 LXX-

1945 4875 1990 4930 D
2023 4878 2108 4921 tus
2132 4874 2214 4919 est
2241 4877 2257 4916 :
2286 4861 2353 4916 Et
2395 4862 2605 4932 quidem
2642 4861 2928 4932 immodica
2971 4857 3226 4932 securitas
3254 4854 3482 4932 turbavit
3510 4860 3597 4910 do-

2021 4942 2162 4994 mum
2218 4926 2441 4986 Darid':
2478 4947 2585 4998 quo
2630 4931 2770 5000 quid
2827 4930 3059 4997 ineptius
3077 4926 3213 5000 _dici
3261 4926 3449 5000 possit,
3487 4942 3593 4980 non

2022 5007 2197 5058 video.
2240 5001 2346 5055 Sed
2378 5002 2423 5056 si
2461 4995 2799 5061 T'ilma‘u'nus,
2849 4995 3036 5053 horum
3066 4995 3594 5051 Commentariorum

2024 5077 2313 5140 interpres,
2343 5087 2408 5125 ex
2444 5071 2567 5140 aliis
2588 5071 2825 5138 quinque
2859 5067 3058 5121 nostris
3084 5064 3358 5140 codicibus
3383 5080 3480 5132 pro
3505 5065 3592 5118 εὐ-

2024 5136 2193 5215 θυμία
2231 5141 2466 5215 legisset,
2494 5136 2721 5215 ἐθυμία,
2742 5136 2882 5215 eum
2923 5149 3030 5190 tam
3073 5136 3311 5215 graviter
3333 5145 3592 5215 peccatu-

2023 5203 2140 5267 rnt'n
2173 5203 2354 5267 fuisse.
2402 5203 2722 5273 nemofnisi
2779 5208 3018 5276 iniquus,
3075 5203 3429 5276 existimabit.
3459 5203 3590 5276 Nam

2023 5282 2180 5338 facile
2237 5279 2591 5334 intellexisset
2646 5273 2951 5347 respexisse
2996 5277 3333 5347 scriptorem
3365 5273 3431 5347 ad
3476 5273 3589 5347 illa,

2017 5369 2136 5421 qua:
2180 5348 2246 5403 ιν
2286 5349 2419 5417 Reg.
2466 5366 2577 5421 xvi,
2604 5348 2658 5421 4,
2695 5340 2942 5421 Ie'gu_ntur
2991 5340 3155 5421 rimi.
3182 5340 3590 5421 seusiaﬁs,_a_cai

2019 5413 2243 5493 ἕθυμίαΔ
2263 5421 2321 5493 εν
2352 5413 2465 5483 τοῖς
2497 5413 2856 5489 ὑψηλοῖς,”Ει
2884 5413 3237 5490 sacriﬁcabat,
3267 5421 3315 5465 et
3348 5413 3588 5467 adolebat

2021 5496 2075 5548 in
2103 5489 2341 5546 excelsis.

2026 5550 2031 5565 ‘
2098 5562 2209 5631 (49)
2231 5557 2465 5631 veteres
2491 5572 2587 5631 sex
2613 5556 2925 5631 libatum
2949 5554 3058 5631 καί.
3090 5553 3254 5631 Abest
3277 5553 3370 5631 καί
3400 5551 3467 5631 ab
3484 5565 3587 5631 ex-

2030 5623 2202 5686 cusis.
2230 5629 2348 5682 Mox
2390 5629 2540 5700 etliti,
2573 5628 2816 5700 ταραχῆς
2855 5625 3161 5700 γενόμενον.
3209 5623 3428 5678 Αιιιὶίιυὶ
3479 5630 3587 5676 tres

2030 5702 2175 5770 libri,
2214 5698 2585 5771 ἐγγενόμενον.
2616 5693 2878 5763 Ᾱιὶἵὶίἐε,
2907 5693 3270 5764 ἐγγινόμενον.
