3808 6212
363 256 461 311 ιιι
1314 246 1656 303 APPENDIX
1694 245 1978 303 opsauu
2019 244 2077 302 s.
2118 244 2366 301 BASZLII
2406 245 2646 303 MAGNI.

3536 246 3651 304 452

364 381 520 432 caput
551 369 825 426 Somorunt
876 368 1019 435 ﬁlius
1054 363 1328 422 Romeliw.
1363 367 1425 420 Et
1456 368 1559 420 nisi
1595 366 1946 429 credideritis,

2073 365 2238 430 ι’κός·
2263 363 2361 417 καί
2392 364 2431 432 ή
2462 362 2699 433 κεφαλὴ
2724 361 3066 432 Δαμασκοῦ,
3095 361 3318 417 Ῥασίν.
3361 361 3521 417 Ἀλλ’
3553 362 3648 415 ἔτι

361 482 466 519 non
491 463 811 532 intelligetis.
843 461 1109 530 Equidem
1141 458 1380 513 arbitrer
1412 458 1705 528 pr0phetas
1734 472 1939 526 nequa-

363 571 524 626 quam
556 555 863 625 percepisse
894 552 1117 606 verbum
1151 552 1240 605 Dei
1270 550 1451 605 sensili
1480 550 1662 603 auditu
1687 562 1783 617 per
1804 549 1947 602 aeris

360 646 797 719 percussionem:
830 644 923 698 sed
956 657 1080 696 cum
1113 642 1307 695 anima:
1349 639 1611 710 spirituali
1644 652 1804 694 aures
1834 653 1945 692 suae

363 753 469 791 non
514 736 721 800 desint,
762 740 829 788 ad
868 734 985 789 illas
1027 734 1163 787 citra
1194 733 1359 786 ultum
1402 746 1596 785 sonum
1636 729 1948 800 pervenisse

362 842 544 881 rerum
588 824 1021 892 signiﬁcatarum
1065 821 1331 875 notitiam.
1370 821 1545 888 Atque
1580 819 1679 871 hoc
1706 817 1786 871 eis
1820 832 1948 871 con-

364 916 603 987 tingebat
653 915 941 984 splendore
981 927 1123 967 verte
1175 913 1311 967 lucis
1357 911 1423 963 ad
1472 924 1660 963 eorum
1710 918 1945 963 mentem

360 1015 726 1084 pertingente,
756 1011 1195 1079 iilustrandisque
1231 1007 1510 1078 prophetis
1551 1005 1944 1060 subserviente.

362 1111 514 1165 Ilanc
549 1121 726 1165 autem
754 1124 937 1164 vocem
974 1108 1341 1177 percipiebant
1388 1105 1464 1168 hi,
1498 1103 1590 1172 qui
1619 1118 1649 1157 a
1699 1102 1948 1158 sensibus

361 1203 693 1270 corruptioni
734 1201 984 1256 obnoxiis
1052 1206 1423 1261 excesserant,
1451 1207 1629 1267 atque
1660 1211 1818 1266 quam
1858 1209 1950 1250 ce-

364 1297 550 1351 leriter
593 1309 623 1349 e
671 1299 908 1363 corpore“
940 1294 1121 1363 egredi
1163 1290 1468 1346 studebant.
1515 1274 1844 1344 Cum‘enim
1893 1288 1945 1340 in

365 1387 675 1442 divinarum
729 1402 907 1441 rerum
946 1383 1399 1453 contemplatione
1432 1390 1677 1436 versatus
1714 1380 1947 1445 animus,

364 1481 433 1533 ab
466 1496 527 1533 ea
570 1494 732 1547 quam
782 1494 903 1532 cum
951 1491 1178 1546 corpore
1230 1475 1393 1529 habet
1450 1471 1849 1527 necessitudine
1895 1480 1946 1524 et

364 1570 743 1638 eonjunctione
776 1585 894 1624 sese
927 1583 1181 1630 avocans,
1214 1568 1364 1620 exire
1399 1565 1634 1619 dicitur:
1670 1578 1793 1618 cum
1820 1577 1949 1615 vero

364 1658 615 1712 humanis
639 1656 913 1711 detinetur
938 1656 1164 1726 negotiis
1204 1654 1285 1707 vel
1327 1654 1395 1707 ob
1439 1651 1798 1706 necessariam
1828 1667 1949 1706 cor-

2046 454 2352 521 ἐξήκοντα
2380 454 2481 509 καί
2505 454 2684 507 πέντε
2721 453 2872 506 ἐτῶν
2902 452 3035 524 (56),
3077 453 3347 521 ἐκλείψει
3384 454 3423 521 ἡ
3455 452 3646 516 βασι-

2044 548 2181 601 λεία
2202 546 2446 615 Ἐρραῒμ
2468 545 2587 599 ἀπὸ
2618 545 2725 599 τοῦ
2746 543 2900 600 λαοῦ
2920 560 2934 573 '
2960 544 3055 597 καὶ
3081 545 3118 613 ἠ
3143 536 3375 613 κεφαλῆ
3394 544 3647 612 Ἐφραῒιι

2048 639 2369 706 Σομόρων·
2432 638 2533 691 καὶ
2567 638 2604 703 ἠ
2654 635 2889 706 κεφαλὴ
2938 637 3218 704 Σομόρων
3266 638 3300 689 ό
3346 636 3480 701 υἱὸς
3533 634 3644 689 τοῦ

2057 726 2381 795 Ῥομελίου.
2398 728 2504 779 Καὶ
2517 725 2720 795 ἐὰνμὴ
2742 728 3125 794 πιστεύσητε,
3140 724 3551 795 οὑδὲμὴσυνῆ
3560 743 3643 779 τε.

2057 820 2329 891 Ἠγοῦμαι
2360 821 2557 884 τοίνυν,
2590 821 2669 873 ὅτι
2696 823 2757 873 οὑ
2789 821 2899 890 (57)
2934 819 3021 872 διὰ
3048 819 3146 890 τῆς
3180 819 3441 889 αἰσθητῆς
3468 820 3643 889 ἀκοῆς

2048 911 2429 982 πλησσομένου
2457 912 2552 965 τοῦ
2577 913 2739 984 ἀέρος
2772 912 3026 964 συνίεσαν
3053 910 3145 963 τὸν
3181 910 3276 963 τοῦ
3312 910 3447 963 Θεοῦ
3477 911 3643 980 λόγον

2047 1003 2094 1053 οἱ
2123 1000 2402 1073 προφῆται
2425 1018 2438 1032 ·
2466 1001 2580 1055 ἀλλ’
2613 1003 2802 1069 ἐπειδή
2827 1005 2974 1058 ἐστιν
3022 999 3136 1059 ὦτα
3186 1005 3383 1077 νοητῆς
3431 1005 3638 1076 ψυχῆς.

2047 1094 2133 1145 ἐπ’
2165 1093 2349 1146 ἐκεῖνα
2400 1092 2599 1163 ἔφθανε
2659 1095 2843 1167 γυμνά
2886 1098 3070 1168 φωνῆς
3122 1096 3191 1151 τὰ
3239 1099 3637 1170 σημαινόμενα.

2048 1187 2158 1238 Καὶ
2188 1185 2348 1238 τοῦτο
2373 1186 2558 1251 αὐτοῖς
2584 1186 2796 1256 ἐγίνετο
2827 1189 2962 1259 (58),
2994 1190 3091 1261 τῆς
3125 1192 3299 1263 αὐγῆς
3323 1192 3417 1245 τοῦ
3448 1193 3644 1264 ἀληθι-

2048 1274 2140 1328 νοῦ
2164 1275 2341 1345 φωτὸς
2364 1276 2675 1349 φθανούσης
2709 1279 2888 1331 αὐτῶν
2920 1280 3014 1332 ἐπὶ
3041 1280 3101 1332 τὸ
3140 1281 3471 1352 ἡγεμονικὸν
3491 1322 3506 1344 ,
3543 1284 3644 1335 καί

2047 1366 2399 1439 διακονούσης
2427 1367 2506 1437 τῷ
2530 1368 2796 1440 φωτισμῷ
2833 1370 2944 1423 τῶν
2970 1371 3278 1442 προφητῶν.
3332 1371 3550 1443 Ταύτης
3580 1371 3643 1424 δὲ

2048 1458 2517 1529 ἀντελαμϐάνοντο
2564 1459 2662 1528 τῆς
2716 1460 2902 1530 φωνῆς
2955 1463 3003 1513 οἱ
3047 1461 3324 1531 γενόμενοι
3369 1462 3474 1529 ἔξω
3526 1462 3644 1515 τῶν

2050 1548 2303 1620 φθαρτῶν
2353 1549 2752 1621 αἰσθητηρίων,
2793 1553 2887 1605 καὶ
2923 1553 2972 1605 0i
3010 1553 3329 1616 σπεύδοντες
3363 1553 3500 1625 πρὸς
3538 1552 3642 1623 τὴν

2054 1641 2161 1695 ἀπὸ
2193 1641 2287 1694 τοῦ
2324 1641 2574 1712 σώματος
2602 1642 2801 1710 ἔξοδον.
2824 1644 2957 1696 Ὅτε
2989 1644 3100 1717 (59)
3129 1645 3226 1715 μὲν
3254 1644 3363 1718 γὰρ
3397 1645 3537 1718 πρὸς
3568 1648 3641 1718 τῇ

363 1749 513 1817 poris
532 1749 872 1812 servitutem,
898 1747 980 1800 vel
1012 1748 1153 1816 quod
1190 1745 1351 1799 rebus
1372 1743 1836 1812 prarstantioribus
1869 1752 1951 1795 at-

2073 1733 2255 1805 ιεωρίᾳ
2288 1732 2395 1786 τῶν
2422 1733 2579 1786 θείων
2615 1735 2824 1802 γίνεται
2854 1737 2887 1806 ἡ
2916 1715 3098 1807 ψυχὴ,
3135 1715 3467 1803 συλλέγουσα
3505 1715 3643 1789 seu;

364 1842 590 1895 tendere
636 1855 741 1894 non
798 1839 1028 1909 amplius
1072 1847 1253 1906 queat,
1304 1836 1456 1906 quasi
1497 1834 1565 1888 ab
1606 1835 1845 1889 externis
1888 1834 1953 1887 ad

366 1933 622 1987 interiora
658 1948 717 1987 se
749 1932 1001 1997 confert;
1050 1930 1277 2000 perinde
1300 1943 1366 1983 ac
1413 1929 1458 1982 si
1508 1928 1771 1994 reciperet
1810 1942 1868 1981 se
1899 1928 1952 1979 in

367 2025 584 2079 dommn
616 2023 905 2093 quamdam
928 2030 1022 2074 aut
1044 2021 1346 2083 civitatem,
1373 2017 1618 2086 corporis
1645 2006 1956 2070 anet-tiones

365 2115 805 2185 participaturus.
839 2112 1102 2179 Quoniam
1130 2110 1293 2180 igitur
1320 2124 1416 2179 par
1444 2118 1564 2163 erat
1590 2116 1649 2162 ut
1673 2107 1767 2162 Dei
1794 2107 1954 2161 verba

367 2208 575 2261 audiret
624 2205 904 2275 prepbeta,
950 2204 1072 2257 ideo
1106 2202 1156 2255 ei
1203 2209 1331 2255 ante
1373 2199 1554 2254 omnia
1592 2199 1794 2253 dictum
1828 2207 1952 2252 est:

369 2274 633 2364 Egredere
678 2305 755 2357 tu,
799 2304 847 2348 et
894 2294 1038 2361 ﬁlius
1072 2300 1215 2344 tuus.
1258 2274 1389 2343 Tale
1421 2298 1505 2344 est
1532 2289 1765 2359 quodam
1799 2289 1957 2341 modo

369 2386 498 2439 illud
523 2385 686 2441 etiam
733 2384 982 2447 Genesis,
1017 2382 1169 2452 juxta
1203 2380 1434 2451 primum
1470 2379 1757 2433 oraculum
1787 2378 1959 2430 Abra-

369 2478 454 2532 Ιιω
485 2477 789 2533 redditum:
848 2472 1112 2544 Egredere
1161 2476 1224 2525 de
1254 2480 1398 2524 terra
1433 2480 1545 2535 (ita,
1591 2479 1638 2523 et
1667 2470 1730 2522 de
1762 2484 1957 2537 cogna-

373 2570 516 2623 tione
547 2578 660 2635 tua,
701 2578 748 2621 et
784 2566 848 2620 de
881 2566 1037 2618 domo
1079 2564 1245 2633 patris
1279 2563 1353 2615 tui
1388 2562 1459 2614 ⁸ο.
1503 2560 1637 2615 Nam
1677 2559 1959 2629 perfectis-

372 2660 546 2713 simus
600 2670 851 2728 egressus
910 2665 997 2709 est
1054 2666 1313 2707 ascensus
1368 2652 1437 2704 ab
1488 2647 1739 2704 omnibus
1797 2647 1959 2700 rebus

373 2749 672 2819 corporeis,
710 2762 829 2818 quae
865 2753 993 2802 sunt
1028 2755 1174 2799 terra
1221 2743 1520 2812 appellatae,
1554 2747 1747 2810 estque
1774 2738 1893 2806 fuga
1928 2753 1958 2790 ιι

376 2841 648 2902 sensibus,
675 2840 767 2909 qui
794 2839 1043 2909 cognatio
1070 2833 1411 2897 suntvoeati,
1432 2840 1487 2886 et
1507 2830 1717 2885 animus
1737 2842 1961 2884 aversus

375 2948 404 2987 a
427 2933 537 2987 vita
562 2931 778 2985 crimini
808 2930 1068 2996 obnoxia,
1095 2927 1149 2982 in
1182 2942 1285 2996 qua
1314 2926 1432 2993 quis
1452 2922 1742 2979 contrariis
1769 2922 1960 2975 studiis

375 3038 496 3091 quae
520 3022 710 3077 domus
740 3019 909 3090 patris
938 3029 1245 3087 nuncupata
1283 3022 1428 3081 sunt,
1466 3028 1585 3069 sese
1618 3014 1767 3083 prius
1807 3013 1960 3067 addi-
1987 3058 2027 3113 ϐ

374 3121 549 3169 xerat.
599 3110 761 3183 524
792 3111 858 3165 Et
900 3109 1060 3178 paulo
1108 3115 1227 3179 post
1273 3108 1532 3175 scriptum
1570 3113 1652 3159 est
1683 3106 1746 3157 de
1767 3104 1954 3158 eodem

371 3204 718 3259 Abrahamo:
760 3201 960 3256 Eduxit
1006 3217 1125 3255 eum
1175 3198 1313 3253 Deus
1353 3196 1499 3267 foras
1539 3196 1607 3249 ".
1663 3193 1953 3262 Postquam

373 3298 517 3353 enim
549 3296 829 3367 conspexit
873 3295 999 3350 illud
1043 3309 1151 3363 quo
1198 3293 1488 3347 tenebatur
1518 3287 1827 3355 egrediendi
1865 3288 1958 3340 de.

372 3386 650 3450 siderinm,
701 3386 814 3457 ipse
860 3400 983 3439 eum
1040 3383 1205 3439 veluti
1249 3397 1407 3435 manu
1449 3379 1602 3434 duxit
1661 3378 1729 3432 ad
1778 3378 1957 3446 operis

346 3461 780 3546 perfectionem.
808 3479 939 3532 Nam
973 3464 1106 3546 opus
1135 3490 1231 3546 per
1256 3490 1315 3529 se
1346 3489 1450 3527 non
1481 3479 1689 3540 poterat
1716 3468 1952 3524 edicere.

375 3571 556 3638 Quare
600 3578 652 3624 et
690 3571 741 3624 in
772 3570 946 3639 primo
976 3577 1270 3638 praacepto,
1303 3565 1347 3620 si
1379 3565 1536 3618 modo
1566 3561 1760 3616 exierit
1785 3559 1952 3625 iuras,

378 3666 638 3717 bonorum
702 3661 1049 3715 fruendorum
1110 3661 1308 3730 accipit
1361 3655 1797 3728 promissionem.
1850 3651 1955 3707 Sed

375 3767 495 3805 cum
534 3752 811 3807 eduxisset
847 3766 969 3807 eum
1010 3751 1171 3815 Deus,
1221 3762 1349 3804 tunc
1393 3748 1567 3819 ipsum
1601 3761 1835 3816 superna
1865 3746 1956 3799 ubi

372 3844 627 3899 Christus
656 3855 760 3909 est,
796 3859 1043 3914 quzerere
1083 3843 1286 3897 docuit.

2052 1825 2150 1895 τὴν
2184 1823 2293 1877 ἀπὸ
2321 1826 2418 1896 τῆς
2444 1825 2580 1895 πρὸς
2600 1825 2660 1878 τὸ
2691 1825 2851 1896 σῶμα
2884 1826 3209 1897 ἐπιπλοκῆς,
3246 1826 3445 1893 ἐξιέναι
3477 1826 3646 1897 λέγε-

2053 1934 2169 1969 ται·
2197 1917 2324 1969 ὅταν
2361 1917 2417 1969 δὲ
2466 1917 2602 1988 πρὸς
2634 1920 2746 1981 τοῖς
2778 1918 3142 1988 ἀνθρωπίνοις
3173 1920 3322 1973 ἐστὶν
3345 1960 3365 1986 ,
3419 1920 3451 1991 ἢ
3493 1920 3646 1975 κατὰ

2054 2008 2114 2061 τὸ
2141 2009 2438 2077 ἀναγκαῖον
2466 2009 2564 2079 τῆς
2595 2008 2691 2062 τοῦ
2719 2008 2970 2080 σώματος
2998 2011 3329 2082 θεραπείας,
3372 2014 3405 2085 ἡ
3442 2012 3533 2067 διά
3575 2016 3646 2067 1";

2060 2099 2135 2170 μὴ
2172 2087 2428 2152 δύνασθαι
2480 2099 2736 2153 ἐπιπλέον
2789 2102 3123 2157 ἐκτείνεσθαι
3184 2103 3321 2176 πρὸς
3353 2105 3421 2159 τὰ
3450 2106 3644 2178 διαφέ-

2061 2209 2240 2263 ροντα,
2273 2192 2438 2245 οἱονεὶ
2470 2191 2667 2257 ἔξωθεν
2685 2194 2778 2246 ἐπὶ
2803 2193 2871 2247 τὰ
2893 2193 3001 2248 ἔσω
3035 2196 3310 2265 πάρεισιν,
3339 2195 3532 2270 ῶσπερ
3557 2198 3644 2261 el;

2058 2285 2235 2337 οίκίαν
2268 2283 2410 2348 τινὰ,
2441 2282 2475 2355 ἢ
2508 2286 2588 2346 εἰς
2617 2284 2771 2339 πόλιν
2802 2286 2937 2356 πρὸς
2963 2285 3063 2358 τὴν
3085 2288 3177 2339 ἐπὶ¹
3214 2288 3275 2341 τὸ
3303 2288 3464 2359 σῶμα
3502 2308 3646 2360 σύμ-

2059 2374 2291 2428 πάθειαν
2337 2373 2765 2445 ἐπιστρέφουσα.
2822 2376 2975 2429 Ἐπεὶ
3026 2372 3119 2430 οὖν
3168 2377 3274 2431 ἔδει
3324 2378 3498 2449 λόγων
3526 2382 3645 2451 (60)

2059 2465 2193 2519 Θεοῦ
2228 2464 2456 2519 ἀκοῦσαι
2486 2465 2577 2519 τὸν
2609 2468 2913 2536 προφήτην,
2959 2466 3047 2520 διὰ
3073 2467 3232 2522 τοῦτο
3269 2468 3375 2541 πρὸ
3421 2469 3646 2523 πάντων

2057 2553 2207 2626 αὐτῷ
2225 2553 2438 2625 εἴρηται
2473 2555 2552 2620 τὸ,
2581 2554 2834 2619 Ἔξελθε
2856 2555 2941 2608 σὺ
2971 2555 3071 2609 καὶ
3109 2558 3143 2609 δ
3170 2558 3301 2622 υἱός
3341 2573 3478 2611 σου.
3516 2557 3648 2610 Τοι-

2058 2645 2211 2701 οῦτον
2236 2646 2292 2700 δέ
2331 2645 2448 2709 πώς
2472 2648 2587 2700 ἐστι
2617 2647 2711 2699 καὶ
2735 2646 2795 2699 τὸ
2820 2648 2878 2699 ἐν
2900 2647 3119 2701 Γενέσει
3136 2647 3275 2701 κατὰ
3304 2648 3396 2700 τὸν
3424 2649 3648 2719 πρῶτον

2059 2737 2443 2813 χρηματισμὸν
2489 2741 2781 2812 εἰρημένον
2828 2741 2907 2812 τῷ
2950 2740 3234 2814 Ἀσραάμο
3293 2743 3540 2807 Ἔξελθε
3571 2744 3650 2798 ἐκ

2059 2833 2169 2901 τῆς
2199 2832 2314 2902 γῆς
2335 2848 2472 2898 σου,
2496 2832 2593 2886 καὶ
2616 2833 2685 2887 ἐκ
2720 2833 2831 2901 τῆς
2862 2836 3218 2906 συγγενείας
3243 2849 3393 2898 σου,
3430 2835 3531 2888 καὶ
3572 2836 3651 2891 ἐκ

2058 2923 2167 2978 τοῦ
2200 2925 2371 2977 οἴκου
2406 2923 2513 2978 τοῦ
2583 2928 2809 2995 πατρός
2848 2942 2986 2981 σου.
3034 2926 3358 2999 Τελειοτάτη
3400 2929 3509 2999 γὰρ
3560 2928 3655 2994 ἐξ-

2059 3015 2178 3079 οδος
2207 3015 2343 3083 (61),
2374 3017 2406 3087 ἡ
2440 3015 2549 3070 ἀπὸ
2587 3017 2804 3071 πάντων
2840 3017 2950 3071 τῶν
2984 3021 3311 3092 σωματικῶν
3353 3021 3648 3087 ἀνάϐασις,

2063 3107 2219 3161 ἅτινα
2245 3107 2460 3178 εἴρηται
2484 3108 2586 3180 γῆ·
2619 3110 2764 3181 καὶὴ
2798 3111 2905 3165 ἀπὸ
2936 3111 3044 3164 τῶν
3075 3113 3444 3185 αἰσθητηρίων
3468 3115 3647 3186 φυγὴ,

2061 3199 2203 3269 ἅπερ
2254 3198 2566 3269 ὠνόμασται
2602 3201 2922 3269 συγγένεια·
2960 3202 3055 3255 καὶ
3112 3203 3173 3256 τὸ
3222 3205 3652 3275 ἀποστραφῆναι.

2059 3290 2151 3343 τὸν
2189 3288 2437 3343 ὑπαίτιον
2471 3289 2606 3361 βίον,
2642 3293 2699 3344 ἐν
2732 3283 2777 3359 ᾧ
2802 3292 3046 3363 ᾠκείωτο
3080 3293 3188 3363 (62)
3234 3294 3500 3366 πρότερον
3530 3298 3651 3359 τοῖς

2060 3381 2322 3444 ἐναντίοις
2351 3382 2792 3454 ἐπιτηδεύμασιν,
2824 3383 2967 3457 ἅπερ
3005 3380 3153 3450 οἶκος
3181 3387 3392 3457 εἴρηται
3412 3387 3507 3440 τοῦ
3540 3406 3656 3440 πα-

2061 3474 2209 3544 τρός.
2263 3474 2374 3527 Καὶ
2410 3476 2527 3546 μετ’
2548 3475 2728 3545 ὀλίγον
2756 3476 2813 3529 δέ
2865 3476 3116 3549 περὶτοῦ
3174 3477 3339 3531 αὐτοῦ
3387 3477 3651 3549 Ἀϐραὰμ

2059 3560 2405 3636 γέγραπται,
2471 3567 2551 3620 ὅτι
2615 3566 2942 3639 Ἐξήγαγεν
2986 3569 3174 3623 αὐτὸν
3222 3573 3255 3623 ό
3310 3570 3454 3633 Θεὸς
3498 3570 3647 3634 ἐξω.

2073 3654 2290 3726 Ἐπειδὴ
2315 3654 2421 3726 γὰρ
2446 3651 2582 3710 εἶδεν
2608 3657 2772 3710 αὑτοῦ
2800 3659 2900 3729 τὴν
2944 3659 3081 3729 πρὸς
3124 3657 3184 3712 τὸ
3223 3658 3459 3726 ἐξελθεῖν
3504 3677 3651 3731 προ-

2064 3743 2283 3815 θυμίαν,
2321 3747 2483 3810 αὐτὸς
2515 3747 2676 3801 αὐτὸν
2707 3748 2841 3819 πρὸς
2869 3749 2930 3801 τὸ
2970 3749 3177 3802 τέλειον
3217 3752 3314 3821 τῆς
3360 3751 3653 3821 ἐνεργείας

2065 3836 2527 3908 ἐχειραγώγησεν.
2559 3840 2729 3903 Αὐτὸς
2754 3840 2865 3912 γὰρ
2902 3841 3024 3894 καθ’
3053 3841 3245 3894 ἐαυτὸν
3286 3842 3385 3910 οὐχ
3411 3835 3525 3904 οἰός
3580 3859 3651 3895 τε

373 3935 442 4009 ῆν
468 3937 710 4009 ποιῆσαι.
736 3939 835 3993 Διὰ
852 3939 1028 4003 τοῦτο,
1064 3938 1159 3992 καὶ
1194 3939 1285 3992 ἐπὶ
1315 3939 1415 4010 μὲν
1469 3938 1563 3992 τοῦ
1599 3934 1816 4009 πρώτου
1873 3936 2314 4002 προστάγματος,
2372 3936 2419 3986 εί
2455 3933 2657 3998 ἐξέλθοι
2692 3934 2817 4000 ἔξω,
2876 3934 3210 4003 ἐπαγγελίαν
3231 3933 3499 4006 λαμϐάνει
3541 3934 3654 4007 τῆς

375 4029 746 4093 ἀπολαύσεως.
779 4029 907 4083 Ὅτε
944 4028 1001 4081 δὲ
1030 4028 1296 4101 ἐξήγαγεν
1334 4029 1499 4082 αὐτὸν
1531 4032 1559 4083 ὁ
1591 4028 1743 4091 Θεὸς,
1771 4024 2049 4079 ἐδίδασκεν
2076 4024 2238 4078 αὑτὸν
2267 4026 2334 4078 τὰ
2366 4025 2477 4080 ἄνω
2507 4025 2710 4098 ζητεῖν,
2737 4019 2799 4080 οὗ
2832 4029 2861 4080 ὁ
2889 4025 3127 4099 Χριστός
3157 4028 3328 4081 ἐστιν.

447 4119 571 4176 194.
604 4118 742 4186 Quin
772 4128 829 4174 et
869 4118 1045 4174 Moses
1089 4135 1211 4172 cum
1262 4134 1322 4173 se
1373 4120 1441 4174 ab
1492 4118 1951 4172 administratione

2134 4115 2254 4171 194.
2292 4117 2402 4170 Καὶ
2426 4117 2630 4187 Μωσῆς
2646 4118 2723 4182 δὲ,
2752 4118 2839 4172 ὅτε
2866 4119 2975 4172 τῶν
3006 4118 3361 4189 ἀνθρωπίνων
3382 4117 3487 4184 ἔξω
3516 4121 3656 4189 ἐγέ-

375 4212 733 4267 humanarum
763 4226 940 4265 rerum
968 4212 1350 4276 submovisset,
1391 4222 1734 4280 mentemque
1762 4219 1950 4264 contu-

380 4306 526 4359 lisset
570 4301 638 4356 ad
675 4302 979 4357 divinorum
1032 4301 1372 4370 eloquiorum
1422 4301 1951 4371 contemplationem,

379 4395 536 4465 longe
582 4407 611 4445 a
656 4391 851 4447 castris
896 4391 1297 4446 tabernaculum
1350 4402 1507 4445 suum
1560 4391 1677 4445 tixit
1706 4390 1773 4445 η.
1804 4391 1953 4458 Qua-

381 4495 600 4554 propter
632 4483 880 4553 quisquis
919 4483 1196 4553 quterebat
1242 4481 1547 4547 Dominum,
1599 4482 1667 4538 ad
1707 4487 1957 4538 taberna-

380 4575 559 4630 culum
581 4575 982 4646 egrediebatur.
1013 4575 1196 4645 ltaque
1225 4574 1316 4645 qui
1357 4588 1417 4628 se
1449 4573 1736 4645 plurimum
1773 4588 1952 4629 remo-

446 4754 495 4788 ⁸⁸
540 4753 675 4811 Gen.
708 4770 810 4821 xu,
844 4757 898 4812 ‘l.
970 4755 1015 4788 "
1055 4756 1192 4815 Gen.
1237 4773 1328 4825 xv,
1354 4758 1407 4813 5.
1476 4757 1522 4789 ⁸³
1565 4754 1738 4809 Exod.
1771 4771 1963 4821 χχχιιι,
2006 4786 2050 4813 ι.

450 4936 563 4998 (53)
585 4935 768 4993 Codex
790 4949 953 5007 unus,
978 4933 1091 5007 ἐτη.

450 5007 562 5076 (57)
590 5007 750 5074 Editi,
786 5004 925 5076 οὐχί.
958 5008 1026 5059 At
1060 5004 1479 5076 iussiqninque,
1505 5007 1598 5060 ού.

453 5074 564 5149 (58)
612 5076 685 5131 Ita
729 5074 883 5149 mss;
907 5090 1117 5130 omnes.
1150 5074 1602 5149 _Editi._é~{évs:o.
1653 5074 1952 5145 Aliquanto

381 5144 508 5218 post
525 5144 648 5218 tres,
666 5162 821 5210 mss.,
845 5144 1263 5218 διακονουμένης
1290 5144 1388 5218 τῷ.

455 5216 569 5287 (59)
600 5217 952 5287 Yeteres_sex
979 5216 1123 5279 libri,
1153 5215 1263 5270 ὅτε.
1290 5216 1451 5287 Editi,
1478 5215 1628 5287 ὅταν.

452 5282 733 5359 (60)εὰὴῆ
765 5285 989 5359 etﬁeg.
1010 5286 1300 5359 secundus,
1348 5282 1526 5355 λόγον.
1566 5286 1667 5359 Alii
1707 5286 1947 5355 quinque

382 5354 772 5425 ιιιεεηλόγων.
819 5354 945 5409 Hoc
977 5356 1096 5425 ipso
1139 5356 1192 5409 in
1238 5355 1358 5410 loco
1407 5354 1580 5410 nostri
1640 5354 1735 5410 ses
1793 5370 1948 5423 mss.,

381 5426 634 5483 ἀκοῦσαι.
650 5423 830 5487 Ειιίιὶ,
859 5423 1097 5478 ἀκούειν.

383 5496 565 5622 rs(6')
598 5495 757 5562 Ειιίιίν
790 5497 825 5566 ἡ
858 5493 1053 5559 ἔξοδος.
1095 5494 1258 5550 Deest
1294 5494 1550 5551 articulus
1583 5494 1634 5550 in
1670 5494 1954 5567 pervulga.

408 5584 422 5621 Ι
456 5606 472 5619 ο

455 5636 565 5708 ((32)
598 5636 732 5693 Editi
769 5644 823 5691 et
854 5644 964 5691 tres
996 5648 1124 5692 mss.
1166 5644 1419 5706 corrupte
1457 5634 1665 5692 duabus
1711 5635 1951 5701 vocibus,

2064 4224 2183 4260 νετο
2212 4206 2341 4278 (63),
2378 4208 2763 4279 ἀποσχολάζων
2792 4208 2871 4280 τῷ
2900 4208 2976 4280 νῷ
2993 4210 3130 4281 πρὸς
3151 4209 3249 4280 τὴν
3273 4208 3502 4281 θεωρίαν
3531 4210 3656 4265 τῶν

2053 4298 2269 4369 λογίων,
2301 4300 2499 4371 ἔπηξεν
2528 4302 2632 4369 ἔξω
2653 4303 2753 4373 τῆς
2769 4301 3120 4377 παρεμϐολῆς
3146 4302 3366 4374 μακρὰν
3394 4302 3490 4373 τὴν
3515 4305 3657 4357 ἐαυ-

2053 4394 2147 4449 τοῦ
2184 4397 2406 4467 σκηνήν.
2443 4395 2535 4449 Διὸ
2568 4395 2663 4448 καί
2692 4396 2799 4459 πᾶς
2834 4396 2864 4448 ὁ
2897 4394 3075 4467 ζητῶν
3099 4394 3191 4448 τὸν
3217 4393 3420 4466 Κύριον
3452 4393 3655 4460 ἐξεπο-

2058 4485 2244 4558 ρεύετο
2269 4489 2348 4550 εἰς
2371 4486 2471 4558 τὴν
2498 4489 2724 4558 σκηνήν.
2760 4488 2923 4540 Ὥστε
2954 4488 2982 4541 ὀ
3004 4486 3259 4540 ἐπιπλέον
3298 4486 3654 4558 διαϐεϐηκὼς

2056 4577 2164 4631 ἀπὸ
2181 4576 2288 4631 τῶν
2318 4577 2694 4650 ἀνθρωπίνων,
2722 4578 2827 4645 ἔξω
2846 4580 2944 4651 τὴν
2967 4578 3158 4635 ἐαυτοῦ
3185 4579 3489 4651 καταπήξει
3513 4596 3653 4652 σκη-

2057 4937 2240 5008 οἱκείῳ
2267 4937 2353 4990 τό·
2404 4937 2548 5007 quod
2598 4937 2961 5008 vitium_cum
3010 4951 3119 4993 non
3151 4937 3653 4994 animadverteret.

2055 5006 2437 5071 Cuntbetlsius,
2486 5023 2720 5076 cumque
2792 5006 3061 5062 Tdmanni
3137 5009 3650 5074 interpretationem

2056 5079 2349 5133 emendare
2383 5077 2566 5143 vellet,
2602 5079 2820 5131 meliora
2850 5094 2954 5133 non
2987 5078 3227 5145 protulit.
3263 5078 3354 5131 Sic
3382 5079 3528 5130 enim
3557 5080 3651 5131 in-

2059 5156 2386 5217 terpretatur
2416 5149 2499 5200 vir
2531 5149 2733 5215 alioqui
2770 5147 2963 5217 linguae
3009 5146 3212 5202 Graeca!
3255 5148 3647 5215 peritissimus.

2059 5216 2196 5281 Qute
2214 5218 2359 5282 prius
2388 5218 2495 5287 vita
2516 5218 2727 5286 propria
2757 5216 2869 5270 erat
2896 5234 2915 5272 :
2945 5218 3000 5271 in
3024 5234 3128 5287 qua
3151 5218 3334 5286 agebat
3363 5225 3420 5269 ut
3450 5232 3550 5269 sua
3579 5234 3650 5269 ac

2055 5290 2288 5355 propria.
2333 5291 2404 5341 At
2433 5286 2582 5357 Regii
2630 5287 2900 5357 secundus
2943 5297 2997 5340 et
3036 5286 3263 5355 quartus
3311 5302 3433 5340 cum
3481 5287 3648 5341 (ἔθη).

2057 5357 2293 5410 secundo
2337 5356 2641 5422 coniuncte,
2669 5356 2933 5427 ᾠκείωτο,
2975 5357 3031 5410 in
3060 5373 3161 5426 qua
3186 5358 3302 5425 quis
3321 5358 3470 5424 prius
3507 5372 3649 5409 con-

2058 5428 2238 5479 trariis
2266 5428 2460 5480 studiis
2507 5443 2617 5480 sese
2648 5429 2930 5480 addixerat
2988 5442 3007 5480 :
3048 5442 3168 5494 quas
3197 5429 3465 5496 scriptura
3505 5428 3645 5494 quin

2059 5496 2217 5564 plane
2243 5499 2448 5566 integra
2486 5507 2541 5550 et
2576 5498 2887 5567 incorrupta
2915 5496 3005 5562 sit,
3044 5497 3411 5552 dubitaturum
3446 5512 3653 5568 quem-

2058 5581 2221 5635 quam
2248 5582 2351 5619 non
2381 5577 2527 5632 puto.

2134 5636 2245 5708 (63)
2273 5635 2492 5695 Veteres
2552 5635 2753 5707 aliquot
2781 5634 2927 5706 libri,
2975 5635 3204 5704 ἐγίνετο.

3784 1456 3802 1665 l
