3808 6212
344 210 452 272 όεὸ

1296 219 1641 276 APPENDIX
1680 219 1968 278 OPERUM
2012 221 2069 277 S.
2110 219 2353 277 BASILII
2395 221 2633 277 MAGNI.

3514 214 3626 273 sou

350 332 473 395 tuti,
526 332 663 401 ignis
717 332 1002 402 splendore
1046 333 1257 401 praediti
1304 350 1408 389 non
1460 343 1621 400 sunt,
1672 335 1766 389 sed
1809 351 1909 390 sun

2035 353 2124 399 τες
2146 336 2244 405 μὲν
2271 336 2367 390 τοῦ
2386 336 2556 405 φυτοῦ
2588 336 2648 390 τὸ
2675 336 2926 401 ζωτικὸν,
2951 333 3046 388 καὶ
3070 332 3164 388 τοῦ
3186 331 3345 400 ξῦλου
3373 329 3436 384 τδ
3467 330 3627 398 ἰσχυ-

349 422 568 478 titiones
616 422 979 494 fumigantes,
1025 427 1115 494 qui
1175 441 1271 481 eos
1319 442 1349 480 a
1396 424 1594 494 quibus
1642 426 1936 499 tanguntur

347 515 665 584 denigrant,
723 516 1144 585 macula‘nt‘que,
1202 526 1257 571 et
1305 518 1493 572 oculos
1542 520 1643 574 sibi
1693 522 1936 589 proxime

347 605 719 660 accedentium
751 614 1046 674 provocant
1071 609 1138 660 ad
1178 607 1470 680 lacrymas.
1500 608 1653 674 Quod
1693 612 1738 665 si
1777 627 1937 667 noxse

345 696 738 766 visqnantum
795 697 987 752 all‘erat
1049 699 1361 754 detrimenti
1433 701 1613 757 fumus
1685 703 1933 757 titionnm

344 786 741 859 furnigantium,
772 790 1082 845 memineris
1104 828 1107 831 -
1126 791 1456 857 Salomonis,
1484 794 1575 862 qui
1596 794 1757 848 dicit:
1784 796 1934 851 Sicut

344 897 446 933 uva
497 880 683 933 acenba
712 881 969 940 .deutibus
1003 892 1080 935 est
1116 884 1298 949 noxia,
1328 893 1376 937 et
1402 886 1583 954 fumus
1607 888 1817 941 oculis:
1860 890 1934 943 sic

341 970 594 1043 iniquitas
605 974 679 1027 eis
697 976 786 1043 qui
807 984 1095 1029 utunturea
1110 977 1177 1030 δ’.
1196 977 1504 1044 Enimvero,
1518 980 1731 1049 opinor,
1746 996 1937 1049 pecca-

343 1074 456 1118 tum
518 1066 578 1118 in
631 1067 884 1134 nequitiae
941 1068 1249 1122 actionibus
1305 1068 1510 1135 situm,
1561 1081 1788 1125 vocatur
1830 1088 1931 1127 uva

343 1153 536 1208 acerba
568 1174 581 1209 :
614 1169 753 1208 noxa
787 1169 918 1208 vero
952 1171 981 1209 a
1024 1156 1158 1209 falsa
1210 1157 1436 1211 scientia
1479 1167 1660 1213 ortum
1707 1160 1930 1228 habens,

342 1261 408 1301 ac
448 1247 645 1301 mentis
690 1257 892 1301 nostra:
941 1249 1047 1301 vim
1095 1250 1308 1305 videndi
1360 1249 1719 1317 confundens,
1754 1253 1934 1308 fumus

342 1338 562 1391 dicitur.
608 1337 739 1391 Cum
783 1350 960 1391 autem
1001 1340 1316 1406 existiterit,
1366 1342 1560 1410 inquit,
1613 1342 1695 1395 ira
1734 1343 1933 1411 furoris

342 1431 465 1491 ntei,
485 1446 691 1482 rursum
719 1430 940 1484 saunbo.
966 1430 1080 1484 Hoc
1106 1441 1210 1496 est,
1242 1442 1361 1502 post
1396 1432 1579 1502 plagas
1603 1436 1927 1488 emendandi

341 1535 503 1574 causa
550 1518 807 1585 inﬂictas,
841 1522 928 1573 ubi
977 1521 1225 1574 idoneam
1261 1536 1324 1575 ac
1358 1522 1707 1577 sullicientem
1743 1524 1930 1578 videro

341 1613 792 1669 emendationem.
840 1627 944 1665 non
998 1613 1172 1666 sinam
1223 1628 1317 1668 eos
1365 1614 1538 1681 pugnis
1592 1615 1926 1684 gravioribus

2040 426 2152 497 ρον,
2190 427 2264 498 μὴ
2290 427 2504 497 ἔχοντες
2529 428 2587 480 δὲ
2614 428 2674 481 τὸ
2699 427 2791 481 τοῦ
2822 427 2993 497 πυρὸς
3021 423 3280 493 φωτεινόν
3302 420 3441 492 (70),
3476 418 3623 471 ἀλλὰ

2035 516 2183 569 δαλο¹ι¹
2211 516 2617 588 καπνιζόμενοι,
2673 517 3019 588 μελαίνοντες
3054 514 3154 585 μὲν
3196 513 3321 575 τοὺς
3368 507 3624 579 ἁπτομέ-

2035 625 2154 672 νους
2183 609 2362 664 αὐτῶν
2394 610 2484 664 καὶ
2516 609 2854 674 σπιλοῦντες,
2889 606 3148 676 δακρύειν
3174 606 3231 659 δὲ
3257 605 3385 663 τοὺς
3408 600 3619 669 ὀφθαλ-

2039 703 2174 771 μοὺς
2196 702 2303 755 τῶν
2331 702 2656 771 ἐγγιζόντων
2690 699 3223 773 παρασκευάζοντες.
3258 696 3320 749 Εἰ
3350 694 3405 747 δὲ
3439 691 3623 753 θέλεις

2034 792 2227 862 νοῆσαι
2265 793 2364 862 τὴν
2397 792 2505 845 ἀπὸ
2560 791 2670 844 τῶν
2725 788 3140 859 καπνιζομένων
3175 785 3349 840 δαλῶν
3409 781 3621 853 βλάϐην

2034 884 2323 953 γινομένην
2357 882 2466 935 ἀπὸ
2497 881 2589 935 τοῦ
2618 883 2676 934 ὲν
2708 882 2888 945 αὐτοῖς
2920 878 3166 942 καπνοῦ,
3219 874 3487 948 μνήσθητι
3519 870 3619 924 τοῦ

2033 973 2377 1044 Σολομῶντος
2397 973 2645 1041 λέγοντος
2664 989 2679 1005 ο
2715 973 2941 1041 Ὥσπερ
2975 970 3173 1040 ὄμφαξ
3202 967 3413 1021 ὀδοῦσι
3451 965 3618 1028 ,βλα-

2033 1064 2229 1132 ϐερὸν,
2251 1064 2348 1117 καὶ
2374 1064 2605 1129 καπνὸς
2624 1063 2886 1133 ὖμμασιν
2904 1081 2918 1094 θ
2943 1063 3098 1115 οὕτω
3123 1058 3461 1128 παρανομία
3487 1054 3621 1119 τοῖς

2033 1154 2355 1224 χρωμένοις
2396 1154 2571 1223 αὐτῇ.
2620 1152 2787 1226 Οἶμαι
2813 1154 2921 1226 γὰρ
2951 1153 3177 1223 δμφακα
3212 1151 3309 1222 μὲν
3358 1144 3618 1218 εἰρῆσθαι

2031 1245 2128 1315 τὴν
2161 1246 2267 1298 ἀπὸ
2290 1246 2398 1300 τῶν
2428 1247 2527 1317 τῆς
2554 1247 2755 1310 κακίας
2783 1246 3037 1317 πράξεων
3067 1242 3361 1314 ἁμαρτίαν,
3402 1236 3618 1292 καπνὸν

2030 1334 2088 1388 δὲ
2115 1335 2212 1407 τὴν
2246 1336 2354 1390 ἀπὸ
2409 1338 2510 1407 τῆς
2536 1338 2887 1408 ψευδωνύμου
2923 1336 3177 1407 γνώσεως
3204 1333 3429 1404 βλάϐην,
3458 1329 3588 1384 τὸδι
3605 1357 3620 1367 ο

2028 1428 2280 1497 ορατικὸν
2307 1428 2408 1498 τῆς
2437 1428 2615 1500 ψυχῆς
2643 1430 2798 1501 ἡμῶν
2827 1429 3181 1500 συγχέουσαν.
3200 1427 3388 1479 ’Ὅταν
3425 1422 3497 1476 δὲ
3514 1421 3614 1493 γέ-

2028 1535 2221 1585 νηται,
2250 1520 2433 1590 φησὶν,
2459 1521 2606 1590 ὀργὴ
2632 1521 2738 1574 τοῦ
2760 1520 2950 1589 θυμοῦ
2968 1537 3109 1588 μου,
3135 1516 3319 1572 πάλιν
3342 1515 3611 1583 ίάσομαι.

2030 1609 2309 1673 Τουτέστι,
2344 1612 2482 1681 μετὰ
2503 1612 2601 1675 τὰς
2624 1608 3054 1684 ἐπιστρεπτικὰς
3084 1609 3297 1678 πληγὰς
3322 1647 3337 1672 ,
3384 1606 3615 1659 ἐπειδάν

341 1701 613 1768 alliictari;
644 1702 800 1771 quasi
840 1702 1056 1772 mgmtis
1086 1704 1233 1756 dicat
1263 1704 1525 1757 medicus:
1558 1704 1657 1759 Ubi
1690 1705 1912 1773 primum

2035 1701 2226 1765 ἱκανῶς
2258 1702 2489 1773 ἔχουσαν
2520 1704 2615 1757 ἴδω
2643 1704 2741 1775 τὴν
2771 1704 3078 1774 διόρθωσιν,
3126 1704 3227 1755 οὐκ
3270 1701 3468 1770 ἀφήσω
3513 1699 3617 1751 αῦ-

339 1809 585 1858 secuero,
612 1807 664 1848 et
696 1794 983 1848 admovero
1010 1795 1328 1860 cauterium,
1383 1811 1557 1864 neque
1602 1804 1783 1866 partes
1835 1813 1922 1851 sc-

340 1894 476 1949 ctas,
519 1898 691 1952 neque
735 1883 916 1938 ulcera
963 1898 1030 1935 ex
1078 1884 1304 1938 cauterii
1356 1885 1566 1937 ustione
1591 1886 1923 1939 remanentia

339 1977 625 2047 negligam.
658 1974 953 2042 Postquam
980 1975 1127 2028 enim
1160 1976 1223 2028 id-
1246 1974 1408 2029 fuerit
1436 1974 1658 2041 factum,
1689 1977 1758 2031 ob
1780 1979 1923 2047 quod

339 2076 636 2122 nascuntur
665 2068 943 2131 molestiae,
974 2076 1090 2121 tum
1116 2066 1331 2119 demum
1365 2066 1627 2122 medelam
1661 2067 1921 2139 reliquam

337 2156 620 2220 inducens,
656 2157 935 2211 restituam
964 2153 1277 2210 sanitatem.

407 2439 530 2495 I96.
567 2438 631 2491 Et
681 2437 825 2506 filius
860 2437 1021 2489 Aram
1057 2445 1105 2488 et
1137 2435 1283 2500 ﬁlius
1347 2433 1616 2498 Romeliw,
1645 2435 1898 2497 quoniam

335 2530 570 2584 inierunt
632 2528 919 2581 consilium
975 2526 1198 2589 malum,
1249 2526 1914 2583 dicentes:-Asr_endemus

336 2621 394 2675 in
424 2619 671 2674 Judteant
707 2627 755 2670 et
792 2616 1145 2685 colloquentes
1178 2630 1297 2667 cum
1338 2615 1437 2679 eis,
1483 2622 1782 2667 avertemus
1826 2631 1915 2667 eos

336 2711 407 2765 ad
447 2725 562 2772 nos,
591 2718 640 2762 et
680 2710 1056 2761 constituemus
1088 2722 1262 2774 regem
1295 2706 1411 2774 ejus
1468 2705 1645 2772 ﬁlium
1698 2704 1914 2759 Tabeel.

338 2802 470 2857 Hac
505 2812 681 2854 autem
733 2799 862 2852 dicit
919 2797 1177 2850 Dominus
1231 2794 1501 2850 Sabaoth:
1531 2797 1654 2850 Non
1683 2797 1912 2851 manebit

327 2882 620 2948 consilium
655 2892 775 2952 hoc,
813 2906 975 2959 neque
1004 2890 1124 2942 erit.
1175 2888 1457 2957 Siquidem
1492 2889 1598 2942 duo
1630 2904 1914 2942 sermones

336 3000 365 3036 a
398 2983 630 3036 veritate
672 2980 837 3033 alieni
891 2980 1205 3046 conspirant
1259 2978 1524 3032 adversus
1579 2977 1907 3045 Ecclesiam,

339 3084 453 3128 tum
508 3070 651 3126 ﬁlius
690 3071 878 3134 Aram,
915 3084 1009 3122 seu
1073 3081 1256 3122 sermo
1310 3068 1588 3134 sublimis,
1652 3069 1916 3124 adversus

338 3166 438 3220 Dei
476 3164 764 3219 scientiam
800 3176 922 3217 sese
950 3160 1273 3223 ellerens“,
1306 3171 1418 3213 tum
1455 3159 1597 3215 lilius
1629 3159 1913 3226 Romelize,

334 3272 430 3313 seu
468 3257 626 3312 elatze
656 3254 1334 3316 circumcisionis‘sermo,
1367 3252 1458 3321 qui
1492 3253 1739 3307 scientiae
1771 3269 1911 3322 prae-

336 3362 512 3414 textu,
544 3364 608 3403 ac
633 3347 896 3402 doctrina:
921 3344 1133 3398 altioris
1172 3345 1376 3412 specie,
1404 3364 1431 3396 a
1461 3346 1693 3398 veritate
1726 3344 1915 3398 Eccle-
1950 3370 1953 3381 ι

337 3441 432 3495 size
489 3438 581 3494 Dei
632 3433 1131 3490 avocatziuierunt
1191 3432 1357 3501 igitur
1393 3432 1446 3485 bi
1488 3431 1774 3487 consilium
1800 3446 1918 3499 pra-

334 3545 484 3595 vum,
516 3529 660 3583 ineo
696 3524 839 3595 quod
876 3525 984 3578 sint
1007 3522 1207 3578 ludam
1234 3522 1489 3592 populum
1539 3521 1783 3586 allocuti,
1812 3522 1917 3576 hoc

334 3630 441 3689 est,
476 3635 591 3685 eos,
622 3632 856 3689 quorum
909 3615 1177 3670 conﬁtens
1207 3621 1291 3668 est
1334 3612 1539 3667 anima.
1567 3612 1782 3667 Etenim
1820 3613 1912 3667 Dei

334 3712 613 3770 confessio
663 3708 1137 3765 transnominatur
1184 3704 1393 3772 Judaea,
1436 3719 1598 3775 quam
1652 3707 1916 3760 suasoriis

338 3807 637 3863 dialecticae
675 3803 904 3874 argutiis
952 3813 1269 3856 avertemus
1325 3800 1392 3854 ad
1438 3815 1559 3865 nos,
1594 3799 1916 3870 pollicentes

339 3899 563 3951 daturos
590 3910 707 3957 nos,
755 3909 860 3948 non
910 3893 1077 3947 alium
1113 3906 1320 3961 regem,
1354 3892 1458 3946 nisi
1494 3892 1661 3946 lilium
1691 3891 1913 3958 Tabeel,

338 3992 442 4045 hoc
482 3999 587 4056 est,
637 3987 801 4040 [ilium
850 3985 975 4040 boni
1030 3985 1162 4051 Dei;
1198 3999 1357 4053 quem
1401 3985 1617 4053 quidem
1664 3983 1759 4037 Dei
1790 3984 1913 4037 boni

339 4083 507 4135 lilium
545 4080 753 4145 dicunt,
806 4078 980 4145 ipsum
1017 4090 1150 4130 vero
1208 4090 1315 4129 non
1360 4076 1644 4129 nominant
1687 4076 1912 4136 bonum,

339 4172 584 4242 improbe
629 4171 770 4225 hanc
801 4166 1080 4236 Evangelii
1125 4179 1313 4220 vocem
1366 4165 1695 4232 accipientes
1727 4181 1742 4217 :
1774 4164 1914 4228 Quid

335 4278 419 4319 use
460 4263 592 4315 dicis
643 4258 876 4312 bonum?
930 4256 1101 4311 Nemo
1157 4255 1321 4309 bonus
1353 4257 1456 4309 nisi
1489 4256 1634 4309 solus
1692 4253 1913 4308 Deus“.

1945 3026 1986 3081 C

2025 1793 2152 1856 τοὺς
2177 1795 2234 1847 ὲν
2262 1797 2375 1858 τοῖς
2415 1794 2891 1866 σκυθρωποτέροις
2911 1812 2926 1826 °
2973 1794 3162 1865 ὥσπερ
3193 1793 3258 1846 ἂν
3295 1794 3346 1845 εί
3378 1791 3471 1844 καὶ
3528 1791 3618 1842 ία-

2025 1883 2152 1953 τρδς
2186 1882 2334 1953 λέγοι
2378 1883 2489 1954 (Ἠ)
2528 1887 2641 1948 τοῖς
2693 1886 2992 1957 κάμνουσιν
3015 1899 3034 1916 ο
3057 1886 3224 1938 Ὅταν
3257 1884 3407 1954 τέμω
3433 1923 3449 1947 ,
3511 1882 3617 1936 καὶ

2023 1973 2151 2027 ὅταν
2208 1976 2582 2046 καυτηριάσω,
2640 1976 2765 2030 οὔτε
2789 1978 2889 2050 τὴν
2917 1976 3110 2048 τομὴν,
3127 1975 3258 2029 οὔτε
3282 1976 3350 2030 τὰ
3378 1975 3492 2029 ἀπὸ
3512 1973 3615 2029 τοῦ

2023 2068 2295 2136 καυτῆρος
2328 2066 2459 2137 ἓλκη
2497 2067 2812 2139 ἀτημέλητα
2840 2068 3170 2137 καταλείψω.
3218 2067 3466 2120 Ἐπειδὰν
3496 2067 3614 2140 γὰρ

2022 2156 2225 2228 ἀνυσθῇ
2279 2157 2457 2221 τοῦτο,
2505 2158 2572 2211 δι’
2605 2158 2634 2211 ὃ
2698 2158 2766 2212 τὰ
2808 2160 3043 2212 ἐπίπονα
3090 2156 3608 2231 παραλαμϐάνεται,

2020 2248 2141 2300 τότε
2160 2246 2260 2318 τὴν
2288 2248 2618 2321 λειπομένην
2650 2249 2763 2320 (72)
2812 2249 3110 2323 θεραπείαν
3146 2250 3442 2319 ἐπαγαγὼν
3465 2290 3481 2317 ,
3525 2253 3610 2315 εἰς

2020 2337 2120 2407 τὴν
2159 2337 2347 2406 ὑγείαν
2383 2339 2843 2410 ἀποκαταστήσω.
2991 2387 2998 2394 .

2068 2430 2213 2487 Δ196.
2248 2431 2358 2484 Καὶ
2385 2434 2416 2484 ὀ
2448 2431 2579 2498 υίὸς
2612 2432 2721 2486 τοῦ
2758 2434 2953 2502 Ἀρὰμ,
2990 2433 3086 2487 καὶ
3116 2437 3149 2487 ὀ
3172 2435 3301 2500 υίὸς
3326 2433 3434 2488 τοῦ
3476 2435 3612 2489 Ῥο-

2014 2521 2250 2588 μελίου.
2291 2520 2378 2574 ὅτι
2406 2522 2518 2592 (7'5)
2564 2524 3009 2578 ἐϐουλεύσαντο
3032 2525 3277 2593 ,βουλὴν
3302 2527 3603 2595 πονηρὰν,

2016 2610 2328 2681 λέγοντες·
2382 2614 2818 2683 Ἀναϐησόμεθα
2867 2618 2979 2682 εις-
3002 2617 3117 2684 τὴν
3156 2618 3471 2684 Ἰουδαίαν,
3503 2619 3613 2672 καὶ

2018 2704 2532 2771 συλλαλήσαντες
2564 2705 2806 2777 αὐτοῖς,
2870 2706 3334 2777 ἀποστρέψομεν
3380 2708 3612 2775 αὐτοὺς

2016 2795 2166 2863 πρὸς
2207 2794 2385 2865 ἡμᾶς,
2441 2797 2540 2849 καὶ
2588 2776 3048 2867 βασιλεύσομεν
3091 2776 3281 2867 αὐτῆς
3326 2799 3435 2853 τὸν
3468 2802 3614 2855 υίὸν

2021 2884 2267 2951 Timet“.
2307 2886 2452 2941 Τάδε
2472 2887 2633 2956 λέγει
2654 2890 2871 2957 Κύριος
2892 2888 3132 2944 Σαϐαὼθ
3151 2906 3164 2919 ·
3201 2892 3284 2943 Οὐ
3311 2890 3398 2960 μὴ
3422 2892 3612 2963 μείνῃ

2018 2977 2057 3044 ἡ
2089 2976 2293 3045 ,βουλὴ
2325 2978 2500 3047 αὕτη,
2542 2978 2685 3032 οὐδὲ
2713 2980 2902 3034 ἔσται.
2931 2982 3099 3034 ,Ἐπεὶ
3126 2978 3218 3035 οὖν
3247 2983 3610 3052 συμφωνοῦσι

2017 3068 2109 3122 δύο
2144 3068 2312 3137 λόγοι,
2340 3071 2391 3123 οἱ
2420 3069 2525 3134 ἔξω
2553 3071 2664 3142 (74)
2704 3074 2803 3142 τῆς
2841 3074 3119 3145 ἀληθείας,
3154 3075 3295 3129 κατὰ
3327 3076 3427 3147 τῆς
3473 3077 3593 3131 Ἐκ·

2018 3160 2267 3231 κλησίας,
2314 3162 2405 3214 ὅτε
2441 3162 2557 3226 υίὸς
2588 3163 2682 3216 τοῦ
2727 3165 2926 3236 Ἀρὰμ,
2970 3167 2999 3218 ὁ
3038 3168 3313 3239 μετέωρος
3357 3169 3539 3237 λόγος,
3575 3171 3607 3223 6

2017 3252 2376 3320 ἐπαιρόμενος
2409 3254 2552 3306 κατὰ
2581 3255 2679 3324 τῆς
2706 3255 2959 3324 γνώσεως
2983 3257 3079 3310 τοῦ
3106 3256 3265 3321 Θεοῦ,
3298 3259 3394 3313 καὶ
3422 3263 3451 3313 ό
3484 3263 3609 3325 υἱὸς

2015 3342 2111 3396 τοῦ
2144 3344 2446 3413 Ῥομελίου,
2467 3346 2496 3397 ό
2521 3344 2677 3413 λόγος
2703 3348 2732 3400 ὁ
2755 3348 2819 3400 ὲκ
2838 3347 2940 3417 τῆς
2967 3347 3246 3420 μετεώρου
3272 3351 3604 3421 περιτομῆς,

2016 3438 2095 3502 ὃς,
2129 3438 2401 3509 προφάσει
2433 3441 2691 3507 γνώσεως
2717 3440 2811 3493 καὶ
2844 3441 3081 3510 ὲμφάσει
3109 3440 3209 3510 τῆς
3238 3440 3366 3511 περὶ⁸
3399 3440 3608 3511 ὑψηλο-

2017 3528 2189 3600 τέρων
2231 3529 2600 3593 διδασκαλίας,
2637 3531 2899 3601 ἀφίστησι
2924 3531 3025 3599 τῆς
3056 3531 3199 3583 κατὰ
3223 3530 3328 3601 ’τὴν
3368 3531 3607 3600 Ἐκκλη-

2018 3618 2140 3673 σίαν
2180 3618 2273 3672 τοῦ
2322 3618 2458 3671 Θεοῦ
2496 3618 2788 3689 ἀληθείαςο
2824 3617 3212 3671 ἐϐουλεύσαντο
3248 3618 3426 3669 τοίνυν
3449 3610 3605 3670 οῦτοι

2019 3710 2213 3781 βουλὴν
2246 3710 2508 3782 πονηρὰν,
2534 3712 2613 3763 ὅτι
2647 3709 3105 3782 συνομιλήσαντες
3136 3712 3247 3772 τοῖς
3276 3710 3335 3761 ἐν
3364 3712 3429 3779 τῇ
3472 3710 3609 3763 ἰου-

2016 3802 2170 3873 δαίᾳ,
2201 3784 2461 3856 τουτέστιῘ
2486 3805 2598 3866 τοῖς
2626 3804 2684 3855 ὲν
2714 3805 2779 3874 τῇ
2807 3801 3275 3875 ἐξομολογουμένη
3296 3800 3441 3872 ψυχῇ
3492 3799 3611 3871 (ἐξ-

2015 3893 2340 3965 ομολόγησις
2366 3893 2474 3965 γάρ
2500 3892 2636 3946 Θεοῦ
2659 3894 2937 3964 ηἸουδαὶα
2974 3894 3397 3964 μετονομάζεται
3431 3891 3601 3965 [75]),

2015 3985 2206 4055 ἥντινα
2232 3984 2320 4037 διὰ
2339 3985 2441 4055 τῆς
2464 3987 2522 4038 ὲν
2540 3988 2608 4056 τῇ
2628 3984 2939 4055 διαλεκτικῇ
2963 3984 3319 4055 πιθανότητος
3334 3985 3604 4055 άποστρέ·

2015 4077 2205 4148 ψωμεν
2234 4075 2372 4147 πρὸς
2401 4077 2653 4140 ἑαυτοὺς,
2683 4075 3146 4145 ἐπαγγελλόμενοι
3182 4075 3256 4146 μὴ
3289 4074 3447 4128 ἄλλον
3472 4076 3604 4129 τινὰ

2015 4163 2206 4218 δώσειν
2250 4163 2493 4235 βασιλέα,
2530 4164 2563 4236 ἢ
2612 4164 2703 4217 τὸν
2753 4163 2867 4216 υἱὸν
2910 4162 3004 4215 τοῦ
3041 4162 3286 4235 Ταδεήλ’
3321 4161 3598 4228 τουτέστι,

2015 4253 2110 4306 τοῦ
2141 4253 2345 4323 ἀγαθοῦ
2379 4254 2514 4308 Θεοῦ
2536 4272 2549 4286 ο
2580 4254 2640 4308 ὃν
2667 4254 2874 4323 ἀγαθοῦ
2907 4255 3004 4325 μὲν
3028 4246 3300 4309 Θεοῦύίδν
3322 4253 3598 4324 λέγουσιν,

335 4353 471 4408 Cum
506 4352 672 4422 igitur
705 4348 906 4403 videris
930 4345 1222 4401 haereticos
1253 4344 1573 4415 pollicentes
1601 4343 1908 4405 scientiam,

2035 4346 2217 4417 ιγαθδν
2267 4347 2324 4400 δὲ
2371 4347 2532 4401 αὐτὸν
2583 4347 2685 4400 οὐκ
2726 4346 3075 4418 ὀνομάζουσι,
3137 4345 3274 4417 πρὸς
3326 4347 3601 4416 ἐπήρειαν

336 4445 618 4515 gentilium
661 4442 980 4496 inducentes
1016 4438 1363 4508 sapientiam,
1420 4437 1621 4491 bellum
1657 4436 1913 4491 Ecclesia:

340 4537 436 4590 Dei
489 4534 815 4596 inferentes;
866 4531 1137 4585 arbitrare
1190 4529 1355 4583 lilium
1418 4528 1585 4582 Aram
1638 4538 1693 4583 et
1743 4527 1910 4580 lilium

337 4628 594 4684 Romelite
624 4626 920 4682 etiamnum
950 4623 1236 4681 consilium
1267 4636 1496 4693 pravum
1538 4622 1696 4676 inire.
1735 4619 1911 4674 Caete-

340 4737 485 4785 rum,
516 4720 593 4774 uti
640 4718 980 4784 tradidimus,
1014 4716 1277 4771 adrersns
1309 4714 1605 4783 malignum
1639 4712 1773 4767 illud
1811 4711 1905 4764 ﬁlii

338 4816 503 4870 Aram
528 4821 585 4867 et
622 4810 714 4865 lilii
744 4809 1003 4865 Romelia:
1042 4808 1328 4863 consilium
1378 4810 1493 4863 hazc
1522 4805 1764 4861 declarat
1796 4803 1907 4859 Do-

408 5031 454 5065 "
486 5029 647 5084 Prov.
677 5045 733 5089 ι,
760 5026 847 5084 26.
928 5029 973 5060 ⁶⁶
997 5026 1041 5081 ll
1072 5027 1197 5083 Cor.
1223 5042 1277 5092 τ,
1307 5026 1359 5081 5.
1437 5026 1479 5057 ⁶¹
1505 5025 1636 5083 Luc.
1665 5043 1820 5091 xvrn,
1852 5030 1938 5085 i9.

414 5213 526 5288 (70)
564 5214 657 5288 Sic
688 5213 872 5288 nostri
910 5228 1019 5288 ses
1053 5214 1299 5288 codices,
1336 5212 1437 5288 nisi
1467 5212 1608 5288 qn_od
1654 5212 1722 5288 ἱηΔ
1747 5211 1919 5264 tribus

342 5281 569 5409 leg‘atig,
596 5285 659 5338 τὸ
682 5286 747 5337 ὲκ
781 5282 895 5340 τοῦ.
926 5282 1089 5348 Editi,
1121 5282 1332 5352 ἔχοντες
1371 5281 1426 5334 δὲ
1457 5281 1550 5336 τοῦ
1596 5282 1767 5354 πυρὸς
1798 5297 1920 5350 φω-

342 5371 481 5409 Ιιισειςι
549 5373 599 5409 ν.

338 5371 599 5410 τιστικον.

414 5424 525 5494 (7|)
552 5424 774 5478 Veteres
814 5422 1053 5494 quinque
1093 5422 1241 5490 libri,
1288 5421 1460 5491 λέγοι.
1493 5421 1635 5477 Editi
1667 5431 1723 5477 et
1757 5422 1909 5478 Colb.

343 5496 575 5565 primus,
595 5494 763 5563 λέγει.

413 5562 527 5636 (Ῡξ)
560 5564 645 5636 ita
667 5562 760 5636 Se;
795 5578 922 5617 mss.
955 5564 1196 5636 Atedili,
1224 5563 1320 5636 τὴν
1359 5562 1651 5634 ἑπομέην.

414 5631 528 5705 (75)
558 5634 817 5691 EditiJu
846 5636 977 5688 δγρῖ.
1017 5633 1129 5691 Vox
1163 5631 1288 5688 ικιῐ
1305 5635 1359 5689 in
1387 5631 1514 5690 mss.
1546 5631 1651 5689 non
1693 5631 1904 5705 legitur.

2018 4440 2344 4511 κεχρημένοι
2374 4441 2441 4510 τῇ
2471 4438 2564 4492 τοῦ
2591 4436 2921 4507 Εὑαγγελίου
2979 4439 3160 4508 φωνῇ·
3198 4437 3262 4491 Τί
3286 4454 3364 4506 με
3394 4436 3600 4508 λέγεις

2018 4531 2273 4599 ἁγαθόν;
2306 4529 2515 4594 Οὐδεὶς
2555 4530 2777 4598 ἀγαθὸς
2815 4530 2870 4581 εί
2902 4528 2989 4597 μὴ
3046 4523 3134 4594 εἷς
3167 4530 3200 4581 ὀ
3227 4529 3391 4594 Θεός.
3426 4530 3599 4584 Ὅταν

2018 4618 2111 4675 οὖν
2147 4621 2262 4692 ῐδῃς
2292 4621 2648 4693 ὲτεροδόξους,
2679 4620 3182 4690 ἐπαγγελλομένους
3208 4621 3410 4689 γνῶσιν
3439 4663 3455 4687 ,
3503 4624 3601 4675 ὲπ-

2017 4713 2315 4784 αγομένους
2329 4714 2425 4785 τὴν
2442 4714 2506 4767 ὲκ
2532 4712 2641 4767 τῶν
2663 4712 2832 4766 ἐθνῶν
2866 4713 3077 4782 σοφίαν,
3102 4713 3601 4784 ὲπιστρατεύοντας

2014 4806 2082 4874 τῇ
2099 4802 2391 4875 Ἐκκλησία
2406 4802 2500 4856 τοῦ
2522 4801 2681 4868 Θεοῦ,
2716 4801 2976 4874 ἐνθυμοῦ,
2999 4804 3081 4857 ὅτι
3097 4805 3191 4858 καὶ
3206 4803 3300 4857 νῦν
3314 4804 3343 4857 ὁ
3359 4805 3475 4869 υἱὸς
3500 4807 3599 4861 τοῦ

2016 5211 2126 5298 Nec
2158 5212 2228 5265 ita
2261 5212 2428 5267 multo
2452 5211 2589 5267 infra
2624 5213 2756 5282 Reg.
2803 5213 3010 5277 tertius,
3049 5210 3461 5284 βασιλεύσωμεν
3492 5214 3599 5270 αὒ-

2014 5299 2199 5424 ίωῗᾶι)
2234 5352 2397 5419 Editi,
2425 5354 2473 5406 oi
2506 5352 2629 5419 ἔξω.
2667 5352 2835 5407 Abest
2879 5353 2928 5405 οἰ
2973 5369 3003 5407 a
3030 5352 3230 5409 nostris
3253 5367 3345 5408 se:
3383 5351 3596 5408 codici-

2016 5422 2205 5562 ιωῗῆδ)
2243 5490 2432 5564 Monet;
2461 5491 3114 5564 Dnca:us,_apograpbum
3156 5490 3598 5564 Angncum__b_a-

2020 5561 2199 5617 buisse
2232 5562 2663 5633 μετωνόμασται.
2699 5562 2825 5629 Ejus
2856 5564 2908 5618 in
2946 5567 3087 5619 lumc
3130 5561 3302 5621 locum
3333 5561 3595 5621 eruditis-

2016 5634 2208 5688 simam
2236 5642 2415 5690 notam
2452 5634 2629 5699 legere
2660 5643 2882 5703 possunt
2918 5635 3164 5693 studiosi.
