3808 6212
185 249 274 305 tsi
985 241 1337 301 cenarem.
1376 242 1446 300 IN
1484 243 1721 301 ISAIAM
1756 243 2202 302 PROPHETAM.
2242 242 2396 300 CAP.
2437 227 2550 301 ιιι.
3289 244 3396 301 ias

194 362 349 435 ’Δρὰμ
365 360 454 414 καὶ
470 362 497 412 6
511 358 624 422 υἱὸς
640 355 735 411 τοῦ
761 355 1036 427 Ῥομελίου
1055 356 1400 428 βουλεύονται
1419 360 1615 433 βουλὴν
1636 378 1698 414 πο

1893 361 2032 427 inus,
2060 359 2174 415 fore
2201 360 2449 416 videlicet
2485 368 2542 414 ut
2564 368 2669 417 stet
2694 370 2749 415 et
2774 360 2940 434 526
2963 371 3279 432 permaneat
3301 360 3397 417 Dei

181 455 348 527 νηράν.
366 451 503 524 Πρὸς
517 449 573 502 δὲ
586 450 681 519 τὴν
697 448 939 520 πονηρὰν
957 447 1150 518 βουλὴν
1166 447 1281 514 τοῦ,
1299 449 1375 513 ὡς
1391 450 1685 504 ἀποδεδώκι

1889 455 2136 517 ›ιιεί1ίιιιιι;
2164 453 2448 507 consilium
2467 468 2595 507 vero
2624 468 2811 509 eorum
2836 456 2928 523 qui
2957 457 3236 510 decertant
3261 469 3393 511 con-

184 566 286 620 μεν,
309 545 416 599 υἱοῦ
450 543 628 614 Ἀρὰμ
645 542 739 595 καὶ
754 541 869 595 υἱοῦ
901 542 1180 613 Ῥομελίου
1198 541 1371 594 ταῦτά
1391 559 1552 612 φησιν
1569 545 1595 595 6
1620 544 1688 594 Kt‘

1888 557 1913 596 ιι
1941 543 2242 606 veritatem,
2270 557 2611 611 nequaquam
2635 552 2762 606 stet,
2782 543 2874 595 sed
2892 543 3051 596 cadat
3080 557 3145 597 ac
3166 546 3392 598 subver-

182 655 294 712 ριος·
310 637 386 691 ὅτι
409 638 441 706 ή
476 635 576 705 μὲν
600 633 690 687 τοῦ
722 632 855 686 Θεοῦ
876 633 1040 705 βουλὴ
1063 633 1262 703 ἕστηκε
1294 634 1389 686 καὶ
1416 634 1585 703 μένει,
1611 634 1644 704 ἡ
1666 633 1686 686 ἓ

1892 644 1993 688 tur.
2056 634 2398 704 Quapropter
2435 635 2512 688 ait
2542 651 2557 687 :
2587 634 2755 701 Caput
2793 633 2957 686 Aram
3005 632 3322 701 Damascus,
3346 644 3396 688 et

181 728 268 781 τῶν
282 725 683 796 ἀγωνιζομένων
695 723 834 776 κατὰ
847 723 945 793 τῆς
962 722 1243 792 ἀληθείας.
1258 724 1318 775 ού
1342 723 1620 792 στήσεται,
1637 722 1685 775 ὰ]

1897 736 1981 795 put
2012 725 2260 780 Damasci
2291 724 2478 781 Rasin.
2511 726 2624 781 Hoc
2656 736 2757 789 est,
2784 726 3096 781 sublimium
3127 737 3288 795 caput
3315 736 3401 781 est

179 820 235 872 λὰ
252 819 548 871 πεπτωκυῖα
559 817 653 869 καὶ
669 815 1122 885 ἁνατετραμμένη
1139 814 1549 867 κείσεται.Διότι
1567 831 1678 883 φησ

1896 816 2176 883 secrabile,
2230 831 2295 871 ac
2335 817 2553 886 plenum
2599 817 2884 888 sanguinis
2911 833 2926 870 :
2954 817 3395 886 quandoquidem

177 910 391 980 KegaJh
434 911 539 963 τοῦ
586 908 755 977 Ἀρὰμ
787 907 1124 977 Δαμασκὸς,
1158 907 1256 961 καὶ
1288 909 1326 975 ἡ
1357 906 1591 975 κεφαλὴ
1619 910 1681 959 Δί

1889 924 2137 975 iniascus,
2165 911 2209 964 si
2244 911 2641 979 interpreteris,
2675 918 2835 964 sonat
2878 908 3200 979 sanguinem
3227 911 3393 963 sacci.

175 1002 383 1074 μασκοῦ
427 1001 656 1054 Ῥασίν.
681 1000 966 1053 Τουτέστιν
997 1000 1031 1069 ἡ
1059 998 1165 1051 τῶν
1193 997 1483 1069 μετεώρων
1511 998 1679 1066 κεφαλ

1924 1018 2053 1056 vero
2086 1017 2301 1069 saccus,
2333 1003 2667 1071 paenitentia:
2709 1002 2924 1071 signum
2955 1012 3069 1066 est;
3100 1003 3189 1071 qui
3214 1012 3397 1056 autem

177 1098 348 1165 ἐναγής
376 1095 457 1157 τίς
490 1095 609 1146 ἐστι
647 1092 742 1147 καὶ
774 1092 1003 1163 αἵματος
1039 1091 1252 1162 πλήρης
1286 1092 1540 1161 (ἐπείπερ
1567 1093 1599 1160 ἡ
1628 1094 1681 1142 Ac

1895 1108 2146 1162 nspersus
2170 1103 2255 1148 est
2297 1095 2592 1163 sanguine,
2620 1094 2933 1163 neutiquam
2957 1102 3042 1147 est
3055 1108 3259 1163 ~purus.
3292 1093 3399 1148 Po-

178 1187 359 1259 μασκδς
383 1179 899 1256 ἐρμηνεύεταιαῖξμα
925 1184 1183 1254 σάκκου)
1208 1198 1221 1211 ’
1276 1182 1479 1244 σάκκος
1507 1182 1606 1252 μὲν
1628 1179 1682 1235 οὗ

1893 1195 1931 1240 ιι
1971 1186 2132 1256 igitur
2180 1199 2279 1256 pro
2318 1197 2616 1255 apparente
2661 1187 2978 1254 poenitentia
3026 1187 3222 1255 accipi,
3271 1202 3397 1242 cum

177 1281 413 1350 σύμϐολόν
454 1281 573 1332 ἐστι
606 1278 896 1350 μετανοίας
920 1299 933 1308 ε
976 1279 1004 1330 6
1035 1277 1091 1329 δὲ
1128 1279 1186 1329 ἐν
1218 1277 1411 1347 αἵματι
1440 1293 1681 1348 πεφυρμε

1897 1276 2023 1342 oqoi
2062 1289 2165 1328 non
2204 1277 2275 1328 sit
2313 1288 2439 1329 vera
2462 1275 2803 1344 paenitentia,
2841 1276 2991 1343 quod
3026 1275 3078 1328 in
3105 1277 3253 1330 sanis
3283 1275 3397 1329 sin-

172 1390 246 1435 vo;
271 1376 362 1425 οὐκ
401 1372 515 1424 ἐστι
556 1370 815 1441 καθαρός.
853 1370 1085 1423 Δύναται
1119 1365 1213 1422 οὖν
1245 1368 1617 1439 λαμϐάνεσθαι
1642 1385 1667 1419 ε

1896 1364 2069 1431 risque
2101 1363 2370 1432 dogmatis
2403 1379 2510 1417 non
2556 1374 2771 1433 agatur.
2807 1363 3019 1417 Rursus
3077 1375 3257 1418 autem
3312 1380 3400 1419 ca-

172 1464 253 1535 τὴν
279 1461 631 1534 νομιζομένην
685 1460 993 1533 μετάνοιαν,
1034 1461 1135 1512 οὐκ
1168 1455 1331 1512 οὖσαν
1372 1458 1431 1512 δὲ
1458 1457 1676 1529 ἀληθινὶ

1899 1453 2213 1520 tDamasci,
2266 1468 2363 1509 seu
2415 1452 2534 1521 ejus
2579 1455 2934 1523 poenitentiae,
2966 1451 3087 1523 quae
3120 1470 3253 1524 pura
3289 1470 3396 1510 non

174 1555 454 1626 μετάνοιαν,
483 1553 575 1607 διὰ
597 1554 659 1607 τὸ
696 1555 771 1626 μὴ
809 1554 866 1606 ἐν
895 1552 1071 1621 ύγιέσι
1102 1552 1338 1623 δόγμασι
1363 1549 1673 1620 γεγενῆσθαι

1897 1583 1925 1610 .,
1953 1544 2049 1599 sed
2076 1560 2193 1613 quae
2210 1544 2499 1599 lethalibus
2534 1546 2777 1614 peccatis
2795 1546 3132 1614 inquinatur,
3163 1547 3401 1616 appella-

170 1646 367 1717 Κεφαλὴ
411 1646 467 1698 δὲ
506 1644 671 1701 πάλιν
697 1643 1013 1717 Δαμασκοῦ,
1043 1644 1141 1715 τῆς
1172 1645 1246 1716 μὴ
1280 1642 1527 1714 καθαρᾶς
1562 1659 1674 1713 μετα

1895 1654 1916 1692 r
1950 1637 2139 1703 Rasin,
2183 1653 2306 1691 cum
2337 1646 2392 1691 et
2426 1639 2545 1708 ipse
2591 1638 2797 1692 nullius
2835 1639 3105 1709 dogmatis
3137 1639 3260 1693 sani
3304 1648 3399 1693 aut

169 1736 312 1801 νοίας,
335 1736 465 1791 ἀλλὰ
489 1736 848 1809 πεφυρμένης
872 1736 930 1789 ἐν
960 1738 1079 1799 ταῖς
1120 1735 1257 1806 πρὸς
1285 1735 1517 1788 θάνατον
1544 1735 1673 1804 ἀμαι

897 1753 930 1789 ην
960 1738 1079 1799 ταῖς
1120 1735 1257 1806 πρὸς
1285 1735 1517 1788 θάνατον
1544 1735 1719 1804 ἀμαρ‹
1751 1720 1792 1780 Β
1820 1729 1941 1799 puri
1972 1728 2277 1799 symbolum
2306 1730 2401 1785 sit.

167 1828 306 1893 τίαις,
330 1830 357 1882 ὁ
390 1829 574 1882 Ῥασὶν
598 1830 840 1898 λέγεται,
864 1828 927 1881 σύ
936 1827 1131 1899 μὸολον
1155 1826 1229 1880 ὢν
1259 1829 1353 1881 καὶ
1377 1827 1539 1891 αὐτὸς
1562 1827 1714 1879 οὐδε-

169 1918 244 1981 νός
263 1920 457 1987 ὑγιοῦς,
492 1919 616 1973 οὐδὲ
653 1921 766 1992 (76)
798 1917 1038 1992 καθαροῦ
1071 1919 1364 1990 δόγματος.

231 2010 340 2065 197.
386 2012 550 2066 Ἀλλ’
582 2012 675 2066 ἐτι
713 2013 1011 2083 ἐξήκοντα
1038 2013 1135 2066 καὶ
1160 2012 1342 2066 πέντε
1369 2011 1495 2079 ἐτη,
1532 2012 1718 2080 φησὶν,

1892 2001 2014 2056 197.
2066 2001 2170 2056 Sed
2226 2007 2397 2055 adhuc
2454 2002 2733 2071 sexaginta
2758 2011 2806 2056 et
2842 2002 3070 2072 quinque
3094 2003 3267 2065 annis,
3308 2003 3391 2057 in-

167 2100 405 2169 ἐκλείψει
450 2104 487 2171 ὴ
516 2103 813 2167 ,ϐασιλεία
870 2104 1118 2173 Ἐρραῒμ
1171 2103 1288 2157 ἀπὸ
1332 2102 1507 2166 λαοῦ,
1546 2101 1644 2155 καὶ

1889 2092 1958 2155 ιίι,
1998 2092 2198 2159 deﬁciet
2243 2107 2461 2161 regnum
2514 2090 2781 2160 Epltraim
2824 2112 2855 2145 ιι
2909 2092 3129 2161 populo,
3158 2105 3206 2147 et
3236 2103 3393 2162 caput

168 2193 372 2262 κεφαλὴ
396 2193 649 2265 Ἐρραῒμ
662 2197 959 2265 Σομόρων,
991 2196 1087 2249 καὶ
1113 2194 1151 2261 ἠ
1180 2194 1414 2263 κεφαλὴ
1446 2195 1672 2263 Σομόριι

1896 2185 2074 2238 »ἠναίιη
2118 2185 2421 2251 Somorum,
2449 2196 2496 2238 et
2521 2197 2675 2253 caput
2706 2185 2990 2240 Somorum
3029 2185 3173 2254 ﬁlius
3211 2184 3400 2239 Rome-

167 2287 195 2337 ό
230 2284 345 2350 υίὸς
385 2287 490 2340 τοῦ
535 2288 873 2356 Ῥομελιου.
923 2288 1109 2340 Ἔστιν
1152 2282 1245 2340 οὖν
1289 2285 1600 2357 ήβασιλεία
1625 2303 1671 2339 τι

1892 2294 1927 2330 s.
1963 2277 2055 2332 Est
2094 2277 2257 2347 igitur
2288 2292 2510 2348 regnum
2539 2278 2804 2347 Ephraim
2839 2278 3152 2332 dominatus
3174 2279 3396 2348 quidam

176 2376 389 2448 Ἐφραῒμ
415 2378 759 2450 ἑτεροδόξων
783 2396 867 2442 τις
905 2379 1251 2451 ἐπικράτεια,
1299 2378 1388 2432 διὰ
1414 2378 1476 2431 τὸ
1514 2380 1579 2431 ἐκ
1607 2378 1680 2450 (7'1

1892 2372 2066 2441 lioque
2129 2374 2582 2427 heterodoxoruin
2608 2410 2624 2437 ,
2662 2380 2949 2441 propterea
2986 2373 3131 2442 quod
3175 2386 3243 2426 ex
3294 2373 3396 2426 hac

166 2470 393 2541 τοιαύτης
437 2468 615 2540 φυλῆς
655 2467 794 2525 εἶναι
833 2471 924 2524 τὸν
970 2472 1342 2542 ἀποσχίσαντα
1374 2471 1466 2525 τὸν
1505 2471 1670 2542 Ἰσραί

1898 2466 1966 2518 bu
2012 2473 2234 2519 exortus
2281 2464 2353 2517 sit
2394 2465 2463 2528 is,
2506 2463 2599 2534 qui
2646 2463 2812 2518 lsrael
2842 2479 2872 2517 a
2905 2462 3040 2518 Juda
3092 2463 3396 2520 discidit“.

167 2558 366 2615 ἀπὸτοῦ
417 2562 610 2615 Ἰούδα.
662 2562 887 2633 Κεφαλὴ
934 2557 1026 2616 οὖν
1071 2562 1165 2615 τοῦ
1214 2560 1453 2633 Ἐφραίμ
1483 2563 1517 2632 ή
1562 2561 1671 2631 Σομ

1901 2563 1996 2624 put
2038 2554 2202 2624 igitur
2236 2554 2496 2625 Ephraim
2526 2563 2610 2609 est
2640 2557 2951 2621 Somorum,
2983 2556 3036 2609 id
3080 2565 3186 2621 est,
3211 2556 3399 2610 Sama-

171 2669 280 2723 ρων,
310 2654 584 2708 τουτέστιν
638 2655 672 2726 ἡ
732 2656 1033 2727 Σαμάρεια.
1088 2654 1198 2709 Καὶ
1250 2657 1283 2725 ἡ
1336 2654 1620 2724 Σαμάρεια
1664 2653 1675 2704 ὅ

1894 2665 1925 2701 ι.
1976 2647 2072 2702 Est
2113 2657 2294 2701 autem
2342 2648 2590 2702 Samaria
2634 2648 2973 2702 inimicorum
3037 2651 3398 2718 quorumdam

168 2743 352 2815 ἐχθρῶν
376 2744 539 2799 τινών
577 2746 697 2798 ἐστι
730 2745 903 2816 χώρα,
936 2746 1045 2800 τῶν
1078 2745 1583 2817 παραχαραξάντων
1630 2743 1672 2795 τε

1896 2741 1993 2811 gio,
2024 2742 2115 2810 qui
2164 2741 2468 2795 doctrinam
2520 2755 2711 2794 sanam
2760 2741 3146 2810 depravarunt,
3185 2744 3331 2813 quod
3365 2756 3400 2796 a

169 2836 448 2904 ὑγιαίνοντα
484 2839 648 2907 λόγον
680 2839 770 2892 διὰ
810 2840 871 2892 τὸ
899 2839 1189 2893 ἀποκλῖναι
1221 2840 1348 2902 τοὺς
1377 2836 1673 2908 Σαμαρείτε

1895 2838 2105 2891 daismo
2184 2836 2513 2891 declinarint
2565 2836 2871 2890 Samaritae.
2929 2832 3398 2899 Quemadmodum

168 2928 257 2981 ἁπῦ
280 2930 365 2983 τοῦ
393 2930 750 3002 ’1ουδαῖσμοῦ.
776 2931 987 3003 Ὥσπερ
1008 2932 1065 2984 δὲ
1086 2932 1183 3001 τῆς
1204 2931 1403 3002 Συρίας
1424 2925 1490 3000 ἦν
1512 2929 1672 2999 κεφα]

1899 2937 2003 2981 tem
2057 2928 2351 2981 Damascus
2399 2935 2519 2980 erat
2547 2923 2719 2996 Syria:
2763 2934 2943 2995 caput,
2974 2935 3029 2980 et
3075 2923 3240 2979 Rasin
3278 2937 3401 2980 erat

169 3022 450 3093 Δαμασκὺς,
474 3022 773 3095 Δαμασκοῦ
814 3024 871 3078 δὲ
904 3024 1112 3094 κεφαλὴ
1142 3025 1170 3076 6
1204 3023 1388 3076 Ῥασίν
1410 3040 1421 3051 '
1446 3021 1589 3075 οὕτω
1624 3024 1673 3075 Σ‹

1892 3018 2073 3071 unasci
2114 3027 2319 3087 caput:
2350 3017 2423 3072 ita
2459 3015 2711 3070 Samaria
2754 3024 2874 3068 erat
2924 3021 3086 3085 caput
3117 3014 3396 3084 Epitraim,

170 3112 344 3182 μάρεια
384 3116 480 3184 μὲν
519 3114 734 3185 κεφαλὴ
780 3114 875 3168 τοῦ
920 3114 1179 3188 Ἐφραῖμ,
1208 3113 1518 3185 Σαμαρείας
1546 3113 1604 3166 δὲ
1630 3131 1674 3166 κε

1918 3111 2059 3165 [ilius
2110 3109 2370 3164 Iionielize
2424 3117 2544 3163 erat
2596 3107 2859 3162 Samaria:
2899 3116 3083 3177 eaput.
3133 3105 3397 3161 Malorqu

169 3207 290 3276 ᾳαλὴ
320 3209 346 3260 6
376 3208 486 3273 υίὸς
528 3208 626 3262 τοῦ
668 3192 981 3279 Ῥομελίου.
1012 3206 1213 3260 Κακῶν
1252 3224 1394 3270 τινες
1438 3207 1665 3260 ἐπιτὰσε

1896 3203 2074 3257 cessio
2125 3203 2367 3271 quaedam
2420 3201 2779 3269 nimietasque
2826 3199 2980 3253 nobis
3029 3197 3312 3253 exhibetur
3366 3212 3400 3253 a

169 3296 247 3347 καὶ
288 3297 578 3369 ὑπερϐολαὶ
628 3298 717 3351 διὰ
756 3296 851 3351 τοῦ
900 3299 1059 3367 λόγου
1114 3298 1247 3368 ἡμῖν
1298 3296 1673 3368 παραδίδονται

1905 3298 2130 3367 riptura,
2159 3298 2296 3349 adeo
2328 3303 2388 3349 ut
2418 3293 2535 3348 ﬁeri
2582 3309 2687 3347 non
2725 3302 2906 3361 queat,
2942 3301 3000 3345 ut
3038 3290 3224 3344 talium
3268 3304 3401 3344 con-

168 3383 287 3438 ὣστε
327 3390 399 3460 μὴ
435 3386 579 3442 εἶναι
609 3388 834 3442 δυνατὸν
864 3388 959 3459 τὴν
988 3387 1140 3459 παρὰ
1175 3387 1282 3441 τῶν
1305 3388 1565 3440 τοιούτων
1594 3404 1672 3458 cui

1893 3389 2180 3442 irationem
2232 3385 2498 3442 faciamus
2537 3385 2773 3451 irritam,
2807 3395 2900 3439 aut
2947 3385 3053 3437 vim
3089 3385 3255 3437 ullam
3291 3384 3392 3438 ha-

168 3480 348 3546 ςωνίαν
376 3482 766 3553 ἐπικρατῆσαι,
795 3481 928 3552 μηδὲ
952 3480 1105 3551 ίσχύν
1129 3498 1249 3535 τινα
1284 3481 1428 3552 ἔχειν
1447 3481 1559 3552 (78)
1578 3498 1672 3534 κατ

1896 3495 2049 3535 anius
2094 3482 2162 3534 ad
2219 3481 2446 3534 tuendos
2487 3492 2603 3543 eos,
2657 3477 2854 3546 quibus
2909 3476 3135 3531 insidias
3180 3485 3394 3531 struere

168 3567 257 3621 τῶν
283 3565 356 3634 οἷς
385 3570 760 3625 ἐπιϐουλεύειν
795 3571 1151 3643 ἐπιχειροῦσι.
1195 3572 1306 3625 Καὶ
1346 3573 1455 3626 ἐὰν
1497 3571 1585 3641 μὴ
1624 3584 1670 3623 π

1895 3583 2117 3627 nantur.
2211 3570 2280 3624 Et
2343 3572 2444 3625 nisi
2495 3569 2847 3636 credideritis,
2910 3584 3016 3621 non
3070 3566 3395 3639 intelligetis.

168 3664 409 3731 στεύητε,
452 3664 603 3719 οὐδὲ
646 3664 733 3734 μὴ
785 3664 1031 3733 συνῆτε.
1087 3665 1384 3718 Πιστεῦσαι
1423 3665 1605 3735 μέντοι
1640 3665 1668 3718 δ

1894 3675 2055 3718 iortet
2095 3662 2283 3731 utique
2312 3663 2613 3732 Scripturis
2658 3670 2845 3729 utpote
2890 3660 3133 3715 divinum
3174 3675 3398 3716 sensum

168 3754 262 3814 τοῖς
288 3753 610 3825 Γράμμασιν
633 3754 708 3817 ὡς
739 3754 1047 3826 περιέχουσι
1084 3754 1225 3808 θεῖον
1255 3754 1401 3819 νοῦν,
1431 3756 1524 3808 καὶ
1546 3754 1672 3807 οῦτιι

1897 3755 2313 3827 mplectentibus
2345 3755 2507 3808 iidem
2549 3755 2915 3814 commodare.
2958 3762 3123 3822 atque
3168 3754 3272 3808 hoc
3307 3767 3401 3823 pa-

169 3839 316 3897 ἐλθεῖν
344 3847 432 3898 ἐπὶ
461 3845 563 3916 τὴν
594 3846 701 3898 τῶν
734 3846 1203 3916 ἐγγεγραμμένων
1234 3844 1467 3898 σύνεσιν.
1496 3850 1587 3899 Δεῖ
1611 3845 1673 3914 γὸ

1896 3865 1924 3904 o
1953 3850 2019 3903 ad
2049 3863 2236 3902 eorum
2268 3861 2389 3917 quae
2415 3846 2617 3917 scripta
2658 3857 2785 3902 sunt
2828 3845 3243 3916 intelligentiam
3279 3860 3400 3916 pio-

171 3932 477 4008 ύπερϐἀντας
520 3941 645 4003 τοὺς
676 3938 898 4005 τύπους,
943 3939 1085 3993 οὕτω
1119 3941 1447 3995 καταλαϐεῖν
1477 3942 1574 4013 τὴν
1611 3943 1675 3996 τᾶ

1892 3941 1996 3995 edi.
2036 3939 2262 4008 Oportet
2305 3939 2452 3994 enim
2514 3950 2573 3993 ut
2621 3940 3135 4010 praetergredientes
3174 3940 3396 4010 ﬁguras.

170 4025 521 4100 ἐνδειχθέντων
557 4035 689 4103 ἡμῖν
719 4032 997 4105 ἀλήθειαν.
1024 4034 1295 4107 Πρότερον
1323 4036 1431 4109 γὰρ
1462 4036 1543 4089 δεῖ
1573 4035 1674 4090 ἁπλ

1893 4048 1941 4085 m
1977 4033 2192 4086 demum
2240 4046 2425 4086 rerum
2468 4031 2628 4087 nobis
2671 4031 3063 4100 patefactarum
3110 4035 3397 4088 veritatem

171 4120 413 4175 πιστεύειν
442 4123 628 4176 πίστει
666 4127 787 4188 ταῖς
821 4125 1085 4196 Γραφαῖς,
1121 4128 1200 4179 ὅτι
1238 4128 1588 4182 θεόπνευστοι
1626 4146 1675 4182 κε

1891 4136 2206 4191 sequamur.
2236 4120 2397 4177 Prius
2431 4136 2665 4193 namque
2696 4123 2829 4179 lides
2873 4125 3106 4194 simplex
3142 4124 3395 4194 Scriptu-

169 4207 429 4282 ὠφέλιμοι·
470 4215 665 4268 ἔπειτα
703 4216 915 4281 λεπτῶς
947 4218 1041 4270 καὶ
1083 4218 1444 4284 ἐξεταστικῶς
1490 4219 1583 4275 τὸν
1631 4222 1673 4274 ἐκ

1893 4231 1903 4268 ι
1942 4224 2027 4268 est
2074 4213 2407 4280 adhibenda,
2436 4229 2559 4267 cum
2597 4215 2707 4268 sint
2740 4214 2999 4272 divinitus
3033 4217 3308 4286 inspirata:
3332 4231 3397 4270 ac

170 4305 499 4375 αποκείμενον
532 4307 724 4370 αὐταῖς
751 4306 874 4361 νοῦν
899 4308 1297 4379 διερευνᾶσθαι.

1892 4308 1990 4364 iles
2011 4308 2090 4364 “:
2119 4309 2313 4363 deinde
2345 4322 2540 4365 sensus
2560 4310 2612 4362 in
2643 4309 2776 4378 ipsis
2817 4311 3148 4368 delitescens
3181 4314 3396 4369 subtili-

1748 4412 1793 4468 Ι)
1824 4413 1906 4459 ter
1927 4415 1981 4458 et
2009 4413 2264 4458 accurate
2296 4413 2379 4459 est
2406 4407 2883 4473 pervestigandus.

231 4488 337 4545 198.
368 4493 473 4545 Καὶ
505 4491 831 4560 προσέθετο
858 4493 1072 4561 Κύριος
1101 4493 1373 4563 λαλῆσαι
1414 4494 1495 4560 τῷ
1532 4495 1715 4567 Ἀχὰζ,

1891 4497 2013 4552 198.
2039 4497 2201 4553 Vens.
2240 4496 2329 4562 10,
2378 4497 2465 4554 Η.
2509 4494 2577 4550 Et
2618 4495 2809 4565 adjecit
2849 4496 3108 4552 Dominus
3152 4498 3294 4569 loqui
3324 4501 3395 4555 ad

168 4579 351 4650 λέγων’
378 4585 628 4653 Almana
650 4584 883 4650 σεαυτῷ
909 4585 1160 4656 σημεῖον
1189 4587 1349 4655 παρὰ
1379 4588 1601 4656 Κυρίου
1632 4593 1672 4643 ελ

1896 4591 2206 4653 ltuz,dicens
2220 4605 2239 4644 :
2253 4587 2379 4643 Pete
2395 4589 2489 4642 tibi
2502 4589 2750 4659 signuma
2774 4587 2993 4644 Domino
3008 4591 3061 4642 in
3074 4590 3396 4660 profundum

175 4671 330 4740 θὰθος
365 4676 400 4745 ἢ
444 4679 532 4743 εὶς
570 4677 747 4746 ὕψος.
801 4679 888 4730 Ἐν
935 4678 1035 4749 μὲν
1078 4680 1192 4741 τοῖς
1237 4678 1466 4733 κατόπιν
1497 4679 1585 4733 διὰ
1621 4697 1679 4733 το

1889 4694 1915 4736 .t
1964 4684 2019 4736 in
2059 4682 2348 4736 excelsum.
2390 4682 2522 4747 Quae
2562 4681 2780 4750 quidem
2817 4682 3179 4736 conveniebat
3211 4683 3393 4738 Achaz

179 4767 374 4820 Ἡσαΐου
405 4769 733 4835 διδάσκεται,
766 4769 802 4824 ἃ
844 4773 950 4841 χρὴ
991 4774 1167 4825 ποιεῖν
1208 4772 1237 4823 ὀ
1295 4772 1481 4842 Ἀχὰζ,
1515 4773 1683 4841 φυλάο

1890 4791 2022 4839 :ere.
2054 4792 2116 4829 ea
2147 4774 2215 4828 ab
2246 4773 2384 4829 Isaia
2413 4775 2467 4828 in
2491 4775 2868 4844 superioribus
2888 4774 3171 4839 edocetur,
3197 4790 3394 4844 nempe

171 4856 333 4911 σεσθαι
363 4860 454 4912 τοῦ
487 4860 805 4931 ἡσυχάζειν,
847 4863 940 4916 καὶ
980 4863 1056 4935 μὴ
1106 4862 1308 4934 δειλιᾷν
1342 4864 1451 4917 ἀπὸ
1486 4863 1595 4917 τῶν
1624 4864 1675 4917 δί

1910 4877 2099 4935 ageret
2135 4865 2437 4932 silentium,
2467 4876 2523 4921 et
2553 4880 2621 4920 ne
2665 4880 2695 4919 a
2736 4866 2949 4921 duobus
2995 4865 3275 4922 titionibus
3305 4867 3392 4922 iu-

168 4945 319 5001 δαλῶν
344 4952 449 5005 τῶν
497 4952 930 5025 καπνιζομένων.
963 4955 1100 5008 Νυνὶ
1137 4954 1216 5020 δὲ,
1256 4955 1332 5018 ὡς
1371 4956 1472 5027 τὴν
1504 4954 1594 5009 διὰ
1619 4973 1672 5008 τε

1890 4958 2154 5027 igantibus
2202 4967 2489 5014 metueret.
2531 4954 2687 5011 Nunc
2730 4972 2861 5012 vero
2903 4957 3040 5028 ipse,
3064 4958 3156 5027 qui
3185 4957 3394 5016 scilicet

170 5042 419 5110 πφςρήτου
446 5042 794 5098 διδασκαλίαν
817 5044 1085 5108 εὐπειθῶς
1110 5044 1527 5116 ὑποδεξάμενος,
1553 5045 1674 5099 αύτί

1896 5052 2003 5103 imo
2031 5049 2194 5104 docili
2221 5056 2277 5103 et
2298 5051 2616 5119 obsequenti
2645 5050 2925 5121 propheta:
2948 5050 3257 5105 doctrinam
3291 5064 3393 5105 ex.

229 5247 270 5280 ⁶²
288 5246 348 5304 ιιι
373 5254 502 5330 Reg.
527 5274 605 5321 XI,
637 5255 736 5322 26;
778 5270 878 5321 sit,
914 5253 1007 5309 20.
1083 5253 1129 5285 “
1154 5251 1198 5307 ll
1228 5252 1371 5308 Tim.
1400 5268 1481 5319 ιιι,
1516 5254 1606 5308 16.

228 5411 707 5492 ‘(76)‘A_ntiqui‘tres
760 5414 903 5492 lib-ri,
939 5409 1127 5479 ὑγιοῦς
1155 5413 1274 5492 καί.
1316 5411 1511 5468 Statim
1553 5411 1706 5477 editi,

1882 5429 1931 5492 to
1958 5430 2018 5492 m_
2038 5415 2170 5492 loco
2187 5416 2316 5472 editi
2360 5425 2415 5472 et
2459 5419 2629 5492 nostri
2665 5433 2761 5475 sex
2823 5433 2980 5485 mss..
3006 5418 3386 5492 ἑπιχειροῦσι⁸

168 5482 518 5570 και-ἐκλείψει.
539 5488 716 5570 ,υεεῗι
748 5485 840 5570 καί
877 5486 929 5537 ιιι
956 5500 1092 5565 mss.
1113 5484 1329 5563 nostris.
1584 5553 1618 5570 ν
1659 5552 1672 5565 ⁸

1886 5488 1928 5551 ΔΙ,
1968 5487 2021 5570 ni
2068 5488 2262 5570 .l'allor,
2295 5490 2646 5570 commodius
2694 5482 2984 5570 legeretur,
3034 5482 3390 5570 eri-11519023?-

171 5621 200 5675 ι,
232 5552 333 5623 (77)
357 5552 513 5621 Edita,
535 5558 600 5608 ἐκ
627 5555 744 5625 τῆς.
768 5554 929 5610 Deest
951 5554 1049 5624 τῆς
1083 5557 1133 5607 in
1158 5554 1357 5607 uestris
1385 5567 1475 5606 sex
1504 5552 1673 5608 codici

205 5639 277 5674 us.

1891 5573 1938 5610 ν.
1977 5556 2030 5608 In
2066 5557 2171 5625 his,
2231 5552 2310 5615 uti
2341 5561 2394 5614 in
2458 5560 2699 5631 reliquis,
2746 5552 2898 5616 ἱιιιιιι
2922 5552 3123 5616 Basilio
3141 5552 3392 5634 "dignum

1888 5627 2175 5684 urehendo.

233 5644 333 5763 iis)
355 5694 562 5765 Antiqui
597 5710 689 5750 sex
727 5693 874 5759 tum,
923 5695 1091 5763 σχεῖν.
1151 5694 1308 5760 Editi,
1364 5691 1523 5763 ἔχειν.
1589 5692 1704 5749 Hoc

670 5710 689 5748 ι
727 5693 874 5759 libri,
923 5695 1091 5763 σχεῖν.
1151 5694 1308 5760 Eam,
1364 5691 1523 5763 gxsw.
1589 5692 1704 5749 Hoc
1812 5644 2174 5697 deprehendo.

426 5792 694 5857 Ριτιιοι..
724 5794 843 5854 Litt.
878 5788 1091 5851 XXX.
3036 5789 3111 5849 15
