3808 6212
394 264 503 324 εει)

1319 243 1689 321 ἈΡΡΕΝΒΙΧ
1729 265 2015 323 ()PERU‘M
2055 268 2112 323 S.
2152 267 2398 325 BASILll
2438 270 2675 329 MAGNI.

3544 274 3660 328 ‘00

393 380 650 451 cepisset,
694 380 930 437 oraculis
970 380 1169 437 divinis
1216 381 1415 454 dignus
1454 385 1706 440 habetur.
1748 385 1951 453 Adiecit

2066 387 2310 455 ἀξιοῦται
2336 392 2443 445 τῶν
2471 392 2628 447 θείων
2653 411 2757 465 χρη
2766 396 3073 466 ματισμῶν.
3092 395 3392 466 Προσεθετο
3407 394 3478 465 γά
3487 414 3519 468 ρ
3535 396 3658 467 (79)

393 476 539 529 enim
582 474 841 528 Dominus
884 472 1027 542 loqui
1070 474 1137 528 ad
1171 474 1343 543 ipsum
1388 476 1595 530 Achaz.
1623 477 1688 530 Et
1736 476 1967 533 fortasse

395 567 656 621 docemur
703 581 849 631 eum,
899 565 991 635 qui
1037 564 1200 619 fuerit
1248 567 1492 621 eruditus
1531 568 1601 621 ab
1632 567 1837 637 aliquo,
1873 569 1968 639 qui

395 655 589 709 divinae
630 653 891 709 voluntati
960 652 1275 719 famuletur,
1338 656 1383 709 si
1444 655 1638 711 deinde
1696 658 1965 726 proﬁciat,

392 759 552 815 posse
591 752 647 800 et
695 744 871 815 ipsum
920 743 1135 798 Domini
1180 760 1441 814 responsa
1500 748 1775 818 excipere.
1830 746 1968 803 Sunt

392 835 609 906 quidem
644 836 912 900 nonnulli,
948 837 1039 905 qui
1071 835 1208 890 citra
1235 836 1516 891 hominum
1550 853 1768 908 Operam
1800 854 1827 892 a
1857 840 1967 894 Deo

391 931 590 992 edocti,
631 937 925 999 potuerunt
968 928 1148 992 initio,
1203 938 1391 997 utpote
1442 930 1584 998 puri.
1638 929 1965 985 illustratio-

391 1037 489 1076 nes
519 1021 754 1090 Spiritus
803 1021 1099 1091 suscipere.
1133 1019 1293 1092 527
1325 1021 1606 1091 Ejusmodi
1640 1032 1764 1078 erat
1788 1024 1964 1079 Abra-

389 1112 535 1176 ham,
575 1110 772 1176 Moses,
810 1111 984 1175 Elias,
1025 1109 1314 1178 Jeremias,
1352 1121 1408 1167 et
1437 1112 1481 1167 si
1511 1113 1599 1181 qui
1626 1113 1736 1166 sint
1774 1113 1858 1167 his
1891 1114 1966 1167 si-

390 1203 566 1259 miles.
603 1201 672 1256 Et
718 1202 910 1267 adiecit
960 1202 1216 1256 Dominus
1258 1202 1421 1271 loqui.
1475 1202 1725 1273 Adjectio
1776 1203 1966 1258 isthmc

388 1310 698 1351 sermonem
749 1294 1027 1349 connectit
1071 1310 1193 1348 cum
1235 1294 1692 1364 praecedentibus.
1720 1295 1785 1348 Et
1816 1305 1963 1349 certe

386 1396 513 1458 post
553 1387 758 1442 editum
806 1386 1125 1441 vaticinium
1176 1402 1285 1455 quo
1327 1386 1792 1454 przcnuntiabatur
1822 1387 1959 1455 fore,

388 1489 447 1534 ut
478 1488 664 1535 rueret
706 1476 990 1547 Ephraim,
1032 1479 1135 1532 hoc
1180 1488 1287 1543 est,
1323 1477 1491 1533 Israel
1515 1478 1791 1542 deﬁceret,
1832 1495 1961 1534 con-

386 1587 621 1642 sequens
670 1581 824 1636 erat,
890 1578 949 1624 ut
1001 1571 1263 1640 propheta
1319 1570 1538 1625 tandem
1597 1570 1957 1639 praediceret,

386 1663 843 1736 quemadmodum
877 1670 1137 1715 venturus
1167 1669 1311 1716 esset
1330 1661 1667 1715 'Emmanuel
1693 1676 1790 1731 per
1825 1661 1959 1715 inte-

385 1764 650 1812 meratam
681 1754 982 1822 Virginem.
1010 1752 1152 1820 Quid
1181 1753 1350 1824 igitur
1373 1754 1474 1822 ipsi
1508 1754 1692 1808 Achaz
1718 1756 1961 1824 praecipit
1994 1738 2037 1794 Β

385 1849 654 1905 sententia
687 1846 814 1902 illa?
846 1845 996 1912 Pete,
1027 1846 1223 1915 inquit,
1258 1846 1355 1899 tibi
1402 1848 1607 1915 signant
1648 1864 1681 1900 a
1729 1847 1958 1902 Domino

384 1943 495 1997 Deo
530 1951 618 1996 tuo
650 1943 706 1995 in
729 1940 1048 2009 profundum
1077 1948 1169 1992 aut
1202 1940 1256 1991 in
1282 1938 1564 1992 excelsum.
1598 1937 1823 2008 Signum
1853 1941 1960 1993 uti-

384 2051 490 2105 que
524 2047 608 2090 est
638 2049 726 2090 res
753 2033 1065 2101 conspicua,
1095 2032 1299 2102 aliquid
1348 2032 1401 2085 in
1432 2046 1492 2087 se
1526 2034 1725 2088 occulti
1753 2035 1957 2089 obscu-

384 2127 537 2196 rique
568 2124 833 2179 indicans.
875 2120 1030 2178 Hunc
1076 2122 1144 2176 ad
1180 2123 1399 2177 modum
1429 2120 1580 2176 Jona:
1612 2123 1828 2193 signum
1865 2125 1958 2177 de-

381 2236 631 2278 scensum
654 2222 719 2274 ad
750 2218 973 2285 inferos,
999 2226 1054 2272 et
1083 2230 1272 2273 rursus
1300 2233 1367 2272 ex
1404 2218 1632 2273 mortuis
1663 2232 1955 2272 ascensum

378 2310 450 2365 ob
481 2308 667 2363 oculos
712 2308 865 2377 ponit
898 2307 964 2361 iis
998 2306 1091 2375 qui
1121 2306 1409 2377 mysticam
1438 2321 1626 2361 eorum
1655 2322 1775 2376 quae
1821 2308 1957 2361 ﬁunt

379 2400 644 2455 rationem
690 2398 990 2479 intelligere
1041 2400 1353 2468 possunt“.
1384 2397 1610 2467 Oportet
1656 2408 1835 2453 autem
1880 2401 1957 2452 si-

378 2506 543 2560 gnum
587 2503 802 2559 semper
839 2490 1052 2557 adesse,
1084 2499 1250 2559 atque
1280 2492 1332 2544 in
1362 2490 1616 2559 prtesenti
1640 2490 1956 2545 considera-

382 2580 462 2644 ri;
493 2579 585 2633 sed
633 2594 720 2632 res
766 2578 833 2633 ab
879 2577 997 2647 ipso
1023 2580 1331 2648 signiﬁcata
1362 2580 1416 2633 in
1451 2581 1552 2634 tria
1584 2589 1829 2649 tempora
1869 2589 1955 2635 est

380 2668 699 2740 plerumque
727 2668 1118 2737 dispertienda.
1153 2668 1292 2747 sunt
1325 2670 1468 2725 enim
1496 2672 1782 2740 praesentia
1811 2687 1953 2742 pra:-

379 2761 615 2816 sentium
673 2760 869 2831 signa;
934 2761 1165 2830 exempli
1214 2776 1408 2827 causa,
1469 2766 1651 2818 tumus
1708 2778 1740 2818 e
1794 2765 1954 2819 domo

383 2852 576 2907 exiens
614 2851 795 2922 ignem
844 2851 987 2905 intus
1028 2852 1252 2906 accendi
1292 2853 1513 2906 indicat.
1549 2852 1686 2908 Sunt
1729 2863 1782 2909 et
1812 2854 1950 2924 prie;

380 2944 557 2999 sentia
585 2941 889 2996 futurorum
918 2951 1210 2997 eventuum
1244 2943 1469 3011 indicia,
1500 2952 1559 2997 nt
1596 2954 1681 2999 est
1726 2946 1950 3001 nubium

381 3049 676 3091 concursus
701 3034 877 3089 oculis
917 3033 1192 3103 subjectus
1224 3036 1316 3106 qui
1352 3036 1581 3092 imbrem
1624 3040 1950 3105 praenuntiat

380 3128 437 3184 in
486 3137 688 3183 terram
738 3140 1014 3182 casurum.
1066 3126 1205 3181 Sunt
1252 3128 1440 3183 itidem
1471 3129 1759 3197 prarsentia
1795 3132 1949 3200 signa

377 3220 799 3290 praeteritorum,
840 3218 920 3273 uti
973 3227 1101 3274 sunt
1155 3219 1453 3274 carbonum
1507 3221 1771 3291 reliquiis,
1831 3238 1951 3292 quae

377 3327 570 3382 rogum
624 3311 696 3364 ibi
753 3310 922 3366 fuisse
966 3310 1248 3366 incensum
1289 3312 1603 3366 ostendunt.
1660 3312 1734 3367 Ea
1771 3324 1949 3368 autem

377 3419 497 3476 qua:
523 3412 649 3459 sunt
681 3402 1048 3469 admirabilia,
1074 3418 1305 3472 quaeque
1346 3404 1633 3472 mysticum
1662 3406 1949 3473 quemdam

376 3508 683 3549 sermonem
716 3492 1047 3563 exprimunt,
1080 3507 1110 3546 a
1156 3491 1436 3560 Scriptura
1470 3503 1735 3549 vocantur
1774 3496 1948 3565 signa.

374 3584 513 3653 Quid
544 3593 724 3639 autem
755 3583 1132 3639 admirabilius
1155 3594 1245 3636 aut
1265 3585 1499 3640 divinius
1526 3595 1702 3655 potest
1724 3602 1948 3656 nsquam

377 3670 551 3725 audiri
584 3680 678 3724 aut
721 3670 987 3741 conspici,
1021 3685 1180 3739 quam
1224 3670 1313 3725 ille
1362 3671 1453 3725 Dei
1501 3675 1668 3727 nostri
1720 3689 1783 3729 ex
1823 3675 1948 3729 Vir-

375 3764 501 3834 gine
531 3763 718 3818 ortus?
740 3762 1103 3830 Quamobrem
1134 3778 1163 3815 a
1204 3763 1428 3819 Domino
1475 3766 1580 3820 Deo
1620 3778 1709 3821 tuo
1734 3768 1947 3838 signum

374 3861 499 3922 pete
528 3851 580 3905 in
607 3851 958 3921 profundum,
984 3852 1174 3906 sivein
1203 3852 1369 3907 altum
1398 3871 1411 3918 ;
1448 3870 1570 3909 cum
1604 3857 1785 3912 nullus
1812 3859 1959 3915 alius

374 3943 431 3999 id
456 3953 715 4012 praestare
738 3944 936 3996 valeat.
971 3940 1226 3999 Profecto
1260 3943 1312 3998 id
1345 3944 1489 4012 quod
1518 3956 1707 4016 suapte
1751 3956 1948 4001 natura

375 4036 428 4090 in
461 4035 643 4089 mundi
687 4035 793 4089 situ
840 4034 1085 4088 inﬁmum
1125 4035 1301 4089 locum
1347 4035 1602 4103 obtinuit,
1634 4048 1778 4093 terra
1822 4048 1943 4103 est;

374 4130 427 4184 id
457 4144 584 4185 vero
610 4129 754 4198 quod
783 4142 946 4197 supra
987 4142 1073 4182 res
1116 4128 1385 4197 quaslibet
1432 4130 1674 4184 visibiles
1707 4130 1945 4194 eminet,

374 4220 567 4275 caelum
615 4228 718 4275 est.
765 4218 898 4273 Cum
949 4218 1114 4287 igitur
1147 4219 1382 4274 Verbum
1430 4236 1558 4275 caro
1608 4221 1810 4276 factum
1849 4222 1941 4286 sit,

374 4312 654 4381 prophetia
683 4310 871 4366 isthmc
893 4325 989 4380 per
1012 4310 1131 4365 illas
1156 4325 1341 4374 voces,
1368 4314 1421 4365 in
1444 4312 1795 4381 profundum,
1833 4324 1945 4368 ter-

374 4417 489 4455 ram
533 4400 802 4471 signiﬁcat
850 4409 905 4453 et
956 4413 1177 4453 carnem
1224 4399 1292 4452 ab
1340 4414 1404 4454 ea
1449 4412 1822 4471 assumptam:
1849 4417 1944 4471 per

372 4494 473 4548 has
503 4507 652 4558 vero,
702 4492 755 4545 in
790 4489 1077 4553 excelsum,
1126 4490 1371 4559 designat
1416 4491 1641 4546 caeleste
1705 4492 1941 4548 Verbum

370 4582 679 4656 principatu
723 4580 868 4634 omni
905 4588 961 4634 et
986 4588 1258 4649 potestate
1287 4581 1561 4649 superius,
1598 4595 1720 4635 eum
1750 4581 1942 4635 videli-

366 4684 477 4739 cet,
521 4674 611 4743 qui
663 4674 716 4727 in
759 4672 1024 4743 principio
1076 4681 1196 4726 erat
1235 4673 1377 4741 apud
1412 4672 1656 4733 Patrem,
1695 4683 1750 4728 et
1802 4673 1944 4728 Deus

369 4765 607 4821 Verbum
652 4773 770 4819 erat
791 4764 932 4818 “'3'.
995 4764 1102 4817 Aut
1147 4763 1284 4818 forte
1337 4763 1661 4832 profundum
1720 4764 1936 4820 inﬁmas

365 4865 549 4930 partes
588 4855 859 4926 signiﬁcat
915 4856 1233 4920 inferorum,
1263 4854 1524 4909 excelsum
1583 4871 1714 4909 vero
1769 4855 1940 4925 regio-

362 4966 490 5004 nem
518 4952 828 5013 caalestem;
863 4956 921 5001 ut
942 4948 1100 5002 docet
1125 4961 1222 5002 nos
1259 4947 1570 5015 Apostolus,
1602 4948 1823 5001 dicens:
1854 4946 1936 4999 Ne

366 5041 564 5095 dixeris
612 5042 666 5093 in
719 5040 873 5092 corde
928 5037 1203 5105 tuo:Quis
1239 5038 1478 5093 ascendet
1512 5039 1567 5092 in
1597 5039 1783 5092 caelum
1805 5039 1831 5092 7
1867 5038 1937 5091 Id

365 5143 461 5195 est,
492 5129 759 5185 Christum
784 5130 1057 5183 deducere.
1088 5130 1200 5183 Aut
1233 5131 1350 5200 quis
1390 5130 1663 5183 descendet
1695 5131 1749 5183 in
1780 5131 1933 5199 abys-

364 5221 524 5281 sum?
574 5219 686 5273 Hoc
730 5227 805 5274 est
868 5218 1141 5273 Christum
1199 5234 1264 5273 ea:
1316 5220 1536 5273 mortuis
1603 5219 1933 5274 revocare”.

364 5313 628 5380 Quoniam
662 5311 821 5383 igitur
848 5308 951 5381 Qui
984 5309 1273 5378 descendit,
1301 5312 1412 5381 ipse
1436 5322 1510 5365 est
1535 5319 1584 5365 et
1623 5312 1714 5380 qui
1748 5327 1931 5365 ascen-

434 5493 482 5525 “
509 5492 699 5551 Matth.
733 5491 937 5561 111,40.
1011 5490 1131 5523 “'"
1161 5488 1317 5546 Joan.
1349 5505 1392 5556 ι,
1427 5489 1480 5544 1.

435 5665 545 5736 (79)
578 5663 796 5719 Veteres
817 5666 1053 5737 quinque
1083 5663 1226 5737 libri,
1273 5662 1568 5737 προσέωοο
1612 5663 1734 5735 γάρ.
1772 5663 1927 5723 Deest

359 5733 470 5807 γάρ
496 5733 551 5792 in
573 5737 787 5790 excusis
810 5733 861 5792 et
887 5737 941 5791 in
966 5733 1102 5805 Reg.
1134 5733 1327 5805 primo.

1584 5489 1631 5521 ⁸³
1656 5487 1815 5545 Rom.
1850 5505 1907 5557 ι,
1940 5489 1993 5544 ϐ.

2071 485 2273 557 Κύριος
2302 485 2451 556 αὐτῴ
2479 486 2710 557 λαλῆσαι
2735 486 2813 557 τῷ
2856 486 3041 557 Ἀχάζ,
3085 488 3193 543 Καὶ
3225 488 3364 558 τάχα
3397 489 3657 543 διδασκό-

2073 576 2231 647 μεθα,
2265 578 2347 630 ὅτι
2401 580 2431 630 ὁ
2475 578 2564 631 διά
2594 593 2739 642 τινος
2773 580 3214 650 ὑπηρετουμένου
3250 579 3327 650 τῷ
3360 580 3489 651 θείῳ
3526 580 3658 651 βου-

2068 669 2269 740 λήματι
2302 668 2679 740 μαθητευθεὶς,
2716 669 2940 740 ῦστερον
2982 672 3330 743 προκόπτων,
3360 672 3657 744 δυνήσεται

2068 765 2163 816 καὶ
2201 764 2360 826 αὐτὸς
2402 763 2761 829 ὑποδέξασθαι
2807 766 2934 827 τοὺς
2972 764 3067 819 τοῦ
3104 767 3309 837 Κυρίου
3372 782 3649 837 χρηματι-

2070 856 2254 926 σμούς.
2274 857 2396 910 Εἰσὶ
2431 858 2611 927 μέντοι
2644 858 2805 921 τινες,
2835 859 2884 911 οἳ
2918 858 2992 929 μὴ
3018 859 3084 911 δι’
3123 857 3423 929 ἀνθρώπων
3449 858 3654 928 πρότε-

2069 967 2161 1022 ρον
2219 950 2647 1022 μαθητευθέντες
2699 950 2839 1021 Θεῷ,
2897 951 3133 1021 ἀρχῆθεν
3187 951 3522 1021 δεδύνηνται,
3570 951 3654 1014 ὠς

2067 1044 2316 1115 καθαροὶ,
2373 1044 2621 1115 χωρῆσαι
2672 1043 2769 1105 τὰς
2826 1044 3095 1114 ἐμφάσεις
3151 1044 3244 1095 τοῦ
3302 1042 3651 1115 Πνεῦματος.

2078 1132 2290 1198 Ὀποῖος
2319 1129 2387 1206 ἦν
2431 1135 2701 1205 Ἀϐραὰμ,
2738 1135 2832 1188 καὶ
2878 1136 3103 1205 Μωσῆς,
3153 1136 3247 1188 καὶ
3298 1136 3501 1199 Ἠλίας,
3552 1136 3651 1188 καὶ

2077 1226 2362 1298 Ἱερεμίας,
2399 1227 2493 1281 καὶ
2535 1228 2588 1280 εἴ
2628 1245 2771 1290 τινες
2824 1226 3050 1290 ἐκείνοις
3098 1226 3486 1297 παραπλήσιοι.
3530 1226 3650 1282 Kal

2064 1320 2387 1387 προσέθετο
2408 1321 2620 1388 Κύριος
2640 1318 2925 1386 λαλῆσαι.
2965 1318 3028 1372 Ἦ
3052 1318 3333 1389 προσθήκη
3361 1322 3473 1381 τοῖς
3503 1336 3642 1390 προ-

2065 1414 2256 1482 άγουσι
2283 1412 2540 1466 συνάπτει
2562 1412 2654 1464 τὸν
2678 1412 2833 1479 λόγον
2872 1411 2982 1464 Καὶ
3008 1410 3296 1463 ἀκόλουθόν
3321 1425 3383 1477 γε
3404 1405 3471 1479 ἦν
3499 1411 3647 1480 μετὰ

2063 1506 2160 1576 τὴν
2211 1506 2549 1577 προφητείαν
2601 1504 2696 1576 τὴν
2756 1505 2881 1575 περὶ
2917 1503 3026 1573 (80)
3084 1502 3176 1556 τοῦ
3224 1502 3489 1571 ἐκλείψειν
3547 1502 3644 1555 τὸν

2076 1597 2334 1668 Ἐφραῒμ,
2360 1595 2608 1650 τουτέστι
2643 1595 2734 1648 τὸν
2768 1596 3221 1665 ἀποστατήσαντα
3257 1594 3491 1664 Ἰσραὴλ,
3514 1595 3645 1646 τότε

2062 1688 2532 1761 προφητεύεσθαι,
2584 1686 2703 1740 τίνα
2767 1686 2964 1756 τρόπον
3028 1686 3356 1757 ἐπιδημήσει
3403 1686 3490 1739 διὰ
3539 1686 3647 1756 τῆς

2062 1783 2327 1853 ἀμιάντου
2358 1780 2644 1852 Παρθένου
2688 1782 2717 1833 6
2777 1779 3143 1849 Ἐμμανουήλ.
3189 1779 3255 1830 Τί
3298 1774 3389 1831 οὖν
3422 1780 3575 1831 ἐστιν
3615 1778 3646 1831 ὖ

2060 1875 2389 1947 προστάσσει
2406 1873 2485 1945 τῷ
2510 1873 2676 1944 Ἀχάζ
2693 1875 2721 1926 ὁ
2741 1873 2895 1941 λόγος
2912 1892 2924 1937 ;
2939 1874 3209 1940 Αἴτησαι,
3232 1874 3382 1942 φησὶ,
3400 1873 3645 1939 σεαυτῷ

2058 1968 2311 2038 σημεῖον
2335 1966 2493 2036 παρὰ
2524 1968 2743 2034 Κυρίου
2776 1966 2881 2019 τοῦ
2912 1965 3059 2019 Θεοῦ
3096 1982 3212 2018 σου
3245 1968 3331 2031 εὶς
3365 1965 3559 2029 ,ϐάοος
3598 1964 3640 2034 ἢ

2057 2062 2144 2125 εὶς
2172 2060 2350 2127 ὕψος.
2392 2059 2550 2111 Ἔστι
2594 2058 2691 2128 μὲν
2724 2054 2816 2111 οὖν
2851 2060 3075 2127 σημεῖον
3116 2059 3347 2127 πρᾶγμα
3379 2058 3638 2128 φανερὸν,

2058 2152 2443 2222 κεκρυμμένου
2496 2152 2639 2214 τινὸς
2668 2152 2759 2204 καλ⁵
2786 2150 3023 2220 ἀφανοῦς
3046 2154 3103 2203 ἐν
3136 2148 3314 2219 ἐαυτῷ
3344 2149 3440 2220 τὴν
3471 2150 3500 2202 δ
3511 2150 3644 2218 ἣλω-

2060 2260 2142 2295 σιν
2170 2242 2289 2312 ἔχον
2310 2260 2322 2272 ο
2354 2243 2428 2306 ὡς
2461 2243 2522 2295 τὸ
2548 2247 2770 2313 σημεῖον
2808 2244 2961 2296 Ἰωνᾶ
2988 2242 3085 2312 τὴν
3119 2245 3197 2305 εἰς
3229 2242 3351 2312 ᾅδου
3385 2241 3637 2307 κάθοδον,

2058 2335 2152 2387 καὶ
2184 2334 2344 2388 πάλιν
2376 2335 2440 2388 ἐκ
2484 2334 2694 2406 νεκρῶν
2726 2335 2910 2389 ἄνοδον
2944 2335 3240 2405 παρίστησι
3265 2335 3376 2405 (81)
3407 2338 3516 2397 τοῖς
3546 2333 3640 2386 δυ-

2058 2428 2307 2497 ναμένοις
2350 2427 2716 2497 ἐκλαμϐάνειν
2750 2427 2840 2480 τὸν
2877 2428 3137 2498 μυττικδν
3175 2427 3331 2494 λόγον
3356 2427 3464 2480 τῶν
3488 2443 3640 2494 γινοο

2061 2519 2258 2590 μένων.
2286 2522 2375 2572 Δεῖ
2403 2520 2459 2579 δὲ
2486 2519 2572 2573 ἀεὶ
2601 2520 2661 2571 τὸ
2692 2520 2791 2590 μὲν
2819 2523 3041 2590 σημεῖον
3073 2523 3345 2590 παρεῖναι,
3371 2519 3466 2572 καὶ
3491 2520 3639 2573 κατά

2055 2612 2117 2666 τὸ
2163 2612 2378 2675 ἐνεστὸς
2407 2611 2725 2684 θεωρεῖσθαι
2750 2629 2762 2642 ο
2794 2612 2855 2664 τὸ
2878 2612 2933 2665 δὲ
2980 2613 3070 2664 ὑπ’
3103 2612 3267 2665 αὑτοῦ
3304 2611 3639 2683 σημαινόμε-

2057 2724 2145 2759 νον
2177 2707 2410 2777 πρᾶγμα
2449 2709 2562 2768 τοῖς
2590 2706 2738 2776 τρισὶ
2769 2705 3029 2768 πολλάκις
3061 2702 3636 2775 συγκαταμερίζεσθαι

2057 2797 2285 2867 χρόνοις.
2322 2799 2477 2850 Ἔστι
2518 2797 2626 2867 γὶιρ
2660 2797 2753 2850 καὶ
2799 2797 3042 2868 παρόντα
3077 2797 3362 2867 παρόντων
3390 2796 3596 2866 σημεῖα
3617 2812 3634 2825 ⁸

2054 2892 2129 2955 ὡς
2159 2893 2187 2944 6
2212 2891 2367 2956 ἐξιὼν
2394 2894 2458 2944 ἐκ
2482 2893 2581 2961 τῆς
2605 2892 2782 2955 οἰκίας
2805 2890 3010 2954 καπνὸς
3030 2890 3124 2943 τοῦ
3159 2890 3307 2943 ἔνδον
3338 2890 3638 2961 καιομένου

2056 2984 2246 3055 πυρός.
2286 2985 2439 3037 Ἔστι
2473 2984 2529 3036 δὲ
2561 2985 2655 3037 καὶ
2684 2984 2927 3055 παρόντα
2962 2982 3261 3053 μελλόντων
3285 2998 3298 3011 ·
3325 2981 3402 3045 ὼς
3435 2983 3469 3051 ἡ
3498 2984 3641 3053 ὁρω-

1978 3083 2019 3138 C
2056 3078 2190 3148 μένη
2239 3077 2347 3130 τῶν
2389 3076 2567 3146 νεφῶν
2619 3076 2916 3148 συνδρομὴ,
2952 3076 3046 3129 τοῦ
3081 3074 3339 3145 ἐσομένου
3397 3075 3491 3127 ἐπὶ
3530 3075 3639 3145 τὴν

2054 3168 2158 3237 γῆν
2187 3167 2365 3221 ὑετοῦ.
2408 3169 2527 3221 Ἔτι
2555 3168 2611 3221 δὲ
2638 3170 2730 3221 καὶ
2769 3168 3012 3238 παρόντα
3050 3165 3527 3238 παρεληλυθότων
3556 3167 3639 3232 ὡς

2052 3260 2119 3313 τὰ
2149 3261 2246 3330 τῆς
2278 3260 2575 3332 ἀνθρακιᾶς
2624 3259 2851 3329 λείψανα
2883 3258 2977 3311 τοῦ
3005 3258 3304 3312 κεκαῦσθαι
3332 3258 3419 3311 ἐπ’
3461 3259 3640 3331 αὐτῆς

2051 3355 2151 3425 τὴν
2187 3353 2574 3425 πυρκαϊάν.⁹ΙΙ
2626 3352 2809 3423 μέντοι
2857 3352 3047 3423 Γραφὴ
3083 3352 3152 3404 τὰ
3192 3351 3490 3423 παράδοξα,
3536 3354 3640 3407 καὶ

2051 3446 2434 3518 παραστατικά
2461 3462 2605 3509 τινος
2644 3444 2905 3515 μυστικοῦ
2940 3444 3100 3512 λόγου
3133 3448 3335 3515 σημεῖα
3364 3444 3537 3499 καλεῖ.
3570 3447 3641 3500 Τί

2049 3539 2107 3592 δὲ
2133 3539 2199 3592 ἂν
2232 3537 2679 3610 παραδοξότερον,
2709 3538 2741 3609 ἢ
2775 3537 3044 3609 θειότερον
3071 3540 3341 3609 ἄκουσμα,
3373 3541 3405 3612 ἢ
3454 3540 3641 3611 θέαμα

2048 3631 2147 3702 τῆς
2185 3629 2280 3683 τοῦ
2320 3630 2454 3683 Θεοῦ
2506 3629 2662 3700 ἡμῶν
2703 3630 2790 3682 διὰ
2822 3629 3099 3701 Παρθένου
3143 3632 3482 3702 γεννήσεως;
3530 3631 3640 3684 Διά

2048 3724 2205 3777 τοῦτο
2229 3723 2449 3795 αίτησαι
2476 3722 2629 3796 παρὰ
2658 3723 2866 3793 Κυρίου
2893 3723 2985 3776 τοῦ
3014 3723 3147 3775 Θεοῦ
3175 3740 3269 3776 σου
3294 3724 3389 3793 (ὡς
3413 3724 3639 3789 οὐδενὸς

2049 3816 2236 3889 ἐτέρου
2268 3815 2567 3886 δυναμένου
2609 3815 2814 3885 δοῦναι)
2859 3815 2918 3868 τὸ
2965 3817 3045 3879 είς
3099 3816 3263 3887 βάθος
3308 3817 3451 3887 ἣείς
3493 3815 3639 3886 ὕψος

2050 3910 2296 3978 σημεῖον.
2330 3908 2486 3960 Ἔστι
2510 3906 2688 3959 τοίνυν
2719 3909 2776 3960 ἐν
2806 3910 2870 3978 τῇ
2910 3908 3003 3960 τοῦ
3035 3908 3239 3977 κόσμου
3267 3909 3411 3962 θέσει
3440 3909 3500 3963 τὸ
3527 3912 3637 3981 μὲν

2049 3998 2208 4068 φύσει
2236 3999 2397 4068 λαχὸν
2426 3998 2524 4069 τὴν
2555 3997 2705 4052 κάτω
2748 3999 2933 4070 χώραν
2972 4001 3005 4067 ἡ
3040 4000 3112 4069 γῆ
3133 4017 3147 4031 ο
3180 4000 3241 4052 τὸ
3269 4001 3326 4053 δὲ
3365 4000 3638 4056 ἀνωτάτω

2048 4093 2265 4145 πάντων
2290 4092 2399 4145 τῶν
2435 4094 2747 4163 ὁρωμένων,
2778 4094 2805 4145 ὁ
2824 4094 3069 4164 οὐρανός.
3102 4093 3258 4146 Ἐπεὶ
3281 4090 3371 4147 οὖν
3398 4097 3428 4147 6
3457 4095 3639 4163 Λόγος

2049 4183 2185 4255 σὰρξ
2209 4184 2440 4252 ἐγένετο,
2470 4187 2501 4255 ἡ
2537 4185 2862 4257 προφητεία,
2893 4185 2980 4238 διὰ
3013 4186 3112 4255 μὲν
3156 4186 3248 4239 τοῦ
3293 4190 3379 4253 εὶς
3410 4186 3633 4255 βάθος,

2046 4276 2142 4348 τὴν
2175 4278 2278 4346 γῆν
2315 4279 2568 4349 σημαίνει
2597 4280 2690 4331 καὶ
2715 4279 2812 4350 τὴν
2851 4280 2943 4332 ἀπ’
2987 4280 3158 4349 αὐτῆς
3203 4280 3634 4352 λαμϐανομένην

2050 4369 2227 4439 σάρκα
2244 4386 2255 4398 ·
2271 4369 2359 4422 διὰ
2383 4371 2438 4422 δὲ
2467 4368 2684 4436 τοῦ,εὶς
2706 4371 2883 4439 ὕψος,
2902 4371 2993 4424 τὸν
3028 4372 3416 4443 ὑπερουράνιον
3442 4373 3631 4441 λόγον,

2048 4462 2139 4513 τὸν
2170 4462 2426 4532 ὑπεράνω
2452 4461 2631 4533 πάσης
2655 4463 2828 4534 ἀρχῆς
2853 4462 2947 4515 καὶ
2972 4462 3240 4527 ἐξουσίας,
3273 4464 3364 4518 τὸν
3393 4465 3450 4516 ἐν
3478 4465 3631 4537 ἀρχῇ

2047 4552 2174 4605 ὄντα
2208 4554 2344 4624 πρὸς
2371 4554 2462 4606 τὸν
2487 4553 2724 4624 Πατέρα,
2749 4554 2841 4607 καὶ
2867 4554 2998 4606 Θεὸν
3018 4555 3145 4608 ὄντα
3169 4556 3360 4623 Λόγον.
3392 4554 3459 4609 Ἢ
3483 4558 3631 4627 τάχα

2040 4643 2232 4710 βάθος
2264 4646 2517 4715 σημαίνει
2546 4645 2616 4697 τὰ
2642 4645 2928 4698 κατώτατα
2964 4644 3058 4698 τοῦ
3084 4646 3231 4716 ᾅδου,
3264 4647 3421 4714 iiii-oc
3441 4646 3499 4699 δὲ
3526 4650 3630 4719 τὴν

2048 4737 2436 4808 ὑπερουράνιον
2453 4736 2657 4807 χώραν,
2675 4736 2749 4800 ὡς
2767 4739 2794 4790 ὁ
2810 4736 3130 4799 Ἀπόστολος
3147 4738 3276 4807 ἡμῖν
3302 4738 3541 4811 παρίστη
3550 4757 3627 4807 σι,

2046 4829 2217 4897 λέγων
2238 4846 2251 4859 ο
2288 4829 2383 4897 Μὴ
2422 4830 2597 4898 εἴπῃς
2624 4830 2695 4882 ἐν
2722 4828 2798 4898 τῇ
2837 4830 3050 4897 καρδίᾳ
3081 4844 3228 4883 σου·
3269 4831 3365 4896 Τίς
3395 4831 3628 4899 ἀναϐήσ-

2043 4938 2213 4975 aetat.
2248 4923 2335 4987 εἰς
2378 4923 2483 4975 τὸν
2512 4921 2806 4989 οὐρανόν;
2848 4920 3126 4975 Τουτέστι
3166 4922 3426 4990 Χριστὸν
3479 4940 3626 4976 λατ-

2043 5014 2304 5083 αγαγεὶν.
2324 5015 2393 5069 Ἠ
2401 5014 2491 5079 τίς
2502 5017 2689 5067 καταϐ
2694 5014 2899 5083 lio-stat
2919 5013 3444 5081 εἱςτὶινᾶϐυσσον;
3479 5015 3625 5072 Του-

2041 5104 2203 5158 τέστι
2238 5105 2494 5173 Χριστόν
2536 5106 2603 5158 ἐκ
2653 5105 2885 5173 νεκρῶν
2928 5106 3269 5176 ἀναγαγεῖν.
3327 5109 3480 5162 Ἐπεὶ
3527 5105 3624 5163 οὖν

2055 5198 2116 5250 '0
2158 5201 2416 5265 καταϐὰς
2461 5200 2643 5264 αὑτός
2679 5199 2809 5252 ἐστι
2835 5199 2933 5252 καὶ
2971 5202 3003 5253 ὁ
3036 5200 3283 5265 ἀναϐὰς,
3319 5200 3381 5253 τὸ
3409 5202 3620 5267 εὶςβά-

2040 5295 2143 5358 θος
2182 5292 2277 5346 καὶ
2306 5294 2393 5358 εἰς
2424 5291 2583 5359 ὕψος
2614 5294 2837 5362 σημεῖον
2872 5292 2998 5362 περὶ
3028 5291 3128 5362 τῆς
3175 5291 3403 5346 καθόδου
3432 5292 3500 5349 ἂν
3529 5293 3619 5366 εἴη

2251 5663 2324 5741 _lta
2363 5681 2494 5721 mss.
2519 5681 2727 5741 omnes.
2753 5667 2913 5732 Editi,
2943 5670 3043 5741 τὴν
3072 5669 3185 5741 ἐπί.

2115 5736 2225 5807 (8t)
2249 5736 2324 5791 Ita
2364 5753 2494 5794 mss.
2531 5740 2601 5793 At
2623 5749 2804 5795 nostra
2836 5736 3021 5808 editio,
3053 5740 3393 5811 περίστησιν.
