3808 6212
215 303 303 358 161
1042 303 1396 360 COMMENT.
1437 303 1504 360 IN
1542 303 1777 362 ISAIAM
1814 307 2261 367 PROPHETAII.
2303 309 2456 367 CAP.
2501 310 2614 368 Vll.
3336 317 3444 374 102

212 419 483 490 λεγόμενον
510 421 611 491 τῆς
652 418 745 474 τοῦ
783 421 989 491 Κυρίου
1010 438 1023 452 ·
1079 422 1188 477 Καὶ
1237 425 1271 476 ὀ
1317 422 1543 489 ἀναϐὰς
1589 426 1716 478 uim

1940 428 2037 493 t“,
2089 430 2300 499 signum
2363 430 2494 485 illud
2548 431 2601 483 in
2659 430 2985 501 profundum
3043 432 3149 486 sive
3189 433 3240 488 in
3273 435 3444 490 ecce!-

211 513 367 568 έστιν
391 513 666 581 ὑπεράνω
688 513 930 569 πάντων
955 514 1075 569 τῶν
1100 515 1391 584 οὐρανῶν.

1943 537 1994 573 m
2024 521 2127 575 dici
2160 531 2338 591 potest
2360 524 2426 576 de
2457 522 2666 577 Domini
2703 525 2961 579 descensu
2996 542 3009 577 :
3037 523 3108 578 Et
3133 526 3225 584 aui
3257 542 3443 583 ascen-

1876 612 1977 677 dit,
2013 612 2121 679 ipse
2144 621 2218 665 est
2241 626 2399 680 super
2431 629 2609 668 omnes
2643 613 2795 668 caelos
2812 614 2880 671 ⁸⁸.

228 758 231 759 ν
275 695 388 750 199.
417 696 529 750 Καὶ
561 692 732 749 εἶπεν
778 695 981 766 Ἀχάζο
1021 699 1102 751 Οὺ
1129 696 1216 767 μὴ
1255 697 1503 764 αἰτήσω,
1541 700 1667 754 οὐδ’
1696 719 1729 755 ο

1947 703 2068 760 199.
2114 704 2273 759 Vens.
2312 705 2400 759 12.
2433 703 2500 758 Ει
2524 707 2656 760 dixit
2679 706 2893 761 Achaz:
2923 708 3043 763 Non
3064 721 3258 778 petam,
3285 726 3451 780 neque

208 787 283 857 μὴ
312 787 571 855 πειράσω
612 790 852 857 Κύριον.
900 790 964 842 Ἥ
1009 791 1107 859 μὲν
1144 791 1238 847 τοῦ
1273 791 1407 846 Θεοῦ
1450 792 1629 867 δωρεὰ
1677 812 1712 864 μ

1939 797 2082 851 ηιαὺο
2116 797 2421 852 Dominum.
2461 798 2557 852 Dei
2594 800 2811 867 quidem
2832 801 3028 855 donum
3057 816 3310 872 magnum
3339 816 3443 868 εει,

211 882 356 952 γάλη,
395 882 490 934 καὶ
540 880 793 947 πλουσία,
839 882 933 934 καὶ
974 883 1221 955 δαψιλής.
1279 884 1336 938 Ὁ
1375 885 1432 938 δὲ
1478 880 1715 956 Ἄχας,ιὲ

1944 904 2135 960 resque
2169 899 2221 944 et
2243 889 2471 961 largum.
2502 890 2684 944 Achaz
2720 902 2901 946 autem
2956 902 3142 963 utpote
3170 909 3360 965 magna
3392 904 3448 949 et

213 975 363 1044 μήπω
389 973 770 1045 δεδιδαγμένος
801 977 972 1031 αἰτεῖν
991 975 1059 1028 τὰ
1082 975 1294 1046 μεγάλα
1326 977 1421 1031 καὶ
1449 978 1717 1049 ὲπουράνι‹

1940 982 2118 1037 elestia
2154 996 2451 1051 exposcere
2504 982 2743 1036 nondum
2789 982 3038 1049 edoctus,
3084 998 3329 1053 quaerere
3370 987 3444 1040 si-

209 1071 536 1139 παραιτεῖται
570 1069 806 1139 ζητῆσαι
829 1072 1073 1140 σημεῖον,
1095 1070 1170 1133 ὡς
1197 1070 1380 1140 μεῖζον
1403 1072 1648 1143 ὑπάρχον
1668 1072 1713 1124 τί

1941 1088 2039 1126 ium
2071 1085 2309 1135 recusat,
2342 1070 2485 1140 quod
2532 1070 2582 1124 id
2627 1081 2912 1140 superaret
2955 1073 3246 1129 humanam
3284 1084 3445 1129 natu-

208 1160 537 1231 ἀνθρωπίνης
570 1160 820 1230 φύσεω;’
855 1162 889 1233 ἢ
934 1163 1010 1226 ὡς
1048 1162 1201 1234 παρὰ
1242 1163 1342 1235 τὴν
1389 1164 1609 1236 ἐντολὴν
1644 1167 1711 1237 μέ

1945 1179 2015 1226 m,
2053 1163 2133 1217 vel
2168 1163 2309 1232 quod
2355 1160 2603 1231 exsequi'
2633 1162 2793 1217 vellet
2826 1164 3163 1227 mandatum,
3191 1163 3333 1233 quod
3363 1166 3449 1218 di-

207 1252 301 1305 λων
328 1255 518 1317 ποιεῖν,
541 1253 646 1325 τὴν
674 1251 936 1309 εἰποῦσαν
954 1268 967 1281 ⁸
1007 1255 1131 1307 Οὐκ
1155 1253 1532 1322 ἐκπειράσεις
1552 1257 1711 1324 Κύριε

1947 1276 1989 1309 .:
2019 1251 2144 1307 Non
2181 1253 2401 1307 tentabis
2435 1251 2717 1307 Dominum
2751 1252 2917 1308 Deum
2968 1254 3194 1307 tuum“.
3235 1252 3451 1310 Sermo—

206 1342 302 1396 τὸν
324 1344 469 1397 Hadr
506 1358 647 1399 σου.
690 1345 1026 1412 Ἀναγκαίως
1064 1343 1120 1397 δὲ
1142 1346 1189 1397 oi
1225 1347 1353 1415 περὶ
1382 1345 1489 1398 τῶν
1516 1346 1710 1416 τηλικοτ

1936 1361 1973 1399 ιε
2004 1357 2183 1399 autem
2235 1345 2327 1413 qui
2362 1345 2524 1398 tantis
2563 1344 2631 1399 de
2660 1344 2823 1399 rebus
2876 1344 3165 1409 habentur,
3202 1345 3316 1416 regi
3347 1347 3440 1416 qui

204 1451 301 1487 των
322 1434 464 1503 λόγοι
490 1434 573 1505 τῷ
611 1436 734 1488 τότε
770 1437 1134 1508 κεκρατηκότι
1166 1436 1374 1506 βασιλεῖ
1396 1438 1656 1505 γίνονται,
1681 1438 1708 1490 ἴε

1945 1450 2008 1489 nc
2061 1434 2379 1504 imperabat,
2433 1434 2681 1505 apposite
2728 1444 2784 1490 et
2831 1436 3040 1491 utiliter
3068 1435 3228 1503 fiunt,
3258 1446 3320 1491 ut
3349 1452 3449 1507 per

202 1527 264 1580 δι’
288 1526 445 1581 αὐτοῦ
492 1530 577 1591 εἰς
611 1529 821 1593 πάντας
853 1530 1148 1602 διαλαληθῇ
1172 1531 1284 1601 (82)
1317 1529 1387 1584 τὰ
1432 1548 1706 1602 προφητευ

1941 1542 2052 1583 sum
2111 1527 2301 1583 isthmc
2357 1527 2614 1581 vaticinia
2677 1528 2729 1581 in
2782 1542 2974 1583 omnes
3022 1528 3445 1599 divulgarentur.

207 1636 345 1691 μενα.
382 1620 611 1683 Ἡσαΐας
646 1621 747 1691 μὲν
778 1621 886 1693 γὰρ
932 1622 998 1675 ἂν
1030 1621 1160 1685 ἴσως
1189 1622 1487 1694 ἠπιστήθη,
1525 1622 1558 1693 ἢ
1592 1622 1711 1692 φθόι

1943 1629 2036 1675 »ι-ιο
2059 1620 2202 1674 enim
2234 1621 2320 1674 vel
2351 1619 2421 1674 ob
2447 1618 2613 1690 528
2642 1620 2917 1674 hominum
2946 1620 3036 1675 illa
3068 1630 3228 1676 aetate
3248 1623 3447 1694 degen-

201 1711 297 1763 τῶν
325 1712 439 1764 κατ’
474 1711 639 1765 αὐτὸν
670 1711 993 1783 ἀνθρώπων,
1026 1712 1059 1784 ἦ
1090 1715 1156 1784 τῇ
1188 1712 1347 1784 λοιπῇ
1374 1713 1503 1783 περί
1531 1714 1622 1766 τὸν
1654 1713 1705 1784 βί

1943 1728 2009 1765 im
2057 1712 2337 1777 invidiam,
2370 1712 2455 1767 vel
2492 1715 2563 1767 ob
2609 1712 2873 1783 reliquam
2912 1714 3036 1769 vitae
3065 1714 3447 1783 humilitatem,

201 1804 548 1873 ταπεινότητι,
586 1805 665 1868 ὡς
716 1805 791 1875 μὴ
839 1803 1129 1875 δεξάμενος
1181 1805 1281 1875 τῆς
1329 1805 1624 1877 ἐπιδημίας
1668 1823 1705 1859 τι

1945 1807 2065 1858 isset
2091 1802 2241 1858 Isaiae
2268 1804 2528 1875 denegata
2563 1804 2714 1877 fides,
2750 1805 2904 1875 quasi
2930 1820 2960 1860 a
3002 1805 3232 1861 Domino
3254 1820 3449 1861 oracu-

212 1894 540 1967 Ἐμμανουήλ
568 1898 725 1968 παρὰ
753 1897 848 1951 τοῦ
883 1897 1087 1969 Κυρίου
1118 1875 1524 1969 χρηματισμὸν,
1559 1898 1673 1952 ἀλλ’
1702 1900 1716 1951 ἔ

1946 1910 1984 1948 ιι
2035 1910 2140 1949 non
2192 1896 2498 1963 excepisset
2548 1895 2616 1950 de
2672 1875 3037 1952 Emmanuelis
3065 1896 3321 1961 adventu,
3350 1894 3450 1951 sed

199 1984 290 2054 τῆς
332 1985 466 2048 ἰδίας
506 1986 744 2058 καρδίας
780 1985 1100 2051 ἀναπλάσας
1135 1985 1232 2041 ’τὸν
1277 1985 1455 2056 λόγον.
1514 1987 1681 2058 Ἀχάξ

1946 1990 2234 2045 nﬁnxisset
2259 1990 2404 2044 hunc
2429 2004 2758 2053 sermonem,
2781 1998 2942 2057 atque
2974 2005 3005 2044 e
3043 1990 3262 2060 proprio
3286 1991 3449 2046 corde

199 2077 354 2140 οὕτως
381 2076 605 2142 ἐδέξατο
647 2078 747 2149 τὴν
780 2080 910 2149 περὶ
939 2077 1049 2131 τῶν
1087 2078 1364 2149 ἐσομένων
1404 2080 1703 2150 προφητεία

1942 2080 2328 2149 :prompsisset.
2386 2078 2572 2133 Achaz
2624 2088 2804 2133 autem
2862 2079 3070 2149 recepit
3137 2079 3446 2135 futurorum

198 2168 266 2231 ὡς
303 2169 505 2232 Λάὀαν,
546 2171 627 2233 ὡς
679 2170 987 2242 Ἀϐιμέλεχ,
1027 2170 1103 2234 ὡς
1149 2170 1645 2243 Ναϐουχοδονόσορ,
1692 2191 1702 2224 ι

1943 2170 2278 2225 ωάἰριίοιιειιι
2336 2170 2474 2223 sicut
2524 2167 2794 2234 Laban",
2829 2168 3225 2235 Abimelech”,
3266 2168 3447 2223 Nabu-

198 2262 398 2333 Φαραὼ,
441 2265 516 2328 ὡς
566 2264 827 2333 Καϊάφας
857 2264 919 2317 τὸ
946 2264 1273 2326 τελευταῖον,
1303 2264 1363 2316 οὐ
1399 2263 1487 2319 διὰ
1528 2264 1629 2336 τὴν
1673 2283 1702 2317 τ

1947 2262 2218 2318 odonosur
2233 2262 2302 2328 '°,
2321 2261 2532 2317 Pharao
2552 2262 2622 2323 ’°,
2648 2276 2712 2316 ac
2726 2264 2941 2316 tandem
2967 2262 3107 2316 sicut
3123 2260 3359 2331 Caiplias
3375 2261 3447 2327 ",

202 2352 305 2424 βίου
348 2354 538 2421 ἀξίαν,
577 2356 706 2408 ὅσον
749 2355 837 2409 διὰ
887 2353 986 2426 τὴν
1011 2356 1076 2408 ὲκ
1116 2354 1213 2407 τοῦ
1254 2353 1563 2425 ἀξιώματος
1602 2373 1706 2427 προ

1945 2370 1983 2407 ιιι
2036 2364 2258 2424 propter
2297 2352 2422 2405 vita:
2465 2349 2742 2415 meritum,
2771 2352 2865 2405 sed
2897 2351 3039 2421 quod
3070 2350 3188 2421 ejus
3214 2351 3449 2420 dignitas

202 2446 352 2501 οὖσαν
403 2446 555 2518 αὐτῷ
604 2446 970 2514 ἀξιοπιστίαν.
1026 2448 1101 2501 Οὐ
1158 2448 1269 2520 γὰρ
1328 2449 1393 2520 δὴ
1434 2448 1547 2518 (85)
1611 2448 1704 2500 εὐλ

1937 2461 1998 2499 ιιι]
2049 2444 2154 2500 fide
2201 2445 2423 2516 dignum
2476 2444 2745 2499 redderet.
2798 2441 2914 2498 Non
2955 2443 3100 2497 enim
3134 2443 3441 2498 reverentia

198 2535 309 2608 δεία
360 2538 465 2590 τινὶ
520 2540 828 2609 παρῃτεῖτο
897 2537 996 2608 τὴν
1035 2536 1252 2610 αἴτησιν
1313 2538 1406 2593 τοῦ
1464 2539 1691 2610 σημείου

1976 2537 2236 2606 religiOne
2269 2535 2374 2589 ulla
2409 2536 2660 2592 inductus
2708 2535 2892 2590 Achaz
2943 2536 3246 2607 refugiebat
3283 2550 3313 2589 a
3349 2552 3447 2606 pe-

214 2627 384 2698 Ἀχάζ.
412 2630 477 2683 Εἰ
510 2629 627 2698 γὰρ
656 2629 758 2682 οὐκ
783 2624 851 2699 ἦν
880 2628 1029 2699 αὐτῷ
1071 2631 1369 2703 συμφέρον,
1402 2630 1508 2683 οὐδ’
1545 2630 1613 2684 ἂν
1667 2632 1718 2684 ὲτ

1943 2630 2039 2684 ado
2078 2629 2254 2699 signo.
2289 2627 2526 2695 Etenim,
2556 2627 2602 2683 si
2638 2627 2693 2682 id
2727 2629 2776 2683 ei
2821 2642 2926 2682 non
2954 2626 3149 2684 fuisset
3190 2629 3447 2684 conduci-

197 2718 338 2784 έταξε
375 2720 473 2789 τὴν
502 2720 687 2792 ἀρχὴν
730 2721 758 2773 ὁ
789 2718 940 2783 Θεός.
969 2718 1068 2773 Διὰ
1101 2720 1258 2774 τοῦτο
1285 2723 1382 2775 καὶ
1418 2721 1488 2775 τὰ
1514 2722 1701 2793 ὲπιφερ

1946 2724 2007 2788 le,
2057 2736 2126 2776 ne
2174 2719 2331 2776 initio
2372 2720 2589 2789 quidem
2641 2718 2748 2774 hoc
2783 2720 2882 2789 ipsi
2924 2720 3178 2790 praecepti
3212 2719 3450 2776 dedisset

202 2825 323 2879 μενα
353 2809 562 2881 μέμψιν
591 2810 863 2881 περιέχει,
893 2810 992 2881 τὴν
1021 2812 1099 2874 εἰς
1132 2811 1224 2863 τὸν
1255 2810 1443 2882 Ἀχάζ.
1477 2812 1706 2883 Ἀποστρ

1944 2827 2039 2867 :us.
2088 2812 2430 2881 Quapropter
2458 2824 2578 2880 quae
2609 2810 3032 2881 subiunguntur,
3067 2811 3448 2881 reprehensio-

195 2898 292 2967 ψας
315 2902 421 2972 γὰρ
464 2901 560 2955 τὸν
598 2899 757 2970 λόγον
799 2901 891 2954 ἐπὶ
930 2901 1022 2955 τὸν
1070 2902 1185 2972 (84)
1219 2902 1405 2967 Δαῦὶδ,
1444 2904 1699 2957 Ἀκούσα

1945 2914 2001 2953 ιιι
2048 2901 2332 2954 continent
2372 2900 2636 2954 adversus
2687 2899 2891 2954 Achaz.
2922 2897 3059 2953 Nam
3111 2913 3366 2957 sermone
3392 2901 3449 2957 in

198 2988 285 3058 δὴ,
320 2993 503 3061 φησὶν,
557 2986 728 3056 οἶκος
760 2989 956 3044 Δαόίδ.
1016 2990 1113 3059 Μὴ
1159 2990 1379 3061 μικρὸν
1429 2990 1574 3061 ὑμῖν
1621 3008 1702 3059 πα

1949 2992 2135 3046 ινίιιθιιι
2187 2988 2413 3055 deﬂexo,
2448 2991 2524 3045 ait
2554 2990 2745 3063 (Vens.
2774 2991 2863 3060 15)
2892 3008 2906 3044 :
2933 2990 3127 3046 Audite
3169 3008 3329 3072 nunc,
3355 2995 3453 3048 do-

199 3082 346 3150 ἐχειν
367 3082 705 3151 ἀνθρώποις
727 3081 962 3152 ἀγῶνιη
990 3082 1089 3137 καὶ
1109 3082 1234 3149 πῶς
1255 3083 1448 3152 Κυρίῳ
1462 3083 1703 3153 παρέχει

1947 3102 1994 3138 ιι
2018 3083 2207 3138 David.
2240 3082 2495 3151 Nunquid
2524 3100 2713 3153 parum
2744 3094 2820 3139 est
2862 3084 3004 3140 vobis
3025 3086 3266 3141 exhibere
3287 3087 3451 3141 homi-

200 3148 290 3226 Διά
308 3172 413 3243 γὰρ
448 3148 661 3227 τούτων
690 3148 827 3244 πρδς
854 3173 915 3229 τὸ
955 3174 1179 3238 ἀπειθὲς
1208 3148 1352 3228 έοικε
1394 3148 1704 3246 δυσχεραίνε

1947 3177 2026 3227 ius
2059 3148 2393 3228 molestiam?
2424 3183 2472 3227 et
2498 3148 2759 3244 quomodo
2786 3172 3013 3228 Domino
3029 3175 3283 3230 exhibetis
3307 3175 3333 3229 3
3357 3174 3451 3231 llis

199 3263 283 3316 τοῦ
313 3265 492 3335 Ἄχας.
530 3264 875 3336 Τρανότερον
896 3264 953 3318 δέ
981 3282 1099 3329 πως
1122 3264 1376 3335 ἐμφαίνει
1401 3265 1501 3336 τὴν
1527 3265 1703 3319 διάνοιι

1947 3268 2060 3334 ique
2095 3265 2278 3320 verbis
2336 3264 2553 3319 videtur
2603 3264 2865 3333 propheta
2929 3266 3215 3335 aegerrime
3260 3266 3451 3322 tulisse

200 3354 384 3426 ταύτην
416 3355 584 3427 ἑτέρα
611 3354 823 3418 ἐκδοσις
850 3353 963 3425 (85)
991 3354 1222 3410 εἰποῦσα
1241 3372 1255 3385 ’
1286 3354 1382 3423 Μὴ
1415 3355 1625 3424 ὀλίγον
1665 3356 1703 3409 ἁ

1949 3356 2269 3411 ntumaciam
2321 3356 2527 3411 Achaz.
2587 3354 2737 3411 Hanc
2785 3363 2964 3409 autem
3008 3354 3331 3411 sententiam
3355 3370 3453 3411 ex-

199 3447 350 3515 ὐμών
394 3446 678 3517 μοχθοῦν
723 3445 970 3514 ἄνδρας,
1000 3445 1090 3500 ὅτι
1130 3446 1407 3516 μοχθεῖτε
1441 3447 1544 3499 καί
1571 3464 1637 3517 γε
1662 3464 1703 3500 τι

1947 3448 2144 3501 matius
2196 3446 2456 3516 exprimit
2508 3446 2673 3502 editio
2727 3446 2918 3511 altera,
2966 3461 3085 3516 quae
3130 3447 3209 3501 sic
3243 3447 3447 3503 habet:

203 3538 368 3602 Gedr;
401 3538 531 3602 Πῶς
560 3539 619 3592 δὲ
654 3536 775 3608 Θεῷ
803 3537 993 3606 ἀγῶνα
1018 3538 1248 3610 παρέχει
1281 3537 1588 3609 ἄνθρωπος,
1613 3539 1707 3591 εἰπ

1948 3540 2135 3609 unquid
2178 3555 2365 3608 parum
2398 3555 2431 3592 a
2473 3538 2612 3594 vobis
2651 3538 2888 3592 molestia
2942 3539 3075 3608 aﬁici
3129 3539 3288 3603 viros,
3321 3539 3452 3610 quia

202 3631 454 3700 ηὰγωνία
488 3630 659 3701 φόϐος
689 3631 809 3685 ἐστὶ
840 3628 1224 3694 διαπτώσεως;
1268 3629 1429 3683 Ἀλλὰ
1459 3630 1619 3686 τοῦτο
1650 3631 1706 3683 οὐ

1944 3631 2118 3686 ιίεειὶα
2149 3633 2307 3686 etiam
2337 3630 2545 3701 aﬂicitis
2580 3629 2796 3684 Deum?
2824 3629 3106 3697 Quomodo
3138 3638 3321 3686 autem
3346 3631 3448 3686 ho-

205 3718 357 3785 πάΘος
377 3722 504 3792 περὶ
536 3721 627 3775 τὸν
654 3720 786 3773 Θεὸν
813 3720 984 3791 λέγει,
1009 3720 1148 3774 ἀλλὰ
1162 3720 1260 3791 τὴν
1281 3720 1644 3774 ἀντιδιάθεσιν
1662 3721 1709 3773 τί

1951 3737 1968 3776 ι
1995 3721 2215 3777 facessit
2247 3720 2358 3776 Deo
2384 3723 2679 3790 negotium,
2723 3736 2846 3776 cum
2881 3721 3144 3791 aegritudo
3177 3730 3354 3777 metus
3381 3722 3455 3778 sit

206 3810 598 3884 ἀνθισταμένων
631 3813 796 3867 αὑτοῦ
828 3817 941 3878 τοῖς
985 3814 1373 3885 προστάγμασι
1417 3813 1506 3868 διὰ
1531 3814 1627 3884 τῆς
1676 3831 1710 3867 τι

1951 3814 2052 3870 ina:
2084 3824 2247 3884 atque
2286 3812 2609 3868 infortunii?
2644 3814 2842 3868 Verum
2892 3813 3033 3868 hanc
3078 3813 3190 3869 Deo
3217 3812 3455 3869 aﬂ'ectio-

207 3899 395 3967 ἀγῶνος
428 3903 807 3975 προσηγορίας
847 3903 1197 3975 παρίστησιν.

1954 3920 2004 3958 m
2050 3919 2391 3974 nequaquam
2434 3903 2645 3971 tribuit,
2675 3907 2768 3959 sed
2801 3918 2900 3973 per
2935 3903 3066 3959 illud
3115 3903 3454 3975 aegritudinis

1697 4026 1727 4063 ε.
1880 3995 2201 4051 vocabulum
2230 3995 2472 4050 ostendit
2503 3996 2743 4050 animum
2778 4010 2990 4063 eorum,
3024 3996 3115 4065 qui
3146 3995 3266 4066 ejus
3309 4011 3447 4067 pne-

1879 4089 2051 4157 ceptis
2076 4086 2441 4157 refragantur,
2483 4086 2770 4143 adversum
2816 4101 2937 4142 esse
2964 4094 3019 4142 et
3053 4085 3345 4143 infensum.

267 4168 385 4226 200.
432 4173 541 4226 Διὰ
582 4172 759 4226 τοῦτο
812 4169 991 4225 δώσει
1023 4173 1240 4239 Κυριος
1272 4171 1456 4236 αὐτὸς
1481 4170 1624 4240 υμῖν
1657 4186 1769 4238 ση-

1950 4177 2075 4232 200.
2114 4174 2278 4231 Vens.
2329 4176 2418 4230 H.
2479 4175 2708 4243 Propter
2739 4176 2838 4231 hoc
2875 4174 3020 4229 dabit
3049 4174 3308 4230 Dominus
3341 4176 3454 4245 ipse

205 4261 376 4329 μεῖον.
401 4264 515 4320 Καὶ
538 4263 612 4335 μὴ
639 4264 998 4334 αἰτουμένοις,
1031 4262 1184 4333 φησὶ,
1220 4261 1401 4314 δώσει.
1432 4262 1553 4316 Κᾶν
1573 4262 1647 4334 μὴ
1680 4280 1706 4315 ε

1946 4268 2024 4322 bis
2079 4268 2311 4337 signum.
2371 4267 2552 4332 Dabit,
2615 4267 2811 4336 inquit,
2839 4266 2925 4323 vel
2962 4283 3067 4324 non
3112 4267 3446 4336 petentibus.

212 4351 357 4423 ρίσκῃ
388 4355 477 4408 τὸν
510 4354 610 4424 τῆς
654 4354 919 4425 ὑποδοχῆς
961 4352 1141 4420 ἄξιον,
1187 4352 1301 4407 ἀλλ’
1346 4353 1528 4423 ὅμως,
1559 4352 1645 4405 διὰ
1674 4353 1716 4404 τέ

1953 4358 2108 4412 iamsi
2138 4372 2244 4412 non
2281 4356 2519 4426 reperiat
2564 4372 2891 4426 quemquam
2923 4356 3141 4426 dignum
3180 4357 3273 4427 qui
3313 4356 3453 4414 reci-

212 4447 618 4518 προωρισμένην
644 4447 956 4518 οἰκονομίαν
986 4446 1083 4517 τῆς
1114 4445 1202 4500 διὰ
1233 4446 1434 4515 σαρκὸς
1460 4447 1716 4517 γεννήσειι

1947 4461 2017 4515 at,
2069 4448 2423 4504 nihilominus
2479 4459 2680 4510 tamen,
2714 4450 2784 4503 ob
2814 4448 3133 4519 praefinitam
3165 4449 3451 4519 dispensa-

211 4509 294 4590 τοῦ
310 4509 532 4612 κυρίου,
547 4509 729 4603 αὐτὸς,
749 4509 902 4610 φησι,
924 4509 1087 4591 δώσει
1108 4509 1317 4608 Κύριος
1324 4539 1353 4589 ὁ
1374 4509 1506 4602 Θεὸς
1522 4509 1768 4609 σημεῖον.
1804 4509 1848 4564 D

1878 4542 2079 4597 tionem
2107 4540 2344 4597 carnalis
2377 4548 2531 4596 ortus
2585 4539 2822 4605 Domini,
2851 4540 2989 4609 ipse,
3033 4542 3232 4611 inquit,
3264 4542 3452 4597 Domi-
3530 4592 3542 4609 χ

219 4631 351 4687 Ἔδει
384 4635 479 4706 μὲν
501 4635 611 4706 γὰρ
642 4636 879 4688 συνεῖναι
919 4634 1011 4688 τὸν
1053 4632 1241 4704 Ἀχὰζ,
1270 4633 1353 4686 ὅτι
1381 4631 1545 4703 ἄλλην
1572 4632 1642 4686 τὰ
1677 4634 1723 4686 ἀπ

2037 4636 2158 4688 )eus
2208 4634 2357 4687 dabit
2405 4633 2642 4702 signum.
2678 4631 3056 4688 Conveniebat
3092 4634 3240 4689 enim
3275 4642 3334 4689 ut
3359 4634 3451 4688 in-
3530 4632 3541 4664 ⁷-

218 4722 449 4795 θρὼπινα
468 4727 757 4798 διόρθωσιν
797 4729 897 4781 οὐκ
930 4727 1254 4798 ἐπιδέχεται,
1286 4729 1335 4780 εἰ
1383 4727 1457 4798 μὴ
1485 4727 1571 4780 διὰ
1608 4728 1722 4797 μὸνι

1948 4725 2145 4796 ιΙὶεειιθι
2186 4724 2371 4779 Achaz
2414 4739 2503 4778 res
2530 4725 2797 4778 humanas
2832 4737 2939 4777 non
2982 4723 3141 4779 aliter
3168 4723 3452 4779 emendari

217 4816 304 4886 τῆς
346 4818 438 4872 τοῦ
494 4818 630 4872 Θεοῦ
684 4819 857 4888 Λόγου
885 4820 964 4882 εἰς
992 4818 1311 4890 ἀνθρώπους
1335 4819 1646 4889 ἐπιδημίας,
1682 4837 1721 4872 κε

1951 4832 2057 4880 sse,
2090 4817 2193 4871 nisi
2227 4832 2324 4887 per
2353 4817 2527 4871 solum
2562 4815 2660 4871 Dei
2694 4813 2856 4870 Verbi
2884 4816 2953 4870 ad
2991 4829 3094 4870 nos
3133 4816 3453 4883 adventum;

218 4910 418 4980 αἰτῆσαι
444 4913 505 4965 τὸ
528 4915 607 4975 εἰς
635 4911 796 4982 βάθος
820 4911 854 4982 ἢ
898 4914 977 4976 εἰς
1003 4911 1134 4982 ὕψος
1164 4915 1409 4984 σημεῖον.
1463 4911 1679 4983 Ἐπειδὴ
1717 4934 1722 4957 ‹

1999 4916 2204 4978 peteret
2232 4896 2442 4978 signum
2495 4909 2549 4961 in
2598 4905 2948 4977 profundum,
3008 4914 3102 4960 aut
3150 4906 3203 4960 in
3257 4905 3451 4964 altum.

218 4998 413 5065 ἀνάξιον
460 5002 674 5074 ἔκρινεν
718 5003 931 5067 ἑαυτὸν,
987 5003 1329 5066 ἀπαιδεύτως
1373 5003 1510 5074 ἔχων
1536 5003 1634 5073 τῆς
1663 5002 1722 5055 τᾶ

1948 5005 2150 5058 ioniam
2181 5015 2362 5059 autem
2396 5018 2515 5059 sese
2556 5003 2832 5072 judicabat
2876 5003 3174 5072 indignum,
3206 5005 3452 5073 quando-

222 5093 451 5160 μεγάλων
484 5096 578 5147 καὶ
598 5094 863 5165 οὐρανίων
900 5094 1143 5167 σημείων
1172 5096 1462 5167 αἰτήσεως,
1501 5095 1590 5149 διὰ
1611 5093 1726 5147 τοῦτ

1949 5094 2101 5149 idem
2158 5109 2452 5165 exposcere
2495 5108 2690 5165 magna
2734 5104 2790 5149 et
2836 5092 3080 5149 cmlestia
3141 5093 3294 5163 signa
3346 5106 3453 5146 non

278 5203 322 5234 “
347 5205 540 5274 Ephes.
579 5206 743 5263 ιν.10.
820 5206 866 5237 ⁸⁸
900 5206 1030 5264 ibid.
1104 5207 1150 5239 ⁸⁸
1180 5207 1334 5262 Deut.
1369 5222 1445 5271 νι,
1472 5205 1557 5262 16.
1633 5208 1722 5262 ⁸⁷(

218 5285 320 5331 xu.
349 5276 399 5330 1.
499 5275 716 5330 "Joan.
749 5293 825 5331 ιι.
864 5276 954 5331 51.

1946 5224 2039 5275 ιιι,
2081 5208 2173 5264 24.
2252 5209 2298 5243 ⁸⁸
2325 5208 2461 5267 Gen.
2490 5224 2585 5276 xx,
2613 5209 2667 5264 5.
2764 5209 2808 5241 ⁸⁸
2834 5209 2967 5263 Dan.
2997 5222 3058 5274 ιι,
3084 5208 3136 5263 1.
3237 5207 3284 5241 ⁸⁸
3312 5204 3450 5270 Gen,

306 5315 320 5337 ς
353 5313 399 5330 ιο
561 5313 716 5330 συσπ.
749 5313 825 5343 ιι.
864 5313 954 5331 Vl.

284 5407 389 5477 (82)
414 5407 503 5463 Sic
531 5404 1118 5481 mss._Editi,_6ta_)tu9ﬁ.
1151 5402 1271 5481 Mos
1308 5410 1485 5481 nostra
1519 5402 1682 5455 editio
1712 5411 1767 5456 et
1874 5413 2007 5472 quot
2060 5419 2215 5471 mss.,
2269 5407 2540 5462 ἀκούσατε
2589 5408 2677 5480 δή.
2723 5408 2919 5463 Vocula
2957 5410 3019 5481 δή
3064 5411 3119 5464 in
3165 5411 3324 5468 editis
3354 5414 3456 5470 de-

218 5473 576 5545 Re‘ngrtius,
631 5477 739 5531 τῶν
767 5473 1111 5531 κατάὐτῶν.
1166 5473 1268 5528 Alii
1319 5474 1556 5542 quinque
1614 5489 1719 5527 mss

510 5496 576 5542 is,
631 5477 739 5531 τῶν
767 5473 1111 5531 κατάὐτῶν.
1166 5473 1268 5528 Alii
1319 5474 1556 5542 quinque
1614 5489 1766 5536 mss.,
1875 5483 2014 5528 erat.

219 5548 661 5603 τῶνκατάὐτόν.
862 5616 966 5618 ,__
1077 5613 1090 5618 _
1518 5612 1533 5618 ,
1599 5612 1648 5618 ,,

1951 5545 2071 5618 (85)
2099 5545 2210 5601 lloc
2249 5546 2367 5602 loco
2404 5547 2629 5603 indicari
2668 5548 2956 5603 editionem
2995 5549 3226 5618 Aquilze,
3260 5553 3346 5606 vel
3380 5552 3453 5612 de

286 5618 391 5687 (85)
419 5620 506 5675 Sic
537 5635 668 5674 inss.
705 5616 894 5672 nostri.
924 5613 1124 5674 Vocula
1147 5614 1210 5687 δή
1240 5614 1293 5669 in
1317 5612 1477 5668 editis
1503 5612 1775 5668 desidera—
1880 5612 2112 5698 Eusebio
2128 5618 2376 5698 cognosci
2398 5629 2591 5698 potest.
2617 5612 3456 5698 Aliquatum-post'editi,'l{i5pto;

223 5695 553 5773 "iam"...
617 5760 631 5773 .
683 5760 697 5773 .
798 5757 822 5768 -
908 5758 957 5773 .-
1183 5757 1197 5773 .
1248 5753 1383 5773 .-μ
1448 5751 1635 5773 ...ηιμ
1679 5752 1722 5773 ,ι

1954 5688 2064 5773 τοῖς
2098 5685 2359 5773 Δσημεῖον.
2400 5685 2551 5758 ίΒθε.
2610 5685 2836 5773 primus,
2889 5685 3094 5773 Κυριος
3145 5685 3305 5760 αὐτὸς
3338 5685 3458 5773 ’σηζ

287 5756 394 5825 (Si)
422 5758 578 5828 Editi,
614 5760 708 5817 ἐπὶ
733 5757 848 5813 τοῦ.
896 5758 965 5814 At
1000 5769 1155 5827 mss.,
1180 5753 1271 5809 ἐπὶ
1293 5754 1404 5809 τόν.
1448 5751 1640 5809 Statim
1677 5752 1775 5807 ali-

1603 5767 1640 5809 n
1677 5752 1775 5807 ali-
1888 5757 2056 5826 μεῖον.
2088 5751 2714 5830 Αιίι’ίιυὶιι‹ιιιοιῦεε.ὐιὶ
2758 5751 3107 5822 incontéxtu,
