3808 6212
321 252 430 325 tos

1270 268 1619 326 APPENDIX
1656 269 1943 327 OPERUM
1983 270 2042 328 S.
2080 274 2329 331 BASlLll
2369 276 2605 335 MAGNI.

3469 286 3495 337 4
3507 288 3577 340 64

321 390 571 457 noverat,
604 388 807 446 idcirco
849 387 925 444 ait
958 402 974 442 :
1005 387 1164 442 Dabit
1213 386 1476 443 Dominus
1514 389 1622 458 ipse
1652 391 1791 445 vobis
1826 392 1894 444 si-

2033 410 2135 463 ›ησι
2154 410 2167 423 °
2219 392 2402 448 Δώσει
2435 397 2649 464 Κύριος
2692 398 2875 465 αὐτὸς
2903 399 3047 471 ὑμῖν
3081 400 3337 471 σημεῖον
3356 420 3371 435 ο
3398 406 3461 458 οὐ
3487 405 3581 460 διὰ

324 497 525 556 gnum;
559 498 666 539 non
711 497 808 552 per
856 481 1089 551 aliquem
1141 494 1383 546 servum,
1432 492 1528 537 aut
1560 483 1891 545 ministrum,

323 586 418 632 aut
475 575 732 629 famulum
784 573 898 637 dat,
949 574 1043 627 sed
1100 573 1215 642 ipse
1270 587 1366 642 per
1397 584 1571 639 se;ut
1605 574 1731 628 doni
1773 574 1898 628 inde

318 666 624 723 declaretur
665 665 1001 734 magnitudo.
1036 663 1250 718 Etenim
1296 664 1469 734 legem
1505 666 1779 720 ordinavit
1805 683 1899 736 per

324 759 564 830 angelos,
600 758 653 812 in
686 772 848 811 manu
883 756 1197 810 mediatoris
1220 755 1381 811 Mosis
1399 754 1445 787 "
1476 773 1490 810 :
1524 757 1736 827 signum
1765 774 1897 815 vero

323 852 471 908 dedit
499 852 615 921 ipse
639 850 821 906 domui
855 849 1045 903 David.
1085 846 1195 903 Nec
1215 847 1328 916 jam
1365 848 1465 917 ipsi
1494 849 1677 903 Achaz
1707 852 1890 919 datur,

320 945 416 1002 sed
443 945 592 1000 omni
641 942 830 998 domui
858 940 1027 995 David
1061 957 1077 995 :
1107 941 1361 1010 quoniam
1414 942 1676 997 Dominus
1710 953 1794 997 est
1824 958 1891 1001 ex

322 1038 527 1096 semine
566 1036 731 1092 David
776 1037 1076 1090 secundum
1126 1047 1346 1087 carnem
1364 1033 1447 1099 ”;
1482 1034 1551 1089 ob
1587 1034 1745 1103 idque
1771 1034 1894 1091 fau-

318 1141 439 1187 stus
466 1128 703 1198 felixque
733 1127 802 1182 de
829 1126 1034 1180 Christi
1067 1123 1303 1178 adventu
1335 1124 1563 1178 nuntius
1610 1125 1677 1179 ad
1726 1135 1892 1181 totam

320 1224 541 1283 Davidis
572 1221 951 1293 cognationem
991 1218 1317 1288 pertinebat.

398 1316 525 1371 201.
552 1312 686 1367 Ecce
717 1310 874 1382 Virgo
905 1311 961 1364 in
981 1320 1127 1365 utero
1145 1311 1424 1379 concipiet,
1446 1319 1494 1365 et
1518 1312 1685 1380 pariet
1702 1310 1895 1379 filium,

321 1420 373 1467 et
402 1406 608 1465 vocabis
652 1419 837 1459 nomen
882 1402 1000 1473 ejus
1025 1400 1363 1457 Emmanuel.
1400 1402 1725 1459 Reclamant
1751 1404 1896 1459 LXX

320 1505 678 1571 interpretum
717 1497 940 1552 editioni
970 1494 1169 1560 Judaei,
1208 1496 1451 1552 dicentes
1500 1513 1605 1551 non
1670 1498 1896 1566 reperiri

326 1596 378 1649 in
408 1591 633 1647 Hebraeo
655 1589 758 1644 hoc
776 1586 1119 1652 vocabulum,
1144 1585 1328 1657 Virgo,
1359 1587 1456 1641 sed
1489 1587 1642 1652 illud,
1677 1584 1894 1651 Puella,

306 1682 480 1753 quasi
530 1679 724 1735 mulier
769 1691 890 1748 qua:
931 1687 1091 1732 aetate
1129 1678 1308 1743 ﬂoret,
1345 1676 1521 1747 puella
1567 1677 1674 1732 dici
1704 1680 1893 1747 possit,

2002 504 2146 550 τινος
2197 488 2470 559 ὑπηρέτου
2491 529 2505 552 ,
2532 490 2626 542 καὶ
2658 490 2931 550 διακόνου.
2961 493 3054 546 καὶ
3081 492 3400 564 λειτουργοῦ
3426 497 3584 552 δίδω-

2006 593 2111 640 σιν,
2141 577 2255 630 ἀλλ’
2285 578 2446 642 αὐτὸς
2470 578 2537 632 δι’
2563 581 2757 633 ἑαυτοῦ
2780 593 2796 610 ⁶
2824 578 2892 632 ἵν’
2929 579 2994 635 ὲκ
3027 584 3218 638 τούτου
3242 583 3452 657 δηλωθῇ
3482 587 3582 642 τοῦ

2003 666 2279 738 διδομένου
2302 670 2364 721 τὸ
2391 668 2637 739 μέγεθος.
2664 670 2767 722 Τὸν
2803 671 2899 740 μὲν
2945 676 3053 743 γὰρ
3098 676 3260 744 νόμον
3296 677 3584 741 διετάξατο

2001 761 2069 813 δι’
2099 761 2365 829 ἀγγέλων,
2413 765 2470 815 ὲν
2516 762 2661 834 χειρὶ
2697 763 2921 834 μεσίτου
2971 767 3255 831 Μωσέως·
3302 769 3363 822 τὸ
3387 768 3446 822 δὲ
3477 771 3583 841 σῆ-

2008 855 2159 923 μεῖον
2192 855 2357 917 αὐτὸς
2385 855 2553 909 ἔδωκε
2581 855 2659 926 τῷ
2694 858 2828 927 οἴκῳ
2856 858 3038 912 Δαϐίδ.
3070 860 3280 914 Δίδοται
3311 862 3367 915 δὲ
3395 864 3584 916 οὐκέαξι

2001 943 2082 1014 τῷ
2118 946 2303 1015 Ἀχάς,
2330 945 2466 1000 ἀλλὰ
2491 948 2654 1001 παντὶ
2685 948 2763 1018 τῷ
2790 948 2925 1019 οἴκῳ
2940 950 3104 1004 Δαϐίδ
3126 968 3138 981 °
3173 952 3306 1005 διότι
3335 954 3399 1006 ἐκ
3416 955 3588 1026 σπέρ-

2007 1054 2176 1108 ματος
2219 1038 2402 1103 Δαϐὶδ,
2457 1039 2518 1091 τὸ
2560 1038 2705 1092 κατὰ
2759 1040 2957 1110 σάρκα,
3007 1041 3037 1091 ὁ
3066 1041 3296 1112 Κύριος·
3356 1044 3450 1096 καὶ
3490 1044 3585 1097 διὰ

2002 1126 2159 1180 τοῦτο
2186 1128 2332 1199 πάσῃ
2375 1128 2486 1199 (86)
2532 1130 2748 1201 διέφερε
2782 1134 2845 1201 τῇ
2893 1133 3181 1202 συγγενείᾳ
3214 1132 3309 1185 τοῦ
3330 1133 3496 1187 Δαϐὶδ
3520 1135 3584 1188 τὸ

2004 1218 2132 1286 περὶ
2162 1218 2262 1289 τῆς
2290 1218 2582 1289 ἐπιδημίας
2613 1220 2705 1273 τοῦ
2731 1221 2969 1291 Χριστοῦ
3003 1222 3342 1290 εὐαγγέλιον.

2070 1308 2197 1362 201.
2246 1308 2399 1364 Ἰδοὺ
2425 1311 2463 1378 ἡ
2496 1311 2799 1379 Παρθένος
2827 1313 2896 1365 ἐν
2927 1314 3138 1381 γαστρί
3168 1314 3451 1383 λήψεται,
3479 1317 3584 1370 καὶ

2001 1402 2231 1466 τέξεται
2272 1403 2429 1466 υἱὸν,
2477 1404 2577 1457 καὶ
2612 1404 2890 1470 καλέσεις
2934 1406 3045 1474 (87)
3077 1405 3146 1458 τὸ
3181 1406 3366 1475 ὄνομα
3389 1398 3585 1461 αὐτοῦ

2016 1493 2417 1563 Ἐμμανουήλ.
2480 1495 2855 1550 Ἀνθίστανται
2892 1498 2945 1549 οἰ
2991 1497 3229 1550 Ἰουδαῖοι
3270 1501 3335 1569 τῇ
3370 1499 3586 1553 ἐκδόσει

2002 1587 2109 1641 τῶν
2150 1586 2571 1657 Ἑϐδομήκοντα,
2600 1587 2849 1655 λέγοντες
2903 1587 2976 1659 μὴ
3036 1589 3247 1641 κεῖσθαι
3295 1591 3445 1661 παρὰ
3501 1590 3585 1661 τῷ

2015 1677 2248 1747 Ἐὅραίῳ
2276 1676 2358 1739 τὸ,
2394 1678 2467 1731 Ἦ
2495 1677 2820 1745 Παρθένος,
2843 1678 2982 1744 ἀλλ’,
3030 1680 3097 1733 Ἡ
3123 1678 3348 1746 νεᾶνις,
3375 1680 3453 1743 ὡς
3490 1680 3589 1733 δυ-

325 1774 521 1829 mulier
543 1786 673 1826 vero
704 1785 823 1840 qua:
873 1772 1096 1825 omnino
1143 1769 1402 1841 nuptialis
1435 1769 1657 1824 thalami
1702 1784 1894 1838 expers

2033 1769 2238 1838 αμένης
2263 1768 2504 1833 νεάνιδος
2536 1769 2898 1840 ὀνομάζεσθαι
2937 1771 3038 1841 τῆς
3069 1770 3423 1842 ἀκμαζούσης
3457 1773 3585 1826 καθ’

322 1874 427 1931 est,
457 1879 562 1919 non
594 1863 760 1931 item;
794 1861 990 1931 quibus
1036 1860 1196 1915 facile
1227 1870 1282 1915 et
1316 1859 1569 1916 celeriter
1602 1861 1896 1930 responde-

322 1974 463 2013 mus.
501 1956 558 2012 Si
589 1956 732 2011 enim
759 1954 976 2023 signum
1007 1954 1084 2007 rei
1111 1952 1415 2023 cujuspiam
1467 1953 1747 2021 stupendae
1780 1961 1835 2007 et
1863 1967 1894 2007 a

318 2049 593 2106 communi
615 2046 892 2102 hominum
909 2045 1301 2100 consuetudine
1327 2045 1520 2099 aliena:
1547 2046 1894 2100 demonstra-

323 2143 398 2197 tio
423 2141 587 2213 529
617 2149 719 2207 est,
743 2140 872 2209 quid
896 2146 1017 2193 erat
1044 2139 1166 2193 miri
1199 2138 1245 2192 si
1274 2138 1468 2193 mulier
1491 2154 1595 2192 una
1627 2153 1660 2193 e
1686 2137 1895 2202 multis,

320 2251 440 2306 qua:
460 2250 580 2290 cum
607 2233 722 2287 viro
747 2229 1193 2287 consuetudinem
1219 2229 1524 2293 habuisset,
1552 2228 1711 2283 ﬂeret
1739 2228 1893 2298 pueri

321 2328 530 2385 mater?
557 2326 835 2394 Quomodo
874 2323 1040 2378 etiam
1103 2322 1156 2377 id
1211 2322 1353 2389 quod
1389 2328 1574 2374 natum
1632 2330 1777 2375 esset
1827 2335 1892 2373 ex

319 2422 501 2478 carnis
521 2418 821 2481 voluntate,
849 2414 1034 2470 vocari
1061 2406 1328 2482 potuisset
1371 2412 1737 2467 Emmanuel?
1787 2410 1895 2465 ita-

320 2529 427 2585 que
472 2512 519 2568 si
571 2510 716 2582 quod
773 2509 958 2568 datur,
991 2506 1046 2561 id
1080 2506 1294 2575 signum
1328 2513 1432 2571 est,
1465 2506 1538 2559 sit
1574 2512 1789 2573 oportet
1842 2511 1897 2558 et

319 2609 435 2677 ipsa
481 2601 762 2675 generatio
812 2599 1153 2654 admirabilis
1211 2609 1266 2653 et
1316 2598 1605 2667 stupenda.
1640 2597 1794 2664 Quod
1848 2598 1892 2653 si

320 2701 512 2759 modus
536 2715 644 2771 quo
669 2706 960 2770 generatus
991 2705 1074 2751 est
1107 2709 1261 2766 puer,
1290 2694 1390 2749 fuit
1431 2694 1760 2758 communis,
1796 2708 1896 2747 ne-

320 2808 428 2865 que
456 2793 673 2848 dicatur
720 2791 956 2860 signum,
1008 2802 1186 2857 neque
1223 2786 1524 2858 appelletur
1554 2785 1892 2841 Emmanuel.

318 2884 555 2942 Proinde
575 2897 696 2952 quae
722 2879 952 2951 peperit,
982 2878 1030 2933 si
1058 2880 1212 2948 virgo
1250 2893 1355 2932 non
1400 2885 1505 2940 est,
1544 2878 1705 2946 quale
1726 2877 1895 2932 exsti-

319 2978 384 3034 tit
408 2977 511 3031 boc
530 2973 775 3044 signum?
804 2970 870 3025 Et
897 2970 1001 3026 nisi
1022 2979 1176 3025 ortus
1205 2969 1293 3024 ille
1308 2968 1449 3024 foret
1470 2969 1703 3023 divinior
1730 2983 1892 3037 quam

315 3068 488 3137 vulgi,
518 3064 792 3138 quomodo
813 3064 925 3134 jam
979 3062 1199 3117 advenit
1229 3059 1593 3116 Emmanuel?
1620 3059 1773 3126 Quod
1798 3075 1893 3113 au-

1997 1859 2234 1931 ἠλικίαν,
2265 1860 2388 1931 οὐχί
2413 1861 2469 1913 δὲ
2492 1862 2591 1931 τῆς
2612 1862 2990 1934 ἀπειρογάμου
3013 1865 3268 1931 γυναικός
3283 1883 3297 1896 ’
3332 1864 3471 1936 πρὸς
3485 1864 3585 1929 οὓς

2000 1952 2158 2024 ῥᾳδία
2191 1951 2285 2005 καὶ
2315 1952 2541 2005 αὐτόθεν
2569 1954 2601 2023 ὴ
2632 1953 2957 2022 ἀπάντησις.
2985 1954 3050 2006 Εἰ
3075 1955 3186 2026 γὰρ
3211 1954 3321 2026 (88)
3356 1958 3585 2027 σημεῖόν

1996 2048 2114 2098 ἐστι
2139 2045 2424 2115 τεραστίου
2453 2045 2598 2108 τινὸς
2642 2046 2736 2098 καὶ
2776 2045 3234 2118 παρηλλαγμένον
3268 2048 3366 2119 τὴν
3393 2049 3584 2120 κοινὴν

1997 2137 2285 2208 συνήθειαν
2313 2138 2422 2191 τῶν
2442 2135 2745 2210 ἀνθρώπων
2776 2138 3053 2204 ἐπίδειξις,
3074 2140 3126 2192 τί
3147 2140 3455 2211 θαυμαστὸν
3487 2138 3580 2213 ἦν,

1999 2230 2125 2299 μίαν
2154 2228 2262 2281 τῶν
2285 2229 2496 2282 πολλῶν
2525 2232 2781 2297 γυναῖκα,
2800 2231 2956 2303 ἀνδρὶ
2973 2231 3346 2297 συνοικοῦσαν,
3368 2234 3584 2305 μητέρα

1995 2323 2248 2392 γενέσθαι
2296 2322 2543 2386 παιδίου;
2577 2322 2701 2386 Πῶς
2737 2323 2782 2376 δ’
2818 2324 2885 2377 ἂν
2918 2324 3012 2377 καὶ
3045 2325 3105 2376 τὸ
3140 2325 3247 2377 ἀπὸ
3277 2324 3584 2397 θελήματος

1999 2414 2199 2485 σαρκὸς
2227 2414 2485 2482 γεννηθὲν
2528 2414 2876 2485 Ἑμμανουὴλ
2908 2415 3380 2486 προσηγορεύετο;
3416 2419 3582 2470 Ὥστε

1996 2507 2046 2558 εἰ
2082 2505 2182 2575 μὲν
2213 2505 2438 2575 σημεῖόν
2485 2506 2602 2558 ἐστι
2653 2505 2714 2558 τὸ
2764 2506 3059 2576 διδόμενον,
3111 2508 3411 2577 παράδοξος
3439 2510 3583 2562 ἔστω

1996 2597 2090 2649 καὶ
2127 2598 2159 2667 ἡ
2193 2597 2465 2667 γέννησις.
2493 2598 2555 2649 Εἰ
2584 2597 2641 2649 δὲ
2675 2597 2853 2661 κοινὸς
2881 2600 2909 2650 ὁ
2939 2599 3140 2670 τρόπος
3161 2600 3258 2669 τῆς
3275 2602 3582 2671 γεννήσεως

1995 2687 2089 2739 τοῦ
2142 2687 2375 2751 παιδίου,
2431 2690 2569 2758 μήτε
2617 2691 2843 2759 σημεῖον
2899 2688 3161 2757 λεγέσθω,
3192 2692 3329 2761 μήτε
3370 2691 3585 2760 Ἐμμαο

1996 2778 2156 2848 νουὴλ
2187 2779 2696 2849 προσαγορευέσθω.
2735 2780 2897 2832 ’Ὥστε
2935 2780 2984 2832 εἰ
3022 2778 3096 2849 μὴ
3130 2779 3400 2850 παρθένος
3436 2783 3469 2850 ὴ
3493 2796 3586 2832 τε-

1996 2869 2185 2929 κοῦσα,
2223 2872 2374 2924 ποῖον
2407 2872 2566 2922 τοῦτο
2593 2870 2703 2941 (89)
2729 2873 2987 2940 σημεῖον;
3012 2872 3118 2924 Καὶ
3150 2874 3197 2923 εἰ
3228 2871 3304 2942 μὴ
3329 2870 3587 2945 θειοτέρα

1995 2964 2192 3036 ἢκατὰ
2231 2965 2357 3027 τοὺς
2397 2964 2626 3029 πολλοὺς
2655 2968 2689 3037 ἡ
2721 2968 2994 3037 γέννησις,
3023 2966 3140 3030 πῶς
3168 2970 3201 3040 ἡ
3235 2968 3327 3021 τοῦ
3371 2970 3588 3040 Ἐμμα-

1997 3058 2157 3128 νουὴλ
2197 3058 2499 3128 παρουσία;
2552 3058 2679 3111 Ὅτι
2715 3060 2898 3129 μέντοι
2934 3060 2971 3129 ἡ
3010 3058 3212 3126 νεᾶνις
3238 3061 3331 3113 ἐπὶ
3371 3061 3586 3131 παρθέ-

318 3169 426 3214 tem
470 3171 687 3222 nomen,
743 3154 949 3226 puella,
981 3154 1198 3223 proprie
1225 3153 1441 3209 dicatur
1464 3152 1531 3208 de
1562 3153 1886 3223 virginibus,

2033 3167 2099 3203 ων
2130 3150 2279 3215 ἰδίως
2321 3149 2638 3221 ὠνομάσθη,
2676 3151 2835 3220 δῆλον
2877 3154 2942 3204 ὲκ
2973 3152 3081 3204 τῶν
3126 3155 3184 3206 ὲν
3211 3152 3289 3223 τῷ
3325 3154 3588 3225 Δευτερο-

316 3260 466 3323 patet
500 3264 567 3305 ex
602 3249 687 3304 his
726 3247 1130 3303 Denteronomii
1161 3247 1381 3302 verbis:
1419 3246 1574 3313 Quod
1607 3248 1653 3299 si
1685 3248 1739 3299 in
1764 3261 1892 3314 agro

315 3341 565 3396 invenerit
591 3338 823 3409 puellam
855 3338 1245 3406 desponsatam,
1270 3347 1320 3390 et
1353 3339 1455 3392 vim
1503 3336 1737 3405 inferens
1767 3352 1891 3389 con-

319 3433 554 3487 cubuerit
592 3447 712 3485 cum
758 3447 842 3497 ea,
889 3429 1215 3498 interﬁcietis
1267 3428 1530 3484 hominem
1583 3428 1789 3494 solum;
1845 3438 1893 3480 et

317 3525 506 3595 puella:
536 3523 667 3577 nihil
703 3522 929 3593 facietis,
959 3523 1086 3591 quia
1136 3537 1241 3574 non
1291 3531 1368 3575 est
1403 3521 1592 3588 puella:
1623 3529 1894 3590 peccatum

316 3618 523 3672 mortis.
553 3614 690 3681 Quia
718 3614 1160 3684 quemadmodum
1183 3613 1231 3666 si
1260 3613 1377 3682 quis
1405 3612 1557 3666 homo
1587 3612 1893 3666 insurrexe-

317 3709 388 3761 rit
418 3706 665 3761 adversus
710 3703 1013 3772 proximum
1066 3718 1243 3763 suum.
1279 3713 1327 3756 et
1376 3702 1629 3756 occiderit
1677 3702 1894 3769 ipsum:

319 3801 395 3853 sic
423 3814 504 3853 res
537 3797 669 3851 ha’c.
702 3794 769 3850 In
794 3809 976 3863 campo
1008 3794 1201 3849 inuenit
1238 3810 1353 3848 eam
1378 3812 1397 3851 :
1420 3794 1665 3849 clamavit
1695 3793 1891 3862 puella,

318 3898 368 3943 et
398 3904 502 3942 non
530 3896 643 3942 erat
673 3886 964 3940 auxiliator
984 3885 1055 3938 ³⁸.
1092 3884 1276 3954 Itaque
1318 3900 1439 3954 qua:
1465 3886 1742 3950 clamavit,
1788 3884 1895 3938 uti-

321 3995 427 4051 que
452 3990 581 4035 ante
603 3978 1006 4047 corruptionem
1029 3978 1182 4045 virgo
1205 3986 1343 4032 erat.
1376 3976 1497 4031 Haec
1520 3978 1689 4047 igitur
1708 3976 1892 4041 verba,

320 4073 565 4127 clamavit
615 4071 786 4139 uirgo,
829 4070 974 4123 idem
1027 4069 1212 4124 valent
1269 4081 1433 4139 atque
1482 4069 1596 4132 illa,
1645 4069 1895 4122 clamavit

321 4162 519 4230 puella.
589 4162 654 4216 Et
703 4164 756 4215 in
806 4162 970 4216 tertio
1055 4159 1365 4230 Regnorum
1416 4158 1554 4215 libro
1603 4159 1897 4214 Somanitis

322 4253 413 4308 illa
438 4268 559 4324 qua:
584 4250 935 4308 calefaciebat
967 4250 1158 4314 David,
1189 4264 1418 4319 quaeque
1449 4250 1599 4319 virgo
1630 4257 1769 4315 erat,
1798 4261 1897 4303 nec

320 4357 559 4414 unquam
588 4344 765 4396 virum
799 4340 975 4397 fuerat
1011 4348 1258 4410 experta,
1309 4340 1488 4410 puella
1523 4350 1770 4395 vocatur.
1799 4338 1894 4393 In-

321 4444 569 4492 venerunt
612 4437 771 4501 enim,
811 4435 1006 4507 inquit,
1040 4434 1256 4498 Abisac,
1304 4442 1355 4489 et
1404 4433 1737 4487 adduxerunt
1772 4448 1888 4485 eam

322 4529 392 4582 ad
418 4542 588 4595 regem
610 4543 629 4582 :
652 4537 700 4580 et
722 4525 897 4592 puella
928 4524 1150 4593 pulchra
1174 4539 1335 4594 usque
1355 4522 1522 4588 ualde,
1547 4533 1595 4577 et
1622 4522 1895 4576 ministra-

328 4621 415 4675 bat
439 4622 570 4689 regi,
584 4630 632 4675 et
656 4634 747 4674 rea:
765 4635 868 4673 non
891 4618 1128 4688 cognovit
1148 4632 1263 4671 eam
1281 4615 1350 4669 ".
1386 4615 1566 4683 Itaque
1582 4613 1898 4669 Emmanuel

323 4730 389 4769 ex
406 4716 593 4769 saneta
617 4711 838 4782 Virgine
857 4717 1077 4764 exortus
1089 4716 1192 4772 est,
1216 4707 1558 4777 quaedixerat
1590 4722 1603 4758 :
1625 4704 1899 4770 Quomodo

318 4809 427 4861 erit
448 4807 574 4860 mihi
594 4805 756 4870 istud,
772 4803 1019 4872 quoniam
1038 4803 1204 4855 virum
1220 4815 1324 4855 non
1346 4814 1594 4868 cognosco
1610 4798 1680 4851 "1'
1693 4798 1790 4853 Cui
1804 4813 1902 4850 an-

322 4898 475 4967 gelus
497 4911 512 4949 :
535 4895 766 4965 Spiritus
781 4892 993 4947 Domini
1012 4891 1399 4960 supervenietin
1425 4900 1529 4944 teet
1549 4890 1710 4943 virtus
1740 4887 1901 4942 Altis-

324 4989 445 5042 simi
462 4985 896 5041 obumbrabittibi
909 4981 1147 5055 ".Virgo
1166 4984 1280 5039 hate
1294 4983 1394 5054 legi
1413 4997 1481 5051 pu
1491 4979 1804 5036 rillcationis
1816 4994 1904 5036 ne-

394 5172 440 5203 ”
470 5168 646 5225 Galat.
679 5186 764 5237 Ill,
793 5169 880 5227 i9.
956 5169 1005 5203 "
1030 5168 1188 5224 Rom.
1224 5183 1264 5234 ι,
1286 5168 1339 5223 3.

420 5348 508 5422 86)
532 5349 675 5422 Reg.
692 5357 946 5422 quartus,
966 5349 1062 5404 καὶ
1088 5348 1245 5403 διότι.

421 5417 509 5489 87)
541 5417 679 5473 Editi
710 5417 772 5473 “et
801 5419 950 5490 Regii
988 5422 1195 5488 primus
1234 5425 1291 5490 et
1327 5425 1572 5484 quartus,
1620 5417 1896 5485 καλέσεις,

322 5487 553 5545 vocabis.
580 5490 682 5542 Alii
717 5487 949 5557 quatuor
978 5487 1129 5549 mss..
1161 5487 1473 5551 καλέσουσι,
1531 5492 1780 5544 vocabunt
1798 5507 1817 5557 ,'
1846 5503 1902 5547 et

325 5558 400 5614 ita
430 5573 649 5629 quoque
680 5558 871 5629 legitur
894 5560 1030 5628 apud
1056 5558 1440 5629 Matthu‘umt,
1467 5557 1556 5613 25.

396 5628 672 5702 (88_)_Ed_iti
705 5627 759 5702 ei
784 5627 1021 5701 quindue
1045 5644 1208 5698 mss.,
1236 5629 1300 5684 Εἰ
1325 5628 1453 5702 γάρ.
1487 5631 1553 5685 Αι
1581 5627 1714 5702 Reg.
1737 5645 1901 5701 quar-

329 5698 433 5767 tus,
468 5699 531 5755 Εἰ
568 5698 643 5768 μὴ
668 5699 796 5770 γάρ.

1442 5168 1489 5201 ³⁵
1513 5166 1668 5222 Deut.
1708 5184 1845 5234 xm,
1872 5166 2068 5224 25—27.
2142 5166 2191 5198 "
2225 5165 2286 5220 ill
2312 5166 2444 5237 Reg.
2478 5185 2517 5233 ι,
2555 5169 2609 5235 5,
2634 5167 2689 5222 4.

1997 3241 2168 3311 νομίῳ
2191 3240 2363 3303 οὕτως
2389 3241 2696 3310 εἰρημένων
2712 3258 2726 3270 ’
2774 3241 2909 3294 Ἐὰν
2944 3241 3013 3295 δὲ
3035 3244 3107 3296 ἐν
3129 3241 3208 3308 τῷ
3232 3243 3413 3307 πεδίῳ
3433 3245 3586 3313 εὕρῃ

1996 3331 2124 3399 τὴνν
2142 3330 2322 3383 παῖδα
2343 3329 2457 3399 τὴν
2476 3333 3038 3402 μεμνηστευμένην,
3080 3336 3179 3389 καὶ
3206 3335 3585 3406 βιασάμενος

1996 3422 2252 3493 κοιμηθῇ
2296 3425 2422 3491 μετ’
2452 3423 2663 3492 αὐτῆς,
2718 3425 3100 3481 ἀποκτενεῖτε
3131 3428 3239 3481 τὸν
3265 3428 3586 3495 ἄνθρωπον

1991 3517 2203 3585 μόνον,
2239 3516 2336 3568 καὶ
2377 3514 2452 3583 τῇ
2476 3515 2699 3569 νεάνιδι
2727 3520 2797 3570 οὑ
2818 3518 3104 3584 ποιήσετε
3127 3520 3326 3585 οὐδὲν,
3355 3520 3443 3573 ὅτι
3462 3523 3584 3573 οὐκ

1994 3603 2127 3656 ἐστι
2163 3601 2238 3671 τῇ
2289 3603 2515 3656 νεάνιδι
2567 3604 2883 3675 ἁμάρτημα
2917 3607 3199 3663 θανάτου.
3245 3612 3363 3662 Ὅτι
3411 3610 3495 3675 ὡς
3526 3610 3588 3663 εἰ

1996 3713 2086 3761 τις
2116 3696 2430 3765 ἐπαναστῇ
2456 3698 2765 3767 ἄνθρωπος
2791 3701 2891 3753 ἐπὶ
2919 3702 3028 3755 τὸν
3065 3705 3332 3770 πλησίον
3366 3705 3587 3769 αὑτοῦ,

1996 3788 2095 3840 καὶ
2124 3790 2398 3855 φονεύσῃ
2432 3789 2621 3841 αὐτόν
2646 3808 2658 3819 ·
2694 3791 2849 3843 οὕτω
2875 3792 2943 3845 τὸ
2969 3791 3207 3862 πρᾶγμα
3241 3793 3433 3847 τοῦτο.
3476 3794 3594 3850 Ἐν

1996 3875 2078 3941 τῷ
2114 3876 2299 3943 πεδίῳ
2324 3872 2503 3945 εὗρεν
2523 3877 2720 3945 αὐτήν
2739 3897 2753 3910 ο
2780 3880 3034 3947 ἐϐόησεν
3064 3882 3103 3949 η
3144 3881 3367 3947 νεᾶνις,
3396 3884 3499 3936 καὶ
3554 3889 3592 3939 ὀ

1991 3967 2239 4036 βοηθῶν
2284 3970 2395 4021 οὑκ
2432 3966 2529 4039 ἦν.
2574 3971 2639 4024 Ἠ
2676 3971 2855 4027 τοίνυν
2895 3972 3075 4042 βοῶσα
3109 3973 3215 4044 πρὸ
3246 3976 3345 4045 τῆς
3374 3975 3594 4046 φθορᾶς

1998 4059 2267 4131 παρθένος
2312 4056 2401 4131 ἦν,
2437 4061 2700 4131 δηλονότι.
2758 4065 2900 4117 Ἴσον
2951 4060 3045 4117 οὖν
3097 4064 3320 4119 δύναται
3358 4048 3542 4122 εἰπεῖν
3572 4113 3590 4136 ,

1996 4152 2256 4217 ἐϐόησεν
2292 4152 2331 4219 ἠ
2365 4151 2679 4221 παρθένος,
2702 4155 2797 4208 καὶ
2823 4156 3081 4223 ἐϐόησεν
3118 4159 3158 4226 ἠ
3205 4157 3428 4225 νεᾶνις.
3469 4161 3593 4217 Καὶ

1998 4244 2056 4295 ὲν
2088 4246 2154 4314 τῇ
2190 4244 2348 4316 τρίτῃ
2378 4244 2484 4298 τῶν
2521 4245 2875 4319 Βασιλειῶνὴ
2911 4249 3232 4320 Σωμανὴις,
3274 4253 3307 4322 ή
3352 4252 3592 4308 συνθάλ-

1999 4350 2173 4387 πουσα
2207 4336 2297 4388 τὸν
2339 4336 2525 4403 Δαϐἰδ,
2575 4338 2844 4410 παρθένος
2880 4335 3034 4404 οὖσα,
3078 4343 3171 4394 καὶ
3203 4342 3394 4414 ἀνδρὸς
3422 4344 3593 4399 ἀπεί-

1929 4475 1973 4533 D
2003 4442 2163 4494 ρατος
2206 4425 2317 4499 (90)
2346 4467 2359 4491 ,
2408 4430 2589 4493 νεᾶνις
2641 4432 3128 4504 προσαγορεύεται.
3183 4430 3382 4503 Εὗρον
3434 4437 3590 4506 γὰρ,

2005 4518 2159 4587 φησι,
2191 4517 2306 4585 τὴν
2345 4518 2599 4584 Ἀϐισὰκ,
2626 4522 2725 4574 καὶ
2762 4521 3031 4592 ἤνεγκαν
3063 4524 3261 4593 αὐτὴν
3292 4527 3441 4593 πρὸς
3476 4528 3595 4581 τὸν

2000 4608 2301 4672 βασιλέα,
2349 4609 2449 4662 καί
2499 4612 2537 4679 ἡ
2594 4610 2800 4679 νεᾶνις
2826 4613 2985 4681 καλὴ
3038 4614 3150 4681 ἕως
3195 4615 3450 4684 σφόδρα,
3483 4619 3590 4672 καὶ

2003 4698 2362 4770 ἐλειτούργει
2376 4699 2458 4767 τῷ
2477 4703 2747 4768 βασιλεῖ,
2775 4707 2873 4758 καί
2903 4708 2936 4759 ό
2961 4707 3262 4773 βασιλεὺς
3291 4709 3403 4761 οὐκ
3432 4709 3594 4776 ἔγνω

2004 4800 2216 4869 αὐτήν.
2267 4802 2361 4854 Ἐκ
2397 4802 2681 4873 Παρθένου
2713 4805 2893 4858 τοίνυν
2926 4806 3088 4874 ἁγίας
3129 4808 3157 4859 ὁ
3212 4807 3589 4878 Ἑμμανουὴλ,

2004 4892 2102 4960 τῆς
2140 4892 2427 4963 εἰπούσης·
2475 4893 2609 4961 Πῶς
2657 4894 2829 4949 ἔσται
2867 4914 2971 4966 μοι
3004 4897 3203 4959 τοῦτο,
3228 4898 3357 4951 ἐπεὶ
3394 4898 3595 4966 tis-Bri:

2007 4986 2079 5038 οὺ
2107 4986 2415 5055 γινώσκω;
2446 4987 2589 5055 Πρὸς
2617 4989 2683 5059 ἢν
2730 4991 2757 5041 ὁ
2786 4988 3037 5057 ἄγγελος,
3079 4990 3162 5043 ὅτι
3199 4990 3442 5044 Πνεῦιια
3467 4995 3592 5045 Κυ-

2792 5168 2840 5200 ⁹⁶
2860 5166 2991 5223 Luc.
3020 5184 3060 5222 t.
3100 5168 3188 5223 54.
3264 5168 3307 5200 ’⁷
3334 5169 3467 5224 ibid.
3498 5170 3590 5225 '55.

2072 5351 2183 5424 (89)
2213 5351 2343 5422 Reg.
2373 5362 2624 5424 quartus,
2658 5355 2811 5424 ποῖον
2863 5352 2944 5407 τό.
3003 5351 3131 5424 Nec,
3163 5353 3235 5408 ita
3269 5352 3441 5407 multo
3470 5366 3595 5422 post

2002 5422 2141 5496 idem
2165 5422 2172 5424 ⁷
2200 5422 2401 5496 codex,
2440 5422 2754 5496 7tt13;i)__106
2807 5423 3152 5494 Ἐμμανουὴλ
3209 5424 3592 5496 προσηγορίας

2005 5490 2277 5557 Quomodo
2312 5496 2355 5544 ei
2386 5510 2571 5547 nomen
2606 5490 3129 5547 Emmanueldatnm
3166 5490 3291 5546 est'?

2073 5561 2379 5635 (90‘)‘Editi,
2417 5564 2769 5635 ἀπείραστος.
2825 5564 2894 5616 Αι
2931 5579 3067 5635 IIIS».
3099 5564 3325 5635 aliqum.
3358 5563 3595 5635 ἀπείρα-

2000 5627 2433 5714 τοςτηΑΙίῳιιιιιιυ
2463 5627 2586 5704 post
2631 5646 2741 5690 tres
2786 5649 2943 5703 mss.,
2989 5633 3082 5686 καὶ
3121 5627 3205 5703 ἦν’
3234 5634 3418 5697 νεᾶνις
3452 5627 3593 5706 καλὴ

2013 5716 2240 5774 σφοορα.
