3808 6212
241 326 346 383 6-65

1091 333 1450 391 COMMENT.
1492 336 1563 392 IN
1602 338 1830 394 ISAIAM
1867 340 2311 397 PBOPHETAM.
2349 338 2504 397 CAP.
2545 339 2659 396 VII.

3401 346 3504 405 166

227 441 367 511 ρίου
393 442 786 498 ἐπελεύσεται
817 445 917 499 ἐπὶ
941 447 1036 510 σὲ,
1089 451 1187 504 καὶ
1236 451 1490 522 δύναμις
1529 455 1824 523 Ὑψίστου
1853 470 1896 524 Α
1928 474 1956 528 q

1939 474 2195 528 quaquam
2223 458 2605 514 eratobnoxia.
2624 457 2894 528 Scriptum
2917 468 2998 515 est
3019 460 3161 516 enim
3177 461 3229 517 in
3249 462 3506 520 Deutero-

232 533 578 588 ἐπισκιάσει
609 550 730 589 σοι.
757 537 905 607 Αὕτη
931 540 1184 605 ὑπόδικος
1210 545 1309 596 οὐκ
1327 544 1442 599 ἔστι
1459 546 1537 616 τῷ
1564 547 1693 618 περὶ
1711 547 1821 621 (91)

230 622 582 695 καθαρισμοῦ
616 626 1153 701 νόμῳ.,Γέγραπται
1187 634 1296 705 γὰρ
1345 637 1402 688 ἐν
1448 635 1526 707 τῷ
1563 640 1823 711 Δευτερο-

228 714 429 784 νομίῳ,
466 716 551 769 ὅτι
583 718 775 785 Γυνὴ,
806 719 941 787 ἥτις
972 720 1050 774 ἂν
1072 726 1512 794 σπερματισθῇ,
1548 729 1645 781 καὶ
1677 729 1819 798 τέκῃ

229 805 446 871 ἄρσεν,
485 808 822 878 ἀκάθαρτος
867 812 1037 867 ἔσται
1072 815 1223 871 ἑπτὰ
1273 820 1516 887 ἡμέρας.
1555 821 1702 893 Αὕτη
1767 823 1824 876 δὲ

230 896 421 967 ἐπειδὴ
456 899 532 968 μὴ
566 902 1035 972 σπερματισθεῖσα
1068 907 1288 974 ἐγένετο
1330 912 1515 983 μήτηρ
1544 912 1637 965 τοῦ
1688 913 1822 983 Ἐμ-

229 990 499 1061 pavoni-,1,
546 992 765 1064 καθαρὰ
810 998 904 1048 καὶ
951 997 1084 1064 ἁγία
1126 1000 1222 1053 καὶ
1249 1002 1514 1071 ἀμίαντος
1541 1006 1692 1057 ἐστι·
1731 1007 1825 1058 καὶ

231 1081 377 1151 μετὰ
437 1085 502 1135 τὸ
556 1086 809 1153 γενέσθαι
872 1091 1118 1162 μητέρα,
1172 1090 1252 1147 Et:
1311 1095 1581 1166 παρθένος
1634 1096 1826 1169 διαμέ-

226 1191 399 1227 νουσα
453 1175 587 1248 (92).
644 1177 861 1253 Ἐπειδὴ
893 1184 1003 1253 γὰρ
1044 1186 1072 1237 6
1119 1184 1336 1255 πρῶτος
1393 1187 1564 1257 Ἀδὰμ
1594 1190 1655 1241 οὐ
1679 1193 1744 1261 τῇ
1768 1191 1825 1257 ἐξ

225 1267 430 1338 ἀνδρὸς
463 1274 557 1322 καὶ
589 1272 844 1338 γυναικὸς
899 1275 1104 1346 συνόδῳ
1144 1277 1423 1348 παρῆλθεν
1462 1282 1543 1343 εἰς
1587 1282 1823 1349 γένεσιν,

224 1360 347 1413 ἀλλ’
387 1364 455 1415 ὲκ
501 1364 602 1433 τῆς
638 1367 743 1435 γῆς
786 1367 1133 1438 ἁνεπλάσοη’
1193 1373 1289 1424 καὶ
1318 1374 1347 1425 ὁ
1387 1373 1616 1444 ἔσχατος
1654 1374 1829 1447 Ἀδὰμ

221 1453 330 1523 τὴν
355 1455 569 1509 ἐκείνου
591 1457 795 1529 φθορὰν
816 1462 1200 1527 ἀνακαινίζων,
1228 1466 1285 1517 ὲν
1308 1468 1375 1536 τῇ
1402 1465 1703 1539 παρθενικῇ
1726 1470 1829 1539 μή-

221 1558 335 1613 τρᾳ
366 1543 701 1601 διαπλασθὲν
738 1548 799 1601 τὸ
838 1550 997 1620 σῶμα
1026 1551 1223 1606 ἔλαϐεν
1250 1571 1262 1584 ⁸
1303 1556 1391 1609 ἵνα
1427 1558 1486 1609 ὲν
1525 1556 1602 1627 τῷ
1631 1558 1829 1627 ὀμοιώυ

225 1653 366 1704 ματι
393 1637 619 1708 γένηται
642 1640 719 1710 τῷ
739 1643 837 1711 τῆς
877 1643 1154 1714 ἁμαρτίας
1187 1646 1276 1699 διὰ
1315 1649 1536 1720 σαρκός.
1580 1650 1750 1720 ’Υπὲρ
1775 1650 1830 1703 δὲ

221 1724 321 1777 τοῦ
346 1726 450 1797 τὴν
482 1727 787 1798 παράδοξον
810 1731 1019 1803 ταύτην
1051 1733 1307 1804 γέννησιν
1365 1736 1440 1808 μὴ
1473 1739 1650 1810 πάντη
1701 1739 1832 1793 ἄπι-

1928 551 2109 604 noutio
2139 547 2429 622 [Levitico]
2459 566 2472 605 :
2513 548 2729 613 Mulier,
2754 566 2870 616 qua:
2900 554 3190 621 conceperit
3222 570 3412 621 semen,
3457 566 3505 611 et

1925 643 2178 711 pepererit
2193 641 2506 707 masculum,
2521 644 2791 695 immunda
2812 644 2907 695 erit
2921 653 3111 710 septem
3129 643 3507 699 diebus”.Hatc

1930 743 2132 797 autem,
2156 749 2277 788 cum
2296 742 2415 787 acta
2429 733 2500 787 sit
2531 733 2898 788 Emmanuelis
2928 744 3106 789 mater
3132 736 3248 790 sine
3276 736 3504 802 semine,

1929 841 2061 896 pura
2097 835 2459 895 sanctaqueet
2486 828 2806 882 intemerata
2836 836 2954 894 est;
2984 828 3116 892 imo,
3146 837 3506 899 posteaquam

1926 916 2120 972 effecta
2153 927 2327 972 mater
2351 929 2457 985 est,
2484 920 2659 973 adhuc
2683 920 2835 990 virgo
2859 921 3174 988 permansit.
3199 919 3356 988 Nam,
3383 936 3504 976 cum

1928 1010 2134 1079 primus
2160 1011 2328 1064 Adam
2349 1025 2453 1065 non
2479 1026 2542 1064 ex
2572 1011 2671 1065 viri
2699 1026 2760 1066 ac
2788 1010 3007 1067 feminas
3022 1027 3316 1081 congressu
3330 1013 3533 1069 editus

1926 1100 2138 1154 essetin
2154 1100 2354 1165 lucem,
2370 1100 2462 1154 sed
2483 1116 2549 1154 ex
2569 1109 2712 1154 terra
2729 1100 3161 1156 conformatus”
3188 1102 3380 1163 :etiam
3403 1118 3507 1157 no-

1927 1190 2182 1244 vissimus
2215 1191 2387 1243 Adam
2416 1192 2824 1260 corruptionem
2858 1191 3006 1246 illius
3033 1191 3504 1256 instauraturus‘.

1930 1279 2218 1334 formatum
2249 1280 2301 1333 in
2329 1280 2574 1346 virginali
2613 1291 2765 1336 utero
2797 1296 2998 1352 corpus
3037 1283 3332 1351 assumpsit
3384 1301 3398 1338 :
3450 1293 3513 1338 ut

1931 1371 1983 1424 iu
2018 1370 2381 1426 similitudine
2412 1372 2618 1440 peccati
2648 1382 2794 1427 esset
2839 1388 2936 1443 per
2979 1374 3263 1428 carnem’.
3302 1373 3409 1430 Sed
3441 1389 3530 1428 ne-

1938 1462 1998 1527 ii,
2031 1463 2122 1532 qui
2171 1478 2315 1532 a-gre
2359 1463 2646 1518 admodum
2685 1465 3113 1520 incarnationem
3149 1465 3389 1520 divinam
3415 1465 3512 1521 ad-

1934 1555 2175 1617 mittunt,
2215 1555 2373 1608 fidem
2416 1570 2631 1609 omnem
2676 1559 2952 1627 stupendae
3007 1558 3135 1612 huic
3169 1557 3509 1629 generationi

1935 1654 2225 1712 negarent,
2277 1644 2537 1698 animalia
2581 1646 2851 1714 quaedam,
2909 1661 3028 1716 quae
3075 1647 3241 1701 solius
3294 1646 3547 1704 feminas

1935 1751 2098 1805 opera
2127 1737 2264 1790 citra
2306 1737 2538 1791 marium
2567 1738 2812 1807 cepulam
2838 1753 3029 1807 parere
3060 1750 3300 1808 possent,
3324 1755 3507 1795 rerum

222 1831 358 1867 στον
390 1815 540 1886 ἔχειν
576 1819 689 1881 τοῖς
714 1819 1179 1890 δυσπαραδέκτως
1210 1826 1336 1897 περὶ
1355 1828 1455 1897 τὴν
1490 1827 1641 1881 θείαν
1674 1829 1816 1881 οἰκο-
1858 1852 1899 1905 Β
1932 1843 1956 1882 e

1939 1828 2115 1897 opifex
2165 1830 2495 1898 procreavit.
2558 1829 2690 1886 Nam
2745 1831 3062 1885 animalium
3118 1841 3370 1886 naturam
3417 1831 3523 1901 qui.

218 1905 427 1976 νομίαν
443 1906 829 1979 διακειμένοις,
854 1911 1035 1966 ἔκτισέ
1056 1932 1177 1969 τινα
1198 1916 1306 1969 τῶν
1324 1916 1477 1982 ζώων
1496 1921 1523 1971 6
1546 1922 1818 1991 Δημιουρ-

218 1996 322 2063 γὸς
358 1996 638 2068 δυνάμενα
664 2001 774 2053 ἀπὸ
805 2002 969 2073 μόνον
991 2004 1087 2057 τοῦ
1128 2005 1342 2077 θήλεος,
1379 2010 1550 2080 χωρὶς
1585 2010 1684 2080 τῆς
1713 2011 1820 2063 τῶν

1927 1919 2171 1974 consulto
2199 1921 2559 1991 perquisiere,
2600 1922 2729 1976 talia
2770 1922 2837 1977 de
2893 1923 3201 1979 vulturibus
3234 1925 3521 1980 memorias

1930 2011 2303 2080 prodiderunt.

215 2090 478 2161 ἀρρένων
544 2094 872 2168 ἐπιπλοκῆς,
941 2100 1279 2154 ἀποτίκτειν,
1343 2102 1582 2155 Τοιαῦτα
1634 2103 1742 2175 γὰρ
1798 2103 2072 2175 ἱστοροῦσι
2117 2106 2247 2177 περὶ
2303 2106 2494 2175 γυπῶν
2521 2107 2571 2159 οἱ
2616 2107 2684 2161 τὰ
2720 2109 2847 2178 περὶ
2886 2108 3053 2172 ζώων
3086 2085 3512 2183 πραγματευσά-

221 2200 407 2253 μενοι.

288 2280 428 2336 202.
473 2286 779 2355 Βούτυρον
803 2289 899 2343 καὶ
945 2290 1088 2360 μέλι
1118 2293 1399 2363 φάγεταιθ
1449 2297 1593 2365 πρὶν
1619 2299 1656 2366 ἧ
1684 2299 1828 2368 γνῶ-

213 2391 323 2427 ναι
365 2376 585 2442 αὑτὸν,
626 2378 665 2446 ἧ
714 2382 1074 2450 προελέσθαι
1120 2390 1370 2456 πονηρὰ,
1407 2390 1716 2454 ἐκλὲξεται
1757 2392 1823 2446 τὸ

214 2469 480 2537 ἀγαθόν.
547 2471 789 2543 Παιδικῇ
818 2480 989 2548 τροφῇ
1026 2479 1222 2550 χρῆται
1270 2484 1299 2535 6
1346 2483 1693 2557 Ἐμμανουὴλ
1738 2488 1825 2542 διὰ

215 2558 323 2629 τὴν
359 2558 565 2629 σάρκα,
600 2561 848 2635 βουτύρῳ
872 2567 966 2619 καὶ
997 2568 1192 2638 μέλιτι.
1231 2572 1509 2644 Καὶόμως
1542 2578 1598 2629 ὲν
1630 2579 1694 2648 τῇ
1731 2577 1824 2631 τοῦ

215 2651 429 2721 νηπίου
464 2654 796 2708 καταστάσει
828 2658 1109 2730 ὑπάρχων,
1136 2662 1226 2715 διὰ
1257 2664 1357 2736 τὴν
1389 2667 1701 2722 ἐνοικοῦσαν
1730 2670 1826 2723 αὖ·

213 2743 295 2813 τῷ
325 2743 566 2815 δύναμιν
596 2747 697 2817 τῆς
722 2749 1061 2822 ἁγαθότητος
1082 2795 1096 2813 ,
1143 2755 1251 2825 πρὸ
1278 2757 1376 2826 τῆς
1414 2759 1554 2812 κατὰ
1585 2762 1681 2832 τὴν
1711 2762 1829 2834 ἡλι-

2006 2294 2133 2350 202.
2171 2293 2336 2349 Vens.
2374 2295 2459 2359 15,
2494 2295 2580 2350 16.
2616 2294 2876 2365 Butyrum
2905 2304 2953 2350 et
2979 2297 3078 2351 mel
3101 2299 3336 2353 comedet
3364 2316 3382 2353 :
3413 2318 3511 2354 an-

1934 2397 2139 2459 tequam
2168 2388 2301 2441 sciat
2333 2387 2464 2451 ipse,
2494 2396 2584 2440 aut
2611 2388 2886 2458 prweligat
2912 2390 3049 2442 mala
3070 2429 3085 2454 ,
3117 2392 3267 2461 eliget
3295 2393 3507 2447 bonum.

1933 2481 2117 2537 Utitur
2174 2481 2365 2550 puerili
2418 2480 2539 2535 cibo
2594 2480 2911 2534 Emmanuel
2964 2492 3184 2550 propter
3249 2498 3507 2551 carnem,

1933 2588 2126 2643 nempe
2177 2572 2372 2643 butyro
2421 2580 2477 2626 et
2511 2570 2689 2625 melle.
2741 2571 2810 2625 Et
2844 2580 3064 2637 tamen,
3108 2573 3233 2628 licet
3266 2575 3321 2629 iu
3366 2583 3509 2630 statu

1935 2664 2165 2720 infantili
2201 2665 2528 2719 constitutus
2557 2703 2572 2729 ,
2601 2679 2696 2734 per
2730 2664 3126 2720 inbabitautem
3161 2667 3215 2720 in
3260 2681 3319 2722 se
3341 2666 3511 2721 virtu-

1933 2765 2038 2811 tem
2071 2755 2234 2826 530
2284 2754 2563 2818 bonitatis,
2615 2766 2742 2810 ante
2792 2766 3059 2810 maturam
3106 2756 3511 2828 perfectamque

215 2835 355 2888 κίειν
390 2836 731 2903 τελειώσεως
755 2880 769 2903 ,
800 2841 1086 2913 ἁπειθήσει
1124 2846 1222 2916 μὲν
1249 2851 1485 2921 πονηρίᾳ
1506 2891 1520 2915 ,
1549 2852 1828 2919 ὲκλέξεται
1929 2862 1956 2901 α

1939 2857 2170 2912 aetatem,
2199 2857 2256 2901 ut
2287 2847 2605 2916 reprobabit
2642 2849 3068 2918 nequitiam,_ita
3099 2849 3296 2904 bonum
3327 2850 3506 2922 eliget.

214 2928 271 2982 δὲ
302 2929 371 2981 τὸ
405 2929 638 2996 ἀγαθόν.
690 2933 835 2984 Διὸτι
873 2936 905 3004 ἡ
951 2936 1047 3006 μὲν
1082 2938 1332 3009 ἡμετέρα
1367 2941 1526 3009 φύσις
1558 2942 1679 3013 ἴσην
1715 2944 1829 3016 ἔχει
1930 2941 1956 3004 ί

1939 2940 2109 3006 Quare
2156 2949 2349 2993 natura
2386 2950 2569 2993 nostra
2616 2940 2781 2993 habet
2805 2940 3063 3009 aequalem
3113 2941 3179 2994 ad
3223 2951 3513 3011 utrumque

213 3020 322 3089 τὴν
356 3019 445 3086 ἐφ’
477 3019 717 3088 ἑκάτερα
751 3022 957 3093 ῥοπὴν,
1014 3024 1109 3077 καὶ
1139 3025 1400 3089 πολλάκις
1447 3030 1545 3098 μὲν
1587 3031 1722 3100 πρὸς
1767 3033 1828 3085 τὸ
1930 3047 1956 3099 p

1939 3031 2371 3100 prepensionem,
2425 3039 2480 3083 et
2526 3044 2669 3099 saepe
2714 3028 2926 3098 quidem
2968 3030 3033 3084 ad
3082 3031 3315 3099 malum,
3368 3046 3511 3102 saepe

215 3112 501 3181 πονηρὸν,
538 3112 798 3177 πολλάκις
827 3114 885 3168 δὲ
917 3116 1009 3168 καὶ
1044 3117 1178 3187 πρὸς
1203 3119 1264 3170 τ’)
1286 3119 1487 3187 ἀγαθὸν
1519 3122 1824 3189 ἀποκλίνει,
1854 3147 1896 3204 C
1933 3137 1956 3172 ν

1939 3137 2063 3175 vero
2091 3123 2156 3176 ad
2206 3122 2404 3176 bonum
2462 3135 2678 3190 quoque
2722 3119 2999 3187 deﬂectit,
3054 3121 3507 3190 quemadmodum
3606 3160 3609 3165 η

211 3204 292 3268 ὡς
326 3205 425 3257 ἐπὶ
462 3203 653 3273 ζυγοῦ.
688 3205 784 3258 νῦν
818 3207 916 3277 μὲν
942 3208 1038 3260 ἐπὶ
1063 3209 1131 3261 τὰ
1181 3210 1327 3280 πάθη
1381 3213 1474 3282 τῆς
1503 3213 1682 3284 ψυχῆς
1727 3232 1825 3270 κα-

214 3299 622 3370 ταρῤεπούσης
652 3301 794 3370 (95),
829 3300 923 3354 νῦν
950 3302 1007 3354 δὲ
1041 3302 1203 3355 πάλιν
1235 3304 1338 3356 ὑπὸ
1362 3304 1456 3357 τοῦ
1488 3304 1646 3374 λόγου
1673 3308 1826 3360 ἀνελ-

216 3390 472 3460 κομένης
504 3392 597 3443 ἐπὶ
626 3391 687 3443 τὸ
728 3390 955 3461 βέλτιον.
1005 3392 1147 3444 Ἀλλ’
1171 3394 1291 3463 οὐχὶ
1326 3396 1418 3448 καὶ
1448 3398 1476 3449 6
1500 3396 1702 3468 Κύριος
1735 3398 1825 3450 οὖ-

214 3496 333 3543 τως
352 3496 365 3509 ·
399 3479 516 3532 ἀλλ’
549 3481 583 3550 ἡ
610 3480 748 3551 πρὸς
772 3480 832 3532 τὸ
858 3480 1063 3549 ἀγαθὸν
1090 3482 1254 3535 αὑτοῦ
1284 3484 1396 3554 (94)
1430 3486 1700 3550 οἰκείωσις
1731 3489 1823 3541 εὺη

217 3572 324 3636 θὺς
347 3574 413 3626 ὲκ
443 3572 671 3644 πρώτης
699 3574 965 3642 γενέσεως
995 3574 1319 3643 διεφαίνετο.
1351 3578 1415 3630 Τί
1442 3578 1550 3649 γὰρ
1579 3580 1824 3651 γέγραπ-

215 3682 311 3718 ται
342 3681 358 3729 ;
386 3666 512 3718 ’Ότι
540 3664 688 3732 Πρὶν
718 3665 756 3733 ἢ
793 3665 1015 3735 γνῶναι
1044 3667 1233 3720 αὐτὸν
1260 3667 1297 3735 ἢ
1333 3668 1689 3735 προελέσθαι
1720 3687 1826 3722 πο-

216 3757 402 3826 νηρὰ,
437 3755 746 3820 ἐκλέξεται
774 3758 841 3810 τὸ
874 3759 1119 3828 ἀγαθόν.
1175 3758 1529 3830 Ἀναδραμὼν
1558 3761 1614 3813 δὲ
1638 3762 1730 3814 ἐπὶ
1757 3763 1824 3815 τὰ

218 3852 279 3903 ἐν
312 3849 357 3901 Γ
359 3849 536 3901 ενὲσει
566 3849 930 3919 γεγραμμένα
971 3850 1101 3921 περὶ
1128 3850 1223 3903 τοῦ
1258 3851 1502 3919 γνωστοῦ
1533 3852 1699 3905 καλοῦ
1730 3854 1823 3907 καὶ

218 3939 496 4011 πονηροῦ,
532 3942 788 4012 εὑρήσεις
819 3943 934 3994 ἐκεῖ
960 3940 1058 4011 τὴν
1098 3943 1205 4014 πρὸ
1228 3944 1325 4014 τῆς
1352 3944 1625 4014 ἁμαρτίας
1654 3945 1821 3999 κατά-

218 4051 421 4088 στασιν
463 4033 560 4087 τοῦ
612 4032 783 4105 Ἀδὰμ
835 4034 1221 4105 παραπλησίαν
1257 4030 1422 4088 οὖσαν
1467 4037 1532 4106 τῇ
1567 4035 1660 4088 νῦν
1690 4037 1821 4088 ἁνα-

216 4124 633 4196 γεγραμμένῃ·
668 4126 748 4178 ὅτι
796 4126 852 4177 ὲν
901 4125 1093 4197 ἀγνοίᾳ
1136 4122 1205 4196 ἦν
1250 4124 1345 4178 τοῦ
1402 4124 1639 4197 πονηροῦ
1682 4127 1822 4180 κατὰ

217 4220 450 4290 πεῖραν.
485 4217 578 4270 Διὸ
610 4218 702 4270 καὶ
728 4219 756 4270 6
784 4217 988 4289 Κύριος
1018 4219 1074 4270 ὲν
1108 4218 1204 4288 μὲν
1241 4221 1305 4289 τῇ
1335 4217 1557 4288 παιδικῇ
1587 4218 1822 4272 διαθέσει

214 4310 282 4362 τὸ
323 4309 589 4381 ἀκέραιον
617 4310 712 4362 καὶ
744 4308 987 4379 ἄτρωτον
1018 4306 1098 4360 ἔτι
1130 4306 1225 4361 τοῦ
1281 4308 1450 4379 Ἀδὰμ
1482 4308 1816 4380 ἐμιμήσατο·

217 4401 281 4453 ιν
311 4400 372 4453 δὲ
392 4400 474 4469 τῷ
503 4400 716 4452 ἀθετεῖν
744 4400 846 4470 τὴν
878 4400 1166 4470 πονηρίαν,
1197 4398 1296 4471 τὴν
1327 4400 1391 4452 ἐκ
1417 4399 1516 4470 τῆς
1539 4400 1822 4471 παρακοῆς

217 4493 578 4565 παρανομίαν
614 4491 1053 4563 ἐπηνωρθώσατο
1084 4491 1214 4563 (95).

290 4677 423 4732 205.
461 4678 613 4732 Ἀλλ’
642 4675 872 4741 ἐπαξει,
904 4678 1088 4747 φησιν,
1122 4679 1154 4729 ὀ
1178 4675 1320 4742 Θεὸς
1341 4676 1438 4730 ἐπὶ
1468 4676 1575 4740 σὲ,
1597 4677 1691 4730 καὶ
1716 4677 1815 4731 ἐπὶ

215 4771 333 4825 τὸν
358 4771 519 4824 λαόν
550 4787 667 4823 σου
688 4810 702 4832 ,
737 4770 833 4823 καὶ
862 4770 958 4822 ἐπὶ
992 4769 1099 4823 τὸν
1121 4766 1291 4823 οἷκον
1322 4768 1428 4822 τοῦ
1458 4771 1681 4837 πατρός
1700 4784 1815 4823 σου

217 4862 492 4933 ἡμέρας,
563 4862 626 4914 αἲ
708 4862 875 4915 οὔπω
935 4860 1191 4929 ἥκασιν,
1268 4862 1369 4929 ἀφ’
1429 4856 1505 4930 ἧς
1568 4860 1818 4929 ἀφεῖλεν

233 4955 453 5025 Ἐφραῒ
447 4973 492 5023 μ
511 4953 629 5008 ἀπὸ
662 4952 871 5017 Ἰούδα,
892 4953 999 5007 τὸν
1024 4952 1293 5018 βασιλέα
1315 4951 1431 5009 τῶν
1459 4952 1812 5020 Ἀσσυρίων.

1937 3212 1994 3265 tit
2026 3213 2078 3266 in
2111 3220 2337 3276 statera,
2378 3212 2541 3267 modo
2581 3212 2899 3268 demittente
2928 3227 2988 3267 se
3024 3214 3206 3267 anima
3244 3215 3309 3268 ad
3341 3213 3505 3270 vitio-

1933 3318 2022 3357 sas
2050 3304 2497 3373 turbulentasque
2534 3301 2849 3358 aﬂ‘ectiones
2875 3343 2892 3368 ,
2936 3305 3094 3357 modo
3129 3304 3373 3358 eamdem
3422 3313 3505 3359 at-

1937 3396 2183 3451 trahente
2214 3396 2424 3450 ratione
2457 3396 2523 3450 ad
2562 3395 2777 3449 melius.
2812 3397 2883 3448 At
2917 3393 3174 3449 Dominus
3210 3409 3313 3448 non
3354 3395 3507 3460 item,

1931 3489 2025 3542 sed
2055 3502 2117 3542 ea
2142 3502 2305 3558 quam
2354 3501 2476 3541 cum
2508 3488 2650 3541 bono
2680 3485 2870 3542 habuit
2903 3486 3244 3542 necessitudo
3266 3487 3447 3540 statim
3476 3502 3507 3540 ιι

1931 3579 2105 3648 primo
2127 3588 2249 3633 ortu
2276 3578 2546 3648 apparuit.
2573 3578 2713 3646 Quid
2737 3577 2881 3631 enim
2911 3577 3170 3647 scriptum
3194 3577 3316 3632 est?
3340 3577 3507 3632 Ante-

1931 3686 2084 3738 quam
2127 3672 2258 3723 sciat
2303 3672 2434 3738 ipse,
2465 3681 2556 3724 aut
2594 3668 2863 3740 prteeligat
2902 3668 3079 3735 mala,
3109 3669 3257 3741 eliget
3293 3670 3506 3727 bonum.

1932 3760 2081 3824 Quod
2121 3761 2164 3814 si
2195 3776 2445 3816 recurras
2484 3762 2550 3816 ad
2580 3776 2643 3816 ea
2672 3775 2792 3830 qua:
2824 3760 2877 3814 in
2916 3759 3115 3815 Genesi
3148 3760 3349 3831 scripta
3381 3770 3508 3814 sunt

1931 3857 1997 3910 de
2035 3856 2266 3911 scientia
2296 3855 2424 3910 boui
2455 3864 2509 3910 et
2535 3854 2660 3910 mali
2684 3853 2737 3920 ³;
2770 3853 2880 3907 illic
2912 3853 3149 3923 reperies
3188 3861 3412 3919 statum,
3451 3853 3504 3905 in

1930 3962 2037 4017 quo
2071 3948 2280 4017 positus
2323 3948 2427 4002 fuit
2469 3946 2707 4000 Adamus
2737 3956 2864 4000 ante
2894 3955 3172 4015 peccatum
3198 3985 3213 4010 ,
3254 3945 3303 4000 ei
3338 3945 3505 4000 statui

1930 4037 2021 4103 qui
2067 4053 2211 4093 nunc
2268 4036 2597 4093 describitur
2651 4033 2985 4091 consimilem
3038 4047 3192 4099 esse,
3241 4033 3504 4103 siquidem

1932 4128 2132 4182 malum
2170 4126 2455 4199 ignorabat
2494 4136 2678 4195 utpote
2717 4126 2847 4182 illud
2893 4142 2998 4181 non
3038 4135 3311 4195 expertus.
3357 4124 3504 4192 Qua-

1930 4231 2147 4292 propter
2171 4230 2227 4275 et
2258 4220 2541 4285 Dominus,
2579 4235 2701 4276 cum
2752 4220 2807 4273 in
2855 4219 3040 4273 habitu
3080 4218 3296 4288 quidem
3331 4217 3507 4272 adhuc

1931 4313 2120 4384 puerili
2149 4313 2491 4378 consisteret,
2524 4311 2576 4366 id
2615 4311 2757 4379 quod
2790 4311 2842 4364 in
2875 4310 3082 4365 Adatno
3107 4323 3299 4376 purum
3347 4322 3503 4362 man-

1929 4416 2077 4461 serat
2099 4416 2152 4461 et
2178 4407 2575 4473 incorruptum,
2599 4403 2849 4456 imitatus
2872 4412 2991 4456 est:
3030 4415 3151 4454 cum
3175 4413 3302 4454 vero
3321 4412 3506 4468 repro-

1851 4526 1895 4580 D
1926 4499 2071 4553 bavit
2101 4499 2436 4568 nequitiam,
2478 4496 2831 4551 violationem
2868 4494 3005 4564 legis
3052 4507 3119 4548 ex
3164 4491 3501 4547 contumacia

1924 4600 2137 4660 partam
2164 4590 2493 4645 emendavit.

1994 4681 2124 4735 203.
2171 4680 2333 4735 \‘t-zns.
2376 4679 2463 4732 1.7.
2506 4675 2610 4732 Sed
2636 4715 2651 4740 ,
2685 4674 2892 4745 inquit,
2925 4672 3145 4728 adducet
3181 4673 3319 4728 Deus
3349 4688 3505 4743 super

1924 4783 1994 4836 te,
2024 4784 2070 4827 et
2095 4790 2254 4841 super
2273 4771 2526 4841 populum
2550 4781 2720 4833 tuum,
2747 4778 2793 4821 et
2819 4783 2983 4835 super.
2997 4767 3208 4819 domum
3232 4768 3395 4834 patris
3422 4767 3502 4820 tui

1925 4866 2058 4929 dies,
2089 4866 2178 4933 qui
2213 4864 2435 4917 necdum
2466 4872 2712 4916 venerunt
2734 4902 2750 4925 ,
2780 4877 2845 4916 ea:
2873 4875 2975 4930 quo
3000 4857 3215 4911 abstulit
3244 4857 3522 4926 Ephreim.

1924 4974 1956 5010 a
1984 4956 2163 5023 Juda,
2202 4973 2370 5025 regem
2405 4955 2765 5025 Assyriorum.
2811 4953 3089 5008 Sententia
3137 4952 3251 5006 lucc
3288 4951 3498 5022 signiti-

293 5073 343 5105 ⁸⁸
365 5071 496 5126 Lev.
528 5087 627 5136 xu,
661 5071 717 5125 2.
791 5070 837 5101 ’θ
863 5068 1000 5126 Gen.
1038 5085 1098 5135 ιι,
1130 5069 1181 5121 7.
1259 5070 1274 5100 ί
1308 5069 1327 5122 1
1362 5069 1486 5125 Cor.
1522 5086 1611 5137 xv,
1650 5071 1742 5125 47.
1818 5073 1838 5103 ³
1866 5070 1956 5128 Βοι

1939 5088 2181 5139 >m.'vm,
2222 5074 2275 5129 5.
2352 5073 2373 5105 ³
2402 5071 2538 5128 Gen.
2571 5088 2632 5141 ιι,
2670 5070 2777 5139 17,;
2800 5088 2881 5137 ιιι,
2906 5072 2941 5126 2
2963 5086 3086 5141 sqq.

299 5190 415 5261 (9t)
450 5189 614 5253 Editi,
649 5188 779 5259 περί
808 5186 1036 5261 τοιᾷη-Αι
1076 5187 1146 5261 i_n_
1179 5201 1317 5241 mss.
1352 5187 1504 5240 deest
1532 5188 1812 5261 articulus.

218 5257 379 5330 “and
414 5261 568 5327 longe
589 5257 738 5322 editi,
772 5257 910 5330 γυνὴ
938 5257 1062 5330 ἥτις
1091 5257 1155 5310 ἑά
1181 5274 1207 5311 ι.
1262 5262 1331 5330 At
1378 5272 1506 5312 mss.
1541 5259 1817 5330 senique

217 5334 313 5386 ἄν.
355 5328 598 5384 Subinde
637 5332 787 5392 editi,
827 5328 963 5399 τέκῃ
1010 5328 1234 5399 ἄρσενα.
1278 5329 1500 5383 Veteres
1546 5343 1639 5383 sex
1668 5328 1813 5391 libri,

218 5404 415 5458 ἄρσεν.

265 5418 415 5470 ρσεν.

298 5471 413 5538 (92)
438 5468 631 5540 Totum
663 5468 815 5540 illud,
867 5469 961 5522 καὶ
996 5468 1136 5539 μετὰ
1178 5469 1238 5522 τὸ
1273 5467 1528 5540 γενέσθαι
1582 5484 1812 5540 μητερα,

214 5541 309 5596 ἔτι
337 5539 607 5612 παρθένος
634 5538 1006 5612 διαμένουσα,
1034 5540 1084 5612 in
1116 5541 1230 5593 suis
1266 5538 1475 5612 duobus
1509 5538 1690 5612 Regiis
1719 5538 1813 5592 c0—

221 5610 444 5666 uicibus
470 5614 660 5663 deesse
711 5611 997 5662 auuotavit
1042 5610 1267 5665 Ducat-us
1316 5628 1330 5666 :
1381 5610 1474 5664 sed
1511 5610 1608 5665 bas
1655 5623 1815 5664 voces

220 5681 443 5734 additas
470 5696 536 5733 ex
571 5681 810 5750 Anglicis
853 5679 1022 5750 fuisse
1068 5680 1133 5744 is,
1166 5695 1326 5749 quem
1359 5680 1541 5750 modo
1565 5679 1705 5750 dixi,
1731 5679 1812 5732 vir

220 5750 591 5833 peritissimus
625 5748 947 5833 alimenti“,
980 5748 1102 5833 Nee
1129 5748 1471 5833 dissimulare
1511 5748 1658 5833 licet,
1695 5748 1810 5833 lucc

218 5816 348 5885 ipsa
373 5820 554 5885 verba,
585 5829 640 5875 ut
684 5820 738 5876 in
771 5816 948 5875 Duca-i
987 5820 1286 5883 codicibus,
1328 5820 1402 5875 ita
1432 5832 1647 5884 quoque
1676 5816 1817 5873 etin.

1922 5192 2123 5244 nostris
2145 5189 2395 5244 omnibus
2420 5187 2740 5243 desiderari.
2782 5185 2852 5240 Et
2872 5187 2960 5240 hic
2989 5182 3267 5239 observari
3298 5189 3518 5250 potasti

1923 5261 2065 5327 quod
2096 5262 2161 5314 de
2189 5260 2494 5314 vulturibus
2546 5259 2726 5311 statim
2768 5257 2988 5322 dicitur,
3030 5255 3133 5327 hoc
3171 5254 3326 5327 idem
3358 5261 3514 5327 et__a.

1918 5321 2299 5454 Basiliol‘tgm.
2337 5331 2369 5387 8
2392 5332 2451 5385 in.
2480 5327 2741 5383 Hexaem.
2794 5327 2922 5388 dici,
2955 5335 3006 5380 et
3038 5324 3108 5378 ab
3148 5321 3367 5383 Atiliano
3391 5322 3511 5383 liba

1919 5416 1981 5454 tt.
2012 5416 2128 5454 cap.
2228 5439 2241 5453 .

1919 5416 1981 5462 tt,
2012 5416 2128 5462 cap.
2153 5403 2241 5454 46.

1990 5417 2529 5542 (ὃὲιῖἒιῗίίῳιίιιυεε
2568 5467 2731 5542 _ii_bri,
2790 5463 3235 5538 ἀπορῤεπούσης.
3292 5461 3495 5521 Ibidem

1918 5537 2146 5600 uterque
2172 5537 2317 5594 Colb.
2335 5580 2349 5604 ,
2378 5539 2473 5591 ἐπὶ
2501 5537 2596 5591 τοῦ
2618 5537 2799 5605 λόγου.

1991 5610 2102 5682 (91)
2136 5610 2294 5682 ξιιίιι,
2326 5607 2509 5682 αὐτοῦ.
2540 5611 2609 5661 At
2633 5622 2726 5660 sex
2754 5621 2907 5682 mssz,
2936 5605 3104 5682 αὐτῷ.

1991 5672 2106 5751 (95)
2142 5679 2279 5732 Editi
2313 5692 2368 5732 et
2395 5681 2634 5751 quinque
2672 5692 2845 5742 mss,
2868 5672 3325 5747 ὲπανωρθώσατο.
3356 5672 3490 5744 Reg.

1917 5747 2164 5820 quartus,
2194 5747 2648 5821 ἐπηνωρθώσατο.
