3808 6212
310 270 416 327 467

1261 271 1608 330 ΑΡΡΕΝΒΙΧ
1649 273 1935 331 OPERUM
1977 274 2034 329 S.
2076 274 2327 332 BASILII
2361 273 2598 332 MAGNI.

3474 276 3579 333 468

306 403 436 446 care
452 388 666 445 videtur
689 389 806 446 dies
829 391 1155 460 postremos,
1179 393 1627 461 post-passionem
1653 392 1886 454 Domini,

2005 393 2181 445 Ἐοικε
2221 392 2320 456 τὰς
2350 391 2668 455 τελευταίας
2722 390 2965 462 ἡμέρας,
3005 389 3142 461 μετὰ
3173 390 3234 444 τὺ
3277 390 3448 456 πάθος
3482 391 3579 446 τοῦ

306 497 431 537 cum
456 480 751 538 Jerusalem
780 483 1001 538 obsessa
1026 493 1109 537 est
1149 499 1178 537 a
1208 484 1484 541 Romanis.
1525 487 1733 541 Etenim
1765 494 1887 555 post

309 577 680 633 Emmanuelis
732 580 1058 643 adventum,
1123 577 1345 632 inducet
1406 578 1665 634 Dominus
1723 595 1887 649 super

309 671 494 726 Achaz
520 712 536 737 ,
582 680 637 728 et
669 671 923 741 populum
956 673 1105 741 ejus,
1144 682 1198 728 et
1245 673 1459 727 domum
1502 674 1673 742 patris
1721 674 1888 743 ipsius

308 764 425 818 dies
452 803 469 828 ,
515 764 604 833 qui
633 763 868 817 nondum
903 774 1208 828 venerunt,
1244 779 1311 818 ex
1345 779 1453 833 quo
1485 773 1773 834 separatus
1806 775 1889 820 est

314 854 569 923 Ephraim
604 869 635 908 a
665 852 825 918 Juda,
865 854 1135 909 abductus
1176 855 1245 908 ab
1284 870 1409 923 rege
1452 855 1799 926 Assyriorum
1833 856 1885 910 in

309 947 705 1016 captivitatem.
727 948 932 1003 Deiecit
958 957 1136 1001 autem
1167 948 1422 1015 Epliraim
1456 963 1484 999 a
1509 947 1673 1014 Juda,
1699 949 1887 1005 diebus

307 1040 591 1095 Jeroboam
619 1040 713 1094 lilii
737 1040 947 1104 Nabat,
983 1041 1076 1111 qui
1100 1082 1114 1103 ,
1148 1039 1347 1094 lsraele
1376 1041 1429 1094 in
1467 1050 1746 1108 peccatum
1780 1043 1885 1097 im-

307 1131 481 1201 pulso,
512 1133 722 1201 primus
764 1131 868 1187 fuit
893 1143 1083 1186 auctor
1105 1132 1423 1187 deiectionis
1447 1174 1463 1199 ,
1499 1134 1688 1188 dicens
1720 1153 1734 1188 :
1765 1134 1885 1189 Non

302 1232 381 1276 est
432 1223 581 1276 nobis
627 1238 749 1290 pars
793 1224 847 1275 in
894 1222 1095 1285 David,
1153 1240 1316 1292 neque
1361 1223 1642 1277 haereditas
1688 1226 1741 1278 in
1770 1225 1887 1295 ﬁlio

305 1308 454 1365 Jesse
479 1310 522 1364 ⁸.
556 1310 893 1380 Quapropter
915 1312 1171 1381 Ephraim
1200 1315 1455 1368 avocavit
1498 1330 1678 1385 regem
1718 1317 1888 1387 Assy-

268 1403 512 1472 ,τίοι-σω
554 1416 585 1455 a
631 1401 767 1457 Juda
798 1404 1082 1457 adversum
1130 1418 1239 1459 se:
1282 1405 1480 1474 quippe
1531 1422 1654 1459 eum
1697 1404 1890 1460 habuit

306 1494 659 1563 contemptui,
685 1509 782 1548 nec
804 1494 930 1549 sivit
957 1495 1292 1550 obsidionem
1323 1494 1625 1550 Jerusalem
1648 1496 1802 1551 valde
1820 1496 1888 1552 ab

307 1586 426 1653 ipso
455 1585 657 1655 urgeri.
682 1584 845 1640 Vsus.
885 1585 972 1652 18,
1007 1588 1095 1641 19.
1132 1586 1198 1640 Et
1241 1589 1342 1641 erit
1377 1588 1430 1640 in
1463 1588 1547 1641 die
1582 1588 1678 1640 illa
1703 1604 1722 1641 :
1756 1587 1887 1641 sibi-

306 1676 435 1728 labit
466 1675 723 1731 Dominus
747 1678 942 1732 muscis
973 1693 993 1731 :
1026 1679 1166 1747 quod
1196 1679 1506 1733 dominatur
1536 1680 1676 1747 parti
1706 1680 1885 1747 ﬂumi-

1991 486 2198 556 Κυρίου
2219 525 2233 549 ,
2278 487 2343 537 ὲκ
2382 483 2482 555 τῆς
2510 484 2617 538 τῶν
2652 483 2940 555 Ῥωμαίων
2976 484 3290 554 πολιορκίας
3323 484 3586 538 ἐπελθούο

1993 594 2091 648 σης
2119 579 2187 647 τῇ
2233 575 2589 646 Ἰερουσαλὴμ
2608 616 2622 638 ,
2648 576 2677 627 ὁ
2700 574 2859 643 λόγος
2889 574 3249 628 αἰνίσσεσθαι.
3283 574 3440 628 Μετὰ
3469 574 3582 646 γὰρ

1988 669 2088 740 τὴν
2121 667 2415 738 ἐπιδημίαν
2455 666 2550 719 τοῦ
2606 666 2952 737 Ἐμμανουήλ
2975 706 2989 731 ,
3035 666 3226 732 ἐπάξει
3255 663 3459 737 Κύριος
3488 667 3585 720 ἐπὶ

1987 758 2079 811 τὸν
2125 757 2323 828 Ἀχὰζ,
2360 757 2454 811 καὶ
2486 757 2577 809 τὸν
2621 756 2748 810 λαὸν
2792 756 2954 810 αὑτοῦ
2980 796 2994 819 ,
3046 756 3141 810 καὶ
3170 756 3260 809 τὸν
3291 753 3439 809 οἷκον
3485 755 3581 809 τοῦ

1991 850 2200 921 πατρὸς
2235 849 2399 903 αὐτοῦ
2444 849 2655 920 ἡμέρας
2679 888 2693 912 ,
2727 850 2781 902 αἳ
2825 847 2977 902 οὔπω
3025 849 3225 919 ήκασιν
3255 848 3349 917 ἀφ’
3378 844 3440 902 οὗ
3466 848 3585 918 (96)

1989 940 2339 1012 ἀπεμερίσθη
2372 940 2466 993 τοῦ
2528 938 2699 993 Ἰούδα
2723 979 2739 1002 ,
2796 939 3138 1011 αἰχμάλωτος
3166 939 3432 1010 ἀπαχθεὶς
3473 938 3589 992 ὑπὸ

1989 1032 2084 1086 τοῦ
2131 1031 2395 1102 βασιλέως
2426 1031 2536 1085 τῶν
2577 1032 2901 1102 Ἀσσυρίων.
2974 1031 3210 1102 Ἀπέστη
3236 1031 3293 1083 δὲ
3339 1030 3589 1103 Ἐφραῖμ

1989 1125 2098 1178 ἀπὸ
2121 1123 2214 1177 τοῦ
2258 1123 2427 1176 Ἰούδα
2449 1126 2506 1176 ἐν
2533 1123 2768 1195 ἡμέραις
2807 1123 3089 1194 Ἰεροϐοὰμ
3111 1122 3229 1175 υἱοῦ
3259 1124 3451 1177 Νάὃατ
3471 1168 3485 1188 ,
3523 1124 3587 1188 ὃς

1990 1215 2269 1288 ἐξήμαρτε
2295 1216 2388 1269 τὸν
2427 1214 2644 1285 Ἰσραὴλ
2663 1256 2679 1280 ,
2713 1215 2772 1277 ὂς
2802 1215 3017 1286 πρῶτος
3048 1214 3285 1286 κατῆρξε
3316 1214 3414 1285 τῆς
3445 1216 3588 1268 d120-

1992 1309 2216 1372 στασίας
2236 1350 2249 1372 ,
2278 1306 2447 1360 εἰπών
2467 1325 2480 1337 ο
2539 1310 2661 1361 Οὐκ
2694 1309 2867 1361 ἔστιν
2893 1306 3039 1374 ἡμῖν
3063 1307 3234 1375 μερὶς
3261 1308 3329 1361 ἐν
3375 1307 3581 1371 Δαϐὶδ,

1988 1400 2132 1453 οὐδὲ
2170 1401 2540 1469 κληρονομία
2569 1400 2639 1452 ἐν
2671 1398 2779 1463 υίῷ
2825 1398 2934 1469 (97)
2981 1400 3220 1454 Ἰεσσαί.
3286 1398 3383 1451 Διὰ
3418 1399 3585 1452 τοῦτο

1987 1496 2017 1547 ὁ
2060 1492 2300 1563 Ἐφραίμ
2344 1492 2532 1561 ἀφεῖλε
2573 1491 2665 1544 τὸν
2719 1490 2944 1561 βασιλέα
2975 1491 3086 1545 τῶν
3123 1492 3421 1563 Ἀσσυρίων
3468 1492 3586 1551 ἀπὸ

1989 1585 2086 1639 τοῦ
2130 1585 2302 1639 Ἰούδα
2331 1586 2443 1656 (93)
2473 1588 2558 1654 ἐφ’
2586 1585 2796 1648 ἑαυτὸν,
2832 1586 3231 1655 περιπατήσας,
3260 1587 3353 1638 καὶ
3381 1586 3456 1656 μὴ
3484 1585 3586 1639 ἐά-

1992 1695 2092 1741 σας
2121 1676 2431 1730 ἐπικεῖσθαι
2471 1676 2717 1748 σφοδρῶς
2756 1679 2823 1747 τῇ
2860 1676 3145 1747 πολιορκίᾳ
3168 1676 3267 1745 τῆς
3304 1678 3584 1746 Ἰερουσα-

305 1766 388 1820 nis
421 1764 642 1836 4Egyptt'
660 1783 681 1833 ;
715 1777 765 1820 et
808 1768 917 1837 api,
943 1739 1060 1837 qua:
1094 1777 1169 1821 est
1202 1769 1257 1821 in
1285 1768 1491 1839 regione
1519 1739 1879 1839 Assyriorum.

2005 1739 2117 1842 ιήμ.
2154 1770 2263 1823 Καὶ
2294 1769 2467 1822 ἔσται
2601 1739 2675 1836 τῇ
2708 1739 2902 1837 ἡμέρᾳ
2946 1739 3151 1836 ἐκείνῄ
3173 1806 3188 1831 ,
3213 1739 3413 1833 συριεῖ
3454 1766 3585 1820 Κύ-

306 1857 376 1910 Et
399 1859 603 1912 uenient
628 1868 674 1912 et
700 1860 1018 1929 requiescent
1050 1874 1228 1913 omnes
1262 1860 1316 1912 in
1346 1858 1673 1913 convallibus
1708 1861 1883 1929 regio-

306 1952 389 2003 nis
409 1989 425 2016 ,
462 1962 511 2003 et
540 1951 594 2005 in
624 1952 974 2020 foraminibus
1009 1963 1309 2020 petrarum,
1339 1961 1386 2005 et
1413 1953 1470 2005 in
1494 1951 1768 2021 speluncas
1787 1992 1800 2015 ,
1835 1960 1885 2005 et

305 2043 362 2094 in
388 2057 589 2095 omnem
607 2043 877 2111 ﬁssuram,
913 2052 962 2097 et
991 2043 1047 2096 in
1070 2043 1212 2097 omni
1239 2043 1401 2113 ligno.
1452 2044 1767 2112 Descendit,
1801 2044 1885 2099 in-

310 2132 430 2201 quit
459 2132 687 2202 populus
711 2149 864 2187 meus
891 2133 945 2188 in
980 2132 1270 2205 Egyptum
1289 2174 1305 2198 ,
1334 2134 1442 2188 illic
1470 2135 1884 2202 habitaturus',

305 2234 470 2292 atque
505 2224 646 2293 apud
680 2225 933 2295 Assyrios
968 2226 1019 2278 vi
1057 2233 1185 2279 sunt
1217 2225 1437 2280 abducti
1468 2226 1509 2278 °.
1545 2224 1724 2291 Quare
1770 2226 1886 2281 sive

307 2312 429 2384 quis
463 2329 525 2368 ex
557 2313 831 2384 populoin
860 2311 1098 2383 ASgypto
1126 2315 1233 2377 sit,
1268 2315 1383 2369 sive
1405 2355 1421 2380 ,
1454 2314 1592 2382 apud
1631 2314 1885 2384 Assyrios

308 2418 700 2473 commoretur,
738 2409 1067 2477 praenuntiat
1086 2423 1180 2463 eos
1203 2418 1445 2477 tempore
1477 2417 1631 2462 ortus
1661 2406 1883 2461 Emma-

308 2500 485 2556 nuelis
537 2514 656 2555 esse
686 2499 842 2570 531
900 2515 1236 2571 egressuros,
1297 2499 1623 2567 eosdemque
1652 2515 1773 2554 cum
1828 2499 1883 2554 in

308 2587 510 2646 Iudaea:
538 2591 812 2661 regionem
848 2590 961 2660 jam
1003 2592 1283 2655 redierint,
1307 2592 1359 2645 in
1384 2593 1581 2646 nativis
1602 2601 1660 2647 et
1686 2608 1886 2648 vacan-

311 2680 456 2737 tibus
486 2681 840 2753 receptaculis
862 2697 983 2738 esse
1006 2684 1412 2752 conquieturos.
1442 2684 1534 2738 Ait
1556 2695 1736 2739 autem
1768 2700 1887 2739 mu-

309 2790 435 2831 scas
461 2775 514 2829 in
544 2784 751 2845 partem
780 2776 1019 2830 ﬂuminis
1049 2773 1271 2846 [Egypti
1312 2776 1609 2829 dominiqu
1647 2777 1883 2841 habere,

309 2877 365 2924 et
389 2881 519 2938 apes
555 2869 609 2922 in
640 2869 861 2936 regione
907 2868 1260 2939 Assyriorum
1310 2868 1516 2923 versari
1545 2907 1561 2932 ,
1604 2877 1663 2922 ut
1694 2869 1884 2923 adver-

309 2962 543 3015 santium
578 2960 914 3015 exercituum
953 2959 1205 3015 ostendat
1237 2959 1529 3015 vilitatem.
1583 2960 1766 3017 Musca
1808 2962 1883 3017 si-

1976 1880 2110 1931 ριος
2132 1863 2342 1932 μυίαις
2363 1878 2376 1891 ·
2411 1860 2442 1914 ὃ
2466 1861 2725 1928 κυριεύει
2750 1860 2861 1931 (99)
2880 1859 3102 1929 μέρους
3129 1859 3395 1928 ποταμοῦ
3413 1860 3590 1929 Αίγύ-

1984 1969 2169 2008 πτου·
2208 1954 2306 2008 καὶ
2334 1951 2406 2021 τῇ
2446 1954 2751 2022 μελίσσῃ,
2786 1951 2825 2019 ἢ
2870 1952 3040 2005 ἐστιν
3072 1951 3142 2004 ἐν
3169 1949 3330 2019 χώρᾳ
3366 1950 3585 2004 Ἀσσυ-

1977 2049 2148 2116 ρίων.
2181 2044 2292 2100 Καὶ
2338 2047 2695 2099 ἐλεύσονται
2729 2044 2826 2098 καὶ
2868 2044 3324 2097 ἀναπαύσονται
3354 2040 3588 2105 πάντες

1984 2142 2054 2194 ἐν
2084 2138 2214 2205 ταῖς
2241 2136 2500 2207 φάραγξι
2522 2137 2633 2203 τῆς
2656 2135 2851 2205 χώρας
2869 2176 2883 2199 ,
2915 2135 3011 2187 καὶ
3042 2135 3111 2187 ὲν
3139 2133 3267 2199 ταῖς
3287 2131 3586 2201 τρὼγλαις

1984 2232 2105 2287 τῶν
2142 2230 2375 2301 πετρῶν
2392 2272 2407 2295 ,
2451 2230 2549 2283 καὶ
2574 2232 2661 2295 εὶς
2687 2228 2758 2281 τὰ
2782 2228 3078 2295 σπήλαια,
3129 2226 3227 2279 καὶ
3255 2227 3341 2290 εὶς
3369 2222 3584 2277 πᾶσαν

1978 2326 2213 2396 ῥαγάδα
2238 2366 2252 2389 ,
2288 2324 2385 2377 καὶ
2417 2324 2487 2376 ἐν
2519 2322 2696 2375 παντὶ
2724 2321 2905 2387 ξύλῳ.
2943 2321 3035 2384 Εἰς
3075 2317 3348 2385 Αἴγυπτον
3371 2356 3387 2377 ,
3420 2315 3580 2385 φησὶ,
3692 2342 3701 2361 ο

1987 2418 2195 2489 κατέϐη
2228 2420 2256 2470 ὀ
2283 2416 2409 2479 λαός
2446 2432 2572 2485 μου,
2602 2412 2937 2485 παροικῆσαι
2976 2412 3119 2464 ἐκεῖ·
3150 2410 3242 2462 καὶ
3273 2410 3353 2472 είς
3386 2409 3586 2460 Ἀσσυ-

1991 2510 2137 2582 ρίους
2162 2508 2252 2579 βίᾳ
2279 2508 2544 2579 ἤχθησαν.
2578 2504 2675 2558 Διά
2702 2504 2860 2557 τοῦτο
2881 2502 3211 2575 προφητεύει
3240 2502 3335 2554 ἐπὶ
3360 2502 3424 2570 τῇ
3450 2517 3582 2568 γεν-

1986 2603 2141 2672 νήσει
2175 2599 2268 2653 τοῦ
2304 2596 2676 2669 Ἐμμανουὴλ,
2706 2596 2815 2649 εἴτε
2838 2597 2895 2649 ὲν
2920 2594 3180 2665 Αἰγύπτῳ
3213 2610 3296 2655 τις
3325 2591 3434 2662 εἴη,
3466 2590 3583 2645 τῶν

1987 2691 2095 2745 ἀπὸ
2125 2690 2215 2744 τοῦ
2250 2688 2401 2753 λαοῦ,
2438 2689 2547 2741 εἴτε
2581 2690 2638 2741 ἐν
2666 2690 2779 2750 τοῖς
2822 2685 3165 2758 Ἀσσυρίοις,
3199 2682 3581 2749 ἐξελεύσεσθαι

1989 2784 2203 2845 αὐτοὺς.
2220 2782 2314 2835 καὶ
2333 2784 2389 2835 ὲν
2414 2783 2480 2851 τῇ
2506 2779 2660 2852 χώρᾳ
2683 2779 2784 2849 τῆς
2817 2778 3078 2841 Ἰουδαίας
3106 2774 3428 2846 γενομένους
3452 2777 3585 2829 ἀνα-

1992 2874 2300 2929 παύσεσθαι
2330 2876 2386 2926 ὲν
2418 2876 2538 2936 ταῖς
2583 2874 2875 2942 αὐτοφυέσι
2919 2872 3015 2924 καὶ
3056 2867 3443 2940 σχολαζούσαις
3475 2885 3583 2920 κα-

1988 2967 2261 3021 ταδύσεσι.
2322 2966 2503 3030 Μυίας
2539 2966 2720 3036 μέντοι
2766 2964 3037 3036 κυριεύειν
3075 2963 3275 3033 μέρους
3325 2959 3581 3030 ποταμοῦ

308 3049 523 3121 quidem
562 3051 761 3104 animal
790 3060 897 3114 est,
923 3051 1067 3121 quod
1101 3051 1362 3121 originem
1389 3065 1545 3106 suam
1580 3068 1608 3104 a
1641 3064 1879 3109 stercore

2005 3057 2267 3127 Αἰγύπτου
2287 3096 2302 3123 ,
2354 3057 2447 3110 καὶ
2484 3055 2742 3126 μελίσσας
2771 3056 2828 3108 ὲν
2858 3056 2924 3125 τῇ
2949 3053 3105 3125 χώρᾳ
3135 3048 3272 3105 εἶναι
3306 3049 3411 3104 τῶν
3454 3050 3584 3103 Ἀσ-

309 3144 496 3208 sumit,
548 3141 799 3198 infestum
855 3144 1165 3199 hominibus
1191 3160 1396 3212 genus,
1445 3156 1501 3200 et
1553 3146 1879 3202 sordidum:

308 3251 537 3306 quarum
576 3238 740 3292 etiam
787 3237 895 3290 vita
937 3236 1159 3291 molesta
1202 3245 1320 3299 est,
1365 3246 1421 3291 et
1460 3252 1607 3292 mors
1637 3252 1885 3292 exsecra-

306 3326 453 3381 bilis.
490 3326 640 3382 Tunc
688 3338 842 3396 parte
875 3326 1116 3382 ﬂuminis
1159 3328 1377 3399 Egypti
1426 3329 1719 3398 potientur.
1751 3329 1883 3384 Nam

309 3417 464 3475 Nilus
489 3433 521 3474 e
546 3421 795 3489 supernis
816 3420 953 3475 locis
981 3422 1048 3474 ab
1070 3420 1343 3489 .Ethiopis
1367 3422 1569 3476 ducens
1593 3422 1881 3492 originem,

308 3499 521 3564 m'odica
569 3510 653 3563 sui
688 3520 842 3579 parte
876 3527 977 3581 qua
1014 3527 1072 3567 se
1108 3514 1160 3565 in
1197 3526 1345 3566 mare
1391 3522 1674 3576 exonerat,
1724 3511 1889 3584 Egy-

304 3609 457 3670 ptum
482 3601 643 3657 habet
684 3602 1064 3672 adiacentem:
1113 3618 1222 3674 quo
1272 3603 1323 3656 in
1358 3602 1480 3658 loco
1517 3604 1884 3673 quadrupeilia

304 3695 512 3757 omnia,
559 3695 750 3751 bellum
774 3736 789 3761 ,
825 3697 1033 3766 reptilia
1068 3707 1124 3752 et
1151 3695 1390 3751 volatilia
1435 3710 1535 3765 pro
1570 3696 1673 3750 diis
1703 3698 1884 3751 habita

1994 3150 2196 3220 συρίων
2236 3148 2368 3217 φησί
2388 3165 2402 3179 ο
2433 3148 2493 3199 τὸ
2521 3146 2737 3209 εὐτελὲς
2764 3145 3171 3215 ἐνδεικνύμενος
3199 3143 3307 3195 τῶν
3342 3144 3585 3196 ἀντικει-

1996 3239 2173 3309 μένων
2200 3239 2501 3310 δυνάμεων.
2569 3239 2718 3291 Μυῖα
2748 3238 2855 3309 γάρ
2897 3240 3012 3290 ἐστι
3048 3235 3186 3300 ζῶον
3229 3234 3337 3288 ἀπὸ
3367 3235 3581 3306 κόπρου

1991 3332 2092 3402 τὴν
2129 3330 2342 3400 γένεσιν
2375 3330 2497 3400 ἕχον
2520 3371 2534 3396 ,
2564 3328 2791 3402 ὀχληρὸν
2818 3330 2929 3392 τοῖς
2958 3325 3265 3398 ἀνθρώποις
3297 3326 3453 3394 γένος
3478 3323 3583 3380 καὶ

1996 3424 2262 3496 μυσαρὸν,
2313 3416 2388 3477 ὧν
2433 3425 2511 3495 (l)
2537 3424 2630 3476 καὶ
2659 3425 2692 3493 ή
2724 3421 2835 3493 ζωὴ
2863 3420 3103 3492 ὀχληρὰ,
3161 3419 3255 3474 καὶ
3289 3420 3317 3471 ὁ
3346 3417 3582 3480 θάνατος

1993 3514 2299 3584 βδελυκτός.
2383 3514 2517 3567 Τότε
2578 3513 2776 3584 μέρους
2822 3511 3132 3581 κυριεύουσι
3186 3510 3280 3563 τοῦ
3325 3506 3579 3579 ποταμοῦ

1991 3606 2288 3676 Αἰγύπτου.
2336 3607 2576 3660 Ἀνωθεν
2600 3605 2709 3676 γὰρ
2730 3608 2796 3658 ὲκ
2826 3603 2934 3656 τῶν
2973 3603 3244 3657 Αἰθιόπων
3272 3600 3582 3673 ἀρχόμενος

1992 3702 2020 3752 ὁ
2046 3699 2258 3766 Νεῖλος,
2289 3698 2419 3770 περὶ
2445 3696 2618 3768 βραχὺ
2652 3694 2843 3750 ἑαυτοῦ
2872 3693 3064 3766 μέρος,
3090 3692 3152 3746 τὸ
3183 3693 3317 3764 πρὸς
3351 3691 3426 3762 (2)
3453 3692 3581 3753 ταῖς

382 3787 487 3843 ⁸111
516 3787 647 3861 Reg.
677 3807 773 3856 xu,
811 3790 896 3845 16.
974 3793 995 3824 ⁸
1022 3791 1158 3847 Gen.
1191 3806 1339 3856 vat,
1372 3790 1427 3845 6.
1504 3790 1525 3821 ⁸
1552 3789 1619 3845 IV
1650 3789 1785 3862 Reg.
1817 3806 1907 3857 xv,
1937 3792 2044 3861 29;
2105 3809 2242 3859 xvtt,
2285 3794 2339 3847 6.

383 3886 495 3958 (96)
520 3886 674 3948 Illud.
698 3889 791 3957 ἀφ’
822 3881 907 3953 οὗ,
936 3888 1174 3944 additum
1217 3895 1306 3943 est
1342 3901 1410 3941 ex
1443 3888 1645 3943 nostris
1690 3901 1785 3943 sex
1822 3888 1889 3944 li-

308 3956 424 4012 bris
450 3956 757 4012 veteribus.
798 3960 805 3965 “

385 4026 497 4097 (97)
516 4027 757 4101 AYeteres
789 4027 989 4101 aliquot
1018 4028 1161 4101 libri,
1209 4030 1268 4082 ὲν
1308 4028 1465 4101 οἴκῳ,
1497 4029 1553 4082 in
1576 4030 1753 4083 domo.
1782 4028 1887 4085 Alii

310 4097 642 4170 culillﬁdj‘lis,
671 4100 731 4151 ὲν
764 4097 890 4170 υἱῷ,
913 4101 970 4152 in
1006 4098 1140 4166 ﬁlio.

381 4166 495 4239 (98)
525 4166 890 4238 Typograplii,
923 4184 1053 4239 qure
1087 4177 1202 4222 erat
1233 4183 1420 4226 eorum
1452 4170 1747 4238 diligentia,
1787 4183 1887 4238 pro

323 4236 494 4310 Ἰούδα
523 4236 805 4310 ediderunt
826 4236 1115 4310 ΛἸσραήλῇ
1150 4240 1241 4310 sed
1292 4241 1435 4295 hunc
1482 4236 1658 4297 locum
1685 4256 1751 4294 ex
1786 4236 1887 4310 ito-

311 4307 441 4362 stris
501 4322 596 4363 sex
656 4307 944 4381 Codicibus
991 4307 1347 4363 restituimus.
1406 4311 1516 4364 Vox
1580 4309 1885 4381 περιπατή-

313 4395 432 4441 σας,
463 4392 583 4446 quae
609 4393 733 4432 mox
759 4378 1020 4448 sequitur,
1051 4393 1221 4446 usque
1255 4393 1321 4433 eo
1350 4381 1624 4448 displicuit

310 4451 458 4507 Ilsio.
488 4457 546 4501 ιιι
593 4448 664 4501 ita
711 4448 923 4504 locutus
953 4450 1025 4503 sit
1052 4467 1066 4502 :
1105 4458 1402 4517 monstrum
1444 4452 1541 4504 hoc
1573 4453 1736 4517 vocis,
1766 4449 1890 4503 nul-

311 4520 416 4573 lius
448 4518 533 4571 hic
561 4534 765 4582 sensus,
790 4519 1045 4589 quidquid
1065 4517 1270 4589 effutiat
1301 4516 1635 4589 Tilmannus.
1663 4516 1729 4573 Β.
1764 4519 1903 4574 Sclt.‘

311 4590 548 4661 margine
576 4589 758 4661 eadem
801 4587 984 4661 manu,
1035 4587 1224 4661 ᾁφεῖλε
1269 4591 1499 4661 κινήσας
1542 4587 1665 4643 καθ’
1695 4589 1888 4644 ἑαυτοῦ

309 4657 402 4714 διὰ
434 4656 555 4780 ’τήν
611 4658 970 4712 ἀποστασίαν.
1020 4659 1213 4725 Sicque
1276 4656 1435 4728 fuerit
1482 4660 1887 4731 ἀποστατήσας,

311 4744 407 4780 sua
435 4729 500 4780 de
527 4730 739 4780 ecﬁone
778 4745 807 4780 a
836 4728 946 4780 Deo
971 4747 984 4780 :
1015 4730 1092 4780 vel
1125 4730 1285 4780 etiam
1310 4745 1342 4780 a
1370 4747 1487 4780 reue
1519 4729 1883 4780 Assuriorum-

311 4744 407 4783 sua
435 4728 739 4802 defectione
778 4745 807 4781 a
836 4728 946 4782 Deo
971 4730 1092 4802 :_uel
1125 4730 1285 4781 etiam
1310 4745 1342 4781 a
1370 4747 1487 4802 rege
1519 4728 1884 4802 Assyriorum,

311 4807 372 4852 stt
389 4807 461 4852 est
480 4797 507 4851 I
585 4796 709 4867 Reg.
731 4814 862 4863 xvu,
878 4808 985 4853 etc.
1004 4797 1114 4853 Vox
1130 4796 1510 4870 περιπατήσας
1534 4796 1664 4855 mihi
1679 4814 1892 4870 quoque

311 4884 418 4921 non
449 4867 710 4937 probatur
737 4871 952 4939 quidem
997 4883 1013 4921 :
1052 4870 1156 4939 sed
1214 4867 1404 4923 libens'
1445 4885 1512 4924 ex
1562 4867 1890 4926 Combelisio

312 4939 709 5010 quaesivissem,
746 4938 847 4993 eur
875 4938 1150 5010 librarius,
1182 4939 1226 4991 si
1251 4940 1430 5010 scribi
1472 4950 1721 5010 oportere
1755 4941 1891 4993 ἀπο-

313 5009 591 5078 στατήσας
621 5018 881 5076 putasset,
918 5022 1023 5063 non
1056 5009 1128 5062 ita
1155 5009 1455 5078 scripserit.
1502 5009 1609 5064 Aut
1644 5011 1787 5064 enim
1813 5011 1887 5062 ita

313 5079 555 5151 scribere
588 5078 849 5132 debuerat
905 5095 919 5133 :
966 5088 1057 5131 aut
1106 5088 1273 5142 certe,
1318 5088 1374 5131 ut
1406 5079 1476 5132 ita
1510 5080 1797 5151 legeretur,
1835 5080 1887 5133 in

314 5147 524 5201 scliolio
562 5162 662 5201 suo
698 5163 939 5213 monere,
974 5163 1078 5204 nec
1116 5159 1297 5203 tamen
1328 5147 1695 5215 monuitfnec
1724 5150 1891 5203 aliter

313 5218 551 5287 scripsit,
580 5233 739 5285 quam
787 5219 998 5287 reliqui.
1032 5218 1165 5271 Nam
1211 5220 1263 5272 in
1300 5221 1500 5273 nostris
1534 5235 1627 5274 sex
1683 5219 1889 5274 codici-

311 5285 603 5360 bus,inter
626 5303 762 5356 quos
775 5285 1204 5360 Combelisia'nus
1225 5302 1564 5351 numeratur,
1599 5290 1700 5359 legi
1735 5306 1890 5360 περι-

309 5358 564 5427 πατήσας
593 5361 917 5414 notavimus.
954 5358 1099 5413 Nihil
1139 5358 1302 5427 igitur
1330 5358 1730 5414 mutandumiu
1762 5358 1892 5415 con-

312 5434 462 5480 textu
494 5427 843 5489 censuimus;
909 5443 1009 5483 nec
1050 5429 1246 5482 mirum
1295 5430 1451 5484 nobis
1483 5430 1657 5484 visum
1685 5436 1789 5493 est,
1843 5429 1887 5483 si

315 5496 491 5550 malus
522 5505 710 5552 auctor
742 5498 881 5551 male
911 5507 967 5553 et
998 5498 1178 5566 inepte
1216 5498 1425 5553 locutus
1468 5500 1559 5554 sit.
1592 5500 1770 5553 Dicam
1802 5508 1888 5552 ta-

313 5579 459 5630 men,
495 5580 683 5639 vocem
711 5569 1117 5639 περιπατήσας,
1154 5569 1198 5621 si
1216 5571 1595 5639 imetapborice
1646 5577 1892 5623 sumatur

312 5650 502 5717 proco
538 5637 683 5703 quod
733 5637 832 5706 est,
859 5637 1170 5705 contemptui
1203 5638 1411 5707 habere,
1448 5649 1718 5708 utcunque
1758 5640 1891 5695 tole-

309 5721 419 5760 rari
444 5719 622 5777 posse.

1731 4380 1885 4463 me:
1917 4408 1963 4463 ι)

2065 3887 2177 3962 (99)
2211 3889 2349 3962 Ειιίιί
2395 3886 2749 3962 κυριεύσει,
2798 3884 2939 3962 quod
2986 3881 3373 3962 dominabitur.
3393 3878 3461 3932 Et
3482 3878 3580 3959 ita

1999 3950 2216 4029 quoque
2257 3960 2308 4012 in
2348 3950 2863 4029 editioueBomana
2899 3955 3091 4029 legitur
3120 3952 3253 4029 :_sed
3285 3950 3443 4029 aliter
3481 3950 3580 4002 in-

1998 4020 2324 4099 terpretatus
2362 4039 2444 4100 est
2479 4027 2741 4090 Nobilius,
2774 4025 2864 4100 qui
2912 4020 3287 4100 (fortunabitur.
3332 4020 3448 4100 Duo
3476 4034 3582 4100 au-

1994 4093 2101 4155 tem
2153 4100 2282 4170 vitia
2315 4100 2367 4152 in
2396 4098 2499 4152 hac
2524 4093 2971 4170 interpretatione
3011 4093 3546 4170 anituadvertiropti
3574 4116 3581 4123 α

1995 4186 2116 4225 mus
2158 4169 2352 4224 harum
2406 4183 2585 4222 rerum
2649 4159 2853 4220 arbiter
2896 4162 3273 4218 Combelisius.
3328 4159 3578 4213 Primum

1993 4252 2094 4303 cst,
2123 4241 2263 4310 quod
2301 4238 2546 4294 Nobilius
2578 4239 2651 4310 ita
2693 4233 3158 4310 vertitaquasiﬁ;
3200 4230 3418 4310 legisset
3445 4228 3581 4310 :_al-

1995 4298 2192 4373 ternm,
2218 4310 2359 4379 quod
2380 4323 2566 4363 vocem
2592 4307 2621 4360 ὅ
2651 4298 3030 4379 adADomiuum
3063 4302 3201 4379 falso
3229 4298 3429 4379 retulit.
3461 4298 3578 4379 Ego

1995 4380 2150 4435 facile
2180 4368 2496 4433 crediderim
2530 4379 2632 4431 hoc
2669 4373 3023 4436 ὲλλειπτικῶς
3056 4373 3258 4425 dictum
3294 4368 3482 4432 fuisse,
3517 4377 3579 4424 et

1998 4448 2339 4504 collectivum
2362 4449 2629 4515 quoddam
2655 4462 2847 4500 nomen
2874 4443 3393 4515 supplerigopogtere.
3418 4449 3574 4507 puta,

1996 4520 2171 4588 γένος,
2211 4527 2305 4571 aut
2333 4509 2481 4590 aliud
2513 4516 2814 4590 consimile,
2848 4509 3016 4590 etjta
3045 4509 3192 4566 erit:
3225 4509 3377 4590 Quod
3405 4524 3576 4590 genus

1992 4583 2288 4643 muscarum
2342 4588 2731 4658 dominabitur,
2760 4595 2867 4640 etc.
2917 4583 3030 4637 Hoc
3057 4591 3214 4649 pacto
3248 4583 3575 4658 cadenterit

1995 4660 2262 4713 sententia
2288 4658 2541 4712 editionis
2566 4649 2843 4717 Romanae,
2892 4669 3009 4720 quae
3047 4664 3368 4705 caeternrum
3400 4649 3572 4720 libro,-

1992 4746 2134 4789 rnm.
2196 4731 2247 4783 in
2298 4729 2515 4796 quibus,
2577 4736 2714 4781 teste
2768 4719 3143 4796 Nobiliotpro
3174 4721 3433 4796 6‘legitur
3485 4719 3570 4781 αἱ,

1991 4816 2104 4869 qua:
2134 4790 2398 4871 [nntsca'].
2436 4790 2567 4871 Nam
2608 4798 2674 4851 ad
2725 4810 2944 4849 sensum
2980 4792 3115 4871 nihil
3150 4790 3349 4871 refernt,
3386 4798 3573 4842 utrum

1991 4860 2113 4938 quis
2136 4860 2375 4933 'ilixerit;
2394 4868 2533 4936 quod
2552 4883 2711 4934 genus
2735 4879 3034 4938 muscarum
3065 4860 3438 4938 dominabitur,
3473 4872 3569 4921 an,

1991 4928 2108 5009 quae
2141 4928 2807 5009 muscw'd'ominnbuntur.
2866 4932 3069 5009 vocula
3099 4930 3331 5009 ati'_apud
3367 4928 3570 5009 Proco-

1993 4999 2136 5077 pium
2172 5008 2388 5077 quidem
2420 5009 2632 5075 legitur,
2688 5013 2744 5059 et
2777 5005 2931 5077 apud
2979 5001 3269 5077 Eusebium
3299 5015 3314 5051 :
3348 4999 3439 5051 sed
3481 4999 3572 5077 hic

1992 5068 2211 5147 scripsit
2230 5068 2598 5150 κυριεύσουσι,
2618 5068 3304 5150 qttte_dominabuntur:_il‘le
3350 5068 3572 5150 κυριεύ-

1991 5141 2134 5212 ουσί,
2164 5165 2282 5217 qua!
2308 5141 2683 5200 'dominautu'r.
2708 5143 2933 5217 Nostros
2974 5157 3067 5217 sex
3092 5141 3327 5217 codices,
3360 5141 3412 5191 in
3441 5141 3567 5206 qui-

1993 5220 2094 5274 bus
2123 5209 2451 5288 constanter
2509 5216 2728 5288 legitur.
2760 5212 2803 5288 A6
2849 5212 3111 5288 κυριεύει,
3146 5209 3313 5288 secuti
3355 5221 3569 5287 sumus.

1992 5289 2196 5344 Ibidem
2237 5287 2368 5340 editi
2421 5295 2477 5340 et
2506 5277 2657 5339 C611).
2692 5277 2937 5354 primus,
2964 5281 3146 5354 μέρος.
3206 5277 3307 5331 Alii
3332 5278 3568 5346 quinque

1992 5358 2399 5428 ιιιδσ.,μέρουςι
2445 5424 2479 5429 _
2688 5422 2701 5429 _
3079 5418 3092 5429 .
3167 5416 3191 5429 ..
3485 5415 3497 5427 .

2064 5415 2144 5499 (1)
2179 5415 2326 5481 Ἐδίιί
2357 5415 2411 5477 et
2445 5424 2579 5499 Reg.
2613 5422 2852 5499 Primus,
2892 5418 3135 5491 μυσαρὸν
3166 5416 3245 5471 ὅν.
3275 5415 3380 5471 Alii
3406 5415 3567 5485 quin-

1991 5490 2759 5570 quéﬁnssntmar‘oivﬁm.
2898 5544 2905 5545 ί
3016 5557 3030 5570 .
3188 5556 3283 5570 Α.
3421 5554 3434 5567 .

2065 5568 2143 5637 (2)
2185 5554 2411 5620 Veteres
2438 5554 2606 5617 nostri
2640 5561 2760 5637 libri
2796 5571 2987 5637 omnes
3015 5557 3071 5637 i_n
3101 5556 3315 5637 creteris
3345 5554 3563 5637 quidem

1994 5622 2342 5693 consentiunt
2395 5650 2518 5689 cum
2574 5632 2825 5698 excusis;
2881 5630 2975 5685 scd
3026 5630 3079 5681 iu
3133 5628 3239 5698 illis
3273 5622 3392 5698 τοὶ
3446 5622 3567 5677 ἐστι

1996 5710 2169 5765 deest.
2209 5705 2345 5761 Hinc
2397 5703 2652 5769 suspicati
2704 5694 2892 5758 sumus
2936 5712 3125 5755 vocem
3165 5695 3282 5750 ἐστί
3335 5694 3569 5752 fortasse
