3808 6212
163 316 257 373 [69
982 308 1341 368 COMMENT.
1381 312 1452 367 IN
1491 311 1730 368 lSAlAM
1768 311 2209 370 PROPHETAM.
2249 312 2415 370 CAP.
2441 310 2554 369 VII.

3296 306 3405 364 470

162 429 391 493 ὲκὼλαίς
415 428 515 498 τῆς
546 427 844 499 θαλάσσης,
877 428 1239 483 κατοικοῦσαν
1285 430 1398 502 ἔχει
1428 430 1527 503 τῆν
1555 432 1723 500 Αἴγυ-

1835 432 2098 487 eoluntur.
2120 432 2230 487 Has
2249 433 2413 502 igitur
2448 444 2663 486 muscas
2688 470 2704 495 ,
2745 427 3166 485 imbecillitatem
3195 420 3405 481 scilicet

163 540 311 577 πτον·
342 523 398 574 ὲν
425 514 471 588 ᾧ
510 521 663 591 τόπῳ
695 521 874 575 πάντα
918 521 985 575 τὰ
1025 522 1329 593 τετράποδα
1353 563 1368 587 ,
1408 524 1502 576 καὶ
1534 522 1719 594 θηρία,

164 615 246 669 καὶ
288 614 513 685 ἑρπετὰ,
544 613 640 666 καὶ
681 612 861 683 πτηνὰ
891 612 1282 683 θεοποιούμενα
1313 618 1719 686 προσκυνεῖται.

164 706 357 769 Ταύτας
385 700 476 759 οῦν
504 705 610 768 τάς
640 705 806 776 μυίας
828 745 843 769 ,
876 705 938 757 τὸ
958 704 1184 769 ἀσθενὲς
1210 706 1311 777 τῆς
1337 706 1722 777 ἀντικειμένης

163 799 452 868 δυνάμεως,
502 797 584 868 τῷ
641 797 892 869 συριγμῷ
927 798 1121 853 ἑαυτοῦ
1173 800 1426 868 ἁφανίσει
1481 800 1718 872 Κύριοςο

163 892 412 952 τουτέστι,
453 889 533 960 τῷ
575 889 845 961 πνεύματι
890 891 985 944 τοῦ
1028 892 1295 963 στόματος
1340 893 1503 947 αὐτοῦ
1532 892 1721 962 ἀφανί-

166 1000 235 1034 σει
259 982 346 1051 (5).
388 982 498 1036 Καὶ
536 982 609 1035 ἐν
635 982 795 1051 χώρᾳ
817 982 937 1037 τῶν
976 984 1304 1053 Ἀσσυρίων
1332 984 1405 1054 τῇ
1429 987 1719 1054 μελίσσῃ.

168 1074 382 1127 Ἔστιδὲ
414 1075 509 1129 καὶ
541 1078 575 1145 ἡ
618 1075 847 1145 μέλισσα
899 1076 1095 1148 μικρὸν
1148 1076 1285 1141 ζῶον
1333 1080 1428 1132 καὶ
1478 1078 1721 1141 ἀσθενὲς,

166 1166 480 1237 ἀποθνῆσκον
513 1168 574 1222 ἐν
605 1161 649 1236 ᾧ
677 1168 966 1239 ἀμύνεται.
1035 1168 1199 1239 Ὁμοῦ
1241 1186 1300 1221 τε
1333 1169 1442 1241 γὰρ
1472 1171 1634 1238 ἐνῆκε
1663 1168 1723 1223 τὸ

168 1258 383 1329 κέντρον,
407 1261 499 1313 καὶ
520 1260 860 1315 συναπέθανε
883 1265 947 1333 τῇ
973 1262 1154 1333 πληγῇ
1177 1279 1189 1293 ο
1223 1262 1316 1315 καὶ
1342 1261 1433 1315 τὸν
1464 1262 1561 1332 μὲν
1581 1278 1721 1333 τρω-

166 1350 302 1403 θέντα
335 1352 531 1423 μικρὸν
558 1352 792 1424 ἔϐλαψεν
812 1395 825 1418 ,
856 1354 1056 1424 ἑαυτὴν
1081 1354 1137 1408 δὲ
1175 1356 1271 1425 τῆς
1301 1354 1448 1425 ζωῆς
1487 1355 1712 1407 ἀπεστέ-

166 1457 300 1511 ρησε.
335 1442 566 1514 Τοιαύτη
598 1444 675 1514 (4)
705 1443 813 1496 τῶν
845 1446 1059 1517 πικρῶν
1092 1444 1394 1516 ἀνθρώπων
1431 1445 1525 1497 καὶ
1558 1461 1719 1497 πνευ-

1826 522 2125 577 adversarii
2170 523 2475 587 exercitus,
2522 520 2724 576 delebit
2766 518 3031 575 Dominus
3082 516 3239 573 sibilo
3263 529 3403 584 suo,

1826 615 1930 670 hoc
1964 625 2046 670 est
2068 655 2083 679 ,
2126 616 2322 685 spiritu
2354 616 2465 670 oris
2498 614 2580 669 sui
2626 612 2913 668 interﬁciet
2938 612 2977 664 ".
3017 610 3084 664 Et
3110 610 3197 678 api
3238 609 3294 662 in
3321 622 3403 661 re-

1824 706 1975 775 gione
2025 705 2387 776 Assyriorum.
2421 706 2516 761 Est
2543 717 2758 774 quoque
2785 702 2903 772 apis
2948 715 3171 768 parvum
3204 696 3402 753 animal

1824 805 1872 850 el
1906 796 2200 861 inﬁrmum,
2230 796 2373 865 quod
2407 794 2720 850 ulciscendo
2752 792 3002 847 moritur.
3031 790 3164 845 Nam
3182 784 3402 858 ubi'pri-

1826 903 1971 941 mum
2019 886 2245 942 immisit
2288 885 2574 949 aculeum,
2623 900 2691 939 ex
2743 884 2896 955 plaga
2948 882 3147 937 inﬂicta
3214 880 3405 935 interit

1821 988 1981 1048 atque
2010 994 2129 1033 eum
2159 979 2370 1047 quidem
2401 979 2491 1048 qui
2526 975 2798 1031 sauciatus
2849 984 2964 1039 est,
3004 971 3276 1044 paululum
3308 969 3408 1023 Ia:-

1824 1072 1938 1137 dit,
1974 1072 2073 1127 sibi
2104 1086 2235 1126 vero
2274 1070 2389 1141 ipsa
2435 1069 2597 1123 vitam
2640 1069 2849 1123 adimit.
2878 1064 3148 1137 Ejusmodi
3181 1072 3265 1118 εει
3306 1077 3406 1116 na-

1825 1174 1942 1218 tura
1977 1178 2284 1219 amarorum
2328 1163 2607 1217 hominum
2650 1171 2705 1216 et
2744 1158 3096 1228 pugnantium
3139 1154 3407 1209 adversus

1826 1253 2084 1323 Spiritum
2110 1271 2123 1307 :
2154 1254 2244 1323 qui
2268 1253 2620 1322 nequitiasua
2642 1251 2742 1307 sibi
2770 1250 2900 1319 ipsis
2927 1247 3101 1317 majus
3145 1245 3413 1301 damnum

1829 1344 2094 1407 aﬂ'erunt,
2142 1359 2304 1415 quam
2340 1345 2651 1414 quicunque
2683 1342 2774 1397 alii
2804 1355 2872 1397 ex
2897 1353 3083 1395 eorum
3126 1335 3411 1393 iracundia

1827 1439 2106 1507 recipiant.

167 1534 471 1604 ματομάχων
498 1538 532 1606 ἡ
566 1536 750 1606 φύσις,
785 1536 1007 1608 μείζονα
1036 1536 1349 1592 κακούντων
1380 1538 1603 1601 ἑαυτοὺς
1634 1536 1723 1589 διὰ
1748 1531 1849 1600 τῆς
1876 1530 2161 1603 πονηρίας,
2194 1529 2228 1601 ἢ
2255 1530 2368 1583 ὅσοι
2413 1528 2477 1583 ἂν
2522 1526 2700 1581 αὐτῶν
2728 1528 2796 1598 τῇ
2852 1525 2990 1596 ὀργῇ
3016 1520 3411 1593 περιτύχωσιν.

221 1710 333 1812 ξω.
392 1715 503 1769 Καὶ
550 1717 625 1771 ἐν
654 1717 733 1786 τῇ
762 1720 953 1789 ἡμέρᾳ
993 1721 1194 1789 ἐκείνῃ
1229 1720 1479 1790 ξιφήσει
1507 1722 1722 1790 Κύριος

1901 1710 2030 1765 204.
2067 1709 2236 1767 Vens.
2265 1712 2355 1767 20.
2394 1711 2462 1765 Et
2495 1713 2551 1766 in
2582 1712 2669 1766 die
2701 1710 2797 1765 illa
2834 1710 2985 1764 radet
3018 1710 3274 1762 dominus
3307 1722 3411 1759 no-

163 1801 232 1869 τῷ
255 1804 405 1874 ξυρῷ
440 1807 523 1873 τῷ
568 1813 999 1881 μεμισθωμένῳ
1036 1813 1112 1884 (5)
1147 1813 1341 1881 πέραν
1389 1814 1494 1867 τοῦ
1541 1829 1724 1866 ποτα-

158 1896 260 1963 μοῦ
281 1898 586 1967 ,βασιλέως
623 1903 949 1972 Ἀσσυρίων
982 1904 1096 1972 τὴν
1123 1906 1426 1975 κεφαλὴν,
1485 1905 1583 1959 καὶ
1620 1906 1727 1973 τὰς

163 1990 345 2056 τρίχας
372 1990 491 2044 τῶν
518 1994 746 2059 ποδῶν,
772 1996 869 2049 καὶ
898 1996 1007 2050 τὸν
1030 1994 1282 2066 πώγωνα
1308 1996 1538 2066 ἀφελεῖ.
1572 1997 1728 2050 Μετὰ

161 2078 246 2147 τὴν
270 2081 472 2149 γένεσιν
506 2084 607 2138 τοῦ
639 2087 876 2156 Χριστοῦ
904 2127 919 2150 ,
960 2089 1141 2158 πάσης
1190 2090 1289 2160 τῆς
1341 2090 1727 2160 ἀντικειμένης

162 2171 437 2243 δυνάμεως,
464 2177 542 2240 ὡς
579 2177 660 2246 (6)
701 2179 865 2249 μυίας
895 2179 989 2233 καὶ
1022 2179 1316 2249 μελίσσης,
1348 2180 1425 2251 τῷ
1457 2179 1726 2250 πνεύματι

160 2265 240 2318 τοῦ
282 2269 543 2337 στόματος
566 2270 665 2322 τοῦ
701 2272 905 2342 Κυρίου
943 2272 1459 2342 διασκεδασθείσης,
1505 2275 1727 2325 ἐπισυν-

159 2354 464 2427 αχθήσονται
530 2361 583 2412 οἱ
636 2362 742 2413 υἱοὶ
814 2362 1065 2433 Ἰσραὴλ,
1129 2362 1224 2415 καὶ
1261 2363 1724 2417 ὲναναπαύσονται

160 2450 264 2511 ταῖς
311 2450 639 2519 αύτοφυέσιν
679 2453 966 2524 ὑποδοχαῖς
988 2494 1003 2518 ,
1040 2455 1319 2527 φάραγξι,
1357 2456 1451 2509 καὶ
1497 2455 1723 2526 χώραις,

164 2537 242 2589 καὶ
265 2544 377 2603 ταῖς
402 2544 629 2613 ῥαγὰσι,
655 2544 752 2598 καὶ
776 2548 890 2608 τοῖς
915 2546 1196 2612 τοιούτοις.
1234 2548 1307 2601 Τὸ
1323 2548 1378 2601 δὲ
1409 2547 1506 2618 ('7),
1536 2546 1727 2615 Ξυρή·

162 2645 242 2682 σει
275 2632 483 2700 Κύριος
509 2634 585 2686 ἐν
615 2633 696 2700 τῷ
720 2637 1148 2707 μεμισθωμένῳ
1194 2637 1354 2706 ξηρῷ
1401 2637 1506 2691 τοῦ
1545 2639 1727 2701 βασι-

161 2720 292 2788 ,ῖέως
315 2725 430 2778 τῶν
467 2728 803 2798 Ἀσσυρίων
834 2729 951 2798 τὴν
988 2730 1294 2799 κεφαλὴν,
1328 2731 1427 2783 καὶ
1472 2730 1578 2795 τὰς
1607 2732 1727 2797 rpi-

164 2829 261 2878 χας
291 2814 405 2868 τῶν
434 2818 677 2886 ποδῶν,
712 2820 810 2873 καὶ
840 2820 949 2874 τὸν
985 2821 1236 2891 πώγωνα
1261 2822 1448 2877 αὐτοῦ
1482 2822 1722 2890 ἀφελεῖν

164 2901 314 2956 ἔοικεν
354 2909 383 2959 ὁ
433 2908 599 2977 λόγος
648 2909 986 2963 αἰνίσσεσθαι
1038 2911 1125 2965 διὰ
1172 2911 1265 2965 τοῦ
1309 2911 1724 2982 μεμισθωμένον

1832 1803 2015 1858 vacula
2042 1805 2275 1857 mercede
2309 1804 2567 1857 conducta
2592 1814 2739 1858 trans
2761 1803 2981 1872 ﬂuvium
3004 1800 3140 1870 regis
3167 1799 3407 1867 Assyrio-

1828 1912 1944 1949 rum
1970 1906 2156 1965 caput,
2191 1906 2238 1950 et
2269 1897 2404 1962 pilos
2441 1898 2664 1965 pedum,
2693 1906 2740 1952 et
2767 1896 2983 1949 barbam
3020 1892 3242 1960 auferet.
3277 1889 3408 1944 Post

1828 1986 2025 2042 Christi
2089 1997 2303 2052 ortum,
2354 1988 2663 2044 adversaria
2700 1989 2846 2043 omni
2896 1992 3163 2061 potestate
3212 1983 3409 2056 spiritu

1826 2081 1938 2135 oris
1971 2080 2177 2134 Domini
2212 2081 2383 2135 instar
2415 2094 2617 2137 musca
2656 2088 2713 2137 et
2750 2097 2867 2153 apis
2894 2081 3203 2152 proﬂigata,
3235 2080 3407 2134 intro.

1827 2170 2090 2224 ducentur
2123 2171 2214 2225 lilii
2242 2169 2427 2235 lsrael,
2454 2183 2509 2226 et
2536 2172 2883 2242 requieseeut
2929 2173 2981 2226 in
3014 2170 3211 2225 nativis
3256 2184 3411 2224 recc,

1826 2257 2081 2327 ptacnlis,
2113 2260 2167 2313 in
2191 2261 2551 2329 convallibus,
2576 2263 2627 2317 in
2662 2262 2992 2331 regionibus,
3015 2262 3069 2315 in
3102 2260 3407 2326 tissuris,et

1826 2348 1881 2403 in
1927 2346 2187 2415 ejusmodi
2239 2350 2393 2406 locis.
2437 2351 2588 2418 Quod
2637 2362 2819 2408 autem
2863 2352 3057 2407 attinet
3112 2351 3178 2405 ad
3223 2350 3402 2404 illud:

1829 2438 1999 2494 Radet
2030 2440 2289 2496 Dominus
2331 2444 2387 2497 in
2420 2443 2677 2498 nouacula
2703 2446 2938 2498 mercede
2977 2444 3233 2497 conducta
3266 2442 3407 2510 regis

1826 2531 2167 2602 Assyriorum
2205 2544 2359 2604 caput
2402 2544 2452 2588 et
2497 2535 2632 2605 pilos
2675 2538 2898 2605 pedum,
2937 2546 2985 2591 et
3029 2537 3244 2591 barbam
3292 2535 3405 2603 ejus

1827 2627 2029 2693 auferet
2048 2644 2067 2691 ;
2091 2627 2304 2682 videtur
2344 2629 2460 2684 hac
2484 2629 2754 2684 sententia
2787 2643 2883 2697 per
2916 2627 3235 2683 novaculam
3266 2640 3409 2680 mer-

1827 2720 1959 2774 cede
1985 2719 2333 2787 conductam,
2364 2721 2664 2776 exercitum
2694 2720 2981 2791 quemdam
3003 2719 3242 2773 indicare
3268 2730 3410 2771 mer-

1827 2810 1961 2864 cede
1999 2812 2347 2879 conductum,
2377 2814 2467 2882 qui
2502 2814 2654 2884 regni
2695 2812 3041 2882 Assyriorum
3088 2809 3405 2864 tenuitatem

1826 2911 1946 2956 erat
1975 2911 2314 2967 ostensurus,
2343 2904 2568 2975 ejusque
2588 2904 2817 2975 gloriam
2844 2918 2908 2957 ac
2929 2903 3231 2957 claritatem
3266 2898 3409 2954 able.-

164 2991 305 3067 ξυροῦ
348 2997 582 3071 δύναμίν
625 3019 749 3056 τινα
801 3004 1231 3076 μισθοφορικὴν,
1279 3004 1376 3075 τὴν
1427 3003 1724 3074 μέλλουσαν

1835 3002 2017 3059 turus,
2058 2997 2163 3050 hoc
2187 3006 2309 3061 est,
2346 2998 2707 3065 dissipaturus
2746 2996 2969 3067 capillos
3013 2996 3207 3064 capitis
3251 2990 3406 3061 ejus,

164 3086 301 3155 ψιλὴν
330 3091 708 3148 ἀποδεικνύειν
740 3095 839 3167 τὴν
895 3096 1193 3168 ’Λσσυρίων
1245 3096 1555 3166 βασιλείαν,
1604 3096 1724 3166 ἥτις

1835 3088 2165 3159 multumque
2190 3100 2244 3144 et
2271 3089 2606 3159 frequentem
2655 3091 2931 3159 populum,
2962 3104 3102 3160 quos
3128 3088 3406 3156 Scriptura

165 3181 243 3234 καὶ
266 3182 329 3236 τα
374 3183 559 3251 ἔνδοξα
603 3187 775 3257 αὐτῆς
811 3190 1257 3260 περιαιρήσεται·
1305 3189 1592 3253 τουτέστι,
1625 3187 1724 3252 τὰς

1835 3179 2036 3248 tropice
2069 3182 2294 3236 tradidit
2322 3196 2386 3236 ac
2412 3182 2593 3235 docuit
2623 3182 2816 3249 pedum
2849 3182 2989 3249 pilos
3020 3194 3158 3236 esse.
3202 3180 3407 3233 Deinde

163 3272 331 3343 τρίχας
355 3276 455 3345 τῆς
484 3277 735 3349 κεφαλῆς
761 3279 930 3350 αὐτῆς
959 3280 1054 3333 καὶ
1082 3280 1172 3333 τὸν
1200 3280 1367 3333 πολὺν
1392 3280 1485 3333 καὶ
1511 3279 1724 3350 χυδαῖον

165 3359 275 3416 λαὸν
300 3365 613 3434 ἐξαφανίσει
658 3368 734 3438 (8)
760 3408 775 3432 ,
825 3368 920 3432 οὓς
949 3370 1226 3441 τροπικῶς
1272 3372 1301 3424 ὁ
1332 3371 1486 3438 λόγος
1532 3371 1725 3440 τρίχας

167 3453 319 3508 ποδῶν
363 3460 686 3529 παρέδωκεν
736 3461 833 3530 (9).
876 3463 1106 3515 Ἔπειτα
1140 3463 1321 3533 μέντοι
1364 3461 1457 3515 καὶ
1490 3461 1629 3515 αὐτά
1661 3462 1728 3514 τὰ

165 3544 440 3613 τιμιώτατα
463 3589 478 3611 ,
510 3550 610 3602 καὶ
637 3549 708 3602 τά
730 3551 830 3620 τῆς
853 3551 1103 3621 ἀνδρείας
1133 3551 1378 3622 σύμϐολα
1403 3593 1415 3613 ,
1452 3551 1487 3605 ἀ
1533 3550 1729 3620 πώγω-

166 3636 333 3706 νειμθ)
370 3639 836 3711 προσηγόρευσεν,
869 3642 973 3695 ὑπὸ
1000 3642 1095 3695 τοῦ
1130 3642 1290 3714 ξυροῦ
1324 3642 1418 3696 τοῦ
1446 3643 1724 3714 μεμισθωα

171 3726 312 3793 μένου
366 3729 825 3801 περιαιρήσεσθαι
864 3731 1098 3784 ἀπειλεῖ.
1153 3733 1262 3785 Καὶ
1290 3732 1429 3802 τάχα
1467 3734 1513 3785 οἱ
1560 3747 1729 3802 προσ-

168 3817 357 3887 έχοντες
384 3826 448 3894 τῇ
502 3823 720 3894 ἱστορίᾳ
758 3824 1047 3895 εὑρήσουσι
1080 3824 1232 3895 παρά
1275 3824 1377 3892 τῆς
1419 3822 1729 3894 Ῥωμαῖκῆς

167 3906 417 3981 δυνάμεως
454 3913 637 3967 ταῦτα
671 3915 801 3984 περὶ
844 3916 972 3977 τοὺς
1012 3914 1332 3984 Ἀσσυρίους
1365 3913 1726 3983 γεγενημένα,

168 3996 199 4049 ἃ
223 4000 303 4052 ἐπι
332 4004 427 4073 τῆς
455 4004 770 4073 γεννήσεως
803 4004 1012 4072 γίνεται
1044 4002 1139 4056 τοῦ
1185 4002 1550 4073 Ἐμμανουήλ.
1619 4002 1728 4056 Kal

167 4085 317 4142 ἔσται
344 4093 413 4145 ἐν
441 4092 517 4161 τῇ
574 4093 764 4163 ἡμέρᾳ
790 4094 992 4162 ἐκείνῃ
1010 4135 1024 4159 ,
1053 4094 1258 4163 θρέψει
1285 4093 1595 4162 ἄνθρωπος
1630 4092 1731 4145 δά-

163 4181 328 4242 μαλιν
343 4181 532 4248 βοῶν,
568 4182 669 4235 καὶ
691 4181 800 4236 δύο
823 4184 1106 4250 πρόϐατα.
1134 4183 1244 4236 Kal
1279 4181 1450 4234 ἕσται
1481 4180 1600 4233 ἀπὸ
1624 4179 1732 4233 τοῦ

167 4266 433 4323 πλεῖστον
466 4272 665 4326 ποιεῖν
688 4271 846 4339 γάλα
866 4312 880 4331 ,
926 4272 1233 4341 βούτυρον
1265 4270 1362 4324 καὶ
1389 4268 1529 4339 μέλι
1554 4266 1731 4337 φάγε-

169 4371 247 4413 ται
273 4360 385 4429 πᾶς
430 4368 463 4418 ό
495 4363 921 4432 καταλειφθείς
956 4364 1056 4417 ἐπὶ
1090 4362 1198 4433 τῆς
1226 4362 1361 4434 γῆς.
1423 4358 1668 4415 Ἐπειδὰν
1695 4367 1729 4436 ἠ

216 4515 236 4546 ⁷
262 4515 507 4575 llTbcss.
550 4534 628 4587 ll,
663 4521 715 4575 8.

1829 3272 2000 3340 ipsam
2040 3274 2205 3327 etiam
2230 3273 2616 3341 supellectilem
2645 3273 3122 3344 pretiosissimam,
3157 3286 3220 3325 ac
3254 3271 3407 3326 forti~

1831 3364 2032 3419 tudinis
2054 3365 2308 3435 insignia,
2343 3382 2464 3436 qua:
2496 3366 2716 3422 barbam
2751 3365 3062 3437 appellavit,
3090 3364 3408 3417 intermina-

1832 3463 1919 3507 tur
1950 3470 2048 3524 per
2084 3456 2399 3510 novaculam
2449 3457 2697 3511 mercede
2733 3456 3050 3510 conductam
3097 3451 3409 3520 ademptum

1831 3545 1918 3600 iri.
1950 3545 2018 3600 Et
2042 3547 2277 3602 fortasse
2305 3549 2396 3616 qui
2433 3547 2674 3602 historia:
2712 3546 2961 3611 student,
3001 3541 3407 3612 deprehenderit

1832 3653 1918 3693 res
1945 3654 2064 3707 quae
2096 3640 2163 3692 de
2190 3638 2429 3709 Assyriis
2450 3637 2909 3707 'praznuntiautur,
2952 3648 3176 3705 qumque
3200 3632 3252 3686 in
3283 3639 3439 3687 ortu,

1833 3728 2198 3785 Emmanuelis
2241 3744 2503 3794 evenere,
2549 3729 2617 3784 ab
2662 3728 2901 3783 exercitu
2932 3726 3176 3782 Romano
3225 3723 3405 3778 adim-

1831 3819 1972 3889 pleta
2001 3818 2191 3876 fuisse.
2225 3821 2389 3875 Vens.
2409 3820 2501 3885 21,
2528 3819 2618 3874 22.
2643 3820 2711 3874 Et
2743 3820 2840 3874 erit
2885 3819 2935 3870 in
2958 3817 3042 3870 die
3063 3813 3180 3879 illa,
3212 3812 3413 3869 nutriet

1832 3913 1986 3967 homo
2022 3912 2239 3966 vitulam
2285 3914 2463 3979 boum,
2492 3924 2541 3967 et
2581 3914 2715 3966 duas
2760 3926 2897 3965 ores.
2929 3908 2995 3962 Et
3045 3907 3142 3960 erit
3186 3922 3218 3958 a
3257 3904 3410 3971 copia

1832 4005 1988 4057 lactis
2022 4021 2181 4074 quant
2216 4005 2446 4073 facient,
2479 4004 2725 4074 butyrum
2756 4014 2804 4056 et
2850 4001 2953 4055 mel
2979 3996 3209 4053 comedet
3238 3993 3410 4047 omnis

1831 4097 1921 4167 qui
1946 4096 2222 4151 derelictus
2249 4098 2407 4163 fuerit
2446 4097 2504 4150 in
2540 4095 2700 4166 532
2735 4103 2895 4147 terra.
2927 4091 3217 4158 Postquam
3242 4082 3409 4139 Israel

1834 4202 1863 4240 a
1893 4187 2205 4255 captivitate
2232 4186 2492 4241 liberatus
2524 4184 2870 4256 requieverit,
2901 4195 3104 4251 rexque
3129 4178 3218 4247 qui
3250 4175 3298 4229 ei
3328 4174 3410 4227 in-

1834 4279 2157 4343 sidiabatur,
2189 4279 2350 4332 fuerit
2381 4278 2672 4349 ignominia
2709 4285 2951 4339 notatus,
2987 4282 3042 4328 et
3082 4285 3112 4325 a
3152 4263 3409 4324 novacula

1838 4368 2092 4423 mercede
2116 4369 2382 4425 conducta
2415 4369 2652 4425 nudatus
2680 4377 2886 4439 :tunc,
2916 4368 3119 4436 inquit,
3150 4372 3301 4419 tanta
3328 4355 3412 4411 fu-

171 4693 424 4777 delendam
453 4714 601 4777 esse,
630 4708 686 4754 et
724 4715 823 4769 pro
862 4702 891 4754 ὃ
929 4701 1031 4772 legi
1087 4702 1285 4777 debere
1317 4703 1380 4757 τὸ
1426 4704 1584 4777 πρός,
1608 4713 1727 4777 εις.
1762 4708 1807 4764 D
1837 4707 1977 4776 apud
2037 4704 2363 4777 Eusebium_
2396 4711 2451 4757 et
2512 4701 2872 4777 Procopium,
2919 4701 3180 4777 Aquilam
3204 4702 3408 4777 __ipsnm

172 4764 303 4823 "anc
350 4764 739 4825 cnn'ecturam'
777 4786 883 4825 non
932 4764 1123 4840 parum
1174 4774 1430 4842 adjuvat,
1471 4764 1621 4842 quod
1671 4776 1725 4828 in

171 4831 397 4894 Proconii
430 4786 859 4894 éommentario.
891 4841 1036 4894 quod
1065 4858 1256 4894 manna
1288 4858 1355 4894 ex
1389 4854 1542 4894 narte
1572 4860 1600 4894 a
1628 4860 1725 4894 nn-

211 4852 397 4906 rocopu

174 4914 281 4984 stro_
301 4921 563 4984 sumptum
612 4919 718 4971 est,
757 4911 843 4984 ita
866 4913 1098 4984 legatur.
1136 4910 1415 4984 Caeterum
1449 4926 1572 4969 utro
1604 4916 1729 4984 quis

175 4979 315 5051 modo
338 4978 548 5051 legerit,
585 4996 691 5033 non
723 4981 880 5051 valde
906 4983 1295 5037 laboravimus.

332 5050 418 5120 Sic
457 5066 590 5103 mss.
618 5053 685 5120 At
724 5047 876 5114 editi,
922 5053 1161 5120 ἀφανιεῖ.

235 5116 304 5187 (4)
338 5119 497 5182 Editi,
518 5118 740 5195 τοιαύτη
767 5121 896 5195 γάρ.
928 5116 1127 5195 Vocula
1152 5123 1271 5195 γάρ
1302 5124 1355 5178 in
1381 5139 1511 5179 mss.
1548 5123 1723 5180 deest.

173 5181 298 5265 310:5:
318 5204 442 5265 mss.
479 5181 741 5265 nonnulli;
776 5181 1078 5262 ἀνθρώπων
1106 5181 1201 5247 καὶ
1232 5181 1580 5265 πνευμάτων.

237 5254 304 5339 (5)
333 5255 603 5339 Ita_uostri
632 5276 745 5339 Δδεῖ
778 5254 934 5339 mss,
964 5265 1218 5339 novacula
1248 5254 1525 5339 cond-usta.
1558 5263 1722 5339 E_t_liti,

176 5321 307 5396 ξυρῷ
356 5328 431 5399 τῷ
485 5321 929 5403 μεμεθυᾼσμένῳξ
958 5334 1211 5387 novacula
1258 5335 1537 5387 inebriato.
1590 5321 1727 5388 Hinc

178 5405 313 5472 [laici
332 5410 655 5472 postremam
689 5401 975 5472 lectionem
1011 5417 1295 5472 perperam
1320 5404 1522 5458 Basilio
1558 5404 1722 5457 tribui

178 5464 459 5539 aNobilio:
488 5472 581 5523 sed
628 5464 1025 5525 doetissimum'
1054 5464 1344 5537 hominem,
1394 5489 1552 5539 quem
1597 5473 1719 5527 libri

180 5537 309 5603 typis
335 5538 581 5605 descripti
613 5539 875 5603 fefellere,
908 5556 1067 5596 nemo
1108 5558 1212 5596 nou
1238 5537 1530 5598 excusarit.
1565 5542 1719 5609 Quod

183 5612 339 5683 autem
369 5609 468 5683 hoc
494 5610 609 5683 ipso
639 5610 859 5683 in__|oco
889 5613 1171 5683 annotavit
1192 5610 1457 5683 Nobilius,
1492 5614 1593 5683 legi
1628 5629 1725 5683 με-

187 5673 483 5748 μεθυσμένῳ
517 5673 581 5731 in
631 5680 953 5748 quibusdam
1013 5680 1197 5745 libris,
1255 5682 1306 5735 id
1365 5673 1573 5736 verum“
1604 5673 1723 5737 esse

187 5757 282 5798 non
329 5762 602 5815 negamus.
660 5748 797 5806 Nam
847 5758 1206 5820 praterqnam
1239 5752 1382 5822 quod
1412 5753 1486 5807 ita
1531 5753 1724 5823 legitur

474 4842 859 4912 ommentario,
891 4841 1036 4909 quod
1065 4841 1256 4912 magna
1288 4858 1355 4896 ex
1389 4841 1542 4912 parte
1572 4860 1600 4897 a
1628 4860 1727 4899 no-

1835 4771 1940 4831 boc
1980 4790 2198 4845 quoque
2245 4775 2403 4830 modo
2447 4772 2731 4842 scripsisse
2773 4772 2857 4827 vel
2901 4772 2969 4827 de
3014 4771 3267 4842 Hexaplis
3307 4786 3411 4826 no-

1834 4854 2279 4984 tm(lli)e§;oculam
2315 4915 2391 4979 ὡς
2430 4928 2497 4969 ει
2533 4912 2736 4968 nostris
2766 4925 2859 4984 sex
2901 4924 3034 4984 mss.
3081 4909 3406 4984 addidimus.

1904 4979 1983 5057 (7)
2022 4984 2100 5040 lta
2133 4985 2255 5039 libri
2290 4995 2521 5057 veteres.
2554 4984 2718 5057 _Editi,
2746 4982 2817 5036 τά
2834 4981 2988 5057 genas
3015 4979 3128 5057 καί.
3159 4979 3257 5057 ῌίε
3282 4995 3410 5033 rur-

1834 5049 1927 5127 sus
1965 5049 2117 5127 inss.,
2152 5058 2210 5109 ὲν
2247 5054 2325 5127 τῷ
2375 5052 2794 5125 μεμισθωμένῳ.
2834 5052 2998 5117 Editi,
3038 5052 3095 5103 ὲν
3133 5049 3211 5121 τῷ
3241 5066 3413 5121 μεμε-

1834 5124 2188 5266 θέῗῶέῖἴίὶιί,
2241 5193 2583 5265 ἐξαφανίσαι.
2628 5195 2698 5248 At
2747 5208 2880 5249 mss.
2924 5190 3161 5262 aliquot,
3202 5189 3408 5260 ἐξαφα-

1831 5264 1990 5406 νίῖδῖ
2018 5334 2097 5406 Ita
2128 5349 2259 5390 mss.
2290 5350 2499 5406 omnes.
2528 5336 2691 5401 Editi,
2723 5334 3123 5406 παραδέδωκεν.

1924 5336 1979 5401 9)
2018 5336 2093 5388 Ita
2128 5349 2259 5390 mss.
2290 5350 2499 5391 omnes.
2528 5336 2691 5401 Editi,
2723 5336 3123 5406 παραδέδωκεν.

1903 5336 2199 5477 ξωλξίιῆιῇ
2238 5416 2292 5477 et
2333 5405 2467 5474 Reg.
2517 5406 2721 5477 primus
2767 5405 3072 5477 conjunete,
3108 5399 3408 5477 ἀπῴγωνα,

1833 5471 2006 5529 male.
2032 5473 2392 5528 Henricianus
2416 5471 2593 5529 Duczni
2617 5477 2784 5529 codex
2810 5471 2877 5529 et
2896 5473 2986 5526 alii
3018 5472 3256 5526 nonnulli
3284 5471 3412 5525 dua-

1832 5547 1931 5614 Ims
1954 5543 2198 5606 vocibus,
2215 5543 2251 5597 ἃ
2274 5543 2528 5613 πώγωνα,
2552 5560 2668 5614 qua:
2693 5544 2908 5597 barbam
2932 5542 3229 5612 appellavit,
3248 5542 3408 5597 bene.
3466 5606 3479 5613 _

1831 5613 1983 5669 Haud
2001 5614 2159 5685 longe
2187 5614 2338 5678 editi,
2369 5613 2799 5685 μεμεθυσμένου.
2828 5616 2897 5685 At
2928 5621 3408 5685 mss.co_nstante_r,

1836 5682 2276 5755 paptabmpévou.
2316 5682 2774 5754 Aliquanto'post
2824 5683 2977 5752 editi,
3020 5682 3412 5754 xevéasnmA‘

1834 5753 1966 5810 mss.
1998 5753 2229 5823 aliquot,
2252 5755 2573 5826 γεννήσεως.
