3808 6212
196 291 287 345 4ῗό

1016 284 1380 342 COMMENT.
1426 284 1492 338 IN
1533 285 1771 341 lSAlAM
1810 285 2254 342 PROPHETAM.
2292 285 2447 342 CAP.
2485 286 2620 343 VIII.
3328 285 3435 340 4ῗᾶ

196 364 572 471 ηκανθοέόρουν
609 398 716 468 πρὸ
775 400 874 469 τῆς
916 397 1155 469 Χριστοῦ
1189 397 1521 467 ἐπιδημίας·
1567 398 1749 469 ἐπειδὴ

1861 399 2095 460 incnltm,
2166 400 2372 453 idcirco
2425 411 2606 454 sentes
2675 413 2737 453 ac
2778 398 2962 468 spinas
3013 397 3291 467 ferebant;
3337 402 3432 456 sed

194 493 239 545 δὲ
263 489 409 561 ἦλθεν
436 493 515 553 εἰς
538 490 744 543 πτῶσιν
772 492 867 543 καὶ
897 490 1193 543 ἀνάστασιν
1223 489 1432 543 πολλῶν
1451 529 1467 553 ,
1499 490 1595 543 καὶ
1620 491 1748 543 ὲκά-

194 582 298 634 λετε
320 582 381 633 τὰ
409 582 480 651 μὴ
504 580 632 633 ὄντα
655 622 670 644 ,
705 583 791 635 ἵνα
826 581 894 634 τὰ
926 582 1055 635 ὄντα
1087 582 1413 652 καταργήσῃ
1433 597 1446 609 ⁸
1479 580 1566 634 διὰ
1591 580 1747 633 τοῦτο

194 674 234 725 οἱ
261 673 349 742 μὲν
375 674 428 724 ἐν
455 677 724 745 περιτομῇ
747 716 762 739 ,
791 674 1157 737 ἀπολέσαντες
1184 675 1245 728 τὸ
1278 674 1502 739 εὐθαλὲς
1519 715 1534 739 ,
1561 676 1654 727 καὶ
1686 674 1748 727 τὸ

195 770 477 837 ἔγκαρπον,
511 772 593 832 εἰς
629 769 821 839 χέρσον
858 770 1173 840 μετέϐαλον.
1253 769 1325 822 Τὸ
1380 768 1437 821 δὲ
1488 767 1596 821 ἀπὸ
1639 766 1747 819 τῶν

195 856 338 909 ἐθνῶν
367 858 636 929 σύστημα,
654 861 790 932 ὅπερ
810 860 936 931 ὅρος
966 861 1281 931 ὠνόμασται
1318 858 1745 930 ἀροτριώμενον,

195 946 518 1013 ἀροτριᾶται,
556 946 872 1016 ἀπαλλαγὲν
917 950 1097 1017 πάσης
1139 948 1340 1010 δειλίας
1389 946 1609 1000 καὶτοῦ
1641 945 1749 998 ἀπὸ

192 1039 283 1091 τῶν
307 1039 570 1108 πολεμίων
597 1040 785 1110 φόϐου.
818 1043 982 1113 Ὄρος
1002 1038 1118 1105 οὖν,
1155 1044 1187 1112 ἡ
1217 1040 1491 1109 ὑψωθεῖσα
1516 1039 1619 1092 ὑπὸ
1648 1038 1748 1107 τῆς

193 1130 271 1183 τοῦ
314 1130 540 1201 Χριστοῦ
587 1132 937 1197 διδασκαλίας
979 1134 1146 1205 ψυχή.
1214 1134 1367 1186 Ἐπεὶ
1394 1129 1487 1186 οὖν
1517 1128 1680 1204 ἦλθεν
1720 1133 1749 1184 ὁ

194 1222 385 1294 Κύριος.
417 1224 720 1295 ὲξεκλάσθη
748 1226 859 1296 (l9)
899 1227 997 1298 μὲν
1025 1229 1057 1280 ὁ
1089 1226 1304 1297 Ἰσραὴλ
1324 1267 1339 1287 ,
1371 1224 1747 1294 κατεφυτεύθη

192 1313 238 1365 δὲ
264 1314 323 1366 τὰ
346 1313 490 1383 ἔθνη,
521 1314 609 1366 ἵνα
649 1315 975 1385 τῷιὲκείνων
999 1315 1409 1388 παραπτώματι
1437 1318 1469 1385 ἡ
1504 1313 1748 1385 σωτηρία

193 1406 334 1457 πᾶσιν
360 1405 683 1476 οἰκονομηθῇ
704 1446 718 1465 ,
764 1407 858 1459 καὶ
892 1406 1062 1470 ἀδεῶς
1105 1410 1218 1471 τοῖς
1244 1408 1394 1478 ὄρεσι
1423 1405 1632 1469 τούτοις
1659 1406 1749 1457 καὶ

194 1494 411 1564 πρόϐατα
437 1497 528 1547 καὶ
573 1494 697 1564 βόες
724 1495 1061 1566 ὲννεμόμενα
1083 1497 1194 1565 (:20)
1222 1496 1453 1565 ἄφθονον
1480 1495 1577 1565 τὴν
1618 1495 1748 1565 παρ’

192 1584 376 1636 ἑαυτῶν
413 1585 686 1653 ὠφέλειαν
713 1585 1077 1657 παρέχωνται.
1129 1584 1385 1653 Δηλονότι
1422 1582 1669 1653 πρόϐατα
1700 1582 1750 1634 οἱ

191 1670 514 1740 χρηστότεροι
556 1670 626 1722 τὰ
656 1669 783 1740 ἤθη,
828 1668 948 1738 βόες
984 1669 1041 1723 δὲ
1082 1670 1131 1722 οἱ
1173 1671 1311 1741 πρὸς
1353 1669 1452 1739 τὴν
1488 1668 1750 1740 ἐργασίαν

190 1760 281 1813 τῶν
302 1762 611 1830 ἀναγκαίων
638 1761 1084 1833 φιλοπονιῖγτεροι.

1855 490 1979 558 quia
2024 491 2073 543 in
2106 489 2317 544 ruinam
2348 501 2396 544 et
2433 492 2880 545 resurrectionem
2907 491 3196 546 multorum
3213 494 3354 548 venit
3386 489 3435 527 “

1854 589 1909 633 et
1944 582 2158 632 vocavit
2204 595 2264 632 ca
2311 595 2431 649 qua:
2478 596 2583 634 non
2625 591 2773 645 sunt,
2822 591 2977 636 utea
3024 598 3143 651 qua!
3187 594 3309 640 sunt
3339 585 3435 640 de-

1856 677 2095 724 strueret
2132 670 2174 701 "
2209 688 2222 723 :
2265 684 2325 724 ea
2385 670 2453 724 de
2496 685 2661 724 causa
2707 673 2798 739 qui
2844 682 3000 726 erant
3044 689 3109 729 ex
3148 673 3436 731 circumci-

1856 761 2030 826 sione,
2081 760 2356 815 viriditate
2387 772 2443 815 et
2475 760 2753 814 fertilitate
2778 763 2992 817 amissis
3039 764 3092 817 in
3124 774 3319 819 terram
3352 765 3433 819 in-

1854 851 2052 904 cultam
2087 850 2248 922 533
2274 854 2687 922 degenerarunt.
2721 854 2810 907 Illa
2850 865 3025 909 autem
3058 857 3341 912 multitudo
3364 875 3432 914 ex

1856 941 2108 1008 gentibus
2170 942 2397 996 collecta
2457 958 2574 1010 qua:
2610 956 2833 997 vocatur
2876 954 3058 999 aratus
3103 962 3291 1009 mons,
3318 947 3433 1014 jam

1858 1033 2149 1088 formidine
2180 1035 2328 1089 omni
2363 1036 2643 1100 immunis,
2678 1046 2731 1090 et
2764 1038 2831 1090 ab
2871 1039 3105 1091 hostium
3143 1041 3332 1094 timore
3364 1040 3436 1094 li-

1856 1124 2067 1190 berata,
2106 1137 2318 1181 aratur.
2353 1126 2508 1181 Mons
2537 1129 2699 1196 igitur
2733 1131 2947 1182 animus
2982 1140 3060 1183 est
3097 1145 3191 1194 per
3231 1131 3435 1189 Christi

1857 1214 2161 1268 doctrinam
2228 1216 2280 1269 in
2344 1216 2576 1271 sublime
2629 1229 2868 1272 evectus.
2923 1217 3208 1288 Postquam
3273 1220 3438 1285 igitur

1856 1306 2005 1359 venit
2044 1304 2325 1372 Dominus,
2384 1317 2573 1378 gentes
2623 1308 2796 1363 fracto
2826 1309 3021 1363 Israele
3063 1311 3275 1364 insertae
3310 1320 3437 1365 sunt

1855 1407 1912 1451 et
1953 1398 2212 1465 plantatze
2248 1399 2290 1430 ¹³
2312 1438 2327 1463 ,
2359 1409 2412 1452 ιιι
2455 1415 2645 1454 eorum
2676 1401 2831 1470 lapsu
2877 1403 3128 1456 omnibus
3156 1403 3436 1458 al‘l'erretur

1857 1488 2028 1551 salus,
2075 1487 2291 1557 tamque
2319 1505 2451 1544 oves
2481 1507 2640 1559 quam
2680 1493 2843 1546 boves
2890 1493 2942 1546 in
2974 1495 3127 1549 hisee
3167 1495 3438 1551 montibus

1860 1589 1973 1634 tuto
1999 1596 2306 1648 pascentes,
2347 1584 2635 1648 plurimum
2683 1600 2749 1639 ex
2776 1601 2907 1654 sese
2938 1598 3256 1656 praestarent
3287 1603 3438 1661 etno-

1860 1671 2108 1726 lmuenti.
2147 1673 2249 1738 Qui
2299 1677 2486 1743 utique
2528 1687 2657 1729 sunt
2701 1677 2860 1731 bonis
2903 1680 3144 1732 moribus
3190 1682 3434 1749 prcediti,

1864 1764 2240 1832 signiﬁcantur
2286 1768 2467 1822 ovium
2502 1768 2756 1835 nomine;
2784 1773 2874 1839 qui
2911 1785 3038 1825 vero
3071 1773 3277 1827 strenui
3311 1779 3438 1826 sunt

196 1869 241 1911 et
266 1860 460 1915 alacres
487 1862 553 1913 ad
589 1877 677 1914 res
713 1862 1049 1914 necessarias
1076 1858 1420 1923 elﬁciendas,
1460 1874 1555 1929 per
1586 1861 1751 1913 boves
1789 1858 2160 1927 designantur.

1782 2047 1829 2104 Β

692 2041 1092 2094 ΚΕΦΛΛΑΙΟΝ
1129 2041 1175 2092 ΙΙ
1193 2040 1227 2094 ’.

247 2132 355 2187 206.
402 2133 510 2188 Kal
556 2130 694 2187 εἶτε
725 2136 941 2201 Κύριος
974 2133 1127 2201 πρὸς
1184 2132 1289 2201 μέο
1331 2131 1487 2186 Λάϐε
1517 2131 1754 2198 σεαυτῷ

189 2227 346 2293 τόμον
390 2224 604 2279 καινοῦ
641 2224 944 2294 μετίὶὶου·
987 2224 1084 2277 καὶ
1125 2223 1363 2292 γράψον
1392 2222 1582 2278 αὐτὸν
1609 2241 1754 2292 γρα-

186 2316 296 2385 plot
352 2316 693 2386 ἀνθρώπου,
754 2316 862 2369 τοῦ
902 2314 1080 2382 ὀξέως
1144 2316 1456 2384 προνομὴν
1501 2314 1755 2382 ποιῆσαι

187 2412 423 2465 σκύλων.
476 2411 740 2479 Πάρεστι
771 2408 883 2478 γάρ
912 2408 1045 2480 (21).
1106 2407 1217 2461 Καὶ
1246 2409 1553 2478 μάρτυρας
1581 2410 1756 2477 ποίη-

187 2518 275 2555 σαι
307 2504 554 2570 πιστοὺς
585 2502 940 2570 ἀνθρώπους
963 2540 979 2564 ,
1030 2501 1138 2555 τὸν
1168 2504 1390 2569 Οίιρίαν
1423 2502 1521 2555 καὶ
1555 2506 1754 2571 Zala-

187 2596 307 2664 ριάν
326 2595 425 2650 τὸν
452 2595 927 2662 υὶὸνΒαραχίου.
954 2594 1061 2648 Kal
1086 2592 1442 2669 προσῆλθον
1469 2594 1619 2661 πρὸς
1641 2593 1756 2661 τὴν

188 2686 477 2756 προφῆτιν,
516 2686 618 2741 καὶ
646 2687 716 2739 ὲν
743 2685 955 2756 γαστρὶ
989 2686 1189 2746 ἔλαϐε,
1223 2686 1319 2738 καὶ
1354 2686 1560 2739 ἔτεκεν
1596 2689 1750 2741 υἱόν.

189 2782 281 2834 Kal
308 2777 432 2835 εἶπέ
460 2799 564 2851 μοι
604 2780 716 2851 (22)
746 2781 959 2847 Κύριος
979 2798 992 2810 ·
1028 2777 1308 2833 Κάλεσον
1335 2779 1403 2833 τὸ
1438 2779 1623 2849 ὄνομα
1651 2782 1756 2834 αὐ-

189 2872 277 2925 τοῦ
298 2914 313 2937 ,
353 2873 590 2942 Ταχέως
632 2873 1022 2937 σκύλευσον,
1066 2871 1280 2937 Ὀξέως
1312 2875 1752 2941 προνόμευσον.

189 2964 323 3017 Διότι
348 2965 487 3032 πρὶν
514 2966 552 3033 ἢ
596 2962 819 3034 γνῶναι
857 2963 925 3017 τὸ
959 2963 1201 3017 παιδίον
1225 2964 1438 3018 καλεῖν
1467 2965 1692 3033 πατέρα
1715 2966 1753 3034 ἢ

190 3056 419 3123 μητέρα,
468 3057 737 3125 λήψεται
787 3054 1045 3125 δύναμιν
1099 3057 1420 3125 Δαμασκοῦ
1449 3098 1463 3121 ,
1528 3057 1625 3110 καὶ
1686 3059 1757 3113 τὰ

191 3148 367 3203 σκῦλα
406 3150 744 3219 Σαμαρείας
777 3148 982 3203 ἔναντι
1035 3147 1346 3215 ,βασιλέως
1407 3149 1752 3216 Ἄσσψίων.

190 3241 320 3307 Δὸξει
350 3243 458 3311 (‘25)
502 3243 696 3312 ἕτερον
739 3241 1104 3312 προσταχθεὶς
1148 3242 1177 3293 ὁ
1211 3244 1499 3311 προφήτης
1523 3281 1538 3301 ,
1571 3240 1756 3310 ἕτερον

192 3336 541 3408 πεποιηκέναι.
601 3335 666 3387 Τί
699 3334 808 3406 γὰρ
837 3335 1013 3388 κοινὸν
1050 3333 1161 3405 ἔχει
1195 3334 1256 3387 τὸ
1281 3375 1294 3396 ,
1331 3333 1488 3387 Λάϐε
1518 3332 1754 3387 σεαυτῶ

190 3430 351 3497 τόμον
377 3430 587 3484 καινοῦ
615 3428 885 3499 μεγάλου
905 3468 920 3491 ,
961 3427 1098 3498 πρὸς
1122 3426 1183 3478 τὸ
1212 3427 1607 3497 ἐπιφερόμενον
1625 3465 1638 3489 ,
1670 3426 1751 3478 ὅτι

190 3522 282 3575 Kal
308 3522 662 3591 προσῆλθον
690 3521 838 3589 πρὸς
864 3518 978 3587 τὴν
1010 3517 1312 3587 προφῆτιν
1332 3559 1346 3582 ,
1394 3517 1493 3573 καὶ
1535 3519 1605 3571 ἐν
1650 3533 1752 3585 τα-

192 3614 305 3680 στρι
333 3616 581 3678 ἐλαϐεν;
631 3613 787 3667 Εἴποι
821 3612 887 3666 ἂν
932 3607 1024 3666 οὖν
1066 3628 1151 3673 τις
1172 3650 1188 3676 ,
1236 3611 1315 3664 ὅτι
1348 3612 1467 3680 οὐχὶ
1500 3609 1753 3671 ἀπόδοσις

192 3705 293 3758 ἐστι
316 3707 404 3760 τοῦ
434 3709 772 3781 προάγοντος
793 3705 854 3758 τὸ
876 3705 1293 3774 ἐπιφερόμενον,
1325 3702 1461 3756 ἀλλὰ
1480 3703 1587 3756 ἀπὸ
1616 3702 1752 3765 ἰδίας

193 3796 343 3868 ἀρχῆς
374 3798 758 3869 παραδίδοται,
805 3796 1018 3848 ἐκείνου
1069 3794 1609 3867 περιγεγραμμένου.
1689 3794 1750 3846 El

194 3887 286 3958 γάρ
314 3891 401 3942 καὶ
435 3890 508 3962 μὴ
566 3890 883 3957 πρόσκειται
913 3890 994 3941 ὅτι
1041 3887 1200 3941 ἔλαϐε
1232 3888 1397 3958 τόμον
1438 3885 1530 3940 τοῦ
1562 3884 1749 3940 καινοῦ

195 3981 276 4031 καὶ
308 3984 559 4051 μεγάλου,
595 3982 731 4036 ἀλλὰ
766 3980 1272 4051 προσυπακούεται,
1310 3980 1393 4032 ὅτι
1436 3979 1658 4049 ἐποίησε
1690 3979 1752 4031 τὸ

196 4075 664 4145 προστεταγμένον.
718 4072 850 4126 Ἀπὸ
880 4072 1074 4144 ἑτέρας
1111 4072 1166 4125 δὲ
1192 4071 1302 4141 (24)
1344 4071 1519 4141 ἀρχῆς
1549 4074 1749 4125 νοεῖται

194 4161 273 4225 τὸ,
318 4166 422 4220 Καὶ
480 4164 839 4234 προσῆλθον
869 4164 1019 4232 πρὸς
1054 4162 1167 4231 τὴν
1199 4162 1517 4231 προφῆτιν,
1552 4163 1649 4217 καὶ
1683 4162 1753 4217 ἐν

194 4259 379 4326 γαστρὶ
402 4261 641 4313 ἐλαϐεν.
660 4259 722 4311 Εἰ
746 4258 842 4328 μὲν
866 4258 972 4329 γὰρ
996 4256 1248 4323 ἀντέλεγε
1271 4255 1347 4325 τῷ
1371 4255 1750 4325 προστάγματι

192 4355 219 4405 ὁ
257 4360 563 4427 προφήτης,
625 4355 839 4426 ἐγράφη
870 4354 935 4407 ἂν
981 4354 1015 4424 ὴ
1060 4350 1367 4419 ἀντιλογία·
1402 4350 1479 4413 ὡς
1534 4351 1625 4403 ἐπὶ
1657 4351 1750 4404 τοῦ

204 4444 436 4519 Ἰεζεκιηλ
467 4446 907 4519 παραιτουμένου
937 4446 998 4498 τὸ
1046 4444 1139 4498 ἐπὶ
1168 4443 1427 4512 βολείτων
1476 4442 1750 4514 ἀνθρωπί-

193 4551 283 4589 νων
305 4540 408 4611 (25)
434 4539 743 4610 ὀπτηθέντα
773 4538 973 4591 ἐσθίειν
1002 4537 1091 4590 τὸν
1116 4536 1298 4606 ἄρτον.
1342 4535 1490 4587 Ἐκεῖ
1517 4533 1625 4607 γὰρ
1651 4535 1752 4606 ἀρ-

194 4632 364 4694 νεῖται,
392 4632 566 4700 λέγων
590 4648 604 4662 ο
636 4630 966 4699 Μηδαμῶς,
1001 4630 1178 4695 Κύριε
1203 4625 1308 4679 est
1333 4626 1438 4679 τοῦ
1467 4627 1748 4694 οὐρανοῦ,

193 4722 238 4772 el
265 4724 300 4789 ἡ
350 4724 514 4792 ψυχή
535 4741 655 4793 μου
675 4725 747 4776 οὐ
773 4723 1087 4791 μεμίανται
1106 4721 1177 4773 ἐν
1196 4720 1529 4786 ἀκαθαρσίᾳ
1551 4761 1566 4784 ,
1614 4720 1755 4773 οὐδὲ
1785 4755 1830 4809 D

194 4814 566 4880 εἰσελήλυθεν
596 4818 683 4881 εις
714 4815 779 4869 τὸ
817 4815 1011 4881 στόμα
1033 4830 1153 4881 μου
1178 4810 1302 4865 πᾶν
1347 4810 1523 4879 κρέας
1565 4811 1747 4879 βέϐη-

194 4907 309 4959 λον.
356 4908 451 4962 Διά
481 4908 640 4962 τοῦτο
677 4907 1028 4978 συνεχωρήθη
1053 4903 1200 4976 αὐτῴ
1235 4906 1292 4957 ὲν
1322 4902 1583 4974 βολϐίτοις
1608 4904 1745 4973 βοῶν

260 5115 301 5148 ίί
329 5116 453 5172 Luc.
493 5133 555 5186 tt,
586 5116 677 5172 Si.

260 5298 359 5370 (l9)
388 5300 518 5371 Reg.
544 5308 787 5369 quartus.
814 5297 1149 5368 ἐξεκλεισθη,
1179 5297 1422 5352 exclusus
1448 5310 1522 5351 est
1548 5296 1739 5350 Israel.

197 5363 365 5421 Lectio
392 5363 494 5422 non
524 5363 941 5424 contemnenda.

259 5437 359 5503 (20)
388 5441 521 5496 Editi
543 5452 597 5493 et
622 5441 725 5494 duo
755 5454 913 5502 mss.,
942 5437 1295 5508 ὲννεμόμενα.
1338 5436 1442 5490 Alii
1471 5446 1579 5491 tres
1598 5434 1747 5489 ἐννε-

267 5526 292 5555 ἰ”
300 5525 409 5562 εναι
417 5547 428 5561 .
1294 5544 1311 5562 υ

200 5506 613 5649 )wxntiqui
648 5589 758 5633 tres
786 5577 930 5649 libri,
960 5576 1207 5649 παρέστη
1229 5544 1358 5648 γάρ,
1386 5576 1557 5630 Astitit
1584 5577 1740 5629 enim.

202 5640 379 5720 Ibidem
408 5640 555 5720 editi;
592 5647 873 5720 μάρτυράς
918 5664 1006 5716 μοι
1025 5640 1403 5720 ΔίποιῆἑταιξΑι
1441 5661 1583 5720 tnss._
1616 5661 1743 5699 non-

201 5715 348 5780 nulli,
403 5715 686 5789 μάρτυρας
728 5715 967 5788 ποίησαι.
1024 5715 1444 5788 Βιιςζρτὶιηιιε,
1493 5717 1736 5787 ποίησον.

2441 2046 2668 2103 CAPUT
2708 2048 2839 2104 VIII.

1925 2134 2052 2191 206.
2096 2136 2260 2191 Vens.
2317 2137 2429 2192 1-4.
2472 2137 2541 2192 Et
2566 2142 2700 2194 dixit
2734 2140 2989 2195 Dominus
3027 2145 3097 2196 ad
3134 2161 3247 2199 me:
3276 2145 3436 2203 Sume

1856 2228 1950 2279 tibi
1983 2238 2180 2281 tomum
2219 2230 2336 2283 nari
2367 2233 2585 2301 magni;
2623 2242 2670 2286 et.
2697 2234 2862 2286 scribe
2893 2234 3062 2303 ipsum
3093 2236 3227 2305 ston
3263 2238 3434 2291 hami-

1856 2320 1962 2382 nis,
1989 2330 2041 2371 ut
2071 2320 2312 2374 velociter
2336 2323 2682 2391 direptionem
2717 2325 2877 2394 faciat
2918 2328 3227 2393 spoliorum.
3264 2329 3428 2383 Adest

1855 2410 2015 2463 enim.
2041 2410 2111 2463 Et
2144 2423 2299 2465 testes
2329 2415 2413 2482 fac
2451 2414 2632 2481 ﬁdeles
2662 2416 2916 2481 homines,
2954 2417 2995 2473 ι]
3006 2420 3134 2473 riam
3157 2434 3202 2473 et
3230 2419 3436 2476 Zacha-

1855 2500 1990 2553 riam
2032 2502 2205 2568 ﬁlium
2244 2502 2543 2558 Barac/tite.
2586 2509 2653 2559 Et
2681 2510 2877 2561 accessi
2913 2508 2983 2561 ad
3010 2509 3386 2577 praphetissam
3412 2550 3428 2564 .

1853 2594 1983 2645 etin
2016 2605 2162 2645 utero
2186 2599 2441 2660 concepit,
2472 2607 2520 2649 et
2562 2600 2766 2666 peperit
2803 2600 2994 2666 ﬁlium.
3030 2599 3100 2654 Et
3140 2602 3274 2656 dixit
3308 2603 3434 2657 mihi

1854 2684 2114 2738 Dominus
2140 2701 2159 2739 :
2220 2683 2356 2739 Voca
2401 2704 2589 2742 nomen
2617 2690 2731 2759 ejus
2752 2732 2767 2756 ,
2813 2690 2929 2745 Cito
2956 2693 3146 2760 spolia,
3186 2693 3431 2750 Velociter

1855 2777 2188 2841 depra'dare.
2225 2780 2364 2844 Quia
2399 2795 2680 2852 antequam
2707 2787 2839 2837 sciat
2864 2803 2994 2852 puer
3023 2804 3206 2840 vocare
3229 2797 3435 2856 patrem

1859 2879 1952 2921 aut
1984 2881 2227 2935 matrem,
2261 2874 2480 2936 accipiet
2502 2877 2741 2927 rirtnlem
2769 2875 3034 2943 Damasci,
3059 2889 3105 2931 et
3135 2882 3301 2949 spolia
3330 2879 3436 2935 Sa-

1856 2967 2043 3018 maria:
2072 2980 2250 3017 corum
2298 2982 2415 3033 rege.
2459 2968 2817 3035 Assyriorum.
2843 2968 3113 3037 Propheta
3160 2970 3304 3025 aliud
3332 2952 3432 3026 ex:-

1857 3058 2008 3126 sequi
2049 3059 2269 3125 jussus,
2304 3059 2447 3112 aliud
2492 3060 2765 3113 videbitur
2822 3061 3037 3116 fecisse.
3088 3061 3221 3116 Nam
3257 3064 3387 3117 illud
3414 3104 3433 3130 ,

1859 3150 2023 3205 Sume
2047 3151 2141 3203 tibi
2169 3162 2365 3204 tomum
2394 3153 2510 3204 novi
2544 3153 2755 3222 magni,
2792 3154 3047 3223 quidnam
3086 3155 3247 3208 habet
3281 3171 3435 3210 eom-

1859 3259 2020 3298 mune
2076 3260 2195 3296 cum
2249 3244 2314 3297 iis
2360 3260 2479 3312 th
2521 3245 2971 3313 subsequuntur:
3019 3244 3087 3297 Et
3139 3248 3333 3299 accessi
3363 3246 3433 3300 ad

1859 3337 2262 3403 prati/tetissam,
2309 3347 2356 3389 et
2419 3338 2470 3388 in
2526 3348 2673 3389 utero
2714 3338 2986 3405 concepit’
3035 3336 3217 3391 Possit
3268 3339 3436 3409 igitur

1857 3429 2040 3482 dicere
2080 3429 2346 3496 quispiam
2371 3469 2384 3494 ,
2424 3430 2565 3481 hanc
2598 3428 2896 3482 illationem
2939 3430 3291 3484 redditionem
3327 3446 3431 3487 non

1855 3536 1975 3576 esse
2015 3522 2314 3591 superioris
2362 3522 2647 3575 sententiae
2684 3539 2697 3574 :
2741 3521 2833 3575 sed
2867 3537 2929 3575 ea
2981 3522 3161 3588 ﬁnita,
3198 3523 3430 3592 proferri

1857 3616 2152 3670 illatiouem
2210 3632 2238 3668 a
2277 3616 2498 3684 proprio
2557 3614 2820 3684 principio
2882 3616 3226 3684 pendentem.
3282 3617 3433 3673 Licet

1853 3708 1995 3759 enim
2026 3721 2129 3758 non
2156 3707 2385 3758 addatur
2415 3704 2710 3773 sumpsisse
2742 3711 2947 3756 tomum
2980 3703 3102 3758 novi
3132 3715 3188 3756 et
3214 3706 3428 3774 magni:

1848 3799 2004 3864 jussa
2040 3807 2220 3850 tamen
2257 3797 2451 3850 fecisse
2483 3794 2825 3849 subauditur.
2852 3795 2921 3848 At
2955 3795 3108 3860 illud,
3137 3792 3207 3849 Et
3235 3800 3431 3850 accessi

1855 3890 1924 3942 ad
1955 3888 2354 3955 prophetissam,
2386 3896 2433 3940 et
2462 3888 2517 3939 in
2551 3897 2698 3939 utero
2726 3889 2978 3953 concepit,
3010 3902 3074 3941 ex
3115 3885 3286 3941 altero
3321 3889 3432 3957 peti

1855 3982 2122 4051 principio
2158 3980 2496 4048 intelligitur.
2528 3979 2743 4033 Etenim
2789 3980 2833 4033 si
2859 3981 3218 4035 detrectasset
3248 3982 3434 4051 impe-

1857 4078 1993 4130 rium
2023 4075 2283 4144 propheta
2308 4112 2323 4137 ,
2357 4075 2471 4129 haec
2501 4075 2687 4141 utique
2717 4074 3081 4128 contradictio
3114 4073 3309 4129 fuisset
3344 4075 3432 4129 lit-

1853 4170 1986 4224 teris
2011 4167 2248 4237 prodita,
2290 4167 2365 4219 uti
2398 4167 2627 4237 contigit
2668 4168 2720 4221 in
2763 4167 3081 4233 Ezechiele,
3111 4169 3201 4236 qui
3238 4185 3428 4238 panem

1856 4276 2013 4317 suum
2048 4260 2099 4312 in
2137 4260 2263 4313 limo
2310 4258 2548 4314 humano
2595 4271 2910 4316 concoctum
2945 4263 3228 4316 comedere
3275 4279 3431 4318 recu-

1855 4355 2017 4409 savit.
2046 4353 2337 4407 Enimvero
2367 4352 2458 4407 illo
2490 4353 2605 4407 l0co
2634 4365 2791 4421 negat
2826 4368 2885 4407 se
2916 4353 2966 4407 id
3001 4352 3269 4406 facturum
3293 4394 3307 4417 ,
3341 4355 3428 4409 di-

1853 4463 2023 4502 cens:
2064 4445 2451 4517 Nequaquam,
2506 4446 2730 4499 Domine
2780 4444 2915 4499 Dens
2964 4446 3122 4500 caeli:
3156 4448 3200 4499 si
3251 4447 3429 4502 anima

1852 4556 1970 4592 mea
2010 4554 2112 4592 non
2144 4546 2214 4592 est
2265 4537 2467 4606 polluta
2501 4538 2554 4592 in
2583 4538 2951 4603 immnnditia,
2994 4555 3155 4608 neque
3192 4541 3429 4609 ingressa

1854 4639 1932 4683 est
1966 4631 2023 4683 in
2060 4646 2117 4683 os
2144 4646 2312 4683 meum
2353 4631 2519 4681 omnis
2561 4645 2683 4682 caro
2713 4629 2917 4695 impura
2951 4628 3011 4681 “.
3064 4628 3426 4695 Quamobrem

1860 4725 1913 4774 in
1945 4731 2187 4775 stercore
2223 4721 2423 4775 bubulo
2460 4735 2626 4788 panes
2658 4735 2782 4774 suos
2812 4718 3079 4773 coniicere
3108 4734 3431 4774 concessum

1858 4815 1906 4866 ei
1940 4798 2138 4868 fuit'".
2187 4813 2284 4866 llic
2329 4824 2506 4866 autem
2539 4826 2659 4866 cum
2691 4826 2798 4864 non
2838 4812 3139 4879 reperiatur
3174 4815 3426 4879 negatio,

1853 4906 2140 4961 silentium
2172 4906 2578 4976 utiqueindicat
2607 4903 2999 4968 assensionem,
3025 4904 3235 4959 etiamsi
3258 4916 3427 4961 testa-

762 5117 806 5148 "
834 5114 851 5168 l
876 5114 1003 5169 Cor.
1040 5113 1193 5180 1,98.
1274 5114 1320 5145 “
1350 5113 1507 5168 Rom.
1539 5127 1618 5178 xl,
1664 5112 1748 5167 l7.
1828 5113 1872 5145 “
1911 5114 2107 5169 Ezech.
2134 5130 2206 5179 tv,
2247 5115 2334 5169 M.
2413 5115 2457 5148 ’³
2503 5115 2630 5170 ibid.
2666 5112 2733 5168 l5

1845 5296 2054 5350 Rursus
2088 5296 2187 5349 hoc
2213 5297 2329 5362 ipso
2366 5294 2416 5346 in
2441 5294 2559 5347 loco
2586 5293 2703 5352 Rea
2751 5300 2995 5355 ouartus,
3018 5289 3220 5360 Οὺρίαν
3247 5291 3423 5365 ἱερέα,

1849 5365 1892 5420 U
1901 5368 2031 5417 riam
2065 5368 2402 5419 sacerdotem.

1926 5435 2037 5504 (‘22)
2064 5436 2138 5487 Ita
2167 5451 2297 5489 mss.
2325 5451 2392 5485 no
2437 5432 2586 5486 nulli.
2628 5430 2781 5486 beeSt
2817 5431 2946 5504 [to]:
2967 5430 3021 5483 in
3048 5428 3245 5484 xcusis.

1925 5500 2038 5574 (25)
2078 5506 2235 5563 Editi.
2259 5504 2422 5557 δοκεῖ.
2458 5506 2527 5555 At
2554 5518 2646 5556 sex
2688 5500 2841 5574 niss_.,
2870 5500 3029 5574 δόξει.

1923 5571 2035 5647 (24)
2071 5575 2161 5647 Sic
2194 5589 2323 5647 mss,
2368 5574 2504 5647 Editi
2540 5588 2687 5647 vero,
2719 5572 2911 5647 erepat;
2939 5571 3067 5643 γάρ.

1922 5640 2035 5711 (25)
2081 5646 2238 5712 Editi,
2299 5642 2671 5715 ἀνθρωπείων.
2730 5640 2877 5699 Libri
2934 5640 3161 5708 veteres,
3211 5640 3424 5715 ἀνθρω-

1848 5719 2035 5773 πίνων.
