  <div class='ocr_page' id='page_1' title='image "/cluster/home/n/w/nwhite01/storage/ocr_20150623/30/nnc1.0046978810/245.png"; bbox 0 0 3808 6212; ppageno 0'>
   <div class='ocr_carea' id='block_1_1' title="bbox 336 299 448 356">
    <p class='ocr_par' dir='ltr' id='par_1_1' title="bbox 336 299 448 356">
     <span class='ocr_line' id='line_1_1' title="bbox 336 299 448 356; baseline 0 -1"><span class='ocrx_word' id='word_1_1' title='bbox 336 299 448 356; x_wconf 70' lang='grc'><strong>475</strong></span> 
     </span>
    </p>
   </div>
   <div class='ocr_carea' id='block_1_2' title="bbox 1288 285 2616 352">
    <p class='ocr_par' dir='ltr' id='par_1_2' title="bbox 1288 285 2616 352">
     <span class='ocr_line' id='line_1_2' title="bbox 1288 285 2616 352; baseline -0.005 0"><span class='ocrx_word' id='word_1_2' title='bbox 1288 293 1635 352; x_wconf 76' lang='lat' dir='ltr'><strong>APPENDIX</strong></span> <span class='ocrx_word' id='word_1_3' title='bbox 1673 285 1960 350; x_wconf 72' lang='lat' dir='ltr'><strong>OPE‘RUM</strong></span> <span class='ocrx_word' id='word_1_4' title='bbox 2001 293 2060 349; x_wconf 92' lang='lat' dir='ltr'><strong>S.</strong></span> <span class='ocrx_word' id='word_1_5' title='bbox 2099 293 2346 349; x_wconf 75' lang='lat' dir='ltr'><strong>BASlLll</strong></span> <span class='ocrx_word' id='word_1_6' title='bbox 2383 291 2616 348; x_wconf 71' lang='lat' dir='ltr'><strong>MAGNI.</strong></span> 
     </span>
    </p>
   </div>
   <div class='ocr_carea' id='block_1_3' title="bbox 3492 283 3604 336">
    <p class='ocr_par' dir='ltr' id='par_1_3' title="bbox 3492 283 3604 336">
     <span class='ocr_line' id='line_1_3' title="bbox 3492 283 3604 336; baseline 0 -1"><span class='ocrx_word' id='word_1_7' title='bbox 3492 283 3604 336; x_wconf 61' lang='lat'><em>£76</em></span> 
     </span>
    </p>
   </div>
   <div class='ocr_carea' id='block_1_4' title="bbox 340 399 1937 483">
    <p class='ocr_par' dir='ltr' id='par_1_4' title="bbox 340 411 1916 483">
     <span class='ocr_line' id='line_1_4' title="bbox 340 411 1916 483; baseline -0.006 -13"><span class='ocrx_word' id='word_1_8' title='bbox 340 420 430 470; x_wconf 79' lang='lat' dir='ltr'><strong>lus</strong></span> <span class='ocrx_word' id='word_1_9' title='bbox 462 429 568 469; x_wconf 90' lang='lat' dir='ltr'><strong>non</strong></span> <span class='ocrx_word' id='word_1_10' title='bbox 595 413 802 468; x_wconf 88' lang='lat' dir='ltr'><strong>sitsesc</strong></span> <span class='ocrx_word' id='word_1_11' title='bbox 825 413 1082 483; x_wconf 83' lang='lat' dir='ltr'><strong>imperata</strong></span> <span class='ocrx_word' id='word_1_12' title='bbox 1114 421 1430 466; x_wconf 76' lang='lat' dir='ltr'><strong>exsecutum</strong></span> <span class='ocrx_word' id='word_1_13' title='bbox 1472 411 1639 466; x_wconf 73' lang='lat' dir='ltr'><strong>fuisse</strong></span> <span class='ocrx_word' id='word_1_14' title='bbox 1669 426 1684 468; x_wconf 86' lang='lat'><strong>:</strong></span> <span class='ocrx_word' id='word_1_15' title='bbox 1725 424 1916 480; x_wconf 88' lang='lat' dir='ltr'><strong>quem-</strong></span> 
     </span>
    </p>
   </div>
   <div class='ocr_carea' id='block_1_5' title="bbox 2077 399 3605 483">
    <p class='ocr_par' dir='ltr' id='par_1_5' title="bbox 2077 399 3605 480">
     <span class='ocr_line' id='line_1_5' title="bbox 2077 399 3605 480; baseline -0.008 -19"><span class='ocrx_word' id='word_1_16' title='bbox 2077 409 2241 480; x_wconf 71' lang='grc' dir='ltr'>ιιῆσαι</span> <span class='ocrx_word' id='word_1_17' title='bbox 2261 409 2388 471; x_wconf 83' lang='grc' dir='ltr'>τοὺς</span> <span class='ocrx_word' id='word_1_18' title='bbox 2415 408 2632 478; x_wconf 81' lang='grc' dir='ltr'>ἄρτους.</span> <span class='ocrx_word' id='word_1_19' title='bbox 2669 403 2933 460; x_wconf 82' lang='grc' dir='ltr'><strong>Ἐνταῦθα</strong></span> <span class='ocrx_word' id='word_1_20' title='bbox 2964 404 3146 474; x_wconf 82' lang='grc' dir='ltr'>μέντοι</span> <span class='ocrx_word' id='word_1_21' title='bbox 3175 399 3362 469; x_wconf 81' lang='grc' dir='ltr'>ἐπειδὴ</span> <span class='ocrx_word' id='word_1_22' title='bbox 3390 399 3605 467; x_wconf 64' lang='grc' dir='ltr'>ἀπαγός</span> 
     </span>
    </p>
   </div>
   <div class='ocr_carea' id='block_1_6' title="bbox 339 498 1912 570">
    <p class='ocr_par' dir='ltr' id='par_1_6' title="bbox 339 498 1912 570">
     <span class='ocr_line' id='line_1_6' title="bbox 339 498 1912 570; baseline -0.008 -8"><span class='ocrx_word' id='word_1_23' title='bbox 339 507 627 562; x_wconf 81' lang='lat' dir='ltr'><strong>admodum</strong></span> <span class='ocrx_word' id='word_1_24' title='bbox 681 505 821 559; x_wconf 80' lang='lat' dir='ltr'><strong>Osee</strong></span> <span class='ocrx_word' id='word_1_25' title='bbox 871 520 888 558; x_wconf 83' lang='lat'><strong>:</strong></span> <span class='ocrx_word' id='word_1_26' title='bbox 936 503 1075 557; x_wconf 84' lang='lat' dir='ltr'><strong>Vade</strong></span> <span class='ocrx_word' id='word_1_27' title='bbox 1135 503 1277 556; x_wconf 88' lang='lat' dir='ltr'><strong>enim</strong></span> <span class='ocrx_word' id='word_1_28' title='bbox 1306 542 1322 567; x_wconf 91' lang='lat'><strong>,</strong></span> <span class='ocrx_word' id='word_1_29' title='bbox 1379 501 1594 570; x_wconf 88' lang='lat' dir='ltr'><strong>inquit,</strong></span> <span class='ocrx_word' id='word_1_30' title='bbox 1642 516 1787 554; x_wconf 85' lang='lat' dir='ltr'><strong>sume</strong></span> <span class='ocrx_word' id='word_1_31' title='bbox 1817 498 1912 552; x_wconf 80' lang='lat' dir='ltr'><strong>tibi</strong></span> 
     </span>
    </p>
   </div>
   <div class='ocr_carea' id='block_1_7' title="bbox 346 593 1914 671">
    <p class='ocr_par' dir='ltr' id='par_1_7' title="bbox 346 593 1914 671">
     <span class='ocr_line' id='line_1_7' title="bbox 346 593 1914 671; baseline -0.006 -15"><span class='ocrx_word' id='word_1_32' title='bbox 346 617 566 656; x_wconf 72' lang='lat' dir='ltr'><strong>uxorem</strong></span> <span class='ocrx_word' id='word_1_33' title='bbox 590 598 984 671; x_wconf 77' lang='lat' dir='ltr'><strong>fornicationis,</strong></span> <span class='ocrx_word' id='word_1_34' title='bbox 1029 610 1076 652; x_wconf 77' lang='lat' dir='ltr'><strong>et</strong></span> <span class='ocrx_word' id='word_1_35' title='bbox 1103 598 1242 667; x_wconf 78' lang='lat' dir='ltr'><strong>ﬁlios</strong></span> <span class='ocrx_word' id='word_1_36' title='bbox 1271 597 1642 666; x_wconf 79' lang='lat' dir='ltr'><strong>fornicationis</strong></span> <span class='ocrx_word' id='word_1_37' title='bbox 1676 595 1740 650; x_wconf 77' lang='lat'><strong>“.</strong></span> <span class='ocrx_word' id='word_1_38' title='bbox 1783 593 1914 648; x_wconf 88' lang='lat' dir='ltr'><strong>Dein</strong></span> 
     </span>
    </p>
   </div>
   <div class='ocr_carea' id='block_1_8' title="bbox 345 683 1920 759">
    <p class='ocr_par' dir='ltr' id='par_1_8' title="bbox 345 683 1920 759">
     <span class='ocr_line' id='line_1_8' title="bbox 345 683 1920 759; baseline -0.006 -13"><span class='ocrx_word' id='word_1_39' title='bbox 345 693 624 758; x_wconf 88' lang='lat' dir='ltr'><strong>Scriptura</strong></span> <span class='ocrx_word' id='word_1_40' title='bbox 668 692 842 759; x_wconf 89' lang='lat' dir='ltr'><strong>ipsum</strong></span> <span class='ocrx_word' id='word_1_41' title='bbox 884 690 1034 759; x_wconf 87' lang='lat' dir='ltr'><strong>jussa</strong></span> <span class='ocrx_word' id='word_1_42' title='bbox 1080 688 1373 758; x_wconf 72' lang='lat' dir='ltr'><strong>perfecisse</strong></span> <span class='ocrx_word' id='word_1_43' title='bbox 1422 687 1742 750; x_wconf 72' lang='lat' dir='ltr'><strong>testificaris,</strong></span> <span class='ocrx_word' id='word_1_44' title='bbox 1799 683 1920 737; x_wconf 87' lang='lat' dir='ltr'><strong>sub-</strong></span> 
     </span>
    </p>
   </div>
   <div class='ocr_carea' id='block_1_9' title="bbox 337 772 1914 851">
    <p class='ocr_par' dir='ltr' id='par_1_9' title="bbox 337 772 1914 851">
     <span class='ocr_line' id='line_1_9' title="bbox 337 772 1914 851; baseline -0.006 -17"><span class='ocrx_word' id='word_1_45' title='bbox 337 781 515 851; x_wconf 69' lang='lat' dir='ltr'><strong>iungit</strong></span> <span class='ocrx_word' id='word_1_46' title='bbox 547 799 562 836; x_wconf 89' lang='lat'><strong>:</strong></span> <span class='ocrx_word' id='word_1_47' title='bbox 594 781 666 835; x_wconf 71' lang='lat' dir='ltr'><strong>Et</strong></span> <span class='ocrx_word' id='word_1_48' title='bbox 689 782 838 845; x_wconf 80' lang='lat' dir='ltr'><strong>abiit,</strong></span> <span class='ocrx_word' id='word_1_49' title='bbox 866 792 911 834; x_wconf 84' lang='lat' dir='ltr'><strong>et</strong></span> <span class='ocrx_word' id='word_1_50' title='bbox 936 782 1130 848; x_wconf 79' lang='lat' dir='ltr'><strong>accepit</strong></span> <span class='ocrx_word' id='word_1_51' title='bbox 1159 777 1351 833; x_wconf 85' lang='lat' dir='ltr'><strong>Gomer</strong></span> <span class='ocrx_word' id='word_1_52' title='bbox 1372 777 1541 846; x_wconf 72' lang='lat' dir='ltr'><strong>filiam</strong></span> <span class='ocrx_word' id='word_1_53' title='bbox 1565 775 1826 829; x_wconf 84' lang='lat' dir='ltr'><strong>Debeluim</strong></span> <span class='ocrx_word' id='word_1_54' title='bbox 1850 772 1914 826; x_wconf 72' lang='lat'><strong>’7.</strong></span> 
     </span>
    </p>
   </div>
   <div class='ocr_carea' id='block_1_10' title="bbox 344 867 1918 940">
    <p class='ocr_par' dir='ltr' id='par_1_10' title="bbox 344 867 1918 940">
     <span class='ocr_line' id='line_1_10' title="bbox 344 867 1918 940; baseline -0.004 -16"><span class='ocrx_word' id='word_1_55' title='bbox 344 873 484 940; x_wconf 83' lang='lat' dir='ltr'><strong>Quin</strong></span> <span class='ocrx_word' id='word_1_56' title='bbox 537 881 592 927; x_wconf 89' lang='lat' dir='ltr'><strong>et</strong></span> <span class='ocrx_word' id='word_1_57' title='bbox 648 873 771 927; x_wconf 84' lang='lat' dir='ltr'><strong>alibi</strong></span> <span class='ocrx_word' id='word_1_58' title='bbox 829 873 1072 926; x_wconf 88' lang='lat' dir='ltr'><strong>invenire</strong></span> <span class='ocrx_word' id='word_1_59' title='bbox 1103 871 1397 940; x_wconf 90' lang='lat' dir='ltr'><strong>.possimus</strong></span> <span class='ocrx_word' id='word_1_60' title='bbox 1441 867 1604 939; x_wconf 58' lang='lat'><strong>535.</strong></span> <span class='ocrx_word' id='word_1_61' title='bbox 1653 875 1918 935; x_wconf 64' lang='lat' dir='ltr'><strong>praecepta</strong></span> 
     </span>
    </p>
   </div>
   <div class='ocr_carea' id='block_1_11' title="bbox 354 957 1920 1033">
    <p class='ocr_par' dir='ltr' id='par_1_11' title="bbox 354 957 1920 1033">
     <span class='ocr_line' id='line_1_11' title="bbox 354 957 1920 1033; baseline -0.008 -13"><span class='ocrx_word' id='word_1_62' title='bbox 354 966 522 1020; x_wconf 82' lang='lat' dir='ltr'><strong>fuisse</strong></span> <span class='ocrx_word' id='word_1_63' title='bbox 581 979 834 1033; x_wconf 79' lang='lat' dir='ltr'><strong>expresse</strong></span> <span class='ocrx_word' id='word_1_64' title='bbox 886 957 1038 1028; x_wconf 60' lang='lat' dir='ltr'><strong>dala,’</strong></span> <span class='ocrx_word' id='word_1_65' title='bbox 1078 979 1176 1017; x_wconf 83' lang='lat' dir='ltr'><strong>nec</strong></span> <span class='ocrx_word' id='word_1_66' title='bbox 1221 973 1400 1016; x_wconf 89' lang='lat' dir='ltr'><strong>tamen</strong></span> <span class='ocrx_word' id='word_1_67' title='bbox 1455 959 1763 1014; x_wconf 89' lang='lat' dir='ltr'><strong>testimonio</strong></span> <span class='ocrx_word' id='word_1_68' title='bbox 1811 957 1920 1010; x_wconf 87' lang='lat' dir='ltr'><strong>ullo</strong></span> 
     </span>
    </p>
   </div>
   <div class='ocr_carea' id='block_1_12' title="bbox 345 1051 1921 1126">
    <p class='ocr_par' dir='ltr' id='par_1_12' title="bbox 345 1051 1921 1126">
     <span class='ocr_line' id='line_1_12' title="bbox 345 1051 1921 1126; baseline -0.002 -18"><span class='ocrx_word' id='word_1_69' title='bbox 345 1056 565 1126; x_wconf 86' lang='lat' dir='ltr'><strong>probari</strong></span> <span class='ocrx_word' id='word_1_70' title='bbox 617 1071 774 1125; x_wconf 90' lang='lat' dir='ltr'><strong>opus,</strong></span> <span class='ocrx_word' id='word_1_71' title='bbox 825 1056 996 1123; x_wconf 89' lang='lat' dir='ltr'><strong>ipsum</strong></span> <span class='ocrx_word' id='word_1_72' title='bbox 1039 1054 1349 1110; x_wconf 83' lang='lat' dir='ltr'><strong>confectum</strong></span> <span class='ocrx_word' id='word_1_73' title='bbox 1384 1069 1544 1119; x_wconf 87' lang='lat' dir='ltr'><strong>esse,</strong></span> <span class='ocrx_word' id='word_1_74' title='bbox 1576 1053 1666 1108; x_wconf 88' lang='lat' dir='ltr'><strong>sed</strong></span> <span class='ocrx_word' id='word_1_75' title='bbox 1701 1069 1728 1106; x_wconf 90' lang='lat' dir='ltr'><strong>a</strong></span> <span class='ocrx_word' id='word_1_76' title='bbox 1767 1051 1921 1106; x_wconf 89' lang='lat' dir='ltr'><strong>nobis</strong></span> 
     </span>
    </p>
   </div>
   <div class='ocr_carea' id='block_1_13' title="bbox 347 1144 1923 1218">
    <p class='ocr_par' dir='ltr' id='par_1_13' title="bbox 347 1144 1923 1218">
     <span class='ocr_line' id='line_1_13' title="bbox 347 1144 1923 1218; baseline -0.003 -16"><span class='ocrx_word' id='word_1_77' title='bbox 347 1147 478 1202; x_wconf 91' lang='lat' dir='ltr'><strong>illud</strong></span> <span class='ocrx_word' id='word_1_78' title='bbox 503 1164 569 1203; x_wconf 81' lang='lat' dir='ltr'><strong>ex</strong></span> <span class='ocrx_word' id='word_1_79' title='bbox 597 1163 662 1202; x_wconf 90' lang='lat' dir='ltr'><strong>eo</strong></span> <span class='ocrx_word' id='word_1_80' title='bbox 694 1148 946 1217; x_wconf 75' lang='lat' dir='ltr'><strong>intelligi,</strong></span> <span class='ocrx_word' id='word_1_81' title='bbox 982 1149 1124 1218; x_wconf 69' lang='lat' dir='ltr'><strong>quod</strong></span> <span class='ocrx_word' id='word_1_82' title='bbox 1168 1148 1257 1214; x_wconf 87' lang='lat' dir='ltr'><strong>qui</strong></span> <span class='ocrx_word' id='word_1_83' title='bbox 1294 1147 1547 1200; x_wconf 89' lang='lat' dir='ltr'><strong>mandata</strong></span> <span class='ocrx_word' id='word_1_84' title='bbox 1583 1144 1923 1214; x_wconf 79' lang='lat' dir='ltr'><strong>excipiebant</strong></span> 
     </span>
    </p>
   </div>
   <div class='ocr_carea' id='block_1_14' title="bbox 344 1233 1910 1306">
    <p class='ocr_par' dir='ltr' id='par_1_14' title="bbox 344 1233 1910 1306">
     <span class='ocr_line' id='line_1_14' title="bbox 344 1233 1910 1306; baseline -0.003 -16"><span class='ocrx_word' id='word_1_85' title='bbox 344 1239 518 1306; x_wconf 84' lang='lat' dir='ltr'><strong>parati</strong></span> <span class='ocrx_word' id='word_1_86' title='bbox 553 1247 732 1292; x_wconf 89' lang='lat' dir='ltr'><strong>essent</strong></span> <span class='ocrx_word' id='word_1_87' title='bbox 762 1237 825 1290; x_wconf 90' lang='lat' dir='ltr'><strong>ad</strong></span> <span class='ocrx_word' id='word_1_88' title='bbox 856 1237 1214 1292; x_wconf 87' lang='lat' dir='ltr'><strong>obediendum</strong></span> <span class='ocrx_word' id='word_1_89' title='bbox 1245 1245 1407 1304; x_wconf 87' lang='lat' dir='ltr'><strong>atque</strong></span> <span class='ocrx_word' id='word_1_90' title='bbox 1435 1234 1702 1304; x_wconf 84' lang='lat' dir='ltr'><strong>proclives</strong></span> <span class='ocrx_word' id='word_1_91' title='bbox 1725 1275 1739 1295; x_wconf 91' lang='lat'><strong>,</strong></span> <span class='ocrx_word' id='word_1_92' title='bbox 1777 1233 1910 1286; x_wconf 90' lang='lat' dir='ltr'><strong>utin</strong></span> 
     </span>
    </p>
   </div>
   <div class='ocr_carea' id='block_1_15' title="bbox 347 1325 1924 1395">
    <p class='ocr_par' dir='ltr' id='par_1_15' title="bbox 347 1325 1924 1395">
     <span class='ocr_line' id='line_1_15' title="bbox 347 1325 1924 1395; baseline -0.005 -11"><span class='ocrx_word' id='word_1_93' title='bbox 347 1329 684 1384; x_wconf 79' lang='lat' dir='ltr'><strong>Ezechiele:</strong></span> <span class='ocrx_word' id='word_1_94' title='bbox 738 1327 806 1382; x_wconf 83' lang='lat' dir='ltr'><strong>El</strong></span> <span class='ocrx_word' id='word_1_95' title='bbox 841 1339 896 1380; x_wconf 85' lang='lat' dir='ltr'><strong>lu</strong></span> <span class='ocrx_word' id='word_1_96' title='bbox 942 1329 1168 1381; x_wconf 80' lang='lat' dir='ltr'><strong>dormies</strong></span> <span class='ocrx_word' id='word_1_97' title='bbox 1215 1343 1372 1395; x_wconf 85' lang='lat' dir='ltr'><strong>super</strong></span> <span class='ocrx_word' id='word_1_98' title='bbox 1407 1328 1548 1380; x_wconf 82' lang='lat' dir='ltr'><strong>latus</strong></span> <span class='ocrx_word' id='word_1_99' title='bbox 1598 1334 1745 1378; x_wconf 81' lang='lat' dir='ltr'><strong>tuum</strong></span> <span class='ocrx_word' id='word_1_100' title='bbox 1793 1325 1924 1378; x_wconf 85' lang='lat' dir='ltr'><strong>sini-</strong></span> 
     </span>
    </p>
   </div>
   <div class='ocr_carea' id='block_1_16' title="bbox 347 1417 1925 1484">
    <p class='ocr_par' dir='ltr' id='par_1_16' title="bbox 347 1417 1925 1484">
     <span class='ocr_line' id='line_1_16' title="bbox 347 1417 1925 1484; baseline -0.003 -11"><span class='ocrx_word' id='word_1_101' title='bbox 347 1430 514 1473; x_wconf 84' lang='lat' dir='ltr'><strong>strum</strong></span> <span class='ocrx_word' id='word_1_102' title='bbox 545 1419 608 1474; x_wconf 75' lang='lat'><strong>“.</strong></span> <span class='ocrx_word' id='word_1_103' title='bbox 636 1420 703 1474; x_wconf 83' lang='lat' dir='ltr'><strong>Et</strong></span> <span class='ocrx_word' id='word_1_104' title='bbox 734 1435 942 1483; x_wconf 89' lang='lat' dir='ltr'><strong>rursus,</strong></span> <span class='ocrx_word' id='word_1_105' title='bbox 976 1418 1212 1472; x_wconf 88' lang='lat' dir='ltr'><strong>Dormies</strong></span> <span class='ocrx_word' id='word_1_106' title='bbox 1248 1434 1404 1484; x_wconf 84' lang='lat' dir='ltr'><strong>super</strong></span> <span class='ocrx_word' id='word_1_107' title='bbox 1435 1417 1576 1471; x_wconf 84' lang='lat' dir='ltr'><strong>latus</strong></span> <span class='ocrx_word' id='word_1_108' title='bbox 1607 1425 1756 1469; x_wconf 85' lang='lat' dir='ltr'><strong>tuum</strong></span> <span class='ocrx_word' id='word_1_109' title='bbox 1797 1417 1925 1468; x_wconf 75' lang='lat' dir='ltr'><strong>dex-</strong></span> 
     </span>
    </p>
   </div>
   <div class='ocr_carea' id='block_1_17' title="bbox 350 1511 1926 1569">
    <p class='ocr_par' dir='ltr' id='par_1_17' title="bbox 350 1511 1926 1569">
     <span class='ocr_line' id='line_1_17' title="bbox 350 1511 1926 1569; baseline -0.003 -2"><span class='ocrx_word' id='word_1_110' title='bbox 350 1515 494 1568; x_wconf 78' lang='lat' dir='ltr'><strong>lrum’</strong></span> <span class='ocrx_word' id='word_1_111' title='bbox 524 1514 588 1568; x_wconf 68' lang='grc' dir='ltr'><strong>ι’.</strong></span> <span class='ocrx_word' id='word_1_112' title='bbox 620 1513 736 1569; x_wconf 87' lang='lat' dir='ltr'><strong>Non</strong></span> <span class='ocrx_word' id='word_1_113' title='bbox 785 1513 931 1568; x_wconf 86' lang='lat' dir='ltr'><strong>enim</strong></span> <span class='ocrx_word' id='word_1_114' title='bbox 965 1514 1194 1568; x_wconf 84' lang='lat' dir='ltr'><strong>subinde</strong></span> <span class='ocrx_word' id='word_1_115' title='bbox 1236 1513 1475 1566; x_wconf 89' lang='lat' dir='ltr'><strong>additum</strong></span> <span class='ocrx_word' id='word_1_116' title='bbox 1516 1522 1600 1566; x_wconf 90' lang='lat' dir='ltr'><strong>est</strong></span> <span class='ocrx_word' id='word_1_117' title='bbox 1641 1525 1764 1565; x_wconf 82' lang='lat' dir='ltr'><strong>eum</strong></span> <span class='ocrx_word' id='word_1_118' title='bbox 1799 1511 1926 1564; x_wconf 89' lang='lat' dir='ltr'><strong>dor-</strong></span> 
     </span>
    </p>
   </div>
   <div class='ocr_carea' id='block_1_18' title="bbox 354 1600 1925 1674">
    <p class='ocr_par' dir='ltr' id='par_1_18' title="bbox 354 1600 1925 1674">
     <span class='ocr_line' id='line_1_18' title="bbox 354 1600 1925 1674; baseline -0.003 -16"><span class='ocrx_word' id='word_1_119' title='bbox 354 1606 546 1659; x_wconf 89' lang='lat' dir='ltr'><strong>miisse</strong></span> <span class='ocrx_word' id='word_1_120' title='bbox 579 1621 742 1674; x_wconf 87' lang='lat' dir='ltr'><strong>super</strong></span> <span class='ocrx_word' id='word_1_121' title='bbox 773 1603 912 1658; x_wconf 87' lang='lat' dir='ltr'><strong>latus</strong></span> <span class='ocrx_word' id='word_1_122' title='bbox 963 1603 1212 1658; x_wconf 78' lang='lat' dir='ltr'><strong>dextrum</strong></span> <span class='ocrx_word' id='word_1_123' title='bbox 1252 1613 1346 1656; x_wconf 90' lang='lat' dir='ltr'><strong>aut</strong></span> <span class='ocrx_word' id='word_1_124' title='bbox 1386 1603 1699 1669; x_wconf 89' lang='lat' dir='ltr'><strong>sinistrum;</strong></span> <span class='ocrx_word' id='word_1_125' title='bbox 1736 1603 1828 1656; x_wconf 86' lang='lat' dir='ltr'><strong>sed</strong></span> <span class='ocrx_word' id='word_1_126' title='bbox 1873 1600 1925 1654; x_wconf 89' lang='lat' dir='ltr'><strong>id</strong></span> 
     </span>
    </p>
   </div>
   <div class='ocr_carea' id='block_1_19' title="bbox 354 1693 1926 1764">
    <p class='ocr_par' dir='ltr' id='par_1_19' title="bbox 354 1693 1926 1764">
     <span class='ocr_line' id='line_1_19' title="bbox 354 1693 1926 1764; baseline -0.001 -16"><span class='ocrx_word' id='word_1_127' title='bbox 354 1697 782 1764; x_wconf 66' lang='lat' dir='ltr'><strong>praetermissum</strong></span> <span class='ocrx_word' id='word_1_128' title='bbox 813 1696 1030 1749; x_wconf 86' lang='lat' dir='ltr'><strong>silentio</strong></span> <span class='ocrx_word' id='word_1_129' title='bbox 1069 1704 1152 1750; x_wconf 90' lang='lat' dir='ltr'><strong>est</strong></span> <span class='ocrx_word' id='word_1_130' title='bbox 1181 1711 1196 1760; x_wconf 91' lang='lat'><strong>;</strong></span> <span class='ocrx_word' id='word_1_131' title='bbox 1225 1705 1280 1749; x_wconf 92' lang='lat' dir='ltr'><strong>et</strong></span> <span class='ocrx_word' id='word_1_132' title='bbox 1313 1703 1490 1748; x_wconf 89' lang='lat' dir='ltr'><strong>tamen</strong></span> <span class='ocrx_word' id='word_1_133' title='bbox 1519 1709 1549 1748; x_wconf 90' lang='lat' dir='ltr'><strong>a</strong></span> <span class='ocrx_word' id='word_1_134' title='bbox 1581 1694 1736 1748; x_wconf 90' lang='lat' dir='ltr'><strong>nobis</strong></span> <span class='ocrx_word' id='word_1_135' title='bbox 1770 1693 1926 1747; x_wconf 88' lang='lat' dir='ltr'><strong>intel-</strong></span> 
     </span>
    </p>
   </div>
   <div class='ocr_carea' id='block_1_20' title="bbox 355 1785 1922 1859">
    <p class='ocr_par' dir='ltr' id='par_1_20' title="bbox 355 1785 1922 1859">
     <span class='ocr_line' id='line_1_20' title="bbox 355 1785 1922 1859; baseline -0.003 -18"><span class='ocrx_word' id='word_1_136' title='bbox 355 1788 540 1857; x_wconf 80' lang='lat' dir='ltr'><strong>ligitur</strong></span> <span class='ocrx_word' id='word_1_137' title='bbox 572 1789 846 1859; x_wconf 72' lang='lat' dir='ltr'><strong>prephetm</strong></span> <span class='ocrx_word' id='word_1_138' title='bbox 871 1789 1202 1844; x_wconf 90' lang='lat' dir='ltr'><strong>obedientia.</strong></span> <span class='ocrx_word' id='word_1_139' title='bbox 1227 1788 1306 1842; x_wconf 82' lang='lat' dir='ltr'><strong>Ad</strong></span> <span class='ocrx_word' id='word_1_140' title='bbox 1340 1789 1481 1841; x_wconf 90' lang='lat' dir='ltr'><strong>hunc</strong></span> <span class='ocrx_word' id='word_1_141' title='bbox 1512 1786 1676 1853; x_wconf 81' lang='lat' dir='ltr'><strong>igitur</strong></span> <span class='ocrx_word' id='word_1_142' title='bbox 1709 1785 1922 1838; x_wconf 91' lang='lat' dir='ltr'><strong>modum</strong></span> 
     </span>
    </p>
   </div>
   <div class='ocr_carea' id='block_1_21' title="bbox 355 1877 1925 1948">
    <p class='ocr_par' dir='ltr' id='par_1_21' title="bbox 355 1877 1925 1948">
     <span class='ocr_line' id='line_1_21' title="bbox 355 1877 1925 1948; baseline -0.003 -17"><span class='ocrx_word' id='word_1_143' title='bbox 355 1879 516 1932; x_wconf 89' lang='lat' dir='ltr'><strong>etiam</strong></span> <span class='ocrx_word' id='word_1_144' title='bbox 552 1881 640 1934; x_wconf 89' lang='lat' dir='ltr'><strong>hic</strong></span> <span class='ocrx_word' id='word_1_145' title='bbox 684 1881 1012 1948; x_wconf 87' lang='lat' dir='ltr'><strong>respondere</strong></span> <span class='ocrx_word' id='word_1_146' title='bbox 1067 1894 1356 1948; x_wconf 86' lang='lat' dir='ltr'><strong>possumus</strong></span> <span class='ocrx_word' id='word_1_147' title='bbox 1396 1877 1461 1930; x_wconf 89' lang='lat' dir='ltr'><strong>ad</strong></span> <span class='ocrx_word' id='word_1_148' title='bbox 1505 1877 1858 1946; x_wconf 72' lang='lat' dir='ltr'><strong>quaestionem</strong></span> <span class='ocrx_word' id='word_1_149' title='bbox 1897 1891 1925 1927; x_wconf 87' lang='lat' dir='ltr'><strong>a</strong></span> 
     </span>
    </p>
   </div>
   <div class='ocr_carea' id='block_1_22' title="bbox 358 1966 1930 2042">
    <p class='ocr_par' dir='ltr' id='par_1_22' title="bbox 358 1966 1930 2042">
     <span class='ocr_line' id='line_1_22' title="bbox 358 1966 1930 2042; baseline -0.002 -20"><span class='ocrx_word' id='word_1_150' title='bbox 358 1969 515 2024; x_wconf 91' lang='lat' dir='ltr'><strong>nobis</strong></span> <span class='ocrx_word' id='word_1_151' title='bbox 546 1971 804 2042; x_wconf 76' lang='lat' dir='ltr'><strong>agitatam</strong></span> <span class='ocrx_word' id='word_1_152' title='bbox 835 1971 977 2039; x_wconf 87' lang='lat' dir='ltr'><strong>quod</strong></span> <span class='ocrx_word' id='word_1_153' title='bbox 1007 1986 1112 2024; x_wconf 92' lang='lat' dir='ltr'><strong>non</strong></span> <span class='ocrx_word' id='word_1_154' title='bbox 1145 1969 1290 2024; x_wconf 85' lang='lat' dir='ltr'><strong>aliud</strong></span> <span class='ocrx_word' id='word_1_155' title='bbox 1327 1969 1510 2038; x_wconf 88' lang='lat' dir='ltr'><strong>jussus</strong></span> <span class='ocrx_word' id='word_1_156' title='bbox 1552 1970 1752 2032; x_wconf 76' lang='lat' dir='ltr'><strong>facere,</strong></span> <span class='ocrx_word' id='word_1_157' title='bbox 1784 1966 1930 2020; x_wconf 81' lang='lat' dir='ltr'><strong>aliud</strong></span> 
     </span>
    </p>
   </div>
   <div class='ocr_carea' id='block_1_23' title="bbox 355 2059 1930 2130">
    <p class='ocr_par' dir='ltr' id='par_1_23' title="bbox 355 2059 1930 2130">
     <span class='ocr_line' id='line_1_23' title="bbox 355 2059 1930 2130; baseline -0.003 -14"><span class='ocrx_word' id='word_1_158' title='bbox 355 2059 577 2127; x_wconf 77' lang='lat' dir='ltr'><strong>fecerit;</strong></span> <span class='ocrx_word' id='word_1_159' title='bbox 611 2063 703 2117; x_wconf 87' lang='lat' dir='ltr'><strong>sed</strong></span> <span class='ocrx_word' id='word_1_160' title='bbox 737 2063 990 2117; x_wconf 88' lang='lat' dir='ltr'><strong>mandato</strong></span> <span class='ocrx_word' id='word_1_161' title='bbox 1036 2062 1126 2116; x_wconf 92' lang='lat' dir='ltr'><strong>illo</strong></span> <span class='ocrx_word' id='word_1_162' title='bbox 1167 2072 1386 2130; x_wconf 89' lang='lat' dir='ltr'><strong>peracto</strong></span> <span class='ocrx_word' id='word_1_163' title='bbox 1414 2101 1429 2126; x_wconf 96' lang='lat'><strong>,</strong></span> <span class='ocrx_word' id='word_1_164' title='bbox 1476 2063 1543 2115; x_wconf 89' lang='lat' dir='ltr'><strong>de</strong></span> <span class='ocrx_word' id='word_1_165' title='bbox 1591 2060 1930 2130; x_wconf 83' lang='lat' dir='ltr'><strong>prophetissa</strong></span> 
     </span>
    </p>
   </div>
   <div class='ocr_carea' id='block_1_24' title="bbox 358 2154 1758 2226">
    <p class='ocr_par' dir='ltr' id='par_1_24' title="bbox 358 2154 1758 2226">
     <span class='ocr_line' id='line_1_24' title="bbox 358 2154 1758 2226; baseline -0.001 -18"><span class='ocrx_word' id='word_1_166' title='bbox 358 2155 516 2210; x_wconf 83' lang='lat' dir='ltr'><strong>nobis</strong></span> <span class='ocrx_word' id='word_1_167' title='bbox 542 2156 794 2210; x_wconf 87' lang='lat' dir='ltr'><strong>edisserit</strong></span> <span class='ocrx_word' id='word_1_168' title='bbox 822 2171 940 2225; x_wconf 60' lang='lat' dir='ltr'><strong>quae</strong></span> <span class='ocrx_word' id='word_1_169' title='bbox 973 2172 1038 2211; x_wconf 77' lang='lat' dir='ltr'><strong>ex</strong></span> <span class='ocrx_word' id='word_1_170' title='bbox 1075 2155 1179 2210; x_wconf 90' lang='lat' dir='ltr'><strong>alio</strong></span> <span class='ocrx_word' id='word_1_171' title='bbox 1209 2155 1444 2226; x_wconf 91' lang='lat' dir='ltr'><strong>pendent</strong></span> <span class='ocrx_word' id='word_1_172' title='bbox 1473 2154 1758 2223; x_wconf 85' lang='lat' dir='ltr'><strong>principio.</strong></span> 
     </span>
    </p>
   </div>
   <div class='ocr_carea' id='block_1_25' title="bbox 424 2328 1932 2398">
    <p class='ocr_par' dir='ltr' id='par_1_25' title="bbox 424 2328 1932 2398">
     <span class='ocr_line' id='line_1_25' title="bbox 424 2328 1932 2398; baseline -0.003 -12"><span class='ocrx_word' id='word_1_173' title='bbox 424 2332 550 2386; x_wconf 76' lang='lat'><strong>207.</strong></span> <span class='ocrx_word' id='word_1_174' title='bbox 585 2331 840 2386; x_wconf 84' lang='lat' dir='ltr'><strong>Fortasse</strong></span> <span class='ocrx_word' id='word_1_175' title='bbox 890 2340 1067 2386; x_wconf 88' lang='lat' dir='ltr'><strong>autem</strong></span> <span class='ocrx_word' id='word_1_176' title='bbox 1113 2339 1294 2385; x_wconf 88' lang='lat' dir='ltr'><strong>tomus</strong></span> <span class='ocrx_word' id='word_1_177' title='bbox 1339 2330 1428 2384; x_wconf 90' lang='lat' dir='ltr'><strong>ille</strong></span> <span class='ocrx_word' id='word_1_178' title='bbox 1480 2329 1600 2382; x_wconf 92' lang='lat' dir='ltr'><strong>novi</strong></span> <span class='ocrx_word' id='word_1_179' title='bbox 1648 2339 1702 2383; x_wconf 93' lang='lat' dir='ltr'><strong>et</strong></span> <span class='ocrx_word' id='word_1_180' title='bbox 1749 2328 1932 2398; x_wconf 72' lang='lat' dir='ltr'><strong>magni</strong></span> 
     </span>
    </p>
   </div>
   <div class='ocr_carea' id='block_1_26' title="bbox 361 2420 1936 2495">
    <p class='ocr_par' dir='ltr' id='par_1_26' title="bbox 361 2420 1936 2495">
     <span class='ocr_line' id='line_1_26' title="bbox 361 2420 1936 2495; baseline -0.003 -17"><span class='ocrx_word' id='word_1_181' title='bbox 361 2425 532 2495; x_wconf 79' lang='lat' dir='ltr'><strong>ﬁgura</strong></span> <span class='ocrx_word' id='word_1_182' title='bbox 582 2433 665 2478; x_wconf 89' lang='lat' dir='ltr'><strong>est</strong></span> <span class='ocrx_word' id='word_1_183' title='bbox 703 2422 1044 2477; x_wconf 86' lang='lat' dir='ltr'><strong>adumbratio</strong></span> <span class='ocrx_word' id='word_1_184' title='bbox 1077 2421 1210 2476; x_wconf 81' lang='lat' dir='ltr'><strong>Novi</strong></span> <span class='ocrx_word' id='word_1_185' title='bbox 1247 2431 1304 2476; x_wconf 90' lang='lat' dir='ltr'><strong>et</strong></span> <span class='ocrx_word' id='word_1_186' title='bbox 1351 2421 1530 2491; x_wconf 84' lang='lat' dir='ltr'><strong>magni</strong></span> <span class='ocrx_word' id='word_1_187' title='bbox 1579 2420 1936 2483; x_wconf 87' lang='lat' dir='ltr'><strong>Testamenti,</strong></span> 
     </span>
    </p>
   </div>
   <div class='ocr_carea' id='block_1_27' title="bbox 361 2510 1937 2584">
    <p class='ocr_par' dir='ltr' id='par_1_27' title="bbox 361 2510 1937 2584">
     <span class='ocr_line' id='line_1_27' title="bbox 361 2510 1937 2584; baseline -0.003 -16"><span class='ocrx_word' id='word_1_188' title='bbox 361 2514 502 2584; x_wconf 86' lang='lat' dir='ltr'><strong>ston</strong></span> <span class='ocrx_word' id='word_1_189' title='bbox 534 2513 767 2568; x_wconf 87' lang='lat' dir='ltr'><strong>hominis</strong></span> <span class='ocrx_word' id='word_1_190' title='bbox 789 2511 1070 2580; x_wconf 82' lang='lat' dir='ltr'><strong>descripti,</strong></span> <span class='ocrx_word' id='word_1_191' title='bbox 1097 2527 1163 2566; x_wconf 78' lang='lat' dir='ltr'><strong>ex</strong></span> <span class='ocrx_word' id='word_1_192' title='bbox 1190 2525 1256 2565; x_wconf 91' lang='lat' dir='ltr'><strong>eo</strong></span> <span class='ocrx_word' id='word_1_193' title='bbox 1293 2512 1436 2580; x_wconf 87' lang='lat' dir='ltr'><strong>quod</strong></span> <span class='ocrx_word' id='word_1_194' title='bbox 1471 2510 1746 2580; x_wconf 81' lang='lat' dir='ltr'><strong>Evangelii</strong></span> <span class='ocrx_word' id='word_1_195' title='bbox 1775 2510 1937 2564; x_wconf 77' lang='lat' dir='ltr'><strong>verba</strong></span> 
     </span>
    </p>
   </div>
   <div class='ocr_carea' id='block_1_28' title="bbox 360 2603 1941 2672">
    <p class='ocr_par' dir='ltr' id='par_1_28' title="bbox 360 2603 1941 2672">
     <span class='ocr_line' id='line_1_28' title="bbox 360 2603 1941 2672; baseline -0.003 -14"><span class='ocrx_word' id='word_1_196' title='bbox 360 2618 614 2658; x_wconf 85' lang='lat' dir='ltr'><strong>sermone</strong></span> <span class='ocrx_word' id='word_1_197' title='bbox 656 2604 914 2666; x_wconf 75' lang='lat' dir='ltr'><strong>humano,</strong></span> <span class='ocrx_word' id='word_1_198' title='bbox 947 2605 1036 2672; x_wconf 90' lang='lat' dir='ltr'><strong>qui</strong></span> <span class='ocrx_word' id='word_1_199' title='bbox 1085 2618 1112 2656; x_wconf 90' lang='lat' dir='ltr'><strong>a</strong></span> <span class='ocrx_word' id='word_1_200' title='bbox 1151 2603 1336 2657; x_wconf 88' lang='lat' dir='ltr'><strong>multis</strong></span> <span class='ocrx_word' id='word_1_201' title='bbox 1369 2603 1540 2656; x_wconf 86' lang='lat' dir='ltr'><strong>audiri</strong></span> <span class='ocrx_word' id='word_1_202' title='bbox 1587 2611 1780 2670; x_wconf 89' lang='lat' dir='ltr'><strong>potest,</strong></span> <span class='ocrx_word' id='word_1_203' title='bbox 1813 2617 1941 2655; x_wconf 88' lang='lat' dir='ltr'><strong>con-</strong></span> 
     </span>
    </p>
   </div>
   <div class='ocr_carea' id='block_1_29' title="bbox 361 2692 1942 2766">
    <p class='ocr_par' dir='ltr' id='par_1_29' title="bbox 361 2692 1942 2766">
     <span class='ocr_line' id='line_1_29' title="bbox 361 2692 1942 2766; baseline -0.004 -15"><span class='ocrx_word' id='word_1_204' title='bbox 361 2699 567 2766; x_wconf 88' lang='lat' dir='ltr'><strong>scripta</strong></span> <span class='ocrx_word' id='word_1_205' title='bbox 608 2695 736 2751; x_wconf 90' lang='lat' dir='ltr'><strong>sint.</strong></span> <span class='ocrx_word' id='word_1_206' title='bbox 762 2695 882 2762; x_wconf 86' lang='lat' dir='ltr'><strong>Quo</strong></span> <span class='ocrx_word' id='word_1_207' title='bbox 920 2697 972 2748; x_wconf 92' lang='lat' dir='ltr'><strong>in</strong></span> <span class='ocrx_word' id='word_1_208' title='bbox 1003 2704 1147 2749; x_wconf 74' lang='lat' dir='ltr'><strong>tonio</strong></span> <span class='ocrx_word' id='word_1_209' title='bbox 1177 2697 1436 2763; x_wconf 83' lang='lat' dir='ltr'><strong>scriptum</strong></span> <span class='ocrx_word' id='word_1_210' title='bbox 1470 2702 1573 2756; x_wconf 91' lang='lat' dir='ltr'><strong>est,</strong></span> <span class='ocrx_word' id='word_1_211' title='bbox 1608 2702 1665 2748; x_wconf 89' lang='lat' dir='ltr'><strong>ut</strong></span> <span class='ocrx_word' id='word_1_212' title='bbox 1687 2692 1942 2746; x_wconf 80' lang='lat' dir='ltr'><strong>velociter</strong></span> 
     </span>
    </p>
   </div>
   <div class='ocr_carea' id='block_1_30' title="bbox 373 2784 1943 2857">
    <p class='ocr_par' dir='ltr' id='par_1_30' title="bbox 373 2784 1943 2857">
     <span class='ocr_line' id='line_1_30' title="bbox 373 2784 1943 2857; baseline -0.003 -15"><span class='ocrx_word' id='word_1_213' title='bbox 373 2791 467 2842; x_wconf 81' lang='lat' dir='ltr'><strong>ﬁat</strong></span> <span class='ocrx_word' id='word_1_214' title='bbox 513 2788 743 2856; x_wconf 89' lang='lat' dir='ltr'><strong>direptio</strong></span> <span class='ocrx_word' id='word_1_215' title='bbox 792 2787 1088 2857; x_wconf 86' lang='lat' dir='ltr'><strong>spoliorum</strong></span> <span class='ocrx_word' id='word_1_216' title='bbox 1136 2804 1150 2840; x_wconf 87' lang='lat'><strong>:</strong></span> <span class='ocrx_word' id='word_1_217' title='bbox 1203 2785 1642 2854; x_wconf 86' lang='lat' dir='ltr'><strong>quandoquidem</strong></span> <span class='ocrx_word' id='word_1_218' title='bbox 1683 2784 1840 2839; x_wconf 75' lang='lat' dir='ltr'><strong>velox</strong></span> <span class='ocrx_word' id='word_1_219' title='bbox 1887 2793 1943 2838; x_wconf 90' lang='lat' dir='ltr'><strong>et.</strong></span> 
     </span>
    </p>
   </div>
   <div class='ocr_carea' id='block_1_31' title="bbox 363 2875 1944 2948">
    <p class='ocr_par' dir='ltr' id='par_1_31' title="bbox 363 2875 1944 2948">
     <span class='ocr_line' id='line_1_31' title="bbox 363 2875 1944 2948; baseline -0.003 -16"><span class='ocrx_word' id='word_1_220' title='bbox 363 2875 576 2948; x_wconf 75' lang='lat' dir='ltr'><strong>fulgure</strong></span> <span class='ocrx_word' id='word_1_221' title='bbox 603 2877 750 2930; x_wconf 90' lang='lat' dir='ltr'><strong>omni</strong></span> <span class='ocrx_word' id='word_1_222' title='bbox 797 2879 947 2932; x_wconf 89' lang='lat' dir='ltr'><strong>ocior</strong></span> <span class='ocrx_word' id='word_1_223' title='bbox 979 2877 1188 2931; x_wconf 82' lang='lat' dir='ltr'><strong>exstitit</strong></span> <span class='ocrx_word' id='word_1_224' title='bbox 1218 2876 1493 2946; x_wconf 82' lang='lat' dir='ltr'><strong>Evangelii</strong></span> <span class='ocrx_word' id='word_1_225' title='bbox 1532 2875 1798 2940; x_wconf 84' lang='lat' dir='ltr'><strong>doctrina,</strong></span> <span class='ocrx_word' id='word_1_226' title='bbox 1823 2890 1944 2944; x_wconf 71' lang='lat' dir='ltr'><strong>qum</strong></span> 
     </span>
    </p>
   </div>
   <div class='ocr_carea' id='block_1_32' title="bbox 367 2967 1941 3038">
    <p class='ocr_par' dir='ltr' id='par_1_32' title="bbox 367 2967 1941 3038">
     <span class='ocr_line' id='line_1_32' title="bbox 367 2967 1941 3038; baseline -0.002 -15"><span class='ocrx_word' id='word_1_227' title='bbox 367 2971 435 3024; x_wconf 89' lang='lat' dir='ltr'><strong>ad</strong></span> <span class='ocrx_word' id='word_1_228' title='bbox 455 2969 592 3025; x_wconf 85' lang='lat' dir='ltr'><strong>ﬁnes</strong></span> <span class='ocrx_word' id='word_1_229' title='bbox 613 2969 761 3024; x_wconf 88' lang='lat' dir='ltr'><strong>orbis</strong></span> <span class='ocrx_word' id='word_1_230' title='bbox 803 2979 1070 3023; x_wconf 90' lang='lat' dir='ltr'><strong>terrarum</strong></span> <span class='ocrx_word' id='word_1_231' title='bbox 1097 2969 1433 3038; x_wconf 76' lang='lat' dir='ltr'><strong>pertingens,</strong></span> <span class='ocrx_word' id='word_1_232' title='bbox 1468 2969 1737 3037; x_wconf 84' lang='lat' dir='ltr'><strong>hujusque</strong></span> <span class='ocrx_word' id='word_1_233' title='bbox 1760 2967 1941 3023; x_wconf 62' lang='lat' dir='ltr'><strong>saeculi</strong></span> 
     </span>
    </p>
   </div>
   <div class='ocr_carea' id='block_1_33' title="bbox 2020 493 3605 572">
    <p class='ocr_par' dir='ltr' id='par_1_33' title="bbox 2020 493 3605 572">
     <span class='ocr_line' id='line_1_33' title="bbox 2020 493 3605 572; baseline -0.007 -18"><span class='ocrx_word' id='word_1_234' title='bbox 2020 519 2205 572; x_wconf 89' lang='grc' dir='ltr'>ρευσις</span> <span class='ocrx_word' id='word_1_235' title='bbox 2232 501 2333 554; x_wconf 79' lang='grc' dir='ltr'><strong>οὐκ</strong></span> <span class='ocrx_word' id='word_1_236' title='bbox 2356 500 2523 564; x_wconf 75' lang='grc' dir='ltr'>ἔστιν,</span> <span class='ocrx_word' id='word_1_237' title='bbox 2548 503 2580 570; x_wconf 85' lang='grc' dir='ltr'>ἠ</span> <span class='ocrx_word' id='word_1_238' title='bbox 2605 499 2782 570; x_wconf 78' lang='grc' dir='ltr'>σιωπὴ</span> <span class='ocrx_word' id='word_1_239' title='bbox 2809 497 3052 568; x_wconf 84' lang='grc' dir='ltr'>δηλονότι</span> <span class='ocrx_word' id='word_1_240' title='bbox 3076 497 3175 567; x_wconf 80' lang='grc' dir='ltr'>τὴν</span> <span class='ocrx_word' id='word_1_241' title='bbox 3205 493 3605 564; x_wconf 82' lang='grc' dir='ltr'><strong>συγκατάθεσιν</strong></span> 
     </span>
    </p>
   </div>
   <div class='ocr_carea' id='block_1_34' title="bbox 2017 582 3606 658">
    <p class='ocr_par' dir='ltr' id='par_1_34' title="bbox 2017 582 3606 658">
     <span class='ocr_line' id='line_1_34' title="bbox 2017 582 3606 658; baseline -0.004 -18"><span class='ocrx_word' id='word_1_242' title='bbox 2017 587 2320 642; x_wconf 83' lang='grc' dir='ltr'>δείκνυσιν·</span> <span class='ocrx_word' id='word_1_243' title='bbox 2362 591 2410 642; x_wconf 77' lang='grc' dir='ltr'><strong>εἰ</strong></span> <span class='ocrx_word' id='word_1_244' title='bbox 2448 589 2505 642; x_wconf 88' lang='grc' dir='ltr'>δὲ</span> <span class='ocrx_word' id='word_1_245' title='bbox 2537 589 2598 640; x_wconf 79' lang='grc' dir='ltr'><strong>ού</strong></span> <span class='ocrx_word' id='word_1_246' title='bbox 2648 587 3066 658; x_wconf 72' lang='grc' dir='ltr'><strong>μεμαρτύρηται</strong></span> <span class='ocrx_word' id='word_1_247' title='bbox 3115 587 3346 655; x_wconf 80' lang='grc' dir='ltr'><strong>ποιήσας</strong></span> <span class='ocrx_word' id='word_1_248' title='bbox 3388 582 3500 653; x_wconf 75' lang='lat'><strong>(‘26)</strong></span> <span class='ocrx_word' id='word_1_249' title='bbox 3541 582 3606 634; x_wconf 84' lang='grc' dir='ltr'><strong>τδ</strong></span> 
     </span>
    </p>
   </div>
   <div class='ocr_carea' id='block_1_35' title="bbox 2019 675 3602 750">
    <p class='ocr_par' dir='ltr' id='par_1_35' title="bbox 2019 675 3602 750">
     <span class='ocr_line' id='line_1_35' title="bbox 2019 675 3602 750; baseline -0.001 -20"><span class='ocrx_word' id='word_1_250' title='bbox 2019 679 2490 750; x_wconf 80' lang='grc' dir='ltr'><strong>προστεταγμένον</strong></span> <span class='ocrx_word' id='word_1_251' title='bbox 2510 695 2524 709; x_wconf 86' lang='grc'>⁶</span> <span class='ocrx_word' id='word_1_252' title='bbox 2556 677 2746 750; x_wconf 76' lang='grc' dir='ltr'>ὥσπερ</span> <span class='ocrx_word' id='word_1_253' title='bbox 2773 679 2801 731; x_wconf 90' lang='lat'><strong>6</strong></span> <span class='ocrx_word' id='word_1_254' title='bbox 2835 678 2993 748; x_wconf 86' lang='grc' dir='ltr'>Ὠσηέ</span> <span class='ocrx_word' id='word_1_255' title='bbox 3013 695 3026 708; x_wconf 76' lang='grc'><em>”</em></span> <span class='ocrx_word' id='word_1_256' title='bbox 3052 675 3254 736; x_wconf 72' lang='grc' dir='ltr'>Βὰδιζε</span> <span class='ocrx_word' id='word_1_257' title='bbox 3275 677 3406 747; x_wconf 81' lang='grc' dir='ltr'>γὰρ,</span> <span class='ocrx_word' id='word_1_258' title='bbox 3443 677 3602 744; x_wconf 76' lang='grc' dir='ltr'>φησὶ,</span> 
     </span>
    </p>
   </div>
   <div class='ocr_carea' id='block_1_36' title="bbox 2018 768 3607 839">
    <p class='ocr_par' dir='ltr' id='par_1_36' title="bbox 2018 768 3607 839">
     <span class='ocr_line' id='line_1_36' title="bbox 2018 768 3607 839; baseline -0.004 -15"><span class='ocrx_word' id='word_1_259' title='bbox 2018 769 2164 824; x_wconf 70' lang='grc' dir='ltr'><strong>λάϐε</strong></span> <span class='ocrx_word' id='word_1_260' title='bbox 2221 769 2454 835; x_wconf 81' lang='grc' dir='ltr'><strong>σεαυτῷ</strong></span> <span class='ocrx_word' id='word_1_261' title='bbox 2502 770 2754 839; x_wconf 78' lang='grc' dir='ltr'>γυναῖκα</span> <span class='ocrx_word' id='word_1_262' title='bbox 2800 770 3082 837; x_wconf 79' lang='grc' dir='ltr'>πορνείας</span> <span class='ocrx_word' id='word_1_263' title='bbox 3116 769 3213 822; x_wconf 81' lang='grc' dir='ltr'>καὶ</span> <span class='ocrx_word' id='word_1_264' title='bbox 3247 768 3429 821; x_wconf 80' lang='grc' dir='ltr'>τέκνα</span> <span class='ocrx_word' id='word_1_265' title='bbox 3459 781 3607 834; x_wconf 79' lang='grc' dir='ltr'>πορ-</span> 
     </span>
    </p>
   </div>
   <div class='ocr_carea' id='block_1_37' title="bbox 2019 859 3607 933">
    <p class='ocr_par' dir='ltr' id='par_1_37' title="bbox 2019 859 3607 933">
     <span class='ocr_line' id='line_1_37' title="bbox 2019 859 3607 933; baseline -0.003 -19"><span class='ocrx_word' id='word_1_266' title='bbox 2019 861 2213 928; x_wconf 68' lang='grc' dir='ltr'>νείας·</span> <span class='ocrx_word' id='word_1_267' title='bbox 2245 859 2365 916; x_wconf 85' lang='grc' dir='ltr'>εἶτα</span> <span class='ocrx_word' id='word_1_268' title='bbox 2398 861 2691 933; x_wconf 76' lang='grc' dir='ltr'>μαρτυρῶν</span> <span class='ocrx_word' id='word_1_269' title='bbox 2725 860 2874 929; x_wconf 86' lang='grc' dir='ltr'>αύτῷ</span> <span class='ocrx_word' id='word_1_270' title='bbox 2902 863 2930 914; x_wconf 87' lang='grc' dir='ltr'>ὁ</span> <span class='ocrx_word' id='word_1_271' title='bbox 2957 860 3132 930; x_wconf 85' lang='grc' dir='ltr'>λόγος,</span> <span class='ocrx_word' id='word_1_272' title='bbox 3165 861 3239 924; x_wconf 84' lang='grc' dir='ltr'>ὡς</span> <span class='ocrx_word' id='word_1_273' title='bbox 3277 860 3607 929; x_wconf 72' lang='grc' dir='ltr'><strong>πεποιηκότι</strong></span> 
     </span>
    </p>
   </div>
   <div class='ocr_carea' id='block_1_38' title="bbox 2020 953 3608 1024">
    <p class='ocr_par' dir='ltr' id='par_1_38' title="bbox 2020 953 3608 1024">
     <span class='ocr_line' id='line_1_38' title="bbox 2020 953 3608 1024; baseline 0 -20"><span class='ocrx_word' id='word_1_274' title='bbox 2020 953 2081 1004; x_wconf 78' lang='grc' dir='ltr'><strong>τὸ</strong></span> <span class='ocrx_word' id='word_1_275' title='bbox 2129 954 2635 1023; x_wconf 80' lang='grc' dir='ltr'>προστεταγμένον,</span> <span class='ocrx_word' id='word_1_276' title='bbox 2672 953 2922 1024; x_wconf 78' lang='grc' dir='ltr'><strong>ἐπιφέρει</strong></span> <span class='ocrx_word' id='word_1_277' title='bbox 2943 969 2957 983; x_wconf 87' lang='grc'>⁶</span> <span class='ocrx_word' id='word_1_278' title='bbox 2993 953 3102 1007; x_wconf 78' lang='grc' dir='ltr'><strong>Καὶ</strong></span> <span class='ocrx_word' id='word_1_279' title='bbox 3137 953 3428 1020; x_wconf 79' lang='grc' dir='ltr'><strong>ἐπορεύθη</strong></span> <span class='ocrx_word' id='word_1_280' title='bbox 3452 991 3467 1015; x_wconf 95' lang='grc'><strong>,</strong></span> <span class='ocrx_word' id='word_1_281' title='bbox 3504 953 3608 1004; x_wconf 78' lang='grc' dir='ltr'><strong>καὶ</strong></span> 
     </span>
    </p>
   </div>
   <div class='ocr_carea' id='block_1_39' title="bbox 2020 1041 3606 1115">
    <p class='ocr_par' dir='ltr' id='par_1_39' title="bbox 2020 1041 3606 1115">
     <span class='ocr_line' id='line_1_39' title="bbox 2020 1041 3606 1115; baseline -0.001 -19"><span class='ocrx_word' id='word_1_282' title='bbox 2020 1044 2198 1099; x_wconf 76' lang='grc' dir='ltr'>ἔλαϐε</span> <span class='ocrx_word' id='word_1_283' title='bbox 2231 1046 2346 1112; x_wconf 79' lang='grc' dir='ltr'><strong>τὴν</strong></span> <span class='ocrx_word' id='word_1_284' title='bbox 2376 1045 2570 1115; x_wconf 83' lang='grc' dir='ltr'>Γομὲρ</span> <span class='ocrx_word' id='word_1_285' title='bbox 2619 1045 2909 1114; x_wconf 74' lang='grc' dir='ltr'>θυγατέρα</span> <span class='ocrx_word' id='word_1_286' title='bbox 2956 1045 3267 1114; x_wconf 76' lang='grc' dir='ltr'>Δεϐηλαίμ.</span> <span class='ocrx_word' id='word_1_287' title='bbox 3341 1041 3606 1113; x_wconf 81' lang='grc' dir='ltr'>Ἀλλαχοῦ</span> 
     </span>
    </p>
   </div>
   <div class='ocr_carea' id='block_1_40' title="bbox 2023 1137 3608 1209">
    <p class='ocr_par' dir='ltr' id='par_1_40' title="bbox 2023 1137 3608 1209">
     <span class='ocr_line' id='line_1_40' title="bbox 2023 1137 3608 1209; baseline -0.002 -19"><span class='ocrx_word' id='word_1_288' title='bbox 2023 1137 2078 1190; x_wconf 82' lang='grc' dir='ltr'><strong>δὲ</strong></span> <span class='ocrx_word' id='word_1_289' title='bbox 2112 1138 2417 1209; x_wconf 83' lang='grc' dir='ltr'>εὑρήσομεν</span> <span class='ocrx_word' id='word_1_290' title='bbox 2447 1138 2842 1208; x_wconf 79' lang='grc' dir='ltr'>προστάγματα</span> <span class='ocrx_word' id='word_1_291' title='bbox 2877 1138 2975 1209; x_wconf 81' lang='grc' dir='ltr'><strong>μὲν</strong></span> <span class='ocrx_word' id='word_1_292' title='bbox 3003 1137 3419 1208; x_wconf 68' lang='grc' dir='ltr'>ἐκφωνηθέντα,</span> <span class='ocrx_word' id='word_1_293' title='bbox 3453 1137 3516 1188; x_wconf 77' lang='grc' dir='ltr'><strong>τὸ</strong></span> <span class='ocrx_word' id='word_1_294' title='bbox 3547 1137 3608 1188; x_wconf 82' lang='grc' dir='ltr'><strong>δέ</strong></span> 
     </span>
    </p>
   </div>
   <div class='ocr_carea' id='block_1_41' title="bbox 2025 1227 3609 1302">
    <p class='ocr_par' dir='ltr' id='par_1_41' title="bbox 2025 1227 3609 1302">
     <span class='ocr_line' id='line_1_41' title="bbox 2025 1227 3609 1302; baseline 0 -22"><span class='ocrx_word' id='word_1_295' title='bbox 2025 1227 2186 1299; x_wconf 78' lang='grc' dir='ltr'>ἔργον</span> <span class='ocrx_word' id='word_1_296' title='bbox 2219 1229 2292 1300; x_wconf 84' lang='grc' dir='ltr'>μὴ</span> <span class='ocrx_word' id='word_1_297' title='bbox 2325 1229 2770 1302; x_wconf 77' lang='grc' dir='ltr'>μαρτυρούμενον</span> <span class='ocrx_word' id='word_1_298' title='bbox 2802 1231 2899 1300; x_wconf 84' lang='grc' dir='ltr'>μὲν</span> <span class='ocrx_word' id='word_1_299' title='bbox 2923 1230 3281 1300; x_wconf 80' lang='grc' dir='ltr'>γεγενῆσθαι,</span> <span class='ocrx_word' id='word_1_300' title='bbox 3314 1227 3609 1298; x_wconf 75' lang='grc' dir='ltr'>νοούμενον</span> 
     </span>
    </p>
   </div>
   <div class='ocr_carea' id='block_1_42' title="bbox 2023 1320 3609 1392">
    <p class='ocr_par' dir='ltr' id='par_1_42' title="bbox 2023 1320 3609 1392">
     <span class='ocr_line' id='line_1_42' title="bbox 2023 1320 3609 1392; baseline -0.001 -20"><span class='ocrx_word' id='word_1_301' title='bbox 2023 1320 2080 1372; x_wconf 81' lang='grc' dir='ltr'><strong>δὲ</strong></span> <span class='ocrx_word' id='word_1_302' title='bbox 2109 1323 2240 1390; x_wconf 90' lang='grc' dir='ltr'>παρ’</span> <span class='ocrx_word' id='word_1_303' title='bbox 2273 1320 2432 1392; x_wconf 77' lang='grc' dir='ltr'>ἡμῶν</span> <span class='ocrx_word' id='word_1_304' title='bbox 2457 1361 2472 1382; x_wconf 86' lang='grc'><strong>,</strong></span> <span class='ocrx_word' id='word_1_305' title='bbox 2503 1320 2589 1374; x_wconf 82' lang='grc' dir='ltr'>διὰ</span> <span class='ocrx_word' id='word_1_306' title='bbox 2621 1321 2682 1373; x_wconf 84' lang='grc' dir='ltr'><strong>τὸ</strong></span> <span class='ocrx_word' id='word_1_307' title='bbox 2710 1321 2957 1381; x_wconf 74' lang='grc' dir='ltr'>εὐπειθὲς</span> <span class='ocrx_word' id='word_1_308' title='bbox 2990 1321 3098 1374; x_wconf 82' lang='grc' dir='ltr'><strong>τῶν</strong></span> <span class='ocrx_word' id='word_1_309' title='bbox 3138 1321 3609 1392; x_wconf 86' lang='grc' dir='ltr'>ἐπιτεταγμένων,</span> 
     </span>
    </p>
   </div>
   <div class='ocr_carea' id='block_1_43' title="bbox 2025 1411 3610 1483">
    <p class='ocr_par' dir='ltr' id='par_1_43' title="bbox 2025 1411 3610 1483">
     <span class='ocr_line' id='line_1_43' title="bbox 2025 1411 3610 1483; baseline 0.001 -20"><span class='ocrx_word' id='word_1_310' title='bbox 2025 1411 2101 1474; x_wconf 85' lang='grc' dir='ltr'>ὡς</span> <span class='ocrx_word' id='word_1_311' title='bbox 2136 1412 2247 1482; x_wconf 76' lang='lat'><strong>(9.7)</strong></span> <span class='ocrx_word' id='word_1_312' title='bbox 2282 1413 2374 1464; x_wconf 73' lang='grc' dir='ltr'><strong>ἐπὶ</strong></span> <span class='ocrx_word' id='word_1_313' title='bbox 2401 1411 2496 1465; x_wconf 91' lang='grc' dir='ltr'><strong>τοῦ</strong></span> <span class='ocrx_word' id='word_1_314' title='bbox 2538 1411 2830 1483; x_wconf 76' lang='grc' dir='ltr'>’Ῐεξεκιήλο</span> <span class='ocrx_word' id='word_1_315' title='bbox 2879 1412 2987 1466; x_wconf 82' lang='lat' dir='ltr'><strong>Kal</strong></span> <span class='ocrx_word' id='word_1_316' title='bbox 3021 1411 3101 1466; x_wconf 88' lang='grc' dir='ltr'><strong>σὺ</strong></span> <span class='ocrx_word' id='word_1_317' title='bbox 3131 1411 3472 1482; x_wconf 78' lang='grc' dir='ltr'>κοιμηοήσῃ</span> <span class='ocrx_word' id='word_1_318' title='bbox 3504 1411 3610 1465; x_wconf 74' lang='grc' dir='ltr'><strong>ἐπὶ</strong></span> 
     </span>
    </p>
   </div>
   <div class='ocr_carea' id='block_1_44' title="bbox 2026 1503 3616 1574">
    <p class='ocr_par' dir='ltr' id='par_1_44' title="bbox 2026 1503 3616 1574">
     <span class='ocr_line' id='line_1_44' title="bbox 2026 1503 3616 1574; baseline 0.002 -18"><span class='ocrx_word' id='word_1_319' title='bbox 2026 1503 2092 1556; x_wconf 82' lang='grc' dir='ltr'>τὸ</span> <span class='ocrx_word' id='word_1_320' title='bbox 2123 1506 2392 1571; x_wconf 69' lang='grc' dir='ltr'>πλευρόν</span> <span class='ocrx_word' id='word_1_321' title='bbox 2419 1523 2536 1559; x_wconf 88' lang='grc' dir='ltr'><strong>σου</strong></span> <span class='ocrx_word' id='word_1_322' title='bbox 2567 1505 2634 1559; x_wconf 86' lang='grc' dir='ltr'>τὸ</span> <span class='ocrx_word' id='word_1_323' title='bbox 2660 1507 2980 1574; x_wconf 77' lang='grc' dir='ltr'>ἀριστερόν</span> <span class='ocrx_word' id='word_1_324' title='bbox 3001 1525 3014 1538; x_wconf 88' lang='grc'><strong>·</strong></span> <span class='ocrx_word' id='word_1_325' title='bbox 3052 1507 3144 1559; x_wconf 69' lang='grc' dir='ltr'>καὶ</span> <span class='ocrx_word' id='word_1_326' title='bbox 3177 1506 3339 1560; x_wconf 83' lang='grc' dir='ltr'>πάλιν</span> <span class='ocrx_word' id='word_1_327' title='bbox 3358 1524 3371 1536; x_wconf 87' lang='grc'><strong>·</strong></span> <span class='ocrx_word' id='word_1_328' title='bbox 3397 1509 3616 1574; x_wconf 81' lang='grc' dir='ltr'>Κοιμη-</span> 
     </span>
    </p>
   </div>
   <div class='ocr_carea' id='block_1_45' title="bbox 2027 1595 3614 1670">
    <p class='ocr_par' dir='ltr' id='par_1_45' title="bbox 2027 1595 3614 1670">
     <span class='ocr_line' id='line_1_45' title="bbox 2027 1595 3614 1670; baseline -0.001 -21"><span class='ocrx_word' id='word_1_329' title='bbox 2027 1595 2184 1664; x_wconf 61' lang='grc' dir='ltr'>θήσῃ</span> <span class='ocrx_word' id='word_1_330' title='bbox 2211 1597 2308 1650; x_wconf 80' lang='grc' dir='ltr'><strong>ἐπὶ</strong></span> <span class='ocrx_word' id='word_1_331' title='bbox 2341 1597 2404 1650; x_wconf 84' lang='grc' dir='ltr'>τὸ</span> <span class='ocrx_word' id='word_1_332' title='bbox 2444 1599 2710 1666; x_wconf 59' lang='grc' dir='ltr'>πλειξρόν</span> <span class='ocrx_word' id='word_1_333' title='bbox 2746 1613 2862 1651; x_wconf 84' lang='grc' dir='ltr'><strong>σου</strong></span> <span class='ocrx_word' id='word_1_334' title='bbox 2893 1598 2960 1651; x_wconf 71' lang='grc' dir='ltr'>τὸ</span> <span class='ocrx_word' id='word_1_335' title='bbox 2993 1597 3212 1662; x_wconf 78' lang='grc' dir='ltr'>δεξιόν.</span> <span class='ocrx_word' id='word_1_336' title='bbox 3258 1600 3332 1651; x_wconf 86' lang='grc' dir='ltr'><strong>Ού</strong></span> <span class='ocrx_word' id='word_1_337' title='bbox 3357 1597 3468 1670; x_wconf 72' lang='grc' dir='ltr'>γὰρ</span> <span class='ocrx_word' id='word_1_338' title='bbox 3518 1599 3614 1649; x_wconf 61' lang='grc' dir='ltr'>ἐπα</span> 
     </span>
    </p>
   </div>
   <div class='ocr_carea' id='block_1_46' title="bbox 2031 1683 3613 1757">
    <p class='ocr_par' dir='ltr' id='par_1_46' title="bbox 2031 1683 3613 1757">
     <span class='ocr_line' id='line_1_46' title="bbox 2031 1683 3613 1757; baseline -0.001 -19"><span class='ocrx_word' id='word_1_339' title='bbox 2031 1687 2336 1756; x_wconf 81' lang='grc' dir='ltr'>ενὴνεκται,</span> <span class='ocrx_word' id='word_1_340' title='bbox 2364 1687 2444 1739; x_wconf 84' lang='grc' dir='ltr'><strong>ὅτι</strong></span> <span class='ocrx_word' id='word_1_341' title='bbox 2468 1686 2736 1757; x_wconf 77' lang='grc' dir='ltr'>ἐκοιμήθη</span> <span class='ocrx_word' id='word_1_342' title='bbox 2757 1687 2848 1740; x_wconf 77' lang='grc' dir='ltr'>ἐπὶ</span> <span class='ocrx_word' id='word_1_343' title='bbox 2867 1687 2927 1740; x_wconf 82' lang='grc' dir='ltr'><strong>τὸ</strong></span> <span class='ocrx_word' id='word_1_344' title='bbox 2947 1685 3116 1751; x_wconf 77' lang='grc' dir='ltr'>δεξιὸν</span> <span class='ocrx_word' id='word_1_345' title='bbox 3149 1685 3379 1757; x_wconf 83' lang='grc' dir='ltr'>πλευρὸν</span> <span class='ocrx_word' id='word_1_346' title='bbox 3397 1729 3409 1746; x_wconf 83' lang='lat'><strong>,</strong></span> <span class='ocrx_word' id='word_1_347' title='bbox 3437 1686 3471 1754; x_wconf 80' lang='grc' dir='ltr'>ἧ</span> <span class='ocrx_word' id='word_1_348' title='bbox 3497 1683 3613 1755; x_wconf 71' lang='lat'><strong>(‘28)</strong></span> 
     </span>
    </p>
   </div>
   <div class='ocr_carea' id='block_1_47' title="bbox 2030 1777 3618 1850">
    <p class='ocr_par' dir='ltr' id='par_1_47' title="bbox 2030 1777 3618 1850">
     <span class='ocr_line' id='line_1_47' title="bbox 2030 1777 3618 1850; baseline 0 -19"><span class='ocrx_word' id='word_1_349' title='bbox 2030 1778 2090 1831; x_wconf 75' lang='grc' dir='ltr'>τὸ</span> <span class='ocrx_word' id='word_1_350' title='bbox 2117 1777 2428 1849; x_wconf 81' lang='grc' dir='ltr'>ἀριστερὸν,</span> <span class='ocrx_word' id='word_1_351' title='bbox 2455 1777 2592 1832; x_wconf 83' lang='grc' dir='ltr'>ἀλλὰ</span> <span class='ocrx_word' id='word_1_352' title='bbox 2619 1777 3109 1850; x_wconf 84' lang='grc' dir='ltr'>παρασεσιώπηται</span> <span class='ocrx_word' id='word_1_353' title='bbox 3131 1797 3142 1808; x_wconf 95' lang='grc'><strong>·</strong></span> <span class='ocrx_word' id='word_1_354' title='bbox 3166 1781 3366 1832; x_wconf 80' lang='grc' dir='ltr'>νοεῖται</span> <span class='ocrx_word' id='word_1_355' title='bbox 3395 1778 3451 1831; x_wconf 90' lang='grc' dir='ltr'><strong>δέ</strong></span> <span class='ocrx_word' id='word_1_356' title='bbox 3484 1779 3618 1849; x_wconf 81' lang='grc' dir='ltr'>παρ’</span> 
     </span>
    </p>
   </div>
   <div class='ocr_carea' id='block_1_48' title="bbox 2030 1867 3621 1942">
    <p class='ocr_par' dir='ltr' id='par_1_48' title="bbox 2030 1867 3621 1942">
     <span class='ocr_line' id='line_1_48' title="bbox 2030 1867 3621 1942; baseline 0.001 -21"><span class='ocrx_word' id='word_1_357' title='bbox 2030 1871 2062 1940; x_wconf 78' lang='grc' dir='ltr'>ἡ</span> <span class='ocrx_word' id='word_1_358' title='bbox 2072 1869 2187 1938; x_wconf 83' lang='grc' dir='ltr'><strong>μῶν</strong></span> <span class='ocrx_word' id='word_1_359' title='bbox 2209 1871 2241 1938; x_wconf 83' lang='grc' dir='ltr'>ἡ</span> <span class='ocrx_word' id='word_1_360' title='bbox 2267 1869 2480 1940; x_wconf 76' lang='grc' dir='ltr'>ὑπακοὴ</span> <span class='ocrx_word' id='word_1_361' title='bbox 2503 1869 2596 1923; x_wconf 91' lang='grc' dir='ltr'><strong>τοῦ</strong></span> <span class='ocrx_word' id='word_1_362' title='bbox 2621 1875 2920 1942; x_wconf 68' lang='grc' dir='ltr'>προφήτου.</span> <span class='ocrx_word' id='word_1_363' title='bbox 2943 1870 3128 1934; x_wconf 77' lang='grc' dir='ltr'>Οῦτως</span> <span class='ocrx_word' id='word_1_364' title='bbox 3153 1867 3245 1924; x_wconf 74' lang='grc' dir='ltr'><strong>οὖν</strong></span> <span class='ocrx_word' id='word_1_365' title='bbox 3266 1872 3359 1924; x_wconf 73' lang='grc' dir='ltr'>καὶ</span> <span class='ocrx_word' id='word_1_366' title='bbox 3380 1869 3621 1923; x_wconf 87' lang='grc' dir='ltr'>ἐνταῦθα</span> 
     </span>
    </p>
   </div>
   <div class='ocr_carea' id='block_1_49' title="bbox 2030 1959 3616 2034">
    <p class='ocr_par' dir='ltr' id='par_1_49' title="bbox 2030 1959 3616 2034">
     <span class='ocr_line' id='line_1_49' title="bbox 2030 1959 3616 2034; baseline 0.002 -23"><span class='ocrx_word' id='word_1_367' title='bbox 2030 1959 2254 2012; x_wconf 82' lang='grc' dir='ltr'>δυνατὸν</span> <span class='ocrx_word' id='word_1_368' title='bbox 2275 1959 2719 2031; x_wconf 74' lang='grc' dir='ltr'>ἀπολογήσασθαι</span> <span class='ocrx_word' id='word_1_369' title='bbox 2743 1979 2809 2014; x_wconf 89' lang='grc' dir='ltr'><strong>πε</strong></span> <span class='ocrx_word' id='word_1_370' title='bbox 2819 1964 2871 2030; x_wconf 73' lang='lat' dir='ltr'><strong>pl.</strong></span> <span class='ocrx_word' id='word_1_371' title='bbox 2891 1960 2982 2015; x_wconf 91' lang='grc' dir='ltr'><strong>τοῦ</strong></span> <span class='ocrx_word' id='word_1_372' title='bbox 3001 1963 3439 2034; x_wconf 84' lang='grc' dir='ltr'>ἐπαπορηθέντος</span> <span class='ocrx_word' id='word_1_373' title='bbox 3458 1965 3616 2033; x_wconf 70' lang='grc' dir='ltr'>ἡμῖν,</span> 
     </span>
    </p>
   </div>
   <div class='ocr_carea' id='block_1_50' title="bbox 2031 2051 3618 2124">
    <p class='ocr_par' dir='ltr' id='par_1_50' title="bbox 2031 2051 3618 2124">
     <span class='ocr_line' id='line_1_50' title="bbox 2031 2051 3618 2124; baseline 0.001 -21"><span class='ocrx_word' id='word_1_374' title='bbox 2031 2053 2113 2104; x_wconf 81' lang='grc' dir='ltr'><strong>ὅτι</strong></span> <span class='ocrx_word' id='word_1_375' title='bbox 2157 2051 2279 2121; x_wconf 71' lang='grc' dir='ltr'>ούχὶ</span> <span class='ocrx_word' id='word_1_376' title='bbox 2323 2051 2512 2121; x_wconf 85' lang='grc' dir='ltr'>ἓτερον</span> <span class='ocrx_word' id='word_1_377' title='bbox 2563 2053 2964 2123; x_wconf 70' lang='grc' dir='ltr'>προσταχθεὶς,</span> <span class='ocrx_word' id='word_1_378' title='bbox 3000 2055 3126 2108; x_wconf 81' lang='grc' dir='ltr'>ἄλλο</span> <span class='ocrx_word' id='word_1_379' title='bbox 3157 2055 3449 2124; x_wconf 76' lang='grc' dir='ltr'>ἐποίησενο</span> <span class='ocrx_word' id='word_1_380' title='bbox 3501 2055 3618 2108; x_wconf 81' lang='grc' dir='ltr'>ἀλλ’</span> 
     </span>
    </p>
   </div>
   <div class='ocr_carea' id='block_1_51' title="bbox 2033 2142 3621 2219">
    <p class='ocr_par' dir='ltr' id='par_1_51' title="bbox 2033 2142 3621 2219">
     <span class='ocr_line' id='line_1_51' title="bbox 2033 2142 3621 2219; baseline 0.003 -25"><span class='ocrx_word' id='word_1_381' title='bbox 2033 2145 2206 2195; x_wconf 85' lang='grc' dir='ltr'>ἐκεῖνο</span> <span class='ocrx_word' id='word_1_382' title='bbox 2231 2142 2456 2206; x_wconf 79' lang='grc' dir='ltr'>τελέσας</span> <span class='ocrx_word' id='word_1_383' title='bbox 2483 2183 2497 2205; x_wconf 88' lang='grc'><strong>,</strong></span> <span class='ocrx_word' id='word_1_384' title='bbox 2555 2144 2662 2196; x_wconf 75' lang='grc' dir='ltr'><strong>ἀπὸ</strong></span> <span class='ocrx_word' id='word_1_385' title='bbox 2695 2146 2886 2216; x_wconf 79' lang='grc' dir='ltr'>ἐτέρας</span> <span class='ocrx_word' id='word_1_386' title='bbox 2918 2145 3028 2216; x_wconf 70' lang='grc'><strong>(29)</strong></span> <span class='ocrx_word' id='word_1_387' title='bbox 3057 2147 3230 2219; x_wconf 74' lang='grc' dir='ltr'>ἀρχῆς</span> <span class='ocrx_word' id='word_1_388' title='bbox 3261 2147 3330 2199; x_wconf 76' lang='grc' dir='ltr'><strong>τὰ</strong></span> <span class='ocrx_word' id='word_1_389' title='bbox 3359 2146 3490 2217; x_wconf 70' lang='grc' dir='ltr'>περὶ</span> <span class='ocrx_word' id='word_1_390' title='bbox 3521 2144 3621 2216; x_wconf 83' lang='grc' dir='ltr'>τῆς</span> 
     </span>
    </p>
   </div>
   <div class='ocr_carea' id='block_1_52' title="bbox 2035 2233 2885 2305">
    <p class='ocr_par' dir='ltr' id='par_1_52' title="bbox 2035 2233 2885 2305">
     <span class='ocr_line' id='line_1_52' title="bbox 2035 2233 2885 2305; baseline 0.002 -19"><span class='ocrx_word' id='word_1_391' title='bbox 2035 2233 2364 2305; x_wconf 70' lang='grc' dir='ltr'>προφήτιδος</span> <span class='ocrx_word' id='word_1_392' title='bbox 2397 2235 2529 2303; x_wconf 77' lang='grc' dir='ltr'>ἡμῖν</span> <span class='ocrx_word' id='word_1_393' title='bbox 2557 2234 2885 2302; x_wconf 82' lang='grc' dir='ltr'>διαλέγεται.</span> 
     </span>
    </p>
   </div>
   <div class='ocr_carea' id='block_1_53' title="bbox 2105 2323 3621 2396">
    <p class='ocr_par' dir='ltr' id='par_1_53' title="bbox 2105 2323 3621 2396">
     <span class='ocr_line' id='line_1_53' title="bbox 2105 2323 3621 2396; baseline 0.001 -20"><span class='ocrx_word' id='word_1_394' title='bbox 2105 2325 2230 2378; x_wconf 69' lang='lat'><strong>207.</strong></span> <span class='ocrx_word' id='word_1_395' title='bbox 2263 2325 2490 2394; x_wconf 80' lang='grc' dir='ltr'>Μήποτε</span> <span class='ocrx_word' id='word_1_396' title='bbox 2514 2323 2570 2376; x_wconf 83' lang='grc' dir='ltr'><strong>δὲ</strong></span> <span class='ocrx_word' id='word_1_397' title='bbox 2598 2323 2765 2388; x_wconf 87' lang='grc' dir='ltr'>τύπος</span> <span class='ocrx_word' id='word_1_398' title='bbox 2789 2325 2934 2378; x_wconf 71' lang='grc' dir='ltr'>ἐστὶν</span> <span class='ocrx_word' id='word_1_399' title='bbox 2958 2325 3092 2378; x_wconf 86' lang='grc' dir='ltr'>ὁτοῦ</span> <span class='ocrx_word' id='word_1_400' title='bbox 3110 2325 3297 2379; x_wconf 79' lang='grc' dir='ltr'>καινοῦ</span> <span class='ocrx_word' id='word_1_401' title='bbox 3309 2327 3404 2379; x_wconf 75' lang='grc' dir='ltr'><strong>καὶ</strong></span> <span class='ocrx_word' id='word_1_402' title='bbox 3446 2326 3621 2396; x_wconf 82' lang='grc' dir='ltr'>μεγὰ-</span> 
     </span>
    </p>
   </div>
   <div class='ocr_carea' id='block_1_54' title="bbox 2037 2414 3622 2488">
    <p class='ocr_par' dir='ltr' id='par_1_54' title="bbox 2037 2414 3622 2488">
     <span class='ocr_line' id='line_1_54' title="bbox 2037 2414 3622 2488; baseline 0.003 -22"><span class='ocrx_word' id='word_1_403' title='bbox 2037 2414 2130 2467; x_wconf 88' lang='grc' dir='ltr'><strong>λου</strong></span> <span class='ocrx_word' id='word_1_404' title='bbox 2180 2415 2345 2484; x_wconf 80' lang='grc' dir='ltr'>τόμος</span> <span class='ocrx_word' id='word_1_405' title='bbox 2382 2415 2481 2485; x_wconf 82' lang='grc' dir='ltr'>τῆς</span> <span class='ocrx_word' id='word_1_406' title='bbox 2510 2414 2718 2484; x_wconf 78' lang='grc' dir='ltr'>Καινῆς</span> <span class='ocrx_word' id='word_1_407' title='bbox 2747 2416 2841 2468; x_wconf 81' lang='grc' dir='ltr'><strong>καὶ</strong></span> <span class='ocrx_word' id='word_1_408' title='bbox 2875 2417 3114 2488; x_wconf 79' lang='grc' dir='ltr'>μεγάλης</span> <span class='ocrx_word' id='word_1_409' title='bbox 3147 2417 3442 2488; x_wconf 79' lang='grc' dir='ltr'>Διαθήκης.</span> <span class='ocrx_word' id='word_1_410' title='bbox 3485 2434 3622 2487; x_wconf 88' lang='grc' dir='ltr'>γρα-</span> 
     </span>
    </p>
   </div>
   <div class='ocr_carea' id='block_1_55' title="bbox 2040 2505 3626 2584">
    <p class='ocr_par' dir='ltr' id='par_1_55' title="bbox 2040 2505 3626 2584">
     <span class='ocr_line' id='line_1_55' title="bbox 2040 2505 3626 2584; baseline 0.003 -26"><span class='ocrx_word' id='word_1_411' title='bbox 2040 2507 2150 2576; x_wconf 76' lang='grc' dir='ltr'>φίδι</span> <span class='ocrx_word' id='word_1_412' title='bbox 2195 2505 2480 2570; x_wconf 84' lang='grc' dir='ltr'>ἀνθρώπου</span> <span class='ocrx_word' id='word_1_413' title='bbox 2523 2507 2946 2580; x_wconf 72' lang='grc' dir='ltr'>γεγραμμένης·</span> <span class='ocrx_word' id='word_1_414' title='bbox 2994 2508 3083 2562; x_wconf 80' lang='grc' dir='ltr'>διὰ</span> <span class='ocrx_word' id='word_1_415' title='bbox 3117 2509 3176 2562; x_wconf 85' lang='grc' dir='ltr'><strong>τδ</strong></span> <span class='ocrx_word' id='word_1_416' title='bbox 3213 2509 3356 2576; x_wconf 79' lang='grc' dir='ltr'>λέξει</span> <span class='ocrx_word' id='word_1_417' title='bbox 3411 2510 3626 2584; x_wconf 78' lang='grc' dir='ltr'>ἀνθρωο</span> 
     </span>
    </p>
   </div>
   <div class='ocr_carea' id='block_1_56' title="bbox 2044 2599 3624 2674">
    <p class='ocr_par' dir='ltr' id='par_1_56' title="bbox 2044 2599 3624 2674">
     <span class='ocr_line' id='line_1_56' title="bbox 2044 2599 3624 2674; baseline 0.001 -22"><span class='ocrx_word' id='word_1_418' title='bbox 2044 2599 2176 2670; x_wconf 83' lang='grc' dir='ltr'>πίνῃ</span> <span class='ocrx_word' id='word_1_419' title='bbox 2226 2600 2322 2652; x_wconf 76' lang='grc' dir='ltr'><strong>καὶ</strong></span> <span class='ocrx_word' id='word_1_420' title='bbox 2373 2599 2668 2653; x_wconf 81' lang='grc' dir='ltr'>ἀκούεσθαι</span> <span class='ocrx_word' id='word_1_421' title='bbox 2713 2599 2989 2674; x_wconf 80' lang='grc' dir='ltr'>δυναμένῃ</span> <span class='ocrx_word' id='word_1_422' title='bbox 3038 2599 3188 2672; x_wconf 82' lang='grc' dir='ltr'>παρᾶ</span> <span class='ocrx_word' id='word_1_423' title='bbox 3240 2601 3349 2655; x_wconf 86' lang='grc' dir='ltr'><strong>τῶν</strong></span> <span class='ocrx_word' id='word_1_424' title='bbox 3388 2601 3624 2668; x_wconf 81' lang='grc' dir='ltr'>πολλῶν,</span> 
     </span>
    </p>
   </div>
   <div class='ocr_carea' id='block_1_57' title="bbox 2041 2686 3625 2762">
    <p class='ocr_par' dir='ltr' id='par_1_57' title="bbox 2041 2686 3625 2762">
     <span class='ocr_line' id='line_1_57' title="bbox 2041 2686 3625 2762; baseline 0.001 -18"><span class='ocrx_word' id='word_1_425' title='bbox 2041 2689 2351 2762; x_wconf 79' lang='grc' dir='ltr'>γεγράφθαι</span> <span class='ocrx_word' id='word_1_426' title='bbox 2409 2691 2504 2743; x_wconf 88' lang='grc' dir='ltr'><strong>τοῦ</strong></span> <span class='ocrx_word' id='word_1_427' title='bbox 2552 2690 2886 2760; x_wconf 83' lang='grc' dir='ltr'>Εύαγγελίου</span> <span class='ocrx_word' id='word_1_428' title='bbox 2920 2691 2988 2744; x_wconf 78' lang='grc' dir='ltr'>τὰ</span> <span class='ocrx_word' id='word_1_429' title='bbox 3047 2693 3284 2762; x_wconf 72' lang='grc' dir='ltr'>ῥήματα.</span> <span class='ocrx_word' id='word_1_430' title='bbox 3332 2693 3419 2744; x_wconf 85' lang='grc' dir='ltr'>Ἐν</span> <span class='ocrx_word' id='word_1_431' title='bbox 3531 2693 3625 2760; x_wconf 86' lang='grc' dir='ltr'>γέ-</span> 
     </span>
    </p>
   </div>
   <div class='ocr_carea' id='block_1_58' title="bbox 2043 2782 3628 2855">
    <p class='ocr_par' dir='ltr' id='par_1_58' title="bbox 2043 2782 3628 2855">
     <span class='ocr_line' id='line_1_58' title="bbox 2043 2782 3628 2855; baseline 0.002 -20"><span class='ocrx_word' id='word_1_432' title='bbox 2043 2800 2286 2852; x_wconf 84' lang='grc' dir='ltr'>γραπται</span> <span class='ocrx_word' id='word_1_433' title='bbox 2325 2783 2386 2836; x_wconf 83' lang='grc' dir='ltr'><strong>τὸ</strong></span> <span class='ocrx_word' id='word_1_434' title='bbox 2430 2782 2596 2848; x_wconf 79' lang='grc' dir='ltr'>ὀξέως</span> <span class='ocrx_word' id='word_1_435' title='bbox 2639 2783 2918 2855; x_wconf 79' lang='grc' dir='ltr'>προνομὴν</span> <span class='ocrx_word' id='word_1_436' title='bbox 2973 2784 3192 2852; x_wconf 80' lang='grc' dir='ltr'>ποιῆσαι</span> <span class='ocrx_word' id='word_1_437' title='bbox 3239 2784 3480 2837; x_wconf 81' lang='grc' dir='ltr'>σκύλων·</span> <span class='ocrx_word' id='word_1_438' title='bbox 3519 2784 3628 2838; x_wconf 74' lang='grc' dir='ltr'>διό-</span> 
     </span>
    </p>
   </div>
   <div class='ocr_carea' id='block_1_59' title="bbox 2045 2873 3626 2945">
    <p class='ocr_par' dir='ltr' id='par_1_59' title="bbox 2045 2873 3626 2945">
     <span class='ocr_line' id='line_1_59' title="bbox 2045 2873 3626 2945; baseline 0.004 -21"><span class='ocrx_word' id='word_1_439' title='bbox 2045 2890 2095 2925; x_wconf 86' lang='grc' dir='ltr'><strong>τι</strong></span> <span class='ocrx_word' id='word_1_440' title='bbox 2124 2876 2318 2942; x_wconf 80' lang='grc' dir='ltr'>ταχεῖα</span> <span class='ocrx_word' id='word_1_441' title='bbox 2354 2874 2568 2942; x_wconf 89' lang='grc' dir='ltr'>γέγονε,</span> <span class='ocrx_word' id='word_1_442' title='bbox 2607 2873 2702 2926; x_wconf 74' lang='grc' dir='ltr'><strong>καὶ</strong></span> <span class='ocrx_word' id='word_1_443' title='bbox 2737 2874 3026 2944; x_wconf 81' lang='grc' dir='ltr'>ἀστραπῆς</span> <span class='ocrx_word' id='word_1_444' title='bbox 3072 2874 3302 2945; x_wconf 79' lang='grc' dir='ltr'>ὀξυτέρα</span> <span class='ocrx_word' id='word_1_445' title='bbox 3349 2874 3551 2942; x_wconf 78' lang='grc' dir='ltr'>πάσης,</span> <span class='ocrx_word' id='word_1_446' title='bbox 3592 2878 3626 2944; x_wconf 75' lang='grc' dir='ltr'>ἡ</span> 
     </span>
    </p>
   </div>
   <div class='ocr_carea' id='block_1_60' title="bbox 2045 2965 3631 3040">
    <p class='ocr_par' dir='ltr' id='par_1_60' title="bbox 2045 2965 3631 3040">
     <span class='ocr_line' id='line_1_60' title="bbox 2045 2965 3631 3040; baseline 0.002 -22"><span class='ocrx_word' id='word_1_447' title='bbox 2045 2965 2138 3019; x_wconf 87' lang='grc' dir='ltr'><strong>τοῦ</strong></span> <span class='ocrx_word' id='word_1_448' title='bbox 2197 2966 2529 3034; x_wconf 87' lang='grc' dir='ltr'>Εύαγγελίου</span> <span class='ocrx_word' id='word_1_449' title='bbox 2583 2965 2920 3032; x_wconf 84' lang='grc' dir='ltr'>διδασκαλία,</span> <span class='ocrx_word' id='word_1_450' title='bbox 2988 2968 3083 3020; x_wconf 73' lang='grc' dir='ltr'><strong>ἐπὶ</strong></span> <span class='ocrx_word' id='word_1_451' title='bbox 3139 2967 3206 3021; x_wconf 73' lang='grc' dir='ltr'><strong>τὰ</strong></span> <span class='ocrx_word' id='word_1_452' title='bbox 3260 2967 3472 3040; x_wconf 76' lang='grc' dir='ltr'>πέρατα</span> <span class='ocrx_word' id='word_1_453' title='bbox 3527 2967 3631 3036; x_wconf 71' lang='grc' dir='ltr'>τῆς</span> 
     </span>
    </p>
   </div>
   <div class='ocr_carea' id='block_1_61' title="bbox 365 3058 1937 3146">
    <p class='ocr_par' dir='ltr' id='par_1_61' title="bbox 365 3059 1937 3130">
     <span class='ocr_line' id='line_1_61' title="bbox 365 3059 1937 3130; baseline -0.002 -17"><span class='ocrx_word' id='word_1_454' title='bbox 365 3061 663 3130; x_wconf 89' lang='lat' dir='ltr'><strong>principem</strong></span> <span class='ocrx_word' id='word_1_455' title='bbox 710 3059 984 3128; x_wconf 80' lang='lat' dir='ltr'><strong>spoliatis,</strong></span> <span class='ocrx_word' id='word_1_456' title='bbox 1016 3074 1110 3114; x_wconf 92' lang='lat' dir='ltr'><strong>eos</strong></span> <span class='ocrx_word' id='word_1_457' title='bbox 1147 3059 1239 3129; x_wconf 89' lang='lat' dir='ltr'><strong>qui</strong></span> <span class='ocrx_word' id='word_1_458' title='bbox 1293 3059 1462 3128; x_wconf 89' lang='lat' dir='ltr'><strong>ipsius</strong></span> <span class='ocrx_word' id='word_1_459' title='bbox 1511 3060 1756 3113; x_wconf 91' lang='lat' dir='ltr'><strong>servituti</strong></span> <span class='ocrx_word' id='word_1_460' title='bbox 1789 3069 1937 3113; x_wconf 86' lang='lat' dir='ltr'><strong>erant</strong></span> 
     </span>
    </p>
   </div>
   <div class='ocr_carea' id='block_1_62' title="bbox 2077 3058 3629 3146">
    <p class='ocr_par' dir='ltr' id='par_1_62' title="bbox 2079 3058 3629 3131">
     <span class='ocr_line' id='line_1_62' title="bbox 2079 3058 3629 3131; baseline 0.003 -20"><span class='ocrx_word' id='word_1_461' title='bbox 2079 3058 2372 3129; x_wconf 80' lang='grc' dir='ltr'>ὶκουμένης</span> <span class='ocrx_word' id='word_1_462' title='bbox 2427 3058 2799 3129; x_wconf 87' lang='grc' dir='ltr'>διικνουμένη,</span> <span class='ocrx_word' id='word_1_463' title='bbox 2854 3059 2950 3112; x_wconf 70' lang='grc' dir='ltr'><strong>καὶ</strong></span> <span class='ocrx_word' id='word_1_464' title='bbox 3005 3059 3342 3113; x_wconf 88' lang='grc' dir='ltr'>σκυλεύουσα</span> <span class='ocrx_word' id='word_1_465' title='bbox 3385 3059 3476 3113; x_wconf 81' lang='grc' dir='ltr'><strong>τδν</strong></span> <span class='ocrx_word' id='word_1_466' title='bbox 3527 3061 3629 3131; x_wconf 80' lang='grc' dir='ltr'><strong>ἄρ·</strong></span> 
     </span>
    </p>
   </div>
   <div class='ocr_carea' id='block_1_63' title="bbox 367 3149 1935 3219">
    <p class='ocr_par' dir='ltr' id='par_1_63' title="bbox 367 3149 1935 3219">
     <span class='ocr_line' id='line_1_63' title="bbox 367 3149 1935 3219; baseline -0.001 -15"><span class='ocrx_word' id='word_1_467' title='bbox 367 3152 657 3219; x_wconf 86' lang='lat' dir='ltr'><strong>maneipati</strong></span> <span class='ocrx_word' id='word_1_468' title='bbox 713 3166 778 3206; x_wconf 91' lang='lat' dir='ltr'><strong>eo</strong></span> <span class='ocrx_word' id='word_1_469' title='bbox 827 3152 1072 3216; x_wconf 83' lang='lat' dir='ltr'><strong>adduxit,</strong></span> <span class='ocrx_word' id='word_1_470' title='bbox 1105 3160 1160 3205; x_wconf 90' lang='lat' dir='ltr'><strong>nl</strong></span> <span class='ocrx_word' id='word_1_471' title='bbox 1210 3149 1430 3206; x_wconf 87' lang='lat' dir='ltr'><strong>Christo</strong></span> <span class='ocrx_word' id='word_1_472' title='bbox 1490 3153 1935 3219; x_wconf 86' lang='lat' dir='ltr'><strong>obsequerentur.</strong></span> 
     </span>
    </p>
   </div>
   <div class='ocr_carea' id='block_1_64' title="bbox 368 3241 1940 3312">
    <p class='ocr_par' dir='ltr' id='par_1_64' title="bbox 368 3241 1940 3312">
     <span class='ocr_line' id='line_1_64' title="bbox 368 3241 1940 3312; baseline 0 -18"><span class='ocrx_word' id='word_1_473' title='bbox 368 3241 612 3310; x_wconf 85' lang='lat' dir='ltr'><strong>Direptio</strong></span> <span class='ocrx_word' id='word_1_474' title='bbox 652 3252 830 3296; x_wconf 89' lang='lat' dir='ltr'><strong>autem</strong></span> <span class='ocrx_word' id='word_1_475' title='bbox 883 3253 967 3296; x_wconf 90' lang='lat' dir='ltr'><strong>est</strong></span> <span class='ocrx_word' id='word_1_476' title='bbox 1017 3241 1312 3312; x_wconf 89' lang='lat' dir='ltr'><strong>spoliorum</strong></span> <span class='ocrx_word' id='word_1_477' title='bbox 1368 3242 1676 3296; x_wconf 90' lang='lat' dir='ltr'><strong>distributio</strong></span> <span class='ocrx_word' id='word_1_478' title='bbox 1715 3263 1728 3274; x_wconf 90' lang='lat'><strong>-</strong></span> <span class='ocrx_word' id='word_1_479' title='bbox 1781 3257 1940 3310; x_wconf 89' lang='lat' dir='ltr'><strong>quam</strong></span> 
     </span>
    </p>
   </div>
   <div class='ocr_carea' id='block_1_65' title="bbox 369 3329 1946 3400">
    <p class='ocr_par' dir='ltr' id='par_1_65' title="bbox 369 3329 1946 3400">
     <span class='ocr_line' id='line_1_65' title="bbox 369 3329 1946 3400; baseline 0.001 -18"><span class='ocrx_word' id='word_1_480' title='bbox 369 3345 554 3383; x_wconf 87' lang='lat' dir='ltr'><strong>curam</strong></span> <span class='ocrx_word' id='word_1_481' title='bbox 587 3331 790 3398; x_wconf 76' lang='lat' dir='ltr'><strong>angelis</strong></span> <span class='ocrx_word' id='word_1_482' title='bbox 813 3345 908 3384; x_wconf 87' lang='lat' dir='ltr'><strong>ceu</strong></span> <span class='ocrx_word' id='word_1_483' title='bbox 933 3330 1152 3384; x_wconf 88' lang='lat' dir='ltr'><strong>humani</strong></span> <span class='ocrx_word' id='word_1_484' title='bbox 1183 3330 1396 3400; x_wconf 74' lang='lat' dir='ltr'><strong>generis</strong></span> <span class='ocrx_word' id='word_1_485' title='bbox 1422 3329 1656 3400; x_wconf 81' lang='lat' dir='ltr'><strong>providis</strong></span> <span class='ocrx_word' id='word_1_486' title='bbox 1679 3330 1946 3384; x_wconf 80' lang='lat' dir='ltr'><strong>tutoribus</strong></span> 
     </span>
    </p>
   </div>
   <div class='ocr_carea' id='block_1_66' title="bbox 370 3417 1942 3474">
    <p class='ocr_par' dir='ltr' id='par_1_66' title="bbox 370 3417 1942 3474">
     <span class='ocr_line' id='line_1_66' title="bbox 370 3417 1942 3474; baseline 0.001 -1"><span class='ocrx_word' id='word_1_487' title='bbox 370 3419 706 3473; x_wconf 87' lang='lat' dir='ltr'><strong>concredidit</strong></span> <span class='ocrx_word' id='word_1_488' title='bbox 727 3417 869 3472; x_wconf 88' lang='lat' dir='ltr'><strong>Deus</strong></span> <span class='ocrx_word' id='word_1_489' title='bbox 895 3419 960 3472; x_wconf 90' lang='lat' dir='ltr'><strong>ad</strong></span> <span class='ocrx_word' id='word_1_490' title='bbox 994 3419 1293 3473; x_wconf 86' lang='lat' dir='ltr'><strong>custodiam</strong></span> <span class='ocrx_word' id='word_1_491' title='bbox 1322 3417 1600 3472; x_wconf 88' lang='lat' dir='ltr'><strong>hominum</strong></span> <span class='ocrx_word' id='word_1_492' title='bbox 1618 3429 1672 3474; x_wconf 90' lang='lat' dir='ltr'><strong>et</strong></span> <span class='ocrx_word' id='word_1_493' title='bbox 1691 3419 1942 3474; x_wconf 56' lang='lat' dir='ltr'><strong>scﬁutem.</strong></span> 
     </span>
    </p>
   </div>
   <div class='ocr_carea' id='block_1_67' title="bbox 373 3511 1945 3580">
    <p class='ocr_par' dir='ltr' id='par_1_67' title="bbox 373 3511 1945 3580">
     <span class='ocr_line' id='line_1_67' title="bbox 373 3511 1945 3580; baseline -0.002 -13"><span class='ocrx_word' id='word_1_494' title='bbox 373 3512 503 3567; x_wconf 85' lang='lat' dir='ltr'><strong>Eam</strong></span> <span class='ocrx_word' id='word_1_495' title='bbox 535 3511 605 3564; x_wconf 89' lang='lat' dir='ltr'><strong>ob</strong></span> <span class='ocrx_word' id='word_1_496' title='bbox 640 3526 753 3564; x_wconf 90' lang='lat' dir='ltr'><strong>rem</strong></span> <span class='ocrx_word' id='word_1_497' title='bbox 790 3511 1054 3579; x_wconf 84' lang='lat' dir='ltr'><strong>scriptum</strong></span> <span class='ocrx_word' id='word_1_498' title='bbox 1078 3518 1184 3572; x_wconf 89' lang='lat' dir='ltr'><strong>est.</strong></span> <span class='ocrx_word' id='word_1_499' title='bbox 1213 3519 1274 3564; x_wconf 90' lang='lat' dir='ltr'><strong>ut</strong></span> <span class='ocrx_word' id='word_1_500' title='bbox 1306 3511 1564 3565; x_wconf 89' lang='lat' dir='ltr'><strong>velociter</strong></span> <span class='ocrx_word' id='word_1_501' title='bbox 1590 3511 1945 3580; x_wconf 90' lang='lat' dir='ltr'><strong>direptionem</strong></span> 
     </span>
    </p>
   </div>
   <div class='ocr_carea' id='block_1_68' title="bbox 375 3602 1946 3672">
    <p class='ocr_par' dir='ltr' id='par_1_68' title="bbox 375 3602 1946 3672">
     <span class='ocr_line' id='line_1_68' title="bbox 375 3602 1946 3672; baseline -0.001 -14"><span class='ocrx_word' id='word_1_502' title='bbox 375 3604 541 3658; x_wconf 74' lang='lat' dir='ltr'><strong>faciat</strong></span> <span class='ocrx_word' id='word_1_503' title='bbox 562 3602 878 3672; x_wconf 86' lang='lat' dir='ltr'><strong>spoliorum.</strong></span> <span class='ocrx_word' id='word_1_504' title='bbox 903 3602 1069 3657; x_wconf 85' lang='lat' dir='ltr'><strong>Adest</strong></span> <span class='ocrx_word' id='word_1_505' title='bbox 1095 3603 1241 3657; x_wconf 91' lang='lat' dir='ltr'><strong>enim</strong></span> <span class='ocrx_word' id='word_1_506' title='bbox 1270 3602 1638 3671; x_wconf 81' lang='lat' dir='ltr'><strong>Evangelinm,</strong></span> <span class='ocrx_word' id='word_1_507' title='bbox 1657 3605 1798 3672; x_wconf 90' lang='lat' dir='ltr'><strong>quod</strong></span> <span class='ocrx_word' id='word_1_508' title='bbox 1825 3619 1946 3658; x_wconf 91' lang='lat' dir='ltr'><strong>eum</strong></span> 
     </span>
    </p>
   </div>
   <div class='ocr_carea' id='block_1_69' title="bbox 375 3695 1950 3766">
    <p class='ocr_par' dir='ltr' id='par_1_69' title="bbox 375 3695 1950 3766">
     <span class='ocr_line' id='line_1_69' title="bbox 375 3695 1950 3766; baseline 0.003 -20"><span class='ocrx_word' id='word_1_509' title='bbox 375 3697 468 3766; x_wconf 88' lang='lat' dir='ltr'><strong>qui</strong></span> <span class='ocrx_word' id='word_1_510' title='bbox 504 3695 708 3763; x_wconf 89' lang='lat' dir='ltr'><strong>pridem</strong></span> <span class='ocrx_word' id='word_1_511' title='bbox 735 3709 766 3748; x_wconf 92' lang='lat' dir='ltr'><strong>e</strong></span> <span class='ocrx_word' id='word_1_512' title='bbox 815 3695 958 3751; x_wconf 71' lang='lat' dir='ltr'><strong>coelo</strong></span> <span class='ocrx_word' id='word_1_513' title='bbox 991 3697 1433 3764; x_wconf 79' lang='lat' dir='ltr'><strong>exspectabatur,</strong></span> <span class='ocrx_word' id='word_1_514' title='bbox 1475 3706 1792 3765; x_wconf 70' lang='lat' dir='ltr'><strong>praesentem</strong></span> <span class='ocrx_word' id='word_1_515' title='bbox 1829 3711 1950 3750; x_wconf 77' lang='lat' dir='ltr'><strong>esse</strong></span> 
     </span>
    </p>
   </div>
   <div class='ocr_carea' id='block_1_70' title="bbox 377 3786 1949 3858">
    <p class='ocr_par' dir='ltr' id='par_1_70' title="bbox 377 3786 1949 3858">
     <span class='ocr_line' id='line_1_70' title="bbox 377 3786 1949 3858; baseline -0.003 -15"><span class='ocrx_word' id='word_1_516' title='bbox 377 3788 535 3845; x_wconf 78' lang='lat' dir='ltr'><strong>nobis</strong></span> <span class='ocrx_word' id='word_1_517' title='bbox 568 3789 876 3844; x_wconf 84' lang='lat' dir='ltr'><strong>annuntiat.</strong></span> <span class='ocrx_word' id='word_1_518' title='bbox 917 3786 1073 3842; x_wconf 90' lang='lat' dir='ltr'><strong>Urias</strong></span> <span class='ocrx_word' id='word_1_519' title='bbox 1099 3801 1303 3852; x_wconf 91' lang='lat' dir='ltr'><strong>autem,</strong></span> <span class='ocrx_word' id='word_1_520' title='bbox 1325 3787 1523 3858; x_wconf 86' lang='lat' dir='ltr'><strong>inquit,</strong></span> <span class='ocrx_word' id='word_1_521' title='bbox 1553 3800 1607 3842; x_wconf 88' lang='lat' dir='ltr'><strong>et</strong></span> <span class='ocrx_word' id='word_1_522' title='bbox 1635 3787 1949 3854; x_wconf 76' lang='lat' dir='ltr'><strong>Zacharias,</strong></span> 
     </span>
    </p>
   </div>
   <div class='ocr_carea' id='block_1_71' title="bbox 374 3878 1953 3948">
    <p class='ocr_par' dir='ltr' id='par_1_71' title="bbox 374 3878 1953 3948">
     <span class='ocr_line' id='line_1_71' title="bbox 374 3878 1953 3948; baseline -0.001 -15"><span class='ocrx_word' id='word_1_523' title='bbox 374 3895 564 3934; x_wconf 83' lang='lat' dir='ltr'><strong>eorum</strong></span> <span class='ocrx_word' id='word_1_524' title='bbox 589 3895 711 3948; x_wconf 72' lang='lat' dir='ltr'><strong>qua:</strong></span> <span class='ocrx_word' id='word_1_525' title='bbox 739 3881 790 3934; x_wconf 90' lang='lat' dir='ltr'><strong>in</strong></span> <span class='ocrx_word' id='word_1_526' title='bbox 819 3879 1110 3948; x_wconf 79' lang='lat' dir='ltr'><strong>Evangelio</strong></span> <span class='ocrx_word' id='word_1_527' title='bbox 1132 3879 1462 3943; x_wconf 91' lang='lat' dir='ltr'><strong>scribuntur,</strong></span> <span class='ocrx_word' id='word_1_528' title='bbox 1493 3888 1659 3933; x_wconf 83' lang='lat' dir='ltr'><strong>testes</strong></span> <span class='ocrx_word' id='word_1_529' title='bbox 1688 3879 1816 3934; x_wconf 88' lang='lat' dir='ltr'><strong>sint.</strong></span> <span class='ocrx_word' id='word_1_530' title='bbox 1860 3878 1953 3932; x_wconf 84' lang='lat' dir='ltr'><strong>Est</strong></span> 
     </span>
    </p>
   </div>
   <div class='ocr_carea' id='block_1_72' title="bbox 377 3970 1950 4041">
    <p class='ocr_par' dir='ltr' id='par_1_72' title="bbox 377 3970 1950 4041">
     <span class='ocr_line' id='line_1_72' title="bbox 377 3970 1950 4041; baseline -0.002 -15"><span class='ocrx_word' id='word_1_531' title='bbox 377 3983 556 4026; x_wconf 88' lang='lat' dir='ltr'><strong>autem</strong></span> <span class='ocrx_word' id='word_1_532' title='bbox 592 3973 752 4028; x_wconf 88' lang='lat' dir='ltr'><strong>Urias</strong></span> <span class='ocrx_word' id='word_1_533' title='bbox 778 3973 1052 4038; x_wconf 88' lang='lat' dir='ltr'><strong>sacerdos,</strong></span> <span class='ocrx_word' id='word_1_534' title='bbox 1074 3971 1248 4041; x_wconf 80' lang='lat' dir='ltr'><strong>legem</strong></span> <span class='ocrx_word' id='word_1_535' title='bbox 1285 3987 1315 4025; x_wconf 87' lang='lat' dir='ltr'><strong>a</strong></span> <span class='ocrx_word' id='word_1_536' title='bbox 1351 3971 1532 4041; x_wconf 85' lang='lat' dir='ltr'><strong>Moyse</strong></span> <span class='ocrx_word' id='word_1_537' title='bbox 1559 3970 1950 4038; x_wconf 81' lang='lat' dir='ltr'><strong>promulgatam</strong></span> 
     </span>
    </p>
   </div>
   <div class='ocr_carea' id='block_1_73' title="bbox 379 4059 1956 4132">
    <p class='ocr_par' dir='ltr' id='par_1_73' title="bbox 379 4059 1956 4132">
     <span class='ocr_line' id='line_1_73' title="bbox 379 4059 1956 4132; baseline -0.001 -16"><span class='ocrx_word' id='word_1_538' title='bbox 379 4077 543 4116; x_wconf 88' lang='lat' dir='ltr'><strong>sensu</strong></span> <span class='ocrx_word' id='word_1_539' title='bbox 599 4061 887 4132; x_wconf 81' lang='lat' dir='ltr'><strong>allegorico</strong></span> <span class='ocrx_word' id='word_1_540' title='bbox 942 4063 1232 4131; x_wconf 81' lang='lat' dir='ltr'><strong>designans</strong></span> <span class='ocrx_word' id='word_1_541' title='bbox 1270 4076 1287 4126; x_wconf 90' lang='lat'><strong>;</strong></span> <span class='ocrx_word' id='word_1_542' title='bbox 1326 4069 1410 4115; x_wconf 90' lang='lat' dir='ltr'><strong>est</strong></span> <span class='ocrx_word' id='word_1_543' title='bbox 1475 4075 1604 4114; x_wconf 89' lang='lat' dir='ltr'><strong>vero</strong></span> <span class='ocrx_word' id='word_1_544' title='bbox 1660 4059 1956 4114; x_wconf 83' lang='lat' dir='ltr'><strong>Zacharias</strong></span> 
     </span>
    </p>
   </div>
   <div class='ocr_carea' id='block_1_74' title="bbox 379 4149 1956 4223">
    <p class='ocr_par' dir='ltr' id='par_1_74' title="bbox 379 4149 1956 4223">
     <span class='ocr_line' id='line_1_74' title="bbox 379 4149 1956 4223; baseline 0.001 -19"><span class='ocrx_word' id='word_1_545' title='bbox 379 4154 664 4223; x_wconf 82' lang='lat' dir='ltr'><strong>prapheta.</strong></span> <span class='ocrx_word' id='word_1_546' title='bbox 718 4149 870 4221; x_wconf 81' lang='lat' dir='ltr'><strong>Viget</strong></span> <span class='ocrx_word' id='word_1_547' title='bbox 907 4150 1017 4218; x_wconf 85' lang='lat' dir='ltr'><strong>jam</strong></span> <span class='ocrx_word' id='word_1_548' title='bbox 1073 4149 1443 4220; x_wconf 83' lang='lat' dir='ltr'><strong>Evangelium,</strong></span> <span class='ocrx_word' id='word_1_549' title='bbox 1493 4159 1679 4220; x_wconf 88' lang='lat' dir='ltr'><strong>utpote</strong></span> <span class='ocrx_word' id='word_1_550' title='bbox 1735 4151 1868 4220; x_wconf 84' lang='lat' dir='ltr'><strong>legis</strong></span> <span class='ocrx_word' id='word_1_551' title='bbox 1903 4163 1956 4205; x_wconf 90' lang='lat' dir='ltr'><strong>et</strong></span> 
     </span>
    </p>
   </div>
   <div class='ocr_carea' id='block_1_75' title="bbox 382 4240 1955 4313">
    <p class='ocr_par' dir='ltr' id='par_1_75' title="bbox 382 4240 1955 4313">
     <span class='ocr_line' id='line_1_75' title="bbox 382 4240 1955 4313; baseline -0.001 -17"><span class='ocrx_word' id='word_1_552' title='bbox 382 4243 765 4313; x_wconf 87' lang='lat' dir='ltr'><strong>prophetarum</strong></span> <span class='ocrx_word' id='word_1_553' title='bbox 835 4243 1136 4298; x_wconf 82' lang='lat' dir='ltr'><strong>testimonio</strong></span> <span class='ocrx_word' id='word_1_554' title='bbox 1184 4240 1602 4302; x_wconf 68' lang='lat' dir='ltr'><strong>conﬁrmatum.</strong></span> <span class='ocrx_word' id='word_1_555' title='bbox 1657 4241 1955 4306; x_wconf 68' lang='lat' dir='ltr'><strong>Caeterum,</strong></span> 
     </span>
    </p>
   </div>
   <div class='ocr_carea' id='block_1_76' title="bbox 387 4331 1956 4404">
    <p class='ocr_par' dir='ltr' id='par_1_76' title="bbox 387 4331 1956 4404">
     <span class='ocr_line' id='line_1_76' title="bbox 387 4331 1956 4404; baseline -0.003 -14"><span class='ocrx_word' id='word_1_556' title='bbox 387 4335 564 4400; x_wconf 83' lang='lat' dir='ltr'><strong>Urias,</strong></span> <span class='ocrx_word' id='word_1_557' title='bbox 615 4336 658 4391; x_wconf 91' lang='lat' dir='ltr'><strong>si</strong></span> <span class='ocrx_word' id='word_1_558' title='bbox 701 4335 1094 4404; x_wconf 88' lang='lat' dir='ltr'><strong>interpreteris,</strong></span> <span class='ocrx_word' id='word_1_559' title='bbox 1150 4342 1312 4389; x_wconf 88' lang='lat' dir='ltr'><strong>sonat</strong></span> <span class='ocrx_word' id='word_1_560' title='bbox 1356 4331 1452 4386; x_wconf 84' lang='lat' dir='ltr'><strong>Dei</strong></span> <span class='ocrx_word' id='word_1_561' title='bbox 1502 4332 1904 4386; x_wconf 82' lang='lat' dir='ltr'><strong>illustrationem</strong></span> <span class='ocrx_word' id='word_1_562' title='bbox 1937 4347 1956 4386; x_wconf 93' lang='lat'><strong><em>:</em></strong></span> 
     </span>
    </p>
   </div>
   <div class='ocr_carea' id='block_1_77' title="bbox 2050 3149 3632 3223">
    <p class='ocr_par' dir='ltr' id='par_1_77' title="bbox 2050 3149 3632 3223">
     <span class='ocr_line' id='line_1_77' title="bbox 2050 3149 3632 3223; baseline 0.001 -20"><span class='ocrx_word' id='word_1_563' title='bbox 2050 3168 2213 3221; x_wconf 85' lang='grc' dir='ltr'>χοντα</span> <span class='ocrx_word' id='word_1_564' title='bbox 2243 3149 2334 3203; x_wconf 88' lang='grc' dir='ltr'><strong>τοῦ</strong></span> <span class='ocrx_word' id='word_1_565' title='bbox 2366 3149 2558 3214; x_wconf 84' lang='grc' dir='ltr'>αἰῶνος</span> <span class='ocrx_word' id='word_1_566' title='bbox 2595 3150 2806 3214; x_wconf 88' lang='grc' dir='ltr'>τούτου,</span> <span class='ocrx_word' id='word_1_567' title='bbox 2830 3151 2923 3203; x_wconf 77' lang='grc' dir='ltr'><strong>καὶ</strong></span> <span class='ocrx_word' id='word_1_568' title='bbox 2959 3151 3094 3220; x_wconf 84' lang='grc' dir='ltr'>πρὸς</span> <span class='ocrx_word' id='word_1_569' title='bbox 3121 3151 3218 3223; x_wconf 77' lang='grc' dir='ltr'>τὴν</span> <span class='ocrx_word' id='word_1_570' title='bbox 3267 3151 3511 3221; x_wconf 76' lang='grc' dir='ltr'>ὑπακοὴν</span> <span class='ocrx_word' id='word_1_571' title='bbox 3534 3149 3632 3204; x_wconf 82' lang='grc' dir='ltr'><strong>τοῦ</strong></span> 
     </span>
    </p>
   </div>
   <div class='ocr_carea' id='block_1_78' title="bbox 2051 3238 3630 3312">
    <p class='ocr_par' dir='ltr' id='par_1_78' title="bbox 2051 3238 3630 3312">
     <span class='ocr_line' id='line_1_78' title="bbox 2051 3238 3630 3312; baseline 0.002 -19"><span class='ocrx_word' id='word_1_572' title='bbox 2051 3239 2286 3311; x_wconf 84' lang='grc' dir='ltr'>Χριστοῦ</span> <span class='ocrx_word' id='word_1_573' title='bbox 2363 3238 2802 3310; x_wconf 82' lang='grc' dir='ltr'>ἀντιμεθιστῶσα</span> <span class='ocrx_word' id='word_1_574' title='bbox 2858 3241 2986 3305; x_wconf 75' lang='grc' dir='ltr'>τοὺς</span> <span class='ocrx_word' id='word_1_575' title='bbox 3071 3241 3630 3312; x_wconf 83' lang='grc' dir='ltr'>αἰχμαλωτισθέντας.</span> 
     </span>
    </p>
   </div>
   <div class='ocr_carea' id='block_1_79' title="bbox 2053 3330 3637 3404">
    <p class='ocr_par' dir='ltr' id='par_1_79' title="bbox 2053 3330 3637 3404">
     <span class='ocr_line' id='line_1_79' title="bbox 2053 3330 3637 3404; baseline 0.001 -21"><span class='ocrx_word' id='word_1_576' title='bbox 2053 3331 2304 3402; x_wconf 83' lang='grc' dir='ltr'>Προνομὴ</span> <span class='ocrx_word' id='word_1_577' title='bbox 2333 3330 2389 3382; x_wconf 89' lang='grc' dir='ltr'><strong>δέ</strong></span> <span class='ocrx_word' id='word_1_578' title='bbox 2413 3333 2560 3384; x_wconf 87' lang='grc' dir='ltr'>ἐστιν</span> <span class='ocrx_word' id='word_1_579' title='bbox 2591 3333 2624 3402; x_wconf 80' lang='grc' dir='ltr'>ἡ</span> <span class='ocrx_word' id='word_1_580' title='bbox 2654 3330 2762 3383; x_wconf 87' lang='grc' dir='ltr'><strong>τῶν</strong></span> <span class='ocrx_word' id='word_1_581' title='bbox 2787 3331 2998 3384; x_wconf 90' lang='grc' dir='ltr'>σκύλων</span> <span class='ocrx_word' id='word_1_582' title='bbox 3029 3332 3260 3404; x_wconf 76' lang='grc' dir='ltr'>διανομὴ</span> <span class='ocrx_word' id='word_1_583' title='bbox 3282 3351 3295 3364; x_wconf 85' lang='grc'><strong>·</strong></span> <span class='ocrx_word' id='word_1_584' title='bbox 3344 3333 3482 3402; x_wconf 81' lang='grc' dir='ltr'>ὅπερ</span> <span class='ocrx_word' id='word_1_585' title='bbox 3518 3335 3637 3396; x_wconf 85' lang='grc' dir='ltr'>τοῖς</span> 
     </span>
    </p>
   </div>
   <div class='ocr_carea' id='block_1_80' title="bbox 2053 3422 3639 3495">
    <p class='ocr_par' dir='ltr' id='par_1_80' title="bbox 2053 3422 3639 3495">
     <span class='ocr_line' id='line_1_80' title="bbox 2053 3422 3639 3495; baseline 0.003 -21"><span class='ocrx_word' id='word_1_586' title='bbox 2053 3423 2408 3494; x_wconf 79' lang='grc' dir='ltr'>ἐπιμεληταῖς</span> <span class='ocrx_word' id='word_1_587' title='bbox 2434 3422 2526 3476; x_wconf 89' lang='grc' dir='ltr'><strong>τοῦ</strong></span> <span class='ocrx_word' id='word_1_588' title='bbox 2554 3422 2662 3475; x_wconf 84' lang='grc' dir='ltr'><strong>τῶν</strong></span> <span class='ocrx_word' id='word_1_589' title='bbox 2684 3422 2987 3495; x_wconf 85' lang='grc' dir='ltr'>ἀνθρώπων</span> <span class='ocrx_word' id='word_1_590' title='bbox 3019 3424 3209 3493; x_wconf 80' lang='grc' dir='ltr'>γένους</span> <span class='ocrx_word' id='word_1_591' title='bbox 3267 3425 3520 3494; x_wconf 84' lang='grc' dir='ltr'>ἀγγέλοις</span> <span class='ocrx_word' id='word_1_592' title='bbox 3559 3425 3639 3478; x_wconf 82' lang='grc' dir='ltr'>δι-</span> 
     </span>
    </p>
   </div>
   <div class='ocr_carea' id='block_1_81' title="bbox 2054 3513 3637 3588">
    <p class='ocr_par' dir='ltr' id='par_1_81' title="bbox 2054 3513 3637 3588">
     <span class='ocr_line' id='line_1_81' title="bbox 2054 3513 3637 3588; baseline 0.003 -22"><span class='ocrx_word' id='word_1_593' title='bbox 2054 3513 2252 3568; x_wconf 86' lang='grc' dir='ltr'>έδωκεν</span> <span class='ocrx_word' id='word_1_594' title='bbox 2292 3515 2320 3567; x_wconf 98' lang='lat'><strong>6</strong></span> <span class='ocrx_word' id='word_1_595' title='bbox 2352 3515 2484 3578; x_wconf 76' lang='grc' dir='ltr'>Θεὸς</span> <span class='ocrx_word' id='word_1_596' title='bbox 2529 3516 2609 3578; x_wconf 89' lang='grc' dir='ltr'>εἰς</span> <span class='ocrx_word' id='word_1_597' title='bbox 2645 3515 2888 3586; x_wconf 75' lang='grc' dir='ltr'>φυλακὴν</span> <span class='ocrx_word' id='word_1_598' title='bbox 2930 3517 3021 3569; x_wconf 70' lang='grc' dir='ltr'><strong>καὶ</strong></span> <span class='ocrx_word' id='word_1_599' title='bbox 3051 3517 3341 3588; x_wconf 77' lang='grc' dir='ltr'>σωτηρίαν.</span> <span class='ocrx_word' id='word_1_600' title='bbox 3375 3517 3473 3570; x_wconf 76' lang='grc' dir='ltr'><strong>Διὰ</strong></span> <span class='ocrx_word' id='word_1_601' title='bbox 3506 3517 3637 3570; x_wconf 81' lang='grc' dir='ltr'>τοῦ·</span> 
     </span>
    </p>
   </div>
   <div class='ocr_carea' id='block_1_82' title="bbox 2055 3603 3635 3676">
    <p class='ocr_par' dir='ltr' id='par_1_82' title="bbox 2055 3603 3635 3676">
     <span class='ocr_line' id='line_1_82' title="bbox 2055 3603 3635 3676; baseline 0.001 -17"><span class='ocrx_word' id='word_1_602' title='bbox 2055 3623 2118 3659; x_wconf 92' lang='grc' dir='ltr'><strong>το</strong></span> <span class='ocrx_word' id='word_1_603' title='bbox 2142 3605 2452 3676; x_wconf 84' lang='grc' dir='ltr'>γέγραπται</span> <span class='ocrx_word' id='word_1_604' title='bbox 2474 3603 2793 3674; x_wconf 77' lang='grc' dir='ltr'>(5Ο),ὀξέως</span> <span class='ocrx_word' id='word_1_605' title='bbox 2823 3605 3101 3675; x_wconf 67' lang='grc' dir='ltr'>προνομὴν</span> <span class='ocrx_word' id='word_1_606' title='bbox 3133 3605 3358 3676; x_wconf 75' lang='grc' dir='ltr'>ποιῆσαι</span> <span class='ocrx_word' id='word_1_607' title='bbox 3395 3607 3635 3660; x_wconf 76' lang='grc' dir='ltr'>σκύλων.</span> 
     </span>
    </p>
   </div>
   <div class='ocr_carea' id='block_1_83' title="bbox 2056 3695 3638 3768">
    <p class='ocr_par' dir='ltr' id='par_1_83' title="bbox 2056 3695 3638 3768">
     <span class='ocr_line' id='line_1_83' title="bbox 2056 3695 3638 3768; baseline -0.001 -16"><span class='ocrx_word' id='word_1_608' title='bbox 2056 3697 2296 3768; x_wconf 77' lang='grc' dir='ltr'>Πάρεστι</span> <span class='ocrx_word' id='word_1_609' title='bbox 2332 3696 2441 3767; x_wconf 77' lang='grc' dir='ltr'>γὰρ</span> <span class='ocrx_word' id='word_1_610' title='bbox 2482 3695 2544 3748; x_wconf 77' lang='grc' dir='ltr'>τὸ</span> <span class='ocrx_word' id='word_1_611' title='bbox 2577 3695 2940 3763; x_wconf 81' lang='grc' dir='ltr'>Εὐαγγέλιον·</span> <span class='ocrx_word' id='word_1_612' title='bbox 2979 3696 3071 3749; x_wconf 85' lang='grc' dir='ltr'><strong>τὸν</strong></span> <span class='ocrx_word' id='word_1_613' title='bbox 3112 3695 3276 3750; x_wconf 80' lang='grc' dir='ltr'>πάλαι</span> <span class='ocrx_word' id='word_1_614' title='bbox 3327 3697 3638 3764; x_wconf 76' lang='grc' dir='ltr'>προσδοκώ-</span> 
     </span>
    </p>
   </div>
   <div class='ocr_carea' id='block_1_84' title="bbox 2061 3789 3640 3862">
    <p class='ocr_par' dir='ltr' id='par_1_84' title="bbox 2061 3789 3640 3862">
     <span class='ocr_line' id='line_1_84' title="bbox 2061 3789 3640 3862; baseline -0.001 -18"><span class='ocrx_word' id='word_1_615' title='bbox 2061 3808 2218 3860; x_wconf 90' lang='grc' dir='ltr'>μενον</span> <span class='ocrx_word' id='word_1_616' title='bbox 2251 3790 2308 3857; x_wconf 77' lang='grc' dir='ltr'><strong>ἐξ</strong></span> <span class='ocrx_word' id='word_1_617' title='bbox 2354 3790 2603 3861; x_wconf 87' lang='grc' dir='ltr'>ούρανοῦ,</span> <span class='ocrx_word' id='word_1_618' title='bbox 2655 3789 2844 3842; x_wconf 89' lang='grc' dir='ltr'>τοῦτον</span> <span class='ocrx_word' id='word_1_619' title='bbox 2873 3790 3118 3862; x_wconf 76' lang='grc' dir='ltr'>παρόντα</span> <span class='ocrx_word' id='word_1_620' title='bbox 3167 3792 3299 3861; x_wconf 83' lang='grc' dir='ltr'>ἡμῖν</span> <span class='ocrx_word' id='word_1_621' title='bbox 3349 3791 3640 3860; x_wconf 76' lang='grc' dir='ltr'>εὐαγγελί-</span> 
     </span>
    </p>
   </div>
   <div class='ocr_carea' id='block_1_85' title="bbox 2059 3881 3644 3952">
    <p class='ocr_par' dir='ltr' id='par_1_85' title="bbox 2059 3881 3644 3952">
     <span class='ocr_line' id='line_1_85' title="bbox 2059 3881 3644 3952; baseline -0.001 -16"><span class='ocrx_word' id='word_1_622' title='bbox 2059 3885 2227 3949; x_wconf 79' lang='grc' dir='ltr'>ζεται.</span> <span class='ocrx_word' id='word_1_623' title='bbox 2268 3883 2557 3952; x_wconf 78' lang='grc' dir='ltr'>Μάρτυρες</span> <span class='ocrx_word' id='word_1_624' title='bbox 2593 3881 2646 3934; x_wconf 84' lang='grc' dir='ltr'><strong>δὲ</strong></span> <span class='ocrx_word' id='word_1_625' title='bbox 2680 3881 2788 3934; x_wconf 81' lang='grc' dir='ltr'>τῶν</span> <span class='ocrx_word' id='word_1_626' title='bbox 2837 3881 3200 3952; x_wconf 67' lang='grc' dir='ltr'>γραφομένων</span> <span class='ocrx_word' id='word_1_627' title='bbox 3251 3883 3308 3936; x_wconf 84' lang='grc' dir='ltr'><strong>ἐν</strong></span> <span class='ocrx_word' id='word_1_628' title='bbox 3345 3881 3422 3952; x_wconf 77' lang='grc' dir='ltr'>τῷ</span> <span class='ocrx_word' id='word_1_629' title='bbox 3459 3884 3644 3951; x_wconf 77' lang='grc' dir='ltr'>Εὐαγ-</span> 
     </span>
    </p>
   </div>
   <div class='ocr_carea' id='block_1_86' title="bbox 2059 3973 3642 4046">
    <p class='ocr_par' dir='ltr' id='par_1_86' title="bbox 2059 3973 3642 4046">
     <span class='ocr_line' id='line_1_86' title="bbox 2059 3973 3642 4046; baseline 0.001 -18"><span class='ocrx_word' id='word_1_630' title='bbox 2059 3975 2223 4044; x_wconf 81' lang='grc' dir='ltr'>γελίῳ</span> <span class='ocrx_word' id='word_1_631' title='bbox 2264 3974 2524 4032; x_wconf 74' lang='grc' dir='ltr'>ἔστωσαν.</span> <span class='ocrx_word' id='word_1_632' title='bbox 2565 3973 2751 4042; x_wconf 64' lang='grc' dir='ltr'>φησὶν,</span> <span class='ocrx_word' id='word_1_633' title='bbox 2779 3973 2986 4041; x_wconf 78' lang='grc' dir='ltr'>Οὐρίας</span> <span class='ocrx_word' id='word_1_634' title='bbox 3014 3975 3109 4026; x_wconf 78' lang='grc' dir='ltr'><strong>καὶ</strong></span> <span class='ocrx_word' id='word_1_635' title='bbox 3145 3973 3440 4046; x_wconf 85' lang='grc' dir='ltr'>Ζαχαρίας.</span> <span class='ocrx_word' id='word_1_636' title='bbox 3483 3974 3642 4030; x_wconf 79' lang='grc' dir='ltr'>Ἐστι</span> 
     </span>
    </p>
   </div>
   <div class='ocr_carea' id='block_1_87' title="bbox 2059 4063 3643 4136">
    <p class='ocr_par' dir='ltr' id='par_1_87' title="bbox 2059 4063 3643 4136">
     <span class='ocr_line' id='line_1_87' title="bbox 2059 4063 3643 4136; baseline 0.001 -17"><span class='ocrx_word' id='word_1_637' title='bbox 2059 4066 2116 4119; x_wconf 83' lang='grc' dir='ltr'><strong>δέ</strong></span> <span class='ocrx_word' id='word_1_638' title='bbox 2144 4068 2172 4119; x_wconf 92' lang='lat'><strong>6</strong></span> <span class='ocrx_word' id='word_1_639' title='bbox 2203 4064 2300 4135; x_wconf 82' lang='grc' dir='ltr'><strong>μὲν</strong></span> <span class='ocrx_word' id='word_1_640' title='bbox 2330 4064 2534 4133; x_wconf 76' lang='grc' dir='ltr'>Οὐρίας</span> <span class='ocrx_word' id='word_1_641' title='bbox 2575 4065 2776 4134; x_wconf 77' lang='grc' dir='ltr'>ἱερεὺς,</span> <span class='ocrx_word' id='word_1_642' title='bbox 2829 4063 3172 4133; x_wconf 76' lang='grc' dir='ltr'>συμῦολικῶς</span> <span class='ocrx_word' id='word_1_643' title='bbox 3217 4065 3643 4136; x_wconf 78' lang='grc' dir='ltr'>χαρακτηρίζων</span> 
     </span>
    </p>
   </div>
   <div class='ocr_carea' id='block_1_88' title="bbox 2060 4156 3646 4230">
    <p class='ocr_par' dir='ltr' id='par_1_88' title="bbox 2060 4156 3646 4230">
     <span class='ocr_line' id='line_1_88' title="bbox 2060 4156 3646 4230; baseline 0.002 -20"><span class='ocrx_word' id='word_1_644' title='bbox 2060 4159 2153 4211; x_wconf 82' lang='grc' dir='ltr'><strong>τὸν</strong></span> <span class='ocrx_word' id='word_1_645' title='bbox 2177 4157 2266 4210; x_wconf 80' lang='grc' dir='ltr'>διὰ</span> <span class='ocrx_word' id='word_1_646' title='bbox 2327 4158 2569 4220; x_wconf 84' lang='grc' dir='ltr'>Μωσέως</span> <span class='ocrx_word' id='word_1_647' title='bbox 2605 4156 3031 4226; x_wconf 73' lang='grc' dir='ltr'>παραδεδομένον</span> <span class='ocrx_word' id='word_1_648' title='bbox 3073 4157 3268 4228; x_wconf 73' lang='grc' dir='ltr'>νόμονο</span> <span class='ocrx_word' id='word_1_649' title='bbox 3305 4160 3334 4211; x_wconf 91' lang='lat'><strong>6</strong></span> <span class='ocrx_word' id='word_1_650' title='bbox 3378 4159 3434 4212; x_wconf 78' lang='grc' dir='ltr'>δὲ</span> <span class='ocrx_word' id='word_1_651' title='bbox 3466 4163 3646 4230; x_wconf 69' lang='grc' dir='ltr'>Ζαχαο-</span> 
     </span>
    </p>
   </div>
   <div class='ocr_carea' id='block_1_89' title="bbox 2066 4247 3642 4322">
    <p class='ocr_par' dir='ltr' id='par_1_89' title="bbox 2066 4247 3642 4322">
     <span class='ocr_line' id='line_1_89' title="bbox 2066 4247 3642 4322; baseline 0.001 -20"><span class='ocrx_word' id='word_1_652' title='bbox 2066 4251 2208 4322; x_wconf 87' lang='grc' dir='ltr'>ρίας,</span> <span class='ocrx_word' id='word_1_653' title='bbox 2238 4251 2542 4320; x_wconf 72' lang='grc' dir='ltr'>προφήτης.</span> <span class='ocrx_word' id='word_1_654' title='bbox 2588 4247 3052 4319; x_wconf 87' lang='grc' dir='ltr'>Μαρτυρούμενον</span> <span class='ocrx_word' id='word_1_655' title='bbox 3094 4247 3151 4300; x_wconf 83' lang='grc' dir='ltr'><strong>δὲ</strong></span> <span class='ocrx_word' id='word_1_656' title='bbox 3198 4249 3304 4302; x_wconf 85' lang='grc' dir='ltr'><strong>ὑπὸ</strong></span> <span class='ocrx_word' id='word_1_657' title='bbox 3335 4249 3428 4302; x_wconf 90' lang='grc' dir='ltr'><strong>τοῦ</strong></span> <span class='ocrx_word' id='word_1_658' title='bbox 3476 4251 3642 4320; x_wconf 84' lang='grc' dir='ltr'>νόμου</span> 
     </span>
    </p>
   </div>
   <div class='ocr_carea' id='block_1_90' title="bbox 2065 4337 3646 4412">
    <p class='ocr_par' dir='ltr' id='par_1_90' title="bbox 2065 4337 3646 4412">
     <span class='ocr_line' id='line_1_90' title="bbox 2065 4337 3646 4412; baseline 0 -20"><span class='ocrx_word' id='word_1_659' title='bbox 2065 4341 2159 4392; x_wconf 71' lang='grc' dir='ltr'><strong>καὶ</strong></span> <span class='ocrx_word' id='word_1_660' title='bbox 2203 4339 2310 4391; x_wconf 84' lang='grc' dir='ltr'><strong>τῶν</strong></span> <span class='ocrx_word' id='word_1_661' title='bbox 2345 4337 2638 4408; x_wconf 51' lang='grc' dir='ltr'>προσητῶν</span> <span class='ocrx_word' id='word_1_662' title='bbox 2687 4337 3002 4388; x_wconf 86' lang='grc' dir='ltr'>συνίσταται</span> <span class='ocrx_word' id='word_1_663' title='bbox 3031 4337 3094 4388; x_wconf 73' lang='grc' dir='ltr'><strong>τὸ</strong></span> <span class='ocrx_word' id='word_1_664' title='bbox 3133 4337 3483 4406; x_wconf 78' lang='grc' dir='ltr'>Εὐαγγέλιον.</span> <span class='ocrx_word' id='word_1_665' title='bbox 3525 4340 3646 4412; x_wconf 69' lang='grc' dir='ltr'><strong>Ἐρι</strong></span> 
     </span>
    </p>
   </div>
   <div class='ocr_carea' id='block_1_91' title="bbox 382 4425 1937 4503">
    <p class='ocr_par' dir='ltr' id='par_1_91' title="bbox 382 4425 1937 4491">
     <span class='ocr_line' id='line_1_91' title="bbox 382 4425 1937 4491; baseline -0.003 -9"><span class='ocrx_word' id='word_1_666' title='bbox 382 4427 674 4485; x_wconf 86' lang='lat' dir='ltr'><strong>Zacharias</strong></span> <span class='ocrx_word' id='word_1_667' title='bbox 725 4443 880 4491; x_wconf 88' lang='lat' dir='ltr'><strong>vero,</strong></span> <span class='ocrx_word' id='word_1_668' title='bbox 919 4428 1230 4482; x_wconf 85' lang='lat' dir='ltr'><strong>memoriam</strong></span> <span class='ocrx_word' id='word_1_669' title='bbox 1280 4426 1373 4480; x_wconf 87' lang='lat' dir='ltr'><strong>Dei</strong></span> <span class='ocrx_word' id='word_1_670' title='bbox 1401 4441 1422 4480; x_wconf 91' lang='lat'><strong><em>:</em></strong></span> <span class='ocrx_word' id='word_1_671' title='bbox 1451 4426 1590 4480; x_wconf 78' lang='lat' dir='ltr'><strong>[ilius</strong></span> <span class='ocrx_word' id='word_1_672' title='bbox 1611 4441 1740 4480; x_wconf 85' lang='lat' dir='ltr'><strong>vero</strong></span> <span class='ocrx_word' id='word_1_673' title='bbox 1790 4425 1937 4478; x_wconf 34' lang='lat' dir='ltr'><strong>Bara‘</strong></span> 
     </span>
    </p>
   </div>
   <div class='ocr_carea' id='block_1_92' title="bbox 2077 4425 3645 4503">
    <p class='ocr_par' dir='ltr' id='par_1_92' title="bbox 2077 4428 3645 4502">
     <span class='ocr_line' id='line_1_92' title="bbox 2077 4428 3645 4502; baseline 0 -18"><span class='ocrx_word' id='word_1_674' title='bbox 2077 4429 2351 4502; x_wconf 69' lang='grc' dir='ltr'>ιηνεύεται</span> <span class='ocrx_word' id='word_1_675' title='bbox 2391 4429 2447 4482; x_wconf 77' lang='grc' dir='ltr'>δὲ</span> <span class='ocrx_word' id='word_1_676' title='bbox 2479 4430 2507 4482; x_wconf 89' lang='lat'><strong>6</strong></span> <span class='ocrx_word' id='word_1_677' title='bbox 2531 4453 2536 4460; x_wconf 66' lang='grc' dir='ltr'><strong><em>υ</em></strong></span> <span class='ocrx_word' id='word_1_678' title='bbox 2564 4428 2662 4498; x_wconf 85' lang='grc' dir='ltr'><strong>μὲν</strong></span> <span class='ocrx_word' id='word_1_679' title='bbox 2707 4429 2931 4498; x_wconf 79' lang='grc' dir='ltr'>Οὐρίας,</span> <span class='ocrx_word' id='word_1_680' title='bbox 2959 4430 3261 4497; x_wconf 62' lang='grc' dir='ltr'>φωτισμὸς</span> <span class='ocrx_word' id='word_1_681' title='bbox 3301 4429 3446 4484; x_wconf 85' lang='grc' dir='ltr'>Θεοῦ</span> <span class='ocrx_word' id='word_1_682' title='bbox 3469 4448 3482 4460; x_wconf 93' lang='grc'>·</span> <span class='ocrx_word' id='word_1_683' title='bbox 3531 4433 3560 4484; x_wconf 87' lang='grc' dir='ltr'>ὁ</span> <span class='ocrx_word' id='word_1_684' title='bbox 3591 4431 3645 4484; x_wconf 81' lang='grc' dir='ltr'><strong>δέ</strong></span> 
     </span>
    </p>
   </div>
   <div class='ocr_carea' id='block_1_93' title="bbox 382 4516 1965 4586">
    <p class='ocr_par' dir='ltr' id='par_1_93' title="bbox 382 4516 1965 4586">
     <span class='ocr_line' id='line_1_93' title="bbox 382 4516 1965 4586; baseline 0 -12"><span class='ocrx_word' id='word_1_685' title='bbox 382 4521 541 4584; x_wconf 67' lang='lat' dir='ltr'><strong>chiaa,</strong></span> <span class='ocrx_word' id='word_1_686' title='bbox 581 4522 633 4576; x_wconf 88' lang='lat' dir='ltr'><strong>id</strong></span> <span class='ocrx_word' id='word_1_687' title='bbox 672 4533 774 4586; x_wconf 74' lang='lat' dir='ltr'><strong>est,</strong></span> <span class='ocrx_word' id='word_1_688' title='bbox 805 4521 1177 4575; x_wconf 74' lang='lat' dir='ltr'><strong>benedictionis</strong></span> <span class='ocrx_word' id='word_1_689' title='bbox 1218 4519 1333 4573; x_wconf 89' lang='lat' dir='ltr'><strong>Dei.</strong></span> <span class='ocrx_word' id='word_1_690' title='bbox 1356 4517 1504 4585; x_wconf 86' lang='lat' dir='ltr'><strong>Quos</strong></span> <span class='ocrx_word' id='word_1_691' title='bbox 1535 4519 1751 4572; x_wconf 88' lang='lat' dir='ltr'><strong>tandem</strong></span> <span class='ocrx_word' id='word_1_692' title='bbox 1782 4516 1965 4574; x_wconf 82' lang='lat' dir='ltr'><strong>ﬁdeles</strong></span> 
     </span>
    </p>
   </div>
   <div class='ocr_carea' id='block_1_94' title="bbox 385 4610 1966 4678">
    <p class='ocr_par' dir='ltr' id='par_1_94' title="bbox 385 4610 1966 4678">
     <span class='ocr_line' id='line_1_94' title="bbox 385 4610 1966 4678; baseline -0.003 -11"><span class='ocrx_word' id='word_1_693' title='bbox 385 4614 632 4668; x_wconf 89' lang='lat' dir='ltr'><strong>homines</strong></span> <span class='ocrx_word' id='word_1_694' title='bbox 691 4613 924 4668; x_wconf 79' lang='lat' dir='ltr'><strong>ducebat</strong></span> <span class='ocrx_word' id='word_1_695' title='bbox 978 4628 1098 4668; x_wconf 87' lang='lat' dir='ltr'><strong>esse</strong></span> <span class='ocrx_word' id='word_1_696' title='bbox 1137 4620 1302 4666; x_wconf 89' lang='lat' dir='ltr'><strong>testes</strong></span> <span class='ocrx_word' id='word_1_697' title='bbox 1335 4611 1359 4665; x_wconf 74' lang='grc' dir='ltr'><em>ἳ</em></span> <span class='ocrx_word' id='word_1_698' title='bbox 1393 4610 1448 4664; x_wconf 91' lang='lat' dir='ltr'><strong>Si</strong></span> <span class='ocrx_word' id='word_1_699' title='bbox 1489 4611 1612 4678; x_wconf 91' lang='lat' dir='ltr'><strong>quis</strong></span> <span class='ocrx_word' id='word_1_700' title='bbox 1672 4610 1742 4664; x_wconf 83' lang='lat' dir='ltr'><strong>sit</strong></span> <span class='ocrx_word' id='word_1_701' title='bbox 1791 4625 1820 4663; x_wconf 90' lang='lat' dir='ltr'><strong>a</strong></span> <span class='ocrx_word' id='word_1_702' title='bbox 1857 4611 1966 4664; x_wconf 92' lang='lat' dir='ltr'><strong>Deo</strong></span> 
     </span>
    </p>
   </div>
   <div class='ocr_carea' id='block_1_95' title="bbox 387 4701 1966 4774">
    <p class='ocr_par' dir='ltr' id='par_1_95' title="bbox 387 4701 1966 4774">
     <span class='ocr_line' id='line_1_95' title="bbox 387 4701 1966 4774; baseline -0.003 -15"><span class='ocrx_word' id='word_1_703' title='bbox 387 4705 710 4772; x_wconf 85' lang='lat' dir='ltr'><strong>illustratus,</strong></span> <span class='ocrx_word' id='word_1_704' title='bbox 749 4705 950 4774; x_wconf 82' lang='lat' dir='ltr'><strong>Deique</strong></span> <span class='ocrx_word' id='word_1_705' title='bbox 988 4705 1303 4758; x_wconf 88' lang='lat' dir='ltr'><strong>memoriam</strong></span> <span class='ocrx_word' id='word_1_706' title='bbox 1344 4703 1616 4758; x_wconf 89' lang='lat' dir='ltr'><strong>assiduam</strong></span> <span class='ocrx_word' id='word_1_707' title='bbox 1649 4711 1852 4768; x_wconf 83' lang='lat' dir='ltr'><strong>servet,</strong></span> <span class='ocrx_word' id='word_1_708' title='bbox 1877 4701 1966 4756; x_wconf 90' lang='lat' dir='ltr'><strong>hic</strong></span> 
     </span>
    </p>
   </div>
   <div class='ocr_carea' id='block_1_96' title="bbox 387 4797 627 4852">
    <p class='ocr_par' dir='ltr' id='par_1_96' title="bbox 387 4797 627 4852">
     <span class='ocr_line' id='line_1_96' title="bbox 387 4797 627 4852; baseline -0.008 0"><span class='ocrx_word' id='word_1_709' title='bbox 387 4797 477 4852; x_wconf 88' lang='lat' dir='ltr'><strong>ille</strong></span> <span class='ocrx_word' id='word_1_710' title='bbox 503 4797 627 4852; x_wconf 87' lang='lat' dir='ltr'><strong>erit.</strong></span> 
     </span>
    </p>
   </div>
   <div class='ocr_carea' id='block_1_97' title="bbox 457 4973 1967 5048">
    <p class='ocr_par' dir='ltr' id='par_1_97' title="bbox 457 4973 1967 5048">
     <span class='ocr_line' id='line_1_97' title="bbox 457 4973 1967 5048; baseline -0.003 -16"><span class='ocrx_word' id='word_1_711' title='bbox 457 4975 584 5032; x_wconf 78' lang='grc'>208.</span> <span class='ocrx_word' id='word_1_712' title='bbox 621 4975 827 5048; x_wconf 82' lang='lat' dir='ltr'><strong>Ecquid</strong></span> <span class='ocrx_word' id='word_1_713' title='bbox 859 4975 1024 5046; x_wconf 71' lang='lat' dir='ltr'><strong>igitur</strong></span> <span class='ocrx_word' id='word_1_714' title='bbox 1063 4975 1166 5031; x_wconf 90' lang='lat' dir='ltr'><strong>sibi</strong></span> <span class='ocrx_word' id='word_1_715' title='bbox 1199 4975 1314 5030; x_wconf 90' lang='lat' dir='ltr'><strong>vult</strong></span> <span class='ocrx_word' id='word_1_716' title='bbox 1362 4974 1526 5040; x_wconf 91' lang='lat' dir='ltr'><strong>illud,</strong></span> <span class='ocrx_word' id='word_1_717' title='bbox 1559 4973 1630 5027; x_wconf 81' lang='lat' dir='ltr'><strong>Et</strong></span> <span class='ocrx_word' id='word_1_718' title='bbox 1676 4975 1869 5028; x_wconf 82' lang='lat' dir='ltr'><strong>accessi</strong></span> <span class='ocrx_word' id='word_1_719' title='bbox 1899 4975 1967 5027; x_wconf 85' lang='lat' dir='ltr'><strong>ad</strong></span> 
     </span>
    </p>
   </div>
   <div class='ocr_carea' id='block_1_98' title="bbox 2067 4520 3647 4594">
    <p class='ocr_par' dir='ltr' id='par_1_98' title="bbox 2067 4520 3647 4594">
     <span class='ocr_line' id='line_1_98' title="bbox 2067 4520 3647 4594; baseline -0.001 -16"><span class='ocrx_word' id='word_1_720' title='bbox 2067 4523 2361 4594; x_wconf 87' lang='grc' dir='ltr'>Ζαχαρίας,</span> <span class='ocrx_word' id='word_1_721' title='bbox 2412 4520 2618 4590; x_wconf 70' lang='grc' dir='ltr'>μνήμη</span> <span class='ocrx_word' id='word_1_722' title='bbox 2672 4521 2854 4575; x_wconf 85' lang='grc' dir='ltr'>Θεοῦ·</span> <span class='ocrx_word' id='word_1_723' title='bbox 2921 4522 3037 4585; x_wconf 83' lang='grc' dir='ltr'>υἱὸς</span> <span class='ocrx_word' id='word_1_724' title='bbox 3081 4521 3139 4575; x_wconf 86' lang='grc' dir='ltr'>δὲ</span> <span class='ocrx_word' id='word_1_725' title='bbox 3185 4523 3484 4593; x_wconf 83' lang='grc' dir='ltr'>Βαραχίου,</span> <span class='ocrx_word' id='word_1_726' title='bbox 3535 4523 3647 4590; x_wconf 76' lang='grc' dir='ltr'>τῆς</span> 
     </span>
    </p>
   </div>
   <div class='ocr_carea' id='block_1_99' title="bbox 2069 4609 3646 4685">
    <p class='ocr_par' dir='ltr' id='par_1_99' title="bbox 2069 4609 3646 4685">
     <span class='ocr_line' id='line_1_99' title="bbox 2069 4609 3646 4685; baseline -0.001 -15"><span class='ocrx_word' id='word_1_727' title='bbox 2069 4616 2348 4684; x_wconf 78' lang='grc' dir='ltr'>εὐλογίας</span> <span class='ocrx_word' id='word_1_728' title='bbox 2397 4613 2509 4681; x_wconf 79' lang='grc' dir='ltr'>τῆς</span> <span class='ocrx_word' id='word_1_729' title='bbox 2551 4613 2658 4667; x_wconf 84' lang='grc' dir='ltr'><strong>τοῦ</strong></span> <span class='ocrx_word' id='word_1_730' title='bbox 2696 4613 2865 4668; x_wconf 86' lang='grc' dir='ltr'>Θεοῦ.</span> <span class='ocrx_word' id='word_1_731' title='bbox 2904 4612 3068 4678; x_wconf 91' lang='grc' dir='ltr'>Τίνας</span> <span class='ocrx_word' id='word_1_732' title='bbox 3100 4609 3193 4667; x_wconf 81' lang='grc' dir='ltr'><strong>οῦν</strong></span> <span class='ocrx_word' id='word_1_733' title='bbox 3226 4613 3467 4685; x_wconf 76' lang='grc' dir='ltr'>ἔπρεπεν</span> <span class='ocrx_word' id='word_1_734' title='bbox 3506 4610 3646 4669; x_wconf 82' lang='grc' dir='ltr'>εἶναι</span> 
     </span>
    </p>
   </div>
   <div class='ocr_carea' id='block_1_100' title="bbox 2069 4704 3649 4778">
    <p class='ocr_par' dir='ltr' id='par_1_100' title="bbox 2069 4704 3649 4778">
     <span class='ocr_line' id='line_1_100' title="bbox 2069 4704 3649 4778; baseline 0.001 -20"><span class='ocrx_word' id='word_1_735' title='bbox 2069 4708 2292 4769; x_wconf 76' lang='grc' dir='ltr'>πιστοὺς</span> <span class='ocrx_word' id='word_1_736' title='bbox 2316 4705 2634 4776; x_wconf 82' lang='grc' dir='ltr'>ἀνθρώπους</span> <span class='ocrx_word' id='word_1_737' title='bbox 2664 4704 2776 4776; x_wconf 75' lang='grc'><strong>(31)</strong></span> <span class='ocrx_word' id='word_1_738' title='bbox 2815 4705 3136 4778; x_wconf 84' lang='grc' dir='ltr'>μάρτυρας;</span> <span class='ocrx_word' id='word_1_739' title='bbox 3187 4707 3254 4759; x_wconf 77' lang='grc' dir='ltr'><strong>Εἴ</strong></span> <span class='ocrx_word' id='word_1_740' title='bbox 3282 4707 3365 4771; x_wconf 84' lang='grc' dir='ltr'><strong>τίς</strong></span> <span class='ocrx_word' id='word_1_741' title='bbox 3401 4710 3520 4762; x_wconf 90' lang='grc' dir='ltr'>ἐστι</span> <span class='ocrx_word' id='word_1_742' title='bbox 3554 4725 3649 4760; x_wconf 75' lang='grc' dir='ltr'>πεο</span> 
     </span>
    </p>
   </div>
   <div class='ocr_carea' id='block_1_101' title="bbox 2070 4795 3646 4871">
    <p class='ocr_par' dir='ltr' id='par_1_101' title="bbox 2070 4795 3646 4871">
     <span class='ocr_line' id='line_1_101' title="bbox 2070 4795 3646 4871; baseline 0.001 -21"><span class='ocrx_word' id='word_1_743' title='bbox 2070 4797 2410 4868; x_wconf 76' lang='grc' dir='ltr'>φωτισμένος</span> <span class='ocrx_word' id='word_1_744' title='bbox 2453 4795 2560 4850; x_wconf 77' lang='grc' dir='ltr'>ἀπὸ</span> <span class='ocrx_word' id='word_1_745' title='bbox 2602 4796 2762 4860; x_wconf 85' lang='grc' dir='ltr'>Θεοῦ,</span> <span class='ocrx_word' id='word_1_746' title='bbox 2807 4799 2904 4852; x_wconf 67' lang='grc' dir='ltr'><strong>καὶ</strong></span> <span class='ocrx_word' id='word_1_747' title='bbox 2956 4800 3177 4868; x_wconf 81' lang='grc' dir='ltr'>μνήμην</span> <span class='ocrx_word' id='word_1_748' title='bbox 3229 4798 3365 4869; x_wconf 81' lang='grc' dir='ltr'>ἔχων</span> <span class='ocrx_word' id='word_1_749' title='bbox 3424 4799 3646 4871; x_wconf 83' lang='grc' dir='ltr'>διηνεκῆ</span> 
     </span>
    </p>
   </div>
   <div class='ocr_carea' id='block_1_102' title="bbox 2069 4887 2224 4942">
    <p class='ocr_par' dir='ltr' id='par_1_102' title="bbox 2069 4887 2224 4942">
     <span class='ocr_line' id='line_1_102' title="bbox 2069 4887 2224 4942; baseline -0.019 0"><span class='ocrx_word' id='word_1_750' title='bbox 2069 4887 2224 4942; x_wconf 86' lang='grc' dir='ltr'>Θεοῦ.</span> 
     </span>
    </p>
   </div>
   <div class='ocr_carea' id='block_1_103' title="bbox 2147 4973 3649 5048">
    <p class='ocr_par' dir='ltr' id='par_1_103' title="bbox 2147 4973 3649 5048">
     <span class='ocr_line' id='line_1_103' title="bbox 2147 4973 3649 5048; baseline 0.001 -16"><span class='ocrx_word' id='word_1_751' title='bbox 2147 4977 2272 5033; x_wconf 73' lang='grc'><strong>208.</strong></span> <span class='ocrx_word' id='word_1_752' title='bbox 2305 4978 2369 5030; x_wconf 87' lang='grc' dir='ltr'>Τί</span> <span class='ocrx_word' id='word_1_753' title='bbox 2403 4973 2494 5032; x_wconf 80' lang='grc' dir='ltr'><strong>οῦν</strong></span> <span class='ocrx_word' id='word_1_754' title='bbox 2526 4980 2643 5030; x_wconf 78' lang='grc' dir='ltr'>ἐστι</span> <span class='ocrx_word' id='word_1_755' title='bbox 2685 4979 2766 5042; x_wconf 86' lang='grc' dir='ltr'><strong>τὸ,</strong></span> <span class='ocrx_word' id='word_1_756' title='bbox 2795 4979 2900 5033; x_wconf 79' lang='lat' dir='ltr'><strong>Kal</strong></span> <span class='ocrx_word' id='word_1_757' title='bbox 2945 4979 3298 5048; x_wconf 71' lang='grc' dir='ltr'>προσῆλθον</span> <span class='ocrx_word' id='word_1_758' title='bbox 3337 4981 3491 5048; x_wconf 60' lang='grc' dir='ltr'>πρῦς</span> <span class='ocrx_word' id='word_1_759' title='bbox 3537 4980 3649 5048; x_wconf 72' lang='grc' dir='ltr'><strong>τὴν</strong></span> 
     </span>
    </p>
   </div>
   <div class='ocr_carea' id='block_1_104' title="bbox 461 5115 2120 5182">
    <p class='ocr_par' dir='ltr' id='par_1_104' title="bbox 461 5115 2120 5182">
     <span class='ocr_line' id='line_1_104' title="bbox 461 5115 2120 5182; baseline -0.002 -8"><span class='ocrx_word' id='word_1_760' title='bbox 461 5117 506 5150; x_wconf 78' lang='grc'><strong>⁸⁸</strong></span> <span class='ocrx_word' id='word_1_761' title='bbox 535 5117 660 5174; x_wconf 86' lang='lat' dir='ltr'><strong>Ose.</strong></span> <span class='ocrx_word' id='word_1_762' title='bbox 705 5133 746 5182; x_wconf 86' lang='lat' dir='ltr'><strong>l,</strong></span> <span class='ocrx_word' id='word_1_763' title='bbox 773 5116 829 5170; x_wconf 74' lang='grc'>2.</span> <span class='ocrx_word' id='word_1_764' title='bbox 908 5117 951 5149; x_wconf 77' lang='grc'><strong>’⁷</strong></span> <span class='ocrx_word' id='word_1_765' title='bbox 981 5115 1110 5170; x_wconf 88' lang='lat' dir='ltr'><strong>ibid.</strong></span> <span class='ocrx_word' id='word_1_766' title='bbox 1143 5115 1198 5169; x_wconf 72' lang='grc'>4.</span> <span class='ocrx_word' id='word_1_767' title='bbox 1276 5115 1321 5148; x_wconf 84' lang='grc'><strong>¹⁸</strong></span> <span class='ocrx_word' id='word_1_768' title='bbox 1359 5115 1554 5170; x_wconf 85' lang='lat' dir='ltr'><strong>Ezech.</strong></span> <span class='ocrx_word' id='word_1_769' title='bbox 1585 5130 1658 5177; x_wconf 87' lang='lat' dir='ltr'><strong>tv,</strong></span> <span class='ocrx_word' id='word_1_770' title='bbox 1694 5115 1749 5170; x_wconf 66' lang='grc'>4.</span> <span class='ocrx_word' id='word_1_771' title='bbox 1830 5115 1872 5148; x_wconf 84' lang='grc'><strong>¹⁹</strong></span> <span class='ocrx_word' id='word_1_772' title='bbox 1902 5115 2030 5169; x_wconf 89' lang='lat' dir='ltr'><strong>ibid.</strong></span> <span class='ocrx_word' id='word_1_773' title='bbox 2065 5115 2120 5171; x_wconf 81' lang='grc'>6.</span> 
     </span>
    </p>
   </div>
   <div class='ocr_carea' id='block_1_105' title="bbox 465 5272 1900 5349">
    <p class='ocr_par' dir='ltr' id='par_1_105' title="bbox 465 5272 1900 5349">
     <span class='ocr_line' id='line_1_105' title="bbox 465 5272 1900 5349; baseline -0.006 -17"><span class='ocrx_word' id='word_1_774' title='bbox 465 5277 578 5349; x_wconf 72' lang='grc'><strong>(26)</strong></span> <span class='ocrx_word' id='word_1_775' title='bbox 618 5277 840 5349; x_wconf 65' lang='lat' dir='ltr'><strong>Antiqui</strong></span> <span class='ocrx_word' id='word_1_776' title='bbox 873 5291 964 5330; x_wconf 79' lang='lat' dir='ltr'><strong>ses</strong></span> <span class='ocrx_word' id='word_1_777' title='bbox 997 5275 1152 5349; x_wconf 83' lang='lat' dir='ltr'><strong>_un_ri,</strong></span> <span class='ocrx_word' id='word_1_778' title='bbox 1183 5275 1436 5349; x_wconf 75' lang='grc' dir='ltr'>ποιήσας.</span> <span class='ocrx_word' id='word_1_779' title='bbox 1462 5272 1640 5349; x_wconf 80' lang='lat' dir='ltr'><strong>Etliti,_</strong></span> <span class='ocrx_word' id='word_1_780' title='bbox 1661 5273 1900 5343; x_wconf 83' lang='grc' dir='ltr'>ποιῆσαι.</span> 
     </span>
    </p>
   </div>
   <div class='ocr_carea' id='block_1_106' title="bbox 468 5341 1976 5420">
    <p class='ocr_par' dir='ltr' id='par_1_106' title="bbox 468 5341 1976 5420">
     <span class='ocr_line' id='line_1_106' title="bbox 468 5341 1976 5420; baseline -0.005 -18"><span class='ocrx_word' id='word_1_781' title='bbox 468 5341 583 5420; x_wconf 68' lang='grc'><strong>(27)</strong></span> <span class='ocrx_word' id='word_1_782' title='bbox 619 5341 786 5420; x_wconf 64' lang='lat' dir='ltr'><strong>_Editi,</strong></span> <span class='ocrx_word' id='word_1_783' title='bbox 812 5345 888 5411; x_wconf 87' lang='grc' dir='ltr'>ὡς</span> <span class='ocrx_word' id='word_1_784' title='bbox 910 5341 1358 5420; x_wconf 8' lang='grc' dir='ltr'>,καίηρρεει-καί</span> <span class='ocrx_word' id='word_1_785' title='bbox 1389 5360 1426 5420; x_wconf 38' lang='lat' dir='ltr'><strong>.a</strong></span> <span class='ocrx_word' id='word_1_786' title='bbox 1467 5343 1674 5420; x_wconf 72' lang='lat' dir='ltr'><strong>nostris</strong></span> <span class='ocrx_word' id='word_1_787' title='bbox 1700 5341 1794 5420; x_wconf 60' lang='grc' dir='ltr'>εθῄ</span> <span class='ocrx_word' id='word_1_788' title='bbox 1827 5341 1976 5396; x_wconf 87' lang='lat' dir='ltr'><strong>codi-</strong></span> 
     </span>
    </p>
   </div>
   <div class='ocr_carea' id='block_1_107' title="bbox 399 5411 1976 5485">
    <p class='ocr_par' dir='ltr' id='par_1_107' title="bbox 399 5411 1976 5485">
     <span class='ocr_line' id='line_1_107' title="bbox 399 5411 1976 5485; baseline -0.004 -13"><span class='ocrx_word' id='word_1_789' title='bbox 399 5411 576 5472; x_wconf 58' lang='lat' dir='ltr'><strong>cibus:</strong></span> <span class='ocrx_word' id='word_1_790' title='bbox 618 5411 818 5472; x_wconf 86' lang='lat' dir='ltr'><strong>Ibidem</strong></span> <span class='ocrx_word' id='word_1_791' title='bbox 856 5417 1006 5481; x_wconf 90' lang='lat' dir='ltr'><strong>editi,</strong></span> <span class='ocrx_word' id='word_1_792' title='bbox 1039 5413 1302 5485; x_wconf 77' lang='grc' dir='ltr'>Ἰεζεκιὴλ</span> <span class='ocrx_word' id='word_1_793' title='bbox 1342 5413 1424 5468; x_wconf 86' lang='grc' dir='ltr'>τό.</span> <span class='ocrx_word' id='word_1_794' title='bbox 1466 5411 1618 5477; x_wconf 88' lang='lat' dir='ltr'><strong>Illud,</strong></span> <span class='ocrx_word' id='word_1_795' title='bbox 1655 5411 1736 5476; x_wconf 79' lang='grc' dir='ltr'>τό,</span> <span class='ocrx_word' id='word_1_796' title='bbox 1783 5412 1835 5465; x_wconf 93' lang='lat' dir='ltr'><strong>in</strong></span> <span class='ocrx_word' id='word_1_797' title='bbox 1878 5427 1976 5465; x_wconf 84' lang='lat' dir='ltr'><strong>no-</strong></span> 
     </span>
    </p>
   </div>
   <div class='ocr_carea' id='block_1_108' title="bbox 400 5487 1021 5542">
    <p class='ocr_par' dir='ltr' id='par_1_108' title="bbox 400 5487 1021 5542">
     <span class='ocr_line' id='line_1_108' title="bbox 400 5487 1021 5542; baseline -0.006 0"><span class='ocrx_word' id='word_1_798' title='bbox 400 5489 532 5542; x_wconf 86' lang='lat' dir='ltr'><strong>stris</strong></span> <span class='ocrx_word' id='word_1_799' title='bbox 555 5503 646 5541; x_wconf 75' lang='lat' dir='ltr'><strong>sex</strong></span> <span class='ocrx_word' id='word_1_800' title='bbox 691 5503 821 5542; x_wconf 90' lang='lat' dir='ltr'><strong>mss.</strong></span> <span class='ocrx_word' id='word_1_801' title='bbox 849 5487 1021 5540; x_wconf 60' lang='lat' dir='ltr'><strong>(mest.</strong></span> 
     </span>
    </p>
   </div>
   <div class='ocr_carea' id='block_1_109' title="bbox 473 5553 1801 5636">
    <p class='ocr_par' dir='ltr' id='par_1_109' title="bbox 473 5553 1801 5636">
     <span class='ocr_line' id='line_1_109' title="bbox 473 5553 1801 5636; baseline -0.002 0"><span class='ocrx_word' id='word_1_802' title='bbox 473 5557 588 5636; x_wconf 65' lang='grc' dir='ltr'><strong>(ἓξ)</strong></span> <span class='ocrx_word' id='word_1_803' title='bbox 629 5555 868 5636; x_wconf 52' lang='lat' dir='ltr'><strong>mera&quot;?</strong></span> <span class='ocrx_word' id='word_1_804' title='bbox 893 5553 1271 5636; x_wconf 68' lang='grc' dir='ltr'>⁶ο¹δ;τ.ἢ.έπί·</span> <span class='ocrx_word' id='word_1_805' title='bbox 1315 5622 1328 5636; x_wconf 93' lang='grc'><strong>.</strong></span> <span class='ocrx_word' id='word_1_806' title='bbox 1400 5625 1413 5636; x_wconf 95' lang='grc'><strong>.</strong></span> <span class='ocrx_word' id='word_1_807' title='bbox 1468 5623 1479 5636; x_wconf 95' lang='grc'><strong>.</strong></span> <span class='ocrx_word' id='word_1_808' title='bbox 1663 5621 1801 5636; x_wconf 78' lang='grc'>....,.</span> 
     </span>
    </p>
   </div>
   <div class='ocr_carea' id='block_1_110' title="bbox 403 5621 1975 5767">
    <p class='ocr_par' dir='ltr' id='par_1_110' title="bbox 403 5621 1975 5767">
     <span class='ocr_line' id='line_1_110' title="bbox 403 5621 1975 5767; baseline -0.003 -87"><span class='ocrx_word' id='word_1_809' title='bbox 403 5621 588 5767; x_wconf 40' lang='grc' dir='ltr'><strong>δέξω</strong></span> <span class='ocrx_word' id='word_1_810' title='bbox 627 5621 844 5696; x_wconf 74' lang='lat' dir='ltr'><strong>Antiqui</strong></span> <span class='ocrx_word' id='word_1_811' title='bbox 891 5641 982 5682; x_wconf 81' lang='lat' dir='ltr'><strong>ses</strong></span> <span class='ocrx_word' id='word_1_812' title='bbox 1037 5621 1181 5692; x_wconf 80' lang='lat' dir='ltr'><strong>libri,</strong></span> <span class='ocrx_word' id='word_1_813' title='bbox 1233 5622 1341 5678; x_wconf 83' lang='grc' dir='ltr'><strong>ἀπὸ</strong></span> <span class='ocrx_word' id='word_1_814' title='bbox 1395 5623 1605 5693; x_wconf 80' lang='grc' dir='ltr'>ἐτέρας.</span> <span class='ocrx_word' id='word_1_815' title='bbox 1663 5621 1826 5692; x_wconf 85' lang='lat' dir='ltr'><strong>Editi,</strong></span> <span class='ocrx_word' id='word_1_816' title='bbox 1882 5621 1975 5690; x_wconf 75' lang='grc' dir='ltr'><strong>ἀφ’</strong></span> 
     </span>
     <span class='ocr_line' id='line_1_111' title="bbox 531 5712 614 5760; baseline 0.024 -12"><span class='ocrx_word' id='word_1_817' title='bbox 531 5712 614 5760; x_wconf 86' lang='grc' dir='ltr'><strong>ας.</strong></span> 
     </span>
    </p>
   </div>
   <div class='ocr_carea' id='block_1_111' title="bbox 2143 5275 3649 5350">
    <p class='ocr_par' dir='ltr' id='par_1_111' title="bbox 2143 5275 3649 5350">
     <span class='ocr_line' id='line_1_112' title="bbox 2143 5275 3649 5350; baseline 0.006 -21"><span class='ocrx_word' id='word_1_818' title='bbox 2143 5275 2256 5345; x_wconf 82' lang='grc'><strong>(50)</strong></span> <span class='ocrx_word' id='word_1_819' title='bbox 2292 5279 2452 5339; x_wconf 84' lang='lat' dir='ltr'><strong>Editi,</strong></span> <span class='ocrx_word' id='word_1_820' title='bbox 2483 5278 2794 5350; x_wconf 83' lang='grc' dir='ltr'>γέγραπται</span> <span class='ocrx_word' id='word_1_821' title='bbox 2819 5278 2900 5335; x_wconf 88' lang='grc' dir='ltr'>τό.</span> <span class='ocrx_word' id='word_1_822' title='bbox 2938 5279 3133 5333; x_wconf 76' lang='lat' dir='ltr'><strong>Vocula</strong></span> <span class='ocrx_word' id='word_1_823' title='bbox 3163 5280 3224 5332; x_wconf 86' lang='grc' dir='ltr'>τό</span> <span class='ocrx_word' id='word_1_824' title='bbox 3251 5280 3300 5332; x_wconf 90' lang='lat' dir='ltr'><strong>in</strong></span> <span class='ocrx_word' id='word_1_825' title='bbox 3332 5282 3532 5336; x_wconf 80' lang='lat' dir='ltr'><strong>nostris</strong></span> <span class='ocrx_word' id='word_1_826' title='bbox 3561 5299 3649 5338; x_wconf 79' lang='lat' dir='ltr'><strong>scx</strong></span> 
     </span>
    </p>
   </div>
   <div class='ocr_carea' id='block_1_112' title="bbox 2071 5350 3647 5423">
    <p class='ocr_par' dir='ltr' id='par_1_112' title="bbox 2071 5350 3647 5423">
     <span class='ocr_line' id='line_1_113' title="bbox 2071 5350 3647 5423; baseline 0.004 -24"><span class='ocrx_word' id='word_1_827' title='bbox 2071 5363 2202 5423; x_wconf 64' lang='lat' dir='ltr'><strong>mss.</strong></span> <span class='ocrx_word' id='word_1_828' title='bbox 2231 5365 2332 5403; x_wconf 91' lang='lat' dir='ltr'><strong>non</strong></span> <span class='ocrx_word' id='word_1_829' title='bbox 2359 5350 2650 5404; x_wconf 73' lang='lat' dir='ltr'><strong>invenitur.</strong></span> <span class='ocrx_word' id='word_1_830' title='bbox 2681 5350 2802 5403; x_wconf 78' lang='lat' dir='ltr'><strong>Mox</strong></span> <span class='ocrx_word' id='word_1_831' title='bbox 2847 5350 3006 5405; x_wconf 89' lang='lat' dir='ltr'><strong>ambo</strong></span> <span class='ocrx_word' id='word_1_832' title='bbox 3037 5350 3358 5416; x_wconf 73' lang='lat' dir='ltr'><strong>Colbertini,</strong></span> <span class='ocrx_word' id='word_1_833' title='bbox 3399 5353 3647 5423; x_wconf 87' lang='grc' dir='ltr'>παρέστη</span> 
     </span>
    </p>
   </div>
   <div class='ocr_carea' id='block_1_113' title="bbox 2070 5419 3649 5557">
    <p class='ocr_par' dir='ltr' id='par_1_113' title="bbox 2070 5419 3649 5557">
     <span class='ocr_line' id='line_1_114' title="bbox 2070 5419 3649 5557; baseline 0.004 -18"><span class='ocrx_word' id='word_1_834' title='bbox 2070 5419 2256 5554; x_wconf 48' lang='lat' dir='ltr'><strong>Ti(93.1)</strong></span> <span class='ocrx_word' id='word_1_835' title='bbox 2306 5488 2394 5542; x_wconf 83' lang='lat' dir='ltr'><strong>Sic.</strong></span> <span class='ocrx_word' id='word_1_836' title='bbox 2429 5489 2634 5557; x_wconf 88' lang='lat' dir='ltr'><strong>anliqui</strong></span> <span class='ocrx_word' id='word_1_837' title='bbox 2689 5489 2812 5544; x_wconf 87' lang='lat' dir='ltr'><strong>libri</strong></span> <span class='ocrx_word' id='word_1_838' title='bbox 2861 5504 3074 5543; x_wconf 87' lang='lat' dir='ltr'><strong>omnes.</strong></span> <span class='ocrx_word' id='word_1_839' title='bbox 3124 5490 3284 5556; x_wconf 86' lang='lat' dir='ltr'><strong>Editi,</strong></span> <span class='ocrx_word' id='word_1_840' title='bbox 3321 5492 3548 5556; x_wconf 76' lang='grc' dir='ltr'>πιστοὺς</span> <span class='ocrx_word' id='word_1_841' title='bbox 3593 5494 3649 5546; x_wconf 89' lang='grc' dir='ltr'><strong>ἐν</strong></span> 
     </span>
    </p>
   </div>
   <div class='ocr_carea' id='block_1_114' title="bbox 2071 5557 3650 5683">
    <p class='ocr_par' dir='ltr' id='par_1_114' title="bbox 2071 5557 3650 5683">
     <span class='ocr_line' id='line_1_115' title="bbox 2071 5557 3650 5680; baseline 0.004 -71"><span class='ocrx_word' id='word_1_842' title='bbox 2071 5557 2398 5680; x_wconf 62' lang='grc' dir='ltr'>ἓνθρὼποις.</span> <span class='ocrx_word' id='word_1_843' title='bbox 2453 5560 2746 5631; x_wconf 79' lang='lat' dir='ltr'><strong>Aliquanto</strong></span> <span class='ocrx_word' id='word_1_844' title='bbox 2796 5570 2924 5631; x_wconf 83' lang='lat' dir='ltr'><strong>post</strong></span> <span class='ocrx_word' id='word_1_845' title='bbox 2964 5575 3098 5616; x_wconf 87' lang='lat' dir='ltr'><strong>mss.</strong></span> <span class='ocrx_word' id='word_1_846' title='bbox 3152 5563 3428 5628; x_wconf 82' lang='lat' dir='ltr'><strong>nonnulli,</strong></span> <span class='ocrx_word' id='word_1_847' title='bbox 3473 5563 3532 5618; x_wconf 75' lang='grc' dir='ltr'>ετ</span> <span class='ocrx_word' id='word_1_848' title='bbox 3568 5578 3650 5625; x_wconf 86' lang='grc' dir='ltr'><strong>τις</strong></span> 
     </span>
     <span class='ocr_line' id='line_1_116' title="bbox 2102 5644 2240 5683; baseline 0.014 -2"><span class='ocrx_word' id='word_1_849' title='bbox 2102 5644 2240 5683; x_wconf 86' lang='grc' dir='ltr'>σται.</span> 
     </span>
    </p>
   </div>
  </div>
