3808 6212
128 215 241 272 477

997 218 1359 275 COMMENT.
1402 218 1466 272 IN
1505 217 1744 274 ISAIAM
1782 217 2222 274 PROPHETAM.
2262 219 2413 275 CAP.
2456 218 2593 276 Vill.

3327 223 3432 278 478

130 332 482 404 προρῆτινς
510 335 827 401 Τουτέστιν,
855 337 1102 406 Ἥγγισα
1134 337 1212 408 τῷ
1230 337 1522 407 πνεύματι,
1550 337 1647 390 καὶ⁹
1677 355 1696 389 ς

1848 336 2231 402 prophetissam
2258 337 2283 388 7
2313 335 2423 390 lloc
2469 344 2574 400 est,
2621 335 3061 405 Appropinquavi
3120 335 3312 407 spiritu
3334 378 3349 403 ,
3380 338 3433 390 el

131 424 454 495 προγνώσει
514 425 627 478 τῶν
706 428 1014 498 ἐσομένων,
1079 431 1146 499 τῇ
1225 429 1536 498 προφήτιδι.
1597 430 1744 482 Κατ-

136 515 339 571 έλαϐον
388 517 501 587 γὰρ
546 519 642 571 καὶ
675 519 838 571 οἱονεὶ
882 519 1193 589 ἐπλησίασα
1221 523 1287 591 τῇ
1314 521 1641 592 κατανοήσει
1673 523 1739 592 τῇ

136 612 484 680 πφφητικῇ,
530 611 625 663 καὶ
671 607 811 664 εἶδον
861 612 1034 681 αὐτῆς
1075 611 1173 683 τὴν
1221 612 1484 682 σύλληψιν
1528 613 1743 684 πόρρω-

140 702 250 764 θεν,
290 703 718 773 προενατενίσας
760 703 839 774 τῷ
890 704 1189 775 χαρίσματι
1232 706 1330 775 τῆς
1360 705 1699 775 προφητείας
1724 721 1737 734 ·

138 794 218 845 ὅτι
250 792 445 845 ἔτεκεν
490 794 606 846 υἱὸν
637 795 766 865 περὶ
796 786 857 846 οὗ
890 792 1044 849 εἶπεν
1085 798 1114 849 ὁ
1152 795 1379 868 Κύριος,
1431 797 1513 848 ὅτι
1566 794 1741 849 Καλέ-

141 903 253 949 σεις
283 886 348 938 τὸ
373 885 548 957 ὖνομα
593 886 783 952 αὐτοῦ,
820 887 1051 955 Ταχέως
1105 889 1485 951 σκύλευσον,
1531 886 1740 954 Ὀξέως

141 979 586 1045 αρονόμευσσν.
618 978 843 1049 Ταχέως
880 978 1174 1031 ἐσκύλευσε
1225 979 1316 1032 τὸν
1373 980 1611 1048 ἰσχυρὸν,
1646 978 1739 1032 τὸν

143 1071 490 1140 φυλάσσοντα
545 1070 742 1123 ἑαυτοῦ
801 1069 870 1123 τὰ
931 1071 1222 1140 κτήματα·
1286 1070 1412 1133 τοὺς
1473 1071 1580 1123 ὑπὸ
1635 1070 1738 1139 τῆς

141 1164 420 1235 ἁμαρτίας
506 1163 931 1233 πεπραμένους,
1023 1163 1118 1216 καὶ
1203 1162 1602 1233 κατεχομένους
1680 1164 1738 1215 ἐν

140 1256 250 1317 τοῖς
282 1253 511 1324 δεσμοῖς
542 1254 638 1306 τοῦ
671 1252 929 1306 Θανάτου.
973 1253 1298 1307 Ἐσκύλευσε
1354 1253 1452 1324 μὲν
1507 1255 1734 1318 ἐκεῖνον,

142 1343 517 1414 προενόμευσε
556 1343 613 1396 δὲ
641 1345 761 1406 ταῖς
809 1342 963 1407 ἰδίαις
1015 1342 1128 1414 (52)
1178 1342 1470 1412 δυνάμεσι·
1525 1342 1736 1405 διαδοὺς

142 1439 265 1499 τοὺς
294 1437 528 1499 πιστοὺς
554 1435 693 1506 πρὸς
719 1434 966 1505 φυλακὴν
1010 1436 1107 1488 καὶ
1136 1434 1380 1507 φρουρὰν
1414 1436 1526 1496 τοῖς
1555 1432 1735 1501 ἁγίοις

138 1526 417 1595 ἀγγέλοις,
446 1526 575 1598 περὶ
604 1520 678 1578 ὧν
706 1527 802 1580 καὶ
849 1525 1011 1588 αὐτὸς
1043 1526 1212 1594 λέγει,
1262 1525 1343 1578 ὅτι
1400 1527 1463 1577 Ol
1492 1524 1735 1593 ἄγγελοι

139 1616 306 1685 ὑμῶν
327 1598 659 1682 olm-carebo
683 1616 993 1680 βλέπουσι
1026 1616 1093 1668 τὸ
1122 1616 1448 1683 πρόσωπον
1484 1614 1591 1668 τοῦ
1624 1618 1731 1668 [Ia-

140 1711 277 1776 τρός
296 1726 446 1778 μου,
470 1706 576 1761 τοῦ
606 1707 677 1760 ἐν
701 1706 826 1776 τοῖς
863 1706 1160 1775 οὐρανοῖς.
1187 1701 1356 1769 Οὗτος
1387 1706 1495 1776 γάρ
1534 1707 1680 1758 ἐστιν
1706 1708 1735 1758 ὁ

138 1798 304 1863 ὀξέως
351 1796 767 1868 προνομεύσας,
826 1797 955 1867 περὶ
1006 1790 1069 1851 οὗ
1098 1795 1446 1866 γέγραπται·
1493 1796 1735 1861 Ἀναϐὰς

137 1892 223 1955 εις
248 1890 411 1958 ὕψος
442 1888 917 1957 ᾐχμαλώτευσεν
940 1887 1381 1956 αἰχμαλωσίαν,
1422 1886 1599 1940 ἔλαϐε
1637 1886 1735 1939 δό-

131 1999 291 2051 ματα
321 1982 394 2035 ἐν
419 1979 775 2049 ἀνθρώποις.
825 1981 948 2034 Ὅτι
990 1980 1046 2033 δὲ
1090 1981 1421 2052 προφῆτιςὴ
1455 1981 1664 2053 Μαρία,

137 2073 419 2146 προσῆλθε
474 2071 618 2126 κατὰ
649 2072 741 2124 τὸν
790 2072 1194 2143 προσεγγισμὸν
1228 2073 1318 2126 τὸν
1342 2073 1430 2126 διὰ
1464 2074 1565 2144 τῆς
1592 2073 1734 2141 γνὼ-

140 2179 279 2225 σεως
306 2165 336 2215 ὁ
384 2162 635 2227 Ἡσαΐας,
672 2161 847 2225 οὐδεὶς
874 2163 1113 2234 ἀντερεῖ,
1168 2163 1519 2234 μεμνημένος
1565 2163 1734 2234 αὐτῆς

134 2253 242 2307 τῶν
284 2254 400 2325 (55)
446 2253 731 2324 ῥημάτων,
774 2253 809 2307 ἃ
846 2253 1202 2325 προφητικῶς
1240 2253 1640 2323 ἀπεφθέγξατο.
1670 2256 1735 2309 Τί

133 2345 243 2415 γάρ
272 2362 349 2416 φη
360 2362 414 2397 σι
438 2361 453 2406 ζ
477 2346 817 2414 Μεγαλύνει
851 2346 889 2413 ἡ
929 2344 1100 2415 ψυχή
1113 2363 1234 2415 μου
1252 2346 1358 2399 τὸν
1374 2349 1616 2415 Κύριον,
1635 2348 1733 2402 καὶ

132 2437 481 2509 simulam;
502 2436 569 2491 τὸ
600 2437 839 2507 πνεῦμά
866 2444 986 2507 μοι)
1016 2439 1117 2491 ἐπὶ
1146 2438 1227 2505 τῷ
1253 2438 1374 2505 Θεῷ
1399 2438 1478 2505 τῷ
1507 2441 1736 2507 σωτῆρί

128 2550 271 2601 μου,
310 2528 401 2584 ὅτι
431 2530 769 2600 ἐπέϐλεψεν
794 2532 890 2584 ἐπὶ
925 2531 1040 2599 τὴν
1061 2533 1424 2586 ταπείνωσιν
1450 2531 1560 2601 τῆς
1593 2532 1733 2586 δού-

133 2628 251 2691 λης
277 2624 492 2678 αὐτοῦ.
532 2623 685 2678 Ἰδοὺ
706 2625 816 2694 γὰρ
837 2622 953 2678 ἀπὸ
991 2623 1097 2677 τοῦ
1122 2623 1239 2677 νῦν
1265 2625 1633 2693 μακαριοῦσί
1656 2642 1735 2694 με

134 2713 325 2769 πᾶσαι
346 2718 408 2767 αἱ
441 2714 658 2784 γενεαί.
688 2716 799 2768 Καὶ
830 2714 977 2775 ὅλοις
1007 2730 1071 2783 γε
1091 2716 1393 2786 ἐπιστήσας
1414 2717 1525 2778 τοῖς
1554 2716 1734 2786 ῥήμα-

137 2825 222 2861 σιν
259 2807 459 2877 αὐτῆς,
504 2807 565 2860 οὐ
600 2807 872 2871 διατάσεις
907 2806 1078 2878 αὐτὴν
1109 2809 1284 2861 εἰπεῖν
1318 2809 1414 2861 καὶ
1440 2809 1730 2879 προφῆτιν.

132 2898 279 2954 Attin
311 2897 546 2967 Πνεῦμα
578 2899 785 2969 Κυρίου
827 2898 1062 2971 ἐπῆλθεν
1099 2899 1185 2953 ἐπ’
1226 2900 1417 2971 αὐτὴν,
1452 2900 1547 2953 καὶ
1580 2900 1735 2953 δύνα-

135 3008 230 3060 μις
293 2989 556 3059 Ὑψίστου
619 2989 970 3043 ἐπεσκίασεν.
1019 2990 1198 3062 Ὅπερ
1243 2985 1337 3044 οὖν
1384 2991 1730 3064 προσετάχθη
1759 3027 1801 3083 C

129 3082 345 3154 γράψαι
374 3083 436 3134 ἐν
467 3080 547 3152 τῷ
567 3080 719 3152 τὸμῳ
740 3080 933 3152 τούτῳ,
963 3080 1269 3152 πλησιάσας
1298 3085 1364 3154 τῇ
1398 3083 1722 3155 προφήτιδι,

129 3174 365 3246 γενηθὲν
385 3173 499 3243 (54)
524 3172 853 3245 ἐθεώρησεν.
896 3174 1043 3226 Ἐκεῖ
1067 3172 1176 3246 γὰρ
1204 3174 1446 3246 εἴρηται·
1479 3174 1730 3244 Γράψον

131 3265 373 3337 τραρίδι
439 3264 755 3333 ἀνθρώπου
783 3304 801 3330 ,
849 3263 1034 3332 ὀξέως
1103 3265 1417 3335 προνομὴν
1477 3266 1730 3335 ποιῆσαι

128 3357 384 3414 σκύλων
404 3377 418 3389 ·
443 3356 678 3411 ἐνταῦθα
710 3357 787 3421 δὲ,
826 3357 964 3428 μετὰ
994 3356 1055 3410 τὸ
1086 3360 1292 3423 εἰπεῖν,
1334 3360 1416 3412 ὅτι
1448 3359 1507 3411 ἐν
1531 3359 1728 3431 γαστρὶ

130 3450 313 3513 ἔλαϐε,
346 3451 442 3505 καὶ
469 3450 660 3504 ἔτεκεν
697 3450 834 3514 υἱὸν,
857 3450 1169 3521 γέγραπται
1197 3450 1278 3517 τὸ,
1306 3451 1419 3505 Καὶ
1450 3453 1581 3506 εἷπε
1606 3454 1726 3505 Κύ-

122 3562 291 3614 ριος·
345 3541 629 3598 Κάλεσον
683 3542 748 3595 τὸ
806 3541 997 3613 ὄνομα
1034 3544 1258 3609 αὐτοῦ,
1306 3544 1543 3614 Ταχέως
1577 3546 1728 3598 σκύ-

127 3640 405 3700 λευσον,
462 3634 671 3699 Ὀξέως
720 3636 1165 3705 προνόμευσον.
1227 3638 1390 3690 Ὥστε
1447 3637 1727 3709 διαφόροις

127 3728 308 3797 λέξεσι
354 3730 450 3782 καὶ
489 3728 757 3791 ἐπινοίαις
803 3729 865 3782 τὸ
902 3729 1033 3782 αὐτὸ
1067 3729 1314 3798 λέγεταιο
1353 3731 1411 3783 ἐν
1444 3729 1542 3795 τῷ,
1571 3729 1725 3784 Λάϐε

128 3820 370 3887 σεαυτῷ
410 3823 615 3891 τόμον-ο
651 3821 746 3874 καὶ
763 3824 821 3874 ἐν
846 3821 943 3893 τῷ,
994 3821 1359 3891 Προσῆλθον
1403 3822 1555 3890 πρὸς
1609 3820 1726 3890 τὴν

129 3910 434 3983 προφῆτιν
456 3929 469 3940 ·
501 3911 599 3964 καὶ
633 3911 785 3965 οὐδὲν
826 3912 1199 3984 ἀκατάλληλον
1240 3913 1352 3985 ἔχει
1385 3915 1417 3984 ή
1458 3912 1722 3984 ἐπαγωγὴ

129 4005 265 4079 πρὸς
314 4005 378 4058 τὸ
414 4003 795 4074 προκείμενον.
830 3998 997 4068 Οὗτος
1041 4005 1098 4058 δὲ
1148 4005 1243 4059 καὶ
1300 4006 1459 4059 ἔλαϐε
1493 4005 1722 4075 δύναμιν

130 4094 455 4168 Δαμασκοῦ,
483 4097 512 4149 ὁ
545 4096 609 4148 ἐκ
638 4095 738 4164 τῆς
787 4095 1116 4167 προφήτιδος
1158 4096 1579 4169 γεγεννημένος,
1630 4098 1724 4151 καὶ

127 4192 193 4244 τὰ
218 4189 398 4243 σκῦλα
420 4190 521 4258 τῆς
553 4187 892 4258 Σαμαρείας.
926 4188 1168 4258 Δύναμις
1190 4190 1512 4261 Δαμασκοῦ,
1540 4192 1590 4242 ol
1615 4190 1723 4243 ἀπὸ

127 4280 230 4335 τῶν
258 4279 436 4333 ἐθνῶν
462 4278 812 4342 πιστεύοντες
835 4295 850 4310 ’
885 4278 1059 4333 σκῦλα
1090 4280 1146 4333 δὲ
1171 4281 1502 4353 Σαμαρείας,
1531 4282 1581 4335 οἱ
1613 4282 1722 4335 ἀπὸ

1848 424 2155 481 futurorum
2216 427 2591 495 praenotione,
2644 429 2711 481 ad
2764 428 3182 496 praphetissam.
3227 428 3429 484 Adveni

1844 520 2011 583 enim,
2044 528 2207 589 alque
2245 521 2557 591 cognitione
2587 520 2734 574 velut
2775 535 2945 591 prope
2995 522 3234 587 accessi;
3265 532 3319 575 et
3346 521 3433 576 in-

1846 611 2011 664 tentis
2039 613 2091 664 in
2120 621 2462 666 antecessum
2516 626 2612 680 per
2640 613 2941 680 prophetia:
2984 611 3181 666 donum
3236 612 3430 678 oculis,

1842 701 2033 769 procul
2072 703 2332 770 conspexi
2370 703 2515 757 illius
2566 711 2908 771 conceptum.
2958 701 3123 768 Vidi,
3173 704 3428 771 inquam,

1841 793 2119 862 peperisse
2172 794 2372 857 ﬁlium,
2409 796 2475 849 de
2519 809 2629 864 quo
2669 795 2804 848 dixit
2841 795 3100 849 Dominus
3143 812 3157 847 :
3198 796 3432 850 Vocabis

1843 899 2037 938 nomen
2089 884 2296 954 ipsius,
2352 885 2469 938 Cito
2532 887 2739 954 spolia,
2789 884 3047 939 Velociter
3102 887 3427 956 deprwdare.
3482 928 3485 931 μ

1840 972 2095 1027 Actutum
2139 975 2391 1042 spoliavit
2442 974 2662 1039 l‘ortem,
2701 990 2830 1028 suas
2858 974 3029 1044 ipsius
3055 977 3431 1045 possessiones

1840 1064 2235 1117 custodientem
2264 1106 2279 1129 ,
2311 1080 2406 1119 eos
2457 1066 2685 1130 scilicet,
2716 1068 2807 1136 qui
2856 1065 2956 1120 sub
3006 1077 3228 1135 peccato
3274 1076 3432 1119 erant

1838 1157 2146 1210 venumdati
2175 1157 2244 1224 “,
2264 1157 2567 1227 mortisque
2597 1160 2828 1214 vinculis
2869 1159 3268 1213 detinebantur.
3291 1158 3429 1228 Spo-

1840 1247 1988 1301 liavit
2025 1248 2245 1316 quidem
2304 1248 2494 1302 illum:
2528 1251 2621 1305 sed
2658 1252 2894 1319 praedam
2935 1265 3098 1320 quam
3141 1250 3289 1315 fecit,
3316 1252 3429 1304 vir-

1845 1338 2053 1392 tutibus
2079 1338 2193 1392 suis
2224 1339 2505 1394 distribuit
2534 1357 2548 1404 ;
2586 1341 3023 1410 quandoquidem
3071 1340 3256 1394 ﬁdeles
3303 1356 3430 1395 suos

1838 1430 2045 1499 angelis
2068 1432 2276 1486 sanctis
2302 1433 2687 1488 custodiendos
2716 1435 2945 1488 credidit
2967 1440 3023 1488 et
3040 1434 3425 1488 asservandos:

1837 1522 1903 1576 de
1934 1523 2128 1592 quibus
2166 1524 2281 1592 ipse
2336 1525 2434 1591 ait,
2469 1525 2657 1594 Angeli
2707 1527 2860 1579 vestri
2904 1542 3102 1593 semper
3141 1526 3311 1578 vident
3355 1526 3433 1594 [a-

1836 1615 1966 1668 ciem
2026 1611 2207 1668 Patris
2256 1616 2380 1680 mei,
2405 1617 2495 1685 qui
2529 1621 2583 1668 in
2609 1617 2751 1670 caelis
2799 1628 2873 1670 est
2900 1618 2967 1670 ".
3011 1615 3108 1671 Hic
3145 1625 3230 1670 est
3261 1592 3429 1681 enim,

1836 1708 1927 1776 qui
1957 1707 2065 1761 cito
2088 1709 2253 1776 spolia
2286 1709 2543 1772 detraxit,
2571 1711 2637 1763 de
2665 1725 2772 1779 quo
2805 1711 3070 1780 scriptum
3095 1719 3177 1762 est
3198 1726 3212 1760 :
3232 1708 3429 1761 Ascen-

1836 1801 1964 1855 dens
1995 1803 2049 1856 in
2090 1803 2279 1870 altum,
2314 1806 2579 1872 captivam
2621 1805 2770 1857 duxit
2806 1805 3166 1871 captivitatem
3188 1842 3202 1867 ,
3230 1801 3429 1866 accepit

1836 1894 1974 1945 dona
2010 1894 2063 1945 in
2094 1893 2390 1947 hominibus
2416 1895 2482 1948 “.
2514 1892 2682 1947 Nemo
2730 1902 2913 1946 autem
2943 1890 3104 1961 535
3137 1901 3430 1960 negaturus

1835 1994 1919 2037 est
1967 1984 2192 2037 Mariam
2241 1998 2362 2039 esse
2413 1985 2834 2055 prophetissam,
2877 1985 2943 2036 ad
3002 1998 3162 2051 quam
3196 1981 3429 2034 accessit

1836 2074 2001 2127 Isaias
2035 2088 2130 2143 per
2154 2074 2479 2142 cognitionis
2508 2089 2820 2137 accessum;
2857 2072 2899 2125 si
2936 2073 3096 2125 modo
3117 2070 3233 2137 ejus
3263 2069 3427 2123 verba

1836 2165 2153 2234 prophetico
2200 2165 2392 2234 spiritu
2446 2165 2651 2233 prolata
2688 2172 2906 2218 revocet
2961 2164 3013 2216 in
3083 2163 3423 2215 memoriam.

1835 2255 1973 2320 Quid
2026 2255 2170 2309 enim
2218 2256 2346 2309 ait?
2382 2255 2688 2325 .llagniﬁcat
2745 2257 2924 2308 anima
2969 2271 3084 2307 mea
3116 2251 3423 2305 Dominum.

1836 2348 1902 2403 Et
1943 2352 2224 2404 exsultavit
2269 2352 2488 2420 spiritus
2520 2369 2666 2405 meus
2711 2352 2769 2405 in
2808 2351 2916 2405 Deo
2959 2361 3218 2403 servatore
3268 2361 3426 2402 meo:

1832 2442 1956 2507 quia
1993 2441 2219 2507 respexit
2250 2442 2321 2494 ad
2354 2441 2708 2494 humilitatem
2739 2441 2949 2494 ancilia:
2977 2456 3107 2532 δυσί.
3130 2438 3263 2493 Ecce
3288 2440 3424 2493 enim

1833 2547 1897 2584 ea:
1940 2531 2039 2585 hoc
2070 2531 2277 2585 beatam
2311 2550 2392 2585 nte
2435 2535 2608 2586 dicent
2662 2549 2839 2586 omnes
2870 2527 3227 2603 generationes
3259 2530 3327 2587 ".
3360 2527 3428 2585 Et

1832 2636 1979 2679 certe
2037 2627 2218 2679 omnia
2262 2626 2405 2681 illius
2449 2627 2615 2680 verba
2659 2627 2703 2680 si
2741 2627 3016 2695 expendas
3043 2640 3424 2694 ,nequaquam

1832 2717 2104 2772 dubitabis
2149 2718 2279 2787 quin
2331 2734 2451 2772 eam
2511 2733 2729 2787 quoque
2793 2720 2939 2772 dicat
3002 2719 3427 2787 prophetissam,

1832 2825 1953 2863 cum
1988 2810 2200 2863 Domini
2253 2811 2492 2879 Spiritus
2523 2811 2901 2881 supervenerit
2929 2811 2979 2863 in
3012 2812 3203 2880 ipsam,
3229 2822 3284 2864 et
3311 2811 3424 2863 vis»

1835 2910 1920 2954 Ius
1960 2901 2220 2955 Altissimi
2261 2903 2310 2956 ei
2357 2903 2767 2957 obnmbraverit
2797 2902 2866 2959 “.
2893 2902 3046 2970 Quod
3097 2904 3262 2970 igitur
3287 2903 3424 2957 scri-

1837 2990 2163 3062 berejussus
2202 3001 2284 3047 est
2317 2993 2577 3062 propheta
2610 2993 2663 3047 in
2707 2994 2810 3048 hoc
2848 3005 3013 3057 tomo,
3052 2995 3213 3049 simul
3242 3004 3301 3048 ut
3327 3010 3424 3064 ap-

1835 3086 2216 3153 propinquavit
2254 3086 2318 3139 ad
2354 3087 2773 3154 prephetissam,
2808 3087 2860 3141 id
2890 3086 3004 3156 jam
3039 3087 3240 3141 factum
3265 3088 3420 3141 vidit.

1831 3176 1944 3231 Illic
1974 3177 2239 3246 siquidem
2273 3178 2476 3231 dictum
2515 3186 2642 3232 est:
2676 3176 2861 3231 Scribe
2909 3176 3046 3247 stylo
3085 3178 3328 3243 hominis,
3364 3187 3423 3232 ut

1831 3270 2081 3324 velociter
2116 3270 2466 3337 direptionem
2511 3270 2674 3338 faciat
2706 3270 3033 3339 spoliorum;
3076 3269 3165 3323 hic
3215 3279 3419 3337 autem,

1832 3372 2122 3430 postquam
2168 3361 2304 3415 dixit
2351 3375 2470 3415 eam
2516 3361 2569 3413 in
2601 3368 2757 3415 utero
2796 3361 3133 3428 concepisse,
3166 3375 3230 3413 ac
3256 3373 3417 3428 pepe-

1832 3454 1968 3507 risse
1995 3451 2185 3514 ﬁlium,
2216 3453 2476 3521 scriptum
2500 3460 2584 3505 est
2617 3470 2630 3503 :
2666 3455 2737 3506 Et
2768 3453 2902 3505 dixit
2935 3451 3192 3505 Dominus
3223 3467 3242 3503 :
3276 3450 3419 3508 Voca

1830 3559 2015 3597 nomen
2049 3544 2187 3611 eius,
2215 3543 2332 3597 Cito
2355 3542 2543 3612 spolia,
2587 3542 2845 3597 Velociter
2897 3543 3224 3611 deprtedare.
3268 3546 3417 3599 Idem

1828 3638 2012 3706 itaque
2040 3638 2364 3705 exprimitur
2392 3637 2622 3691 diversis
2663 3637 2844 3690 verbis
2875 3651 2939 3688 ac
2972 3637 3275 3701 sententiis,
3295 3653 3418 3691 cum

1827 3730 2070 3785 dicitur:
2109 3727 2269 3784 Sume
2303 3731 2397 3782 tibi
2446 3740 2667 3793 tomum,
2700 3738 2777 3795 et,
2825 3727 3037 3782 Accessi
3087 3729 3156 3782 ad
3193 3730 3417 3799 prophe-

1827 3823 2015 3877 tissam
2040 3839 2061 3887 ;
2088 3821 2256 3874 illatio
2289 3821 2474 3876 isthazc
2501 3821 2630 3875 nihil
2673 3835 2887 3890 quoque
2925 3822 3088 3875 habet
3117 3837 3237 3875 cum
3274 3839 3415 3891 prae-

1825 3913 2034 3967 cedenti
2069 3901 2437 3982 propositione
2480 3912 2909 3967 dissentaneum.
2964 3911 3061 3965 llic
3110 3921 3289 3966 autem
3320 3916 3411 3983 qui

1825 4014 1984 4060 natus
2013 4012 2097 4059 est
2141 4018 2207 4059 ex
2255 4005 2618 4073 pr0phetissa.
2661 4013 2717 4058 et
2758 4005 3014 4057 virtutem
3064 4004 3419 4068 Damasci,et

1825 4098 1995 4169 spolia
2053 4096 2317 4151 Samaria:
2361 4097 2525 4166 cepit.
2560 4097 2749 4152 Virtus
2798 4096 3048 4150 Damasci
3080 4096 3114 4148 ii
3160 4106 3287 4148 sunt
3321 4090 3411 4163 qui

1823 4204 1889 4245 ex
1926 4189 2178 4261 gentibus
2201 4189 2435 4243 credunt
2474 4206 2489 4243 :
2519 4187 2692 4256 spolia
2734 4202 2863 4241 vero
2906 4186 3192 4249 Samarite,
3225 4186 3314 4253 qui
3347 4200 3411 4238 ex

1824 4281 2247 4336 circumcisione
2276 4281 2436 4335 ﬁdem
2463 4289 2595 4335 sunt
2623 4279 2882 4349 amplexi.
2911 4279 3119 4349 Quippe
3149 4288 3206 4330 ut
3243 4277 3415 4347 Syriae

131 4372 440 4445 περιτομῆς
471 4371 903 4435 πεπιστευκότες
938 4370 1072 4438 (55).
1116 4372 1262 4426 Διότι
1296 4372 1583 4444 Δαμασκδς
1621 4372 1696 4435 μὲι

1829 4371 2138 4443 metropolis
2194 4372 2487 4427 Damascus
2538 4378 2645 4437 est,
2692 4370 2763 4425 ita
2817 4368 3182 4424 lsraelitarum
3232 4367 3417 4422 Sama-

196 4515 242 4547 '°
269 4513 540 4579 Rommt,
574 4511 662 4566 15.
739 4513 783 4544 ’⁸
816 4510 1002 4567 Matth.
1028 4528 1182 4577 XVIII,
1218 4513 1305 4568 10.
1380 4516 1425 4546 ³³
1455 4512 1650 4582 Ephes.
1681 4530 1758 4578 Iv,
1785 4515 1838 4569 8.
1918 4514 2112 4571 "Luc.
2149 4530 2188 4582 I,
2223 4514 2412 4569 46-48.

197 4655 318 4725 (ΒΞ)
355 4653 583 4725 Veteres
602 4651 991 4725 _ali_quot_libri,
1028 4654 1152 4715 ταῖς
1178 4646 1431 4725 οἰκείαις.

197 4716 316 4789 1551
361 4724 523 4787 Editi,
557 4716 731 4791 αὐτῆς
779 4720 899 4791 τῆς.
937 4724 1006 4776 At
1055 4737 1211 4791 ηυδε..
1254 4717 1583 4791 αὐτῇς-τῶν.
1616 4716 1719 4772 lbi-

136 4796 249 4849 dem
286 4788 449 4851 Colb.
488 4788 716 4861 primus,
757 4788 1115 4862 προφητικῶς
1149 4788 1574 4862 ἀντεφθέγξατο.

199 4866 319 4937 (34)
342 4858 644 4937 Βεροιαῖον
670 4858 979 4937 pontlgelis'ii
1008 4865 1178 4937 codex
1201 4870 1255 4937 et
1274 4858 1719 4937 _l_{eg._secundt_I_s

136 4928 251 4989 cuin
282 4928 471 4997 éditis,
499 4929 780 5002 γεννηθέν.
807 4932 960 5002 Alter
997 4928 1307 5002 Cumbelisii
1340 4929 1509 4982 codex
1541 4928 1717 5002 et‘alii

136 5013 263 5067 tres,
284 4997 538 5074 γενηθέν.
556 4997 770 5074 Statim
798 5001 953 5074 editi,
979 5002 1097 5055 ἐκεῖ
1121 5000 1228 5074 γὰρ
1248 4999 1464 5074 εἴρηται
1486 4997 1717 5069 γράψαι.

136 5075 196 5127 At
225 5069 323 5130 sei
360 5069 512 5135 υἷες»,
550 5073 753 5132 ἐκεῖτε,
791 5069 1023 5125 fortasse
1063 5087 1159 5139 pro
1197 5069 1400 5122 ἐκεῖσε.

201 5146 318 5216 (55)
340 5142 659 5216 Procopius,
685 5150 744 5194 ut
765 5141 867 5192 alia
894 5137 1182 5210 permulta,
1210 5141 1279 5193 ita
1309 5138 1457 5216 illud,
1481 5137 1725 5216 Advolat;

136 5209 449 5286 ᾼαμασιιοῦ,
482 5209 612 5275 etc.,
649 5226 679 5263 a
731 5209 916 5264 nostro
954 5221 1177 5266 auctore
1199 5210 1474 5286 sump’sit._
1497 5209 1602 5263 Sed
1635 5211 1725 5265 hic

138 5279 282 5338 locus
306 5286 446 5354 apud
474 5293 718 5336 nostrum
755 5291 1030 5354 auctorem
1059 5295 1224 5335 sanus
1251 5290 1334 5332 est
1366 5288 1422 5333 et
1462 5279 1670 5354 integer
1702 5298 1717 5335 :

138 5356 269 5421 apud
300 5350 621 5423 Procopium
650 5366 779 5423 vero
816 5352 1245 5423 itardeprajatus
1278 5358 1479 5423 cst_,_ut
1502 5364 1567 5423 ex
1604 5350 1722 5423 ejus

140 5418 312 5478 verbis
353 5418 621 5477 sententia
662 5418 998 5488 ineptissima
1025 5418 1439 5488 elﬁciatur.“Sic
1465 5418 1608 5471 enim
1647 5421 1721 5473 le-

138 5494 309 5562 gimus
336 5510 461 5562 pag.
492 5492 596 5545 127
635 5509 647 5542 :
687 5486 926 5562 Δύναμις
949 5490 1015 5562 δὲ
1039 5486 1369 5562 γᾼαμασκοῦ,
1401 5489 1449 5562 οί
1483 5488 1591 5562 άπὸ
1619 5488 1729 5541 τῶν

140 5560 304 5616 ἐθνῶν
329 5560 678 5632 πιστεύοντες
699 5577 713 5590 '
738 5560 908 5613 σκῦλα
943 5560 999 5613 δέ
1032 5560 1363 5632 Σαμαρείας,
1395 5561 1443 5632 of
1477 5560 1541 5612 ὲκ
1569 5575 1726 5632 περι-

138 5634 311 5703 τομῆς
335 5629 448 5686 εἷεν
486 5632 746 5703 ἄπιστοι·
781 5632 853 5703 id
878 5633 1020 5698 quod
1067 5629 1145 5703 ita
1192 5629 1353 5703 vertit
1402 5629 1723 5703 Curterius:

144 5698 417 5770 Signiﬁcat
452 5720 567 5759 vero
606 5701 855 5758 Damasci
882 5700 1128 5770 potentia
1155 5701 1378 5768 nomine,
1409 5717 1513 5767 eos,
1552 5699 1639 5770 qui
1661 5701 1724 5756 tle

2513 4512 2560 4545 “
2579 4512 2711 4567 Luc.
2749 4525 2789 4578 ι,
2821 4509 2910 4564 55.

1826 4652 2057 4718 gentium
2109 4664 2326 4703 numero
2376 4647 2534 4710 ﬁdem
2573 4648 2801 4711 amplexi
2839 4659 2995 4713 sunt;
3028 4650 3163 4701 sicut
3200 4665 3287 4702 eos
3318 4666 3412 4718 per

1830 4720 2094 4774 Samaria:
2126 4718 2316 4788 spolia.
2367 4719 2456 4787 qui
2499 4734 2564 4771 ex
2608 4719 3002 4772 circumcisione
3043 4719 3282 4784 inﬁdeles
3329 4737 3412 4773 re-

1826 4799 2153 4842 manserunt.
2195 4790 2301 4843 Sed
2332 4788 2425 4855 qui
2457 4788 2570 4842 ﬁeri
2614 4798 2810 4855 potest,
2840 4799 2916 4850 ut,
2945 4789 3035 4857 qui
3072 4803 3136 4841 ex
3177 4791 3412 4842 circum-

1827 4860 2034 4913 cisione
2067 4857 2308 4911 inﬁdeles
2356 4869 2755 4923 remanserunt,
2800 4859 2833 4912 ii
2880 4859 3129 4911 dicantur
3165 4874 3260 4927 per
3304 4862 3409 4913 Sa;

1827 4930 2015 4983 maria:
2064 4928 2232 4996 spolia
2292 4928 2557 4981 indicari?
2606 4927 3070 4993 Quemadmodum
3122 4929 3264 4997 enim
3315 4931 3406 4997 qui

1829 4999 1970 5053 inter
2003 5010 2191 5068 gentes
2224 4999 2274 5051 in
2308 4998 2624 5051 inlidelitate
2671 5000 3046 5064 perstiterunt,
3080 4997 3115 5051 ii
3159 4996 3403 5054 Damasci

1826 5070 2080 5137 potentia:
2133 5069 2351 5123 nomine
2390 5082 2494 5120 non
2531 5068 2946 5136 signiﬁcantur:
2983 5069 3053 5121 ita
3085 5068 3174 5137 qui
3207 5084 3273 5121 ex
3300 5072 3407 5121 cir-

1831 5139 2162 5193 cumcisione
2205 5137 2447 5191 inﬁdeles
2492 5149 2887 5206 remanserunt,
2923 5153 3018 5193 eos
3060 5148 3269 5192 constat
3310 5154 3406 5206 per

1832 5208 2095 5262 Samaria:
2133 5208 2301 5276 spolia
2357 5208 2584 5262 indicari
2639 5210 2783 5263 nullo
2821 5210 2979 5264 modo
3029 5223 3204 5275 posse.
3249 5207 3399 5273 Quod

1829 5288 2009 5332 autem
2043 5278 2185 5341 dico,
2225 5279 2299 5343 id,
2337 5279 2380 5331 si
2436 5279 2769 5347 pr0positum
2811 5280 3049 5333 auctoris
3075 5278 3396 5343 declaretur,

1829 5349 2004 5418 magis
2033 5349 2257 5417 patebit.
2291 5347 2403 5403 Hoc
2446 5348 2608 5415 igitur
2636 5349 2759 5418 vult
2791 5348 3106 5415 Procopius,
3150 5347 3398 5402 Damasci

1833 5417 2088 5486 potentiae
2123 5419 2341 5472 nomine
2372 5417 2645 5486 designari
2670 5432 2787 5483 eos,
2817 5419 2907 5485 qui
2949 5419 3135 5472 relicto
3161 5418 3399 5486 gentium

1831 5503 2036 5552 errore,
2072 5488 2193 5541 ﬁdei
2224 5497 2405 5542 essent
2434 5487 2856 5557 obtemperaturi
2884 5506 2897 5542 :
2932 5497 3143 5557 contra,
3173 5503 3268 5556 per
3302 5488 3401 5541 Sa-

1832 5560 2018 5628 ntarim
2039 5558 2205 5626 spolia
2235 5573 2327 5612 eos
2358 5556 2672 5628 signiﬁcari,
2704 5559 2792 5626 qui
2823 5574 2855 5613 e
2885 5556 3166 5628 Syna’goga
3197 5558 3262 5610 ad
3300 5559 3400 5611 Ec-

1828 5627 2048 5711 glesiam
2079 5629 2386 5711 transirent.
2421 5626 2649 5679 Dubium
2685 5628 2846 5711 igitur
2871 5626 2976 5681 non
3004 5626 3267 5711 est,’quin
3298 5644 3397 5697 pro

1826 5697 2045 5753 ἄπιστοι
2080 5698 2180 5769 legi
2221 5707 2496 5769 oporteat,
2544 5697 2741 5752 πιστοί.
2793 5697 2950 5753 Docet
2997 5715 3097 5754 non
3137 5697 3269 5753 alios
3308 5715 3401 5766 per
