3808 6212
415 269 527 327 479

1375 265 1721 322 APPENDIX
1764 264 2050 320 OPERUM
2089 264 2145 321 S.
2186 265 2428 322 BASILH
2468 269 2703 326 MAGNI.

3583 270 3694 324 $90

419 387 502 441 ria
530 383 597 437 ".
635 383 901 438 (la-terum
939 384 1060 438 data
1096 383 1349 438 mandata
1382 395 1641 456 gestaque
1681 384 1836 439 fortia
1866 386 1992 455 ejus.

2155 385 2442 457 ητρὸττολις
2491 388 2591 454 τῆς
2634 389 2854 460 Συρίας,
2895 387 3173 460 Σαμάρεια
3217 387 3274 441 δὲ
3315 405 3397 440 ..ου
3440 387 3691 459 Ἰσραήλ.

420 474 514 544 qui
563 487 629 528 ex
681 475 1020 543 pr0pbetissa
1076 485 1236 528 natus
1268 485 1372 541 est,
1425 477 1542 531 vice
1576 475 1851 530 nominum
1896 476 1995 544 ipsi

424 564 773 632 imponuntur
807 581 835 618 a
887 565 1136 632 Domino,
1172 571 1395 637 perinde
1426 577 1483 620 ut
1521 578 1576 621 et
1610 582 1804 620 nomen
1845 565 2000 620 Jesus

420 657 597 710 eidem
631 657 859 712 Domino
881 669 1122 727 aptatum
1147 672 1230 716 est
1263 663 1332 716 ob
1375 662 1606 715 salutem
1642 660 1850 715 nobisa
1890 659 1998 714 Deo

423 749 798 816 impertitum:
837 747 1053 803 Vocabis
1083 753 1262 814 enim.
1305 753 1497 822 inquit,
1537 769 1725 806 nomen
1767 752 1880 822 ejus
1907 751 1998 804 Je-

418 857 533 894 sum
555 859 571 896 :
593 843 701 909 ipse
718 845 853 896 enim
881 843 1082 898 salvum
1101 845 1260 914 faciet
1283 847 1532 916 papulum
1553 864 1706 902 suum
1723 865 1753 900 a
1776 847 1997 915 peccatis

417 947 598 985 eorum
627 933 692 986 ⁸⁸.

487 1108 617 1164 209.
651 1109 814 1167 Vens.
847 1114 962 1169 5-8.
997 1114 1062 1169 Et
1111 1114 1306 1184 adjecit
1342 1115 1593 1169 Dominus
1634 1115 1777 1186 loqui
1801 1115 1870 1168 ad
1917 1132 1999 1170 me

419 1202 593 1254 adhuc
623 1219 642 1256 :
678 1203 816 1268 Quia
865 1221 969 1259 non
1000 1207 1109 1260 uult
1142 1209 1365 1274 populus
1403 1208 1489 1260 hic
1541 1225 1730 1276 aquam
1772 1207 1995 1276 Siloam,

416 1309 535 1362 qua’
567 1295 734 1362 quiete
768 1296 928 1364 ﬂuit;
961 1297 1053 1350 sed
1089 1298 1193 1350 vult
1221 1298 1407 1352 habere
1435 1297 1599 1352 Rasin
1624 1309 1670 1351 et
1696 1299 1865 1366 ﬁlium
1901 1298 2000 1354 Ro-

417 1384 588 1437 melia:
633 1403 798 1456 regem
829 1405 983 1450 super
1006 1405 1096 1441 vos
1122 1405 1140 1442 :
1180 1389 1299 1442 ideo
1323 1405 1438 1442 ecce
1477 1390 1691 1443 adducit
1741 1389 1996 1445 Dominus

417 1491 576 1538 super
595 1494 680 1530 vos
709 1495 901 1541 aquam
959 1481 1194 1550 ﬂuminis
1239 1485 1434 1550 fortem
1471 1494 1518 1537 et
1554 1485 1794 1548 multam,
1829 1503 1998 1555 regem

418 1569 754 1638 Assyriorum
781 1611 796 1633 ,
835 1581 882 1624 et
941 1573 1166 1640 gloriam
1229 1574 1342 1643 ejus
1387 1591 1406 1628 .'
1452 1585 1501 1628 et
1551 1579 1791 1629 ascendet
1819 1591 1999 1644 'super

417 1677 622 1715 omnem
654 1665 836 1718 vallem
891 1679 1138 1729 uestram,
1176 1676 1224 1720 et
1268 1668 1556 1721 ambulabit
1607 1655 1762 1737 sriper
1793 1685 1993 1724 onmem

2102 476 2250 547 Πλὴν
2291 478 2361 532 τὰ
2411 479 2812 550 προστάγματα
2857 479 2970 551 (56)
3001 481 3095 533 καὶ
3122 480 3190 533 τὰ
3218 478 3693 550 ἀνδραγαθήματα

2098 568 2193 621 τοῦ
2242 571 2307 622 ἑκ
2350 570 2450 641 τῆς
2479 570 2806 642 προφήτιδος
2834 571 3208 642 γεννηθέντος,
3244 571 3367 625 ἀντὶ
3401 569 3694 640 ὀνομάτων

2101 657 2250 729 αὐτῷ
2278 659 2579 712 ἐπιτίθεται
2609 661 2762 732 παρά
2784 661 2875 714 τού
2905 663 3136 734 Κυρίου,
3163 663 3238 724 ὡς
3267 661 3439 715 καὶτὸ
3477 661 3693 731 Ἰησοῦς

2099 749 2270 821 ὄνομα
2298 751 2450 821 παρά
2473 751 2571 821 τὴν
2599 752 2876 823 σωτηρίαν
2899 754 2998 823 τὴν
3042 754 3150 806 ἀπὸ
3194 752 3327 806 Θεοῦ
3369 753 3499 822 ἡμῖν
3539 751 3692 804 δεδο-

2104 844 2272 913 μένην
2302 845 2625 916 ἐφηρμόσοη
2656 845 2736 916 τῷ
2777 846 2988 918 Κυρίῳ.
3032 845 3325 912 Καλέσεις
3353 845 3482 916 γὰρ,
3515 845 3688 914 φησὶ,

2098 932 2165 986 τὸ
2215 933 2406 1002 ὄνομα
2432 935 2620 989 αὐτοῦ
2659 936 2935 1002 Ἰησοῦν·
2989 935 3174 1002 αὐτὸς
3212 935 3322 1004 γὰρ
3357 937 3547 989 σώσει
3577 939 3690 988 tor

2097 1022 2254 1076 λαὸν
2291 1024 2479 1078 αὐτοῦ
2511 1025 2630 1079 ἀπὸ
2657 1025 2776 1080 τῶν
2796 1025 3094 1096 ἁμαρτιῶν
3122 1028 3340 1082 αὐτῶν.

2170 1115 2298 1170 209.
2350 1117 2463 1169 Καὶ
2492 1117 2820 1184 προσέθετο
2851 1120 3068 1186 Κύριος
3095 1117 3369 1184 λαλῆσαί
3393 1135 3496 1188 μοι
3548 1117 3640 1171 ἔτι
3670 1135 3686 1149 ·

2098 1207 2202 1259 Διὰ
2231 1207 2297 1259 τὸ
2325 1207 2412 1276 μὴ
2428 1209 2761 1272 βούλεσθαι
2793 1209 2899 1262 τὸν
2923 1209 3080 1262 λαὸν
3095 1209 3310 1263 τοῦτον
3322 1209 3385 1262 τὸ
3403 1209 3561 1277 ὕδωρ
3574 1207 3690 1262 τοῦ

2099 1301 2358 1367 Σιλωὰμ,
2381 1299 2446 1352 τὸ
2474 1279 2884 1370 πορευόμενον
2905 1299 3136 1368 ἡσυχῆ,
3159 1301 3320 1356 ἀλλὰ
3341 1302 3693 1366 ,βούλεσθαι

2099 1387 2264 1458 ἔχειν
2305 1390 2532 1454 Ῥασὶν,
2588 1393 2684 1446 καὶ
2726 1393 2834 1446 τὸν
2882 1393 3018 1447 υἱὸν·
3069 1393 3376 1462 Ῥομελίου
3412 1391 3694 1457 βασιλέα

2098 1480 2190 1549 ἐφ’
2216 1483 2383 1550 ὑμῶν
2412 1483 2523 1554 (57)
2541 1501 2554 1516 °
2595 1483 2692 1538 διὰ
2714 1485 2889 1539 τοῦτο
2919 1485 3126 1555 ἀνάγει
3155 1485 3283 1538 ἰδοὺ
3328 1487 3545 1553 Κύριος
3587 1486 3692 1554 ἐφ’

2098 1571 2254 1641 ὖμᾶς
2277 1574 2343 1626 τὸ
2371 1574 2525 1644 ὕδωρ
2547 1575 2931 1645 τίῦετοταιιοῦ
2943 1577 3009 1631 τὸ
3029 1578 3285 1645 ἰσχυρὸν
3296 1578 3392 1630 καὶ
3419 1575 3483 1630 τὸ
3495 1576 3693 1638 πολὺ,

2101 1663 2209 1714 τὸν
2230 1663 2498 1728 βασιλέα
2531 1666 2650 1720 τῶν
2685 1669 3042 1736 Ἀσσυρίων,
3084 1669 3180 1722 καὶ
3221 1669 3336 1736 τὴν
3356 1668 3546 1731 δόξαν
3570 1671 3694 1722 αὐ-

418 1773 625 1810 niurum
679 1770 922 1823 restrum,
954 1771 1002 1813 et
1045 1760 1246 1830 auferet
1279 1779 1310 1814 a
1341 1760 1536 1815 ludam
1584 1764 1865 1824 hominem,
1909 1763 1992 1830 qui

2155 1755 2238 1808 >ῦο
2273 1757 2373 1810 καὶ
2401 1760 2768 1828 ἀναϐήσεται
2805 1761 2905 1814 ἐπὶ
2947 1759 3154 1816 πᾶσαν
3185 1761 3456 1831 φάραγγα
3487 1761 3692 1830 ὑμῶν.

415 1850 604 1914 poterit
642 1861 795 1906 caput
827 1851 1018 1914 leuare,
1047 1863 1138 1904 aut
1176 1853 1339 1920 possit
1375 1855 1624 1921 per/icere
1669 1853 1894 1916 aliquid.
1931 1853 1997 1906 Et

416 1949 570 1992 erunt
603 1954 774 1994 castra
801 1943 937 2011 ejus,
987 1955 1040 1996 ut
1091 1947 1339 2010 impleant
1395 1944 1731 1999 latitudinem
1768 1947 1999 2014 regionis

416 2043 540 2085 tua'.
576 2031 714 2098 Quid
741 2037 986 2104 estquod
1022 2037 1146 2090 talia
1177 2037 1374 2105 popqu
1411 2037 1688 2092 minitetur
1720 2037 2000 2091 universo-

416 2139 534 2176 rum
569 2123 708 2180 Deus
735 2127 803 2182 ob
847 2143 1044 2196 aquam
1083 2128 1285 2184 Siloam
1310 2131 1332 2183 ?
1357 2129 1458 2196 Qui
1493 2131 1657 2184 etiam
1695 2132 1754 2184 iit
1778 2140 1836 2185 ut
1867 2131 1999 2184 nolit

413 2217 648 2286 papulas
675 2235 870 2288 aquam
911 2222 1134 2286 Siloam,
1169 2237 1292 2275 cum
1327 2222 1555 2276 historia
1592 2238 1712 2275 eam
1745 2238 1852 2276 non
1890 2231 2001 2276 tra-

416 2310 510 2364 dat
570 2314 842 2376 morbum,
879 2322 973 2365 aut
1008 2314 1170 2367 aliam
1217 2315 1451 2382 aliquam
1487 2330 1682 2368 noxam
1725 2317 1999 2369 utentibus

415 2403 612 2457 ali‘erre
649 2404 671 2456 ?
705 2404 908 2459 Deinde
941 2407 1213 2474 quomodo
1261 2407 1430 2460 etiam
1461 2407 1709 2474 sequitur
1740 2421 1864 2460 eum
1906 2407 1997 2476 qui

413 2508 607 2562 aquam
625 2494 824 2550 Siloam
844 2513 947 2551 non
968 2497 1244 2561 vult,ve'le
1257 2497 1442 2563 Basia,
1461 2509 1511 2550 et
1525 2497 1687 2569 536
1703 2499 1863 2552 tilium
1891 2499 1998 2553 Ro-

416 2586 588 2639 mulia:
618 2587 642 2640 ?
675 2587 804 2653 Quae
853 2589 994 2642 enim
1031 2590 1288 2658 cognatio
1339 2589 1681 2659 aiiinitasque
1716 2591 1998 2646 intercedit

413 2677 558 2732 inter
585 2693 779 2748 aquam
832 2679 1213 2740 inanimatam.
1249 2689 1303 2735 et
1335 2682 1477 2736 inter
1519 2698 1696 2750 regem
1728 2683 2000 2754 imperati--

415 2779 524 2824 tem
573 2781 628 2824 et
679 2771 730 2824 in
783 2772 1056 2841 subjectos
1115 2773 1476 2842 principatum
1532 2783 1799 2828 tenentem
1840 2774 1999 2830 ?Sed

415 2862 622 2928 tropice
653 2862 1056 2932 intelligendum
1081 2872 1162 2915 est
1194 2879 1387 2917 nomen
1423 2863 1646 2930 Siloam,
1668 2867 1808 2928 quod
1841 2865 1997 2936 juxta

411 2951 687 3019 Evangelii
712 2953 1017 3006 doctrinam
1047 2954 1470 3022 interpretantur
1513 2957 1750 3008 missum.
1787 2955 1996 3012 Etenim

412 3045 466 3100 in
497 3044 719 3100 Juaimis
759 3044 1049 3110 Evangelia
1085 3045 1316 3099 habetur
1354 3046 1620 3115 ejusmodi
1672 3047 1995 3113 interpreta-
2023 3077 2065 3135 ο

413 3137 527 3192 tio:
569 3135 730 3199 l'atle,
769 3135 884 3190 lava
905 3138 958 3190 in
991 3137 1192 3202 Siloam
1215 3139 1353 3208 quod
1384 3149 1456 3191 est
1487 3138 1678 3192 missus
1711 3139 1774 3192 ’τι
1792 3139 1988 3208 Ecquis

410 3231 572 3299 igitur
601 3240 682 3282 est
717 3228 802 3282 ille
837 3231 1048 3291 missus,
1069 3239 1124 3282 et
1153 3229 1334 3297 quiete
1358 3229 1548 3298 ﬂuens,
1572 3231 1671 3284 nisi
1709 3231 1855 3294 is,de
1882 3245 1990 3297 quo

409 3323 612 3377 dictum
643 3331 721 3375 est
753 3343 764 3377 :
798 3321 1053 3375 Dominus
1105 3321 1249 3373 misit
1281 3337 1384 3382 me,
1415 3333 1461 3374 et
1493 3323 1710 3387 spiritus
1750 3323 1863 3392 ejus
1892 3323 1937 3354 ³⁸
1965 3323 1990 3377 ?

408 3417 476 3471 Et
514 3432 701 3471 rursus
735 3431 750 3468 :
802 3415 921 3470 Non
975 3417 1276 3479 contendet,
1312 3430 1473 3484 neque
1521 3415 1789 3479 clamabit,
1829 3432 1990 3485 neque

410 3510 660 3563 audietur
689 3524 789 3562 vox
819 3510 934 3576 ejus
959 3509 1014 3560 in
1048 3509 1239 3576 plateis
1267 3508 1333 3562 ”.
1371 3509 1552 3576 Itaque
1587 3509 1674 3576 qui
1710 3523 1812 3561 non
1848 3510 1987 3562 reci-

406 3602 562 3671 piunt
595 3617 718 3655 eum
747 3603 837 3671 qui
869 3603 1120 3655 missuse
1159 3602 1312 3656 cadis
1351 3613 1455 3664 est,
1493 3602 1528 3654 ii
1579 3603 1990 3658 mansuetudine

405 3691 523 3758 ejus
553 3703 730 3760 spreta
762 3693 827 3744 ad
859 3707 916 3746 se
943 3693 1253 3748 adseiscunt
1273 3693 1438 3746 tilium
1459 3693 1730 3756 Itoineliae,
1759 3693 1862 3748 huc
1884 3705 1986 3758 est,

407 3798 711 3838 sermonem
735 3786 825 3853 qui
850 3784 1151 3838 doctrinam
1183 3787 1495 3840 mendacem
1537 3803 1598 3840 ac
1625 3787 1811 3841 falsam
1841 3802 1990 3839 com-

405 3873 684 3943 plectitur,
717 3883 772 3926 et
805 3884 983 3926 tamen
1013 3873 1298 3941 pollicetur
1321 3891 1440 3928 eam
1475 3892 1572 3944 per
1602 3876 1814 3931 divinas
1844 3875 1990 3930 Scri-

406 3975 594 4032 pturas
617 3967 978 4020 demonstrari
1005 3983 1018 4019 :
1045 3978 1325 4023 accersunt
1350 3983 1561 4036 quoque
1591 3968 1778 4037 Rasin,
1802 3972 1916 4037 qui,
1943 3968 1986 4023 si

406 4061 804 4126 interpreteris,
853 4059 993 4111 idem
1040 4059 1180 4112 valet
1215 4075 1277 4114 ac
1317 4061 1556 4114 sublimis
1581 4101 1598 4125 ,
1643 4061 1732 4128 qui
1771 4076 1987 4129 quoque

405 4148 703 4202 auditorem
733 4166 764 4202 a
805 4148 1108 4201 leiIHII‘UIII
1143 4151 1547 4220 Scripturarum
1585 4152 1688 4204 lide
1727 4152 1985 4216 alienum,

406 4239 584 4303 ell‘crt,
614 4239 890 4309 iullatqne,
916 4250 969 4294 et
991 4256 1018 4292 a
1047 4239 1168 4293 liiei
1200 4240 1550 4294 l'uruiamento
1571 4240 1800 4295 abducit.
1824 4240 1986 4293 Aram

402 4336 667 4404 siquidem
704 4335 770 4387 ab
804 4334 1188 4401 interpretibus
1229 4332 1428 4386 dicitur
1459 4331 1718 4387 sublimis.
1750 4333 1850 4398 Qui
1891 4333 1988 4402 igi-

2102 1847 2198 1900 κίιὶ
2221 1851 2611 1919 περιπατήσει
2635 1853 2734 1905 ἐπὶ
2761 1852 2884 1906 πᾶν
2915 1853 3110 1921 τεῖχος
3137 1851 3322 1922 ὑμῶν,
3343 1854 3439 1906 καὶ
3468 1853 3704 1921 ἀφελεῖ

2099 1937 2217 1992 ἀπὸ
2253 1939 2363 2006 τῆς
2405 1941 2689 2008 Ἰουδαίας
2719 1941 3052 2010 ἄνθρωπον,
3099 1942 3168 2008 ὃς
3217 1941 3546 2006 δυνήσεται
3582 1961 3696 1997 κε·-

2099 2026 2308 2095 εραλὴν
2333 2022 2490 2096 ἆραι,
2525 2030 2561 2097 ἢ
2607 2030 2868 2084 δυνατὸν
2909 2032 3403 2087 συντελέσασθαι
3449 2049 3505 2084 τι
3549 2033 3687 2104 (53).

2099 2119 2208 2173 Καὶ
2233 2119 2408 2174 ἔσται
2446 2123 2484 2190 ἡ
2539 2124 2883 2192 παρεμϐολὴ
2913 2125 3121 2189 αὐτοῦ,
3157 2126 3314 2177 ὥστε
3365 2124 3690 2192 πληρῶσαι

2099 2210 2166 2263 τὸ
2214 2211 2444 2279 πλάτος
2484 2211 2596 2280 τῆς
2637 2215 2830 2284 χώρας
2864 2230 3001 2270 σου.
3049 2216 3182 2270 Τίνα
3225 2216 3338 2286 ἔχει
3371 2215 3553 2284 λόγον,
3594 2217 3688 2270 τὸν

2099 2304 2232 2357 Θεὸν
2269 2305 2378 2358 τῶν
2421 2306 2580 2373 ὅλων,
2620 2307 2806 2360 ἕνεκεν
2861 2307 3052 2371 ὓδατος
3080 2307 3174 2361 τοῦ
3223 2309 3279 2360 ἐν
3323 2307 3401 2378 τῷ
3434 2307 3684 2378 Σιλωὰμ,

2099 2398 2322 2451 τοιαῦτα
2345 2399 2586 2454 ἀπειλεῖν
2612 2400 2688 2472 τῷ
2711 2401 2854 2472 λαῷ;
2881 2401 3004 2464 Πῶς
3029 2401 3083 2454 δὲ
3102 2402 3192 2454 καὶ
3218 2401 3278 2454 οὐ
3299 2401 3549 2472 βούλεται
3576 2400 3688 2473 ξδθ)

2099 2492 2129 2544 ὁ
2150 2491 2274 2556 λαὸς
2311 2493 2371 2546 τὸ
2401 2493 2543 2565 ὕδωρ
2566 2494 2659 2546 τοῦ
2694 2494 2931 2565 Σιλωὰμ,
2986 2493 3110 2547 οὔτε
3137 2495 3415 2548 νοσοποιδν
3439 2495 3688 2566 inope-3-

2104 2601 2282 2655 μενον,
2313 2584 2436 2637 οὔτε
2461 2585 2628 2656 ἄλλην
2662 2585 2785 2638 τινὰ
2817 2585 3020 2656 βλάϐην
3050 2589 3161 2649 τοῖς
3209 2585 3516 2658 χρωμένοις
3551 2603 3690 2658 παρ-

2099 2677 2392 2748 εχόμενονς
2424 2673 2556 2729 Εἶτα
2589 2678 2683 2730 καὶ
2711 2678 2794 2742 τίς
2823 2680 2854 2750 ἡ
2887 2677 3197 2741 ἀκολουθία,
3220 2679 3312 2731 τὸν
3337 2678 3412 2749 μὴ
3431 2677 3690 2749 βουλόμε-

2099 2785 2189 2821 νον
2216 2768 2278 2821 τὸ
2313 2766 2456 2837 ὕδωρ
2480 2766 2574 2820 τοῦ
2615 2767 2854 2838 Σιλωὰμ,
2909 2767 3190 2836 βούλεσθαι
3228 2766 3318 2820 τὸν
3351 2767 3561 2830 Ῥασὶν,
3594 2768 3690 2822 καὶ

2098 2859 2190 2911 τὸν
2239 2859 2352 2910 υἱὸν
2399 2857 2494 2911 τοῦ
2553 2858 2871 2928 Ῥομελίου;
2909 2859 3006 2922 Τίς
3051 2857 3158 2929 γὰρ
3211 2857 3470 2910 κοινωνία
3521 2855 3681 2910 ὕδατι

2099 2951 2292 3022 ἀψύχῳ
2347 2951 2483 3022 πρὸς
2537 2950 2758 3021 βασιλέα
2799 2950 3105 3022 κρατοῦντα
3159 2950 3255 3003 καὶ
3304 2950 3548 3018 ἄρχοντα
3577 2948 3688 3000 τῶν

2102 3044 2389 3116 ὑπηκόων;
2437 3043 2600 3097 Ἀλλὰ
2642 3044 2919 3115 τροπικῶς
2950 3043 3244 3097 ἀκουστέον
3290 3041 3385 3094 τοῦ
3435 3041 3689 3107 Σιλωὰμ,

2099 3137 2535 3208 ἑρμηνευομένου
2554 3136 2697 3191 κατὰ
2709 3137 2808 3208 τὴν
2830 3137 2924 3190 τοῦ
2951 3135 3284 3205 Εὑαγγελίου
3307 3135 3688 3198 διδασκαλίαν,

2094 3229 2579 3298 ἀπεσταλμένοι).
2613 3229 2770 3282 οὕτω
2801 3228 2909 3302 γὰρ
2950 3227 3308 3300 ἑρμηνεύεται
3338 3228 3395 3280 ἑν
3429 3226 3511 3297 τῷ
3544 3229 3692 3280 κατὰ

2107 3321 2367 3392 Ἰωάννην,
2382 3319 2697 3390 Εὑαγγελὶῳ
2716 3336 2730 3350 ο
2762 3322 3001 3385 Ὕπαγε,
3029 3321 3201 3388 νίψαι
3231 3320 3302 3372 ἐν
3317 3316 3396 3382 τῷ
3417 3317 3690 3388 Σιλωὰμ,

2095 3414 2130 3468 ὅ
2161 3417 2332 3469 ἐστιν
2370 3414 2860 3487 Ἀπεσταλμένος.
2905 3414 3000 3476 Τίς
3027 3410 3119 3468 οὖν
3148 3415 3176 3466 ὁ
3203 3411 3692 3482 ἀπεσταλμένος,

2096 3507 2191 3560 καὶ
2238 3507 2479 3576 ἀψοφητὶ
2514 3506 2694 3574 ῥέων,
2724 3507 2756 3576 ἢ
2790 3507 2919 3574 περὶ
2943 3498 3004 3557 οὗ
3051 3505 3289 3576 εἴρηται,
3328 3505 3546 3570 Κύριος
3575 3503 3694 3556 ἁπ-

2093 3597 2329 3651 ἐστειλέ
2354 3597 2463 3662 ειίῦ)
2479 3615 2578 3667 με,
2611 3597 2708 3650 καὶ
2745 3597 2811 3650 τὸ
2843 3596 3078 3664 πνεῦμα
3096 3595 3323 3658 autalt;
3351 3595 3444 3647 καὶ
3480 3593 3649 3646 πάλιν
3675 3611 3692 3624 ·

2099 3692 2219 3742 Οὐκ
2250 3691 2458 3757 ἐρίσει,
2491 3691 2634 3743 οὺδέ
2663 3689 3008 3757 κραυγάσει,
3033 3688 3176 3741 οὐδὲ
3205 3686 3479 3752 ἀκουστὴ
3514 3685 3694 3755 γεγή-

2095 3795 2262 3832 σεται
2293 3781 2329 3847 ἡ
2365 3779 2532 3848 φωνὴ
2561 3779 2746 3832 αὐτοῦ
2789 3778 2859 3831 ἐν
2888 3777 3016 3844 ταῖς
3047 3777 3376 3840 πλατείαις.
3409 3777 3476 3828 Οἱ
3505 3777 3694 3828 τοίνυν

2098 3870 2173 3941 μὴ
2201 3870 2481 3941 δεχόμενοι
2509 3871 2600 3924 τὸν
2651 3869 2711 3934 ἐξ
2757 3868 3004 3942 οὐρανῶν
3048 3868 3481 3938 ἀπεσταλμένον,
3514 3869 3692 3940 ύπερ-

2093 3961 2328 4031 ορῶντες
2365 3961 2462 4032 μὲν
2481 3961 2643 4014 αὐτοῦ
2678 3961 2789 4024 (41)
2820 3961 2919 4031 τῆς
2949 3960 3274 4031 πραότητος.
3309 3959 3692 4030 ἐπισπώμενοι

2093 4051 2151 4104 δὲ
2190 4052 2400 4114 ἑαυτοῖς
2441 4053 2531 4105 τὸν
2565 4052 2679 4104 υἱὸν
2711 4051 2804 4105 τοῦ
2854 4053 3160 4124 Ῥομελίου,
3203 4052 3452 4105 τουτέστι
3528 4053 3693 4122 λόγον

2093 4146 2441 4216 ψευδοδοξίαν
2467 4147 2812 4218 περιέχοντα,
2840 4146 3310 4217 ἐπαγγελλόμενον
3337 4145 3394 4198 δὲ
3418 4147 3560 4199 κατά
3593 4149 3694 4205 τὰς

2096 4239 2242 4303 Θείας
2287 4239 2707 4295 ἀποδείκνυσθαι
2753 4240 2996 4312 Γραφὰς,
3029 4240 3124 4293 καὶ
3168 4239 3257 4292 τὸν
3298 4239 3506 4303 Ῥασὶν,
3539 4239 3694 4302 ὅστις

2095 4332 2456 4404 ἑρμηνεύεται
2529 4333 2842 4402 μετέωρος,
2889 4333 2983 4385 καὶ
3020 4331 3110 4384 τὸν
3149 4330 3253 4397 ἔξω
3280 4330 3380 4400 τῆς
3420 4330 3564 4383 κατά
3590 4331 3691 4394 τὰς

405 4434 494 4478 tur
521 4435 877 4493 aspernantur
922 4427 1134 4478 iirmum
1171 4439 1504 4490 sermonem,
1547 4439 1649 4478 nec
1695 4426 1990 4479 admittunt

2164 4425 2248 4489 ίας
2286 4425 2508 4496 Γραφὰς
2544 4425 2774 4490 πίστεως
2819 4426 3218 4496 μετεωρίζοντα
3247 4425 3340 4477 τὸν
3370 4425 3692 4496 ἀκροατὴν,

400 4517 542 4584 quod
572 4517 768 4570 stabile
807 4526 864 4570 et
896 4516 1244 4584 tranquillum
1295 4531 1358 4570 ac
1401 4515 1592 4570 sudum
1631 4515 1859 4579 est,imo
1893 4516 1982 4583 qui

401 4607 652 4674 dogmata
695 4606 860 4674 petita
887 4606 954 4658 ab
981 4607 1046 4659 iis
1075 4620 1192 4674 quia
1231 4621 1260 4658 a
1304 4605 1408 4662 ﬁde
1443 4605 1618 4659 aliena
1663 4614 1814 4667 sunt,
1859 4621 1983 4659 cum

401 4699 742 4751 documentis
792 4713 823 4751 e
866 4697 1042 4751 divina
1081 4698 1362 4768 Scriptura
1395 4696 1728 4766 depromptis
1775 4709 1982 4750 conne-

395 4798 574 4852 cmnt,
602 4788 668 4841 iis
711 4787 900 4842 isduec
933 4789 1202 4842 sententia
1240 4787 1604 4842 comminatur
1639 4786 1776 4851 fore,
1808 4795 1865 4840 ut
1905 4785 1990 4839 in-

468 4976 514 5010 ³⁸
549 4976 650 5032 lsa.
683 4992 758 5032 νη
815 4979 872 5044 8,
901 4978 954 5033 9.
1029 4975 1077 5007 "
1107 4975 1296 5032 Matth.
1331 4992 1370 5043 ι,
1395 4977 1486 5034 21.

401 5135 662 5192 Samaria:
678 5134 844 5201 spolia
866 5133 1177 5202 signiﬁcari,
1212 5149 1370 5203 quam
1392 5135 1482 5203 qui
1507 5150 1570 5188 ea:
1591 5132 1992 5186 circumcisione

398 5207 568 5272 futuri
599 5216 764 5260 essent
795 5205 996 5272 ﬁdeles.
1032 5205 1207 5258 Verba
1255 5204 1492 5258 auctoris
1533 5205 1703 5257 nosui
1743 5205 1902 5255 velim
1939 5203 1992 5256 in

399 5285 658 5330 contequ
689 5277 838 5342 legas
869 5293 882 5328 :
911 5291 1142 5342 qiuarum
1178 5290 1241 5329 ex
1279 5275 1514 5327 lectione
1545 5272 1700 5325 facile
1726 5273 1994 5340 intellige-

401 5354 490 5398 tur
530 5343 777 5410 Procopii
825 5345 1001 5400 locum
1042 5360 1130 5408 eo,
1167 5360 1278 5414 quo
1328 5345 1586 5408 diximus,
1625 5344 1782 5397 modo
1831 5343 1994 5398 resti-

401 5415 658 5469 tuendum
699 5431 841 5470 esse.

475 5484 588 5556 (ξϐ)
627 5485 758 5556 [ξς-ς.
797 5492 1044 5556 quartus,
1083 5483 1232 5556 Πλὴν
1263 5483 1334 5537 τά
1362 5483 1686 5556 πράγματα,
1714 5499 1816 5556 res.

475 5554 588 5622 (57)
633 5553 868 5622 Uterque
903 5553 1057 5608 Coll).
1093 5565 1151 5608 el.
1192 5553 1332 5620 “eg.
1377 5553 1671 5616 secniidus,
1713 5555 1798 5621 ἐφ’
1827 5554 1994 5621 ὑμᾶς.

407 5620 741 5695 ligecyerba,
772 5620 894 5695 quae
932 5637 1037 5676 non
1076 5623 1256 5695 longe
1281 5625 1552 5692 leguntur,
1582 5627 1676 5679 xui.
1711 5620 1810 5695 τὴν
1840 5620 1998 5690 δόξαν

404 5691 593 5757 αὑτοῦ,
631 5694 682 5748 in
717 5694 916 5748 nostris
942 5707 1035 5748 sex
1066 5691 1197 5749 mss.
1227 5693 1440 5751 desunt.

1561 4979 1606 5010 ’⁷
1641 4974 1797 5031 Joan.
1833 4993 1908 5041 ix,
1944 4977 1998 5030 7.

2093 4517 2189 4571 καὶ
2235 4517 2512 4586 φυσῶντα,
2567 4517 2660 4570 καὶ
2694 4519 2977 4586 ἀπάγοντα
3040 4519 3139 4586 τῆς
3177 4516 3320 4570 κατὰ
3359 4515 3460 4586 τὴν
3499 4517 3691 4569 πίστιν

2097 4605 2494 4677 θεμελιώσεως.
2533 4607 2712 4679 Ἀρὰμ
2745 4610 2852 4679 γὰρ
2887 4610 2919 4661 ό
2962 4607 3252 4678 μετέωρος
3290 4607 3679 4678 ἑρμηνεύεται.

2099 4697 2239 4759 Τοὺς
2272 4694 2368 4752 οὖν
2399 4699 2880 4770 καταφρονητικῶς
2916 4700 3014 4769 μὲν
3059 4699 3282 4770 ἔχοντας
3309 4698 3446 4769 πρὸς
3473 4698 3568 4751 τὸν
3596 4700 3687 4751 εύ-

2104 4805 2166 4842 στ
2181 4789 2284 4860 αϐἦ
2314 4789 2493 4859 λόγον,
2529 4793 2621 4846 καὶ
2671 4792 2745 4863 μὴ
2799 4792 3261 4863 καταδεχομένους
3309 4791 3370 4844 τὸ
3424 4791 3688 4864 σταθερὸν

2076 4977 2124 5008 ’⁸
2153 4977 2255 5031 lsa.
2309 4991 2500 5042 XLVIII,
2543 4977 2632 5032 16.
2710 4979 2755 5010 ’³
2789 4977 2892 5031 lsa.
2935 4992 3065 5041 un,
3105 4975 3182 5040 ες
3227 4973 3420 5028 Matth.
3463 4989 3566 5040 xu,
3593 4969 3684 5030 ἐῢ.

2171 5133 2282 5206 (38)
2315 5134 2467 5190 Cnlb.
2521 5135 2758 5206 primus,
2795 5133 3144 5188 συντέλεσθαί
3173 5151 3297 5187 τινι.
3333 5131 3466 5200 Reg.
3504 5132 3686 5187 itidem

2095 5203 2383 5270 secundus,
2415 5203 2831 5264 συντελέσεσϐαί
2861 5221 2987 5257 τινι.

2169 5275 2282 5344 (59)
2324 5277 2414 5327 Su-
2443 5276 2563 5329 libri
2606 5289 2834 5328 tto-teres.
2868 5274 3027 5337 Editi,
3051 5273 3152 5326 οὐκ
3179 5273 3448 5328 ἐϐούλετο.

2169 5277 2261 5344 (59
2324 5277 2414 5327 Su-
2443 5277 2563 5329 libri
2606 5289 2834 5328 tto-teres.
2868 5277 3027 5337 Editi,
3051 5277 3152 5326 οὐκ
3179 5277 3448 5328 ἐϐούλετο.

2168 5277 2282 5417 (Mli
2321 5345 2461 5400 Editi
2492 5385 2508 5411 ,
2553 5344 2887 5399 ἀπέσταλκε.
2931 5347 3002 5398 At
3045 5359 3138 5398 sex
3185 5361 3312 5398 mss.
3358 5355 3416 5398 ut
3467 5343 3521 5397 in
3559 5357 3684 5395 con-

2099 5425 2268 5470 testu.
3603 5441 3606 5444 ~

2168 5485 2280 5558 (41)
2311 5484 2476 5548 Editi,
2531 5485 2718 5541 αὐτού.
2753 5484 2843 5558 ἓΑι
2871 5483 3002 5553 Reg.
3037 5490 3300 5558 quartus,
3347 5481 3446 5554 μὲν
3493 5477 3677 5558 αὐτοῦ.

2095 5548 2208 5611 Nec
2261 5548 2336 5611 ita
2384 5558 2552 5610 multo
2577 5566 2699 5624 post
2751 5555 2894 5609 idem
2937 5548 3141 5624 codex,
3182 5548 3406 5624 Γραφάς
3448 5552 3544 5607 καὶ
3569 5548 3678 5605 τόν.

2097 5627 2204 5682 Alii
2240 5629 2440 5697 quique
2474 5623 2606 5683 mss.
2643 5635 2698 5683 et
2723 5627 2874 5681 editi.
2905 5623 3127 5688 Γοασάς
3157 5623 3252 5678 καὶ
3278 5626 3327 5690 ὁ,
3361 5624 3519 5678 uiale.
