3808 6212
443 318 556 375 435

1393 316 1738 372 ΑΡΡΕΝΒΙΧ
1776 317 2063 377 OPERUM
2105 321 2165 376 S.
2205 322 2450 379 BASlLlI
2493 323 2731 381 MAGNI.

3604 331 3711 386 ιθι

446 437 679 500 tcstatis,
703 450 808 490 non
845 435 987 506 quod
1013 435 1065 489 vi
1094 435 1199 489 ulla
1232 437 1402 490 coacti
1434 437 1581 500 sint;
1621 435 1714 490 sed
1751 438 1894 505 quod
1920 436 2010 489 sibi

2169 437 2365 509 ιλωάμ.
2401 439 2499 493 Διά
2547 439 2656 511 γὰρ
2700 437 2759 491 τὸ
2799 438 3182 494 ἐπιδεδωκέναι
3211 423 3437 505 ἑαυτοὺς
3472 444 3541 514 τῇ
3572 442 3710 498 πλα-

445 531 550 601 lpsi
580 541 783 600 partem
828 530 1150 584 deteriorem
1201 528 1519 598 delegerint.
1567 527 1828 593 Quonith
1881 530 2019 582 enim

446 640 549 679 non
602 626 948 691 probaverunt
984 623 1149 675 Deum
1194 622 1385 674 habere
1428 623 1481 674 in
1531 622 1766 674 notitia:
1801 622 2019 674 tradidit

444 714 562 768 il.’os
586 714 722 767 Deus
750 716 803 766 in
830 713 1106 783 reprobum
1135 726 1363 774 sensum,
1385 720 1439 762 ut
1468 709 1664 778 faciant
1697 725 1757 762 ea
1777 725 1893 779 qua:
1916 724 2018 762 non

446 807 749 860 conveniunt
773 805 839 857 ".

508 1068 634 1122 9.“.
668 1066 828 1121 Vens.
847 1066 900 1121 9.
938 1065 1223 1119 Nobiscum
1256 1065 1416 1119 Deus.
1461 1062 1787 1133 Cognosctte,
1821 1075 2014 1134 gentes,

440 1169 489 1214 et
525 1159 791 1213 vincimiui
818 1157 1030 1209 :audile
1061 1173 1221 1225 usque
1249 1156 1317 1207 ad
1343 1164 1629 1209 extremum
1660 1166 1835 1208 terras.
1866 1154 2015 1217 Illud,

445 1249 728 1303 Nobiscum
763 1247 924 1311 Deus,
946 1247 1183 1300 refertur
1213 1247 1398 1314 utique
1438 1247 1503 1299 ad
1532 1246 1901 1299 Servatorem.
1928 1244 2021 1299 Sic

440 1341 585 1396 enim
616 1340 668 1392 in
709 1339 1076 1407 superioribus
1107 1339 1398 1391 vocabatur
1429 1337 1498 1401 is,
1531 1337 1622 1405 qui
1659 1347 1815 1390 natus
1845 1354 1876 1390 e
1904 1335 2021 1389 Vir-

441 1433 566 1502 gine
599 1442 700 1494 est,
730 1430 1045 1484 Emmanuel
1079 1424 1306 1492 scilicet,
1329 1428 1480 1496 juxta
1517 1429 1792 1483 llebraica:
1825 1428 2019 1497 linguae

442 1524 865 1592 proprietatem:
910 1524 1050 1591 quod
1089 1523 1132 1575 si
1176 1521 1571 1591 interpreteris.
1601 1530 1795 1587 sonat,
1828 1519 2019 1573 Nobis-

440 1628 557 1665 cum
600 1612 734 1665 Deus
758 1613 822 1666 ³⁸.
850 1610 1176 1681 Cognoscite,
1194 1622 1400 1679 gentes,
1432 1622 1478 1664 et
1523 1613 1805 1665 vincimini.
1833 1611 2018 1665 Credi-

441 1704 611 1757 derim
641 1703 780 1757 hanc
810 1718 996 1762 .vocem
1049 1703 1239 1757 referri
1281 1704 1349 1755 oh
1385 1702 1641 1770 gaudium
1679 1717 1889 1765 eorum,
1926 1702 2016 1771 qui

2126 528 2248 600 τεία
2288 531 2393 601 ὀδῷ
2441 533 2537 584 καὶ
2565 529 2884 602 εὐρυχώρῳ,
2913 530 3052 597 ἄξιοι
3077 531 3319 600 γίνονται
3352 533 3446 585 τοῦ
3484 533 3714 605 στρατό-

2129 627 2286 681 πεδον
2335 621 2475 680 εἶναι
2515 627 2614 697 τῆς
2668 626 3050 696 ἀντικειμένης
3083 627 3382 697 δυνάμεως,
3424 628 3550 697 οὐχὶ
3574 626 3715 699 1:92);

2126 718 2372 788 ἀνάγκην
2398 716 2911 787 καταδικαζόμενοι,
2937 717 3050 770 ἀλλ’
3079 719 3290 783 ἑαυτοῖς
3333 719 3581 789 ἑλόμενοι
3614 719 3715 789 τὴν

2130 810 2324 881 μερίδα
2349 810 2448 879 τὴν
2477 810 2719 880 χείρονα.
2751 810 3030 863 Καθόσον
3055 813 3168 881 γὰρ
3199 813 3310 863 οὐκ
3338 810 3715 879 ἐδοκίμασαν

2126 900 2234 954 τὸν
2260 900 2408 953 Θεὸν
2419 901 2583 969 ἐχειν
2598 900 2668 953 ἐν
2690 899 3029 970 ἐπιγνώσει,
3067 900 3411 969 παρέδωκεν
3434 901 3657 965 αὐτοὺς
3680 903 3715 953 ό

2129 990 2273 1057 Θεὸς
2296 994 2384 1057 είς
2401 991 2690 1060 ἀδόκιμον
2710 992 2883 1057 νοῦν,
2915 991 3112 1045 ποιεῖν
3140 993 3213 1046 τὰ
3233 991 3319 1061 μὴ
3341 991 3715 1058 καθήκοντα.

2195 1082 2323 1137 2H.
2359 1083 2499 1136 Μεθ’
2525 1082 2694 1152 ἡμῶν
2715 1086 2747 1137 ὁ
2776 1085 2941 1148 Θεός.
2970 1082 3191 1148 Γνῶτε,
3216 1084 3383 1150 ἔθνη,
3416 1084 3515 1137 καὶ
3541 1083 3715 1151 ἡττᾶ-

2126 1178 2268 1229 σθε⁹
2297 1175 2679 1229 ἐπακούσατε
2710 1175 2821 1241 ἕως
2853 1175 3119 1243 ἐσχάτου
3157 1174 3268 1243 τῆς
3305 1173 3434 1245 τῆς.
3480 1174 3717 1243 Ἀναφέ-

2131 1285 2279 1339 ρεται
2307 1266 2483 1320 τοίνυν
2516 1268 2606 1320 ἐπὶ
2628 1266 2718 1320 τὸν
2747 1267 2977 1339 Σωτῆρα
3003 1267 3083 1331 τὸ,
3114 1268 3254 1321 Μεθ’
3282 1266 3451 1336 ἡμῶν
3479 1270 3512 1320 ὁ
3546 1267 3714 1332 Θεός.

2126 1357 2279 1410 Οὖτω
2307 1356 2415 1428 γάρ
2446 1356 2758 1427 ὠνομάζετο
2792 1359 2848 1409 ἐν
2885 1360 2996 1420 τοῖς
3024 1358 3250 1412 κατόπιν
3290 1360 3318 1411 ὁ
3346 1360 3408 1411 ἐκ
3437 1357 3536 1428 τῆς
3566 1359 3716 1428 Παρ-

2126 1445 2279 1497 θένου
2335 1444 2693 1515 γεννώμενος,
2744 1448 2811 1516 τῇ
2868 1446 3104 1518 Ἐϐραΐδι
3156 1445 3439 1517 διαλέκτῳ,
3494 1448 3717 1518 Ἐμμαο

2126 1536 2308 1606 νουὴλ,
2327 1537 2354 1588 ὅ
2375 1537 2489 1588 ἐστι
2526 1535 3088 1607 μεθερμηνευόμενον,
3139 1538 3279 1593 Μεθ’
3302 1536 3471 1606 ἡμῶν
3491 1542 3523 1591 ό
3541 1541 3713 1604 Θεός.

2124 1622 2345 1688 Γνῶτε,
2380 1625 2546 1692 ἔθνη,
2587 1624 2686 1677 καὶ
2720 1623 3001 1691 ἡττᾶσθε.
3050 1628 3144 1680 Ἐκ
3173 1627 3523 1701 περιχαρείας
3564 1628 3718 1682 δοκεί

2128 1731 2219 1784 μοι
2256 1717 2288 1784 ή
2327 1715 2479 1786 φωνὴ
2510 1714 2880 1785 ἀναφέρεσθαι
2914 1716 3022 1769 τῶν
3064 1717 3453 1785 ὲ-πεγνωκότων
3482 1718 3583 1787 μὲν
3610 1718 3717 1788 τὴν

440 1793 655 1862 cognito
693 1793 892 1846 Christi
942 1792 1174 1845 advequ
1228 1792 1410 1845 crucis
1465 1793 1719 1845 virtutem
1774 1792 2010 1859 gentibus

2165 1805 2362 1877 ἶριστοῦ
2389 1807 2711 1877 παρουσίαν,
2743 1808 3217 1879 κατανενοηκότων
3259 1807 3313 1861 δὲ
3343 1808 3439 1880 τὴν
3480 1808 3718 1878 δύναμιν

439 1884 782 1937 metuendam
831 1897 949 1937 esse
985 1884 1308 1937 didicerunt.
1346 1882 1472 1935 Eam
1519 1882 1589 1937 ob
1633 1897 1875 1946 causam,
1917 1880 2018 1936 Co-

439 1974 691 2040 gnoscite,
730 1973 928 2041 inquit,
960 1983 1156 2041 gentes,
1193 1982 1240 2025 et
1275 1973 1565 2035 vincimiui,
1591 1982 1650 2026 ut
1676 1974 1899 2041 pulchra
1927 1971 2016 2026 illa

435 2072 494 2118 et
514 2063 663 2117 vobis
682 2063 1008 2116 reoiiducibili
1038 2063 1262 2116 victoria
1287 2062 1436 2126 victi,
1456 2063 1522 2115 ad
1544 2061 1745 2117 Christi
1763 2064 2019 2117 obedien-

439 2153 565 2206 tiam
581 2154 778 2221 captivi
797 2154 1157 2216 deducamini,
1172 2163 1334 2222 atque
1352 2169 1379 2205 a
1395 2153 1512 2223 lege
1528 2155 1732 2223 peccati
1748 2168 1841 2223 per
1861 2154 2018 2209 Chri-

435 2244 506 2297 sti
538 2245 853 2297 servitutem
885 2242 1212 2297 liberemini.
1252 2244 1530 2309 Quomodo
1581 2244 1746 2312 igitur
1781 2245 2016 2300 vincun-

436 2344 525 2389 tur
554 2345 741 2405 gentes
767 2336 790 2388 ‘i
818 2336 876 2390 Si
923 2336 1246 2406 agnoverint
1277 2337 1468 2390 Deum.
1502 2332 1841 2392 Adveniente
1867 2338 2012 2392 enim

434 2424 574 2488 luce,
606 2426 840 2477 tenebrat:
885 2425 1195 2489 vincuntur,
1228 2424 1571 2495 vinciturque
1617 2427 1839 2482 morbus
1871 2428 2017 2482 sani-

436 2515 564 2570 tatis
594 2530 834 2570 accessu.
872 2516 1054 2583 Itaque
1088 2519 1438 2586 aguoveritis,
1482 2530 1692 2588 gentes,
1725 2522 2014 2575 veritatem

435 2607 719 2671 duntaxat,
751 2618 803 2661 et
829 2607 966 2661 illico
992 2608 1218 2662 victoria
1255 2610 1407 2663 vobis
1435 2609 1660 2664 Salutari
1690 2612 2007 2667 vincemiui.

434 2702 630 2754 Audite
656 2716 816 2770 usque
833 2701 903 2752 ad
931 2709 1220 2754 extremum
1250 2713 1425 2756 terrae.
1457 2703 1729 2769 Quosnam
1752 2706 2016 2759 audietis?

433 2791 541 2846 Eos
577 2793 667 2859 qui
714 2793 867 2846 vobis
913 2794 1239 2865 annuntiant
1269 2792 1645 2862 Evangelium.
1701 2794 1767 2849 In
1808 2813 2013 2851 onmem

426 2883 601 2945 enim,
624 2883 820 2951 inquit,
849 2895 1041 2937 terram
1090 2885 1247 2938 exivit
1307 2902 1467 2940 sonus
1495 2903 1698 2949 eorum,
1720 2896 1771 2941 et
1800 2890 1857 2941 in
1881 2889 2013 2957 lines

431 2972 573 3027 orbis
600 2984 755 3028 terra
797 2976 949 3029 verba
992 2992 1172 3028 eorum
1190 2976 1258 3030 ³⁸.
1295 2975 1506 3042 Fortes,
1561 2981 1865 3045 oincimini;
1894 2996 2015 3035 cor-

432 3080 625 3133 por-eas
650 3066 795 3120 vires
823 3067 1030 3131 exuite,
1077 3069 1341 3123 assumite
1387 3071 1569 3124 carnis
1617 3071 2010 3139 inﬁrmitatem,

431 3157 674 3211 ntvirtus
690 3157 780 3211 Dei
799 3158 850 3211 in
871 3158 1748 3226 inﬁrmitateperﬁciatur".Nam,

453 3248 857 3315 prwvalueritis,
887 3251 1075 3302 iterum
1105 3249 1270 3322 538
1301 3252 1594 3307 vincemini.
1630 3252 1686 3307 Si
1715 3256 1934 3324 quando
1958 3259 2008 3310 in

430 3350 486 3395 te
515 3342 1068 3396 insurrexeritcarnis
1098 3344 1418 3412 petulantia,
1447 3360 1565 3398 eam
1601 3345 1655 3400 in
1693 3348 2010 3401 servitutem

429 3433 696 3502 redigere,
748 3433 1059 3497 debellare,
1093 3448 1158 3488 ac
1215 3434 1428 3505 spiritui
1450 3437 1718 3506 subjicere
1768 3438 2007 3493 studeas.

428 3520 595 3577 Vnus.
630 3524 717 3577 l0.
749 3522 815 3577 Et
845 3525 1190 3595 quodcunque
1234 3526 1511 3581 consilium
1544 3530 1747 3595 inieris,
1778 3529 2007 3599 dissipa-

428 3613 499 3666 bit
533 3614 789 3669 Dominus
830 3632 847 3669 :
874 3628 921 3669 et
954 3618 1165 3671 verbum
1197 3619 1338 3687 quod
1384 3619 1803 3689 loquemini‘non
1832 3638 2011 3676 mane-

428 3701 504 3756 bit
531 3705 586 3757 in
614 3704 776 3769 vobis,
817 3706 945 3774 quia
985 3708 1255 3760 nobiscum
1309 3706 1470 3763 Deus.
1506 3708 1642 3763 Nam
1690 3711 1876 3779 perdet
1920 3726 2009 3765 sa-

427 3794 689 3864 pientiam
719 3797 1062 3865 sapientium,
1093 3807 1148 3852 et
1178 3798 1517 3867 prudentiam
1557 3802 1900 3870 prudentium
1925 3817 2010 3857 re-

427 3885 678 3953 probabit
713 3884 778 3939 ³⁸.
830 3884 1138 3941 llumanum
1172 3888 1338 3957 igitur
1374 3891 1661 3945 consilium
1696 3892 1788 3947 ille
1830 3892 2007 3961 magni

426 3976 639 4031 consilii
689 3979 910 4048 angelus
955 3980 999 4011 δ’
1050 3981 1263 4037 irritum
1317 3980 1470 4047 facit,
1510 3993 1675 4053 atque
1728 3984 2006 4038 hominum

427 4083 737 4123 sermonem
794 4071 931 4125 Deus
974 4069 1209 4126 Verbum
1264 4073 1514 4143 dissipat.
1560 4075 1802 4142 Quorum
1848 4076 2004 4139 nihil,

428 4159 626 4228 inquit,
650 4162 887 4214 manebit
926 4161 979 4215 in
1007 4163 1158 4217 vobis
1186 4179 1200 4217 :
1226 4168 1350 4234 quia
1377 4166 1645 4220 nobiscum
1672 4166 1837 4221 Deus.
1864 4166 2008 4223 Utile

430 4262 610 4306 autem
641 4251 808 4307 fuerit
831 4255 1079 4323 gentibus
1120 4266 1364 4325 tempore
1394 4260 1804 4326 persecutionis,
1840 4260 2008 4314 conli-

428 4345 620 4399 denter
659 4345 841 4398 dicere
878 4344 1004 4398 illud
1038 4363 1052 4399 :
1095 4344 1237 4399 Nam
1285 4347 1332 4400 si
1367 4350 1557 4401 iterum
1601 4351 2005 4417 prwvalueritis,

428 4435 622 4487 iterum
656 4434 949 4488 vincemini.
976 4435 1078 4502 Qui
1111 4437 1257 4490 enim
1282 4453 1423 4507 saepe
1452 4452 1829 4507 oppugnarunt
1851 4439 2007 4494 Chri-

428 4525 498 4580 sti
574 4526 871 4579 Ecclesium
895 4567 910 4592 ,
958 4543 1064 4581 non
1105 4542 1231 4581 raro
1263 4529 1617 4584 succubuere.
1644 4529 2007 4597 Quemadmo—
2039 4533 2084 4586 D

429 4619 557 4673 dum
587 4617 731 4672 enim
760 4617 975 4673 ﬂaiitma
1007 4621 1322 4675 accessione
1356 4624 1595 4676 materia:
1628 4624 2007 4678 comburendae

429 4713 604 4779 magis
649 4727 714 4766 ac
772 4713 941 4783 magis
986 4714 1252 4767 attollitur
1292 4730 1303 4764 :
1344 4715 1415 4768 ita
1469 4715 1506 4770 ii
1564 4717 1654 4785 qui
1706 4716 2003 4771 Ecclesium

428 4813 673 4857 evertere
718 4805 897 4858 conati
943 4815 1098 4868 sunt,
1142 4821 1354 4876 semper
1398 4823 1517 4861 eam
1556 4823 1650 4878 per
1675 4811 2007 4877 persecutio-

426 4907 526 4949 nes
553 4895 619 4947 ad
656 4895 910 4964 majorem
941 4896 1170 4966 gloriam
1197 4909 1359 4966 atque
1390 4908 1710 4967 potestatem
1744 4915 2006 4970 provexe-

428 4993 576 5038 I'Ulll.

495 5175 621 5231 2l2.
655 5177 815 5231 Vnus.
846 5178 1034 5233 1144.
1071 5178 1163 5234 Sic
1196 5180 1321 5233 dicit
1356 5180 1610 5237 Dominus
1639 5199 1658 5238 :
1706 5182 1857 5238 [ποτιὶ
1887 5201 2007 5237 ηια-

426 5269 517 5321 nui
563 5284 665 5323 non
699 5270 1074 5340 obsequuntur,
1106 5271 1283 5326 itineri
1337 5274 1432 5327 via:
1465 5277 1646 5343 populi
1700 5276 1879 5344 liuius,
1917 5279 2005 5331 di-

530 5385 574 5417 “
606 5385 763 5441 Rom.
790 5404 828 5453 ι,
856 5389 949 5444 28.
1059 5392 1105 5424 ³⁵
1136 5391 1321 5450 Mattn.
1355 5410 1395 5461 ι,
1425 5394 1515 5449 2⁸5.

424 5453 473 5488 ³⁸
500 5454 599 5510 lsa.
631 5470 708 5522 lx,
728 5460 783 5511 ϐ.

647 5611 872 5699 antiqui
899 5630 990 5699 sex
1027 5616 1173 5699 libri,
1200 5620 1518 5699 γενήσεσθεἶ
1547 5622 1709 5699 Elliti,
1745 5625 1995 5699 γένησθε.

429 5681 880 5822 1“Sitigyfslgiti‘et
909 5685 1041 5758 Reg.
1085 5681 1331 5760 primus;
1349 5693 1467 5761 μεθ’
1498 5693 1668 5763 ὑμῶν.
1695 5681 1823 5774 Ἀῖίί
1847 5681 2002 5769 tiiss.,

1629 5395 1674 5426 ³⁸
1693 5396 1834 5451 Psal.
1862 5414 2016 5466 xvm,
2056 5403 2111 5458 5.

2127 1896 2220 1950 τοῦ
2245 1897 2485 1969 σταυροῦ
2519 1898 2757 1970 φοϐερὰν
2785 1895 2952 1952 οὖσαν
2982 1902 3096 1962 τοῖς
3124 1899 3351 1953 ἔθνεσιν.
3387 1899 3486 1952 Διά
3527 1900 3715 1962 τοῦτο,

2131 1987 2354 2047 Γνῶτε.
2387 1992 2571 2062 φησὶν,
2608 1991 2776 2058 ἔθνη,
2812 1991 2910 2044 καὶ
2933 1988 3214 2060 ἡττᾶσθε,
3254 1993 3339 2045 ἵνα
3364 1991 3715 2063 ἡττηθέντες,

2125 2080 2222 2153 τὴν
2254 2082 2424 2153 καλὴν
2468 2076 2638 2152 ἧτταν
2669 2084 2764 2136 καὶ
2796 2084 3181 2156 συμφέρουσαν
3214 2084 3341 2155 ὑμῖν
3361 2124 3375 2148 ,
3425 2084 3715 2154 αίχμαλω-

2123 2173 2341 2244 τισθῆτε
2389 2176 2469 2238 είς
2501 2174 2600 2245 τὴν
2630 2175 2876 2247 ὑπακοὴν
2930 2174 3025 2228 τοῦ
3056 2176 3315 2247 Χριστοῦ,
3360 2178 3454 2231 καὶ
3492 2178 3585 2232 διὰ
3612 2178 3715 2247 τῆς

2125 2265 2203 2326 είς
2241 2266 2331 2318 τὸν
2366 2266 2599 2337 Χριστὸν
2630 2266 2897 2330 δουλείας,
2925 2267 3199 2338 ἐλεύθεροι
3220 2268 3449 2339 γένησθε
3481 2269 3594 2341 (47)
3620 2271 3712 2323 τοῦ

2132 2356 2297 2427 νόμου
2318 2358 2416 2427 τῆς
2445 2358 2739 2428 ἁμαρτίας.
2760 2357 2883 2422 Πῶς
2907 2354 2999 2412 οὖν
3026 2362 3254 2430 ἡττᾶται
3279 2359 3348 2413 τὰ
3375 2361 3538 2431 ἕθνη;
3587 2361 3712 2414 Ἐὰν

2124 2450 2327 2521 ἐπιγνῷ
2357 2451 2447 2504 τὸν
2476 2450 2629 2507 Θεόν.
2670 2451 2931 2505 Ἠττᾶται
2952 2453 3061 2523 γὰρ
3089 2454 3279 2516 σκότος
3308 2456 3373 2525 τῇ
3402 2452 3497 2507 τοῦ
3527 2453 3711 2524 φωτὸς

2123 2543 2398 2614 παρουσίᾳ
2421 2560 2435 2572 ·
2470 2543 2565 2595 καὶ⁵
2620 2544 2839 2597 νικᾶται
2872 2544 3027 2608 νόσος
3056 2548 3123 2617 τῇ
3158 2546 3256 2616 τῆς
3306 2546 3493 2614 ὑγείας
3524 2546 3712 2619 ἐπιδη-

2126 2634 2247 2705 μίᾳ.
2285 2634 2463 2687 Μόνον
2500 2629 2593 2688 οὖν
2631 2634 2805 2703 γνῶτε
2848 2636 2947 2705 τὴν
2992 2637 3285 2707 ἀλήθειαν,
3319 2637 3389 2691 τὰ
3422 2637 3574 2709 ἔθνη,
3613 2640 3710 2692 καὶ

2122 2726 2282 2790 εὐθὺς
2316 2727 2688 2799 ἡττηθήσεσθε
2718 2729 2816 2800 τὴν
2846 2732 3115 2802 σωτήριον
3138 2720 3279 2802 ’ὑμῖν
3313 2727 3503 2803 ἧτταν.
3569 2735 3711 2788 Ἐπ-

2124 2820 2425 2875 ιικούσατε
2439 2820 2550 2887 ἕως
2573 2821 2836 2890 ἐσχάτου
2856 2822 2966 2891 τῆς
2985 2824 3118 2893 γῆς.
3143 2824 3314 2878 Τίνων
3338 2826 3713 2893 saansaan-ca;

2122 2911 2242 2965 Τῶν
2272 2913 2749 2982 καταγγελλόντων
2766 2915 2895 2985 ὑμῖν
2920 2916 2981 2969 τὸ
3006 2916 3355 2986 Εὑαγγέλιον.
3378 2919 3424 2970 Ε
3430 2921 3479 2985 ις
3502 2917 3713 2973 πᾶσαν

2121 3004 2251 3075 γὰρ,
2288 3005 2442 3075 φησὶ,
2497 3006 2613 3074 τὴν
2637 3005 2756 3076 γῆν
2781 3007 3043 3077 ἐξῆλθεν
3097 3012 3130 3062 ὁ
3169 3013 3431 3081 φθόγγος
3484 3013 3707 3078 αὐτῶν,

2122 3097 2219 3177 καὶ
2254 3099 2342 3163 εὶς
2371 3097 2445 3151 τὰ
2459 3097 2687 3167 πέρατα
2717 3099 2829 3167 τῆς
2856 3100 3215 3170 οἰκουμένης
3242 3104 3314 3158 τὰ
3334 3104 3575 3174 ῥήματα
3606 3109 3711 3159 αὺ-

1766 3164 2013 3266 ⁸ίίτ⁴ξη⁴¹η²
2041 3172 2084 3227 C
2118 3164 2256 3242 τῶν.
2306 3164 2664 3258 ἰσχυκότες.
2704 3164 2983 3260 rit-tuam,
3009 3164 3275 3247 ἀπόθεσθε
3302 3164 3595 3266 τήνψίσχὺν
3619 3195 3712 3248 τοῦ

2120 3282 2392 3351 σώματος,
2419 3281 2720 3335 ἀναλάϐετε
2748 3282 2848 3354 τὴν
2882 3283 3164 3339 ἀσθένειαν
3186 3286 3284 3357 τῆς
3306 3286 3529 3358 σαρκὸς,
3567 3288 3657 3341 ἵνα
3678 3289 3710 3355 ἡ

2117 3367 2347 3439 δύναμις
2379 3369 2474 3423 τοῦ
2511 3370 2645 3423 Θεοῦ
2696 3372 2754 3424 ὲν
2797 3372 3053 3446 ἀσθενείᾳ
3097 3374 3381 3447 τελειωθῇ.
3428 3376 3567 3429 Ἐὰν
3601 3376 3710 3446 τὰρ

2118 3458 2308 3513 πάλιν
2366 3462 2684 3530 ὶσχύσητε,
2721 3464 2910 3518 πάλιν
2957 3466 3400 3535 ἡττηθήσεσθε.
3442 3466 3571 3521 Ἐάν
3629 3468 3709 3520 σοί

2119 3568 2248 3603 ποτε
2297 3554 2577 3623 ἐπαναστῇ
2609 3552 2671 3605 τὸ
2701 3555 2957 3627 φρόνημα
2987 3557 3086 3628 τῆς
3131 3558 3354 3629 σαρκὸς,
3404 3557 3709 3612 σπούδασον

2122 3642 2254 3695 αὐτὸ
2287 3642 2722 3716 ὼυλαγωγῆσαι,
2766 3649 2863 3700 καὶ
2895 3640 3329 3714 καταπαλαῖσαι,
3363 3650 3459 3704 καὶ
3499 3652 3704 3706 ὑποτά-

2118 3730 2202 3794 ξαι
2229 3730 2306 3801 τῷ
2327 3732 2460 3785 πνεύ
2471 3751 2619 3803 ματι.
2652 3735 2762 3788 Καὶ
2788 3735 2867 3803 ἢν
2882 3736 2960 3791 ἂν
2979 3739 3413 3805 βουλεύσησθε
3434 3740 3708 3809 βουλὴν.

2115 3821 2506 3876 διασκεδάσει
2534 3827 2751 3893 Κύριος
2770 3847 2783 3861 ο
2813 3829 2911 3882 καὶ
2949 3831 3136 3899 λόγον
3172 3830 3245 3883 ὃν
3275 3829 3353 3885 ἂν
3366 3831 3705 3901 λαλήσητε,

2115 3915 2186 3967 οὐ
2210 3914 2296 3983 μὴ
2327 3915 2575 3984 ἐμμείνῃ
2603 3919 2674 3970 ἐν
2700 3920 2861 3989 ὑμῖν,
2887 3920 2975 3975 ὅτι
2997 3923 3125 3991 μεθ’
3144 3923 3315 3993 ἡμῶν
3334 3923 3446 3993 (48)
3471 3927 3505 3978 ὀ
3532 3927 3702 3993 Θεός.

2114 4007 2257 4060 Διότι
2278 4009 2472 4062 ἀπολεῖ
2501 4010 2602 4080 τήν
2632 4012 2825 4081 σοφίαν
2844 4013 2951 4065 τῶν
2979 4014 3178 4083 σοφῶν,
3226 4015 3321 4068 καὶ
3354 4015 3451 4086 τὴν
3484 4015 3705 4070 σύνεσιν
3730 4043 3737 4049 -

2114 4097 2222 4150 τῶν
2247 4098 2481 4152 συνετῶν
2518 4100 2794 4172 ἁθετήσει.
2821 4104 3024 4175 Βουλὴν
3054 4100 3149 4159 οὖν
3195 4104 3545 4177 ἀνθρωπίνην
3575 4126 3709 4161 κατ-

2114 4192 2276 4260 αργεί
2327 4192 2355 4243 ὁ
2401 4194 2500 4262 τῆς
2567 4194 2809 4263 μεγάλης
2860 4196 3056 4267 βουλῆς
3102 4197 3351 4266 ἄγγελος,
3408 4200 3502 4252 καὶ
3547 4199 3709 4268 λόγον

2114 4280 2453 4352 ἀνθρώπινον
2505 4284 2692 4338 ἀθετεῖ
2742 4287 2770 4338 ὁ
2820 4287 2951 4353 Θεὸς
2987 4288 3178 4356 Λόγος.
3223 4283 3326 4341 ’Ὧν
3360 4289 3514 4343 οὐδὲν
3548 4291 3704 4360 ὑμῖν,

2115 4373 2301 4441 φησὶν,
2349 4374 2407 4425 οὐ
2457 4376 2532 4445 μὴ
2577 4378 2841 4451 ὲμμείνῃο
2888 4379 3022 4433 διότι
3060 4382 3191 4449 μεθ’
3234 4380 3405 4450 ἡμῶν
3445 4385 3479 4434 ὁ
3537 4385 3706 4449 Θεός.

2112 4465 2398 4536 Χρήσιμον
2427 4466 2485 4519 δὲ
2527 4469 2585 4520 ὲν
2626 4469 2801 4541 καιρῷ
2852 4471 3096 4542 διωγμοῦ
3126 4471 3468 4543 θαρροῦντας
3515 4472 3704 4541 λέγειν

2113 4559 2226 4619 τοῖς
2259 4555 2437 4611 ἔθνεσι
2480 4559 2563 4623 τὸ,
2610 4560 2752 4614 Ἐὰν
2783 4563 2892 4631 γὰρ
2937 4563 3126 4617 πάλιν
3159 4565 3475 4632 ἱσχύσητε,
3514 4565 3707 4619 πάλιν

2114 4650 2549 4716 ἡττηθήσεσθε.
2596 4654 2865 4718 Πολλάκις
2911 4654 3021 4725 γὰρ
3064 4656 3471 4720 ἐπαναστάντες
3505 4660 3570 4728 τῇ
3608 4658 3703 4711 τοῦ

2113 4740 2352 4809 Χριστοῦ
2410 4743 2751 4816 Ἐκκλησία,
2800 4746 3062 4809 πολλάκις
3111 4748 3435 4803 κατέπεσον.
3488 4750 3705 4819 Ὥσπερ

2115 4831 2225 4902 γὰρ
2252 4834 2301 4884 oi
2334 4836 2399 4905 τῇ
2438 4836 2723 4909 προσθήκῃ
2751 4839 2850 4909 τῆς
2879 4838 3013 4909 ὕλης
3038 4840 3138 4909 τῆς
3169 4841 3467 4911 καιομένης
3508 4843 3607 4894 ἐπὶ
3648 4842 3706 4895 τὺ

2120 4924 2301 4996 μεῖζον
2329 4928 2575 4998 αἴροντες
2604 4930 2701 5002 τὴν
2726 4931 2920 5001 φλόγα,
2941 4932 3115 4995 οὕτως
3137 4933 3225 4986 ἀεὶ
3252 4933 3300 4985 οἱ
3333 4932 3586 4989 καθελεῖν
3608 4936 3707 5005 τὴν

2128 5015 2454 5085 Ἐκκλησίαν
2486 5022 2887 5087 σπουδάσαντες
2913 5024 3049 5095 (49),
3071 5023 3161 5077 διά
3184 5022 3293 5077 τῶν
3318 5022 3579 5094 διωγμῶν
3613 5027 3706 5078 αὐο

2114 5105 2212 5176 τὴν
2241 5110 2320 5171 εἰς
2352 5112 2573 5180 μείζονα
2608 5114 2765 5186 δόξης
2788 5119 3106 5188 προήγαγον
3139 5118 3233 5171 καὶ
3261 5117 3566 5188 δυνάμεως.

2183 5198 2308 5254 212.
2337 5203 2498 5257 Οὕτω
2523 5205 2683 5275 λέγει
2724 5210 2937 5277 Κύριος
2956 5226 2968 5239 ο
3004 5209 3089 5278 Τῇ
3115 5208 3336 5279 ἰσχυρᾷ
3360 5212 3516 5279 χειρὶ
3540 5215 3681 5268 ἀπε-ι

2115 5291 2309 5357 θοῦσι,
2342 5293 2417 5363 τῇ
2451 5299 2662 5366 πορείᾳ
2690 5298 2801 5367 τῆς
2824 5300 2970 5354 ὀδοῦ
3010 5301 3116 5357 τοῦ
3144 5300 3300 5358 λαοῦ
3329 5303 3572 5368 τούτου,
3608 5305 3703 5359 λέ·-

2216 5413 2259 5444 ³⁷
2283 5415 2323 5468 ll
2348 5414 2475 5471 Cor.
2506 5434 2605 5484 xu,
2641 5420 2695 5474 9.
2801 5420 2848 5453 ³⁸
2870 5420 2974 5475 lsa.
3007 5438 3163 5485 xxix,
3195 5423 3298 5490 H;
3334 5422 3350 5476 Ι
3380 5422 3512 5478 Cor.
3549 5437 3588 5488 ι,
3620 5421 3698 5477 i9.

2187 5633 2296 5720 (49)
2349 5635 2836 5720 UterqneWColbq"
2862 5643 3276 5720 σπουδάζοντες.
3330 5641 3483 5700 Haud
3546 5645 3694 5720 longe

2111 5716 2204 5759 sex
2237 5720 2389 5773 mss.,
2416 5708 2495 5770 εἰς
2523 5707 2760 5778 μείζονα.
2799 5711 2960 5777 Editi,
2995 5713 3197 5783 μεῖζον.
