3808 6212
108 276 199 335 489

913 258 1269 323 COMMENT.
1308 255 1377 313 1N
1417 252 1651 311 ISAIAM
1689 250 2131 307 PROPHETAM.
2169 248 2329 306 CAP.
2370 246 2505 304 Vill.

3226 240 3332 297 690

108 391 382 463 φοϐεῖσθαι,
416 390 512 443 καὶ⁹
545 387 620 459 μὴ
646 386 825 441 πάντα
854 386 1285 454 καταπτήσσειν,
1314 380 1451 455 μηδὲ
1481 379 1650 450 timeo-

1793 391 1823 432 c
1846 376 2025 447 perite
2078 375 2396 439 formidare,
2422 387 2599 442 neque
2640 369 2821 424 omnia
2864 378 3130 432 metuere,
3158 382 3336 438 neque

106 486 229 548 δεεῐς
260 479 412 543 εἶναι,
455 479 527 533 τὰ
576 479 706 533 ἀδεᾶ
744 476 1056 539 δεδοικότας
1075 476 1209 546 (65).
1238 471 1657 543 Καταγινώσκει

109 575 204 646 γὰρ
223 574 321 627 τῶν
353 571 609 625 τοιούτων
638 572 667 623 6
697 569 931 640 ψαλμὸς,
965 567 1159 636 λέγων’
1199 566 1360 621 Ἐκεῖ
1400 565 1661 636 φοϐηθή-

109 682 293 723 σονται
317 665 496 734 φόϐῳ,
531 659 603 719 οὗ
634 666 747 717 οὐκ
789 658 869 732 ἦν
905 662 1109 731 φόϐος.
1140 657 1346 732 Κύριον
1383 654 1476 711 οὖν
1505 655 1661 725 ἁγία-

112 775 211 822 σον,
256 757 357 812 Kal
395 755 583 821 αὐτὸς
624 753 796 829 ἔσται
850 767 967 807 σου
1017 752 1225 822 φόϐος.
1286 748 1525 802 Ἐκείνου
1560 748 1659 817 τὴν

114 849 379 921 παρουσίαν
429 847 654 917 ὲκδέχου
680 884 694 910 ,
748 844 958 898 ἐκείνου
1021 841 1189 913 φοϐοῦ
1234 840 1295 894 τὸ
1352 841 1658 913 κριτήριον.

112 940 314 1011 Φοὸερὸς
358 941 385 993 6
430 938 715 1001 ἀποδιδοὺς
745 937 962 1006 ἑκάστῳ
991 935 1132 990 κατὰ
1177 933 1248 987 τὰ
1284 932 1423 1006 ἔργα
1454 931 1619 986 αὑτοῦ
1645 948 1658 961 ’

116 1030 313 1103 φοϐερὸς
349 1031 378 1084 6
422 1032 480 1083 ἐν
515 1032 666 1101 φωνῇ
714 1029 1013 1098 σάλπιγγος
1054 1025 1191 1099 μετὰ
1223 1024 1333 1097 (66)
1369 1024 1538 1093 ἁγίων
1564 1024 1664 1092 ἀγ-

116 1124 263 1191 γέλων
300 1123 587 1193 ἐπιδημεῖν
625 1122 835 1193 μέλλων
879 1120 938 1185 ἐξ
970 1119 1243 1192 οὐρανῶνο
1276 1119 1508 1190 φοὸερὸς
1535 1111 1596 1171 οὗ
1628 1119 1662 1189 ἡ

118 1213 354 1283 ἀπόφασις
385 1215 608 1276 κόλασις
650 1212 863 1267 αἰωνία.
922 1213 1057 1267 Ἐὰν
1099 1208 1228 1267 οὖν,
1258 1208 1335 1284 ᾖς
1366 1211 1667 1277 πεποιθὼς

118 1307 199 1360 ἐπὶ
229 1308 457 1375 Κύριον,
486 1309 561 1361 οὐ
591 1307 1000 1375 συναντήσεις
1035 1304 1146 1376 (67)
1175 1304 1335 1370 αὐτῷ
1365 1306 1446 1371 ὡς
1490 1308 1668 1361 λίθου

99 1382 519 1479 εεῲοσκόμματι,
555 1395 700 1451 οὐδὲ
727 1398 809 1464 ὡς
841 1396 1059 1465 πέτρας
1098 1394 1380 1465 πτώματι.
1418 1397 1614 1466 Σαφῶς
1642 1398 1672 1450 6

122 1488 253 1556 λόγος
273 1490 348 1551 είς
374 1488 471 1559 τὴν
500 1488 641 1559 πρὸς
671 1488 763 1541 τὸν
792 1488 995 1559 Κύριον
1036 1488 1196 1557 ἡμῶν
1245 1485 1451 1557 Ἰησοῦν
1501 1504 1672 1558 προσ-

122 1578 334 1631 καλεῖται
367 1578 571 1630 πίστιν.
608 1577 745 1645 Περὶ
775 1576 965 1629 τούτου
995 1577 1105 1647 γὰρ
1134 1577 1373 1648 εἴρηται,
1395 1578 1475 1630 ὅτι
1515 1576 1671 1630 Ἰδοὺ

121 1669 287 1737 τίθημι
305 1670 371 1729 ἐν
394 1668 550 1723 Σιὼν
581 1669 755 1723 ,λίθον
780 1670 1262 1738 προσκόμματος,
1307 1669 1407 1723 καὶ
1448 1667 1672 1737 πέτραν

122 1757 456 1814 σκανδάλου.
490 1760 556 1812 Οἱ
590 1757 801 1827 τυφλοὶ,
826 1758 921 1811 καὶ
949 1759 1024 1829 μὴ
1048 1759 1335 1829 δυνάμενοι
1359 1758 1428 1812 τὰ
1457 1760 1516 1811 ὲν
1545 1759 1673 1811 ποσὶ

125 1850 352 1920 καθορᾷν,
382 1849 785 1920 προσπταίουσι
816 1853 931 1913 τοῖς
963 1848 1155 1913 λίθοις,
1186 1849 1281 1903 καὶ
1301 1850 1351 1902 οί
1386 1848 1461 1921 μὴ
1494 1849 1677 1917 ἠσφα-

126 1942 333 2012 λισμένοι
365 1941 464 2006 τὰς
516 1941 729 2012 βάσεις,
758 1941 1249 2014 περιολισθαίνουσι
1277 1944 1396 2004 ταῖς
1426 1941 1672 2012 πέτραις.

135 2030 184 2085 Ὃ
220 2031 383 2085 τοίνυν
429 2031 708 2103 μηδεμίαν
742 2032 1058 2103 ἐπιμέλειαν
1088 2030 1184 2085 τοῦ
1232 2029 1540 2102 διορατικοῦ
1574 2030 1678 2100 τῆς

127 2123 275 2195 ψυχῆς
306 2125 695 2196 ποιησάμενος,
729 2124 864 2195 μηδὲ
912 2124 999 2178 διὰ
1035 2125 1133 2195 τῆς
1173 2122 1526 2186 διδασκαλίας
1569 2123 1678 2176 τῶν

130 2212 326 2283 Γραοιῖη
356 2214 634 2285 γνωρίσας
667 2213 763 2284 τὴν
792 2212 884 2266 τοῦ
922 2214 1128 2285 Κυρίου
1163 2214 1488 2284 παρουσίαν,
1525 2230 1681 2285 περι-

131 2303 282 2356 malet
322 2303 396 2374 τῷ
440 2302 764 2375 κηρύγματι
802 2303 897 2356 τοῦ
929 2304 1296 2373 Εὑαγγελίου’
1336 2304 1431 2358 καὶ
1460 2306 1490 2357 6
1536 2303 1681 2359 κατὰ

130 2394 209 2466 τὴν
247 2394 419 2448 πίστιν
458 2396 895 2467 εὐπερίτρεπτος
944 2396 1354 2461 σκανδαλίζεται
1385 2398 1443 2449 ἐν
1480 2398 1545 2468 τῇ
1581 2396 1682 2449 πέ-

133 2502 233 2558 τρα,
258 2487 370 2558 ἥτις
401 2488 551 2540 ἐστὶν
590 2489 619 2539 6
652 2486 905 2558 Χριστός.
932 2488 1004 2539 Σὺ
1033 2487 1111 2552 δὲ,
1140 2488 1326 2559 φησὶν,
1354 2490 1382 2541 6
1410 2488 1559 2552 λαὸς,
1585 2486 1682 2540 ἐὰν

136 2571 187 2647 ᾖς
205 2576 479 2643 πεποιθὼς,
511 2578 613 2632 καὶ
645 2578 827 2650 τελείᾳ
858 2581 924 2651 τῇ
956 2579 1137 2633 πίστει
1168 2580 1557 2651 ἐρηρεισμένος
1587 2580 1684 2633 ἐπὶ

136 2670 208 2721 τὴν
235 2671 424 2743 Κύριον
446 2690 460 2702 ο
489 2672 596 2743 οὐχ
616 2671 691 2735 ὡς
724 2671 872 2725 λίθου
908 2673 1299 2744 προσκόμματι
1326 2671 1403 2743 τῷ
1427 2673 1556 2744 περὶ
1587 2674 1684 2726 αὐ-

137 2762 214 2815 τοῦ
259 2764 394 2836 λόγῳ
457 2766 772 2836 συναντήσῃ
800 2803 817 2827 ,
881 2765 1001 2819 οὐδὲ
1063 2765 1442 2837 περισφαλήσῃ
1494 2764 1642 2837 αὑτῷ
1666 2805 1683 2831 ,

139 2853 199 2917 ὼς
244 2856 433 2927 πέτρας
490 2854 773 2927 πτώματι.
830 2856 984 2927 Τάχα
1040 2855 1098 2909 δὲ
1150 2855 1487 2932 πρόσκομμα
1537 2858 1685 2910 ἐστιν

142 2942 354 3014 Ἕλλησι,
404 2949 518 3009 τοῖς
570 2947 674 3017 τὴν
721 2946 910 3016 σοφίαν
962 2945 1236 3018 ζητοῦσιν,
1283 2948 1317 3019 ἡ
1366 2946 1546 3017 μωρία
1590 2943 1687 3001 τοῦ

1701 1730 1747 1788 Β

1760 471 1827 527 ad
1860 480 2078 521 omnem
2118 466 2406 536 strepitum
2441 462 2803 528 consternari,
2846 475 2953 515 non
2996 460 3232 514 timenda
3266 459 3340 512 ti-

1758 568 1990 614 mentes.
2019 558 2176 613 Tales
2206 558 2351 611 enim
2387 558 2610 612 damnat
2637 555 2879 625 psalmus
2911 552 2997 608 his
3019 553 3227 616 verbis,
3258 547 3341 604 Il-

1760 651 1830 704 lic
1872 650 2204 719 trepidabunt
2242 651 2430 703 timore
2475 649 2564 702 ubi
2604 664 2710 702 non
2736 659 2847 700 erat
2876 647 3033 699 timor
3055 644 3124 700 ⁸⁸.
3155 644 3340 698 Domi-

1761 757 1891 797 num
1924 742 2088 811 igitur
2117 742 2422 805 sanctiﬁca,
2470 738 2542 793 Et
2574 741 2681 805 ipse
2703 740 2800 793 erit
2827 741 2986 791 timor
3025 747 3163 789 tuus.
3193 734 3341 789 Prte-

1763 834 1961 886 stolare
1978 830 2117 887 illius
2140 833 2448 894 adventum,
2467 831 2612 884 illius
2629 828 2854 884 formida
2870 826 3131 895 judicium
3152 823 3339 897 540.

1765 921 2049 978 Terribilis
2076 934 2156 978 est
2189 924 2279 992 qui
2313 923 2603 993 unicuique
2646 921 2833 976 reddet
2864 920 3019 990 juxta
3066 932 3230 987 opera
3259 916 3343 986 ip-

1765 1015 1878 1070 sius
1904 1016 1950 1048 ”
1977 1031 1993 1081 ;
2041 1014 2362 1070 metuendus
2398 1015 2510 1080 ille,
2538 1014 2628 1083 qui
2665 1015 2721 1068 in
2762 1025 2896 1067 voce
2927 1012 3065 1066 tubze
3090 1026 3212 1066 cum
3245 1025 3345 1063 an-

1766 1106 1900 1176 gelis
1930 1106 2181 1162 sanctise
2212 1104 2368 1159 ccelis
2391 1115 2656 1159 venturus
2676 1113 2761 1158 est
2777 1103 2857 1168 “;
2892 1099 3206 1156 tremendus
3230 1098 3340 1162 ille,

1770 1196 1927 1265 cujus
1954 1197 2222 1267 judicium
2254 1198 2573 1267 supplicium
2602 1208 2863 1251 aeternum
2889 1206 2974 1249 est
2996 1194 3064 1250 “.
3091 1191 3153 1247 Si
3182 1193 3347 1261 igitur

1769 1291 2006 1358 conﬁdas
2055 1290 2109 1343 in
2155 1289 2414 1354 Domino,
2450 1306 2554 1343 non
2578 1289 2647 1342 ad
2681 1303 2803 1343 eum
2837 1286 2995 1358 quasi
3040 1285 3109 1340 ad
3152 1283 3348 1354 lapidis

1771 1380 2114 1450 oﬂ'ensionem
2173 1382 2405 1446 accedes,
2444 1396 2607 1451 neque
2633 1380 2788 1450 quasi
2826 1380 2896 1432 ad
2922 1385 3084 1447 petra:
3114 1377 3345 1430 ruinam.

1774 1470 2054 1528 Sententia
2087 1472 2199 1526 haec
2238 1472 2521 1540 perspicue
2566 1471 2887 1526 adhortatur
2915 1471 2984 1523 ad
3015 1467 3348 1537 amplecten-

1774 1562 1897 1618 dam
1924 1563 2085 1619 ﬁdem
2114 1563 2167 1617 in
2194 1563 2475 1618 Dominum
2503 1575 2748 1618 nostrum
2778 1561 2985 1618 lesum.
3014 1558 3090 1616 De
3118 1574 3184 1615 eo
3203 1559 3350 1613 enim

1778 1658 1979 1715 dictum
2022 1667 2143 1713 est:
2174 1656 2310 1711 Ecce
2347 1672 2485 1725 pono
2519 1657 2576 1710 in
2606 1654 2735 1711 Sion
2768 1654 2994 1724 lapidem
3024 1651 3353 1723 oﬁ'ensionis.

1773 1759 1821 1804 et
1847 1758 2049 1818 petram
2082 1749 2324 1803 scandali
2350 1750 2416 1804 “.
2441 1748 2543 1815 Qui
2578 1748 2709 1802 caeci
2742 1758 2889 1813 sunt,
2916 1754 2971 1801 et
3003 1761 3067 1801 ea
3090 1759 3209 1814 quae
3229 1755 3357 1799 ante

1773 1841 1938 1911 pedes
1971 1851 2098 1897 sunt
2129 1845 2327 1911 posita,
2360 1840 2544 1896 videre
2573 1856 2677 1895 non
2701 1847 2953 1909 possunt,
2986 1835 3269 1892 offendunt
3287 1835 3359 1891 ad
3403 1824 3409 1829 ’

1774 1936 2016 2005 lapides;
2054 1945 2108 1989 et
2146 1935 2205 1997 ii,
2236 1950 2464 2003 quorum
2489 1933 2687 2003 planta:
2715 1946 2822 1987 non
2850 1939 2977 1986 sunt
3009 1929 3274 1995 solidatae,
3300 1942 3359 1983 tn

1775 2036 1961 2098 petras
2015 2028 2355 2081 incurrentes
2409 2024 2788 2095 prolabuntur.
2832 2021 3018 2091 Itaque
3058 2021 3150 2090 qui
3191 2020 3359 2073 animi

1776 2118 1887 2172 vim
1926 2116 2145 2172 videndi
2197 2117 2420 2171 omnino
2456 2114 2716 2185 neglexit,
2757 2128 2858 2169 nec
2896 2112 3111 2167 Domini
3141 2111 3362 2179 agnovit

1777 2208 2068 2262 adventum
2100 2222 2196 2276 per
2221 2205 2623 2277 Seripturarum
2651 2205 2954 2271 scientiam,
2982 2204 3049 2257 ad
3079 2203 3361 2274 Evangelii

1780 2299 2219 2371 praedicationem
2237 2298 2491 2365 oll‘endit;
2520 2300 2613 2355 sed
2645 2309 2700 2355 et
2725 2298 2816 2366 qui
2841 2299 2893 2351 in
2917 2298 3022 2353 ﬁde
3039 2296 3200 2351 facile
3228 2296 3361 2352 sub-

1779 2393 1919 2447 verti
1944 2401 2144 2461 potest,
2168 2392 2222 2446 in
2254 2401 2432 2462 petra,
2451 2408 2570 2461 qua:
2586 2401 2670 2448 est
2689 2391 3020 2458 Christus”,
3047 2391 3361 2446 scandalum

1781 2484 2006 2551 patitur.
2036 2482 2115 2538 Tu
2164 2494 2369 2547 autem,
2405 2484 2600 2553 inquit,
2633 2484 2846 2554 popule,
2880 2485 2925 2539 si
2979 2485 3180 2539 habeas
3229 2484 3365 2538 tida.

1783 2578 1948 2644 ciam,
1967 2587 2129 2647 atque
2151 2593 2247 2647 per
2277 2578 2434 2634 ﬁdem
2467 2580 2730 2649 integram
2760 2577 2996 2632 inuitare
3024 2577 3076 2630 in
3099 2576 3361 2643 Domino;

1785 2667 1977 2723 habito
2008 2668 2076 2724 de
2101 2683 2169 2724 eo
2197 2671 2441 2724 sermoni
2505 2685 2611 2726 non
2652 2670 2808 2739 quasi
2844 2668 3038 2739 lapidis
3075 2668 3366 2723 olTensioni

1784 2774 2072 2826 occurres;
2108 2777 2283 2832 neque
2334 2763 2388 2817 in
2438 2762 2613 2832 ipsum
2651 2763 2813 2818 veluti
2848 2764 2901 2817 in
2951 2772 3116 2832 petrae
3153 2762 3365 2816 ruinam

1787 2852 2075 2924 impingas.
2096 2854 2349 2911 Fortasse
2368 2864 2550 2909 autem
2569 2854 2971 2925 praedicationis
2990 2854 3217 2909 stultitia
3242 2869 3371 2922 gen-

1791 2946 1938 3002 tibus
1962 2946 2283 3015 sapientiam
2308 2946 2680 3015 quaarentibus
2708 2955 2793 3001 est
2815 2945 3198 3001 oﬂ'endiculum
3226 2963 3242 3010 ;
3271 2945 3373 3001 Ju-

140 3034 485 3106 κηρύγματος·
520 3036 648 3090 καὶ⁹
673 3035 847 3107 πέτρα
891 3036 1009 3088 ἐστὶ
1056 3035 1354 3090 σκανδάλου
1393 3038 1505 3100 τοῖς
1550 3037 1682 3089 Ἰου-

1791 3037 1920 3092 dacis
1946 3052 2073 3093 vero
2094 3038 2249 3108 signa
2274 3037 2643 3106 quaerentibus
2666 3046 2820 3105 petra
2843 3046 2928 3091 est
2947 3035 3210 3093 scandali.
3235 3036 3370 3090 Eam

142 3125 297 3190 ὁσίοις,
324 3130 432 3191 τοῖς
460 3128 530 3181 τὰ
575 3130 780 3199 σημεῖα
816 3126 1046 3182 αἰτοῦσι.
1096 3125 1197 3180 Διὰ
1238 3125 1399 3180 τοῦτο
1441 3126 1625 3196 ἔλεγεν
1657 3128 1682 3181 6

1796 3130 1866 3184 ob
1912 3144 2132 3185 causam
2174 3129 2377 3185 Paulus
2430 3130 2647 3186 dicebat
2689 3129 3130 3198 praedicationem
3170 3129 3373 3185 ludaeis

145 3216 322 3281 Παῦλος
358 3220 418 3273 τὸ
445 3221 716 3291 κήρυγμα
743 3214 883 3272 εἶναι
925 3217 1199 3282 Ἰουδαίοις
1234 3217 1333 3290 μὲν
1368 3218 1687 3286 σκάνδαλον,

147 3309 293 3364 ἔθνεσι
332 3313 387 3367 δὲ
421 3315 660 3386 μωρίαν.
714 3312 839 3376 Τοῖς
870 3311 928 3366 δὲ
962 3310 1278 3365 πεποιθόσιν
1304 3312 1399 3365 ἐπὶ
1438 3311 1530 3366 τὸν
1575 3311 1691 3367 Κύ-

151 3417 261 3472 ριον,
304 3407 391 3460 καὶ
428 3405 505 3478 μὴ
551 3406 867 3472 ἀποδείξεσι
910 3403 1159 3472 λογικαῖς
1202 3403 1562 3458 ὑποϐάλλουσι
1594 3402 1689 3457 τοῦ

150 3495 461 3566 κηρύγματος
498 3499 602 3570 τὴν
636 3497 947 3569 ἁπλότητα,
982 3492 1127 3565 ’μήτε
1173 3495 1262 3549 διὰ
1308 3496 1552 3566 σημείων
1601 3498 1693 3550 ὲκ-

152 3588 428 3658 πειράζουσι
464 3590 562 3661 τὴν
598 3589 877 3660 ἀλήθειαν,
914 3587 1149 3659 Χριστός
1186 3590 1303 3641 ἐστι
1344 3587 1480 3642 Θεοῦ
1526 3587 1690 3643 δύνα-

156 3693 247 3747 μις,
272 3681 354 3733 καὶ
373 3681 507 3735 Θεοῦ
536 3681 724 3751 σοφία.

208 3770 315 3826 iiii.
367 3775 498 3828 Τότε
539 3773 791 3843 φανεροὶ
844 3774 1089 3828 ἔσονται
1133 3775 1189 3829 ol
1240 3768 1692 3843 σφραγιζόμενοι

157 3858 243 3912 τὸν
267 3865 457 3933 νόμον,
497 3865 611 3920 τοῦ
645 3864 731 3934 μὴ
762 3866 977 3935 μαθεῖν
1016 3866 1151 3936 (68).
1187 3866 1297 3920 Kal
1327 3866 1483 3934 ἐρεῖ·
1517 3864 1692 3921 Μενῶ

156 3950 245 4003 τὸν
265 3954 397 4009 Θεὸν
425 3957 531 4011 τὸν
558 3956 1032 4025 ἀποστρέψαντα
1061 3957 1130 4009 τὸ
1157 3959 1483 4026 πρόσωπον
1506 3957 1693 4013 αὐτοῦ

158 4040 254 4095 ἀπὸ
281 4044 376 4099 τοῦ
402 4046 570 4101 οἴκου
617 4045 841 4110 Ἰακὼϐ,
878 4046 975 4099 καὶ
1019 4044 1312 4111 πεποιθὼς
1344 4046 1556 4115 ἔσομαι
1599 4045 1693 4098 ἐπ’

160 4132 309 4199 αὐτῷ.
344 4136 460 4190 Ἐπὶ
482 4138 597 4210 (69)
643 4139 741 4208 τῆς
791 4137 1113 4200 ἀκολουθίας
1155 4137 1265 4190 τῶν
1299 4138 1644 4209 προαγόντων
1666 4138 1697 4189 6

161 4219 288 4290 λόγος
307 4227 546 4298 ἢρτηται.
592 4227 746 4282 Ἰδοὺ
771 4228 809 4296 ἡ
851 4227 1146 4296 παρθένος
1171 4229 1242 4281 ἐν
1262 4228 1474 4297 γαστρὶ
1500 4229 1695 4298 λήψε-

161 4328 256 4380 ται,
296 4319 386 4373 καὶ
415 4320 645 4385 τέξεται
675 4319 833 4384 υἱὸν,
879 4319 981 4374 καὶ
1028 4320 1365 4376 καλέσουσι
1411 4321 1473 4374 τὸ
1509 4321 1697 4392 ὄνομα

1798 3220 2014 3289 quidem
2043 3235 2167 3276 esse
2195 3221 2534 3287 scandalum,
2566 3221 2814 3292 gentibus
2839 3235 2972 3275 vero
3000 3221 3283 3275 stultitiam
3300 3219 3371 3274 “.

1800 3312 1909 3369 Sed
1948 3314 2040 3383 qui
2076 3314 2358 3369 conﬁdunt
2394 3314 2447 3369 in
2493 3313 2744 3380 Domino,
2773 3329 2877 3369 nec
2909 3314 3097 3381 logicis
3144 3314 3374 3368 demon-

1798 3403 2153 3459 strationibus
2187 3402 2482 3471 subjiciunt
2514 3403 2915 3473 praedicationis
2945 3402 3372 3471 simplicitatem,

1798 3509 1974 3564 neque
2008 3509 2104 3563 per
2145 3494 2298 3566 signa
2338 3496 2559 3564 capiunt
2604 3494 2853 3549 veritatis
2899 3496 3371 3564 experimentum,

1799 3588 1868 3667 iis
1900 3587 2150 3644 Christus
2182 3599 2266 3643 εει
2286 3587 2381 3643 Dei
2420 3589 2589 3644 virtus
2619 3598 2674 3643 et
2698 3586 2793 3643 Dei
2819 3588 3105 3658 sapientia.

1870 3767 1998 3823 215.
2028 3767 2193 3826 Vsus.
2228 3767 2315 3833 l6,
2345 3769 2429 3823 17.
2473 3772 2614 3824 Tunc
2648 3770 2922 3839 manifesti
2959 3780 3116 3825 erunt
3144 3771 3237 3840 qui
3285 3773 3378 3825 ob-

1800 3865 2007 3936 signant
2028 3865 2213 3935 legem,
2230 3882 2293 3920 ne
2310 3866 2539 3921 discant.
2560 3867 2631 3922 Et
2658 3869 2794 3922 dicet
2815 3885 2833 3923 :
2852 3867 3179 3937 Exspectabo
3208 3869 3378 3924 Deum

1799 3958 1890 4030 qui
1913 3958 2097 4011 avertit
2115 3957 2305 4025 faciem
2336 3974 2486 4013 suam
2509 3975 2540 4013 a
2567 3959 2722 4013 domo
2742 3958 2931 4024 Jacob,
2952 3971 2999 4014 et
3026 3961 3289 4028 conﬁdam
3318 3962 3379 4017 in

1801 4068 1882 4106 eo.
1904 4053 2095 4107 Sermo
2117 4065 2184 4105 ex
2210 4051 2352 4106 serie
2374 4065 2562 4106 eorum
2581 4066 2707 4121 quae
2732 4067 3061 4122 praecessere
3084 4054 3373 4123 dependet.

1801 4143 1959 4209 Ecce,
1985 4144 2133 4214 virgo
2157 4144 2210 4197 in
2235 4153 2385 4198 utero
2414 4147 2691 4212 concipiet,
2722 4153 2771 4198 et
2797 4146 2968 4214 pariet
2999 4145 3195 4213 ﬁlium,
3223 4157 3271 4199 et
3291 4162 3379 4199 uo-

1802 4233 1994 4287 cabunt
2031 4249 2218 4288 nomen
2245 4232 2359 4302 ejus
2392 4232 2742 4298 Emmanuel,
2776 4237 2914 4305 quod
2949 4246 3025 4289 est
3064 4236 3379 4304 interpreta-

1803 4336 1932 4391 tum,
1968 4324 2258 4380 Nobiscum
2279 4325 2423 4380 Deus
2450 4326 2516 4381 “.
2555 4325 2623 4380 Et
2654 4326 2792 4381 infra
2819 4341 3005 4381 rursus
3030 4328 3105 4381 ait
3143 4347 3157 4383 :
3189 4327 3383 4383 Nobis-

163 4407 317 4461 αὐτοῦ
374 4409 775 4481 Ἐμμανουῖιλ,
829 4412 863 4466 ὅ
905 4413 1039 4467 ἐστι
1081 4414 1682 4482 μεθιειρμηγευόμενον1

1805 4434 1922 4472 cum
1958 4417 2101 4473 Deus
2130 4434 2149 4473 :
2179 4419 2494 4488 cognoscite,
2527 4428 2727 4488 gentes,
2755 4430 2801 4473 et
2842 4421 3131 4474 cincintini.
3173 4420 3380 4478 Deinde

165 4495 276 4553 Μεθ’
304 4501 462 4570 ἡμῶν
493 4509 527 4560 ό
561 4504 725 4571 Θεός.
757 4505 867 4557 Καὶ
886 4504 1056 4557 πάλιν
1090 4503 1300 4567 ὑποϐὰς
1344 4503 1492 4573 λέγει
1511 4524 1525 4537 ο
1554 4509 1693 4579 Μεθ’

1802 4510 2105 4566 orationem
2152 4511 2221 4566 ad
2266 4524 2361 4567 eos
2403 4510 2702 4571 convertit.
2733 4512 2824 4581 qui
2866 4511 3037 4581 legem
3066 4513 3136 4567 ab
3171 4514 3384 4568 Emma-

220 4638 259 4719 ’ξ
279 4639 418 4719 Ρεξιἒ
439 4660 562 4719 xm,
595 4644 774 4719 5.‘_”
806 4643 995 4719 Matth.
1037 4658 1152 4707 th,
1180 4642 1275 4719 f2].
1296 4645 1406 4719 __“
1434 4643 1805 4719 Matthﬂxxrv,
1838 4647 1927 4703 51.
2000 4648 2045 4680 ⁸⁸
2069 4647 2260 4702 Matth.
2288 4662 2415 4711 xxv,
2444 4646 2533 4701 46.
2611 4647 2657 4678 ⁸⁸
2688 4647 2845 4701 Rom.
2867 4662 2946 4711 ix,
2973 4647 3062 4703 5.5.
3140 4647 3223 4703 "l
3251 4649 3377 4705 Cor.

169 4708 275 4770 ιι.
340 4708 563 4770 οιιουτ.
594 4731 633 4779 ι,
653 4714 744 4770 25.
821 4714 866 4747 “
905 4715 985 4770 lsa
1048 4729 1145 4781 vti,
1172 4713 1265 4778 14;
1296 4713 1488 4769 Matth.
1518 4732 1557 4781 ι,
1583 4717 1675 4772 23.

224 4802 319 4877 (65)
361 4808 574 4877 Antiqui
606 4820 716 4864 tres
758 4808 903 4873 libri,
948 4808 1081 4863 ἀί)εᾶ
1122 4807 1443 4873 δεδοικότες.
1480 4809 1589 4864 Nec
1621 4811 1694 4866 ita

171 4873 620 4951 multopostiidem
650 4879 726 4951 illi
749 4889 863 4951 tres
886 4895 1043 4951 utss.,
1078 4878 1478 4951 φοϐηθήσονται
1504 4880 1690 4951 φόϐον.

357 4945 512 5020 Εᾱίιί,
540 4949 676 5020 μετὰ
707 4947 835 5004 τῶν.
870 4950 938 5002 At
966 4942 1238 5020 sexiussJ,
1269 4942 1428 5019 μετὰ.

351 5014 572 5091 Xetetjs
600 5029 834 5086 quatuor
863 5020 1007 5091 lih_ri,
1035 5018 1096 5072 οὐ
1125 5014 1481 5091 συναντήσῃς.

227 5083 319 5160 (68)
351 5085 452 5152 Illa,
492 5083 886 5160 τότείφανεροὶ
924 5086 1155 5160 ἔσονται,
1182 5092 1231 5143 oi
1273 5083 1695 5160 σφ’ραγιζόμενοι

170 5165 242 5202 τον
264 5155 429 5222 νόμον,
462 5158 553 5231 τοῦ
601 5155 687 5231 μὴ⁷
726 5155 935 5231 μαθεῖν,
988 5159 1040 5212 in
1074 5155 1330 5213 editione
1353 5155 1588 5213 iioittatia
1621 5163 1699 5214 sic

172 5232 411 5300 Writttttttr
440 5245 453 5280 :
485 5226 627 5300 Tunc
662 5226 930 5300 manifesti
977 5239 1152 5300 erunt,
1185 5231 1275 5300 qui
1313 5231 1608 5300 signantur.
1639 5240 1698 5284 ut

172 5302 256 5342 non
275 5294 460 5348 discant
491 5298 673 5366 legem.
709 5294 820 5352 Nec
847 5298 1002 5351 aliter
1027 5298 1139 5352 haec
1170 5294 1434 5364 verbafut
1455 5298 1699 5354 Nobilius

175 5373 343 5437 "iuuet,
373 5366 748 5437 interpretatus
781 5377 863 5421 est
891 5366 1269 5437 Hieronymus.
1304 5367 1414 5423 Ιηιο
1442 5371 1626 5430 etiam,
1654 5370 1699 5424 si

172 5431 211 5509 ei
239 5431 453 5509 habenda
483 5431 564 5509 est
601 5440 753 5502 ﬁdes,
798 5431 1352 5509 ostetnluut'Basilius
1385 5447 1438 5492 et
1466 5439 1700 5509 Cyrillus

176 5497 473 5576 hunc-Isaia:
503 5507 675 5560 locum
720 5497 788 5561 ita
826 5507 961 5560 verti
992 5517 1263 5576 oportere.
1310 5510 1413 5563 Sed
1448 5497 1529 5563 ea.
1555 5510 1607 5562 in
1639 5525 1698 5564 re

174 5573 270 5620 viro
295 5573 586 5645 doctissimo
614 5578 864 5631 assentiri
894 5592 999 5630 non
1029 5573 1186 5644 queo.
1218 5577 1479 5645 Equidem
1512 5594 1696 5633 vocem

177 5641 553 5715 σφραγιζόμενοι
577 5652 713 5700 sumi
740 5662 897 5714 posse
949 5646 1030 5699 vel
1047 5641 1227 5701 'active
1253 5641 1332 5702 vel
1360 5650 1559 5715 passive
1591 5664 1697 5701 non

181 5714 462 5776 ιηυεωτετίιιι,
493 5718 580 5782 qui
605 5720 900 5787 signantur,
929 5727 1023 5769 aut
1054 5718 1146 5785 qui
1171 5719 1380 5787 signant
1406 5736 1425 5773 :
1451 5721 1565 5787 sed,
1594 5719 1697 5773 nisi

458 5807 724 5870 Ρηιιοι..
772 5807 893 5869 Gtt.
955 5806 1165 5868 XXX.

1802 4813 1956 4867 valde
2007 4809 2206 4873 fallor,
2256 4808 2327 4861 ita
2377 4808 2735 4875 disponuntur
2780 4805 3051 4873 prephetae
3097 4805 3283 4875 verba,
3323 4817 3384 4859 ut

1801 4899 2003 4938 sensus.
2035 4880 2271 4949 patiendi
2303 4874 2525 4949 omnino
2562 4876 2787 4949 excludi
2833 4874 3296 4949 videatur._Nam,
3328 4888 3387 4927 nt

1801 4945 2125 5022 significatio
2170 4950 2383 5022 passiva
2433 4946 2642 5022 admitti
2697 4956 2899 5013 posset,
2930 4945 3037 5022 __qui
3068 4945 3382 5022 signantur,

1800 5015 1878 5075 αι’
1896 5039 1996 5075 non
2027 5015 2235 5072 discant
2275 5018 2464 5086 legem,
2512 5015 2704 5069 Graeca
2742 5030 2805 5067 eo
2846 5016 3033 5086 ordine
3066 5016 3168 5086 legi
3221 5016 3389 5086 debv:

1800 5103 1941 5154 rent,
1977 5090 2109 5143 Τότε
2152 5081 2372 5157 φανεροὶ
2419 5085 2632 5139 ἔσονται
2676 5086 2769 5140 καὶ
2808 5084 3256 5157 σφραγιζόμενοι,
3288 5081 3385 5136 τοῦ

1805 5164 1880 5234 μὴ
1910 5159 2101 5234 μαθεῖν
2124 5156 2214 5211 τὸν
2243 5156 2426 5234 νόμον.
2455 5158 2703 5234 Arbitror
2731 5156 2897 5234 igitur
2919 5158 3014 5208 has
3042 5156 3179 5234 duas
3200 5168 3384 5234 voces,

1805 5224 2228 5305 σςρραγιζόμενοι
2262 5224 2319 5281 et
2339 5228 2522 5305 νόμον,
2567 5236 2625 5279 ιιι
2657 5227 2709 5278 in
2749 5225 2937 5281 Graeco
2966 5224 3383 5305 _exqmplari._im

1801 5294 2091 5357 iit-Latina
2137 5294 2590 5366 interpretatione
2638 5294 3057 5365 conjungendas'
3093 5307 3234 5359 esse,
3283 5294 3385 5346 huc

1802 5374 2003 5427 modo:
2038 5370 2183 5424 Tunc
2223 5367 2494 5435 manifesti
2540 5378 2717 5430 erunt,
2746 5368 2836 5436 qui
2882 5366 3153 5434 obsignant
3195 5366 3385 5432 legem,

1800 5436 2398 5517 "‘.t!€.d‘_§€9'!‘[f“"‘°l
2476 5509 2561 5517 .-
2634 5508 2647 5517 .
2725 5502 2752 5517 .

1871 5510 1983 5582 (69)
2028 5510 2189 5572 Editi,
2215 5504 2561 5584 Ἐσομὰιῌὲςιΐ
2590 5504 2777 5584 αυτοῦ.
2808 5505 2950 5558 Ἔτι.
3000 5504 3068 5556 At
3115 5517 3210 5584 sex
3250 5516 3387 5584 mss.

1798 5593 1855 5636 ut
1879 5574 1942 5635 'in
1966 5574 2251 5635 contextu.
2284 5574 2403 5632 Mox
2438 5578 2597 5632 iidem
2645 5578 2718 5630 illi
2766 5591 2861 5630 sex
2901 5590 3060 5641 tuss.,
3091 5574 3184 5629 καὶ
3219 5574 3392 5627 καλε-

1800 5669 1970 5707 σουσι.
1998 5650 2038 5704 Ε
2061 5652 2159 5713 iiti,
2192 5649 2286 5704 καὶ
2318 5649 2585 5711 καλέσεις.

2989 5801 3064 5862 16
