3808 6212
395 273 494 330 491
1341 266 1687 323 APPENDIX
1726 265 2012 323 OPEBUM
2051 264 2112 321 S.
2150 260 2402 318 BASlLll
2439 257 2674 315 MAGNI.
3541 251 3649 305 492

396 397 555 456 nuele
577 388 951 452 annuirtiatam
983 406 1086 447 nou
1115 390 1408 462 excipiunt,
1442 393 1551 447 imo
1589 393 1827 446 laborem
1857 389 1959 441 dif-

2125 385 2234 440 ιῶν
2271 388 2304 439 ὁ
2345 383 2520 447 Θεός·
2579 378 2784 449 γνῶτε,
2829 375 2997 443 ἔθνη,
3044 375 3143 428 και
3188 370 3469 442 ἡττᾶσθε.
3515 365 3650 423 Εἶτα

397 490 800 558 ﬁcultatemque
849 485 1224 540 mandatorum
1279 485 1421 540 illius
1473 485 1762 540 declinant.
1797 483 1966 546 Tunc,

2125 479 2202 542 ab;
2241 478 2368 540 τοὺς
2422 475 2498 546 μὴ
2533 471 2998 542 καταδεχομένους
3040 469 3102 521 τὸ
3148 462 3654 534 καταγγελλόμενον

397 583 589 652 inquit,
617 553 884 649 manifesti
912 585 1088 643 erunt,
1112 578 1204 648 qui
1248 577 1526 646 obsignant
1573 576 1760 646 legem,
1801 590 1863 628 ne
1892 575 1970 627 di-

2125 568 2359 643 ιράατοῦ
2424 564 2792 636 Ἐμμανουὴλ,
2821 562 2956 615 ἀλλὰ
2987 561 3049 613 τὸ
3080 559 3336 612 ἐπίπονον
3373 554 3485 608 τῶν
3517 553 3652 622 παρ’

397 684 567 728 scant.
607 673 871 727 Sermone
913 669 1058 724 enim
1100 669 1362 723 doctrina!
1403 667 1543 736 apud
1579 681 1770 720 omnes
1793 665 1966 720 disse.

2125 664 2232 717 i106
2261 659 2698 729 διατεταγμένων
2731 657 3078 716 ὲκκλίνοντας
3117 651 3390 706 ἀποτείνει
3437 649 3532 700 τὸν
3565 647 3655 699 λό-

398 766 622 826 minato,
642 761 889 816 nonnulli
917 761 1082 815 corda
1113 773 1211 814 sua
1239 756 1532 812 emendant
1559 756 1625 810 ad
1659 756 1968 826 recipienda

2125 776 2181 810 ιν.
2213 757 2369 817 Τότε,
2401 753 2554 822 φησι,
2578 748 2824 819 φανεροὶ
2849 748 3092 801 ἔσονται
3119 747 3174 797 οἱ
3199 739 3654 810 σφραγιζὸμενοι

397 859 743 923 documenta,
776 865 830 910 et
879 863 1008 908 sunt
1052 854 1217 908 veluti
1254 863 1398 906 terra
1429 850 1582 906 ferax
1623 861 1677 908 et
1717 852 1967 917 fecunda,

2125 855 2175 902 ir
2206 848 2412 916 νόμον,
2441 845 2548 898 τοῦ
2582 843 2666 912 μὴ
2708 841 2940 911 μαθεῖν.
2975 838 3084 892 Τοῦ
3113 837 3222 908 γάρ
3248 836 3406 902 λόγου
3441 833 3543 907 τῆς
3571 831 3657 884 δι-

395 951 591 1020 quippe
618 950 709 1018 qui
741 947 1136 1017 amplectantur
1159 960 1483 1009 sermonem,
1517 955 1571 1000 et
1597 945 1867 998 radicibus
1889 942 1968 997 al-

2125 939 2366 1002 ισκαλίας
2390 936 2893 1006 κατασπειρομένου
2916 935 2994 994 εἰς
3025 931 3253 991 πάντας,
3281 929 3331 979 oi
3368 925 3470 996 μὲν
3496 925 3659 992 ἀνορ-

401 1043 504 1095 tius
537 1039 697 1105 actis,
727 1054 849 1092 eum
882 1054 912 1092 a
941 1038 1111 1107 spinis
1139 1036 1395 1091 sull'ocari
1435 1052 1538 1089 non
1565 1036 1770 1100 sinant,
1796 1049 1970 1104 neque

2125 1033 2252 1086 ιῦσιν
2285 1031 2492 1085 ἑαυτῶν
2525 1030 2623 1093 τὰς
2656 1027 2882 1099 καρδίας
2926 1027 3006 1087 εἰς
3037 1022 3300 1092 ὑποδοχὴν
3330 1018 3439 1072 τῶν
3505 1016 3658 1069 διδα-

397 1133 571 1201 ipsum
597 1129 980 1186 incustoditum
1019 1129 1283 1193 habeant,
1315 1129 1449 1182 adeo
1481 1138 1538 1179 ut
1569 1127 1728 1182 facile
1753 1135 1915 1196 queat
1939 1141 1969 1180 a

2125 1124 2298 1193 μάτων
2319 1139 2332 1151 ·
2376 1121 2470 1174 καὶ
2511 1121 2648 1172 εἰσὶν
2685 1119 2874 1189 ὥσπερ
2906 1117 2978 1186 γῆ
3011 1114 3318 1185 εῦκαρπος·
3363 1107 3662 1177 οἰδεχόμε-

399 1221 618 1276 diabolo
650 1221 833 1290 diripi,
872 1220 964 1274 sed
1003 1219 1336 1272 tricesimum
1371 1228 1422 1272 et
1463 1219 1884 1287 sexagesimum,
1918 1226 1974 1270 et

2125 1231 2150 1265 ιι
2178 1212 2270 1264 τὸν
2295 1211 2472 1278 λόγον,
2503 1210 2597 1262 καὶ
2621 1210 2697 1271 εἰς
2728 1208 2889 1277 βάθος
2925 1205 3222 1277 ριζοῦντες,
3253 1202 3346 1255 καί
3378 1202 3453 1271 μὴ
3483 1215 3658 1251 κατα-

399 1311 756 1366 centesimum
783 1308 1016 1362 fructum
1040 1307 1310 1361 ferant“:
1336 1317 1546 1372 contra,
1565 1307 1798 1376 suntqui
1829 1321 1975 1372 pror-

2125 1305 2355 1373 νίγοντες
2404 1303 2508 1354 ὑπὸ
2552 1300 2824 1364 ἀκανθῶν,
2865 1301 3002 1369 μήτε
3051 1297 3360 1366 ἀφύλακτον
3416 1293 3660 1361 ἔχοντες,

399 1418 494 1457 sus
542 1401 780 1454 animum
827 1414 983 1453 suum
1034 1397 1344 1464 occludunt,
1386 1407 1538 1452 utne
1565 1397 1835 1467 excipiant
1867 1412 1975 1450 ser-

2125 1395 2564 1466 ςεὺδιὰρπαστον
2602 1389 2737 1445 εἶναι
2775 1392 2879 1443 ὑπὸ
2912 1389 3005 1442 τοῦ
3043 1388 3309 1449 διαὸόλου,
3346 1383 3483 1437 ἀλλὰ
3525 1398 3665 1450 καρ-

402 1507 640 1554 monem,
665 1491 774 1544 imo
800 1488 954 1558 quasi
986 1487 1242 1556 colligant
1286 1502 1345 1542 se
1383 1498 1546 1555 atque
1574 1489 1884 1557 obsignant,
1908 1502 1974 1541 ne

2125 1489 2441 1560 σφοροῦντες
2479 1490 2538 1540 ὲν
2575 1487 2867 1558 τριάκοντα
2902 1485 2995 1538 καί
3031 1483 3292 1554 ἑξήκοντα
3315 1479 3410 1532 καὶ
3435 1477 3658 1529 ἑκατόν·

401 1581 650 1636 veritatis
679 1594 857 1634 sermo
899 1578 1255 1648 ingrediatur.
1287 1575 1352 1630 lli
1383 1587 1560 1630 autem
1604 1577 1854 1631 dicuntur
1881 1578 1976 1630 ob-

2132 1583 2182 1634 σί
2213 1581 2268 1633 δὲ
2297 1580 2393 1633 καὶ
2423 1581 2472 1632 οἱ
2502 1579 2678 1648 πάντη
2709 1577 3088 1638 ἀποκλείοντες
3121 1572 3328 1627 ἑαυτῶν
3357 1572 3456 1641 τὴν
3481 1567 3667 1637 ψυχὴν

398 1673 624 1743 signari,
657 1671 823 1741 quiin
851 1670 1041 1738 seipsis
1072 1667 1304 1722 formam
1337 1668 1634 1723 adversarii
1659 1683 1722 1722 ac
1740 1668 1973 1738 speciem

2125 1675 2213 1746 ρδς
2242 1673 2304 1726 τὸ
2341 1673 2415 1743 μὴ
2447 1670 2850 1744 παραδέξασθαι
2881 1669 2971 1722 τὸν
2995 1669 3172 1736 λόγον,
3195 1665 3308 1719 ἀλλ’
3331 1663 3496 1716 οἱονεὶ
3525 1664 3668 1714 ἀπο*

400 1732 786 1832 θέριὶιιιειιιεε,
819 1760 873 1814 in
897 1732 1092 1829 seipsis
1119 1758 1309 1813 nolunt
1339 1758 1618 1812 Christum
1650 1732 1876 1811 formari
1901 1757 1968 1821 ",

2125 1732 2415 1837 ἑσμοῦντες,
2436 1732 2791 1828 ἑαυτοὺς-καὶ
2821 1732 3246 1833 σφραγιζδμενοι
3278 1759 3417 1825 ὑπὲρ
3445 1757 3543 1808 τοῦ
3584 1753 3666 1824 μὴ

401 1855 603 1924 quique
665 1854 898 1920 imagine
955 1850 1194 1906 caelestis
1245 1849 1456 1914 vitiata,
1504 1849 1557 1902 in
1615 1848 1727 1903 sola
1775 1849 1975 1904 terreni

405 1945 639 2013 imagine
662 1944 998 1999 oblectamur
1021 1942 1084 1994 ⁸⁸.
1115 1942 1210 1996 Est
1239 1950 1418 1996 autem
1459 1940 1543 1995 lex
1571 1941 1849 2010 obsignata
1883 1941 1980 1994 ob-

407 2034 686 2099 scuritate,
716 2041 769 2085 et
820 2041 1106 2100 propterea
1163 2032 1311 2100 quod
1365 2044 1396 2084 a
1451 2030 1783 2099 quibuslibet
1823 2030 1980 2085 facile

405 2122 563 2195 541
593 2128 902 2191 non'potest
935 2121 1052 2192 capi
1083 2139 1096 2175 :
1131 2123 1328 2190 quippe
1357 2123 1483 2190 quia
1524 2120 1833 2176 necessario
1865 2130 1979 2175 stus

407 2217 551 2269 dium
585 2213 716 2283 legis
743 2214 1166 2283 exercitatioque
1210 2213 1530 2282 requiritur.
1573 2212 1832 2282 Quisquis
1875 2213 1978 2283 igi-

409 2318 497 2361 tur
538 2306 776 2360 animum
821 2320 976 2360 suum
1019 2320 1124 2359 non
1174 2305 1418 2374 adiungit.
1457 2306 1524 2359 ad
1553 2305 1977 2372 meditationem,

406 2414 506 2454 nec
556 2399 874 2468 ignorantia:
918 2397 1192 2451 vinculum
1239 2396 1450 2450 solvere
1494 2397 1660 2466 cupit,
1708 2396 1755 2450 is
1806 2396 1979 2466 legem

405 2491 696 2559 obsignare
743 2489 984 2543 dicitur:
1025 2489 1116 2557 qui
1172 2488 1388 2543 futurus
1439 2499 1523 2542 est
1567 2487 1886 2542 manifestus
1927 2487 1980 2540 in

409 2581 755 2639 revelationis
776 2582 880 2634 die.
899 2580 1169 2635 Manifesti
1201 2581 1344 2634 enim
1372 2589 1532 2633 erunt
1560 2581 1651 2648 qui
1691 2579 1982 2649 obsignant

409 2673 602 2744 legem,
657 2689 726 2728 ue
776 2673 1006 2728 discant.
1065 2671 1344 2738 Quomodo
1395 2687 1524 2742 ergo
1582 2671 1866 2740 obsignant
1902 2675 1980 2726 le—

410 2782 530 2838 gem
562 2765 751 2832 Judaei,
802 2763 866 2820 de
897 2764 1093 2834 quibus
1128 2763 1328 2818 dictum
1378 2774 1464 2819 est
1496 2783 1509 2818 :
1541 2761 1771 2820 'Tulistis
1804 2765 1982 2820 claves

409 2869 465 2914 et
491 2873 664 2928 neque
709 2857 812 2928 ipsi
848 2855 1106 2922 introitis,
1145 2865 1201 2910 et
1231 2869 1326 2910 eos
1355 2855 1446 2925 qui
1492 2865 1721 2924 possunt
1759 2856 1984 2909 introire

411 2950 709 3020 prohibetis
734 2948 812 3001 "‘i
840 2943 1122 3015 Obsignat,
1172 2954 1231 2999 ut
1269 2959 1336 2999 ne
1371 2945 1566 3010 discat,
1605 2947 1651 2999 is
1673 2946 1766 3015 qui
1802 2960 1984 3015 gram-

2080 1857 2408 1910 ἐπεισελθεῖν
2439 1858 2530 1910 τὸν
2577 1857 2735 1926 λόγον
2778 1855 2877 1924 τῆς
2925 1852 3200 1924 ἀληθείας.
3250 1846 3667 1920 Σφραγίζεσθαι

2079 1948 2134 2000 δὲ
2159 1947 2408 2016 λέγονται
2437 1947 2549 2017 (70)
2583 1948 2633 1999 οἰ
2662 1949 2728 2017 τῇ
2765 1947 2946 2017 μορφῇ
2990 1943 3085 1996 τοῦ
3117 1940 3494 2009 ἀντικειμένου
3538 1940 3673 1990 ἑαυ-

2078 2041 2205 2102 τοὺς
2237 2037 2622 2108 ὁμοιώσαντες,
2655 2037 2750 2090 καὶ
2799 2036 2873 2106 μὴ
2924 2032 3344 2102 καταδεχόμενοι
3381 2031 3437 2082 ὲν
3476 2029 3668 2090 αὐτοῖς

2083 2129 2432 2200 μορφωθῆναι
2466 2127 2719 2198 Χριστὸν,
2750 2127 2800 2178 οἱ
2829 2123 3318 2196 παραχαράξαντες
3347 2119 3446 2189 τὴν
3474 2117 3667 2170 εἰκόνα

2079 2219 2173 2272 τοῦ
2209 2219 2556 2288 ἐπουρανίου,
2591 2217 2683 2270 καὶ
2734 2215 2869 2286 μόνῃ
2914 2215 3197 2284 χαίροντες
3247 2214 3313 2282 τῇ
3363 2209 3533 2262 εἰκόνι
3566 2207 3665 2261 τοῦ

2079 2311 2287 2382 χοϊκοῦ.
2326 2311 2720 2381 Ἐσφράγισται
2743 2310 2798 2362 δὲ
2819 2311 2848 2361 ὁ
2869 2309 3031 2378 νόμος
3066 2307 3302 2376 ἀσαφείᾳ
3332 2305 3424 2358 καί
3451 2304 3533 2374 τῷ
3551 2303 3667 2373 (71)

2084 2404 2158 2475 μὴ
2186 2403 2448 2474 εῦληπτος
2491 2398 2629 2455 εἶναι
2677 2404 2789 2463 τοῖς
2828 2399 3072 2470 τυχοῦσι,
3101 2399 3188 2452 διὰ
3217 2397 3315 2468 τὴν
3349 2397 3670 2464 ἀναγκαίως

2081 2494 2514 2566 ἐπιζητουμένην
2560 2493 2655 2546 τοῦ
2701 2494 2868 2564 νόμου
2899 2491 3228 2561 γυμνασίαν.
3273 2490 3332 2542 '0
3362 2489 3542 2541 τοίνυν
3594 2489 3670 2558 μὴ

2083 2587 2350 2649 ἐπιδιδοὺς
2406 2584 2598 2638 ἑαυτὸν
2645 2586 2711 2654 τῇ
2766 2582 2986 2653 μελέτῃ,
3041 2581 3176 2652 μηδὲ
3227 2579 3374 2632 λύειν
3425 2579 3516 2631 τὸν
3563 2579 3673 2647 τῆς

2082 2677 2304 2746 ἀγνοίας
2333 2676 2530 2747 δεσμὸν
2560 2674 2863 2744 ἐπιθυμῶν,
2912 2670 3233 2742 σφραγίζειν
3263 2670 3352 2723 τὸν
3387 2670 3551 2740 νόμον
3582 2670 3674 2722 λέ-

2081 2785 2258 2836 γεται,
2291 2767 2350 2831 ὃς
2378 2765 2824 2837 φανερωθήσεται
2853 2766 2909 2816 ὲν
2936 2767 3000 2834 τῇ
3046 2763 3230 2832 ἡμέρα
3261 2762 3358 2832 τῆς
3387 2761 3671 2814 ἀποκαλύ-

2082 2858 2246 2928 ψεως.
2282 2857 2510 2926 Φανεροὶ
2540 2857 2657 2926 γὰρ·
2679 2855 2892 2907 ἔσονται
2926 2855 2976 2906 οἱ
3011 2850 3404 2922 σφραγίξοντες
3439 2852 3532 2903 τὸν
3587 2852 3673 2903 νό-

2087 2968 2205 3021 μον,
2243 2948 2338 3002 τοῦ
2369 2950 2444 3020 μὴ
2477 2949 2689 3019 μαθεῖν.
2723 2945 2846 3009 Πῶς
2873 2939 2964 2997 οὖν
3001 2943 3360 3014 σφραγίζουσι
3384 2942 3477 2996 τὸν
3507 2943 3672 3012 νόμον

411 3043 624 3096 maticte
650 3037 1048 3095 observationis
1076 3035 1419 3091 simulatione
1446 3044 1501 3089 et
1525 3037 1741 3092 nomine
1779 3046 1981 3105 myste-

2125 3045 2134 3096 ί
2175 3042 2433 3105 Ἰουδαῖοι,
2471 3042 2600 3112 περί
2641 3033 2715 3093 ὧν
2740 3039 2974 3108 εἴρηται,
3014 3037 3096 3088 ὅτι
3128 3036 3335 3105 Ἤρατε
3365 3034 3464 3098 τάς
3494 3036 3670 3097 κλεῖς,

413 3135 492 3190 ria
526 3134 666 3187 intus
690 3131 964 3186 recondita
997 3142 1104 3183 non
1133 3128 1353 3196 detegit.
1391 3128 1454 3182 Et
1493 3129 1620 3198 quid
1657 3129 1820 3192 dicat,
1852 3144 1984 3182 con-

412 3225 588 3278 sidera
612 3239 769 3277 :num
794 3221 1010 3276 scilicet
1027 3221 1135 3275 siut
1172 3226 1357 3288 aperte
1387 3235 1544 3274 voces
1579 3218 1849 3274 Judaica:
1877 3219 1988 3273 Ea:-

411 3314 652 3385 spectabo
683 3313 871 3379 Deum,
895 3311 982 3380 qui
1002 3310 1183 3364 avertit
1209 3310 1399 3379 faciem
1443 3326 1594 3362 suam
1634 3326 1667 3362 α
1703 3309 1857 3363 domo
1889 3309 1990 3362 Ja-

411 3412 526 3465 cob.
567 3408 764 3464 Dicunt
796 3407 912 3461 haec
947 3403 1154 3459 Judaei:
1185 3402 1302 3457 Non
1349 3403 1512 3457 credo
1550 3402 1602 3455 in
1632 3400 1842 3463 Deum;
1878 3415 1986 3455 non

413 3503 638 3557 admitto
670 3497 1072 3555 Emmanuelem
1106 3514 1121 3550 :
1162 3495 1376 3549 tametsi
1409 3509 1554 3548 nunc
1582 3508 1679 3562 pro
1727 3493 1986 3548 derelicto

2085 3135 2178 3187 καὶ
2208 3133 2336 3186 οῦτει
2353 3133 2504 3186 αὐτοί
2526 3130 2856 3203 εἰσέρχεσθε,
2880 3127 3117 3190 καὶτοὺς
3140 3127 3471 3196 δυναμένους
3493 3127 3674 3180 εἰσελ-

2085 3222 2198 3275 θεῖν
2233 3222 2504 3286 κωλύετε;
2541 3220 2860 3291 Σφραγίζει,
2897 3218 2986 3272 τοῦ
3020 3218 3096 3290 μὴ
3127 3218 3339 3288 μαθεῖν,
3367 3221 3396 3272 ὁ
3426 3219 3524 3270 ἐπὶ
3561 3218 3674 3288 (ἹΞ)

2085 3313 2359 3384 προφάσει
2381 3312 2446 3384 δὴ
2472 3313 2568 3382 τῆς
2601 3310 2741 3363 κατὰ
2766 3311 2827 3363 τὸ
2853 3310 3092 3382 γράμμα
3115 3311 3400 3382 τηρήσεως
3430 3311 3508 3380 μὴ
3540 3311 3677 3362 ἀπο-

2083 3404 2377 3458 καλύπτων
2409 3404 2477 3456 τΞι
2506 3405 2563 3457 ἐν
2613 3403 2689 3474 τῷ
2738 3402 2890 3472 βάθει
2941 3403 3235 3473 μυστήρια.
3269 3401 3379 3453 Καὶ
3412 3401 3464 3452 τί
3495 3399 3674 3468 λέγει,

2085 3495 2276 3548 σκόπει
2297 3537 2310 3560 ,
2349 3497 2397 3548 εἰ
2437 3495 2516 3566 μὴ
2563 3495 2823 3567 ἄντικρυς
2865 3494 3155 3548 Ἰουδαῖκαὶ
3187 3495 3242 3546 αἰ
3271 3493 3469 3563 φωναί·
3501 3492 3680 3548 Μενῶ

413 3594 634 3659 habeor,
650 3591 938 3662 aliquando
959 3601 1136 3644 tamen
1152 3587 1518 3642 visitationem
1535 3585 1630 3641 Dei
1656 3586 1984 3656 exspectabo

2125 3586 2188 3640 ὢν
2209 3587 2358 3640 Θεὸν
2387 3587 2492 3640 τὸν
2522 3586 2988 3654 ἀποστρέψαντα
3023 3586 3090 3639 τὸ
3125 3586 3451 3653 πρόσωπον
3485 3587 3679 3639 αὑτοῦ

413 3689 505 3758 qui
538 3688 733 3742 avertit
763 3687 951 3741 faciem
977 3700 1129 3740 suam
1155 3700 1184 3736 a
1211 3683 1371 3738 domo
1398 3679 1586 3736 Jacob.

2087 3681 2208 3736 ἀπὸ
2247 3681 2355 3737 τοῦ
2391 3683 2559 3736 οἴκου
2603 3681 2825 3736 Ἰακώϐ.
2862 3681 3047 3736 Ταῦτα
3089 3681 3340 3750 λέγουσιν
3383 3681 3678 3736 Ἰουδαῖοι·

414 3787 490 3839 Οὐ
526 3785 765 3838 πιστεύω
799 3785 880 3846 εἰς
927 3782 1016 3835 τὸν
1049 3781 1213 3833 Θεόν⁶
1260 3780 1324 3832 ού
1394 3779 1618 3850 δέχομαι
1663 3779 1754 3833 τὸν
1787 3780 2166 3850 Ἐμμανουήλ·
2207 3782 2255 3832 εἰ
2287 3782 2380 3835 καὶ
2417 3781 2511 3834 νῦν
2536 3779 3055 3850 ἐγκαταλέλειμμαι,
3079 3779 3215 3832 ἀλλά
3245 3779 3391 3849 μενῶ
3417 3797 3554 3832 ποτε
3583 3780 3682 3850 τὴν

415 3879 715 3950 ἐπισκοπὴν
753 3877 846 3930 τοῦ
881 3875 1014 3929 Θεοῦ
1071 3875 1165 3928 τοῦ
1206 3874 1651 3946 ἀποστρέψαντος
1707 3875 1770 3928 τὺ
1809 3877 2100 3948 πρόσωπον
2129 3877 2294 3930 αὑτοῦ
2351 3878 2458 3930 ἀπὸ
2484 3877 2576 3930 τοῦ
2604 3877 2754 3929 οἴκου
2796 3875 3012 3930 Ἰακώϐ.

484 3973 608 4025 216.
634 3970 798 4026 Vens.
833 3971 919 4024 i8.
943 3969 1074 4023 Ecce
1111 3985 1204 4040 ego
1235 3979 1282 4022 et
1321 3971 1469 4038 pueri
1519 3987 1646 4039 quos
1684 3971 1812 4024 mihi
1842 3971 1985 4024 dedit

414 4062 577 4118 Deus.
621 4060 691 4115 Et
736 4075 884 4115 erant
926 4062 1077 4130 signa
1117 4071 1166 4114 et
1206 4070 1445 4128 portenta
1495 4062 1552 4113 in
1603 4063 1757 4115 domo
1796 4062 1983 4129 Jacob,

415 4173 450 4209 α
485 4155 714 4208 Domino
750 4152 1006 4216 Sabaoth,
1033 4152 1122 4221 qui
1143 4151 1344 4204 habitat
1367 4150 1423 4204 in
1453 4161 1624 4204 monte
1651 4149 1800 4204 Sion.
1831 4150 1986 4206 Post-

415 4262 642 4316 eaquam
676 4245 942 4315 objurgati
985 4253 1110 4298 sunt
1145 4243 1561 4312 inobsequentes
1583 4283 1598 4308 ,
1637 4251 1748 4297 tum
1773 4243 1985 4297 demum

2161 3971 2286 4026 216.
2333 3970 2476 4024 Ἰδοὺ
2517 3971 2630 4040 ἐγὼ
2667 3971 2765 4024 καὶ
2813 3971 2883 4024 τὰ
2908 3971 3132 4034 παιδία,
3173 3969 3210 4024 ἅ
3239 3987 3342 4039 μοι
3378 3969 3614 4023 ἔδωκεν
3649 3973 3682 4024 d

2095 4063 2258 4128 Θεός.
2303 4064 2412 4116 Καὶ
2453 4063 2622 4116 ἔσται
2660 4061 2879 4132 σημεῖα
2925 4063 3022 4115 καὶ
3061 4060 3274 4129 τέρατα
3312 4061 3382 4114 ἐν
3413 4059 3495 4126 τῷ
3539 4061 3683 4127 οἴκῳ

2105 4151 2331 4217 Ἰακὼϐ,
2364 4154 2521 4221 παρὰ
2540 4153 2758 4220 Κυρίου
2787 4150 3027 4204 Σαϐαὼθ
3055 4151 3188 4220 (75),
3220 4149 3288 4216 ὃς
3316 4151 3590 4203 κατοικεῖ
3615 4151 3684 4202 ἐν

2093 4241 2173 4307 τῷ
2204 4241 2328 4310 ὄρει
2373 4241 2542 4295 Σιών.
2600 4241 2753 4294 Μετὰ
2783 4240 2844 4292 τὸ
2869 4239 3190 4310 ἐλεγχθῆναι
3227 4242 3352 4303 τοὺς
3386 4241 3682 4294 ἀπειθοῦν-

419 4334 676 4389 Dominus
719 4335 912 4404 ipsein
958 4334 1174 4404 propria
1222 4348 1451 4402 persona
1497 4332 1755 4403 loquitur.
1782 4333 1860 4388 Illi
1893 4335 1984 4404 igi-

2128 4347 2210 4392 ας,
2251 4332 2370 4383 τότε
2400 4329 2583 4384 λοιπὸν
2617 4330 2779 4393 αὐτὸς
2806 4333 2834 4382 ὁ
2863 4329 3066 4401 Κύριος
3091 4330 3198 4382 ἀπὸ
3225 4329 3318 4381 τοῦ
3347 4329 3474 4382 ἰδίου
3512 4347 3682 4401 προσ-

419 4435 540 4491 tur,
580 4425 935 4495 inquit,lorti
962 4425 1142 4478 manui
1169 4431 1226 4477 et
1257 4423 1438 4477 itineri
1482 4425 1580 4477 vite
1625 4422 1803 4492 populi
1831 4423 1991 4491 hujus

419 4529 524 4569 non
559 4517 960 4584 obtemperant;
986 4517 1079 4570 sed
1110 4514 1415 4577 Dominum,
1447 4514 1537 4584 qui
1569 4514 1766 4568 avertit
1791 4514 1984 4570 faciem

418 4621 573 4661 suam
619 4621 649 4660 a
695 4607 852 4661 domo
881 4605 1047 4662 Jacob
1071 4646 1086 4671 ,
1136 4605 1434 4677 praestolari
1468 4621 1526 4660 se
1561 4605 1838 4661 simulant.
1877 4605 1990 4676 Ego

417 4710 597 4753 autem
625 4713 716 4752 eos
749 4698 839 4767 qui
893 4698 946 4751 in
997 4711 1083 4752 me
1110 4696 1376 4760 credunt,
1409 4711 1503 4750 ceu
1539 4711 1727 4750 recens
1761 4711 1986 4766 regene-

418 4798 588 4856 ratos,
615 4799 794 4844 vetere
823 4789 1036 4845 homine
1078 4797 1238 4843 exuto
1260 4798 1316 4842 et
1346 4803 1483 4843 novo
1505 4787 1693 4842 induto
1719 4788 1766 4819 ⁷ο
1787 4827 1802 4853 ,
1837 4788 1990 4857 quasi

418 4895 614 4951 pueros
645 4879 801 4934 modo
827 4879 1116 4948 genitos“,
1149 4879 1372 4934 tenellos
1395 4879 1632 4934 moribus
1665 4888 1721 4933 et
1748 4877 1870 4932 mali
1893 4894 1992 4932 ex-

417 4981 620 5042 pertes,
657 4987 719 5025 ac
751 4972 962 5026 tandem
991 4985 1019 5024 a
1056 4971 1248 5042 primis
1285 4970 1684 5048 Scripturarum
1711 4969 1992 5025 elementis

418 5079 516 5120 ceu
559 5079 589 5117 a
621 5062 756 5117 lacte
801 5061 1080 5118 submotos
1105 5101 1121 5124 ,
1167 5072 1328 5132 atque
1363 5064 1428 5116 ad
1462 5062 1837 5131 perfectiorem
1870 5075 1990 5131 my-

493 5265 536 5296 “
566 5264 732 5320 Marc.
759 5279 833 5330 tv,
868 5263 921 5318 8.
995 5263 1039 5296 ⁸⁷
1064 5262 1180 5319 Gal.
1221 5278 1292 5328 tv,
1333 5262 1420 5318 l9.
1495 5264 1540 5294 ⁸⁸
1572 5260 1738 5316 lCor.
1769 5261 1856 5325 15,
1884 5261 1976 5316 49.

489 5419 604 5493 (70)
641 5421 883 5493 Editi_et
919 5418 1542 5493 recentior_Combeli_si_i
1587 5419 1790 5484 codex,
1833 5419 1988 5488 λέγοο

420 5489 542 5562 μεν.
586 5489 738 5546 ᾺΙιει·
786 5489 1092 5546 Combelisii
1128 5490 1297 5545 codex
1344 5499 1400 5544 et
1435 5490 1527 5545 alii
1569 5498 1802 5559 quatuor
1841 5501 1899 5544 ut
1931 5493 1986 5544 in

421 5571 866 5756 l:§7“‘:;6"\'r°cteres
896 5629 1097 5701 aliQuot
1122 5630 1266 5697 libri,
1290 5629 1385 5702 τῷο
1414 5631 1552 5687 Εἰίιί
1581 5641 1632 5689 ει
1653 5630 1792 5706 “03'
1827 5647 1989 5704 qm"

514 5743 528 5769 ’
573 5739 642 5754 IV.

2095 4418 2246 4472 ώπου
2275 4420 2598 4489 διαλέγεται.
2649 4421 2874 4474 Ἐκεῖνοι
2908 4422 3006 4493 μὲν
3032 4416 3144 4485 οὖν,
3178 4421 3361 4490 φησὶν,
3390 4421 3684 4475 ἀπειθοῦσι

2089 4515 2155 4583 τῇ
2199 4514 2397 4583 ἰσχυρᾷ
2434 4513 2597 4584 χειρὶ,
2639 4514 2734 4566 καὶ
2767 4516 2831 4584 τῇ
2874 4515 3070 4584 πορεία
3109 4515 3207 4583 τῆς
3249 4513 3368 4566 ὁδοῦ
3407 4511 3504 4566 τοῦ
3551 4513 3679 4566 λαοῦ

2089 4601 2297 4654 τούτου’
2328 4603 2420 4655 καὶ
2449 4602 2869 4674 προσποιοῦνται
2903 4605 3191 4676 ἀναμένειν
3226 4605 3314 4658 τὸν
3347 4607 3558 4677 Κυριον
3592 4606 3680 4658 τὸν

2091 4693 2509 4764 ἀποστρέψαντα
2535 4695 2598 4747 τὸ
2622 4695 2908 4766 πρόσωπον
2938 4696 3099 4749 αὑτοῦ
3120 4698 3226 4749 ἀπὸ
3249 4696 3340 4749 τοῦ
3371 4698 3525 4749 οἱκου
3577 4698 3680 4750 Ἰα-

2095 4783 2234 4838 κώὸ.
2272 4783 2414 4853 Ἐγὼ
2437 4785 2495 4838 δὲ
2525 4789 2650 4852 τοὺς
2680 4792 2760 4852 εἰς
2791 4788 2892 4858 ἐμὲ
2916 4788 3366 4851 πεπιστευκότας,
3395 4789 3523 4858 ἄρτι
3548 4791 3681 4842 ἀνα-

2096 4877 2474 4947 γεννηθέντας,
2511 4881 2567 4931 ὲν
2587 4879 2664 4951 τῷ
2689 4879 2984 4932 ἀποθέσθαι
3006 4879 3099 4932 τὸν
3124 4879 3351 4932 παλαιὸν
3386 4878 3680 4949 ἄνθρωπον

2097 4970 2191 5022 καὶ
2214 4968 2500 5022 ἀναλαϐεῖν
2549 4971 2640 5025 τὸν
2687 4971 2826 5034 νέον,
2877 4972 3040 5025 οἱονεὶ
3099 4973 3294 5034 παῖδας
3349 4972 3676 5040 ἀρτιγενεῖς,

2096 5060 2340 5125 ἁπαλοὺς
2365 5063 2457 5117 τὸν
2486 5063 2686 5135 τρόπον
2711 5065 2808 5119 καὶ
2835 5065 3254 5136 ἀπειροκάκους,
3285 5063 3378 5117 καὶ
3407 5063 3681 5132 ἀπογεγα-

2051 5262 2096 5294 ⁶⁹
2119 5278 2251 5318 Luc.
2287 5280 2364 5332 xi,
2397 5265 2484 5321 52.
2559 5268 2605 5298 "
2635 5269 2844 5325 Cotoss.
2881 5284 2980 5334 ιιι,
3009 5269 3064 5324 9.
3102 5269 3147 5301 "
3192 5269 3210 5322 Ι
3241 5267 3381 5321 Petr.
3422 5284 3506 5331 ιι,
3552 5268 3608 5320 2.

2170 5421 2282 5494 (72)
2325 5423 2562 5492 Uterque
2587 5422 2742 5478 Colb.
2769 5433 2822 5478 et
2846 5423 2980 5493 Reg.
3009 5421 3300 5488 secundus,
3319 5425 3348 5474 ὁ
3369 5422 3485 5478 ἐπί.
3518 5424 3676 5478 Deest

2096 5493 2124 5546 ὁ
2160 5493 2364 5564 ἱιιίιιίἱίε
2397 5509 2529 5548 mss.
2565 5495 2693 5564 etin
2718 5495 2966 5564 vulgatis.

2168 5561 2280 5638 (733)
2321 5565 2540 5638 Veteres
2577 5563 2778 5633 aliquot
2821 5561 2979 5631 libri,
3017 5564 3169 5638 παρά
3204 5563 3402 5618 Κυοίοι
3451 5561 3614 5627 Θεοῦ,
3642 5576 3676 5615 α

2101 5631 2322 5688 Domino
2359 5633 2484 5687 Dea.
