3808 6212
180 322 294 380 ωδ

1038 321 1398 379 (ΞΟΜΜΕΝΤ.
1437 322 1508 377 ιΝ
1547 322 1784 380 ΙΒΑΙΑΜ
1824 325 2273 387 PROPHETAM.
2311 331 2466 389 CAP.
2507 331 2643 389 Vill.

3356 332 3465 390 ιοι

178 429 582 501 λακτισμένους
599 428 785 484 λοιπον
804 429 913 484 ἀπὸ
936 428 1044 485 τῶν
1073 429 1452 501 εἰσαγωγικῶν
1484 430 1660 502 λόγων
1689 452 1715 488 κ

1901 439 2178 496 steriorum
2221 456 2403 499 escam
2441 442 2764 515 pergentes,
2811 458 3062 512 assumo,
3099 443 3469 516 calefacioque

177 519 274 578 δπὶ
303 523 407 594 τὴν
436 520 777 594 τελειοτέραν
806 520 1011 595 τροφὴν
1046 521 1155 575 τῶν
1188 523 1502 595 μυστηρίων
1536 523 1780 596 χωροῦν-

172 627 302 675 τας,
334 611 567 676 τούτους
605 611 1063 684 προσλαϐόμενος,
1103 612 1197 666 καὶ
1230 612 1449 666 θάλπων
1488 614 1566 685 τῷ
1592 615 1779 689 κόλπῳ

174 700 281 770 τῆς
310 702 745 772 εὐσπλαγχνίας,
779 702 1042 773 προσάγω
1076 701 1153 773 τῷ
1175 703 1369 775 Πατρί.
1399 704 1477 755 Δι’
1506 705 1642 776 ἐμοῦ
1666 706 1777 779 γὰρ

175 793 212 863 ἡ
241 792 365 856 ὁδὸς
403 794 505 863 τῆς
551 792 688 862 πρὸς
718 792 878 847 αὑτὸν
904 792 1254 862 ἐπιγνώσεως
1299 793 1422 847 Ὅτι
1470 794 1528 849 δὲ
1568 796 1681 868 (74)
1711 800 1776 851 ἐκ

176 885 484 957 προσώπου
518 885 615 940 τοῦ
645 885 883 958 Χριστοῦ
914 889 1052 941 εἰσιν
1073 889 1121 940 oi
1148 887 1319 956 λόγοι,
1354 888 1531 952 οὐδεὶς
1561 891 1778 963 ἀντερεῖ

173 978 287 1030 τῶν
344 979 718 1049 μεμνημένων
763 979 863 1048 τῆς
907 979 1044 1050 πρὸς
1090 979 1378 1050 Ἐϐραίους
1434 980 1774 1053 Ἐπιστολῆς⁸

177 1072 449 1139 Ἐπρεπε
478 1071 608 1140 γὰρ,
636 1075 793 1142 φησι,
828 1071 903 1123 δι’
936 1069 1008 1124 ὃν
1038 1070 1111 1125 τὰ
1129 1070 1348 1139 πάντα,
1376 1071 1475 1125 καὶ
1502 1071 1576 1125 δι’
1603 1069 1676 1130 οὖ
1707 1075 1780 1129 τὰ

176 1161 403 1228 πάντα,
438 1163 716 1229 πολλοὺς
755 1162 928 1229 υἱοὺς
958 1164 1048 1229 είς
1090 1162 1282 1227 δόξαν
1320 1164 1642 1234 ἀγαγόντα,
1672 1167 1781 1221 τὸν

175 1251 456 1322 ἀρχηγὸν
479 1252 592 1320 τῆς
612 1253 910 1322 σωτηρίας
939 1252 1038 1307 διὰ
1057 1253 1421 1324 παθημάτων
1441 1256 1774 1312 τελειῶσαι.

179 1344 245 1397 Ὅ
272 1362 340 1399 τε
366 1345 485 1415 γὰρ
509 1344 779 1415 ἁγιάζων,
825 1346 981 1418 φησὶ,
1024 1346 1125 1400 καὶ
1152 1349 1207 1401 oi
1239 1346 1610 1418 ἁγιαζόμενοι
1642 1349 1779 1419 (75),

177 1435 249 1501 ἐξ
296 1435 444 1504 ἐνὸς
486 1438 730 1505 πάντες.
797 1440 878 1494 Δι’
931 1437 1012 1508 ’ἦν
1067 1439 1266 1493 αἰτίαν
1322 1442 1435 1495 οὐκ
1486 1441 1777 1511 ἐπαισχύο

179 1546 350 1585 νεῖαι
400 1531 630 1599 αὐτοὺς
672 1533 882 1588 καλεῖν
929 1531 1257 1602 ἀδελφοὺς,
1307 1531 1531 1603 λέγων·
1581 1535 1784 1607 Ἀπαγ-

1885 529 1939 584 in
1976 532 2362 592 misericordia
2394 537 2515 591 sinu
2536 576 2552 603 ,
2587 546 2642 592 et
2673 537 2820 592 Patri
2847 536 3037 595 oll'ero.
3063 537 3170 594 Per
3209 553 3295 594 me
3320 539 3466 593 enim

1883 623 1953 677 ad
1989 624 2162 694 ipsum
2196 630 2629 696 cognoscendum
2670 630 2920 701 expedita
2957 634 3039 684 via
3073 639 3175 688 est.
3218 631 3343 687 Haec
3369 646 3468 686 au-
3501 639 3505 643 '

1884 723 1989 769 tem
2021 718 2184 773 verba
2234 719 2291 775 in
2335 719 2540 776 Christi
2589 736 2823 791 persona
2872 723 3250 793 pronuntiari,
3302 737 3467 778 nemo
3492 706 3513 793 ς’

1881 809 2199 877 negaverit,
2249 811 2343 882 qui
2396 790 2706 869 meminerit
2757 790 3011 884 Epistolas
3059 816 3126 872 ad
3158 790 3503 871 Hebraeos“

1884 895 2108 953 Decebat
2139 902 2300 968 enim,
2333 903 2545 973 inquit,
2578 921 2697 959 eum
2718 945 2733 970 ,
2778 916 2992 977 propter
3016 922 3165 977 quem
3192 907 3391 971 omnia,
3414 913 3468 960 et

1881 1005 1976 1055 per
1996 1005 2147 1059 quem
2174 995 2374 1057 omnia.
2402 996 2492 1066 qui
2518 997 2712 1051 multos
2745 996 2885 1066 ﬁlios
2909 998 2963 1051 in
2986 997 3211 1066 gloriam
3236 996 3468 1050 adduxe-

1886 1092 1993 1148 rat,
2030 1093 2299 1140 auctorem
2328 1089 2522 1143 salutis
2558 1105 2740 1144 eorum
2780 1105 2874 1159 per
2900 1089 3193 1157 passionem
3217 1105 3469 1143 consum-

1885 1187 2049 1226 mare.
2084 1172 2191 1239 Qui
2224 1176 2364 1229 enim
2387 1216 2403 1241 ,
2435 1176 2655 1246 inquit,
2700 1175 2996 1244 sanctiﬁcat
3021 1186 3067 1229 et
3099 1174 3190 1245 qui
3222 1174 3466 1241 sanctiﬁ-

1884 1274 2075 1319 cantur
2096 1308 2113 1332 ,
2168 1284 2233 1323 ea:
2266 1285 2370 1324 uno
2421 1286 2620 1325 omnes.
2666 1268 2888 1338 Propter
2918 1285 3078 1337 quam
3114 1284 3331 1323 causam
3360 1283 3467 1320 non

1883 1358 2228 1428 confunditur
2266 1362 2458 1431 fratres
2501 1379 2589 1418 eos
2636 1379 2819 1416 vocare
2844 1401 2860 1428 ,
2901 1362 3080 1415 dicens
3127 1376 3145 1413 :
3190 1357 3467 1414 Nuntiabo

1884 1465 2074 1504 nomen
2112 1461 2262 1506 tuum
2307 1454 2566 1521 fratribus
2608 1455 2755 1508 meis.
2790 1453 2859 1507 Et
2912 1455 3105 1509 iterum
3142 1469 3162 1507 :
3209 1450 3346 1507 Ecce
3372 1465 3467 1521 ego

1885 1549 1935 1592 et
1963 1543 2112 1609 pueri
2138 1561 2266 1613 quos
2304 1546 2433 1599 mihi
2467 1547 2611 1601 dedit
2638 1546 2777 1601 Deus
2798 1547 2866 1601 τ’.

179 1622 338 1695 τελῶ
402 1624 471 1679 τὸ
542 1626 732 1698 ὄνομά
773 1643 891 1684 σου
934 1627 1061 1693 τοῖς
1099 1626 1387 1696 ἀδελφοῖς
1445 1646 1566 1698 μου
1588 1646 1602 1660 ·
1646 1631 1747 1686 καὶ
1779 1632 1999 1689 πάλιν
2062 1638 2219 1694 Ἰδοὺ
2263 1639 2379 1711 ἐγὼ
2423 1640 2523 1695 καὶ
2566 1642 2639 1697 τὰ
2690 1640 2901 1695 παιδία
2936 1639 2976 1697 ἄ
3012 1658 3118 1713 μοι
3157 1640 3385 1695 ἔδωκεν
3431 1639 3469 1694 ό

181 1719 351 1786 Θεός.

248 1814 380 1870 217.
416 1816 529 1869 Καὶ
568 1813 761 1877 ἔσται,
786 1814 941 1886 φησὶ,
973 1816 1194 1887 σημεῖα
1220 1818 1319 1874 καὶ
1352 1818 1567 1888 τέρατα
1601 1820 1672 1874 ἐν
1702 1840 1715 1875 1

1952 1822 2081 1878 2l7.
2112 1820 2182 1875 Et
2213 1831 2368 1877 erunt
2388 1862 2405 1890 ,
2441 1822 2652 1892 inquit,
2681 1823 2833 1893 signa
2871 1833 2921 1877 et
2951 1832 3193 1891 portenta
3225 1823 3282 1877 in
3309 1822 3469 1877 domo

181 1904 326 1972 οἴκῳ
364 1902 583 1959 Ἰακώϐ.
610 1904 771 1973 Παρὰ
796 1903 1001 1962 τούτων
1023 1907 1133 1964 τῶν
1160 1909 1387 1964 παιδίων
1415 1910 1524 1964 τῶν
1547 1912 1779 1981 ἀναγεν-

179 1995 459 2067 νηθέντων
491 1994 596 2048 ὑπὸ
615 1993 854 2067 Χριστοῦ
881 1994 1086 2051 δυνατὰ
1118 2001 1340 2071 σημεῖα,
1377 2000 1471 2054 καὶ
1490 1999 1694 2072 τέρατα
1722 2003 1781 2055 ὲν

179 2088 258 2161 τῷ
284 2089 428 2161 οἴκῳ
478 2086 673 2143 Ἰακὼϐ
714 2088 825 2161 (76)
869 2089 1368 2163 ἐπιτελεσθήσεται.
1412 2093 1606 2147 Παιδία
1640 2089 1782 2166 ἦσαν

179 2185 230 2237 oi
252 2182 572 2247 ἀπόστολοι,
612 2185 679 2254 τῇ
716 2182 887 2254 κακίᾳ
921 2182 1305 2253 νηπιάζοντεςο
1342 2186 1391 2237 oi
1425 2185 1642 2257 πρῶτον
1682 2186 1783 2257 μὲν

180 2276 460 2347 γλώσσαις
487 2273 799 2338 λαλοῦντες,
829 2273 1037 2328 ἰδιῶται
1059 2273 1336 2346 ἄνθρωποι
1361 2277 1455 2329 καὶ
1485 2276 1779 2344 Γαλιλαῖοι,

182 2369 317 2423 πᾶσι
358 2364 609 2436 φανερὰν
634 2364 898 2437 ἐποίησαν
931 2364 1033 2436 τὴν
1062 2365 1358 2437 ἐπιδημίαν
1402 2365 1497 2420 τοῦ
1524 2368 1779 2439 Πνεύμα-

180 2476 291 2524 τος,
334 2458 437 2513 καὶ
465 2458 567 2530 τὴν
602 2457 903 2527 γενομένην
932 2458 1020 2511 ἐπ’
1046 2448 1244 2521 αὐτοὺς
1275 2455 1388 2512 τῶν
1423 2459 1781 2532 χαρισμάτων

180 2550 470 2622 διαίρεσιν,
511 2550 605 2603 καὶ
644 2549 737 2603 τὸν
776 2548 1043 2621 μερισμὸν
1086 2548 1195 2602 τῶν
1228 2549 1513 2619 γλωσσῶν.
1549 2553 1781 2607 Ἔπειτα

180 2644 427 2716 γνωστὸν
458 2646 708 2715 σημεῖον,
740 2644 769 2696 ὁ
791 2644 886 2697 ἐπὶ
912 2646 980 2716 τῇ
1019 2643 1201 2716 ὡραία
1233 2644 1377 2717 πύλῃ
1415 2644 1781 2717 καθεζόμενος

181 2738 375 2810 χωλὸς,
406 2735 561 2808 παρὰ
587 2736 796 2808 Πέτρου
833 2737 928 2790 καὶ
974 2737 1244 2801 Ἰωάννου,
1288 2738 1379 2792 διὰ
1416 2738 1516 2809 τῆς
1551 2738 1780 2811 ἐπικλή-

183 2846 321 2894 σεως
344 2828 445 2883 τοῦ
476 2828 738 2899 ὀνόματος
765 2827 859 2881 τοῦ
883 2829 1144 2901 Χριστοῦ,
1179 2830 1444 2902 ἀρτίπους
1466 2830 1778 2901 γενόμενος,

182 2921 597 2996 στερεωθεισῶν
647 2921 798 2993 αὐτῷ
852 2922 964 2994 (77)
1004 2914 1114 2976 τῶν
1142 2921 1374 2994 βάσεων.
1441 2923 1559 2993 Ἐφ’
1597 2916 1641 2991 ᾧ
1684 2923 1780 2978 καὶ

182 3013 483 3089 ἐπληρώθη
531 3015 566 3086 ἡ
614 3014 821 3069 παλαιὰ
858 3014 1187 3087 προφητεία,
1229 3017 1311 3070 ὅτι
1362 3015 1501 3071 Τότε
1526 3014 1776 3082 dicitur,

180 3109 262 3177 ὡς
281 3107 540 3177 ἔλαφος,
573 3109 608 3161 ό
637 3108 854 3178 χωλός.
899 3107 1130 3179 Σημεϊον
1173 3103 1240 3181 ἦν
1267 3109 1303 3180 ἡ
1336 3106 1566 3181 Δορκὰς,
1597 3108 1663 3161 ὲκ
1693 3124 1780 3159 νε-

1880 1912 2067 1970 lacob.
2094 1914 2178 1970 Ab
2211 1914 2364 1971 hisce
2391 1916 2577 1984 pueris
2607 1929 2637 1969 a
2680 1914 2901 1971 Christo
2936 1915 3272 1985 regeneratis
3305 1914 3467 1969 fortia

1880 2006 2032 2079 signa
2076 2015 2133 2062 et
2162 2016 2413 2078 portenta
2457 2007 2511 2061 in
2541 2007 2702 2062 domo
2737 2004 2908 2061 Jacoh
2943 2007 3193 2063 edentur.
3226 2006 3470 2062 Infantes

1882 2109 2039 2154 erant
2082 2099 2311 2170 apostoli
2344 2139 2361 2164 ,
2409 2108 2596 2170 utpote
2643 2101 2851 2156 malitia
2892 2102 3048 2173 pueri
3091 2098 3180 2167 ⁷³;
3214 2100 3305 2169 qui
3346 2099 3464 2168 pri-

1882 2204 2033 2242 mum
2106 2188 2323 2259 quidem
2376 2189 2575 2261 linguis
2622 2188 2943 2259 loquentes,
2976 2190 3223 2246 homines
3255 2188 3470 2245 scilicet

1883 2280 2062 2336 idiotas
2091 2290 2146 2336 et
2172 2279 2377 2336 Galilaai
2401 2322 2419 2349 ,
2469 2292 2650 2338 tamen
2689 2280 2925 2353 Spiritus
2966 2281 3140 2337 sancti
3169 2282 3463 2335 adventum

1882 2372 2135 2427 omnibus
2168 2372 2517 2428 manifestum
2563 2372 2956 2441 reddiderunt;
2988 2382 3154 2443 atque
3192 2372 3465 2427 donorum

1880 2461 2204 2519 divisionem
2234 2502 2251 2530 ,
2298 2463 2717 2534 linguai-umque
2762 2464 3112 2535 partitionem
3141 2475 3466 2518 concessam

1881 2555 1985 2610 sibi
2013 2554 2185 2611 fuisse
2227 2558 2591 2613 ostenderunt
2617 2555 2687 2610 ⁷⁸.
2727 2556 2932 2615 Adhtec
2962 2555 3255 2611 dilucidum
3283 2563 3338 2610 et
3363 2568 3468 2609 noo-

1882 2657 1996 2702 tum
2047 2649 2261 2718 signum
2307 2657 2393 2703 est
2443 2647 2671 2704 claudus
2727 2646 2858 2714 ille,
2900 2648 2993 2717 qui
3046 2646 3115 2701 ad
3150 2645 3467 2716 Speciosam

1879 2750 2093 2810 portam
2137 2740 2370 2806 sedens,
2420 2754 2517 2811 per
2554 2739 2958 2795 invocationem
2998 2736 3235 2793 nominis
3261 2734 3469 2792 Christi

1881 2846 1912 2886 a
1937 2830 2098 2886 Petro
2132 2842 2186 2887 et
2227 2830 2437 2887 Joanne
2479 2830 2775 2900 perfectam
2810 2831 3006 2899 pedum
3045 2830 3335 2886 sanitatem
3362 2828 3465 2883 ob-

1882 2923 2064 2989 tinuit,
2091 2921 2321 2977 (irmatis
2363 2922 2535 2993 ipsius
2566 2920 2729 2994 552
2763 2921 2963 2993 plantis
2996 2937 3061 2978 ac
3091 2922 3361 2978 roboratis
3392 2920 3464 2978 ⁷⁸.

1880 3015 1938 3071 In
1981 3030 2089 3085 quo
2137 3012 2292 3084 signo
2351 3012 2617 3083 completa
2671 3022 2756 3068 est
2799 3024 2954 3068 vetus
2991 3012 3081 3067 illa
3124 3010 3412 3082 prophetia
3447 3026 3465 3042 ο

1884 3103 1929 3159 Τ
1932 3121 2032 3159 unc
2064 3104 2236 3170 saliet,
2270 3114 2325 3157 ut
2345 3119 2556 3170 cervus,
2581 3102 2802 3159 claudus
2842 3104 2912 3156 ⁷⁸.
2939 3102 3163 3173 Signum
3192 3114 3312 3157 erat
3337 3102 3470 3158 Dor-

182 3199 331 3271 κρῶν
360 3198 710 3271 ἐγειρομένη.
744 3200 977 3270 Σημεῖον
1010 3194 1080 3271 ἦν
1119 3200 1178 3253 αἱ
1222 3198 1438 3272 σιδηραῖ
1480 3188 1649 3253 ίπύλαι
1681 3215 1715 3251 τ

1901 3213 2018 3265 :as,
2055 3212 2086 3251 a
2133 3200 2363 3251 mortuis
2402 3195 2636 3252 excitata
2676 3196 2744 3251 ⁷⁷.
2802 3193 3027 3267 Signum
3078 3197 3231 3250 luere
3274 3194 3469 3250 ferreas

182 3290 458 3361 φυλακῆς,
514 3288 839 3360 αὐτομάτως
885 3287 1311 3359 ὑπανοιγόμεναι
1366 3290 1433 3359 τῇ
1478 3286 1642 3359 ἐξόδῳ
1682 3285 1778 3340 τοῦ

180 3382 425 3456 Πέτρου*
456 3381 526 3437 τὰ
574 3380 750 3453 δεσμὰ
802 3362 1069 3453 λυόμενα·
1119 3382 1215 3436 καὶ
1249 3381 1351 3435 ὅσα
1381 3379 1519 3435 ἄλλα
1549 3379 1639 3434 διὰ
1668 3379 1778 3433 τῶν

181 3475 503 3530 ἀποστόλων
547 3476 762 3545 ἐγίνετο
802 3477 881 3540 είς
921 3474 1227 3547 φανέρωσιν
1259 3472 1362 3544 τῆς
1394 3473 1648 3546 θεότητος
1681 3470 1776 3525 τοῦ

180 3564 547 3635 Μονογενοῦς.
596 3565 779 3618 Ταῦτα
811 3564 869 3618 δὲ
907 3565 1085 3619 πάντα
1118 3563 1188 3618 τὰ
1222 3565 1424 3635 σημεῖα
1456 3564 1549 3617 καὶ
1572 3564 1779 3635 τέρατα

183 3659 340 3729 παρὰ
366 3657 482 3727 (78)
507 3655 642 3710 Θεοῦ
666 3658 783 3710 ἐστι
815 3654 1071 3722 Σαϐαὼθ,
1098 3655 1159 3720 ὃς
1189 3657 1435 3710 κατοικεῖ
1466 3656 1525 3711 ὲν
1559 3654 1636 3727 τῷ
1660 3655 1778 3727 ὄρει

180 3749 344 3804 Σιών.
401 3749 537 3805 Θεὸν
588 3747 816 3804 Σαϐαὼθ
862 3748 955 3803 τὸν
1002 3748 1134 3803 Θεὸν
1178 3748 1287 3803 τῶν
1322 3747 1592 3821 στρατιῶν
1639 3750 1778 3802 νοεῖν

180 3843 458 3914 προσῆκε.
490 3842 585 3907 Τίς
610 3842 669 3895 δὲ
699 3842 855 3907 ἄλλος
892 3841 1001 3896 τῶν
1036 3840 1307 3914 στρατιῶν
1329 3840 1554 3912 Κύριος,
1591 3839 1624 3911 ἢ
1651 3840 1679 3892 ὁ
1699 3839 1781 3893 λε-

180 3936 419 4007 γόμενος
444 3935 881 4008 ἀρχιστράτηγος
904 3935 1015 4007 (79)
1054 3936 1152 4007 τῆς
1176 3934 1461 4005 δυνάμεως
1497 3933 1591 3986 τοῦ
1617 3932 1776 3997 Θεοῦ,

181 4025 319 4096 παρ’
347 4018 410 4077 οὗ
435 4024 644 4079 δέδοται
668 4024 739 4079 τὰ
766 4028 969 4096 σημεῖα
986 4027 1103 4088 τοῖς
1128 4023 1389 4089 παιδίοις;
1427 4023 1549 4077 Ὅτι
1576 4021 1633 4076 δὲ
1659 4040 1780 4077 παι-

178 4114 271 4169 δία
318 4115 370 4167 οί
409 4115 490 4177 εἰς
521 4113 757 4186 Χριστδν
794 4114 1245 4179 πεπιστευκότες,
1270 4113 1430 4185 δῆλον
1464 4113 1564 4184 μὲν
1590 4114 1684 4167 καὶ
1712 4115 1778 4167 ἐκ

178 4205 276 4260 τοῦ
312 4207 593 4278 είρηκὲναι
618 4205 711 4260 τὸν
735 4206 938 4277 Κύριον
964 4206 1094 4279 περὶ
1125 4206 1235 4260 τῶν
1265 4205 1560 4259 αἰνούντων
1590 4204 1775 4268 αὑτὸν,

179 4297 281 4352 καὶ
322 4297 610 4366 λεγόντων.
664 4298 925 4353 Ὡσαννά
973 4298 1044 4352 ὲν
1091 4296 1217 4364 τοῖς
1265 4296 1576 4366 ὑψίστοις,
1638 4294 1776 4367 πρὸς

178 4392 312 4455 τοὺς
354 4388 644 4454 Ἰουδαίους
668 4391 795 4454 τοὺς
811 4389 1065 4454 εἰπόντας
1092 4387 1244 4459 αὐτῷ
1262 4405 1275 4418 ⁸
1312 4390 1435 4442 Οὐκ
1458 4387 1698 4453 ἀκούεις
1720 4387 1778 4439 τι

179 4479 255 4541 οὗ
263 4499 353 4537 τοι
378 4482 708 4554 λέγουσιν;
737 4483 860 4536 Ὅτι
883 4482 952 4537 ἐκ
972 4483 1271 4551 στόματος
1290 4480 1525 4549 νηπίων
1549 4479 1648 4533 καὶ
1674 4482 1777 4547 οη-

1881 3289 2120 3346 carceris
2146 3297 2316 3360 portae
2339 3287 2409 3353 ⁷⁸,
2438 3302 2503 3341 ex
2536 3302 2593 3343 se
2625 3287 2758 3359 ipsis
2804 3288 2858 3343 in
2903 3286 3049 3342 Petri
3088 3272 3318 3357 egiessu
3366 3286 3465 3341 ad-

1880 3389 2081 3452 aperta
2102 3420 2118 3447 ,
2153 3379 2369 3435 vincula
2401 3379 2601 3445 soluta,
2633 3391 2690 3435 et
2722 3394 3058 3451 quaecunque
3088 3379 3214 3444 alia,
3249 3392 3369 3447 qua:
3396 3379 3468 3433 ab

1881 3472 2141 3544 apostolis
2175 3482 2326 3542 gesta
2372 3480 2500 3526 sunt
2532 3471 2601 3525 ad
2633 3470 3017 3526 declarandam
3061 3468 3336 3540 Unigeniti
3382 3469 3471 3523 di-

1882 3563 2185 3616 vinitatem.
2243 3558 2370 3615 Haec
2422 3569 2602 3615 autem
2657 3559 2812 3631 signa
2873 3574 2939 3615 ac
2989 3559 3234 3631 prodigia
3281 3558 3466 3614 omnia

1879 3654 2025 3710 facta
2066 3663 2197 3709 sunt
2250 3668 2284 3709 a
2333 3652 2444 3710 Deo
2489 3652 2729 3708 Sabaoth
2759 3693 2776 3721 ,
2826 3653 2920 3723 qui
2948 3652 3157 3708 habitat
3192 3652 3245 3706 in
3277 3662 3464 3709 monte

1881 3746 2035 3803 Sion.
2080 3745 2190 3800 Par
2230 3744 2398 3800 fuerit
2444 3743 2613 3800 Deum
2659 3743 2901 3814 Sabaoth
2946 3745 3115 3800 Deum
3159 3743 3468 3815 intelligere

1879 3841 2245 3897 exercituum.
2293 3838 2427 3907 Quis
2475 3849 2660 3896 autem
2704 3839 2846 3895 alius
2894 3840 3237 3895 exercituum
3276 3839 3465 3894 Domi-

1879 3947 2003 3997 nus,
2031 3931 2134 3986 nisi
2161 3931 2255 4001 qui
2284 3931 2483 3986 dicitur
2509 3932 2765 4002 princeps
2795 3931 3005 3988 militia:
3035 3933 3250 3989 virtutis
3279 3935 3376 3991 Dei
3395 3934 3466 4001 ⁷⁸,

1881 4039 1912 4077 a
1946 4037 2055 4092 quo
2093 4025 2219 4078 data
2251 4032 2378 4077 sunt
2422 4023 2608 4094 pueris
2658 4024 2851 4095 signa?
2892 4024 3031 4082 Hinc
3067 4036 3248 4082 autem
3295 4028 3467 4097 liquet

1879 4129 1975 4170 eos
2009 4114 2101 4186 qui
2152 4114 2205 4167 in
2243 4111 2525 4169 Christum
2556 4115 2861 4180 l,credidere
2886 4157 2902 4184 ,
2940 4134 3138 4189 pueros
3179 4120 3467 4189 appellari,

1878 4206 2025 4280 quod
2069 4207 2331 4264 Dominus
2375 4222 2539 4264 causa
2567 4222 2755 4264 eorum
2794 4210 2885 4281 qui
2930 4211 3106 4281 ipsum
3142 4211 3463 4279 laudabant,

1879 4312 1945 4353 ac
1977 4298 2553 4355 dicebant:Hosanna
2597 4300 2654 4354 in
2692 4301 3004 4371 altissimis,
3040 4301 3243 4359 Iudaeis
3285 4304 3335 4359 ei
3376 4305 3466 4360 dl-

1880 4391 2149 4457 centihus,
2186 4390 2313 4447 Non
2350 4393 2507 4447 audis
2531 4393 2658 4465 quid
2697 4394 2787 4447 isti
2816 4394 3040 4449 dicunt?
3066 4395 3410 4466 responderit
3447 4416 3462 4452 :

1880 4480 1967 4538 Ea:
1992 4500 2081 4539 ore
2111 4485 2399 4556 infantium
2427 4495 2477 4541 et
2500 4485 2809 4540 lactentium
2840 4487 3106 4556 ρει-[θείειὶ
3135 4487 3346 4543 laudem
3387 4489 3462 4545 “.

509 4540 846 4645 κατηρτίσω
873 4540 1475 4647 αἶνον.’Νηπίους“γὰρ
1501 4574 1618 4626 ἐκεῖ
1648 4567 1715 4625 εἷς

1905 4575 1997 4631 llic
2033 4577 2178 4632 enim
2227 4577 2464 4634 infantes
2502 4578 2717 4633 vocavit
2760 4592 2889 4644 eos,
2919 4580 3037 4649 qui.
3064 4582 3222 4636 cmsis
3256 4582 3467 4653 palma-

178 4670 311 4733 τοὺς
334 4669 632 4739 τέμνοντας
663 4667 733 4721 τὰ
770 4666 896 4738 βάῖα
921 4666 1029 4721 τῶν
1058 4665 1317 4736 φοινίκων
1354 4665 1449 4719 καὶ
1476 4662 1547 4718 τὰ
1576 4663 1769 4736 ἱμάτια

182 4758 565 4833 στρωννύντας
599 4760 658 4813 ὲν
684 4760 764 4830 ,τῇ
794 4755 918 4828 ὁδῷ,
946 4757 1041 4811 καὶ⁵
1067 4756 1195 4821 τοὺς
1216 4754 1522 4828 κράζοντας
1559 4756 1652 4809 καὶ
1683 4755 1769 4809 δο-

249 4948 302 4980 "
335 4945 501 5002 Hebr.
541 4962 602 5008 ιι.
628 4944 818 5008 10-13ς
851 4943 993 4999 Psal.
1038 4960 1146 5009 xxi,
1173 4943 1311 5017 9.3;“
1340 4945 1440 5017 lsa.
1473 4958 1593 5008 vm,
1631 4942 1715 5017 l8.

1901 4939 2039 5017 Cor.
2059 4956 2170 5007 xiv,
2201 4940 2304 5017 20._
2369 4943 2551 5017 "Act.
2582 4960 2640 5009 ιι,
2670 4944 2705 4999 ὁ
2742 4960 2863 5017 sqq.

183 5019 229 5052 "
258 5017 366 5074 lsa.
413 5033 580 5083 xxxv,
616 5017 672 5072 5.
747 5018 791 5049 "
818 5022 935 5071 Act.
985 5031 1061 5078 Ix,
1102 5020 1193 5070 40.
1270 5014 1315 5045 ⁷⁸
1368 5016 1488 5069 Act.
1540 5030 1611 5067 λιι
1639 5055 1654 5079 ,
1689 5011 1776 5068 10.

316 5139 637 5208 ἢνῦοάιοθε
665 5134 1043 5208 nonnulli,_6_ct
1077 5131 1199 5208 γᾴρ.

277 5202 373 5280 75)
401 5207 479 5263 lta
507 5223 639 5280 mss.
666 5204 1070 5280 οηιιιεεηξὶᾱίιί,
1096 5202 1350 5280 οιᾶγιαζό

181 5273 336 5357 editi,
352 5273 564 5357 absab;
582 5275 848 5357 ἀδελφοὺς
878 5274 1078 5345 λέγειν.
1108 5273 1581 5357 ξᾼπαγςγελῴἕάρν
1606 5273 1762 5344 φησὶ.

182 5353 243 5408 τὸ
279 5352 579 5422 ὄνομα.νῶ
603 5351 788 5422 nostri
810 5362 907 5422 se;
924 5359 1071 5422 _ms_s_.
1113 5347 1209 5409 ita,
1242 5355 1301 5422 u_t
1332 5347 1622 5422 edidimus.

1880 4682 2000 4723 rum
2032 4670 2220 4735 ramis,
2245 4670 2694 4740 vestimentisque
2720 4670 2773 4725 in
2802 4672 2884 4725 via
2901 4672 3109 4737 stratis,
3132 4672 3464 4741 clamabant,

1876 4772 1943 4813 ac
1990 4773 2116 4815 eum
2162 4760 2415 4831 gloriosis
2459 4776 2524 4818 ac
2572 4761 2889 4819 honoriﬁcis
2930 4765 3111 4820 verbis
3167 4782 3467 4838 proseque-

2943 4945 2995 5021 ’ξ
3016 4952 3134 5021 Act.
3168 4964 3252 5013 ιιι,
3276 4948 3313 5003 2
3334 4964 3462 5021 sqq.

1890 5012 1938 5045 "
1982 5015 2097 5067 Jos.
2128 5027 2197 5079 ν,
2244 5013 2332 5073 14.
2408 5014 2671 5071 "Matth.
2710 5012 2946 5082 ιχῐζίό,
2975 5018 3063 5072 16.

1941 5128 2056 5209 (79)
2097 5128 2224 5209 llaec
2255 5138 2441 5209 gerba,
2469 5134 2498 5187 ὁ
2522 5132 2813 5209 λεγομενος
2841 5133 3306 5206 ἀρχιστράτηγος.
3327 5144 3462 5203 etc.,

1426 5220 1542 5290 νος.
1568 5203 1762 5290 Statim
1867 5204 1960 5290 qui
2002 5202 2197 5290 dicitur
2231 5202 2727 5290 p‘finfepsmilitiie,
2772 5202 3344 5290 (ειεξξξυιιξιιιειειιιιξ
3390 5202 3464 5262 et

1870 5271 1988 5327 Jos.
2022 5286 2079 5338 ν,
2127 5271 2216 5326 ﬂ.
2254 5272 2364 5329 Sed
2407 5274 2501 5338 ibi,
2535 5284 2593 5329 ut
2631 5284 2785 5329 notat
2827 5271 3207 5338 (Iombeliéius,
3244 5276 3461 5332 videtur

1875 5344 2055 5415 potius
2092 5342 2332 5415 angelus,
2370 5343 2677 5414 designari,
2731 5361 2896 5415 quam
2955 5347 3071 5415 ipse
3122 5346 3215 5401 Dei
3262 5346 3456 5403 Filius.

251 5405 574 5496 (76)Ἐιιὶιί,
614 5418 710 5473 τοῦ
751 5414 970 5472 Ἰακώϐ.
1001 5415 1170 5472 Abest
1195 5405 1293 5469 τοῦ
1343 5430 1374 5470 a
1423 5416 1629 5471 nostris
1668 5428 1715 5470 st

1901 5412 2029 5495 {uod
2065 5405 2255 5496 eodem
2282 5414 2372 5470 illo
2416 5405 2616 5496 inloco
2654 5405 2850 5496 ait-vir
2872 5405 3243 5496 doc'ti_s..i_n_ius,
3279 5415 3455 5496 Quse-

182 5495 481 5549 codicibus.

252 5564 369 5635 (77)
400 5561 751 5635 Antiquise;
782 5558 929 5635 libri,
958 5556 1138 5635 autc}.
1171 5556 1551 5635 Ειιξιίηαὺτου.

250 5627 754 5707 (78)_l£t_liti'xal_1&
776 5630 984 5707 τέρατα
1002 5627 1154 5702 παρὰ
1180 5627 1300 5707 τοῦ.
1333 5628 1536 5707 Desunt
1554 5628 1612 5683 in
1635 5642 1763 5682 mss.

184 5698 422 5775 art'ictiti.
454 5703 606 5761 Haud
652 5703 812 5775 lange
841 5698 1011 5768 'editi,
1053 5698 1343 5773 προσήκει.
1386 5700 1454 5756 At
1491 5715 1586 5756 sex
1632 5715 1761 5757 mss.

182 5774 482 5848 προσῆκεν.

1876 5483 2025 5556 bium
2054 5498 2185 5556 voce
2212 5483 2654 5556 ἀρχιστράτηγος
2687 5486 2922 5541 libenter
2950 5490 3051 5552 uti,
3090 5488 3145 5542 id
3180 5502 3268 5543 me
3296 5487 3459 5544 facile

1879 5551 2130 5627 adducit,
2176 5551 2490 5627 ut'cijedam
2528 5551 2687 5624 hujus
2715 5551 3107 5612 Connnentarii
3139 5568 3459 5627 auctorem,

1879 5632 1939 5677 ut
1967 5622 2069 5676 alia
2120 5624 2421 5696 permulta,
2462 5626 2533 5682 ita
2572 5622 2694 5681 eam
2733 5642 2921 5684 vocem
2966 5630 3034 5685 ab
3070 5627 3306 5689 Eusebio
3340 5622 3462 5685 tua;

1880 5701 2090 5751 tuatum
2117 5708 2258 5751 esse.
