3808 6212
392 279 490 334 MM

1339 270 1684 328 APPENDIX
1723 269 2008 327 OPEBUM
2048 269 2109 325 S.
2146 264 2398 323 BASlLll
2436 261 2670 320 MAGNL

3538 255 3649 310 492

393 401 552 460 nuele
575 392 948 455 annuittiatam
980 411 1083 451 non
1112 395 1405 466 excipiunt,
1440 397 1548 451 imo
1586 397 1824 450 laborem
1853 393 1956 446 dif—

2130 389 2232 445 ιῶν
2267 393 2301 443 ὁ
2342 387 2517 451 Θεός’
2577 382 2780 453 γνῶτε,
2826 380 2994 448 ἔθνη,
3041 379 3140 432 και
3185 375 3464 446 ἡττᾶσθε.
3511 370 3650 428 Εἶτα.

394 494 797 562 ﬁcultatemque
845 490 1222 545 mandatorum
1276 489 1418 544 illius
1470 489 1759 544 declinant.
1793 487 1964 550 Tunc,

394 587 586 656 inquit,
615 583 881 653 manifesti
909 590 1085 647 erunt,
1109 582 1200 652 qui
1245 581 1524 651 obsignant
1571 581 1756 650 legem,
1798 594 1861 632 ne
1889 579 1966 632 di-

395 688 564 732 scant.
605 678 868 731 Sermone
910 673 1056 728 enim
1097 673 1359 728 doctrina:
1401 671 1540 740 apud
1576 685 1767 725 omnes
1790 670 1964 724 disse-

395 770 620 831 minato,
640 765 886 820 nonnulli
914 765 1080 820 corda
1111 778 1208 818 sua
1237 761 1529 816 emendant
1556 761 1622 814 ad
1657 760 1966 830 recipienda

394 864 740 927 documenta,
773 869 827 914 et
876 868 1006 913 sunt
1049 859 1214 912 veluti
1251 867 1395 911 terra
1426 855 1580 910 ferax
1620 865 1674 912 et
1714 856 1964 922 fecunda,

393 955 588 1024 quippe
616 955 706 1023 qui
738 952 1133 1022 amplectantur
1156 965 1480 1014 sermonem,
1514 959 1568 1004 et
1595 949 1864 1002 radicibus
1885 947 1964 1001 al-

398 1047 501 1100 tius
534 1044 695 1109 aclis,
724 1058 846 1096 eum
880 1058 908 1096 a
937 1042 1108 1111 spinis
1137 1040 1392 1095 sull'ocari
1432 1056 1534 1094 non
1562 1041 1768 1104 sinant,
1793 1053 1967 1109 neque

395 1137 568 1205 ipsum
594 1134 978 1190 incustoditum
1016 1133 1280 1197 habeant,
1312 1134 1446 1186 adeo
1478 1143 1534 1184 ut
1565 1131 1724 1186 facile
1750 1141 1912 1200 queat
1937 1145 1966 1184 a

396 1225 615 1281 diabolo
647 1225 830 1294 diripi,
869 1224 961 1278 sed
1000 1223 1332 1277 tricesimum
1369 1232 1420 1276 el
1460 1223 1882 1291 sexagesimum,
1915 1231 1972 1274 et

397 1316 753 1371 centesimum
781 1313 1013 1367 fructum
1037 1311 1308 1365 ferant“:
1333 1321 1543 1376 contra,
1563 1320 1692 1366 sunt
1707 1311 1794 1380 qui
1825 1325 1972 1377 pror-

397 1422 491 1462 sus
538 1405 776 1458 animum
824 1418 980 1457 suum
1031 1401 1341 1468 occludunt,
1382 1412 1440 1455 ut
1469 1419 1535 1456 ne
1562 1402 1832 1471 excipiant
1863 1416 1972 1454 ser-

400 1511 637 1558 monem,
663 1495 772 1549 imo
796 1493 951 1562 quasi
983 1493 1240 1561 colligant
1283 1506 1342 1546 se
1380 1503 1543 1560 atque
1571 1493 1881 1561 obsignant,
1905 1507 1971 1545 ne

398 1586 648 1641 veritatis
676 1598 854 1638 sermo
896 1583 1252 1652 ingrediatur.
1285 1579 1350 1634 Hi
1380 1591 1558 1634 autem
1601 1581 1850 1636 dicuntur
1877 1583 1973 1634 ob-

396 1677 620 1748 signari,
653 1676 820 1745 quiin
848 1674 1038 1742 seipsis
1069 1672 1300 1727 formam
1333 1672 1632 1727 adversarii
1657 1687 1719 1726 ac
1737 1673 1970 1742 speciem

397 1737 783 1836 exprimentes,
817 1765 870 1818 in
894 1737 1090 1833 seipsis
1117 1762 1306 1818 nolunt
1336 1762 1614 1816 Christum
1648 1737 1872 1815 formari
1898 1761 1964 1825 ⁸⁷,
2005 1737 2046 1794 Β

399 1859 600 1928 quique
662 1858 894 1925 imagine
952 1854 1192 1910 caelestis
1242 1853 1452 1918 vitiata,
1501 1853 1554 1906 in
1612 1853 1724 1907 sola
1773 1853 1972 1908 terreni

402 1950 636 2017 imagine
659 1948 995 2003 oblectamur
1018 1946 1082 1998 ⁸⁸.
1112 1946 1207 2001 Est
1236 1955 1415 2000 autem
1456 1944 1540 1999 lex
1567 1945 1846 2014 obsignata
1879 1945 1977 1999 ob-

404 2038 682 2103 scuritate,
713 2045 766 2090 et
817 2045 1104 2105 propterea
1161 2037 1308 2104 quod
1363 2049 1394 2088 a
1447 2034 1780 2103 quibuslibet
1819 2034 1977 2089 facile

403 2126 560 2198 541
590 2132 899 2195 nonpotest
931 2125 1050 2195 capi
1081 2144 1093 2180 :
1129 2127 1325 2194 quippe
1353 2127 1480 2195 quia
1521 2125 1830 2180 necessario
1862 2134 1976 2179 stu-

403 2222 548 2274 dium
582 2218 712 2287 legis
741 2218 1163 2286 exercitatioque
1208 2217 1527 2286 requiritur.
1571 2216 1828 2286 Quisquis
1872 2217 1975 2287 igi-

405 2321 493 2365 tur
535 2310 772 2364 animum
819 2324 973 2363 suum
1016 2324 1122 2362 non
1171 2309 1414 2378 adiungit
1454 2311 1521 2363 ad
1550 2309 1974 2375 meditationem,

403 2417 502 2458 nec
553 2402 870 2472 ignorantiae
914 2401 1189 2455 vinculum
1237 2400 1447 2454 solvere
1491 2401 1658 2470 cupit,
1705 2401 1752 2454 is
1803 2400 1976 2470 legem

403 2494 693 2563 obsignare
741 2492 981 2547 dicitur:
1021 2493 1112 2561 qui
1169 2492 1386 2547 futurus
1435 2503 1520 2546 est
1563 2491 1883 2546 manifestus
1923 2491 1977 2544 in

405 2585 752 2642 revelationis
773 2585 876 2638 die.
896 2583 1166 2640 Manifesti
1197 2585 1342 2638 enim
1369 2593 1529 2638 erunt
1557 2585 1648 2652 qui
1687 2584 1979 2653 obsignant

405 2677 600 2748 legem,
654 2692 722 2732 ne
773 2677 1002 2732 discant.
1061 2674 1341 2742 Quomodo
1392 2691 1521 2746 ergo
1579 2675 1863 2744 obsignant
1899 2679 1977 2730 le-

407 2786 527 2842 gem
559 2769 748 2836 Judazi,
799 2767 864 2824 de
895 2768 1091 2838 quibus
1125 2768 1326 2822 dictum
1375 2777 1461 2823 est
1493 2786 1506 2823 :
1547 2767 1768 2824 Tulistis
1801 2769 1979 2824 claves

407 2873 462 2918 et
488 2877 661 2932 neque
706 2861 808 2932 ipsi
845 2859 1102 2926 introitis,
1143 2869 1198 2914 et
1229 2873 1324 2914 eos
1352 2859 1444 2929 qui
1489 2870 1718 2928 possunt
1756 2860 1980 2914 introire

407 2954 706 3024 prohibetis
732 2952 810 3005 ‘9?
837 2947 1120 3019 Obsignat,
1169 2959 1229 3003 ut
1267 2963 1334 3003 ne
1369 2949 1564 3014 discat,
1603 2951 1648 3004 is
1670 2950 1763 3020 qui
1799 2964 1981 3019 gram-

409 3047 621 3100 maticae
647 3041 1044 3099 observationis
1074 3039 1416 3096 simulatione
1443 3048 1498 3094 et
1522 3041 1738 3096 nomine
1777 3051 1978 3110 myste-
2007 3080 2052 3139 ϐ

409 3138 489 3192 ria
523 3138 663 3191 intus
687 3134 961 3190 recondita
994 3147 1101 3187 non
1130 3132 1350 3200 detegit.
1388 3132 1451 3186 Et
1490 3133 1618 3202 quid
1653 3133 1816 3197 dicat,
1849 3149 1980 3187 con-

409 3229 584 3283 sidera
609 3243 766 3281 :num
791 3225 1000 3280 scilicet
1023 3225 1132 3280 sint
1169 3231 1354 3292 aperte
1384 3239 1541 3279 voces
1575 3223 1846 3278 Judaicze:
1874 3223 1984 3278 Ex-

409 3318 650 3388 spectabo
679 3317 868 3383 Deum,
892 3315 980 3384 qui
999 3314 1181 3368 avertit
1207 3314 1396 3383 faciem
1439 3331 1591 3367 suam
1631 3331 1664 3366 a
1701 3313 1855 3367 domo
1886 3313 1987 3367 Ja-

409 3415 522 3469 cob.
564 3412 762 3468 Dicunt
793 3411 908 3465 lucc
944 3407 1112 3462 Judaei
1138 3426 1152 3462 :
1182 3406 1300 3461 Non
1347 3407 1509 3461 credo
1546 3406 1599 3459 in
1628 3404 1839 3467 Deum;
1875 3420 1983 3460 non

2064 484 2199 558 πρὸς
2238 482 2365 544 τοὺς
2419 480 2495 550 μὴ
2530 475 2995 546 καταδεχομένους
3037 474 3098 526 τὸ
3145 467 3654 538 καταγγελλόμενον

2064 574 2246 648 παραυ
2265 573 2355 626 τοῦ
2420 569 2788 641 Ἐμμανουὴλ,
2818 566 2953 620 ἀλλά
2984 565 3045 618 τὸ
3077 563 3332 616 ἐπίπονον
3369 559 3478 612 τῶν
3511 558 3652 628 παρ’

2064 669 2230 723 αὐτοῦ
2258 663 2695 734 διατεταγμένων
2728 661 3076 721 ὲκκλίνοντας
3115 655 3386 710 ἀποτείνει
3434 653 3527 705 τὸν
3562 652 3654 704 λό-

2064 778 2178 831 γον.
2209 761 2366 821 Τότε,
2398 758 2551 826 φησὶ,
2575 753 2821 824 φανεροὶ
2845 753 3089 806 ἔσονται
3115 752 3170 802 ot
3196 744 3654 815 σφραγιζὸμενοι

2064 855 2172 907 τὸν
2202 853 2408 920 νόμον.
2438 849 2544 902 τοῦ
2579 847 2664 917 μὴ
2705 845 2938 916 μαθεῖν.
2973 842 3081 896 Τοῦ
3109 841 3218 912 γάρ
3245 841 3402 907 λόγου
3436 837 3537 912 τῆς
3566 836 3655 888 δι-

2065 944 2362 1006 δασκαλίας
2387 940 2890 1010 κατασπειρομένου
2913 939 2991 999 είς
3023 937 3250 996 πάντας,
3278 934 3328 984 οἱ
3365 929 3463 1001 μὲν
3489 930 3658 997 ἀνορ-

2068 1037 2249 1092 θοῦσιν
2282 1035 2489 1089 ἑαυτῶν
2523 1035 2620 1098 τὰς
2653 1032 2880 1104 καρδίας
2923 1032 3004 1092 εἰς
3033 1027 3297 1097 ὑποδοχὴν
3327 1023 3435 1078 τῶν
3497 1022 3658 1074 διδα-

2071 1129 2295 1198 γμάτων
2316 1144 2329 1156 ·
2373 1126 2467 1178 καὶ
2508 1125 2645 1177 εἰσὶν
2682 1123 2871 1194 ὥσπερ
2903 1121 2976 1190 γῆ
3008 1119 3314 1190 εῦκαρπος·
3359 1117 3408 1168 οἱ
3424 1112 3662 1182 δεχόμε-

2067 1235 2147 1270 νοι
2175 1216 2267 1268 τὸν
2292 1215 2469 1282 λόγον,
2500 1215 2594 1266 καὶ
2617 1215 2694 1275 εἰς
2725 1212 2886 1282 βάθος
2923 1210 3219 1282 ριξοῦντες,
3251 1207 3343 1260 καὶ
3375 1207 3448 1275 μὴ
3477 1220 3656 1255 κατα-

2071 1309 2352 1377 πνίγοντες
2401 1307 2505 1360 ὑπὸ
2549 1304 2821 1369 ἀκανθῶν,
2863 1305 2999 1374 μήτε
3049 1302 3356 1370 ἀφύλακτον
3413 1298 3659 1366 ἔχοντες,

2069 1401 2144 1464 ὼς
2171 1400 2561 1470 εὐδιάρπαστον
2599 1393 2734 1450 εἶναι
2771 1397 2876 1448 ὑπὸ
2909 1394 3002 1447 τοῦ
3041 1393 3305 1453 διαϐόλου,
3344 1388 3476 1442 ἀλλὰ
3517 1403 3664 1455 κάρ-

2072 1494 2438 1564 ποφοροῦντες
2476 1495 2534 1544 ὲν
2573 1491 2864 1562 τριάκοντα
2899 1490 2992 1542 καί
3027 1488 3289 1559 ἐξήκοντα
3311 1484 3406 1537 καὶ
3431 1481 3656 1534 ἑκατόν·

2073 1587 2179 1638 εἰσὶ
2210 1585 2265 1638 δὲ
2294 1585 2390 1637 καὶ
2421 1585 2470 1636 οἱ
2499 1583 2675 1652 πάντη
2705 1581 3085 1642 ἀποκλείοντες
3119 1577 3324 1631 ἑαυτῶν
3354 1576 3451 1645 τὴν
3475 1571 3665 1642 ψυχὴν

2075 1679 2211 1750 πρὸς
2239 1677 2301 1729 τὸ
2339 1678 2412 1747 μὴ
2444 1675 2847 1748 παραδέξασθαι
2879 1674 2968 1726 τὸν
2992 1673 3168 1740 λόγον,
3193 1669 3305 1723 ἀλλ’
3328 1668 3490 1720 οἱονεὶ
3519 1668 3667 1718 ἀπο-

2077 1770 2401 1842 δεσμοῦντες
2433 1771 2660 1832 ἑαυτοὺς
2693 1769 2788 1822 καὶ
2818 1766 3242 1837 σφραγιζόμενοι
3275 1763 3413 1830 ὑπὲρ
3441 1761 3538 1812 τοῦ
3579 1758 3665 1828 μὴ

2077 1861 2406 1915 ἐπεισελθεῖν
2437 1862 2528 1914 τὸν
2574 1862 2732 1930 λόγον
2775 1859 2874 1928 τῆς
2922 1857 3197 1928 ἀληθείας.
3247 1850 3665 1925 Σφραγίζεσθαι

2075 1952 2131 2004 δὲ
2157 1951 2405 2020 λέγονται
2434 1951 2546 2021 (70)
2581 1952 2631 2004 οί
2659 1953 2726 2021 τῇ
2762 1951 2943 2020 μορφῇ
2987 1948 3082 2000 τοῦ
3113 1944 3489 2014 ἀντικειμένου
3533 1945 3671 1995 ἐαυ-

2075 2043 2201 2106 τοὺς
2233 2041 2620 2113 ὁμοιώσαντες,
2653 2041 2747 2094 καὶ
2795 2040 2870 2110 μὴ
2921 2036 3339 2106 καταδεχόμενοι
3377 2035 3434 2086 ὲν
3472 2033 3667 2094 αὐτοῖς

2081 2132 2430 2204 μορφωθῆναι
2463 2131 2716 2202 Χριστὸν,
2747 2131 2797 2182 οἱ
2827 2126 3315 2200 παραχαράξαντες
3343 2123 3443 2192 τὴν
3469 2121 3664 2174 εἰκόνα

2076 2223 2170 2277 τοῦ
2205 2223 2553 2292 ἐπουρανίου,
2589 2221 2681 2274 καὶ
2732 2220 2866 2290 μόνῃ
2911 2219 3194 2288 χαίροντες
3243 2218 3310 2286 τῇ
3359 2214 3527 2266 εἰκόνι
3562 2211 3662 2264 τοῦ

2077 2315 2284 2386 χοϊκοῦ.
2323 2316 2716 2386 Ἐσφράγισται
2740 2314 2795 2366 δὲ
2817 2315 2844 2365 ὁ
2867 2313 3028 2382 νόμος
3063 2311 3299 2380 ἀσαφείᾳ
3328 2310 3420 2363 καὶ
3447 2308 3527 2378 τῷ
3546 2308 3664 2378 (71)

2081 2409 2156 2479 μὴ
2182 2407 2446 2478 εὔληπτος
2489 2403 2626 2460 εἶναι
2674 2409 2786 2468 τοῖς
2825 2403 3068 2474 τυχοῦσι,
3098 2403 3185 2456 διὰ
3214 2402 3312 2472 τὴν
3345 2401 3667 2468 ἀναγκαίως

2078 2498 2511 2570 ἐπιζητουμένην
2557 2497 2652 2551 τοῦ
2699 2498 2866 2568 νόμου
2896 2495 3225 2566 γυμνασίαν.
3271 2495 3328 2546 '0
3358 2494 3537 2546 τοίνυν
3587 2493 3666 2562 μὴ

2079 2591 2348 2654 ἐπιδιδοὺς
2403 2589 2595 2642 ἑαυτὸν
2642 2591 2708 2659 τῇ
2763 2587 2982 2657 μελέτῃ,
3039 2585 3173 2656 μηδὲ
3224 2584 3370 2636 λύειν
3421 2583 3511 2634 τὸν
3559 2583 3670 2652 τῆς

2079 2682 2300 2750 ἀγνοίας
2330 2681 2527 2752 δεσμὸν
2556 2679 2714 2732 ἐπιθυ
2725 2678 2860 2749 μῶν,
2909 2675 3230 2746 σφραγίζειν
3260 2675 3349 2727 τὸν
3384 2674 3546 2744 νόμον
3575 2674 3670 2726 λέ-

2079 2790 2255 2840 γεται,
2288 2772 2347 2836 ὃς
2375 2770 2821 2842 φανερωθήσεται
2849 2770 2906 2820 ὲν
2933 2770 2997 2838 τῇ
3043 2767 3226 2837 ἡμέρᾳ
3258 2766 3354 2836 τῆς
3383 2764 3668 2819 ἀποκαλύ-

2079 2863 2243 2933 ψεως.
2279 2862 2506 2932 Φανεροὶ
2537 2861 2654 2930 γὰρ·
2676 2859 2889 2911 ἔσονται
2923 2859 2972 2910 οἱ
3008 2855 3400 2927 σφραγίζοντες
3434 2857 3525 2908 τὸν
3579 2856 3669 2907 νό-

2085 2972 2202 3026 μον,
2240 2953 2335 3006 τοῦ
2367 2955 2440 3024 μὴ
2474 2954 2686 3024 μαθεῖν.
2720 2949 2843 3014 Πῶς
2869 2944 2961 3002 οὖν
2999 2948 3357 3018 σφραγίζουσι
3380 2946 3472 3000 τὸν
3499 2946 3668 3015 νόμον

2081 3049 2131 3102 oi
2173 3047 2430 3110 Ἰουδαῖοι,
2467 3046 2596 3116 περὶ
2638 3037 2712 3097 ὧν
2737 3044 2971 3113 εἴρηται,
3011 3042 3093 3094 ὅτι
3125 3041 3331 3110 Ἥρατε
3361 3038 3459 3102 τὰς
3486 3039 3666 3101 κλεῖς,

2082 3140 2174 3192 καὶ
2205 3138 2332 3191 οὔτε
2349 3138 2500 3190 αὐτοὶ
2523 3135 2854 3207 εἰσέρχεσθε,
2877 3132 3114 3195 καὶτοὺς
3138 3131 3465 3201 δυναμένους
3485 3130 3671 3183 εἰσελ-

2081 3226 2194 3279 θεῖν
2229 3226 2501 3290 κωλύετε;
2538 3225 2857 3296 Σφραγίζει,
2893 3222 2983 3276 τοῦ
3017 3222 3092 3294 μὴ
3123 3223 3336 3292 μαθεῖν,
3364 3225 3392 3276 ό
3421 3223 3513 3274 ἐπὶ
3550 3221 3670 3291 (ἹΞ)

2082 3318 2356 3388 προφάσει
2378 3317 2443 3388 δὴ
2469 3317 2565 3386 τῆς
2597 3315 2738 3368 κατά
2763 3315 2824 3368 τὸ
2851 3315 3088 3386 γράμμα
3112 3315 3396 3385 τηρήσεως
3425 3314 3500 3384 μὴ
3529 3314 3675 3366 ἀπο-

2081 3408 2374 3462 καλύπτων
2406 3408 2474 3460 τά
2503 3410 2560 3461 ἐν
2610 3407 2686 3478 τῷ
2735 3407 2887 3476 βάθει
2937 3406 3232 3477 μυστήρια.
3266 3405 3375 3457 Καὶ
3407 3405 3460 3456 τί
3488 3403 3671 3472 λέγει,

410 3507 636 3560 admitto
667 3501 1070 3558 Emmanuelem
1103 3518 1118 3554 :
1159 3499 1373 3553 tametsi
1407 3513 1551 3552 nunc
1579 3512 1676 3566 pro
1724 3497 1977 3552 derelicto

2130 3500 2272 3552 ιιόπει
2294 3541 2306 3564 ,
2346 3502 2394 3552 εί
2433 3499 2513 3570 μὴ
2561 3499 2819 3571 ἄντικρυς
2862 3498 3152 3552 Ἰουδαῖκαὶ
3184 3499 3239 3550 αἱ
3269 3496 3464 3567 φωναίο
3494 3496 3677 3550 Mer-(3

410 3599 631 3662 habeor,
647 3595 936 3666 aliquando
956 3605 1133 3647 tamen
1149 3591 1515 3646 visitationem
1532 3589 1626 3645 Dei
1653 3590 1977 3660 exspectabo

2130 3591 2185 3644 5r
2207 3591 2354 3645 Θεὸν
2383 3591 2489 3644 τὸν
2519 3589 2985 3658 ἀποστρέψαντα
3020 3590 3086 3643 τὸ
3123 3590 3446 3657 πρόσωπον
3478 3589 3676 3642 αὑτοῦ

410 3693 502 3762 qui
535 3691 730 3746 avertit
761 3691 948 3744 faciem
973 3704 1126 3744 suam
1152 3704 1181 3740 a
1209 3687 1368 3741 domo
1395 3684 1584 3740 Jacob.

2130 3685 2204 3740 πὸ
2245 3686 2352 3742 τοῦ
2387 3687 2556 3740 οἴκου
2601 3685 2822 3741 Ἰακώϐ.
2859 3685 3044 3740 Ταῦτα
3085 3685 3337 3754 λέγουσιν
3380 3685 3633 3739 Ἰουδαῖοι
3660 3701 3675 3715 °

411 3791 486 3842 Οὐ
523 3788 762 3840 πιστεύω
796 3787 877 3848 εἰς
924 3785 1014 3838 τὸν
1047 3784 1210 3837 Θεὸν·
1257 3784 1320 3836 οὒ
1391 3783 1616 3854 δέχομαι
1660 3783 1751 3837 τὸν
1785 3784 2130 3855 Ἐμμανουήλ
2150 3801 2163 3815 ’
2205 3786 2252 3837 εί
2283 3785 2377 3839 καὶ
2413 3785 2508 3838 νῦν
2533 3783 3052 3854 ἐγκαταλέλειμμαι,
3075 3783 3212 3836 ἀλλά
3242 3783 3388 3852 μενῶ
3413 3800 3542 3836 ποτε
3573 3785 3678 3854 τὴν

411 3883 713 3954 δπισκοπὴν
750 3881 844 3934 τοῦ
878 3879 1012 3932 Θεοῦ
1068 3879 1162 3932 τοῦ
1203 3879 1648 3950 ἀποστρέψαντος
1705 3879 1767 3933 τὸ
1806 3881 2096 3952 πρόσωπον
2126 3881 2291 3934 αὑτοῦ
2347 3882 2455 3933 ἀπὸ
2481 3881 2573 3934 τοῦ
2601 3881 2750 3934 οἴκου
2793 3879 3009 3934 Ἰακώϐ.

481 3975 605 4028 216.
633 3973 796 4029 Vrsas.
830 3975 916 4028 18.
940 3972 1071 4027 Ecce
1109 3988 1202 4043 ego
1233 3983 1279 4026 et
1319 3975 1466 4043 pueri
1516 3991 1644 4044 quos
1681 3975 1809 4027 mihi
1839 3975 1983 4028 dedit

411 4065 574 4121 Deus.
620 4063 688 4118 Et
733 4077 882 4119 erant
924 4065 1074 4134 signa
1115 4075 1164 4118 et
1203 4073 1443 4133 portenta
1493 4066 1549 4118 in
1601 4067 1754 4120 domo
1793 4066 1980 4133 Jacob,

412 4175 448 4212 α
482 4157 712 4212 Domino
747 4155 1004 4220 Sabaoth,
1031 4156 1119 4224 qui
1141 4155 1342 4208 habitat
1365 4155 1420 4208 in
1449 4165 1621 4208 monte
1647 4153 1797 4209 Sioa.
1828 4155 1984 4210 Post-

413 4264 639 4319 eaquam
673 4249 940 4318 objurgati
983 4257 1108 4302 sunt
1143 4247 1558 4316 inobsequentes
1580 4287 1595 4311 ,
1634 4255 1745 4301 tum
1769 4248 1982 4300 demum

2157 3975 2283 4030 216.
2330 3974 2473 4029 Ἰδοὺ
2514 3975 2626 4044 ἐγὼ
2663 3975 2761 4028 καὶ
2811 3975 2880 4028 τὰ
2905 3974 3128 4037 παιδία,
3169 3974 3207 4028 ἅ
3236 3992 3338 4043 μοι
3374 3973 3606 4026 ἔδωκεν
3643 3977 3678 4028 ό

2092 4067 2255 4132 Θεός.
2300 4068 2409 4120 Καὶ
2449 4067 2619 4120 ἔσται
2657 4065 2875 4136 σημεῖα
2922 4067 3019 4119 καὶ
3058 4064 3272 4133 τέρατα
3309 4065 3378 4117 ἐν
3409 4063 3489 4130 τῷ
3529 4065 3678 4131 οἴκῳ

2102 4155 2328 4221 Ἰακὼϐ,
2361 4158 2518 4226 παρὰ
2537 4157 2754 4224 Κυρίου
2783 4154 3024 4209 Σαϐαὼθ
3051 4156 3185 4224 (75),
3217 4154 3286 4220 ὃς
3313 4153 3582 4207 κατοικεῖ
3607 4154 3681 4207 ἐν

2089 4245 2170 4312 τῷ
2201 4245 2325 4314 ὄρει
2369 4246 2539 4299 Σιών.
2597 4246 2750 4298 Μετά
2780 4245 2841 4297 τὸ
2866 4243 3188 4314 ἐλεγχθῆναι
3224 4246 3350 4308 τοὺς
3383 4244 3678 4298 ἀπειθοῦν-

415 4337 673 4393 Dominus
715 4339 910 4408 ipsein
956 4337 1172 4408 propria
1220 4352 1448 4406 persona
1495 4337 1753 4407 loquitur.
1779 4337 1856 4392 Illi
1890 4339 1977 4408 igi-

2130 4351 2207 4397 ας,
2247 4335 2366 4388 τότε
2397 4333 2580 4388 λοιπόν
2614 4335 2775 4397 αὐτὸς
2803 4337 2831 4387 ὁ
2860 4334 3062 4406 Κύριος
3087 4335 3195 4387 ἀπὸ
3222 4333 3315 4386 τοῦ
3344 4333 3470 4386 ίδίου
3504 4352 3679 4403 προσ-

417 4439 536 4495 tur,
577 4429 932 4500 inquit,l‘orti
959 4428 1140 4482 manui
1167 4436 1224 4481 et
1255 4427 1436 4482 itineri
1479 4429 1576 4481 viae
1622 4426 1800 4497 populi
1828 4427 1988 4495 hujus

416 4533 522 4573 non
555 4521 958 4588 obtemperant;
983 4521 1077 4574 sed
1108 4517 1412 4580 Dominum,
1444 4519 1534 4587 qui
1566 4518 1764 4572 avertit
1789 4518 1981 4574 {aciem

416 4625 570 4665 suam
616 4625 647 4664 a
692 4612 850 4665 domo
878 4609 1044 4666 Jacob
1068 4650 1083 4674 ,
1133 4609 1431 4681 prmstolari
1465 4625 1523 4664 se
1559 4609 1836 4665 simulant.
1874 4609 1986 4681 Ego

415 4715 594 4758 autem
622 4717 713 4756 eos
747 4701 837 4771 qui
890 4702 942 4756 in
995 4715 1080 4756 me
1107 4700 1333 4756 credunt
1358 4738 1374 4764 ,
1406 4715 1501 4754 ceu
1536 4715 1724 4755 recens
1758 4716 1984 4771 regene-

2092 4423 2242 4478 ώπου
2271 4425 2594 4494 διαλέγεται.
2645 4426 2871 4478 Ἐκεῖνοι
2905 4427 3003 4497 μὲν
3029 4421 3140 4490 οὖν,
3175 4425 3358 4494 φησιν,
3387 4424 3680 4480 ἀπειθοῦσι

2086 4519 2152 4587 τῇ
2196 4519 2394 4588 ἰσχυρᾷ
2431 4518 2594 4588 χειρὶ,
2636 4518 2730 4570 καὶ
2764 4520 2827 4588 τῇ
2871 4520 3067 4589 πορεία
3105 4519 3204 4588 τῆς
3245 4517 3365 4570 ὁδοῦ
3403 4515 3498 4569 τοῦ
3539 4517 3675 4570 λαοῦ

2086 4605 2294 4659 τούτου·
2325 4607 2416 4659 καὶ
2446 4606 2866 4679 προσποιοῦνται
2899 4609 3188 4680 ἀναμένειν
3223 4609 3312 4662 τὸν
3344 4611 3549 4680 Κυριον
3581 4610 3677 4662 τὸν

2089 4697 2505 4768 ἀποστρέψαντα
2532 4699 2594 4752 τὸ
2619 4699 2905 4769 πρόσωπον
2935 4699 3096 4753 αὐτοῦ
3116 4702 3222 4753 ἀπὸ
3246 4700 3336 4753 τοῦ
3368 4702 3518 4753 οἱκου
3567 4701 3676 4754 Ἰα-

416 4803 585 4860 ratos,
612 4803 791 4848 vetere
820 4793 1034 4849 homine
1076 4800 1236 4848 exuto
1258 4802 1314 4846 et
1343 4807 1480 4847 novo
1503 4791 1690 4847 induto
1716 4793 1762 4823 ⁷⁰
1783 4831 1800 4858 ,
1834 4793 1987 4862 quasi

416 4899 611 4955 pueros
642 4883 798 4938 modo
824 4883 1114 4952 genitos“,
1145 4883 1370 4938 tenellos
1392 4883 1629 4938 moribus
1663 4892 1718 4938 et
1745 4882 1868 4936 mali
1891 4899 1988 4937 ex-

414 4986 617 5046 pertes,
654 4991 716 5029 ac
747 4976 959 5030 tandem
988 4989 1016 5028 a
1053 4975 1245 5045 primis
1282 4975 1682 5052 Scripturarum
1709 4973 1990 5029 elementis

415 5083 514 5124 ceu
556 5082 587 5121 a
617 5067 754 5121 lacte
799 5065 1077 5122 submotos
1103 5105 1118 5128 ,
1165 5075 1326 5136 atque
1361 5068 1426 5120 ad
1459 5065 1834 5135 perfectiorem
1867 5079 1986 5135 my-

2092 4788 2230 4843 κὼὅ.
2269 4788 2410 4858 Ἐγὼ
2434 4789 2491 4842 δὲ
2521 4793 2647 4857 τοὺς
2677 4796 2757 4856 εἰς
2789 4792 2888 4862 ἐμὲ
2913 4793 3363 4855 πεπιστευκότας,
3392 4792 3515 4862 ἄρτι
3539 4793 3676 4845 ἀνα-

2093 4881 2470 4952 γεννηθέντας,
2507 4885 2564 4935 ὲν
2583 4883 2660 4956 τῷ
2686 4883 2980 4936 ἀποθέσθαι
3003 4883 3095 4936 τὸν
3121 4883 3348 4936 παλαιὸν
3382 4881 3676 4952 ἄνθρωπον

2094 4974 2187 5026 καὶ
2210 4973 2496 5027 ἀναλαϐεῖν
2545 4975 2636 5029 τὸν
2684 4975 2822 5038 νέον,
2874 4975 3036 5028 οἱονεὶ
3096 4975 3290 5036 παῖδας
3345 4975 3672 5043 ἀρτιγενεῖς,

2093 5065 2336 5129 ἁπαλοὺς
2362 5067 2453 5120 τὸν
2483 5066 2682 5138 τρόπον
2708 5069 2804 5122 καὶ
2830 5068 3251 5138 ἀπειροκάκους,
3283 5067 3374 5120 καὶ
3403 5067 3677 5134 ἀπογεγα-

489 5269 532 5300 ⁸⁸
563 5269 728 5324 Marc.
755 5283 830 5334 tv,
865 5267 918 5322 8.
993 5267 1036 5299 θ’
1061 5265 1177 5322 Gal.
1218 5282 1290 5332 tv,
1331 5266 1417 5322 l9.
1492 5268 1536 5299 ⁸⁸
1569 5265 1734 5321 lCor.
1765 5264 1852 5329 15,
1881 5264 1972 5320 49.

2130 5282 2248 5322 uuc.
2284 5284 2360 5335 ιι,
2393 5269 2481 5324 52.
2556 5271 2601 5302 ⁷⁸
2632 5272 2838 5328 Cmoss.
2877 5287 2976 5338 ιιι,
3005 5272 3060 5328 9.
3098 5273 3143 5304 “
3189 5272 3207 5326 Ι
3238 5270 3377 5326 Petr.
3417 5287 3500 5334 ιι,
3545 5269 3602 5323 2.

487 5424 601 5497 (70)
638 5425 880 5497 Editi_et
916 5422 1540 5497 recen_tior_Combeﬂ_sii
1584 5424 1787 5487 codex,
1829 5423 1985 5492 λέγοο

417 5493 539 5565 μεν.
582 5493 736 5550 ᾺΙιθι·
783 5494 1088 5550 Combelisii
1125 5493 1295 5549 codex
1341 5503 1398 5548 et
1432 5493 1524 5548 alii
1566 5502 1799 5563 quatuor
1838 5504 1896 5547 ut
1927 5497 1982 5548 in

418 5575 697 5618 υοιιιρχιιι.

2167 5425 2279 5498 (72)
2321 5427 2559 5496 Uterque
2583 5425 2736 5480 Coll).
2765 5437 2818 5482 et
2842 5427 2976 5496 Reg.
3005 5426 3297 5492 secundus,
3316 5429 3344 5478 ὁ
3366 5426 3479 5482 snt.
3512 5427 3672 5482 Deest

2093 5497 2121 5549 ό
2156 5497 2206 5567 in
2241 5499 2360 5550 aliis
2393 5513 2526 5552 mss.
2561 5506 2614 5550 et
2638 5498 2688 5548 in
2713 5498 2962 5567 vulgatis.

2130 5565 2276 5646 με)
2317 5568 2536 5646 Veteres
2573 5567 2773 5637 aliquot
2817 5565 2975 5634 libri,
3014 5567 3166 5641 παρά
3203 5567 3400 5622 Κυοίοι
3447 5565 3610 5632 Θεοῦ,
3637 5580 3671 5620 a

488 5634 616 5708 (7l)_
646 5635 864 5689 Veteres
893 5633 1094 5704 aliquot
1119 5634 1263 5700 libri,
1287 5633 1382 5706 τῷ.
1411 5634 1550 5690 Ειιίιὶ
1577 5644 1628 5691 ct
1650 5633 1788 5708 Reg.
1823 5649 1986 5706 quar-
2098 5633 2318 5691 Domino
2355 5637 2480 5691 Dea.

425 5705 524 5772 lus,
559 5705 640 5758 τό.
