3808 6212
180 319 277 374 ωδ

1005 314 1364 371 COMMENT.
1403 314 1473 369 lN
1514 314 1750 372 lSAlAM
1790 317 2238 378 PROPHETAM.
2278 323 2432 380 CAP.
2474 323 2610 380 Vill.

3323 323 3431 380 λιιι

179 423 553 494 Μκτισμένους
571 422 750 476 λοιπὸν
771 421 879 476 ἀπὸ
902 422 1010 477 τῶν
1040 422 1418 492 εἰσαγωγικῶν
1451 423 1625 493 λόγων
1657 426 1745 480 καὶ

1864 431 2144 487 steriorum
2188 448 2370 489 escam
2408 434 2730 506 pergentes,
2777 449 3028 502 assumo,
3065 434 3435 506 calefacioque

179 515 261 572 ἐπὶ
287 517 379 588 τὴν
408 514 743 586 τελειοτέραν
773 513 978 587 τροφὴν
1013 514 1120 567 τῶν
1155 515 1468 587 μυστηρίων
1503 515 1745 588 χωροῦν·

174 622 285 668 τας,
315 604 535 670 τούτους
576 605 1030 676 προσλαϐόμενος,
1069 604 1163 658 καὶ
1197 605 1414 658 θάλπων
1456 607 1533 677 τῷ
1559 607 1745 680 κόλπῳ

177 695 267 764 τῆς
293 696 712 764 εὐσπλαγχνίας,
746 695 1008 765 προσάγω
1043 693 1119 765 τῷ
1141 695 1336 766 Πατρί.
1366 697 1442 747 Δι’
1473 697 1608 768 ἐμοῦ
1633 697 1743 770 γὰρ

177 785 340 856 ήὸδδς
375 787 472 856 τῆς
519 785 655 854 πρὸς
685 785 845 838 αὑτὸν
872 785 1220 854 ἐπιγνώσεως
1266 786 1388 839 Ὅτι
1437 786 1494 840 δὲ
1536 788 1647 859 (74)
1678 791 1743 842 ἐκ

178 878 450 950 προσώπου
484 878 582 932 τοῦ
614 879 849 950 Χριστοῦ
881 882 1019 932 εἰσιν
1041 881 1088 932 oi
1115 879 1285 948 λόγοι,
1321 880 1498 944 οὐδεὶς
1529 884 1744 954 ἀντερεῖ

175 971 271 1023 τῶν
321 973 684 1042 μεμνημένων
731 973 829 1040 τῆς
875 972 1011 1042 πρὸς
1058 972 1345 1042 Ἐϐραίους
1402 973 1742 1045 Ἐπιστολῆςο

180 1065 416 1131 Ἔπρεπε
444 1064 575 1133 γὰρ,
604 1069 758 1134 φησι,
795 1063 870 1115 δι’
903 1063 975 1115 ὃν
1005 1063 1078 1117 τὰ
1097 1061 1315 1130 πάντα,
1344 1063 1442 1117 καί
1469 1064 1542 1116 δι’
1571 1062 1642 1121 οὗ
1675 1067 1747 1120 τὰ

176 1154 372 1221 πάντα,
405 1156 682 1222 πολλοὺς
722 1155 895 1221 υἱοὺς
926 1157 1015 1220 εἰς
1058 1155 1248 1219 δόξαν
1288 1157 1609 1225 ἀγαγόντα,
1640 1158 1748 1212 τὸν

175 1244 421 1314 ἀρχηγὸν
445 1245 558 1313 τῆς
578 1246 877 1314 σωτηρίας
907 1245 1004 1299 διὰ
1025 1246 1388 1316 παθημάτων
1409 1248 1742 1303 τελειῶσαι.

179 1337 233 1388 '0
259 1355 316 1391 τε
340 1338 448 1407 γὰρ
473 1338 745 1408 ἁγιάζων,
792 1339 948 1411 φησί,
992 1339 1091 1392 καὶ
1119 1342 1174 1393 οἰ
1207 1338 1576 1409 ἁγιαζόμενοι
1610 1341 1746 1410 (75),

176 1428 236 1493 ἐξ
279 1429 408 1496 ἐνὸς
451 1431 698 1497 πάντες.
765 1433 846 1486 Δι’
899 1431 979 1500 ἢν
1035 1432 1233 1485 αἰτίαν
1290 1434 1402 1487 οὐκ
1453 1433 1743 1503 ἐπαισχύ-

177 1539 324 1576 νεται
370 1525 594 1592 αὐτοὺς
639 1526 848 1580 καλεῖν
896 1524 1224 1594 ἀδελφοὺς,
1275 1523 1498 1595 λέγων·
1549 1527 1752 1599 Ἀπαγ-

1852 521 1905 575 in
1944 524 2329 582 misericordiae
2361 528 2481 582 sinu
2503 568 2518 593 ,
2554 538 2608 582 et
2639 527 2786 583 Patri
2813 527 3002 586 oll‘cro.
3030 527 3136 584 Per
3176 543 3262 584 me
3287 529 3433 583 enim

1851 615 1919 668 ad
1956 616 2128 685 ipsum
2163 621 2594 686 cognoscendum
2637 621 2886 691 expedita
2925 624 3005 675 via
3041 630 3142 678 est.
3185 622 3310 677 llaec
3336 636 3434 675 au-
3469 629 3471 631 ‘

1851 715 1956 760 tem
1987 709 2151 763 verba
2201 711 2257 765 in
2301 710 2506 766 Christi
2556 727 2789 782 persona
2839 713 3216 783 pronuntiari,
3269 727 3434 767 nemo
3460 697 3479 783 ς’

1848 801 2166 868 negaverit,
2217 803 2309 872 qui
2365 805 2672 860 meminerit
2725 805 2978 874 Ερίειοίαι
3026 807 3092 862 ad
3125 781 3469 861 Hebraeos:t

1851 887 2075 943 Decebat
2107 894 2266 959 enim,
2300 895 2512 964 inquit,
2545 913 2662 949 eum
2685 936 2700 960 ,
2745 907 2959 966 propter
2984 913 3132 967 quem
3160 899 3358 960 omnia,
3382 904 3434 950 et

1848 997 1942 1046 per
1963 998 2114 1050 quem
2141 987 2341 1046 omnia.
2369 988 2459 1056 qui
2485 988 2678 1041 multos
2712 988 2852 1056 [ilics
2877 989 2930 1040 in
2953 987 3179 1056 gloriam
3203 987 3434 1039 adduxe-

1854 1084 1960 1139 rat,
1998 1085 2266 1130 auctorem
2296 1080 2489 1133 salutis
2525 1097 2707 1134 eorum
2748 1097 2840 1148 per
2867 1080 3160 1147 passionem
3184 1095 3435 1133 consum-

1853 1179 2016 1217 mare.
2051 1163 2158 1230 Qui
2192 1167 2370 1232 enim,
2403 1167 2579 1237 inquit
2606 1207 2622 1232 ,
2667 1166 2963 1233 sanctiﬁcat
2989 1176 3034 1219 et
3067 1165 3157 1236 qui
3189 1164 3433 1231 sanctiﬁ-

1853 1265 2042 1310 cantur
2064 1299 2080 1322 ,
2135 1275 2201 1313 ea:
2233 1276 2336 1314 uno
2389 1277 2587 1315 omnes.
2634 1259 2855 1328 Propter
2886 1276 3045 1327 quam
3081 1274 3298 1312 causam
3328 1273 3435 1310 non

1851 1350 2195 1419 confunditur
2234 1354 2425 1422 fratres
2469 1370 2556 1408 eos
2603 1369 2827 1418 vocare,
2869 1352 3047 1406 dicens
3095 1367 3112 1403 :
3158 1348 3434 1404 Nuntiabo

1852 1456 2040 1495 nomen
2080 1453 2229 1497 tuum
2274 1445 2532 1512 fratribus
2576 1447 2723 1498 meis.
2759 1444 2826 1496 Et
2879 1445 3072 1499 iterum
3110 1459 3130 1497 :
3177 1441 3314 1496 Ecce
3340 1456 3434 1511 ego

1853 1541 1902 1582 et
1931 1535 2080 1600 pueri
2105 1553 2234 1603 quos
2272 1537 2400 1589 mihi
2435 1538 2577 1591 dedit
2607 1537 2744 1592 Deus
2766 1537 2834 1591 τ’.

177 1614 314 1686 γελῶ
370 1617 435 1672 τὸ
506 1619 699 1690 ὄνομά
741 1637 858 1676 σου
902 1619 1028 1685 τοῖς
1067 1619 1355 1688 ἀδελφοῖς
1413 1638 1570 1690 μου’
1615 1623 1714 1677 καὶ
1747 1624 1966 1680 πάλιν·
2029 1630 2186 1684 Ἰδοὺ
2231 1631 2346 1702 ἐγὼ
2391 1632 2490 1686 καί
2533 1633 2606 1686 τὰ
2657 1631 2868 1685 παιδία
2903 1631 2943 1686 ἆ
2981 1649 3086 1702 μοι
3125 1630 3353 1685 ἔδωκεν
3399 1629 3436 1683 ὀ

178 1711 324 1777 Θεός.

235 1805 349 1862 217.
383 1809 490 1861 Kal
532 1805 728 1869 ἔσται,
754 1806 908 1878 φησὶ,
941 1809 1161 1878 σημεῖα
1189 1811 1286 1865 καί
1321 1810 1534 1880 τέρατα
1569 1813 1639 1866 ἐν
1671 1812 1745 1879 τῷ

1920 1814 2049 1869 217.
2080 1811 2150 1866 Et
2181 1823 2334 1868 erunt
2356 1853 2372 1880 ,
2409 1813 2619 1883 inquit,
2649 1814 2800 1883 signa
2839 1824 2888 1868 et
2919 1822 3159 1882 portenta
3193 1813 3250 1867 in
3277 1812 3437 1866 domo

177 1896 302 1963 οἴκῳ
337 1896 546 1951 Ἰακώϐ.
579 1897 738 1966 Παρὰ
764 1896 968 1954 τούτων
991 1900 1100 1955 τῶν
1128 1902 1354 1956 παιδίων
1383 1902 1492 1955 τῶν
1515 1905 1747 1972 ἀναγεν-

177 1987 422 2059 νηθέντων
454 1988 561 2041 ὑπὸ
584 1986 822 2060 Χριστοῦ
849 1987 1054 2042 δυνατὰ
1087 1995 1308 2063 σημεῖα,
1345 1992 1439 2045 καὶ
1458 1992 1662 2063 τέρατα
1691 1995 1748 2046 ἐν

177 2079 245 2151 τῷ
268 2082 392 2153 οἴκῳ
442 2080 640 2136 Ἰακὼό
682 2081 792 2154 (76)
837 2082 1336 2155 ἐπιτελεσθήσεται.
1381 2085 1574 2138 Παιδία
1608 2081 1750 2157 ἦσαν

178 2175 534 2240 οἰὰπόστολοι,
580 2178 647 2246 τῇ
684 2175 854 2246 κακίᾳ
890 2175 1272 2245 νηπιάζοντες·
1311 2179 1358 2229 οἰ
1394 2177 1610 2249 πρῶτον
1650 2179 1750 2249 μὲν

179 2267 424 2336 γλώσσαις
451 2267 767 2330 λαλοῦντες,
798 2266 1005 2320 ἰδιῶται
1027 2266 1304 2338 ἅνθρωποι
1330 2269 1423 2320 καί
1455 2269 1746 2334 Γαλιλαῖοι,

180 2360 296 2412 πᾶσι
333 2358 577 2429 φανεράν
603 2357 866 2429 ἐποίησαν
900 2358 1001 2428 τὴν
1031 2358 1326 2430 ἐπιδημίαν
1371 2358 1466 2412 τοῦ
1493 2360 1747 2430 Πνεύμα-

180 2467 276 2514 τος,
313 2452 402 2505 καὶ
430 2452 528 2523 τὴν
570 2449 871 2520 γενομένην
901 2451 988 2502 ἐπ’
1015 2441 1212 2513 αὐτοὺς
1244 2448 1356 2503 τῶν
1393 2451 1748 2524 χαρισμάτων

179 2541 433 2612 διαίρεσιν,
474 2543 572 2595 καὶ
613 2542 705 2596 τὸν
745 2541 1010 2613 μερισμὸν
1055 2541 1163 2594 τῶν
1198 2542 1481 2611 γλωσσῶν.
1518 2545 1748 2598 Ἔπειτα

180 2636 394 2704 γνωστὸν
424 2639 677 2708 σημεῖον,
709 2637 737 2688 ὁ
760 2636 855 2689 ἐπὶ
882 2639 948 2707 τῇ
988 2636 1169 2709 ὡραία
1201 2637 1346 2708 πύλῃ
1384 2637 1749 2708 καθεζόμενος

181 2728 347 2798 χωλὸς,
375 2729 523 2801 παρὰ
554 2729 764 2800 Πέτρου
802 2730 896 2782 καὶ
943 2730 1212 2793 Ἰωάννου,
1258 2731 1347 2784 διὰ
1385 2731 1484 2801 τῆς
1521 2730 1748 2802 ἐπικλή-

183 2836 302 2884 σεως
322 2821 410 2874 τοῦ
440 2822 706 2892 ὀνόματος
733 2819 828 2874 τοῦ
853 2821 1113 2893 Χριστοῦ,
1148 2822 1412 2893 ἀρτίπους
1435 2822 1746 2892 γενόμενος,

183 2915 564 2985 στερεωθεισῶν
616 2913 766 2985 αὐτῷ
821 2915 933 2986 (77)
973 2909 1082 2968 τῶν
1111 2914 1343 2985 βάσεων.
1410 2915 1528 2984 Ἐφ’
1566 2908 1610 2982 ᾧ
1653 2915 1748 2969 καὶ

183 3005 446 3080 ἐπληρώθη
583 3007 790 3062 παλαιὰ
828 3007 1156 3079 προφητεία,
1198 3010 1280 3062 ὅτι
1332 3008 1470 3062 Τότε
1496 3007 1744 3072 ἀλεῖται,

182 3098 251 3164 ὡς
268 3099 501 3169 ἔλαφος,
537 3103 576 3154 ό
606 3101 822 3170 χωλός.
869 3099 1100 3170 Σημεῖον
1142 3095 1210 3172 ἧν
1237 3101 1272 3172 ἡ
1306 3098 1534 3172 Δορκὰς,
1567 3100 1632 3152 ἐκ
1663 3115 1749 3150 νε·-

183 3189 310 3259 κρῶν
336 3191 678 3264 ἐγειρομένη.
714 3193 946 3262 Σημεῖον
980 3187 1049 3262 ἦν
1089 3192 1147 3245 αἱ
1192 3191 1407 3262 σιδηραῖ
1451 3179 1618 3244 πύλαι
1651 3191 1748 3260 τῆς

185 3279 423 3353 φυλακῆς,
477 3281 807 3352 αὐτομάτως
855 3279 1280 3350 ὑπανοιγόμεναι
1337 3282 1402 3350 τῇ
1447 3278 1611 3351 ἐξόδῳ
1652 3277 1747 3331 τοῦ

185 3370 392 3446 Πέτρου·
421 3375 488 3430 τὰ
537 3373 718 3446 δεσμὰ
771 3354 1038 3444 λυόμενα·
1089 3374 1184 3428 καὶ
1219 3373 1320 3426 ὅσα
1351 3371 1488 3427 ἄλλα
1518 3371 1608 3425 διὰ
1638 3371 1747 3424 τῶν

186 3464 466 3522 ἀποστόλων
510 3467 730 3537 ἐγίνετο
771 3469 850 3532 εἰς
891 3466 1196 3538 φανέρωσιν
1229 3465 1332 3535 τῆς
1365 3465 1616 3536 θεότητος
1651 3461 1746 3517 τοῦ

185 3555 508 3625 ὶίονογενοῦς.
563 3557 748 3610 Ταῦτα
781 3556 838 3610 δὲ
877 3557 1054 3610 πάντα
1089 3555 1158 3609 τὰ
1192 3557 1393 3626 σημεῖα
1426 3556 1519 3608 καὶ
1543 3556 1748 3626 τέρατα

188 3649 316 3716 παρὰ
341 3649 445 3718 (78)
471 3648 610 3703 Θεοῦ
636 3651 752 3702 ἐστι
785 3645 1040 3714 Σαϐαὼθ,
1069 3647 1128 3712 ὃς
1159 3649 1404 3701 κατοικεῖ
1437 3648 1494 3701 ὲν
1529 3646 1605 3718 τῷ
1630 3647 1746 3718 δρει

187 3737 320 3792 Σιών.
372 3741 499 3797 Θεὸν
557 3739 785 3795 Σαϐαὼθ
831 3740 926 3793 τὸν
972 3741 1104 3794 θεὸν
1149 3740 1257 3794 τῶν
1293 3739 1562 3812 στρατιῶν
1609 3742 1747 3792 νοεῖν

187 3833 424 3902 προσῆκε.
454 3835 551 3899 Τίς
579 3834 637 3888 δὲ
669 3834 825 3898 ἄλλος
862 3833 971 3887 τῶν
1007 3832 1277 3906 στρατιῶν
1300 3832 1524 3903 Κύριος,
1561 3831 1594 3902 ἢ
1621 3831 1750 3884 ὀλε-

187 3923 386 3994 γὸμενος
411 3928 851 4000 ἀρχιστράτηγος
875 3927 984 3998 (79)
1025 3927 1122 3999 τῆς
1147 3925 1432 3996 δυνάμεως
1467 3925 1561 3977 τοῦ
1587 3923 1745 3988 Θεοῦ,

188 4015 298 4082 παρ’
324 4010 379 4068 οὗ
403 4018 613 4072 δέδοται
638 4018 708 4072 τὰ
737 4021 939 4088 σημεῖα
957 4019 1073 4080 τοῖς
1099 4016 1358 4081 παιδίοις;
1397 4015 1519 4068 ’Ότι
1547 4013 1603 4067 δέ
1629 4033 1750 4067 παι-

185 4098 260 4154 δία
300 4106 344 4156 οἰ
381 4107 456 4170 εἰς
487 4107 726 4179 Χριστὸν
765 4107 1214 4171 πεπιστευκότες,
1240 4105 1400 4176 δῆλον
1435 4104 1534 4175 μὲν
1561 4105 1654 4157 καὶ
1682 4106 1748 4158 ἐκ

187 4192 266 4245 τοῦ
294 4199 562 4270 εἰρηκέναι
589 4199 680 4252 τὸν
706 4199 908 4270 Κύριον
934 4199 1065 4271 περὶ
1095 4199 1205 4252 τῶν
1236 4197 1530 4251 αἰνούντων
1560 4195 1745 4258 αὑτὸν,

189 4284 270 4338 καὶ
303 4287 580 4356 λεγόντων,
635 4291 895 4345 Ὡσαννὰ
944 4291 1014 4344 ὲν
1062 4289 1187 4356 τοῖς
1236 4289 1546 4357 ὑψίστοις,
1609 4287 1746 4358 πρὸς

188 4379 295 4442 τοὺς
333 4381 614 4445 Ἰουδαίους
638 4383 764 4446 τοὺς
782 4381 1035 4446 εἰπόντας
1064 4379 1214 4451 αὐτῷ
1233 4397 1246 4410 ⁸
1282 4382 1406 4434 Οὐκ
1428 4379 1668 4444 ἀκούεις
1691 4379 1748 4431 τί

189 4465 331 4524 οὗτοι
355 4475 678 4545 λέγουσιν;
708 4476 830 4528 Ὅτι
855 4475 922 4528 ἐκ
943 4475 1241 4543 στόματος
1261 4473 1495 4541 νηπίων
1519 4472 1618 4525 καί
1645 4473 1747 4538 οη-

1849 1904 2036 1960 Jncob.
2063 1906 2146 1960 Ab
2179 1905 2332 1961 hisce
2360 1907 2544 1975 pueris
2575 1920 2606 1958 a
2648 1905 2868 1960 Christo
2905 1905 3240 1974 regeneratis
3273 1905 3434 1958 fortia

1849 1999 2000 2070 signa
2045 2008 2100 2054 et
2131 2007 2380 2068 portenta
2426 1999 2479 2052 in
2510 1998 2670 2053 domo
2705 1995 2876 2051 Jacob
2911 1997 3161 2052 edentur.
3194 1997 3438 2051 Infantes

1850 2100 2006 2145 erant
2051 2090 2278 2160 apostoli
2313 2131 2328 2155 ,
2377 2100 2564 2160 utpote
2612 2091 2818 2146 malitia
2861 2092 3014 2163 pueri
3059 2089 3148 2156 ⁷³;
3182 2090 3272 2158 qui
3315 2089 3432 2157 pri-

1850 2195 2001 2233 mum
2074 2179 2291 2249 quidem
2345 2180 2542 2251 linguis
2591 2180 2911 2250 loquentes,
2945 2181 3190 2235 homines
3223 2178 3438 2235 scilicet

1851 2272 2030 2327 idiota:
2059 2281 2114 2327 et
2141 2271 2345 2327 Galilasi
2370 2313 2386 2339 ,
2437 2283 2618 2328 tamen
2658 2271 2893 2342 Spiritus
2934 2272 3108 2327 sancti
3138 2273 3431 2325 adventum

1851 2364 2103 2418 omnibus
2137 2363 2485 2419 manifestum
2531 2363 2924 2432 reddiderunt;
2956 2373 3122 2432 atque
3161 2362 3433 2417 donorum

1850 2453 2172 2510 divisionem
2203 2494 2219 2520 ,
2267 2454 2685 2525 linguarumque
2731 2455 3080 2526 partitionem
3110 2466 3434 2508 concessam

1850 2546 1952 2601 sibi
1982 2545 2154 2602 fuisse
2196 2549 2558 2603 ostenderunt
2586 2546 2656 2600 ⁷⁸.
2697 2547 2900 2604 Adhazc
2931 2545 3224 2601 dilucidum
3251 2553 3307 2600 et
3333 2559 3436 2598 no-

1851 2649 1965 2693 ιιιιιιι
2015 2640 2230 2708 signum
2275 2649 2362 2694 est
2412 2639 2638 2694 claudus
2696 2637 2826 2704 ille,
2870 2639 2962 2708 qui
3015 2637 3082 2690 ad
3119 2635 3435 2706 Speciosam

1849 2742 2061 2802 portam
2105 2732 2338 2797 sedens,
2389 2745 2486 2801 per
2523 2731 2926 2786 invocationem
2967 2727 3204 2783 nominis
3231 2725 3437 2782 Christi

1851 2838 1880 2876 a
1907 2822 2067 2878 Petro
2101 2833 2154 2878 et
2196 2821 2405 2878 Joanne
2448 2821 2744 2891 perfectam
2779 2823 2974 2890 pedum
3014 2821 3304 2876 sanitatem
3332 2819 3434 2873 ob-

1851 2915 2032 2980 tinuit,
2060 2913 2289 2968 (irmatis
2332 2912 2504 2983 ipsius
2535 2911 2697 2984 5&2
2733 2912 2931 2983 plantis
2965 2928 3029 2968 ac
3061 2913 3331 2967 roboratis
3362 2910 3432 2968 ⁷⁸.

1850 3006 1907 3062 In
1951 3022 2057 3076 quo
2106 3004 2261 3075 signo
2320 3003 2585 3073 completa
2641 3013 2725 3058 est
2768 3015 2923 3058 vetus
2961 3003 3049 3056 illa
3093 3001 3380 3072 prophetia
3417 3017 3434 3032 ·

1854 3095 2001 3151 Tunc
2033 3095 2205 3160 saliet,
2239 3105 2294 3148 ut
2315 3111 2525 3162 cervus,
2551 3094 2771 3148 claudus
2811 3095 2880 3146 ⁷⁸.
2909 3093 3132 3163 Signum
3160 3105 3280 3148 erat
3307 3093 3438 3148 Dor-

1778 3185 1819 3242 C
1853 3204 1987 3255 cas,
2025 3204 2054 3242 a
2103 3192 2332 3242 mortuis
2371 3187 2606 3242 excitata
2645 3187 2713 3240 ⁷⁷.
2772 3184 2996 3256 Signum
3047 3188 3200 3241 fuere
3243 3186 3438 3240 ferreas

1851 3281 2089 3337 carceris
2116 3289 2284 3350 portae
2309 3279 2378 3344 ⁷⁸,
2408 3293 2472 3332 ex
2505 3294 2562 3334 se
2595 3279 2728 3350 ipsis
2774 3279 2826 3333 in
2873 3277 3018 3332 Petri
3057 3264 3286 3347 cgiessu
3335 3277 3434 3331 ad-

1850 3381 2050 3443 aperta
2072 3411 2088 3438 ,
2123 3370 2338 3426 vincula
2371 3370 2570 3436 soluta,
2603 3382 2659 3426 et
2693 3385 3027 3441 quaecunque
3058 3370 3183 3434 alia,
3219 3383 3338 3436 qua:
3365 3369 3436 3422 ab

1851 3463 2110 3534 apostolis
2145 3473 2295 3532 gesta
2343 3471 2469 3517 sunt
2502 3463 2570 3515 ad
2603 3461 2986 3516 declarandam
3032 3458 3305 3530 Unigeuiti
3352 3460 3438 3513 di-

1852 3555 2154 3607 vinitatem.
2213 3550 2340 3606 llaic
2392 3561 2572 3605 autem
2627 3550 2781 3621 signa
2843 3565 2908 3604 ac
2959 3549 3204 3620 prodigia
3251 3549 3434 3604 omnia

1849 3645 1994 3701 facta
2036 3654 2166 3700 sunt
2220 3659 2252 3700 a
2304 3643 2413 3700 Deo
2460 3643 2746 3711 Sabaoth,
2796 3644 2889 3712 qui
2918 3642 3126 3698 habitat
3162 3643 3214 3696 in
3248 3652 3434 3698 monte

1851 3737 2005 3793 Sion.
2050 3736 2159 3790 Par
2201 3734 2368 3791 fuerit
2414 3735 2582 3789 Deum
2629 3734 2870 3802 Sabaoth
2915 3735 3084 3789 Deum
3129 3733 3437 3804 intelligere

1849 3832 2215 3887 exercituum.
2263 3829 2397 3897 Quis
2445 3840 2629 3886 autem
2674 3829 2815 3884 alius
2864 3830 3206 3884 exercituum
3247 3829 3434 3883 Domi-

1849 3939 1973 3987 nus,
2002 3923 2104 3977 nisi
2132 3922 2225 3991 qui
2255 3921 2453 3976 dicitur
2479 3922 2734 3992 princeps
2766 3921 2974 3977 militia:
3006 3923 3220 3978 virtutis
3249 3924 3346 3980 Dei
3365 3924 3436 3992 τ’,

1851 4030 1882 4068 a
1917 4029 2025 4083 quo
2064 4017 2189 4069 data
2221 4023 2348 4068 sunt
2393 4014 2577 4084 pueris
2627 4014 2821 4084 signa?
2863 4015 3000 4071 Hinc
3038 4025 3218 4071 autem
3266 4017 3438 4088 liquet

1849 4121 1946 4160 eos
1980 4105 2072 4177 qui
2123 4105 2174 4159 in
2214 4103 2494 4160 Christum
2526 4106 2830 4170 .credidere
2856 4147 2872 4173 ,
2910 4123 3109 4178 pueros
3150 4111 3437 4178 appellari,

1849 4197 1996 4270 quod
2041 4199 2301 4255 Dominus
2346 4213 2509 4254 causa
2537 4213 2725 4254 eorum
2765 4199 2856 4270 qui
2901 4200 3077 4270 ipsum
3113 4202 3433 4269 laudabant.

1851 4303 1916 4344 ac
1949 4289 2524 4346 dicebantzllosanna
2567 4292 2622 4344 in
2663 4291 2974 4360 altissimis,
3011 4291 3214 4349 Judteis
3257 4295 3305 4349 ei
3347 4296 3435 4350 dl—

1851 4383 2119 4446 centibus,
2157 4382 2284 4437 Non
2322 4385 2477 4438 audis
2502 4385 2628 4456 quid
2668 4385 2758 4438 isti
2787 4385 3011 4439 dicunt?
3039 4386 3380 4456 responderit
3418 4405 3433 4441 :

1851 4471 1937 4528 Ea:
1963 4491 2052 4530 ore
2083 4477 2369 4546 infantium
2399 4487 2447 4532 et
2471 4476 2780 4531 lactentium
2813 4478 3077 4546 ρει-[θείειί
3107 4478 3317 4532 laudem
3359 4479 3432 4535 ⁸ο.

189 4532 458 4624 σωζόντων
477 4532 816 4637 κατηρτίσω
844 4532 1446 4639 αἶνον.’Νηπίους“γὰρ
1471 4567 1588 4618 ἐκεῖ
1619 4532 1741 4616 εἶπε

1864 4565 1967 4622 illic
2003 4568 2148 4622 enim
2198 4568 2434 4625 infantes
2473 4570 2687 4624 vocavit
2731 4584 2861 4635 eos,
2891 4572 3008 4639 qui,
3037 4572 3193 4626 caesis
3227 4572 3438 4642 palma-

189 4655 295 4719 τοὺς
315 4659 601 4728 τέμνοντας
635 4660 703 4713 τὰ
741 4659 866 4730 βάῖα
892 4658 1000 4712 τῶν
1029 4657 1287 4728 φοινίκων
1324 4658 1419 4710 καὶ
1447 4655 1517 4709 τὰ
1547 4655 1739 4727 ἱμάτια

192 4750 534 4817 στρωννύντας
571 4753 629 4805 ἐν
656 4753 734 4822 ,τῇ
764 4748 888 4820 ὁδῷ,
917 4749 1012 4802 καὶ
1039 4749 1166 4813 τοὺς
1188 4747 1492 4819 κράζοντας
1530 4747 1623 4800 καὶ
1654 4747 1739 4800 δο-

249 4933 290 5007 '_'
319 4935 471 4994 Hebr.
512 4955 574 5000 ll,
601 4937 789 5000 10-13;
822 4936 964 4992 Psal.
1009 4953 1117 5000 χιιι,
1145 4935 1242 4997 ‘23;
1312 4937 1411 4990 Isa.
1444 4950 1564 5000 vm,
1602 4935 1718 5007 18._

1864 4931 2009 5007 ρον.
2031 4947 2141 4997 xw,
2172 4931 2274 5007 20._
2340 4933 2522 5007 τξᾼςι.
2554 4951 2610 4999 ιι,
2642 4935 2676 4989 4
2714 4951 2834 5007 sqq.

193 5001 346 5059 "lsa.
389 5027 551 5076 xxxv,
588 5010 643 5064 5.
718 5011 762 5041 ⁷⁷
789 5014 906 5064 Act.
957 5024 1032 5070 Ix,
1074 5013 1164 5061 δυ.
1242 5007 1286 5036 ⁷⁸
1340 5008 1459 5060 Act.
1511 5022 1582 5058 λιι
1610 5047 1626 5071 ,
1660 5004 1747 5060 10.

253 5127 608 5197 (Ἱι),ῦοόιαεε
637 5127 900 5190 nonnulli,
925 5127 1009 5180 ὅτι
1049 5125 1170 5197 γάρ.

253 5196 354 5277 (75)
381 5198 452 5277 ita
476 5217 616 5277 mss1
639 5197 1041 5277 Qlllfies..l$dili,
1069 5195 1512 5277 διάγιαζόμενος.
1540 5195 1733 5277 Statim

193 5265 536 5339 editipaittoin;
555 5269 818 5339 ἀδελφοὺς
850 5267 1048 5337 λέγειν.
1081 5265 1403 5339 Ἀπαγγελῶ
1425 5266 1552 5337 γὰρ,
1579 5265 1733 5336 φησι,

196 5337 452 5410 τὸγδνομα.
482 5345 551 5395 At
576 5337 747 5395 nostri
783 5354 878 5410 se);
902 5352 1043 5410 Διιιεε.
1086 5337 1181 5401 ita,
1214 5347 1272 5410 u_t
1304 5338 1593 5410 edidimus.

255 5405 546 5480 (76)'Editi,
586 5411 682 5465 τοῦ
723 5407 941 5464 Ἰακώϐ.
973 5408 1141 5464 Abest
1169 5405 1264 5460 τοῦ
1315 5423 1345 5460 a
1395 5408 1601 5462 nostris
1640 5419 1736 5460 sex

197 5482 457 5536 COtllClblls.

257 5548 354 5624 (77)
383 5554 593 5624 Antiqui
631 5568 723 5624 sex
754 5550 900 5624 libri,
931 5549 1109 5624 adst}.
1143 5549 1523 5624 Etliti,_ao:ou.

255 5618 628 5696 (78)__Editi'xai
653 5623 725 5677 τὰ
748 5623 954 5696 τέρατα
975 5618 1125 5693 παρὰ
1153 5619 1272 5696 τοῦ.
1305 5620 1508 5696 Desunt
1527 5620 1584 5673 in
1607 5634 1735 5673 mss.

200 5692 403 5770 articuli.
435 5694 578 5751 Haud
625 5696 783 5767 lange
814 5691 982 5760 editi,
1025 5691 1314 5764 προσήκει.
1359 5692 1426 5747 At
1464 5707 1558 5747 sex
1604 5707 1734 5747 mss.

198 5770 460 5831 προσηκεν.

1852 4674 1970 4713 rum
2004 4660 2190 4725 ramis,
2217 4661 2665 4730 vestimentisque
2693 4662 2744 4716 in
2774 4663 2856 4715 via
2873 4664 3081 4727 stratis,
3105 4663 3435 4730 clamabant,

1847 4763 1913 4803 ac
1961 4763 2086 4805 eum
2133 4751 2386 4820 gloriosis
2430 4767 2494 4808 ac
2544 4753 2860 4810 honorificis
2901 4757 3082 4810 verbis
3140 4773 3437 4828 proseque-

2915 4937 2963 5010 ’Ψ
2987 4943 3105 4992 Act.
3140 4955 3222 5002 ιιι,
3247 4938 3284 4992 2
3305 4955 3432 5010 sqq.

1862 5004 1908 5036 "
1954 5006 2068 5058 los.
2099 5018 2168 5069 ν,
2216 5003 2302 5062 14.
2379 5003 2428 5035 ⁸ο
2447 5004 2643 5060 Matth.
2682 5003 2916 5072 λκιζίὕ,
2947 5009 3034 5062 16.

1913 5121 2027 5199 (79)
2069 5120 2196 5199 llaec
2226 5128 2412 5199 ggrha,
2441 5124 2470 5176 ὀ
2493 5121 2784 5199 λεγόμενος
2811 5123 3278 5196 ἀρχιστράτηγος,
3299 5135 3434 5193 etc.,

1839 5196 1932 5260 qui
1974 5193 2168 5263 dicitur
2203 5193 2443 5260 princeps
2461 5193 2698 5258 militiis,
2743 5193 3315 5263 etc.',vsutnpta'situt
3362 5212 3434 5252 ex

1841 5263 1959 5318 .los.
1994 5277 2050 5328 ν,
2099 5261 2188 5316 14.
2226 5263 2335 5318 Sed
2379 5265 2473 5328 ibi,
2507 5274 2565 5318 ut
2603 5275 2756 5319 notat
2799 5261 3178 5327 CombetiSius,
3215 5267 3431 5321 videtur

1847 5336 2026 5406 potius
2064 5333 2303 5406 angelus
2343 5334 2649 5404 designari,
2703 5351 2867 5406 quam
2927 5337 3041 5404 ipse
3094 5337 3186 5390 Dei
3235 5335 3428 5406 Filius.

1846 5396 2000 5471 Quod
2037 5396 2226 5458 eodém
2255 5404 2344 5460 illo
2389 5407 2440 5458 in
2466 5396 2588 5459 loco
2626 5396 2818 5461 ait-vir
2843 5396 3215 5472 doc-tissimus,
3251 5405 3426 5462 Euse-

1849 5475 1997 5547 bium
2027 5489 2156 5547 voce
2185 5475 2626 5547 ἀρχιστράτηγος
2659 5477 2893 5530 libenter
2921 5479 3022 5541 uti,
3062 5477 3117 5532 id
3153 5493 3240 5533 me
3269 5477 3430 5533 facile

1851 5543 2102 5616 adducit,
2149 5543 2462 5602 ut'credam
2501 5543 2659 5614 hujus
2689 5547 3080 5602 Counnentarii
3112 5559 3430 5616 auctorem,

1853 5624 1911 5668 ιιι
1941 5613 2040 5667 alia
2093 5616 2394 5687 pennulla,
2436 5618 2506 5672 ita
2545 5613 2666 5672 eam
2707 5633 2891 5674 vocem
2937 5620 3005 5674 ab
3043 5617 3278 5677 Eusebio
3313 5613 3432 5674 tuul

1853 5693 2062 5742 tuatum
2090 5699 2231 5742 esse.
