3808 6212
396 277 494 333 191

1342 268 1688 326 APPENDIX
1726 267 2012 326 OPERUM
2051 267 2112 324 S.
2150 263 2402 321 BASlLll
2439 259 2674 318 MAGNI.

3541 253 3654 308 492

397 399 556 458 nuele
578 390 952 454 annuittiatam
984 409 1086 449 non
1115 393 1409 465 excipiunt,
1443 396 1551 450 imo
1589 395 1827 449 laborem
1857 391 1959 444 dit”-

2139 387 2234 443 ιῶν
2271 391 2304 441 ὁ
2345 386 2520 450 Θεόςο
2580 380 2784 451 γνῶτε,
2829 378 2997 446 ἔθνη,
3043 377 3142 431 καί
3188 373 3467 445 ἡττᾶσθε.
3512 368 3655 426 Εἶτα

398 492 800 560 ﬁcultatemque
849 488 1225 543 mandatorum
1279 487 1422 543 illius
1473 488 1762 542 declinant.
1797 485 1967 548 Tunc,

399 585 590 655 inquit,
618 581 884 651 manifesti
912 589 1089 645 erunt,
1113 581 1203 650 qui
1248 579 1527 649 obsignant
1574 579 1760 648 legem,
1801 593 1864 631 ne
1893 577 1970 630 di-

398 686 568 731 scant.
608 676 872 730 Sermone
914 671 1059 727 enim
1101 671 1362 726 doctrina:
1404 669 1543 739 apud
1579 683 1770 723 omnes
1793 669 1967 723 disse.

398 768 623 830 minato,
644 763 890 819 nonnulli
918 763 1083 818 corda
1114 776 1211 816 sua
1239 759 1532 815 emendant
1559 759 1626 812 ad
1660 759 1969 828 recipienda

397 863 743 926 documenta,
777 867 830 912 et
879 866 1008 911 sunt
1052 857 1217 911 veluli
1254 865 1398 909 terra
1430 853 1582 909 ferax
1623 864 1677 910 et
1717 855 1967 920 fecunda,

396 953 592 1022 quippe
619 953 710 1020 qui
741 950 1136 1020 amplectantur
1159 963 1483 1012 sermonem,
1518 957 1571 1002 et
1597 947 1867 1001 radicibus
1889 945 1968 1000 al-

402 1046 505 1098 tius
537 1043 698 1108 actis,
728 1057 850 1095 eum
883 1057 912 1094 a
941 1041 1112 1110 spinis
1141 1038 1395 1094 sull'ocari
1435 1054 1538 1092 non
1565 1039 1771 1102 sinant,
1795 1052 1970 1107 neque

398 1136 571 1204 ipsum
597 1132 980 1188 incustoditum
1019 1131 1284 1195 habeant,
1315 1132 1450 1185 adeo
1481 1141 1538 1182 ut
1568 1129 1728 1184 facile
1753 1139 1915 1198 queat
1939 1144 1970 1182 a

399 1224 618 1279 diabolo
651 1224 833 1293 diripi,
873 1223 964 1277 sed
1003 1221 1336 1275 tricesimum
1371 1231 1423 1274 et
1463 1222 1884 1289 sexagesimum,
1918 1229 1974 1273 et

400 1315 756 1370 centesimum
784 1311 1016 1366 fructum
1040 1310 1310 1364 ferant“:
1337 1319 1546 1375 contra,
1566 1318 1695 1363 sunt
1710 1309 1798 1378 qui
1828 1323 1976 1375 pror-

401 1421 495 1460 sus
542 1403 780 1457 animum
827 1417 984 1456 suum
1035 1400 1344 1466 occludunt,
1385 1410 1442 1453 ut
1472 1417 1538 1454 ne
1565 1400 1834 1469 excipiant
1867 1414 1975 1453 ser-

403 1509 641 1556 monem,
666 1493 775 1547 imo
799 1491 954 1561 quasi
986 1490 1242 1559 colligant
1286 1505 1345 1544 se
1383 1501 1546 1558 atque
1575 1491 1884 1560 obsignant,
1908 1505 1974 1544 ne

401 1585 650 1639 veritatis
679 1597 858 1637 sermo
900 1581 1256 1650 ingrediatur.
1288 1578 1353 1633 Hi
1383 1589 1560 1632 autem
1604 1579 1853 1634 dicuntur
1880 1581 1976 1633 ob-

399 1676 624 1746 signari,
657 1674 823 1743 quiin
851 1673 1040 1740 seipsis
1072 1670 1304 1725 formam
1337 1671 1634 1726 adversarii
1659 1685 1722 1724 ac
1740 1671 1972 1740 speciem

401 1735 786 1834 ex‘primentes,
820 1763 872 1816 in
897 1763 1092 1831 seipsis
1120 1760 1309 1816 nolunt
1339 1760 1618 1814 Christum
1651 1761 1875 1814 formari
1901 1759 1967 1823 ⁸⁷,
2008 1735 2049 1792 Β

402 1857 604 1927 quique
666 1856 898 1923 imagine
955 1852 1195 1908 caelestis
1245 1851 1456 1916 vitiata,
1504 1852 1557 1904 in
1615 1851 1727 1905 sola
1776 1852 1975 1906 terreni

405 1948 640 2016 imagine
662 1947 998 2001 oblectantur
1021 1945 1084 1997 ⁸⁸.
1115 1945 1210 1999 Est
1239 1953 1418 1998 autem
1459 1943 1543 1998 lex
1570 1944 1849 2013 obsignata
1883 1944 1980 1998 ob-

408 2036 769 2101 scuritate,ct
821 2043 1107 2103 propterea
1163 2035 1311 2102 quod
1365 2047 1397 2086 a
1450 2033 1782 2102 quibuslibet
1823 2033 1980 2088 facile

406 2124 563 2196 541
593 2131 903 2193 non-potest
935 2123 1052 2193 capi
1083 2142 1096 2178 :
1132 2125 1328 2192 quippe
1357 2125 1482 2193 quia
1524 2123 1832 2179 necessario
1865 2133 1979 2177 stu-

407 2220 552 2272 dium
585 2215 716 2285 legis
743 2216 1166 2284 exercitatioque
1211 2216 1530 2284 requiritur.
1573 2215 1830 2285 Quisquis
1875 2216 1978 2286 igi-

409 2320 498 2362 tur
539 2308 776 2362 animum
822 2322 976 2362 suum
1019 2322 1124 2361 non
1174 2307 1417 2376 adjungit
1457 2309 1524 2361 ad
1553 2307 1976 2374 meditationem,

406 2415 506 2456 nec
557 2401 874 2470 ignorantiae
917 2399 1192 2453 vinculum
1239 2398 1450 2452 solvere
1494 2400 1660 2468 cupit,
1708 2399 1754 2452 is
1805 2399 1979 2468 legem

405 2493 696 2560 obsignare
744 2491 984 2545 dicitur:
1025 2491 1116 2560 qui
1171 2490 1389 2546 futurus
1439 2501 1522 2544 est
1567 2489 1886 2544 manifestus
1926 2490 1980 2543 in

409 2584 755 2640 revelationis
777 2584 880 2637 die.
899 2582 1169 2638 Manilesti
1201 2583 1344 2637 enim
1373 2591 1532 2636 erunt
1560 2583 1651 2651 qui
1691 2582 1982 2652 obsignant

409 2675 603 2746 legem,
657 2691 725 2730 ne
776 2676 1006 2730 discant.
1065 2672 1344 2740 Quomodo
1395 2689 1524 2745 ergo
1581 2674 1866 2743 obsignant
1902 2677 1979 2728 le-

410 2784 530 2840 gem
562 2767 751 2834 Judaei,
801 2765 867 2822 de
897 2766 1094 2836 quibus
1128 2767 1329 2820 dictum
1378 2776 1464 2822 est
1496 2785 1509 2820 :
1543 2765 1771 2822 'Tulistis
1803 2767 1982 2822 claves

409 2871 466 2916 et
491 2875 664 2929 neque
709 2859 812 2930 ipsi
848 2857 1106 2924 introitis,
1146 2867 1202 2912 et
1232 2871 1326 2912 eos
1355 2857 1446 2928 qui
1493 2868 1721 2926 possunt
1758 2858 1983 2912 introire

411 2952 708 3022 prohibetis
734 2949 813 3002 "i
841 2945 1123 3016 Obsignat,
1173 2957 1232 3002 ut
1269 2961 1336 3001 ne
1371 2947 1566 3012 discat,
1605 2949 1651 3002 is
1673 2948 1765 3018 qui
1801 2962 1983 3018 gram-

2067 482 2202 557 πρὸς
2241 480 2368 542 τοὺς
2423 479 2498 549 μὴ
2533 474 2998 544 καταδεχομένους
3039 473 3102 524 τὸ
3148 465 3659 536 καταγγελλόμενον

2067 573 2248 645 παράι
2268 571 2358 624 τοῦ
2423 567 2792 639 Ἐμμανουὴλ,
2821 565 2956 618 ἀλλὰ
2987 564 3048 616 τὸ
3080 561 3336 615 ἐπίπονον
3373 557 3481 611 τῶν
3513 557 3657 626 παρ’

2067 667 2232 721 αὑτοῦ
2261 662 2698 732 διατεταγμένων
2731 660 3078 719 ὲκκλίνοντας
3117 654 3389 709 ἀποτείνει
3436 652 3529 704 τὸν
3565 651 3660 702 λό-

2067 776 2181 830 γον.
2213 759 2368 820 Τότε,
2401 756 2554 825 φησι,
2578 751 2824 822 φανεροὶ
2849 751 3092 804 ἔσονται
3118 750 3174 800 οἱ
3199 742 3659 814 σφραγιζὸμενοι

2067 854 2176 905 τὸν
2205 851 2412 918 νόμον.
2441 848 2548 901 τοῦ
2581 846 2666 915 μὴ
2708 844 2940 914 μαθεῖν.
2975 841 3084 894 Τοῦ
3112 840 3222 911 γὰρ
3248 840 3405 906 λόγου
3439 837 3540 911 ei};
3570 834 3661 887 δι-

2068 942 2366 1004 δασκαλίας
2390 938 2893 1009 κατασπειρομένου
2916 938 2994 998 είς
3025 934 3254 994 πάντας,
3282 932 3330 982 οἰ
3369 928 3466 1000 μὲν
3491 928 3664 996 ἀνορ-

2071 1036 2252 1090 θοῦσιν
2285 1034 2492 1088 ἑαυτῶν
2525 1033 2623 1096 τὰς
2656 1030 2883 1102 καρδίας
2926 1031 3006 1090 εἰς
3037 1025 3300 1096 ὑποδοχὴν
3330 1022 3438 1076 τῶν
3498 1020 3663 1073 διδα-

2073 1127 2332 1196 γμάτων’
2376 1125 2470 1177 καὶ
2511 1123 2648 1175 εἰσὶν
2685 1122 2874 1192 ῶσπερ
2905 1120 2978 1188 γῆ
3011 1117 3318 1188 εῦκαρποςο
3362 1110 3667 1181 οἱδεχόμε-

2071 1233 2150 1269 νοι
2179 1215 2270 1267 τὸν
2295 1213 2472 1281 λόγον,
2503 1213 2597 1265 καί
2620 1213 2698 1274 εἰς
2727 1211 2889 1280 βάθος
2925 1208 3222 1280 ῥιζοῦντες,
3254 1205 3346 1258 καὶ
3377 1205 3451 1274 μὴ
3480 1219 3662 1254 κατα-

2073 1308 2355 1375 πνίγοντες
2405 1305 2508 1358 ὑπὸ
2551 1303 2824 1368 ἀκανθῶν,
2865 1304 3002 1372 μήτε
3052 1300 3360 1370 ἀφύλακτον
3415 1297 3664 1365 ἔχοντες,

2072 1399 2147 1462 ὡς
2173 1399 2564 1468 εὐδιάρπαστον
2601 1392 2736 1448 εἶναι
2775 1395 2879 1446 ὑπὸ
2912 1392 3005 1446 τοῦ
3043 1391 3308 1452 διαὸόλου,
3347 1387 3479 1440 ἀλλά
3519 1401 3669 1454 καρ-

2075 1493 2440 1562 ποφοροῦντες
2479 1493 2538 1543 ὲν
2575 1489 2867 1560 τριάκοντα
2901 1488 2995 1541 καί
3031 1487 3293 1558 ἐξήκοντα
3315 1482 3409 1535 καὶ
3434 1479 3662 1532 ἑκατόν

2075 1585 2182 1636 εἰσί
2213 1583 2268 1636 δὲ
2297 1583 2393 1636 καὶ
2423 1583 2472 1635 οἰ
2502 1581 2678 1651 πάντη
2709 1580 3088 1641 ἀποκλείοντες
3121 1575 3328 1630 ἑαυτῶν
3357 1575 3454 1644 τὴν
3478 1570 3670 1641 ψυχὴν

2077 1677 2214 1748 πρὸς
2242 1675 2304 1728 τὸ
2341 1676 2415 1746 μὴ
2447 1673 2850 1746 παραδέξασθαι
2881 1672 2971 1725 τὸν
2995 1671 3172 1740 λόγον,
3195 1667 3308 1722 ἀλλ’
3331 1667 3493 1719 οἰονεί
3522 1666 3672 1717 ἀπο-

2079 1769 2404 1840 δεσμοῦντες
2436 1769 2662 1831 ἑαυτοὺς
2696 1767 2790 1821 καὶ
2821 1764 3246 1836 σφραγιζόμενοι
3278 1761 3417 1828 ὑπὲρ
3445 1759 3542 1811 τοῦ
3583 1757 3669 1828 μὴ

2079 1859 2408 1914 ἐπεισελθεῖν
2439 1861 2530 1912 τὸν
2577 1860 2734 1928 λόγον
2777 1858 2877 1927 τῆς
2925 1855 3200 1926 ἀληθείας.
3250 1849 3670 1923 Σφραγίξεσθαι

2078 1951 2134 2004 δὲ
2159 1949 2408 2018 λέγονται
2437 1949 2549 2019 (70)
2584 1951 2634 2002 οἰ
2662 1951 2728 2020 τῇ
2765 1949 2946 2019 μορφῇ
2990 1946 3085 1999 τοῦ
3116 1943 3493 2012 ἀντικειμένου
3537 1943 3675 1994 ἐαυ-

2078 2043 2204 2104 τοὺς
2236 2039 2622 2111 ὁμοιώσαντες,
2655 2039 2750 2093 καί
2798 2039 2873 2108 μὴ
2924 2035 3342 2105 καταδεχόμενοι
3380 2034 3436 2085 ὲν
3476 2032 3671 2093 αὐτοῖς

2083 2131 2432 2203 μορφωθῆναι
2466 2130 2720 2201 Χριστὸν,
2750 2130 2800 2181 οἱ
2829 2125 3318 2198 παραχαράξαντες
3347 2122 3446 2191 τὴν
3474 2121 3668 2174 εἰκόνα

2079 2222 2172 2275 τοῦ
2209 2221 2556 2290 ἐπουρανίου,
2592 2219 2684 2272 καὶ
2735 2219 2869 2288 μόνῃ
2915 2218 3197 2287 χαίροντες
3246 2217 3312 2285 τῇ
3363 2213 3533 2265 εἰκόνι
3567 2210 3667 2264 τοῦ

2079 2314 2286 2385 χοϊκοῦ.
2326 2314 2719 2384 Ἐσφράγισται
2743 2312 2798 2364 δὲ
2819 2313 2847 2364 ὁ
2869 2311 3031 2381 νόμος
3066 2310 3302 2380 ἀσαφείᾳ
3331 2309 3424 2361 καί⁸
3451 2307 3534 2377 τῷ
3553 2307 3668 2377 (71)

2083 2407 2158 2478 μὴ
2185 2405 2448 2476 εῦληπτος
2492 2401 2629 2459 εἶναι
2677 2407 2789 2466 τοῖς
2828 2402 3071 2473 τυχοῦσι,
3101 2402 3188 2454 διὰ
3217 2401 3314 2471 τὴν
3347 2399 3672 2468 ἀναγκαίως

2081 2497 2514 2569 ἐπιζητουμένην
2559 2495 2654 2549 τοῦ
2701 2496 2868 2567 νόμου
2899 2493 3228 2564 γυμνασίαν.
3273 2493 3330 2544 '0
3361 2492 3543 2544 τοίνυν
3593 2492 3671 2561 μὴ

2082 2589 2350 2652 ἐπιδιδοὺς
2406 2587 2598 2641 ἑαυτὸν
2645 2589 2711 2657 τῇ
2766 2586 2985 2656 μελέτῃ,
3041 2583 3176 2654 μηδὲ
3227 2582 3374 2635 λύειν
3425 2582 3517 2634 τὸν
3564 2581 3674 2650 τῆς

2082 2681 2302 2748 ἀγνοίας
2333 2679 2530 2750 δεσμὸν
2559 2677 2862 2747 ἐπιθυμῶν,
2912 2673 3233 2745 σφραγίζειν
3263 2673 3352 2726 τὸν
3387 2673 3552 2742 νόμον
3581 2673 3674 2725 λέ-

2081 2788 2258 2839 γεται,
2291 2771 2350 2834 ὃς
2377 2768 2824 2840 φανερωθήσεται
2852 2769 2908 2819 ὲν
2935 2769 3000 2836 τῇ
3047 2766 3229 2836 ἡμέρᾳ
3260 2765 3358 2835 τῆς
3386 2764 3672 2818 ἀποκαλύ-

2081 2861 2246 2932 ψεως.
2282 2861 2509 2930 Φανεροί
2540 2860 2656 2929 γὰρ·
2679 2857 2892 2910 ἔσονται
2926 2859 2975 2908 0i.
3011 2853 3404 2925 σφραγίζοντες
3438 2855 3534 2906 τὸν
3586 2855 3673 2906 νό-

2087 2971 2204 3024 μον,
2243 2951 2338 3005 τοῦ
2369 2953 2443 3022 μὴ
2477 2952 2688 3022 μαθεῖν.
2722 2947 2846 3012 Πῶς
2872 2943 2964 3000 οῦν
3001 2947 3360 3017 σφραγίζουσι
3383 2945 3478 2999 τὸν
3507 2945 3673 3014 νόμον

412 3045 624 3098 matica:
650 3039 1048 3096 observationis
1077 3038 1419 3094 simulatione
1446 3046 1501 3092 et
1524 3040 1740 3094 nomine
1779 3049 1980 3108 myste-

2175 3045 2432 3108 Ἰουδαῖοι,
2470 3045 2599 3115 περὶ
2641 3036 2714 3095 ὧν
2740 3043 2974 3111 εἴρηται,
3014 3041 3096 3092 ὃτι
3128 3039 3334 3109 ’Ἥρατε
3364 3037 3464 3101 τὰς
3493 3039 3670 3100 κλεῖς,

413 3137 492 3191 ria
526 3136 666 3188 intus
690 3133 964 3188 recondita
998 3145 1104 3185 non
1133 3130 1353 3198 detegit.
1391 3131 1454 3184 Et
1493 3131 1620 3200 quid
1656 3131 1819 3195 dicat,
1852 3147 1983 3186 con-

413 3227 588 3280 sidera
612 3241 769 3279 :num
795 3223 1004 3278 scilicet
1027 3223 1136 3276 siut
1172 3228 1357 3291 aperte
1387 3237 1544 3277 voces
1578 3221 1848 3277 Judaicaa:
1876 3221 1988 3276 Ea;-

411 3316 653 3387 spectabo
683 3315 872 3380 Deum,
895 3313 983 3382 qui
1002 3312 1184 3366 avertit
1210 3312 1399 3381 faciem
1443 3328 1594 3365 suam
1634 3329 1667 3364 a
1703 3312 1857 3366 domo
1889 3311 1990 3365 Ja-

411 3414 526 3467 cob.
567 3410 765 3466 Dicunt
797 3409 912 3464 haec
947 3405 1115 3461 Judzei
1141 3423 1155 3460 :
1185 3404 1302 3459 Non
1349 3405 1512 3459 credo
1549 3404 1602 3458 in
1631 3403 1841 3466 Deum;
1877 3418 1986 3458 non

2085 3139 2177 3190 καὶ
2207 3136 2336 3190 οὔτε
2351 3137 2503 3188 αὐτοὶ
2525 3133 2856 3206 εἰσέρχεσθε,
2880 3131 3117 3194 καὶτοὺς
3140 3130 3470 3200 δυναμένους
3492 3130 3675 3182 εἰσελ-

2084 3225 2198 3278 θεῖν
2232 3224 2504 3288 κωλύετε;
2541 3223 2860 3294 Σφραγίζει,
2896 3221 2986 3275 τοῦ
3019 3221 3096 3293 μὴ
3127 3221 3338 3291 μαθεῖν,
3367 3224 3395 3274 ὁ
3425 3222 3522 3273 ἐπὶ
3560 3221 3674 3290 ('72)

2084 3315 2358 3386 προφάσει
2381 3315 2446 3387 δὴ
2471 3316 2567 3385 τῆς
2599 3314 2741 3367 κατά
2765 3314 2827 3366 τὸ
2853 3313 3091 3384 γράμμα
3115 3314 3400 3384 τηρήσεως
3429 3313 3507 3382 μὴ
3539 3313 3678 3364 ἀπο-

2083 3407 2376 3461 καλύπτων
2409 3407 2476 3459 τά
2506 3409 2562 3460 ἐν
2612 3405 2688 3477 τῷ
2737 3405 2890 3475 βάθει
2940 3405 3235 3476 μυστήρια.
3269 3404 3378 3456 Καὶ
3411 3403 3463 3455 τί
3494 3402 3674 3471 λέγει,

413 3505 638 3559 admitto
670 3499 1073 3556 Emmanuelem
1107 3516 1121 3552 :
1162 3497 1376 3552 tametsi
1409 3511 1554 3550 nunc
1582 3511 1679 3565 pro
1727 3495 1980 3551 derelicto

2139 3499 2275 3550 ιόπετ,
2296 3541 2310 3562 ,
2348 3500 2396 3551 εί
2437 3498 2515 3569 μὴ
2563 3498 2822 3570 ἄντικρυς
2865 3497 3155 3550 Ἰουδαῖκαὶ
3186 3497 3242 3549 αἱ
3271 3495 3468 3566 φωναί·
3500 3495 3680 3550 Merc?)

413 3597 634 3660 habeor,
650 3593 938 3664 aliquando
959 3603 1136 3646 tamen
1152 3589 1518 3644 visitationem
1535 3587 1629 3644 Dei
1655 3589 1980 3658 exspectabo

2139 3592 2188 3643 ir
2209 3589 2358 3644 Θεὸν
2386 3590 2492 3643 τόν
2521 3588 2987 3657 ἀποστρέψαντα
3023 3589 3088 3642 τὸ
3125 3589 3450 3656 πρόσωπον
3483 3588 3679 3642 αὑτοῦ

413 3691 505 3760 qui
538 3689 733 3744 avertit
763 3689 951 3742 laciem
977 3702 1130 3742 suam
1155 3702 1184 3738 a
1212 3685 1371 3739 domo
1398 3682 1587 3738 Jacob.

2139 3684 2207 3738 τὸ
2247 3684 2355 3740 τοῦ
2390 3685 2558 3739 οἴκου
2603 3683 2825 3739 Ἰακώϐ.
2862 3684 3047 3739 Ταῦτα
3089 3685 3340 3753 λέγουσιν
3382 3684 3638 3739 Ἰουδαῖοι
3663 3700 3678 3714 ο

414 3789 489 3840 Οὐ
525 3786 765 3838 πιστεύω
799 3785 880 3846 εἰς
927 3784 1017 3836 τὸν
1049 3782 1213 3835 Θεὸν·
1261 3782 1323 3834 οὗ
1393 3781 1618 3852 δέχομαι
1663 3781 1754 3835 τὸν
1787 3783 2166 3853 Ἐμμανουήλ·
2207 3785 2255 3835 εἰ
2286 3784 2380 3838 acati.
2417 3783 2510 3837 νῦν
2536 3782 3054 3852 ἐγκαταλέλειμμαι,
3077 3782 3215 3836 ἀλλά
3245 3782 3390 3851 μενῶ
3416 3799 3551 3834 ποτε
3581 3783 3681 3852 τὴν

415 3881 716 3952 δπισκοπὴν
753 3879 846 3932 τοῦ
881 3877 1014 3931 Θεοῦ
1071 3877 1166 3931 τοῦ
1206 3877 1650 3948 ἀποστρέψαντος
1708 3878 1770 3931 τὸ
1809 3879 2099 3950 πρόσωπον
2128 3879 2293 3933 αὐτοῦ
2351 3880 2458 3932 ἀπὸ
2484 3879 2575 3933 τοῦ
2603 3880 2753 3933 οἴκου
2795 3879 3011 3933 Ἰακώϐ.

484 3973 608 4026 216.
635 3971 799 4027 Vens.
833 3973 919 4026 18.
943 3970 1074 4025 Ecce
1111 3987 1205 4042 ego
1236 3981 1282 4024 et
1321 3973 1469 4041 pueri
1519 3989 1647 4041 quos
1684 3973 1812 4025 mihi
1842 3973 1986 4026 dedit

414 4063 578 4119 Deut.
622 4062 691 4116 Et
737 4076 885 4116 erant
927 4064 1077 4132 signa
1118 4073 1167 4116 et
1206 4071 1446 4131 portenta
1495 4064 1552 4116 in
1603 4065 1757 4118 domo
1795 4064 1982 4131 Jacob,

415 4173 450 4210 a
485 4155 715 4210 Domino
751 4153 1007 4218 Sabaoth,
1033 4154 1122 4223 qui
1143 4153 1344 4206 habitat
1367 4153 1423 4207 in
1453 4163 1624 4206 monte
1650 4151 1800 4207 Sion.
1831 4152 1986 4208 Post-

415 4263 642 4317 eaquam
676 4247 943 4316 objurgati
985 4255 1110 4300 sunt
1146 4245 1561 4314 inobsequentes
1583 4285 1598 4310 ,
1637 4253 1748 4299 tum
1772 4246 1984 4299 demum

2161 3974 2286 4028 216.
2332 3973 2476 4028 Ἰδοὺ
2516 3973 2629 4043 ἐγὼ
2666 3974 2764 4027 καὶ
2813 3974 2882 4026 τὰ
2907 3973 3132 4036 παιδία,
3172 3973 3210 4028 ἄ
3239 3991 3341 4042 μοι
3377 3972 3611 4026 ἔδωκεν
3647 3975 3680 4026 d

2095 4066 2258 4131 Θεός.
2303 4067 2412 4119 Καὶ
2452 4066 2622 4118 ἔσται
2660 4064 2878 4134 σημεῖα
2925 4066 3022 4118 καὶ
3061 4063 3274 4132 τέρατα
3312 4064 3381 4116 ἐν
3412 4062 3493 4128 τῷ
3535 4065 3680 4129 οτκφ

2105 4153 2331 4220 Ἰακὼϐ,
2363 4157 2520 4224 παρὰ
2539 4155 2757 4222 Κυρίου
2786 4153 3027 4208 Σαϐαὼο
3054 4154 3188 4224 (75),
3219 4152 3288 4219 ὃς
3316 4153 3588 4206 κατοικεῖ
3611 4153 3683 4205 ἐν

2093 4243 2173 4310 τῷ
2204 4244 2328 4312 ὄρει
2373 4244 2542 4298 Σιών.
2600 4245 2752 4297 Μετά
2783 4244 2844 4296 τὸ
2868 4242 3190 4312 ἐλεγχθῆναι
3227 4245 3352 4306 τοὶ-ς
3386 4243 3680 4297 ἀπειθοῦν-

418 4335 676 4391 Dominus
719 4337 913 4406 ipsein
959 4336 1174 4406 propria
1223 4350 1450 4404 persona
1497 4335 1756 4405 loquitur.
1781 4335 1859 4390 Illi
1893 4337 1980 4406 igi-

2139 4349 2210 4396 ις,
2250 4334 2370 4386 τότε
2400 4332 2582 4386 λοιπὸν
2617 4333 2778 4396 αὐτὸς
2807 4335 2834 4385 ὁ
2863 4333 3065 4404 Κύριος
3089 4333 3198 4386 ἀπὸ
3224 4332 3318 4385 τοῦ
3347 4332 3473 4385 ἰδίου
3508 4350 3680 4403 προσ-

419 4436 540 4493 tur,
581 4426 935 4497 inquit,t‘orti
963 4426 1143 4480 manui
1170 4434 1226 4479 et
1257 4425 1438 4480 itineri
1482 4427 1579 4479 via:
1625 4424 1802 4495 populi
1830 4425 1990 4493 hujus

419 4531 524 4572 non
558 4519 961 4586 obtemperant;
986 4518 1080 4572 sed
1111 4515 1415 4578 Dominum,
1447 4516 1537 4585 qui
1569 4517 1766 4570 avertit
1791 4516 1983 4572 faciem

419 4623 573 4664 suam
619 4623 649 4662 a
695 4610 853 4664 domo
880 4607 1047 4664 Jacob
1071 4648 1086 4672 ,
1137 4607 1434 4679 prmstolari
1468 4623 1526 4662 se
1561 4607 1838 4663 simulant.
1877 4607 1989 4679 Ego

417 4713 597 4755 autem
625 4715 716 4754 eos
749 4700 840 4769 qui
893 4701 946 4754 in
997 4713 1083 4754 me
1111 4698 1376 4763 credunt,
1408 4713 1504 4753 ceu
1539 4713 1727 4753 recens
1761 4714 1986 4769 regene-

419 4801 588 4858 ratos,
615 4801 794 4846 vetere
823 4791 1036 4847 homine
1078 4798 1238 4846 exuto
1260 4801 1316 4845 et
1345 4805 1482 4845 novo
1505 4789 1693 4845 induto
1719 4791 1765 4822 ⁷ο
1786 4829 1802 4856 ,
1837 4791 1990 4860 quasi

419 4897 614 4953 pueros
645 4881 801 4936 modo
827 4882 1116 4949 genitos“,
1149 4881 1372 4936 tenellos
1395 4881 1632 4937 moribus
1665 4891 1721 4936 et
1748 4880 1870 4934 mali
1893 4897 1991 4936 ex-

417 4983 620 5044 pertes,
657 4988 719 5027 ac
750 4974 962 5028 tandem
991 4987 1020 5026 a
1056 4973 1248 5044 primis
1285 4973 1684 5050 Scripturarum
1711 4972 1992 5028 elementis

418 5081 516 5122 ceu
559 5080 589 5119 a
620 5065 756 5119 laete
801 5063 1080 5120 submotos
1105 5103 1121 5126 .
1167 5073 1328 5134 atque
1363 5066 1428 5118 ad
1462 5064 1837 5133 perfectiorem
1869 5078 1989 5134 my-

2095 4421 2245 4476 ώπου
2275 4423 2598 4492 διαλέγεται.
2648 4425 2873 4477 Ἐκεῖνοι
2907 4425 3005 4496 μὲν
3031 4419 3143 4488 οῦν,
3177 4424 3360 4494 φησὶν,
3390 4423 3681 4478 ἀπειθοῦσι

2089 4517 2155 4586 τῇ
2199 4517 2397 4586 ἰσχυρᾷ
2433 4517 2596 4587 χειρὶ,
2639 4516 2732 4569 καὶ
2766 4519 2829 4587 τῇ
2873 4518 3070 4588 πορεία
3108 4517 3207 4586 τῆς
3248 4517 3368 4569 ὁδοῦ
3406 4514 3502 4568 τοῦ
3546 4516 3676 4568 λαοῦ

2089 4603 2297 4657 τούτου·
2329 4605 2420 4658 καὶ
2449 4605 2868 4677 προσποιοῦνται
2902 4607 3190 4678 ἀναμένειν
3225 4608 3314 4662 τὸν
3346 4609 3555 4679 Κυριον
3588 4608 3678 4660 τὸν

2091 4695 2508 4767 ἀποστρέψαντα
2535 4697 2597 4750 τὸ
2621 4697 2908 4768 πρόσωπον
2938 4699 3099 4752 αὐτοῦ
3119 4701 3225 4752 ἀπὸ
3248 4699 3339 4752 τοῦ
3371 4701 3522 4752 οἱκου
3573 4700 3677 4752 Ἰα-

2095 4786 2233 4841 κώὸ.
2272 4786 2412 4857 Ἐγὼ
2437 4788 2494 4841 δὲ
2524 4792 2650 4856 τοὺς
2680 4795 2759 4854 είς
2791 4791 2890 4860 ἐμὲ
2915 4791 3366 4854 πεπιστευκότας,
3394 4791 3519 4860 ἄρτι
3543 4793 3678 4844 ἀνα-

2095 4879 2473 4950 γεννηθέντας,
2509 4883 2566 4934 ὲν
2586 4881 2663 4954 τῷ
2689 4881 2983 4935 ἀποθέσθαι
3005 4881 3098 4935 τὸν
3123 4881 3350 4934 παλαιὸν
3385 4880 3676 4951 ἄνθρωπον

2097 4973 2190 5025 καὶ
2213 4971 2499 5025 ἁναλαὸεῖν
2549 4973 2639 5027 τὸν
2686 4973 2826 5036 νέον,
2877 4974 3039 5027 οἱονεὶ
3099 4974 3292 5036 παῖδας
3349 4974 3673 5042 ἀρτιγενεῖς,

2096 5063 2339 5127 ἁπαλοὺς
2365 5064 2456 5119 τὸν
2485 5065 2686 5137 τρόπον
2711 5067 2808 5121 καὶ
2833 5067 3254 5136 ἀπειροκάκους,
3285 5065 3377 5118 καὶ
3405 5065 3678 5133 ἀπογεγα-

492 5267 536 5298 ⁸⁸
566 5267 731 5322 Marc.
758 5281 833 5333 IV,
868 5265 921 5320 8.
995 5265 1039 5298 ⁸⁷
1064 5264 1180 5321 Gal.
1221 5280 1292 5330 tv,
1333 5265 1420 5321 i9.
1495 5267 1539 5297 ⁸⁸
1572 5263 1737 5319 lCor.
1768 5263 1854 5328 15,
1883 5263 1974 5318 49.

2139 5281 2251 5320 auc.
2287 5283 2363 5334 ιι,
2396 5267 2484 5322 52.
2558 5269 2604 5300 "
2635 5271 2842 5327 Cmoss.
2880 5286 2978 5336 ιιι,
3008 5271 3063 5326 9.
3101 5273 3146 5303 ⁷⁸
3191 5271 3209 5325 l
3240 5269 3380 5324 Petr.
3419 5285 3502 5334 ιι,
3547 5269 3603 5322 2.

490 5422 604 5495 (70)
641 5423 882 5495 Editiget
919 5422 1190 5495 recentior
1213 5420 1542 5495 _Combeli_sii
1587 5423 1790 5486 codex,
1831 5421 1988 5490 λέγο-

419 5492 542 5563 μεν.
585 5492 739 5548 Ὰιιει·
786 5492 1090 5548 Comlielisii
1128 5492 1298 5547 codex
1344 5501 1401 5546 et
1434 5492 1526 5546 alii
1569 5501 1801 5562 quatuor
1840 5503 1898 5545 ut
1930 5495 1985 5546 in

421 5573 866 5758 ἰῖέἕῑὶιᾎειειρε
895 5631 1096 5703 aliQuot
1121 5633 1266 5698 libri,
1290 5631 1384 5704 τῷ·
1413 5632 1552 5688 Ε’Ῐίίί
1580 5643 1631 5690 εί
1653 5632 1790 5707 Β⁰δ”
1826 5648 1988 5705 quar-

449 5721 528 5770 us,
563 5719 642 5756 το.

2169 5423 2282 5496 (72)
2324 5425 2561 5494 Uterque
2586 5423 2740 5478 Coll).
2768 5435 2821 5480 et
2845 5425 2979 5495 Reg.
3008 5425 3346 5491 secundus,0
3369 5425 3482 5480 ἐπί.
3514 5426 3672 5480 Deest

2095 5495 2124 5548 ὀ
2159 5496 2208 5565 in
2243 5495 2363 5549 aliis
2396 5511 2528 5550 mss.
2563 5497 2692 5549 etin
2716 5497 2965 5565 vulgatis.

2167 5564 2278 5640 (733)
2320 5566 2539 5640 Veteres
2576 5565 2776 5635 aliquot
2819 5563 2978 5633 libri,
3017 5566 3168 5640 παρὰ
3205 5565 3402 5620 Kuoiot
3449 5563 3609 5629 Θεοῦ,
3637 5577 3671 5616 α

2100 5633 2322 5690 Domino
2358 5635 2483 5690 Deo.
