3808 6212
190 322 287 378 ιετ

1009 317 1369 374 COMMENT.
1409 318 1478 373 lN
1519 318 1756 376 lSAIAM
1795 321 2244 382 PBOPHETAM.
2283 327 2437 384 CAP.
2480 327 2614 384 Vill.

3328 328 3436 384 491»

189 426 558 498 Μκτισμένους
575 426 756 480 λοιπὸν
775 425 884 479 ἀπὸ
907 426 1016 481 τῶν
1045 426 1424 496 εἰσαγωγικῶν
1456 427 1630 497 λόγων
1661 430 1749 484 καὶ

1870 435 2149 491 steriorum
2193 452 2375 493 escam
2413 437 2735 510 pergentes,
2782 454 3033 507 assumo,
3070 439 3440 510 calefacioque

189 519 270 575 ἐπὶ
295 521 386 591 τὴν
415 517 748 590 τελειοτέραν
778 517 982 590 τροφὴν
1017 518 1126 571 τῶν
1160 519 1473 591 μυστηρίων
1509 519 1750 591 χωροῦν-

185 625 294 672 τας,
324 607 540 673 τούτους
580 608 1035 679 προσλαϐόμενος,
1075 608 1168 662 καὶ
1202 608 1420 662 θάλπων
1461 610 1538 681 τῷ
1564 611 1750 684 κόλπῳ

187 699 276 768 τῆς
301 699 716 768 εὐσπλαγχνίας,
751 699 1014 769 προσάγω
1048 697 1124 769 τῷ
1146 699 1340 770 Πατρί.
1371 701 1448 751 Δι’
1478 701 1613 772 ἐμοῦ
1638 702 1748 774 γὰρ

187 789 348 860 ἠόδδς
382 791 478 859 τῆς
525 789 660 858 πρὸς
690 789 850 842 αὑτὸν
877 789 1226 858 ἐπιγνώσεως
1271 790 1393 842 Ὅτι
1442 791 1498 844 δὲ
1541 792 1652 863 (74)
1683 795 1748 846 ὲκ

187 882 457 954 προσώπου
490 882 586 936 τοῦ
619 882 854 954 Χριστοῦ
887 885 1024 936 εἰσιν
1045 885 1092 936 οἰ
1120 883 1290 952 λόγοι,
1326 884 1502 948 οὐδεὶς
1534 888 1750 958 ἀντερεῖ

184 975 279 1026 τῶν
329 977 689 1045 μεμνημένων
735 976 834 1044 τῆς
879 976 1016 1046 πρὸς
1063 976 1350 1046 Ἐϐραίους
1407 977 1746 1049 Ἐπιστολῆς·

189 1069 422 1135 Ἔπρεπε
451 1068 580 1136 γὰρ,
609 1072 763 1138 φησι,
799 1067 874 1119 δι’
908 1067 980 1119 ὂν
1010 1067 1082 1121 τὰ
1102 1065 1320 1134 πάντα,
1348 1068 1447 1121 καὶ
1474 1068 1547 1121 δι’
1576 1066 1647 1125 οὗ
1680 1071 1752 1124 τὰ

184 1157 378 1224 πάντα,
412 1159 687 1226 πολλοὺς
727 1159 900 1224 υἱοὺς
931 1161 1019 1224 εἰς
1063 1159 1253 1222 δόξαν
1292 1161 1614 1230 arandum,
1645 1162 1753 1216 τόν

183 1248 428 1317 ἀρχηγὸν
450 1249 562 1317 τῆς
583 1250 882 1318 σωτηρίας
911 1249 1009 1303 διὰ
1030 1249 1392 1320 παθημάτων
1413 1252 1746 1307 τελειῶσαι.

187 1341 240 1392 ⁸0
267 1358 322 1394 τε
347 1342 454 1410 γὰρ
479 1341 750 1411 ἁγιάζων,
797 1343 952 1414 φησὶ,
997 1342 1096 1396 καὶ
1124 1346 1178 1396 οἱ
1212 1342 1581 1414 ἁγιαζόμενοι
1615 1345 1751 1414 (75),

184 1431 243 1497 ἐξ
287 1433 414 1500 ἐνὸς
457 1435 702 1500 πάντες.
769 1437 850 1490 Δι’
904 1435 983 1504 ἢν
1040 1436 1238 1489 αἰτίαν
1295 1439 1408 1491 οὐκ
1458 1437 1748 1507 ἐπαισχύ-

184 1542 331 1580 νεται
376 1529 599 1596 αὐτοὺς
644 1530 852 1584 καλεῖν
901 1528 1228 1598 ἀδελφοὺς,
1280 1527 1502 1600 λέγων·
1553 1531 1757 1603 Ἄπαγε-

1857 525 1910 580 in
1949 528 2334 586 misericordia:
2366 533 2486 586 sinu
2507 572 2523 598 ,
2559 542 2613 587 et
2644 532 2791 587 Patri
2818 531 3008 590 oll‘ero.
3035 531 3141 588 Per
3181 548 3266 588 me
3292 534 3438 588 enim

1855 619 1924 673 ad
1961 620 2132 689 ipsum
2168 626 2600 690 cognoscendum
2641 625 2891 696 expedita
2929 629 3010 680 via
3045 635 3146 683 est.
3189 627 3314 682 Haec
3341 641 3439 680 au-

1855 719 1961 764 tem
1993 713 2156 768 verba
2207 715 2262 770 in
2306 715 2511 770 Christi
2561 731 2794 786 persona
2843 718 3221 788 pronuntiari,
3274 732 3438 772 nemo
3465 700 3482 772 τ’

1853 805 2170 872 negaverit,
2222 807 2314 876 qui
2369 809 2677 864 meminerit
2729 810 2982 879 Epistolze
3031 812 3098 866 ad
3130 811 3434 866 Hebraeos:

1855 892 2080 948 Decebat
2111 898 2271 963 enim,
2305 899 2517 969 inquit,
2550 917 2666 954 eum
2690 941 2704 965 ,
2751 912 2963 971 propter
2989 919 3136 972 quem
3164 904 3362 965 omnia,
3386 909 3439 954 et

1853 1001 1948 1050 per
1968 1001 2119 1054 quem
2147 991 2346 1051 omnia,
2374 992 2464 1060 qui
2490 993 2684 1046 multos
2717 992 2856 1060 ﬁlios
2882 994 2934 1044 in
2958 991 3183 1061 gloriam
3208 992 3439 1044 adduxe-

1859 1088 1965 1143 rat,
2003 1089 2271 1135 auctorem
2301 1085 2494 1138 salutis
2530 1101 2711 1138 eorum
2753 1101 2845 1153 per
2872 1085 3165 1152 passionem
3189 1100 3440 1137 consum-

1857 1183 2021 1221 mare.
2056 1168 2162 1235 Qui
2197 1172 2374 1236 enim,
2408 1172 2626 1241 inquit,
2672 1170 2967 1238 sanctiﬁcat
2993 1181 3039 1224 et
3071 1170 3161 1240 qui
3194 1169 3438 1236 sanctiﬁ-

1857 1269 2047 1315 cantur
2069 1304 2085 1326 ,
2140 1280 2205 1318 ea:
2238 1281 2342 1318 uno
2394 1281 2592 1320 omnes.
2639 1264 2860 1333 Propter
2891 1281 3050 1332 quam
3086 1279 3302 1318 causam
3332 1279 3439 1315 non

1855 1355 2199 1423 confunditur
2239 1359 2430 1426 fratres
2473 1374 2561 1412 eos
2609 1374 2791 1410 uocare
2817 1397 2832 1423 ,
2873 1357 3051 1410 dicens
3099 1371 3117 1408 :
3163 1353 3438 1409 Nuntiabo

1857 1461 2045 1499 nomen
2084 1457 2234 1501 tuum
2279 1449 2538 1516 fratribus
2581 1451 2727 1502 meis.
2764 1449 2830 1501 Et
2884 1450 3076 1503 iterum
3115 1465 3134 1502 :
3181 1445 3318 1500 Ecce
3344 1461 3439 1516 ego

1858 1545 1906 1587 et
1936 1539 2085 1604 pueri
2110 1557 2238 1608 quos
2277 1541 2405 1594 mihi
2440 1543 2582 1596 dedit
2611 1541 2748 1596 Deus
2771 1542 2838 1596 ⁷⁸.

185 1617 320 1690 τελῶ
375 1621 440 1675 τὸ
511 1623 704 1694 ὄνομα
745 1640 863 1680 σου
907 1623 1033 1688 τοῖς
1071 1623 1359 1692 ἀδελφοῖς
1418 1643 1574 1694 μου*
1619 1627 1718 1682 καὶ
1752 1628 1971 1684 πάλιν·
2034 1634 2190 1689 Ἰδοὺ
2236 1635 2351 1707 ἐγὼ
2396 1637 2494 1690 καὶ
2538 1637 2611 1691 τὰ
2662 1635 2872 1690 παιδία
2908 1635 2947 1691 ἅ
2985 1653 3089 1706 μοι
3130 1635 3357 1690 ἔδωκεν
3403 1634 3440 1688 ὀ

185 1715 330 1781 Θεός.

242 1809 355 1865 217.
388 1813 495 1865 Καὶ
537 1809 732 1872 ἔσται,
758 1810 913 1881 φησὶ,
946 1813 1166 1882 σημεῖα
1193 1815 1291 1869 καὶ
1325 1814 1538 1883 τέρατα
1573 1817 1644 1870 ὲν
1675 1817 1749 1883 τῷ

1925 1818 2054 1873 217.
2085 1816 2154 1870 Et
2185 1827 2377 1884 erunt,
2413 1818 2625 1888 inquit,
2653 1819 2804 1888 signa
2843 1829 2892 1872 et
2923 1827 3164 1886 portenta
3198 1818 3254 1872 in
3281 1817 3441 1871 domo

184 1900 308 1968 οἷκῳ
342 1899 550 1955 Ἰακώϐ.
583 1900 742 1969 Παρὰ
769 1900 973 1957 τούτων
995 1903 1105 1959 τῶν
1133 1905 1359 1959 παιδίων
1387 1907 1496 1959 τῶν
1520 1909 1752 1976 ἀναγεν-

183 1991 427 2063 νηθέντων
459 1991 565 2044 ὑπὸ
589 1989 826 2064 Χριστοῦ
854 1991 1058 2046 δυνατὰ
1091 1998 1312 2067 σημεῖα,
1349 1997 1443 2049 καὶ
1463 1996 1666 2068 τέρατα
1695 2000 1753 2050 ὲν

183 2083 251 2155 τῷ
274 2086 396 2156 οἴκῳ
447 2083 645 2139 Ἰακὼὸ
686 2084 797 2157 (7ϋ)
842 2085 1340 2159 ἐπιτελεσθήσεται.
1385 2089 1578 2143 Παιδία
1613 2085 1754 2161 ἦσαν

184 2180 226 2230 οἰ
246 2179 538 2244 ἀπόστολοι,
585 2182 652 2250 τῇ
689 2179 859 2250 κακίᾳ
894 2179 1277 2249 νηπιάζοντες·
1315 2183 1363 2233 οἰ
1398 2181 1614 2253 πρῶτον
1655 2183 1754 2253 μὲν

184 2271 429 2340 γλώσσαις
455 2270 771 2334 λαλοῦντες.
802 2270 1010 2324 ἰδιῶται
1032 2270 1308 2342 ἄνθρωποι
1334 2274 1428 2325 καὶ
1459 2273 1751 2338 Γαλιλαῖοι,

186 2364 301 2416 πᾶσι
337 2362 582 2432 φανερὰν
607 2361 870 2432 ἐποίησαν
904 2361 1005 2432 τὴν
1035 2361 1331 2433 ἐπιδημίαν
1375 2362 1470 2415 τοῦ
1497 2363 1752 2435 Πνεύμα-

185 2471 280 2517 τος,
319 2455 407 2508 καὶ
434 2455 532 2527 τὴν
574 2453 875 2524 γενομένην
905 2454 992 2506 ἐπ’
1019 2453 1216 2517 αὐτοὺς
1248 2452 1360 2507 τῶν
1396 2455 1753 2527 χαρισμάτων

185 2544 437 2616 διαίρεσιν,
478 2547 576 2599 καὶ
617 2545 709 2600 τὸν
749 2545 1015 2617 μερισμὸν
1059 2545 1166 2598 τῶν
1202 2546 1485 2615 γλωσσῶν.
1522 2549 1752 2602 Ἔπειτα

185 2640 398 2708 γνωστὸν
428 2643 681 2711 σημεῖον,
713 2641 741 2692 ὁ
764 2640 859 2692 ἐπὶ
885 2643 952 2712 τῇ
992 2640 1173 2713 ὡραία
1206 2641 1350 2712 πύλῃ
1388 2641 1754 2713 καθεζόμενος

186 2732 351 2802 χωλὸς,
380 2732 528 2805 παρὰ
558 2733 768 2804 Πέτρου
806 2733 900 2786 καὶ
947 2734 1216 2797 Ἰωάννου,
1262 2735 1351 2788 διὰ
1389 2735 1488 2805 τῆς
1525 2734 1752 2807 ἐπικλή-

188 2839 306 2888 σεως
326 2825 414 2878 τοῦ
444 2826 710 2896 ὀνόματος
738 2824 832 2877 τοῦ
856 2826 1117 2897 Χριστοῦ,
1152 2826 1416 2898 ἀρτίπους
1439 2826 1750 2896 γενόμενος,

187 2919 568 2988 στερεωθεισῶν
621 2917 771 2989 αὐτῷ
825 2919 937 2990 (77)
977 2913 1086 2972 τῶν
1115 2918 1346 2989 βάσεων.
1414 2919 1532 2988 Ἐφ’
1571 2912 1614 2986 ᾧ
1657 2919 1752 2973 καὶ

187 3009 450 3083 ἐπληρώθη
499 3013 532 3083 ἡ
587 3011 794 3065 παλαιὰ
832 3011 1159 3083 προφητεία,
1202 3014 1284 3066 ὅτι
1336 3012 1474 3066 Τότε
1500 3011 1748 3077 ἀλεῗται,

186 3102 255 3168 ὡς
272 3102 505 3172 ἔλαφος,
541 3107 580 3158 ό
609 3105 826 3174 χωλός.
873 3104 1103 3174 Σημεῖον
1146 3099 1213 3176 ἦν
1241 3105 1275 3175 ἡ
1310 3102 1538 3176 Δορκάς,
1571 3105 1636 3156 ὲκ
1667 3119 1753 3154 νε-

187 3193 314 3262 κρῶν
339 3195 682 3268 ἐγειρομένη.
718 3197 950 3266 Σημεῖον
984 3191 1053 3266 ἦν
1093 3196 1150 3249 αἱ
1195 3194 1411 3266 σιδηραῖ
1455 3185 1622 3248 πύλαι
1655 3196 1752 3264 τῆς

189 3283 426 3356 φυλακῆς,
481 3285 811 3356 αὐτομάτως
859 3283 1284 3354 ὐπανοιγόμεναι
1340 3286 1406 3354 τῇ
1451 3283 1615 3354 ἐξόδῳ
1656 3281 1751 3335 τοῦ

189 3373 395 3449 Πέτρου·
425 3379 492 3433 τὰ
541 3377 722 3450 δεσμὰ
775 3357 1042 3448 λυόμεναλ
1093 3379 1188 3431 καὶ
1223 3378 1324 3430 ὅσα
1355 3375 1492 3431 ἄλλα
1522 3375 1612 3429 διὰ
1642 3375 1751 3428 τῶν

189 3468 470 3525 ἀποστόλων
514 3471 734 3541 ἐγίνετο
775 3473 854 3536 εἰς
895 3470 1200 3542 φανέρωσιν
1233 3469 1336 3539 τῆς
1368 3469 1621 3541 Θεότητος
1654 3466 1750 3520 τοῦ

188 3559 512 3628 Μονογενοῦς.
567 3561 752 3614 Ταῦτα
785 3560 842 3614 δὲ
881 3561 1058 3614 πάντα
1092 3559 1161 3613 τὰ
1196 3561 1396 3630 σημεῖα
1430 3560 1522 3612 καὶ
1546 3559 1752 3630 τέρατα

191 3653 319 3720 παρὰ
344 3653 448 3722 (78)
475 3651 614 3707 Θεοῦ
640 3654 755 3705 ἐστι
788 3649 1044 3717 Σαϐαὼθ,
1072 3651 1132 3715 ὂς
1163 3653 1408 3705 κατοικεῖ
1441 3652 1498 3705 ἐν
1533 3649 1608 3722 τῷ
1634 3650 1750 3722 ὄρει

190 3741 323 3796 Σιών.
375 3745 503 3801 Θεὸν
561 3743 788 3799 Σαϐαὼθ
835 3743 928 3797 τὸν
975 3745 1107 3798 θεὸν
1151 3744 1260 3798 τῶν
1296 3743 1565 3815 στρατιῶν
1613 3746 1750 3796 νοεῖν

189 3837 427 3906 προσῆκε.
457 3839 555 3903 Τίς
583 3838 640 3891 δὲ
672 3837 828 3902 ἄλλος
866 3837 974 3891 τῶν
1010 3836 1280 3910 στρατιῶν
1304 3836 1528 3907 Κύριος,
1565 3835 1597 3906 ἢ
1624 3836 1652 3887 ὁ
1671 3835 1754 3887 λε-

189 3926 389 3997 γόμενος
414 3932 854 4003 ἀρχιστράτηγος
879 3931 988 4002 (79)
1028 3931 1125 4002 τῆς
1150 3929 1435 4000 δυνάμεως
1471 3929 1564 3981 τοῦ
1591 3927 1749 3992 Θεοῦ,

190 4019 300 4086 παρ’
326 4014 382 4071 οὗ
406 4021 616 4075 δέδοται
642 4021 712 4075 τὰ
740 4024 942 4092 σημεῖα
961 4023 1076 4084 τοῖς
1103 4019 1361 4085 παιδίοις;
1401 4019 1523 4072 Ὅτι
1550 4018 1606 4071 δὲ
1633 4036 1753 4071 παι-

187 4101 262 4158 δία
302 4110 346 4160 οἰ
383 4111 458 4174 εἰς
490 4110 729 4183 Χριστὸν
768 4111 1217 4175 πεπιστευκότες,
1244 4109 1403 4180 δῆλον
1438 4109 1538 4179 μὲν
1564 4109 1657 4161 καὶ
1686 4110 1751 4162 ἐκ

187 4196 267 4248 τοῦ
296 4202 566 4273 εἰρηκέναι
592 4203 684 4256 τὸν
709 4203 912 4273 Κύριον
937 4203 1068 4275 περὶ
1099 4203 1208 4256 τῶν
1239 4201 1533 4255 αἰνούντων
1563 4199 1748 4263 αὑτὸν,

190 4288 272 4341 καὶ
305 4290 584 4360 λεγόντων,
638 4294 898 4349 Ὡσαννὰ
948 4295 1017 4348 ἐν
1065 4293 1190 4360 τοῖς
1239 4293 1549 4361 ὑψίστοις,
1611 4290 1750 4362 πρὸς

189 4383 296 4446 τοὺς
335 4385 618 4449 Ἰουδαίους
642 4387 767 4450 τοὺς
785 4385 1038 4450 εἰπόντας
1067 4383 1217 4455 αὺτῷ
1236 4401 1248 4413 ·
1285 4386 1409 4438 Οὐκ
1431 4383 1672 4448 ἀκούεις
1694 4383 1752 4435 τί

189 4468 332 4528 οὗτοι
356 4479 681 4549 λέγουσιγ;
711 4479 833 4532 Ὅτι
858 4479 925 4532 ἐκ
946 4479 1244 4547 στόματος
1264 4477 1498 4545 νηπίων
1522 4475 1621 4529 καὶ
1648 4477 1750 4542 οη-

1853 1909 2040 1964 .facob.
2067 1910 2150 1965 Ab
2184 1910 2336 1966 hisce
2364 1911 2549 1979 pueris
2580 1925 2611 1963 a
2653 1909 2873 1965 Christo
2909 1910 3244 1979 regeneratis
3277 1909 3439 1962 fortia

1853 2003 2004 2074 signa
2049 2011 2105 2058 et
2135 2011 2384 2072 portenta
2431 2003 2484 2056 in
2515 2003 2674 2058 domo
2710 1999 2880 2056 Jacob
2915 2002 3165 2057 eilentur.
3199 2001 3442 2056 Infantes

1855 2104 2011 2149 erant
2055 2095 2333 2165 apostoli,
2382 2104 2568 2165 utpote
2617 2095 2823 2150 malitia
2865 2097 3019 2168 pueri
3063 2093 3152 2161 ⁷³;
3186 2095 3276 2163 qui
3319 2094 3436 2162 pri-

1855 2199 2005 2237 mum
2079 2184 2296 2254 quidem
2349 2185 2547 2255 linguis
2595 2184 2916 2254 loquentes,
2949 2185 3195 2240 homines
3228 2183 3442 2240 scilicet

1856 2276 2034 2331 idiotze
2064 2285 2118 2331 et
2145 2275 2349 2331 Galilaai
2374 2317 2391 2343 ,
2441 2288 2622 2332 tamen
2662 2275 2897 2346 Spiritus
2939 2277 3113 2331 sancti
3142 2278 3434 2329 adventum

1855 2368 2107 2422 omnibus
2141 2367 2490 2423 manifestum
2536 2367 2928 2436 reddiderunt;
2961 2377 3126 2438 atque
3165 2367 3437 2421 donorum

1854 2457 2176 2514 divisionem
2207 2498 2224 2524 ,
2271 2458 2690 2529 linguarumque
2736 2459 3084 2530 partitionem
3114 2470 3438 2512 concessam

1854 2551 1956 2605 sibi
1986 2549 2158 2607 fuisse
2201 2554 2562 2608 ostenderunt
2590 2550 2660 2604 ⁷⁸.
2701 2552 2904 2609 Adhazc
2935 2549 3227 2606 dilucidum
3255 2558 3310 2604 et
3337 2563 3440 2603 no-

1855 2653 1968 2698 tum
2020 2644 2234 2712 signum
2280 2653 2366 2698 est
2416 2643 2642 2698 claudus
2700 2642 2830 2708 ille,
2874 2643 2966 2712 qui
3019 2641 3086 2695 ad
3123 2640 3439 2711 Speciosam

1853 2746 2065 2806 portam
2109 2736 2342 2801 sedens,
2393 2750 2490 2805 per
2528 2735 2930 2790 invocationem
2971 2731 3208 2788 nominis
3234 2729 3440 2786 Christi

1855 2842 1884 2880 a
1911 2827 2071 2882 Petro
2105 2838 2159 2882 et
2200 2825 2409 2882 Joanne
2452 2825 2748 2895 perfectam
2783 2827 2979 2894 pedum
3017 2825 3307 2880 sanitatem
3335 2823 3438 2878 ob-

1855 2919 2036 2984 tinuit,
2065 2917 2293 2973 (irmatis
2336 2917 2508 2987 ipsius
2539 2916 2702 2989 55.2
2737 2917 2935 2988 plantis
2969 2932 3032 2972 ac
3065 2917 3334 2972 roboratis
3365 2915 3436 2972 ⁷⁸.

1853 3010 1911 3066 ln
1955 3026 2061 3080 quo
2111 3009 2265 3079 signo
2324 3007 2589 3078 completa
2645 3017 2729 3062 est
2771 3019 2926 3062 vetus
2965 3007 3053 3061 illa
3097 3006 3384 3077 prophetia
3420 3021 3438 3036 ο

1858 3099 2005 3154 Tunc
2037 3100 2209 3164 saliet,
2243 3110 2298 3152 ut
2318 3115 2529 3166 cervus,
2554 3098 2774 3153 claudus
2815 3099 2884 3151 ⁷⁸.
2912 3097 3136 3168 Signum
3165 3110 3284 3152 erat
3309 3097 3442 3152 Dor-

1782 3189 1822 3246 C
1857 3208 1990 3259 cas,
2029 3208 2058 3246 a
2107 3196 2336 3246 mortuis
2375 3191 2609 3246 excitata
2649 3191 2716 3244 ⁷⁷.
2775 3189 2999 3260 Signum
3051 3192 3204 3244 fuere
3246 3190 3441 3244 ferreas

1855 3285 2093 3341 carceris
2120 3293 2288 3354 porta:
2313 3283 2382 3348 ⁷⁸,
2411 3298 2476 3336 es
2509 3298 2566 3338 se
2598 3283 2731 3354 ipsis
2778 3283 2830 3337 in
2876 3281 3021 3336 Petri
3061 3267 3290 3351 cgiessu
3339 3281 3438 3335 ad-

1854 3385 2054 3447 aperta
2076 3415 2091 3442 ,
2127 3375 2342 3430 vincula
2375 3375 2574 3440 soluta,
2607 3386 2663 3430 et
2696 3389 3031 3445 quaecunque
3061 3373 3186 3438 alia,
3222 3387 3342 3441 qua:
3369 3373 3440 3427 ab

1854 3468 2114 3538 apostolis
2149 3477 2299 3536 gesta
2346 3475 2473 3520 sunt
2505 3467 2574 3520 ad
2607 3465 2989 3521 declarandam
3034 3462 3308 3534 Unigcniti
3355 3464 3442 3518 di-

1855 3559 2158 3611 vinitatem.
2216 3553 2343 3610 llmc
2395 3565 2575 3609 autem
2631 3553 2784 3625 signa
2846 3569 2911 3608 ac
2962 3553 3206 3624 prodigia
3254 3553 3438 3608 omnia

1853 3650 1998 3705 facta
2040 3658 2170 3704 sunt
2223 3664 2256 3704 a
2307 3647 2417 3704 Deo
2463 3647 2749 3716 Sabaoth,
2799 3648 2892 3717 qui
2921 3646 3129 3702 habitat
3165 3647 3217 3700 in
3251 3656 3436 3702 monte

1855 3741 2008 3797 Sion.
2054 3740 2162 3794 Par
2205 3739 2371 3795 fuerit
2417 3739 2585 3794 Deum
2633 3737 2873 3806 Sabaoth
2919 3739 3087 3794 Deum
3133 3738 3440 3808 intelligere

1853 3836 2218 3890 exercituum.
2267 3833 2400 3900 Quis
2449 3844 2632 3890 autem
2677 3833 2818 3888 alius
2867 3834 3209 3889 exercituum
3250 3834 3437 3887 Domi-

1853 3942 1976 3991 nus,
2005 3927 2108 3981 nisi
2135 3926 2228 3995 qui
2259 3925 2456 3980 dicitur
2483 3926 2737 3996 princeps
2769 3925 2978 3981 militia:
3009 3927 3222 3982 virtutis
3253 3928 3349 3984 Dei
3369 3928 3439 3996 ⁷⁸,

1855 4034 1886 4072 a
1920 4033 2028 4086 quo
2067 4021 2192 4073 data
2225 4027 2351 4072 sunt
2397 4018 2580 4088 pueris
2631 4018 2824 4089 signa?
2867 4019 3004 4076 Hine
3041 4029 3221 4075 autem
3269 4021 3441 4091 liquet

1853 4125 1949 4164 eos
1983 4109 2074 4180 qui
2126 4109 2178 4162 in
2217 4107 2498 4164 Christum
2529 4110 2833 4174 .credidere
2859 4151 2874 4177 ,
2913 4127 3112 4182 pueros
3153 4115 3440 4183 appellari,

1853 4201 1999 4273 quod
2045 4203 2304 4259 Dominus
2349 4218 2512 4258 causa
2540 4217 2728 4258 eorum
2768 4203 2858 4274 qui
2905 4204 3079 4274 ipsum
3116 4206 3436 4273 laudabant,

1854 4307 1919 4347 ac
1952 4294 2527 4350 dicebantzﬂosanna
2571 4295 2626 4348 in
2667 4295 2977 4364 altissimis,
3014 4295 3216 4353 Judaeis
3259 4299 3308 4353 ei
3350 4300 3439 4353 dl-

1854 4387 2122 4451 centihus,
2161 4386 2287 4442 Non
2325 4389 2480 4442 audis
2505 4389 2632 4460 quid
2671 4389 2761 4442 isti
2790 4389 3014 4444 dicunt?
3041 4390 3382 4460 responderit
3421 4410 3436 4445 :

1854 4475 1940 4532 Ea:
1967 4495 2055 4534 ore
2086 4481 2372 4551 infantium
2402 4491 2450 4535 et
2475 4480 2783 4536 lactentium
2815 4482 3080 4550 ρει-[θείειί
3109 4481 3320 4536 tandem
3361 4484 3435 4539 °°.

189 4536 460 4628 λαξόντωύ·
480 4536 820 4642 κατηρτίσω
847 4536 1448 4642 αἷνονΧΝηπίουςῖγὰρ
1475 4570 1592 4622 ἐκεῖ
1623 4536 1744 4620 εἷπε

1870 4571 1970 4626 .llic
2007 4572 2151 4626 enim
2201 4572 2437 4629 infantes
2477 4575 2690 4629 vocavit
2734 4588 2863 4638 eos,
2893 4575 3011 4642 qui.
3039 4576 3196 4629 cmsis
3230 4576 3441 4646 palma-

189 4659 296 4723 τοὺς
317 4663 604 4732 τέμνοντας
638 4663 706 4717 τὰ
745 4663 870 4733 est:
895 4662 1002 4716 τῶν
1032 4661 1290 4732 φοινίκων
1328 4663 1422 4714 καὶ
1451 4659 1520 4713 τὰ
1550 4659 1742 4731 ἱμάτια

192 4753 538 4821 στρωννύντας
574 4757 632 4808 ὲν
659 4757 738 4826 ,τῇ
768 4752 892 4824 ὁδῷ,
921 4753 1015 4806 καὶ
1041 4753 1169 4816 τοὺς
1191 4750 1495 4823 κράζοντας
1534 4751 1626 4804 καὶ
1657 4751 1742 4804 δο-

249 4937 291 5010 '_'
321 4939 474 4997 liehr.
515 4959 577 5004 ιι,
604 4941 792 5004 ΗΜός
826 4940 967 4995 Psal.
1012 4957 1120 5004 xxi,
1148 4939 1245 5001 ‘23;
1315 4941 1414 4994 lsa.
1447 4954 1566 5003 vm,
1605 4938 1719 5010 i8._

1870 4935 2144 5010 4Cor.x1v,
2175 4935 2277 5010 9.0.
2343 4937 2524 5010 "{Act.
2556 4955 2613 5002 ιι,
2644 4939 2678 4992 4
2716 4955 2836 5010 sqq.

192 5004 348 5063 "lsa.
391 5030 554 5079 xxxv,
591 5014 646 5068 5.
722 5014 765 5045 ⁷⁷
793 5018 909 5067 Act.
959 5028 1035 5074 ix,
1078 5017 1167 5065 40.
1245 5011 1289 5040 ⁷⁸
1343 5012 1462 5064 Act.
1514 5027 1585 5062 Ml
1614 5051 1628 5076 ,
1663 5008 1750 5064 10.

1855 4679 1974 4717 rum
2007 4665 2194 4730 ramis,
2220 4665 2668 4734 vestimentisque
2695 4666 2746 4720 in
2777 4667 2858 4719 via
2876 4667 3084 4730 stratis,
3107 4667 3438 4735 clamabant,

1851 4767 1916 4807 ac
1965 4767 2089 4809 eum
2137 4755 2389 4825 gloriosis
2433 4771 2498 4812 ac
2547 4757 2863 4814 honorificis
2904 4761 3084 4814 verbis
3143 4777 3440 4832 proseque-

2917 4941 2964 4973 "
2990 4947 3108 4996 Act.
3143 4959 3225 5007 ιιι,
3250 4942 3286 4996 2
3308 4959 3436 5014 sqq.

1865 5008 1912 5040 "
1957 5010 2071 5062 Jos.
2102 5022 2170 5073 v,
2219 5007 2305 5066 14.
2382 5008 2430 5039 ⁸ο
2449 5008 2645 5064 Matth.
2684 5007 2919 5076 Jun—15,
2949 5014 3036 5066 16.

253 5130 611 5201 (74),Οο(ἰιεεε
640 5131 902 5194 nonnulli,
929 5131 1011 5184 ὅτι
1052 5128 1173 5201 γάρ.

253 5198 355 5281 (75)
382 5202 455 5281 l_ta
479 5220 620 5281 mss:
642 5201 1044 5281 omnes._ljlditi,
1071 5198 1516 5281 δςάγιαξόμενος.
1543 5199 1736 5281 Statim

192 5269 322 5343 editi,
338 5269 539 5338 obtain;
557 5272 822 5343 ἀδελφοὺς
853 5271 1052 5340 λέγειν.
1083 5269 1406 5343 Ἀπαγγελῶ
1427 5271 1555 5341 γὰρ,
1582 5269 1736 5340 φησι,

195 5340 454 5414 τὸνδνομα.
485 5349 554 5399 At
579 5340 749 5399 nostri
786 5358 881 5414 se;
904 5355 1046 5414 inss.
1089 5341 1184 5406 ita,
1217 5351 1275 5414 u_t
1307 5340 1596 5414 edidimus.

254 5409 549 5483 (76)'Editi,
589 5414 685 5469 τοῦ
725 5411 944 5469 Ἰακώϐ.
976 5412 1144 5468 Abest
1171 5409 1267 5464 τοῦ
1318 5427 1348 5464 a
1397 5412 1604 5466 nostris
1643 5423 1740 5464 sex

196 5485 459 5540 (iudicibus.

256 5552 355 5628 (77)
385 5557 596 5628 antiqui
634 5572 726 5612 sex
757 5554 902 5628 libri,
933 5552 1112 5628 αὐτῷ.Δ
1147 5552 1526 5628 Editi,_ausou.

254 5622 630 5700 (78)__Ei_liti'xat
656 5627 728 5681 τὰ
751 5627 957 5700 τέρατα
978 5622 1128 5696 παρὰ
1155 5623 1274 5700 τοῦ.
1307 5624 1510 5700 Desunt
1530 5624 1586 5677 in
1610 5638 1738 5678 mss.

199 5695 404 5774 articuli.
437 5698 580 5755 Haud
627 5700 786 5771 lange
815 5694 984 5764 'editi,
1027 5694 1317 5768 προσήκει.
1361 5696 1429 5751 At
1466 5711 1561 5751 sex
1607 5711 1736 5752 mss.

197 5774 462 5836 πικσηκεν.

1915 5125 2030 5203 (Ἰθ)
2071 5124 2198 5203 ilaec
2229 5132 2414 5203 uerba,
2444 5128 2472 5180 ὁ
2495 5125 2786 5203 λεγομενος
2815 5128 3280 5200 ἀρχιστράτηγος,
3301 5139 3436 5197 etc.,

1842 5200 1934 5267 qui
1977 5198 2171 5267 dicitur
2205 5198 2445 5264 princeps
2463 5199 2700 5262 militiis,
2746 5198 3138 5267 etc.‘,"sumpta
3188 5209 3318 5253 sunt
3365 5216 3436 5256 ex

1844 5266 1962 5322 Jos.
1997 5281 2053 5332 ν,
2102 5266 2190 5320 14.
2229 5267 2338 5322 Sed
2381 5269 2475 5332 ibi,
2509 5279 2567 5323 ut
2606 5279 2758 5323 notat
2801 5266 3180 5331 Combelisius,
3218 5271 3434 5324 videtur

1849 5339 2028 5414 potius
2067 5337 2308 5414 angelus
2345 5338 2677 5414 designarit
2705 5355 2876 5414 quam
2929 5340 3065 5414 ipse
3096 5340 3189 5395 Dei
3237 5340 3430 5414 F_ilius.
3503 5401 3512 5414 ι

1849 5407 2004 5475 Quod
2040 5409 2229 5462 eodem
2257 5408 2346 5464 illo
2391 5411 2442 5462 in
2473 5411 2590 5464 loco
2629 5407 2820 5465 ait—vir
2846 5407 3216 5476 doctissimus,
3253 5409 3428 5467 Euse-

1851 5479 2000 5552 bium
2029 5493 2159 5552 voce
2188 5479 2628 5552 ἀρχιστράτηγος
2662 5481 2896 5534 libenter
2923 5483 3024 5545 uti,
3063 5481 3118 5536 id
3155 5495 3242 5536 me
3271 5481 3433 5538 facile

1855 5547 2105 5620 adducit,
2152 5547 2464 5620 itt'cretlain
2503 5547 2661 5618 hujus
2690 5552 3081 5606 Connuentarii
3114 5563 3433 5620 auctorem,

1855 5628 1914 5672 ut
1943 5617 2043 5671 alia
2096 5619 2396 5690 permulta,
2438 5623 2507 5676 ita
2547 5617 2668 5676 eam
2709 5637 2893 5678 vocem
2939 5624 3007 5678 ab
3045 5621 3280 5682 Eusebio
3315 5617 3435 5679 ιιιιιέ

1856 5697 2065 5746 tuatum
2093 5703 2233 5746 esse.
