3808 6212
385 276 484 333 491
1333 267 1679 327 APPENDIX
1716 266 2003 325 OPEBUM
2042 266 2104 324 S.
2140 262 2393 321 BASIUI
2428 258 2665 318 MAGNL
3530 252 3638 307 492

386 399 547 459 nuele
567 390 943 454 annuhtiatam
974 408 1078 449 non
1106 392 1399 466 excipiunt,
1433 395 1542 450 imo
1579 394 1818 449 laborem
1847 391 1950 444 dir-

2157 387 2226 442 ὖν
2260 391 2294 441 ὁ
2335 385 2475 449 Θεό(
2497 400 2511 414 ο
2569 379 2774 451 γνῶτε,
2819 377 2987 446 ἔθνη,
3033 376 3133 430 καί
3177 372 3458 444 ἡττᾶσθε.
3503 367 3640 425 Εἶτα

387 492 792 561 ﬁcultatemque
839 464 1241 543 mandatorum
1269 486 1413 542 illius
1464 487 1753 542 declinant.
1787 484 1958 549 Tunc,

2157 499 2194 545 »ς
2231 479 2359 542 τοὺς
2413 477 2489 549 μὴ
2523 473 2989 544 καταδεχομένους
3030 470 3092 524 τὸ
3138 464 3645 561 καταγγελλόμενον

388 585 581 655 inquit,
608 554 875 652 manifesti
903 588 1080 645 erunt,
1103 580 1195 650 qui
1238 579 1519 649 obsignant
1564 578 1751 649 legem,
1792 592 1855 631 ne
1882 576 1961 630 di-

2157 572 2241 625 at.
2258 570 2350 624 τοῦ
2413 566 2782 640 Ἐμμανουήλ,
2811 563 2947 618 ἀλλά
2977 562 3039 616 τὸ
3070 561 3326 614 ἐπίπονον
3362 555 3473 610 τῶν
3504 554 3642 625 παρ’

388 686 558 731 scunt.
598 675 863 730 Sermone
904 671 1050 727 enim
1091 648 1365 726 doctrinae,
1394 668 1535 739 apud
1570 648 1761 723 omnes
1783 667 1958 723 disse-

2157 666 2224 719 τοῦ
2252 661 2689 731 διατεταγμένων
2721 658 3069 718 ὲκκλίνοντας
3108 652 3380 707 ἀποτείνει
3426 650 3522 703 τὸν
3555 648 3645 701 λόο

388 768 614 830 minato,
633 763 881 819 nonnulli
908 762 1075 818 corda
1104 775 1202 817 sua
1230 758 1524 814 emendant
1550 758 1617 812 ad
1650 758 1960 829 recipienda

2160 799 2172 811 .
2203 758 2360 819 Τότε,
2391 755 2545 825 φησι,
2568 750 2815 822 φανεροί
2838 750 3084 803 ἔσονται
3108 748 3165 799 οἱ
3189 740 3645 813 σφραγιζόμενοι

387 862 735 927 documenta,
767 867 821 913 et
870 865 1000 911 sunt
1042 856 1208 911 veluti
1244 864 1389 909 terra
1420 852 1574 909 ferax
1614 863 1669 910 et
1708 854 1958 920 fecunda,

2157 868 2166 883 υ
2196 850 2403 918 νόμον.
2432 846 2538 901 τοῦ
2572 845 2657 915 μὴ
2698 842 2932 914 μαθεῖν.
2966 839 3074 894 Τοῦ
3102 838 3212 910 γάρ
3238 838 3397 905 λόγου
3429 834 3532 927 τῆξ
3560 832 3646 886 δι⁶

386 953 582 1023 quippe
609 952 701 1021 qui
722 926 1128 1020 amplectantur
1150 962 1474 1012 sermonem,
1508 956 1562 1002 et
1588 946 1859 1001 radicibus
1879 944 1959 999 al-

2157 941 2357 1004 καλίας
2380 937 2884 1008 κατασπειρομένου
2906 936 2985 997 είς
3015 933 3244 994 πάντας,
3271 930 3322 981 οὶ
3358 926 3457 998 μὲν
3481 926 3649 995 ἀνορ-

392 1045 496 1098 tius
527 1042 689 1108 actis,
718 1056 841 1095 eum
873 1056 903 1095 a
931 1040 1103 1110 spinis
1130 1038 1386 1094 sull'ocari
1426 1053 1529 1092 non
1556 1038 1762 1102 sinant,
1786 1051 1961 1107 neque

2161 1052 2244 1088 σιν
2275 1032 2483 1087 ἑαυτῶν
2516 1032 2614 1096 τὰς
2647 1029 2873 1101 καρδίας
2916 1029 2997 1090 εἰς
3026 1023 3291 1094 ὑποδοχὴν
3320 1019 3430 1075 τῶν
3490 1018 3649 1110 διδα-

388 1135 562 1204 ipsum
587 1109 972 1188 incustoditum
1009 1130 1275 1196 habeant,
1306 1130 1441 1184 adeo
1471 1140 1535 1195 ut
1559 1128 1719 1184 facile
1744 1138 1907 1198 queat
1930 1142 1961 1182 a

2157 1126 2323 1179 ἀτων*
2366 1123 2461 1176 καὶ
2501 1122 2639 1175 εἰσὶν
2675 1120 2865 1191 ῶσπερ
2896 1118 2969 1188 γῆ
3001 1115 3309 1188 εῦκαρποςο
3352 1109 3654 1204 οίδεχόμε-

389 1203 609 1279 diabolo
641 1223 825 1293 diripi,
863 1222 956 1277 sed
994 1221 1327 1275 tricesimum
1362 1229 1414 1274 et
1454 1221 1876 1289 sexagesimum,
1908 1228 1966 1273 et

2169 1214 2262 1266 τὸν
2286 1212 2463 1280 λόγον,
2493 1211 2588 1264 καὶ
2610 1212 2688 1273 εἰς
2717 1209 2880 1279 βάθος
2915 1206 3213 1279 ριξοῦντες,
3244 1204 3338 1257 καὶ
3367 1203 3442 1274 μὴ
3469 1217 3648 1253 κατα-

390 1314 747 1369 centesimum
774 1310 1008 1365 fructum
1030 1309 1302 1363 ferant“:
1327 1318 1538 1375 contra,
1556 1308 1789 1378 suntqui
1819 1323 1967 1375 pror-

2159 1322 2346 1375 γοντες
2394 1304 2499 1357 ὑπὸ
2541 1301 2815 1367 ἀκανθῶν,
2855 1302 2993 1371 μήτε
3042 1299 3350 1368 ἀφύλακτον
3405 1294 3651 1364 ἔχοντες,

391 1420 485 1460 sus
532 1403 771 1457 animum
818 1416 975 1455 suum
1025 1399 1336 1466 occludunt,
1375 1409 1434 1453 ut
1463 1416 1530 1454 ne
1556 1399 1826 1469 excipiant
1857 1413 1966 1453 ser-

2163 1397 2555 1467 εὐὸιάρπαστον
2592 1390 2728 1447 εἶναι
2764 1394 2869 1445 ὑπὸ
2902 1390 2996 1445 τοῦ
3033 1389 3300 1452 διαϐόλου,
3337 1385 3470 1439 ἀλλὰ
3511 1400 3657 1452 καρ-

394 1509 632 1557 monem,
657 1492 766 1547 imo
790 1490 946 1561 quasi
977 1490 1234 1559 colligant
1277 1503 1336 1544 se
1373 1500 1537 1558 atque
1565 1490 1876 1559 obsignant,
1899 1504 1965 1543 ne

2157 1491 2432 1562 ροροῦντες
2468 1491 2529 1542 ὲν
2565 1488 2858 1560 τριάκοντα
2892 1487 2986 1540 καὶ
3021 1485 3284 1557 ἑξήκοντα
3305 1480 3400 1534 καὶ
3425 1478 3650 1531 ἑκατόν·

392 1584 642 1639 veritatis
669 1596 849 1637 sermo
890 1580 1247 1651 ingrediatur.
1278 1576 1345 1632 Hi
1373 1589 1552 1633 autem
1595 1578 1845 1634 dicuntur
1871 1580 1967 1632 ob-

2157 1584 2173 1635 t
2203 1582 2259 1635 δὲ
2287 1582 2385 1635 καὶ
2414 1582 2464 1635 οἱ
2492 1580 2669 1650 πάντη
2699 1578 3079 1640 ἀποκλείοντες
3112 1573 3319 1628 ἑαυτῶν
3347 1573 3446 1643 τὴν
3468 1568 3659 1639 ψυχὴν

389 1675 615 1746 signari,
647 1674 738 1743 qui
761 1673 814 1727 in
841 1672 1032 1741 seipsis
1062 1670 1295 1725 formam
1327 1670 1627 1725 adversarii
1650 1684 1714 1724 ac
1731 1670 1964 1739 speciem

2157 1679 2205 1738 ὣς
2232 1674 2295 1727 τὸ
2332 1674 2406 1745 μὴ
2437 1672 2841 1746 παραδέξασθαι
2871 1670 2962 1724 τὸν
2986 1670 3163 1738 λόγον,
3186 1666 3299 1721 ἀλλ’
3321 1664 3484 1718 οἱονεὶ
3511 1665 3662 1716 ἀπο-

391 1733 778 1835 exuprimen-tes,
810 1762 865 1817 in
888 1733 1084 1831 seipsis
1110 1759 1301 1816 nolunt
1330 1759 1609 1815 Christum
1641 1733 1867 1814 formari
1891 1758 1959 1823 ⁸⁷,

2157 1733 2406 1840 τελοῦντες-
2427 1733 2782 1831 ὲαυιτοὺςῠκαὶ
2811 1733 3237 1835 σφραγιζόμενοι
3268 1759 3408 1828 ὑπὲρ
3435 1758 3531 1810 τοῦ
3570 1755 3659 1826 μὴ

393 1856 595 1927 quique
656 1855 889 1923 imagine
946 1851 1187 1908 caelestis
1235 1850 1447 1917 vitiata,
1495 1851 1549 1904 in
1606 1849 1719 1905 sola
1766 1851 1967 1906 terreni

2157 1858 2400 1912 εισελθεῖν
2430 1859 2521 1911 τὸν
2567 1859 2725 1927 λόγον
2768 1856 2868 1927 τῆς
2915 1853 3192 1926 ἀληθείας.
3240 1847 3660 1923 Σφραγίςεσθαι

395 1947 631 2016 imagine
653 1945 990 2001 obiectantur
1012 1943 1076 1997 ⁸³.
1105 1943 1202 1999 Est
1230 1952 1409 1998 autem
1450 1942 1535 1997 lex
1561 1942 1840 2012 obsignata
1874 1943 1972 1997 ob-

2157 1948 2399 2018 λέγονται
2428 1948 2541 2020 (70)
2574 1949 2625 2001 oi
2652 1950 2720 2019 τῇ
2755 1948 2937 2018 μορφῇ
2980 1945 3076 1998 τοῦ
3106 1941 3483 2011 ἀντικειμένου
3525 1941 3666 1993 ἑαυ-

398 2035 677 2101 scuritate,
707 2043 761 2088 et
811 2042 1099 2103 propterea
1154 2033 1303 2103 quod
1356 2046 1389 2086 a
1442 2031 1775 2101 quibuslibet
1813 2031 1972 2087 facile

2157 2058 2195 2104 ις
2227 2038 2613 2110 ὁμοιώσαντες,
2646 2038 2741 2092 καὶ
2789 2037 2864 2108 μὴ
2914 2034 3334 2105 καταδεχόμενοι
3370 2032 3428 2084 ὲν
3465 2030 3662 2092 αὐτοῖς

397 2123 555 2196 54],
584 2129 894 2193 non‘potest
925 2122 1044 2193 capi
1074 2141 1088 2178 :
1122 2124 1320 2192 quippe
1347 2124 1475 2192 quia
1515 2122 1824 2178 necessario
1856 2131 1971 2177 stu-

397 2219 544 2272 dium
576 2215 707 2285 legis
734 2215 1158 2284 exercitatioque
1201 2214 1522 2284 requiritur.
1564 2213 1823 2284 Quisquis
1866 2215 1970 2285 igi-

399 2319 488 2363 tur
529 2307 767 2362 animum
813 2321 968 2361 suum
1010 2321 1116 2361 non
1165 2306 1409 2376 adiungit
1448 2308 1515 2361 ad
1544 2306 1968 2373 meditationem,

397 2414 498 2457 nec
547 2399 866 2470 ignorantiae
908 2399 1184 2453 vinculum
1230 2397 1441 2453 solvere
1485 2398 1653 2468 cupit,
1699 2398 1746 2452 is
1797 2397 1971 2468 legem

397 2492 688 2561 obsignare
735 2490 976 2545 dicitur:
1016 2491 1107 2559 qui
1162 2489 1381 2545 futurus
1430 2500 1514 2544 est
1557 2488 1878 2544 manifestus
1918 2489 1972 2542 in

399 2583 747 2641 revelationis
767 2583 872 2637 die.
890 2581 1161 2637 Manifesti
1191 2582 1336 2637 enim
1363 2590 1524 2636 erunt
1551 2582 1643 2651 qui
1682 2581 1974 2651 obsignant

400 2675 594 2746 legem,
648 2690 717 2730 ne
767 2675 997 2730 discant.
1056 2672 1336 2740 Quomodo
1386 2688 1516 2745 ergo
1573 2673 1858 2743 obsignant
1893 2676 1972 2729 le-

401 2783 522 2840 gem
553 2767 743 2834 Judaei,
793 2764 859 2822 de
889 2765 1086 2836 quibus
1119 2765 1321 2821 dictum
1369 2775 1456 2821 est
1487 2784 1501 2821 :
1532 2763 1763 2822 ‘Tulistis
1795 2766 1974 2822 claves

400 2870 458 2916 et
482 2875 656 2930 neque
699 2858 803 2930 ipsi
839 2856 1097 2924 introitis,
1137 2866 1194 2912 et
1223 2870 1319 2912 eos
1346 2857 1439 2928 qui
1484 2867 1713 2926 possunt
1750 2857 1975 2911 introire

401 2952 700 3022 prohibetis
725 2949 805 3003 θοι
831 2944 1115 3017 Obsignat,
1164 2956 1224 3001 ut
1261 2960 1329 3001 ne
1363 2946 1559 3013 discat,
1597 2948 1643 3001 is
1664 2947 1758 3017 qui
1793 2961 1976 3017 grant-

2074 2130 2424 2202 μορ·ρωθῆναι
2456 2129 2710 2200 Χριστὸν,
2740 2128 2791 2180 οἱ
2820 2123 3309 2198 παραχαράξαντες
3337 2120 3438 2191 τὴν
3463 2119 3659 2173 εἰκόνα

2070 2220 2165 2275 τοῦ
2199 2220 2547 2290 ἐπουρανίου,
2582 2218 2675 2271 καὶ
2725 2217 2860 2288 μόνῃ
2904 2216 3189 2287 χαίροντες
3237 2215 3303 2284 τῇ
3354 2211 3522 2265 είκόνι
3555 2208 3656 2263 τοῦ

2070 2313 2278 2385 χοϊκοῦ.
2316 2313 2711 2383 Ἐσφράγισται
2733 2310 2789 2364 δὲ
2810 2312 2838 2363 ό
2860 2310 3023 2380 νόμος
3056 2308 3293 2379 ἀσαφείᾳ
3321 2307 3415 2361 καὶ⁵
3442 2305 3523 2376 τῷ
3541 2305 3658 2376 (71)

2075 2405 2150 2477 μὴ
2176 2404 2440 2476 εῦληπτος
2482 2400 2620 2458 εἶναι
2667 2405 2780 2466 τοῖς
2818 2401 3063 2473 τυχοῦσι,
3092 2400 3179 2454 διὰ
3207 2399 3306 2471 τὴν
3338 2398 3661 2467 ἀναγκαίως

2072 2495 2505 2568 ἐπιζητουμένην
2550 2494 2646 2549 τοῦ
2691 2495 2860 2566 νόμου
2889 2492 3219 2563 γυμνασίαν.
3263 2492 3322 2544 '0
3352 2491 3533 2544 τοίνυν
3582 2490 3661 2561 μὴ

2073 2588 2342 2651 ἐπιδιδοὺς
2397 2586 2591 2641 ἑαυτὸν
2635 2588 2703 2657 τῇ
2757 2584 2977 2655 μελέτῃ,
3032 2582 3168 2654 μηδὲ
3218 2581 3365 2634 λύειν
3414 2580 3507 2633 τὸν
3553 2580 3664 2649 τῆς

2073 2679 2295 2748 ἀγνοίας
2324 2677 2522 2749 δεσμὸν
2550 2675 2854 2747 ἐπιθυμῶν,
2902 2672 3224 2744 σφραγίζειν
3253 2672 3343 2725 τὸν
3378 2671 3542 2742 νόμον
3570 2671 3665 2724 λέ-

2072 2787 2250 2838 γεται,
2282 2769 2342 2833 ὃς
2369 2767 2816 2840 φανερωθήσεται
2843 2767 2900 2819 ὲν
2927 2768 2991 2836 τῇ
3037 2764 3221 2835 ἡμέρᾳ
3251 2763 3349 2834 τῆς
3376 2762 3662 2817 ἀποκαλύ-

2073 2860 2238 2931 ψεως.
2273 2859 2501 2929 Φανεροὶ
2530 2858 2649 2928 γάρ·
2670 2856 2883 2909 ἔσονται
2917 2857 2967 2908 οἱ
3002 2852 3395 2925 σφραγίζοντες
3428 2854 3521 2905 τὸν
3574 2853 3665 2905 νό-

2079 2969 2197 3024 μον,
2234 2950 2330 3004 τοῦ
2361 2951 2435 3022 μὴ
2468 2950 2680 3021 μαθεῖν.
2713 2946 2838 3011 Πῶς
2863 2941 2956 3000 οὖν
2992 2945 3352 3019 σφραγίζουσι
3374 2943 3468 3024 τὸν
3495 2944 3664 3014 νόμον

403 3044 616 3098 ιιιοιίεω
641 3038 1040 3097 observationis
1068 3037 1411 3094 simulatione
1437 3045 1493 3092 et
1516 3039 1733 3094 nomine
1770 3048 1973 3108 myste-

2167 3044 2424 3107 Ἰουδαῖοι,
2462 3043 2591 3114 περὶ
2632 3034 2706 3095 ὧν
2731 3040 2965 3111 εἴρηται,
3005 3039 3088 3091 ὃτι
3119 3037 3326 3108 Ἦρατε
3355 3035 3455 3100 τὰς
3482 3036 3661 3099 κλεῖς,

404 3136 484 3191 ria
517 3135 658 3190 intus
681 3132 956 3188 recondita
988 3144 1096 3185 non
1125 3129 1345 3199 detegit.
1382 3130 1446 3184 Et
1484 3130 1613 3200 quid
1648 3131 1811 3195 dicat,
1843 3145 1975 3185 con-

404 3226 580 3281 sidera
603 3240 761 3280 :num
786 3222 996 3278 scilicet
1018 3223 1128 3277 siut
1164 3228 1349 3291 aperte
1378 3236 1536 3276 voces
1570 3220 1841 3277 Iudaica:
1867 3221 1980 3275 Ea:-

403 3316 645 3387 spectabo
673 3314 864 3381 Deum,
887 3312 975 3382 qui
993 3311 1176 3366 avertit
1202 3311 1392 3381 faciem
1434 3327 1586 3365 suam
1625 3328 1659 3364 a
1694 3311 1850 3366 domo
1880 3310 1982 3365 Ja-

403 3413 518 3467 cob.
558 3409 757 3465 Dicunt
787 3409 904 3463 haec
938 3403 1148 3461 Judmi:
1177 3403 1295 3459 Non
1341 3404 1505 3459 credo
1541 3403 1595 3457 in
1622 3401 1834 3465 Deum;
1869 3416 1978 3458 non

404 3505 631 3559 admitto
661 3498 1065 3557 Emmanuelem
1098 3515 1113 3552 :
1153 3496 1369 3551 tametsi
1401 3510 1546 3549 nunc
1573 3509 1671 3564 pro
1719 3494 1978 3551 derelicto

2076 3136 2169 3190 καὶ
2199 3135 2327 3189 οὔτε
2342 3134 2495 3188 αὐτοὶ
2517 3133 2848 3205 εἰσέρχεσθε,
2871 3128 3109 3192 καὶτοὺς
3132 3128 3461 3200 δυναμένους
3480 3128 3667 3181 εἰσελ-

2076 3223 2189 3277 θεῖν
2224 3223 2495 3288 κωλύετε;
2532 3221 2852 3293 Σφραγίζει,
2887 3219 2978 3273 τοῦ
3011 3219 3087 3292 μὴ
3118 3220 3331 3290 μαθεῖν,
3358 3222 3387 3273 ό
3415 3220 3509 3272 ὲπὶ
3545 3219 3666 3289 (72)

2076 3314 2351 3386 προφάσει
2372 3313 2437 3386 δὴ
2462 3314 2560 3384 τῆς
2591 3311 2733 3365 κατὰ
2757 3312 2819 3365 τὸ
2845 3311 3083 3383 γράμμα
3105 3312 3391 3383 τηρήσεως
3419 3312 3495 3381 μὴ
3524 3311 3671 3363 ἀπο.

2075 3406 2369 3460 καλύπτων
2399 3406 2468 3458 τὰ
2497 3407 2555 3459 ἐν
2729 3402 2882 3474 βάθει
2932 3403 3228 3475 μυστήρια.
3260 3402 3370 3455 Καὶ
3401 3401 3455 3454 τί
3482 3400 3667 3470 λέγει.

2076 3497 2267 3551 σκόπει
2288 3539 2301 3562 ,
2339 3499 2388 3550 εί
2427 3496 2508 3568 μὴ
2554 3496 2814 3569 ἄντικρυς
2856 3495 3147 3549 Ἰουδαῖκαὶ
3177 3496 3234 3548 αἱ
3263 3493 3459 3565 φωναίο
3488 3493 3674 3549 Mart?)

405 3596 626 3660 habeor,
641 3592 931 3664 aliquando
950 3602 1129 3645 tamen
1144 3588 1510 3644 visitationem
1527 3585 1622 3643 Dei
1647 3587 1977 3658 exspectabo

2157 3607 2180 3636 ν·
2200 3588 2350 3643 Θεὸν
2377 3588 2484 3642 τόν
2513 3586 2980 3656 ἀποστρέψαντα
3014 3587 3081 3640 τό
3117 3587 3441 3655 πρόσωπον
3472 3587 3673 3641 αὐτοῦ

405 3690 497 3760 qui
529 3689 725 3744 avertit
755 3688 944 3742 faciem
968 3701 1122 3743 suam
1147 3701 1176 3738 a
1203 3684 1364 3739 domo
1390 3680 1580 3738 Jacob.

2078 3683 2199 3738 ἀπὸ
2238 3682 2347 3739 τοῦ
2381 3684 2550 3738 οἴκου
2594 3681 2817 3739 Ἰακώϐ.
2853 3682 3039 3738 Ταῦτα
3080 3682 3332 3752 λέγουσιν
3374 3681 3628 3737 Ἰουδαῖοι
3654 3699 3672 3713 ·

405 3788 482 3840 Ob
517 3786 757 3838 πιστεύω
790 3785 872 3847 εἰς
919 3783 1009 3836 τὸν
1041 3781 1205 3835 Θεόν·
1251 3780 1316 3834 οὗ
1385 3780 1611 3852 δέχομαι
1655 3780 1747 3835 τὸν
1779 3781 2158 3853 Ἐμμανουήλο
2199 3783 2247 3835 εί
2277 3782 2371 3837 καὶ
2407 3781 2502 3836 νῦν
2527 3780 3047 3852 ἐγκαταλέλειμμαι,
3069 3780 3208 3834 ἀλλά
3237 3780 3383 3851 μενῶ
3407 3797 3538 3834 ποτε
3566 3781 3676 3852 τὴν

406 3880 708 3952 δπισκοπὴν
744 3878 838 3932 τοῦ
872 3876 1007 3931 Θεοῦ
1063 3877 1158 3930 τοῦ
1198 3875 1643 3949 ἀποστρέψαντος
1699 3876 1762 3930 τὸ
1800 3878 2092 3949 πρόσωπον
2120 3878 2285 3932 αὑτοῦ
2341 3879 2450 3931 ἀπὸ
2475 3878 2567 3932 τοῦ
2594 3878 2744 3932 οἴκου
2787 3877 3004 3933 Ἰακώϐ.

476 3972 601 4026 illi.
627 3970 791 4027 Vens.
825 3972 911 4026 18.
934 3969 1066 4025 Ecce
1103 3986 1197 4041 ego
1227 3980 1274 4025 et
1313 3972 1462 4041 pueri
1511 3988 1639 4041 quos
1676 3972 1805 4025 mihi
1834 3972 1979 4026 dedit

406 4062 570 4119 Deus.
614 4061 683 4117 Et
728 4075 877 4117 erant
918 4063 1070 4132 signa
1110 4072 1159 4116 et
1198 4070 1438 4131 portenta
1487 4063 1545 4115 in
1595 4063 1750 4117 domo
1787 4062 1975 4131 Jacob,

407 4172 443 4210 a
476 4154 707 4210 Domino
742 4153 999 4219 Sabaoth,
1025 4153 1114 4222 qui
1135 4153 1337 4206 habitat
1359 4151 1416 4206 in
1444 4162 1616 4206 monte
1642 4149 1792 4206 Sion.
1822 4151 1979 4207 Post-

2152 3972 2278 4028 216.
2324 3972 2468 4027 Ἰδοὺ
2508 3972 2621 4042 ἐγὼ
2656 3973 2756 4026 καὶ
2804 3972 2875 4026 τὰ
2899 3971 3124 4035 παιδία,
3164 3970 3203 4027 ἄ
3231 3989 3334 4041 μοι
3368 3970 3600 4024 ἔδωκεν
3637 3974 3675 4026 d

2086 4064 2250 4130 Θεός.
2295 4065 2405 4118 Καὶ
2443 4064 2613 4118 ἔσται
2651 4063 2870 4134 σημεῖα
2915 4064 3014 4117 καὶ
3052 4061 3268 4131 τέρατα
3304 4062 3374 4115 ἐν
3404 4060 3485 4127 τῷ
3523 4062 3676 4129 οἴκῳ

2097 4152 2323 4219 Ἰακὼϐ,
2354 4155 2513 4224 παρὰ
2530 4154 2749 4221 Κυρίου
2777 4152 3019 4207 Σαϐαὼθ
3045 4152 3181 4223 (75),
3212 4150 3281 4218 ὃς
3307 4150 3576 4205 κατοικεῖ
3600 4151 3679 4205 ἐν

407 4262 635 4317 eaquam
668 4246 935 4316 objurgati
977 4254 1103 4299 sunt
1137 4244 1553 4314 inobsequentes
1575 4285 1590 4309 ,
1629 4252 1741 4299 tum
1764 4244 1977 4299 demum

2157 4243 2165 4294 ὸ
2195 4242 2321 4312 ὄρει
2363 4243 2534 4297 Σιών.
2591 4243 2744 4297 Μετὰ
2774 4242 2836 4295 τὸ
2859 4240 3183 4312 ἐλεγχθῆναι
3219 4243 3345 4305 τοὺς
3378 4241 3676 4295 ἀπειθοῦν-

410 4335 669 4391 Dominus
710 4336 906 4406 ipsein
950 4334 1167 4406 propria
1214 4349 1443 4404 persona
1489 4334 1748 4405 loquitur.
1773 4334 1852 4389 Illi
1885 4336 1977 4405 igi-

2157 4348 2203 4395 ς,
2241 4333 2362 4385 τότε
2391 4330 2574 4386 λοιπὸν
2608 4331 2770 4395 αὐτὸς
2797 4334 2826 4385 ό
2854 4331 3057 4404 Κύριος
3082 4331 3190 4385 ἀπὸ
3216 4330 3311 4384 τοῦ
3339 4330 3465 4384 ίδίου
3498 4349 3677 4402 προσ-

411 4436 532 4493 tur,
572 4426 928 4497 inquit,forti
954 4425 1135 4480 manui
1162 4433 1219 4479 et
1249 4424 1431 4480 itineri
1473 4426 1571 4479 viae
1616 4423 1795 4495 populi
1822 4424 1977 4493 hujus

2157 4438 2237 4475 του
2266 4422 2590 4492 διαλέγεται.
2640 4423 2866 4476 Ἐκεῖνοι
2899 4424 2998 4495 μὲν
3023 4418 3136 4488 οὖν,
3169 4422 3353 4492 φησὶν,
3382 4421 3678 4478 ἀπειθοῦσι

411 4530 517 4571 non
550 4518 953 4586 obtemperant;
978 4518 1072 4572 sed
1102 4515 1407 4579 Dominum,
1439 4516 1529 4585 qui
1561 4516 1759 4570 avertit
1783 4516 1976 4571 facient

410 4623 566 4663 suam
610 4623 642 4663 a
687 4609 845 4664 domo
872 4606 1040 4664 Jacob
1062 4647 1078 4673 ,
1128 4606 1427 4679 praestolari
1460 4622 1519 4662 se
1553 4606 1831 4663 simulant.
1868 4606 1982 4679 Ego

409 4712 590 4756 autem
616 4714 708 4755 eos
741 4699 833 4769 qui
885 4699 938 4754 in
990 4713 1076 4754 me
1102 4697 1369 4763 credunt,
1400 4713 1496 4753 ceu
1530 4712 1719 4753 recens
1752 4713 1979 4769 regene-

410 4800 580 4859 ralos,
606 4800 786 4846 vetere
815 4790 1030 4847 homine
1070 4798 1231 4846 exuto
1252 4800 1308 4845 et
1337 4804 1475 4845 novo
1497 4788 1685 4845 induto
1711 4789 1757 4821 τ’
1778 4829 1795 4856 ,
1829 4789 1983 4860 quasi

410 4896 606 4953 pueros
635 4880 793 4937 modo
818 4880 1109 4950 genitos",
1140 4880 1366 4936 tenellos
1386 4880 1625 4937 moribus
1657 4890 1714 4936 et
1740 4879 1863 4934 ntali
1885 4896 1984 4935 ex-

409 4983 612 5044 pertes,
649 4987 712 5027 ac
742 4974 955 5028 tandem
983 4987 1012 5026 a
1048 4972 1241 5043 primis
1277 4972 1677 5051 Scripturarum
1703 4971 1985 5027 elementis

410 5081 509 5122 ceu
551 5079 582 5120 a
612 5064 749 5119 laete
793 5063 1073 5120 submotos
1098 5102 1114 5127 ,
1159 5072 1321 5134 atque
1355 5065 1421 5118 ad
1454 5062 1829 5133 perfectiorem
1861 5077 1982 5133 my-

2080 4516 2147 4585 τῇ
2190 4516 2389 4586 ἰσχυρᾷ
2425 4515 2589 4586 χειρὶ,
2631 4515 2725 4568 καὶ
2758 4517 2822 4586 τῇ
2865 4517 3062 4587 πορεία
3100 4516 3199 4586 τῆς
3240 4515 3360 4568 ὁδοῦ
3398 4513 3493 4567 τοῦ
3533 4514 3673 4568 λαοῦ

2081 4602 2289 4657 τούτου’
2319 4604 2412 4657 καὶ
2440 4603 2861 4677 προσποιοῦνται
2894 4606 3183 4678 ἀναμένειν
3217 4607 3307 4661 τὸν
3338 4608 3544 4678 Κυριον
3575 4607 3675 4661 τὸν

2083 4694 2501 4766 ἀποστρέψαντα
2526 4696 2589 4750 τὸ
2613 4695 2900 4767 πρόσωπον
2929 4697 3091 4751 αὐτοῦ
3111 4699 3218 4751 ἀπὸ
3240 4697 3332 4751 τοῦ
3362 4699 3513 4751 οἱκου
3561 4698 3675 4751 Ἰα-

2086 4785 2226 4841 κώσ.
2264 4784 2405 4856 Ἐγὼ
2428 4786 2487 4841 δὲ
2515 4790 2642 4855 τοὺς
2671 4793 2752 4854 είς
2782 4789 2883 4860 ἐμὲ
2907 4789 3359 4853 πεπιστευκότας,
3386 4789 3511 4860 ἄρτι
3533 4790 3675 4843 ἀνα-

2088 4878 2466 4949 γεννηθέντας,
2502 4882 2559 4934 ὲν
2578 4879 2656 4953 τῷ
2680 4880 2975 4934 ἀποθέσθαι
2997 4880 3090 4934 τὸν
3115 4879 3343 4933 παλαιὸν
3377 4879 3674 4950 ἄνθρωπον

2089 4971 2183 5025 καὶ
2205 4970 2491 5025 ἀναλαϐεῖν
2539 4972 2632 5027 τὸν
2678 4972 2818 5037 νέον,
2869 4972 3032 5026 οἱονεὶ
3090 4973 3285 5035 παῖδας
3340 4972 3671 5041 ἀρπγενεῖς,

2088 5062 2331 5127 ἁπαλοὺς
2356 5064 2449 5119 τὸν
2477 5064 2678 5137 τρόπον
2702 5066 2800 5120 καὶ
2825 5066 3247 5136 ἀπειροκάκους,
3277 5064 3370 5118 καὶ
3398 5064 3676 5133 ἀπογεγα-

484 5267 528 5298 ⁸⁸
558 5266 724 5323 Marc.
750 5281 825 5333 ιν,
860 5264 914 5321 8.
987 5265 1032 5298 "
1056 5263 1173 5321 Gal.
1213 5280 1285 5331 ιν,
1325 5263 1412 5321 19.
1487 5266 1532 5297 ⁸⁸
1564 5262 1730 5319 lCor.
1760 5261 1848 5328 £5,
1876 5261 1968 5318 49.

2157 5278 2243 5320 uc.
2278 5281 2356 5334 ιι,
2388 5266 2476 5322 52.
2550 5268 2597 5300 ⁷⁸
2626 5269 2834 5326 Cmoss.
2871 5284 2970 5336 ιιι,
2999 5269 3055 5325 9.
3093 5271 3138 5303 “
3183 5269 3202 5324 Ι
3232 5267 3373 5324 Petr.
3412 5284 3497 5333 ιι,
3539 5267 3596 5321 2.

482 5422 603 5496 (70),
631 5422 875 5496 Editi_et
911 5419 1535 5496 recen_tior_Combeli_s_i_i
1578 5421 1783 5485 codex,
1823 5420 1981 5496 λέγοι

412 5491 534 5563 μεν.
577 5491 732 5548 'Alter
779 5491 1084 5549 Combelisii
1120 5491 1290 5547 codex
1336 5500 1394 5547 et
1426 5491 1519 5546 alii
1560 5499 1794 5562 quatuor
1832 5501 1891 5545 ut
1922 5494 1979 5546 iu

413 5572 859 5757 :Eiiiuilicteres
888 5631 1089 5703 aliquot
1113 5631 1259 5699 libri,
1282 5630 1378 5703 τῷ.
1405 5631 1545 5688 Ειίἱιί
1572 5642 1624 5690 et
1645 5631 1784 5707 Reg.
1819 5647 1982 5705 quar-

506 5744 520 5771 ι
565 5740 636 5756 ον.

2161 5422 2274 5496 (7‘2)
2315 5424 2554 5494 Uterque
2578 5422 2733 5496 Coll).
2760 5434 2814 5479 et
2836 5424 2972 5496 Reg.
3000 5423 3293 5491 secundus,
3311 5426 3340 5477 ό
3361 5423 3476 5480 ἐπί.
3507 5424 3671 5481 Deest

2087 5494 2117 5547 ό
2151 5494 2202 5564 in
2236 5494 2355 5548 aliis
2389 5510 2521 5549 mss.
2555 5503 2610 5548 et
2633 5495 2684 5546 in
2708 5495 2958 5564 vulgatis.

2160 5562 2272 5639 (77;)
2312 5565 2531 5639 veteres
2568 5564 2769 5635 aliquot
2811 5562 2972 5632 'libri,
3009 5564 3162 5639 παρά
3197 5564 3395 5620 Iunio».
3441 5562 3606 5630 Θεοῦ,
3635 5578 3671 5619 ο

2092 5631 2314 5689 Domino
2350 5633 2476 5689 Dea.
