3808 6212
184 316 282 371 693

1011 312 1370 369 COMMENT.
1410 313 1480 367 IN
1521 313 1757 370 iSAlAM
1797 315 2245 376 PROPHETAM.
2285 321 2438 379 CAP.
2481 321 2616 378 Vill.

3330 321 3437 379 ιιιι

183 421 560 492 λακτισμὼους
577 420 757 474 λοιπδν
777 419 886 474 ἀπὸ
909 420 1017 475 τῶν
1047 421 1425 491 εἰσαγωγικῶν
1458 421 1632 491 λόγων
1663 424 1757 479 καὶ

1866 429 2150 486 steriorum
2194 446 2376 488 escam
2415 432 2737 504 pergentes,
2784 448 3035 501 assumo,
3072 433 3441 505 calefacioquo

183 513 265 570 ὲπί
292 515 384 586 τὴν
414 512 750 584 τελειοτέραν
779 511 984 584 τροφὴν
1019 512 1128 566 τῶν
1162 513 1474 585 μυστηρίων
1509 514 1751 586 χωροῦν-

178 619 290 666 τας,
320 602 541 667 τούτους
583 603 1037 674 προσλαϐόμενος,
1076 603 1170 656 καὶ
1204 603 1421 656 θάλπων
1462 605 1539 675 τῷ
1566 606 1752 678 κόλπῳ

181 693 272 762 τῆς
297 693 718 762 εὐσπλαγχνίας,
753 693 1015 763 προσάγω
1050 692 1125 764 τῷ
1148 694 1342 764 Πατρί,
1373 695 1449 746 Δι’
1480 695 1614 766 ἐμοῦ
1639 696 1750 769 γὰρ

181 783 345 854 ὴόδὸς
379 785 478 854 τῆς
525 783 661 852 πρὸς
691 784 852 836 αὐτὸν
879 783 1226 852 ἐπιγνώσεως
1273 785 1395 837 ’Ότι
1443 785 1500 838 δὲ
1542 786 1654 858 (74)
1685 790 1749 840 ἐκ

181 876 456 948 προσώπου
490 877 589 930 τοῦ
621 877 856 948 Χριστοῦ
888 879 1026 930 εἰσιν
1047 880 1094 930 οἰ
1121 878 1292 946 λόγοι,
1328 879 1504 942 οὐδεὶς
1535 882 1751 953 ἀντερεῖ

179 969 275 1021 τῶν
326 971 690 1040 μεμνημένων
737 971 836 1039 τῆς
881 970 1018 1040 πρὸς
1065 970 1351 1040 Ἐϐραίους
1409 972 1748 1043 Ἐπιστολῆς·

183 1063 421 1129 Ἔπρεπε
449 1062 581 1131 γὰρ,
611 1067 765 1132 φησι,
801 1061 876 1114 δι’
910 1061 981 1114 ὃν
1012 1061 1084 1115 τὰ
1103 1059 1321 1128 πάντα,
1350 1062 1448 1115 καὶ
1475 1062 1549 1115 δι’
1577 1060 1648 1119 οὗ
1681 1065 1753 1118 τὰ

179 1151 376 1219 πάντα,
410 1154 689 1220 πολλοὺς
729 1153 902 1219 υἱοὺς
933 1156 1021 1219 εἰς
1065 1153 1255 1216 δόξαν
1294 1155 1615 1224 ἀγαγόντα,
1646 1157 1754 1210 τὸν

178 1242 426 1312 ἀρχηγόν
450 1243 564 1311 τῆς
585 1244 884 1312 σωτηρίας
913 1243 1011 1298 διὰ
1031 1243 1394 1314 παθημάτων
1415 1247 1748 1302 τελειῶσαι.

181 1335 236 1386 '0
262 1353 319 1389 τε
345 1336 454 1405 γὰρ
479 1336 752 1406 ἁγιάζων,
799 1337 954 1409 φησὶ,
998 1337 1098 1390 καὶ
1126 1340 1180 1391 οἰ
1213 1337 1583 1408 ἁγιαζόμενοι
1616 1339 1752 1409 (75),

178 1425 239 1491 ἐξ
283 1427 413 1494 ἐνὸς
457 1429 704 1495 πάντες.
771 1431 852 1484 Δι’
905 1429 985 1498 ἢν·
1042 1430 1239 1484 αἰτίαν
1297 1433 1408 1485 οὐκ
1459 1431 1749 1502 ἐπαισχύ-

1859 519 1912 574 in
1951 523 2335 581 misericordiae
2367 527 2488 580 sinu
2509 566 2524 592 ,
2561 537 2615 580 et
2646 526 2792 581 Patri
2820 525 3009 584 oﬂ‘ero.
3036 526 3142 582 Per
3182 542 3268 582 me
3293 528 3439 582 enim

1857 614 1926 667 ad
1963 615 2134 684 ipsum
2170 620 2601 685 cognoscendum
2643 620 2893 690 expedita
2931 623 3011 674 via
3047 629 3148 677 est.
3191 621 3316 676 llaec
3342 635 3440 674 auo

1857 713 1962 758 tem
1994 708 2158 762 verba
2208 709 2263 764 in
2307 709 2513 766 Christi
2563 725 2795 780 persona
2845 712 3222 782 pronuntiari,
3276 725 3440 766 nemo
3466 695 3485 766 τ’

1854 799 2172 866 negaverit,
2223 801 2316 871 qui
2371 804 2678 858 meminerit
2731 804 2984 873 Epistolas
3032 806 3098 860 ad
3131 806 3435 860 Hebraeos:

1857 887 2081 942 Decebat
2113 892 2272 957 enim,
2306 893 2518 963 inquit,
2551 911 2668 948 eum
2692 935 2706 959 ,
2752 906 2965 965 prapter
2991 912 3138 966 quem
3166 897 3364 960 omnia,
3388 903 3440 948 et

1855 995 1949 1044 per
1969 996 2120 1049 quem
2148 985 2347 1046 omnia.
2375 986 2465 1055 qui
2491 987 2685 1040 multos
2719 987 2858 1060 [ilios
2883 988 2936 1039 in
2960 986 3185 1055 gloriam
3209 986 3441 1038 adduxe-

1860 1082 1967 1138 rat,
2004 1084 2272 1130 auctorem
2302 1079 2495 1132 salutis
2532 1095 2713 1133 eorum
2754 1095 2847 1147 per
2873 1079 3166 1146 passionem
3191 1094 3442 1132 consum-

1859 1177 2022 1216 mare.
2057 1163 2164 1229 Qui
2198 1166 2376 1230 enim,
2409 1167 2628 1236 inquit,
2674 1165 2970 1232 sanctiﬁcat
2995 1175 3041 1218 et
3073 1164 3163 1234 qui
3195 1163 3439 1230 sanctiﬁ-

1859 1264 2048 1309 cantur
2070 1298 2086 1321 ,
2142 1274 2207 1312 ea;
2240 1275 2343 1313 uno
2395 1275 2593 1314 omnes.
2640 1258 2862 1327 Pr0pter
2893 1275 3051 1326 quam
3087 1273 3304 1312 causam
3335 1273 3441 1309 non

1857 1349 2201 1418 confunditur
2240 1353 2431 1420 fratres
2475 1369 2562 1407 eos
2610 1368 2834 1417 vocare,
2875 1351 3053 1404 dicens
3101 1365 3118 1402 :
3165 1347 3440 1403 Nuntiabo

1859 1455 2047 1494 nomen
2086 1452 2235 1495 tuum
2281 1444 2539 1511 fratribus
2582 1446 2728 1496 meis.
2766 1443 2832 1495 Et
2885 1444 3078 1497 iterant
3116 1458 3136 1496 :
3183 1439 3320 1495 Ecce
3346 1455 3441 1510 ego

179 1537 328 1575 νεῖαι
374 1523 601 1590 αὐτοὺς
645 1525 854 1578 καλεῖν
903 1523 1230 1592 ἀδελφοὺς,
1282 1521 1504 1594 λέγων’
1555 1526 1758 1597 Ἀπαγ-

1866 1539 1908 1581 el
1938 1533 2086 1598 pueri
2112 1551 2240 1602 quos
2278 1536 2407 1588 mihi
2441 1537 2584 1590 dedit
2613 1535 2750 1590 Deus
2772 1536 2840 1590 ⁷⁸.

179 1612 317 1685 τελῶ
374 1615 440 1670 τὸ
512 1617 706 1688 ὄνομά
747 1635 864 1674 σου
908 1618 1035 1683 τοῖς
1073 1617 1362 1686 ἀδελφοῖς
1419 1637 1576 1688 μου·
1621 1622 1720 1676 καὶ
1753 1623 1973 1678 πάλιν·
2036 1628 2192 1683 Ἰδοὺ
2238 1629 2353 1701 ἐγὼ
2397 1631 2496 1684 καί
2540 1631 2612 1685 τὰ
2663 1630 2874 1684 παιδία
2909 1629 2950 1685 ἄ
2987 1647 3092 1701 μοι
3131 1630 3359 1684 ἔδωκεν
3406 1628 3443 1682 ό

180 1710 328 1775 Θεός.

237 1804 353 1860 9J7.
387 1807 495 1859 Καὶ
537 1804 734 1866 ἔσται,
760 1805 914 1876 φησί,
948 1807 1167 1876 σημεῖα
1195 1809 1293 1864 καὶ
1327 1809 1540 1878 τέρατα
1575 1811 1645 1865 ἐν
1677 1811 1756 1878 τῷ

1927 1812 2055 1867 9.17.
2087 1809 2156 1865 Et
2187 1821 2378 1879 erunt,
2415 1813 2626 1882 inquit,
2655 1813 2806 1882 signa
2845 1823 2894 1866 et
2925 1821 3165 1880 portenta
3200 1812 3256 1866 in
3283 1811 3443 1865 domo

179 1894 305 1962 οἰκῳ
340 1894 552 1949 Ἰακώϐ.
585 1895 744 1964 Παρὰ
771 1895 975 1952 τούτων
997 1897 1106 1953 τῶν
1134 1900 1361 1954 παιδίων
1389 1901 1498 1954 τῶν
1521 1903 1753 1970 ἀναγεν-

178 1985 426 2058 νηθὲντων
459 1986 567 2039 ὑπὸ
590 1984 828 2058 Χριστοῦ
855 1985 1060 2040 δυνατά
1093 1993 1314 2061 σημεῖα,
1351 1991 1445 2044 καὶ
1465 1990 1668 2062 τέρατα
1697 1994 1754 2045 ἐν

178 2077 247 2149 τῷ
271 2081 396 2151 οἴκῳ
447 2078 647 2133 Ἰακὼὸ
689 2079 798 2152 (76)
844 2079 1342 2153 ἐπιτελεσθήσεται.
1387 2083 1580 2137 Παιδία
1614 2079 1756 2156 ἦσαν

179 2175 222 2225 οἰ
242 2173 540 2238 ἀπόστολοι,
587 2176 653 2244 τῇ
691 2173 860 2244 κακίᾳ
895 2173 1279 2243 νηπιάζοντες·
1317 2177 1364 2228 οἰ
1400 2175 1616 2247 πρῶτον
1656 2177 1756 2247 μὲν

179 2265 429 2334 γλώσσαις
455 2265 772 2329 λαλοῦντες,
804 2264 1011 2318 ἰδιῶται
1033 2264 1310 2336 ἄνθρωποι
1336 2268 1429 2319 καί
1461 2267 1752 2333 Γαλιλαῖοι,

182 2359 298 2411 πᾶσι
336 2356 583 2427 φανερὰν
609 2355 872 2427 ἐποίησαν
906 2355 1007 2426 τὴν
1037 2356 1333 2428 ἐπιδημίαν
1377 2356 1472 2410 τοῦ
1499 2359 1753 2430 Πνεῦμα-

181 2465 278 2512 τος,
316 2449 406 2503 καὶ
434 2450 534 2522 τὴν
576 2448 878 2518 γενομένην
907 2448 994 2500 ἐπ’
1021 2439 1218 2511 αὐτοὺς
1250 2446 1362 2501 τῶν
1399 2450 1754 2522 χαρισμάτων

180 2539 437 2611 διαίρεσιν,
479 2541 579 2594 καὶ
620 2540 711 2594 τον
751 2540 1016 2611 μερισμὸν
1061 2539 1169 2592 τῶν
1203 2540 1487 2609 γλωσσῶν.
1524 2544 1754 2596 Ἔπειτα

181 2635 398 2703 γνωστὸν
428 2637 683 2706 σημεῖον,
715 2635 744 2687 6
766 2635 861 2687 ἐπὶ
887 2637 954 2706 τῇ
994 2635 1175 2707 ὡραία
1207 2635 1352 2707 πύλῃ
1390 2635 1755 2707 καθεζόμενος

181 2727 350 2797 χωλὸς,
379 2727 529 2800 παρά
560 2727 770 2798 Πέτρου
808 2729 902 2780 καὶ
949 2728 1218 2792 Ἰωάννου,
1264 2729 1353 2782 διὰ.
1391 2729 1490 2800 τῆς
1527 2729 1754 2801 ἐπικλή-

184 2835 304 2883 σεως
324 2819 414 2873 τοῦ
445 2820 712 2890 ὀνόματος
739 2818 834 2872 τοῦ
858 2820 1119 2891 Χριστοῦ,
1154 2820 1418 2892 ἀρτίπους
1441 2820 1752 2890 γενόμενος,

183 2913 570 2984 στερεωθεισῶν
622 2911 772 2983 αὑτῷ
827 2913 938 2985 (77)
979 2907 1088 2966 τῶν
1117 2912 1348 2984 βάσεων.
1416 2914 1533 2983 Ἐφ’
1572 2907 1616 2980 ᾧ
1659 2914 1754 2967 καὶ

183 3005 451 3078 ἐπληρώθη
500 3008 534 3078 ἡ
589 3005 796 3060 παλαιά
834 3005 1161 3077 προφητεία,
1204 3009 1286 3060 ὅτι
1338 3006 1476 3060 Τότε
1502 3005 1750 3071 εἱλεῖται,

182 3097 252 3163 ὡς
269 3097 506 3167 ἔλαφος,
543 3101 582 3153 ό
612 3099 828 3168 χωλός.
875 3098 1105 3168 Σημεῖον
1148 3094 1214 3170 ἦν
1243 3100 1277 3170 ὴ
1311 3096 1540 3170 Δορκάς,
1573 3099 1637 3150 ὲκ
1669 3114 1755 3149 νε-

1855 1903 2042 1959 Jacob.
2069 1905 2152 1959 Ab
2185 1904 2338 1960 hisce
2366 1905 2550 1974 pueris
2582 1919 2612 1958 a
2655 1903 2874 1959 Christo
2911 1904 3246 1973 regeneratis
3279 1903 3440 1957 fortia

1855 1997 2006 2068 signa
2051 2006 2106 2052 et
2137 2005 2386 2066 portenta
2432 1997 2485 2050 in
2515 1997 2676 2052 domo
2712 1994 2882 2050 Jacob
2917 1997 3167 2051 edentur.
3201 1995 3444 2051 Infantes

1857 2099 2012 2144 erant
2057 2089 2284 2159 apostoli
2319 2129 2334 2153 ,
2384 2098 2570 2159 utpote
2618 2090 2825 2144 malitia
2867 2091 3020 2162 pueri
3065 2088 3154 2154 7‘;
3188 2089 3278 2157 qui
3321 2088 3437 2156 pri-

1857 2194 2007 2232 mum
2080 2178 2297 2248 quidem
2351 2179 2549 2250 linguis
2597 2179 2917 2248 loquentes,
2951 2179 3197 2234 homines
3229 2177 3444 2234 scilicet

1858 2271 2036 2326 idiota:
2065 2279 2120 2326 et
2147 2269 2351 2326 Galilaai
2376 2312 2392 2338 ,
2443 2282 2624 2326 tamen
2663 2270 2899 2340 Spiritus
2940 2271 3115 2326 sancti
3145 2272 3437 2324 adventum

1857 2363 2108 2417 omnibus
2143 2362 2491 2418 manifestum
2537 2362 2931 2430 reddiderunt;
2963 2371 3128 2432 atque
3167 2361 3439 2416 donorum

1856 2451 2178 2508 divisionem
2209 2493 2225 2519 ,
2273 2452 2692 2523 linguarumque
2737 2454 3086 2524 partitionem
3116 2465 3440 2506 concessam

1856 2545 1958 2600 sibi
1988 2544 2160 2600 fuisse
2201 2547 2564 2602 ostenderunt
2592 2545 2662 2599 ⁷⁸.
2703 2546 2906 2602 Adhmc
2937 2544 3230 2600 dilucidum
3258 2553 3312 2598 et
3338 2558 3441 2598 no-

1857 2647 1970 2692 tum
2021 2639 2236 2707 signum
2282 2647 2367 2692 est
2418 2637 2644 2692 claudus
2702 2636 2832 2703 ille,
2876 2637 2968 2706 qui
3021 2635 3088 2689 ad
3126 2634 3441 2705 Speciosam

1854 2740 2067 2800 portam
2111 2731 2344 2796 sedens,
2395 2744 2492 2800 per
2529 2729 2932 2784 invocationem
2973 2727 3210 2782 nominis
3236 2723 3442 2780 Christi

1857 2836 1886 2875 a
1913 2821 2072 2876 Petro
2107 2832 2160 2876 et
2202 2820 2411 2876 Joanne
2454 2820 2750 2890 perfectam
2785 2822 2980 2889 pedum
3019 2819 3310 2875 sanitatem
3337 2817 3440 2872 ob-

1857 2913 2038 2978 tinuit,
2066 2911 2294 2967 (innatis
2338 2911 2510 2981 ipsius
2541 2911 2703 2983 542
2739 2911 2937 2982 plantis
2971 2927 3035 2967 ac
3067 2912 3336 2966 roboratis
3368 2909 3438 2966 ".

1855 3005 1912 3060 In
1956 3020 2063 3074 quo
2112 3003 2266 3073 signo
2326 3002 2591 3072 completa
2646 3011 2731 3056 est
2774 3013 2929 3056 vetus
2967 3001 3055 3055 illa
3099 3000 3386 3071 prophetia
3422 3016 3440 3030 ·

1860 3093 2006 3149 Tum:
2039 3094 2210 3159 saliet,
2245 3104 2299 3146 ut
2320 3109 2530 3160 cervus,
2556 3092 2776 3147 claudus
2817 3093 2886 3145 ⁷⁸.
2914 3092 3138 3162 Signum
3166 3105 3286 3147 erat
3312 3092 3444 3147 Dor-

183 3189 312 3257 κρῶν
338 3190 684 3262 ἐγειρομένη.
720 3191 952 3260 Σημεῖόν
986 3185 1055 3260 ἦν
1095 3190 1152 3244 αἱ
1197 3189 1413 3261 σιδηραῖ
1457 3179 1624 3242 πύλαι
1657 3190 1754 3259 τῆς

1866 3203 1992 3254 cas,
2030 3202 2060 3240 a
2109 3191 2338 3241 mortuis
2377 3185 2611 3241 excitata
2651 3186 2718 3239 '".
2777 3183 3001 3255 Signum
3053 3187 3206 3239 tuere
3248 3184 3444 3238 ferrem

185 3278 426 3351 φυλακῆς,
483 3279 813 3350 αὐτομάτως
861 3278 1286 3349 ὑπανοιγόμεναι
1342 3281 1408 3348 τῇ
1453 3277 1616 3349 ἐξόδῳ
1658 3276 1753 3330 τοῦ

185 3369 395 3444 Πέτρου·
425 3373 493 3428 τὰ
543 3371 724 3444 δεσμά
777 3353 1043 3442 λυόμενα·
1095 3373 1190 3426 καὶ
1225 3372 1326 3425 ὅσα
1356 3369 1493 3425 ἄλλα
1524 3370 1614 3424 διὰ
1643 3369 1753 3423 τῶν

185 3463 470 3520 ἀποστόλων
516 3466 736 3535 ἐγίνετο
777 3467 856 3530 εἰς
897 3464 1202 3537 φανέρωσιν
1235 3463 1337 3533 τῆς
1371 3463 1622 3535 θεότητος
1656 3460 1752 3515 τοῦ

184 3554 514 3623 Μονογενοῦς.
569 3555 754 3608 Ταῦτα
787 3555 844 3608 δὲ
882 3555 1060 3609 πάντα
1094 3553 1163 3608 τὰ
1197 3556 1399 3624 σημεῖα
1432 3554 1524 3607 καὶ
1548 3555 1754 3624 τέρατα

187 3647 318 3714 παρὰ
343 3648 449 3717 (78)
476 3646 616 3701 Θεοῦ
642 3649 758 3700 ἐστι
791 3644 1045 3712 Σαϐαὼθ,
1074 3645 1134 3710 ὃς
1165 3647 1410 3699 κατοικεῖ
1442 3646 1500 3700 ἐν
1535 3644 1610 3716 τῷ
1636 3645 1752 3717 ὄρει

187 3735 322 3791 Σιιίιν.
374 3739 504 3796 Θεὸν
563 3738 790 3793 Σαϐαὼθ
837 3738 931 3792 τὸν
978 3739 1108 3792 Θεὸν
1154 3738 1262 3792 τῶν
1298 3737 1567 3810 στρατιῶν
1615 3741 1752 3790 νοεῖν

186 3832 427 3901 προσῆκε.
459 3833 557 3897 Τίς
585 3832 643 3886 δὲ
674 3831 830 3896 ἀλλος
868 3831 976 3885 τῶν
1012 3831 1282 3904 στρατιῶν
1305 3830 1529 3902 Κύριος,
1566 3829 1600 3900 ἢ
1627 3830 1654 3882 ὁ
1673 3829 1756 3882 λε-

186 3921 389 3992 γόμενος
415 3926 856 3998 ἀρχιστράτηγος
881 3925 990 3996 (79)
1030 3926 1128 3997 τῆς
1152 3923 1437 3994 δυνάμεως
1473 3923 1566 3975 τοῦ
1593 3922 1751 3986 Θεοῦ,

186 4014 298 4081 παρ’
325 4008 382 4066 οὗ
407 4016 619 4069 δέδοται
643 4015 713 4070 τὰ
742 4018 945 4086 σημεῖα
963 4017 1078 4078 τοῖς
1105 4014 1364 4079 παιδίοις;
1403 4014 1525 4067 Ὅτι
1552 4012 1609 4065 δὲ
1635 4031 1756 4066 παι-

184 4097 260 4152 δία
300 4105 345 4154 οἱ
383 4106 459 4168 εἰς
492 4105 732 4177 Χριστὸν
771 4105 1219 4169 πεπιστευκότες,
1246 4104 1405 4174 δῆλον
1440 4103 1540 4174 μὲν
1566 4103 1659 4156 καὶ
1688 4105 1753 4156 ἐκ

185 4191 266 4243 τοῦ
295 4197 568 4268 εἰρηκέναι
594 4197 686 4250 τὸν
711 4197 914 4267 Κύριον
940 4198 1070 4270 περ)¹
1101 4197 1210 4251 τῶν
1241 4195 1535 4249 αἰνούντων
1565 4194 1750 4257 αὑτὸν,

187 4283 270 4336 καὶ
304 4285 586 4355 λεγόντων,
640 4289 900 4343 Ὡσαννὰ
950 4289 1020 4342 ἐν
1067 4287 1192 4354 τοῖς
1241 4287 1551 4356 ὑψίστοις,
1614 4285 1752 4356 πρὸς

186 4377 295 4440 τοὺς
335 4380 620 4443 Ἰουδαίους
644 4382 769 4444 τοὺς
788 4379 1040 4444 εἰπόντας
1069 4378 1219 4450 αὐτῷ
1238 4395 1251 4408 ⁸
1287 4380 1411 4432 Οὐκ
1434 4377 1674 4442 ἀκούεις
1696 4378 1754 4430 τί

187 4463 332 4523 οὗτοι
356 4473 683 4544 λέγουσιν;
713 4474 835 4526 Ὅτι
860 4473 927 4526 ἐκ
949 4474 1246 4541 στόματος
1266 4471 1500 4540 νηπίων
1525 4470 1623 4523 καὶ
1650 4472 1752 4537 θη-

1857 3279 2094 3336 carceris
2121 3288 2290 3349 portae
2315 3277 2384 3342 ⁷⁸,
2413 3292 2478 3331 ex
2511 3293 2568 3332 se
2600 3277 2733 3348 ipsis
2780 3277 2832 3332 in
2878 3276 3023 3330 Petri
3063 3263 3292 3346 cgiessu
3341 3275 3440 3330 ad-

1856 3379 2056 3441 aperta
2077 3410 2093 3436 ,
2128 3369 2344 3424 vincula
2376 3369 2576 3434 soluta,
2609 3381 2664 3424 et
2698 3383 3032 3439 quaecunque
3063 3368 3188 3432 alia,
3224 3381 3344 3435 qua:
3371 3367 3442 3422 ab

1856 3462 2116 3533 apostolis
2151 3471 2301 3530 gesta
2348 3469 2474 3515 sunt
2508 3461 2576 3514 ad
2609 3459 2991 3514 declarandam
3037 3457 3310 3529 Unigcniti
3358 3459 3445 3512 di-

1858 3553 2160 3606 vinitatem.
2218 3548 2345 3604 llaic
2397 3559 2577 3604 autem
2633 3548 2786 3620 signa
2848 3563 2913 3602 ac
2964 3548 3209 3618 prodigia
3256 3547 3440 3603 omnia

1855 3644 2000 3699 facta
2042 3653 2172 3698 sunt
2225 3658 2258 3698 a
2309 3642 2418 3698 Deo
2465 3641 2752 3710 Sabaoth,
2801 3643 2894 3712 qui
2923 3641 3131 3696 habitat
3167 3641 3219 3695 in
3253 3651 3439 3697 monte

1857 3735 2010 3792 Sion.
2055 3735 2164 3789 Par
2206 3733 2373 3789 fuerit
2419 3733 2588 3788 Deum
2635 3732 2875 3802 Sabaoth
2921 3734 3089 3788 Deum
3135 3733 3442 3803 intelligere

1855 3830 2220 3885 exercituum.
2269 3827 2402 3895 Quis
2451 3838 2634 3884 autem
2679 3828 2820 3882 alius
2869 3829 3211 3883 exercituum
3251 3828 3439 3882 Domi-

1855 3937 1978 3985 nus,
2007 3921 2110 3976 nisi
2137 3920 2230 3989 qui
2260 3920 2458 3974 dicitur
2485 3921 2740 3990 princeps
2771 3920 2980 3975 militia:
3011 3921 3224 3976 virtutis
3255 3923 3351 3979 Dei
3371 3923 3441 3990 ⁷⁸,

1857 4029 1888 4066 a
1923 4027 2030 4081 quo
2069 4015 2194 4067 data
2227 4021 2354 4066 sunt
2399 4012 2582 4082 pueris
2633 4013 2826 4084 signa?
2869 4013 3005 4070 Hinc
3043 4023 3223 4069 autem
3271 4016 3443 4086 liquet

1855 4119 1951 4159 eos
1985 4104 2077 4175 qui
2129 4104 2180 4157 in
2219 4101 2500 4158 Christum
2531 4104 2835 4168 ,credidere
2861 4145 2876 4172 ,
2915 4122 3114 4176 pueros
3155 4109 3442 4177 appellari,

1855 4196 2001 4268 quod
2047 4197 2306 4254 Dominus
2351 4213 2515 4253 causa
2542 4212 2730 4253 eorum
2770 4198 2860 4268 qui
2907 4199 3082 4269 ipsum
3119 4201 3438 4267 laudabant,

1856 4302 1921 4342 ac
1954 4288 2529 4345 dicebantzﬂosanna
2573 4290 2628 4343 in
2669 4290 2979 4359 altissimis,
3016 4290 3218 4347 Iudicis
3261 4293 3310 4347 ei
3353 4295 3440 4348 di-

1856 4381 2124 4446 centibus,
2163 4381 2289 4436 Non
2327 4384 2482 4436 audis
2507 4384 2634 4454 quid
2673 4383 2763 4437 isti
2793 4383 3016 4438 dicunt?
3043 4384 3384 4454 responderit
3423 4404 3438 4440 :

1856 4470 1942 4527 Ea:
1969 4490 2057 4528 ore
2088 4475 2374 4545 infantium
2405 4485 2452 4530 et
2477 4475 2785 4530 lactentium
2817 4477 3082 4545 perfecisti
3111 4476 3322 4530 tandem
3363 4479 3437 4533 ⁸ο.

187 4531 462 4623 laterem.-
482 4531 822 4636 κατηρτίσω
849 4531 1450 4637 αἶνον.’Νηπίους’γάρ
1476 4565 1594 4616 ἐκεῖ
1625 4531 1746 4614 εἷπε

1866 4563 1972 4620 illic
2009 4567 2154 4621 enim
2203 4567 2440 4623 infantes
2479 4569 2693 4623 vocavit
2736 4583 2865 4634 eos,
2896 4570 3013 4638 qui.
3041 4571 3198 4624 casis
3231 4571 3443 4640 palma-

186 4654 296 4718 τοὺς
316 4658 606 4726 τέμνοντας
640 4658 708 4711 τὰ
747 4657 872 4728 βάῖα
897 4657 1004 4710 τῶν
1035 4655 1292 4726 φοινίκων
1330 4657 1424 4708 καὶ
1453 4653 1522 4708 τὰ
1552 4653 1744 4725 ἱμάτια

190 4748 540 4816 στρωννύντας
577 4751 634 4803 ὲν
661 4751 740 4820 ,τῇ
770 4747 894 4818 ὁδῷ,
922 4748 1017 4801 καὶ⁹
1043 4748 1171 4811 τοὺς
1193 4745 1497 4818 κράζοντας
1536 4746 1628 4798 καὶ
1659 4745 1744 4798 δο-

248 4932 290 4963 "
320 4934 476 4992 Hebr.
517 4953 579 4998 ιι,
606 4936 794 4998 Ιυοίδς
828 4935 969 4990 Psal.
1014 4951 1122 4998 ut,
1150 4934 1247 4995 9.3;

191 4999 230 5032 "
257 5001 348 5058 lsa.
392 5025 556 5074 xxxv,
593 5009 648 5062 5.
724 5009 767 5039 ⁷⁷
795 5013 911 5062 Act.
961 5023 1037 5069 ix,
1079 5011 1169 5059 40.
1247 5005 1291 5035 ⁷⁸
1345 5007 1464 5059 Act.
1517 5021 1587 5057 λιι
1616 5046 1630 5070 ,
1666 5003 1752 5058 10.

253 5125 613 5194 (76).Codtces
642 5125 905 5188 nonnulli,
931 5125 1013 5178 ὅτι
1054 5122 1176 5195 γάρ.

383 5196 457 5275 ita
481 5215 621 5275 mss1
644 5196 1046 5275 cumestljlditi,
1073 5193 1518 5275 όςάγιαζόμενος.
1545 5193 1738 5275 Statim

191 5263 322 5337 editi,
338 5263 541 5333 ἀὐτοὺς
560 5267 824 5337 ἀδελφοὺς
855 5265 1054 5334 λέγειν.
1085 5263 1408 5337 ΪΑπαγγελῶ
1429 5265 1558 5335 γὰρ,
1584 5263 1738 5334 φησὶ,

193 5335 246 5387 τὸ
276 5338 456 5408 ονομα.
487 5343 556 5393 At
581 5335 751 5394 nostri
788 5353 883 5408 se;
907 5350 1048 5408 Διιιεε.
1091 5336 1186 5400 ita,
1219 5345 1277 5408 u_t
1309 5337 1598 5408 edidimus.

253 5403 551 5478 (76)'Editi,
591 5409 687 5463 τοῦ
727 5405 946 5463 Ἰακώ6.
979 5405 1146 5462 Abest
1174 5403 1269 5458 τοῦ
1320 5421 1350 5459 a
1401 5406 1606 5460 nostris
1645 5417 1741 5459 sex

195 5481 461 5534 coilicibns.

256 5547 356 5622 (Π)
386 5552 598 5622 antiqui
636 5566 728 5607 se:
759 5549 904 5622 libri,
935 5547 1114 5622 αὐτῷ.Δ
1149 5547 1528 5622 Editi,_a6:ou.

253 5617 633 5694 (78)»_Etliti'xat
658 5622 730 5675 τὰ
753 5621 959 5694 τέρατα
981 5617 1130 5691 παρὰ
1157 5617 1276 5694 τοῦ.
1310 5619 1513 5694 Desunt
1532 5618 1589 5672 in
1612 5632 1740 5672 mss.

197 5690 405 5769 articuli.
439 5692 582 5750 Haud
630 5695 788 5765 lange
819 5689 987 5758 'editi,
1029 5689 1320 5763 προσήκει.
1363 5691 1431 5746 At
1469 5705 1564 5745 sex
1609 5705 1738 5746 mss.

196 5769 464 5830 προσηκεν.

1317 4935 1416 4988 Isa.
1449 4948 1569 4998 vin,
1607 4933 1722 5005 18._
1767 4933 1814 4964 "
1853 4930 2147 5005 l_Cor.xrv,
2177 4929 2279 5005 ⁸30.Δ
2345 4931 2526 5005 "ﬁci.
2558 4949 2615 4996 ιι,
2646 4934 2680 4987 4
2718 4949 2838 5005 sqq.

1857 4673 1975 4712 rum
2009 4659 2196 4724 ramis,
2221 4660 2670 4729 vestimentisque
2698 4661 2749 4714 in
2778 4662 2861 4714 via
2879 4661 3085 4725 stratis,
3109 4661 3440 4729 clamabant,

1853 4762 1918 4802 ac
1967 4762 2091 4803 eum
2139 4749 2390 4819 gloriosis
2435 4765 2500 4806 ac
2549 4751 2865 4808 honoriticis
2907 4755 3087 4809 verbis
3144 4771 3443 4826 proseque-

2919 4936 2969 5009 ’ξ
2992 4942 3110 4990 Act.
3145 4953 3228 5001 Ill,
3252 4937 3288 4991 2
3309 4953 3438 5009 sqq.

1867 5003 1914 5034 "
1959 5005 2073 5056 dos.
2104 5017 2173 5067 ν,
2221 5001 2307 5061 14.
2384 5002 2647 5058 “Matth.
2687 5001 2922 5070 siin—15,
2951 5008 3038 5060 16.

1918 5119 2032 5197 (79)
2073 5119 2200 5197 βιαιο
2231 5127 2416 5197 ggrba,
2446 5123 2474 5174 6
2497 5120 2789 5197 λεγόμενος
2817 5122 3282 5194 ἀρχιστράτηγος,
3303 5133 3438 5192 etc.,

1844 5194 1936 5258 qui
1979 5192 2174 5261 dicitur
2207 5192 2447 5258 princeps
2465 5194 2703 5257 militia,
2748 5192 3156 5261 etc—{sumpta
3190 5204 3320 5248 sunt
3367 5211 3438 5250 ex

1847 5261 1964 5316 Jos.
1999 5275 2055 5327 v,
2104 5260 2192 5315 M.
2231 5261 2340 5317 Sed
2383 5263 2478 5326 ibi,
2511 5273 2569 5317 ut
2608 5273 2760 5317 notat
2803 5260 3182 5325 (IombcliSius,
3220 5265 3436 5319 videtur

1852 5334 2031 5408 potius
2069 5331 2310 5408 angelus
2348 5332 2679 5408 designarit
2708 5349 2877 5408 quam
2931 5335 3067 5408 ipse
3099 5335 3191 5389 Dei
3239 5335 3432 5408 F_ilius.
3505 5391 3531 5408 ,,

1851 5401 2006 5469 Quod
2042 5404 2231 5457 eodem
2259 5402 2348 5458 illo
2393 5405 2444 5457 in
2476 5401 2592 5458 loco
2631 5401 2822 5459 ait'vir
2848 5401 3219 5470 doctissimus,
3255 5403 3431 5462 Euse-

1854 5473 2002 5546 bium
2032 5487 2162 5546 voce
2190 5473 2630 5546 ἀρχιστράτηγος
2664 5475 2898 5529 libenter
2926 5478 3026 5540 uti,
3066 5476 3121 5530 id
3157 5491 3244 5531 me
3273 5475 3435 5532 facile

1857 5541 2107 5615 adducit,
2154 5541 2466 5615 ut'credam
2505 5541 2664 5612 hujus
2692 5546 3083 5601 Commentarii
3116 5557 3435 5615 auctorem,

1857 5623 1916 5666 ut
1945 5611 2046 5666 alia
2098 5613 2398 5685 permulta,
2440 5617 2510 5670 ita
2549 5611 2670 5670 eam
2711 5631 2896 5672 vocem
2941 5619 3010 5672 ab
3047 5615 3282 5676 Eusebio
3318 5611 3437 5674 mu;

1858 5691 2067 5740 tuatum
2095 5697 2235 5740 esse.
