3808 6212
324 264 429 320 495

1276 256 1619 319 ΑΡΡΕΝΒΙΧ
1652 257 1940 316 OPERUM
1980 259 2039 315 δ.
2078 256 2323 314 BASlLll
2360 255 2597 313 IIAGNI.

3474 248 3584 304 ινδ

321 379 524 435 bantur
559 376 656 432 ⁸⁶”.
686 376 794 433 Sed
838 384 892 432 et
934 376 987 430 in
1023 375 1128 431 alio
1171 374 1291 432 loco
1328 377 1405 429 ait
1445 395 1460 429 :
1496 375 1763 445 Conﬁteor
1790 379 1894 438 tibi.

2023 377 2358 446 ξολογοῦντας
2397 375 2579 431 αὐτόν.
2633 372 2792 426 Ἀλλὰ
2833 370 2926 426 καὶ
2961 369 3215 442 ἑτέρωθι·
3263 367 3582 438 Ἐξομολο-

324 467 515 531 Pater,
544 467 767 521 Domine
808 467 923 520 caeli
962 474 1011 519 et
1042 477 1197 519 terra:
1223 504 1238 531 ,
1272 466 1395 535 quia
1429 466 1747 520 abscondisti
1788 467 1900 521 ha'c

322 577 354 612 α
386 559 711 626 sapientibus
761 567 810 611 et
852 557 1227 626 prudentibus,
1265 565 1316 611 et
1346 556 1585 610 revelain
1622 574 1683 612 ea
1708 576 1902 627 parvu-

323 651 387 704 lis
431 650 496 703 “.
540 649 645 703 Eos
675 648 859 717 utique
890 648 981 718 qui
1032 648 1247 703 fuerant
1300 662 1556 703 sermone
1596 650 1817 716 eruditi,
1848 660 1902 704 et

325 743 657 796 revelatione
711 741 1093 811 mysteriorum
1138 738 1381 810 dignati,
1413 737 1593 793 aﬂlatu
1645 739 1900 810 Spiritus,

323 831 556 901 appellat
610 833 884 903 parvulos.
941 831 1126 901 Itaque
1174 846 1274 902 per
1321 831 1490 895 illud,
1531 829 1669 885 Ecce
1710 848 1801 903 ego
1850 842 1900 886 et

320 926 487 993 pueri.
518 926 719 980 electos
746 939 874 978 suos
920 923 1229 993 signiticet;
1268 922 1394 992 quia
1429 920 1561 987 Quae
1585 922 1747 976 stulta
1777 932 1900 977 sunt

321 1017 525 1081 mundi,
556 1017 705 1087 elegit
738 1015 901 1083 Deus,
932 1026 986 1069 ut
1031 1017 1328 1083 confundat
1360 1016 1617 1085 sapientes
1644 1014 1712 1068 κ’.
1743 1015 1902 1082 Quis-

323 1109 448 1178 quis
495 1107 656 1179 igitur
708 1106 926 1176 deponit
959 1115 1203 1161 veterem
1272 1108 1580 1171 hominem,
1619 1106 1709 1177 qui
1743 1107 1897 1176 juxta

323 1200 527 1256 erroris
595 1199 1070 1268 concupiscentias
1157 1198 1528 1268 corrumpitur
1582 1198 1665 1265 ⁸³,
1729 1199 1902 1254 induit

322 1306 455 1347 vero
502 1306 697 1345 novum
724 1330 741 1358 ,
775 1291 865 1361 qui
901 1298 1188 1345 renovatur
1237 1291 1391 1362 juxta
1421 1290 1731 1346 Conditoris
1763 1289 1899 1345 ima-

323 1385 501 1454 ginem
532 1383 600 1449 “,
635 1383 681 1440 is
712 1398 777 1438 cx
812 1383 1044 1453 mystica
1066 1381 1267 1438 Christi
1303 1382 1569 1439 sententia
1593 1397 1727 1452 puer
1759 1390 1862 1437 est.

388 1650 515 1706 2l8.
550 1651 712 1707 Vsus.
761 1651 949 1706 19-22.
1000 1651 1069 1705 Et
1093 1652 1138 1706 si
1174 1653 1405 1707 dixerint
1443 1652 1515 1706 ad
1565 1670 1652 1708 vos
1683 1669 1702 1707 :
1735 1652 1898 1720 Quae-

321 1744 418 1795 rite
442 1742 787 1813 ventriloquos
813 1783 828 1809 ,
858 1753 906 1797 et
930 1758 1017 1796 eos
1043 1743 1133 1810 qui
1163 1744 1227 1796 de
1253 1753 1393 1797 terra
1423 1742 1727 1813 loquuntur,
1760 1761 1893 1799 vana

320 1835 608 1903 loquentes,
633 1835 724 1904 qui
752 1834 815 1889 de
856 1844 1031 1889 ventre
1069 1834 1427 1905 vociferantur
1466 1849 1487 1887 :
1537 1833 1729 1890 Nonne
1770 1852 1893 1905 gens

318 1928 388 1981 ad
424 1926 589 1981 Deum
630 1942 782 1980 suum
815 1926 1132 1995 exquireut?
1174 1923 1317 1990 Quid
1351 1927 1631 1996 exquirunt
1669 1928 1733 1981 de
1769 1928 1895 1982 uiuis

316 2019 594 2075 mortuos?
621 2017 808 2087 Legem
841 2018 980 2070 enim
1007 2020 1063 2070 in
1091 2016 1356 2071 auxilium
1388 2019 1554 2085 dedit,
1587 2028 1642 2073 ut
1667 2019 1845 2072 dicant
1874 2035 1894 2072 :

319 2110 443 2163 Non
460 2110 593 2163 sicut
620 2110 826 2162 verbum
857 2109 952 2162 hoc
977 2148 994 2175 ,
1027 2107 1091 2162 de
1130 2125 1233 2180 quo
1276 2123 1380 2161 non
1414 2116 1492 2162 est
1522 2108 1651 2181 dare
1679 2123 1894 2160 munera

315 2201 380 2256 de
408 2218 488 2256 eo.
523 2200 589 2254 Et
637 2201 805 2255 veniet
855 2215 1012 2269 super
1044 2215 1130 2254 vos
1182 2200 1303 2254 dira
1335 2197 1539 2269 fames;
1583 2208 1631 2252 et
1673 2200 1812 2264 erit,
1838 2207 1893 2251 ut

314 2290 637 2359 esurieritis,
677 2288 1163 2353 contristabimini,
1193 2298 1241 2342 et
1285 2289 1608 2343 maledicetis
1645 2290 1892 2359 principi,

315 2393 363 2436 et
401 2382 586 2451 patriis
629 2381 826 2450 legibus
866 2397 885 2435 :
924 2391 972 2434 et
1012 2380 1292 2449 suspicient
1336 2380 1392 2432 in
1436 2379 1621 2433 caelum
1658 2397 1891 2434 sursum.

315 2473 385 2528 Et
436 2475 489 2526 in
539 2483 733 2526 terram
781 2473 1025 2525 deorsum
1069 2471 1366 2539 inspicient.
1417 2469 1488 2523 Et
1538 2488 1653 2525 ecce
1696 2484 1894 2542 egestas

316 2570 562 2632 angusta,
592 2569 642 2614 et
671 2563 913 2627 tenebrae,
948 2561 1155 2632 aﬂlictio
1179 2570 1226 2613 et
1250 2560 1533 2628 angustia;
1562 2570 1609 2614 et
1628 2562 1850 2616 tenebra’
1872 2579 1894 2628 ;

316 2655 391 2706 ita
431 2661 486 2705 ut
516 2668 620 2705 non
654 2650 885 2705 uideant.
933 2647 999 2703 Et
1038 2666 1142 2705 non
1183 2649 1418 2719 deﬁciet,
1444 2651 1533 2720 qui
1568 2650 1623 2704 in
1650 2652 1894 2721 angustis

315 2756 386 2800 est
429 2759 591 2814 usque
641 2742 711 2795 ad
751 2752 971 2810 tempus.
1011 2739 1114 2807 Qui
1163 2755 1268 2796 non
1308 2740 1587 2810 excipiunt
1618 2740 1893 2811 Evangelii

316 2836 580 2900 verbum,
612 2842 667 2887 et
696 2831 850 2903 quasi
900 2830 1182 2886 stultitiam
1225 2840 1489 2901 spernunt
1516 2830 1662 2889 illius
1695 2834 1891 2902 praedi-

316 2928 582 2982 cationem
613 2923 659 2957 ⁶⁵
686 2965 702 2992 ,
730 2931 783 2978 et
804 2922 999 2992 quibus
1032 2935 1166 2976 crux
1194 2932 1279 2977 est
1307 2921 1588 2978 oﬂ'ensioni
1613 2965 1630 2992 ,
1673 2924 1740 2980 iis
1767 2940 1890 2980 cum

315 3032 504 3075 sumus
543 3024 795 3071 auctores
845 3023 906 3070 ut
953 3014 1176 3070 redeant
1232 3016 1301 3071 ad
1352 3017 1492 3072 hanc
1537 3017 1889 3087 agnitionem,

317 3112 554 3168 vicissim
607 3108 830 3166 consilia
879 3123 911 3163 e
965 3122 1064 3164 suo
1134 3123 1320 3164 errore
1370 3109 1685 3180 deprompta
1737 3111 1892 3165 nobis

314 3205 465 3271 dant,
488 3202 728 3257 dicentes
755 3217 770 3254 :
802 3198 1039 3267 Quaerite
1069 3213 1174 3253 non
1217 3198 1537 3264 Dominum,
1566 3199 1659 3255 sed
1689 3201 1892 3256 ventai-

313 3294 525 3367 loquos,
548 3303 603 3348 et
627 3306 721 3348 eos
751 3293 840 3362 qui
871 3291 936 3345 de
968 3299 1113 3344 terra
1150 3289 1478 3360 loquuntur,
1507 3305 1644 3344 vana
1670 3289 1893 3361 loquen-

314 3395 416 3443 tes.
471 3386 649 3456 Atque
702 3383 841 3438 hanc
903 3396 1015 3437 rem
1079 3392 1308 3436 testatur
1371 3383 1728 3452 experientia.
1787 3382 1889 3452 Qui

313 3475 459 3531 enim
506 3472 849 3530 addietisunt
884 3471 1040 3527 idolis
1069 3512 1083 3537 ,
1117 3486 1242 3526 cum
1288 3473 1399 3527 sint
1433 3475 1661 3530 somniis
1683 3513 1701 3541 ,
1750 3475 1890 3531 divi-

314 3566 626 3622 nationibus
663 3572 718 3619 et
763 3563 1066 3618 dzemonum
1121 3562 1357 3618 oraculis
1408 3565 1628 3631 attenti,
1672 3564 1706 3619 ii
1733 3564 1888 3620 nihili

315 3658 520 3713 faciunt
544 3655 827 3710 veritatem
850 3690 866 3717 ,
914 3653 1178 3721 nobisque
1223 3654 1450 3708 suadent
1479 3662 1535 3708 ut
1577 3654 1703 3710 talia
1727 3670 1893 3725 expo-

313 3761 550 3804 scamus.
598 3745 732 3799 Nam
774 3746 1044 3798 daemones
1093 3742 1252 3814 543
1293 3743 1533 3799 alliciunt
1562 3785 1578 3811 ,
1629 3754 1689 3801 ut
1719 3746 1757 3801 ii
1803 3748 1893 3816 qui

314 3839 668 3909 experiuntur
692 3873 710 3903 ,
770 3835 838 3890 ad
869 3850 1024 3896 suam
1079 3834 1319 3904 ipsorum
1355 3836 1651 3905 perniciem
1685 3846 1889 3892 errent.

316 3931 384 3987 Et
425 3929 644 4001 quidem
685 3941 829 3983 nunc
856 3936 1115 3996 quaedam
1162 3939 1341 3980 rerum
1374 3926 1638 3996 imagines
1670 3929 1722 3983 in
1751 3945 1894 3985 som-

316 4027 402 4082 nis
444 4024 681 4093 undique
740 4022 1046 4086 suséitant,
1091 4022 1287 4089 quibus
1359 4030 1453 4075 aut
1507 4038 1892 4092 corporearunn

315 4117 691 4191 aegritudinum
736 4115 948 4169 curatio
993 4115 1300 4183 suggeritur
1328 4154 1344 4179 ,
1380 4122 1474 4168 aut
1524 4113 1707 4168 futura
1754 4120 1895 4184 prae;

317 4210 653 4265 nuntiantur.
695 4205 803 4262 Res
843 4206 987 4259 enim
1040 4204 1353 4273 hujusmodi
1394 4219 1622 4260 cernere
1671 4214 1896 4273 possunt

318 4305 609 4359 daemones.
650 4298 732 4352 Ad
760 4298 1007 4367 corporis
1054 4296 1272 4352 morbos
1322 4295 1465 4368 quod
1512 4296 1748 4362 attinet,
1803 4312 1897 4353 eos

314 4396 659 4469 praevident,
719 4392 863 4462 quod
917 4387 1308 4462 perspicaciori
1378 4387 1580 4459 ingenii
1638 4387 1894 4444 facultate

315 4489 526 4562 praediti
576 4487 688 4542 sint
736 4485 802 4541 ad
834 4483 1210 4555 agnoscendas
1245 4481 1487 4537 materia:
1514 4482 1891 4561 proprietates,

317 4582 566 4653 quodque
613 4578 904 4653 herbarum
945 4575 1275 4646 qualitates,
1301 4582 1357 4629 et
1384 4588 1570 4629 earum
1609 4574 1715 4627 vim
1753 4590 1899 4629 mor-

313 4647 401 4731 bis
454 4647 708 4726 curandis
761 4647 1035 4724 idoneam
1069 4664 1273 4722 norint.
1329 4664 1483 4731 Quod
1531 4679 1661 4721 vero
1687 4675 1897 4735 spectat

318 4768 384 4823 ad
428 4763 640 4820 futuros
662 4771 930 4826 eventus,
981 4774 1353 4829 sa'penumero
1401 4771 1522 4829 quae
1564 4757 1677 4828 jam
1724 4756 1909 4815 conti?

386 4907 455 4940 π’
491 4906 682 4962 Matth.
713 4920 827 4969 χιι,
849 4903 902 4959 8.
977 4902 1021 4934 ⁸⁸
1046 4899 1329 4969 Mattb.n,
1353 4899 1445 4955 25.
1519 4900 1566 4934 ⁸³
1591 4899 1755 4956 lCor.
1797 4916 1836 4967 ι,
1867 4899 1963 4955 27.

388 5047 500 5120 (80)
533 5046 872 5120 ὶιαιιιειηυο
899 5043 1148 5120 Combel‘.
1177 5052 1231 5098 et
1255 5042 1345 5120 alii
1364 5051 1616 5120 quatuor
1647 5056 1780 5098 mss.
1825 5041 1892 5097 At

315 5113 643 5180 εόὶίἰ,’κατὰ
668 5118 760 5171 τὸν
785 5113 1067 5189 μυστικὸν
1084 5114 1335 5189 Χριστοῦ-
1364 5113 1541 5189 λόγον.

389 5190 501 5258 (8t)
548 5189 767 5242 Veteres
803 5181 1013 5258 aliquot
1060 5181 1204 5252 lib'ri,
1251 5184 1348 5239 καὶ
1395 5181 1747 5258 θλίψιςζηοο
1780 5184 1895 5258 ipso

318 5259 372 5312 in
397 5252 527 5313 loco
561 5274 719 5314 voces
751 5258 848 5312 καὶ
889 5252 1082 5321 σκότος
1126 5272 1194 5311 ex
1241 5256 1539 5311 vetustiore
1581 5252 1893 5309 Combellsii

316 5330 503 5382 codice
529 5337 582 5383 et
608 5344 673 5384 ex
706 5330 826 5383 aliis
852 5343 1084 5395 quatuor
1105 5327 1439 5387 addidimus;
1468 5324 1889 5395 necaliteredi-

321 5408 430 5450 tum
484 5400 755 5469 invenitur
816 5393 958 5469 apud
999 5396 1164 5451 LXX.
1218 5397 1429 5450 Rursus
1482 5393 1679 5448 ibidem
1727 5394 1893 5465 aliqui

317 5468 823 5541 mss.,ép5).énetv.

391 5538 502 5609 (82)
536 5532 674 5592 Editi
705 5550 757 5591 et
788 5538 922 5609 Beg.
959 5538 1189 5609 primus,
1216 5536 1279 5609 τὸ
1311 5535 1583 5609 κήρυγμα,
1604 5532 1698 5587 τοῦ
1717 5534 1897 5605 Εὐαγ-

316 5604 519 5675 γελίου.
553 5609 702 5674 illud,
729 5607 824 5662 τοῦ
857 5604 1214 5677 Εὐάγγελίου,
1254 5608 1307 5664 in
1342 5604 1464 5662 aliis
1494 5604 1733 5676 quinque
1759 5604 1892 5664 lusa.

319 5686 490 5732 deest.

2004 468 2219 538 γοῢμαί
2253 484 2375 530 σοι,
2424 467 2633 534 Πάτερ,
2661 466 2839 533 Κύριε
2884 461 2991 516 τοῦ
3020 460 3282 531 οὐρανοῦ
3325 460 3425 513 καὶ
3471 458 3580 526 τῆς

2002 556 2136 627 γῆς,
2182 556 2273 610 ὅτι
2314 555 2670 624 ἀπέκρυψας
2696 553 2881 607 ταῦτα
2927 551 3045 606 ἀπὸ
3078 549 3286 621 σοφῶν
3313 549 3413 603 καὶ
3441 566 3588 603 σνν-

2000 645 2171 713 ετῶν,
2207 646 2305 702 καὶ
2328 645 2730 713 ἀπεκάλυψας
2755 643 2908 698 αὐτὰ
2928 643 3167 710 νηπίοις
3186 659 3200 672 ⁸
3234 641 3461 713 νηπίους
3492 640 3585 695 λέ-

2002 757 2115 808 γων
2143 741 2268 803 τοὺς
2292 738 2728 811 μαθητευθὼτας
2754 736 2831 808 τῷ
2853 736 3017 807 λόγῳ,
3053 736 3147 789 καὶ
3174 735 3262 789 διὰ
3286 735 3377 788 τοῦ
3408 734 3584 788 Πνεύ-

2006 847 2174 900 ματος
2205 830 2305 900 τῆς
2332 828 2728 899 ἀποκαλύψεως
2754 827 2862 880 τῶν
2888 828 3201 899 μυστηρίων
3230 826 3583 891 ἀξιωθέντας.

2014 921 2167 976 Ἰδοὺ
2209 917 2302 975 οὖν
2349 920 2463 991 ἐγὼ
2516 920 2614 975 καὶ
2660 919 2734 973 τὰ
2768 919 2993 984 παιδία,
3043 919 3281 971 δείκνυσι
3322 919 3450 981 τοὺς
3490 920 3586 970 ὲκ-

2000 1011 2222 1075 λεκτοὺς
2260 1008 2451 1063 ἑαυτοῦ
2472 1026 2484 1038 ·
2519 1008 2651 1061 διότι
2684 1007 2761 1061 Τὰ
2780 1008 2949 1076 μωρὰ
2987 1006 3093 1060 τοῦ
3129 1008 3360 1075 κόσμου
3388 1002 3587 1068 ἐξελέ-

2001 1101 2145 1167 ξατο
2172 1104 2205 1155 ό
2236 1100 2400 1166 Θεὸς.
2441 1099 2542 1152 ἵνα
2574 1098 2946 1165 καταισχύνῃ
2993 1094 3137 1160 τοὺς
3174 1092 3426 1161 σοφούς.
3466 1092 3585 1155 Πᾶς

2000 1191 2093 1249 οὖν
2117 1197 2145 1249 ὁ
2170 1194 2503 1264 ἀποθέμενος
2528 1192 2617 1245 τὸν
2647 1189 2874 1244 παλαιὸν
2912 1188 3218 1260 ἄνθρωπον,
3243 1187 3333 1240 τὸν
3358 1186 3583 1259 φθειρόο

2004 1302 2161 1361 μενον
2203 1287 2343 1341 κατὰ
2375 1286 2474 1350 τὰς
2505 1285 2799 1357 ἐπιθυμίας
2828 1283 2930 1355 τῆς
2956 1282 3195 1354 ἀπάτης,
3232 1283 3325 1335 καὶ
3354 1281 3583 1335 ἐνδυσά-

2004 1396 2163 1451 μενος
2204 1378 2295 1432 τὸν
2340 1379 2480 1443 νέον,
2525 1378 2615 1432 τὸν
2639 1374 3098 1446 ἀνακαινούμενον
3128 1375 3248 1427 κατ’
3273 1372 3457 1426 εἰκόνα
3486 1370 3584 1424 τοῦ

2002 1470 2306 1535 κτίσαντος,
2337 1467 2549 1523 παιδίον
2580 1467 2698 1522 ἐστὶ
2739 1465 2879 1521 κατὰ
2910 1465 2970 1519 τὸ
3004 1464 3263 1537 μυστικὸν
3300 1461 3398 1517 τοῦ
3443 1462 3586 1534 Χρι-

2004 1562 2131 1616 στοῦ
2164 1561 2297 1633 (80).

2071 1652 2198 1708 218.
2240 1651 2348 1707 Καὶ
2403 1651 2511 1705 ἐὰν
2555 1651 2768 1704 εἴπωσι
2820 1648 2969 1717 πρὸς
3019 1644 3207 1716 ὑμᾶς’
3271 1645 3589 1713 Ζητήσατε

1998 1746 2140 1816 τοὺς
2165 1745 2692 1816 ἐγγαστριμύθους,
2727 1741 2825 1796 καὶ
2856 1740 2998 1807 τοὺς
3043 1739 3159 1793 ἀπὸ
3186 1736 3295 1807 τῆς
3321 1736 3434 1808 γῆς
3462 1753 3587 1806 φω-

1996 1834 2276 1904 νοῦντας,
2318 1836 2460 1903 τοὺς
2496 1832 2991 1905 κενολογοῦντας,
3025 1831 3083 1885 οτ
3105 1831 3173 1885 ἐκ
3200 1830 3310 1899 τῆς
3348 1829 3589 1896 κοιλίας

1996 1929 2337 2002 φωνοῦσιν·
2381 1928 2505 1985 Οὐκ
2533 1928 2709 1994 ἔθνος
2752 1926 2901 1996 πρὸς
2939 1924 3088 1979 Θεὸν
3119 1923 3306 1978 αὐτοῦ
3344 1920 3590 1990 ἐκζητή-

1997 2037 2224 2087 σουσι;
2263 2023 2326 2076 Τί
2364 2018 2678 2088 ἐπιζητοῦσι
2713 2018 2846 2087 περὶ
2891 2016 3011 2070 τῶν
3042 2013 3271 2078 ζώντων
3304 2014 3446 2080 τοὺς
3490 2029 3591 2068 νε-

1996 2118 2217 2187 κρούς;
2263 2116 2464 2183 Νόμον
2492 2112 2599 2182 γὰρ
2640 2112 2727 2176 είς
2756 2109 3050 2177 βοήθειαν
3085 2107 3325 2171 ἔδωκεν,
3365 2109 3469 2160 ἵνα
3504 2107 3591 2160 εἷ-

1998 2221 2225 2273 πωσιν·
2267 2207 2389 2275 οὐχ
2421 2205 2498 2270 ὡς
2534 2203 2598 2256 τὸ
2617 2202 2784 2272 ῥῆμα
2821 2202 3018 2265 τοῦτο,
3049 2199 3183 2268 περὶ
3211 2194 3281 2255 οὗ
3312 2201 3423 2252 οὐκ
3451 2198 3592 2252 ἐστι

1995 2295 2154 2365 δῶρα
2173 2295 2383 2349 δοῦναι
2404 2294 2536 2363 περὶ
2568 2292 2776 2347 αὐτοῦ.
2803 2291 2913 2345 Kal
2936 2290 3068 2358 ἣξει
3093 2289 3186 2359 ἐφ’
3213 2287 3370 2358 ὑμᾶς
3393 2291 3589 2355 σκλη-

1988 2386 2071 2454 Ρά
2101 2385 2297 2455 λιμὸς,
2331 2384 2429 2437 καὶ
2468 2383 2661 2448 ἔσται,
2696 2381 2777 2447 ὡς
2826 2380 2903 2435 ἂν
2928 2378 3272 2447 πεινάσητε,
3314 2376 3592 2445 λυπηθή-

1996 2483 2204 2543 σεσθε,
2230 2477 2331 2531 καὶ
2372 2473 2573 2541 κακῶς
2596 2473 2781 2543 ἐρεῖτε
2807 2472 2913 2526 τόν
2940 2469 3222 2540 ἄρχοντα,
3254 2468 3353 2521 καὶ
3379 2469 3452 2522 τὰ
3481 2467 3591 2520 πά-

1996 2589 2148 2642 τρια.
2174 2571 2283 2626 Καὶ
2309 2568 2755 2637 ἀναϐλέψονται
2775 2569 2863 2632 είς
2891 2564 2997 2618 τὸν
3022 2563 3282 2631 οἰιρανὸν
3303 2561 3444 2614 ἅνω.
3477 2560 3588 2614 Καὶ

1995 2666 2082 2732 είς
2120 2663 2235 2734 τὴν
2257 2662 2376 2734 γῆν
2407 2661 2565 2717 κάτω
2592 2656 3014 2728 ἐμόλέψονται.
3050 2654 3157 2710 Kal
3208 2653 3336 2707 ιὸοὺ
3364 2652 3590 2720 ἀπορία

1996 2757 2209 2824 στενὴ,
2260 2754 2359 2808 καὶ
2401 2754 2644 2818 σκότος,
2690 2750 2896 2817 θλίψις
2928 2747 3038 2819 (81)
3084 2745 3185 2800 καὶ
3217 2744 3593 2814 στενοχωρία

1996 2848 2097 2904 καὶ
2126 2847 2367 2913 σκότος,
2400 2844 2556 2899 ὥστε
2578 2843 2664 2914 μὴ
2693 2842 2970 2907 βλέπειν.
3002 2838 3111 2892 Καὶ
3147 2839 3260 2891 οὐκ
3290 2834 3592 2904 ἀπορηθή-

1994 2952 2166 2993 σεται
2196 2940 2229 2993 ό
2267 2936 2338 2990 ἐν
2369 2934 2738 3002 στενοχωρίᾳ
2770 2929 2855 2985 ὢν
2885 2930 2997 2996 ἕως
3035 2927 3261 2996 καιροῢ-
3296 2929 3358 2980 υἱ
3394 2925 3470 2997 μὴ
3496 2943 3592 2980 κα.-

1945 3083 1961 3102 ,
1998 3027 2346 3100 ταδεχόμενοι
2396 3025 2488 3079 τὸν
2532 3024 2688 3092 λόγον
2729 3020 2823 3075 τοῦ
2867 3017 3225 3088 Εὐαγγελίου,
3264 3017 3312 3069 οἱ
3371 3014 3591 3081 ἐξουθε-

1994 3121 2213 3183 νοῦντες
2260 3118 2321 3171 τὸ
2364 3118 2628 3188 κήρυγμα
2668 3112 2781 3184 (82)
2835 3111 2912 3174 ὡς
2961 3109 3194 3181 μωρίαν,
3239 3108 3333 3162 καὶ
3366 3106 3464 3161 ἐπὶ
3507 3108 3592 3179 τῷ

1995 3209 2215 3283 σταυρῷ
2251 3207 2752 3278 σκανδαλιζόμενοι,
2800 3206 2928 3259 ὅταν
2975 3204 3161 3266 αὐτοῖς
3207 3199 3592 3271 συμϐουλεύω-

1995 3320 2095 3375 μεν
2118 3300 2435 3356 ὲπανελθεϊν
2464 3299 2602 3369 πρὸς
2620 3297 2720 3368 τὴν
2742 3296 3058 3366 ἐπίγνωσιν,
3082 3293 3587 3365 ὰντιπροτείνονται

1990 3398 2124 3467 ἡμῖν
2153 3394 2251 3459 τὰς
2278 3396 2343 3447 ὲκ
2372 3392 2473 3463 τῆς
2508 3390 2644 3454 ἰδίας
2669 3390 2878 3460 πλάνης
2902 3387 3274 3459 παραινέσεις,
3309 3387 3586 3454 λέγοντεςο

1993 3489 2276 3561 Ζητήσατε
2309 3485 2383 3558 μὴ
2402 3485 2494 3539 τὸν
2520 3482 2745 3555 Κύριον,
2780 3481 2915 3535 ἀλλὰ
2934 3483 3060 3544 τοὺς
3086 3477 3586 3550 ἐγγαστριμύθους,

1994 3581 2088 3636 καὶ
2110 3580 2233 3642 τοὺς
2250 3576 2358 3632 ἀπὸ
2376 3575 2475 3646 τῆς
2493 3575 2598 3646 γῆς
2612 3572 2945 3644 φωνοῦντας,
2975 3573 3103 3635 τοὺς
3135 3570 3586 3640 κεωλογοῦντας.

1993 3670 2105 3725 Καὶ
2124 3669 2315 3722 τούτου
2350 3665 2560 3738 μάρτυς
2586 3665 2620 3735 ἢ
2662 3665 2850 3733 πεῖρα.
2890 3663 2952 3716 0i
2993 3661 3102 3733 γὰρ
3146 3658 3588 3732 προστετηκότες

1992 3766 2105 3828 τοῖς
2124 3762 2384 3826 εἰδώλοις,
2405 3760 2633 3833 ὀνείροις
2651 3757 2745 3811 κα).
2766 3757 3005 3830 κληδόσι,
3038 3756 3133 3810 καὶ
3160 3753 3436 3825 μαντείαις
3464 3752 3590 3805 δαι-

1999 3858 2174 3931 μόνων
2192 3857 2573 3928 προσέχοντες,
2599 3854 2691 3910 καὶ
2707 3851 2862 3905 αὐτοὶ
2876 3849 2973 3922 τὴν
2990 3847 3247 3919 ἀλήθειαν
3270 3844 3590 3912 ἐξουδενοῦ-

1997 3969 2071 4016 σι,
2099 3951 2192 4005 καὶ
2217 3952 2352 4021 ἡμῖν
2375 3944 2802 4019 συμϐουλεύουσι
2826 3942 2895 3997 τὰ
2920 3939 3147 3994 τοιαῦτα
3178 3937 3411 4007 ἐξαιτεῖν
3446 3937 3587 4003 (33).

1995 4040 2139 4093 Διότι
2173 4039 2442 4111 ἐνέργειαι
2469 4037 2674 4108 πλάνης
2724 4034 2818 4088 ἐπὶ
2847 4035 3200 4106 καταστροφῇ
3249 4031 3357 4085 τῶν
3397 4047 3592 4084 πεπει-

1997 4128 2248 4202 ραμένων
2309 4129 2492 4192 αὐτοῖς
2544 4124 2896 4197 ὲνεργοῦνται
2943 4123 3096 4195 παρὰ
3132 4122 3241 4177 τῶν
3279 4121 3585 4193 δαιμόνων·

1996 4220 2091 4277 νῦν
2129 4223 2225 4294 μὲν
2258 4224 2316 4276 ὲν
2362 4223 2474 4284 τοῖς
2515 4219 2701 4282 ὕπνοις
2730 4215 3030 4286 φαντασίας
3070 4214 3224 4278 τινὰς
3257 4214 3589 4284 περιιστών-

1996 4333 2102 4369 των
2142 4316 2275 4386 (84),
2307 4313 2341 4385 ἢ
2383 4311 2693 4383 συμϐουλὴν
2724 4310 2954 4382 ἐχούσας
3000 4309 3207 4373 πάθους
3238 4310 3584 4380 σωματικοῦ,

1997 4406 2030 4479 ἢ
2064 4403 2539 4478 προαγορευούσας
2575 4403 2636 4456 τὸ
2670 4402 2880 4474 μέλλον.
2908 4401 3173 4457 Δύνανται
3208 4401 3266 4456 δὲ
3295 4400 3363 4454 τὰ
3393 4403 3588 4456 τοιαῦ-

2001 4516 2068 4552 τα
2093 4497 2321 4568 συνορᾷν
2361 4497 2409 4548 οἱ
2449 4494 2732 4565 δαίμονεςο
2780 4492 2908 4563 περὶ
2950 4494 3048 4563 μὲν
3097 4492 3167 4546 τὰ
3200 4492 3293 4545 τοῦ
3328 4493 3588 4564 σώματος

2004 4586 2174 4657 πάθη,
2218 4585 2307 4639 διά
2340 4585 2401 4638 τὸ
2425 4582 2864 4656 διορατικώτεροι
2894 4578 3034 4637 εἶναι
3066 4584 3176 4637 τῶν
3198 4583 3400 4637 ὑλικῶν
3433 4584 3586 4642 ἰδιω-

2006 4678 2213 4751 μάτων,
2260 4678 2357 4731 καὶ
2386 4674 2724 4745 ἐπεσκέφθαι
2754 4674 3046 4747 ποιότητας
3088 4674 3346 4745 βοτανῶν,
3379 4678 3476 4731 καὶ
3523 4679 3587 4733 τὸ

2001 4767 2098 4820 ἀπ’
2129 4764 2307 4820 αὐτῶν
2343 4765 2479 4837 πρὸς
2510 4763 2582 4818 τὰ
2616 4763 2762 4836 πάθη
2805 4764 3156 4836 κατάλληλον.
3209 4768 3345 4838 Περὶ
3382 4768 3439 4823 δὲ
3469 4773 3585 4825 τῶν

2037 4898 2083 4931 ⁸³
2109 4897 2307 4969 Εριιρε.
2334 4911 2410 4963 ιν,
2436 4896 2531 4955 22.
2603 4895 2651 4928 ”
2667 4895 2874 4952 Coloss.
2898 4912 2983 4963 ιιι,
3006 4897 3092 4952 10.
3168 4897 3248 4953 ⁸⁵1
3270 4898 3431 4956 Cor.t
3457 4901 3580 4965 .25.

2070 5042 2438 5119 (85)__Antiqui
2478 5057 2573 5099 sex
2600 5041 2766 5119 _libri,
2804 5041 3058 5119 ἐξαιτεῖν.
3085 5044 3257 5119 Editi,
3303 5047 3578 5119 ἐκζητεῖν.

2001 5111 2466 5182 ριιοόϐιιηειίιιε
2491 5111 2800 5180 conjectura
2835 5117 3029 5168 ductus
3064 5116 3301 5179 dixerat,
3344 5111 3581 5175 tot-"lasso

1999 5187 2139 5253 apud
2168 5184 2491 5256 Procopium
2523 5198 2643 5256 pag.
2677 5182 2780 5256 159
2825 5198 2922 5256 pro
2948 5184 3250 5255 γινομένων
3288 5188 3578 5256 legendum

1999 5271 2121 5310 esse
2147 5254 2526 5335 πειρωμένων,
2559 5255 2627 5307 de
2649 5267 2717 5335 eo
2747 5254 2983 5308 dubitari
3028 5259 3113 5307 vix
3155 5272 3315 5335 posse
3341 5254 3583 5335 arbitra-

2001 5341 2145 5380 mur.
2179 5324 2537 5396 Nann'auctor
2579 5334 2784 5396 noster,
2814 5339 2981 5396 quem
3029 5324 3232 5396 passim
3261 5328 3580 5396 compilavit

2001 5396 2315 5468 Procopius,
2347 5393 2506 5462 paulo
2529 5402 2653 5461 post
2676 5392 3068 5468 _ita_loqu’itur,
3121 5394 3257 5468 διότι
3305 5392 3584 5468 ἐνέργειαι

2001 5462 2209 5536 πλάνης
2237 5466 2329 5518 ἐπὶ
2356 5465 2702 5537 καταστροφῇ
2723 5462 2831 5537 τῷν
2860 5462 3298 5537 πεπειραμένων,
3321 5462 3583 5523 etc.th-

2001 5552 2177 5589 mones
2209 5538 2345 5588 enim
2377 5535 2624 5604 efficiunt,
2659 5547 2711 5586 ut
2741 5536 2781 5587 ii
2811 5536 2900 5603 qui
2931 5535 3294 5604 experiuntur,
3323 5539 3392 5591 ad
3423 5554 3582 5593 suam

2001 5606 2553 5676 ipsorum_peruiciem
2582 5615 2775 5676 errent.

2071 5676 2186 5746 (84)
2225 5674 2391 5738 Editi,
2450 5671 2859 5746 παριστώντων,
2909 5675 3150 5731 exhibent
3197 5686 3247 5732 et
3295 5692 3581 5733 repraesen-
