3808 6212
257 318 362 375 ‘97

1113 314 1478 374 COMMENT.
1519 316 1589 374 IN
1626 317 1864 375 ISAIAM
1900 313 2345 374 PROPHETAM.
2383 310 2537 369 CAP.
2578 310 2715 367 V'lll.

3426 306 3525 363 198

260 430 572 508 μελλόντων
621 432 885 501 πολλάκις
930 436 1258 508 προλέγουσι
1296 437 1367 493 τά
1408 438 1510 510 ήδη
1559 438 1843 511 γενόμενα¹

1955 449 2103 506 gere,
2138 432 2469 503 praedicunt;
2516 437 2571 483 et
2607 441 2728 498 quae
2760 426 2995 481 nondum
3039 423 3107 480 ad
3138 431 3375 479 nostram
3405 436 3526 491 per-

255 532 395 603 ήμῖν
421 530 481 584 δὲ
506 530 675 601 μήπω
702 530 1039 604 ἐγνωσμένα,
1063 531 1139 596 ὡς
1160 531 1394 602 ἐσόμενα
1422 534 1555 604 ἡμῖν
1581 531 1848 601 ἀναγγέλ-

256 618 467 677 λουσιν.
498 616 627 675 Οἷον
648 620 702 673 εί
728 638 813 685 τις
840 621 935 676 καὶ
962 622 1091 694 παρ’
1119 623 1276 694 ἡμῶν
1300 623 1409 695 (85)
1435 624 1673 688 ἀκούσας
1709 640 1849 697 παρ-

257 711 453 767 ουσίαν
484 710 652 775 τινδς,
683 712 889 784 ταύτην
912 712 992 784 τῷ
1014 714 1382 784 προσδοκῶντι
1424 716 1499 779 ὡς
1551 714 1847 786 μέλλουσαν

257 803 587 871 ἀναγγέλλοι
607 820 621 833 ·
658 805 760 875 τὴν
790 805 853 857 ἐκ
878 804 974 857 τοῦ
1000 805 1178 859 δοκεῖν
1208 809 1495 878 προφήτης
1521 803 1659 861 εἶναι
1689 805 1846 871 δόξαν

255 891 326 945 δι’
352 892 575 963 ἀπάτης
599 890 936 964 θηρώμενος.
979 892 1136 946 Οῦτω
1172 895 1269 948 καὶ
1296 899 1343 948 οἱ
1373 896 1624 966 δαίμονες
1647 895 1714 948 τὰ
1736 895 1848 951 δια-

254 984 641 1054 τετυπωμένα,
678 984 750 1037 τά
785 984 1056 1054 ἀποφάσει
1094 985 1229 1039 Θεοῦ
1272 987 1712 1057 δημοσιευθέντα,
1759 989 1848 1042 ἀν-

255 1072 524 1143 ήγγειλαν
552 1073 815 1138 πολλάκις
845 1078 958 1138 τοῖς
993 1075 1130 1145 πρὸς
1167 1075 1382 1149 ἀπάτην
1414 1079 1650 1143 εὐκόλως
1687 1078 1843 1150 ἔχου-

256 1181 363 1219 σιν.
406 1165 495 1228 Ὧς
521 1166 615 1219 καὶ
651 1168 684 1236 ή
715 1166 1151 1239 ἐγγαστρίμυθος
1174 1169 1253 1240 τῷ
1282 1170 1455 1224 Σαοὺλ
1490 1171 1577 1226 διὰ
1605 1173 1714 1226 τῶν
1738 1173 1847 1227 δαι-

256 1255 440 1321 μόνων
462 1253 754 1325 ἀνήγγειλε
779 1252 876 1325 τὴν
902 1254 1196 1324 μέλλουσαν
1224 1249 1415 1327 ἦτταν.
1445 1258 1709 1328 Δαίμονες
1736 1257 1845 1331 γὰρ

250 1340 394 1415 ἦσαν
428 1347 480 1398 oi
511 1345 1086 1415 κατασχηματίζοντες
1119 1345 1229 1416 (86)
1274 1348 1501 1413 ἑαυτοὺς
1539 1351 1618 1414 εἰς
1651 1348 1713 1403 τὸ
1749 1350 1842 1405 τοῦ

253 1438 515 1511 Σαμουὴλ
543 1437 836 1509 πρόσωπον
854 1454 868 1470 ο
897 1437 947 1491 οἳ
977 1437 1065 1490 διὰ
1092 1437 1153 1491 τὸ
1183 1438 1481 1509 ἀκηκοέναι
1509 1442 1608 1511 τῆς
1641 1442 1733 1493 ἐπὶ
1766 1440 1843 1512 τῷ

250 1529 431 1583 Σαοὺλ
475 1529 873 1600 κατακρίσεως,
917 1529 994 1592 ὡς
1035 1529 1170 1583 ίδίαν
1216 1530 1492 1599 ἀπόφασιν
1537 1532 1637 1602 τὴν
1669 1532 1845 1599 ἐξενε-

250 1621 479 1694 χθεῖσαν
508 1622 660 1693 παρά
695 1620 831 1674 Θεοῦ
865 1620 1198 1692 διηγοῦνται.
1244 1621 1367 1674 Ἐπ)⁵
1398 1618 1491 1677 οὖν
1522 1624 1634 1694 (87)
1660 1623 1759 1687 τὰς
1779 1624 1844 1677 ἐκ

247 1713 362 1768 τῶν
394 1713 668 1784 δαιμόνων
708 1713 925 1776 ἀπάτας
955 1712 1354 1785 προτρέπονται
1395 1714 1542 1785 ἡμᾶς
1584 1715 1845 1779 πολλάκις

1953 524 2161 583 venere
2208 525 2487 588 notitiam,
2544 521 2698 577 nobis
2744 518 3069 574 annuntiaut
3114 516 3266 585 quasi
3322 514 3519 569 futura.

1951 616 2063 674 Nec
2109 631 2265 671 secus
2320 630 2383 669 ac
2435 614 2481 669 si
2534 610 2808 682 quispiam
2846 608 2935 678 qui
2981 622 3046 661 ex
3095 605 3252 661 nobis
3298 603 3525 673 alicujus

1951 709 2243 764 adventum
2311 705 2648 768 audivisset,
2725 716 2847 757 eum
2897 698 3225 770 praestolanti
3268 705 3524 767 tanquam

1948 798 2189 854 futurum
2241 795 2617 860 renuntiaret,
2660 801 2720 846 ut
2749 793 2874 846 dum
2918 791 3178 861 propheta
3226 802 3348 843 esse
3376 789 3524 842 vide-

1946 892 2094 948 bitur
2123 932 2139 958 ,
2194 891 2318 946 inde
2360 888 2588 959 gloriam
2640 899 2736 955 per
2792 882 3033 937 fraudem
3082 890 3330 936 venetur.
3372 878 3527 935 Hunc

1947 986 2014 1039 ad
2062 983 2281 1039 modum
2312 992 2368 1037 et
2410 982 2681 1037 daemones
2704 1019 2720 1046 ,
2768 978 2835 1032 iis
2872 976 2964 1048 qui
3010 974 3166 1031 facile
3199 975 3252 1029 in
3282 988 3523 1029 errorem

1948 1076 2130 1129 induci
2167 1085 2428 1144 possunt,
2476 1085 2538 1125 ea
2586 1083 2706 1139 quae
2754 1067 2867 1137 jam
2918 1074 3033 1120 rata
3077 1074 3201 1120 sunt
3230 1074 3284 1119 et
3304 1063 3396 1119 Dei
3426 1065 3522 1118 de—

1947 1175 2096 1220 creto
2155 1165 2443 1232 cvulgata,
2503 1161 2824 1232 plerumque
2857 1157 3265 1213 annuntiarnut.
3318 1155 3407 1209 Sic
3470 1166 3525 1209 et

1946 1259 2291 1330 vcntriloqua
2345 1258 2430 1311 illa
2471 1271 2572 1327 ope
2619 1256 2919 1310 daemonum
2951 1250 3222 1307 nuntiavit
3262 1249 3407 1304 Sauli
3437 1248 3522 1302 l‘u-

1945 1363 2124 1408 tnram
2154 1361 2391 1420 stragem
2424 1349 2492 1402 ⁸⁸.
2523 1347 2693 1402 Erant
2721 1345 2866 1400 enim
2908 1342 3198 1405 daemones,
3224 1343 3314 1409 qui
3347 1341 3526 1395 induc-

1950 1453 2075 1498 rant
2098 1441 2365 1496 Samuelis
2399 1453 2682 1509 personam
2720 1455 2736 1495 :
2769 1435 2857 1507 qui
2888 1434 3029 1505 quod
3070 1432 3347 1489 audissent
3374 1433 3524 1486 dam-

1949 1533 2216 1588 natorium
2279 1531 2538 1601 judicium
2594 1530 2649 1584 in
2697 1527 2914 1583 Saulem
2976 1525 3201 1589 datum,
3278 1524 3440 1579 latam
3492 1539 3521 1577 a

1948 1625 2058 1678 Deo
2092 1624 2420 1681 sententiam
2455 1621 2533 1676 uti
2571 1622 2847 1692 propriam
2899 1626 3143 1672 narrant.
3175 1614 3363 1686 Itaque
3396 1629 3524 1684 gen-

1950 1724 2029 1768 tes
2081 1730 2186 1768 non
2243 1728 2369 1767 raro
2423 1726 2520 1766 nos
2569 1726 2634 1764 eo
2694 1709 2957 1764 inducunt
3002 1715 3060 1759 ut
3110 1720 3139 1759 a
3190 1703 3523 1760 dmmonibus

246 1806 318 1859 τά
367 1805 522 1872 ἔθνη,
562 1804 843 1874 λέγοντες·
893 1803 1269 1875 Ἑκζητήσατε
1313 1807 1442 1869 τοὺς
1470 1807 1843 1879 ἐγγαστριμύ-

1955 1805 2289 1876 decipiantur
2314 1845 2330 1871 ,
2358 1820 2482 1859 cum
2512 1803 2703 1857 dicunt
2747 1818 2761 1854 :
2810 1800 3091 1870 Exquirite
3130 1795 3523 1866 ventriloquos,

248 1899 401 1964 θους,
433 1899 564 1963 τοὺς
597 1899 706 1952 ἀπὸ
729 1898 830 1968 τῆς
856 1898 961 1968 γῆς
985 1897 1316 1967 φωνοῦντας.
1342 1899 1479 1953 Οὐδὲ
1505 1900 1615 1973 γὰρ
1639 1901 1845 1973 τολμῶ-

247 2007 335 2044 σιν
374 1992 555 2044 είπεῖν
585 1991 644 2057 ἐξ
679 1990 924 2062 οὐρανῶν
956 1990 1069 2063 (88)
1108 1991 1288 2045 αὐτῶν
1313 1987 1454 2045 εἶναι
1499 1991 1568 2045 τά
1597 1995 1840 2065 ῥήματα.

257 2083 349 2146 Ὦς
377 2084 474 2136 καὶ
507 2085 541 2153 ή
578 2085 636 2137 ἐν
660 2086 781 2146 ταῖς
814 2083 1123 2148 Βασιλείαις
1167 2084 1351 2155 ἐκείνη
1385 2083 1739 2156 διαλεγομένη
1766 2085 1844 2157 τῷ

244 2174 427 2229 Σαοὺλ
460 2174 669 2243 ἑλετεν,
712 2176 796 2228 ὅτι
849 2174 988 2244 Ὀρῶ
1037 2175 1152 2245 ἐγὼ
1190 2176 1364 2243 θεοὺς
1409 2177 1844 2246 ἀναϐαίνοντας

242 2265 368 2319 ἀπὸ
422 2264 538 2334 τῆς
577 2263 708 2335 γῆς.
759 2265 994 2337 Τοιαύτη
1028 2267 1137 2337 γὰρ
1178 2269 1210 2335 ή
1244 2267 1355 2321 τῶν
1391 2268 1844 2341 ἐγγαστριμύθων

243 2357 498 2411 ἐπίνοια·
562 2356 742 2427 ψυχάς
786 2357 1211 2427 ἐπαγγέλλονται
1249 2358 1715 2431 τετελευτηκότων
1752 2361 1846 2413 ἀν-

242 2449 406 2518 άγειν
486 2449 568 2512 είς
639 2448 946 2520 φανέρωσιν
1011 2448 1122 2503 τῶν
1191 2450 1652 2522 ἐπιζητουμένων.
1710 2447 1844 2506 Εἶτα

240 2540 344 2611 τὴν
406 2537 605 2594 ἑαυτοῦ
669 2539 898 2611 γνώμην
956 2540 1231 2611 ἐπιφέρει,
1284 2543 1350 2614 ἢν
1401 2542 1517 2613 ἔχει
1569 2544 1843 2615 περὶτῶν

239 2630 512 2701 τοιούτων
542 2631 818 2695 ἐπινοιῶν,
863 2633 958 2685 καὶ
986 2633 1347 2702 ἀποφαίνεται
1386 2636 1584 2698 αὐτοὺς
1620 2652 1846 2705 ματαιο-

241 2719 474 2788 λόγους,
513 2718 719 2774 εἰπών·
776 2721 923 2787 Τοὺς
965 2724 1461 2793 κενολογοῦντας,
1517 2724 1575 2779 οἳ
1619 2726 1687 2779 ἐκ
1732 2725 1844 2796 τῆς

240 2809 491 2874 κοιλίας
511 2808 855 2878 φωνοῦσιν·
896 2810 1018 2881 ήτοι
1051 2811 1159 2864 ἀπὸ
1179 2812 1273 2865 τοῦ
1303 2811 1603 2884 θελήματος
1637 2816 1844 2869 ἑαυτῶν

241 2900 643 2972 φθεγγόμενοι.
708 2901 782 2955 Οὐ
845 2899 955 2971 γὰρ
1031 2901 1297 2972 ἑτέρωθεν
1360 2904 1627 2976 διδαχθεὶς
1672 2905 1840 2975 λέγει,

242 2993 387 3049 ἀλλά
420 2993 745 3057 ἀναπλάσας
772 2994 835 3047 ἐν
862 2997 929 3066 τῇ
965 2995 1161 3048 ἑαυτοῦ
1188 2997 1385 3068 καρδίᾳ
1410 2997 1469 3049 τὸ
1500 2997 1713 3067 ψεῦδος,
1747 2998 1842 3053 τοῦ

244 3084 561 3158 θελήματος
633 3086 743 3140 τῶν
806 3086 1057 3158 ὁρώντων
1129 3085 1677 3158 παραστοχαζόμενος
1752 3089 1842 3142 λέ-

1946 1898 2037 1967 qui
2094 1899 2160 1952 de
2217 1906 2362 1951 terra
2417 1896 2733 1966 loquuntur.
2786 1892 2972 1959 Neque
3020 1890 3166 1945 enim
3198 1889 3378 1944 dicere
3422 1900 3523 1941 au-

1945 1992 2110 2054 dent,
2166 1989 2330 2043 verba
2384 2003 2481 2041 sua
2532 2003 2562 2041 e
2613 1985 2769 2040 cmlis
2825 1998 2945 2039 esse
2993 1990 3297 2052 exportata.
3333 1979 3408 2033 Ita
3468 1977 3523 2031 in

1947 2083 2253 2153 Regnorum
2306 2079 2461 2134 libris
2519 2076 2609 2131 illa
2653 2076 2817 2131 etiam
2847 2083 3003 2129 vates
3052 2087 3173 2143 quae
3208 2086 3329 2127 cum
3362 2069 3526 2125 Saule

1946 2171 2308 2241 loquebatur,
2358 2168 2572 2224 dicebat
2609 2184 2625 2223 :
2681 2166 2843 2221 Video
2881 2182 2974 2237 ego
3014 2164 3136 2219 deos
3189 2161 3525 2217 ascendentes

1944 2282 1973 2319 e
2017 2278 2158 2318 terra
2206 2262 2276 2317 ⁸⁷.
2313 2259 2589 2330 Ejusmodi
2636 2259 2781 2314 enim
2829 2267 2911 2314 est
2938 2255 3226 2313 artiﬁcium
3277 2262 3330 2310 et
3375 2253 3525 2307 fraus

1946 2354 2410 2422 ventriloquorum
2466 2368 2480 2407 :
2531 2349 2853 2421 proﬁtentur
2903 2364 2964 2403 se
3016 2356 3356 2402 mortuorum
3409 2343 3526 2397 aui-

1946 2461 2062 2500 mas
2103 2458 2334 2500 evocare
2359 2482 2377 2505 ,
2428 2450 2488 2497 ut
2535 2456 2598 2497 ea
2648 2455 2772 2511 qua:
2801 2447 3155 2509 quaeruntur,
3186 2434 3521 2503 detegantur.

1945 2541 2078 2595 Dein
2110 2539 2375 2608 propheta
2412 2551 2565 2590 suam
2598 2534 2744 2588 circa
2798 2528 3104 2600 huiusmodi
3142 2525 3292 2582 dolos
3323 2539 3387 2580 ac
3426 2522 3527 2578 fal—

1945 2632 2114 2686 lacias
2144 2628 2477 2685 sententiam
2527 2625 2840 2696 subiungit,
2884 2631 3049 2692 atque
3076 2622 3178 2675 hos
3211 2619 3525 2688 deceptores

1947 2722 2259 2792 pronuntiat
2299 2733 2422 2774 esse
2456 2717 2774 2785 vaniloquos
2804 2753 2820 2779 ,
2854 2712 3041 2769 dicens
3073 2729 3090 2765 :
3135 2709 3287 2766 Vana
3312 2708 3531 2780 loquen-

1945 2824 2042 2877 tes,
2065 2812 2155 2881 qui
2177 2812 2241 2864 de
2262 2819 2435 2864 centre
2465 2807 2858 2878 vociferantur;
2890 2820 2988 2860 ceu
3033 2803 3125 2874 qui
3156 2819 3223 2858 ex
3251 2818 3346 2857 sua
3377 2802 3523 2873 ipso-

1947 2919 2065 2958 rum
2106 2903 2385 2959 voluntate
2432 2901 2750 2971 loquuntur.
2807 2896 2923 2952 Non
2957 2898 3104 2951 enim
3146 2896 3275 2951 talis
3312 2894 3527 2950 aliunde

1944 2999 2168 3052 edoctus
2205 2996 2399 3051 elfatur
2421 3033 2439 3060 ,
2477 2994 2570 3048 sed
2605 2992 2837 3048 conﬁcto
2877 2992 2931 3046 in
2983 3007 3082 3046 suo
3112 2991 3276 3047 corde
3301 2990 3524 3044 menda-

1945 3089 2052 3155 cio,
2080 3095 2446 3157 spectatorum
2488 3084 2728 3140 animum
2757 3082 3152 3154 consiliumque
3191 3082 3525 3150 conjectans,

243 3193 337 3248 γει
388 3176 465 3231 τὰ
516 3178 656 3250 πρὸς
704 3179 919 3250 ἀπάτην
979 3178 1091 3233 τῶν
1149 3181 1394 3251 ἀνοήτων
1443 3180 1594 3253 αὐτῷ
1651 3200 1843 3255 χρησι-

1955 3193 2008 3232 ea
2050 3195 2170 3249 quae
2218 3179 2285 3231 ad
2332 3176 2651 3247 insipientes
2696 3175 3043 3246 decipiendos
3092 3174 3194 3230 sibi
3240 3172 3526 3244 profutura

247 3285 519 3343 μευοντα.

319 3364 451 3418 219.
490 3363 563 3416 Ἢ
590 3362 731 3433 τάχα
757 3363 822 3416 ἐκ
847 3363 946 3434 τῆς
967 3362 1175 3426 κοιλίας
1204 3362 1493 3432 φωνοῦσιν,
1513 3356 1588 3418 ὧν
1607 3363 1635 3416 ό
1658 3363 1779 3428 θεὸς
1805 3367 1839 3437 ή

245 3454 434 3508 κοιλία
452 3470 468 3484 ·
496 3453 549 3506 οί
572 3453 752 3507 πάντα
778 3454 1305 3525 πραγματευόμενοι,
1324 3455 1427 3526 τῆς
1449 3456 1507 3508 ἐν
1535 3454 1614 3526 τῷ
1643 3455 1842 3510 ἐσθίειν

247 3545 350 3599 καὶ
379 3544 559 3599 πίνειν
590 3544 778 3598 ἕνεκεν
798 3544 1009 3616 ἡδονῆς.
1046 3546 1209 3598 Ὥστε
1242 3546 1343 3599 οὐκ
1381 3546 1446 3600 ἄν
1486 3563 1572 3610 τις
1605 3547 1842 3619 ἁμάρτοι

247 3634 426 3688 εἰπὼν
455 3633 928 3705 ἐγγαστριμύθους
954 3635 1049 3688 καὶ
1082 3638 1147 3689 ἐκ
1179 3636 1276 3707 τῆς
1302 3636 1508 3701 κοιλίας
1536 3637 1843 3706 φωνοῦντας

247 3725 381 3788 τοὺς
421 3725 563 3797 ὑπὲρ
606 3724 700 3780 τοῦ
752 3725 850 3797 τὴν
882 3726 1126 3797 γαστέρα
1162 3726 1449 3799 πληρῶσαι
1494 3728 1843 3783 διδασκαλίαν

250 3817 785 3890 σχηματιζομένους.
839 3820 933 3872 καὶ
966 3818 1251 3883 εὐλαϐείας
1293 3821 1509 3884 ἑαυτοῖς
1538 3822 1844 3894 περιτιθέν-

247 3927 355 3973 τας
395 3917 610 3982 μορφήν
628 3928 641 3941 ο
667 3911 716 3964 οἳ
742 3910 832 3965 διά
858 3912 921 3965 τὸ
953 3912 1027 3984 μὴ
1053 3912 1161 3965 ἀπὸ
1187 3911 1480 3977 διαθέσεως
1506 3914 1634 3977 τοὺς
1651 3914 1842 3984 λόγους

247 4001 664 4074 προφέρεσθαι.
714 4002 1111 4072 κενολογοῦσιν.
1163 4003 1423 4069 Είκότως.
1492 4004 1549 4058 '0
1600 4005 1711 4078 γάρ
1764 4005 1839 4078 μὴ

251 4093 450 4158 ποιῶν,
507 4095 604 4147 καὶ
653 4094 936 4159 διδάσκων,
980 4096 1360 4164 ἀναξιὸπιστός
1392 4101 1539 4151 ἐστιν
1579 4099 1659 4161 είς
1697 4097 1841 4167 ὠφέ-

249 4188 428 4243 λειαν.
459 4187 534 4241 Τὸ
561 4187 640 4252 δὲ,
675 4190 799 4243 Οὐκ
828 4188 996 4255 ἔθνος
1032 4190 1181 4258 πρὸς
1214 4191 1364 4245 Θεὸν
1389 4190 1576 4245 αὐτοῦ
1591 4189 1837 4261 ἐκζητή-

247 4295 475 4344 σουσι;
501 4279 742 4334 τοιοῦτόν
765 4282 933 4343 ἐστιν,
978 4281 1062 4335 ὅτι
1095 4281 1325 4339 ἑκαστον
1362 4283 1513 4347 ἔθνος
1544 4283 1620 4354 τῷ
1645 4282 1839 4338 ἑαυτοῦ

246 4370 379 4440 Θεῷ
408 4370 674 4441 προσάγει
705 4369 805 4441 τὴν
828 4371 957 4441 περ)⁹
989 4366 1051 4425 οὗ
1082 4370 1327 4442 βούλεται
1369 4371 1560 4444 μαθεῖν
1587 4373 1833 4445 ζήτησιν.

246 4461 368 4515 Καὶ
421 4460 853 4532 ἐρωτηματικῶς
902 4462 1008 4535 χρὴ
1039 4462 1339 4517 τυποῦσθαι
1382 4464 1482 4536 τήν
1528 4464 1834 4533 ἀνάγνωσιν

247 4548 396 4621 πρὸς
437 4548 536 4619 τὴν
571 4550 874 4621 σαφήνειαν
908 4549 1020 4621 (89)
1072 4549 1167 4603 τοῦ
1220 4535 1613 4621 ῥητοῦσίούχὶ
1665 4550 1844 4618 ἔθνος
1877 4535 1918 4590 D

245 4641 409 4709 πρὸς
446 4642 597 4696 Θεὸν
635 4642 822 4697 αὑτοῦ
846 4639 1324 4711 ἐκζητήσουσιν;
1370 4642 1532 4696 Ὥστε
1564 4644 1697 4707 τούςι
1733 4642 1843 4715 (90)

1946 3279 2089 3332 sunt,
2115 3269 2369 3339 loquitur.

2017 3363 2143 3419 2i9.
2171 3364 2278 3418 Aut
2321 3364 2463 3421 forte
2499 3364 2566 3420 de
2594 3372 2786 3419 ventre
2822 3363 3122 3435 loquuntur
3166 3361 3244 3427 ii,
3291 3374 3523 3432 quorum

1945 3457 2077 3512 deus
2117 3466 2311 3512 venter
2338 3465 2422 3513 est
2471 3457 2516 3489 ⁸⁸
2550 3457 2682 3528 :qui
2720 3457 2790 3511 ob
2819 3456 3145 3526 voluptatem
3195 3468 3262 3508 ex
3310 3454 3432 3508 cibo
3461 3468 3527 3508 ac

1943 3558 2072 3617 potu
2102 3559 2416 3605 nascentem
2463 3559 2632 3621 agunt
2660 3550 2864 3606 omnia.
2894 3548 3255 3615 Quamobrem
3292 3562 3397 3601 non
3432 3546 3527 3601 ab-

1945 3639 2141 3693 errarit
2166 3639 2259 3709 qui
2297 3639 2534 3696 hariolos
2560 3647 2614 3694 et
2643 3638 3015 3708 ventriloquos
3041 3652 3137 3692 eos
3162 3652 3284 3692 esse
3304 3637 3526 3707 dixerit,

1944 3728 2036 3795 qui
2076 3729 2146 3783 ob
2187 3739 2431 3784 ventrem
2470 3730 2866 3799 adimplendum
2907 3726 3167 3783 simulant
3199 3725 3523 3792 doctrinam,

1945 3819 2271 3889 pietatisque
2313 3820 2542 3875 formam
2592 3834 2656 3875 ac
2692 3820 2925 3889 speciem
2961 3817 3064 3873 sibi
3096 3816 3397 3888 aﬁingunt;
3431 3818 3524 3885 qui

1943 3910 2086 3977 quod
2122 3926 2229 3964 non
2266 3926 2334 3965 ex
2371 3912 2553 3965 animo
2597 3908 2877 3980 proferant
2933 3923 3234 3976 sermones,
3270 3922 3409 3961 vana
3445 3906 3526 3963 lo-

1944 4010 2206 4071 quuntur.
2238 4000 2406 4070 quue
2445 4001 2569 4071 jure
2610 4017 2674 4058 ac
2710 4003 2924 4057 merito.
2956 4000 3210 4072 Quisquis
3236 3999 3380 4054 enim
3421 4012 3527 4053 non

1943 4093 2097 4158 facit,
2138 4093 2352 4149 etiamsi
2407 4094 2646 4161 doceat,
2691 4108 2909 4148 omnem
2950 4094 3051 4148 sibi
3106 4092 3296 4146 adimit
3346 4090 3525 4151 ﬁdem,

1942 4201 2051 4254 qua
2083 4186 2233 4241 utilis
2261 4201 2382 4242 esse
2407 4188 2600 4258 possit.
2642 4185 2778 4241 Illud
2808 4197 2986 4241 autem
3015 4202 3031 4241 :
3067 4183 3256 4239 Nonne
3296 4199 3420 4254 gens
3459 4184 3528 4235 ad

1942 4279 2112 4334 Deum
2155 4296 2309 4334 suum
2355 4281 2628 4351 exquirent
2667 4279 2819 4336 ?hoc
2860 4280 3019 4335 modo
3061 4277 3285 4347 intelligi
3320 4276 3524 4337 debet;

1939 4386 2073 4443 gens
2114 4373 2364 4442 quaelibet
2409 4375 2475 4425 de
2520 4389 2581 4428 re
2612 4386 2772 4444 quam
2822 4373 2937 4427 vult
2990 4371 3241 4436 edoceri,
3276 4370 3381 4424 Deo
3422 4371 3526 4423 suo

1943 4464 2295 4533 (Ιυκεῑῖοηειη
2341 4462 2505 4536 544
2539 4466 2807 4534 proponit.
2856 4463 3033 4532 Atque
3067 4462 3349 4517 sentcntiae
3387 4459 3528 4514 diluo

1952 4556 2195 4610 cidandte
2237 4570 2401 4609 causa
2451 4555 2737 4624 legendum
2779 4563 2862 4609 est
2899 4568 2996 4623 per
3023 4551 3526 4624 interrogationem,

1960 4646 2151 4701 Nonne
2195 4663 2318 4716 gens
2347 4647 2416 4699 ad
2454 4644 2622 4700 Deum
2648 4662 2799 4699 suum
2836 4646 3146 4715 exquirent.’
3178 4644 3357 4712 Quare
3382 4642 3526 4713 quia

330 4815 381 4851 ⁸⁸
411 4815 592 4888 lReg.
620 4833 814 4885 xxviii,
841 4818 928 4874 19.
1002 4820 1046 4853 ⁸⁷
1076 4820 1206 4877 ibid.
1241 4821 1329 4876 15.
1405 4820 1452 4853 ⁸⁸
1480 4821 1710 4893 Philipp.
1744 4836 1829 4890 ut,
1866 4823 1956 4878 19.

253 4983 375 5028 tant
409 4972 790 5047 imagines._At
830 4984 1060 5047 uterque
1101 4975 1347 5047 Combel‘.
1380 4986 1436 5032 et
1480 4976 1569 5031 alii
1614 4987 1848 5047 quatuor

251 5058 417 5120 mss...
448 5043 884 5120 περιιστώντων,
919 5043 1179 5101 undelibet
1225 5047 1487 5116 ejusmodi
1530 5043 1654 5103 visis
1696 5049 1849 5120 quasi

252 5115 474 5181 cingunt
507 5124 554 5165 et
587 5116 943 5170 circumdant.

329 5182 442 5251 (85)
485 5181 628 5258 Ecliti
659 5194 712 5258 et
754 5200 884 5258 mss.
919 5186 1184 5258 nonnulli,
1226 5189 1358 5258 παρ’
1387 5188 1539 5258 ἡμῖν.
1582 5187 1686 5242 Alii
1722 5188 1846 5257 qui-

256 5253 405 5331 uiam,
424 5252 565 5331 _1:ap'
595 5253 773 5331 ήμῶν.
817 5254 937 5331 ﬁlo:
972 5257 1115 5331 editi
1158 5252 1211 5331 et
1244 5252 1597 5331 aliqu_i"mss_.,
1637 5252 1754 5330 τῆν’
1780 5260 1844 5312 ἐκ

250 5322 479 5399 sought
501 5322 568 5399 _i_n
604 5322 727 5379 aliis
753 5326 1083 5399 quihusdam
1104 5327 1320 5396 legitur,
1335 5322 1449 5399 τὴν
1476 5322 1591 5382 τοῦ.

329 5390 446 5471 (86)
501 5391 728 5448 Veteres
771 5390 990 5471 aliquot
1034 5390 1193 5463 libri',
1251 5390 1841 5471 μετασχηματίζοντες.

250 5461 553 5529 Aliquanto
582 5474 699 5531 post
724 5464 854 5519 editi
873 5461 940 5520 et
960 5467 1066 5520 duo
1091 5461 1372 5532 niss.,'éxl
1398 5461 1713 5524 eoii'xaodk.
1739 5469 1844 5522 ΑΗὶ

251 5542 512 5605 «ML-9n.
544 5534 638 5586 ἐπὶ
678 5533 771 5605 ni»

480 5601 731 5682 Siciuss.
765 5604 1031 5682 nonnulli.
1072 5605 1238 5682 ﬂgiti,
1279 5607 1433 5682 Ἐπεὶ
1456 5605 1549 5682 οῦν
1584 5608 1740 5682 πρός.

326 5672 443 5750 (88)
476 5672 696 5745 Antiqui
733 5690 831 5731 se:
871 5675 1029 5740 libri,
1071 5675 1132 5743 ἐξ
1160 5678 1426 5750 οὐρανῶν.
1458 5679 1593 5735 Editi
1616 5672 1641 5747 ,’
1667 5678 1727 5744 ἐξ
1755 5678 1846 5731 οὐ-

258 5755 446 5811 ρανου.

2027 4979 2139 5051 (89)
2178 4978 2420 5051 Uterque
2465 4976 2721 5051 Colb._et
2760 4977 2895 5051 Reg.
2927 4976 3217 5051 secundus,
3254 4976 3394 5049 πρὸς
3426 4977 3527 5049 τὴν

1953 5047 2246 5120 ἀσάφειαν,
2282 5049 2350 5102 ad
2390 5049 2733 5102 amovendum
2759 5047 2896 5120 veriti
2922 5047 3313 5120 obscuritatem.

2025 5117 2137 5191 (90)
2174 5119 2316 5174 Editi
2354 5126 2409 5172 et
2452 5133 2583 5191 mss.
2630 5118 3013 5191 nostri,_"ﬂg1:s
3062 5117 3354 5191 τάςοςιυοά
3402 5131 3524 5191 cum

1952 5185 2265 5260 corruptum
2298 5203 2422 5260 esse
2466 5190 2676 5260 videret
2711 5187 3101 5260 glombeﬁsius,
3133 5185 3259 5260 τούς
3304 5203 3400 5255 pro
3428 5186 3527 5260 τάς

1952 5260 2055 5330 legi
2103 5257 2300 5314 debere
2343 5257 2648 5312 afﬁrmavit.
2703 5258 2807 5313 Sed
2836 5274 2965 5330 (non
3018 5257 3401 5330 animadvertgt
3446 5258 3527 5310 vir

1952 5325 2319 5393 doctissimus,
2348 5344 2406 5383 se
2432 5343 2583 5383 suam
2614 5329 3007 5384 correctionem
3037 5325 3403 5396 imperfectam
3435 5342 3522 5381 re-

1954 5399 2197 5469 liquisse.
2231 5399 2442 5454 Etenim
2474 5398 2518 5452 si
2564 5401 2686 5467 quis
2713 5396 2838 5461 τούς
2865 5398 3076 5467 legerit,
3105 5412 3329 5452 necesse
3357 5408 3438 5452 est
3468 5404 3522 5469 ut

1955 5466 2137 5524 statim
2177 5470 2343 5538 legat,
2383 5484 2488 5539 non
2515 5466 2874 5539 προσάγουσι,
2907 5466 3357 5536 quemadmodum
3388 5477 3442 5523 et
3470 5466 3523 5539 in

1954 5540 2113 5595 editis
2136 5551 2189 5594 et
2225 5537 2276 5593 in
2315 5537 2589 5593 veteribus
2623 5539 2774 5591 libris
2825 5539 3083 5605 scriptum
3114 5538 3400 5607 reperitur,
3429 5537 3525 5592 sed

1959 5609 2279 5680 προσάγειν.
2324 5608 2457 5662 Nam
2487 5607 2776 5680 accusandi
2806 5623 2985 5680 casus,
3025 5607 3175 5673 τούς,
3218 5611 3527 5680 necessario

1957 5679 2212 5747 pustulat,
2255 5688 2313 5732 ut
2344 5689 2532 5748 postea
2558 5679 2855 5731 inﬁnitivus
2886 5679 3267 5745 subsequatur.
3298 5679 3526 5747 Supple-

1956 5750 2130 5806 vitnus
2158 5750 2322 5821 igitur
2352 5750 2495 5819 quod
2542 5749 2937 5804 etneiidandntu
2980 5749 3268 5820 reliquerat
3298 5750 3527 5805 Couin
