3808 6212
258 250 364 306 499
1210 240 1557 298 APPENDIX
1597 238 1884 299 OPERUM
1926 239 1985 298 S.
2025 236 2268 294 BASILII
2306 235 2541 294 MAGNI.

3374 262 3385 270 -
3427 234 3547 292 500

261 374 450 422 nostro
472 361 617 420 cultu
645 359 807 416 alieni
849 365 1011 424 sunt,
1059 357 1127 411 iis
1159 370 1297 427 quos
1332 357 1462 413 deos
1488 371 1611 413 esse
1646 370 1842 426 posue-

2077 354 2178 425 τῆς
2204 354 2327 409 καθ’
2360 353 2509 424 ἡμᾶς
2544 350 2862 423 θεραπείας,
2889 347 3199 415 ἀκολούθως
3236 351 3347 418 τοῖς
3371 349 3546 418 θεοῖς,

259 465 424 523 runt,
459 453 786 525 quaestiones
826 448 988 505 etiam
1041 448 1428 518 persolvendas
1478 457 1841 514 congruenter

2065 445 2326 500 ὑπέθεντο
2357 441 2496 499 εἶναι
2521 443 2702 507 θεοὺς,
2732 443 2829 498 καὶ
2848 444 2946 507 τὰς
2966 444 3332 516 ὲπερωτήσεις
3365 461 3547 517 προσ-

261 546 367 601 diis
415 541 912 609 convenienterque
964 546 1293 609 proponunt.
1348 537 1467 593 Etsi
1518 538 1662 594 enim
1710 537 1841 594 deos

2057 557 2119 594 ιν.
2147 539 2395 611 Νεκροὺς
2420 535 2530 608 γάρ
2548 535 2705 601 θεοὺς
2732 536 3078 606 ὑποθέμενοι,
3105 536 3300 601 αὐτοὺς
3328 538 3549 608 ἐπερω-

259 645 505 694 mortuos
541 634 912 697 constituunt,
946 642 1122 687 tamen
1166 646 1261 687 eos
1302 630 1642 702 interrogant
1664 631 1730 685 de
1754 631 1839 687 vi-

263 727 534 784 ventibus.
568 723 806 778 Mortuus
853 730 1036 776 autem
1083 719 1343 791 appellat,
1396 728 1490 774 aut
1539 718 1841 774 inanimata

261 821 403 876 idola
424 860 441 886 ,
466 828 598 890 puta
631 816 873 888 lapides,
907 814 1090 886 ligna,
1120 826 1196 868 ais
1231 820 1288 868 et
1315 826 1508 866 aurum
1535 828 1550 867 :
1580 819 1674 865 aut
1704 823 1846 864 mor-

263 924 388 968 tuos
409 920 571 967 vocat
594 924 711 975 eos,
732 908 826 979 qui
856 922 954 977 per
979 904 1306 978 apostasiam
1321 904 1488 958 vitam
1504 916 1687 959 veram
1713 900 1847 955 ami-

263 1020 404 1062 sere.
437 1005 548 1060 Aut
602 1001 745 1058 forte
791 999 957 1054 etiam
1014 1013 1206 1052 eorum
1256 997 1349 1056 qui
1395 993 1720 1063 ventriloqui
1762 993 1847 1048 di-

264 1105 463 1151 cuntur
492 1106 582 1148 ars
618 1091 799 1148 omnis
840 1097 1091 1146 versatur
1117 1089 1263 1143 circa
1309 1087 1561 1153 sepulcra
1587 1125 1603 1152 ,
1631 1094 1684 1140 et
1720 1085 1847 1139 inde

265 1190 793 1243 incantamentorum
839 1195 1061 1237 suorum
1106 1180 1214 1233 vim
1267 1192 1333 1231 ac
1372 1176 1683 1233 facultatem
1726 1191 1848 1229 mu-

266 1289 470 1334 tuatur.
505 1275 708 1332 Deinde
735 1274 1014 1343 Scriptura
1042 1270 1448 1326 idololatrarum
1479 1266 1846 1338 insipientiam

265 1381 410 1435 :ugre
444 1365 661 1431 ferens,
695 1366 775 1420 ait
813 1382 827 1418 :
864 1362 1004 1430 Quid
1032 1363 1304 1431 exquirant
1328 1361 1391 1414 de
1424 1360 1553 1414 rivis
1579 1357 1853 1412 mortuos?

265 1456 381 1510 Cur
424 1465 479 1508 tu
524 1454 618 1524 qui
652 1453 925 1509 animatus
967 1467 1058 1515 es,
1091 1452 1289 1505 adoras
1329 1448 1605 1518 lapidem?
1650 1463 1747 1504 cur
1794 1460 1851 1503 tu

266 1548 362 1618 qui
411 1547 621 1601 ratione
665 1545 927 1616 praeditus
960 1559 1056 1609 es,
1095 1543 1317 1600 surdum
1360 1541 1706 1612 interrogas?
1744 1539 1852 1596 Pro

1942 628 2080 681 τῶσι
2127 629 2260 701 περὶ
2300 627 2409 682 τῶν
2454 626 2693 692 ζώντων.
2738 628 2983 700 Νεκροὺς
3022 628 3079 682 δὲ
3114 627 3282 698 λέγει,
3315 630 3434 701 ἤτοι
3467 630 3544 685 τά

1946 721 2132 793 ἀψυχα
2158 721 2375 785 είδωλα,
2397 720 2580 785 λίθους
2612 720 2708 775 καὶ
2751 718 2885 785 ξύλα
2913 720 3008 774 καὶ
3039 720 3240 792 χαλκὸν
3268 721 3363 777 καὶ
3397 739 3539 794 χρυ-

1948 815 2075 869 σόν·
2107 814 2142 886 ἦ
2171 815 2401 886 νεκροὺς
2436 813 2587 883 λέγει
2628 814 2756 877 τοὺς
2792 813 2892 887 τὴν
2931 812 3078 886 ζωὴν
3127 815 3230 887 τὴν
3276 814 3544 888 ἀληθινὴν

1945 907 2037 961 διὰ
2061 906 2162 976 τῆς
2190 906 2530 971 ἀποστασίας
2550 905 3018 977 ἀποϐεϐληκότας.
3050 909 3121 961 Ἢ
3148 908 3289 978 τάχα
3320 908 3414 961 καὶ
3437 909 3548 962 πᾶ-

1950 1013 2021 1049 σα
2080 996 2189 1051 τῶν
2238 997 2695 1068 ἐγγαστριμύθων
2739 997 3048 1069 λεγομένων
3090 1000 3124 1071 ὴ
3185 997 3544 1070 πραγματεία

1948 1091 2079 1161 περὶ
2103 1089 2170 1144 τά
2209 1090 2471 1160 μνήματα
2501 1089 2817 1161 στρέφεται,
2849 1090 3104 1144 κάκεῖθεν
3137 1089 3248 1160 ἔχει
3270 1090 3369 1160 τῆς
3399 1105 3547 1158 μαγ-

1949 1179 2171 1249 γανείας
2197 1178 2297 1251 τὴν
2324 1179 2574 1250 δύναμιν.
2591 1174 2727 1232 Εἶτα
2750 1178 3159 1250 δυσανασχετῶν
3180 1179 3273 1232 ἐπὶ
3293 1181 3359 1250 τῇ
3380 1179 3550 1251 ἀνοίᾳ

1948 1272 2059 1325 τῶν
2091 1270 2624 1344 είδωλολατρούντων
2659 1274 2689 1324 6
2716 1272 2874 1341 λόγος
2898 1272 3062 1343 φησί’
3097 1272 3157 1326 Τί
3187 1270 3552 1340 ἐκζητήσουό

1951 1378 2019 1416 σι
2044 1361 2179 1431 περὶ
2207 1361 2328 1416 τῶν
2351 1361 2581 1423 ζῶν-των
2618 1361 2763 1428 τοὺς
2784 1362 3036 1430 νεκρούς
3052 1377 3071 1426 ;
3121 1361 3187 1415 Τί
3216 1364 3551 1433 προσκυνεῖς

1949 1455 2042 1510 τὸν
2070 1454 2239 1520 λίθον,
2283 1455 2313 1509 6
2342 1454 2620 1527 ἐμψυχος;
2647 1456 2702 1508 τί
2726 1456 2937 1527 ἐρωτᾷς
2964 1455 3056 1508 τὸν
3088 1454 3291 1525 κωφὸν,
3331 1455 3360 1507 6
3388 1453 3549 1523 λογι-

1951 1547 2082 1612 κός;
2127 1546 2301 1618 ’Υπὲρ
2327 1546 2423 1600 τοῦ
2450 1546 2641 1610 παιδὸς
2672 1545 2934 1610 ἱκετεύεις
2961 1545 3057 1599 τοῦ
3090 1545 3289 1610 ζῶντος
3310 1545 3402 1600 τὸν
3426 1545 3553 1617 (9i)

269 1641 384 1696 lilio
412 1640 628 1697 vivente
673 1652 830 1709 opem
880 1638 948 1693 ab
990 1652 1056 1694 eo
1101 1637 1385 1707 imploras,
1413 1634 1505 1704 qui
1537 1633 1703 1689 vitam
1742 1647 1850 1688 non

2057 1656 2098 1710 ιν
2127 1640 2229 1692 οὐκ
2251 1638 2463 1710 ἔχοντα,
2512 1639 2603 1693 τὸν
2630 1638 2778 1709 ζωῆς
2801 1638 3297 1710 ὲστερημένον,τδν
3314 1640 3551 1694 ἄπνουν.

269 1734 467 1800 habet,
508 1735 603 1804 qui
649 1734 758 1788 vita
807 1741 997 1798 caret,
1033 1732 1126 1802 qui
1174 1744 1276 1785 nec
1320 1728 1596 1798 respirare
1643 1733 1844 1796 potest.

2057 1748 2071 1783 ρ
2099 1732 2179 1795 είς
2220 1733 2470 1802 μαντεῖον
2498 1730 2764 1803 ἀπέλθῃς,
2794 1731 2896 1786 κᾶν
2918 1730 3236 1803 καθαρμοὺς
3263 1732 3556 1801 περινοῇς,

270 1825 511 1881 Tametsi
541 1825 741 1881 adieris
767 1824 1071 1889 oraculum,
1100 1821 1314 1877 tametsi
1346 1819 1622 1890 excogites
1658 1817 1850 1872 lustra-

269 1917 468 1984 tiones,
499 1915 681 1970 abiisti
710 1916 776 1970 ad
810 1925 1087 1980 mortuos,
1127 1912 1221 1982 qui
1253 1911 1333 1964 vel
1367 1910 1467 1980 ipsi
1512 1908 1680 1963 vitam
1716 1906 1855 1961 ami-

270 2025 413 2074 sere,
442 2018 495 2065 et
529 2010 624 2066 tibi
660 2009 730 2064 ob
775 2008 1170 2064 contumaciam
1210 2014 1436 2059 mortem
1468 2013 1595 2058 sunt
1630 2000 1848 2056 illaturi.

341 2102 467 2156 9.20.
507 2102 695 2173 Legem
730 2084 873 2156 dedit.
918 2102 972 2155 in
1007 2097 1311 2160 auxilium,
1357 2105 1415 2150 ut
1462 2096 1642 2149 dicunt
1673 2107 1692 2146 :
1729 2092 1854 2147 Non

271 2196 408 2249 sicut
426 2195 637 2249 verbum
659 2194 776 2260 Itoc,
804 2195 869 2247 de
895 2208 997 2262 quo
1030 2206 1135 2245 non
1167 2198 1243 2244 est
1273 2204 1493 2242 munera
1518 2188 1651 2240 dare
1684 2186 1747 2239 de
1771 2200 1852 2238 eo.

272 2287 353 2343 Ne
387 2288 610 2342 multum
658 2288 735 2342 sis
784 2284 1045 2340 sollicitus
1090 2282 1158 2338 de
1206 2281 1389 2336 futuro
1437 2296 1452 2332 :
1502 2281 1596 2336 sed
1623 2279 1691 2334 de
1719 2291 1859 2346 prae-

273 2379 517 2433 sentibus
552 2379 619 2431 ad
650 2388 799 2431 tuum
839 2374 1185 2430 commodum
1225 2381 1439 2437 statue,
1486 2380 1542 2426 et
1567 2369 1654 2425 bis
1682 2377 1854 2423 utere.

275 2466 417 2539 Quid
464 2471 609 2525 enim
638 2478 995 2539 percepturus
1044 2481 1105 2520 es
1153 2464 1505 2520 emolumenti
1557 2477 1624 2517 ex
1673 2460 1857 2515 habita

279 2563 656 2634 pranotioue?
718 2560 914 2629 Utique
970 2559 1016 2614 si
1071 2558 1202 2628 quid
1266 2558 1504 2612 futurum
1557 2564 1641 2610 est
1686 2553 1857 2618 boni,

280 2656 493 2711 etiamsi
541 2671 648 2711 non
702 2655 1033 2725 praeuoveris
1060 2693 1075 2718 ,
1104 2651 1320 2707 eveniet
1360 2669 1374 2705 :
1405 2650 1487 2706 sin
1516 2660 1693 2703 autem
1730 2647 1860 2716 quid

280 2749 535 2815 molesti,
565 2749 694 2819 quid
746 2748 841 2803 tibi
889 2748 1114 2818 prodest
1166 2759 1404 2801 maerore
1449 2758 1515 2799 ac
1560 2743 1775 2797 tristitia
1807 2742 1860 2794 in

282 2848 626 2894 antecessum
651 2837 896 2893 conﬁci?
938 2836 1136 2905 Legem
1184 2833 1443 2905 accepisti
1489 2834 1544 2888 in
1579 2831 1860 2887 auxilium.

282 2930 474 3000 Magna
520 2930 735 2998 quidem
778 2929 956 2984 inerat
985 2929 1081 2983 tibi
1132 2926 1510 2997 opportunitas
1540 2924 1625 2980 vel
1647 2924 1714 2979 ab
1747 2924 1863 2993 ipsa

285 3033 478 3077 natura
511 3023 579 3076 ad
620 3022 820 3076 bonum
850 3040 864 3076 :
894 3021 989 3076 sed
1026 3021 1076 3075 id
1110 3019 1399 3091 perliciens
1430 3016 1614 3083 Deus,
1641 3016 1737 3070 tibi
1773 3015 1861 3069 in-

284 3129 449 3184 super
473 3113 609 3184 legis
651 3127 867 3182 quoque
908 3112 1185 3167 concessit
1226 3108 1638 3164 adminiculum.
1681 3104 1778 3160 Vis
1802 3105 1868 3159 de
1893 3093 1936 3151 C

285 3203 451 3259 rebus
492 3203 688 3259 futuris
723 3212 905 3258 certus
940 3202 1109 3258 esse?
1148 3202 1224 3256 Ea
1271 3216 1392 3270 qua:
1435 3201 1551 3270 lege
1581 3198 1867 3268 iubentur,

287 3309 626 3364 exsequere,
677 3292 1055 3364 bonorumque
1097 3293 1495 3363 possessionem
1536 3299 1867 3360 exspectato.

291 3389 511 3443 Honora
552 3397 753 3459 patrem
790 3398 939 3441 tuum
965 3394 1017 3442 et
1051 3394 1270 3440 matrem
1292 3423 1308 3450 ,
1337 3393 1393 3438 ut
1427 3382 1553 3436 bene
1580 3383 1674 3436 tibi
1695 3382 1784 3448 sit,
1821 3389 1873 3435 et

288 3484 395 3537 sris
443 3481 716 3552 longaevus
761 3496 916 3546 super
950 3488 1146 3533 terram
1176 3516 1192 3540 ,
1240 3492 1397 3548 quam
1441 3475 1694 3529 Dominus
1735 3473 1873 3527 Deus

293 3587 415 3628 tuus
441 3575 532 3628 dat
582 3574 677 3629 (ibi
697 3574 766 3627 ⁸³.
796 3562 1155 3642 Concffpiscis
1183 3570 1368 3627 bona?
1393 3569 1523 3636 Qum
1559 3568 1874 3639 praescripta

294 3678 424 3721 sunt
467 3669 718 3723 observa.
767 3665 958 3721 Vatem
999 3666 1066 3720 de
1116 3674 1205 3719 tua
1255 3662 1488 3719 sanitate
1529 3676 1600 3717 ne
1643 3675 1876 3731 percon-

297 3761 430 3817 teris
462 3776 478 3815 :
513 3759 606 3813 sed
636 3759 846 3814 sustine
876 3758 1147 3812 medicum
1174 3797 1193 3824 ,
1237 3754 1329 3826 qui
1366 3755 1433 3808 ad
1480 3754 1765 3808 sanitatem
1794 3765 1877 3806 re-

1957 1824 2094 1896 πρὸς
2125 1826 2355 1896 νεκροὺς
2388 1824 2649 1896 ἀπῆλθες,
2689 1826 2786 1879 καὶ
2817 1825 3015 1889 αὐτοὺς
3040 1825 3139 1897 τὴν
3162 1822 3556 1894 ζωὴνηάπολω-

1957 1917 2203 1981 λεκότας,
2232 1917 2329 1970 καὶ
2355 1916 2441 1971 σοὶ
2470 1916 2765 1988 μέλλοντας
2786 1916 2873 1971 διὰ
2892 1918 2991 1989 τῆς
3014 1916 3304 1989 παρακοῆς
3323 1915 3420 1988 τὴν
3451 1915 3554 1970 νέ-

1960 2026 2165 2079 κρωσιν
2192 2011 2460 2080 ἐμποιεῖν.

2030 2100 2153 2157 220.
2189 2103 2391 2172 Νόμον
2428 2100 2690 2156 δέδωκεν
2719 2100 2831 2172 (92)
2875 2104 2965 2168 είς
2987 2099 3301 2168 βοήθειαν,
3341 2103 3442 2157 ἵνα
3470 2102 3561 2157 ετ-

1962 2207 2187 2248 πωσιν·
2224 2196 2347 2262 Οὐχ
2373 2194 2453 2260 ὡς
2480 2193 2547 2246 τὸ
2567 2195 2736 2265 ῥῆμα
2761 2193 2960 2259 τοῦτο,
2986 2193 3121 2262 περὶ
3158 2190 3232 2250 οὗ
3271 2197 3383 2249 οὐκ
3413 2195 3559 2249 ἐστι

1962 2284 2124 2353 δῶρα
2165 2284 2377 2340 δοῦναι
2424 2285 2559 2354 περὶ
2599 2285 2807 2340 αὐτοῦ.
2857 2286 2951 2356 Μὴ
2998 2285 3445 2358 πολυπραγμόνει
3488 2283 3561 2337 ὀδ

1967 2378 2178 2447 μέλλον,
2215 2377 2351 2432 ἀλλά
2378 2378 2449 2431 τὰ
2478 2378 2722 2451 παρόντα
2758 2378 2895 2451 πρὸς
2916 2379 2977 2432 τὺ
3001 2380 3273 2452 χρήσιμον
3311 2376 3562 2432 διατίθε-

1967 2486 2049 2524 σο.
2076 2469 2142 2522 Τί
2175 2469 2282 2540 γὰρ
2315 2469 2506 2538 ὄφελος
2532 2472 2597 2523 ὲκ
2630 2469 2726 2523 τοῦ
2761 2469 3053 2542 προλαϐεῖν
3093 2488 3150 2524 σε
3183 2470 3285 2542 τὴν
3310 2468 3557 2538 γνῶσινς

1966 2561 2029 2615 Εἰ
2071 2563 2169 2633 μὲν
2209 2561 2410 2630 ἀγαθὸν
2443 2561 2596 2616 ἔσται
2622 2562 2733 2634 (95)
2770 2564 2831 2617 τὸ
2862 2563 3141 2634 ἐσόμενον,
3171 2562 3312 2634 ἥξει,
3341 2562 3445 2616 κᾶν
3473 2563 3565 2634 μὴ

1968 2652 2219 2725 προγνῷς
2238 2670 2253 2685 ο
2287 2653 2337 2705 εἰ
2362 2652 2420 2707 δὲ
2441 2654 2704 2725 λυπηρὸν,
2732 2654 2785 2709 τί
2819 2673 2900 2709 σοι
2930 2656 2989 2708 τὸ
3017 2656 3207 2726 κέρδος
3235 2655 3565 2728 προσδαπα-

1967 2747 2163 2802 νᾶσθαι
2184 2749 2250 2818 τῇ
2273 2745 2453 2818 λύπῃ;
2486 2748 2667 2819 Νόμον
2697 2747 2891 2812 ἔλαϐες
2917 2749 2996 2812 εἰς
3028 2747 3298 2819 βοήθειαν.
3325 2748 3564 2818 Μεγάλη

1972 2841 2073 2911 μὲν
2106 2835 2173 2910 ἦν
2206 2856 2287 2893 σοι
2320 2843 2414 2893 καὶ
2452 2843 2485 2910 ἡ
2522 2840 2587 2893 ὲκ
2621 2840 2834 2910 φύσεως
2879 2840 3262 2911 ἐνυπάρχουσα
3313 2840 3450 2911 πρὸς
3490 2838 3571 2893 τδ

1969 2929 2133 2985 καλὸν
2159 2930 2551 3002 ἐπιτηδειότης,
2584 2929 2719 2984 ἀλλά
2749 2930 2909 2983 τοῦτο
2951 2930 3174 2985 τελειῶν
3224 2934 3253 2984 6
3295 2930 3429 2993 Θεὸς
3460 2930 3571 2983 καὶ

1968 3021 2066 3093 τὴν
2096 3023 2161 3074 ὲκ
2184 3019 2278 3073 τοῦ
2303 3022 2470 3092 νόμου
2505 3038 2588 3075 σοι
2610 3021 2979 3092 χειραγωγίαν
3012 3022 3341 3089 προσέθηκε.
3368 3020 3569 3074 Βούλει

1970 3113 2097 3186 περὶ
2121 3113 2230 3167 τῶν
2257 3113 2558 3185 μελλόντων
2577 3111 2865 3165 πεπεῖσθαι
2886 3129 2900 3176 ;
2932 3112 3089 3165 Ποίει
3116 3110 3185 3164 τά
3203 3109 3572 3180 διατεταγμέ-

1970 3225 2037 3262 να
2079 3206 2219 3260 κατὰ
2265 3206 2357 3260 τὸν
2400 3205 2588 3278 νόμον,
2634 3205 2732 3258 καὶ
2780 3204 3018 3275 ἀνάμενε
3052 3204 3163 3257 τῶν
3201 3201 3424 3271 ἀγαθῶν
3459 3201 3575 3273 τὴν

1973 3299 2294 3354 ἀπόλαυσιν.
2332 3298 2475 3369 Τίμα
2510 3295 2619 3351 τὸν
2644 3294 2870 3363 πατέρα
2894 3308 3014 3349 σου
3047 3294 3147 3348 καὶ
3170 3293 3287 3363 τὴν
3308 3293 3572 3364 μητέρα,

1972 3390 2074 3443 ἵνα
2127 3383 2199 3443 εὖ
2238 3401 2340 3441 σοι
2376 3386 2641 3458 γένηται,
2687 3385 2786 3438 καὶ
2827 3383 2946 3454 ἐστι
2979 3386 3421 3454 μακροχρόνιος
3464 3384 3577 3438 ἐπὶ

1974 3480 2087 3549 τῆς
2115 3478 2246 3550 τῆς,
2268 3475 2346 3550 ἧς
2373 3479 2593 3547 Κύριος
2623 3479 2656 3530 ὁ
2686 3477 2832 3543 Θεός
2862 3492 2979 3531 σου
3016 3474 3229 3530 δίδωσί
3256 3492 3378 3530 σοι.
3411 3476 3579 3530 Ἐπι-

1975 3573 2166 3644 θυμεῖς
2187 3571 2295 3625 τῶν
2314 3569 2565 3639 ἀγαθῶν;
2588 3568 2742 3622 Ποίει
2763 3567 2832 3622 τά
2860 3567 3275 3639 διατεταγμένα.
3305 3567 3399 3640 Μὴ
3428 3565 3580 3639 ἐρώ-

1976 3681 2047 3719 τα
2067 3663 2161 3717 τδν
2198 3663 2389 3735 μάντιν
2419 3660 2549 3733 περὶ
2578 3660 2680 3731 τῆς
2707 3659 2916 3729 ὑγείας,
2950 3660 3065 3714 ἀλλ’
3095 3660 3333 3732 ἀνάσχου
3358 3659 3453 3713 τοῦ
3487 3661 3583 3713 ία-

1976 3754 2108 3827 τροῦ
2143 3752 2532 3824 ὑποτιθεμένου
2569 3752 2639 3807 τὰ
2678 3753 2814 3824 πρὸς
2852 3753 3061 3822 ὑγείαν,
3095 3744 3170 3806 ὧν
3203 3751 3369 3815 αὐτὸς
3401 3747 3453 3804 εἷ
3474 3751 3584 3803 κὺ-

297 3847 663 3919 cuperaudam
710 3845 949 3901 remedia
994 3860 1223 3916 quorum
1278 3854 1335 3898 tu
1388 3843 1505 3914 ipse
1531 3842 1782 3897 dominus
1819 3853 1855 3893 e:

2057 3865 2117 3911 ις.
2150 3845 2217 3899 Ti
2241 3848 2373 3916 παρ’
2399 3846 2587 3919 ἑτέρου
2619 3845 2887 3919 διδάσκῃ;
2926 3845 3114 3909 Οὐδεὶς
3149 3845 3341 3916 μάντις
3365 3843 3585 3897 ἀθανα-

298 3952 350 3997 et
400 3941 640 4005 arbiter,
670 3939 1006 4011 praescribat.
1059 3936 1264 4006 Ecquid
1316 3936 1527 3991 discere
1578 3933 1782 4004 poteris
1812 3931 1855 3986 al

2057 3958 2105 3993 ιν
2136 3937 2456 4012 χαρίζεται·
2491 3939 2664 4004 οὐδεὶς
2700 3939 2891 4008 ἀνάγει
2931 3938 3070 4011 πρὸς
3106 3936 3334 4008 οὐρανόν
3355 3953 3369 3966 η
3396 3935 3586 3999 οὐδείς

299 4033 451 4089 alio?
512 4031 794 4087 Fatidicus
858 4030 1040 4085 nullus
1102 4027 1316 4084 confert
1370 4025 1832 4082 immortalitatem

2079 4033 2157 4104 τῷ
2187 4035 2352 4105 κριτῇ
2382 4033 2440 4086 ὲν
2468 4032 2753 4104 παρρησίᾳ
2776 4032 3107 4104 παρίστησιν
3138 4030 3274 4101 (94),
3298 4028 3414 4083 ἀλλ’
3436 4031 3466 4082 6
3491 4028 3588 4082 νό-

303 4129 481 4184 nullus
510 4126 731 4182 deducit.
774 4125 843 4179 ad
886 4124 1104 4180 ccelum.
1136 4121 1401 4178 Securum
1438 4129 1491 4178 te
1524 4118 1692 4188 iudici
1723 4131 1855 4172 tteml

2057 4141 2091 4188 »ς
2146 4124 2243 4178 κα)⁸
2286 4124 2540 4195 ἡτούτου
2567 4123 2801 4196 ἀκριὸὴς
2823 4126 3089 4195 summe“
3131 4122 3191 4175 ὃν
3245 4121 3452 4194 τηρῶνν
3502 4121 3586 4193 μὴ

301 4220 449 4277 sistit
475 4260 491 4284 ,
523 4217 627 4274 nisi
676 4217 761 4272 lex
801 4224 859 4270 et
908 4214 1025 4285 ejus
1083 4222 1341 4268 accurata
1389 4209 1699 4267 observatio
1733 4225 1750 4262 :
1779 4222 1850 4278 qu

2057 4216 2437 4290 ιλυπραγμόνει
2476 4217 2537 4271 τὸ
2569 4217 2781 4288 μέλλον,
2813 4216 2926 4270 ἀλλ’
2955 4215 3193 4286 ἀνάμενε
3236 4215 3336 4286 τὴν
3366 4213 3589 4267 ἀντίδο-

304 4312 525 4382 impleta
553 4349 571 4375 ,
607 4309 727 4380 plus
755 4321 913 4379 aequo
945 4305 1186 4360 futurum
1220 4319 1294 4359 ue
1330 4317 1510 4366 cures,
1539 4299 1635 4355 sed
1665 4308 1855 4370 prmsto

2057 4326 2097 4363 ν.
2127 4309 2330 4378 Νόμον
2355 4303 2449 4362 οὖν
2481 4307 2705 4362 ἔδωκεν
2726 4309 2813 4374 εῑς
2826 4305 3139 4373 βοήθειαν,
3167 4306 3268 4358 ἵνα
3293 4305 3549 4358 etmodo-
3564 4317 3588 4337 ο

304 4404 422 4458 lare
470 4400 982 4457 remunerationem.
1033 4396 1219 4466 Legem
1262 4394 1423 4463 igitur
1461 4391 1603 4445 dedit
1643 4391 1701 4445 in
1725 4391 1853 4445 auxi

2057 4403 2118 4469 ῢχ
2139 4401 2220 4466 ὡς
2247 4400 2311 4454 τὸ
2333 4399 2501 4470 ῥῆμα
2522 4400 2697 4454 τοῦτο
2722 4399 2854 4468 περὶ
2874 4394 2946 4455 οὗ
2968 4399 3081 4452 οὐκ
3113 4397 3247 4451 ἐστι
3274 4395 3432 4465 δῶρα
3452 4394 3593 4449 δοῦ-

306 4495 475 4559 lium,
514 4504 574 4546 ut
620 4491 837 4544 dicunt:
863 4485 989 4556 Non
1017 4487 1152 4541 sicut
1178 4483 1385 4539 uerbum
1408 4482 1531 4548 hac,
1567 4481 1632 4535 de
1650 4497 1753 4551 quo
1784 4496 1850 4534 uo

2057 4509 2094 4545 ιι
2133 4491 2269 4559 περὶ
2309 4490 2518 4545 αὐτοῦ.
2548 4485 2715 4554 Οὗτος
2744 4490 2801 4543 δὲ
2842 4491 2872 4542 6
2914 4488 3079 4560 νόμος
3114 4488 3214 4541 οὐκ
3237 4487 3382 4540 ἐστιν
3415 4487 3492 4550 ὡς
3524 4486 3592 4541 τὺ

307 4596 386 4642 est
416 4601 635 4638 munera
664 4584 793 4636 dare
830 4582 893 4635 de
909 4596 991 4635 eo.
1026 4577 1151 4633 Haec
1176 4584 1354 4631 autem
1387 4573 1473 4628 lex
1504 4586 1610 4627 non
1635 4587 1695 4627 se
1727 4572 1855 4626 habe

2057 4584 2153 4654 ᾖμα
2176 4581 2337 4636 τοῦτο
2362 4580 2457 4635 τοῦ
2484 4580 2944 4653 ὲγγαστριμύθου.
2970 4582 3045 4634 Ub
3068 4579 3176 4651 γὰρ
3199 4577 3337 4650 πρὸς
3366 4577 3592 4647 ἀπάτην

308 4680 450 4735 sicut
483 4679 585 4732 hoc
619 4673 944 4743 ventriloqui
977 4673 1221 4727 verbum.
1260 4666 1377 4723 Non
1424 4666 1570 4721 enim
1600 4666 1667 4719 ad
1704 4664 1853 4721 l'ucut

2057 4672 2344 4744 ιινενόητσι
2381 4672 2571 4745 ὥσπερ
2598 4675 2801 4735 ἐκεῖνα,
2839 4671 2975 4726 ἀλλά
3008 4670 3264 4743 ἀληθείας
3286 4669 3404 4723 ἐστὶ
3437 4668 3592 4723 διδά-

252 4786 259 4798 λ
310 4767 616 4823 iaciendum
666 4764 971 4834 excogitata
1013 4768 1126 4824 cst,
1154 4758 1230 4813 uti
1265 4757 1357 4811 illa
1393 4756 1512 4826 ejus
1553 4755 1718 4811 verba
1749 4771 1765 4809 :
1799 4769 1855 4808 se

2057 4762 2220 4826 ιαλος.
2243 4763 2499 4817 Κάκεῖνοι
2534 4764 2635 4834 μὲν
2655 4763 2743 4816 ἐπ’
2769 4762 3018 4837 ἀργυρίῳ
3054 4762 3432 4835 μαντεύονται.
3457 4760 3596 4817 Τοῦ-

313 4857 558 4913 veritalis
584 4865 669 4911 est
698 4854 977 4924 magistra.
1018 4852 1194 4918 Atque
1227 4848 1303 4904 illi
1338 4848 1556 4914 quidem
1586 4846 1855 4901 vaticinati

2057 4854 2196 4927 ιγάρ
2230 4855 2348 4908 ἐστι
2387 4855 2448 4908 τὸ
2476 4856 2901 4925 καταγέλαστον,
2937 4857 3020 4910 ὃτι
3067 4857 3162 4910 καὶ
3194 4854 3457 4927 ἀργύριον
3486 4856 3592 4909 αὑ-

315 4962 406 5007 tur
437 4953 508 5007 ob
534 4960 845 5021 argentum.
872 4947 987 5002 Hoc
1018 4943 1180 5017 545
1212 4956 1448 5013 namque
1479 4940 1768 4997 ridiculum
1791 4954 1852 4995 es

2057 4948 2111 5008 Ic
2138 4945 2353 4999 τελοῦσι
2382 4946 2573 5017 μισθὸν
2597 4945 2691 5000 τοῦ
2714 4946 2942 5017 ψεύδους
2969 4948 3017 5000 οἱ
3039 4943 3597 5016 ἀπατώμενοι.Τοῦτο

313 5048 457 5119 quod
478 5049 570 5119 qui
599 5046 968 5116 decipiuntur,
1003 5041 1288 5113 pecuniam
1314 5040 1478 5095 etiam
1505 5051 1603 5108 pro
1630 5035 1855 5091 mendae

2057 5060 2060 5087 μ
2089 5038 2148 5093 τὸ
2177 5039 2351 5110 ῥῆμα,
2381 5039 2646 5104 τουτέστι,
2680 5040 2777 5093 τοῦ
2823 5040 3010 5111 νόμου,
3035 5038 3137 5092 οὐκ
3174 5036 3290 5091 ἐστι
3328 5036 3593 5104 τοιοῦτον,

423 5253 472 5287 ⁸⁸
493 5251 665 5309 Exod.
695 5265 765 5305 xx
821 5248 911 5303 l2.

319 5409 491 5465 ﬂsius.
520 5407 892 5462 Librariorum
916 5411 1098 5458 autem
1132 5416 1200 5456 an
1230 5399 1399 5473 ipsius
1440 5396 1681 5453 auctoris
1708 5393 1902 5451 menda

2085 5393 2200 5466 (9'5)
2232 5392 2461 5466 Veteres
2497 5390 2705 5461 aliquot
2749 5388 2896 5453 libri,
2921 5385 3080 5466 ﬁget.
3137 5383 3260 5466 Mox
3303 5383 3442 5466 regii
3481 5380 3604 5466 pri-

324 5481 440 5536 hmc
464 5479 595 5531 sint.
620 5477 709 5531 alii
728 5476 1070 5545 judicabunt.

2014 5452 2403 5531 tuus/tertius
2453 5471 2509 5518 et
2561 5452 2821 5531 q'uartus,
2871 5452 3064 5531 κέρδος
3122 5452 3603 5531 mmmam,

395 5522 1207 5617 (‘sii'iiu'iiﬁ‘25.”Xi'insg"
1238 5540 1377 5617 36v,
1405 5537 1563 5617 bene.
1613 5535 1855 5617 Aliquam

2057 5522 2196 5617 acte.
2217 5534 2320 5617 ᾼΙίἰ
2351 5549 2484 5588 mss.
2522 5522 2869 5617 cunued'i‘tils,’
2888 5522 3392 5617 προσδαπένᾶσθαι.

320 5597 598 5693 liost‘mss.
629 5597 842 5693 omnes:
873 5597 1213 5693 καθαρμορς.
1238 5597 1833 5693 Ειιὶίίζπκαθαρισμούς.

2089 5605 2202 5677 (94)
2236 5604 2309 5659 lta
2339 5620 2468 5659 mss.
2501 5602 2698 5658 nOStri.
2731 5600 2894 5663 Eclitl,
2925 5597 3286 5670 παραστήσει.

396 5631 443 5671 st
469 5633 598 5672 mss.
629 5631 842 5676 omnes,
873 5622 1213 5686 καθαρμούς.
1238 5622 1405 5668 Eunt.
1436 5622 1797 5732 καυαὲὶισμους

396 5688 506 5760 (9‘2)
538 5688 755 5756 Antiqui
790 5703 884 5741 sex
921 5686 1062 5750 libri,
1092 5683 1343 5746 δέδωκεν,
1389 5679 1553 5733 Ειίίιί.
1606 5677 1797 5731 δωκεν.
