3808 6212
1098 292 1462 369 conamur.
1503 310 1569 366 lN
1608 308 1846 366 lSAlAM
1883 307 2325 366 pnorns'ran.
2363 304 2517 361 CAP.
2556 301 2693 359 Vill.

3403 295 3511 352 502

241 430 391 485 ὥστε
415 429 562 501 δῶρα
588 426 772 483 δοῦναι
806 429 935 501 περὶ
965 428 1150 483 αὑτοῦ.
1191 431 1382 494 Οὐδεὶς
1413 430 1523 501 γὰρ
1545 428 1645 500 τὴν
1674 430 1834 502 χάριν

1957 429 2184 484 nercede
2220 427 2302 481 eis
2325 423 2556 481 solvant.
2592 421 2707 475 Hoc
2743 425 2924 474 autem
2963 428 3217 481 vernum,
3249 413 3385 486 legis
3408 415 3515 469 sci-

240 521 341 577 τοῦ
371 521 508 577 Θεοῦ
533 522 861 576 ἀποδίδοται.
899 524 1152 591 Δωρεὰν,
1195 524 1379 593 φησιν,
1415 523 1680 588 ἐλάϐετε,
1727 522 1831 576 δω-

235 614 393 683 ρεὰν
431 613 590 668 δότε.
638 613 803 684 Ὁρᾷς
836 611 954 676 πῶς
998 613 1346 684 ἠγανάκτησε
1394 612 1600 684 Πέτρος
1628 613 1719 666 ἐπὶ
1751 611 1830 683 τῷ

243 707 474 776 Σίμωνι,
513 705 777 777 ἀργύριον
817 705 958 777 ὑπὲρ
995 705 1098 775 τῆς
1134 705 1227 758 τοῦ
1261 703 1578 776 Πνεύματος
1609 705 1832 778 χάριτος

241 798 713 870 προσκομίσαντι;
768 796 840 851 Τὸ
873 797 982 869 γὰρ
1012 797 1296 867 ἀργύριόν
1339 813 1476 862 σου,
1519 798 1673 868 φησι,
1713 797 1834 852 σὺν

240 890 345 942 σοι
393 890 486 957 εἵη
512 891 604 952 εις
635 888 959 955 ἀπώλειαν,
1007 888 1098 942 ὅτι
1141 889 1427 958 ἐνόμισας
1458 888 1574 958 τὴν
1607 887 1834 958 δωρεὰν

239 981 352 1034 τοῦ
396 981 547 1034 Θεοῦ
585 981 683 1035 διὰ
711 979 1030 1050 χρημάτων
1054 977 1326 1035 κτᾶσθαι.
1356 983 1470 1037 Οὐκ
1501 981 1648 1035 ἐστιν
1684 977 1778 1036 οὖν
1804 984 1833 1036 ό

240 1071 339 1126 τοῦ
365 1073 704 1142 Εὑαγγελίου
731 1074 887 1142 λόγος
907 1073 984 1136 ὠς
1003 1073 1072 1126 τὰ
1094 1073 1422 1144 πωλούμενα
1440 1075 1661 1146 ῥήματα
1681 1073 1832 1145 παρά

235 1163 357 1243 ,τῶν
391 1164 868 1235 ἐγγαστριμύθων.
911 1162 976 1216 Τί
1017 1163 1125 1236 γὰρ
1165 1163 1230 1218 ἄν
1261 1181 1347 1228 τις
1383 1164 1497 1235 δοίη
1530 1163 1642 1233 (95)
1685 1163 1834 1230 ἄξιον

244 1254 434 1309 αὐτῶν
477 1256 868 1326 ἀντάλλαγμα;
917 1257 1117 1309 "Axoth
1144 1255 1238 1308 τοῦ
1271 1255 1432 1309 Δαόὶδ
1478 1254 1831 1327 ἀποροῦντος,

247 1346 345 1398 καὶ
374 1344 622 1412 λέγοντος
645 1363 661 1377 ·
698 1347 760 1399 Τί
783 1344 1186 1400 ἀνταποδώσω
1212 1343 1293 1410 τῷ
1322 1346 1517 1414 Κυρίῳ
1540 1345 1671 1414 περὶ
1695 1344 1838 1399 πάν-

246 1455 372 1491 των
396 1431 486 1490 ὧν
503 1435 884 1490 ἀνταπέδωκέ
899 1452 1035 1505 μοι;
1061 1438 1182 1490 Οὐκ
1208 1438 1379 1490 ἐστιν
1404 1431 1496 1490 οὖν
1516 1435 1674 1505 δῶρα
1694 1435 1835 1492 δοῦ-

245 1547 351 1583 ναι
368 1529 502 1597 περὶ
531 1529 748 1582 τούτου
768 1527 994 1594 ἀντάξια
1023 1528 1124 1598 τῆς
1156 1530 1251 1582 ἀπ’
1277 1527 1441 1582 αὑτοῦ
1468 1528 1706 1600 χάριτος.
1739 1529 1836 1600 Ἕν

245 1620 425 1692 δῶρον
443 1596 621 1685 ἀξιον,
655 1619 688 1690 ἡ
720 1619 935 1690 φυλακὴ
967 1617 1062 1672 τοῦ
1082 1596 1427 1691 δωρηθέντος
1453 1596 1587 1689 (96).
1631 1619 1688 1672 'O
1713 1596 1837 1682 δοῖὖς

247 1730 337 1766 σοι
385 1711 478 1765 τὸν
519 1711 791 1782 θησαυρὸν
823 1711 942 1781 οὐχὶ
975 1709 1140 1781 τιμὴν
1173 1711 1393 1763 ἀπαιτεῖ
1429 1708 1522 1762 τοῦ
1565 1709 1832 1775 δοθέντος,

247 1804 397 1858 ἀλλά
425 1804 675 1875 φυλακὴν
695 1803 852 1868 ἀξίαν
877 1802 973 1856 τοῦ
1001 1801 1310 1874 δεδομένου.

323 2081 455 2138 221.
506 2079 619 2135 Καὶ
653 2080 787 2150 ἣξει
833 2080 925 2150 ἐφ’
957 2077 1116 2150 ὑμᾶς
1154 2078 1396 2148 σκληρὰ
1435 2077 1631 2148 λιμὸς,
1671 2077 1838 2150 φησι*

251 2175 357 2230 καὶ
393 2174 586 2238 ἔσται,
617 2173 700 2239 ὡς
738 2171 816 2226 ἂν
860 2171 1206 2240 new-dante,
1245 2169 1700 2238 λυπηθήσεσθε,
1739 2169 1842 2225 καί

253 2266 458 2333 κακῶς
472 2265 663 2334 ,ἐρεῖτε
691 2265 800 2319 τὸν
827 2265 1089 2335 ἄρχοντα
1122 2263 1221 2318 καὶ
1247 2265 1322 2317 τὰ
1354 2263 1589 2332 πάτρια.
1624 2264 1682 2316 '0
1708 2262 1846 2316 πάν-

254 2377 326 2413 τα
349 2359 489 2430 πρὸς
518 2359 792 2430 σωτηρίαν
812 2357 1114 2428 οἰκονομῶν
1137 2357 1342 2428 Κύριος
1367 2357 1564 2426 ἐπάγει
1589 2356 1719 2410 ποτὲ
1749 2356 1849 2409 καὶ

254 2453 417 2524 λιμὸν
463 2453 558 2504 ἐπὶ
593 2450 926 2521 συμφέροντι
951 2449 1060 2504 τῶν
1089 2448 1645 2519 παιδαγωγουμένων.
1685 2447 1846 2500 Ἐκά-

255 2559 416 2596 κωσα
443 2542 553 2614 γάρ
581 2558 664 2607 σε,
693 2541 844 2612 φησι.
871 2541 965 2595 καὶ
991 2541 1417 2612 ὲλιμαγχόνησα,
1443 2540 1529 2593 ἵνα
1555 2535 1614 2592 εὖ
1641 2555 1702 2591 σε
1732 2538 1844 2610 (97)

256 2635 496 2702 ποιήσω.
521 2632 771 2704 Σκληράν
795 2633 972 2686 τοίνυν
993 2632 1150 2703 λιμὸν
1176 2632 1325 2700 λέγει
1355 2631 1454 2703 τὴν
1481 2630 1848 2704 ἀπαραμύθη-

257 2738 378 2787 τον,
393 2721 494 2794 τὴν
514 2721 865 2791 ἀνεπινόητον
887 2720 1022 2790 (98).
1043 2721 1163 2773 Εἰσὶ
1182 2720 1289 2793 γὰρ
1308 2720 1481 2792 λιμῶν
1497 2719 1768 2792 διαφοραί.
1781 2722 1850 2772 Αἰ

261 2814 369 2884 μέν
400 2816 508 2866 εἰσι
539 2808 681 2866 κατὰ
701 2812 970 2882 ἐπίλειψιν
993 2812 1140 2866 σίτου
1175 2811 1334 2883 μόνον
1351 2811 1633 2882 γινόμεναι
1657 2829 1672 2842 ·
1701 2811 1758 2864 αἱ
1790 2811 1848 2865 δὲ

260 2905 362 2958 καὶ
387 2905 529 2958 κατὰ
547 2905 644 2976 τὴν
664 2904 772 2957 τῶν
790 2903 992 2958 λοιπῶν
1012 2905 1245 2976 ἀπορίαν
1269 2906 1376 2959 τῶν
1403 2907 1677 2961 ἐσθίεσθαι
1697 2907 1849 2960 δυνα-

262 2998 467 3069 μένων.
496 2996 643 3068 Αὕτη
679 2997 789 3070 γάρ
817 2997 927 3065 (99)
960 2997 1106 3051 ἐστιν
1139 3000 1172 3069 ἡ
1200 2998 1412 3069 σκληρά
1440 2998 1617 3070 λιμὸς,
1655 3000 1722 3070 ἢν
1752 3001 1849 3053 ὲπ-

259 3090 424 3157 ἀγειν
442 3091 471 3141 ὁ
494 3088 653 3156 λόγος
670 3087 1082 3157 ἐπαγγέλλεται,
1106 3087 1248 3143 ὥστε
1277 3088 1367 3142 διὰ
1392 3089 1490 3160 τῆς
1518 3090 1726 3152 ἐνδείας
1757 3088 1850 3142 λύ-

261 3199 382 3253 πην
430 3181 760 3251 ἐμποιῆσαι,
822 3180 1096 3253 σωτηρίαν
1146 3159 1566 3252 ἀμεταμέλητον
1627 3181 1852 3254 ὲνεργά-
1877 3159 1919 3218 C

263 3272 469 3329 σασθαι
500 3273 826 3345 δυναμένην.
879 3274 1046 3327 Ὅταν
1073 3272 1133 3326 δὲ
1185 3271 1473 3341 λυπηθῶσι
1503 3270 1647 3326 κατὰ
1693 3271 1847 3334 θεὸν,

260 3363 392 3418 τότε
423 3361 612 3426 κακῶς
650 3361 836 3434 ἐροῦσι
866 3361 956 3416 τὸν
1001 3361 1239 3432 ἄρχοντα
1270 3361 1365 3416 καὶ
1393 3361 1459 3416 τὰ
1499 3362 1725 3432 πάτρια.
1757 3362 1853 3426 Τίς

262 3459 420 3511 ἐστιν
445 3458 475 3510 ό
501 3455 750 3527 ἀρχων,ὁ
777 3454 927 3527 παρά
951 3454 1060 3508 τῶν
1088 3455 1264 3520 καλῶς,
1287 3455 1643 3526 λυπουμένων
1674 3473 1851 3528 κακη-

263 3545 436 3618 γορού
446 3562 636 3616 μενος;
661 3540 739 3598 Ἦ
764 3545 1008 3616 δηλονότι
1024 3548 1052 3599 ὁ
1075 3546 1259 3618 ἄρχων
1287 3546 1380 3600 τοῦ
1404 3547 1606 3617 κόσμου
1633 3547 1848 3612 τούτου,

262 3637 327 3693 ὃν
361 3637 550 3700 κακῶς
599 3637 816 3708 ἐροῦσιν
869 3638 932 3690 ὲκ
975 3636 1051 3708 (Ι)
1089 3639 1399 3707 μετανοίας,
1441 3638 1572 3690 ὅταν
1614 3639 1695 3702 εἰς
1725 3655 1854 3692 συν-

265 3729 527 3800 αίσθησιν
573 3729 671 3799 τῆς
721 3729 815 3781 ἀπ’
849 3727 1016 3782 αὑτοῦ
1067 3728 1271 3800 βλάϐης
1330 3729 1546 3784 ἔλθωσι.
1591 3718 1851 3798 Κακηγο-

269 3821 430 3894 ροῦσι
462 3821 520 3874 δὲ
542 3821 637 3873 καὶ
666 3820 734 3874 τὰ
769 3821 998 3893 πάτρια.
1025 3822 1237 3893 Πάτρια
1265 3822 1321 3876 δὲ
1346 3821 1454 3876 τῶν
1475 3825 1533 3876 ὲν
1557 3823 1855 3894 ἁμαρτίαις

268 3913 494 3979 ζώντων
531 3914 590 3965 αι
629 3911 724 3965 τοῦ
777 3913 894 3983 βίου
929 3917 1325 3984 πραγματεῖαι,
1376 3911 1464 3979 αἷς
1505 3917 1554 3968 oi
1589 3915 1852 3985 φιλόδοξοι

271 4005 480 4067 πάντες
512 4004 899 4074 ἐμπλέκονται.
927 4005 1144 4076 Πάτριόι
1170 4005 1288 4058 ἐστι
1328 4005 1406 4076 τῷ
1449 4006 1756 4078 ἁμαρτωλῷ
1787 4007 1854 4061 τὰ

268 4098 413 4167 ἔργα
445 4097 544 4168 τῆς
561 4096 783 4167 σαρκὸς,
813 4097 1048 4168 μοιχεία,
1071 4097 1319 4171 πορνεία,
1341 4098 1670 4171 ἀκαθαρσία,
1697 4099 1854 4152 ἀσέλ-

269 4207 419 4259 γεια,
451 4188 886 4261 εἰδωλολατρεία,
922 4190 1113 4254 πάθος,
1139 4190 1404 4261 ἐπιθυμία
1435 4193 1600 4263 κακή.
1642 4192 1857 4264 Πάτριά

269 4286 392 4338 ἐστι
416 4282 568 4346 δόλος
597 4282 692 4336 καὶ
715 4282 930 4352 ψεῦδος,
965 4281 1245 4335 ἐπιϐουλαὶ
1267 4281 1361 4334 καὶ
1385 4282 1743 4354 ῥᾳδιουργίαι,
1762 4285 1854 4337 καὶ

271 4375 617 4446 ὑποκρίσεις.
664 4374 721 4428 Ὀ
759 4374 935 4426 τοίνυν
969 4373 1268 4444 ἀνανήψας,
1303 4368 1415 4427 οἷον
1444 4374 1551 4426 ἀπό
1579 4391 1721 4438 τινος
1753 4375 1854 4444 μὲ-

272 4467 399 4537 θης,
435 4465 544 4519 τῶν
590 4464 686 4518 τοῦ
723 4466 930 4542 κόσμου
979 4464 1322 4536 πραγμάτων
1346 4503 1361 4527 ,
1408 4463 1593 4528 κακῶς
1617 4465 1714 4536 μὲν
1742 4467 1856 4534 ὲρεί

1939 521 2096 586 licet,
2129 519 2235 572 tale
2273 533 2379 574 non
2415 525 2534 581 est,
2568 522 2629 569 ut
2656 525 2882 567 munera
2921 510 3116 566 dentur
3143 523 3240 578 pro
3267 522 3354 564 eo.
3377 505 3515 563 Nam

1938 611 2030 680 qui
2077 610 2169 664 Dei
2212 609 2443 678 gratiam
2482 603 2714 667 vendat,
2751 614 2912 656 nemo
2945 607 3047 654 est.
3093 595 3273 652 Gratis
3309 596 3518 666 accepi-

1939 702 2038 758 stis
2061 741 2077 768 ,
2101 700 2311 770 inquit,
2339 696 2508 768 gratis
2552 697 2674 748 date
2716 692 2786 744 ’⁸.
2819 690 2982 746 Vides
3009 688 3284 759 quomodo
3321 687 3518 744 Petrus

1943 794 2153 853 Simoni
2197 807 2297 863 pro
2341 788 2708 857 comparando
2744 783 2978 854 Spiritus
3023 780 3196 835 sancti
3241 781 3385 835 dono
3426 794 3519 863 pe-

1941 886 2158 942 cuniam
2202 860 2452 939 offerenti
2501 874 2914 934 succensuerit?
2944 871 3181 927 Pecunia
3215 872 3360 926 enim
3403 860 3537 938 tua?

1943 977 2142 1048 inquit,
2174 983 2342 1028 tecum
2369 972 2434 1026 sit
2468 971 2522 1025 in
2566 967 2903 1038 perditionem
2924 1005 2938 1030 ,
2974 965 3220 1033 quoniam
3248 963 3523 1018 existima-

1943 1071 2013 1126 sti
2063 1069 2258 1122 donum
2306 1065 2403 1120 Dei
2447 1061 2679 1132 pecuniis
2701 1057 2884 1129 parari
2923 1055 2990 1111 ".
3024 1057 3209 1124 Itaque
3243 1053 3519 1122 Evangelii

1942 1176 2123 1220 sermo
2167 1175 2272 1215 non
2322 1165 2406 1213 est
2444 1157 2584 1212 sicut
2629 1154 2792 1209 verba
2837 1147 3259 1217 a'ventrilnquis
3279 1145 3519 1200 vendita.

1942 1253 2114 1322 Quam
2149 1252 2293 1306 enim
2327 1249 2498 1318 possit
2526 1246 2647 1316 quis
2677 1243 2973 1314 rependere
3022 1237 3518 1296 remunerationem

1943 1340 2221 1412 Evangelii
2286 1338 2469 1393 verbis
2516 1334 2782 1405 dignam?
2849 1330 3104 1387 Davidem
3163 1327 3285 1380 audi
3355 1325 3521 1378 animi

1942 1435 2261 1505 peud’entem
2286 1473 2302 1499 ,
2339 1445 2402 1485 ac
2427 1428 2694 1484 dicentem
2731 1443 2746 1480 :
2778 1425 2917 1492 Quid
2957 1423 3242 1477 retribuam
3301 1418 3526 1472 Domino

1945 1543 2041 1597 pro
2096 1524 2336 1579 omnibus
2380 1537 2498 1592 qua:
2544 1519 2786 1574 retribuit
2836 1516 2968 1571 mihi
2991 1514 3084 1568 9’?
3119 1515 3241 1568 Non
3263 1523 3334 1566 est
3363 1511 3527 1578 igitur

1945 1632 2166 1671 munera
2201 1616 2329 1668 dare
2351 1614 2414 1667 de
2447 1629 2528 1678 eo,
2562 1626 2682 1680 quae
2726 1609 2846 1677 cius
2868 1610 3006 1664 dono
3032 1606 3238 1677 possint
3267 1600 3522 1658 conferri.

1947 1707 2126 1764 Unum
2167 1721 2361 1761 munus
2392 1704 2609 1775 dignum
2662 1701 2859 1769 fuerit,
2891 1700 2936 1754 si
2969 1699 3021 1753 id
3049 1697 3195 1766 quod
3229 1696 3318 1750 dat
3346 1703 3528 1748 custo-

1871 1797 1916 1853 B
1946 1801 2146 1858 diatur.
2204 1799 2305 1866 Qui
2337 1797 2431 1852 tibi
2481 1797 2626 1851 hunc
2695 1794 3008 1850 thesaurum
3054 1790 3365 1853 concessit,
3416 1785 3526 1838 dati

1945 1893 2180 1966 pretium
2229 1891 2376 1945 haud
2422 1889 2630 1960 exigit,
2682 1889 2777 1943 sed
2826 1885 3132 1942 custodiam
3183 1897 3240 1937 re
3292 1881 3415 1936 data
3445 1877 3530 1931 di-

1946 2001 2127 2056 gnam.

2017 2079 2144 2134 22L
2174 2077 2244 2132 Et
2281 2079 2464 2144 veniet,
2508 2077 2726 2147 inquit},
2768 2087 2927 2142 super
2967 2086 3058 2125 vos
3093 2069 3210 2122 dira
3240 2065 3441 2136 fames;
3480 2067 3530 2115 et

1947 2174 2088 2240 erit,
2120 2182 2177 2226 ut
2212 2171 2502 2227 esurieritis
2524 2209 2542 2237 ,
2595 2163 3044 2223 contristabimini
3063 2204 3078 2229 ,
3123 2171 3170 2216 et
3207 2155 3531 2213 maledicetis

1947 2267 2172 2339 principi
2211 2275 2259 2320 et
2309 2263 2495 2334 patriis
2562 2261 2784 2332 legibus.
2841 2257 2944 2325 Qui
2974 2254 3155 2312 omnia
3194 2252 3261 2306 ad
3297 2250 3526 2339 salutem

1951 2335 2168 2412 ordinat
2220 2355 2518 2417 Dominus,
2564 2361 2952 2418 nonnunquam
2997 2344 3197 2399 famem
3256 2339 3418 2395 etiam
3463 2335 3531 2390 ad

1950 2447 2242 2503 utilitatem
2289 2459 2478 2500 eorum
2537 2442 2632 2512 qui
2688 2440 3024 2509 castigantur
3073 2433 3298 2490 inducit.
3350 2425 3533 2484 ΑΠΗτί

1951 2540 2096 2595 enim
2129 2549 2179 2593 te
2205 2577 2221 2603 ,
2256 2538 2432 2608 inquit
2455 2537 2503 2570 "
2524 2577 2539 2601 ,
2566 2544 2620 2590 et
2647 2533 2789 2588 fame
2835 2529 3024 2586 vexavi
3048 2569 3062 2595 ,
3091 2536 3151 2582 ul
3176 2525 3425 2582 benetibi
3453 2523 3535 2576 fa-

1952 2644 2157 2686 cerem.
2208 2628 2341 2683 Eam
2388 2628 2554 2698 igitur
2582 2627 2782 2681 famem
2826 2623 2957 2679 dicit
2997 2622 3170 2675 diram
3199 2660 3213 2684 ,
3273 2633 3392 2687 quae
3436 2631 3536 2670 nec

1954 2721 2150 2788 levari,
2182 2735 2282 2776 nec
2306 2719 2519 2790 concipi
2552 2726 2747 2786 potest.
2785 2715 2923 2770 Sunt
2951 2714 3095 2768 enim
3121 2712 3346 2768 diversae
3377 2709 3538 2763 famis

1953 2815 2183 2884 species.
2196 2813 2329 2869 Aliae
2344 2813 2559 2883 quidem
2573 2809 2893 2879 contingunt
2905 2807 3018 2863 sola
3047 2805 3303 2860 frumenti
3319 2803 3532 2872 inopia:

1954 2906 2072 2962 aliae
2094 2920 2224 2961 vero
2240 2905 2491 2960 oriuntur
2514 2919 2579 2959 ex
2603 2902 2826 2976 penuria
2845 2900 3170 2969 reliquarum
3193 2911 3391 2961 rerum,
3416 2912 3538 2966 quas

1953 2998 2037 3054 edi
2050 3007 2294 3068 possunt.
2307 2997 2435 3053 Haec
2447 3007 2624 3054 autem
2642 2995 2810 3050 fames
2824 3008 2984 3064 quam
2999 2992 3272 3045 inductum
3287 2989 3349 3043 iri
3367 3003 3540 3042 enun-

1961 3091 2059 3145 tiat
2092 3088 2398 3160 Scriptura,
2427 3087 2546 3142 dira
2587 3094 2707 3153 est;
2744 3084 2826 3140 sic
2872 3093 2930 3138 ut
2973 3098 3070 3153 per
3131 3081 3363 3136 inediam
3395 3079 3537 3134 infe-

1957 3190 2112 3236 ratur
2139 3194 2366 3246 mmror,
2396 3178 2488 3248 qui
2515 3177 2746 3233 salutem
2791 3175 2932 3231 haud
2974 3173 3343 3244 paenitendum
3376 3181 3540 3241 queat

1957 3272 2193 3343 operari.
2229 3271 2336 3327 Sed
2366 3286 2490 3326 cum
2522 3285 2586 3324 ea
2618 3283 2738 3339 quae
2778 3267 3072 3323 secundum
3123 3264 3293 3320 Deum
3326 3273 3408 3319 est
3437 3263 3541 3317 tri-

1957 3363 2107 3418 stitia
2139 3361 2188 3394 "
2211 3360 2414 3416 fuerint
2440 3359 2642 3425 affecti,
2678 3364 2810 3413 tunc
2858 3355 3182 3412 maledicent
3227 3353 3459 3424 principi
3485 3363 3540 3408 et

1959 3455 2158 3526 patriis
2209 3452 2495 3510 institutis.
2523 3451 2654 3519 Quis
2699 3453 2803 3505 iste
2834 3459 2917 3504 est
2967 3448 3240 3518 princeps,
3275 3446 3330 3500 iu
3375 3459 3536 3515 quem

1959 3547 2252 3603 maledicta
2281 3553 2584 3618 congerunt
2617 3543 2713 3614 qui
2747 3543 2890 3598 bene
2927 3539 3354 3597 contristantur?
3383 3537 3542 3592 Prin-

1957 3657 2085 3713 ceps
2116 3643 2300 3713 utique
2330 3640 2510 3696 mundi
2570 3637 2802 3707 hujus”,
2834 3639 2918 3692 cui
2962 3645 3093 3691 sunt
3140 3650 3237 3706 per
3275 3633 3539 3704 paeniten-

1963 3739 2093 3793 tiam
2126 3735 2461 3789 malcdicturi
2502 3743 2639 3797 tum,
2670 3723 2801 3788 cum
2841 3729 2976 3784 illati
3004 3729 3072 3784 ab
3103 3742 3168 3783 eo
3205 3726 3385 3782 damni
3413 3725 3542 3780 fient

1961 3826 2351 3893 conscii.Quiu
2383 3835 2439 3880 et
2465 3822 2944 3894 patriisiustitutis
2975 3819 3322 3876 maledicunt.
3355 3817 3540 3872 Patria

1961 3928 2142 3974 autem
2174 3917 2422 3973 instituta
2463 3932 2676 3983 eorum,
2705 3915 2794 3985 qui
2824 3915 2875 3969 in
2921 3913 3162 3984 peccatis
3188 3911 3544 3973 vivunt,sunt

1962 4013 2086 4066 vitae
2109 4011 2344 4081 negotia,
2379 4011 2574 4080 quibus
2600 4010 2785 4080 gloriae
2829 4015 3101 4062 amatores
3128 4020 3316 4060 omnes
3367 4002 3544 4073 implio

1962 4115 2180 4158 cantur.
2215 4101 2390 4170 Opera
2429 4101 2615 4156 carnis
2635 4098 3047 4170 suntpeccatori
3070 4098 3242 4168 patria
3271 4093 3541 4158 instituta,

1963 4203 2090 4263 puta
2130 4191 2479 4258 adulterium,
2519 4191 2829 4256 fornicatio,
2863 4188 3232 4254 immunditia,
3293 4185 3542 4249 lascivia,

1961 4284 2375 4340 simulacrorum
2400 4284 2597 4349 cultus,
2620 4283 2895 4348 mollities,
2918 4278 3357 4352 concupiscentia
3375 4275 3540 4330 mala.

1967 4378 2147 4433 Patria
2187 4378 2434 4432 instituta
2481 4385 2608 4433 sunt
2647 4376 2820 4444 dolus,
2885 4375 3249 4439 mendacium,
3307 4370 3540 4435 insidiaa,

1969 4471 2206 4535 astutiae,
2237 4470 2559 4547 hypocrisis.
2586 4468 2770 4538 Itaque
2791 4468 2880 4538 qui
2917 4483 2976 4523 se
3018 4483 3084 4522 ex
3142 4464 3326 4520 mundi
3382 4463 3545 4532 hujus

269 4561 368 4615 τὸν
389 4561 626 4631 ἄρχοντα
641 4557 806 4611 αὐτοῦ
828 4558 929 4628 (2),
949 4558 1041 4610 τὸν
1069 4557 1525 4628 καθηγησάμενον
1549 4557 1698 4628 αὐτῷ
1726 4559 1848 4632 πρὸς

1968 4563 2199 4630 negotiis
2241 4570 2502 4632 tauquam
2536 4577 2600 4616 ex
2649 4562 2882 4631 quadam
2923 4560 3188 4614 ebrietate
3221 4557 3287 4610 ad
3340 4555 3543 4611 bonam

269 4651 344 4706 τὰ
377 4652 479 4722 τῆς
508 4650 784 4714 ἀπωλείας
827 4649 984 4721 ἔργα.
1020 4649 1224 4714 Κακῶς
1262 4649 1319 4703 δὲ
1380 4651 1499 4721 ἐρεῖ
1527 4651 1622 4704 καὶ
1659 4651 1728 4705 τὰ
1761 4647 1866 4708 πάὲ

1966 4653 2176 4725 frugem
2205 4657 2435 4726 recepit,
2460 4655 2647 4711 mundi
2679 4655 2907 4726 principi
2930 4655 3023 4725 qui
3047 4654 3151 4708 sibi
3181 4653 3246 4706 ad
3278 4651 3543 4723 patranda

268 4757 426 4813 τρια,
449 4735 532 4804 οἷς
563 4739 761 4804 συζῶν,
803 4739 894 4792 τὸν
941 4738 1221 4810 δεδομένον
1249 4740 1384 4809 ἡμῖν
1426 4739 1574 4810 παρά
1600 4740 1694 4794 τοῦ
1726 4743 1848 4796 Θεοῐ

1969 4748 2287 4817 perditionis
2309 4764 2473 4820 opera
2499 4748 2812 4819 praefuerat;
2842 4746 3135 4801 maledicit.
3163 4744 3269 4800 Sed
3292 4754 3349 4798 et
3379 4740 3546 4795 male-

272 4834 445 4905 νόμον
474 4835 556 4898 είς
585 4833 838 4904 βοήθειαν
864 4831 968 4886 οὐκ
1009 4832 1244 4904 ἐδέχετο.
1290 4832 1364 4885 Οὐ
1385 4831 1607 4887 δύνασαι
1644 4833 1749 4887 ὑπὸ
1775 4830 1848 4890 τοι

1972 4840 2116 4894 dicet
2139 4840 2332 4907 patriis
2361 4839 2652 4904 institutis,
2677 4837 2972 4893 secundum
3005 4850 3125 4905 qua:
3163 4849 3284 4888 cum
3318 4833 3544 4894 viveret,

345 4981 396 5013 ’°
422 4978 614 5034 Matth.
643 4995 699 5044 ι,
723 4979 781 5032 8.-
826 4980 873 5011 "
901 4978 1022 5032 Act.
1050 4991 1168 5040 vm,
1190 4973 1283 5030 20.
1359 4974 1405 5006 "
1429 4975 1573 5032 Psal.
1604 4994 1728 5044 cxv,
1766 4981 1854 5040 12.
1927 4981 1974 5015 ⁸⁸
2007 4982 2160 5038 Deut.
2189 4998 2305 5051 vin,
2331 4983 2387 5038 5.
2465 4982 2512 5016 ⁸⁸
2535 4981 2580 5036 ll
2601 4981 2726 5038 Cor.
2763 4997 2862 5049 vn,
2891 4979 2978 5035 10.
3055 4979 3101 5011 ’⁸
3132 4977 3288 5033 Joan.
3317 4992 3426 5042 xw,
3457 4977 3542 5032 Η.

349 5119 468 5190 (95)
497 5117 647 5173 Coll).
683 5120 913 5190 primus,
935 5104 1066 5190 δῴη.

322 5184 472 5280 ’(96⁷)
514 5184 803 5255 Εόίιί,’τοῢ
837 5184 1100 5250 δοθέντος.
1134 5185 1203 5238 At
1246 5201 1336 5240 sex
1375 5200 1528 5250 mss.,
1557 5184 1860 5258 106,611,911.

267 5269 491 5399 063%,).
509 5330 730 5386 Veteres
758 5329 994 5400 quinque
1027 5323 1169 5390 libri,
1200 5341 1282 5380 σε.
1322 5325 1466 5380 Editi
1495 5333 1550 5380 et
1586 5324 1718 5395 Reg.
1751 5334 1861 5381 ter-

363 5417 389 5453 s
535 5440 549 5454 .

270 5403 638 5542 “uuisioiauu
662 5479 714 5525 et
736 5469 906 5524 nostri
931 5482 1026 5542 sex
1053 5483 1211 5542 mss.,
1229 5467 1326 5538 τὴν
1353 5465 1724 5537 ἀνεπινόητον.
1751 5465 1858 5519 Sed

267 5540 659 5602 Combclisius,
692 5542 857 5595 homo
905 5540 970 5595 ad
1017 5541 1349 5594 emendanda
1384 5552 1470 5601 ea,
1518 5551 1635 5604 qua:
1666 5550 1853 5589 emcn-

272 5613 503 5666 datioue
534 5627 636 5663 non
656 5611 918 5679 indigent,
943 5612 1340 5680 paratissimus,
1357 5607 1434 5660 ait
1467 5606 1624 5660 malle
1647 5621 1724 5680 se,
1750 5605 1850 5676 τὴν

1964 5133 2278 5191 persuasum
2306 5119 2375 5174 sit
2407 5119 2602 5174 famem
2627 5119 3001 5191 ἀνεπινόητον,
3022 5135 3143 5190 quae
3162 5118 3542 5191 sciliccttanta

1963 5201 2064 5254 est,
2097 5199 2156 5262 ut
2184 5189 2272 5241 vix
2298 5191 2627 5262 excogitari—
2651 5192 2838 5262 possit
2873 5187 3014 5262 (eam
3041 5187 3350 5262 _enim_vim
3381 5187 3545 5240 habet

1962 5259 2492 5330 νοκίάνεπινόητον),
2531 5261 2663 5314 nihil
2703 5261 2845 5314 aliud
2883 5259 3025 5328 esse,
3067 5261 3168 5315 nisi
3202 5259 3392 5328 {amem
3427 5271 3546 5325 gra-

1961 5329 2249 5411 uissimam,
2277 5329 2593 5396 maximam,
2624 5331 2996 5399 insanabilem,
3041 5330 3174 5386 nihil
3222 5329 3540 5383 mutandum

1960 5413 2285 5453 CCﬂSUIMIIS.

2034 5468 2349 5543 (99)_E_idi_ti,
2388 5470 2464 5523 δέ.
2503 5471 2571 5543 A_t
2603 5485 2695 5526 sex
2736 5487 2890 5536 mss.,
2924 5472 3050 5543 γάρ.

2035 5539 2114 5609 (1)
2145 5538 2312 5602 Editi,
2343 5543 2393 5594 οἱ
2420 5543 2504 5594 ὲκ.
2532 5541 2689 5596 Deest
2722 5545 2770 5595 oi
2801 5544 2854 5597 in
2886 5538 3085 5597 nostris
3119 5557 3212 5596 sex
3239 5554 3368 5594 mss.

2021 5607 2111 5688 β)
2169 5611 2385 5667 Veteres
2440 5621 2672 5681 quatuor
2723 5613 2868 5678 libri,
2941 5611 3130 5667 αὐτοῦ.
3189 5613 3352 5677 t‘ldili,
3417 5609 3542 5668 tatu-

275 5683 619 5761 ἀνήκεστον·
662 5677 899 5760 huc—cst,
945 5677 1002 5731 ut
1053 5678 1170 5761 ipse
1215 5679 1618 5761 interpretatur,
1659 5677 1845 5761 fantem

1957 5678 2074 5734 τοῦ.

275 5744 668 5820 gravissimam,
718 5752 1034 5816 maximam,
1075 5744 1431 5804 insanabilem.
1477 5744 1607 5812 Nos,
1653 5747 1846 5817 quibus
