  <div class='ocr_page' id='page_1' title='image "/cluster/home/n/w/nwhite01/storage/ocr_20150623/30/nnc1.0046978810/265.png"; bbox 0 0 3808 6212; ppageno 0'>
   <div class='ocr_carea' id='block_1_1' title="bbox 324 231 430 287">
    <p class='ocr_par' dir='ltr' id='par_1_1' title="bbox 324 231 430 287">
     <span class='ocr_line' id='line_1_1' title="bbox 324 231 430 287; baseline 0 0"><span class='ocrx_word' id='word_1_1' title='bbox 324 231 430 287; x_wconf 73' lang='grc'><strong>505</strong></span> 
     </span>
    </p>
   </div>
   <div class='ocr_carea' id='block_1_2' title="bbox 1276 202 2596 298">
    <p class='ocr_par' dir='ltr' id='par_1_2' title="bbox 1276 202 2596 298">
     <span class='ocr_line' id='line_1_2' title="bbox 1276 202 2596 298; baseline 0.002 -6"><span class='ocrx_word' id='word_1_2' title='bbox 1276 202 1623 294; x_wconf 68' lang='lat' dir='ltr'><strong>Apreuuix</strong></span> <span class='ocrx_word' id='word_1_3' title='bbox 1659 239 1944 298; x_wconf 75' lang='lat' dir='ltr'><strong>OPERUM</strong></span> <span class='ocrx_word' id='word_1_4' title='bbox 1982 244 2041 295; x_wconf 88' lang='lat' dir='ltr'><strong>s.</strong></span> <span class='ocrx_word' id='word_1_5' title='bbox 2082 240 2325 296; x_wconf 83' lang='lat' dir='ltr'><strong>BASlLll</strong></span> <span class='ocrx_word' id='word_1_6' title='bbox 2362 240 2596 296; x_wconf 78' lang='lat' dir='ltr'><strong>MAGNt.</strong></span> 
     </span>
    </p>
   </div>
   <div class='ocr_carea' id='block_1_3' title="bbox 3475 247 3587 303">
    <p class='ocr_par' dir='ltr' id='par_1_3' title="bbox 3475 247 3587 303">
     <span class='ocr_line' id='line_1_3' title="bbox 3475 247 3587 303; baseline 0.018 -2"><span class='ocrx_word' id='word_1_7' title='bbox 3475 247 3587 303; x_wconf 64' lang='lat' dir='ltr'><strong>BIN</strong></span> 
     </span>
    </p>
   </div>
   <div class='ocr_carea' id='block_1_4' title="bbox 260 340 1903 436">
    <p class='ocr_par' dir='ltr' id='par_1_4' title="bbox 260 340 1903 413">
     <span class='ocr_line' id='line_1_4' title="bbox 260 340 1903 413; baseline 0.005 -13"><span class='ocrx_word' id='word_1_8' title='bbox 260 340 269 351; x_wconf 80' lang='grc'><em>’</em></span> <span class='ocrx_word' id='word_1_9' title='bbox 327 347 501 413; x_wconf 77' lang='lat' dir='ltr'><strong>legem</strong></span> <span class='ocrx_word' id='word_1_10' title='bbox 534 346 690 404; x_wconf 90' lang='lat' dir='ltr'><strong>nobis</strong></span> <span class='ocrx_word' id='word_1_11' title='bbox 718 363 748 402; x_wconf 89' lang='lat' dir='ltr'><strong>a</strong></span> <span class='ocrx_word' id='word_1_12' title='bbox 787 346 898 403; x_wconf 83' lang='lat' dir='ltr'><strong>Deo</strong></span> <span class='ocrx_word' id='word_1_13' title='bbox 927 346 982 402; x_wconf 91' lang='lat' dir='ltr'><strong>in</strong></span> <span class='ocrx_word' id='word_1_14' title='bbox 1010 349 1272 404; x_wconf 80' lang='lat' dir='ltr'><strong>auxilium</strong></span> <span class='ocrx_word' id='word_1_15' title='bbox 1305 353 1563 408; x_wconf 91' lang='lat' dir='ltr'><strong>traditam</strong></span> <span class='ocrx_word' id='word_1_16' title='bbox 1593 370 1700 410; x_wconf 90' lang='lat' dir='ltr'><strong>non</strong></span> <span class='ocrx_word' id='word_1_17' title='bbox 1733 355 1903 411; x_wconf 89' lang='lat' dir='ltr'><strong>susci-</strong></span> 
     </span>
    </p>
   </div>
   <div class='ocr_carea' id='block_1_5' title="bbox 2031 340 3585 436">
    <p class='ocr_par' dir='ltr' id='par_1_5' title="bbox 2031 355 3585 436">
     <span class='ocr_line' id='line_1_5' title="bbox 2031 355 3585 436; baseline 0.006 -28"><span class='ocrx_word' id='word_1_18' title='bbox 2031 355 2263 427; x_wconf 80' lang='grc' dir='ltr'>ιληθινὺν</span> <span class='ocrx_word' id='word_1_19' title='bbox 2294 358 2545 426; x_wconf 80' lang='grc' dir='ltr'>γενέσθαι</span> <span class='ocrx_word' id='word_1_20' title='bbox 2594 357 2836 429; x_wconf 84' lang='grc' dir='ltr'><strong>βασιλέα,</strong></span> <span class='ocrx_word' id='word_1_21' title='bbox 2865 359 2960 414; x_wconf 77' lang='grc' dir='ltr'>ἐὰν</span> <span class='ocrx_word' id='word_1_22' title='bbox 2990 362 3066 433; x_wconf 80' lang='grc' dir='ltr'><strong>μὴ</strong></span> <span class='ocrx_word' id='word_1_23' title='bbox 3093 364 3279 428; x_wconf 67' lang='grc' dir='ltr'>κακῶς</span> <span class='ocrx_word' id='word_1_24' title='bbox 3303 363 3459 436; x_wconf 74' lang='grc' dir='ltr'>εἴπῃς</span> <span class='ocrx_word' id='word_1_25' title='bbox 3486 363 3585 418; x_wconf 75' lang='grc' dir='ltr'>τὸν</span> 
     </span>
    </p>
   </div>
   <div class='ocr_carea' id='block_1_6' title="bbox 326 438 1897 515">
    <p class='ocr_par' dir='ltr' id='par_1_6' title="bbox 326 438 1897 515">
     <span class='ocr_line' id='line_1_6' title="bbox 326 438 1897 515; baseline 0.007 -23"><span class='ocrx_word' id='word_1_26' title='bbox 326 440 528 507; x_wconf 89' lang='lat' dir='ltr'><strong>piebat.</strong></span> <span class='ocrx_word' id='word_1_27' title='bbox 564 438 680 494; x_wconf 86' lang='lat' dir='ltr'><strong>Non</strong></span> <span class='ocrx_word' id='word_1_28' title='bbox 731 452 884 510; x_wconf 91' lang='lat' dir='ltr'><strong>potes</strong></span> <span class='ocrx_word' id='word_1_29' title='bbox 933 440 1066 510; x_wconf 78' lang='lat' dir='ltr'><strong>Regi</strong></span> <span class='ocrx_word' id='word_1_30' title='bbox 1116 441 1299 515; x_wconf 68' lang='grc'><strong>546-</strong></span> <span class='ocrx_word' id='word_1_31' title='bbox 1332 459 1460 499; x_wconf 86' lang='lat' dir='ltr'><strong>vero</strong></span> <span class='ocrx_word' id='word_1_32' title='bbox 1508 446 1756 512; x_wconf 81' lang='lat' dir='ltr'><strong>subesse,</strong></span> <span class='ocrx_word' id='word_1_33' title='bbox 1796 447 1897 503; x_wconf 82' lang='lat' dir='ltr'><strong>nisi</strong></span> 
     </span>
    </p>
   </div>
   <div class='ocr_carea' id='block_1_7' title="bbox 330 530 1900 603">
    <p class='ocr_par' dir='ltr' id='par_1_7' title="bbox 330 530 1900 603">
     <span class='ocr_line' id='line_1_7' title="bbox 330 530 1900 603; baseline 0.007 -19"><span class='ocrx_word' id='word_1_34' title='bbox 330 530 819 587; x_wconf 82' lang='lat' dir='ltr'><strong>maledixerisbuic</strong></span> <span class='ocrx_word' id='word_1_35' title='bbox 854 532 1103 603; x_wconf 77' lang='lat' dir='ltr'><strong>principi.</strong></span> <span class='ocrx_word' id='word_1_36' title='bbox 1151 534 1280 588; x_wconf 86' lang='lat' dir='ltr'><strong>Eam</strong></span> <span class='ocrx_word' id='word_1_37' title='bbox 1305 536 1374 589; x_wconf 91' lang='lat' dir='ltr'><strong>ob</strong></span> <span class='ocrx_word' id='word_1_38' title='bbox 1416 551 1637 592; x_wconf 66' lang='lat' dir='ltr'><strong>causmn</strong></span> <span class='ocrx_word' id='word_1_39' title='bbox 1694 549 1745 594; x_wconf 93' lang='lat' dir='ltr'><strong>te</strong></span> <span class='ocrx_word' id='word_1_40' title='bbox 1772 540 1900 595; x_wconf 86' lang='lat' dir='ltr'><strong>edo-</strong></span> 
     </span>
    </p>
   </div>
   <div class='ocr_carea' id='block_1_8' title="bbox 325 619 1899 689">
    <p class='ocr_par' dir='ltr' id='par_1_8' title="bbox 325 619 1899 689">
     <span class='ocr_line' id='line_1_8' title="bbox 325 619 1899 689; baseline 0.006 -14"><span class='ocrx_word' id='word_1_41' title='bbox 325 622 443 676; x_wconf 90' lang='lat' dir='ltr'><strong>cuit</strong></span> <span class='ocrx_word' id='word_1_42' title='bbox 468 619 708 677; x_wconf 79' lang='lat' dir='ltr'><strong>Ecclesia</strong></span> <span class='ocrx_word' id='word_1_43' title='bbox 737 623 950 678; x_wconf 86' lang='lat' dir='ltr'><strong>dicere:</strong></span> <span class='ocrx_word' id='word_1_44' title='bbox 978 622 1238 678; x_wconf 78' lang='lat' dir='ltr'><strong>Renuntio</strong></span> <span class='ocrx_word' id='word_1_45' title='bbox 1269 626 1385 689; x_wconf 87' lang='lat' dir='ltr'><strong>tibi,</strong></span> <span class='ocrx_word' id='word_1_46' title='bbox 1423 627 1645 683; x_wconf 80' lang='lat' dir='ltr'><strong>Sataua.</strong></span> <span class='ocrx_word' id='word_1_47' title='bbox 1679 626 1792 682; x_wconf 82' lang='lat' dir='ltr'><strong>Hoc</strong></span> <span class='ocrx_word' id='word_1_48' title='bbox 1814 638 1899 684; x_wconf 87' lang='lat' dir='ltr'><strong>est</strong></span> 
     </span>
    </p>
   </div>
   <div class='ocr_carea' id='block_1_9' title="bbox 327 713 1900 788">
    <p class='ocr_par' dir='ltr' id='par_1_9' title="bbox 327 713 1900 788">
     <span class='ocr_line' id='line_1_9' title="bbox 327 713 1900 788; baseline 0.006 -23"><span class='ocrx_word' id='word_1_49' title='bbox 327 713 697 779; x_wconf 68' lang='lat' dir='ltr'><strong>maledictum,</strong></span> <span class='ocrx_word' id='word_1_50' title='bbox 727 716 869 783; x_wconf 90' lang='lat' dir='ltr'><strong>quod</strong></span> <span class='ocrx_word' id='word_1_51' title='bbox 916 716 971 770; x_wconf 86' lang='lat' dir='ltr'><strong>in</strong></span> <span class='ocrx_word' id='word_1_52' title='bbox 1002 717 1305 787; x_wconf 89' lang='lat' dir='ltr'><strong>principem</strong></span> <span class='ocrx_word' id='word_1_53' title='bbox 1354 719 1667 787; x_wconf 87' lang='lat' dir='ltr'><strong>conjicitur.</strong></span> <span class='ocrx_word' id='word_1_54' title='bbox 1717 720 1900 788; x_wconf 86' lang='lat' dir='ltr'><strong>Quod-</strong></span> 
     </span>
    </p>
   </div>
   <div class='ocr_carea' id='block_1_10' title="bbox 312 806 1898 880">
    <p class='ocr_par' dir='ltr' id='par_1_10' title="bbox 312 806 1898 880">
     <span class='ocr_line' id='line_1_10' title="bbox 312 806 1898 880; baseline 0.006 -21"><span class='ocrx_word' id='word_1_55' title='bbox 312 818 448 859; x_wconf 31' lang='lat' dir='ltr'><strong>onam</strong></span> <span class='ocrx_word' id='word_1_56' title='bbox 478 815 658 860; x_wconf 90' lang='lat' dir='ltr'><strong>autem</strong></span> <span class='ocrx_word' id='word_1_57' title='bbox 687 806 1032 863; x_wconf 80' lang='lat' dir='ltr'><strong>maledictum</strong></span> <span class='ocrx_word' id='word_1_58' title='bbox 1082 820 1187 873; x_wconf 91' lang='lat' dir='ltr'><strong>est,</strong></span> <span class='ocrx_word' id='word_1_59' title='bbox 1217 810 1358 880; x_wconf 92' lang='lat' dir='ltr'><strong>quod</strong></span> <span class='ocrx_word' id='word_1_60' title='bbox 1390 810 1679 865; x_wconf 82' lang='lat' dir='ltr'><strong>adhibetur</strong></span> <span class='ocrx_word' id='word_1_61' title='bbox 1703 812 1898 867; x_wconf 89' lang='lat' dir='ltr'><strong>adver-</strong></span> 
     </span>
    </p>
   </div>
   <div class='ocr_carea' id='block_1_11' title="bbox 206 897 1896 971">
    <p class='ocr_par' dir='ltr' id='par_1_11' title="bbox 206 897 1896 971">
     <span class='ocr_line' id='line_1_11' title="bbox 206 897 1896 971; baseline 0.007 -24"><span class='ocrx_word' id='word_1_62' title='bbox 206 920 211 925; x_wconf 91' lang='lat'><strong><em>-</em></strong></span> <span class='ocrx_word' id='word_1_63' title='bbox 322 912 417 951; x_wconf 85' lang='lat' dir='ltr'><strong>sus</strong></span> <span class='ocrx_word' id='word_1_64' title='bbox 457 897 661 965; x_wconf 84' lang='lat' dir='ltr'><strong>patrios</strong></span> <span class='ocrx_word' id='word_1_65' title='bbox 697 900 919 955; x_wconf 87' lang='lat' dir='ltr'><strong>mores?</strong></span> <span class='ocrx_word' id='word_1_66' title='bbox 946 899 1102 965; x_wconf 90' lang='lat' dir='ltr'><strong>Illud,</strong></span> <span class='ocrx_word' id='word_1_67' title='bbox 1132 900 1389 957; x_wconf 83' lang='lat' dir='ltr'><strong>Renuntio</strong></span> <span class='ocrx_word' id='word_1_68' title='bbox 1410 911 1459 956; x_wconf 83' lang='lat' dir='ltr'><strong>et</strong></span> <span class='ocrx_word' id='word_1_69' title='bbox 1496 904 1737 971; x_wconf 79' lang='lat' dir='ltr'><strong>operibus</strong></span> <span class='ocrx_word' id='word_1_70' title='bbox 1770 904 1896 965; x_wconf 87' lang='lat' dir='ltr'><strong>tuis.</strong></span> 
     </span>
    </p>
   </div>
   <div class='ocr_carea' id='block_1_12' title="bbox 323 986 1900 1062">
    <p class='ocr_par' dir='ltr' id='par_1_12' title="bbox 323 986 1900 1062">
     <span class='ocr_line' id='line_1_12' title="bbox 323 986 1900 1062; baseline 0.005 -22"><span class='ocrx_word' id='word_1_71' title='bbox 323 986 388 1040; x_wconf 88' lang='lat' dir='ltr'><strong>lli</strong></span> <span class='ocrx_word' id='word_1_72' title='bbox 421 988 585 1056; x_wconf 82' lang='lat' dir='ltr'><strong>patrii</strong></span> <span class='ocrx_word' id='word_1_73' title='bbox 621 990 776 1054; x_wconf 88' lang='lat' dir='ltr'><strong>ritus,</strong></span> <span class='ocrx_word' id='word_1_74' title='bbox 818 990 1018 1047; x_wconf 85' lang='lat' dir='ltr'><strong>diaboli</strong></span> <span class='ocrx_word' id='word_1_75' title='bbox 1064 1006 1252 1062; x_wconf 89' lang='lat' dir='ltr'><strong>opera.</strong></span> <span class='ocrx_word' id='word_1_76' title='bbox 1286 992 1484 1047; x_wconf 88' lang='lat' dir='ltr'><strong>Beatus</strong></span> <span class='ocrx_word' id='word_1_77' title='bbox 1503 995 1595 1062; x_wconf 92' lang='lat' dir='ltr'><strong>qui</strong></span> <span class='ocrx_word' id='word_1_78' title='bbox 1640 992 1746 1048; x_wconf 86' lang='lat' dir='ltr'><strong>rite</strong></span> <span class='ocrx_word' id='word_1_79' title='bbox 1771 993 1900 1049; x_wconf 90' lang='lat' dir='ltr'><strong>huic</strong></span> 
     </span>
    </p>
   </div>
   <div class='ocr_carea' id='block_1_13' title="bbox 324 1077 1900 1151">
    <p class='ocr_par' dir='ltr' id='par_1_13' title="bbox 324 1077 1900 1151">
     <span class='ocr_line' id='line_1_13' title="bbox 324 1077 1900 1151; baseline 0.006 -21"><span class='ocrx_word' id='word_1_80' title='bbox 324 1077 671 1133; x_wconf 81' lang='lat' dir='ltr'><strong>maiedixerit</strong></span> <span class='ocrx_word' id='word_1_81' title='bbox 705 1081 961 1151; x_wconf 90' lang='lat' dir='ltr'><strong>principi.</strong></span> <span class='ocrx_word' id='word_1_82' title='bbox 985 1079 1104 1136; x_wconf 80' lang='lat' dir='ltr'><strong>Jam</strong></span> <span class='ocrx_word' id='word_1_83' title='bbox 1163 1082 1308 1136; x_wconf 88' lang='lat' dir='ltr'><strong>enim</strong></span> <span class='ocrx_word' id='word_1_84' title='bbox 1346 1084 1412 1135; x_wconf 86' lang='lat' dir='ltr'><strong>ad</strong></span> <span class='ocrx_word' id='word_1_85' title='bbox 1459 1098 1584 1138; x_wconf 92' lang='lat' dir='ltr'><strong>eum</strong></span> <span class='ocrx_word' id='word_1_86' title='bbox 1615 1085 1706 1151; x_wconf 91' lang='lat' dir='ltr'><strong>qui</strong></span> <span class='ocrx_word' id='word_1_87' title='bbox 1736 1099 1900 1140; x_wconf 86' lang='lat' dir='ltr'><strong>verus</strong></span> 
     </span>
    </p>
   </div>
   <div class='ocr_carea' id='block_1_14' title="bbox 322 1172 1903 1243">
    <p class='ocr_par' dir='ltr' id='par_1_14' title="bbox 322 1172 1903 1243">
     <span class='ocr_line' id='line_1_14' title="bbox 322 1172 1903 1243; baseline 0.004 -19"><span class='ocrx_word' id='word_1_88' title='bbox 322 1180 426 1234; x_wconf 83' lang='lat' dir='ltr'><strong>est,</strong></span> <span class='ocrx_word' id='word_1_89' title='bbox 459 1172 764 1237; x_wconf 69' lang='lat' dir='ltr'><strong>accedit,et</strong></span> <span class='ocrx_word' id='word_1_90' title='bbox 790 1172 1145 1229; x_wconf 90' lang='lat' dir='ltr'><strong>illuminatur.</strong></span> <span class='ocrx_word' id='word_1_91' title='bbox 1179 1173 1379 1227; x_wconf 88' lang='lat' dir='ltr'><strong>Beatus</strong></span> <span class='ocrx_word' id='word_1_92' title='bbox 1407 1175 1495 1243; x_wconf 87' lang='lat' dir='ltr'><strong>qui</strong></span> <span class='ocrx_word' id='word_1_93' title='bbox 1520 1173 1903 1243; x_wconf 89' lang='lat' dir='ltr'><strong>improbaverit</strong></span> 
     </span>
    </p>
   </div>
   <div class='ocr_carea' id='block_1_15' title="bbox 321 1263 1898 1333">
    <p class='ocr_par' dir='ltr' id='par_1_15' title="bbox 321 1263 1898 1333">
     <span class='ocr_line' id='line_1_15' title="bbox 321 1263 1898 1333; baseline 0.003 -19"><span class='ocrx_word' id='word_1_94' title='bbox 321 1263 529 1331; x_wconf 86' lang='lat' dir='ltr'><strong>patrios</strong></span> <span class='ocrx_word' id='word_1_95' title='bbox 565 1276 744 1317; x_wconf 90' lang='lat' dir='ltr'><strong>mores</strong></span> <span class='ocrx_word' id='word_1_96' title='bbox 797 1265 1096 1333; x_wconf 90' lang='lat' dir='ltr'><strong>antiquos:</strong></span> <span class='ocrx_word' id='word_1_97' title='bbox 1141 1263 1409 1318; x_wconf 82' lang='lat' dir='ltr'><strong>obtinebit</strong></span> <span class='ocrx_word' id='word_1_98' title='bbox 1463 1264 1606 1317; x_wconf 90' lang='lat' dir='ltr'><strong>enim</strong></span> <span class='ocrx_word' id='word_1_99' title='bbox 1661 1265 1898 1332; x_wconf 86' lang='lat' dir='ltr'><strong>patriam</strong></span> 
     </span>
    </p>
   </div>
   <div class='ocr_carea' id='block_1_16' title="bbox 322 1350 1901 1427">
    <p class='ocr_par' dir='ltr' id='par_1_16' title="bbox 322 1350 1901 1427">
     <span class='ocr_line' id='line_1_16' title="bbox 322 1350 1901 1427; baseline 0.004 -22"><span class='ocrx_word' id='word_1_100' title='bbox 322 1350 620 1408; x_wconf 81' lang='lat' dir='ltr'><strong>Jerusalem</strong></span> <span class='ocrx_word' id='word_1_101' title='bbox 649 1354 934 1410; x_wconf 70' lang='lat' dir='ltr'><strong>caelestem</strong></span> <span class='ocrx_word' id='word_1_102' title='bbox 957 1356 1027 1424; x_wconf 84' lang='lat'><strong>“,</strong></span> <span class='ocrx_word' id='word_1_103' title='bbox 1061 1371 1182 1425; x_wconf 67' lang='lat' dir='ltr'><strong>qua:</strong></span> <span class='ocrx_word' id='word_1_104' title='bbox 1214 1365 1390 1411; x_wconf 87' lang='lat' dir='ltr'><strong>mater</strong></span> <span class='ocrx_word' id='word_1_105' title='bbox 1430 1366 1516 1413; x_wconf 88' lang='lat' dir='ltr'><strong>est</strong></span> <span class='ocrx_word' id='word_1_106' title='bbox 1562 1371 1774 1421; x_wconf 88' lang='lat' dir='ltr'><strong>eorum,</strong></span> <span class='ocrx_word' id='word_1_107' title='bbox 1807 1357 1901 1427; x_wconf 87' lang='lat' dir='ltr'><strong>qui</strong></span> 
     </span>
    </p>
   </div>
   <div class='ocr_carea' id='block_1_17' title="bbox 323 1445 1900 1514">
    <p class='ocr_par' dir='ltr' id='par_1_17' title="bbox 323 1445 1900 1514">
     <span class='ocr_line' id='line_1_17' title="bbox 323 1445 1900 1514; baseline 0.004 -14"><span class='ocrx_word' id='word_1_108' title='bbox 323 1448 484 1502; x_wconf 90' lang='lat' dir='ltr'><strong>beato</strong></span> <span class='ocrx_word' id='word_1_109' title='bbox 512 1445 680 1503; x_wconf 87' lang='lat' dir='ltr'><strong>Paulo</strong></span> <span class='ocrx_word' id='word_1_110' title='bbox 699 1460 828 1504; x_wconf 90' lang='lat' dir='ltr'><strong>sunt</strong></span> <span class='ocrx_word' id='word_1_111' title='bbox 847 1449 1073 1506; x_wconf 83' lang='lat' dir='ltr'><strong>similes.</strong></span> <span class='ocrx_word' id='word_1_112' title='bbox 1094 1449 1275 1506; x_wconf 84' lang='lat' dir='ltr'><strong>Patria</strong></span> <span class='ocrx_word' id='word_1_113' title='bbox 1302 1450 1551 1514; x_wconf 80' lang='lat' dir='ltr'><strong>instituta</strong></span> <span class='ocrx_word' id='word_1_114' title='bbox 1580 1461 1708 1506; x_wconf 87' lang='lat' dir='ltr'><strong>sunt</strong></span> <span class='ocrx_word' id='word_1_115' title='bbox 1733 1453 1900 1507; x_wconf 83' lang='lat' dir='ltr'><strong>etiam</strong></span> 
     </span>
    </p>
   </div>
   <div class='ocr_carea' id='block_1_18' title="bbox 322 1537 1902 1607">
    <p class='ocr_par' dir='ltr' id='par_1_18' title="bbox 322 1537 1902 1607">
     <span class='ocr_line' id='line_1_18' title="bbox 322 1537 1902 1607; baseline 0.004 -19"><span class='ocrx_word' id='word_1_116' title='bbox 322 1537 479 1607; x_wconf 86' lang='lat' dir='ltr'><strong>pravi</strong></span> <span class='ocrx_word' id='word_1_117' title='bbox 515 1553 743 1593; x_wconf 87' lang='lat' dir='ltr'><strong>moresa</strong></span> <span class='ocrx_word' id='word_1_118' title='bbox 771 1539 1086 1607; x_wconf 86' lang='lat' dir='ltr'><strong>parentibus</strong></span> <span class='ocrx_word' id='word_1_119' title='bbox 1110 1541 1178 1595; x_wconf 88' lang='lat' dir='ltr'><strong>ad</strong></span> <span class='ocrx_word' id='word_1_120' title='bbox 1230 1555 1331 1594; x_wconf 90' lang='lat' dir='ltr'><strong>nos</strong></span> <span class='ocrx_word' id='word_1_121' title='bbox 1373 1541 1696 1596; x_wconf 88' lang='lat' dir='ltr'><strong>transmissi.</strong></span> <span class='ocrx_word' id='word_1_122' title='bbox 1751 1540 1902 1597; x_wconf 84' lang='lat' dir='ltr'><strong>Reli-</strong></span> 
     </span>
    </p>
   </div>
   <div class='ocr_carea' id='block_1_19' title="bbox 321 1630 1902 1702">
    <p class='ocr_par' dir='ltr' id='par_1_19' title="bbox 321 1630 1902 1702">
     <span class='ocr_line' id='line_1_19' title="bbox 321 1630 1902 1702; baseline 0.008 -24"><span class='ocrx_word' id='word_1_123' title='bbox 321 1631 510 1699; x_wconf 67' lang='lat' dir='ltr'><strong>quitne</strong></span> <span class='ocrx_word' id='word_1_124' title='bbox 545 1630 639 1685; x_wconf 88' lang='lat' dir='ltr'><strong>tibi</strong></span> <span class='ocrx_word' id='word_1_125' title='bbox 680 1642 832 1697; x_wconf 90' lang='lat' dir='ltr'><strong>pater</strong></span> <span class='ocrx_word' id='word_1_126' title='bbox 864 1646 995 1700; x_wconf 90' lang='lat' dir='ltr'><strong>opes</strong></span> <span class='ocrx_word' id='word_1_127' title='bbox 1018 1647 1114 1702; x_wconf 88' lang='lat' dir='ltr'><strong>per</strong></span> <span class='ocrx_word' id='word_1_128' title='bbox 1145 1633 1428 1686; x_wconf 79' lang='lat' dir='ltr'><strong>avaritiam</strong></span> <span class='ocrx_word' id='word_1_129' title='bbox 1458 1634 1689 1701; x_wconf 86' lang='lat' dir='ltr'><strong>partas?</strong></span> <span class='ocrx_word' id='word_1_130' title='bbox 1718 1634 1902 1690; x_wconf 76' lang='lat' dir='ltr'><strong>Redde</strong></span> 
     </span>
    </p>
   </div>
   <div class='ocr_carea' id='block_1_20' title="bbox 2004 448 3580 526">
    <p class='ocr_par' dir='ltr' id='par_1_20' title="bbox 2004 448 3580 526">
     <span class='ocr_line' id='line_1_20' title="bbox 2004 448 3580 526; baseline 0.005 -25"><span class='ocrx_word' id='word_1_131' title='bbox 2004 448 2261 520; x_wconf 79' lang='grc' dir='ltr'>ἄρχοντα.</span> <span class='ocrx_word' id='word_1_132' title='bbox 2303 450 2402 502; x_wconf 85' lang='grc' dir='ltr'><strong>Διὰ</strong></span> <span class='ocrx_word' id='word_1_133' title='bbox 2441 449 2599 503; x_wconf 79' lang='grc' dir='ltr'>τοῦτο</span> <span class='ocrx_word' id='word_1_134' title='bbox 2646 450 2853 517; x_wconf 82' lang='grc' dir='ltr'>ἐδίδαξέ</span> <span class='ocrx_word' id='word_1_135' title='bbox 2883 454 2996 523; x_wconf 79' lang='grc' dir='ltr'>σεή</span> <span class='ocrx_word' id='word_1_136' title='bbox 3031 455 3323 526; x_wconf 66' lang='grc' dir='ltr'>Ἐκκλησία</span> <span class='ocrx_word' id='word_1_137' title='bbox 3352 456 3536 525; x_wconf 78' lang='grc' dir='ltr'>λέγειν</span> <span class='ocrx_word' id='word_1_138' title='bbox 3562 472 3580 486; x_wconf 87' lang='grc'><strong>·</strong></span> 
     </span>
    </p>
   </div>
   <div class='ocr_carea' id='block_1_21' title="bbox 2019 540 3581 617">
    <p class='ocr_par' dir='ltr' id='par_1_21' title="bbox 2019 540 3581 617">
     <span class='ocr_line' id='line_1_21' title="bbox 2019 540 3581 617; baseline 0.004 -24"><span class='ocrx_word' id='word_1_139' title='bbox 2019 540 2470 610; x_wconf 81' lang='grc' dir='ltr'>Ἀποτάσσομαί</span> <span class='ocrx_word' id='word_1_140' title='bbox 2498 555 2619 607; x_wconf 84' lang='grc' dir='ltr'>σοι,</span> <span class='ocrx_word' id='word_1_141' title='bbox 2658 542 2916 598; x_wconf 74' lang='grc' dir='ltr'>Σατανᾶ.</span> <span class='ocrx_word' id='word_1_142' title='bbox 2941 544 3087 617; x_wconf 77' lang='grc' dir='ltr'>Αὕτη</span> <span class='ocrx_word' id='word_1_143' title='bbox 3112 545 3205 599; x_wconf 87' lang='grc' dir='ltr'>τοῦ</span> <span class='ocrx_word' id='word_1_144' title='bbox 3238 546 3496 616; x_wconf 81' lang='grc' dir='ltr'>ἄρχοντος</span> <span class='ocrx_word' id='word_1_145' title='bbox 3543 547 3581 616; x_wconf 83' lang='grc' dir='ltr'>ἡ</span> 
     </span>
    </p>
   </div>
   <div class='ocr_carea' id='block_1_22' title="bbox 2001 632 3582 708">
    <p class='ocr_par' dir='ltr' id='par_1_22' title="bbox 2001 632 3582 708">
     <span class='ocr_line' id='line_1_22' title="bbox 2001 632 3582 708; baseline 0.001 -21"><span class='ocrx_word' id='word_1_146' title='bbox 2001 632 2330 705; x_wconf 84' lang='grc' dir='ltr'>κακηγορία.</span> <span class='ocrx_word' id='word_1_147' title='bbox 2381 633 2476 696; x_wconf 87' lang='grc' dir='ltr'><strong>Τίς</strong></span> <span class='ocrx_word' id='word_1_148' title='bbox 2529 634 2586 687; x_wconf 83' lang='grc' dir='ltr'>δὲ</span> <span class='ocrx_word' id='word_1_149' title='bbox 2618 636 2652 705; x_wconf 79' lang='grc' dir='ltr'><strong>ἠ</strong></span> <span class='ocrx_word' id='word_1_150' title='bbox 2702 634 2808 688; x_wconf 77' lang='grc' dir='ltr'><strong>τῶν</strong></span> <span class='ocrx_word' id='word_1_151' title='bbox 2865 637 3142 708; x_wconf 85' lang='grc' dir='ltr'>πατρίων;</span> <span class='ocrx_word' id='word_1_152' title='bbox 3215 636 3582 692; x_wconf 76' lang='grc' dir='ltr'>Ἆποτάσσο-</span> 
     </span>
    </p>
   </div>
   <div class='ocr_carea' id='block_1_23' title="bbox 1997 725 3584 801">
    <p class='ocr_par' dir='ltr' id='par_1_23' title="bbox 1997 725 3584 801">
     <span class='ocr_line' id='line_1_23' title="bbox 1997 725 3584 801; baseline 0.003 -24"><span class='ocrx_word' id='word_1_153' title='bbox 1997 742 2106 793; x_wconf 79' lang='grc' dir='ltr'><strong>μαι</strong></span> <span class='ocrx_word' id='word_1_154' title='bbox 2139 725 2215 795; x_wconf 80' lang='grc'>(5)</span> <span class='ocrx_word' id='word_1_155' title='bbox 2244 726 2341 778; x_wconf 82' lang='grc' dir='ltr'>καὶ</span> <span class='ocrx_word' id='word_1_156' title='bbox 2360 726 2486 792; x_wconf 76' lang='grc' dir='ltr'>τοῖς</span> <span class='ocrx_word' id='word_1_157' title='bbox 2508 726 2702 795; x_wconf 79' lang='grc' dir='ltr'><strong>ἔργοις</strong></span> <span class='ocrx_word' id='word_1_158' title='bbox 2725 743 2861 782; x_wconf 85' lang='grc' dir='ltr'>σου.</span> <span class='ocrx_word' id='word_1_159' title='bbox 2893 729 3074 783; x_wconf 78' lang='grc' dir='ltr'>Ταῦτα</span> <span class='ocrx_word' id='word_1_160' title='bbox 3094 731 3159 782; x_wconf 85' lang='grc' dir='ltr'><strong>τὰ</strong></span> <span class='ocrx_word' id='word_1_161' title='bbox 3180 731 3403 801; x_wconf 86' lang='grc' dir='ltr'>πάτρια,</span> <span class='ocrx_word' id='word_1_162' title='bbox 3438 729 3584 800; x_wconf 75' lang='grc' dir='ltr'>ἔργα</span> 
     </span>
    </p>
   </div>
   <div class='ocr_carea' id='block_1_24' title="bbox 2001 813 3585 893">
    <p class='ocr_par' dir='ltr' id='par_1_24' title="bbox 2001 813 3585 893">
     <span class='ocr_line' id='line_1_24' title="bbox 2001 813 3585 893; baseline 0.005 -26"><span class='ocrx_word' id='word_1_163' title='bbox 2001 813 2098 869; x_wconf 81' lang='grc' dir='ltr'><strong>τοῦ</strong></span> <span class='ocrx_word' id='word_1_164' title='bbox 2129 815 2395 870; x_wconf 74' lang='grc' dir='ltr'>διαϐόλου.</span> <span class='ocrx_word' id='word_1_165' title='bbox 2426 819 2708 888; x_wconf 84' lang='grc' dir='ltr'><strong>Μακάριος</strong></span> <span class='ocrx_word' id='word_1_166' title='bbox 2737 820 2765 870; x_wconf 89' lang='grc' dir='ltr'><strong>ὁ</strong></span> <span class='ocrx_word' id='word_1_167' title='bbox 2802 822 3040 890; x_wconf 83' lang='grc' dir='ltr'><strong>γνησίως</strong></span> <span class='ocrx_word' id='word_1_168' title='bbox 3070 824 3454 893; x_wconf 77' lang='grc' dir='ltr'>κακηγορήσας</span> <span class='ocrx_word' id='word_1_169' title='bbox 3484 823 3585 875; x_wconf 84' lang='grc' dir='ltr'>τὸν</span> 
     </span>
    </p>
   </div>
   <div class='ocr_carea' id='block_1_25' title="bbox 2005 905 3580 984">
    <p class='ocr_par' dir='ltr' id='par_1_25' title="bbox 2005 905 3580 984">
     <span class='ocr_line' id='line_1_25' title="bbox 2005 905 3580 984; baseline 0.003 -23"><span class='ocrx_word' id='word_1_170' title='bbox 2005 905 2263 977; x_wconf 73' lang='grc' dir='ltr'>ἄρχοντα.</span> <span class='ocrx_word' id='word_1_171' title='bbox 2292 908 2658 979; x_wconf 86' lang='grc' dir='ltr'>Προσέρχεται</span> <span class='ocrx_word' id='word_1_172' title='bbox 2686 909 2794 979; x_wconf 86' lang='grc' dir='ltr'><strong>γὰρ</strong></span> <span class='ocrx_word' id='word_1_173' title='bbox 2825 912 3007 975; x_wconf 72' lang='grc' dir='ltr'>λοιπὸν</span> <span class='ocrx_word' id='word_1_174' title='bbox 3030 913 3165 984; x_wconf 77' lang='grc' dir='ltr'>πρὸς</span> <span class='ocrx_word' id='word_1_175' title='bbox 3191 912 3280 965; x_wconf 81' lang='grc' dir='ltr'>τὸν</span> <span class='ocrx_word' id='word_1_176' title='bbox 3306 913 3580 984; x_wconf 76' lang='grc' dir='ltr'>ἀληθινὸν,</span> 
     </span>
    </p>
   </div>
   <div class='ocr_carea' id='block_1_26' title="bbox 2003 998 3585 1074">
    <p class='ocr_par' dir='ltr' id='par_1_26' title="bbox 2003 998 3585 1074">
     <span class='ocr_line' id='line_1_26' title="bbox 2003 998 3585 1074; baseline 0.005 -23"><span class='ocrx_word' id='word_1_177' title='bbox 2003 999 2099 1051; x_wconf 76' lang='grc' dir='ltr'><strong>καὶ</strong></span> <span class='ocrx_word' id='word_1_178' title='bbox 2133 998 2445 1068; x_wconf 75' lang='grc' dir='ltr'><strong>φωτίζεται.</strong></span> <span class='ocrx_word' id='word_1_179' title='bbox 2493 1001 2773 1073; x_wconf 79' lang='grc' dir='ltr'><strong>Μακάριος</strong></span> <span class='ocrx_word' id='word_1_180' title='bbox 2803 1005 2833 1056; x_wconf 86' lang='grc' dir='ltr'><strong>ό</strong></span> <span class='ocrx_word' id='word_1_181' title='bbox 2881 1005 3236 1074; x_wconf 66' lang='grc' dir='ltr'>μεμψάμενος</span> <span class='ocrx_word' id='word_1_182' title='bbox 3265 1008 3377 1070; x_wconf 86' lang='grc' dir='ltr'>τοῖς</span> <span class='ocrx_word' id='word_1_183' title='bbox 3410 1005 3585 1060; x_wconf 84' lang='grc' dir='ltr'>πάλαι</span> 
     </span>
    </p>
   </div>
   <div class='ocr_carea' id='block_1_27' title="bbox 2006 1091 3589 1169">
    <p class='ocr_par' dir='ltr' id='par_1_27' title="bbox 2006 1091 3589 1169">
     <span class='ocr_line' id='line_1_27' title="bbox 2006 1091 3589 1169; baseline 0.006 -28"><span class='ocrx_word' id='word_1_184' title='bbox 2006 1091 2256 1162; x_wconf 83' lang='grc' dir='ltr'>πατρίοις</span> <span class='ocrx_word' id='word_1_185' title='bbox 2275 1108 2289 1121; x_wconf 89' lang='grc'><strong>·</strong></span> <span class='ocrx_word' id='word_1_186' title='bbox 2340 1092 2562 1163; x_wconf 80' lang='grc' dir='ltr'><strong>εὑρήσει</strong></span> <span class='ocrx_word' id='word_1_187' title='bbox 2594 1093 2705 1163; x_wconf 82' lang='grc' dir='ltr'><strong>γὰρ</strong></span> <span class='ocrx_word' id='word_1_188' title='bbox 2735 1094 2811 1165; x_wconf 74' lang='grc'>(4)</span> <span class='ocrx_word' id='word_1_189' title='bbox 2843 1096 3076 1166; x_wconf 82' lang='grc' dir='ltr'>πατρίδα</span> <span class='ocrx_word' id='word_1_190' title='bbox 3103 1097 3202 1168; x_wconf 75' lang='grc' dir='ltr'>τὴν</span> <span class='ocrx_word' id='word_1_191' title='bbox 3225 1098 3337 1151; x_wconf 84' lang='grc' dir='ltr'>ἄνω</span> <span class='ocrx_word' id='word_1_192' title='bbox 3379 1100 3589 1169; x_wconf 85' lang='grc' dir='ltr'>Ἰερου-</span> 
     </span>
    </p>
   </div>
   <div class='ocr_carea' id='block_1_28' title="bbox 2007 1180 3587 1260">
    <p class='ocr_par' dir='ltr' id='par_1_28' title="bbox 2007 1180 3587 1260">
     <span class='ocr_line' id='line_1_28' title="bbox 2007 1180 3587 1260; baseline 0.007 -28"><span class='ocrx_word' id='word_1_193' title='bbox 2007 1180 2209 1251; x_wconf 75' lang='grc' dir='ltr'>σαλὴμ,</span> <span class='ocrx_word' id='word_1_194' title='bbox 2258 1181 2379 1252; x_wconf 70' lang='grc' dir='ltr'>ἥτις</span> <span class='ocrx_word' id='word_1_195' title='bbox 2428 1183 2544 1236; x_wconf 72' lang='grc' dir='ltr'>ἐστὶ</span> <span class='ocrx_word' id='word_1_196' title='bbox 2595 1187 2779 1257; x_wconf 82' lang='grc' dir='ltr'>μήτηρ</span> <span class='ocrx_word' id='word_1_197' title='bbox 2814 1185 2923 1240; x_wconf 83' lang='grc' dir='ltr'><strong>τῶν</strong></span> <span class='ocrx_word' id='word_1_198' title='bbox 2973 1188 3173 1257; x_wconf 79' lang='grc' dir='ltr'>ὁμοίων</span> <span class='ocrx_word' id='word_1_199' title='bbox 3208 1189 3287 1258; x_wconf 77' lang='grc' dir='ltr'>τῷ</span> <span class='ocrx_word' id='word_1_200' title='bbox 3318 1189 3587 1260; x_wconf 82' lang='grc' dir='ltr'>μακαρίῳ</span> 
     </span>
    </p>
   </div>
   <div class='ocr_carea' id='block_1_29' title="bbox 2004 1271 3586 1351">
    <p class='ocr_par' dir='ltr' id='par_1_29' title="bbox 2004 1271 3586 1351">
     <span class='ocr_line' id='line_1_29' title="bbox 2004 1271 3586 1351; baseline 0.004 -26"><span class='ocrx_word' id='word_1_201' title='bbox 2004 1271 2223 1342; x_wconf 85' lang='grc' dir='ltr'>Παύλῳ.</span> <span class='ocrx_word' id='word_1_202' title='bbox 2256 1272 2469 1344; x_wconf 88' lang='grc' dir='ltr'>Πάτριά</span> <span class='ocrx_word' id='word_1_203' title='bbox 2489 1277 2716 1330; x_wconf 73' lang='grc' dir='ltr'>ἐστικαὶ</span> <span class='ocrx_word' id='word_1_204' title='bbox 2743 1277 2810 1330; x_wconf 82' lang='grc' dir='ltr'><strong>τά</strong></span> <span class='ocrx_word' id='word_1_205' title='bbox 2838 1278 2903 1331; x_wconf 85' lang='grc' dir='ltr'>ὲκ</span> <span class='ocrx_word' id='word_1_206' title='bbox 2934 1278 3183 1349; x_wconf 80' lang='grc' dir='ltr'><strong>πατέρων</strong></span> <span class='ocrx_word' id='word_1_207' title='bbox 3209 1280 3337 1349; x_wconf 80' lang='grc' dir='ltr'>ἡμῖν</span> <span class='ocrx_word' id='word_1_208' title='bbox 3362 1279 3586 1351; x_wconf 70' lang='grc' dir='ltr'>πονηρὰ.</span> 
     </span>
    </p>
   </div>
   <div class='ocr_carea' id='block_1_30' title="bbox 2005 1360 3587 1435">
    <p class='ocr_par' dir='ltr' id='par_1_30' title="bbox 2005 1360 3587 1435">
     <span class='ocr_line' id='line_1_30' title="bbox 2005 1360 3587 1435; baseline 0.008 -22"><span class='ocrx_word' id='word_1_209' title='bbox 2005 1360 2099 1432; x_wconf 78' lang='grc' dir='ltr'>ἔθη</span> <span class='ocrx_word' id='word_1_210' title='bbox 2137 1362 2558 1435; x_wconf 79' lang='grc' dir='ltr'>παραδιδόμενα.</span> <span class='ocrx_word' id='word_1_211' title='bbox 2615 1366 2711 1420; x_wconf 84' lang='grc' dir='ltr'>Ἐκ</span> <span class='ocrx_word' id='word_1_212' title='bbox 2749 1367 3061 1433; x_wconf 81' lang='grc' dir='ltr'>πλεονεξίας</span> <span class='ocrx_word' id='word_1_213' title='bbox 3100 1385 3182 1422; x_wconf 86' lang='grc' dir='ltr'><strong>σοι</strong></span> <span class='ocrx_word' id='word_1_214' title='bbox 3233 1369 3521 1424; x_wconf 83' lang='grc' dir='ltr'>κατέλιπεν</span> <span class='ocrx_word' id='word_1_215' title='bbox 3551 1374 3587 1426; x_wconf 85' lang='grc' dir='ltr'>ὁ</span> 
     </span>
    </p>
   </div>
   <div class='ocr_carea' id='block_1_31' title="bbox 2006 1454 3588 1533">
    <p class='ocr_par' dir='ltr' id='par_1_31' title="bbox 2006 1454 3588 1533">
     <span class='ocr_line' id='line_1_31' title="bbox 2006 1454 3588 1533; baseline 0.008 -29"><span class='ocrx_word' id='word_1_216' title='bbox 2006 1454 2193 1525; x_wconf 83' lang='grc' dir='ltr'>πατὴρ</span> <span class='ocrx_word' id='word_1_217' title='bbox 2246 1457 2536 1527; x_wconf 87' lang='grc' dir='ltr'>κτήματα;</span> <span class='ocrx_word' id='word_1_218' title='bbox 2600 1459 2817 1524; x_wconf 83' lang='grc' dir='ltr'>Ἀπόδος</span> <span class='ocrx_word' id='word_1_219' title='bbox 2870 1459 2948 1529; x_wconf 84' lang='grc' dir='ltr'>τῷ</span> <span class='ocrx_word' id='word_1_220' title='bbox 2986 1460 3332 1533; x_wconf 67' lang='grc' dir='ltr'>ἠδικημένῳ·</span> <span class='ocrx_word' id='word_1_221' title='bbox 3371 1463 3445 1532; x_wconf 84' lang='grc' dir='ltr'>μὴ</span> <span class='ocrx_word' id='word_1_222' title='bbox 3498 1463 3588 1527; x_wconf 85' lang='grc' dir='ltr'><strong>ὡς</strong></span> 
     </span>
    </p>
   </div>
   <div class='ocr_carea' id='block_1_32' title="bbox 2006 1543 3591 1623">
    <p class='ocr_par' dir='ltr' id='par_1_32' title="bbox 2006 1543 3591 1623">
     <span class='ocr_line' id='line_1_32' title="bbox 2006 1543 3591 1623; baseline 0.006 -27"><span class='ocrx_word' id='word_1_223' title='bbox 2006 1543 2151 1597; x_wconf 75' lang='grc' dir='ltr'>ἰδίων</span> <span class='ocrx_word' id='word_1_224' title='bbox 2172 1546 2246 1616; x_wconf 82' lang='grc'>(5)</span> <span class='ocrx_word' id='word_1_225' title='bbox 2278 1548 2555 1601; x_wconf 77' lang='grc' dir='ltr'>ἀντιποιοῦ</span> <span class='ocrx_word' id='word_1_226' title='bbox 2576 1567 2589 1580; x_wconf 77' lang='grc' dir='ltr'><strong><em>ο</em></strong></span> <span class='ocrx_word' id='word_1_227' title='bbox 2614 1551 2888 1621; x_wconf 84' lang='grc' dir='ltr'>ἁμαρτίας</span> <span class='ocrx_word' id='word_1_228' title='bbox 2915 1552 3031 1604; x_wconf 79' lang='grc' dir='ltr'>ἐστὶ</span> <span class='ocrx_word' id='word_1_229' title='bbox 3059 1552 3411 1623; x_wconf 75' lang='grc' dir='ltr'>κληρονομία.</span> <span class='ocrx_word' id='word_1_230' title='bbox 3440 1553 3591 1606; x_wconf 81' lang='grc' dir='ltr'>Ἀδί-</span> 
     </span>
    </p>
   </div>
   <div class='ocr_carea' id='block_1_33' title="bbox 2008 1638 3589 1714">
    <p class='ocr_par' dir='ltr' id='par_1_33' title="bbox 2008 1638 3589 1714">
     <span class='ocr_line' id='line_1_33' title="bbox 2008 1638 3589 1714; baseline 0.005 -26"><span class='ocrx_word' id='word_1_231' title='bbox 2008 1652 2119 1700; x_wconf 89' lang='grc' dir='ltr'><strong>κως</strong></span> <span class='ocrx_word' id='word_1_232' title='bbox 2154 1638 2701 1711; x_wconf 80' lang='grc' dir='ltr'>καταδουλωσάμενος</span> <span class='ocrx_word' id='word_1_233' title='bbox 2732 1644 2760 1696; x_wconf 79' lang='grc' dir='ltr'>ὁ</span> <span class='ocrx_word' id='word_1_234' title='bbox 2796 1642 2978 1714; x_wconf 83' lang='grc' dir='ltr'>πατὴρ</span> <span class='ocrx_word' id='word_1_235' title='bbox 3008 1643 3187 1713; x_wconf 74' lang='grc' dir='ltr'>ἀφῆκέ</span> <span class='ocrx_word' id='word_1_236' title='bbox 3226 1660 3308 1696; x_wconf 87' lang='grc' dir='ltr'><strong>σοι</strong></span> <span class='ocrx_word' id='word_1_237' title='bbox 3355 1643 3589 1709; x_wconf 84' lang='grc' dir='ltr'>δοῦλον;</span> 
     </span>
    </p>
   </div>
   <div class='ocr_carea' id='block_1_34' title="bbox 325 1704 1903 1807">
    <p class='ocr_par' dir='ltr' id='par_1_34' title="bbox 325 1720 1901 1795">
     <span class='ocr_line' id='line_1_34' title="bbox 325 1720 1901 1795; baseline 0.003 -20"><span class='ocrx_word' id='word_1_238' title='bbox 325 1720 426 1776; x_wconf 84' lang='lat' dir='ltr'><strong>bas</strong></span> <span class='ocrx_word' id='word_1_239' title='bbox 463 1721 716 1791; x_wconf 87' lang='lat' dir='ltr'><strong>injuriam</strong></span> <span class='ocrx_word' id='word_1_240' title='bbox 761 1723 1030 1792; x_wconf 86' lang='lat' dir='ltr'><strong>patienti;</strong></span> <span class='ocrx_word' id='word_1_241' title='bbox 1102 1738 1169 1777; x_wconf 92' lang='lat' dir='ltr'><strong>ne</strong></span> <span class='ocrx_word' id='word_1_242' title='bbox 1222 1739 1317 1778; x_wconf 91' lang='lat' dir='ltr'><strong>eas</strong></span> <span class='ocrx_word' id='word_1_243' title='bbox 1364 1723 1460 1779; x_wconf 86' lang='lat' dir='ltr'><strong>tibi</strong></span> <span class='ocrx_word' id='word_1_244' title='bbox 1508 1739 1606 1781; x_wconf 86' lang='lat' dir='ltr'><strong>ceu</strong></span> <span class='ocrx_word' id='word_1_245' title='bbox 1654 1727 1901 1795; x_wconf 87' lang='lat' dir='ltr'><strong>proprias</strong></span> 
     </span>
    </p>
   </div>
   <div class='ocr_carea' id='block_1_35' title="bbox 2031 1704 3592 1807">
    <p class='ocr_par' dir='ltr' id='par_1_35' title="bbox 2031 1704 3592 1807">
     <span class='ocr_line' id='line_1_35' title="bbox 2031 1704 3592 1807; baseline 0.006 -28"><span class='ocrx_word' id='word_1_246' title='bbox 2031 1728 2107 1791; x_wconf 71' lang='grc' dir='ltr'>ιὸς</span> <span class='ocrx_word' id='word_1_247' title='bbox 2138 1729 2290 1800; x_wconf 84' lang='grc' dir='ltr'>αὐτῷ</span> <span class='ocrx_word' id='word_1_248' title='bbox 2328 1732 2392 1785; x_wconf 82' lang='grc' dir='ltr'>σὺ</span> <span class='ocrx_word' id='word_1_249' title='bbox 2442 1704 2552 1802; x_wconf 41' lang='grc' dir='ltr'>τὴν·</span> <span class='ocrx_word' id='word_1_250' title='bbox 2585 1704 3191 1807; x_wconf 48' lang='grc' dir='ltr'>ἐλευθερίαν,’κάκείνῳ</span> <span class='ocrx_word' id='word_1_251' title='bbox 3222 1736 3297 1804; x_wconf 82' lang='grc'><strong>(6)</strong></span> <span class='ocrx_word' id='word_1_252' title='bbox 3320 1704 3592 1805; x_wconf 45' lang='grc' dir='ltr'>κουφοτέλ</span> 
     </span>
    </p>
   </div>
   <div class='ocr_carea' id='block_1_36' title="bbox 322 1813 1902 1885">
    <p class='ocr_par' dir='ltr' id='par_1_36' title="bbox 322 1813 1902 1885">
     <span class='ocr_line' id='line_1_36' title="bbox 322 1813 1902 1885; baseline 0.003 -19"><span class='ocrx_word' id='word_1_253' title='bbox 322 1813 565 1867; x_wconf 87' lang='lat' dir='ltr'><strong>vindices</strong></span> <span class='ocrx_word' id='word_1_254' title='bbox 595 1823 716 1868; x_wconf 88' lang='lat' dir='ltr'><strong>:est</strong></span> <span class='ocrx_word' id='word_1_255' title='bbox 744 1815 1001 1868; x_wconf 87' lang='lat' dir='ltr'><strong>nimirum</strong></span> <span class='ocrx_word' id='word_1_256' title='bbox 1032 1815 1245 1883; x_wconf 88' lang='lat' dir='ltr'><strong>peccati</strong></span> <span class='ocrx_word' id='word_1_257' title='bbox 1280 1815 1585 1871; x_wconf 84' lang='lat' dir='ltr'><strong>haereditas.</strong></span> <span class='ocrx_word' id='word_1_258' title='bbox 1605 1814 1902 1885; x_wconf 84' lang='lat' dir='ltr'><strong>Dereliquit</strong></span> 
     </span>
    </p>
   </div>
   <div class='ocr_carea' id='block_1_37' title="bbox 323 1904 1899 1976">
    <p class='ocr_par' dir='ltr' id='par_1_37' title="bbox 323 1904 1899 1976">
     <span class='ocr_line' id='line_1_37' title="bbox 323 1904 1899 1976; baseline 0.003 -18"><span class='ocrx_word' id='word_1_259' title='bbox 323 1904 422 1959; x_wconf 83' lang='lat' dir='ltr'><strong>tibi</strong></span> <span class='ocrx_word' id='word_1_260' title='bbox 473 1920 686 1960; x_wconf 86' lang='lat' dir='ltr'><strong>servum</strong></span> <span class='ocrx_word' id='word_1_261' title='bbox 749 1917 923 1975; x_wconf 84' lang='lat' dir='ltr'><strong>pater,</strong></span> <span class='ocrx_word' id='word_1_262' title='bbox 970 1905 1169 1976; x_wconf 82' lang='lat' dir='ltr'><strong>injuste</strong></span> <span class='ocrx_word' id='word_1_263' title='bbox 1211 1906 1279 1961; x_wconf 90' lang='lat' dir='ltr'><strong>ab</strong></span> <span class='ocrx_word' id='word_1_264' title='bbox 1322 1907 1440 1976; x_wconf 92' lang='lat' dir='ltr'><strong>ipso</strong></span> <span class='ocrx_word' id='word_1_265' title='bbox 1474 1908 1526 1961; x_wconf 90' lang='lat' dir='ltr'><strong>in</strong></span> <span class='ocrx_word' id='word_1_266' title='bbox 1585 1909 1899 1964; x_wconf 79' lang='lat' dir='ltr'><strong>servitutem</strong></span> 
     </span>
    </p>
   </div>
   <div class='ocr_carea' id='block_1_38' title="bbox 2015 1824 3591 1899">
    <p class='ocr_par' dir='ltr' id='par_1_38' title="bbox 2015 1824 3591 1899">
     <span class='ocr_line' id='line_1_38' title="bbox 2015 1824 3591 1899; baseline 0.006 -27"><span class='ocrx_word' id='word_1_267' title='bbox 2015 1837 2113 1890; x_wconf 88' lang='grc' dir='ltr'><strong>ραν</strong></span> <span class='ocrx_word' id='word_1_268' title='bbox 2146 1824 2390 1894; x_wconf 80' lang='grc' dir='ltr'>ποιήσεις</span> <span class='ocrx_word' id='word_1_269' title='bbox 2415 1824 2512 1896; x_wconf 83' lang='grc' dir='ltr'><strong>τὴν</strong></span> <span class='ocrx_word' id='word_1_270' title='bbox 2538 1826 2787 1896; x_wconf 87' lang='grc' dir='ltr'>βάσανον,</span> <span class='ocrx_word' id='word_1_271' title='bbox 2824 1829 2918 1882; x_wconf 74' lang='grc' dir='ltr'>καὶ</span> <span class='ocrx_word' id='word_1_272' title='bbox 2948 1828 3158 1898; x_wconf 82' lang='grc' dir='ltr'>σεαυτῷ</span> <span class='ocrx_word' id='word_1_273' title='bbox 3188 1827 3284 1899; x_wconf 83' lang='grc' dir='ltr'><strong>τὴν</strong></span> <span class='ocrx_word' id='word_1_274' title='bbox 3320 1826 3591 1898; x_wconf 76' lang='grc' dir='ltr'>ἀληθινὴν</span> 
     </span>
    </p>
   </div>
   <div class='ocr_carea' id='block_1_39' title="bbox 2007 1911 3248 1990">
    <p class='ocr_par' dir='ltr' id='par_1_39' title="bbox 2007 1911 3248 1990">
     <span class='ocr_line' id='line_1_39' title="bbox 2007 1911 3248 1990; baseline 0.009 -27"><span class='ocrx_word' id='word_1_275' title='bbox 2007 1911 2321 1984; x_wconf 79' lang='grc' dir='ltr'>ἐλευθερίαν</span> <span class='ocrx_word' id='word_1_276' title='bbox 2351 1919 2806 1986; x_wconf 87' lang='grc' dir='ltr'>παρασκευάσεις.</span> <span class='ocrx_word' id='word_1_277' title='bbox 2838 1917 2973 1974; x_wconf 81' lang='grc' dir='ltr'>Εῐτα</span> <span class='ocrx_word' id='word_1_278' title='bbox 2998 1921 3049 1973; x_wconf 88' lang='grc' dir='ltr'><strong>τί</strong></span> <span class='ocrx_word' id='word_1_279' title='bbox 3081 1936 3248 1990; x_wconf 83' lang='grc' dir='ltr'>φησι;</span> 
     </span>
    </p>
   </div>
   <div class='ocr_carea' id='block_1_40' title="bbox 324 2000 3589 2086">
    <p class='ocr_par' dir='ltr' id='par_1_40' title="bbox 324 2000 3589 2086">
     <span class='ocr_line' id='line_1_40' title="bbox 324 2000 3589 2086; baseline 0.005 -32"><span class='ocrx_word' id='word_1_280' title='bbox 324 2001 646 2055; x_wconf 86' lang='lat' dir='ltr'><strong>redactum?</strong></span> <span class='ocrx_word' id='word_1_281' title='bbox 702 2000 780 2055; x_wconf 87' lang='lat' dir='ltr'><strong>Tu</strong></span> <span class='ocrx_word' id='word_1_282' title='bbox 829 2016 951 2057; x_wconf 86' lang='lat' dir='ltr'><strong>eum</strong></span> <span class='ocrx_word' id='word_1_283' title='bbox 985 2004 1235 2059; x_wconf 88' lang='lat' dir='ltr'><strong>libertate</strong></span> <span class='ocrx_word' id='word_1_284' title='bbox 1272 2003 1437 2070; x_wconf 89' lang='lat' dir='ltr'><strong>dona,</strong></span> <span class='ocrx_word' id='word_1_285' title='bbox 1483 2013 1538 2061; x_wconf 90' lang='lat' dir='ltr'><strong>et</strong></span> <span class='ocrx_word' id='word_1_286' title='bbox 1574 2005 1748 2075; x_wconf 87' lang='lat' dir='ltr'><strong>patris</strong></span> <span class='ocrx_word' id='word_1_287' title='bbox 1789 2005 2084 2062; x_wconf 88' lang='lat' dir='ltr'><strong>cruciatum</strong></span> <span class='ocrx_word' id='word_1_288' title='bbox 2124 2010 2319 2067; x_wconf 84' lang='lat' dir='ltr'><strong>reddes</strong></span> <span class='ocrx_word' id='word_1_289' title='bbox 2362 2011 2638 2082; x_wconf 83' lang='lat' dir='ltr'><strong>leviorem,</strong></span> <span class='ocrx_word' id='word_1_290' title='bbox 2683 2029 2737 2070; x_wconf 89' lang='lat' dir='ltr'><strong>et</strong></span> <span class='ocrx_word' id='word_1_291' title='bbox 2759 2017 2858 2071; x_wconf 89' lang='lat' dir='ltr'><strong>tibi</strong></span> <span class='ocrx_word' id='word_1_292' title='bbox 2886 2017 3000 2086; x_wconf 89' lang='lat' dir='ltr'><strong>ipse</strong></span> <span class='ocrx_word' id='word_1_293' title='bbox 3046 2018 3345 2073; x_wconf 85' lang='lat' dir='ltr'><strong>libertatem</strong></span> <span class='ocrx_word' id='word_1_294' title='bbox 3393 2029 3589 2071; x_wconf 80' lang='lat' dir='ltr'><strong>veram</strong></span> 
     </span>
    </p>
   </div>
   <div class='ocr_carea' id='block_1_41' title="bbox 319 2090 1284 2162">
    <p class='ocr_par' dir='ltr' id='par_1_41' title="bbox 319 2090 1284 2162">
     <span class='ocr_line' id='line_1_41' title="bbox 319 2090 1284 2162; baseline -0.001 -15"><span class='ocrx_word' id='word_1_295' title='bbox 319 2092 650 2147; x_wconf 87' lang='lat' dir='ltr'><strong>conciliabis.</strong></span> <span class='ocrx_word' id='word_1_296' title='bbox 678 2090 791 2145; x_wconf 87' lang='lat' dir='ltr'><strong>Sub</strong></span> <span class='ocrx_word' id='word_1_297' title='bbox 812 2092 926 2147; x_wconf 68' lang='lat' dir='ltr'><strong>haec</strong></span> <span class='ocrx_word' id='word_1_298' title='bbox 956 2092 1084 2162; x_wconf 90' lang='lat' dir='ltr'><strong>quid</strong></span> <span class='ocrx_word' id='word_1_299' title='bbox 1113 2092 1284 2148; x_wconf 79' lang='lat' dir='ltr'><strong>dicit?</strong></span> 
     </span>
    </p>
   </div>
   <div class='ocr_carea' id='block_1_42' title="bbox 392 2182 1905 2253">
    <p class='ocr_par' dir='ltr' id='par_1_42' title="bbox 392 2182 1905 2253">
     <span class='ocr_line' id='line_1_42' title="bbox 392 2182 1905 2253; baseline 0.003 -15"><span class='ocrx_word' id='word_1_300' title='bbox 392 2184 516 2238; x_wconf 55' lang='grc' dir='ltr'><strong>ΞΕ.</strong></span> <span class='ocrx_word' id='word_1_301' title='bbox 550 2182 621 2239; x_wconf 83' lang='grc' dir='ltr'>Ει</span> <span class='ocrx_word' id='word_1_302' title='bbox 650 2186 921 2253; x_wconf 83' lang='lat' dir='ltr'><strong>respicient</strong></span> <span class='ocrx_word' id='word_1_303' title='bbox 944 2189 1000 2239; x_wconf 83' lang='lat' dir='ltr'><strong>in</strong></span> <span class='ocrx_word' id='word_1_304' title='bbox 1031 2188 1219 2241; x_wconf 74' lang='lat' dir='ltr'><strong>emtum</strong></span> <span class='ocrx_word' id='word_1_305' title='bbox 1239 2204 1474 2253; x_wconf 77' lang='lat' dir='ltr'><strong>sursum,</strong></span> <span class='ocrx_word' id='word_1_306' title='bbox 1509 2197 1558 2242; x_wconf 82' lang='lat' dir='ltr'><strong>et</strong></span> <span class='ocrx_word' id='word_1_307' title='bbox 1605 2189 1659 2241; x_wconf 85' lang='lat' dir='ltr'><strong>in</strong></span> <span class='ocrx_word' id='word_1_308' title='bbox 1709 2199 1905 2243; x_wconf 76' lang='lat' dir='ltr'><strong>terram</strong></span> 
     </span>
    </p>
   </div>
   <div class='ocr_carea' id='block_1_43' title="bbox 324 2278 1906 2350">
    <p class='ocr_par' dir='ltr' id='par_1_43' title="bbox 324 2278 1906 2350">
     <span class='ocr_line' id='line_1_43' title="bbox 324 2278 1906 2350; baseline 0.004 -21"><span class='ocrx_word' id='word_1_309' title='bbox 324 2278 577 2331; x_wconf 67' lang='lat' dir='ltr'><strong>deorsum</strong></span> <span class='ocrx_word' id='word_1_310' title='bbox 602 2278 885 2344; x_wconf 80' lang='lat' dir='ltr'><strong>inspicieut</strong></span> <span class='ocrx_word' id='word_1_311' title='bbox 909 2294 929 2332; x_wconf 93' lang='lat'><strong><em>:</em></strong></span> <span class='ocrx_word' id='word_1_312' title='bbox 963 2289 1010 2332; x_wconf 89' lang='lat' dir='ltr'><strong>et</strong></span> <span class='ocrx_word' id='word_1_313' title='bbox 1045 2296 1160 2333; x_wconf 83' lang='lat' dir='ltr'><strong>ecce</strong></span> <span class='ocrx_word' id='word_1_314' title='bbox 1180 2289 1381 2350; x_wconf 85' lang='lat' dir='ltr'><strong>egestas</strong></span> <span class='ocrx_word' id='word_1_315' title='bbox 1408 2291 1653 2350; x_wconf 82' lang='lat' dir='ltr'><strong>angusta,</strong></span> <span class='ocrx_word' id='word_1_316' title='bbox 1691 2293 1735 2334; x_wconf 87' lang='lat' dir='ltr'><strong>et</strong></span> <span class='ocrx_word' id='word_1_317' title='bbox 1763 2294 1906 2335; x_wconf 86' lang='lat' dir='ltr'><strong>tene-</strong></span> 
     </span>
    </p>
   </div>
   <div class='ocr_carea' id='block_1_44' title="bbox 322 2370 1903 2443">
    <p class='ocr_par' dir='ltr' id='par_1_44' title="bbox 322 2370 1903 2443">
     <span class='ocr_line' id='line_1_44' title="bbox 322 2370 1903 2443; baseline 0.002 -21"><span class='ocrx_word' id='word_1_318' title='bbox 322 2370 451 2435; x_wconf 70' lang='lat' dir='ltr'><strong>bra&#39;,</strong></span> <span class='ocrx_word' id='word_1_319' title='bbox 475 2370 552 2423; x_wconf 91' lang='lat' dir='ltr'><strong>ita</strong></span> <span class='ocrx_word' id='word_1_320' title='bbox 577 2380 632 2423; x_wconf 88' lang='lat' dir='ltr'><strong>ut</strong></span> <span class='ocrx_word' id='word_1_321' title='bbox 659 2387 761 2424; x_wconf 83' lang='lat' dir='ltr'><strong>non</strong></span> <span class='ocrx_word' id='word_1_322' title='bbox 785 2370 1028 2434; x_wconf 80' lang='lat' dir='ltr'><strong>videant;</strong></span> <span class='ocrx_word' id='word_1_323' title='bbox 1051 2384 1097 2425; x_wconf 87' lang='lat' dir='ltr'><strong>et</strong></span> <span class='ocrx_word' id='word_1_324' title='bbox 1123 2388 1227 2426; x_wconf 82' lang='lat' dir='ltr'><strong>non</strong></span> <span class='ocrx_word' id='word_1_325' title='bbox 1254 2372 1457 2440; x_wconf 81' lang='lat' dir='ltr'><strong>deﬁciet</strong></span> <span class='ocrx_word' id='word_1_326' title='bbox 1507 2374 1596 2443; x_wconf 87' lang='lat' dir='ltr'><strong>qui</strong></span> <span class='ocrx_word' id='word_1_327' title='bbox 1649 2375 1704 2427; x_wconf 86' lang='lat' dir='ltr'><strong>in</strong></span> <span class='ocrx_word' id='word_1_328' title='bbox 1732 2390 1903 2443; x_wconf 84' lang='lat' dir='ltr'><strong>angu-</strong></span> 
     </span>
    </p>
   </div>
   <div class='ocr_carea' id='block_1_45' title="bbox 322 2463 1903 2534">
    <p class='ocr_par' dir='ltr' id='par_1_45' title="bbox 322 2463 1903 2534">
     <span class='ocr_line' id='line_1_45' title="bbox 322 2463 1903 2534; baseline 0.001 -18"><span class='ocrx_word' id='word_1_329' title='bbox 322 2464 431 2517; x_wconf 87' lang='lat' dir='ltr'><strong>stia</strong></span> <span class='ocrx_word' id='word_1_330' title='bbox 453 2473 527 2516; x_wconf 87' lang='lat' dir='ltr'><strong>est</strong></span> <span class='ocrx_word' id='word_1_331' title='bbox 547 2478 709 2532; x_wconf 84' lang='lat' dir='ltr'><strong>usque</strong></span> <span class='ocrx_word' id='word_1_332' title='bbox 730 2463 797 2515; x_wconf 84' lang='lat' dir='ltr'><strong>ad</strong></span> <span class='ocrx_word' id='word_1_333' title='bbox 823 2471 1045 2531; x_wconf 83' lang='lat' dir='ltr'><strong>tempus.</strong></span> <span class='ocrx_word' id='word_1_334' title='bbox 1070 2463 1318 2517; x_wconf 82' lang='lat' dir='ltr'><strong>Aﬂirmat</strong></span> <span class='ocrx_word' id='word_1_335' title='bbox 1342 2463 1478 2529; x_wconf 79' lang='lat' dir='ltr'><strong>fore,</strong></span> <span class='ocrx_word' id='word_1_336' title='bbox 1507 2475 1565 2517; x_wconf 90' lang='lat' dir='ltr'><strong>ut</strong></span> <span class='ocrx_word' id='word_1_337' title='bbox 1604 2464 1639 2517; x_wconf 92' lang='lat' dir='ltr'><strong>ii</strong></span> <span class='ocrx_word' id='word_1_338' title='bbox 1667 2465 1757 2533; x_wconf 85' lang='lat' dir='ltr'><strong>qui</strong></span> <span class='ocrx_word' id='word_1_339' title='bbox 1793 2478 1903 2534; x_wconf 65' lang='lat' dir='ltr'><strong>prae</strong></span> 
     </span>
    </p>
   </div>
   <div class='ocr_carea' id='block_1_46' title="bbox 323 2553 1898 2625">
    <p class='ocr_par' dir='ltr' id='par_1_46' title="bbox 323 2553 1898 2625">
     <span class='ocr_line' id='line_1_46' title="bbox 323 2553 1898 2625; baseline 0.001 -17"><span class='ocrx_word' id='word_1_340' title='bbox 323 2554 575 2624; x_wconf 81' lang='lat' dir='ltr'><strong>angustia</strong></span> <span class='ocrx_word' id='word_1_341' title='bbox 609 2554 830 2609; x_wconf 86' lang='lat' dir='ltr'><strong>adducti</strong></span> <span class='ocrx_word' id='word_1_342' title='bbox 856 2553 1057 2609; x_wconf 84' lang='lat' dir='ltr'><strong>fuerint</strong></span> <span class='ocrx_word' id='word_1_343' title='bbox 1089 2556 1154 2608; x_wconf 92' lang='lat' dir='ltr'><strong>ad</strong></span> <span class='ocrx_word' id='word_1_344' title='bbox 1187 2554 1563 2622; x_wconf 75' lang='lat' dir='ltr'><strong>pmnitentiam</strong></span> <span class='ocrx_word' id='word_1_345' title='bbox 1609 2556 1898 2625; x_wconf 79' lang='lat' dir='ltr'><strong>agendam,</strong></span> 
     </span>
    </p>
   </div>
   <div class='ocr_carea' id='block_1_47' title="bbox 324 2645 1912 2716">
    <p class='ocr_par' dir='ltr' id='par_1_47' title="bbox 324 2645 1912 2716">
     <span class='ocr_line' id='line_1_47' title="bbox 324 2645 1912 2716; baseline 0.003 -18"><span class='ocrx_word' id='word_1_346' title='bbox 324 2661 543 2700; x_wconf 81' lang='lat' dir='ltr'><strong>sursum</strong></span> <span class='ocrx_word' id='word_1_347' title='bbox 580 2646 875 2715; x_wconf 87' lang='lat' dir='ltr'><strong>respiciant</strong></span> <span class='ocrx_word' id='word_1_348' title='bbox 908 2648 963 2699; x_wconf 89' lang='lat' dir='ltr'><strong>in</strong></span> <span class='ocrx_word' id='word_1_349' title='bbox 987 2645 1207 2700; x_wconf 63' lang='lat' dir='ltr'><strong>coelum.</strong></span> <span class='ocrx_word' id='word_1_350' title='bbox 1235 2645 1337 2712; x_wconf 87' lang='lat' dir='ltr'><strong>Qui</strong></span> <span class='ocrx_word' id='word_1_351' title='bbox 1370 2646 1520 2716; x_wconf 86' lang='lat' dir='ltr'><strong>prius</strong></span> <span class='ocrx_word' id='word_1_352' title='bbox 1542 2646 1912 2702; x_wconf 86' lang='lat' dir='ltr'><strong>demittebant</strong></span> 
     </span>
    </p>
   </div>
   <div class='ocr_carea' id='block_1_48' title="bbox 323 2738 1904 2810">
    <p class='ocr_par' dir='ltr' id='par_1_48' title="bbox 323 2738 1904 2810">
     <span class='ocr_line' id='line_1_48' title="bbox 323 2738 1904 2810; baseline 0.001 -18"><span class='ocrx_word' id='word_1_353' title='bbox 323 2739 380 2793; x_wconf 86' lang='lat' dir='ltr'><strong>in</strong></span> <span class='ocrx_word' id='word_1_354' title='bbox 405 2746 607 2791; x_wconf 87' lang='lat' dir='ltr'><strong>terram</strong></span> <span class='ocrx_word' id='word_1_355' title='bbox 629 2738 839 2801; x_wconf 88' lang='lat' dir='ltr'><strong>oculos,</strong></span> <span class='ocrx_word' id='word_1_356' title='bbox 870 2752 970 2793; x_wconf 85' lang='lat' dir='ltr'><strong>nec</strong></span> <span class='ocrx_word' id='word_1_357' title='bbox 1024 2739 1332 2793; x_wconf 85' lang='lat' dir='ltr'><strong>divinarum</strong></span> <span class='ocrx_word' id='word_1_358' title='bbox 1379 2740 1904 2810; x_wconf 85' lang='lat' dir='ltr'><strong>contemplatiouum</strong></span> 
     </span>
    </p>
   </div>
   <div class='ocr_carea' id='block_1_49' title="bbox 324 2829 1905 2901">
    <p class='ocr_par' dir='ltr' id='par_1_49' title="bbox 324 2829 1905 2901">
     <span class='ocr_line' id='line_1_49' title="bbox 324 2829 1905 2901; baseline 0.003 -17"><span class='ocrx_word' id='word_1_359' title='bbox 324 2829 716 2885; x_wconf 85' lang='lat' dir='ltr'><strong>sublimitatem</strong></span> <span class='ocrx_word' id='word_1_360' title='bbox 756 2831 1056 2899; x_wconf 75' lang='lat' dir='ltr'><strong>intelligere</strong></span> <span class='ocrx_word' id='word_1_361' title='bbox 1084 2839 1359 2901; x_wconf 90' lang='lat' dir='ltr'><strong>poterant,</strong></span> <span class='ocrx_word' id='word_1_362' title='bbox 1402 2833 1456 2886; x_wconf 87' lang='lat' dir='ltr'><strong>bi</strong></span> <span class='ocrx_word' id='word_1_363' title='bbox 1494 2836 1543 2886; x_wconf 70' lang='lat' dir='ltr'><strong>&#39;a</strong></span> <span class='ocrx_word' id='word_1_364' title='bbox 1577 2848 1759 2887; x_wconf 89' lang='lat' dir='ltr'><strong>rerum</strong></span> <span class='ocrx_word' id='word_1_365' title='bbox 1791 2845 1905 2888; x_wconf 88' lang='lat' dir='ltr'><strong>ter-</strong></span> 
     </span>
    </p>
   </div>
   <div class='ocr_carea' id='block_1_50' title="bbox 325 2921 1907 2995">
    <p class='ocr_par' dir='ltr' id='par_1_50' title="bbox 325 2921 1907 2995">
     <span class='ocr_line' id='line_1_50' title="bbox 325 2921 1907 2995; baseline 0.003 -17"><span class='ocrx_word' id='word_1_366' title='bbox 325 2938 580 2978; x_wconf 81' lang='lat' dir='ltr'><strong>renarum</strong></span> <span class='ocrx_word' id='word_1_367' title='bbox 623 2921 912 2978; x_wconf 76' lang='lat' dir='ltr'><strong>aﬂ&#39;ectione</strong></span> <span class='ocrx_word' id='word_1_368' title='bbox 944 2932 1000 2978; x_wconf 90' lang='lat' dir='ltr'><strong>et</strong></span> <span class='ocrx_word' id='word_1_369' title='bbox 1049 2924 1228 2978; x_wconf 87' lang='lat' dir='ltr'><strong>studio</strong></span> <span class='ocrx_word' id='word_1_370' title='bbox 1253 2924 1408 2993; x_wconf 86' lang='lat' dir='ltr'><strong>quasi</strong></span> <span class='ocrx_word' id='word_1_371' title='bbox 1442 2939 1472 2977; x_wconf 92' lang='lat' dir='ltr'><strong>a</strong></span> <span class='ocrx_word' id='word_1_372' title='bbox 1525 2925 1742 2980; x_wconf 86' lang='lat' dir='ltr'><strong>vinculo</strong></span> <span class='ocrx_word' id='word_1_373' title='bbox 1772 2941 1907 2995; x_wconf 88' lang='lat' dir='ltr'><strong>quo-</strong></span> 
     </span>
    </p>
   </div>
   <div class='ocr_carea' id='block_1_51' title="bbox 327 3016 1904 3089">
    <p class='ocr_par' dir='ltr' id='par_1_51' title="bbox 327 3016 1904 3089">
     <span class='ocr_line' id='line_1_51' title="bbox 327 3016 1904 3089; baseline 0.001 -18"><span class='ocrx_word' id='word_1_374' title='bbox 327 3021 452 3072; x_wconf 89' lang='lat' dir='ltr'><strong>dam</strong></span> <span class='ocrx_word' id='word_1_375' title='bbox 487 3017 673 3081; x_wconf 88' lang='lat' dir='ltr'><strong>soluti,</strong></span> <span class='ocrx_word' id='word_1_376' title='bbox 702 3016 985 3071; x_wconf 88' lang='lat' dir='ltr'><strong>oculorum</strong></span> <span class='ocrx_word' id='word_1_377' title='bbox 1009 3030 1229 3071; x_wconf 90' lang='lat' dir='ltr'><strong>suorum</strong></span> <span class='ocrx_word' id='word_1_378' title='bbox 1259 3016 1459 3072; x_wconf 86' lang='lat' dir='ltr'><strong>liberos</strong></span> <span class='ocrx_word' id='word_1_379' title='bbox 1486 3019 1708 3072; x_wconf 89' lang='lat' dir='ltr'><strong>obtutus</strong></span> <span class='ocrx_word' id='word_1_380' title='bbox 1736 3020 1904 3089; x_wconf 80' lang='lat' dir='ltr'><strong>ﬁgunt</strong></span> 
     </span>
    </p>
   </div>
   <div class='ocr_carea' id='block_1_52' title="bbox 325 3109 1899 3178">
    <p class='ocr_par' dir='ltr' id='par_1_52' title="bbox 325 3109 1899 3178">
     <span class='ocr_line' id='line_1_52' title="bbox 325 3109 1899 3178; baseline -0.002 -11"><span class='ocrx_word' id='word_1_381' title='bbox 325 3112 383 3167; x_wconf 86' lang='lat' dir='ltr'><strong>in</strong></span> <span class='ocrx_word' id='word_1_382' title='bbox 406 3111 628 3176; x_wconf 73' lang='lat' dir='ltr'><strong>emlum,</strong></span> <span class='ocrx_word' id='word_1_383' title='bbox 688 3109 1040 3165; x_wconf 73' lang='lat' dir='ltr'><strong>invisibilium</strong></span> <span class='ocrx_word' id='word_1_384' title='bbox 1073 3123 1137 3164; x_wconf 88' lang='lat' dir='ltr'><strong>ac</strong></span> <span class='ocrx_word' id='word_1_385' title='bbox 1184 3109 1604 3178; x_wconf 86' lang='lat' dir='ltr'><strong>intelligibilium</strong></span> <span class='ocrx_word' id='word_1_386' title='bbox 1649 3121 1899 3164; x_wconf 86' lang='lat' dir='ltr'><strong>naturam</strong></span> 
     </span>
    </p>
   </div>
   <div class='ocr_carea' id='block_1_53' title="bbox 324 3199 1902 3273">
    <p class='ocr_par' dir='ltr' id='par_1_53' title="bbox 324 3199 1902 3273">
     <span class='ocr_line' id='line_1_53' title="bbox 324 3199 1902 3273; baseline -0.001 -14"><span class='ocrx_word' id='word_1_387' title='bbox 324 3203 780 3273; x_wconf 84' lang='lat' dir='ltr'><strong>contemplantes,</strong></span> <span class='ocrx_word' id='word_1_388' title='bbox 804 3211 859 3256; x_wconf 90' lang='lat' dir='ltr'><strong>et</strong></span> <span class='ocrx_word' id='word_1_389' title='bbox 896 3199 1077 3255; x_wconf 90' lang='lat' dir='ltr'><strong>locum</strong></span> <span class='ocrx_word' id='word_1_390' title='bbox 1122 3214 1230 3268; x_wconf 84' lang='lat' dir='ltr'><strong>quo</strong></span> <span class='ocrx_word' id='word_1_391' title='bbox 1269 3200 1456 3270; x_wconf 85' lang='lat' dir='ltr'><strong>reponi</strong></span> <span class='ocrx_word' id='word_1_392' title='bbox 1503 3212 1751 3271; x_wconf 86' lang='lat' dir='ltr'><strong>oporteat</strong></span> <span class='ocrx_word' id='word_1_393' title='bbox 1786 3202 1902 3257; x_wconf 81' lang='lat' dir='ltr'><strong>the-</strong></span> 
     </span>
    </p>
   </div>
   <div class='ocr_carea' id='block_1_54' title="bbox 323 3291 1905 3363">
    <p class='ocr_par' dir='ltr' id='par_1_54' title="bbox 323 3291 1905 3363">
     <span class='ocr_line' id='line_1_54' title="bbox 323 3291 1905 3363; baseline -0.003 -13"><span class='ocrx_word' id='word_1_394' title='bbox 323 3310 546 3363; x_wconf 85' lang='lat' dir='ltr'><strong>saurus,</strong></span> <span class='ocrx_word' id='word_1_395' title='bbox 567 3294 1006 3349; x_wconf 88' lang='lat' dir='ltr'><strong>considerantes.</strong></span> <span class='ocrx_word' id='word_1_396' title='bbox 1040 3291 1172 3346; x_wconf 88' lang='lat' dir='ltr'><strong>Dein</strong></span> <span class='ocrx_word' id='word_1_397' title='bbox 1204 3291 1472 3361; x_wconf 82' lang='lat' dir='ltr'><strong>Aspicient</strong></span> <span class='ocrx_word' id='word_1_398' title='bbox 1502 3294 1555 3347; x_wconf 81' lang='lat' dir='ltr'><strong>in</strong></span> <span class='ocrx_word' id='word_1_399' title='bbox 1587 3302 1783 3347; x_wconf 87' lang='lat' dir='ltr'><strong>terram</strong></span> <span class='ocrx_word' id='word_1_400' title='bbox 1811 3294 1905 3346; x_wconf 85' lang='lat' dir='ltr'><strong>de-</strong></span> 
     </span>
    </p>
   </div>
   <div class='ocr_carea' id='block_1_55' title="bbox 325 3368 1937 3454">
    <p class='ocr_par' dir='ltr' id='par_1_55' title="bbox 325 3368 1937 3454">
     <span class='ocr_line' id='line_1_55' title="bbox 325 3368 1937 3454; baseline -0.001 -12"><span class='ocrx_word' id='word_1_401' title='bbox 325 3405 525 3443; x_wconf 86' lang='lat' dir='ltr'><strong>orsum.</strong></span> <span class='ocrx_word' id='word_1_402' title='bbox 563 3387 664 3454; x_wconf 86' lang='lat' dir='ltr'><strong>Qui</strong></span> <span class='ocrx_word' id='word_1_403' title='bbox 693 3395 851 3442; x_wconf 88' lang='lat' dir='ltr'><strong>erant</strong></span> <span class='ocrx_word' id='word_1_404' title='bbox 875 3386 1002 3441; x_wconf 86' lang='lat' dir='ltr'><strong>elati</strong></span> <span class='ocrx_word' id='word_1_405' title='bbox 1053 3386 1230 3454; x_wconf 90' lang='lat' dir='ltr'><strong>prius,</strong></span> <span class='ocrx_word' id='word_1_406' title='bbox 1278 3401 1344 3440; x_wconf 90' lang='lat' dir='ltr'><strong>ac</strong></span> <span class='ocrx_word' id='word_1_407' title='bbox 1393 3387 1459 3440; x_wconf 91' lang='lat' dir='ltr'><strong>de</strong></span> <span class='ocrx_word' id='word_1_408' title='bbox 1511 3402 1570 3441; x_wconf 89' lang='lat' dir='ltr'><strong>se</strong></span> <span class='ocrx_word' id='word_1_409' title='bbox 1618 3368 1937 3454; x_wconf 79' lang='lat' dir='ltr'><strong>magniﬁce’</strong></span> 
     </span>
    </p>
   </div>
   <div class='ocr_carea' id='block_1_56' title="bbox 326 3479 1902 3547">
    <p class='ocr_par' dir='ltr' id='par_1_56' title="bbox 326 3479 1902 3547">
     <span class='ocr_line' id='line_1_56' title="bbox 326 3479 1902 3547; baseline -0.004 -11"><span class='ocrx_word' id='word_1_410' title='bbox 326 3482 660 3546; x_wconf 81' lang='lat' dir='ltr'><strong>sentiebant,</strong></span> <span class='ocrx_word' id='word_1_411' title='bbox 695 3490 905 3534; x_wconf 71' lang='lat' dir='ltr'><strong>naturm</strong></span> <span class='ocrx_word' id='word_1_412' title='bbox 925 3494 1038 3534; x_wconf 72' lang='lat' dir='ltr'><strong>suae</strong></span> <span class='ocrx_word' id='word_1_413' title='bbox 1061 3479 1327 3537; x_wconf 86' lang='lat' dir='ltr'><strong>vilitatem</strong></span> <span class='ocrx_word' id='word_1_414' title='bbox 1379 3492 1447 3532; x_wconf 76' lang='lat' dir='ltr'><strong>ex</strong></span> <span class='ocrx_word' id='word_1_415' title='bbox 1484 3492 1546 3531; x_wconf 85' lang='lat' dir='ltr'><strong>ea</strong></span> <span class='ocrx_word' id='word_1_416' title='bbox 1577 3492 1738 3547; x_wconf 88' lang='lat' dir='ltr'><strong>quam</strong></span> <span class='ocrx_word' id='word_1_417' title='bbox 1779 3493 1902 3531; x_wconf 90' lang='lat' dir='ltr'><strong>cum</strong></span> 
     </span>
    </p>
   </div>
   <div class='ocr_carea' id='block_1_57' title="bbox 325 3567 1901 3642">
    <p class='ocr_par' dir='ltr' id='par_1_57' title="bbox 325 3567 1901 3642">
     <span class='ocr_line' id='line_1_57' title="bbox 325 3567 1901 3642; baseline -0.003 -17"><span class='ocrx_word' id='word_1_418' title='bbox 325 3583 474 3630; x_wconf 88' lang='lat' dir='ltr'><strong>terra</strong></span> <span class='ocrx_word' id='word_1_419' title='bbox 504 3573 706 3627; x_wconf 87' lang='lat' dir='ltr'><strong>habent</strong></span> <span class='ocrx_word' id='word_1_420' title='bbox 734 3572 1059 3642; x_wconf 76' lang='lat' dir='ltr'><strong>cognatione</strong></span> <span class='ocrx_word' id='word_1_421' title='bbox 1106 3578 1417 3641; x_wconf 61' lang='lat' dir='ltr'><strong>ignoscent.</strong></span> <span class='ocrx_word' id='word_1_422' title='bbox 1469 3567 1666 3622; x_wconf 81' lang='lat' dir='ltr'><strong>Mirare</strong></span> <span class='ocrx_word' id='word_1_423' title='bbox 1722 3578 1901 3622; x_wconf 90' lang='lat' dir='ltr'><strong>autem</strong></span> 
     </span>
    </p>
   </div>
   <div class='ocr_carea' id='block_1_58' title="bbox 324 3658 1900 3736">
    <p class='ocr_par' dir='ltr' id='par_1_58' title="bbox 324 3658 1900 3736">
     <span class='ocr_line' id='line_1_58' title="bbox 324 3658 1900 3736; baseline -0.004 -17"><span class='ocrx_word' id='word_1_424' title='bbox 324 3682 492 3736; x_wconf 87' lang='lat' dir='ltr'><strong>qttant</strong></span> <span class='ocrx_word' id='word_1_425' title='bbox 542 3664 789 3735; x_wconf 87' lang='lat' dir='ltr'><strong>apposite</strong></span> <span class='ocrx_word' id='word_1_426' title='bbox 855 3664 1009 3718; x_wconf 89' lang='lat' dir='ltr'><strong>hisce</strong></span> <span class='ocrx_word' id='word_1_427' title='bbox 1065 3663 1244 3717; x_wconf 88' lang='lat' dir='ltr'><strong>verbis</strong></span> <span class='ocrx_word' id='word_1_428' title='bbox 1304 3676 1399 3716; x_wconf 89' lang='lat' dir='ltr'><strong>usa</strong></span> <span class='ocrx_word' id='word_1_429' title='bbox 1458 3660 1531 3716; x_wconf 89' lang='lat' dir='ltr'><strong>sit</strong></span> <span class='ocrx_word' id='word_1_430' title='bbox 1582 3658 1900 3729; x_wconf 89' lang='lat' dir='ltr'><strong>Scriptura:</strong></span> 
     </span>
    </p>
   </div>
   <div class='ocr_carea' id='block_1_59' title="bbox 324 3752 1902 3827">
    <p class='ocr_par' dir='ltr' id='par_1_59' title="bbox 324 3752 1902 3827">
     <span class='ocr_line' id='line_1_59' title="bbox 324 3752 1902 3827; baseline -0.004 -16"><span class='ocrx_word' id='word_1_431' title='bbox 324 3756 765 3827; x_wconf 86' lang='lat' dir='ltr'><strong>quandoquidem</strong></span> <span class='ocrx_word' id='word_1_432' title='bbox 805 3754 1096 3810; x_wconf 90' lang='lat' dir='ltr'><strong>dictionem</strong></span> <span class='ocrx_word' id='word_1_433' title='bbox 1126 3755 1342 3822; x_wconf 83' lang='lat' dir='ltr'><strong>utrique</strong></span> <span class='ocrx_word' id='word_1_434' title='bbox 1374 3752 1450 3807; x_wconf 88' lang='lat' dir='ltr'><strong>rei</strong></span> <span class='ocrx_word' id='word_1_435' title='bbox 1490 3752 1902 3809; x_wconf 86' lang='lat' dir='ltr'><strong>convenientem</strong></span> 
     </span>
    </p>
   </div>
   <div class='ocr_carea' id='block_1_60' title="bbox 325 3844 1906 3918">
    <p class='ocr_par' dir='ltr' id='par_1_60' title="bbox 325 3844 1906 3918">
     <span class='ocr_line' id='line_1_60' title="bbox 325 3844 1906 3918; baseline -0.006 -14"><span class='ocrx_word' id='word_1_436' title='bbox 325 3848 676 3918; x_wconf 77' lang='lat' dir='ltr'><strong>excogitavit.</strong></span> <span class='ocrx_word' id='word_1_437' title='bbox 710 3845 922 3901; x_wconf 76' lang='lat' dir='ltr'><strong>leum</strong></span> <span class='ocrx_word' id='word_1_438' title='bbox 948 3848 1092 3900; x_wconf 86' lang='lat' dir='ltr'><strong>enim</strong></span> <span class='ocrx_word' id='word_1_439' title='bbox 1120 3854 1171 3900; x_wconf 89' lang='lat' dir='ltr'><strong>et</strong></span> <span class='ocrx_word' id='word_1_440' title='bbox 1192 3854 1337 3900; x_wconf 86' lang='lat' dir='ltr'><strong>terra</strong></span> <span class='ocrx_word' id='word_1_441' title='bbox 1358 3844 1513 3898; x_wconf 91' lang='lat' dir='ltr'><strong>nobis</strong></span> <span class='ocrx_word' id='word_1_442' title='bbox 1531 3852 1906 3913; x_wconf 89' lang='lat' dir='ltr'><strong>proponuntur</strong></span> 
     </span>
    </p>
   </div>
   <div class='ocr_carea' id='block_1_61' title="bbox 327 3933 1904 4007">
    <p class='ocr_par' dir='ltr' id='par_1_61' title="bbox 327 3933 1904 4007">
     <span class='ocr_line' id='line_1_61' title="bbox 327 3933 1904 4007; baseline -0.003 -16"><span class='ocrx_word' id='word_1_443' title='bbox 327 3937 765 4007; x_wconf 75' lang='lat' dir='ltr'><strong>contemplanda.</strong></span> <span class='ocrx_word' id='word_1_444' title='bbox 799 3937 940 3991; x_wconf 88' lang='lat' dir='ltr'><strong>Dicit</strong></span> <span class='ocrx_word' id='word_1_445' title='bbox 963 3938 1180 4006; x_wconf 88' lang='lat' dir='ltr'><strong>quidem</strong></span> <span class='ocrx_word' id='word_1_446' title='bbox 1217 3936 1285 3991; x_wconf 89' lang='lat' dir='ltr'><strong>de</strong></span> <span class='ocrx_word' id='word_1_447' title='bbox 1342 3936 1501 4002; x_wconf 68' lang='lat' dir='ltr'><strong>caelo,</strong></span> <span class='ocrx_word' id='word_1_448' title='bbox 1535 3933 1828 4001; x_wconf 82' lang='lat' dir='ltr'><strong>Respicient</strong></span> <span class='ocrx_word' id='word_1_449' title='bbox 1850 3935 1904 3986; x_wconf 84' lang='lat' dir='ltr'><strong>in</strong></span> 
     </span>
    </p>
   </div>
   <div class='ocr_carea' id='block_1_62' title="bbox 330 4026 1904 4094">
    <p class='ocr_par' dir='ltr' id='par_1_62' title="bbox 330 4026 1904 4094">
     <span class='ocr_line' id='line_1_62' title="bbox 330 4026 1904 4094; baseline -0.004 -10"><span class='ocrx_word' id='word_1_450' title='bbox 330 4029 516 4084; x_wconf 72' lang='lat' dir='ltr'><strong>omium</strong></span> <span class='ocrx_word' id='word_1_451' title='bbox 552 4044 762 4082; x_wconf 80' lang='lat' dir='ltr'><strong>sursum</strong></span> <span class='ocrx_word' id='word_1_452' title='bbox 786 4044 806 4094; x_wconf 85' lang='lat'><em>;</em></span> <span class='ocrx_word' id='word_1_453' title='bbox 835 4029 902 4082; x_wconf 89' lang='lat' dir='ltr'><strong>de</strong></span> <span class='ocrx_word' id='word_1_454' title='bbox 932 4037 1074 4080; x_wconf 86' lang='lat' dir='ltr'><strong>terra</strong></span> <span class='ocrx_word' id='word_1_455' title='bbox 1102 4036 1281 4081; x_wconf 75' lang='lat' dir='ltr'><strong>autem</strong></span> <span class='ocrx_word' id='word_1_456' title='bbox 1313 4026 1573 4094; x_wconf 82' lang='lat' dir='ltr'><strong>Aspicient</strong></span> <span class='ocrx_word' id='word_1_457' title='bbox 1618 4026 1673 4078; x_wconf 86' lang='lat' dir='ltr'><strong>in</strong></span> <span class='ocrx_word' id='word_1_458' title='bbox 1712 4035 1904 4079; x_wconf 85' lang='lat' dir='ltr'><strong>terram</strong></span> 
     </span>
    </p>
   </div>
   <div class='ocr_carea' id='block_1_63' title="bbox 330 4117 1905 4195">
    <p class='ocr_par' dir='ltr' id='par_1_63' title="bbox 330 4117 1905 4195">
     <span class='ocr_line' id='line_1_63' title="bbox 330 4117 1905 4195; baseline -0.004 -21"><span class='ocrx_word' id='word_1_459' title='bbox 330 4123 597 4175; x_wconf 80' lang='lat' dir='ltr'><strong>deorsum.</strong></span> <span class='ocrx_word' id='word_1_460' title='bbox 628 4118 834 4174; x_wconf 89' lang='lat' dir='ltr'><strong>Deinde</strong></span> <span class='ocrx_word' id='word_1_461' title='bbox 858 4133 967 4187; x_wconf 73' lang='lat' dir='ltr'><strong>pra:</strong></span> <span class='ocrx_word' id='word_1_462' title='bbox 994 4117 1353 4172; x_wconf 88' lang='lat' dir='ltr'><strong>admiratione</strong></span> <span class='ocrx_word' id='word_1_463' title='bbox 1407 4124 1681 4169; x_wconf 88' lang='lat' dir='ltr'><strong>tantarum</strong></span> <span class='ocrx_word' id='word_1_464' title='bbox 1725 4130 1905 4195; x_wconf 83' lang='lat' dir='ltr'><strong>rerum</strong></span> 
     </span>
    </p>
   </div>
   <div class='ocr_carea' id='block_1_64' title="bbox 328 4204 1906 4281">
    <p class='ocr_par' dir='ltr' id='par_1_64' title="bbox 328 4204 1906 4281">
     <span class='ocr_line' id='line_1_64' title="bbox 328 4204 1906 4281; baseline -0.005 -14"><span class='ocrx_word' id='word_1_465' title='bbox 328 4213 677 4281; x_wconf 86' lang='lat' dir='ltr'><strong>cognitarum</strong></span> <span class='ocrx_word' id='word_1_466' title='bbox 706 4212 893 4278; x_wconf 85' lang='lat' dir='ltr'><strong>inopes</strong></span> <span class='ocrx_word' id='word_1_467' title='bbox 925 4218 1051 4264; x_wconf 91' lang='lat' dir='ltr'><strong>sunt</strong></span> <span class='ocrx_word' id='word_1_468' title='bbox 1081 4208 1292 4264; x_wconf 90' lang='lat' dir='ltr'><strong>consilii</strong></span> <span class='ocrx_word' id='word_1_469' title='bbox 1313 4246 1330 4270; x_wconf 90' lang='lat'><strong>,</strong></span> <span class='ocrx_word' id='word_1_470' title='bbox 1369 4207 1812 4275; x_wconf 86' lang='lat' dir='ltr'><strong>adducenturque</strong></span> <span class='ocrx_word' id='word_1_471' title='bbox 1838 4204 1906 4259; x_wconf 86' lang='lat' dir='ltr'><strong>ad</strong></span> 
     </span>
    </p>
   </div>
   <div class='ocr_carea' id='block_1_65' title="bbox 329 4298 1906 4375">
    <p class='ocr_par' dir='ltr' id='par_1_65' title="bbox 329 4298 1906 4375">
     <span class='ocr_line' id='line_1_65' title="bbox 329 4298 1906 4375; baseline -0.006 -15"><span class='ocrx_word' id='word_1_472' title='bbox 329 4307 633 4375; x_wconf 83' lang='lat' dir='ltr'><strong>angustias,</strong></span> <span class='ocrx_word' id='word_1_473' title='bbox 659 4313 713 4358; x_wconf 89' lang='lat' dir='ltr'><strong>et</strong></span> <span class='ocrx_word' id='word_1_474' title='bbox 746 4310 926 4358; x_wconf 87' lang='lat' dir='ltr'><strong>mente</strong></span> <span class='ocrx_word' id='word_1_475' title='bbox 958 4299 1417 4366; x_wconf 83' lang='lat' dir='ltr'><strong>obcaecabuntur;</strong></span> <span class='ocrx_word' id='word_1_476' title='bbox 1452 4313 1574 4353; x_wconf 87' lang='lat' dir='ltr'><strong>cum</strong></span> <span class='ocrx_word' id='word_1_477' title='bbox 1595 4307 1786 4368; x_wconf 88' lang='lat' dir='ltr'><strong>stupor</strong></span> <span class='ocrx_word' id='word_1_478' title='bbox 1814 4298 1906 4367; x_wconf 91' lang='lat' dir='ltr'><strong>qui</strong></span> 
     </span>
    </p>
   </div>
   <div class='ocr_carea' id='block_1_66' title="bbox 2075 2190 3595 2267">
    <p class='ocr_par' dir='ltr' id='par_1_66' title="bbox 2075 2190 3595 2267">
     <span class='ocr_line' id='line_1_66' title="bbox 2075 2190 3595 2267; baseline 0.007 -23"><span class='ocrx_word' id='word_1_479' title='bbox 2075 2190 2202 2245; x_wconf 73' lang='grc'>222.</span> <span class='ocrx_word' id='word_1_480' title='bbox 2245 2193 2357 2246; x_wconf 78' lang='lat' dir='ltr'><strong>Kal</strong></span> <span class='ocrx_word' id='word_1_481' title='bbox 2389 2194 2832 2264; x_wconf 70' lang='grc' dir='ltr'>ἀναϐλέψονται</span> <span class='ocrx_word' id='word_1_482' title='bbox 2872 2200 2958 2264; x_wconf 80' lang='grc' dir='ltr'>εἱς</span> <span class='ocrx_word' id='word_1_483' title='bbox 2994 2196 3103 2251; x_wconf 75' lang='grc' dir='ltr'><strong>τὸν</strong></span> <span class='ocrx_word' id='word_1_484' title='bbox 3134 2199 3393 2267; x_wconf 69' lang='grc' dir='ltr'>οἰφανὸν</span> <span class='ocrx_word' id='word_1_485' title='bbox 3434 2200 3595 2267; x_wconf 74' lang='grc' dir='ltr'>ἄνω,</span> 
     </span>
    </p>
   </div>
   <div class='ocr_carea' id='block_1_67' title="bbox 2005 2283 3592 2358">
    <p class='ocr_par' dir='ltr' id='par_1_67' title="bbox 2005 2283 3592 2358">
     <span class='ocr_line' id='line_1_67' title="bbox 2005 2283 3592 2358; baseline 0.007 -23"><span class='ocrx_word' id='word_1_486' title='bbox 2005 2283 2104 2335; x_wconf 85' lang='grc' dir='ltr'>καὶ</span> <span class='ocrx_word' id='word_1_487' title='bbox 2156 2285 2244 2349; x_wconf 74' lang='grc' dir='ltr'>εἰς</span> <span class='ocrx_word' id='word_1_488' title='bbox 2277 2284 2393 2353; x_wconf 81' lang='grc' dir='ltr'><strong>τὴν</strong></span> <span class='ocrx_word' id='word_1_489' title='bbox 2435 2285 2555 2354; x_wconf 71' lang='grc' dir='ltr'><strong>γῆν</strong></span> <span class='ocrx_word' id='word_1_490' title='bbox 2602 2285 2759 2340; x_wconf 76' lang='grc' dir='ltr'>κάτω</span> <span class='ocrx_word' id='word_1_491' title='bbox 2814 2289 3212 2358; x_wconf 67' lang='grc' dir='ltr'>ἐμϐλέψονται</span> <span class='ocrx_word' id='word_1_492' title='bbox 3237 2307 3250 2320; x_wconf 91' lang='grc'><strong>·</strong></span> <span class='ocrx_word' id='word_1_493' title='bbox 3292 2292 3392 2345; x_wconf 81' lang='grc' dir='ltr'>καὶ</span> <span class='ocrx_word' id='word_1_494' title='bbox 3451 2291 3592 2346; x_wconf 71' lang='grc' dir='ltr'>ἰδοὺ</span> 
     </span>
    </p>
   </div>
   <div class='ocr_carea' id='block_1_68' title="bbox 2004 2374 3586 2450">
    <p class='ocr_par' dir='ltr' id='par_1_68' title="bbox 2004 2374 3586 2450">
     <span class='ocr_line' id='line_1_68' title="bbox 2004 2374 3586 2450; baseline 0.008 -24"><span class='ocrx_word' id='word_1_495' title='bbox 2004 2374 2222 2441; x_wconf 78' lang='grc' dir='ltr'>ἀπορία</span> <span class='ocrx_word' id='word_1_496' title='bbox 2252 2377 2463 2443; x_wconf 79' lang='grc' dir='ltr'>στενὴ,</span> <span class='ocrx_word' id='word_1_497' title='bbox 2496 2377 2597 2430; x_wconf 77' lang='grc' dir='ltr'>καὶ</span> <span class='ocrx_word' id='word_1_498' title='bbox 2627 2381 2868 2445; x_wconf 76' lang='grc' dir='ltr'>σκότος,</span> <span class='ocrx_word' id='word_1_499' title='bbox 2890 2380 3046 2434; x_wconf 77' lang='grc' dir='ltr'>ὥστε</span> <span class='ocrx_word' id='word_1_500' title='bbox 3059 2381 3145 2450; x_wconf 77' lang='grc' dir='ltr'>μὴ</span> <span class='ocrx_word' id='word_1_501' title='bbox 3168 2382 3455 2447; x_wconf 75' lang='grc' dir='ltr'><strong>βλέπειν·</strong></span> <span class='ocrx_word' id='word_1_502' title='bbox 3478 2386 3586 2439; x_wconf 71' lang='grc' dir='ltr'>καὶ</span> 
     </span>
    </p>
   </div>
   <div class='ocr_carea' id='block_1_69' title="bbox 2002 2463 3592 2539">
    <p class='ocr_par' dir='ltr' id='par_1_69' title="bbox 2002 2463 3592 2539">
     <span class='ocr_line' id='line_1_69' title="bbox 2002 2463 3592 2539; baseline 0.008 -25"><span class='ocrx_word' id='word_1_503' title='bbox 2002 2463 2113 2515; x_wconf 72' lang='grc' dir='ltr'>οὐκ</span> <span class='ocrx_word' id='word_1_504' title='bbox 2157 2463 2601 2533; x_wconf 78' lang='grc' dir='ltr'>ἀπορηθήσεται</span> <span class='ocrx_word' id='word_1_505' title='bbox 2642 2467 2719 2537; x_wconf 87' lang='grc'><strong>(7)</strong></span> <span class='ocrx_word' id='word_1_506' title='bbox 2761 2471 2794 2521; x_wconf 85' lang='grc' dir='ltr'><strong>ό</strong></span> <span class='ocrx_word' id='word_1_507' title='bbox 2824 2468 2895 2521; x_wconf 80' lang='grc' dir='ltr'>ἐν</span> <span class='ocrx_word' id='word_1_508' title='bbox 2944 2472 3313 2538; x_wconf 75' lang='grc' dir='ltr'>στενοχωρίᾳ</span> <span class='ocrx_word' id='word_1_509' title='bbox 3355 2471 3441 2525; x_wconf 75' lang='grc' dir='ltr'>ὢν</span> <span class='ocrx_word' id='word_1_510' title='bbox 3469 2473 3592 2539; x_wconf 81' lang='grc' dir='ltr'>ἕως</span> 
     </span>
    </p>
   </div>
   <div class='ocr_carea' id='block_1_70' title="bbox 2007 2554 3589 2635">
    <p class='ocr_par' dir='ltr' id='par_1_70' title="bbox 2007 2554 3589 2635">
     <span class='ocr_line' id='line_1_70' title="bbox 2007 2554 3589 2635; baseline 0.008 -29"><span class='ocrx_word' id='word_1_511' title='bbox 2007 2554 2231 2621; x_wconf 76' lang='grc' dir='ltr'>καιροῦ.</span> <span class='ocrx_word' id='word_1_512' title='bbox 2266 2556 2400 2627; x_wconf 69' lang='grc' dir='ltr'>Περὶ</span> <span class='ocrx_word' id='word_1_513' title='bbox 2421 2559 2622 2612; x_wconf 81' lang='grc' dir='ltr'>τούτων</span> <span class='ocrx_word' id='word_1_514' title='bbox 2655 2560 2809 2630; x_wconf 68' lang='grc' dir='ltr'>φησι,</span> <span class='ocrx_word' id='word_1_515' title='bbox 2846 2559 2955 2614; x_wconf 83' lang='grc' dir='ltr'>τῶν</span> <span class='ocrx_word' id='word_1_516' title='bbox 2980 2560 3067 2614; x_wconf 82' lang='grc' dir='ltr'><strong>διά</strong></span> <span class='ocrx_word' id='word_1_517' title='bbox 3095 2562 3192 2632; x_wconf 78' lang='grc' dir='ltr'>τὴν</span> <span class='ocrx_word' id='word_1_518' title='bbox 3219 2564 3589 2635; x_wconf 77' lang='grc' dir='ltr'>στενοχωρίαν</span> 
     </span>
    </p>
   </div>
   <div class='ocr_carea' id='block_1_71' title="bbox 2007 2646 3590 2723">
    <p class='ocr_par' dir='ltr' id='par_1_71' title="bbox 2007 2646 3590 2723">
     <span class='ocr_line' id='line_1_71' title="bbox 2007 2646 3590 2723; baseline 0.008 -27"><span class='ocrx_word' id='word_1_519' title='bbox 2007 2646 2086 2707; x_wconf 86' lang='grc' dir='ltr'>εἰς</span> <span class='ocrx_word' id='word_1_520' title='bbox 2120 2647 2411 2716; x_wconf 83' lang='grc' dir='ltr'>μετάνοιαν</span> <span class='ocrx_word' id='word_1_521' title='bbox 2440 2650 2771 2720; x_wconf 82' lang='grc' dir='ltr'>ὲναχθέντων</span> <span class='ocrx_word' id='word_1_522' title='bbox 2821 2650 2916 2721; x_wconf 87' lang='grc'>(8),</span> <span class='ocrx_word' id='word_1_523' title='bbox 2948 2651 3032 2704; x_wconf 84' lang='grc' dir='ltr'>ὅτι</span> <span class='ocrx_word' id='word_1_524' title='bbox 3064 2654 3454 2723; x_wconf 59' lang='grc' dir='ltr'>ἀναϐλέῲονται</span> <span class='ocrx_word' id='word_1_525' title='bbox 3501 2658 3590 2718; x_wconf 86' lang='grc' dir='ltr'>εἰς</span> 
     </span>
    </p>
   </div>
   <div class='ocr_carea' id='block_1_72' title="bbox 2002 2739 3591 2813">
    <p class='ocr_par' dir='ltr' id='par_1_72' title="bbox 2002 2739 3591 2813">
     <span class='ocr_line' id='line_1_72' title="bbox 2002 2739 3591 2813; baseline 0.007 -23"><span class='ocrx_word' id='word_1_526' title='bbox 2002 2739 2094 2791; x_wconf 78' lang='grc' dir='ltr'>τὸν</span> <span class='ocrx_word' id='word_1_527' title='bbox 2128 2739 2354 2809; x_wconf 76' lang='grc' dir='ltr'>οὐρανὸν</span> <span class='ocrx_word' id='word_1_528' title='bbox 2391 2741 2520 2794; x_wconf 82' lang='grc' dir='ltr'>ἄνω.</span> <span class='ocrx_word' id='word_1_529' title='bbox 2550 2742 2613 2793; x_wconf 82' lang='lat' dir='ltr'><strong>0i</strong></span> <span class='ocrx_word' id='word_1_530' title='bbox 2644 2742 2905 2813; x_wconf 83' lang='grc' dir='ltr'>πρότερον</span> <span class='ocrx_word' id='word_1_531' title='bbox 2947 2744 3365 2812; x_wconf 82' lang='grc' dir='ltr'>συγκύπτοντες,</span> <span class='ocrx_word' id='word_1_532' title='bbox 3396 2749 3494 2800; x_wconf 75' lang='grc' dir='ltr'>καὶ</span> <span class='ocrx_word' id='word_1_533' title='bbox 3518 2748 3591 2801; x_wconf 82' lang='grc' dir='ltr'>οὐ</span> 
     </span>
    </p>
   </div>
   <div class='ocr_carea' id='block_1_73' title="bbox 2002 2831 3595 2910">
    <p class='ocr_par' dir='ltr' id='par_1_73' title="bbox 2002 2831 3595 2910">
     <span class='ocr_line' id='line_1_73' title="bbox 2002 2831 3595 2910; baseline 0.006 -26"><span class='ocrx_word' id='word_1_534' title='bbox 2002 2831 2291 2903; x_wconf 83' lang='grc' dir='ltr'>δυνάμενοι</span> <span class='ocrx_word' id='word_1_535' title='bbox 2314 2833 2381 2886; x_wconf 86' lang='grc' dir='ltr'>τὰ</span> <span class='ocrx_word' id='word_1_536' title='bbox 2404 2833 2581 2903; x_wconf 69' lang='grc' dir='ltr'>ὑψηλά</span> <span class='ocrx_word' id='word_1_537' title='bbox 2614 2839 2894 2891; x_wconf 83' lang='grc' dir='ltr'>κατανοεῖν</span> <span class='ocrx_word' id='word_1_538' title='bbox 2940 2836 3047 2890; x_wconf 73' lang='grc' dir='ltr'><strong>τῶν</strong></span> <span class='ocrx_word' id='word_1_539' title='bbox 3095 2837 3253 2890; x_wconf 88' lang='grc' dir='ltr'>θείων</span> <span class='ocrx_word' id='word_1_540' title='bbox 3287 2838 3595 2910; x_wconf 82' lang='grc' dir='ltr'>θεωρημά-</span> 
     </span>
    </p>
   </div>
   <div class='ocr_carea' id='block_1_74' title="bbox 2002 2916 3593 3001">
    <p class='ocr_par' dir='ltr' id='par_1_74' title="bbox 2002 2916 3593 3001">
     <span class='ocr_line' id='line_1_74' title="bbox 2002 2916 3593 3001; baseline 0.006 -24"><span class='ocrx_word' id='word_1_541' title='bbox 2002 2942 2131 2987; x_wconf 88' lang='grc' dir='ltr'>των,</span> <span class='ocrx_word' id='word_1_542' title='bbox 2168 2916 2335 2991; x_wconf 73' lang='grc' dir='ltr'>οὗτοι,</span> <span class='ocrx_word' id='word_1_543' title='bbox 2389 2924 2576 2999; x_wconf 83' lang='grc' dir='ltr'>ὥσπερ</span> <span class='ocrx_word' id='word_1_544' title='bbox 2617 2927 2724 2980; x_wconf 81' lang='grc' dir='ltr'><strong>ἀπὸ</strong></span> <span class='ocrx_word' id='word_1_545' title='bbox 2774 2927 2975 2999; x_wconf 83' lang='grc' dir='ltr'>δεσμοῦ</span> <span class='ocrx_word' id='word_1_546' title='bbox 3008 2945 3176 2996; x_wconf 88' lang='grc' dir='ltr'>τινος,</span> <span class='ocrx_word' id='word_1_547' title='bbox 3216 2930 3315 3000; x_wconf 82' lang='grc' dir='ltr'>τῆς</span> <span class='ocrx_word' id='word_1_548' title='bbox 3345 2931 3483 3001; x_wconf 83' lang='grc' dir='ltr'>πρὸς</span> <span class='ocrx_word' id='word_1_549' title='bbox 3512 2933 3593 2988; x_wconf 83' lang='grc' dir='ltr'>τὰ</span> 
     </span>
    </p>
   </div>
   <div class='ocr_carea' id='block_1_75' title="bbox 2003 3018 3593 3091">
    <p class='ocr_par' dir='ltr' id='par_1_75' title="bbox 2003 3018 3593 3091">
     <span class='ocr_line' id='line_1_75' title="bbox 2003 3018 3593 3091; baseline 0.005 -21"><span class='ocrx_word' id='word_1_550' title='bbox 2003 3018 2167 3088; x_wconf 83' lang='grc' dir='ltr'>γήινα</span> <span class='ocrx_word' id='word_1_551' title='bbox 2216 3018 2561 3089; x_wconf 83' lang='grc' dir='ltr'>συμπαθείας</span> <span class='ocrx_word' id='word_1_552' title='bbox 2621 3018 2890 3083; x_wconf 81' lang='grc' dir='ltr'>λυθέντες,</span> <span class='ocrx_word' id='word_1_553' title='bbox 2934 3020 3218 3091; x_wconf 76' lang='grc' dir='ltr'>ἐλεύθερον</span> <span class='ocrx_word' id='word_1_554' title='bbox 3265 3023 3478 3075; x_wconf 76' lang='grc' dir='ltr'>ἑαυτῶν</span> <span class='ocrx_word' id='word_1_555' title='bbox 3527 3024 3593 3078; x_wconf 79' lang='grc' dir='ltr'>τὸ</span> 
     </span>
    </p>
   </div>
   <div class='ocr_carea' id='block_1_76' title="bbox 2003 3107 3595 3182">
    <p class='ocr_par' dir='ltr' id='par_1_76' title="bbox 2003 3107 3595 3182">
     <span class='ocr_line' id='line_1_76' title="bbox 2003 3107 3595 3182; baseline 0.004 -22"><span class='ocrx_word' id='word_1_556' title='bbox 2003 3107 2157 3178; x_wconf 73' lang='grc' dir='ltr'>ὄμμα</span> <span class='ocrx_word' id='word_1_557' title='bbox 2183 3110 2318 3179; x_wconf 86' lang='grc' dir='ltr'>πρὸς</span> <span class='ocrx_word' id='word_1_558' title='bbox 2342 3109 2568 3180; x_wconf 76' lang='grc' dir='ltr'>οὐρανὸν</span> <span class='ocrx_word' id='word_1_559' title='bbox 2615 3109 2950 3179; x_wconf 80' lang='grc' dir='ltr'>περιάξουσι,</span> <span class='ocrx_word' id='word_1_560' title='bbox 2985 3108 3316 3181; x_wconf 74' lang='grc' dir='ltr'>θεωροῦντες</span> <span class='ocrx_word' id='word_1_561' title='bbox 3349 3111 3448 3182; x_wconf 75' lang='grc' dir='ltr'>τὴν</span> <span class='ocrx_word' id='word_1_562' title='bbox 3475 3112 3595 3166; x_wconf 83' lang='grc' dir='ltr'>τῶν</span> 
     </span>
    </p>
   </div>
   <div class='ocr_carea' id='block_1_77' title="bbox 2004 3199 3597 3269">
    <p class='ocr_par' dir='ltr' id='par_1_77' title="bbox 2004 3199 3597 3269">
     <span class='ocr_line' id='line_1_77' title="bbox 2004 3199 3597 3269; baseline 0.002 -16"><span class='ocrx_word' id='word_1_563' title='bbox 2004 3201 2251 3269; x_wconf 82' lang='grc' dir='ltr'>ἀοράτων</span> <span class='ocrx_word' id='word_1_564' title='bbox 2280 3201 2375 3254; x_wconf 75' lang='grc' dir='ltr'>καὶ</span> <span class='ocrx_word' id='word_1_565' title='bbox 2409 3199 2614 3269; x_wconf 81' lang='grc' dir='ltr'>νοητῶν</span> <span class='ocrx_word' id='word_1_566' title='bbox 2641 3201 2709 3268; x_wconf 68' lang='grc' dir='ltr'><strong>φύ</strong></span> <span class='ocrx_word' id='word_1_567' title='bbox 2720 3218 2821 3264; x_wconf 85' lang='grc' dir='ltr'>σιν,</span> <span class='ocrx_word' id='word_1_568' title='bbox 2854 3201 2947 3253; x_wconf 76' lang='grc' dir='ltr'>καὶ</span> <span class='ocrx_word' id='word_1_569' title='bbox 2972 3202 3362 3264; x_wconf 79' lang='grc' dir='ltr'>κατανοοῦντες</span> <span class='ocrx_word' id='word_1_570' title='bbox 3385 3202 3479 3255; x_wconf 79' lang='grc' dir='ltr'>τὸν</span> <span class='ocrx_word' id='word_1_571' title='bbox 3500 3204 3597 3256; x_wconf 86' lang='grc' dir='ltr'>τό-</span> 
     </span>
    </p>
   </div>
   <div class='ocr_carea' id='block_1_78' title="bbox 2004 3290 3596 3362">
    <p class='ocr_par' dir='ltr' id='par_1_78' title="bbox 2004 3290 3596 3362">
     <span class='ocr_line' id='line_1_78' title="bbox 2004 3290 3596 3362; baseline 0.001 -17"><span class='ocrx_word' id='word_1_572' title='bbox 2004 3309 2106 3345; x_wconf 86' lang='grc' dir='ltr'><strong>πον</strong></span> <span class='ocrx_word' id='word_1_573' title='bbox 2162 3293 2296 3345; x_wconf 83' lang='grc' dir='ltr'>ὅπου</span> <span class='ocrx_word' id='word_1_574' title='bbox 2335 3291 2517 3362; x_wconf 79' lang='grc' dir='ltr'>δεήσει</span> <span class='ocrx_word' id='word_1_575' title='bbox 2548 3292 2637 3344; x_wconf 69' lang='grc' dir='ltr'>τὸν</span> <span class='ocrx_word' id='word_1_576' title='bbox 2687 3291 2957 3362; x_wconf 80' lang='grc' dir='ltr'>θησαυρὸν</span> <span class='ocrx_word' id='word_1_577' title='bbox 3014 3291 3387 3347; x_wconf 83' lang='grc' dir='ltr'>ἀποτίθεσθαι.</span> <span class='ocrx_word' id='word_1_578' title='bbox 3454 3290 3596 3347; x_wconf 69' lang='grc' dir='ltr'>Εἶτα</span> 
     </span>
    </p>
   </div>
   <div class='ocr_carea' id='block_1_79' title="bbox 2016 3381 3595 3455">
    <p class='ocr_par' dir='ltr' id='par_1_79' title="bbox 2016 3381 3595 3455">
     <span class='ocr_line' id='line_1_79' title="bbox 2016 3381 3595 3455; baseline -0.001 -17"><span class='ocrx_word' id='word_1_579' title='bbox 2016 3383 2450 3453; x_wconf 74' lang='grc' dir='ltr'>Ἐμϐλὲψονται</span> <span class='ocrx_word' id='word_1_580' title='bbox 2481 3386 2570 3449; x_wconf 81' lang='grc' dir='ltr'>εὶς</span> <span class='ocrx_word' id='word_1_581' title='bbox 2603 3382 2715 3450; x_wconf 77' lang='grc' dir='ltr'>τὴν</span> <span class='ocrx_word' id='word_1_582' title='bbox 2755 3381 2873 3451; x_wconf 73' lang='grc' dir='ltr'><strong>γῆν</strong></span> <span class='ocrx_word' id='word_1_583' title='bbox 2901 3382 3076 3437; x_wconf 80' lang='grc' dir='ltr'>κάτω.</span> <span class='ocrx_word' id='word_1_584' title='bbox 3129 3384 3203 3436; x_wconf 80' lang='grc' dir='ltr'>Τὸ</span> <span class='ocrx_word' id='word_1_585' title='bbox 3243 3384 3459 3448; x_wconf 77' lang='grc' dir='ltr'>εὐτελὲς</span> <span class='ocrx_word' id='word_1_586' title='bbox 3488 3386 3595 3455; x_wconf 76' lang='grc' dir='ltr'>τῆς</span> 
     </span>
    </p>
   </div>
   <div class='ocr_carea' id='block_1_80' title="bbox 2005 3475 3594 3547">
    <p class='ocr_par' dir='ltr' id='par_1_80' title="bbox 2005 3475 3594 3547">
     <span class='ocr_line' id='line_1_80' title="bbox 2005 3475 3594 3547; baseline 0.001 -19"><span class='ocrx_word' id='word_1_587' title='bbox 2005 3475 2186 3529; x_wconf 77' lang='grc' dir='ltr'>αὐτῶν</span> <span class='ocrx_word' id='word_1_588' title='bbox 2216 3475 2430 3545; x_wconf 83' lang='grc' dir='ltr'>φύσεως</span> <span class='ocrx_word' id='word_1_589' title='bbox 2458 3477 2801 3546; x_wconf 80' lang='grc' dir='ltr'>ὲννοήσουσιν</span> <span class='ocrx_word' id='word_1_590' title='bbox 2824 3477 2889 3529; x_wconf 84' lang='grc' dir='ltr'>ὲκ</span> <span class='ocrx_word' id='word_1_591' title='bbox 2908 3477 3005 3547; x_wconf 78' lang='grc' dir='ltr'>τῆς</span> <span class='ocrx_word' id='word_1_592' title='bbox 3029 3476 3164 3546; x_wconf 84' lang='grc' dir='ltr'>πρὸς</span> <span class='ocrx_word' id='word_1_593' title='bbox 3186 3475 3285 3545; x_wconf 77' lang='grc' dir='ltr'>τὴν</span> <span class='ocrx_word' id='word_1_594' title='bbox 3316 3475 3423 3546; x_wconf 80' lang='grc' dir='ltr'><strong>γῆν</strong></span> <span class='ocrx_word' id='word_1_595' title='bbox 3454 3493 3594 3544; x_wconf 76' lang='grc' dir='ltr'><strong>συγ⁶</strong></span> 
     </span>
    </p>
   </div>
   <div class='ocr_carea' id='block_1_81' title="bbox 2005 3566 3593 3639">
    <p class='ocr_par' dir='ltr' id='par_1_81' title="bbox 2005 3566 3593 3639">
     <span class='ocr_line' id='line_1_81' title="bbox 2005 3566 3593 3639; baseline -0.001 -19"><span class='ocrx_word' id='word_1_596' title='bbox 2005 3567 2219 3636; x_wconf 88' lang='grc' dir='ltr'>γενείας</span> <span class='ocrx_word' id='word_1_597' title='bbox 2250 3569 2299 3620; x_wconf 84' lang='grc' dir='ltr'>οἱ</span> <span class='ocrx_word' id='word_1_598' title='bbox 2332 3567 2472 3631; x_wconf 82' lang='grc' dir='ltr'>τέως</span> <span class='ocrx_word' id='word_1_599' title='bbox 2505 3569 2802 3639; x_wconf 82' lang='grc' dir='ltr'>ἐπηρμένοι</span> <span class='ocrx_word' id='word_1_600' title='bbox 2837 3568 2930 3621; x_wconf 78' lang='grc' dir='ltr'>καὶ</span> <span class='ocrx_word' id='word_1_601' title='bbox 2981 3567 3123 3638; x_wconf 82' lang='grc' dir='ltr'>μέγα</span> <span class='ocrx_word' id='word_1_602' title='bbox 3157 3566 3481 3638; x_wconf 74' lang='grc' dir='ltr'>φρονοῦντες</span> <span class='ocrx_word' id='word_1_603' title='bbox 3502 3569 3593 3636; x_wconf 76' lang='grc' dir='ltr'><strong>ἐφ’</strong></span> 
     </span>
    </p>
   </div>
   <div class='ocr_carea' id='block_1_82' title="bbox 2006 3659 3595 3731">
    <p class='ocr_par' dir='ltr' id='par_1_82' title="bbox 2006 3659 3595 3731">
     <span class='ocr_line' id='line_1_82' title="bbox 2006 3659 3595 3731; baseline 0.001 -19"><span class='ocrx_word' id='word_1_604' title='bbox 2006 3661 2237 3721; x_wconf 80' lang='grc' dir='ltr'>ἑαυτοῖς.</span> <span class='ocrx_word' id='word_1_605' title='bbox 2258 3659 2550 3730; x_wconf 86' lang='grc' dir='ltr'>Θαύμασον</span> <span class='ocrx_word' id='word_1_606' title='bbox 2572 3659 2627 3712; x_wconf 85' lang='grc' dir='ltr'>δὲ</span> <span class='ocrx_word' id='word_1_607' title='bbox 2651 3659 2768 3723; x_wconf 83' lang='grc' dir='ltr'>πῶς</span> <span class='ocrx_word' id='word_1_608' title='bbox 2794 3659 3331 3731; x_wconf 83' lang='grc' dir='ltr'>παρατετηρημένως</span> <span class='ocrx_word' id='word_1_609' title='bbox 3354 3663 3475 3723; x_wconf 87' lang='grc' dir='ltr'>ταῖς</span> <span class='ocrx_word' id='word_1_610' title='bbox 3496 3660 3595 3713; x_wconf 67' lang='grc' dir='ltr'>λέσε</span> 
     </span>
    </p>
   </div>
   <div class='ocr_carea' id='block_1_83' title="bbox 2008 3744 3597 3820">
    <p class='ocr_par' dir='ltr' id='par_1_83' title="bbox 2008 3744 3597 3820">
     <span class='ocr_line' id='line_1_83' title="bbox 2008 3744 3597 3820; baseline -0.006 -18"><span class='ocrx_word' id='word_1_611' title='bbox 2008 3749 2153 3814; x_wconf 79' lang='grc' dir='ltr'>ξεσιν</span> <span class='ocrx_word' id='word_1_612' title='bbox 2181 3750 2503 3820; x_wconf 80' lang='grc' dir='ltr'>ὲχρήσατοή</span> <span class='ocrx_word' id='word_1_613' title='bbox 2534 3744 2747 3819; x_wconf 79' lang='grc' dir='ltr'>Γραφὴ,</span> <span class='ocrx_word' id='word_1_614' title='bbox 2779 3746 3127 3818; x_wconf 74' lang='grc' dir='ltr'>ἁρμόζουσαν</span> <span class='ocrx_word' id='word_1_615' title='bbox 3156 3747 3403 3816; x_wconf 85' lang='grc' dir='ltr'>ἑκατέρῳ</span> <span class='ocrx_word' id='word_1_616' title='bbox 3448 3747 3597 3817; x_wconf 57' lang='grc' dir='ltr'>πράς</span> 
     </span>
    </p>
   </div>
   <div class='ocr_carea' id='block_1_84' title="bbox 2005 3837 3595 3912">
    <p class='ocr_par' dir='ltr' id='par_1_84' title="bbox 2005 3837 3595 3912">
     <span class='ocr_line' id='line_1_84' title="bbox 2005 3837 3595 3912; baseline -0.003 -18"><span class='ocrx_word' id='word_1_617' title='bbox 2005 3858 2177 3912; x_wconf 83' lang='grc' dir='ltr'>γματι</span> <span class='ocrx_word' id='word_1_618' title='bbox 2203 3841 2537 3912; x_wconf 80' lang='grc' dir='ltr'>ὲπινοήσασα</span> <span class='ocrx_word' id='word_1_619' title='bbox 2561 3840 2659 3912; x_wconf 83' lang='grc' dir='ltr'>τὴν</span> <span class='ocrx_word' id='word_1_620' title='bbox 2689 3840 3013 3909; x_wconf 77' lang='grc' dir='ltr'>ὲκφώνησιν.</span> <span class='ocrx_word' id='word_1_621' title='bbox 3037 3838 3280 3909; x_wconf 71' lang='grc' dir='ltr'>Οὐρανὸς</span> <span class='ocrx_word' id='word_1_622' title='bbox 3316 3837 3426 3910; x_wconf 74' lang='grc' dir='ltr'>γάρ</span> <span class='ocrx_word' id='word_1_623' title='bbox 3453 3838 3595 3910; x_wconf 83' lang='grc' dir='ltr'>πρό-</span> 
     </span>
    </p>
   </div>
   <div class='ocr_carea' id='block_1_85' title="bbox 2006 3928 3593 4005">
    <p class='ocr_par' dir='ltr' id='par_1_85' title="bbox 2006 3928 3593 4005">
     <span class='ocr_line' id='line_1_85' title="bbox 2006 3928 3593 4005; baseline -0.001 -17"><span class='ocrx_word' id='word_1_624' title='bbox 2006 3951 2183 3988; x_wconf 80' lang='grc' dir='ltr'>κειται</span> <span class='ocrx_word' id='word_1_625' title='bbox 2205 3934 2285 3997; x_wconf 81' lang='grc' dir='ltr'><strong>εἰς</strong></span> <span class='ocrx_word' id='word_1_626' title='bbox 2314 3933 2565 4004; x_wconf 87' lang='grc' dir='ltr'>θεωρίαν,</span> <span class='ocrx_word' id='word_1_627' title='bbox 2591 3934 2684 3986; x_wconf 77' lang='grc' dir='ltr'>καὶ</span> <span class='ocrx_word' id='word_1_628' title='bbox 2713 3933 2803 4002; x_wconf 84' lang='grc' dir='ltr'><strong>γῆ.</strong></span> <span class='ocrx_word' id='word_1_629' title='bbox 2827 3933 2965 4004; x_wconf 73' lang='grc' dir='ltr'>Περὶ</span> <span class='ocrx_word' id='word_1_630' title='bbox 2988 3933 3084 4004; x_wconf 84' lang='grc' dir='ltr'>μὲν</span> <span class='ocrx_word' id='word_1_631' title='bbox 3109 3928 3201 3986; x_wconf 84' lang='grc' dir='ltr'>οὖν</span> <span class='ocrx_word' id='word_1_632' title='bbox 3227 3932 3320 3986; x_wconf 82' lang='grc' dir='ltr'>τοῦ</span> <span class='ocrx_word' id='word_1_633' title='bbox 3352 3931 3593 4005; x_wconf 78' lang='grc' dir='ltr'>οὐρανοῦ</span> 
     </span>
    </p>
   </div>
   <div class='ocr_carea' id='block_1_86' title="bbox 2005 4024 3593 4096">
    <p class='ocr_par' dir='ltr' id='par_1_86' title="bbox 2005 4024 3593 4096">
     <span class='ocr_line' id='line_1_86' title="bbox 2005 4024 3593 4096; baseline -0.001 -17"><span class='ocrx_word' id='word_1_634' title='bbox 2005 4026 2183 4095; x_wconf 80' lang='grc' dir='ltr'>λέγει·</span> <span class='ocrx_word' id='word_1_635' title='bbox 2233 4024 2699 4093; x_wconf 74' lang='grc' dir='ltr'>Ἀναϐλέψονται</span> <span class='ocrx_word' id='word_1_636' title='bbox 2725 4027 2813 4089; x_wconf 85' lang='grc' dir='ltr'>εὶς</span> <span class='ocrx_word' id='word_1_637' title='bbox 2842 4025 2948 4077; x_wconf 76' lang='grc' dir='ltr'><strong>τὸν</strong></span> <span class='ocrx_word' id='word_1_638' title='bbox 2983 4025 3242 4092; x_wconf 75' lang='grc' dir='ltr'>οὐρανὸν</span> <span class='ocrx_word' id='word_1_639' title='bbox 3272 4025 3395 4078; x_wconf 81' lang='grc' dir='ltr'>ἄνω</span> <span class='ocrx_word' id='word_1_640' title='bbox 3413 4042 3428 4056; x_wconf 89' lang='grc'><strong>·</strong></span> <span class='ocrx_word' id='word_1_641' title='bbox 3456 4026 3593 4096; x_wconf 77' lang='grc' dir='ltr'>περὶ</span> 
     </span>
    </p>
   </div>
   <div class='ocr_carea' id='block_1_87' title="bbox 2008 4115 3588 4190">
    <p class='ocr_par' dir='ltr' id='par_1_87' title="bbox 2008 4115 3588 4190">
     <span class='ocr_line' id='line_1_87' title="bbox 2008 4115 3588 4190; baseline -0.001 -19"><span class='ocrx_word' id='word_1_642' title='bbox 2008 4118 2065 4171; x_wconf 84' lang='grc' dir='ltr'>δὲ</span> <span class='ocrx_word' id='word_1_643' title='bbox 2089 4120 2187 4190; x_wconf 83' lang='grc' dir='ltr'>τῆς</span> <span class='ocrx_word' id='word_1_644' title='bbox 2235 4118 2337 4188; x_wconf 79' lang='grc' dir='ltr'>γῆς</span> <span class='ocrx_word' id='word_1_645' title='bbox 2360 4134 2373 4147; x_wconf 91' lang='grc'><strong>·</strong></span> <span class='ocrx_word' id='word_1_646' title='bbox 2435 4115 2860 4186; x_wconf 50' lang='lat' dir='ltr'><strong>nauseam;</strong></span> <span class='ocrx_word' id='word_1_647' title='bbox 2889 4116 2961 4186; x_wconf 81' lang='lat'>(9)</span> <span class='ocrx_word' id='word_1_648' title='bbox 3008 4118 3095 4180; x_wconf 79' lang='grc' dir='ltr'>εὶς</span> <span class='ocrx_word' id='word_1_649' title='bbox 3125 4116 3243 4183; x_wconf 75' lang='grc' dir='ltr'>τὴν</span> <span class='ocrx_word' id='word_1_650' title='bbox 3268 4116 3388 4183; x_wconf 75' lang='grc' dir='ltr'><strong>γῆν</strong></span> <span class='ocrx_word' id='word_1_651' title='bbox 3405 4115 3588 4170; x_wconf 72' lang='grc' dir='ltr'>κάτω.</span> 
     </span>
    </p>
   </div>
   <div class='ocr_carea' id='block_1_88' title="bbox 2011 4206 3593 4279">
    <p class='ocr_par' dir='ltr' id='par_1_88' title="bbox 2011 4206 3593 4279">
     <span class='ocr_line' id='line_1_88' title="bbox 2011 4206 3593 4279; baseline -0.003 -16"><span class='ocrx_word' id='word_1_652' title='bbox 2011 4206 2146 4263; x_wconf 80' lang='grc' dir='ltr'>Εἶτα</span> <span class='ocrx_word' id='word_1_653' title='bbox 2177 4209 2268 4262; x_wconf 75' lang='grc' dir='ltr'><strong>ἐπὶ</strong></span> <span class='ocrx_word' id='word_1_654' title='bbox 2291 4208 2368 4279; x_wconf 85' lang='grc' dir='ltr'>τῷ</span> <span class='ocrx_word' id='word_1_655' title='bbox 2402 4206 2637 4278; x_wconf 85' lang='grc' dir='ltr'>θαύματι</span> <span class='ocrx_word' id='word_1_656' title='bbox 2672 4206 2771 4277; x_wconf 80' lang='grc' dir='ltr'>τῆς</span> <span class='ocrx_word' id='word_1_657' title='bbox 2798 4206 2907 4260; x_wconf 85' lang='grc' dir='ltr'><strong>τῶν</strong></span> <span class='ocrx_word' id='word_1_658' title='bbox 2946 4207 3275 4278; x_wconf 83' lang='grc' dir='ltr'>τηλικούτων</span> <span class='ocrx_word' id='word_1_659' title='bbox 3317 4208 3593 4278; x_wconf 83' lang='grc' dir='ltr'>κατανοή-</span> 
     </span>
    </p>
   </div>
   <div class='ocr_carea' id='block_1_89' title="bbox 2011 4299 3593 4371">
    <p class='ocr_par' dir='ltr' id='par_1_89' title="bbox 2011 4299 3593 4371">
     <span class='ocr_line' id='line_1_89' title="bbox 2011 4299 3593 4371; baseline -0.001 -17"><span class='ocrx_word' id='word_1_660' title='bbox 2011 4318 2147 4364; x_wconf 85' lang='grc' dir='ltr'>σεως</span> <span class='ocrx_word' id='word_1_661' title='bbox 2179 4299 2529 4371; x_wconf 78' lang='grc' dir='ltr'>ἀποροῦνται,</span> <span class='ocrx_word' id='word_1_662' title='bbox 2565 4299 2659 4352; x_wconf 81' lang='grc' dir='ltr'>καὶ</span> <span class='ocrx_word' id='word_1_663' title='bbox 2691 4300 3281 4370; x_wconf 82' lang='grc' dir='ltr'>στενοχωρηθήσονται,</span> <span class='ocrx_word' id='word_1_664' title='bbox 3338 4301 3434 4353; x_wconf 84' lang='grc' dir='ltr'>καὶ</span> <span class='ocrx_word' id='word_1_665' title='bbox 3462 4316 3593 4353; x_wconf 81' lang='grc' dir='ltr'>σκο-</span> 
     </span>
    </p>
   </div>
   <div class='ocr_carea' id='block_1_90' title="bbox 329 4389 1903 4479">
    <p class='ocr_par' dir='ltr' id='par_1_90' title="bbox 329 4389 1903 4461">
     <span class='ocr_line' id='line_1_90' title="bbox 329 4389 1903 4461; baseline -0.006 -8"><span class='ocrx_word' id='word_1_666' title='bbox 329 4413 395 4453; x_wconf 75' lang='lat' dir='ltr'><strong>ex</strong></span> <span class='ocrx_word' id='word_1_667' title='bbox 431 4397 594 4452; x_wconf 82' lang='lat' dir='ltr'><strong>rebus</strong></span> <span class='ocrx_word' id='word_1_668' title='bbox 623 4393 915 4449; x_wconf 88' lang='lat' dir='ltr'><strong>intellectis</strong></span> <span class='ocrx_word' id='word_1_669' title='bbox 945 4393 1177 4455; x_wconf 88' lang='lat' dir='ltr'><strong>orietur,</strong></span> <span class='ocrx_word' id='word_1_670' title='bbox 1209 4390 1483 4461; x_wconf 82' lang='lat' dir='ltr'><strong>ingentem</strong></span> <span class='ocrx_word' id='word_1_671' title='bbox 1512 4389 1656 4443; x_wconf 82' lang='lat' dir='ltr'><strong>illam</strong></span> <span class='ocrx_word' id='word_1_672' title='bbox 1696 4389 1749 4443; x_wconf 90' lang='lat' dir='ltr'><strong>in</strong></span> <span class='ocrx_word' id='word_1_673' title='bbox 1776 4390 1903 4457; x_wconf 82' lang='lat' dir='ltr'><strong>ipsis</strong></span> 
     </span>
    </p>
   </div>
   <div class='ocr_carea' id='block_1_91' title="bbox 2031 4389 3589 4479">
    <p class='ocr_par' dir='ltr' id='par_1_91' title="bbox 2031 4389 3589 4462">
     <span class='ocr_line' id='line_1_91' title="bbox 2031 4389 3589 4462; baseline 0 -18"><span class='ocrx_word' id='word_1_674' title='bbox 2031 4390 2347 4462; x_wconf 78' lang='grc' dir='ltr'>εωθήσονται</span> <span class='ocrx_word' id='word_1_675' title='bbox 2371 4391 2470 4462; x_wconf 84' lang='grc' dir='ltr'>τὴν</span> <span class='ocrx_word' id='word_1_676' title='bbox 2499 4389 2760 4454; x_wconf 85' lang='grc' dir='ltr'>διάνοιαν,</span> <span class='ocrx_word' id='word_1_677' title='bbox 2791 4390 2892 4459; x_wconf 84' lang='grc' dir='ltr'>τῆς</span> <span class='ocrx_word' id='word_1_678' title='bbox 2918 4389 3010 4443; x_wconf 73' lang='grc' dir='ltr'><strong>ἐπὶ</strong></span> <span class='ocrx_word' id='word_1_679' title='bbox 3025 4393 3135 4454; x_wconf 88' lang='grc' dir='ltr'>τοῖς</span> <span class='ocrx_word' id='word_1_680' title='bbox 3162 4389 3589 4461; x_wconf 74' lang='grc' dir='ltr'>καταληφθεῖσιν</span> 
     </span>
    </p>
   </div>
   <div class='ocr_carea' id='block_1_92' title="bbox 331 4480 1902 4561">
    <p class='ocr_par' dir='ltr' id='par_1_92' title="bbox 331 4480 1902 4561">
     <span class='ocr_line' id='line_1_92' title="bbox 331 4480 1902 4561; baseline -0.007 -17"><span class='ocrx_word' id='word_1_681' title='bbox 331 4488 800 4561; x_wconf 70' lang='lat' dir='ltr'><strong>perturbationem</strong></span> <span class='ocrx_word' id='word_1_682' title='bbox 831 4485 1115 4540; x_wconf 77' lang='lat' dir='ltr'><strong>excitabit.</strong></span> <span class='ocrx_word' id='word_1_683' title='bbox 1166 4480 1299 4537; x_wconf 79' lang='lat' dir='ltr'><strong>Cum</strong></span> <span class='ocrx_word' id='word_1_684' title='bbox 1348 4483 1507 4545; x_wconf 85' lang='lat' dir='ltr'><strong>enim,</strong></span> <span class='ocrx_word' id='word_1_685' title='bbox 1552 4481 1902 4551; x_wconf 84' lang='lat' dir='ltr'><strong>iuquit,con-</strong></span> 
     </span>
    </p>
   </div>
   <div class='ocr_carea' id='block_1_93' title="bbox 330 4573 1907 4643">
    <p class='ocr_par' dir='ltr' id='par_1_93' title="bbox 330 4573 1907 4643">
     <span class='ocr_line' id='line_1_93' title="bbox 330 4573 1907 4643; baseline -0.006 -9"><span class='ocrx_word' id='word_1_686' title='bbox 330 4580 667 4634; x_wconf 80' lang='lat' dir='ltr'><strong>summoverit</strong></span> <span class='ocrx_word' id='word_1_687' title='bbox 689 4579 843 4630; x_wconf 84' lang='lat' dir='ltr'><strong>homo</strong></span> <span class='ocrx_word' id='word_1_688' title='bbox 860 4615 876 4641; x_wconf 93' lang='lat'><strong>,</strong></span> <span class='ocrx_word' id='word_1_689' title='bbox 899 4584 1022 4628; x_wconf 85' lang='lat' dir='ltr'><strong>tunc</strong></span> <span class='ocrx_word' id='word_1_690' title='bbox 1043 4574 1260 4639; x_wconf 82' lang='lat' dir='ltr'><strong>incipit:</strong></span> <span class='ocrx_word' id='word_1_691' title='bbox 1282 4582 1330 4626; x_wconf 86' lang='lat' dir='ltr'><strong>et</strong></span> <span class='ocrx_word' id='word_1_692' title='bbox 1353 4589 1471 4626; x_wconf 86' lang='lat' dir='ltr'><strong>cum</strong></span> <span class='ocrx_word' id='word_1_693' title='bbox 1495 4573 1766 4643; x_wconf 84' lang='lat' dir='ltr'><strong>quieverit,</strong></span> <span class='ocrx_word' id='word_1_694' title='bbox 1782 4581 1907 4625; x_wconf 81' lang='lat' dir='ltr'><strong>tunc</strong></span> 
     </span>
    </p>
   </div>
   <div class='ocr_carea' id='block_1_94' title="bbox 332 4664 1906 4740">
    <p class='ocr_par' dir='ltr' id='par_1_94' title="bbox 332 4664 1906 4740">
     <span class='ocr_line' id='line_1_94' title="bbox 332 4664 1906 4740; baseline -0.005 -15"><span class='ocrx_word' id='word_1_695' title='bbox 332 4673 496 4725; x_wconf 87' lang='lat' dir='ltr'><strong>animi</strong></span> <span class='ocrx_word' id='word_1_696' title='bbox 520 4669 837 4740; x_wconf 75' lang='lat' dir='ltr'><strong>pendebit&quot;.</strong></span> <span class='ocrx_word' id='word_1_697' title='bbox 858 4667 1029 4723; x_wconf 86' lang='lat' dir='ltr'><strong>Nemo</strong></span> <span class='ocrx_word' id='word_1_698' title='bbox 1050 4666 1198 4721; x_wconf 81' lang='lat' dir='ltr'><strong>novit</strong></span> <span class='ocrx_word' id='word_1_699' title='bbox 1223 4672 1421 4734; x_wconf 86' lang='lat' dir='ltr'><strong>quotet</strong></span> <span class='ocrx_word' id='word_1_700' title='bbox 1441 4675 1639 4735; x_wconf 82' lang='lat' dir='ltr'><strong>quanta</strong></span> <span class='ocrx_word' id='word_1_701' title='bbox 1674 4664 1906 4735; x_wconf 82' lang='lat' dir='ltr'><strong>ignoret,</strong></span> 
     </span>
    </p>
   </div>
   <div class='ocr_carea' id='block_1_95' title="bbox 333 4757 1911 4833">
    <p class='ocr_par' dir='ltr' id='par_1_95' title="bbox 333 4757 1911 4833">
     <span class='ocr_line' id='line_1_95' title="bbox 333 4757 1911 4833; baseline -0.004 -15"><span class='ocrx_word' id='word_1_702' title='bbox 333 4765 439 4820; x_wconf 91' lang='lat' dir='ltr'><strong>nisi</strong></span> <span class='ocrx_word' id='word_1_703' title='bbox 464 4763 706 4819; x_wconf 70' lang='lat' dir='ltr'><strong>scientiae</strong></span> <span class='ocrx_word' id='word_1_704' title='bbox 735 4763 894 4833; x_wconf 73' lang='lat' dir='ltr'><strong>huius</strong></span> <span class='ocrx_word' id='word_1_705' title='bbox 917 4761 1173 4816; x_wconf 84' lang='lat' dir='ltr'><strong>habuerit</strong></span> <span class='ocrx_word' id='word_1_706' title='bbox 1194 4767 1433 4832; x_wconf 88' lang='lat' dir='ltr'><strong>gustum.</strong></span> <span class='ocrx_word' id='word_1_707' title='bbox 1464 4759 1574 4814; x_wconf 87' lang='lat' dir='ltr'><strong>Sed</strong></span> <span class='ocrx_word' id='word_1_708' title='bbox 1606 4768 1784 4813; x_wconf 82' lang='lat' dir='ltr'><strong>tamen</strong></span> <span class='ocrx_word' id='word_1_709' title='bbox 1815 4757 1911 4812; x_wconf 86' lang='lat' dir='ltr'><strong>be-</strong></span> 
     </span>
    </p>
   </div>
   <div class='ocr_carea' id='block_1_96' title="bbox 407 4941 1410 5010">
    <p class='ocr_par' dir='ltr' id='par_1_96' title="bbox 407 4941 1410 5010">
     <span class='ocr_line' id='line_1_96' title="bbox 407 4941 1410 5010; baseline -0.003 -11"><span class='ocrx_word' id='word_1_710' title='bbox 407 4945 455 4978; x_wconf 81' lang='lat'><strong>&quot;</strong></span> <span class='ocrx_word' id='word_1_711' title='bbox 480 4944 598 4999; x_wconf 73' lang='lat' dir='ltr'><strong>Gal.</strong></span> <span class='ocrx_word' id='word_1_712' title='bbox 628 4958 703 5008; x_wconf 78' lang='lat' dir='ltr'><strong>tv,</strong></span> <span class='ocrx_word' id='word_1_713' title='bbox 732 4942 823 4996; x_wconf 76' lang='grc'>26.</span> <span class='ocrx_word' id='word_1_714' title='bbox 897 4943 944 4976; x_wconf 77' lang='grc'><strong><em>³⁷</em></strong></span> <span class='ocrx_word' id='word_1_715' title='bbox 977 4941 1149 4999; x_wconf 84' lang='lat' dir='ltr'><strong>Eccli.</strong></span> <span class='ocrx_word' id='word_1_716' title='bbox 1177 4959 1332 5010; x_wconf 79' lang='lat' dir='ltr'><strong>xvut,</strong></span> <span class='ocrx_word' id='word_1_717' title='bbox 1356 4941 1410 4997; x_wconf 84' lang='lat'><strong>6.</strong></span> 
     </span>
    </p>
   </div>
   <div class='ocr_carea' id='block_1_97' title="bbox 405 5122 1917 5200">
    <p class='ocr_par' dir='ltr' id='par_1_97' title="bbox 405 5122 1917 5200">
     <span class='ocr_line' id='line_1_97' title="bbox 405 5122 1917 5200; baseline -0.003 -19"><span class='ocrx_word' id='word_1_718' title='bbox 405 5124 666 5200; x_wconf 79' lang='lat' dir='ltr'><strong>(5)_Editi_.</strong></span> <span class='ocrx_word' id='word_1_719' title='bbox 707 5123 1116 5200; x_wconf 69' lang='grc' dir='ltr'>Ἀποτάσσομαί</span> <span class='ocrx_word' id='word_1_720' title='bbox 1152 5142 1253 5200; x_wconf 76' lang='grc' dir='ltr'>σοι.</span> <span class='ocrx_word' id='word_1_721' title='bbox 1283 5123 1508 5200; x_wconf 41' lang='lat' dir='ltr'><strong>“Vocula</strong></span> <span class='ocrx_word' id='word_1_722' title='bbox 1567 5140 1650 5200; x_wconf 75' lang='grc' dir='ltr'><strong>σοι</strong></span> <span class='ocrx_word' id='word_1_723' title='bbox 1697 5122 1751 5195; x_wconf 82' lang='lat' dir='ltr'><strong>in</strong></span> <span class='ocrx_word' id='word_1_724' title='bbox 1783 5136 1917 5200; x_wconf 76' lang='lat' dir='ltr'><strong>mss.</strong></span> 
     </span>
    </p>
   </div>
   <div class='ocr_carea' id='block_1_98' title="bbox 334 5191 1920 5266">
    <p class='ocr_par' dir='ltr' id='par_1_98' title="bbox 334 5191 1920 5266">
     <span class='ocr_line' id='line_1_98' title="bbox 334 5191 1920 5266; baseline -0.004 -14"><span class='ocrx_word' id='word_1_725' title='bbox 334 5191 440 5252; x_wconf 77' lang='lat' dir='ltr'><strong>non</strong></span> <span class='ocrx_word' id='word_1_726' title='bbox 463 5191 783 5266; x_wconf 70' lang='lat' dir='ltr'><strong>invenitur.</strong></span> <span class='ocrx_word' id='word_1_727' title='bbox 830 5194 953 5249; x_wconf 75' lang='lat' dir='ltr'><strong>Mox</strong></span> <span class='ocrx_word' id='word_1_728' title='bbox 982 5191 1135 5257; x_wconf 83' lang='lat' dir='ltr'><strong>editi,</strong></span> <span class='ocrx_word' id='word_1_729' title='bbox 1159 5195 1228 5248; x_wconf 82' lang='grc' dir='ltr'><strong>τὰ</strong></span> <span class='ocrx_word' id='word_1_730' title='bbox 1281 5193 1439 5266; x_wconf 75' lang='grc' dir='ltr'>ἔργα.</span> <span class='ocrx_word' id='word_1_731' title='bbox 1478 5193 1582 5248; x_wconf 85' lang='lat' dir='ltr'><strong>Sed</strong></span> <span class='ocrx_word' id='word_1_732' title='bbox 1630 5194 1684 5246; x_wconf 89' lang='lat' dir='ltr'><strong>in</strong></span> <span class='ocrx_word' id='word_1_733' title='bbox 1715 5191 1920 5246; x_wconf 86' lang='lat' dir='ltr'><strong>nostris</strong></span> 
     </span>
    </p>
   </div>
   <div class='ocr_carea' id='block_1_99' title="bbox 334 5265 1289 5332">
    <p class='ocr_par' dir='ltr' id='par_1_99' title="bbox 334 5265 1289 5332">
     <span class='ocr_line' id='line_1_99' title="bbox 334 5265 1289 5332; baseline -0.003 -10"><span class='ocrx_word' id='word_1_734' title='bbox 334 5282 430 5322; x_wconf 81' lang='lat' dir='ltr'><strong>sex</strong></span> <span class='ocrx_word' id='word_1_735' title='bbox 469 5282 602 5321; x_wconf 82' lang='lat' dir='ltr'><strong>mss.</strong></span> <span class='ocrx_word' id='word_1_736' title='bbox 628 5282 734 5320; x_wconf 85' lang='lat' dir='ltr'><strong>non</strong></span> <span class='ocrx_word' id='word_1_737' title='bbox 776 5265 972 5332; x_wconf 74' lang='lat' dir='ltr'><strong>legitur</strong></span> <span class='ocrx_word' id='word_1_738' title='bbox 1001 5268 1289 5319; x_wconf 84' lang='lat' dir='ltr'><strong>articulus.</strong></span> 
     </span>
    </p>
   </div>
   <div class='ocr_carea' id='block_1_100' title="bbox 408 5330 1920 5407">
    <p class='ocr_par' dir='ltr' id='par_1_100' title="bbox 408 5330 1920 5407">
     <span class='ocr_line' id='line_1_100' title="bbox 408 5330 1920 5407; baseline -0.005 -17"><span class='ocrx_word' id='word_1_739' title='bbox 408 5338 486 5407; x_wconf 76' lang='grc'>(4)</span> <span class='ocrx_word' id='word_1_740' title='bbox 524 5337 687 5400; x_wconf 85' lang='lat' dir='ltr'><strong>Editi,</strong></span> <span class='ocrx_word' id='word_1_741' title='bbox 719 5330 1077 5407; x_wconf 51' lang='grc' dir='ltr'>γὰρὲαυτῷ.</span> <span class='ocrx_word' id='word_1_742' title='bbox 1110 5333 1266 5395; x_wconf 74' lang='lat' dir='ltr'><strong>illud,</strong></span> <span class='ocrx_word' id='word_1_743' title='bbox 1296 5332 1556 5407; x_wconf 42' lang='grc' dir='ltr'>ἑαυτῷηο</span> <span class='ocrx_word' id='word_1_744' title='bbox 1584 5330 1795 5407; x_wconf 58' lang='lat' dir='ltr'><strong>nostris</strong></span> <span class='ocrx_word' id='word_1_745' title='bbox 1821 5344 1920 5383; x_wconf 71' lang='lat' dir='ltr'><strong>se:</strong></span> 
     </span>
    </p>
   </div>
   <div class='ocr_carea' id='block_1_101' title="bbox 334 5401 1917 5476">
    <p class='ocr_par' dir='ltr' id='par_1_101' title="bbox 334 5401 1917 5476">
     <span class='ocr_line' id='line_1_101' title="bbox 334 5401 1917 5476; baseline -0.006 -14"><span class='ocrx_word' id='word_1_746' title='bbox 334 5401 472 5462; x_wconf 71' lang='lat' dir='ltr'><strong>mss.</strong></span> <span class='ocrx_word' id='word_1_747' title='bbox 515 5410 690 5463; x_wconf 88' lang='lat' dir='ltr'><strong>abest.</strong></span> <span class='ocrx_word' id='word_1_748' title='bbox 734 5401 938 5461; x_wconf 72' lang='lat' dir='ltr'><strong>Statim</strong></span> <span class='ocrx_word' id='word_1_749' title='bbox 994 5401 1151 5469; x_wconf 79' lang='lat' dir='ltr'><strong>editi,</strong></span> <span class='ocrx_word' id='word_1_750' title='bbox 1205 5401 1459 5476; x_wconf 79' lang='grc' dir='ltr'>πατέρων</span> <span class='ocrx_word' id='word_1_751' title='bbox 1492 5401 1671 5475; x_wconf 81' lang='grc' dir='ltr'>ἡμῶν.</span> <span class='ocrx_word' id='word_1_752' title='bbox 1722 5401 1792 5457; x_wconf 82' lang='lat' dir='ltr'><strong>At</strong></span> <span class='ocrx_word' id='word_1_753' title='bbox 1822 5413 1917 5453; x_wconf 80' lang='lat' dir='ltr'><strong>sex</strong></span> 
     </span>
    </p>
   </div>
   <div class='ocr_carea' id='block_1_102' title="bbox 335 5480 674 5537">
    <p class='ocr_par' dir='ltr' id='par_1_102' title="bbox 335 5480 674 5537">
     <span class='ocr_line' id='line_1_102' title="bbox 335 5480 674 5537; baseline -0.009 -5"><span class='ocrx_word' id='word_1_754' title='bbox 335 5492 496 5537; x_wconf 77' lang='lat' dir='ltr'><strong>mss.,</strong></span> <span class='ocrx_word' id='word_1_755' title='bbox 523 5480 674 5537; x_wconf 88' lang='grc' dir='ltr'>ἡμῖν.</span> 
     </span>
    </p>
   </div>
   <div class='ocr_carea' id='block_1_103' title="bbox 414 5479 1742 5617">
    <p class='ocr_par' dir='ltr' id='par_1_103' title="bbox 414 5479 1742 5617">
     <span class='ocr_line' id='line_1_103' title="bbox 414 5479 1742 5617; baseline -0.007 -14"><span class='ocrx_word' id='word_1_756' title='bbox 725 5545 852 5616; x_wconf 76' lang='grc' dir='ltr'>ἰδίᾳ.</span> <span class='ocrx_word' id='word_1_757' title='bbox 887 5543 1112 5617; x_wconf 77' lang='lat' dir='ltr'><strong>Veteres</strong></span> <span class='ocrx_word' id='word_1_758' title='bbox 1133 5543 1372 5614; x_wconf 88' lang='lat' dir='ltr'><strong>quinque</strong></span> <span class='ocrx_word' id='word_1_759' title='bbox 1397 5541 1545 5609; x_wconf 89' lang='lat' dir='ltr'><strong>libri,</strong></span> <span class='ocrx_word' id='word_1_760' title='bbox 1577 5540 1742 5596; x_wconf 81' lang='grc' dir='ltr'>ἰδίων.</span> 
     </span>
    </p>
   </div>
   <div class='ocr_carea' id='block_1_104' title="bbox 413 5614 1247 5684">
    <p class='ocr_par' dir='ltr' id='par_1_104' title="bbox 413 5614 1247 5684">
     <span class='ocr_line' id='line_1_104' title="bbox 413 5614 1247 5684; baseline -0.001 -12"><span class='ocrx_word' id='word_1_761' title='bbox 413 5614 491 5684; x_wconf 82' lang='lat' dir='ltr'><strong>t6)</strong></span> <span class='ocrx_word' id='word_1_762' title='bbox 520 5615 647 5681; x_wconf 80' lang='lat' dir='ltr'><strong>Reg.</strong></span> <span class='ocrx_word' id='word_1_763' title='bbox 679 5614 922 5684; x_wconf 76' lang='lat' dir='ltr'><strong>quartus,</strong></span> <span class='ocrx_word' id='word_1_764' title='bbox 951 5614 1247 5671; x_wconf 54' lang='grc' dir='ltr'>κάκείνου]</span> 
     </span>
    </p>
   </div>
   <div class='ocr_carea' id='block_1_105' title="bbox 410 5679 1912 5757">
    <p class='ocr_par' dir='ltr' id='par_1_105' title="bbox 410 5679 1912 5757">
     <span class='ocr_line' id='line_1_105' title="bbox 410 5679 1912 5757; baseline -0.013 -17"><span class='ocrx_word' id='word_1_765' title='bbox 410 5679 484 5757; x_wconf 81' lang='grc' dir='ltr'>(Ἰ)</span> <span class='ocrx_word' id='word_1_766' title='bbox 534 5679 754 5756; x_wconf 76' lang='lat' dir='ltr'><strong>Antiqui</strong></span> <span class='ocrx_word' id='word_1_767' title='bbox 811 5696 921 5739; x_wconf 79' lang='lat' dir='ltr'><strong>tres</strong></span> <span class='ocrx_word' id='word_1_768' title='bbox 969 5686 1113 5746; x_wconf 79' lang='lat' dir='ltr'><strong>libri,</strong></span> <span class='ocrx_word' id='word_1_769' title='bbox 1173 5684 1268 5737; x_wconf 72' lang='lat' dir='ltr'><strong>xui.</strong></span> <span class='ocrx_word' id='word_1_770' title='bbox 1321 5685 1423 5739; x_wconf 78' lang='grc' dir='ltr'>οὐκ</span> <span class='ocrx_word' id='word_1_771' title='bbox 1473 5679 1912 5753; x_wconf 75' lang='grc' dir='ltr'>ἀποστερηθήσε-</span> 
     </span>
    </p>
   </div>
   <div class='ocr_carea' id='block_1_106' title="bbox 2014 4480 3588 4553">
    <p class='ocr_par' dir='ltr' id='par_1_106' title="bbox 2014 4480 3588 4553">
     <span class='ocr_line' id='line_1_106' title="bbox 2014 4480 3588 4553; baseline -0.001 -18"><span class='ocrx_word' id='word_1_772' title='bbox 2014 4481 2327 4553; x_wconf 73' lang='grc' dir='ltr'>ὲκπλήξεως</span> <span class='ocrx_word' id='word_1_773' title='bbox 2358 4481 2455 4552; x_wconf 79' lang='grc' dir='ltr'>τὴν</span> <span class='ocrx_word' id='word_1_774' title='bbox 2488 4480 2729 4552; x_wconf 76' lang='grc' dir='ltr'>μεγάλην</span> <span class='ocrx_word' id='word_1_775' title='bbox 2759 4482 2940 4544; x_wconf 79' lang='grc' dir='ltr'>αὐτοῖς</span> <span class='ocrx_word' id='word_1_776' title='bbox 2972 4480 3174 4552; x_wconf 85' lang='grc' dir='ltr'>ταύτην</span> <span class='ocrx_word' id='word_1_777' title='bbox 3209 4483 3448 4552; x_wconf 80' lang='grc' dir='ltr'>ταραχὴν</span> <span class='ocrx_word' id='word_1_778' title='bbox 3482 4483 3588 4552; x_wconf 70' lang='grc' dir='ltr'><strong>ἐμοι</strong></span> 
     </span>
    </p>
   </div>
   <div class='ocr_carea' id='block_1_107' title="bbox 2017 4571 3590 4644">
    <p class='ocr_par' dir='ltr' id='par_1_107' title="bbox 2017 4571 3590 4644">
     <span class='ocr_line' id='line_1_107' title="bbox 2017 4571 3590 4644; baseline -0.002 -16"><span class='ocrx_word' id='word_1_779' title='bbox 2017 4577 2297 4644; x_wconf 79' lang='grc' dir='ltr'>ποιούσης.</span> <span class='ocrx_word' id='word_1_780' title='bbox 2349 4574 2537 4627; x_wconf 78' lang='grc' dir='ltr'>’Ὅταν</span> <span class='ocrx_word' id='word_1_781' title='bbox 2573 4572 2687 4642; x_wconf 78' lang='grc' dir='ltr'><strong>γὰρ</strong></span> <span class='ocrx_word' id='word_1_782' title='bbox 2736 4571 3100 4640; x_wconf 81' lang='grc' dir='ltr'>συντελέσῃ,</span> <span class='ocrx_word' id='word_1_783' title='bbox 3140 4573 3323 4642; x_wconf 74' lang='grc' dir='ltr'>φησὶν,</span> <span class='ocrx_word' id='word_1_784' title='bbox 3369 4572 3590 4640; x_wconf 69' lang='lat' dir='ltr'><strong>cis-6pm-</strong></span> 
     </span>
    </p>
   </div>
   <div class='ocr_carea' id='block_1_108' title="bbox 2015 4660 3591 4730">
    <p class='ocr_par' dir='ltr' id='par_1_108' title="bbox 2015 4660 3591 4730">
     <span class='ocr_line' id='line_1_108' title="bbox 2015 4660 3591 4730; baseline 0.001 -16"><span class='ocrx_word' id='word_1_785' title='bbox 2015 4677 2150 4728; x_wconf 80' lang='grc' dir='ltr'>πος,</span> <span class='ocrx_word' id='word_1_786' title='bbox 2190 4664 2323 4716; x_wconf 83' lang='grc' dir='ltr'>τότε</span> <span class='ocrx_word' id='word_1_787' title='bbox 2348 4661 2587 4730; x_wconf 77' lang='grc' dir='ltr'>ἄρχεται</span> <span class='ocrx_word' id='word_1_788' title='bbox 2606 4678 2620 4691; x_wconf 75' lang='grc' dir='ltr'><strong>ο</strong></span> <span class='ocrx_word' id='word_1_789' title='bbox 2658 4660 2755 4713; x_wconf 82' lang='grc' dir='ltr'>καὶ</span> <span class='ocrx_word' id='word_1_790' title='bbox 2789 4660 2933 4713; x_wconf 83' lang='grc' dir='ltr'>ὅταν</span> <span class='ocrx_word' id='word_1_791' title='bbox 2961 4662 3282 4727; x_wconf 80' lang='grc' dir='ltr'>παύσηται,</span> <span class='ocrx_word' id='word_1_792' title='bbox 3304 4662 3436 4713; x_wconf 80' lang='grc' dir='ltr'>τότε</span> <span class='ocrx_word' id='word_1_793' title='bbox 3449 4662 3591 4715; x_wconf 84' lang='grc' dir='ltr'>ἀπο-</span> 
     </span>
    </p>
   </div>
   <div class='ocr_carea' id='block_1_109' title="bbox 2011 4747 3589 4823">
    <p class='ocr_par' dir='ltr' id='par_1_109' title="bbox 2011 4747 3589 4823">
     <span class='ocr_line' id='line_1_109' title="bbox 2011 4747 3589 4823; baseline -0.003 -14"><span class='ocrx_word' id='word_1_794' title='bbox 2011 4752 2363 4823; x_wconf 76' lang='grc' dir='ltr'>ρηθήσεται.</span> <span class='ocrx_word' id='word_1_795' title='bbox 2389 4752 2574 4816; x_wconf 73' lang='grc' dir='ltr'>Οὐδεὶς</span> <span class='ocrx_word' id='word_1_796' title='bbox 2596 4747 2735 4804; x_wconf 82' lang='grc' dir='ltr'>οἶδεν</span> <span class='ocrx_word' id='word_1_797' title='bbox 2764 4750 2902 4805; x_wconf 85' lang='grc' dir='ltr'>πόσα</span> <span class='ocrx_word' id='word_1_798' title='bbox 2937 4750 3047 4821; x_wconf 80' lang='grc'>(10)</span> <span class='ocrx_word' id='word_1_799' title='bbox 3082 4752 3181 4805; x_wconf 77' lang='grc' dir='ltr'>οὐκ</span> <span class='ocrx_word' id='word_1_800' title='bbox 3207 4747 3366 4817; x_wconf 74' lang='grc' dir='ltr'>οἶδεν,</span> <span class='ocrx_word' id='word_1_801' title='bbox 3393 4751 3488 4805; x_wconf 76' lang='grc' dir='ltr'><strong>ἐὰν</strong></span> <span class='ocrx_word' id='word_1_802' title='bbox 3510 4752 3589 4823; x_wconf 79' lang='grc' dir='ltr'>μὴ</span> 
     </span>
    </p>
   </div>
   <div class='ocr_carea' id='block_1_110' title="bbox 2021 5117 2686 5185">
    <p class='ocr_par' dir='ltr' id='par_1_110' title="bbox 2021 5117 2686 5185">
     <span class='ocr_line' id='line_1_110' title="bbox 2021 5117 2686 5185; baseline -0.005 -14"><span class='ocrx_word' id='word_1_803' title='bbox 2021 5134 2135 5183; x_wconf 87' lang='grc' dir='ltr'>ται,</span> <span class='ocrx_word' id='word_1_804' title='bbox 2165 5127 2214 5170; x_wconf 80' lang='lat' dir='ltr'><strong>et</strong></span> <span class='ocrx_word' id='word_1_805' title='bbox 2239 5134 2341 5171; x_wconf 70' lang='lat' dir='ltr'><strong>non</strong></span> <span class='ocrx_word' id='word_1_806' title='bbox 2375 5117 2686 5185; x_wconf 81' lang='lat' dir='ltr'><strong>privabitur.</strong></span> 
     </span>
    </p>
   </div>
   <div class='ocr_carea' id='block_1_111' title="bbox 2095 5179 3591 5259">
    <p class='ocr_par' dir='ltr' id='par_1_111' title="bbox 2095 5179 3591 5259">
     <span class='ocr_line' id='line_1_111' title="bbox 2095 5179 3591 5259; baseline -0.005 -16"><span class='ocrx_word' id='word_1_807' title='bbox 2095 5179 2173 5259; x_wconf 87' lang='lat'>(8)</span> <span class='ocrx_word' id='word_1_808' title='bbox 2210 5188 2351 5259; x_wconf 84' lang='lat' dir='ltr'><strong>Editi</strong></span> <span class='ocrx_word' id='word_1_809' title='bbox 2375 5179 2439 5259; x_wconf 27' lang='lat' dir='ltr'><strong>iet</strong></span> <span class='ocrx_word' id='word_1_810' title='bbox 2483 5188 2589 5240; x_wconf 91' lang='lat' dir='ltr'><strong>duo</strong></span> <span class='ocrx_word' id='word_1_811' title='bbox 2622 5199 2776 5251; x_wconf 90' lang='lat' dir='ltr'><strong>mss.,</strong></span> <span class='ocrx_word' id='word_1_812' title='bbox 2817 5181 3181 5254; x_wconf 83' lang='grc' dir='ltr'>ἀναχθέντων.</span> <span class='ocrx_word' id='word_1_813' title='bbox 3215 5179 3319 5234; x_wconf 83' lang='lat' dir='ltr'><strong>Alii</strong></span> <span class='ocrx_word' id='word_1_814' title='bbox 3353 5191 3591 5249; x_wconf 85' lang='lat' dir='ltr'><strong>quatuor</strong></span> 
     </span>
    </p>
   </div>
   <div class='ocr_carea' id='block_1_112' title="bbox 2020 5257 2554 5329">
    <p class='ocr_par' dir='ltr' id='par_1_112' title="bbox 2020 5257 2554 5329">
     <span class='ocr_line' id='line_1_112' title="bbox 2020 5257 2554 5329; baseline 0 -17"><span class='ocrx_word' id='word_1_815' title='bbox 2020 5257 2174 5329; x_wconf 55' lang='lat' dir='ltr'><strong>mss&quot;</strong></span> <span class='ocrx_word' id='word_1_816' title='bbox 2201 5257 2554 5329; x_wconf 79' lang='grc' dir='ltr'>ἑναχθέντων.</span> 
     </span>
    </p>
   </div>
   <div class='ocr_carea' id='block_1_113' title="bbox 2094 5320 3582 5398">
    <p class='ocr_par' dir='ltr' id='par_1_113' title="bbox 2094 5320 3582 5398">
     <span class='ocr_line' id='line_1_113' title="bbox 2094 5320 3582 5398; baseline -0.006 -15"><span class='ocrx_word' id='word_1_817' title='bbox 2094 5328 2170 5398; x_wconf 87' lang='grc'>(9)</span> <span class='ocrx_word' id='word_1_818' title='bbox 2204 5320 2367 5389; x_wconf 73' lang='grc' dir='ltr'>Ειιίἳί,</span> <span class='ocrx_word' id='word_1_819' title='bbox 2408 5326 2528 5398; x_wconf 36' lang='grc' dir='ltr'><strong>Καὶ,</strong></span> <span class='ocrx_word' id='word_1_820' title='bbox 2568 5322 2948 5398; x_wconf 73' lang='grc' dir='ltr'>ἐμϐλέψονται.</span> <span class='ocrx_word' id='word_1_821' title='bbox 2984 5320 3201 5398; x_wconf 56' lang='lat' dir='ltr'><strong>vocula</strong></span> <span class='ocrx_word' id='word_1_822' title='bbox 3222 5321 3331 5398; x_wconf 73' lang='grc' dir='ltr'>καί</span> <span class='ocrx_word' id='word_1_823' title='bbox 3363 5321 3416 5375; x_wconf 79' lang='lat' dir='ltr'><strong>in</strong></span> <span class='ocrx_word' id='word_1_824' title='bbox 3451 5335 3582 5398; x_wconf 79' lang='lat' dir='ltr'><strong>mss.</strong></span> 
     </span>
    </p>
   </div>
   <div class='ocr_carea' id='block_1_114' title="bbox 2020 5391 3588 5461">
    <p class='ocr_par' dir='ltr' id='par_1_114' title="bbox 2020 5391 3588 5461">
     <span class='ocr_line' id='line_1_114' title="bbox 2020 5391 3588 5461; baseline -0.004 -11"><span class='ocrx_word' id='word_1_825' title='bbox 2020 5391 2128 5450; x_wconf 81' lang='lat' dir='ltr'><strong>non</strong></span> <span class='ocrx_word' id='word_1_826' title='bbox 2154 5391 2462 5451; x_wconf 74' lang='lat' dir='ltr'><strong>invenitur.</strong></span> <span class='ocrx_word' id='word_1_827' title='bbox 2498 5391 2713 5459; x_wconf 79' lang='lat' dir='ltr'><strong>Statim,</strong></span> <span class='ocrx_word' id='word_1_828' title='bbox 2753 5391 2842 5448; x_wconf 80' lang='lat' dir='ltr'><strong>ubi</strong></span> <span class='ocrx_word' id='word_1_829' title='bbox 2891 5395 2943 5447; x_wconf 89' lang='lat' dir='ltr'><strong>in</strong></span> <span class='ocrx_word' id='word_1_830' title='bbox 2988 5393 3149 5446; x_wconf 87' lang='lat' dir='ltr'><strong>editis</strong></span> <span class='ocrx_word' id='word_1_831' title='bbox 3189 5392 3382 5461; x_wconf 74' lang='lat' dir='ltr'><strong>legitur</strong></span> <span class='ocrx_word' id='word_1_832' title='bbox 3451 5391 3588 5444; x_wconf 76' lang='grc' dir='ltr'>ἀπο-</span> 
     </span>
    </p>
   </div>
   <div class='ocr_carea' id='block_1_115' title="bbox 2024 5461 3585 5537">
    <p class='ocr_par' dir='ltr' id='par_1_115' title="bbox 2024 5461 3585 5537">
     <span class='ocr_line' id='line_1_115' title="bbox 2024 5461 3585 5537; baseline -0.005 -17"><span class='ocrx_word' id='word_1_833' title='bbox 2024 5466 2270 5537; x_wconf 80' lang='grc' dir='ltr'>ροῦντας,</span> <span class='ocrx_word' id='word_1_834' title='bbox 2321 5467 2375 5521; x_wconf 90' lang='lat' dir='ltr'><strong>in</strong></span> <span class='ocrx_word' id='word_1_835' title='bbox 2426 5465 2631 5520; x_wconf 88' lang='lat' dir='ltr'><strong>nostris</strong></span> <span class='ocrx_word' id='word_1_836' title='bbox 2682 5463 2958 5520; x_wconf 71' lang='lat' dir='ltr'><strong>codicibus</strong></span> <span class='ocrx_word' id='word_1_837' title='bbox 3012 5462 3271 5528; x_wconf 82' lang='lat' dir='ltr'><strong>scriptum</strong></span> <span class='ocrx_word' id='word_1_838' title='bbox 3319 5461 3585 5529; x_wconf 88' lang='lat' dir='ltr'><strong>reperitur</strong></span> 
     </span>
    </p>
   </div>
   <div class='ocr_carea' id='block_1_116' title="bbox 2021 5537 3409 5611">
    <p class='ocr_par' dir='ltr' id='par_1_116' title="bbox 2021 5537 3409 5611">
     <span class='ocr_line' id='line_1_116' title="bbox 2021 5537 3409 5611; baseline 0.017 -21"><span class='ocrx_word' id='word_1_839' title='bbox 2021 5537 2371 5611; x_wconf 65' lang='grc' dir='ltr'>ἀποροῦνται.</span> <span class='ocrx_word' id='word_1_840' title='bbox 2983 5600 3071 5611; x_wconf 80' lang='grc'><strong>,.</strong></span> <span class='ocrx_word' id='word_1_841' title='bbox 3396 5599 3409 5611; x_wconf 93' lang='grc'><strong>.</strong></span> 
     </span>
    </p>
   </div>
   <div class='ocr_carea' id='block_1_117' title="bbox 2093 5600 3582 5690">
    <p class='ocr_par' dir='ltr' id='par_1_117' title="bbox 2093 5600 3582 5690">
     <span class='ocr_line' id='line_1_117' title="bbox 2093 5600 3582 5690; baseline -0.005 -30"><span class='ocrx_word' id='word_1_842' title='bbox 2093 5600 2204 5677; x_wconf 84' lang='grc' dir='ltr'>(ιὐ)</span> <span class='ocrx_word' id='word_1_843' title='bbox 2232 5607 2411 5690; x_wconf 68' lang='grc' dir='ltr'>(ξοάοε</span> <span class='ocrx_word' id='word_1_844' title='bbox 2442 5618 2580 5660; x_wconf 83' lang='lat' dir='ltr'><strong>unus</strong></span> <span class='ocrx_word' id='word_1_845' title='bbox 2606 5618 2727 5659; x_wconf 84' lang='lat' dir='ltr'><strong>cum</strong></span> <span class='ocrx_word' id='word_1_846' title='bbox 2757 5603 2942 5669; x_wconf 85' lang='lat' dir='ltr'><strong>editis,</strong></span> <span class='ocrx_word' id='word_1_847' title='bbox 2975 5600 3165 5656; x_wconf 84' lang='grc' dir='ltr'>ὁπόσα.</span> <span class='ocrx_word' id='word_1_848' title='bbox 3195 5600 3295 5655; x_wconf 79' lang='lat' dir='ltr'><strong>Alii</strong></span> <span class='ocrx_word' id='word_1_849' title='bbox 3322 5600 3582 5671; x_wconf 81' lang='lat' dir='ltr'><strong>quinque,</strong></span> 
     </span>
    </p>
   </div>
   <div class='ocr_carea' id='block_1_118' title="bbox 2020 5693 2361 5744">
    <p class='ocr_par' dir='ltr' id='par_1_118' title="bbox 2020 5693 2361 5744">
     <span class='ocr_line' id='line_1_118' title="bbox 2020 5693 2361 5744; baseline -0.009 -10"><span class='ocrx_word' id='word_1_850' title='bbox 2020 5695 2172 5744; x_wconf 85' lang='lat' dir='ltr'><strong>mss.,</strong></span> <span class='ocrx_word' id='word_1_851' title='bbox 2198 5693 2361 5731; x_wconf 84' lang='grc' dir='ltr'>ποσα.</span> 
     </span>
    </p>
   </div>
  </div>
