3808 6212
413 288 521 350 507

1360 292 1705 350 APPENDIX
1747 291 2035 350 OPEHUM
2075 291 2135 349 Β.
2174 291 2418 349 BASILII
2459 291 2698 348 MAGNI.

3573 296 3686 351 503

412 411 608 484 populo
641 412 847 470 sitienti
876 412 1107 484 gratiam
1129 423 1500 481 exspectatam
1533 414 1838 479 annuntiat,
1874 414 1949 468 ait

2092 411 2188 467 τοῦ
2218 413 2379 484 χάρις
2405 412 2746 467 ἀναδίδοσθαι
2803 411 3069 482 πέφυκεν,
3114 412 3243 467 ὅταν
3292 412 3368 484 μὴ
3418 414 3683 478 ναυτιῶν,

417 503 536 557 Hoc
552 521 779 573 primum
804 505 936 560 bibe.
953 504 1152 575 Excipe
1171 505 1224 559 in
1247 505 1428 560 animo
1454 506 1695 561 laetitiam
1719 522 1734 559 :
1755 504 1990 561 reconde

411 598 471 656 in
496 613 562 654 eo
593 600 783 654 salutis
813 602 1025 671 dogma.
1057 600 1180 656 Alio
1211 600 1439 657 inferius
1470 617 1538 657 ne
1569 602 1867 671 putaveris,
1889 616 1989 656 nec

409 691 708 762 quidquam
740 694 884 747 aliud
935 707 1002 748 eo
1036 695 1383 763 praestantius
1417 709 1536 750 esse
1565 696 1865 751 existimes.
1893 695 1990 748 Est

412 791 543 837 ante
571 783 753 835 ouinia
780 801 795 838 :
821 798 921 838 nec
954 784 1247 853 quidquam
1297 786 1397 838 ahs
1440 792 1492 838 te
1537 784 1840 853 excogitari
1895 798 1989 852 po-

410 883 542 940 test,
579 876 721 943 quod
755 876 827 931 sit
847 876 1138 933 Conditore
1169 885 1264 932 tuo
1289 879 1463 946 prius,
1489 884 1582 932 aut
1615 878 1760 948 quod
1791 887 1986 932 natura

409 966 480 1019 sit
507 966 865 1033 primogenito
911 968 1089 1022 omnis
1117 974 1380 1022 creaturae
1399 968 1446 1000 ”
1470 967 1841 1023 excellentius.
1862 965 1989 1021 Pri-

408 1073 553 1110 mum
585 1057 720 1111 bibe.
755 1058 914 1114 Disce
937 1059 991 1113 in
1018 1059 1285 1129 principio
1310 1059 1479 1115 fuisse
1513 1060 1753 1114 Verbum
1781 1059 1822 1112 ⁸.
1846 1059 1987 1116 Ante

407 1148 759 1217 principium.
795 1149 968 1216 nihil;
999 1150 1130 1206 nihil
1162 1151 1314 1221 prius
1366 1168 1432 1206 eo
1469 1153 1562 1222 qui
1608 1163 1726 1209 erat
1751 1155 1806 1209 in
1837 1155 1987 1227 prin-

409 1235 572 1304 cipio.
605 1236 682 1291 Ne
710 1239 861 1306 prius
886 1254 1058 1294 aavum
1091 1240 1272 1309 bibas,
1307 1258 1414 1296 non
1470 1243 1834 1311 intervallum,
1875 1262 1982 1302 non

409 1323 592 1379 locum
628 1324 747 1379 Filii
778 1328 1083 1383 substantia
1113 1331 1460 1400 deStitutum,
1496 1349 1601 1388 non
1633 1343 1862 1405 tempus,
1878 1351 1982 1390 non

406 1419 672 1489 temporis
702 1419 917 1490 aliquod
953 1429 1312 1487 momentum,
1365 1439 1471 1478 non
1506 1426 1799 1496 quidquam
1832 1427 1984 1483 futile

407 1517 466 1562 et
491 1524 717 1571 vanum,
756 1510 898 1578 quod
926 1511 1142 1565 animus
1174 1512 1460 1580 imaginari
1492 1514 1688 1568 valeat.
1724 1514 1840 1569 Hoc
1867 1518 1983 1585 pri-

408 1614 551 1654 mum
588 1601 721 1667 bibe,
751 1605 856 1655 cito
889 1603 998 1672 fac.
1026 1603 1139 1658 Non
1187 1605 1403 1675 ignave,
1448 1624 1552 1662 non
1587 1611 1847 1679 segniter.
1873 1626 1980 1664 non

408 1690 767 1760 negligenter,
793 1705 897 1744 non
930 1691 1182 1763 languide
1226 1711 1360 1765 opus
1405 1700 1719 1767 aggredere.
1762 1700 1856 1753 sed
1907 1700 1985 1752 vi-

407 1781 585 1837 riliter
610 1792 665 1837 et
707 1783 966 1839 studiose.
1005 1785 1320 1854 Cuiusmodi
1370 1799 1493 1844 erat
1526 1788 1745 1855 Paulus,
1774 1791 1866 1861 qui
1906 1792 1983 1847 si-

404 1871 515 1923 mul
544 1876 599 1924 ut
641 1871 775 1926 bibit
832 1872 1018 1940 ﬁdem,
1080 1877 1198 1931 sine
1264 1877 1371 1933 ulla
1434 1880 1697 1949 temporis
1730 1895 1881 1936 mora
1913 1882 1980 1935 ad

403 1962 847 2030 praedicationem
872 1968 1138 2024 accessit:
1182 1970 1381 2039 quippe
1421 1971 1514 2040 qui
1552 1972 1702 2025 carni
1735 1987 1840 2026 non
1882 1987 1980 2027 ac-

399 2053 726 2123 quiesceret,
788 2063 882 2112 aut
942 2061 1277 2129 sanguiui’;
1331 2063 1424 2117 sed
1471 2072 1731 2132 tauquam
1786 2079 1981 2119 cursor

399 2146 643 2214 quidam,
674 2149 762 2202 ubi
791 2150 1026 2218 primum
1069 2153 1273 2206 audivit
1317 2169 1514 2208 cursus
1556 2154 1977 2223 signtttn,festi-

397 2240 562 2295 nabat
582 2243 649 2296 ad
670 2242 853 2307 ﬁnem,
876 2243 1029 2311 juxta
1055 2246 1332 2314 prrelixum
1353 2261 1574 2316 scapum
1609 2249 1674 2302 ad
1696 2250 1975 2317 praemium

396 2345 642 2401 superna:
677 2337 978 2392 vocationis
1006 2339 1339 2392 contendens
1371 2340 1409 2395 ³.

2098 505 2232 576 μηδὲ
2261 504 2601 568 ἀποϐλύζων,
2636 504 2771 559 ἀλλά
2790 505 2857 558 δι’
2883 504 3189 579 ὑπερϐολὴν
3205 503 3502 577 ξηρότητος
3528 508 3681 575 ἐφιε-

2096 613 2256 667 μενος
2284 598 2383 667 τῆς
2411 599 2475 651 ὲκ
2506 596 2600 650 τοῦ
2636 595 2799 651 ποτοῦ
2826 596 3201 668 παραμυθίας,
3231 597 3328 650 καὶ
3354 600 3475 661 ταῖς
3502 597 3683 651 νοτίσι

2089 686 2186 740 τοῦ
2216 687 2472 751 ποθέντος
2502 687 2614 757 (18)
2654 687 2842 741 ἑαυτὸν
2881 688 3203 759 διυγραίνει.
3258 688 3357 742 Διά
3389 689 3549 743 τοῦτο
3580 688 3683 742 καὶ

2090 780 2187 834 νῦν
2214 782 2243 834 6
2275 780 2758 851 εὐαγγελιζόμενος
2786 780 2863 845 ὡς
2885 780 3198 852 δεδιψηκότι
3231 780 3344 852 λαῷ
3371 780 3472 852 τὴν
3499 797 3679 853 προσ-

2090 874 2404 946 δοκωμένην
2428 874 2608 945 χάριν,
2641 873 2812 944 φησί·
2863 872 3046 928 Τοῦτο
3077 872 3310 942 πρῶτον
3341 874 3462 927 πίε.
3508 872 3680 926 Ὑπό-

2089 964 2238 1033 δεξαι
2261 971 2329 1037 τῇ
2352 948 2509 1036 ’ψυχῇ
2549 965 2647 1036 τὴν
2674 965 3010 1038 εὐφροσύνην
3029 982 3041 994 ·
3088 964 3243 1018 ἔνθου
3276 964 3337 1017 τὸ
3368 963 3543 1035 δὸγμα
3566 960 3679 1033 τῆς

2091 1057 2387 1130 σωτηρίας.
2431 1058 2525 1128 Μὴ
2555 1056 2805 1128 δεύτερον
2835 1056 2994 1110 ἄλλου
3041 1057 3246 1127 ἡγήσῃ,
3293 1056 3428 1127 μηδὲ
3475 1072 3674 1128 προτι-

2090 1149 2219 1220 μότε
2230 1149 2321 1220 ρόν
2343 1166 2393 1202 τι
2414 1149 2603 1202 τούτου
2620 1149 2848 1222 νομίσῃς
2875 1148 3083 1220 ἕτερον.
3101 1148 3216 1220 Πρὸ
3237 1149 3455 1202 πάντων
3486 1147 3635 1201 ἐστίν
3650 1164 3669 1178 ο

2086 1240 2210 1295 οὔτε
2241 1242 2323 1295 σοί
2348 1259 2400 1294 τι
2431 1241 2697 1314 πρότερον
2744 1241 3005 1311 νοηθῆναι
3059 1240 3280 1294 δύναται
3323 1240 3418 1295 τοῦ
3454 1239 3675 1295 κτίσαν-

2084 1335 2177 1398 τὸς
2201 1352 2259 1388 σε
2280 1351 2295 1365 ⁸
2325 1333 2450 1388 οὔτε
2478 1337 2545 1406 τῇ
2586 1333 2747 1404 φύσει
2787 1332 3112 1405 τιμιώτερόν
3141 1349 3217 1396 τι,
3258 1331 3353 1385 τοῦ
3392 1332 3675 1404 πρωτοτό-

2085 1442 2183 1479 κου
2210 1426 2392 1495 πάσης
2425 1425 2675 1489 κτίσεως.
2703 1424 2942 1493 Πρῶτον
2969 1426 3089 1478 πίει.
3126 1423 3285 1478 Μάθε
3308 1426 3390 1478 ὅτι
3418 1425 3478 1477 ὲν
3514 1424 3667 1496 ἀρχῇ

2082 1513 2152 1588 ἦν
2175 1520 2203 1571 6
2227 1518 2415 1587 Λόγος.
2446 1518 2612 1572 Οὐδὲν
2634 1518 2741 1590 πρὸ
2761 1520 2961 1590 ἀρχῆς·
2990 1519 3141 1572 οὐδὲν
3162 1518 3267 1588 πρὸ
3292 1518 3386 1572 τοῦ
3413 1520 3472 1572 ὲν
3494 1519 3667 1590 ἀρχῇ.

2082 1610 2174 1681 Μὴ
2209 1610 2380 1663 αἰῶνα
2410 1610 2683 1681 προπίῃς·
2722 1610 2796 1682 μὴ
2826 1611 3102 1681 διάστημα
3126 1626 3141 1641 ’
3180 1610 3256 1681 μὴ
3272 1611 3435 1663 τόπον
3458 1610 3672 1682 ἔρημον

2082 1702 2185 1772 τῆς
2207 1702 2336 1755 Υἱοῦ
2364 1702 2685 1773 ὑπάρξεως·
2721 1704 2795 1773 μὴ
2828 1704 3020 1773 χρόνον
3040 1719 3054 1733 ·
3106 1702 3180 1774 μὴ
3214 1703 3405 1774 καιρόν
3433 1720 3448 1733 ’
3497 1702 3672 1773 μηδὲν

2088 1793 2198 1846 τῶν
2244 1793 2383 1846 κατά
2429 1793 2729 1859 φαντασίαν
2773 1794 3037 1863 ματαίων,
3063 1793 3374 1865 δυναμένων
3405 1795 3469 1864 τῇ
3515 1794 3668 1864 ψυχῇ

2090 1885 2421 1953 ἐγγίνεσθαι.
2482 1883 2667 1938 Τοῦτο
2714 1882 2951 1951 πρῶτον
2996 1884 3128 1937 πίεο
3186 1883 3339 1953 ταχὺ
3367 1885 3545 1937 ποίει.
3568 1883 3668 1955 Μὴ

2087 1975 2320 2047 χαύνως,
2364 1974 2496 2045 μηδὲ
2537 1974 3150 2045 καταϐεϐλακευμένως,
3197 1975 3329 2046 μηδὲ
3353 1974 3664 2039 ἀσπούδωςο

2086 2066 2220 2138 μηδὲ
2258 2065 2500 2130 ἐκλύτως
2533 2067 2625 2119 ἐπὶ
2662 2065 2760 2137 τὴν
2789 2065 2882 2120 τοῦ
2914 2066 3077 2137 ἔργου
3110 2066 3272 2139 ἔρχου
3320 2067 3661 2138 παραδοχὴν,

2081 2157 2218 2211 ἀλλὰ
2261 2159 2527 2221 συντόνως
2572 2158 2666 2211 καὶ⁸
2720 2158 3210 2229 κατεσπευσμένως
3264 2157 3393 2229 (19).
3437 2153 3563 2223 Οἷος
3588 2154 3662 2230 ἦν

2080 2245 2289 2307 Παῦλος
2315 2263 2329 2277 ·
2361 2245 2498 2316 ὀμοῦ
2527 2261 2587 2299 τε
2622 2246 2773 2300 ἔπινε
2801 2246 2898 2318 τὴν
2939 2247 3142 2308 πίστιν,
3173 2248 3267 2302 καὶ
3309 2247 3498 2302 οὐδένα
3532 2266 3660 2301 και-

2080 2340 2171 2410 96v
2200 2339 2519 2393 ἀνεϐάλλετο
2543 2338 2678 2411 πρὸς
2715 2338 2776 2391 τὸ
2804 2342 3096 2411 κήρυγμα·
3132 2340 3192 2404 ὃς
3223 2357 3285 2410 γε
3326 2340 3445 2394 οὐδὲ
3487 2358 3660 2412 προσ-

393 2425 616 2480 ανέθετο
686 2430 850 2513 σαρκὶ.
897 2431 993 2484 καὶ
1040 2431 1252 2501 αἵματι,
1289 2431 1405 2485 ἀλλ’
1429 2432 1613 2497 εὐθὺς,
1648 2434 1839 2505 ὥσπερ
1886 2450 1972 2496 τις
2008 2432 2263 2503 δρομεὺς,
2294 2431 2429 2503 ὁμοῦ
2458 2449 2515 2485 τε
2580 2430 2741 2485 ἔλαϐε
2794 2432 2857 2485 τὸ
2892 2430 2984 2485 τοῦ
3019 2433 3222 2504 δρόμου
3262 2432 3537 2505 σύνθημα,
3562 2435 3659 2487 καὶ

393 2517 533 2591 πρὸς
563 2521 623 2574 τὸ
661 2523 813 2587 τέλος
838 2524 1106 2594 ἐπείγετο,
1130 2525 1274 2580 κατά
1313 2527 1514 2582 σκοπὸν
1561 2528 1775 2584 διώκων
1801 2532 1882 2592 είς
1913 2528 1975 2582 τὸ
2014 2527 2264 2601 βραϐεῖον
2289 2528 2389 2598 τῆς
2421 2528 2531 2582 ἀνω
2560 2528 2825 2597 κλήσεως-

462 2611 592 2665 224.
626 2611 789 2683 Regio
811 2613 1073 2670 Zabulan.
1104 2617 1186 2671 Ad
1214 2619 1311 2674 hos
1347 2621 1493 2689 ipsos
1539 2624 1804 2690 propheta
1838 2639 1972 2677 con-

395 2698 505 2756 fert
540 2718 868 2769 sermonem,
932 2711 1072 2778 apud
1116 2726 1252 2779 quos
1309 2719 1555 2769 moratus
1581 2722 1661 2769 est
1688 2713 1965 2781 Dominus,

401 2793 496 2860 qui
528 2795 679 2863 prius
708 2795 761 2849 in
792 2799 1111 2864 ignorantim
1159 2803 1401 2859 tenebris
1448 2807 1814 2877 ambulantes,
1874 2823 1970 2862 ex-

395 2886 610 2940 oriente
636 2887 837 2945 lumine
865 2907 1015 2954 vero,
1038 2891 1189 2959 Quod
1205 2896 1684 2953 illuminotomncm
1706 2900 1967 2954 hominem

391 2979 674 3034 venientem
707 2984 760 3036 in
787 2984 927 3038 hunc
972 2988 1225 3041 mundum
1258 2989 1300 3054 ⁸,
1352 2990 1604 3044 viderunt
1649 2990 1819 3045 lucem
1855 3008 1964 3046 Ina-

2138 2621 2264 2675 224.
2296 2619 2464 2690 Χώρα
2502 2618 2841 2675 Ζαϐουλὼν.
2884 2620 3029 2692 Πρὸς
3054 2621 3181 2685 τοὺς
3208 2621 3405 2685 αὐτοὺς
3430 2619 3657 2675 ἀποτεί-

2067 2714 2267 2766 νεταιό
2307 2713 2613 2783 προφήτης,
2649 2710 2786 2780 πρὸς
2820 2710 2914 2775 οὒς
2959 2711 3330 2783 ἐπεχωρίαζεν
3355 2714 3385 2765 6
3423 2710 3652 2783 Κύριος,

2065 2803 2263 2867 οἵτινες
2313 2804 2579 2875 πρότερον
2606 2804 2663 2854 ὲν
2708 2801 2788 2873 τῷ
2827 2802 3008 2855 σκότει
3039 2804 3140 2873 τῆς
3171 2803 3393 2871 ἀγνοίας
3424 2803 3658 2875 πορευό-

2070 2913 2241 2966 μενοι,
2278 2899 2336 2949 ὲν
2384 2897 2451 2966 τῇ
2485 2895 2717 2967 ἀνατολῇ
2770 2894 2866 2948 τοῦ
2897 2894 3074 2965 φωτὸς
3116 2894 3210 2949 τοῦ
3259 2895 3547 2967 ἀληθινοῦ.
3587 2899 3652 2951 '0

2065 2985 2291 3056 φωτίζει
2304 2985 2500 3040 πάντα
2510 2985 2823 3054 ἄνθρωπον
2831 2986 3158 3055 ἐρχόμενον
3170 2987 3258 3052 εἰς
3272 2985 3379 3039 τὸν
3393 2987 3653 3055 κόσμον,

388 3084 572 3140 gnam.
608 3072 775 3128 Nemo
798 3082 976 3131 autem
1003 3079 1310 3147 suspicetur
1338 3070 1573 3136 Mattluei
1599 3093 1654 3137 et
1684 3085 1960 3153 propheta:

2080 3074 2207 3132 εἶδον
2238 3076 2346 3147 (20)
2386 3077 2503 3148 φῶς
2537 3076 2699 3148 μέγα.
2734 3077 2845 3130 Καὶ
2885 3076 3076 3147 μηδεὶς
3113 3076 3310 3130 οίέσθω
3349 3076 3653 3146 διαφωνίαν

389 3161 553 3216 verba
590 3178 711 3218 esse
740 3165 881 3220 inter
902 3182 960 3221 se
990 3173 1310 3237 pugnantia,
1330 3175 1428 3228 etsi
1459 3174 1545 3228 ille
1567 3176 1784 3245 quidem
1805 3178 1963 3231 dixe-

386 3252 481 3316 rit,
524 3252 755 3323 Populus
780 3258 871 3327 qui
901 3259 1106 3313 sedebat
1152 3261 1206 3315 in
1247 3263 1468 3318 tenebris
1504 3270 1559 3329 ⁵;
1604 3267 1801 3321 Isaiam
1832 3283 1964 3323 vero

387 3353 601 3398 constet
632 3346 871 3401 dixisse:
900 3349 1004 3413 Qui
1037 3350 1344 3407 ambulabat
1388 3356 1441 3409 in
1471 3359 1715 3413 tenebris.
1744 3358 1877 3413 Nam
1909 3361 1963 3415 in

387 3435 636 3490 tenebris
666 3437 946 3492 ambulare
976 3440 1116 3494 idem
1156 3445 1296 3498 valet
1326 3456 1487 3514 atque
1523 3450 1575 3500 in
1604 3450 1842 3505 tenebris
1868 3467 1958 3506 se-

386 3527 537 3587 dere,
567 3543 691 3582 cum
727 3536 954 3600 uterque
981 3548 1008 3586 a
1036 3538 1315 3603 proposito
1342 3538 1446 3593 line
1500 3541 1753 3598 similiter
1801 3543 1961 3598 aber-

385 3628 490 3681 ret,
523 3626 633 3671 tum
661 3622 751 3688 qui
785 3638 892 3675 non
922 3635 1196 3692 movetur,
1234 3638 1344 3682 tum
1388 3632 1479 3701 qui
1534 3643 1740 3690 temere
1764 3637 1956 3690 obam-

383 3708 533 3764 bulat
567 3714 927 3771 errabundus.
954 3716 1054 3783 Qui
1084 3721 1226 3773 enim
1272 3723 1393 3777 sine
1432 3740 1597 3796 scopo
1639 3727 1860 3793 incedit,
1891 3732 1958 3786 ad

384 3800 590 3853 nullum
619 3813 826 3858 certum
853 3805 1028 3860 locum
1064 3810 1249 3878 vadit;
1285 3811 1376 3880 qui
1408 3828 1535 3871 vero
1567 3816 1618 3869 in
1666 3817 1778 3872 otio
1818 3819 1958 3873 deti-

383 3900 568 3954 netur,
601 3908 942 3963 nequaquam
972 3898 1131 3952 linem
1161 3904 1489 3970 assequitur.
1525 3904 1624 3961 Hic
1667 3908 1826 3977 igitur
1856 3923 1954 3978 po-

382 3982 560 4051 pulus,
591 3983 683 4052 qui
730 3988 971 4053 gentium
1027 3990 1331 4059 ignorantia
1383 3996 1785 4063 obcmcabatur,
1823 4000 1953 4053 vidit

381 4071 579 4139 lucem,
612 4091 717 4129 non
750 4078 931 4145 talem,
964 4082 1142 4150 qualis
1175 4084 1243 4138 ab
1271 4087 1415 4155 igne.
1443 4096 1538 4141 aut
1572 4105 1600 4142 a
1632 4091 1827 4157 stellis,
1860 4101 1954 4145 aut

380 4181 410 4220 a
446 4164 595 4230 luna,
623 4178 715 4222 aut
743 4184 772 4223 a
800 4172 931 4233 sole.
974 4183 1070 4229 aut
1113 4190 1141 4228 a
1199 4175 1443 4245 fulgetris
1489 4181 1619 4234 oriri
1663 4182 1953 4250 solet;sed

380 4257 515 4311 vidit
541 4258 712 4314 lucem
756 4277 1031 4331 magnam.
1063 4280 1183 4334 qua:
1214 4267 1491 4322 intellectu
1517 4285 1786 4341 sensuque
1813 4289 1954 4344 prte-

376 4347 506 4403 ditis
535 4351 773 4424 aﬂulget,
818 4370 939 4424 quae
990 4345 1211 4413 etcum
1267 4359 1425 4414 Patre
1457 4373 1561 4428 est,
1603 4370 1658 4419 et
1706 4366 1949 4422 homines

376 4438 632 4508 illustrat,
655 4454 709 4500 et
735 4447 954 4516 angelos
983 4449 1145 4506 ellicit
1169 4451 1500 4519 splendidos,
1530 4465 1585 4509 et
1623 4455 1952 4511 sollicitem-

377 4533 556 4598 nibus,
578 4535 688 4590 imo
705 4536 866 4593 latius
897 4540 1073 4595 adhuc
1104 4544 1350 4598 extendit
1380 4560 1507 4600 suos
1555 4546 1810 4611 fulgores.
1843 4548 1948 4603 Sed

380 4641 432 4678 .n
467 4641 570 4694 qua
600 4629 820 4699 regione
862 4633 1088 4701 populus
1141 4637 1379 4700 gentium
1430 4638 1751 4694 habitabat?
1775 4640 1830 4694 ln
1863 4657 1950 4695 re-

375 4717 534 4786 gione
570 4721 808 4776 tenebris
840 4725 1032 4779 mortis
1055 4736 1330 4793 cooperta.
1383 4729 1516 4784 Nam
1567 4733 1647 4787 eis
1682 4732 1945 4800 impendit

376 4809 539 4864 veluti
567 4812 736 4868 nubes
786 4816 950 4870 densa
995 4833 1091 4885 per
1134 4819 1522 4888 idololatriam,
1576 4824 1748 4890 donec
1793 4826 1944 4880 venit

2069 3169 2212 3241 ἔχειν
2242 3169 2377 3240 πρὸς
2410 3169 2469 3222 τὺ
2515 3167 2853 3240 προφητικὸν
2906 3167 3069 3239 ῥητὸν
3096 3167 3164 3221 τά
3191 3166 3345 3239 παρά
3371 3168 3467 3222 τοῦ
3498 3170 3655 3222 Ματ-

2070 3260 2222 3315 θαίου
2242 3275 2258 3290 ·
2287 3262 2444 3333 εἴπερ
2470 3263 2499 3315 6
2528 3262 2624 3331 μὲν
2662 3256 2848 3314 εἶπεν·
2893 3260 2947 3313 Ὀ
2975 3259 3126 3327 λαὸς
3153 3263 3187 3315 ὁ
3216 3259 3556 3330 καθήμενος
3580 3262 3655 3315 ἐν

2067 3353 2270 3407 σκότει
2288 3370 2302 3384 ·
2331 3355 2359 3407 6
2385 3352 2442 3405 δὲ
2479 3352 2703 3415 Ἡσαΐας
2735 3352 2985 3420 φαίνεται
3010 3350 3248 3424 εἰρηκώς
3266 3370 3281 3383 ⁵
3319 3352 3373 3406 '0
3393 3355 3653 3421 πορευό·

2060 3465 2244 3516 μενος
2268 3448 2338 3500 ἐν
2364 3448 2588 3501 σκότει.
2629 3448 2773 3500 Ἴσον
2791 3446 2900 3519 γὰρ
2925 3446 3145 3500 δύναται
3164 3447 3259 3499 καὶ
3285 3446 3347 3499 τὸ
3372 3447 3433 3501 ἐν
3463 3448 3653 3502 σκότει

2067 3540 2411 3611 πορεύεσθαι,
2447 3539 2541 3592 κα)⁵
2566 3548 2628 3591 το
2658 3537 3014 3603 καθέζεσθαιο
3048 3538 3184 3592 διότι
3216 3539 3311 3593 τοῦ
3340 3540 3652 3612 ἀποκειμέ-

2064 3652 2156 3688 νου
2204 3634 2391 3696 τέλους
2430 3632 2629 3702 ὁμοίως
2676 3633 2975 3704 ἀμφότεροι
3017 3631 3444 3686 ἀπολείπονταισ
3482 3636 3513 3688 6
3548 3635 3650 3705 μὲν

2068 3725 2141 3797 μὴ
2171 3723 2506 3793 κινούμενος,
2544 3725 2573 3777 6
2600 3723 2659 3776 δὲ
2697 3724 2818 3794 εἰκῆ
2854 3724 3297 3795 περιεργόμενος.
3331 3725 3445 3779 Καὶ
3481 3726 3598 3799 γάρ
3619 3728 3652 3782 6

2063 3817 2190 3870 ἄνευ
2248 3814 2452 3869 σκοποῦ
2494 3814 2748 3885 βαδίζων,
2797 3815 3030 3886 οὐδαμοῦ
3072 3819 3371 3888 προχωρεῖ,
3407 3819 3559 3873 καὶὸ
3588 3821 3650 3874 ὲν

2061 3907 2230 3980 ἀργίᾳ
2276 3906 2650 3977 πεπεδημένος
2689 3905 2801 3978 (21)
2847 3906 2947 3960 οὐκ
2979 3908 3279 3975 ἐφικνεῖται
3304 3909 3401 3963 τοῦ
3429 3910 3644 3977 τέλους.

2059 3993 2229 4062 Οὗτος
2260 3997 2439 4051 τοίνυν
2479 3999 2508 4050 6
2556 3997 2704 4062 λαός,
2728 4000 2757 4051 6
2784 3999 2843 4050 ὲν
2869 4001 2934 4070 τῇ
2968 3998 3153 4071 ἐθνικῇ
3186 4001 3378 4072 ἀγνοίᾳ
3413 4005 3650 4058 ὲσκοτω.

2062 4092 2241 4162 μένος,
2265 4087 2371 4143 εἶδε
2400 4089 2536 4160 φῶς,
2558 4091 2658 4161 οὐχ
2689 4084 2801 4144 οἷον
2822 4092 2883 4145 τὸ
2909 4092 3016 4145 ἀπδ
3040 4094 3231 4164 πυρὸς,
3262 4094 3383 4147 οὐδὲ
3424 4090 3542 4149 οἷον
3584 4097 3645 4150 τὸ

2057 4181 2168 4236 ἀπὸ
2221 4181 2467 4254 ἀστέρων
2517 4182 2550 4253 ἢ
2618 4182 2871 4255 σελήνης,
2923 4184 3046 4238 οὐδὲ
3093 4179 3205 4239 οἷον
3249 4186 3311 4239 τὸ
3343 4186 3638 4260 ήλιακδνῆ

2056 4274 2413 4343 ἀστραπαῖον.
2456 4271 2595 4325 ἀλλά
2624 4271 2742 4342 φῶς
2773 4273 2952 4344 μέγαο
2992 4274 3021 4327 6
3040 4275 3136 4329 καὶ
3161 4280 3372 4346 νοητοῖς
3404 4278 3644 4349 ἐπιλάμ-

2055 4383 2146 4420 πει
2174 4365 2268 4419 καὶ
2297 4363 2597 4437 αἰσθητοῖς,
2625 4364 2653 4418 ὃ
2685 4367 2780 4419 καὶ
2820 4366 2996 4438 Πατρὶ
3024 4366 3260 4433 σύνεστι,
3296 4367 3395 4422 καὶ
3424 4367 3642 4441 ἀνθρώ-

2054 4477 2190 4524 πους
2249 4458 2496 4530 φωτίζει,
2553 4458 2649 4512 καὶ
2681 4458 2946 4527 ἀγγέλους
2992 4458 3293 4530 φαιδρύνει,
3345 4459 3442 4513 καὶ
3470 4462 3639 4513 πᾶσιν

2053 4552 2304 4622 ἐπαρκεῖ,
2352 4550 2449 4604 καὶ
2492 4548 2573 4602 ἔτι
2602 4550 2796 4603 ἑαυτοῦ
2825 4550 2924 4614 τὰς
2968 4550 3146 4618 αὐγὰς
3174 4552 3289 4623 ἔχει
3318 4552 3639 4624 ὑπερτεινοο

2056 4637 2222 4710 μένας
2248 4639 2386 4711 πρὸς
2424 4638 2536 4711 (22)
2568 4638 2631 4692 τὸ
2660 4638 2863 4693 πλεῖον.
2916 4640 2975 4694 '0
3005 4639 3062 4693 δὲ
3094 4640 3228 4705 λαὸς
3256 4642 3285 4693 6
3307 4641 3417 4693 τῶν
3462 4640 3636 4694 ἐθνῶν

2048 4731 2181 4803 (om
2203 4733 2259 4785 ὲν
2291 4729 2446 4802 χώρα
2475 4730 2688 4802 ποδαπῇ
2715 4749 2728 4792 ;
2755 4731 3092 4803 Σκιαζομένῃ
3114 4733 3220 4786 ὑπὸ
3250 4732 3345 4787 τοῦ
3372 4733 3630 4787 θανάτου.

2036 4826 2227 4879 -Οίονεὶ
2265 4823 2374 4895 γάρ
2410 4822 2606 4892 νεφέλη
2655 4823 2845 4893 βαθεῖα
2880 4825 3130 4878 ἐπέκειτο
3164 4824 3275 4895 (25)
3303 4826 3513 4890 αὐτοῖς,
3543 4825 3631 4878 διὰ

377 4900 578 4968 lumen,
629 4905 796 4973 quod,
824 4906 1078 4962 intercisa
1127 4918 1181 4963 et
1226 4926 1452 4969 excussa
1514 4915 1763 4987 caligine,
1808 4916 1940 4986 ipsis

2080 4917 2149 4987 ἧς
2189 4915 2653 4985 εἰδωλολατρείας,
2696 4915 2803 4981 ἓως
2845 4916 3000 4970 ἐλθὸν
3047 4916 3109 4969 τὸ
3135 4916 3251 4986 φῶς
3277 4917 3490 4987 διέκοψε
3532 4918 3629 4988 μὲν

374 4991 716 5061 splendorem
765 4998 996 5053 ostendit
1040 5000 1314 5059 veritatis.
1364 5003 1605 5061 Subinde
1654 5006 1722 5062 ad
1762 5007 1937 5077 ipsam

2080 5009 2145 5081 ὴν
2177 5008 2367 5079 ἀχλὺν,
2393 5005 2682 5078 ὲφήπλωσε
2714 5008 2770 5062 δὲ
2793 5010 2974 5073 αὐτοῖς
2998 5009 3096 5081 τῆς
3121 5008 3376 5080 ἀληθείας
3399 5012 3461 5063 τὸ
3491 5010 3629 5079 φέγ-

442 5195 489 5228 ”
522 5196 638 5251 Col.
672 5212 710 5263 ι,
740 5196 828 5254 15.
903 5199 921 5231 ¹
948 5198 1104 5256 Joan.
1130 5218 1171 5269 ι,
1201 5202 1254 5260 1.
1332 5206 1552 5270 'Gal.1,
1585 5207 1675 5262 16.
1760 5210 1783 5241 ⁸
1810 5208 1966 5282 ΡΙιὶΙίι

2080 5228 2158 5277 ιιι,
2192 5211 2280 5270 lt.
2357 5213 2380 5246 ⁸
2407 5212 2568 5269 Joan.
2600 5227 2641 5280 ι,
2661 5212 2716 5268 9.
2811 5211 2835 5244 ⁸
2872 5210 3063 5266 Matth.
3096 5225 3172 5276 iv,
3214 5208 3298 5264 16.

447 5364 558 5426 (18)
592 5364 812 5434 Antiqui
844 5375 952 5416 tres
985 5363 1105 5417 libri
1136 5378 1260 5419 eum
1307 5366 1484 5427 editis,
1538 5366 1635 5420 τοῦ
1674 5367 1942 5434 δοθέντος,

378 5439 605 5503 humore
632 5436 743 5488 dati
775 5434 971 5501 poculi.
1012 5434 1114 5487 Alii
1161 5445 1270 5489 tres
1305 5452 1460 5500 mss.,
1506 5437 1603 5490 τοῦ
1663 5439 1941 5503 ποθέντος.

593 5502 834 5577 Uterque
870 5503 1066 5577 Colb.,_
1087 5505 1670 5577 κατεσπουδασμένως.

320 5575 323 5579 ⁴
399 5573 560 5660 ν..(20)
593 5575 684 5629 Sic
715 5590 845 5629 mss.
874 5573 1131 5629 nonnulli.
1161 5574 1300 5632 Editi
1329 5592 1455 5631 vero
1474 5573 1534 5631 ἐι
1555 5578 1685 5648 lieg.
1715 5580 1944 5649 primus,

369 5644 558 5779 “6:1.”
591 5712 730 5769 Edili
775 5722 829 5769 et
871 5712 1003 5784 Reg.
1034 5715 1257 5785 primus,
1308 5716 1751 5793 πεπαιδευμένος,
1807 5719 1941 5775 Hinc

2044 5380 2201 5426 vetus
2232 5374 2519 5445 interpres.
2558 5376 2664 5443 Qui
2695 5376 2981 5430 etiamnum
3031 5376 3190 5430 inerti
3235 5375 3343 5427 otio
3404 5377 3620 5429 edoctus

2045 5453 2119 5496 est
2147 5445 2333 5498 vivere.
2377 5448 2479 5502 Alii
2514 5450 2752 5518 quinque
2778 5461 2936 5511 mss.,
2967 5446 3364 5509 πεπεδημένος,
3392 5446 3500 5500 alio
3524 5447 3618 5499 de-

2046 5523 2239 5576 tentus,
2275 5519 2478 5580 optime

2120 5583 2232 5660 (22)
2263 5585 2486 5660 Antiqui
2512 5596 2622 5643 tres
2650 5587 3269 5660 Ιίιιτίηὖπερτεινόμενος
3294 5582 3460 5660 ὑπὲρ.

2117 5654 2228 5723 (23)
2263 5653 2390 5725 Reg.
2417 5653 2668 5728 quartus,
2709 5653 2986 5714 ἀπέκειτο.
