3808 6212
125 277 236 334 509

1004 272 1362 339 COMMENT.
1403 281 1472 338 ΙΝ
1513 281 1749 339 ISAIAM
1785 279 2227 338 PROPHETAM.
2268 279 2423 337 CAP.
2466 278 2556 335 IX.

3298 272 3405 329 5l0

127 414 250 466 γος.
276 390 418 451 Εἶτα
441 395 583 470 πρὸς
614 396 748 451 αὐτὸ
773 396 840 451 τὸ
870 398 966 454 τοῦ
1002 402 1213 474 Κυρίου
1248 405 1541 475 πρόσωπον
1570 418 1733 474 μετα·
1758 402 1804 463 Α
1835 402 1897 457 Dt

1847 402 2049 457 Domini
2119 415 2409 472 personam
2457 397 2656 468 transit
2686 394 2881 452 oratio.
2939 392 3079 461 Quid
3128 387 3409 448 enuntiat?

128 488 314 543 ϐαίνει
341 490 372 542 ὁ
393 487 574 557 λόγος.
604 488 673 543 Τί
699 489 911 560 λέγωνς
946 491 1017 547 Τὸ
1041 494 1335 549 πλεῖστον
1363 494 1472 550 τοῦ
1492 494 1671 559 λαοῦ,
1695 494 1727 548 ὃ

127 578 471 650 κατήγαγες
515 580 631 652 (24)
677 580 749 635 ἐν
782 584 1133 655 εὐφροσύνῃ
1173 600 1311 641 σου.
1354 587 1430 641 Ui)
1460 586 1569 659 γὰρ
1597 588 1732 642 πάν-

127 689 223 736 τες
248 671 510 738 ἐδέξαντο
538 672 633 727 τὸν
660 674 841 743 λόγον,
872 676 988 730 ἀλλ’
1013 679 1063 731 οί
1088 679 1331 733 πλεῖστοι
1356 679 1732 752 ἠκολούθησαν

128 763 209 836 τῷ
258 764 522 819 καλοῦντι
579 768 659 830 είς
720 768 1061 841 εὐφροσύνην
1115 771 1334 826 αἰώνιον
1355 811 1370 836 ,
1404 773 1602 837 οἵτινες
1636 773 1733 826 καὶ

131 858 610 930 εὐφρανθήσονται
658 861 889 916 ἐνώπιον
921 862 1017 916 τοῦ
1057 863 1216 920 Θεοῦ.
1273 868 1370 934 Ὠς
1403 870 1459 922 oi
1494 869 1734 936 εὐφραι-

130 953 377 1020 νόμενοι
442 952 517 1005 ἐν
542 952 766 1022 ἁμήτῳ.
805 957 879 1008 "O'
903 955 1014 1028 γὰρ
1058 956 1270 1029 σπείρει
1315 957 1570 1023 ἕκαστος,
1607 957 1732 1011 τοῦ-

132 1059 194 1097 το
224 1044 327 1097 καὶ
390 1042 621 1115 θερίσει.
698 1046 788 1100 Ἐν
838 1042 933 1101 οὖν
980 1050 1048 1119 τῇ
1110 1049 1298 1122 ἡμέρᾳ
1349 1051 1449 1120 τῆς
1495 1051 1733 1103 ἀνταπο-

131 1135 339 1199 δόσεως
373 1137 423 1189 οἱ
475 1136 570 1189 τὸν
597 1136 755 1205 λόγον
787 1138 1094 1210 δεξάμενοι,
1139 1142 1234 1194 καὶ
1277 1142 1735 1214 καρποφορήσαν-

134 1246 227 1291 τες
255 1229 375 1299 (25)
406 1228 552 1283 κατὰ
582 1230 874 1299 ἀναλογίαν
904 1231 1015 1285 τῶν
1036 1231 1270 1287 ἐνταῦθα
1311 1235 1496 1298 αὐτοῖς
1521 1251 1734 1306 προκαα

134 1318 380 1390 ταὸεὸλη
389 1319 591 1390 μένων,
637 1319 992 1392 κομιζόμενοι
1020 1322 1170 1395 παρὰ
1195 1322 1290 1376 τοῦ
1316 1323 1527 1378 δικαίου
1543 1322 1733 1396 κριτοῦ

135 1410 238 1474 τὰς
267 1411 648 1482 ἀντιμισθίας,
673 1413 1164 1485 εὐφρανθήσονται,
1210 1417 1306 1482 Ὠς
1336 1419 1390 1470 οἱ
1421 1417 1736 1486 εὐφραινό-

132 1519 308 1572 μενοι
339 1502 414 1556 ἐν
462 1503 691 1572 tilum),
742 1504 841 1559 καὶ
881 1504 955 1558 ὃν
992 1508 1219 1574 τρόπον
1252 1509 1307 1561 οὶ
1333 1506 1736 1576 διαιρούμενοι

138 1595 365 1650 σκῦλα.
392 1597 455 1649 Οἱ
480 1595 580 1666 μὲν
599 1597 1016 1667 εὐφραινόμενοι
1038 1599 1096 1651 ὲν
1112 1598 1329 1670 ἀμήτῳ,
1359 1601 1423 1652 ὲκ
1451 1599 1561 1654 τῶν
1590 1601 1738 1653 ίδίων

138 1686 325 1739 πόνων
347 1685 450 1750 τὰς
480 1685 656 1756 ἀρχὰς
675 1689 775 1758 τῆς
817 1687 1157 1760 εὐφροσύνης
1197 1689 1411 1761 ἔχουσιν
1429 1708 1440 1718 ·
1471 1692 1520 1744 οί
1549 1691 1607 1744 δὲ
1628 1691 1738 1745 ἀπὸ

141 1778 363 1831 σκύλων
395 1777 774 1842 πλουτοῦντες.
800 1778 1007 1851 ἁθρόαν
1038 1781 1396 1852 ὑποδέχονται
1439 1780 1536 1835 τοῦ
1572 1781 1730 1836 πλού-

136 1887 236 1924 του
268 1871 372 1941 τὴν
393 1870 670 1942 ἀφορμήν.
708 1870 809 1924 Διὰ
835 1871 994 1926 τοῦτο
1016 1873 1305 1946 ἀμφότερα
1345 1869 1519 1939 εἶπεν,
1544 1875 1638 1927 καὶ
1666 1874 1735 1928 τὰ

138 1960 202 2026 ἐξ
229 1959 570 2024 ἀντιδόσεως
601 1960 802 2029 ἀγαθὰ,
837 1962 931 2015 καὶ
958 1961 1027 2016 τὰ
1058 1964 1121 2016 ὲκ
1146 1964 1368 2035 χάριτος
1391 1965 1497 2018 ὑπὸ
1524 1965 1617 2018 τοῦ
1643 1982 1737 2036 μι-

139 2049 457 2121 γαλοδώρου
495 2049 1036 2118 δίδοσθαιμέλλοντα.
1079 2055 1386 2126 Ἀφῄρηται
1408 2056 1737 2128 γὰρὸζυγὸς

138 2147 173 2199 ὁ
216 2146 315 2198 ἐπὶ
347 2144 459 2199 τῶν
482 2145 651 2199 ἐθνῶν
674 2138 984 2218 κείμενος,
1021 2146 1383 2201 άπεσείσαντο
1426 2147 1516 2200 τὸν
1565 2146 1736 2218 βαρὺν

141 2237 308 2306 ζυγὸν
335 2237 434 2293 τοῦ
476 2242 542 2309 τῇ
573 2239 789 2311 δουλείᾳ
835 2240 936 2310 τῆς
964 2239 1243 2311 ἁμαρτίας
1276 2241 1475 2305 αὐτοὺς
1501 2240 1736 2306 ὑποζεύ-

142 2326 357 2392 ξαντος,
392 2329 489 2381 καὶ
516 2328 699 2400 ῥάϐδῳ
720 2329 810 2382 τὸν
827 2329 1100 2401 τράχηλον
1125 2329 1305 2383 αὐτῶν
1323 2331 1739 2401 κατακάμπτον-

138 2436 256 2483 τος,
282 2419 370 2473 ἵνα
390 2418 453 2473 τὺ
480 2420 839 2474 ἀποστολικὺν
877 2423 1141 2492 κήρυγμα
1160 2422 1259 2492 τῆς
1288 2422 1470 2494 ψυχῆς
1490 2422 1736 2477 καταϐα-

137 2509 349 2575 λόντες,
384 2511 461 2583 μὴ
488 2511 602 2583 (26)
628 2512 950 2583 ὑποκύψωσι
972 2518 1040 2586 τῇ
1065 2514 1279 2587 δουλείᾳ
1307 2515 1403 2587 τῆς
1437 2516 1732 2587 ἁμαρτίας.

185 2603 344 2658 225.
384 2604 508 2671 Τὴν
530 2606 640 2672 γὰρ
661 2603 896 2673 ῥάϐδον
914 2604 1037 2659 τῶν
1064 2607 1480 2660 ἀπαιτούντων
1505 2605 1739 2660 διεσκέ-

138 2695 356 2759 δασεν,
385 2696 468 2761 ὡς
491 2694 566 2764 τῇ
594 2695 784 2766 ἡμέρᾳ
812 2695 891 2767 τῇ
919 2697 1017 2751 ἐπὶ
1045 2696 1301 2766 Μαδιάμ.
1336 2698 1532 2763 Δεινὸς
1567 2699 1737 2753 άπαι-

140 2788 315 2858 τητὴς
354 2788 625 2859 ἐφέστηκε
659 2791 727 2859 τῇ
777 2788 1097 2862 ἀνθρωπίνῃ
1138 2789 1272 2860 ζωῇ,
1303 2788 1592 2864 ραὀδίζων,
1642 2789 1738 2844 καὶ

140 2879 401 2932 ἀπαιτῶν
431 2878 502 2933 τὰ
523 2879 720 2933 ἑαυτοῦ
741 2880 1044 2953 θελήματα,
1072 2884 1100 2934 ὁ
1126 2883 1303 2945 κοινὸς
1333 2884 1364 2953 ἡ
1374 2882 1489 2953 μῶν
1523 2882 1736 2955 ἐχθρός.

139 2971 340 3025 Βούλει
367 2972 562 3044 μαθεῖν
581 2973 681 3043 τῆς
700 2973 898 3043 ῥάϐδου
919 2973 1123 3044 ταύτης
1138 2974 1240 3038 τὰς
1255 2974 1468 3046 πληγάς
1488 2992 1503 3041 ;
1539 2976 1739 3029 Ἀκουε

140 3063 243 3117 τοῦ
275 3062 530 3131 λέγοντος
549 3079 563 3093 ·
624 3060 1020 3132 Προσώζεσαν
1048 3063 1147 3117 καὶ
1180 3062 1509 3131 ἐσάπησαν
1543 3066 1598 3118 oi
1613 3062 1738 3132 μώ-

140 3152 506 3222 λωπέςμου.
534 3153 802 3216 Δυσὼδεις
830 3154 1103 3223 μώλωπας
1127 3157 1347 3224 ἐμποιεῖ
1367 3152 1445 3224 τῷ
1482 3154 1741 3225 πληγέντι

146 3245 189 3316 ἡ
224 3243 442 3316 πονηρὰ
477 3244 688 3316 ῥάϐδος.
728 3246 1010 3317 Ἐννόησον
1039 3246 1128 3318 μοί
1156 3263 1278 3300 τινα
1306 3247 1661 3317 συνεχόμενον
1685 3249 1744 3300 ἐν

148 3335 476 3406 ἐπιθυμίαις
528 3335 822 3400 ποικίλαις.
876 3339 973 3390 καὶ
1032 3338 1278 3410 σφοδρῶς
1328 3338 1648 3408 ἐγκείμενον
1673 3342 1740 3411 τῇ

147 3426 456 3482 ἀπολαύσει
488 3427 598 3480 τῶν
618 3427 846 3499 ἡδονῶν.
882 3429 1000 3493 πῶς
1031 3428 1411 3502 ραϐδιζομένιρ
1433 3430 1598 3496 ἔοικε,
1648 3434 1743 3487 καὶ

148 3519 495 3591 ἀπαγομένη»
517 3520 656 3591 πρὸς
692 3520 791 3591 τὴν
821 3523 1121 3594 ἁμαρτίαν.
1160 3524 1274 3577 Οὐκ
1317 3523 1531 3595 ἀνίησιν
1561 3526 1594 3595 ἡ
1626 3528 1744 3580 ἐπι-

151 3615 327 3685 θυμία
365 3615 568 3687 κέντρα
609 3616 703 3669 καὶ
745 3616 936 3679 ὀδύνας
993 3618 1295 3688 ἐμποιοῦσα
1334 3618 1411 3688 τῷ
1437 3619 1740 3690 ἀκολάστῳ,

148 3708 259 3771 ἕως
304 3706 371 3760 ἂν
410 3707 502 3759 τὸν
537 3710 606 3761 ἐκ
634 3707 735 3778 τῆς
779 3708 1054 3779 ἁμαρτίας
1094 3708 1337 3779 μώλωπα
1359 3713 1424 3782 τῇ
1457 3709 1603 3781 ψυχῇ
1640 3712 1743 3781 ἐμ-

150 3800 385 3869 ποιήσῃ.
420 3799 684 3853 δυσωδίαν
710 3799 1000 3869 ἐναφιὲντα
1028 3802 1086 3853 ὲν
1111 3804 1181 3873 τῇ
1208 3801 1317 3854 τῶν
1343 3802 1586 3873 αἰσχρῶν
1613 3803 1744 3855 ἀνα-

152 3892 376 3962 μνήσει.
418 3890 635 3963 Ταύτην
673 3892 852 3946 τοίνυν
895 3892 994 3964 τὴν
1044 3893 1240 3964 ῥάϐδον
1272 3894 1634 3955 διασκεδάσει,
1668 3895 1744 3957 ὡς

148 3983 476 4038 διεσκέδασε
519 3984 618 4056 τὴν
663 3984 837 4056 ἀρχὴν
890 3985 982 4037 καὶ⁸
1014 3984 1111 4056 τὴν
1137 3984 1455 4039 δυναστείαν
1480 3986 1589 4039 τῶν
1618 3987 1741 4040 Μα-

149 4073 419 4145 διηναίων
435 4074 571 4144 (27)·
592 4067 666 4127 ὧν
689 4070 843 4144 οἶμαι
864 4076 962 4146 τῆς
993 4075 1231 4147 ἱστορίας
1255 4075 1556 4146 μέμνησθε,
1584 4076 1617 4146 ἢ
1644 4077 1744 4146 τῆς

149 4164 301 4218 κατὰ
334 4166 466 4228 τοὺς
508 4164 822 4236 Ἀριθμοὺς,
877 4165 911 4235 ἢ
956 4165 1054 4237 τῆς
1097 4167 1156 4219 ἐν
1194 4171 1306 4231 τοῖς
1371 4167 1622 4236 Κριταῖς.
1653 4168 1743 4220 Ἐν

153 4259 260 4327 μὲν
315 4258 428 4329 γὰρ
478 4262 591 4322 τοῖς
634 4258 914 4330 Ἀριθμοῖς
969 4275 1131 4328 (mor
1191 4259 1610 4327 Παρετάξαντο
1646 4259 1744 4312 ἐπὶ

150 4350 418 4420 Μαδιὰμ,
464 4351 613 4405 καθὰ
648 4351 988 4405 ἐνετείλατο
1035 4351 1250 4418 Κύριος
1282 4349 1362 4415 τῷ
1395 4351 1615 4414 Μωσεῐ,
1646 4351 1745 4405 καί

1832 493 2078 549 Plurima
2106 511 2233 565 pars
2263 492 2469 561 populi,
2498 506 2654 562 quam
2687 489 2956 542 deduxisti
2991 484 3258 540 iniustitia
3287 491 3406 538 tua.

1831 583 1949 639 Non
1974 585 2122 641 enim
2152 597 2346 638 omnes
2383 586 2717 649 exceperunt
2763 578 3010 641 verbum,
3051 577 3147 632 sed
3190 574 3412 645 plurimi

1832 686 2116 730 vocantem
2141 675 2208 728 ad
2239 683 2499 728 teternam
2529 669 2772 724 laetitiam
2814 667 2986 723 secuti
3041 674 3190 730 sunt,
3236 663 3329 735 qui
3353 670 3411 718 et

1833 763 2164 819 laetabuntur
2198 765 2250 816 in
2284 769 2576 830 conspectu
2609 758 2723 819 Dei,
2766 756 2911 812 Sicut
2959 758 3049 826 qui
3081 753 3333 808 (artantur
3354 752 3413 805 in

1838 870 2023 909 messe.
2067 853 2222 920 Quod
2281 851 2426 904 enim
2478 847 2714 904 seminat
2769 846 3161 914 unusquisque,
3218 842 3323 897 hoc
3353 846 3413 897 et

1835 942 2055 1000 metet“.
2083 944 2270 1013 Itaque
2297 942 2352 996 in
2379 940 2466 995 die
2489 937 2963 1001 remunerationis,
2980 935 3070 1006 qui
3092 933 3413 990 admiserint

1835 1034 2095 1099 verbum,
2123 1043 2285 1101 atque
2334 1048 2434 1102 pro
2469 1032 2679 1086 ratione
2699 1044 2887 1085 eorum
2910 1043 3029 1099 quae
3056 1026 3206 1097 prius
3233 1027 3286 1081 in
3309 1024 3412 1081 hac

1833 1127 1944 1179 vita
1975 1123 2078 1179 sibi
2139 1122 2359 1178 fuerant
2411 1121 2748 1184 concredita,
2807 1119 3018 1174 fructus
3061 1116 3351 1179 ediderint,
3382 1131 3412 1169 ιι

1830 1215 1981 1285 justo
2004 1215 2190 1284 judice
2221 1214 2529 1269 mercedem
2568 1213 2783 1268 meritis
2806 1212 2949 1266 baud
2984 1211 3244 1279 imparem
3276 1224 3413 1265 con-

1835 1306 2028 1366 secuti,
2089 1305 2254 1359 iidem
2318 1303 2665 1367 lmtabuntur,
2718 1301 2872 1357 Sicut
2922 1302 3016 1372 qui
3067 1300 3316 1355 lmtantur
3356 1299 3414 1352 in

1835 1414 2025 1461 messe,
2057 1405 2108 1451 et
2155 1397 2290 1450 sicut
2322 1397 2362 1449 ii
2406 1395 2497 1466 qui
2542 1395 2782 1449 dividunt
2839 1394 3031 1463 spolia.
3071 1391 3172 1460 Qui
3196 1391 3413 1462 quidem

1836 1487 2183 1543 oblectamur
2216 1487 2268 1540 in
2330 1500 2532 1551 messe,
2569 1501 2635 1539 ex
2684 1485 2798 1539 suis
2846 1485 3090 1552 ipsorum
3141 1483 3418 1538 laboribus

1838 1577 2018 1649 gaudii
2049 1579 2261 1632 initium
2286 1578 2544 1648 capiunt;
2574 1580 2665 1648 qui
2715 1593 2844 1634 vero
2877 1578 3067 1649 Spoliis
3108 1576 3416 1643 ditescant,

1843 1668 2179 1738 repentinam
2207 1684 2367 1736 opmn
2404 1668 2858 1738 acquiretularum
2907 1667 3248 1723 occasionem
3286 1681 3418 1723 nan-

1768 1745 1811 1800 Β
1842 1761 2143 1816 eiscuntur.
2192 1761 2534 1832 Quapropter
2593 1761 2732 1817 bona
2800 1773 3029 1832 utraque
3074 1759 3416 1826 memoravit,

1841 1861 1954 1906 tum
1986 1868 2105 1920 qua:
2141 1853 2591 1907 remunerationis
2628 1853 2864 1916 nomine,
2890 1860 3003 1905 tum
3034 1867 3153 1921 qua:
3186 1852 3355 1921 gratis
3378 1865 3413 1907 a

1844 1941 2352 1997 muniﬁcentissimo
2373 1942 2637 2013 largitore
2670 1944 2843 1997 danda
2862 1950 3038 1997 erant.
3064 1943 3311 1997 Ablatum
3332 1949 3420 1998 est

1842 2035 1983 2090 enim
2007 2034 2198 2104 jugum
2226 2034 2481 2103 gentibus
2536 2034 2872 2103 impositum.
2907 2033 3208 2088 Excussere
3255 2047 3422 2101 grave

1838 2124 2026 2196 jngum
2052 2124 2193 2192 ejus,
2223 2125 2494 2196 qui'ipsos
2521 2125 2831 2195 subjecerat
2876 2124 3079 2194 peccati
3137 2124 3418 2188 servituti,

1843 2232 2140 2285 eorumque
2170 2217 2370 2271 collum
2397 2217 2546 2288 virga
2580 2217 2927 2284 incurvabat,
2975 2225 3036 2271 ut
3066 2216 3418 2286 apostolicam

1845 2308 2286 2378 praedicationem
2315 2308 2367 2362 in
2401 2309 2583 2363 anima
2631 2307 2946 2375 fundentes,
2986 2323 3045 2363 sc
3074 2307 3187 2377 jam
3213 2304 3424 2378 peccati

1842 2402 2090 2459 servituti
2124 2417 2235 2457 non
2274 2402 2682 2458 submitterent.

1913 2601 2044 2658 225.
2086 2600 2301 2671 Virgam
2328 2601 2467 2679 enim
2489 2609 2797 2655 cunctorum
2844 2598 3145 2666 dissipavit,
3201 2598 3336 2653 sicut
3364 2598 3422 2652 in

1844 2694 1929 2749 die
1958 2710 2076 2765 qua:
2133 2710 2293 2763 super
2343 2691 2589 2747 Hadian.
2631 2690 2884 2745 Imminet
2938 2691 3244 2746 mortalium
3295 2689 3421 2744 vita

1844 2796 2071 2843 exactor
2100 2787 2302 2857 gravis,
2328 2784 2529 2840 feriens
2550 2784 2724 2855 virga,
2749 2784 3017 2854 exigensa
3048 2784 3222 2848 nobis,
3255 2781 3425 2856 559

1845 2888 1905 2932 ut
1935 2892 2087 2931 suam
2119 2878 2288 2945 ipsius
2326 2875 2663 2931 voluntatem
2697 2889 3084 2945 exsequamur,
3120 2875 3423 2930 communis

1849 2967 1937 3020 ille
1977 2965 2230 3020 inimicus
2275 2972 2483 3018 noster.
2521 2961 2620 3017 Vis
2678 2977 2835 3019 nosse
2863 2963 3082 3031 hujusce
3126 2963 3287 3031 virgae
3316 2963 3426 3033 pla-

1849 3058 1984 3128 gas?
2005 3056 2140 3110 Audi
2169 3071 2315 3117 eum,
2348 3055 2442 3125 qui
2497 3054 2632 3109 dicit
2661 3073 2674 3110 :
2708 3054 3038 3109 I’utruerunt
3074 3066 3121 3110 ct
3163 3043 3424 3125 corruptm

1844 3161 1963 3206 sunt
1999 3151 2267 3232 cicatrices
2298 3164 2425 3203 mea:
2445 3150 2488 3203 ".
2526 3148 2662 3202 Mala
2723 3148 2810 3203 illa
2855 3149 3004 3216 virga
3049 3149 3425 3217 grav-colentes

1844 3243 2053 3298 vibices
2081 3241 2131 3297 ei
2155 3242 2246 3311 qui
2294 3256 2468 3296 cursus
2511 3250 2618 3304 est,
2667 3240 2859 3296 inurit.
2911 3241 3078 3311 Finge
3111 3242 3204 3297 tibi
3241 3242 3425 3295 animo

1842 3335 2149 3405 quempiam
2179 3333 2345 3388 variis
2374 3331 2759 3401 cupiditatibus
2795 3332 3111 3395 obnoxium,
3138 3349 3202 3388 ac
3236 3332 3422 3386 fruen-

1843 3425 1927 3478 dis
1987 3424 2350 3493 voluptatibus
2394 3423 2551 3476 valde
2593 3423 2833 3477 deditum
2891 3439 2906 3476 :
2963 3422 3196 3490 quodam
3261 3423 3421 3476 modo

1844 3515 2150 3573 consimilis
2185 3515 2455 3569 videbitur
2508 3514 2594 3581 ei,
2646 3513 2738 3584 qui
2792 3527 3086 3581 percussus
3140 3513 3289 3580 virga
3314 3521 3421 3578 est,

1843 3620 2005 3677 atque
2032 3609 2097 3662 ad
2124 3616 2405 3678 peceatqu
2432 3607 2716 3662 adductus.
2749 3604 2865 3660 Non
2914 3605 3117 3661 ιὶιιείιιίι
3143 3604 3308 3661 l-bido
3329 3603 3425 3658 sti-

1846 3701 2022 3755 nmlos
2051 3701 2342 3754 admovere
2372 3698 2665 3768 impudico,
2700 3713 2933 3766 eumque
2965 3697 3153 3752 dolore
3185 3695 3420 3761 allicere;

1844 3793 2020 3848 donec
2051 3790 2256 3861 peccati
2290 3790 2522 3845 vibicem
2579 3804 2703 3860 qua:
2748 3805 2847 3859 per
2895 3789 3134 3858 turpium
3171 3788 3425 3844 recorda-

1857 3885 2055 3937 tionem
2089 3888 2286 3935 letrum
2342 3895 2407 3933 ac
2464 3878 2666 3934 findunt
2701 3879 2922 3933 odorem
2969 3876 3210 3940 exhalat,
3241 3877 3424 3930 animo

1847 3975 2207 4044 impresserit.
2236 3971 2529 4041 Dissipabit
2563 3971 2728 4040 igitur
2769 3970 2907 4024 hanc
2939 3970 3164 4038 \irgam,
3201 3968 3425 4035 perinde

1845 4076 1902 4119 ut
1931 4066 2294 4135 principatum
2327 4075 2383 4118 et
2410 4063 2699 4130 imperium
2730 4059 3149 4115 Madiauitarum
3189 4058 3424 4127 dissipa-

1845 4162 1958 4214 vit:
1995 4174 2253 4229 quorum,
2290 4167 2442 4227 puto,
2476 4154 2735 4210 historias
2760 4151 3114 4215 meministis;
3141 4150 3256 4206 sive
3278 4163 3424 4214 eam,

1844 4267 1965 4320 qua:
2003 4252 2055 4304 in
2081 4248 2359 4313 Numeris,
2391 4250 2506 4301 sive
2544 4261 2666 4299 eam
2712 4260 2831 4312 qum~
2887 4242 2941 4297 in
2978 4242 3122 4296 libro
3177 4238 3425 4295 Judicutn

1845 4343 2064 4411 legitur.
2134 4342 2223 4395 Ait
2259 4340 2473 4409 quidem
2516 4338 2566 4390 iu
2603 4335 2855 4390 Numeris
2908 4352 2922 4387 :
2979 4332 3254 4387 Instructa
3314 4332 3427 4384 acie

152 4443 523 4499 ἀπέκτειναν
577 4441 702 4498 πᾶν
737 4440 1083 4508 ἀρσενικὸν,
1141 4442 1241 4497 καί
1272 4441 1415 4508 τοὺς
1460 4442 1741 4509 ,βασιλεῖς
1775 4460 1818 4515 ο
1847 4453 1897 4506 pi

1847 4444 2144 4506 pugnanth
2170 4434 2418 4488 adversus
2475 4429 2718 4495 Madiuu,
2766 4432 2899 4481 sicut
2947 4425 3209 4494 pra'ccpit
3231 4423 3415 4476 Domi-

151 4534 401 4602 Μαδιάμ
428 4532 792 4587 ἀπέκτειναν
812 4533 932 4603 ἅμα
957 4533 1082 4598 τοῖς
1112 4534 1497 4602 τραυματίαις
1528 4535 1745 4588 αὐτῶν.

166 4625 258 4678 Ἐν
297 4623 359 4676 δὲ
391 4625 508 4686 τοῖς
561 4624 793 4694 Κριταῖς
812 4640 827 4654 ο
882 4624 943 4677 '0
976 4623 1213 4677 Γεδεὼν
1244 4623 1626 4693 ἀπέστρεψεν
1661 4628 1748 4693 εἰς

154 4716 272 4781 τὴν
304 4714 698 4783 παρεμϐολὴν
755 4714 1015 4783 Ἰσραὴλ,
1048 4714 1147 4768 καὶ
1200 4711 1371 4768 εἶπεν
1390 4732 1404 4745 ·
1457 4714 1747 4782 ’Λνάστη-

154 4826 220 4863 τε
249 4806 395 4877 (28),
433 4806 526 4859 ὅτι
553 4806 856 4876 παρέδωκε
878 4808 1092 4874 Κύριος
1108 4807 1175 4861 ἐν
1201 4806 1415 4876 χερσὶν
1442 4805 1612 4876 ήμῶν
1634 4806 1749 4874 τὴν

155 4896 552 4968 παρεμϐολὴν
587 4896 846 4967 Μαδιάμ.
879 4898 1018 4950 Τίδέ
1040 4899 1154 4950 ἐστι
1175 4896 1254 4963 τὸ,
1273 4896 1485 4951 Πᾶσαν
1515 4896 1750 4964 στολὴν

156 4987 553 5057 curm-perm-
578 4987 757 5052 δόλῳ,
804 4989 903 5043 καὶ
939 4988 1051 5057 (29)
1097 4987 1328 5057 ἱμάτιον
1354 4987 1508 5058 μετὰ
1531 4991 1750 5043 καταλ-

1854 4542 1954 4580 uus
1992 4524 2187 4595 Moysi,
2209 4534 2253 4577 st
2284 4522 2585 4576 occiderunt
2616 4535 2766 4571 omne
2793 4517 3171 4579 masculinum,
3215 4524 3260 4566 et
3286 4528 3428 4583 reges

1856 4619 2080 4673 Madian
2109 4620 2479 4671 interemerunt
2523 4630 2629 4667 una
2673 4627 2788 4666 cum
2844 4608 3127 4663 rulncrutis
3176 4604 3419 4659 eorum“.

1856 4714 1909 4766 In
1948 4713 2088 4766 libro
2126 4717 2308 4765 autem
2332 4708 2581 4764 Judicum
2608 4720 2622 4757 :
2658 4702 2867 4757 chcon
2902 4716 3137 4754 reversus
3163 4707 3235 4751 est
3259 4699 3311 4748 in
3339 4712 3430 4749 ca—

1854 4815 1961 4858 stra
1990 4802 2184 4867 Israel,
2239 4811 2287 4855 et
2319 4800 2492 4854 dixit:
2528 4797 2757 4867 Surgite,
2797 4795 2919 4862 quia
2969 4789 3187 4843 tradidit
3245 4787 3429 4840 Domi-

1856 4910 1952 4948 nus
1978 4894 2035 4947 in
2063 4909 2249 4946 manus
2285 4901 2494 4945 nostras
2533 4897 2713 4942 castra
2745 4884 2962 4939 Madian
2987 4881 3032 4935 '.
3072 4880 3209 4945 Quid
3248 4887 3426 4931 autem

1856 4995 1965 5052 est,
1995 4985 2283 5039 restituere
2338 4981 2556 5038 Omnem
2578 4977 2770 5034 stolam
2791 4974 3060 5029 collectam
3098 4971 3243 5036 doto,
3269 4977 3315 5022 et
3338 4982 3425 5021 vc-

232 5144 257 5174 ⁶
289 5141 410 5199 Gal.
434 5157 510 5211 vr,
539 5140 594 5198 8.
668 5142 691 5175 "
712 5140 856 5197 Psal.
895 5158 1108 5206 xxxv",
1137 5140 1194 5197 6.
1265 5139 1463 5197 'Num.
1488 5157 1647 5207 xxxi,
1678 5142 1732 5208 7,
1754 5140 1806 5196 8.
1885 5141 1910 5174 ’
1937 5138 2060 5196 Jud.
2084 5154 2177 5206 vn,
2208 5136 2290 5192 15.

232 5295 349 5367 (24)
384 5295 565 5367 Codex
589 5296 730 5349 idem
746 5294 1041 5367 ,κατῆγες

382 5366 599 5439 éntiqui
625 5367 729 5439 duo
763 5364 1433 5439 Ιὶιινίζκαρποφοροΰντες.

238 5432 356 5507 (26)
390 5432 588 5507 Vocula
625 5437 700 5507 μή
751 5440 902 5490 dis-st
952 5432 1168 5507 quidem
1194 5432 1264 5491 ἐι
1312 5438 1362 5489 in
1408 5433 1569 5490 editis
1596 5444 1650 5507 et
1690 5432 1744 5487 in

164 5503 376 5562 nostris
407 5503 687 5559 codicibus
725 5525 741 5561 ι
771 5509 863 5557 sed
902 5503 1019 5558 eam
1045 5523 1112 5559 ex
1140 5506 1390 5568 Eusebio,
1425 5507 1565 5558 unde
1599 5503 1715 5572 frag

164 5587 415 5633 mentum
442 5576 572 5628 illud
594 5586 862 5644 smnptum
895 5585 1003 5643 est,
1044 5577 1341 5631 addendam
1374 5590 1497 5630 esse
1537 5575 1751 5629 censui-

168 5663 296 5703 mus
345 5645 489 5710 Lege
514 5644 910 5700 Praefationem.

243 5718 359 5788 (27)
394 5716 534 5772 Ειίίιξ
555 5726 612 5772 et
640 5714 772 5787 Reg.
826 5718 1052 5783 primus,
1095 5716 1203 5771 τῶν
1233 5712 1604 5788 Μαδηνιαίων.
1635 5712 1735 5767 Alii

1847 5304 2088 5364 quatuor
2113 5305 2269 5364 mss.,
2299 5290 2409 5344 τῶν
2444 5286 2815 5364 Μαδιηναίων.

1906 5363 2018 5433 (28)
2052 5362 2193 5416 Editi
2220 5347 2273 5433 et
2316 5362 2599 5433 recentior
2615 5347 3151 5433 tlombetisiicodex,
3190 5347 3431 5433 ἀναστή-

1850 5423 2161 5503 θητιήιιιιιιξ.
2194 5431 2345 5503 Alter
2367 5429 2671 5483 Combelisii
2698 5427 2888 5503 codex.
2936 5423 3225 5503 άνάστητε,
3260 5431 3428 5503 recte.

1851 5491 2130 5557 Mox—editi
2159 5511 2214 5555 et
2254 5501 2501 5573 quinque
2531 5513 2695 5573 iussu,
2731 5497 2789 5573 εν
2824 5496 3017 5573 χερσὶν
3043 5491 3218 5562 ὑμῶν.
3254 5491 3322 5542 At
3373 5491 3430 5544 in

1854 5573 1987 5642 Reg.
2020 5573 2198 5643 primo
2225 5582 2280 5624 et
2312 5566 2460 5643 apud
2485 5566 2868 5643 mxumum,
2900 5566 3081 5643 ἡμῶν.

1929 5632 2043 5712 (29)
2080 5642 2321 5712 Uterque
2349 5632 2501 5696 Coll).
2536 5649 2588 5693 et
2619 5632 2751 5707 Ilcg.
2781 5632 3070 5701 secundus,
3103 5632 3200 5687 καὶ
3228 5635 3343 5689 πᾶν

2363 5758 2406 5785 η.
