3808 6212
404 256 504 325 st‘t

1365 276 1710 333 APPENDIX
1749 279 2035 339 OPERL‘M
2075 281 2134 338 S.
2175 282 2421 339 BASILII
2458 282 2696 342 MAG-Nl.

3577 289 3685 344 512

406 390 712 443 stimcntum
765 406 882 444 cum
934 392 1382 448 commutatione?
1430 394 1541 451 lloc
1587 397 1693 453 dici
1735 399 1985 464 arbitror,

2103 400 2286 471 λαγῆς
2323 400 2637 468 ἀποτίσειν;
2678 396 2844 473 Οἶμαι
2872 401 3148 470 λέγεσθαι,
3180 404 3264 457 δτι
3296 402 3344 457 oi
3383 401 3476 457 τὸν
3511 401 3688 475 βαρὺν

388 481 550 547 .quod
566 480 601 534 ii
626 481 716 550 qui
738 496 899 553 grave
919 483 1328 554 peccatijugum
1349 487 1710 556 imponeutes,
1732 492 1990 562 virgaque

406 581 749 627 oonterentes
780 575 846 627 ad
880 583 1162 644 peccatum
1201 577 1442 646 adigunt,
1496 582 1686 635 stolam
1733 582 1859 638 dolo
1882 585 1993 638 col—

409 660 603 718 lectam
641 674 694 719 et
722 667 1103 721 vestimentum
1138 683 1260 723 cum
1298 675 1725 727 commutatione
1777 676 1883 728 siut
1912 691 1991 729 re-

404 753 669 806 stituturi.
711 754 813 820 Qui
876 754 1128 811 homines
1193 760 1500 825 spoliarint.
1553 778 1758 829 eosque
1804 764 1991 817 dolose

405 841 519 893 suis
551 841 879 895 denudarint
909 842 1274 909 vestimentis,
1300 862 1361 897 ea
1396 862 1518 899 cum
1559 852 1987 904 commutatione

404 934 715 987 restituent.
744 934 878 987 Cum
907 936 1049 988 enim
1081 938 1383 991 communis
1414 939 1503 992 ille
1527 939 1779 997 inimicus
1811 958 1910 995 nos
1932 942 1989 997 in

403 1040 558 1080 suam
610 1026 879 1094 redegerit
929 1034 1273 1095 potestatem,
1321 1031 1645 1084 vestimenta
1698 1034 1987 1100 quamdam

404 1114 736 1171 deformitati
758 1128 956 1171 noStra:
981 1128 1319 1172 venustatem
1342 1119 1620 1174 all'erentia
1650 1137 1678 1174 a
1706 1123 1860 1177 nobis
1896 1140 1990 1183 au-

403 1205 528 1261 fert.
562 1208 998 1263 Christianorum
1024 1220 1203 1265 autem
1246 1211 1643 1274 indumentum,
1693 1217 1836 1281 quod
1863 1231 1991 1285 poc-

404 1301 510 1353 cati
540 1301 712 1353 nostri
754 1302 1146 1369 turpitudinem
1198 1304 1458 1371 contegit,
1491 1306 1626 1358 tldes
1654 1317 1737 1359 est
1757 1307 1985 1363 Christi.

407 1392 718 1461 Quicunque
740 1393 878 1445 enim
913 1393 969 1445 in
999 1390 1209 1447 Christo
1243 1394 1506 1461 baptismi
1543 1397 1690 1458 estis,
1719 1396 1989 1452 Christum

404 1485 652 1538 induistis
672 1485 736 1537 ιο.
758 1484 853 1539 Ille
876 1486 1022 1539 enim
1044 1485 1299 1540 inimicus
1329 1496 1512 1541 noster
1540 1499 1667 1542 ante
1692 1488 1846 1542 ﬁdem
1871 1505 1990 1560 quae

404 1577 459 1631 in
480 1578 755 1632 Christum
791 1586 895 1637 est,
927 1578 1219 1632 humanam
1245 1578 1553 1633 denudabat
1575 1581 1988 1648 turpitudinem,

404 1676 465 1723 ut
487 1669 577 1736 qui
612 1671 967 1736 cogitationes
996 1679 1211 1724 nostras
1239 1671 1438 1739 quibus
1482 1682 1663 1726 nostra
1697 1672 1804 1727 vita
1827 1690 1990 1727 orna-

2092 491 2431 557 ἐπιτιθέντες
2464 494 2562 565 τῆς
2596 493 2869 564 ἁμαρτίας
2902 493 3086 562 ζυγὸν,
3125 493 3221 546 καὶ
3247 492 3426 565 ρἀδῳ
3461 493 3684 566 συντρίο

2091 582 2296 649 ϐοντες,
2342 585 2811 655 συναναγκάξουσι
2857 586 2993 657 πρὸς
3037 585 3347 657 ἁμαρτίαν·
3398 578 3549 639 οὗτοι
3582 586 3679 658 τὴν

2094 676 2233 747 μετά
2278 677 2431 731 δόλου
2490 677 2939 749 ὲπισυνηγμένην
2977 678 3167 750 στολὴν
3229 678 3323 731 καὶ
3351 678 3411 730 τὸ
3464 679 3681 748 ἱμάτιον

2095 770 2232 840 μετά
2279 770 2626 841 καταλλαγῆς
2679 772 3050 824 ἀποτίσουσιν.
3081 772 3146 825 Οἱ
3198 772 3683 842 λωποδυτῆσαντες

2089 861 2221 924 τοὺς
2254 860 2596 933 ἀνθρώπους,
2626 862 2720 916 καὶ
2749 863 2883 933 δόλῳ
2918 863 3118 926 αὐτοὺς
3143 864 3383 933 γυμνοὺς
3410 862 3521 915 τῶν
3556 880 3681 915 σκε-

2092 951 2393 1020 πασμάτων
2447 950 2847 1018 ἀποδείξαντες,
2907 953 3046 1023 μετά
3106 952 3449 1023 καταλλαγῆς
3484 952 3672 1007 ἀποτί-

2093 1058 2296 1095 σουσιν.
2325 1042 2493 1095 Ὅταν
2529 1041 2640 1113 γὰρ
2668 1041 2811 1115 λάὁη
2856 1044 3002 1114 ἡμᾶς
3051 1045 3156 1097 ὑπὸ
3180 1045 3277 1115 τὴν
3302 1044 3497 1098 ἑαυτοῦ
3529 1042 3681 1108 ἐξου-

2093 1134 2214 1186 σίαν
2260 1135 2288 1186 ὁ
2320 1135 2497 1198 κοινὸς
2540 1135 2756 1206 ἐχθρὸς,
2790 1137 3016 1207 ἀφαιρεῖ
3061 1137 3218 1207 ἡμῶν
3268 1137 3335 1190 τὰ
3364 1138 3582 1207 ἱμάτια,
3615 1137 3686 1190 τὰ.

2089 1228 2202 1289 τοῖς
2223 1227 2527 1297 ἀσχήμοσιν
2544 1228 2577 1297 ἡ
2589 1226 2705 1297 μῶν
2735 1227 3150 1298 εὐσχημοσύνην
3169 1227 3517 1297 περιτιθέντα
3543 1228 3682 1299 (30).

2103 1319 2341 1389 Ἰμάτιον
2374 1319 2429 1372 δὲ
2464 1318 2828 1391 Χριστιανῶν,
2882 1321 3086 1373 σκέπον
3136 1322 3198 1374 τὸ
3231 1322 3476 1393 ἄσχημον
3520 1322 3685 1393 ἡμῶν

2090 1411 2191 1482 τῆς
2217 1411 2515 1484 ἁμαρτίας,
2550 1412 2582 1482 ή
2613 1413 2694 1476 είς
2722 1412 2956 1483 Χριστὸν
2997 1413 3197 1476 πίστις.
3231 1414 3403 1467 ’Ὅσοι
3446 1414 3567 1483 γὰρ
3595 1417 3688 1480 είς

2090 1503 2350 1571 Χριστὸν
2375 1503 2790 1570 ἐϐαπτίσθητε,
2839 1503 3101 1571 Χριστὸν
3136 1504 3532 1560 ἐνεδύσασθε.
3572 1501 3686 1558 Ἦν

2090 1593 2148 1646 δὲ
2178 1594 2273 1646 καὶ
2300 1593 2408 1665 πρὸ
2436 1594 2534 1664 τῆς
2568 1596 2649 1657 είς
2678 1594 2913 1665 Χριστὸν
2950 1596 3187 1657 πίστεως
3211 1596 3436 1667 γυμνῶν
3461 1596 3564 1668 τὴν
3594 1599 3688 1650 ἀν-

2092 1681 2369 1751 θρωπείαν
2405 1682 2795 1755 ἀσχημοσύνην
2825 1686 2852 1737 ὁ
2894 1684 3087 1757 ἐχθρὸς
3115 1684 3293 1756 ἡμῶν,
3337 1687 3436 1750 τὰς
3469 1688 3688 1755 ἐννοίας

405 1761 587 1824 hatur,
617 1760 1058 1830 auferret,atque
1091 1760 1388 1815 nuditatem
1428 1771 1672 1815 nostram
1715 1765 1985 1832 proderet.

2103 1772 2271 1843 ἡμῶν,
2307 1769 2446 1845 αἷςὴ
2479 1773 2590 1845 ζωὴ
2612 1776 2643 1844 ἠ
2654 1773 2767 1843 μῶν
2801 1780 3215 1846 κατεκοσμεῖτο,
3240 1779 3566 1849 περιαιριῖΝ,
3591 1782 3688 1834 καὶ

404 1851 670 1919 Quoniam
697 1853 862 1922 igitur
883 1852 1068 1907 dolose
1120 1852 1603 1923 fraudulenterque
1630 1855 1980 1925 exspoliavit,

404 1945 607 1998 idcirco
633 1958 848 1998 omnem
890 1943 1082 1998 stolam
1111 1944 1392 1998 collectam
1438 1944 1579 2009 dolo,
1612 1956 1666 1999 et
1704 1959 1865 1999 oume
1893 1960 1986 2000 ve-

404 2040 715 2092 st'meutum
748 2053 869 2091 cum
893 2039 1322 2092 commutatione
1373 2039 1642 2092 restituet.
1699 2037 1813 2091 Non
1840 2038 1982 2093 enim

404 2127 577 2180 solum
605 2141 667 2180 ea
708 2143 826 2197 qua!
859 2127 1017 2180 nobis
1045 2128 1193 2180 fuere
1228 2128 1501 2194 adempta,
1543 2128 1986 2194 recipimus;sed

402 2221 562 2273 etiam
619 2221 908 2271 accedente
949 2218 1151 2271 Christi
1212 2218 1487 2287 agnitione
1531 2216 1815 2272 evadimus
1870 2233 1985 2271 me-

401 2309 777 2365 lioresluduit
805 2313 941 2363 enim
976 2327 1074 2371 me,
1104 2311 1301 2377 inquit,
1337 2310 1638 2361 vestimento
1672 2308 1917 2371 salutari,
1941 2320 1988 2362 et

402 2405 581 2458 tunica
617 2404 815 2456 latitia:
848 2403 911 2455 “.
953 2401 1183 2457 Omnem
1234 2402 1398 2470 igitur
1457 2401 1652 2455 stolam
1701 2402 1986 2455 colleclam

400 2508 547 2571 dolo,
588 2508 693 2561 hoc
722 2516 829 2569 est,
868 2505 1171 2559 clanculum
1203 2504 1495 2569 demptam,
1519 2518 1640 2555 cum
1690 2511 1986 2555 counuuta-

405 2599 553 2651 tione
580 2599 893 2650 restituent.
936 2592 1006 2647 Et
1040 2596 1271 2661 cupient,
1303 2595 1348 2647 si
1377 2593 1530 2663 ﬁant,
1558 2609 1668 2646 esse
1696 2593 1815 2660 igne
1841 2610 1986 2646 cotu-

405 2686 579 2740 busti:
602 2687 727 2756 quia
758 2684 1009 2749 parvulus
1034 2694 1190 2737 natus
1214 2694 1288 2738 est
1333 2683 1502 2737 nobis.
1543 2683 1788 2752 Maligna!
1834 2695 1986 2753 pote-

403 2785 576 2831 SIates
607 2784 725 2843 post
752 2775 961 2829 Domini
990 2781 1277 2828 adventum
1304 2774 1644 2830 clamabant:
1672 2772 1812 2838 Quid
1838 2774 1984 2828 nobis

403 2880 451 2922 et
476 2868 594 2934 tibi,
617 2864 728 2919 Fili
769 2866 908 2921 Dei?
946 2864 1143 2920 Venisti
1192 2868 1293 2920 huc
1343 2877 1465 2921 ante
1501 2877 1701 2933 tempus
1747 2877 1987 2935 torquere

404 2977 499 3014 nos
529 2961 595 3012 υ.
642 2958 797 3013 Tunc
841 2958 1037 3013 malent
1100 2961 1222 3025 igne
1263 2958 1432 3014 fuisse
1482 2958 1776 3022 combusti,
1822 2974 1982 3027 quam

404 3051 758 3104 condemnari
781 3048 981 3103 Christi
1013 3051 1063 3102 in
1088 3064 1254 3103 carne
1291 3051 1599 3117 prmsentia.

2091 1865 2188 1936 τὴν
2202 1864 2479 1935 γύμνωσιν
2492 1869 2522 1938 ἡ
2534 1866 2647 1937 μῶν
2661 1866 3019 1937 δημοσιεύων.
3039 1867 3188 1921 Ἐπεὶ
3205 1867 3283 1936 (51
3297 1868 3313 1936 )
3328 1865 3420 1921 οὖν
3434 1870 3555 1922 δολε
3565 1876 3688 1941 ραῖς

2092 1956 2355 2020 ἐπινοίαις
2380 1959 2724 2028 ἀπημφίασε,
2772 1961 2953 2012 πᾶσαν
2988 1957 3180 2031 στολὴν
3229 1962 3684 2033 ὲπισυνηγμένην

2092 2046 2245 2118 δόλῳ,
2272 2048 2366 2102 καὶ
2421 2050 2529 2102 πᾶν
2564 2052 2776 2121 ἱμάτιον
2820 2051 2960 2121 μετά
3011 2051 3359 2122 καταλλαγῆς
3404 2055 3683 2108 ἀποτίσει.

2094 2141 2167 2193 Οὐ
2195 2140 2303 2212 γὰρ
2336 2141 2492 2212 μόνον
2520 2145 3002 2215 ἀπολαμϐάνομεν,
3053 2144 3089 2199 ἃ
3141 2146 3497 2218 ἀφῃρήμεθα,
3543 2148 3684 2204 ἀλλὰ

2093 2232 2273 2303 καὶτῇ
2308 2234 2593 2308 προσθήκῃ
2622 2237 2721 2307 τῆς
2762 2238 2842 2301 εἰς
2874 2236 3109 2309 Χριστὸν
3159 2239 3510 2306 ἐπιγνώσεως
3562 2241 3687 2311 βελ-

2089 2322 2370 2394 τιούμεθα.
2429 2326 2715 2381 Ἔνέδυσε
2758 2328 2868 2398 γάρ
2920 2346 2997 2398 με
3031 2328 3164 2399 (52),
3207 2331 3392 2401 φησιν,
3445 2331 3685 2394 ἱμάτιον

2090 2418 2409 2484 σωτηρίου,
2476 2408 2577 2471 καὶ
2625 2421 2847 2489 χιτῶνα
2903 2422 3306 2490 εὐφροσύνης.
3362 2424 3552 2476 Πᾶσαν
3590 2420 3682 2478 οὖν

2092 2508 2282 2580 στολὴν
2301 2512 2738 2583 ὲπισυνηγμὲνην
2761 2512 2914 2583 δόλῳ,
2936 2512 3201 2578 τουτέστι,
3227 2513 3502 2584 λαθραίως
3517 2518 3684 2586 ὑφαι-

2094 2599 2362 2671 ρεθεῖσαν,
2397 2601 2534 2671 μετά
2579 2603 2926 2674 καταλλαγῆς
2957 2604 3301 2659 ἀποτίσουσι.
3348 2608 3457 2660 Καὶ
3498 2608 3680 2676 θελή-

2092 2704 2336 2752 σουσιν,
2375 2695 2428 2743 ει
2465 2689 2743 2759 ἐγένοντο
2799 2692 2912 2763 (⁸55)
2966 2694 3386 2761 πυρίκαυστοι,
3424 2694 3513 2748 ὅτι
3544 2713 3681 2751 παι-

2092 2780 2225 2834 δίον
2254 2781 2547 2852 ἐγεννήθη
2588 2783 2751 2851 ἡμῖν.
2783 2784 2847 2837 Ai
2873 2784 3110 2854 πονηραὶ
3128 2784 3388 2854 δυνάμεις
3416 2787 3561 2857 μετά
3583 2787 3682 2859 τὴν

2091 2872 2187 2926 τοῦ
2236 2875 2442 2944 Κυρίου
2499 2876 2791 2945 ἐπιδημίαν
2844 2874 3111 2947 ἔκραζον·
3152 2877 3214 2930 Τί
3240 2877 3386 2946 ἡμῖν
3418 2879 3519 2932 καὶ
3554 2882 3676 2945 σοι,

2101 2966 2196 3019 Υἱὲ
2229 2966 2336 3019 τοῦ
2371 2965 2552 3029 Θεοῦ;
2600 2963 2821 3033 ’Πλθες
2851 2961 2969 3021 ὦδε
3015 2967 3126 3035 πρὸ
3176 2967 3390 3037 καιροῦ
3407 2971 3679 3033 βασανί-

2013 3050 2056 3107 C
2091 3073 2194 3110 σαι
2236 3054 2437 3124 ἠμᾶςς
2478 3057 2611 3109 Τότε
2667 3058 2944 3130 αἱροῦνται
3002 3057 3259 3127 γενέσθαι
3312 3061 3683 3132 πυρίκαυστος

408 3146 631 3219 μᾶλλον,
668 3144 701 3216 ἢ
726 3144 830 3198 ὑπὸ
857 3145 958 3216 τῆς
991 3147 1049 3198 ἐν
1075 3145 1241 3217 σαρκὶ
1271 3144 1511 3217 Χριστοῦ
1542 3147 1866 3216 ἐπιφανείας
1896 3150 2344 3222 κατακρίνεσθαι.

472 3241 599 3296 226.
632 3240 773 3306 Quia
805 3240 1056 3309 parvulus
1087 3253 1240 3293 nutus
1271 3252 1347 3294 est
1375 3241 1542 3304 nobis,
1577 3240 1722 3310 ﬁlius
1753 3253 1801 3295 et
1825 3242 1984 3296 datus

404 3346 477 3390 est
508 3333 675 3396 nobis,
698 3333 851 3403 cujus
880 3334 1206 3401 principatus
1236 3332 1409 3398 factus
1439 3344 1511 3384 est
1539 3333 1983 3399 super-humerum

404 3429 539 3496 ejus.
578 3427 648 3480 Et
705 3435 923 3480 vocatur
970 3442 1154 3478 nomen
1196 3425 1332 3492 ejus,
1358 3423 1519 3494 550
1568 3424 1747 3494 Magni
1782 3425 1987 3479 consilii

405 3519 642 3588 angelus.
679 3517 814 3585 Quot
839 3517 952 3585 jam
983 3518 1273 3571 didicimus
1323 3518 1537 3571 Domini
1567 3519 1780 3572 nomina
1817 3535 1981 3588 supe—

408 3612 518 3664 rius
545 3610 866 3663 audivimus.
904 3609 1035 3662 Ecce
1074 3607 1230 3679 Virgo
1260 3611 1313 3662 in
1344 3620 1489 3662 utero
1518 3610 1790 3676 concipiet,
1822 3620 1870 3663 et
1891 3628 1987 3679 pa-

405 3702 700 3770 rietﬁlium
732 3713 817 3756 :et
871 3703 1126 3756 vocabunt
1179 3719 1364 3755 nomen
1413 3702 1528 3771 ejus
1572 3702 1882 3755 Emmanuel
1915 3703 1981 3755 ¹³.

409 3794 508 3848 llic
535 3804 760 3850 vocatur
791 3808 983 3848 nomen
1009 3794 1145 3864 ejus,
1173 3792 1356 3862 Magni
1386 3793 1595 3846 consilii
1629 3794 1867 3859 angelus.
1890 3791 1985 3846 llic

408 3886 522 3954 ipse
546 3896 650 3948 est,
679 3888 767 3954 qui
801 3901 1054 3955 maguum
1113 3885 1396 3938 consilium
1432 3898 1461 3937 a
1500 3885 1709 3938 swculis
1750 3886 1982 3937 abscon-

408 3978 603 4039 ditum,
644 3977 1080 4046 generationzhus
1113 3975 1233 4029 ali-s
1280 3976 1420 4028 haud
1447 3976 1780 4029 declaratum
1832 3986 1985 4044 pate-

409 4066 619 4123 fecit“.
644 4067 741 4121 Hic
769 4069 1108 4122 anmmtiavit
1140 4080 1195 4121 et
1234 4067 1438 4121 detexit
1485 4068 1536 4120 in
1576 4066 1828 4137 gentibus
1862 4082 1987 4122 suas

409 4161 577 4228 ipsius
618 4159 1140 4230 impervesﬁgahiles
1188 4161 1428 4224 divitias,
1458 4171 1519 4214 ut
1571 4162 1763 4215 llereut
1802 4172 1989 4231 gentes

410 4251 721 4305 colueredes
738 4260 793 4304 et
814 4250 1230 4320 concorporales
1252 4250 1317 4311 ³⁵,
1335 4250 1582 4303 videlicet
1615 4251 1772 4319 hujus
1797 4251 1986 4320 ipsius,

410 4341 564 4409 cujus
597 4342 881 4411 imperium
929 4352 1010 4395 est
1040 4355 1203 4407 super
1245 4341 1528 4395 humerum
1564 4340 1723 4411 ejus;
1753 4343 1851 4395 hoc
1885 4352 1988 4410 est,

2157 3244 2280 3298 2'16.
2322 3245 2452 3299 Ὅτι
2503 3246 2742 3299 παιδίον
2788 3245 3078 3316 ἐγεννήθη
3132 3249 3320 3318 ἡμῖν,
3378 3250 3512 3315 υἱὸς
3576 3253 3677 3305 καὶ

2087 3336 2263 3402 ἐδόθη
2300 3335 2461 3405 ἡμῖν,
2496 3332 2568 3392 οὗ
2614 3338 2651 3404 ’ἡ
2700 3337 2856 3406 ἀρχὴ
2923 3338 3175 3407 ἐγενήθη
3216 3341 3315 3393 ἐπὶ
3352 3341 3460 3395 τοῦ
3499 3340 3674 3412 ὤμου

2088 3429 2294 3484 αὐτοῦ.
2337 3429 2447 3482 Καὶ
2490 3431 2757 3483 καλεῖται
2790 3429 2856 3482 τὸ
2910 3430 3097 3500 ὄνομα
3142 3432 3351 3498 αὐτοῦ,
3387 3432 3678 3504 Μεγάλης

2082 3518 2325 3586 ,βουλῆς
2366 3519 2643 3589 ἅγγελος.
2681 3518 2828 3571 Πόσα
2881 3520 2982 3590 ἤδη
3014 3520 3253 3591 ὀνόματα
3313 3523 3680 3595 ἐδιδάχθημεν

2091 3609 2186 3662 τοῦ
2248 3609 2476 3680 Κυρίου,
2529 3608 2799 3680 ἀνώτερον
2850 3609 3148 3680 ἠκούομεν.
3199 3612 3356 3667 Ἰδοὺ
3425 3615 3464 3681 ἡ
3516 3617 3679 3682 Παρ-

2093 3701 2265 3765 θένος
2301 3702 2370 3755 ἐν
2411 3700 2623 3772 γαστρὶ
2660 3700 2941 3770 λήψεται,
2990 3705 3087 3757 καὶ
3118 3704 3346 3767 τέξεται
3373 3704 3528 3768 υἱὸν,
3572 3704 3678 3757 καὶ

2092 3789 2427 3844 καλέσουσι
2456 3791 2520 3843 τὸ
2546 3789 2731 3858 ὄνομα
2758 3789 2945 3844 αὐτοῦ
2981 3792 3374 3861 Ἐμμανουήλ.
3405 3792 3677 3847 Ἐνταῦθα

2093 3879 2336 3933 καλεῖται
2353 3880 2414 3933 τὸ
2434 3880 2603 3951 ὄνομα
2619 3880 2807 3942 αὐτοῦ,
2844 3880 3375 3950 Μεγάλης-,ϐουλῆς
3395 3880 3674 3952 ἄγγελος.

2092 3965 2262 4034 Οὗτος
2290 3973 2319 4025 ὁ
2354 3972 2454 4042 τὴν
2503 3971 2745 4042 μεγάλην
2785 3971 2981 4043 βουλὴν
3024 3975 3123 4043 τὴν
3167 3973 3676 4043 ἀποκεκρυμμένην

2091 4061 2200 4115 ἀπὸ
2225 4061 2331 4114 τῶν
2365 4061 2575 4115 αἰώνων
2605 4061 2881 4133 γνωρίσας
2911 4062 3048 4135 (54),
3090 4062 3188 4133 τὴν
3211 4062 3426 4132 ἑτέραις
3454 4066 3675 4130 γενεαῖς

2097 4151 2169 4223 μὴ
2200 4152 2622 4223 φανερωθεῖσαν.
2659 4147 2826 4216 Οὗτος
2865 4154 2893 4205 ὀ
2935 4152 3264 4222 ἀναγγείλας
3296 4154 3390 4206 καὶ
3425 4153 3672 4222 φανερὼ-

2093 4261 2190 4307 σας
2213 4245 2304 4296 τὸν
2332 4243 2734 4314 ἀνεξιχνίαστον
2752 4245 2944 4299 ἑαυτοῦ
2975 4244 3203 4299 πλοῦτον
3228 4249 3286 4299 ὲν
3304 4247 3420 4307 τοῖς
3434 4244 3672 4309 ἔθνεσιν,

2093 4331 2231 4387 εἶναι
2281 4333 2348 4387 τά
2388 4333 2512 4406 ἔθνη
2551 4335 2967 4408 συγκληρονὸμα
3018 4337 3113 4389 καὶ
3166 4335 3464 4405 σύσσωμαο
3502 4332 3673 4388 αὐτοῦ

413 4420 643 4503 ιθειιιιιιῒ
663 4443 716 4488 et
750 4443 991 4502 potestas
1021 4434 1073 4486 iu
1103 4447 1284 4486 cruce.
1314 4431 1371 4484 ln
1408 4448 1623 4486 crucem
1669 4432 1809 4486 enim
1841 4434 1985 4487 exal-

2103 4426 2199 4497 γὰρ
2229 4426 2440 4490 τούτου,
2475 4421 2536 4480 οὗ
2574 4429 2607 4499 ἡ
2657 4429 2798 4499 ἀρχή
2842 4429 2990 4481 ἐστιν
3034 4429 3125 4481 ἐπὶ
3160 4426 3252 4480 τοῦ
3293 4427 3443 4497 ὤμου
3479 4426 3670 4489 αὐτοῦ,

414 4534 577 4586 tatus,
605 4540 794 4579 omnes
810 4524 876 4578 ad
894 4538 952 4578 se
978 4525 1148 4592 ipsum
1175 4523 1339 4576 traxit
1357 4522 1421 4574 “.
1438 4522 1711 4574 Adducam
1731 4524 1869 4574 enim
1889 4540 1988 4590 pa-

413 4630 523 4667 cem
562 4631 717 4682 super
748 4616 1028 4683 principes,
1080 4630 1256 4682 pacem
1291 4624 1338 4666 et
1392 4612 1670 4665 sanitatem
1718 4613 1837 4681 ipsi.
1870 4612 1991 4668 Ma~

412 4721 544 4774 gnus
576 4706 904 4774 principatus
939 4709 1073 4772 ejus,
1098 4713 1145 4757 et
1196 4705 1339 4771 pacis
1386 4704 1531 4756 illius
1581 4720 1682 4757 non
1721 4713 1795 4757 est
1838 4704 1981 4772 ﬁnis.

416 4796 552 4851 lliue
599 4796 773 4867 palam
800 4808 881 4852 est
919 4800 1031 4851 haec
1071 4799 1122 4850 iu
1155 4795 1331 4851 Patris
1372 4810 1601 4866 persona
1631 4795 1797 4849 fuisse
1819 4796 1982 4850 dicta.

489 4983 533 5014 ¹⁰
557 4983 672 5038 Gal.
708 5000 788 5045 ιιι,
824 4982 916 5040 ‘27.

419 5052 464 5085 “
489 5052 649 5109 Joan.
687 5068 787 5118 ιιι,
826 5055 916 5110 52.

489 5232 603 5303 (50)
662 5231 823 5295 Editi,
859 5207 1257 5304 παρατιθέντα.
1294 5237 1363 5287 At
1420 5247 1514 5286 sex
1564 5245 1720 5295 mss.,
1779 5246 1990 5302 περιτιι-

417 5303 597 5360 θέντα.
626 5309 846 5369 optime.

490 5376 603 5444 (3|)
630 5375 849 5430 Veteres
905 5375 1144 5443 quinque
1195 5372 1339 5437 libri,
1377 5371 1550 5425 Ἐπεί.
1591 5370 1725 5425 Editi
1761 5386 1888 5425 vero
1938 5378 1994 5425 et

420 5442 534 5509 Reg
584 5442 808 5511 primus,
840 5445 983 5499 Ἐπί.

495 5510 605 5583 (5'2)
641 5515 730 5569 Sic
762 5532 891 5569 mss.
928 5531 1138 5570 Olltllt‘S.
1190 5512 1527 5586 Typographi
1581 5529 1640 5566 σε
1685 5527 1782 5582 pro
1806 5529 1873 5583 με
1906 5510 1990 5565 in-

421 5594 579 5640 caute
603 5587 900 5640 ediderant.

495 5651 608 5727 (55)
647 5655 803 5727 Editi,
840 5656 1297 5727 ἐγενήθησαν-ιιι
1333 5671 1460 5710 mss.
1479 5669 1595 5715 sex,
1631 5654 1901 5727 ἐγένοντο.

496 5721 610 5797 (54)
647 5725 736 5782 Sis
773 5721 892 5798 Rei
936 5721 1144 5782 tertius.
1184 5725 1293 5782 Vox
1330 5727 1604 5798 γνωρίσας
1655 5721 1707 5783 in
1750 5724 1908 5780 editis
1934 5730 1993 5778 et

1002 4984 1045 5014 ¹¹
1073 4983 1173 5037 lsa.
1209 4998 1321 5048 ut,
1361 4981 1449 5037 10.
1527 4983 1571 5014 ³³
1606 4981 1792 5036 Matth.
1832 4994 1949 5041 vm,
1975 4978 2064 5034 29.

2092 4517 2392 4580 τουτέστιν,
2424 4518 2457 4588 ἡ
2495 4516 2739 4587 βασιλεία
2768 4518 2862 4570 καὶ
2892 4519 2924 4588 ἡ
2950 4518 3177 4588 δύναμις
3206 4519 3263 4570 ἐν
3303 4516 3380 4587 τῷ
3425 4515 3668 4587 σταυρῷ.

2104 4610 2226 4662 Ἐπὶ
2253 4609 2345 4662 τοῦ
2371 4608 2602 4681 σταυροῦ
2628 4609 2736 4682 γὰρ
2769 4610 3022 4680 ὑψωθεὶς,
3061 4611 3265 4673 πάντας
3298 4609 3515 4662 εἵλκυσε
3533 4608 3670 4679 πρὸς

2092 4703 2300 4756 ἑαυτὸν.
2341 4703 2498 4766 Ἀξω
2551 4703 2663 4771 γὰρ
2719 4702 2967 4771 εἰρήνην
3017 4704 3115 4757 ἐπὶ
3170 4703 3310 4767 τοὺς
3345 4700 3667 4770 ἄρχοντας,

2091 4796 2341 4866 εἰρήνην
2366 4797 2477 4866 (55)
2508 4796 2607 4850 καὶ
2653 4798 2858 4866 ὑγείαν
2898 4794 3080 4861 αὐτῷ.
3125 4793 3366 4865 Μεγάλη
3416 4793 3455 4858 ἡ
3506 4789 3667 4861 ἀρχὴ

2149 4976 2192 5008 ⁸³
2217 4973 2320 5030 lsa.
2357 4991 2449 5039 vn,
2488 4973 2576 5028 14.
2652 4975 2698 5006 ⁸⁸
2723 4971 2837 5028 Col.
2871 4987 2910 5036 ι,
2950 4970 3042 5026 26.
3142 4970 3187 5001 "
3214 4970 3414 5040 Ephes.
3473 4982 3563 5034 ιιι,
3610 4965 3662 5021 6.

2101 5229 2153 5281 iu
2213 5227 2333 5278 aliis
2357 5222 2626 5292 _quinque
2680 5237 2812 5275 mss.
2857 5220 3212 5292 desideratur.
3271 5215 3514 5292 Subinde
3560 5217 3665 5292 duo

2102 5315 2253 5359 mss,
2311 5286 2480 5357 Οὗτος
2528 5286 2810 5362 ὀᾶγγελος
2863 5292 2954 5344 καὶ
3008 5286 3489 5362 φανερώσαςτιΛιξί
3540 5288 3663 5362 duo,

2099 5356 2265 5434 Οὗτος
2290 5369 2316 5419 ὁ
2354 5356 2642 5434 ἀγγὲίλαςξ
2669 5356 2822 5434 ἘιΙιιὶ
2846 5361 3091 5434 ξιΙειιιίιιιιθ
3135 5356 3254 5413 cum
3281 5357 3403 5434 aliis
3433 5356 3663 5434 duobus,

2096 5424 2344 5525 Οὗτοςβ
2377 5424 2725 5515 ἀνάγγείλας.
2791 5424 3133 5486 Ιιιίάθιιιίιεε
3182 5444 3337 5491 tuss.,
3365 5424 3664 5496 ἀνεξιχνία-

2490 5576 2712 5648 εἰρήνην
2765 5571 2944 5627 addita
2996 5581 3078 5627 est.
3120 5584 3185 5626 ex
3243 5568 3414 5622 tribus
3466 5564 3663 5622 codici-

2109 5668 2211 5703 illi.

2109 5668 2211 5705 illi.
