3808 6212
118 264 229 322 513

1006 260 1362 319 COMMENT.
1402 263 1469 319 IN
1508 264 1742 321 lSAlAM
1784 263 2220 321 PROPHETAM.
2262 262 2412 319 CAP.
2452 262 2541 318 IX.
3212 285 3234 315 ο

3300 274 3404 328 ειι

118 377 340 443 αὐτοῦ,
379 377 482 432 καὶ
521 376 636 447 τῆς
673 376 921 447 εἰρήνης
960 380 1150 435 αὐτοῦ
1179 383 1291 435 οὐκ
1322 381 1495 436 ἔστιν
1533 382 1695 449 ὅριον

1842 382 2085 451 )noniam
2120 382 2421 452 paeilicavit
2451 381 2565 450 ipse
2594 395 2689 451 per
2708 372 3024 451 sanguinem
3053 386 3235 443 erucis
3264 402 3406 444 suain

131 474 231 525 Ἐκ
284 469 480 524 τούτου
513 471 864 542 παρίσταται,
905 473 988 526 ὅτι
1020 474 1085 527 ὲκ
1126 474 1222 529 τοῦ
1268 475 1533 546 πατρικοῦ
1562 493 1722 548 προσο

119 560 279 612 ώιοου
339 560 462 612 ἐστὶ
486 560 555 613 τά
575 560 864 631 λεγόμενα.
890 561 991 614 Διὰ
1017 561 1079 614 τὸ
1105 564 1516 635 είρηνοποιῆσαι
1557 564 1719 617 αὐτὸν

119 648 209 700 διὰ
236 646 339 701 τοῦ
375 649 614 720 αἵματος
643 650 739 703 τοῦ
769 650 1006 721 σταυροῦ
1040 652 1230 719 αὐτοῦ,
1258 652 1371 706 εἴτε
1412 654 1482 706 τὰ
1505 654 1598 707 ἐπὶ
1619 654 1718 723 τῆς

120 742 227 812 γῆς
257 743 377 796 εἴτε
404 744 476 798 τά
511 746 571 797 ὲν
592 750 707 811 τοῖς
735 748 1013 820 οὐρανοῖς,
1048 745 1268 818 εἴρηται
1309 749 1390 811 τὸ,
1433 746 1580 812 "Alfio
1608 748 1718 816 γὰρ

122 834 381 903 εἰρήνην
418 835 520 889 ἐπὶ
568 836 713 902 τοὺς
751 836 1075 906 ἄρχοντας,
1126 840 1226 893 καὶ
1279 842 1486 909 ὑγείαν
1533 839 1711 904 αὐτῷ.

125 926 295 1002 Οἶμαι
319 932 385 985 τὸ
421 932 527 1001 τῆς
553 930 906 996 ἀναστάσεως
933 932 1250 989 δείκνυσθαι
1274 934 1362 988 διὰ
1387 933 1577 987 τούτου
1613 950 1713 1003 μυ-

126 1025 369 1094 στήριον.
427 1023 662 1092 Ἐπειδὴ
708 1023 819 1094 γὰρ
871 1024 1218 1093 ἐσταυρώθη
1253 1025 1322 1090 ἐξ
1362 1025 1710 1089 ἀσθενείας,

123 1114 189 1182 ζῇ
220 1115 293 1168 δὲ
322 1115 394 1169 ἐκ
409 1114 722 1184 δυνάμεως
759 1115 929 1181 Θεοῦ,
973 1116 1060 1170 διὰ
1090 1117 1248 1170 τοῦτο
1282 1118 1440 1186 ὑγεία
1483 1117 1713 1186 ἄγεσθαι

121 1208 269 1277 αὐτῷ
298 1207 522 1276 λέγεται
543 1206 678 1278 (56),
706 1207 799 1260 ἐπὶ
821 1208 922 1279 τὴν
952 1207 1235 1263 ἀσθένειαν
1265 1210 1365 1281 τῆς
1398 1210 1617 1281 σαρκὸς,
1646 1215 1711 1282 ἢν

122 1299 262 1369 ὑπὲρ
295 1298 460 1369 ήμῶν
480 1298 759 1368 ἀνείληφε.
791 1298 901 1352 Καὶ
950 1299 1061 1366 τῆς
1088 1299 1335 1368 είρήνης
1382 1302 1571 1354 αὐτοῦ
1599 1305 1710 1356 οὐκ

119 1392 491 1459 ἕστινὸριον.
509 1390 798 1461 Εἰρήνην,
818 1391 973 1462 φησὶ,
997 1391 1203 1462 δίδωμι
1224 1393 1388 1462 ὑμῖν,
1416 1396 1488 1448 οὐ
1516 1395 1710 1461 καθὼς

120 1487 152 1538 ὁ
180 1484 418 1552 κόσμος
450 1481 721 1545 δίδωσιν,
743 1482 858 1553 ἐγὼ
885 1481 1093 1550 δίδωμι
1114 1483 1275 1552 ὑμῖν.
1311 1484 1409 1537 Διὰ
1432 1484 1591 1539 τοῦτο
1610 1487 1709 1539 οὐκ

118 1576 265 1628 ἔστιν
290 1576 443 1645 ὃριον
475 1573 576 1643 τῆς
601 1575 825 1645 εἰρήνης
848 1572 1014 1626 αὐτοῦ
1037 1592 1051 1606 ο
1082 1574 1269 1644 ἐπειδὴ
1304 1575 1415 1645 (57)
1473 1576 1711 1647 ὑπερκό-

123 1668 279 1739 σμιόν
308 1669 431 1719 ἐστι
463 1666 527 1719 τὺ
551 1664 741 1736 δῶρον.
772 1667 836 1719 El
862 1664 972 1736 γάρ
1003 1667 1068 1717 ἐκ
1096 1665 1189 1719 τοῦ
1217 1666 1424 1736 κόσμου
1457 1662 1546 1737 ἦν,
1579 1684 1706 1719 συν-

120 1756 437 1829 απηρτίσθη
467 1756 534 1810 ἂν
562 1759 627 1828 τῇ
649 1755 744 1809 τοῦ
767 1758 972 1828 κόσμου
994 1758 1272 1811 συστάσει.
1302 1757 1415 1810 Νῦν
1440 1758 1495 1810 δὲ
1511 1759 1539 1809 ὁ
1557 1758 1713 1823 δεξά-
1747 1739 1787 1793 Β

121 1866 289 1918 μενος
308 1847 476 1901 αὐτοῦ
505 1848 605 1919 τὴν
628 1849 852 1920 εἰρήνην
885 1849 979 1902 καὶ⁹
1012 1848 1254 1916 φυλάξας
1296 1852 1377 1913 εἰς
1413 1850 1506 1903 τὸν
1542 1851 1714 1906 αἰῶνα

118 1939 313 2010 χρόνον
336 1942 454 2002 τοῖς
483 1940 549 1991 ὲκ
575 1939 676 2010 τῆς
710 1940 936 2010 εἰρήνης
965 1939 1153 2003 καλοῖς
1205 1938 1599 2011 συμϐιώσεται.
1648 1942 1713 1995 Ἡ

118 2029 469 2101 Σολομῶντος
493 2029 686 2099 εἰρήνη
708 2028 1120 2099 γεγραμμένοις
1156 2026 1303 2082 ἔτεσι
1336 2029 1708 2100 περιωρίζετο·

118 2121 152 2191 ἡ
184 2121 244 2174 δὲ
269 2120 430 2191 παρὰ
455 2119 552 2173 τοῦ
586 2119 795 2190 Κυρίου
844 2120 1037 2191 εἰρήνη
1069 2118 1147 2189 τῷ
1190 2119 1346 2173 αἰῶνι
1377 2120 1540 2174 παντὶ
1574 2138 1713 2191 συμ-

116 2211 580 2282 παρεκτείνεται,
636 2210 1023 2281 άπεριόριστος
1078 2205 1212 2264 οὖσα
1262 2211 1357 2264 καὶ
1415 2212 1712 2285 ἀτερμάτι-

117 2319 242 2367 στος
267 2302 409 2372 (58).
441 2302 631 2356 Πάντα
652 2302 762 2371 γάρ
790 2301 1197 2371 ὑποταγήσεται
1228 2301 1398 2373 αὐτῷ,
1423 2303 1517 2355 καὶ
1534 2302 1710 2356 πάντα

114 2394 487 2463 ἐπιγνώσεται
541 2394 639 2465 τὴν
692 2392 857 2447 αὑτοῦ
918 2393 1275 2448 δεσποτείαν*
1338 2394 1433 2448 καὶ
1493 2394 1709 2448 ἐπειδὰν

118 2487 352 2557 γένηται
377 2488 408 2539 ὁ
435 2484 567 2548 Θεὸς
591 2484 662 2538 τὰ
684 2485 863 2538 πάντα
893 2485 951 2538 ὲν
973 2484 1127 2551 πᾶσι,
1183 2483 1709 2555 καθησυχασθέντων

116 2580 227 2632 τῶν
268 2576 651 2648 θορυϐούντων
700 2579 821 2648 ταῖς
872 2575 1233 2639 άποστασίαις
1258 2615 1273 2639 ,
1324 2576 1383 2629 ὲν
1447 2578 1702 2648 εἰρηνικῇ

118 2646 417 2742 συμφωνίᾳ
433 2670 525 2723 τὸν
541 2669 671 2723 Θεὸν
689 2646 1020 2741 ι’ἷμνήσουσιν
1044 2668 1177 2740 (59).
1205 2668 1337 2723 Ἐπὶ
1361 2668 1469 2723 τὸν

115 2763 318 2829 Δαόὶδ,
345 2763 447 2818 καὶ
480 2762 581 2816 ἐπὶ
605 2762 721 2830 τὴν
736 2763 1064 2827 ,βασιλείαν
1090 2762 1298 2827 αὐτοῦ,
1337 2760 1708 2831 κατορθώσω

113 2852 332 2920 αὐτήν.
364 2850 469 2905 Διά
509 2852 572 2905 τδ
615 2851 888 2923 εἰρῆσθαι,
925 2852 1007 2905 ὅτι
1039 2853 1161 2905 Οὐκ
1197 2852 1467 2919 ἐκλείψει
1509 2850 1711 2920 ἅρχων

113 2946 189 3010 ἐξ
224 2944 447 3008 Ἰούδα,
486 2942 587 3000 καὶ
640 2944 978 3013 ἡγούμενος
1011 2943 1081 2996 ἐκ
1106 2941 1227 2997 τῶν
1249 2944 1459 3012 μηρῶν
1485 2944 1704 3009 αὑτοῦ,

114 3035 230 3101 ἕως
272 3033 352 3087 ἂν
400 3033 549 3101 ἔλθῃ
596 3030 669 3086 τὰ
721 3031 1092 3099 ἀποκείμενα
1131 3030 1314 3097 αὐτῷ,
1347 3031 1547 3096 πάντες
1591 3032 1703 3101 (40)

1822 474 1936 527 sive
1958 488 2076 542 quze
2106 472 2158 525 iu
2189 483 2355 537 terra,
2405 472 2522 524 sive
2554 485 2674 538 quae
2703 470 2756 525 in
2789 471 2943 526 caelis
2967 472 3038 537 ⁸⁷,
3074 474 3278 541 dictum
3317 487 3409 535 est

1823 566 1948 619 illud
1982 582 1997 619 :
2030 565 2303 617 Adducam
2332 564 2470 615 enim
2495 577 2675 630 pacem
2709 580 2865 631 super
2884 566 3163 633 principes,
3183 575 3234 620 et
3266 570 3410 626 saui-

1816 665 1982 709 tatem
2023 656 2141 719 ipsi.
2206 655 2454 706 A‘rbitror
2501 654 2917 707 resurrectionis
2958 658 3276 724 mysterium
3319 658 3407 712 bis

1819 747 1999 801 verbis
2018 747 2248 800 ostendi.
2275 745 2412 798 Nam
2434 747 2556 812 quia
2580 745 2864 811 cruciﬁxus
2886 756 2962 799 cst
2984 762 3048 800 ea:
3071 748 3403 816 inﬁrmitate,

1818 843 1939 896 vivit
1972 856 2090 895 vero
2121 856 2186 893 ea;
2215 841 2402 893 virtute
2426 838 2523 891 Dei
2556 838 2621 905 ³⁸,
2662 839 2862 894 idcirco
2887 841 2935 894 ei
2977 842 3170 895 adduci
3205 844 3406 897 dicitur

1817 934 2024 988 sanitas
2062 932 2127 985 ad
2157 933 2450 986 curandam
2481 929 2852 985 inﬁrmitatem
2873 934 3079 994 carnis,
3107 948 3267 1002 quam
3301 950 3403 1003 pro

1817 1027 1972 1080 nobis
2002 1024 2315 1091 assumpsit.
2358 1020 2423 1075 Et
2446 1024 2591 1091 pacis
2620 1022 2735 1091 ejus
2769 1039 2873 1075 non
2898 1033 2972 1076 est
3006 1023 3152 1091 ﬁnis.
3181 1023 3400 1090 Pacem,

1815 1116 2013 1183 inquit,
2049 1115 2115 1167 do
2144 1111 2306 1175 vobis,
2344 1128 2451 1166 non
2488 1115 2767 1184 quomodo'
2796 1119 3024 1168 mundus
3050 1116 3164 1182 dat,
3204 1133 3295 1184 ego
3331 1119 3400 1171 do

1815 1205 1957 1259 vobis
1990 1205 2053 1258 ¹⁹.
2080 1203 2202 1258 Ideo
2234 1218 2336 1273 pax
2379 1203 2522 1257 illius
2551 1220 2660 1258 non
2689 1205 2886 1274 accipit
2922 1205 3108 1268 linem,
3146 1209 3402 1276 quoniam

1813 1298 2010 1352 donum
2033 1298 2299 1365 quoddam
2313 1305 2395 1350 est
2412 1297 2612 1350 mundo
2635 1298 2939 1354 sublimius.
2961 1298 3168 1353 Etenim
3188 1301 3234 1355 si
3256 1294 3402 1356 esse‘

1810 1402 1876 1442 ex
1908 1388 2139 1452 mundo,
2174 1403 2279 1440 non
2315 1387 2489 1457 magis
2529 1403 2690 1455 quam
2730 1388 2962 1445 mundus
2996 1390 3111 1460 ipse
3155 1391 3401 1447 duraret.

1812 1480 2062 1532 Attamen
2096 1479 2186 1547 qui
2225 1494 2369 1533 nunc
2408 1480 2624 1548 excepit
2648 1479 2790 1534 illius
2831 1495 3015 1550 pacem
3044 1493 3100 1537 et
3137 1485 3397 1550 servavit,

1816 1570 1860 1623 is
1892 1570 1944 1623 in
1976 1570 2371 1639 sempiternum
2399 1582 2611 1640 tempus
2643 1573 2806 1626 vitam
2834 1588 2987 1628 suam
3013 1577 3067 1628 lu
3104 1577 3261 1631 bouis
3300 1593 3399 1645 pa-

1815 1662 1898 1715 cis
1928 1662 2197 1716 traducet.
2233 1662 2541 1716 Salomonis
2568 1678 2671 1730 pax
2709 1670 2876 1719 certis
2902 1680 2968 1720 ac
2988 1669 3209 1723 statutis
3242 1671 3403 1724 annis

1817 1751 2366 1808 circumscribebatur
2401 1752 2449 1785 “
2480 1774 2491 1807 :
2526 1768 2646 1821 qua:
2681 1765 2862 1809 autem
2903 1770 3007 1825 pax
3043 1756 3198 1811 datur
3233 1774 3261 1810 a
3297 1759 3404 1812 Do-

1818 1844 1987 1909 miuo,
2019 1845 2086 1897 ad
2109 1858 2270 1898 omne
2300 1851 2513 1912 tempus
2541 1859 2601 1898 se
2626 1848 2889 1910 extendit,
2921 1862 3042 1901 cum
3086 1863 3185 1903 nec
3239 1850 3400 1905 linem

1816 1950 1917 1989 nec
1948 1934 2238 1989 terminum
2291 1934 2560 1990 admittat.
2606 1935 2799 1992 Omnia
2828 1938 2975 1991 enim
3010 1939 3062 1993 ei
3110 1939 3403 2009 subjicien-

1814 2034 1901 2080 tur
1928 2027 1997 2090 “,
2033 2036 2443 2096 agnoscentque
2487 2026 2607 2095 ejus
2639 2030 2922 2097 imperium
2964 2031 3182 2096 omnia;
3209 2042 3264 2086 et
3306 2032 3400 2088 ubi

1813 2118 1976 2172 luerit
2023 2117 2166 2173 Deus
2209 2120 2391 2173 omnia
2426 2120 2478 2173 in
2514 2121 2802 2186 omnibus,
2840 2122 2908 2176 iis
2945 2123 3040 2190 qui
3094 2137 3190 2191 per
3241 2139 3395 2179 suam

1812 2209 2173 2265 defectionem
2229 2211 2494 2268 tumultus
2531 2213 2849 2268 excitabant
2891 2214 3098 2268 indicto
3137 2214 3394 2279 silentio,

1814 2298 1980 2353 Deum
2019 2298 2246 2368 paciﬁca
2294 2313 2564 2354 consensu
2617 2299 2932 2354 laudabunt.
2978 2298 3148 2366 Super
3200 2302 3396 2355 solium

1812 2391 2006 2458 David,
2051 2400 2101 2445 et
2136 2407 2292 2459 super
2325 2408 2543 2461 regnum
2595 2392 2708 2462 ejus
2736 2432 2752 2455 ,
2787 2402 2843 2446 ut
2885 2376 3189 2446 moderetur
3238 2392 3394 2446 illud.

1811 2485 2075 2552 Quoniam
2098 2485 2301 2539 dictum
2331 2493 2414 2541 est
2440 2503 2454 2540 :
2487 2483 2609 2539 Non
2640 2486 2846 2555 deﬁciet
2879 2489 3121 2554 princeps
3141 2501 3206 2538 ea:
3229 2486 3396 2553 Iuda,

1808 2588 1857 2632 et
1886 2581 1998 2633 dua:
2056 2577 2121 2631 de
2174 2576 2460 2647 femoribus
2492 2580 2630 2649 ejus,
2675 2581 2841 2633 donec
2882 2580 3090 2633 veniant
3143 2595 3265 2647 quae
3316 2594 3399 2634 re-

1808 2672 1976 2741 posita
2000 2681 2119 2725 sunt
2143 2672 2190 2725 ei
2216 2672 2285 2737 “,
2303 2686 2494 2726 omnes
2523 2671 2762 2725 unanimi
2789 2671 2906 2726 fere
2931 2686 3200 2726 consensu
3225 2685 3403 2727 enun-

1812 2761 1949 2814 tiant
1988 2759 2275 2815 Dominum
2315 2763 2611 2816 secundum
2636 2775 2854 2816 carnem
2887 2776 2952 2816 ex
2988 2762 3198 2817 semine
3224 2760 3394 2817 David

1809 2852 1962 2910 oriri.
1986 2850 2207 2907 Sedebzt
2234 2853 2394 2922 igitur
2417 2852 2590 2919 Super
2615 2854 2857 2906 thronum
2892 2851 3086 2919 David,
3103 2864 3151 2906 et
3180 2869 3398 2923 regnum

1807 2942 1944 3011 eius,
1966 2953 2022 2997 ut
2061 2945 2360 2997 moderetur
2388 2943 2545 3008 illud,
2575 2953 2624 2996 et
2655 2945 3015 3010 patrocinetur
3043 2945 3095 2997 ei
3120 2944 3174 2996 in
3189 2943 3396 3011 judicio

1808 3044 1855 3088 et
1880 3032 2351 3103 justitiaJudicia
2383 3044 2496 3099 tua,
2530 3034 2725 3101 inquit,
2751 3034 2973 3103 abyssus
3009 3034 3172 3088 multa
3200 3034 3245 3064 "
3273 3049 3288 3099 ;
3319 3044 3395 3098 ct,

117 3127 309 3198 σχεδὸν
330 3122 652 3195 ὁμοφώνως,
681 3124 748 3176 ἐκ
777 3122 1086 3193 σπέρματος
1121 3121 1285 3176 Δαϐὶδ
1309 3118 1449 3176 εἶναι
1478 3122 1537 3175 τὸ
1570 3121 1695 3177 κατὰ

1851 3125 2029 3178 ustitia
2056 3136 2148 3179 tua
2180 3128 2313 3180 sicut
2350 3136 2550 3179 montes
2579 3124 2675 3178 Dei
2696 3124 2763 3177 “.
2789 3123 2976 3193 Neque
3014 3126 3175 3195 igitur
3199 3124 3395 3193 iudicia

116 3220 305 3290 σάρκα
346 3216 441 3272 τὸν
484 3213 709 3287 Κύριον,
763 3213 1252 3282 καταγγέλλουσιν.
1296 3212 1430 3267 Ἐπὶ
1459 3206 1553 3266 οὖν
1600 3212 1710 3267 τὸν

113 3307 337 3376 θρόνον
358 3302 557 3368 Δαὸιδ,
582 3303 682 3357 καὶ
710 3302 825 3371 τὴν
860 3302 1194 3368 βασιλείαν
1242 3301 1431 3356 αὐτοῦ
1479 3301 1712 3374 καθήσε-

114 3414 210 3452 ea:
228 3435 245 3460 ,
277 3393 436 3449 ὥστε
492 3391 863 3462 κατορθῶσαι
903 3390 1134 3459 αὐτὴν,
1200 3391 1299 3445 καὶ
1353 3390 1710 3461 ἀντέχεσθαι

116 3487 317 3556 αὐτῆς
346 3488 420 3541 ὲν
446 3486 685 3555 κρίματι
710 3484 811 3539 καὶ
855 3484 926 3538 ἐν
947 3483 1330 3551 δικαιοσύνῃ.
1361 3482 1436 3538 Τὰ
1457 3482 1710 3553 κρίματά

118 3596 262 3646 σου,
299 3581 488 3651 φησιν,
515 3578 789 3643 ἄϐυσσος
817 3574 1018 3642 πολλή
1041 3588 1057 3603 ⁸
1098 3576 1213 3638 καὶ,
1255 3575 1323 3629 Ἦ
1350 3574 1706 3644 δικαιοσύνη

118 3690 239 3728 σου
264 3673 347 3737 ὡς
377 3670 484 3739 ὅρη
504 3669 672 3724 Θεοῦ.
710 3666 847 3722 Οὔτε
874 3662 966 3722 οὖν
992 3666 1062 3721 τὰ
1100 3668 1343 3739 κρίματα
1360 3668 1704 3740 καταληπτά,

115 3763 247 3817 οὔτε
292 3766 327 3833 ἡ
371 3761 690 3832 δικαιοσύνη
726 3760 845 3813 κατ’
876 3757 1035 3823 ἀξίαν
1080 3758 1175 3811 τοῦ
1227 3757 1397 3829 ὕψους
1431 3759 1700 3833 θεωρητή.

114 3854 230 3910 Kal
277 3853 470 3909 ταῦτα
534 3852 777 3921 ποιήσει
828 3853 861 3906 ὁ
931 3847 1111 3919 ζῆλος
1158 3850 1378 3918 Κυρίου
1434 3851 1699 3906 Σαϐαὼθ.

1811 3216 1927 3286 ejus
1955 3217 2342 3286 comprehendi
2368 3227 2595 3286 queunt,
2633 3231 2808 3283 neque
2838 3214 3049 3282 justitia
3082 3230 3182 3284 pro
3216 3216 3395 3284 digni-

1814 3316 1922 3362 tate
1966 3321 2081 3362 sua:
2114 3307 2449 3363 celsitudinis
2479 3317 2660 3377 potest
2687 3307 2791 3361 ulla
2820 3306 3277 3374 contemplatione
3306 3314 3394 3360 at-

1814 3397 1966 3467 tingi.
1999 3397 2068 3450 Et
2094 3397 2206 3451 haec
2241 3397 2400 3467 faciet
2429 3398 2574 3452 zelus
2616 3396 2828 3451 Domini
2853 3395 3106 3451 Sabaoth.
3126 3395 3392 3462 Quoniam

1812 3491 1927 3542 zelo
1956 3490 2243 3559 studioque
2279 3505 2376 3544 nos
2415 3490 2717 3560 ignorantia
2759 3496 3047 3558 pereuntes
3072 3498 3396 3557 prosecutus

1814 3590 1916 3645 est,
1945 3590 2187 3634 assumet
2234 3580 2527 3634 humanam
2578 3578 3058 3648 dispensationem,
3093 3587 3146 3631 ut
3180 3592 3276 3630 nos
3311 3593 3396 3631 re-

1813 3684 1919 3739 gno
1941 3683 2039 3724 suo
2067 3677 2290 3724 asserat.
2334 3668 2493 3724 Zelus
2533 3670 2696 3740 igitur
2737 3668 2949 3723 Domini
2992 3666 3255 3734 Sabaoth,
3294 3667 3395 3723 Dei

1811 3762 2170 3826 exercituum,
2197 3762 2284 3816 cui
2318 3761 2490 3817 virtus
2534 3760 2712 3817 omnis
2748 3758 2991 3829 subjecta
3026 3768 3132 3825 est,
3159 3759 3277 3814 haec
3307 3756 3394 3811 la-

1810 3851 1934 3906 ciet.

115 3945 382 4017 Ζηλώσας
411 3944 557 4015 ἡμᾶς
588 3944 713 4006 τοὺς
753 3939 1154 4010 ἀπολλυμένους
1196 3942 1261 4012 τῇ
1300 3940 1512 4010 ἀγνοίᾳ,
1556 3941 1789 4008 δέξεται,
1858 3942 1995 4014 ὑπὲρ
2033 3941 2126 3997 τοῦ
2203 3944 2659 4016 περιποιήσασθαι
2722 3961 2800 4008 εις
2868 3960 2969 4015 την
3014 3944 3206 3996 ἑαυτου
3239 3942 3394 4013 βασι-

115 4041 289 4104 λείαν,
333 4038 433 4109 τὴν
483 4039 542 4090 ὲν
592 4033 897 4105 ἀνθρώποις
951 4031 1062 4102 (41)
1121 4033 1453 4104 οἰκονομίαν.
1526 4035 1586 4088 '0
1635 4032 1728 4091 οὖν
1801 4036 1961 4109 ζῆλος
2007 4034 2214 4107 Κυρίου
2268 4034 2521 4103 Σαϐαὼθ,
2576 4036 2670 4091 τοῦ
2723 4035 2860 4090 Θεοῦ
2910 4034 3019 4089 τῶν
3073 4034 3344 4106 στρατιῶν
3376 4076 3393 4102 ,

114 4130 161 4203 ᾧ
206 4133 367 4185 πᾶσα
408 4128 637 4198 δύναμις
684 4124 1072 4186 ὑποτέτακται,
1113 4115 1268 4186 οὗτος
1317 4125 1492 4178 ταῦτα
1540 4126 1776 4198 ποιήσει.

183 4227 316 4283 227.
340 4224 537 4293 Λόγον
563 4220 674 4292 (42)
715 4219 1036 4275 ἀπέστειλε
1085 4220 1301 4289 Κύριος
1323 4219 1422 4272 ἐπὶ
1468 4219 1695 4287 Ἰακὼϐ,

1874 4222 2002 4277 227.
2021 4222 2185 4278 Vsus.
2201 4224 2357 4280 8-10.
2381 4223 2605 4279 Verbum
2631 4225 2772 4277 misit
2794 4222 3049 4277 Dominus
3069 4222 3123 4275 in
3146 4222 3395 4287 Jacob,et

115 4321 216 4376 καὶ
249 4316 442 4390 ἦλθεν
482 4313 578 4367 ἐπὶ
619 4311 876 4382 Ἰσραήλ.
934 4310 1046 4367 Kal
1100 4309 1431 4381 γνώσονται
1488 4309 1608 4378 πᾶς
1661 4315 1694 4366 ό

114 4412 270 4478 ,λαὸς
292 4407 403 4462 τοῦ
436 4404 707 4475 Ἐφραῒμ,
734 4403 834 4457 καὶ
861 4405 916 4457 ol
944 4401 1265 4471 καθήμενοι
1290 4401 1360 4454 ἐν
1379 4403 1700 4471 Σαμαρείᾳ,

115 4506 207 4573 ἐφ’
230 4502 399 4569 ὕϐρει
439 4497 540 4551 καὶ
580 4495 792 4565 ὑψηλῇ
837 4495 1051 4563 καρδίᾳ
1099 4493 1415 4563 λέγοντες-⁸
1450 4495 1699 4550 Πλινθοι

116 4593 527 4654 πεπτώκασιν,
580 4587 743 4645 ἀλλά
791 4586 985 4651 δεῦτε,
1034 4583 1430 4654 λαξεύσωμεν
1466 4586 1700 4652 λίθους,

117 4687 214 4742 καὶ
239 4686 529 4753 κόψωμεν
560 4679 937 4749 συκαμίνους
968 4678 1065 4732 καὶ
1092 4675 1367 4745 κέδρους,
1406 4676 1505 4731 καὶ
1541 4679 1702 4731 οἱκο-

118 4778 482 4849 ὄομήσωμεν
528 4770 764 4837 ἑαυτοῖς
806 4771 1056 4840 πύργον.
1106 4767 1194 4821 Ἐν
1231 4769 1299 4838 τῇ
1357 4768 1701 4840 προσηγορίᾳ

114 4873 211 4927 τοῦ
244 4867 447 4924 Ἰακὼϐ
473 4865 570 4920 καὶ
597 4862 694 4917 τοῦ
738 4860 953 4933 Ἰσραὴλ
979 4858 1073 4912 δύο
1102 4858 1444 4929 πραγμάτων
1492 4857 1701 4912 ἔννοιαν

227 5012 274 5045 ι’
302 5009 514 5065 Coloss.
550 5020 591 5070 ι,
622 5001 712 5059 20.
789 5001 834 5035 ¹⁶
862 4999 903 5055 ll
925 4998 1197 5070 Cor.gxm,
1219 4997 1275 5053 4.
1351 4998 1394 5031 ⁸⁸
1421 4994 1580 5053 Joan.
1623 5014 1695 5055 xu

1843 5037 1860 5054 .
1932 5000 1979 5034 ³⁸
2006 5001 2068 5056 ΙΙΙ
2096 4999 2235 5068 Reg.
2266 5016 2342 5065 tv,
2373 5000 2463 5055 24.

122 5098 273 5147 ηις,
305 5081 395 5134 ιι).
470 5068 676 5130 "Psal.
699 5086 864 5137 xxxv,
901 5070 954 5124 7.
1027 5068 1075 5102 ³⁸
1100 5070 1234 5123 ibid.

190 5220 309 5290 (36)
334 5217 427 5290 Sic
440 5225 683 5290 _tt_te_rque
719 5207 964 5267 Combef.
997 5216 1052 5264 et
1079 5208 1169 5264 alii
1201 5207 1420 5278 quidam
1449 5219 1582 5260 mss.
1627 5203 1699 5259 At

118 5283 275 5349 editi,
290 5283 469 5342 ἀὑτοῦ
492 5283 766 5353 λέγεσθαι.

1807 4316 1941 4369 venit
1962 4316 2019 4370 in
2045 4314 2239 4374 Israel.
2261 4316 2325 4370 Et
2349 4328 2620 4387 cognoscet
2651 4320 2820 4369 omnis
2838 4316 3063 4385 populus
3097 4313 3352 4382 Ephraim
3379 4358 3395 4374 .

1807 4418 1854 4459 et
1903 4407 1994 4476 qui
2050 4410 2225 4462 sedent
2271 4409 2327 4462 in
2374 4406 2623 4463 Samaria
2669 4408 2720 4459 in
2768 4405 3106 4469 contumelia,
3149 4415 3198 4457 et
3237 4406 3368 4459 elate

1807 4499 1963 4550 corde
1993 4497 2216 4552 dicentes
2243 4514 2263 4553 :
2292 4497 2506 4552 Lateres
2546 4498 2839 4552 ceciderunt
2867 4536 2883 4561 ,
2919 4498 3009 4550 sed
3060 4499 3251 4560 venite,
3299 4514 3396 4564 po-

1808 4590 1998 4644 liamus
2033 4591 2267 4659 lapides,
2297 4602 2344 4647 et
2376 4592 2679 4646 excidamus
2720 4591 3019 4660 sycaminas
3041 4628 3057 4653 ,
3100 4601 3147 4643 et
3191 4589 3396 4645 cedrus.

1808 4687 1858 4732 et
1887 4679 2202 4749 cedi/iremus
2228 4683 2374 4736 nobis
2425 4684 2635 4735 turrim.
2666 4681 2950 4749 Scriptura
2980 4680 3199 4733 nomine
3229 4677 3399 4733 Jacob

1809 4782 1863 4825 et
1895 4772 2060 4828 Israel
2093 4774 2249 4829 nobis
2283 4776 2507 4829 duarum
2539 4788 2718 4828 rerum
2752 4772 3164 4842 intelligentiam
3201 4785 3397 4838 sugge-

1810 4877 1931 4919 rere
1955 4866 2188 4933 videtur,
2226 4868 2456 4935 primam
2487 4865 2926 4935 imperfectorum
2963 4862 3392 4926 institutionem,

2569 5001 2614 5034 ἰ
2651 4999 2825 5056 lCor.
2876 5015 2968 5065 xv,
3012 4999 3103 5055 28.
3177 4996 3223 5032 ⁸³
3250 4993 3390 5052 Gen.

1867 5202 1980 5340 (39)
2012 5203 2091 5257 Ita
2126 5218 2221 5259 sex
2256 5218 2392 5260 mss.
2428 5203 2571 5259 Editt
2605 5217 2759 5265 vero,
2789 5200 3221 5281 ἀνυμνήσουσιν.

1889 5273 1979 5340 40)
2013 5273 2174 5340 Editi,
2205 5274 2409 5338 πάντες
2440 5274 2572 5340 γάρ.
2614 5275 2775 5328 Deest
2806 5271 2914 5340 γάρ
2957 5287 3009 5324 ιιι
3039 5273 3221 5325 nostri:

1889 5271 1979 5341 40)
2013 5273 2174 5341 Editi,
2205 5274 2409 5338 πάντες
2440 5274 2572 5345 γάρ.
2614 5275 2775 5328 Deest
2806 5271 2914 5341 γάρ
2957 5276 3009 5324 in
3039 5273 3241 5325 nostris
3293 5285 3393 5327 sex

189 5345 307 5431 (τί)
332 5357 503 5431 ΑΕιίὶιί,
544 5345 731 5431 ἐπειδὴ
761 5349 877 5431 καί.
930 5346 1134 5403 Vocula
1174 5346 1269 5431 καί
1293 5345 1695 5431 innostri‘slsex

1842 5345 2097 5431 ἐιὲεξιυιξεο

119 5415 254 5484 ωδε.
288 5415 500 5481 'deest.'
542 5424 666 5479 Mox
718 5415 960 5493 quinque
988 5433 1144 5484 mss.,
1178 5417 1239 5470 τὸ
1297 5415 1488 5486 δῶρον.
1531 5416 1700 5469 Abeat

118 5501 181 5554 τό
199 5500 272 5551 ab
294 5497 529 5553 excusis.

189 5552 315 5638 (58)
347 5565 539 5619 Totum
570 5563 720 5638 illud,
752 5559 1137 5638 ἁπεριὸριστος
1173 5552 1308 5638 οὖσα
1335 5555 1429 5638 και
1458 5552 1696 5627 ἀτερμά-

119 5628 323 5701 τιεί-τος,
353 5636 697 5706 typograplns
750 5628 1025 5706 exciderat
1072 5647 1087 5683 :
1118 5630 1212 5685 sed
1245 5631 1386 5683 hunc
1412 5628 1584 5682 locum
1624 5639 1691 5679 ex

118 5709 324 5767 nostris
354 5701 449 5763 s'e'x
484 5701 620 5761 iuss.
657 5701 1013 5759 restituimus.

1794 5492 1901 5538 cte.

1795 5569 1909 5625 cet.
1928 5553 2031 5608 Alii
2069 5556 2330 5625 duogcum
2356 5553 2534 5620 editis,
2555 5553 2727 5608 ταῦτα
2752 5555 3002 5625 ποιήσει.

1867 5413 1979 5536 (4R
2016 5413 2234 5485 Antiqui
2275 5416 2380 5471 duo
2419 5415 2563 5479 libri,
2597 5411 2695 5485 τὴν
2724 5414 2783 5466 ὲν
2808 5412 3084 5477 οὐρανοῖς,
3116 5409 3261 5464 haud
3302 5424 3393 5464 re-

1867 5499 1901 5536 i.
1981 5500 2041 5536 ec
2064 5485 2138 5536 ita
2170 5485 2337 5536 midto
2370 5496 2494 5536 nost
2519 5496 2627 5536 tres
2655 5500 2815 5536 mss”
2837 5478 2992 5536 οὗτος
3017 5482 3203 5535 πάντα
3232 5478 3393 5536 τιοιέ-

1981 5500 2041 5537 ec
2064 5485 2138 5539 ita
2160 5478 2337 5540 'mnlto
2370 5496 2494 5555 post
2519 5478 2815 5555 tresu'is”
2837 5478 2992 5545 οὗτος
3017 5482 3203 5535 πάντα
3232 5478 3394 5555 ποιή-

1864 5623 1977 5681 (ιὲὶ
2004 5627 2155 5698 Apud
2179 5624 2321 5680 LXX
2352 5626 2566 5697 legitur,
2595 5640 2701 5680 non
2732 5620 2937 5694 Λόγον,
2966 5621 3176 5679 rerbnm
3209 5637 3228 5679 .'
3259 5620 3384 5691 sed,
