3808 6212
189 277 288 338 817

1017 271 1374 328 COMMENT.
1415 271 1482 327 ιι(
1520 270 1754 327 ISAIAM
1789 268 2232 326 PROPHLTAM.
2273 270 2427 326 CAP.
2462 271 2558 327 lx.

3322 276 3427 330 513

191 397 394 471 μελείας
416 393 652 466 ἀμύξας,
682 392 813 446 όπόν
840 410 963 446 τινα
993 393 1178 455 αὐτοῖς
1207 391 1576 446 ἐπισπάσαιτο
1615 391 1750 461 (47),

1859 390 1935 444 all
1965 399 2049 444 rat
2075 389 2424 454 suavitatem,
2459 405 2522 444 ex
2555 391 2634 444 eis
2665 389 2866 444 eliciat.
2910 388 3059 444 Unde
3102 390 3430 446 arbitramur

183 490 359 561 ἡδονὴν
385 485 722 558 ὲμποιοῦντα
753 487 819 555 τῇ
857 483 1066 552 γεύσει.
1100 484 1264 538 ’Ὅθεν
1300 483 1580 554 ἡγούμεθα
1608 483 1748 553 σύμ-

183 582 322 634 ϐολον
371 576 508 632 εἶναι
559 579 658 650 τῆς
695 576 916 646 ἐθνικῆς
975 577 1320 644 συναγωγῆς,
1369 573 1748 646 πληθυνούσης

187 673 291 742 μὲν,
317 671 474 744 οἱονεὶ
499 669 976 740 μεμωραμμένης,
1017 668 1107 722 διὰ
1133 667 1232 738 τὴν
1263 669 1321 721 ἐν
1361 671 1474 730 τοῖς
1516 667 1748 730 ὲθνικοίς

183 762 558 831 ἐπιτηδεύμασι
585 759 896 831 συνήθειαν,
931 761 997 831 ἢν
1025 761 1120 813 ἐὰν
1161 757 1472 829 καταμύξαι
1515 759 1626 828 (18)
1663 777 1748 822 τις

183 855 259 908 διὰ
274 853 358 906 τοῦ
391 853 553 921 λόγου
586 851 810 922 δυνηθῇ,
842 851 1212 919 γλυκανθεῑσα
1239 853 1303 921 τῇ
1330 850 1624 922 μεταϐολῇ,
1665 853 1747 915 είς

182 941 487 1014 εὐχρηστίαν
515 942 629 1011 (49)
659 940 1074 1012 μεταϐάλλεται.
1109 941 1220 994 Καὶ
1247 941 1501 1011 αἱκέδροι
1530 941 1745 1012 λαμϐά-

182 1046 340 1082 νονται
371 1030 470 1099 μέν
499 1046 632 1082 ποτε
663 1030 757 1082 καὶ
791 1031 871 1092 εἰς
904 1030 1088 1082 εἰκόνα
1134 1029 1324 1100 ψυχῶν
1355 1031 1630 1100 μεγάλων,
1651 1031 1746 1085 καὶ

181 1118 434 1186 ἀξιόλογον
459 1119 703 1189 ἐχουσῶν
737 1119 965 1190 δίαρμα,
994 1122 1057 1172 ἐκ
1099 1119 1195 1172 τοῦ
1230 1120 1642 1190 διανεστηκέναι
1667 1123 1746 1192 τῷ

180 1211 488 1280 φρονήματι,
515 1213 614 1265 καὶ
641 1211 702 1265 τὸ
729 1212 1032 1283 πολίτευμα
1063 1212 1208 1284 ἔχειν
1238 1216 1295 1266 ὲν
1312 1215 1580 1288 οὐρανοῖς·
1605 1215 1744 1268 καθ-

180 1301 245 1366 ὼς
277 1302 632 1373 ἐδιδάχθημεν
682 1306 740 1357 ἐν
773 1304 1055 1376 Ψαλμοῖς,
1117 1305 1214 1359 νῦν
1257 1307 1356 1376 μὲν
1389 1306 1501 1377 (50)
1541 1308 1621 1370 είς
1653 1307 1744 1359 τὸν

179 1390 310 1446 αἶνον
335 1393 424 1446 τοῦ
450 1395 590 1447 Θεοῦ
640 1396 1162 1468 παραλαμϐάνοντος
1215 1397 1383 1461 αὑτάς
1430 1396 1523 1450 τοῦ
1557 1397 1741 1464 Δαϐὶδ,

180 1488 261 1540 καὶ
285 1487 528 1555 λέγοντος
548 1506 563 1519 ·
589 1485 638 1541 Ξ
642 1489 757 1542 tua
786 1491 1153 1557 καρποφόρα,
1172 1489 1267 1542 καὶ
1304 1488 1494 1543 πᾶσαι
1521 1489 1740 1558 κέδροι·

179 1578 323 1631 πάλιν
338 1579 394 1631 δέ
415 1595 428 1608 δ
449 1578 943 1647 Χορτασθήσεται
972 1580 1043 1633 τὰ
1071 1580 1230 1644 ξύλα
1251 1581 1356 1635 τοῦ
1379 1580 1588 1634 πεδίου
1607 1581 1741 1652 (51),

177 1668 440 1734 αίκέδροι
475 1669 586 1722 τοῦ
633 1669 913 1733 Λιϐάνου,
961 1668 1035 1734 ἂς
1084 1670 1436 1739 ἐφύτευσεν.
1493 1671 1634 1743 Ἤδη
1685 1671 1743 1724 δὲ

1857 483 1998 537 banc
2037 482 2286 534 arborem
2316 480 2618 550 symbolum
2655 495 2777 535 esse
2806 495 3092 548 synagoga:
3124 482 3427 548 gentilium,

1853 589 1974 643 qua:
2007 573 2202 627 crescit
2237 573 2478 642 quidem,
2519 573 2613 626 sed
2669 571 2821 640 quasi
2870 571 3168 625 infatuatur
3197 573 3265 627 ‹›Ι›
3316 584 3430 628 ειυ-

1854 667 2063 720 diorum
2112 665 2390 734 gentilium
2424 666 2822 719 assueludiucm
2861 682 2874 718 :
2911 681 3073 732 quant
3104 681 3427 735 synagogam

1853 758 1896 811 si
1933 757 2052 824 quis
2087 759 2250 811 verbo
2300 757 2612 812 scariticare
2643 757 2898 824 potuerit,
2929 767 3038 810 tum
3084 773 3149 810 ex
3178 758 3278 811 hac
3308 773 3425 810 mn-

1855 849 2054 902 tatione
2083 849 2418 903 dulcedinem
2449 858 2628 911 nacta,
2664 850 2799 901 bona
2841 849 3021 903 evadit
3049 859 3103 903 et
3134 851 3301 904 utilis.
3320 848 3426 904 Sed

1854 955 2234 1009 nonnunquam
2258 944 2422 994 etiam
2456 940 2601 994 cedri
2634 941 2973 1006 accipiuntur
2999 941 3065 992 ad
3113 941 3426 1007 exprimen-

1853 1033 1971 1085 dam
1995 1033 2282 1100 imaginem
2309 1033 2612 1086 animarum
2644 1047 2986 1097 magnarum,
3005 1041 3166 1099 atque
3191 1031 3428 1083 elatione

1851 1123 2269 1176 commendabili
2298 1124 2670 1190 prcctlitarum,
2703 1132 2885 1189 utpote
2911 1138 3030 1190 qua:
3058 1121 3276 1176 sublimi
3307 1122 3427 1173 aui-

1852 1214 1924 1267 tui
1947 1229 2104 1268 sensu
2131 1213 2445 1277 eﬂ'erautur,
2465 1229 2526 1267 ac
2551 1214 2602 1267 in
2627 1214 2781 1268 caelis
2806 1213 3036 1267 habeant
3057 1213 3428 1267 conv-'rsatio-

1851 1307 2088 1369 netn,uti
2121 1305 2172 1360 in
2205 1306 2437 1359 Psalmis
2477 1321 2666 1360 sumus
2697 1306 3116 1368 edocti,Davide
3157 1304 3426 1358 interdum

1851 1398 1916 1451 ad
1963 1397 2052 1450 Dei
2087 1397 2296 1452 laudem
2336 1398 2531 1452 cedros
2577 1407 2922 1460 asstunente,
2965 1411 3029 1448 ac
3062 1396 3308 1458 dicente,
3338 1393 3428 1447 Li-

1849 1506 1952 1559 gna
1995 1489 2270 1558 fructifera
2307 1499 2354 1543 et
2394 1506 2569 1542 omnes
2608 1489 2840 1554 cedri“;
2877 1503 3061 1542 rursus
3093 1503 3237 1552 vero,
3265 1485 3426 1539 Salu-

1850 1580 2108 1630 rabnntur
2139 1579 2282 1646 ligna
2336 1580 2505 1645 campi
2543 1591 2561 1629 .'
2595 1579 2736 1631 cedri
2785 1577 2998 1641 Libani,
3033 1595 3163 1646 quas
3213 1578 3426 1640 planis:-

1850 1670 1922 1722 vit
1957 1670 2022 1722 ³⁸.
2049 1670 2187 1735 Quin
2219 1681 2272 1723 et
2313 1684 2493 1723 mores
2521 1685 2746 1739 asperos
2776 1679 2832 1724 et
2868 1667 3210 1730 inﬂexibiles.
3236 1669 3326 1737 qui
3368 1683 3427 1721 se

178 1760 261 1811 καὶ
290 1759 352 1811 τά
382 1759 598 1830 σκληρὰ
634 1761 729 1813 καὶ
765 1759 1095 1831 δύσκαμπτα
1128 1761 1256 1832 ἢθη,
1286 1762 1356 1815 τὰ
1400 1763 1742 1834 ἑπαιρόμενα

1846 1760 2097 1814 attollunt
2137 1761 2397 1814 adversus
2441 1761 2532 1814 llei
2582 1761 2866 1814 scientiam
2903 1760 2968 1826 ³⁸,
3009 1762 3201 1814 cedros
3241 1757 3427 1828 appel-

180 1850 304 1903 κατὰ
332 1851 428 1921 τῆς
462 1849 726 1920 γνώσεως
751 1851 846 1904 τοῦ
876 1851 1033 1918 Θεοῦ,
1062 1853 1287 1924 κέδρους
1316 1853 1564 1923 ἔγνωμεν
1594 1854 1742 1924 λεγό-

179 1959 318 2012 μενα.
345 1943 444 1997 Διὰ
471 1943 640 1997 τοῦτο
667 1945 975 2012 Συντρίϐει
995 1947 1211 2014 Κύριος
1229 1946 1336 2012 τὰς
1363 1947 1613 2015 κέδρους
1634 1949 1741 2002 τοῦ

177 2033 434 2090 Λιϐάνου.
486 2035 604 2088 Καὶ
660 2038 710 2088 ol.
766 2037 1122 2108 ἐπαιρόμενοι
1158 2037 1252 2090 ἐπὶ
1287 2040 1354 2108 τῇ
1402 2037 1742 2110 ψευδωνύμῳ

176 2125 376 2194 γνώσει,
409 2129 506 2182 καὶ
559 2128 1018 2200 φαντασιούμενοι
1064 2131 1140 2194 ὼς
1191 2131 1260 2184 τὰ
1319 2133 1594 2204 μυστήρια
1645 2131 1740 2186 τοῦ

180 2219 412 2291 ὑπεράνω
440 2220 579 2273 Θεοῦ
609 2222 1027 2292 κατειληφότες,
1056 2222 1236 2294 κέδροι
1269 2223 1538 2292 λέγονται.
1558 2221 1742 2279 Εἶδον

177 2311 272 2382 γὰρ
300 2311 401 2365 τὸν
431 2311 629 2383 ἀσεϐῆ
655 2314 1161 2382 ὑπερυψούμενον
1209 2313 1310 2367 καὶ
1348 2315 1742 2385 ἐπαιρόμενον

177 2401 247 2469 ὠς
269 2405 367 2469 τὰς
389 2403 649 2471 κέδρους
689 2403 796 2457 τοῦ
837 2403 1118 2458 Λιϐάνου.
1153 2399 1254 2458 Ὧν
1298 2407 1331 2477 ἠ
1370 2405 1742 2478 ὲξολόθρευσις

176 2496 344 2562 ταχεῖα
363 2511 376 2523 ·
408 2494 736 2564 Παρῆλθον
763 2495 893 2566 γὰρ,
929 2498 1028 2550 καί
1060 2496 1190 2550 ἰδοὺ
1239 2500 1350 2552 οὐκ
1373 2495 1472 2570 ἦν.
1526 2499 1742 2565 Ταύτας

176 2577 255 2637 οὖν
308 2584 392 2648 τὰς
448 2586 681 2657 κέδρους
734 2587 1153 2658 παρελάμϐανον
1209 2589 1324 2660 (52)
1379 2592 1460 2654 είς
1491 2591 1591 2663 τὴν
1643 2592 1738 2646 τοῦ

178 2675 364 2746 πύργου
387 2677 738 2750 κατασκευὴν
769 2681 817 2732 οἱ
845 2681 952 2751 πρὸ
986 2681 1083 2751 τῆς
1113 2681 1410 2754 ἐπιδημίας
1442 2684 1537 2737 τοῦ
1566 2685 1739 2754 Λόγου

178 2770 448 2842 καθήμενοι
483 2775 543 2825 ἐν
583 2774 871 2844 Σαμαρείᾳ
915 2775 1001 2843 ἐφ’
1034 2774 1208 2846 ὕϐρει,
1245 2777 1339 2830 καὶ
1387 2778 1742 2847 χλευάζοντες

177 2860 261 2932 τὴν
285 2863 420 2917 κατὰ
463 2863 558 2917 τὸν
603 2863 804 2918 Ἰούδαν
832 2863 1166 2931 θεοσέϐειαν,
1219 2868 1314 2920 καὶ
1345 2867 1600 2933 πλίνθους
1640 2887 1740 2924 πε-

177 2952 433 3018 πτωκυίας
461 2954 720 3023 λέγοντες
749 2955 818 3008 τά
847 2955 904 3009 ὲν
959 2955 1228 3028 δόγμασιν
1278 2959 1503 3013 ἐκείνων
1534 2961 1740 3014 οἰκοδο-

180 3045 404 3115 μήματα-

1846 1850 1944 1904 lari
1971 1851 2238 1905 novimus.
2273 1849 2634 1916 Quamobrem
2688 1850 2923 1904 Conterit
2955 1850 3213 1905 Dominus
3243 1851 3424 1903 cedros

1843 1941 2034 1996 Libani
2059 1942 2127 1996 ³⁷.
2155 1941 2288 1995 ltetu
2319 1943 2410 2011 qui
2443 1940 2742 1997 efferuntur
2773 1943 2843 1996 ob
2894 1941 3084 1996 falsam
3122 1953 3178 1996 et
3216 1943 3424 1998 adulte-

1846 2034 2018 2088 rinam
2055 2034 2359 2096 scientiam,
2393 2035 2606 2103 sibique
2635 2023 2887 2090 videntur
2923 2035 3078 2106 quasi
3103 2035 3195 2089 Dei
3221 2035 3426 2088 altissi-

1844 2124 1916 2177 mi
1946 2124 2204 2194 mySIeria
2232 2125 2731 2192 comprehendisse,
2756 2125 2916 2178 iidem
2957 2135 3220 2178 vocantur
3247 2123 3421 2177 cedri.

1858 2215 1973 2269 l’idi
2004 2217 2172 2280 enim,
2203 2217 2425 2284 impium
2459 2218 2907 2285 superexaltatunt
2955 2229 3002 2274 ct
3034 2219 3292 2271 eleuatum
3320 2218 3424 2271 sic-

1844 2318 1901 2362 ut
1929 2311 2112 2364 cedros
2141 2308 2332 2363 Libani
2359 2310 2424 2366 ³⁸.
2464 2310 2701 2376 Quorum
2755 2311 3037 2365 celerrima
3079 2323 3162 2368 est
3213 2313 3367 2366 ruina
3403 2328 3420 2366 :

1847 2397 2084 2453 Transivi
2112 2399 2280 2464 enim,
2313 2409 2360 2454 et
2391 2415 2507 2453 ecce
2537 2417 2638 2454 non
2671 2412 2782 2454 erat
2801 2400 2867 2454 ”.
2900 2400 3009 2456 llas
3039 2402 3202 2470 igitur
3231 2403 3423 2456 cedros

1843 2491 1910 2545 ad
1930 2491 2312 2545 exstruendam
2340 2496 2531 2545 turrim
2563 2494 2890 2548 adhibebant
2921 2494 3082 2562 ii.qui
3105 2505 3232 2549 ante
3264 2492 3420 2548 Verbi

1843 2582 2131 2636 adventum
2182 2585 2444 2637 sedebant
2469 2585 2520 2638 iu
2553 2583 2799 2638 Samaria
2834 2587 2887 2639 in
2923 2587 3271 2649 conltnnelia,
3302 2585 3425 2655 qui-

1842 2688 1947 2743 que
1976 2675 2176 2728 cultum
2207 2673 2320 2730 Deo
2345 2692 2373 2728 a
2407 2673 2544 2730 Juda
2595 2677 2896 2731 exhibitura
2944 2677 3249 2740 illudentes,
3289 2678 3424 2732 late-

1845 2778 1932 2818 res
1959 2763 2226 2835 collapsos
2257 2767 2604 2836 appellabant
2652 2768 2838 2824 innixa
2874 2769 2928 2822 in
2955 2769 3168 2826 illorum
3202 2771 3423 2840 dogma~

1845 2857 1912 2912 tis
1936 2857 2186 2912 aedilicia.

233 3134 346 3192 229.
376 3138 485 3190 Kal
499 3137 679 3205 ῥάξει
702 3141 735 3192 ό
775 3137 916 3204 Θεὸς
944 3139 1084 3207 τοὺς
1105 3139 1620 3212 ἐπανισταμένους
1643 3145 1744 3200 ἐπὶ

1918 3134 2046 3192 229.
2081 3133 2240 3191 Vsus.
2267 3136 2356 3203 11,
2377 3136 2463 3190 12.
2489 3136 2553 3190 Et
2579 3136 2788 3207 franget
2822 3136 2961 3191 Deus
2985 3154 3104 3202 eos,
3129 3139 3219 3208 qui
3247 3138 3420 3191 insur-

177 3225 296 3292 ὄρος
339 3227 491 3282 Σιὼν
543 3229 636 3281 ἐπ’
662 3227 869 3294 αὑτὸν,
917 3229 1016 3282 καὶ
1070 3229 1212 3296 τοὺς
1254 3231 1507 3300 ἐχθροὺς
1553 3233 1740 3288 αὐτοῦ

177 3317 572 3375 διασκεδάσει·
617 3321 841 3388 Συρίαν
891 3321 993 3389 ἀφ’
1022 3322 1201 3390 ἡλίου
1245 3322 1586 3390 ἀνατολῶν,
1637 3324 1737 3378 καί

180 3409 302 3477 τοὺς
327 3413 640 3480 Ἕλληνας
690 3409 790 3478 ἀφ’
846 3411 1024 3478 ἡλίου
1080 3410 1352 3480 δυσμῶν,
1406 3411 1548 3475 τοὺς
1598 3428 1739 3464 κατ-

177 3504 467 3572 εσθίοντας
488 3504 604 3558 τὸν
645 3503 885 3572 Ἰσραὴλ
931 3502 1052 3568 ὅλῳ
1090 3502 1171 3569 τῷ
1201 3505 1473 3573 στόματι.
1523 3504 1736 3568 Ῥάξειν

179 3591 258 3648 οὖν
297 3597 486 3660 αὐτοὺς
545 3588 939 3665 ἐπαγγέλλεται
996 3595 1091 3648 καὶ
1151 3595 1477 3650 καταϐαλεῖν
1525 3595 1735 3660 πάντας

177 3687 286 3748 τοὺς
320 3687 790 3757 ἐπανισταμένους
809 3685 887 3756 τῷ
914 3686 1029 3757 ὄρει
1059 3684 1218 3753 Σιὼν,
1253 3687 1347 3740 καὶ
1366 3686 1736 3742 διασκεδάσειν

179 3777 337 3831 αὐτῶν
385 3781 484 3851 τὴν
521 3779 666 3833 κατὰ
716 3779 818 3848 τῆς
870 3778 1130 3850 ἀληθείας
1161 3779 1333 3850 ἀσεϐῆ
1393 3781 1733 3850 συμφωνίαν.

183 3868 287 3922 Εἰσὶ
314 3871 366 3923 δὲ
411 3875 459 3926 οἱ
516 3871 704 3944 ἐχθροὶ
755 3871 922 3944 Σύροι
971 3871 1068 3924 καὶ
1099 3871 1390 3941 Ἕλληνεςο
1442 3873 1492 3924 oi
1529 3872 1626 3942 μὲν
1669 3873 1738 3926 τὰ

178 3960 298 4031 πρὸς
336 3965 601 4029 ἀνατολὰς
633 3963 724 4018 τοῦ
771 3965 926 4036 ἡλίου
952 3963 1296 4034 κατέχοντες,
1331 3965 1381 4017 oi
1417 3965 1474 4018 δὲ
1502 3965 1569 4018 τὰ
1600 3965 1736 4037 πρὸς

177 4056 280 4116 ταῖς
300 4047 553 4127 δυσμαῖς.
584 4056 682 4110 Διά
704 4055 863 4110 τοῦτο
883 4057 940 4109 δὲ
955 4056 1527 4129 διασκεδασθήσονται,
1548 4057 1734 4130 ἐπειδὴ

179 4149 446 4219 κατήσθιον
490 4150 600 4222 ὅλῳ
647 4150 725 4222 τῷ
761 4151 991 4222 στόματι
1043 4151 1133 4203 τὸν
1173 4151 1410 4222 Ἰσραήλ.
1446 4151 1627 4222 Στόμα
1677 4151 1734 4204 δὲ

178 4237 305 4306 λέγει
333 4241 424 4297 νῦν
449 4243 550 4314 τὴν
599 4243 920 4313 σοφιστικὴν
968 4241 1064 4295 τοῦ
1098 4242 1261 4311 λόγου
1291 4243 1542 4314 δύναμιν,
1638 4243 1737 4297 πά-

181 4344 240 4400 σῃ
267 4334 661 4406 κατεκέχρηντο
689 4337 770 4398 είς
799 4333 899 4406 τὴν
929 4332 1223 4404 ἐπιϐουλὴν
1244 4332 1352 4388 τῶν
1381 4335 1440 4390 ὲν
1463 4333 1729 4406 ἁπλότητι

1844 3235 1971 3295 gunt
2011 3226 2264 3280 adversm
2319 3239 2547 3281 montem
2603 3226 2737 3283 Sion
2780 3229 2833 3281 in
2879 3229 3072 3296 ipsum,
3103 3241 3148 3280 et
3180 3228 3419 3282 inimicos

1841 3317 1954 3386 ejus
1987 3317 2260 3385 dissipabit
2282 3335 2302 3384 ;
2325 3317 2538 3388 Syriam
2566 3336 2599 3372 a
2626 3321 2750 3373 solis
2798 3331 2937 3386 ortu,
2963 3331 3009 3374 et
3035 3318 3243 3374 (ἔνατος
3269 3333 3301 3368 a
3328 3337 3419 3374 so-

1841 3409 1907 3462 lis
1957 3425 2184 3475 occasu,
2220 3410 2528 3464 devorantes
2565 3409 2818 3465 lsraclem
2854 3422 2962 3466 toto
2991 3429 3098 3468 ore.
3133 3411 3420 3466 l’ollicelur

1838 3501 2003 3572 igitur
2034 3517 2127 3556 eos
2158 3516 2366 3566 omnes,
2395 3503 2485 3572 qui
2520 3503 2778 3559 adversus
2814 3514 3047 3560 montem
3085 3505 3213 3559 Sion
3243 3505 3419 3558 insur-

1837 3605 1992 3664 gunt,
2017 3593 2312 3649 fractarum
2333 3610 2452 3648 esse
2471 3610 2531 3650 se
2559 3611 2623 3649 ac
2646 3611 2980 3660 eversurum,
3005 3607 3166 3664 atque
3195 3595 3413 3665 impiam

1836 3703 2022 3742 eorum
2074 3690 2126 3743 in
2162 3691 2446 3744 veritatem
2479 3691 2825 3744 concordiam
2875 3690 3279 3758 dissipatnrum.
3312 3688 3418 3742 lui-

1837 3784 1962 3838 mici
1999 3793 2202 3848 autem,
2236 3783 2355 3854 Syri
2390 3793 2513 3839 sunt
2540 3795 2592 3838 et
2634 3783 2828 3838 Cra-ci.
2864 3783 2940 3838 Illi
2973 3785 3188 3853 quidem
3225 3784 3291 3838 ad
3325 3799 3418 3838 or-

1839 3885 1950 3928 tum
1981 3875 2133 3940 solis,
2164 3876 2217 3930 hi
2252 3891 2380 3931 vero
2416 3877 2482 3931 ad
2517 3876 2647 3932 solis
2687 3892 2943 3931 occasura
2996 3876 3260 3931 habitant.
3291 3876 3416 3931 Ideo

1841 3975 2018 4020 autem
2069 3966 2509 4038 dissipabuntur,
2543 3969 2685 4040 quod
2719 3967 2973 4023 lsraelem
3018 3977 3128 4023 toto
3177 3982 3273 4023 ore
3322 3971 3416 4022 de-

1843 4057 2105 4113 vorariut.
2140 4057 2214 4114 Os
2248 4069 2430 4114 autem
2474 4062 2575 4116 hoc
2611 4061 2731 4116 loco
2777 4070 2934 4116 vocat
2987 4059 3092 4114 vim
3147 4061 3413 4117 sermonis

1838 4151 2156 4220 captiosam,
2199 4167 2303 4222 qua
2348 4154 2415 4207 ad
2467 4153 2694 4209 insidias
2741 4153 2806 4210 iis
2855 4153 2945 4224 qui
2982 4153 3035 4207 in
3069 4153 3416 4222 simplicitate

1839 4245 1950 4299 Deo
1987 4245 2354 4309 crediderant,
2384 4245 2760 4312 instruendas,
2779 4247 3000 4302 omnino
3027 4245 3408 4301 abutebantur.

1838 4335 2002 4398 Vens.
2045 4341 2132 4397 15.
2163 4341 2232 4397 In
2284 4344 2520 4398 omnibus
2569 4343 2652 4399 his
2693 4361 2798 4399 non
2845 4353 2922 4400 est
2975 4360 3186 4400 aversus
3217 4344 3413 4412 furor;

244 4501 286 4534 “
313 4503 448 4561 Psal.
478 4522 704 4576 CXLVIII,
734 4507 788 4562 9.
862 4507 1068 4564 “Psal.
1091 4522 1208 4576 cur,
1241 4507 1330 4563 16.
1403 4509 1448 4541 ⁸⁸
1473 4509 1516 4564 11
1543 4509 1668 4566 Cor.
1689 4526 1745 4577 x,
1769 4509 1823 4567 5.
1898 4513 1948 4577 ⁸⁷,
1979 4513 2122 4573 Psal.
2157 4531 2350 4584 xxvnt,
2375 4519 2410 4574 5
2509 4518 2554 4552 ⁸⁸
2571 4519 2712 4574 Psal.
2734 4520 3029 4586 xxxrt,55.
3098 4523 3145 4554 "
3170 4521 3278 4578 ibid
3319 4522 3410 4577 56.

239 4662 341 4737 (l7)
371 4668 750 4733 Combellsius,
773 4677 833 4725 ut
860 4669 978 4724 aliis
1009 4668 1141 4724 locis
1172 4683 1336 4738 same.
1390 4670 1462 4724 ita
1485 4669 1573 4725 hic
1602 4687 1728 4739 quo-
1755 4677 1804 4738 ι)

179 4745 269 4810 quo
295 4740 549 4810 praecipit,
582 4749 639 4793 ut
689 4756 787 4794 suo
817 4743 1009 4810 ipsius,
1044 4740 1280 4808 periculo
1309 4740 1567 4808 legamus,
1613 4757 1720 4796 non

181 4811 229 4854 ut
255 4805 472 4880 inlibris
516 4808 730 4878 legitur,
773 4805 865 4864 sed
907 4818 963 4862 ttt
999 4805 1282 4880 legendqu
1311 4805 1480 4878 putat.
1512 4811 1599 4864 Ait
1623 4811 1722 4880 igi-

183 4880 259 4926 tur
283 4875 376 4946 legi
414 4875 686 4948 oportére,
709 4894 816 4932 non
871 4875 1254 4941 ἐπισπάσαιτο,
1287 4875 1496 4933 succum
1545 4875 1721 4934 accer-

180 4953 270 5006 δαί,
304 4951 515 5002 asciscat
538 4965 557 5002 .'
583 4951 698 5013 sed,
728 4950 1087 5003 ὲπιπάσαιτο·
1121 4949 1170 5002 id
1212 4952 1354 5016 quod
1389 4953 1461 5003 ita
1497 4949 1610 5016 ipse
1645 4951 1720 5004 in-

182 5017 500 5089 terpretatur,
532 5019 730 5074 Sedulo
773 5020 1081 5086 sacriﬁcans
1105 5035 1166 5070 ac
1205 5018 1480 5072 laucinans
1503 5036 1716 5074 succum

181 5081 382 5160 aliquem
413 5081 495 5142 eis
519 5081 947 5160 inspergat.No's
988 5100 1192 5151 autem,
1245 5089 1338 5160 qui
1371 5099 1429 5160 et
1474 5090 1526 5141 in
1551 5090 1713 5144 editis

180 5161 226 5200 el
247 5167 292 5227 In
313 5162 503 5213 nostris
522 5173 614 5212 sex
640 5159 914 5213 codicibus
957 5159 1215 5227 scriptum
1254 5159 1576 5223 invenimus,
1601 5162 1715 5212 επις

182 5222 445 5300 ξεῖάσαιτο,
475 5241 660 5282 contra
687 5238 760 5282 tot
787 5231 1047 5283 libroruin
1069 5222 1462 5283 auctoritatem
1489 5222 1714 5285 Combe-

182 5290 670 5368 lisi‘o_obteinpcrare
696 5313 802 5352 non
831 5300 1118 5367 potuimus.

239 5362 339 5433 (48)
371 5362 506 5421 18ύίιῖ
531 5378 604 5439 et
644 5378 755 5422 tres
788 5362 940 5433 niss.,
979 5366 1298 5439 κατανύξαι,
1343 5368 1387 5422 si
1427 5368 1542 5439 quis
1573 5384 1716 5421 com-

177 5438 580 5508 ptnigere_possit.
612 5442 681 5491 At
731 5451 954 5507 uterque
979 5439 1130 5492 Uolb.
1173 5451 1225 5492 et
1252 5437 1386 5508 lleg.
1421 5437 1714 5508 Secundus,

180 5503 476 5578 ξαταμύξαι,
523 5511 570 5561 si
601 5509 717 5578 quis
765 5503 1063 5577 scari/icore
1095 5509 1278 5578 possit,
1313 5503 1530 5562 rcctius.
1580 5503 1714 5564 Natu

180 5566 269 5649 hoc
289 5566 560 5649 pactovox
595 5566 808 5647 ἀμύξας
855 5566 968 5633 voci
1004 5566 1314 5649 καταμύξαι
1349 5579 1714 5646 respondebit.

180 5633 344 5719 Inque
375 5646 458 5713 qui
493 5633 1043 5714 gentilium'animum
1104 5633 1291 5702 sancio
1341 5660 1396 5704 et
1439 5633 1715 5719 'spiritnali

181 5713 324 5766 modo
352 5713 550 5774 sauciat
601 5719 647 5775 is
687 5733 876 5775 eorum
907 5721 1375 5790 congregationem
1401 5713 1712 5778 scarilicare

1832 4667 2270 4816 ὼῗὲἓῖἶᾼῃιξηυῑ
2303 4741 2408 4816 duo
2427 4743 2584 4816 libri,
2621 4743 2703 4807 είς
2738 4743 3113 4816 εὐχαριστίαν,
3149 4749 3309 4805 male.

2038 4811 2198 4886 lfiditi,
2227 4813 2344 4864 νυνὶ
2373 4812 2492 4883 μέν.
2522 4815 2591 4866 Αι
2613 4829 2704 4867 sex
2737 4809 2898 4886 tussi,
2929 4816 3023 4868 νῦν
3057 4809 3154 4886 μέν

1901 4879 2012 4958 (51.)
2049 4880 2184 4969 [aditi
2209 4891 2262 4933 et
2286 4879 2517 4969 quatuor
2541 4883 2862 4969 tuss..lgti).a
2894 4886 2986 4938 τοῦ
3025 4879 3226 4951 πεδίου,
3263 4889 3406 4958 ligna

1823 4947 2014 5016 campi.
2057 4947 2318 5016 Uterque—
2344 4952 2496 5006 Coll).
2529 4947 2753 5021 perinde
2793 4967 2954 5024 atque
3001 4972 3030 5008 v
3061 4968 3114 5010 et
3149 4947 3405 5014 \‘t'miuitio

1824 5015 1955 5082 ξύλα
1992 5017 2084 5070 τοῦ
2117 5020 2342 5082 Κυρίου,
2376 5023 2518 5082 ligna
2552 5023 2779 5082 Domini,
2813 5037 2865 5079 ct
2899 5026 2972 5078 ita
3004 5043 3216 5082 quodue
3248 5028 3408 5082 δνιιι-

1824 5015 1955 5082 ξύλα
1992 5017 2084 5070 τοῦ
2117 5015 2342 5090 Κυρίου,
2376 5015 2779 5091 ligna—Domini,
2813 5015 2972 5079 et'ita
3004 5043 3216 5095 quoque
3248 5028 3405 5099 Sym-

1823 5091 2048 5142 machus
2080 5093 2268 5145 edidit.
2304 5090 2504 5166 ibidem
2535 5094 2766 5166 editi‘et
2815 5096 2919 5148 duo
2948 5113 3102 5160 mss.,
3155 5099 3222 5159 ἃς
3274 5100 3405 5166 seu-

1819 5173 2034 5219 τευσεν,
2093 5175 2222 5237 quas
2266 5162 2541 5237 plantavit.
2589 5163 2695 5218 Alii
2756 5175 3005 5233 quatuor,
3051 5166 3118 5231 ἃς
3177 5162 3404 5237 ἐφύτευ-

1823 5242 1942 5291 σας,
1973 5244 2104 5294 quas
2144 5231 2418 5295 plautasti.

1893 5297 2005 5372 (52)
2041 5298 2280 5372 ‘Veteres
2340 5310 2573 5368 quatuor
2619 5301 2740 5356 hbri
2809 5316 3006 5372 praeter
3051 5307 3400 5361 vetustiorcm

1821 5365 2134 5444 (ξοιιιυθίίεἱὶ
2165 5365 2433 5444 codicem,
2471 5365 2914 5444 παρελάμϐανον.
2964 5376 3115 5429 Alter
3137 5379 3401 5430 Coniuncti-

1822 5439 1890 5515 sii
1948 5439 2138 5515 codex,
2183 5439 2702 5515 προσελάμϐανον(
2738 5445 2900 5508 Edtti,
2959 5446 3393 5515 προσλάμϐανογ,

1824 5509 1966 5584 haud
2006 5510 2307 5584 ettie_tidatt-.
2349 5509 2642 5584 Alnjnanto
2669 5525 2789 5582 post
2827 5509 3100 5584 antiquior
3131 5509 3398 5572 Combeli;

1822 5579 2087 5652 sii_co_de_x
2114 5579 2172 5631 ὲν
2196 5577 2374 5652 ύϐρει.
2413 5577 2650 5652 Siibinde
2669 5577 2810 5638 'editi
2835 5594 2888 5640 et
2916 5577 3082 5640 nostri
3113 5602 3210 5641 sex
3241 5603 3398 5652 inss.,

1821 5648 1909 5721 efrr‘
1935 5647 2127 5721 αὐτόν.
2149 5651 2240 5703 Ait
2271 5647 2451 5721 ianien
2488 5651 2587 5705 hoc
2634 5651 2754 5707 loco
2783 5655 3043 5721 Nobilius,
3093 5658 3261 5712 videri
3294 5647 3400 5713 Ba;

1821 5719 1998 5782 silium
2028 5718 2223 5791 legisse
2263 5720 2336 5772 ,π’
2371 5720 2528 5789 αὑτό,
2562 5722 2742 5780 simul.
