3810 6214
328 252 435 309 διδ

1270 246 1613 303 APPENDIX
1649 245 1934 305 OPERUM
1975 247 2034 306 S.
2076 248 2325 307 BASILII
2363 252 2601 311 MAGNL

3482 257 3602 314 536

278 410 285 411 κ
328 377 432 431 hoc
454 378 558 435 est,
599 369 656 426 lit
706 348 1005 425 inurbanus
1036 386 1060 422 .:
1094 365 1234 433 Quia
1281 368 1474 423 esuriet
1505 377 1554 422 et
1595 369 1828 424 comedet
1864 388 1892 423 a

2008 370 2098 425 νεῖ
2118 373 2206 438 εις
2240 373 2310 426 τὰ
2341 371 2537 437 δεξιὰ,
2585 370 2885 435 τουτέστιν,
2922 370 3129 439 ἀδέξιος
3184 372 3294 443 (οι)
3346 373 3591 442 γίνεται.

325 466 553 521 sinistris
578 466 707 518 suis.
745 462 792 517 Is
832 460 974 515 enim
1007 459 1158 529 cujus
1185 456 1325 513 facta
1360 474 1466 514 non
1498 470 1624 514 sunt
1653 460 1895 529 dextera,

326 568 501 625 neque
537 553 695 608 laude
735 566 800 606 ac
829 548 1299 606 commendatione
1332 548 1524 617 digna,
1561 551 1725 607 rebus
1765 551 1899 605 sini-

325 645 453 701 stris
494 652 549 698 et
595 642 779 698 vetitis
825 641 1201 697 exsatiabitur.
1251 640 1392 709 Quid
1420 640 1583 713 igitur
1628 641 1730 696 sibi
1775 641 1901 696 velit

327 738 475 803 illud,
505 736 732 791 comedet
760 753 792 788 ιι
831 735 1061 789 sinistris
1090 734 1222 800 suis,
1255 733 1642 804 interpretatur
1671 733 1901 804 prophe-

324 841 398 889 ta.
436 830 500 885 Et
534 846 636 883 non
672 827 1018 891 saturabitur,
1058 827 1253 896 inquit,
1297 831 1450 881 homo
1484 826 1755 880 comedens
1783 839 1901 878 car-

322 939 413 979 nes
460 922 659 977 brachii
709 922 813 978 sui.
873 919 1129 974 Ferinum
1156 920 1446 990 quemdam
1472 916 1639 972 animi
1698 924 1898 971 statum

320 1012 578 1079 ostendit,
636 1027 758 1067 cum
818 1020 1005 1065 narrat
1060 1009 1175 1065 fore
1241 1018 1300 1063 ut
1358 1007 1554 1063 l'ratres
1604 1020 1664 1061 se
1716 1012 1901 1058 mutuo

319 1113 527 1169 vorent,
566 1114 726 1173 atque
759 1103 812 1157 in
865 1118 925 1159 se
961 1103 1194 1157 invicem
1267 1100 1560 1156 crudeliter
1623 1099 1898 1152 invadant.

322 1196 485 1251 Vens.
542 1196 632 1250 2|.
699 1194 943 1249 Comedet
1016 1195 1155 1249 enim
1221 1192 1519 1247 Jlanassent
1577 1188 1830 1258 Ephraim
1880 1203 1897 1241 :

322 1299 368 1341 et
391 1285 640 1354 Ephraim
660 1284 954 1339 Manasses.
983 1283 1269 1339 Enimvero
1295 1281 1494 1336 malitia
1522 1294 1615 1336 eos
1639 1282 1900 1335 immanes

325 1379 501 1434 reddit
526 1386 581 1434 et
609 1377 950 1441 inhumanos.
982 1385 1144 1446 atque
1188 1376 1337 1446 ipsos
1373 1373 1502 1430 feris
1535 1373 1704 1428 cruda
1735 1385 1901 1427 carne

321 1470 666 1528 vescentibus
714 1468 874 1524 efficit
928 1466 1194 1525 assimiles
1228 1507 1246 1534 ,
1308 1482 1431 1522 cum
1478 1464 1900 1521 insaturabiliter

323 1578 517 1620 carnes
563 1563 775 1618 brachii
828 1562 1052 1617 alterius
1097 1559 1416 1616 comedent:
1471 1572 1702 1628 quorum
1756 1555 1897 1618 linis,

322 1656 529 1726 integra
581 1654 812 1724 perditio
860 1662 945 1708 est
988 1660 1043 1708 et
1111 1650 1388 1715 absoluta;
1450 1649 1605 1719 juxta
1657 1648 1895 1718 Aposmli

2011 464 2130 517 Ὅτι
2188 461 2462 517 πεινάσει
2509 462 2609 516 καί
2666 462 2914 533 φάγεται
2965 465 3034 517 ἐκ
3084 462 3203 517 τῶν
3252 464 3597 535 ἀριστερῶν

2006 549 2215 609 αὐτοῦ.
2252 555 2311 609 '0
2344 554 2452 626 γὰρ
2486 553 2560 625 μὴ
2582 553 2961 625 ἐργαζόμενος
3001 555 3150 622 δεξιὰ
3185 554 3295 626 (65)
3329 558 3422 611 καὶ
3450 560 3596 611 ἁπο-

2005 645 2165 716 δοχῆς
2198 644 2323 711 ἄξια
2344 684 2359 709 ,
2407 639 2559 708 οὗτος
2593 644 3038 715 ἐμπλησθήσεται
3072 646 3137 698 ἐκ
3187 645 3294 698 τῶν
3330 647 3588 700 σκαιοτέ-

2009 753 2119 807 ρων
2166 738 2260 790 καὶ
2304 735 2787 807 ἀπηγορευμένων.
2833 736 2896 788 Τί
2928 730 3020 788 οὖν
3054 738 3169 789 ἐστι
3208 738 3288 801 τὸ,
3330 737 3591 806 carem;

2006 828 2076 881 ἐκ
2103 827 2221 881 τῶν
2263 826 2590 896 ἀριστερῶν
2622 825 2831 891 αὐτοῦ,
2878 828 3187 898 ἐρμηνεύει.
3231 830 3340 883 Kal
3387 830 3461 884 οὐ
3494 829 3588 899 μὴ

2006 917 2349 987 ἐμπλησθῇ,
2381 918 2567 989 φησιν,
2606 917 2915 987 ἄνθρωπος
2943 919 3162 973 ἐσθίων
3202 920 3307 986 τὰς
3348 920 3593 988 σάρκας

2005 1010 2113 1064 τοῦ
2165 1010 2494 1080 βραχίονος
2547 1010 2754 1064 αὐτοῦ.
2799 1009 3049 1082 Θηριὼδη
3097 1010 3218 1064 τινὰ
3251 1011 3591 1064 κατάστασιν

2006 1103 2104 1174 τῆς
2140 1100 2317 1173 ψυχῆς
2373 1102 2689 1171 ὑποφαίνει,
2740 1101 3142 1173 ἀλληλοφαγίαν
3177 1103 3285 1156 τῶν
3336 1103 3589 1172 ἀδελφῶν

2004 1194 2374 1266 διηγούμενος,
2412 1194 2575 1265 ὠμῶς
2606 1194 2990 1249 ἐπιϐαινόντων
3022 1194 3131 1265 (66)
3167 1194 3434 1267 ἀλλήλοις.
3468 1194 3593 1248 Φάρ-

2003 1303 2165 1356 τεται
2197 1286 2305 1356 γὰρ
2345 1287 2687 1356 Μανασσῆς
2723 1287 2828 1341 τοῦ
2879 1289 3149 1357 Ἑφραΐμθ
3204 1287 3302 1341 καὶ
3339 1287 3591 1356 Ἐφραῒμ

2004 1378 2111 1431 τοῦ
2147 1377 2472 1446 Μανασσῆ.
2518 1378 2790 1451 Ἐξαγριοῖ
2828 1378 2936 1450 γὰρ
2970 1379 3167 1442 αὐτοὺς
3196 1382 3228 1450 ἡ
3263 1379 3449 1444 κακία,
3487 1378 3593 1433 καὶ

2006 1468 2215 1541 Θηρίοις
2248 1470 2555 1541 ὼμοῢόροις
2599 1474 2743 1523 ποιεῖ
2790 1470 3244 1541 παρεικάζεσθαι,
3273 1471 3374 1524 ούκ
3413 1474 3590 1542 ἐμπι-

2006 1560 2317 1629 πλαμένους
2362 1560 2454 1615 τοῦ
2498 1561 2696 1614 ἐσθίειν
2739 1560 2846 1615 ἀπὸ
2896 1562 3004 1614 τῶν
3052 1561 3269 1634 σαρκῶν
3300 1560 3394 1615 τοῦ
3444 1562 3588 1634 βρα-

2006 1654 2177 1725 χίονος
2216 1654 2310 1707 τοῦ
2359 1652 2569 1726 ἐτέρου,
2604 1646 2678 1706 ὧν
2712 1654 2772 1706 τὸ
2819 1653 2972 1717 τέλος
3005 1654 3121 1707 ἐστὶ
3158 1654 3424 1725 παντελὴς
3468 1655 3586 1723 (67)

320 1748 558 1804 dictum:
597 1745 750 1813 Quod
789 1747 837 1799 si
868 1744 1087 1799 invicem
1120 1742 1371 1798 mordetis
1398 1748 1446 1795 et
1488 1740 1785 1806 comedetis,
1825 1741 1892 1794 vi.

2008 1746 2265 1811 ἀπὼλεια,
2312 1747 2453 1801 κατὰ
2504 1746 2565 1800 τὸ
2611 1746 2898 1818 εἰρημένον
2927 1746 3038 1801 ὑπὸ
3087 1745 3181 1799 τοῦ
3220 1746 3548 1800 Ἀποστόλου
3569 1787 3588 1809 ,

319 1839 437 1894 dele
486 1839 666 1894 nead
706 1839 933 1893 invicem
982 1835 1368 1890 consumamini
1408 1832 1479 1889 “.
1523 1833 1781 1887 Eumdem
1833 1833 1899 1885 ad

320 1931 538 1986 modum
563 1929 650 1984 isti
682 1943 809 1999 erga
842 1943 901 1983 se
928 1926 1195 1982 hostiliter
1224 1925 1462 1995 alioquin
1488 1923 1688 1989 allecti,
1719 1934 1898 1979 tamen

320 2023 389 2078 ad
422 2022 765 2078 instruendus
810 2020 862 2073 in
897 2018 1199 2088 proximum
1237 2017 1458 2071 insidias
1493 2015 1635 2070 inter
1675 2030 1733 2069 se
1767 2030 1899 2068 con-

317 2110 623 2180 spirabunt.
666 2108 756 2163 Ait
784 2108 970 2162 enim:
1025 2107 1198 2164 Simul
1231 2106 1538 2160 obsidebant
1586 2105 1811 2168 ludam,
1849 2106 1901 2159 id

319 2211 423 2269 est,
461 2200 781 2256 conﬁtentes
813 2198 943 2267 Deo,
971 2207 1027 2255 et
1054 2213 1171 2262 eos,
1201 2198 1291 2267 qui
1339 2198 1390 2252 in
1421 2212 1487 2252 eo
1518 2196 1746 2251 colendo
1777 2210 1901 2266 per-

319 2302 589 2349 severant.
628 2292 797 2349 ludas
825 2292 990 2355 enim,
1038 2291 1083 2346 si
1131 2290 1533 2360 interpreteris,
1578 2297 1737 2341 sonat
1773 2303 1900 2340 con-

320 2386 620 2457 fessionem.
672 2384 928 2439 Attamen
992 2383 1184 2437 vitium
1243 2381 1456 2436 etiamsi
1516 2395 1701 2435 secum
1758 2378 1897 2432 haud

318 2480 643 2546 consentiat,
670 2476 1019 2535 nihilominus
1048 2476 1101 2530 in
1131 2475 1332 2530 virtute
1354 2473 1515 2545 555
1536 2472 1895 2543 oppugnanda

326 2583 643 2625 tonsensum
704 2566 976 2634 aliquem,
1036 2563 1381 2634 aliquamque
1437 2558 1895 2629 conspirationem

323 2662 573 2719 astendit.
610 2658 851 2728 Exempli
892 2670 1055 2712 causa
1080 2695 1096 2722 ,
1145 2654 1369 2709 audacia
1402 2662 1457 2707 et
1488 2653 1748 2707 timiditas
1793 2651 1896 2706 sibi

319 2754 552 2810 invicem
582 2752 959 2814 adversantur,
989 2761 1094 2802 una
1128 2745 1342 2815 quidem
1373 2747 1686 2809 excedente,
1728 2750 1896 2797 altera

318 2861 450 2902 vero
476 2844 790 2900 deﬁciente:
816 2841 910 2896 sed
938 2849 1112 2894 tamen
1139 2837 1440 2893 fortitudini
1459 2836 1511 2889 in
1534 2835 1709 2890 medio
1733 2833 1894 2890 stanti

320 2934 595 3006 aequaliter
650 2941 971 3002 repugnant,
1019 2929 1175 2999 quasi
1232 2927 1402 2998 ipsam
1441 2926 1698 2996 utrinque
1746 2924 1894 2980 obsi-

323 3028 531 3082 dentes.
587 3022 946 3090 Quamobrem
1008 3020 1264 3090 Ephraim
1320 3026 1376 3075 et
1428 3016 1700 3072 Manasscs
1760 3014 1895 3070 alter

2002 1831 2082 1884 ὅτι
2130 1835 2199 1885 El
2240 1832 2557 1901 ἀλλήλους
2585 1832 2835 1887 δάκνετε
2875 1833 2975 1887 καὶ
3019 1835 3381 1901 κατεσθίετε,
3418 1834 3591 1900 ,ϐλέ-

2002 1937 2142 1979 πετε
2175 1927 2255 1996 μὴ
2287 1926 2578 1993 ἀλλήλων
2605 1928 2975 1997 ἀναλωθῆτε.
3008 1928 3165 1982 Οὕτω
3214 1928 3273 1981 δὲ
3318 1929 3453 2000 πρὸς
3489 1928 3593 1982 ἁλ-

2001 2016 2194 2089 λήλους
2214 2017 2423 2091 ἐχθρῶς
2449 2018 2803 2090 διακείμενοι,
2830 2020 2980 2089 ὅμως
3002 2021 3060 2072 ἐν
3081 2022 3146 2089 τῇ
3181 2019 3322 2072 κατὰ
3347 2019 3440 2072 τοῦ
3466 2018 3588 2089 (68)

2001 2109 2226 2183 πλησίον
2280 2108 2537 2179 ἐπιϐουλῇ
2598 2111 3072 2181 συμφωνήσουσιν.
3102 2111 3249 2179 Ἅμα
3304 2110 3413 2180 γὰρ
3467 2126 3585 2165 πο-

2000 2201 2396 2270 λιορκήσουσι
2448 2202 2555 2254 τὸν
2612 2202 2854 2268 Ἰούδαν,
2902 2203 3065 2272 φησὶ,
3117 2201 3399 2267 τουτέστι,
3449 2204 3586 2266 τοὺς

1999 2292 2525 2364 ἐξομολογουμένους
2557 2291 2635 2363 τῷ
2664 2292 2805 2363 Θεῷ,
2835 2291 2928 2345 καὶ
2956 2292 3373 2363 παραμένοντας
3412 2292 3585 2346 αὑτοῦ

1997 2386 2064 2458 τῇ
2096 2385 2342 2458 λατρεία.
2383 2384 2582 2449 Ἰούδας
2614 2385 2723 2457 γὰρ
2750 2385 2785 2453 ἠ
2814 2386 3251 2455 ἐξομολόγησις
3268 2385 3379 2455 (69)
3405 2387 3589 2457 ἑρμη-

1998 2477 2233 2532 νεύεται.
2291 2476 2437 2549 Πλὴν
2480 2480 2513 2548 ἠ
2566 2478 2740 2531 κακία
2797 2478 2933 2550 πρὸς
2992 2479 3191 2550 ἑαυτὴν
3248 2478 3588 2549 ἀσύμφωνος

1996 2565 2150 2635 οὖσα,
2185 2572 2249 2640 τῇ
2296 2570 2431 2640 πρὸς
2467 2568 2566 2638 τὴν
2613 2570 2814 2640 ἀρετὴν
2857 2570 3006 2643 μάχῃ
3048 2570 3418 2624 ἐπιδείκνυταί
3457 2586 3589 2626 τινα

1998 2661 2336 2733 συμφωνίαν.
2379 2656 2503 2715 Οἷον
2538 2661 2813 2733 θρασύτης
2847 2663 2941 2716 καὶ
2983 2662 3155 2717 δειλία
3187 2663 3442 2734 ἀλλήλαις
3483 2663 3587 2716 ἀν-

1995 2754 2287 2807 τίκεινται·
2323 2754 2357 2823 ή
2388 2752 2484 2823 μὲν
2528 2752 2804 2824 ὑπερϐολὴ
2845 2753 3209 2823 τυγχάνουσα,
3240 2757 3273 2825 ἠ
3306 2755 3363 2807 δὲ
3408 2753 3585 2808 ἔλλει-

1995 2839 2121 2909 ψιςο
2158 2841 2292 2895 ἀλλὰ
2334 2844 2400 2913 τῇ
2430 2841 2652 2914 ἀνδρείᾳ.
2698 2844 2755 2895 ἐν
2789 2842 2939 2913 μέσῳ
2971 2843 3200 2915 κειμένῃ
3231 2842 3432 2914 ὁμοίως
3473 2844 3585 2913 μά-

1944 2965 1952 2970 -
1996 2951 2201 3005 χονται,
2228 2934 2392 2987 οἱονεὶ
2425 2932 2807 3004 πολιορκοῦσαι
2850 2935 3020 3004 αὐτὴν
3066 2935 3430 3006 ἑκατέρωθεν.
3475 2936 3585 2993 Διά

1996 3024 2153 3079 τοῦτο
2198 3024 2439 3096 Ἐφραῖμ
2483 3025 2578 3078 καὶ
2618 3026 2913 3097 Μανασσῆς
2953 3026 3155 3079 ἐσθίειν
3190 3027 3288 3097 μὲν
3332 3026 3585 3099 ἀλλήλων

318 3118 547 3173 alterius
597 3129 790 3172 carnes
841 3115 1124 3170 comedere
1171 3111 1389 3183 quidem
1451 3109 1744 3166 dicuntur:
1798 3109 1892 3163 sed

2008 3118 2097 3179 τὰς
2144 3081 2351 3188 «apud;
2381 3081 2654 3188 λέγονται,
2700 3081 3007 3189 πολιορδιείν
3044 3117 3101 3171 δέ
3129 3081 3263 3191 ὁμοῦ
3297 3081 3588 3191 γενόμενοτ

319 3207 571 3262 obsidere
603 3205 805 3277 ludam
833 3213 1144 3272 narrantur,
1187 3211 1538 3275 posteaquam
1574 3203 1708 3259 alter
1740 3202 1896 3259 alteri

319 3311 377 3351 sc
405 3296 731 3368 adjnnxerit.

930 3537 1159 3596 CAPUT
1221 3537 1290 3596 Χ.

389 3632 517 3686 252.
557 3629 721 3685 Vens.
766 3630 879 3685 1-4.
932 3629 1024 3686 Va:
1062 3629 1410 3685 scribentibus
1453 3630 1748 3689 malitiam:
1782 3648 1901 3685 nam

2000 3206 2090 3259 τὸν
2128 3204 2348 3262 Ἰούδαν.

2544 3543 2939 3598 ΚΕΦΑᾹᾹΙΟΝ
2976 3544 3033 3596 1⁷.

2068 3632 2197 3688 252.
2231 3633 2377 3688 Οὐαὶ
2412 3633 2537 3701 τοῖς
2564 3634 2863 3705 γράφουσι
2890 3633 3217 3701 πονηρίανδ
3248 3631 3587 3702 γράφοντες

316 3721 619 3788 scribentes,
662 3720 922 3775 malitiam
955 3721 1230 3784 scribunt;
1281 3720 1602 3775 declinantes
1634 3721 1892 3790 judicium

2008 3724 2127 3795 γὰρ,
2170 3726 2465 3793 πονηρίαν
2513 3726 2878 3796 γράφουσινο
2929 3726 3314 3790 ἐκκλίνοντες
3372 3727 3584 3793 κρίσιν

316 3829 622 3883 pauperum,
676 3812 938 3881 rapientes
968 3810 1233 3881 judicium
1270 3813 1486 3883 inopum
1523 3813 1704 3881 populi
1753 3815 1899 3867 mei:

316 3904 393 3957 ita
439 3912 496 3956 ut
540 3903 609 3956 sit
654 3900 760 3955 illis
809 3902 967 3956 vidua
1013 3903 1070 3956 in
1117 3904 1383 3973 rapinam,
1438 3912 1485 3957 et
1534 3901 1800 3973 orphanus
1837 3903 1893 3958 in

316 3996 676 4064 direptionem.
707 3993 775 4049 Et
797 3995 921 4064 quid
940 3993 1135 4064 facient
1154 3996 1210 4050 in
1232 3996 1318 4051 die
1340 3995 1651 4050 uisitationis
1676 3996 1702 4048 .’
1748 3994 1892 4049 Nam

316 4086 586 4141 tribulatio
636 4097 803 4141 vestra
848 4103 876 4141 e
926 4086 1210 4157 longinquo
1262 4088 1447 4143 ueniet.
1502 4089 1572 4142 Et
1624 4089 1694 4142 ad
1741 4088 1892 4157 cujus

314 4181 619 4251 prccsidium
656 4179 1005 4250 confugietis?
1062 4178 1130 4233 Et
1171 4180 1262 4234 ubi
1318 4181 1622 4251 relinquetis
1669 4180 1893 4250 gloriam

316 4282 559 4335 vestram,
611 4280 668 4325 ut
720 4288 823 4326 non
861 4270 1107 4325 incidatis
1144 4270 1203 4325 in
1244 4271 1653 4327 abductionent?
1682 4271 1750 4325 Et
1797 4273 1891 4325 sub

313 4363 599 4435 interfectis
626 4365 848 4419 cadent:
885 4380 1041 4432 super
1068 4364 1309 4418 omnibus
1340 4362 1422 4417 his
1454 4378 1557 4417 non
1592 4378 1773 4417 aversa
1810 4371 1886 4416 est

315 4457 444 4521 ira;
487 4457 578 4511 sed
620 4454 791 4510 adhuc
835 4471 1023 4510 manus
1056 4454 1283 4511 excelsa.
1315 4453 1460 4510 Sunt
1499 4453 1760 4520 nonnulli,
1793 4452 1887 4523 qui

389 4589 435 4620 “
456 4587 572 4644 Gal.
598 4604 653 4654 v,
683 4587 770 4642 l5.

1997 3815 2265 3885 πτωχῶν,
2313 3814 2675 3884 ἁρπάζοντες
2734 3815 2845 3887 (70)
2891 3815 3068 3884 κρῖμα
3133 3814 3413 3881 πενήτων
3469 3815 3587 3869 τοῦ

1994 3906 2150 3961 λαοῦ
2190 3924 2341 3977 μου·
2378 3906 2536 3961 ὥστε
2581 3904 2735 3961 εἶναι
2768 3908 2973 3973 αὐτοῖς
3014 3907 3211 3976 χήραν
3248 3909 3334 3972 είς
3389 3906 3584 3973 ἁρπα-

1997 3999 2134 4069 τὴν,
2184 3998 2282 4051 καὶ
2331 3998 2598 4068 ὀρφανὸν
2629 4000 2715 4065 εἷς
2766 3996 3094 4067 προνομήν.
3142 3996 3253 4051 Καὶ
3298 3997 3360 4050 τί
3404 3996 3583 4064 ποιή-

1997 4104 2218 4143 σουσιν
2277 4089 2347 4144 ἐν
2392 4088 2469 4159 τῇ
2520 4089 2707 4159 ἡμέρᾳ
2766 4088 2876 4157 τῆς
2940 4086 3309 4154 ἐπισκοπῆς;
3349 4086 3421 4141 Ἦ
3466 4087 3585 4157 γὰρ

1998 4183 2205 4250 θλίψις
2241 4180 2408 4251 ὑμῶν
2447 4183 2749 4250 πόρῤωθεν
2782 4180 2916 4249 ἣξει
2940 4180 3073 4252 (71).
3106 4179 3215 4233 Kal
3253 4177 3404 4246 πρὸς
3441 4179 3586 4230 τινα

1998 4273 2445 4343 καταφεύξεσθε
2472 4274 2580 4328 τοῦ
2617 4273 3029 4342 ,ϐσηθηθῆναι;
3072 4271 3182 4326 Kal
3229 4270 3348 4324 ποῦ
3401 4285 3587 4323 κατα-

1991 4362 2235 4431 λείψετε
2281 4364 2397 4433 τὴν
2424 4364 2613 4429 δόξαν
2642 4364 2828 4434 ὑμῶν,
2878 4362 2985 4417 τοῦ
3024 4361 3111 4431 μὴ
3157 4357 3444 4430 ἐμπεσεῖν
3486 4358 3603 4425 εἰς’

1992 4455 2350 4527 ἀπαγωγήνς
2398 4458 2510 4512 Kal
2554 4456 2833 4513 ὑποκάτω
2882 4453 3269 4524 ἀνῃρημένων
3314 4450 3580 4506 πεσοῦν-

387 4700 501 4771 (64)
532 4701 672 4774 Editj
718 4710 773 4755 et
811 4701 1088 4774 recentior
1131 4700 1441 4757 Combellsii
1486 4700 1674 4774 codex,
1706 4702 1874 4767 ἄξιος,

2050 4703 2161 4774 (70)
2204 4701 2365 4764 Editi,
2393 4699 2873 4774 uatdpnc'tCov‘req.
2907 4696 3107 4751 Vocula
3144 4695 3333 4774 xal_in
3362 4697 3571 4774 nostris

315 4770 565 4842 pessime.
615 4770 889 4827 Vetustior
916 4772 1156 4840 ejusdem
1186 4774 1355 4828 codex
1402 4782 1457 4827 et
1491 4773 1580 4826 alii
1627 4786 1877 4842 quatuor,

311 4840 540 4907 ἀδέξιος,
571 4842 793 4909 optime.

386 4912 497 4982 (65)
537 4911 699 4982 Editi,
728 4910 797 4963 τὰ
844 4910 1011 4977 δεξιά.
1067 4912 1225 4967 Deest
1258 4913 1311 4966 in
1364 4913 1563 4967 nostris
1606 4926 1701 4966 sex
1752 4928 1881 4968 mss.

314 4980 597 5055 articulus.
635 4980 835 5055 _Statitn
876 4982 1031 5048 editi,
1060 4981 1169 5037 τῶν
1200 4983 1686 5055 ἀπηγορευμένων.
1719 4984 1885 5037 Abest

313 5050 420 5105 τῶν
450 5053 518 5105 ab
549 5052 736 5106 iisdem
770 5066 899 5108 mss.

409 5122 496 5193 tib)
535 5120 767 5193 l_ta_mss.
790 5119 974 5193 nostri
990 5135 1199 5177 omnes.
1230 5121 1391 5184 Editi,
1421 5120 1879 5193 ἐπεμϐαινόντων.

311 5189 494 5318 diti?)
534 5189 697 5259 Editi,
727 5193 762 5261 ἡ
794 5189 1079 5263 παντελής.
1115 5193 1276 5248 Deest
1300 5193 1335 5263 ἡ
1368 5193 1423 5246 in
1450 5189 1648 5247 nostris
1674 5206 1768 5246 sex
1795 5207 1885 5247 co—

354 5278 417 5316 tct
444 5278 543 5315 ius.

354 5278 543 5316 IClllUS.

384 5331 494 5401 (68)
530 5330 677 5401 Editi
710 5337 766 5384 ct
798 5330 901 5384 duo
948 5346 1102 5396 mss.,
1152 5331 1293 5385 κατὰ
1338 5331 1449 5401 τόν.
1494 5329 1630 5399 Reg.
1671 5333 1881 5396 tertius,

310 5400 451 5455 κατὰ
474 5400 593 5454 τοῦ.
625 5400 724 5453 Alii
778 5409 884 5454 tres
920 5415 1071 5466 mss.,
1106 5401 1245 5455 κατὰ
1281 5400 1406 5455 τῶν.

383 5473 494 5541 (69)
529 5470 687 5535 Etliti,
717 5468 1098 5541 ἐξομολόγησις
1118 5470 1305 5525 αὐτοῦ.
1336 5469 1680 5541 υθεει-αὐτοῦ
1712 5469 1764 5525 in
1795 5484 1888 5524 no-

308 5539 440 5597 stris
471 5539 559 5595 Sex
594 5555 720 5593 tnss.
756 5539 1056 5594 Nutanttutn
1094 5551 1372 5609 praeterea,
1405 5541 1454 5595 in
1492 5539 1618 5609 Reg.
1646 5542 1883 5596 secundo

309 5624 411 5683 pro
456 5609 827 5683 ἑρμηνεύεται
866 5611 1126 5683 scriptum
1164 5612 1409 5683 reperiri,
1453 5609 1692 5680 λέγεται.
1729 5611 1882 5664 Haud

316 5678 651 5754 longc'e’dtii,
680 5679 738 5733 tv
766 5680 832 5749 τῇ
872 5678 1027 5749 πρός.
1066 5678 1311 5736 υθεειέν
1348 5681 1403 5736 in
1449 5678 1581 5738 mss.
1610 5683 1877 5739 omnibus.

1991 4766 2085 4827 scit
2109 4766 2237 4831 mss.
2273 4787 2377 4824 non
2403 4766 2614 4839 legitur.
2641 4770 2838 4822 Ibidem
2867 4777 2976 4821 tres
3007 4783 3161 4839 mss.,
3186 4767 3278 4819 καὶ
3302 4766 3575 4839 κρίματα,

1990 4843 2213 4910 judicia.
2253 4841 2407 4907 Apud
2455 4836 2792 4910 Procopium,
2842 4853 2960 4905 pag.
3017 4836 3139 4910 165,
3187 4852 3283 4904 pro
3325 4836 3577 4906 κρίματα

1991 4908 2183 4980 legitur
2201 4951 2215 4973 ,
2266 4910 2523 4981 χρήματα
2546 4948 2561 4972 ,
2592 4908 2889 4981 Δ-ναρξιξηιιεε
2916 4908 3196 4981 pecunias
3251 4922 3567 4974 pauperum.

1992 4975 2158 5036 Recte
2188 4975 2492 5043 an'ininus,
2535 4978 2623 5031 alii
2659 4977 2873 5044 quidem
2909 4975 3231 5042 iudicabunt
3262 4992 3278 5029 :
3320 4984 3452 5042 puto
3487 4987 3571 5028 ta-

1991 5065 2115 5105 men
2144 5064 2247 5103 non
2276 5048 2554 5103 defuturos
2596 5049 2685 5117 qui
2720 5047 3061 5117 suspicentur
3093 5046 3418 5117 scripturam
3458 5060 3570 5117 non

1990 5135 2113 5175 esse
2151 5120 2467 5188 cujusquam
2519 5114 2851 5188 interpretis,
2888 5115 2983 5169 sed
3034 5116 3284 5188 mendum
3318 5114 3572 5168 librario-

1988 5205 2130 5256 rum,
2160 5185 2250 5257 qni
2276 5185 2340 5242 es
2377 5188 2619 5259 κρίματα
2644 5185 2928 5259 aluerint
2957 5185 3235 5259 χρήματα,
3272 5197 3447 5259 eoque
3477 5200 3571 5237 su-

1988 5253 2159 5330 spicio
2179 5253 2362 5330 ntajor
2396 5253 2507 5322 liei,
2533 5260 2674 5330 quod
2707 5258 2757 5308 in
2791 5258 2889 5308 hoc
2916 5253 3365 5330 labi_l_aci|li_t_num
3397 5253 3491 5307 sit.

2062 5329 2172 5399 (7t)
2216 5321 2379 5393 Editi,
2413 5321 2663 5400 ﬁxst.'_At
2701 5340 2828 5378 mss.
2857 5323 3165 5400 -sex,_ij§st_._
3189 5324 3316 5400 _H_oc
3353 5323 3473 5400 ipso
3508 5321 3567 5400 in

1989 5392 2108 5454 loco
2151 5392 2316 5472 editi,
2366 5392 2502 5472 πρὸς
2537 5398 2659 5451 τίνα
2705 5392 3085 5472 πορεύσεσθαι
3126 5393 3289 5472 ibitis.
3342 5393 3569 5472 Atttiqui

1990 5484 2118 5523 vero
2160 5469 2278 5522 libri
2311 5462 2521 5533 omnes,
2563 5462 2991 5534 καταφεύξεσθε.
3053 5464 3294 5519 Subinde
3338 5462 3473 5515 editi
3511 5471 3569 5534 et

1989 5541 2093 5592 duo
2149 5553 2305 5605 mss.,
2358 5541 2436 5604 εἰς
2484 5532 2806 5607 ἀπαγωγήν.
2859 5534 2964 5589 Alii
3012 5545 3245 5604 quatuor
3281 5545 3451 5597 mss.,
3483 5532 3571 5597 sic

1988 5610 2303 5681 ἐπαγωχήν.
