  <div class='ocr_page' id='page_1' title='image "/cluster/home/n/w/nwhite01/storage/ocr_20150623/30/nnc1.0046978810/276.png"; bbox 0 0 3810 6214; ppageno 0'>
   <div class='ocr_carea' id='block_1_1' title="bbox 249 292 357 347">
    <p class='ocr_par' dir='ltr' id='par_1_1' title="bbox 249 292 357 347">
     <span class='ocr_line' id='line_1_1' title="bbox 249 292 357 347; baseline -0.009 0"><span class='ocrx_word' id='word_1_1' title='bbox 249 292 357 347; x_wconf 72' lang='lat'><strong>525</strong></span> 
     </span>
    </p>
   </div>
   <div class='ocr_carea' id='block_1_2' title="bbox 1095 265 2609 346">
    <p class='ocr_par' dir='ltr' id='par_1_2' title="bbox 1095 265 2609 346">
     <span class='ocr_line' id='line_1_2' title="bbox 1095 265 2609 346; baseline -0.004 0"><span class='ocrx_word' id='word_1_2' title='bbox 1095 286 1449 346; x_wconf 66' lang='lat' dir='ltr'><strong>comem.</strong></span> <span class='ocrx_word' id='word_1_3' title='bbox 1489 287 1557 342; x_wconf 75' lang='lat' dir='ltr'><strong>.N</strong></span> <span class='ocrx_word' id='word_1_4' title='bbox 1593 286 1824 343; x_wconf 72' lang='lat' dir='ltr'><strong>iSAlAM</strong></span> <span class='ocrx_word' id='word_1_5' title='bbox 1862 265 2309 344; x_wconf 69' lang='lat' dir='ltr'><strong>PBOPHETAM.</strong></span> <span class='ocrx_word' id='word_1_6' title='bbox 2347 285 2503 343; x_wconf 80' lang='lat' dir='ltr'><strong>CAP.</strong></span> <span class='ocrx_word' id='word_1_7' title='bbox 2542 285 2609 341; x_wconf 64' lang='grc' dir='ltr'>χ.</span> 
     </span>
    </p>
   </div>
   <div class='ocr_carea' id='block_1_3' title="bbox 3405 290 3508 353">
    <p class='ocr_par' dir='ltr' id='par_1_3' title="bbox 3405 290 3508 353">
     <span class='ocr_line' id='line_1_3' title="bbox 3405 290 3508 353; baseline 0.078 -9"><span class='ocrx_word' id='word_1_8' title='bbox 3405 290 3508 353; x_wconf 73' lang='grc'><strong>528</strong></span> 
     </span>
    </p>
   </div>
   <div class='ocr_carea' id='block_1_4' title="bbox 246 404 1868 478">
    <p class='ocr_par' dir='ltr' id='par_1_4' title="bbox 246 406 1868 478">
     <span class='ocr_line' id='line_1_4' title="bbox 246 406 1868 478; baseline 0.001 -15"><span class='ocrx_word' id='word_1_9' title='bbox 246 425 366 464; x_wconf 78' lang='grc' dir='ltr'>ται.</span> <span class='ocrx_word' id='word_1_10' title='bbox 412 409 537 462; x_wconf 79' lang='grc' dir='ltr'>Ἐπί</span> <span class='ocrx_word' id='word_1_11' title='bbox 575 406 724 464; x_wconf 83' lang='grc' dir='ltr'>πᾶσι</span> <span class='ocrx_word' id='word_1_12' title='bbox 763 409 997 474; x_wconf 79' lang='grc' dir='ltr'>τούτοις</span> <span class='ocrx_word' id='word_1_13' title='bbox 1029 411 1141 463; x_wconf 80' lang='grc' dir='ltr'>οὐκ</span> <span class='ocrx_word' id='word_1_14' title='bbox 1180 407 1540 478; x_wconf 67' lang='grc' dir='ltr'>ἀπεστράφη</span> <span class='ocrx_word' id='word_1_15' title='bbox 1574 410 1611 477; x_wconf 78' lang='grc' dir='ltr'><strong><em>ἠ</em></strong></span> <span class='ocrx_word' id='word_1_16' title='bbox 1651 408 1830 478; x_wconf 76' lang='grc' dir='ltr'>ὀργὴ,</span> <span class='ocrx_word' id='word_1_17' title='bbox 1861 458 1868 473; x_wconf 76' lang='grc'><strong>,</strong></span> 
     </span>
    </p>
   </div>
   <div class='ocr_carea' id='block_1_5' title="bbox 1948 404 3510 478">
    <p class='ocr_par' dir='ltr' id='par_1_5' title="bbox 1948 404 3510 478">
     <span class='ocr_line' id='line_1_5' title="bbox 1948 404 3510 478; baseline 0 -14"><span class='ocrx_word' id='word_1_18' title='bbox 1948 425 2057 464; x_wconf 77' lang='lat' dir='ltr'><strong>cum</strong></span> <span class='ocrx_word' id='word_1_19' title='bbox 2107 418 2288 478; x_wconf 87' lang='lat' dir='ltr'><strong>patres</strong></span> <span class='ocrx_word' id='word_1_20' title='bbox 2336 420 2462 463; x_wconf 88' lang='lat' dir='ltr'><strong>suos</strong></span> <span class='ocrx_word' id='word_1_21' title='bbox 2491 415 2547 462; x_wconf 90' lang='lat' dir='ltr'><strong>et</strong></span> <span class='ocrx_word' id='word_1_22' title='bbox 2599 405 2795 460; x_wconf 90' lang='lat' dir='ltr'><strong>tradita</strong></span> <span class='ocrx_word' id='word_1_23' title='bbox 2836 405 2904 460; x_wconf 92' lang='lat' dir='ltr'><strong>ab</strong></span> <span class='ocrx_word' id='word_1_24' title='bbox 2941 404 3022 460; x_wconf 87' lang='lat' dir='ltr'><strong>eis</strong></span> <span class='ocrx_word' id='word_1_25' title='bbox 3060 405 3314 476; x_wconf 89' lang='lat' dir='ltr'><strong>dogmata</strong></span> <span class='ocrx_word' id='word_1_26' title='bbox 3358 409 3510 478; x_wconf 85' lang='lat' dir='ltr'><strong>sequi</strong></span> 
     </span>
    </p>
   </div>
   <div class='ocr_carea' id='block_1_6' title="bbox 249 499 1832 570">
    <p class='ocr_par' dir='ltr' id='par_1_6' title="bbox 249 499 1832 570">
     <span class='ocr_line' id='line_1_6' title="bbox 249 499 1832 570; baseline -0.001 -15"><span class='ocrx_word' id='word_1_27' title='bbox 249 501 390 555; x_wconf 67' lang='grc' dir='ltr'><strong>ἀλλ’</strong></span> <span class='ocrx_word' id='word_1_28' title='bbox 429 501 517 554; x_wconf 83' lang='grc' dir='ltr'>ἐτι</span> <span class='ocrx_word' id='word_1_29' title='bbox 550 502 587 570; x_wconf 84' lang='grc' dir='ltr'><strong><em>ἡ</em></strong></span> <span class='ocrx_word' id='word_1_30' title='bbox 618 499 746 570; x_wconf 75' lang='grc' dir='ltr'>χεὶρ</span> <span class='ocrx_word' id='word_1_31' title='bbox 776 500 1008 570; x_wconf 61' lang='grc' dir='ltr'><strong>ὑψηλή.</strong></span> <span class='ocrx_word' id='word_1_32' title='bbox 1059 500 1180 553; x_wconf 69' lang='lat' dir='ltr'><strong>Etsi</strong></span> <span class='ocrx_word' id='word_1_33' title='bbox 1225 517 1387 564; x_wconf 88' lang='grc' dir='ltr'>τινες,</span> <span class='ocrx_word' id='word_1_34' title='bbox 1415 501 1465 552; x_wconf 83' lang='grc' dir='ltr'>οἱ</span> <span class='ocrx_word' id='word_1_35' title='bbox 1503 500 1832 554; x_wconf 88' lang='grc' dir='ltr'>κατακολου-</span> 
     </span>
    </p>
   </div>
   <div class='ocr_carea' id='block_1_7' title="bbox 250 589 1831 662">
    <p class='ocr_par' dir='ltr' id='par_1_7' title="bbox 250 589 1831 662">
     <span class='ocr_line' id='line_1_7' title="bbox 250 589 1831 662; baseline -0.001 -17"><span class='ocrx_word' id='word_1_36' title='bbox 250 591 364 645; x_wconf 80' lang='grc' dir='ltr'>θεῖν</span> <span class='ocrx_word' id='word_1_37' title='bbox 407 594 518 654; x_wconf 78' lang='grc' dir='ltr'>τοῖς</span> <span class='ocrx_word' id='word_1_38' title='bbox 577 590 815 661; x_wconf 78' lang='grc' dir='ltr'><strong>πατράσι</strong></span> <span class='ocrx_word' id='word_1_39' title='bbox 867 591 962 644; x_wconf 73' lang='grc' dir='ltr'><strong>καὶ</strong></span> <span class='ocrx_word' id='word_1_40' title='bbox 1012 593 1124 654; x_wconf 86' lang='grc' dir='ltr'>τοῖς</span> <span class='ocrx_word' id='word_1_41' title='bbox 1177 591 1306 662; x_wconf 84' lang='grc' dir='ltr'>παρ’</span> <span class='ocrx_word' id='word_1_42' title='bbox 1353 589 1531 644; x_wconf 82' lang='grc' dir='ltr'>αὐτῶν</span> <span class='ocrx_word' id='word_1_43' title='bbox 1591 591 1831 662; x_wconf 79' lang='grc' dir='ltr'>παραδε-</span> 
     </span>
    </p>
   </div>
   <div class='ocr_carea' id='block_1_8' title="bbox 248 681 1832 756">
    <p class='ocr_par' dir='ltr' id='par_1_8' title="bbox 248 681 1832 756">
     <span class='ocr_line' id='line_1_8' title="bbox 248 681 1832 756; baseline 0.001 -21"><span class='ocrx_word' id='word_1_44' title='bbox 248 681 496 751; x_wconf 83' lang='grc' dir='ltr'>δομένοις</span> <span class='ocrx_word' id='word_1_45' title='bbox 546 682 812 754; x_wconf 75' lang='grc' dir='ltr'><strong>δόγμασιν</strong></span> <span class='ocrx_word' id='word_1_46' title='bbox 867 682 1263 747; x_wconf 73' lang='grc' dir='ltr'><strong>ἀπαξιοῦντες,</strong></span> <span class='ocrx_word' id='word_1_47' title='bbox 1319 683 1474 737; x_wconf 75' lang='grc' dir='ltr'>αὐτοὶ</span> <span class='ocrx_word' id='word_1_48' title='bbox 1537 685 1832 756; x_wconf 74' lang='grc' dir='ltr'>κατάρχειν</span> 
     </span>
    </p>
   </div>
   <div class='ocr_carea' id='block_1_9' title="bbox 251 772 1834 846">
    <p class='ocr_par' dir='ltr' id='par_1_9' title="bbox 251 772 1834 846">
     <span class='ocr_line' id='line_1_9' title="bbox 251 772 1834 846; baseline 0.002 -21"><span class='ocrx_word' id='word_1_49' title='bbox 251 772 522 842; x_wconf 78' lang='grc' dir='ltr'>αἱρέσεων</span> <span class='ocrx_word' id='word_1_50' title='bbox 560 773 906 843; x_wconf 78' lang='grc' dir='ltr'>ἐπιθυμοῦσι.</span> <span class='ocrx_word' id='word_1_51' title='bbox 953 774 1044 826; x_wconf 85' lang='grc' dir='ltr'>Διὸ</span> <span class='ocrx_word' id='word_1_52' title='bbox 1085 774 1437 845; x_wconf 83' lang='grc' dir='ltr'>καινοτομίας</span> <span class='ocrx_word' id='word_1_53' title='bbox 1481 774 1632 836; x_wconf 82' lang='grc' dir='ltr'>τινάς</span> <span class='ocrx_word' id='word_1_54' title='bbox 1691 792 1834 846; x_wconf 88' lang='grc' dir='ltr'>παρ-</span> 
     </span>
    </p>
   </div>
   <div class='ocr_carea' id='block_1_10' title="bbox 254 859 1835 938">
    <p class='ocr_par' dir='ltr' id='par_1_10' title="bbox 254 859 1835 938">
     <span class='ocr_line' id='line_1_10' title="bbox 254 859 1835 938; baseline 0.001 -21"><span class='ocrx_word' id='word_1_55' title='bbox 254 864 530 918; x_wconf 87' lang='grc' dir='ltr'>επινοοῦσι</span> <span class='ocrx_word' id='word_1_56' title='bbox 575 859 654 932; x_wconf 81' lang='grc' dir='ltr'>τῷ</span> <span class='ocrx_word' id='word_1_57' title='bbox 713 864 858 936; x_wconf 79' lang='grc' dir='ltr'>ὀρθῷ</span> <span class='ocrx_word' id='word_1_58' title='bbox 908 865 1069 936; x_wconf 85' lang='grc' dir='ltr'>λόγῳ,</span> <span class='ocrx_word' id='word_1_59' title='bbox 1098 865 1399 937; x_wconf 83' lang='grc' dir='ltr'>γράφοντες</span> <span class='ocrx_word' id='word_1_60' title='bbox 1427 866 1688 938; x_wconf 82' lang='grc' dir='ltr'>πονηρίαν</span> <span class='ocrx_word' id='word_1_61' title='bbox 1743 866 1835 919; x_wconf 62' lang='grc' dir='ltr'><strong>καὶ⁸</strong></span> 
     </span>
    </p>
   </div>
   <div class='ocr_carea' id='block_1_11' title="bbox 253 951 1835 1027">
    <p class='ocr_par' dir='ltr' id='par_1_11' title="bbox 253 951 1835 1027">
     <span class='ocr_line' id='line_1_11' title="bbox 253 951 1835 1027; baseline 0.003 -23"><span class='ocrx_word' id='word_1_62' title='bbox 253 952 541 1006; x_wconf 69' lang='grc' dir='ltr'>ἀσέϐειανο</span> <span class='ocrx_word' id='word_1_63' title='bbox 577 954 654 1016; x_wconf 84' lang='grc' dir='ltr'>εἰς</span> <span class='ocrx_word' id='word_1_64' title='bbox 686 952 781 1015; x_wconf 75' lang='grc' dir='ltr'><strong>οὓς</strong></span> <span class='ocrx_word' id='word_1_65' title='bbox 823 951 1012 1022; x_wconf 80' lang='grc' dir='ltr'>φθάνει</span> <span class='ocrx_word' id='word_1_66' title='bbox 1039 952 1100 1004; x_wconf 84' lang='grc' dir='ltr'><strong>τὸ</strong></span> <span class='ocrx_word' id='word_1_67' title='bbox 1123 953 1279 1016; x_wconf 79' lang='grc' dir='ltr'>οὐαὶ,</span> <span class='ocrx_word' id='word_1_68' title='bbox 1321 953 1400 1016; x_wconf 83' lang='grc' dir='ltr'><strong>είς</strong></span> <span class='ocrx_word' id='word_1_69' title='bbox 1433 955 1558 1017; x_wconf 84' lang='grc' dir='ltr'>τοὺς</span> <span class='ocrx_word' id='word_1_70' title='bbox 1595 955 1835 1027; x_wconf 79' lang='grc' dir='ltr'>πατέρας</span> 
     </span>
    </p>
   </div>
   <div class='ocr_carea' id='block_1_12' title="bbox 258 1043 1834 1116">
    <p class='ocr_par' dir='ltr' id='par_1_12' title="bbox 258 1043 1834 1116">
     <span class='ocr_line' id='line_1_12' title="bbox 258 1043 1834 1116; baseline 0.002 -19"><span class='ocrx_word' id='word_1_71' title='bbox 258 1045 350 1114; x_wconf 80' lang='grc' dir='ltr'>τῆς</span> <span class='ocrx_word' id='word_1_72' title='bbox 414 1043 770 1114; x_wconf 75' lang='grc' dir='ltr'>ψευδωνύμου</span> <span class='ocrx_word' id='word_1_73' title='bbox 836 1043 1117 1112; x_wconf 81' lang='grc' dir='ltr'>γνώσεως,</span> <span class='ocrx_word' id='word_1_74' title='bbox 1167 1044 1261 1097; x_wconf 77' lang='grc' dir='ltr'><strong>καὶ</strong></span> <span class='ocrx_word' id='word_1_75' title='bbox 1321 1047 1674 1116; x_wconf 80' lang='grc' dir='ltr'>συγγραφέας</span> <span class='ocrx_word' id='word_1_76' title='bbox 1725 1047 1834 1100; x_wconf 82' lang='grc' dir='ltr'><strong>τῶν</strong></span> 
     </span>
    </p>
   </div>
   <div class='ocr_carea' id='block_1_13' title="bbox 252 1135 1835 1209">
    <p class='ocr_par' dir='ltr' id='par_1_13' title="bbox 252 1135 1835 1209">
     <span class='ocr_line' id='line_1_13' title="bbox 252 1135 1835 1209; baseline 0.002 -20"><span class='ocrx_word' id='word_1_77' title='bbox 252 1135 432 1189; x_wconf 84' lang='grc' dir='ltr'>ἀθέων</span> <span class='ocrx_word' id='word_1_78' title='bbox 456 1136 759 1207; x_wconf 87' lang='grc' dir='ltr'>δογμάτων.</span> <span class='ocrx_word' id='word_1_79' title='bbox 793 1137 856 1188; x_wconf 84' lang='grc' dir='ltr'><strong>Οἱ</strong></span> <span class='ocrx_word' id='word_1_80' title='bbox 887 1135 995 1207; x_wconf 75' lang='grc' dir='ltr'><strong>γὰρ</strong></span> <span class='ocrx_word' id='word_1_81' title='bbox 1026 1135 1257 1189; x_wconf 88' lang='grc' dir='ltr'>τοιοῦτοι</span> <span class='ocrx_word' id='word_1_82' title='bbox 1294 1138 1420 1200; x_wconf 78' lang='grc' dir='ltr'>τοὺς</span> <span class='ocrx_word' id='word_1_83' title='bbox 1459 1138 1835 1209; x_wconf 80' lang='grc' dir='ltr'>πτωχεύοντας</span> 
     </span>
    </p>
   </div>
   <div class='ocr_carea' id='block_1_14' title="bbox 253 1225 1835 1297">
    <p class='ocr_par' dir='ltr' id='par_1_14' title="bbox 253 1225 1835 1297">
     <span class='ocr_line' id='line_1_14' title="bbox 253 1225 1835 1297; baseline 0.002 -18"><span class='ocrx_word' id='word_1_84' title='bbox 253 1229 318 1297; x_wconf 76' lang='grc' dir='ltr'>τῇ</span> <span class='ocrx_word' id='word_1_85' title='bbox 349 1227 463 1297; x_wconf 68' lang='grc'>(72)</span> <span class='ocrx_word' id='word_1_86' title='bbox 503 1226 682 1279; x_wconf 78' lang='grc' dir='ltr'>πίστει</span> <span class='ocrx_word' id='word_1_87' title='bbox 719 1225 1144 1297; x_wconf 77' lang='grc' dir='ltr'>συναρπάζουσι,</span> <span class='ocrx_word' id='word_1_88' title='bbox 1187 1227 1279 1279; x_wconf 74' lang='grc' dir='ltr'><strong>καὶ</strong></span> <span class='ocrx_word' id='word_1_89' title='bbox 1311 1227 1835 1282; x_wconf 84' lang='grc' dir='ltr'>καταδυναστεύουσι</span> 
     </span>
    </p>
   </div>
   <div class='ocr_carea' id='block_1_15' title="bbox 251 1315 1836 1388">
    <p class='ocr_par' dir='ltr' id='par_1_15' title="bbox 251 1315 1836 1388">
     <span class='ocr_line' id='line_1_15' title="bbox 251 1315 1836 1388; baseline 0.001 -18"><span class='ocrx_word' id='word_1_90' title='bbox 251 1316 432 1386; x_wconf 70' lang='grc' dir='ltr'>ψυχὰς</span> <span class='ocrx_word' id='word_1_91' title='bbox 476 1317 815 1386; x_wconf 75' lang='grc' dir='ltr'>χηρευούσας</span> <span class='ocrx_word' id='word_1_92' title='bbox 857 1315 950 1369; x_wconf 88' lang='grc' dir='ltr'><strong>τοῦ</strong></span> <span class='ocrx_word' id='word_1_93' title='bbox 1000 1315 1254 1387; x_wconf 81' lang='grc' dir='ltr'><strong>ἀληθινοῦ</strong></span> <span class='ocrx_word' id='word_1_94' title='bbox 1303 1317 1536 1388; x_wconf 77' lang='grc' dir='ltr'>νυμφίου</span> <span class='ocrx_word' id='word_1_95' title='bbox 1569 1318 1662 1371; x_wconf 87' lang='grc' dir='ltr'><strong>τοῦ</strong></span> <span class='ocrx_word' id='word_1_96' title='bbox 1700 1317 1836 1372; x_wconf 89' lang='grc' dir='ltr'>Θεοῦ</span> 
     </span>
    </p>
   </div>
   <div class='ocr_carea' id='block_1_16' title="bbox 253 1407 1832 1480">
    <p class='ocr_par' dir='ltr' id='par_1_16' title="bbox 253 1407 1832 1480">
     <span class='ocr_line' id='line_1_16' title="bbox 253 1407 1832 1480; baseline 0.002 -19"><span class='ocrx_word' id='word_1_97' title='bbox 253 1409 453 1476; x_wconf 85' lang='grc' dir='ltr'>Λόγου.</span> <span class='ocrx_word' id='word_1_98' title='bbox 493 1408 654 1460; x_wconf 78' lang='grc' dir='ltr'>Ἀλλά</span> <span class='ocrx_word' id='word_1_99' title='bbox 695 1409 795 1462; x_wconf 82' lang='grc' dir='ltr'><strong>κάν</strong></span> <span class='ocrx_word' id='word_1_100' title='bbox 825 1424 946 1461; x_wconf 91' lang='grc' dir='ltr'>τινα</span> <span class='ocrx_word' id='word_1_101' title='bbox 973 1407 1152 1461; x_wconf 83' lang='grc' dir='ltr'>ἴδωσιν</span> <span class='ocrx_word' id='word_1_102' title='bbox 1191 1409 1667 1480; x_wconf 86' lang='grc' dir='ltr'>ἀπορφανισθέντα</span> <span class='ocrx_word' id='word_1_103' title='bbox 1696 1410 1832 1464; x_wconf 86' lang='grc' dir='ltr'>Θεοῦ</span> 
     </span>
    </p>
   </div>
   <div class='ocr_carea' id='block_1_17' title="bbox 252 1499 1838 1580">
    <p class='ocr_par' dir='ltr' id='par_1_17' title="bbox 252 1499 1838 1580">
     <span class='ocr_line' id='line_1_17' title="bbox 252 1499 1838 1580; baseline 0.003 -28"><span class='ocrx_word' id='word_1_104' title='bbox 252 1499 340 1554; x_wconf 65' lang='grc' dir='ltr'>διὰ</span> <span class='ocrx_word' id='word_1_105' title='bbox 371 1501 471 1570; x_wconf 76' lang='grc' dir='ltr'>τὴν</span> <span class='ocrx_word' id='word_1_106' title='bbox 512 1500 805 1571; x_wconf 85' lang='grc' dir='ltr'>ἁμαρτίαν,</span> <span class='ocrx_word' id='word_1_107' title='bbox 838 1501 933 1554; x_wconf 75' lang='grc' dir='ltr'><strong>καὶ</strong></span> <span class='ocrx_word' id='word_1_108' title='bbox 965 1499 1154 1554; x_wconf 86' lang='grc' dir='ltr'>τοῦτον</span> <span class='ocrx_word' id='word_1_109' title='bbox 1191 1500 1378 1572; x_wconf 83' lang='grc' dir='ltr'>ὥσπερ</span> <span class='ocrx_word' id='word_1_110' title='bbox 1429 1501 1666 1580; x_wconf 73' lang='grc' dir='ltr'>λάφυρον</span> <span class='ocrx_word' id='word_1_111' title='bbox 1711 1505 1838 1556; x_wconf 83' lang='grc' dir='ltr'>ἐαυ-</span> 
     </span>
    </p>
   </div>
   <div class='ocr_carea' id='block_1_18' title="bbox 211 1590 1836 1662">
    <p class='ocr_par' dir='ltr' id='par_1_18' title="bbox 211 1590 1836 1662">
     <span class='ocr_line' id='line_1_18' title="bbox 211 1590 1836 1662; baseline 0.002 -20"><span class='ocrx_word' id='word_1_112' title='bbox 211 1619 216 1622; x_wconf 96' lang='grc'><strong><em>-</em></strong></span> <span class='ocrx_word' id='word_1_113' title='bbox 253 1591 364 1644; x_wconf 83' lang='grc' dir='ltr'><strong>τῶν</strong></span> <span class='ocrx_word' id='word_1_114' title='bbox 396 1590 698 1653; x_wconf 83' lang='grc' dir='ltr'>ποιοῦνται,</span> <span class='ocrx_word' id='word_1_115' title='bbox 731 1591 1291 1662; x_wconf 87' lang='grc' dir='ltr'>κατεπαγγελλόμενοι</span> <span class='ocrx_word' id='word_1_116' title='bbox 1328 1593 1425 1662; x_wconf 86' lang='grc' dir='ltr'>μὲν</span> <span class='ocrx_word' id='word_1_117' title='bbox 1451 1593 1634 1656; x_wconf 76' lang='grc' dir='ltr'>αὐτοῖς</span> <span class='ocrx_word' id='word_1_118' title='bbox 1660 1595 1836 1648; x_wconf 79' lang='grc' dir='ltr'>πᾶσαν</span> 
     </span>
    </p>
   </div>
   <div class='ocr_carea' id='block_1_19' title="bbox 254 1682 1836 1758">
    <p class='ocr_par' dir='ltr' id='par_1_19' title="bbox 254 1682 1836 1758">
     <span class='ocr_line' id='line_1_19' title="bbox 254 1682 1836 1758; baseline 0.003 -22"><span class='ocrx_word' id='word_1_119' title='bbox 254 1682 466 1747; x_wconf 78' lang='grc' dir='ltr'>ἄδειαν,</span> <span class='ocrx_word' id='word_1_120' title='bbox 495 1683 590 1735; x_wconf 71' lang='grc' dir='ltr'><strong>καὶ</strong></span> <span class='ocrx_word' id='word_1_121' title='bbox 633 1682 723 1736; x_wconf 80' lang='grc' dir='ltr'>τὸν</span> <span class='ocrx_word' id='word_1_122' title='bbox 749 1685 805 1734; x_wconf 78' lang='grc' dir='ltr'>ἐν</span> <span class='ocrx_word' id='word_1_123' title='bbox 833 1684 993 1754; x_wconf 81' lang='grc' dir='ltr'>ἡδονῇ</span> <span class='ocrx_word' id='word_1_124' title='bbox 1031 1683 1403 1753; x_wconf 85' lang='grc' dir='ltr'>προτείνοντες</span> <span class='ocrx_word' id='word_1_125' title='bbox 1437 1684 1568 1754; x_wconf 86' lang='grc' dir='ltr'>βίον,</span> <span class='ocrx_word' id='word_1_126' title='bbox 1596 1689 1642 1740; x_wconf 86' lang='grc' dir='ltr'><strong>εί</strong></span> <span class='ocrx_word' id='word_1_127' title='bbox 1677 1687 1836 1758; x_wconf 89' lang='grc' dir='ltr'>μόνον</span> 
     </span>
    </p>
   </div>
   <div class='ocr_carea' id='block_1_20' title="bbox 1933 497 3508 568">
    <p class='ocr_par' dir='ltr' id='par_1_20' title="bbox 1933 497 3508 568">
     <span class='ocr_line' id='line_1_20' title="bbox 1933 497 3508 568; baseline 0.001 -15"><span class='ocrx_word' id='word_1_128' title='bbox 1933 499 2254 566; x_wconf 85' lang='lat' dir='ltr'><strong>fastidiant,</strong></span> <span class='ocrx_word' id='word_1_129' title='bbox 2310 499 2411 568; x_wconf 87' lang='lat' dir='ltr'><strong>ipsi</strong></span> <span class='ocrx_word' id='word_1_130' title='bbox 2469 498 2733 552; x_wconf 81' lang='lat' dir='ltr'><strong>ltaeresunt</strong></span> <span class='ocrx_word' id='word_1_131' title='bbox 2792 497 3015 567; x_wconf 87' lang='lat' dir='ltr'><strong>cupiunt</strong></span> <span class='ocrx_word' id='word_1_132' title='bbox 3066 507 3320 553; x_wconf 85' lang='lat' dir='ltr'><strong>auctores</strong></span> <span class='ocrx_word' id='word_1_133' title='bbox 3367 513 3508 555; x_wconf 88' lang='lat' dir='ltr'><strong>esse.</strong></span> 
     </span>
    </p>
   </div>
   <div class='ocr_carea' id='block_1_21' title="bbox 1933 588 3508 659">
    <p class='ocr_par' dir='ltr' id='par_1_21' title="bbox 1933 588 3508 659">
     <span class='ocr_line' id='line_1_21' title="bbox 1933 588 3508 659; baseline 0.001 -14"><span class='ocrx_word' id='word_1_134' title='bbox 1933 592 2112 659; x_wconf 83' lang='lat' dir='ltr'><strong>Quare</strong></span> <span class='ocrx_word' id='word_1_135' title='bbox 2139 592 2405 646; x_wconf 77' lang='lat' dir='ltr'><strong>novitates</strong></span> <span class='ocrx_word' id='word_1_136' title='bbox 2435 589 2690 658; x_wconf 88' lang='lat' dir='ltr'><strong>quasdam</strong></span> <span class='ocrx_word' id='word_1_137' title='bbox 2719 588 3207 643; x_wconf 83' lang='lat' dir='ltr'><strong>comminiscuntur</strong></span> <span class='ocrx_word' id='word_1_138' title='bbox 3241 590 3508 648; x_wconf 87' lang='lat' dir='ltr'><strong>adversus</strong></span> 
     </span>
    </p>
   </div>
   <div class='ocr_carea' id='block_1_22' title="bbox 1944 676 3516 750">
    <p class='ocr_par' dir='ltr' id='par_1_22' title="bbox 1944 676 3516 750">
     <span class='ocr_line' id='line_1_22' title="bbox 1944 676 3516 750; baseline 0.003 -16"><span class='ocrx_word' id='word_1_139' title='bbox 1944 690 2150 734; x_wconf 87' lang='lat' dir='ltr'><strong>rectum</strong></span> <span class='ocrx_word' id='word_1_140' title='bbox 2181 691 2510 744; x_wconf 88' lang='lat' dir='ltr'><strong>sermonem,</strong></span> <span class='ocrx_word' id='word_1_141' title='bbox 2543 676 2803 731; x_wconf 80' lang='lat' dir='ltr'><strong>malitiam</strong></span> <span class='ocrx_word' id='word_1_142' title='bbox 2837 677 3270 748; x_wconf 90' lang='lat' dir='ltr'><strong>impietatemque</strong></span> <span class='ocrx_word' id='word_1_143' title='bbox 3297 681 3516 750; x_wconf 77' lang='lat' dir='ltr'><strong>scriptis</strong></span> 
     </span>
    </p>
   </div>
   <div class='ocr_carea' id='block_1_23' title="bbox 1933 765 3516 839">
    <p class='ocr_par' dir='ltr' id='par_1_23' title="bbox 1933 765 3516 839">
     <span class='ocr_line' id='line_1_23' title="bbox 1933 765 3516 839; baseline 0.001 -16"><span class='ocrx_word' id='word_1_144' title='bbox 1933 770 2260 839; x_wconf 85' lang='lat' dir='ltr'><strong>prodentes:</strong></span> <span class='ocrx_word' id='word_1_145' title='bbox 2297 767 2364 822; x_wconf 90' lang='lat' dir='ltr'><strong>ad</strong></span> <span class='ocrx_word' id='word_1_146' title='bbox 2386 781 2526 835; x_wconf 88' lang='lat' dir='ltr'><strong>quos</strong></span> <span class='ocrx_word' id='word_1_147' title='bbox 2553 765 2796 835; x_wconf 86' lang='lat' dir='ltr'><strong>pervenit</strong></span> <span class='ocrx_word' id='word_1_148' title='bbox 2830 782 2925 828; x_wconf 74' lang='lat' dir='ltr'><strong>vw,</strong></span> <span class='ocrx_word' id='word_1_149' title='bbox 2958 767 3024 823; x_wconf 92' lang='lat' dir='ltr'><strong>ad</strong></span> <span class='ocrx_word' id='word_1_150' title='bbox 3051 777 3234 836; x_wconf 86' lang='lat' dir='ltr'><strong>patres</strong></span> <span class='ocrx_word' id='word_1_151' title='bbox 3261 769 3516 825; x_wconf 81' lang='lat' dir='ltr'><strong>videlicet</strong></span> 
     </span>
    </p>
   </div>
   <div class='ocr_carea' id='block_1_24' title="bbox 1935 858 3517 929">
    <p class='ocr_par' dir='ltr' id='par_1_24' title="bbox 1935 858 3517 929">
     <span class='ocr_line' id='line_1_24' title="bbox 1935 858 3517 929; baseline 0 -14"><span class='ocrx_word' id='word_1_152' title='bbox 1935 861 2087 916; x_wconf 63' lang='lat' dir='ltr'><strong>falsas</strong></span> <span class='ocrx_word' id='word_1_153' title='bbox 2121 871 2176 914; x_wconf 88' lang='lat' dir='ltr'><strong>et</strong></span> <span class='ocrx_word' id='word_1_154' title='bbox 2221 859 2536 913; x_wconf 63' lang='lat' dir='ltr'><strong>adulterinae</strong></span> <span class='ocrx_word' id='word_1_155' title='bbox 2575 858 2832 922; x_wconf 73' lang='lat' dir='ltr'><strong>scientiae,</strong></span> <span class='ocrx_word' id='word_1_156' title='bbox 2877 867 2931 912; x_wconf 89' lang='lat' dir='ltr'><strong>et</strong></span> <span class='ocrx_word' id='word_1_157' title='bbox 2965 859 3030 913; x_wconf 90' lang='lat' dir='ltr'><strong>ad</strong></span> <span class='ocrx_word' id='word_1_158' title='bbox 3068 859 3376 929; x_wconf 84' lang='lat' dir='ltr'><strong>dogmatum</strong></span> <span class='ocrx_word' id='word_1_159' title='bbox 3411 861 3517 915; x_wconf 90' lang='lat' dir='ltr'><strong>im-</strong></span> 
     </span>
    </p>
   </div>
   <div class='ocr_carea' id='block_1_25' title="bbox 1934 949 3516 1022">
    <p class='ocr_par' dir='ltr' id='par_1_25' title="bbox 1934 949 3516 1022">
     <span class='ocr_line' id='line_1_25' title="bbox 1934 949 3516 1022; baseline -0.001 -15"><span class='ocrx_word' id='word_1_160' title='bbox 1934 953 2144 1022; x_wconf 89' lang='lat' dir='ltr'><strong>piorum</strong></span> <span class='ocrx_word' id='word_1_161' title='bbox 2173 952 2484 1021; x_wconf 89' lang='lat' dir='ltr'><strong>scriptores.</strong></span> <span class='ocrx_word' id='word_1_162' title='bbox 2529 949 2688 1004; x_wconf 82' lang='lat' dir='ltr'><strong>Tales</strong></span> <span class='ocrx_word' id='word_1_163' title='bbox 2731 950 2877 1003; x_wconf 93' lang='lat' dir='ltr'><strong>enim</strong></span> <span class='ocrx_word' id='word_1_164' title='bbox 2910 963 3003 1004; x_wconf 89' lang='lat' dir='ltr'><strong>eos</strong></span> <span class='ocrx_word' id='word_1_165' title='bbox 3044 950 3136 1020; x_wconf 86' lang='lat' dir='ltr'><strong>qui</strong></span> <span class='ocrx_word' id='word_1_166' title='bbox 3180 949 3516 1021; x_wconf 74' lang='lat' dir='ltr'><strong>ﬁdei-inopia</strong></span> 
     </span>
    </p>
   </div>
   <div class='ocr_carea' id='block_1_26' title="bbox 1938 1041 3518 1113">
    <p class='ocr_par' dir='ltr' id='par_1_26' title="bbox 1938 1041 3518 1113">
     <span class='ocr_line' id='line_1_26' title="bbox 1938 1041 3518 1113; baseline 0.001 -15"><span class='ocrx_word' id='word_1_167' title='bbox 1938 1045 2208 1108; x_wconf 86' lang='lat' dir='ltr'><strong>laborant,</strong></span> <span class='ocrx_word' id='word_1_168' title='bbox 2235 1043 2520 1112; x_wconf 90' lang='lat' dir='ltr'><strong>diripiunt,</strong></span> <span class='ocrx_word' id='word_1_169' title='bbox 2549 1051 2710 1112; x_wconf 88' lang='lat' dir='ltr'><strong>atque</strong></span> <span class='ocrx_word' id='word_1_170' title='bbox 2739 1042 2793 1095; x_wconf 90' lang='lat' dir='ltr'><strong>in</strong></span> <span class='ocrx_word' id='word_1_171' title='bbox 2818 1043 3027 1095; x_wconf 87' lang='lat' dir='ltr'><strong>animas</strong></span> <span class='ocrx_word' id='word_1_172' title='bbox 3046 1057 3175 1097; x_wconf 81' lang='lat' dir='ltr'><strong>vero</strong></span> <span class='ocrx_word' id='word_1_173' title='bbox 3203 1041 3292 1097; x_wconf 94' lang='lat' dir='ltr'><strong>illo</strong></span> <span class='ocrx_word' id='word_1_174' title='bbox 3316 1058 3518 1113; x_wconf 88' lang='lat' dir='ltr'><strong>sponso</strong></span> 
     </span>
    </p>
   </div>
   <div class='ocr_carea' id='block_1_27' title="bbox 1931 1133 3519 1205">
    <p class='ocr_par' dir='ltr' id='par_1_27' title="bbox 1931 1133 3519 1205">
     <span class='ocr_line' id='line_1_27' title="bbox 1931 1133 3519 1205; baseline -0.001 -13"><span class='ocrx_word' id='word_1_175' title='bbox 1931 1138 2049 1192; x_wconf 85' lang='lat' dir='ltr'><strong>Deo</strong></span> <span class='ocrx_word' id='word_1_176' title='bbox 2092 1136 2266 1192; x_wconf 83' lang='lat' dir='ltr'><strong>Verbo</strong></span> <span class='ocrx_word' id='word_1_177' title='bbox 2305 1135 2496 1190; x_wconf 89' lang='lat' dir='ltr'><strong>viduas</strong></span> <span class='ocrx_word' id='word_1_178' title='bbox 2539 1133 2876 1205; x_wconf 87' lang='lat' dir='ltr'><strong>tyrannidem</strong></span> <span class='ocrx_word' id='word_1_179' title='bbox 2923 1143 3213 1202; x_wconf 81' lang='lat' dir='ltr'><strong>exercent;</strong></span> <span class='ocrx_word' id='word_1_180' title='bbox 3255 1136 3350 1191; x_wconf 87' lang='lat' dir='ltr'><strong>sed</strong></span> <span class='ocrx_word' id='word_1_181' title='bbox 3382 1145 3437 1190; x_wconf 91' lang='lat' dir='ltr'><strong>et</strong></span> <span class='ocrx_word' id='word_1_182' title='bbox 3470 1135 3519 1192; x_wconf 89' lang='lat' dir='ltr'><strong>si</strong></span> 
     </span>
    </p>
   </div>
   <div class='ocr_carea' id='block_1_28' title="bbox 1938 1226 3520 1299">
    <p class='ocr_par' dir='ltr' id='par_1_28' title="bbox 1938 1226 3520 1299">
     <span class='ocr_line' id='line_1_28' title="bbox 1938 1226 3520 1299; baseline 0 -18"><span class='ocrx_word' id='word_1_183' title='bbox 1938 1228 2246 1299; x_wconf 90' lang='lat' dir='ltr'><strong>quempiam</strong></span> <span class='ocrx_word' id='word_1_184' title='bbox 2299 1226 2410 1282; x_wconf 93' lang='lat' dir='ltr'><strong>Deo</strong></span> <span class='ocrx_word' id='word_1_185' title='bbox 2456 1226 2704 1282; x_wconf 90' lang='lat' dir='ltr'><strong>orbatum</strong></span> <span class='ocrx_word' id='word_1_186' title='bbox 2746 1227 2814 1281; x_wconf 92' lang='lat' dir='ltr'><strong>ob</strong></span> <span class='ocrx_word' id='word_1_187' title='bbox 2865 1235 3146 1296; x_wconf 87' lang='lat' dir='ltr'><strong>peccatum</strong></span> <span class='ocrx_word' id='word_1_188' title='bbox 3181 1227 3432 1293; x_wconf 83' lang='lat' dir='ltr'><strong>viderint,</strong></span> <span class='ocrx_word' id='word_1_189' title='bbox 3464 1238 3520 1284; x_wconf 89' lang='lat' dir='ltr'><strong>et</strong></span> 
     </span>
    </p>
   </div>
   <div class='ocr_carea' id='block_1_29' title="bbox 1939 1318 3521 1390">
    <p class='ocr_par' dir='ltr' id='par_1_29' title="bbox 1939 1318 3521 1390">
     <span class='ocr_line' id='line_1_29' title="bbox 1939 1318 3521 1390; baseline -0.001 -15"><span class='ocrx_word' id='word_1_190' title='bbox 1939 1321 2084 1376; x_wconf 87' lang='lat' dir='ltr'><strong>hunc</strong></span> <span class='ocrx_word' id='word_1_191' title='bbox 2116 1320 2217 1376; x_wconf 85' lang='lat' dir='ltr'><strong>sibi</strong></span> <span class='ocrx_word' id='word_1_192' title='bbox 2254 1319 2408 1389; x_wconf 87' lang='lat' dir='ltr'><strong>quasi</strong></span> <span class='ocrx_word' id='word_1_193' title='bbox 2437 1319 2674 1389; x_wconf 70' lang='lat' dir='ltr'><strong>praedam</strong></span> <span class='ocrx_word' id='word_1_194' title='bbox 2703 1318 3014 1373; x_wconf 79' lang='lat' dir='ltr'><strong>vindicant:</strong></span> <span class='ocrx_word' id='word_1_195' title='bbox 3050 1319 3246 1389; x_wconf 88' lang='lat' dir='ltr'><strong>quippe</strong></span> <span class='ocrx_word' id='word_1_196' title='bbox 3277 1320 3357 1375; x_wconf 91' lang='lat' dir='ltr'><strong>eis</strong></span> <span class='ocrx_word' id='word_1_197' title='bbox 3394 1334 3521 1390; x_wconf 83' lang='lat' dir='ltr'><strong>pro-</strong></span> 
     </span>
    </p>
   </div>
   <div class='ocr_carea' id='block_1_30' title="bbox 1941 1411 3519 1480">
    <p class='ocr_par' dir='ltr' id='par_1_30' title="bbox 1941 1411 3519 1480">
     <span class='ocr_line' id='line_1_30' title="bbox 1941 1411 3519 1480; baseline 0 -12"><span class='ocrx_word' id='word_1_198' title='bbox 1941 1413 2164 1468; x_wconf 88' lang='lat' dir='ltr'><strong>mittunt</strong></span> <span class='ocrx_word' id='word_1_199' title='bbox 2209 1411 2557 1467; x_wconf 87' lang='lat' dir='ltr'><strong>securitatem</strong></span> <span class='ocrx_word' id='word_1_200' title='bbox 2605 1423 2843 1475; x_wconf 90' lang='lat' dir='ltr'><strong>omnem,</strong></span> <span class='ocrx_word' id='word_1_201' title='bbox 2879 1419 2932 1466; x_wconf 94' lang='lat' dir='ltr'><strong>et</strong></span> <span class='ocrx_word' id='word_1_202' title='bbox 2962 1411 3318 1480; x_wconf 89' lang='lat' dir='ltr'><strong>voluptariam</strong></span> <span class='ocrx_word' id='word_1_203' title='bbox 3351 1413 3519 1468; x_wconf 87' lang='lat' dir='ltr'><strong>vitam</strong></span> 
     </span>
    </p>
   </div>
   <div class='ocr_carea' id='block_1_31' title="bbox 1941 1502 3522 1576">
    <p class='ocr_par' dir='ltr' id='par_1_31' title="bbox 1941 1502 3522 1576">
     <span class='ocr_line' id='line_1_31' title="bbox 1941 1502 3522 1576; baseline 0.001 -18"><span class='ocrx_word' id='word_1_204' title='bbox 1941 1513 2270 1576; x_wconf 89' lang='lat' dir='ltr'><strong>proponunt,</strong></span> <span class='ocrx_word' id='word_1_205' title='bbox 2304 1503 2348 1559; x_wconf 91' lang='lat' dir='ltr'><strong>si</strong></span> <span class='ocrx_word' id='word_1_206' title='bbox 2379 1503 2536 1558; x_wconf 89' lang='lat' dir='ltr'><strong>modo</strong></span> <span class='ocrx_word' id='word_1_207' title='bbox 2560 1517 2654 1556; x_wconf 87' lang='lat' dir='ltr'><strong>eos</strong></span> <span class='ocrx_word' id='word_1_208' title='bbox 2683 1502 2952 1566; x_wconf 77' lang='lat' dir='ltr'><strong>dogmatis</strong></span> <span class='ocrx_word' id='word_1_209' title='bbox 2980 1503 3315 1558; x_wconf 82' lang='lat' dir='ltr'><strong>divinitatem</strong></span> <span class='ocrx_word' id='word_1_210' title='bbox 3351 1519 3522 1574; x_wconf 85' lang='lat' dir='ltr'><strong>oppu-</strong></span> 
     </span>
    </p>
   </div>
   <div class='ocr_carea' id='block_1_32' title="bbox 1941 1591 3522 1665">
    <p class='ocr_par' dir='ltr' id='par_1_32' title="bbox 1941 1591 3522 1665">
     <span class='ocr_line' id='line_1_32' title="bbox 1941 1591 3522 1665; baseline 0.002 -18"><span class='ocrx_word' id='word_1_211' title='bbox 1941 1593 2228 1665; x_wconf 85' lang='lat' dir='ltr'><strong>gnantibus</strong></span> <span class='ocrx_word' id='word_1_212' title='bbox 2252 1591 2549 1661; x_wconf 76' lang='lat' dir='ltr'><strong>intelligant</strong></span> <span class='ocrx_word' id='word_1_213' title='bbox 2573 1591 3057 1658; x_wconf 30' lang='lat' dir='ltr'><strong>assentiri..Qualis</strong></span> <span class='ocrx_word' id='word_1_214' title='bbox 3082 1607 3224 1648; x_wconf 92' lang='lat' dir='ltr'><strong>nunc</strong></span> <span class='ocrx_word' id='word_1_215' title='bbox 3242 1593 3522 1663; x_wconf 88' lang='lat' dir='ltr'><strong>pullulavit</strong></span> 
     </span>
    </p>
   </div>
   <div class='ocr_carea' id='block_1_33' title="bbox 1942 1682 3520 1752">
    <p class='ocr_par' dir='ltr' id='par_1_33' title="bbox 1942 1682 3520 1752">
     <span class='ocr_line' id='line_1_33' title="bbox 1942 1682 3520 1752; baseline -0.001 -11"><span class='ocrx_word' id='word_1_216' title='bbox 1942 1689 2324 1741; x_wconf 70' lang='lat' dir='ltr'><strong>Anomoeorum</strong></span> <span class='ocrx_word' id='word_1_217' title='bbox 2367 1683 2608 1748; x_wconf 60' lang='lat' dir='ltr'><strong>haeresis,</strong></span> <span class='ocrx_word' id='word_1_218' title='bbox 2650 1682 2743 1752; x_wconf 92' lang='lat' dir='ltr'><strong>qui</strong></span> <span class='ocrx_word' id='word_1_219' title='bbox 2779 1683 3189 1750; x_wconf 87' lang='lat' dir='ltr'><strong>scortatoribus,</strong></span> <span class='ocrx_word' id='word_1_220' title='bbox 3241 1685 3520 1750; x_wconf 85' lang='lat' dir='ltr'><strong>adulteris,</strong></span> 
     </span>
    </p>
   </div>
   <div class='ocr_carea' id='block_1_34' title="bbox 254 1761 1868 1850">
    <p class='ocr_par' dir='ltr' id='par_1_34' title="bbox 254 1774 1837 1850">
     <span class='ocr_line' id='line_1_34' title="bbox 254 1774 1837 1850; baseline 0.004 -25"><span class='ocrx_word' id='word_1_221' title='bbox 254 1774 472 1826; x_wconf 77' lang='grc' dir='ltr'>λάϐοιεν</span> <span class='ocrx_word' id='word_1_222' title='bbox 523 1775 724 1838; x_wconf 77' lang='grc' dir='ltr'>αὐτοὺς</span> <span class='ocrx_word' id='word_1_223' title='bbox 782 1774 1224 1847; x_wconf 84' lang='grc' dir='ltr'>συντεθειμένους</span> <span class='ocrx_word' id='word_1_224' title='bbox 1280 1779 1394 1840; x_wconf 83' lang='grc' dir='ltr'>τοῖς</span> <span class='ocrx_word' id='word_1_225' title='bbox 1447 1777 1677 1849; x_wconf 87' lang='grc' dir='ltr'>δόγμασι</span> <span class='ocrx_word' id='word_1_226' title='bbox 1735 1779 1837 1850; x_wconf 83' lang='grc' dir='ltr'><strong>τῆς</strong></span> 
     </span>
    </p>
   </div>
   <div class='ocr_carea' id='block_1_35' title="bbox 1948 1761 3522 1850">
    <p class='ocr_par' dir='ltr' id='par_1_35' title="bbox 1948 1775 3522 1846">
     <span class='ocr_line' id='line_1_35' title="bbox 1948 1775 3522 1846; baseline 0.001 -14"><span class='ocrx_word' id='word_1_227' title='bbox 1948 1780 2304 1833; x_wconf 86' lang='lat' dir='ltr'><strong>masculorum</strong></span> <span class='ocrx_word' id='word_1_228' title='bbox 2345 1775 2812 1840; x_wconf 89' lang='lat' dir='ltr'><strong>concubitoribus,</strong></span> <span class='ocrx_word' id='word_1_229' title='bbox 2862 1776 3160 1846; x_wconf 83' lang='lat' dir='ltr'><strong>plagiariis,</strong></span> <span class='ocrx_word' id='word_1_230' title='bbox 3197 1776 3430 1846; x_wconf 77' lang='lat' dir='ltr'><strong>periuris</strong></span> <span class='ocrx_word' id='word_1_231' title='bbox 3456 1793 3522 1834; x_wconf 90' lang='lat' dir='ltr'><strong>ac</strong></span> 
     </span>
    </p>
   </div>
   <div class='ocr_carea' id='block_1_36' title="bbox 253 1865 1839 1941">
    <p class='ocr_par' dir='ltr' id='par_1_36' title="bbox 253 1865 1839 1941">
     <span class='ocr_line' id='line_1_36' title="bbox 253 1865 1839 1941; baseline 0.005 -23"><span class='ocrx_word' id='word_1_232' title='bbox 253 1865 580 1935; x_wconf 78' lang='grc' dir='ltr'>ἁθεότητος’</span> <span class='ocrx_word' id='word_1_233' title='bbox 619 1866 833 1936; x_wconf 83' lang='grc' dir='ltr'>ὀποίαὴ</span> <span class='ocrx_word' id='word_1_234' title='bbox 869 1865 963 1921; x_wconf 89' lang='grc' dir='ltr'><strong>νῦν</strong></span> <span class='ocrx_word' id='word_1_235' title='bbox 1006 1868 1508 1941; x_wconf 78' lang='grc' dir='ltr'>παραϐλαστήσασα</span> <span class='ocrx_word' id='word_1_236' title='bbox 1541 1872 1648 1926; x_wconf 81' lang='grc' dir='ltr'><strong>τῶν</strong></span> <span class='ocrx_word' id='word_1_237' title='bbox 1691 1873 1839 1926; x_wconf 83' lang='grc' dir='ltr'>Ἀνο-</span> 
     </span>
    </p>
   </div>
   <div class='ocr_carea' id='block_1_37' title="bbox 255 1955 1838 2036">
    <p class='ocr_par' dir='ltr' id='par_1_37' title="bbox 255 1955 1838 2036">
     <span class='ocr_line' id='line_1_37' title="bbox 255 1955 1838 2036; baseline 0.008 -31"><span class='ocrx_word' id='word_1_238' title='bbox 255 1955 425 2024; x_wconf 84' lang='grc' dir='ltr'>μοίων</span> <span class='ocrx_word' id='word_1_239' title='bbox 467 1956 708 2027; x_wconf 81' lang='grc' dir='ltr'>αἵρεσις·</span> <span class='ocrx_word' id='word_1_240' title='bbox 757 1958 850 2010; x_wconf 80' lang='grc' dir='ltr'><strong>καὶ</strong></span> <span class='ocrx_word' id='word_1_241' title='bbox 887 1958 1126 2029; x_wconf 82' lang='grc' dir='ltr'>πόρνοις,</span> <span class='ocrx_word' id='word_1_242' title='bbox 1157 1960 1248 2013; x_wconf 75' lang='grc' dir='ltr'><strong>καὶ</strong></span> <span class='ocrx_word' id='word_1_243' title='bbox 1289 1965 1515 2031; x_wconf 79' lang='grc' dir='ltr'>μοιχοῖς,</span> <span class='ocrx_word' id='word_1_244' title='bbox 1545 1965 1638 2016; x_wconf 73' lang='grc' dir='ltr'><strong>καὶ</strong></span> <span class='ocrx_word' id='word_1_245' title='bbox 1684 1965 1838 2036; x_wconf 87' lang='grc' dir='ltr'>ἀρσε-</span> 
     </span>
    </p>
   </div>
   <div class='ocr_carea' id='block_1_38' title="bbox 254 2046 1834 2124">
    <p class='ocr_par' dir='ltr' id='par_1_38' title="bbox 254 2046 1834 2124">
     <span class='ocr_line' id='line_1_38' title="bbox 254 2046 1834 2124; baseline 0.008 -27"><span class='ocrx_word' id='word_1_246' title='bbox 254 2046 547 2109; x_wconf 84' lang='grc' dir='ltr'>νοκοίταις,</span> <span class='ocrx_word' id='word_1_247' title='bbox 591 2046 685 2100; x_wconf 71' lang='grc' dir='ltr'><strong>καὶ</strong></span> <span class='ocrx_word' id='word_1_248' title='bbox 730 2048 1208 2118; x_wconf 80' lang='grc' dir='ltr'>ἀνδραποδισταῖς,</span> <span class='ocrx_word' id='word_1_249' title='bbox 1261 2051 1354 2104; x_wconf 76' lang='grc' dir='ltr'><strong>καὶ</strong></span> <span class='ocrx_word' id='word_1_250' title='bbox 1400 2053 1698 2124; x_wconf 79' lang='grc' dir='ltr'>ἐπιόρκοις,</span> <span class='ocrx_word' id='word_1_251' title='bbox 1740 2057 1834 2109; x_wconf 79' lang='grc' dir='ltr'><strong>καὶ</strong></span> 
     </span>
    </p>
   </div>
   <div class='ocr_carea' id='block_1_39' title="bbox 252 2135 1838 2215">
    <p class='ocr_par' dir='ltr' id='par_1_39' title="bbox 252 2135 1838 2215">
     <span class='ocr_line' id='line_1_39' title="bbox 252 2135 1838 2215; baseline 0.007 -28"><span class='ocrx_word' id='word_1_252' title='bbox 252 2135 520 2204; x_wconf 74' lang='grc' dir='ltr'>ψεύσταις</span> <span class='ocrx_word' id='word_1_253' title='bbox 581 2138 926 2209; x_wconf 81' lang='grc' dir='ltr'>συγχώρησιν</span> <span class='ocrx_word' id='word_1_254' title='bbox 997 2140 1408 2211; x_wconf 86' lang='grc' dir='ltr'>ἁμαρτημάτων</span> <span class='ocrx_word' id='word_1_255' title='bbox 1472 2143 1838 2215; x_wconf 81' lang='grc' dir='ltr'>ὑπισχνούμε-</span> 
     </span>
    </p>
   </div>
   <div class='ocr_carea' id='block_1_40' title="bbox 255 2226 1842 2304">
    <p class='ocr_par' dir='ltr' id='par_1_40' title="bbox 255 2226 1842 2304">
     <span class='ocr_line' id='line_1_40' title="bbox 255 2226 1842 2304; baseline 0.007 -27"><span class='ocrx_word' id='word_1_256' title='bbox 255 2242 334 2278; x_wconf 88' lang='grc' dir='ltr'><strong>νοι</strong></span> <span class='ocrx_word' id='word_1_257' title='bbox 370 2226 508 2296; x_wconf 75' lang='grc'>(75),</span> <span class='ocrx_word' id='word_1_258' title='bbox 547 2227 640 2280; x_wconf 84' lang='grc' dir='ltr'><strong>ἐὰν</strong></span> <span class='ocrx_word' id='word_1_259' title='bbox 677 2228 833 2298; x_wconf 82' lang='grc' dir='ltr'>μόνον</span> <span class='ocrx_word' id='word_1_260' title='bbox 862 2229 1058 2292; x_wconf 76' lang='grc' dir='ltr'>αὐτοὺς</span> <span class='ocrx_word' id='word_1_261' title='bbox 1096 2230 1298 2284; x_wconf 82' lang='grc' dir='ltr'>λάϐωσι</span> <span class='ocrx_word' id='word_1_262' title='bbox 1324 2236 1389 2304; x_wconf 86' lang='grc' dir='ltr'>τῇ</span> <span class='ocrx_word' id='word_1_263' title='bbox 1419 2234 1560 2287; x_wconf 87' lang='grc' dir='ltr'>κατὰ</span> <span class='ocrx_word' id='word_1_264' title='bbox 1599 2234 1692 2287; x_wconf 88' lang='grc' dir='ltr'><strong>τοῦ</strong></span> <span class='ocrx_word' id='word_1_265' title='bbox 1731 2237 1842 2288; x_wconf 83' lang='grc' dir='ltr'><strong>Μο-</strong></span> 
     </span>
    </p>
   </div>
   <div class='ocr_carea' id='block_1_41' title="bbox 255 2317 1838 2398">
    <p class='ocr_par' dir='ltr' id='par_1_41' title="bbox 255 2317 1838 2398">
     <span class='ocr_line' id='line_1_41' title="bbox 255 2317 1838 2398; baseline 0.008 -29"><span class='ocrx_word' id='word_1_266' title='bbox 255 2318 514 2386; x_wconf 87' lang='grc' dir='ltr'>νογενοῦς</span> <span class='ocrx_word' id='word_1_267' title='bbox 553 2317 870 2390; x_wconf 76' lang='grc' dir='ltr'>βλασφημίᾳ</span> <span class='ocrx_word' id='word_1_268' title='bbox 902 2323 1348 2394; x_wconf 86' lang='grc' dir='ltr'>συνερχομένους.</span> <span class='ocrx_word' id='word_1_269' title='bbox 1379 2326 1523 2397; x_wconf 80' lang='grc' dir='ltr'>Πρὸς</span> <span class='ocrx_word' id='word_1_270' title='bbox 1555 2326 1647 2390; x_wconf 74' lang='grc' dir='ltr'><strong>οὓς</strong></span> <span class='ocrx_word' id='word_1_271' title='bbox 1676 2327 1838 2398; x_wconf 81' lang='grc' dir='ltr'>φησιν</span> 
     </span>
    </p>
   </div>
   <div class='ocr_carea' id='block_1_42' title="bbox 257 2406 1844 2486">
    <p class='ocr_par' dir='ltr' id='par_1_42' title="bbox 257 2406 1844 2486">
     <span class='ocr_line' id='line_1_42' title="bbox 257 2406 1844 2486; baseline 0.009 -28"><span class='ocrx_word' id='word_1_272' title='bbox 257 2407 286 2458; x_wconf 87' lang='grc' dir='ltr'>ὁ</span> <span class='ocrx_word' id='word_1_273' title='bbox 327 2406 521 2475; x_wconf 85' lang='grc' dir='ltr'>λόγος·</span> <span class='ocrx_word' id='word_1_274' title='bbox 571 2409 630 2461; x_wconf 81' lang='grc' dir='ltr'>Τί</span> <span class='ocrx_word' id='word_1_275' title='bbox 677 2411 1045 2479; x_wconf 81' lang='grc' dir='ltr'>ποιήσουσιν</span> <span class='ocrx_word' id='word_1_276' title='bbox 1081 2411 1151 2465; x_wconf 82' lang='grc' dir='ltr'><strong>ἐν</strong></span> <span class='ocrx_word' id='word_1_277' title='bbox 1192 2413 1267 2483; x_wconf 80' lang='grc' dir='ltr'>τῇ</span> <span class='ocrx_word' id='word_1_278' title='bbox 1315 2415 1505 2486; x_wconf 73' lang='grc' dir='ltr'>ἡμέρῃ</span> <span class='ocrx_word' id='word_1_279' title='bbox 1553 2417 1664 2486; x_wconf 80' lang='grc' dir='ltr'>τῆς</span> <span class='ocrx_word' id='word_1_280' title='bbox 1718 2419 1844 2471; x_wconf 85' lang='grc' dir='ltr'>ἑπι-</span> 
     </span>
    </p>
   </div>
   <div class='ocr_carea' id='block_1_43' title="bbox 256 2498 1837 2580">
    <p class='ocr_par' dir='ltr' id='par_1_43' title="bbox 256 2498 1837 2580">
     <span class='ocr_line' id='line_1_43' title="bbox 256 2498 1837 2580; baseline 0.009 -30"><span class='ocrx_word' id='word_1_281' title='bbox 256 2498 536 2565; x_wconf 76' lang='grc' dir='ltr'>σκοπῆς;</span> <span class='ocrx_word' id='word_1_282' title='bbox 584 2501 824 2574; x_wconf 87' lang='grc' dir='ltr'>Ἦμέραν</span> <span class='ocrx_word' id='word_1_283' title='bbox 869 2504 980 2573; x_wconf 73' lang='grc'>(74)</span> <span class='ocrx_word' id='word_1_284' title='bbox 1026 2504 1174 2574; x_wconf 87' lang='grc' dir='ltr'>λέγει</span> <span class='ocrx_word' id='word_1_285' title='bbox 1229 2507 1324 2580; x_wconf 85' lang='grc' dir='ltr'>τὴν</span> <span class='ocrx_word' id='word_1_286' title='bbox 1377 2510 1698 2578; x_wconf 83' lang='grc' dir='ltr'>ἐπιφάνειαν</span> <span class='ocrx_word' id='word_1_287' title='bbox 1743 2511 1837 2565; x_wconf 90' lang='grc' dir='ltr'><strong>τοῦ</strong></span> 
     </span>
    </p>
   </div>
   <div class='ocr_carea' id='block_1_44' title="bbox 257 2593 1840 2675">
    <p class='ocr_par' dir='ltr' id='par_1_44' title="bbox 257 2593 1840 2675">
     <span class='ocr_line' id='line_1_44' title="bbox 257 2593 1840 2675; baseline 0.006 -30"><span class='ocrx_word' id='word_1_288' title='bbox 257 2594 466 2663; x_wconf 84' lang='grc' dir='ltr'>Κυρίου</span> <span class='ocrx_word' id='word_1_289' title='bbox 497 2593 656 2664; x_wconf 75' lang='grc' dir='ltr'>ἡμῶν</span> <span class='ocrx_word' id='word_1_290' title='bbox 693 2595 866 2666; x_wconf 82' lang='grc' dir='ltr'>Ἰησοῦ</span> <span class='ocrx_word' id='word_1_291' title='bbox 910 2596 1147 2667; x_wconf 89' lang='grc' dir='ltr'>Χριστοῦ</span> <span class='ocrx_word' id='word_1_292' title='bbox 1187 2597 1246 2662; x_wconf 79' lang='grc' dir='ltr'>ἐξ</span> <span class='ocrx_word' id='word_1_293' title='bbox 1273 2599 1537 2671; x_wconf 82' lang='grc' dir='ltr'>οὐρανῶν,</span> <span class='ocrx_word' id='word_1_294' title='bbox 1565 2596 1681 2675; x_wconf 80' lang='grc' dir='ltr'>ὲνῇ</span> <span class='ocrx_word' id='word_1_295' title='bbox 1723 2603 1840 2654; x_wconf 82' lang='grc' dir='ltr'>ἐπι-</span> 
     </span>
    </p>
   </div>
   <div class='ocr_carea' id='block_1_45' title="bbox 257 2683 1841 2766">
    <p class='ocr_par' dir='ltr' id='par_1_45' title="bbox 257 2683 1841 2766">
     <span class='ocr_line' id='line_1_45' title="bbox 257 2683 1841 2766; baseline 0.006 -29"><span class='ocrx_word' id='word_1_296' title='bbox 257 2683 498 2756; x_wconf 75' lang='grc' dir='ltr'>δημήσει</span> <span class='ocrx_word' id='word_1_297' title='bbox 527 2685 604 2757; x_wconf 83' lang='grc' dir='ltr'>τῷ</span> <span class='ocrx_word' id='word_1_298' title='bbox 631 2686 839 2758; x_wconf 84' lang='grc' dir='ltr'>κόσμῳ,</span> <span class='ocrx_word' id='word_1_299' title='bbox 867 2687 1149 2754; x_wconf 82' lang='grc' dir='ltr'>ἀποδιδοὺς</span> <span class='ocrx_word' id='word_1_300' title='bbox 1178 2691 1392 2763; x_wconf 80' lang='grc' dir='ltr'>ἑκάστῳ</span> <span class='ocrx_word' id='word_1_301' title='bbox 1438 2693 1578 2747; x_wconf 86' lang='grc' dir='ltr'>κατὰ</span> <span class='ocrx_word' id='word_1_302' title='bbox 1602 2693 1671 2747; x_wconf 85' lang='grc' dir='ltr'>τὰ</span> <span class='ocrx_word' id='word_1_303' title='bbox 1706 2693 1841 2766; x_wconf 77' lang='grc' dir='ltr'>ἔργα</span> 
     </span>
    </p>
   </div>
   <div class='ocr_carea' id='block_1_46' title="bbox 258 2777 1839 2858">
    <p class='ocr_par' dir='ltr' id='par_1_46' title="bbox 258 2777 1839 2858">
     <span class='ocr_line' id='line_1_46' title="bbox 258 2777 1839 2858; baseline 0.006 -27"><span class='ocrx_word' id='word_1_304' title='bbox 258 2777 457 2831; x_wconf 79' lang='grc' dir='ltr'>αὐτοῦ’</span> <span class='ocrx_word' id='word_1_305' title='bbox 497 2778 620 2832; x_wconf 85' lang='grc' dir='ltr'>καθ’</span> <span class='ocrx_word' id='word_1_306' title='bbox 659 2780 726 2850; x_wconf 80' lang='grc' dir='ltr'>ἦν</span> <span class='ocrx_word' id='word_1_307' title='bbox 763 2779 1130 2851; x_wconf 73' lang='grc' dir='ltr'>ἀπολήψονται</span> <span class='ocrx_word' id='word_1_308' title='bbox 1181 2784 1277 2854; x_wconf 82' lang='grc' dir='ltr'>τὴν</span> <span class='ocrx_word' id='word_1_309' title='bbox 1327 2783 1506 2854; x_wconf 83' lang='grc' dir='ltr'>θλίψιν</span> <span class='ocrx_word' id='word_1_310' title='bbox 1556 2785 1839 2858; x_wconf 72' lang='grc' dir='ltr'>πόρρωθεν</span> 
     </span>
    </p>
   </div>
   <div class='ocr_carea' id='block_1_47' title="bbox 259 2868 1837 2948">
    <p class='ocr_par' dir='ltr' id='par_1_47' title="bbox 259 2868 1837 2948">
     <span class='ocr_line' id='line_1_47' title="bbox 259 2868 1837 2948; baseline 0.008 -28"><span class='ocrx_word' id='word_1_311' title='bbox 259 2869 344 2920; x_wconf 73' lang='grc' dir='ltr'><strong>ἐπ’</strong></span> <span class='ocrx_word' id='word_1_312' title='bbox 369 2868 569 2933; x_wconf 75' lang='grc' dir='ltr'>αὐτοὺς</span> <span class='ocrx_word' id='word_1_313' title='bbox 601 2869 927 2940; x_wconf 78' lang='grc' dir='ltr'>ἐρχομένην,</span> <span class='ocrx_word' id='word_1_314' title='bbox 969 2871 1044 2935; x_wconf 85' lang='grc' dir='ltr'>ὡς</span> <span class='ocrx_word' id='word_1_315' title='bbox 1071 2873 1374 2943; x_wconf 79' lang='grc' dir='ltr'>γράφοντες</span> <span class='ocrx_word' id='word_1_316' title='bbox 1401 2875 1512 2946; x_wconf 78' lang='grc'><strong>(75)</strong></span> <span class='ocrx_word' id='word_1_317' title='bbox 1548 2877 1837 2948; x_wconf 84' lang='grc' dir='ltr'>πονηρίαν.</span> 
     </span>
    </p>
   </div>
   <div class='ocr_carea' id='block_1_48' title="bbox 1941 1867 3522 1936">
    <p class='ocr_par' dir='ltr' id='par_1_48' title="bbox 1941 1867 3522 1936">
     <span class='ocr_line' id='line_1_48' title="bbox 1941 1867 3522 1936; baseline 0 -12"><span class='ocrx_word' id='word_1_318' title='bbox 1941 1870 2287 1925; x_wconf 82' lang='lat' dir='ltr'><strong>mendacibus</strong></span> <span class='ocrx_word' id='word_1_319' title='bbox 2315 1869 2524 1922; x_wconf 84' lang='lat' dir='ltr'><strong>veniam</strong></span> <span class='ocrx_word' id='word_1_320' title='bbox 2573 1875 2918 1934; x_wconf 90' lang='lat' dir='ltr'><strong>peccatorum</strong></span> <span class='ocrx_word' id='word_1_321' title='bbox 2969 1867 3307 1936; x_wconf 89' lang='lat' dir='ltr'><strong>pollicentur,</strong></span> <span class='ocrx_word' id='word_1_322' title='bbox 3355 1870 3401 1925; x_wconf 91' lang='lat' dir='ltr'><strong>si</strong></span> <span class='ocrx_word' id='word_1_323' title='bbox 3429 1885 3522 1926; x_wconf 87' lang='lat' dir='ltr'><strong>so-</strong></span> 
     </span>
    </p>
   </div>
   <div class='ocr_carea' id='block_1_49' title="bbox 1942 1960 3521 2030">
    <p class='ocr_par' dir='ltr' id='par_1_49' title="bbox 1942 1960 3521 2030">
     <span class='ocr_line' id='line_1_49' title="bbox 1942 1960 3521 2030; baseline 0 -16"><span class='ocrx_word' id='word_1_324' title='bbox 1942 1961 2050 2014; x_wconf 91' lang='lat' dir='ltr'><strong>lum</strong></span> <span class='ocrx_word' id='word_1_325' title='bbox 2092 1977 2202 2015; x_wconf 75' lang='lat' dir='ltr'><strong>sum</strong></span> <span class='ocrx_word' id='word_1_326' title='bbox 2241 1961 2504 2015; x_wconf 89' lang='lat' dir='ltr'><strong>adversus</strong></span> <span class='ocrx_word' id='word_1_327' title='bbox 2545 1960 2896 2030; x_wconf 88' lang='lat' dir='ltr'><strong>Unigenitum</strong></span> <span class='ocrx_word' id='word_1_328' title='bbox 2943 1961 3294 2030; x_wconf 64' lang='lat' dir='ltr'><strong>blasphemia!</strong></span> <span class='ocrx_word' id='word_1_329' title='bbox 3344 1961 3521 2015; x_wconf 88' lang='lat' dir='ltr'><strong>socios</strong></span> 
     </span>
    </p>
   </div>
   <div class='ocr_carea' id='block_1_50' title="bbox 1945 2051 3524 2122">
    <p class='ocr_par' dir='ltr' id='par_1_50' title="bbox 1945 2051 3524 2122">
     <span class='ocr_line' id='line_1_50' title="bbox 1945 2051 3524 2122; baseline 0 -16"><span class='ocrx_word' id='word_1_330' title='bbox 1945 2053 2061 2108; x_wconf 90' lang='lat' dir='ltr'><strong>illos</strong></span> <span class='ocrx_word' id='word_1_331' title='bbox 2090 2053 2394 2108; x_wconf 84' lang='lat' dir='ltr'><strong>habuerint.</strong></span> <span class='ocrx_word' id='word_1_332' title='bbox 2419 2053 2566 2118; x_wconf 82' lang='lat' dir='ltr'><strong>Quos</strong></span> <span class='ocrx_word' id='word_1_333' title='bbox 2593 2053 2888 2121; x_wconf 83' lang='lat' dir='ltr'><strong>alloquitur</strong></span> <span class='ocrx_word' id='word_1_334' title='bbox 2916 2051 3234 2122; x_wconf 86' lang='lat' dir='ltr'><strong>Scriptura:</strong></span> <span class='ocrx_word' id='word_1_335' title='bbox 3267 2051 3408 2118; x_wconf 84' lang='lat' dir='ltr'><strong>Quid</strong></span> <span class='ocrx_word' id='word_1_336' title='bbox 3438 2054 3524 2122; x_wconf 63' lang='grc' dir='ltr'>[ιμ-</span> 
     </span>
    </p>
   </div>
   <div class='ocr_carea' id='block_1_51' title="bbox 1939 2143 3524 2200">
    <p class='ocr_par' dir='ltr' id='par_1_51' title="bbox 1939 2143 3524 2200">
     <span class='ocr_line' id='line_1_51' title="bbox 1939 2143 3524 2200; baseline -0.001 0"><span class='ocrx_word' id='word_1_337' title='bbox 1939 2149 2072 2200; x_wconf 85' lang='lat' dir='ltr'><strong>cient</strong></span> <span class='ocrx_word' id='word_1_338' title='bbox 2101 2146 2155 2199; x_wconf 88' lang='lat' dir='ltr'><strong>in</strong></span> <span class='ocrx_word' id='word_1_339' title='bbox 2193 2145 2276 2200; x_wconf 85' lang='lat' dir='ltr'><strong>die</strong></span> <span class='ocrx_word' id='word_1_340' title='bbox 2307 2146 2669 2200; x_wconf 74' lang='lat' dir='ltr'><strong>uisitationis?</strong></span> <span class='ocrx_word' id='word_1_341' title='bbox 2713 2145 2859 2198; x_wconf 89' lang='lat' dir='ltr'><strong>Diem</strong></span> <span class='ocrx_word' id='word_1_342' title='bbox 2883 2143 3212 2199; x_wconf 87' lang='lat' dir='ltr'><strong>visitationis</strong></span> <span class='ocrx_word' id='word_1_343' title='bbox 3241 2152 3398 2200; x_wconf 86' lang='lat' dir='ltr'><strong>vocat</strong></span> <span class='ocrx_word' id='word_1_344' title='bbox 3426 2147 3524 2199; x_wconf 90' lang='lat' dir='ltr'><strong>ad-</strong></span> 
     </span>
    </p>
   </div>
   <div class='ocr_carea' id='block_1_52' title="bbox 1941 2235 3525 2306">
    <p class='ocr_par' dir='ltr' id='par_1_52' title="bbox 1941 2235 3525 2306">
     <span class='ocr_line' id='line_1_52' title="bbox 1941 2235 3525 2306; baseline 0.003 -18"><span class='ocrx_word' id='word_1_345' title='bbox 1941 2247 2158 2292; x_wconf 87' lang='lat' dir='ltr'><strong>ventum</strong></span> <span class='ocrx_word' id='word_1_346' title='bbox 2186 2235 2396 2291; x_wconf 88' lang='lat' dir='ltr'><strong>Domini</strong></span> <span class='ocrx_word' id='word_1_347' title='bbox 2429 2238 2596 2292; x_wconf 90' lang='lat' dir='ltr'><strong>nostri</strong></span> <span class='ocrx_word' id='word_1_348' title='bbox 2629 2236 2756 2291; x_wconf 85' lang='lat' dir='ltr'><strong>Jesu</strong></span> <span class='ocrx_word' id='word_1_349' title='bbox 2777 2235 2983 2290; x_wconf 87' lang='lat' dir='ltr'><strong>Christi</strong></span> <span class='ocrx_word' id='word_1_350' title='bbox 3013 2250 3043 2289; x_wconf 90' lang='lat' dir='ltr'><strong>e</strong></span> <span class='ocrx_word' id='word_1_351' title='bbox 3074 2235 3250 2303; x_wconf 64' lang='lat' dir='ltr'><strong>caelis,</strong></span> <span class='ocrx_word' id='word_1_352' title='bbox 3292 2250 3396 2306; x_wconf 89' lang='lat' dir='ltr'><strong>qua</strong></span> <span class='ocrx_word' id='word_1_353' title='bbox 3436 2237 3525 2293; x_wconf 83' lang='lat' dir='ltr'><strong>die</strong></span> 
     </span>
    </p>
   </div>
   <div class='ocr_carea' id='block_1_53' title="bbox 1941 2329 3524 2398">
    <p class='ocr_par' dir='ltr' id='par_1_53' title="bbox 1941 2329 3524 2398">
     <span class='ocr_line' id='line_1_53' title="bbox 1941 2329 3524 2398; baseline 0 -14"><span class='ocrx_word' id='word_1_354' title='bbox 1941 2331 2122 2386; x_wconf 84' lang='lat' dir='ltr'><strong>veniet</strong></span> <span class='ocrx_word' id='word_1_355' title='bbox 2165 2329 2217 2384; x_wconf 91' lang='lat' dir='ltr'><strong>in</strong></span> <span class='ocrx_word' id='word_1_356' title='bbox 2263 2329 2542 2394; x_wconf 88' lang='lat' dir='ltr'><strong>mundum,</strong></span> <span class='ocrx_word' id='word_1_357' title='bbox 2596 2329 2908 2384; x_wconf 86' lang='lat' dir='ltr'><strong>redditurus</strong></span> <span class='ocrx_word' id='word_1_358' title='bbox 2955 2329 3182 2398; x_wconf 79' lang='lat' dir='ltr'><strong>singulis</strong></span> <span class='ocrx_word' id='word_1_359' title='bbox 3225 2329 3524 2385; x_wconf 89' lang='lat' dir='ltr'><strong>secundum</strong></span> 
     </span>
    </p>
   </div>
   <div class='ocr_carea' id='block_1_54' title="bbox 1943 2418 3525 2489">
    <p class='ocr_par' dir='ltr' id='par_1_54' title="bbox 1943 2418 3525 2489">
     <span class='ocr_line' id='line_1_54' title="bbox 1943 2418 3525 2489; baseline 0.001 -16"><span class='ocrx_word' id='word_1_360' title='bbox 1943 2433 2104 2489; x_wconf 91' lang='lat' dir='ltr'><strong>opera</strong></span> <span class='ocrx_word' id='word_1_361' title='bbox 2159 2418 2461 2488; x_wconf 86' lang='lat' dir='ltr'><strong>cujusque:</strong></span> <span class='ocrx_word' id='word_1_362' title='bbox 2509 2435 2617 2489; x_wconf 82' lang='lat' dir='ltr'><strong>quo</strong></span> <span class='ocrx_word' id='word_1_363' title='bbox 2669 2419 2720 2473; x_wconf 93' lang='lat' dir='ltr'><strong>in</strong></span> <span class='ocrx_word' id='word_1_364' title='bbox 2776 2419 3030 2485; x_wconf 88' lang='lat' dir='ltr'><strong>adventu,</strong></span> <span class='ocrx_word' id='word_1_365' title='bbox 3077 2421 3217 2488; x_wconf 86' lang='lat' dir='ltr'><strong>quod</strong></span> <span class='ocrx_word' id='word_1_366' title='bbox 3267 2421 3525 2477; x_wconf 88' lang='lat' dir='ltr'><strong>malitiam</strong></span> 
     </span>
    </p>
   </div>
   <div class='ocr_carea' id='block_1_55' title="bbox 1945 2511 3524 2582">
    <p class='ocr_par' dir='ltr' id='par_1_55' title="bbox 1945 2511 3524 2582">
     <span class='ocr_line' id='line_1_55' title="bbox 1945 2511 3524 2582; baseline 0 -17"><span class='ocrx_word' id='word_1_367' title='bbox 1945 2511 2205 2574; x_wconf 84' lang='lat' dir='ltr'><strong>scribant,</strong></span> <span class='ocrx_word' id='word_1_368' title='bbox 2237 2511 2640 2565; x_wconf 86' lang='lat' dir='ltr'><strong>tribulationem</strong></span> <span class='ocrx_word' id='word_1_369' title='bbox 2664 2511 2730 2565; x_wconf 89' lang='lat' dir='ltr'><strong>ad</strong></span> <span class='ocrx_word' id='word_1_370' title='bbox 2755 2526 2811 2566; x_wconf 91' lang='lat' dir='ltr'><strong>se</strong></span> <span class='ocrx_word' id='word_1_371' title='bbox 2833 2525 2862 2564; x_wconf 93' lang='lat' dir='ltr'><strong>e</strong></span> <span class='ocrx_word' id='word_1_372' title='bbox 2895 2511 3186 2582; x_wconf 79' lang='lat' dir='ltr'><strong>longinquo</strong></span> <span class='ocrx_word' id='word_1_373' title='bbox 3216 2514 3524 2568; x_wconf 86' lang='lat' dir='ltr'><strong>venientem</strong></span> 
     </span>
    </p>
   </div>
   <div class='ocr_carea' id='block_1_56' title="bbox 1942 2601 3530 2675">
    <p class='ocr_par' dir='ltr' id='par_1_56' title="bbox 1942 2601 3530 2675">
     <span class='ocr_line' id='line_1_56' title="bbox 1942 2601 3530 2675; baseline 0.002 -19"><span class='ocrx_word' id='word_1_374' title='bbox 1942 2602 2238 2671; x_wconf 84' lang='lat' dir='ltr'><strong>excipient.</strong></span> <span class='ocrx_word' id='word_1_375' title='bbox 2277 2603 2348 2656; x_wconf 81' lang='lat' dir='ltr'><strong>At</strong></span> <span class='ocrx_word' id='word_1_376' title='bbox 2390 2617 2519 2657; x_wconf 88' lang='lat' dir='ltr'><strong>vero</strong></span> <span class='ocrx_word' id='word_1_377' title='bbox 2552 2601 2635 2656; x_wconf 78' lang='lat' dir='ltr'><strong>Ad</strong></span> <span class='ocrx_word' id='word_1_378' title='bbox 2657 2602 2811 2673; x_wconf 73' lang='lat' dir='ltr'><strong>cujus</strong></span> <span class='ocrx_word' id='word_1_379' title='bbox 2837 2604 3144 2671; x_wconf 75' lang='lat' dir='ltr'><strong>prwsidium</strong></span> <span class='ocrx_word' id='word_1_380' title='bbox 3176 2605 3530 2675; x_wconf 67' lang='lat' dir='ltr'><strong>coniugialia?</strong></span> 
     </span>
    </p>
   </div>
   <div class='ocr_carea' id='block_1_57' title="bbox 1943 2690 3530 2765">
    <p class='ocr_par' dir='ltr' id='par_1_57' title="bbox 1943 2690 3530 2765">
     <span class='ocr_line' id='line_1_57' title="bbox 1943 2690 3530 2765; baseline 0.006 -21"><span class='ocrx_word' id='word_1_381' title='bbox 1943 2690 2154 2745; x_wconf 87' lang='lat' dir='ltr'><strong>Etenim</strong></span> <span class='ocrx_word' id='word_1_382' title='bbox 2177 2691 2436 2748; x_wconf 89' lang='lat' dir='ltr'><strong>adversus</strong></span> <span class='ocrx_word' id='word_1_383' title='bbox 2464 2692 2630 2748; x_wconf 85' lang='lat' dir='ltr'><strong>Deum</strong></span> <span class='ocrx_word' id='word_1_384' title='bbox 2663 2695 2979 2765; x_wconf 86' lang='lat' dir='ltr'><strong>scripsistis,</strong></span> <span class='ocrx_word' id='word_1_385' title='bbox 3009 2698 3251 2755; x_wconf 86' lang='lat' dir='ltr'><strong>vivorum</strong></span> <span class='ocrx_word' id='word_1_386' title='bbox 3284 2714 3349 2754; x_wconf 92' lang='lat' dir='ltr'><strong>ac</strong></span> <span class='ocrx_word' id='word_1_387' title='bbox 3383 2715 3530 2754; x_wconf 84' lang='lat' dir='ltr'><strong>mor-</strong></span> 
     </span>
    </p>
   </div>
   <div class='ocr_carea' id='block_1_58' title="bbox 1945 2787 3528 2864">
    <p class='ocr_par' dir='ltr' id='par_1_58' title="bbox 1945 2787 3528 2864">
     <span class='ocr_line' id='line_1_58' title="bbox 1945 2787 3528 2864; baseline 0.006 -24"><span class='ocrx_word' id='word_1_388' title='bbox 1945 2795 2160 2842; x_wconf 90' lang='lat' dir='ltr'><strong>tuorum</strong></span> <span class='ocrx_word' id='word_1_389' title='bbox 2199 2787 2455 2856; x_wconf 80' lang='lat' dir='ltr'><strong>iudicem.</strong></span> <span class='ocrx_word' id='word_1_390' title='bbox 2499 2787 2706 2844; x_wconf 78' lang='lat' dir='ltr'><strong>Vestris</strong></span> <span class='ocrx_word' id='word_1_391' title='bbox 2737 2788 2977 2859; x_wconf 87' lang='lat' dir='ltr'><strong>ipsorum</strong></span> <span class='ocrx_word' id='word_1_392' title='bbox 3013 2793 3230 2862; x_wconf 89' lang='lat' dir='ltr'><strong>scriptis</strong></span> <span class='ocrx_word' id='word_1_393' title='bbox 3259 2808 3528 2864; x_wconf 88' lang='lat' dir='ltr'><strong>coargue-</strong></span> 
     </span>
    </p>
   </div>
   <div class='ocr_carea' id='block_1_59' title="bbox 1947 2893 2099 2934">
    <p class='ocr_par' dir='ltr' id='par_1_59' title="bbox 1947 2893 2099 2934">
     <span class='ocr_line' id='line_1_59' title="bbox 1947 2893 2099 2934; baseline 0.026 -4"><span class='ocrx_word' id='word_1_394' title='bbox 1947 2893 2099 2934; x_wconf 79' lang='lat' dir='ltr'><strong>nillil.</strong></span> 
     </span>
    </p>
   </div>
   <div class='ocr_carea' id='block_1_60' title="bbox 258 2945 3530 3056">
    <p class='ocr_par' dir='ltr' id='par_1_60' title="bbox 258 2945 3530 3056">
     <span class='ocr_line' id='line_1_60' title="bbox 258 2945 3530 3056; baseline 0.007 -44"><span class='ocrx_word' id='word_1_395' title='bbox 258 2959 418 3027; x_wconf 78' lang='grc' dir='ltr'>Πρὸς</span> <span class='ocrx_word' id='word_1_396' title='bbox 474 2961 608 3014; x_wconf 79' lang='grc' dir='ltr'>τίνα</span> <span class='ocrx_word' id='word_1_397' title='bbox 661 2963 718 3016; x_wconf 75' lang='grc' dir='ltr'><strong>δὲ</strong></span> <span class='ocrx_word' id='word_1_398' title='bbox 776 2964 1220 3034; x_wconf 61' lang='grc' dir='ltr'>καταφεύξεσθε</span> <span class='ocrx_word' id='word_1_399' title='bbox 1273 2966 1380 3019; x_wconf 84' lang='grc' dir='ltr'><strong>τοῦ</strong></span> <span class='ocrx_word' id='word_1_400' title='bbox 1426 2945 1839 3036; x_wconf 64' lang='grc' dir='ltr'>,βοηθιηθῆναις</span> <span class='ocrx_word' id='word_1_401' title='bbox 1877 2967 2032 3023; x_wconf 84' lang='grc' dir='ltr'>Κατά</span> <span class='ocrx_word' id='word_1_402' title='bbox 2103 2969 2210 3041; x_wconf 79' lang='grc' dir='ltr'>γὰρ</span> <span class='ocrx_word' id='word_1_403' title='bbox 2243 2971 2378 3025; x_wconf 90' lang='grc' dir='ltr'>Θεοῦ</span> <span class='ocrx_word' id='word_1_404' title='bbox 2409 2969 2702 3044; x_wconf 75' lang='grc' dir='ltr'>ἐγράψατε,</span> <span class='ocrx_word' id='word_1_405' title='bbox 2753 2991 2846 3027; x_wconf 85' lang='grc' dir='ltr'><strong>του</strong></span> <span class='ocrx_word' id='word_1_406' title='bbox 2891 2945 3166 3047; x_wconf 73' lang='grc' dir='ltr'>κρ.νοντος</span> <span class='ocrx_word' id='word_1_407' title='bbox 3197 2978 3405 3044; x_wconf 76' lang='grc' dir='ltr'>ζῶντας</span> <span class='ocrx_word' id='word_1_408' title='bbox 3423 2979 3530 3056; x_wconf 47' lang='grc' dir='ltr'>,καὶ</span> 
     </span>
    </p>
   </div>
   <div class='ocr_carea' id='block_1_61' title="bbox 260 3053 1979 3137">
    <p class='ocr_par' dir='ltr' id='par_1_61' title="bbox 260 3053 1979 3137">
     <span class='ocr_line' id='line_1_61' title="bbox 260 3053 1979 3137; baseline 0.008 -31"><span class='ocrx_word' id='word_1_409' title='bbox 260 3053 510 3124; x_wconf 76' lang='grc' dir='ltr'>νεκρούς.</span> <span class='ocrx_word' id='word_1_410' title='bbox 554 3058 871 3130; x_wconf 86' lang='grc' dir='ltr'>Κατηγορία</span> <span class='ocrx_word' id='word_1_411' title='bbox 897 3060 1050 3130; x_wconf 84' lang='grc' dir='ltr'>ὑμῶν</span> <span class='ocrx_word' id='word_1_412' title='bbox 1087 3059 1237 3116; x_wconf 83' lang='grc' dir='ltr'>ἕσται</span> <span class='ocrx_word' id='word_1_413' title='bbox 1266 3060 1334 3114; x_wconf 76' lang='grc' dir='ltr'>τὰ</span> <span class='ocrx_word' id='word_1_414' title='bbox 1368 3061 1608 3134; x_wconf 81' lang='grc' dir='ltr'>ὑμέτερα</span> <span class='ocrx_word' id='word_1_415' title='bbox 1656 3066 1979 3137; x_wconf 86' lang='grc' dir='ltr'>γράμματα.</span> 
     </span>
    </p>
   </div>
   <div class='ocr_carea' id='block_1_62' title="bbox 329 3143 1868 3231">
    <p class='ocr_par' dir='ltr' id='par_1_62' title="bbox 329 3143 1868 3222">
     <span class='ocr_line' id='line_1_62' title="bbox 329 3143 1868 3222; baseline 0.007 -24"><span class='ocrx_word' id='word_1_416' title='bbox 329 3146 458 3200; x_wconf 70' lang='grc'><strong>255.</strong></span> <span class='ocrx_word' id='word_1_417' title='bbox 503 3143 634 3201; x_wconf 80' lang='grc' dir='ltr'>Εἶτά</span> <span class='ocrx_word' id='word_1_418' title='bbox 680 3165 840 3220; x_wconf 70' lang='grc' dir='ltr'>φησιο</span> <span class='ocrx_word' id='word_1_419' title='bbox 885 3151 1012 3205; x_wconf 87' lang='grc' dir='ltr'>Ποῦ</span> <span class='ocrx_word' id='word_1_420' title='bbox 1057 3147 1449 3222; x_wconf 61' lang='grc' dir='ltr'>καταλείψετε</span> <span class='ocrx_word' id='word_1_421' title='bbox 1496 3155 1610 3222; x_wconf 77' lang='grc' dir='ltr'><strong>τὴν</strong></span> <span class='ocrx_word' id='word_1_422' title='bbox 1651 3155 1868 3220; x_wconf 74' lang='grc' dir='ltr'>δόξαν-ι</span> 
     </span>
    </p>
   </div>
   <div class='ocr_carea' id='block_1_63' title="bbox 1948 3143 3530 3231">
    <p class='ocr_par' dir='ltr' id='par_1_63' title="bbox 2008 3155 3530 3231">
     <span class='ocr_line' id='line_1_63' title="bbox 2008 3155 3530 3231; baseline 0.009 -21"><span class='ocrx_word' id='word_1_423' title='bbox 2008 3155 2134 3211; x_wconf 72' lang='lat'><strong>235.</strong></span> <span class='ocrx_word' id='word_1_424' title='bbox 2164 3157 2404 3212; x_wconf 89' lang='lat' dir='ltr'><strong>Subinde</strong></span> <span class='ocrx_word' id='word_1_425' title='bbox 2428 3159 2535 3211; x_wconf 89' lang='lat' dir='ltr'><strong>ait:</strong></span> <span class='ocrx_word' id='word_1_426' title='bbox 2561 3155 2660 3211; x_wconf 84' lang='lat' dir='ltr'><strong>Ubi</strong></span> <span class='ocrx_word' id='word_1_427' title='bbox 2688 3157 2991 3228; x_wconf 74' lang='lat' dir='ltr'><strong>relinquetis</strong></span> <span class='ocrx_word' id='word_1_428' title='bbox 3016 3159 3236 3231; x_wconf 88' lang='lat' dir='ltr'><strong>gloriam</strong></span> <span class='ocrx_word' id='word_1_429' title='bbox 3267 3169 3530 3224; x_wconf 67' lang='lat' dir='ltr'><strong>vestram?</strong></span> 
     </span>
    </p>
   </div>
   <div class='ocr_carea' id='block_1_64' title="bbox 260 3231 1842 3319">
    <p class='ocr_par' dir='ltr' id='par_1_64' title="bbox 260 3231 1842 3319">
     <span class='ocr_line' id='line_1_64' title="bbox 260 3231 1842 3319; baseline 0.006 -28"><span class='ocrx_word' id='word_1_430' title='bbox 260 3238 466 3308; x_wconf 80' lang='grc' dir='ltr'><strong>ὑμῶν;</strong></span> <span class='ocrx_word' id='word_1_431' title='bbox 499 3241 560 3293; x_wconf 85' lang='grc' dir='ltr'><strong>Οἱ</strong></span> <span class='ocrx_word' id='word_1_432' title='bbox 597 3231 983 3314; x_wconf 77' lang='grc' dir='ltr'>φανητιῶντες,</span> <span class='ocrx_word' id='word_1_433' title='bbox 1017 3245 1111 3297; x_wconf 82' lang='grc' dir='ltr'><strong>καὶ</strong></span> <span class='ocrx_word' id='word_1_434' title='bbox 1142 3245 1241 3315; x_wconf 82' lang='grc' dir='ltr'>τῆς</span> <span class='ocrx_word' id='word_1_435' title='bbox 1280 3246 1628 3319; x_wconf 85' lang='grc' dir='ltr'>ἀνθρωπίνης</span> <span class='ocrx_word' id='word_1_436' title='bbox 1675 3248 1842 3319; x_wconf 76' lang='grc' dir='ltr'>τιμῆς</span> 
     </span>
    </p>
   </div>
   <div class='ocr_carea' id='block_1_65' title="bbox 262 3331 1844 3410">
    <p class='ocr_par' dir='ltr' id='par_1_65' title="bbox 262 3331 1844 3410">
     <span class='ocr_line' id='line_1_65' title="bbox 262 3331 1844 3410; baseline 0.006 -28"><span class='ocrx_word' id='word_1_437' title='bbox 262 3331 646 3401; x_wconf 78' lang='grc' dir='ltr'>ἀντεχόμενοι,</span> <span class='ocrx_word' id='word_1_438' title='bbox 687 3333 781 3386; x_wconf 72' lang='grc' dir='ltr'>καὶ</span> <span class='ocrx_word' id='word_1_439' title='bbox 837 3337 1206 3406; x_wconf 86' lang='grc' dir='ltr'>αἱρεσιαρχείν</span> <span class='ocrx_word' id='word_1_440' title='bbox 1240 3337 1706 3410; x_wconf 76' lang='grc' dir='ltr'>ἐπιθυμήσαντες,</span> <span class='ocrx_word' id='word_1_441' title='bbox 1757 3340 1844 3392; x_wconf 74' lang='grc' dir='ltr'><strong>ἵνα</strong></span> 
     </span>
    </p>
   </div>
   <div class='ocr_carea' id='block_1_66' title="bbox 259 3420 1844 3498">
    <p class='ocr_par' dir='ltr' id='par_1_66' title="bbox 259 3420 1844 3498">
     <span class='ocr_line' id='line_1_66' title="bbox 259 3420 1844 3498; baseline 0.009 -27"><span class='ocrx_word' id='word_1_442' title='bbox 259 3420 530 3490; x_wconf 76' lang='grc' dir='ltr'>ὀνόματος</span> <span class='ocrx_word' id='word_1_443' title='bbox 565 3420 788 3492; x_wconf 79' lang='grc' dir='ltr'>τύχητε,</span> <span class='ocrx_word' id='word_1_444' title='bbox 825 3425 918 3476; x_wconf 78' lang='grc' dir='ltr'><strong>καὶ</strong></span> <span class='ocrx_word' id='word_1_445' title='bbox 951 3425 1038 3478; x_wconf 75' lang='grc' dir='ltr'>διὰ</span> <span class='ocrx_word' id='word_1_446' title='bbox 1067 3425 1226 3480; x_wconf 90' lang='grc' dir='ltr'>τοῦτο</span> <span class='ocrx_word' id='word_1_447' title='bbox 1258 3427 1589 3498; x_wconf 85' lang='grc' dir='ltr'>λαλήσαντες</span> <span class='ocrx_word' id='word_1_448' title='bbox 1631 3430 1844 3485; x_wconf 84' lang='grc' dir='ltr'>ἀδικίαν</span> 
     </span>
    </p>
   </div>
   <div class='ocr_carea' id='block_1_67' title="bbox 263 3513 1846 3592">
    <p class='ocr_par' dir='ltr' id='par_1_67' title="bbox 263 3513 1846 3592">
     <span class='ocr_line' id='line_1_67' title="bbox 263 3513 1846 3592; baseline 0.006 -28"><span class='ocrx_word' id='word_1_449' title='bbox 263 3513 343 3576; x_wconf 85' lang='grc' dir='ltr'><strong>είς</strong></span> <span class='ocrx_word' id='word_1_450' title='bbox 382 3514 445 3566; x_wconf 87' lang='grc' dir='ltr'><strong>τὸ</strong></span> <span class='ocrx_word' id='word_1_451' title='bbox 489 3513 654 3582; x_wconf 73' lang='grc' dir='ltr'>ὕψος·</span> <span class='ocrx_word' id='word_1_452' title='bbox 691 3514 793 3567; x_wconf 89' lang='grc' dir='ltr'><strong>ποῦ</strong></span> <span class='ocrx_word' id='word_1_453' title='bbox 835 3516 956 3569; x_wconf 87' lang='grc' dir='ltr'>τότε</span> <span class='ocrx_word' id='word_1_454' title='bbox 1011 3519 1068 3570; x_wconf 81' lang='grc' dir='ltr'><strong>ὲν</strong></span> <span class='ocrx_word' id='word_1_455' title='bbox 1113 3521 1178 3590; x_wconf 78' lang='grc' dir='ltr'>τῇ</span> <span class='ocrx_word' id='word_1_456' title='bbox 1232 3518 1419 3590; x_wconf 70' lang='grc' dir='ltr'>ἡμέρα</span> <span class='ocrx_word' id='word_1_457' title='bbox 1469 3521 1568 3591; x_wconf 77' lang='grc' dir='ltr'><strong>τῆς</strong></span> <span class='ocrx_word' id='word_1_458' title='bbox 1613 3521 1846 3592; x_wconf 89' lang='grc' dir='ltr'>κρίσεως</span> 
     </span>
    </p>
   </div>
   <div class='ocr_carea' id='block_1_68' title="bbox 264 3605 1840 3683">
    <p class='ocr_par' dir='ltr' id='par_1_68' title="bbox 264 3605 1840 3683">
     <span class='ocr_line' id='line_1_68' title="bbox 264 3605 1840 3683; baseline 0.004 -26"><span class='ocrx_word' id='word_1_459' title='bbox 264 3605 622 3674; x_wconf 80' lang='grc' dir='ltr'>καταλείψετε</span> <span class='ocrx_word' id='word_1_460' title='bbox 651 3607 749 3676; x_wconf 73' lang='grc' dir='ltr'><strong>τὴν</strong></span> <span class='ocrx_word' id='word_1_461' title='bbox 785 3607 944 3672; x_wconf 77' lang='grc' dir='ltr'>δόξαν</span> <span class='ocrx_word' id='word_1_462' title='bbox 981 3608 1172 3680; x_wconf 51' lang='lat' dir='ltr'><strong>sua»;</strong></span> <span class='ocrx_word' id='word_1_463' title='bbox 1214 3609 1517 3664; x_wconf 78' lang='grc' dir='ltr'>’Υποκὰτω</span> <span class='ocrx_word' id='word_1_464' title='bbox 1549 3611 1625 3674; x_wconf 81' lang='grc' dir='ltr'><strong>δὲ,</strong></span> <span class='ocrx_word' id='word_1_465' title='bbox 1658 3613 1840 3683; x_wconf 76' lang='grc' dir='ltr'>φησὶν,</span> 
     </span>
    </p>
   </div>
   <div class='ocr_carea' id='block_1_69' title="bbox 265 3697 1844 3769">
    <p class='ocr_par' dir='ltr' id='par_1_69' title="bbox 265 3697 1844 3769">
     <span class='ocr_line' id='line_1_69' title="bbox 265 3697 1844 3769; baseline 0.004 -21"><span class='ocrx_word' id='word_1_466' title='bbox 265 3699 312 3748; x_wconf 73' lang='grc' dir='ltr'>οἱ</span> <span class='ocrx_word' id='word_1_467' title='bbox 377 3697 610 3750; x_wconf 81' lang='grc' dir='ltr'>τοιοῦτοι</span> <span class='ocrx_word' id='word_1_468' title='bbox 671 3697 792 3751; x_wconf 81' lang='grc' dir='ltr'><strong>τῶν</strong></span> <span class='ocrx_word' id='word_1_469' title='bbox 863 3699 1256 3769; x_wconf 79' lang='grc' dir='ltr'>ἀνῃρημένων</span> <span class='ocrx_word' id='word_1_470' title='bbox 1316 3701 1660 3755; x_wconf 77' lang='grc' dir='ltr'>πεσοῦνται.</span> <span class='ocrx_word' id='word_1_471' title='bbox 1731 3702 1844 3755; x_wconf 84' lang='grc' dir='ltr'>Νῦν</span> 
     </span>
    </p>
   </div>
   <div class='ocr_carea' id='block_1_70' title="bbox 267 3788 1842 3868">
    <p class='ocr_par' dir='ltr' id='par_1_70' title="bbox 267 3788 1842 3868">
     <span class='ocr_line' id='line_1_70' title="bbox 267 3788 1842 3868; baseline 0.004 -24"><span class='ocrx_word' id='word_1_472' title='bbox 267 3792 581 3862; x_wconf 80' lang='grc' dir='ltr'>προστάτης</span> <span class='ocrx_word' id='word_1_473' title='bbox 611 3788 662 3845; x_wconf 82' lang='grc' dir='ltr'><strong>εἴ</strong></span> <span class='ocrx_word' id='word_1_474' title='bbox 688 3793 796 3845; x_wconf 84' lang='grc' dir='ltr'>τῶν</span> <span class='ocrx_word' id='word_1_475' title='bbox 829 3793 1278 3865; x_wconf 72' lang='grc' dir='ltr'>ἐξηπατημένωνς</span> <span class='ocrx_word' id='word_1_476' title='bbox 1308 3797 1399 3848; x_wconf 75' lang='grc' dir='ltr'><strong>καὶ</strong></span> <span class='ocrx_word' id='word_1_477' title='bbox 1431 3796 1683 3868; x_wconf 77' lang='grc' dir='ltr'>θαυμάζῃ</span> <span class='ocrx_word' id='word_1_478' title='bbox 1715 3798 1842 3868; x_wconf 83' lang='grc' dir='ltr'>παρ’</span> 
     </span>
    </p>
   </div>
   <div class='ocr_carea' id='block_1_71' title="bbox 262 3883 1840 3962">
    <p class='ocr_par' dir='ltr' id='par_1_71' title="bbox 262 3883 1840 3962">
     <span class='ocr_line' id='line_1_71' title="bbox 262 3883 1840 3962; baseline 0.003 -27"><span class='ocrx_word' id='word_1_479' title='bbox 262 3883 466 3948; x_wconf 74' lang='grc' dir='ltr'>αὐτῶν,</span> <span class='ocrx_word' id='word_1_480' title='bbox 496 3884 666 3956; x_wconf 78' lang='grc' dir='ltr'>ὄνομα</span> <span class='ocrx_word' id='word_1_481' title='bbox 692 3886 1006 3941; x_wconf 85' lang='grc' dir='ltr'>διδασκάλου</span> <span class='ocrx_word' id='word_1_482' title='bbox 1040 3887 1134 3940; x_wconf 74' lang='grc' dir='ltr'><strong>καὶ</strong></span> <span class='ocrx_word' id='word_1_483' title='bbox 1163 3887 1475 3959; x_wconf 83' lang='grc' dir='ltr'>καθηγητοῦ</span> <span class='ocrx_word' id='word_1_484' title='bbox 1511 3890 1840 3962; x_wconf 82' lang='grc' dir='ltr'>περιφέρων,</span> 
     </span>
    </p>
   </div>
   <div class='ocr_carea' id='block_1_72' title="bbox 267 3973 1840 4050">
    <p class='ocr_par' dir='ltr' id='par_1_72' title="bbox 267 3973 1840 4050">
     <span class='ocr_line' id='line_1_72' title="bbox 267 3973 1840 4050; baseline 0.006 -25"><span class='ocrx_word' id='word_1_485' title='bbox 267 3973 665 4046; x_wconf 77' lang='grc' dir='ltr'>σεμνυνόμενος</span> <span class='ocrx_word' id='word_1_486' title='bbox 709 3980 835 4048; x_wconf 83' lang='grc' dir='ltr'>παρ’</span> <span class='ocrx_word' id='word_1_487' title='bbox 863 3979 1040 4032; x_wconf 72' lang='grc' dir='ltr'>αὐτῶν</span> <span class='ocrx_word' id='word_1_488' title='bbox 1081 3979 1172 4032; x_wconf 76' lang='grc' dir='ltr'><strong>καὶ</strong></span> <span class='ocrx_word' id='word_1_489' title='bbox 1217 3979 1686 4050; x_wconf 54' lang='grc' dir='ltr'>μακαριζόμενος</span> <span class='ocrx_word' id='word_1_490' title='bbox 1720 3983 1840 4034; x_wconf 85' lang='grc' dir='ltr'>τότε</span> 
     </span>
    </p>
   </div>
   <div class='ocr_carea' id='block_1_73' title="bbox 264 4065 1844 4144">
    <p class='ocr_par' dir='ltr' id='par_1_73' title="bbox 264 4065 1844 4144">
     <span class='ocr_line' id='line_1_73' title="bbox 264 4065 1844 4144; baseline 0.006 -27"><span class='ocrx_word' id='word_1_491' title='bbox 264 4065 320 4117; x_wconf 78' lang='grc' dir='ltr'>δὲ</span> <span class='ocrx_word' id='word_1_492' title='bbox 358 4067 565 4121; x_wconf 78' lang='grc' dir='ltr'>τούτων</span> <span class='ocrx_word' id='word_1_493' title='bbox 594 4069 776 4122; x_wconf 76' lang='grc' dir='ltr'>αὐτῶν</span> <span class='ocrx_word' id='word_1_494' title='bbox 815 4071 1134 4142; x_wconf 85' lang='grc' dir='ltr'>ἀτιμότερος</span> <span class='ocrx_word' id='word_1_495' title='bbox 1164 4071 1284 4144; x_wconf 76' lang='grc' dir='ltr'>ἔσῃ,</span> <span class='ocrx_word' id='word_1_496' title='bbox 1325 4073 1434 4126; x_wconf 84' lang='grc' dir='ltr'>τῶν</span> <span class='ocrx_word' id='word_1_497' title='bbox 1477 4072 1582 4126; x_wconf 77' lang='grc' dir='ltr'><strong>ὑπὸ</strong></span> <span class='ocrx_word' id='word_1_498' title='bbox 1613 4072 1704 4126; x_wconf 91' lang='grc' dir='ltr'><strong>σοῦ</strong></span> <span class='ocrx_word' id='word_1_499' title='bbox 1745 4092 1844 4127; x_wconf 85' lang='grc' dir='ltr'>πε-</span> 
     </span>
    </p>
   </div>
   <div class='ocr_carea' id='block_1_74' title="bbox 265 4158 1843 4234">
    <p class='ocr_par' dir='ltr' id='par_1_74' title="bbox 265 4158 1843 4234">
     <span class='ocr_line' id='line_1_74' title="bbox 265 4158 1843 4234; baseline 0.007 -26"><span class='ocrx_word' id='word_1_500' title='bbox 265 4158 635 4228; x_wconf 82' lang='grc' dir='ltr'>φονευμένων.</span> <span class='ocrx_word' id='word_1_501' title='bbox 687 4160 848 4224; x_wconf 81' lang='grc' dir='ltr'>Φόνος</span> <span class='ocrx_word' id='word_1_502' title='bbox 900 4163 1008 4233; x_wconf 94' lang='grc' dir='ltr'><strong>γάρ</strong></span> <span class='ocrx_word' id='word_1_503' title='bbox 1049 4163 1164 4216; x_wconf 78' lang='grc' dir='ltr'>ἐστι</span> <span class='ocrx_word' id='word_1_504' title='bbox 1223 4163 1434 4234; x_wconf 82' lang='grc' dir='ltr'>ψυχῆς,</span> <span class='ocrx_word' id='word_1_505' title='bbox 1503 4163 1843 4234; x_wconf 79' lang='grc' dir='ltr'>ψευδοδοξίας</span> 
     </span>
    </p>
   </div>
   <div class='ocr_carea' id='block_1_75' title="bbox 266 4249 1840 4328">
    <p class='ocr_par' dir='ltr' id='par_1_75' title="bbox 266 4249 1840 4328">
     <span class='ocr_line' id='line_1_75' title="bbox 266 4249 1840 4328; baseline 0.005 -27"><span class='ocrx_word' id='word_1_506' title='bbox 266 4249 570 4320; x_wconf 81' lang='grc' dir='ltr'>παραδοχή.</span> <span class='ocrx_word' id='word_1_507' title='bbox 622 4251 912 4306; x_wconf 87' lang='grc' dir='ltr'>Ὑποκάτω</span> <span class='ocrx_word' id='word_1_508' title='bbox 956 4251 1048 4308; x_wconf 78' lang='grc' dir='ltr'>οὖν</span> <span class='ocrx_word' id='word_1_509' title='bbox 1098 4255 1302 4310; x_wconf 80' lang='grc' dir='ltr'>τούτων</span> <span class='ocrx_word' id='word_1_510' title='bbox 1355 4255 1452 4328; x_wconf 83' lang='grc' dir='ltr'><strong>ἔσῃ</strong></span> <span class='ocrx_word' id='word_1_511' title='bbox 1503 4256 1840 4321; x_wconf 87' lang='grc' dir='ltr'>πεπτωκὼς,</span> 
     </span>
    </p>
   </div>
   <div class='ocr_carea' id='block_1_76' title="bbox 269 4342 1844 4420">
    <p class='ocr_par' dir='ltr' id='par_1_76' title="bbox 269 4342 1844 4420">
     <span class='ocr_line' id='line_1_76' title="bbox 269 4342 1844 4420; baseline 0.005 -27"><span class='ocrx_word' id='word_1_512' title='bbox 269 4343 360 4394; x_wconf 72' lang='grc' dir='ltr'><strong>καὶ</strong></span> <span class='ocrx_word' id='word_1_513' title='bbox 394 4343 455 4394; x_wconf 78' lang='grc' dir='ltr'>τὸ</span> <span class='ocrx_word' id='word_1_514' title='bbox 489 4342 597 4395; x_wconf 86' lang='grc' dir='ltr'><strong>τῶν</strong></span> <span class='ocrx_word' id='word_1_515' title='bbox 635 4344 994 4415; x_wconf 80' lang='grc' dir='ltr'>ἀνῃρημένων</span> <span class='ocrx_word' id='word_1_516' title='bbox 1024 4348 1128 4400; x_wconf 74' lang='grc' dir='ltr'>ὑπὸ</span> <span class='ocrx_word' id='word_1_517' title='bbox 1162 4347 1255 4401; x_wconf 88' lang='grc' dir='ltr'><strong>σοῦ</strong></span> <span class='ocrx_word' id='word_1_518' title='bbox 1303 4348 1466 4420; x_wconf 88' lang='grc' dir='ltr'>βάρος</span> <span class='ocrx_word' id='word_1_519' title='bbox 1508 4349 1844 4403; x_wconf 82' lang='grc' dir='ltr'>ἐπικείσεταί</span> 
     </span>
    </p>
   </div>
   <div class='ocr_carea' id='block_1_77' title="bbox 269 4435 1844 4510">
    <p class='ocr_par' dir='ltr' id='par_1_77' title="bbox 269 4435 1844 4510">
     <span class='ocr_line' id='line_1_77' title="bbox 269 4435 1844 4510; baseline 0.004 -24"><span class='ocrx_word' id='word_1_520' title='bbox 269 4450 368 4487; x_wconf 88' lang='grc' dir='ltr'>σοι.</span> <span class='ocrx_word' id='word_1_521' title='bbox 408 4435 628 4506; x_wconf 69' lang='grc' dir='ltr'>Ἐπειδὴ</span> <span class='ocrx_word' id='word_1_522' title='bbox 675 4435 730 4488; x_wconf 81' lang='grc' dir='ltr'>δὲ</span> <span class='ocrx_word' id='word_1_523' title='bbox 773 4436 1002 4501; x_wconf 76' lang='grc' dir='ltr'>ἕκαστος</span> <span class='ocrx_word' id='word_1_524' title='bbox 1045 4440 1203 4510; x_wconf 79' lang='grc' dir='ltr'>ἡμῶν</span> <span class='ocrx_word' id='word_1_525' title='bbox 1247 4439 1336 4492; x_wconf 75' lang='grc' dir='ltr'>διὰ</span> <span class='ocrx_word' id='word_1_526' title='bbox 1378 4439 1472 4493; x_wconf 86' lang='grc' dir='ltr'><strong>τοῦ</strong></span> <span class='ocrx_word' id='word_1_527' title='bbox 1518 4441 1633 4510; x_wconf 82' lang='grc' dir='ltr'>βίου</span> <span class='ocrx_word' id='word_1_528' title='bbox 1682 4441 1844 4493; x_wconf 76' lang='grc' dir='ltr'>οἱονεὶ</span> 
     </span>
    </p>
   </div>
   <div class='ocr_carea' id='block_1_78' title="bbox 1947 3247 3528 3322">
    <p class='ocr_par' dir='ltr' id='par_1_78' title="bbox 1947 3247 3528 3322">
     <span class='ocr_line' id='line_1_78' title="bbox 1947 3247 3528 3322; baseline 0.006 -21"><span class='ocrx_word' id='word_1_529' title='bbox 1947 3247 2048 3314; x_wconf 86' lang='lat' dir='ltr'><strong>Qui</strong></span> <span class='ocrx_word' id='word_1_530' title='bbox 2097 3247 2245 3302; x_wconf 90' lang='lat' dir='ltr'><strong>inani</strong></span> <span class='ocrx_word' id='word_1_531' title='bbox 2297 3248 2654 3302; x_wconf 88' lang='lat' dir='ltr'><strong>ostentatione</strong></span> <span class='ocrx_word' id='word_1_532' title='bbox 2709 3248 3000 3317; x_wconf 89' lang='lat' dir='ltr'><strong>ducimini,</strong></span> <span class='ocrx_word' id='word_1_533' title='bbox 3051 3252 3140 3320; x_wconf 92' lang='lat' dir='ltr'><strong>qui</strong></span> <span class='ocrx_word' id='word_1_534' title='bbox 3186 3256 3528 3322; x_wconf 84' lang='lat' dir='ltr'><strong>aucupamini</strong></span> 
     </span>
    </p>
   </div>
   <div class='ocr_carea' id='block_1_79' title="bbox 1948 3339 3532 3413">
    <p class='ocr_par' dir='ltr' id='par_1_79' title="bbox 1948 3339 3532 3413">
     <span class='ocr_line' id='line_1_79' title="bbox 1948 3339 3532 3413; baseline 0.006 -19"><span class='ocrx_word' id='word_1_535' title='bbox 1948 3339 2212 3395; x_wconf 88' lang='lat' dir='ltr'><strong>humanos</strong></span> <span class='ocrx_word' id='word_1_536' title='bbox 2236 3339 2489 3408; x_wconf 89' lang='lat' dir='ltr'><strong>honores,</strong></span> <span class='ocrx_word' id='word_1_537' title='bbox 2521 3340 2613 3409; x_wconf 92' lang='lat' dir='ltr'><strong>qui</strong></span> <span class='ocrx_word' id='word_1_538' title='bbox 2651 3342 2718 3396; x_wconf 79' lang='lat' dir='ltr'><strong>ad</strong></span> <span class='ocrx_word' id='word_1_539' title='bbox 2749 3357 2942 3397; x_wconf 91' lang='lat' dir='ltr'><strong>nomen</strong></span> <span class='ocrx_word' id='word_1_540' title='bbox 2987 3345 3383 3413; x_wconf 89' lang='lat' dir='ltr'><strong>assequendum</strong></span> <span class='ocrx_word' id='word_1_541' title='bbox 3416 3347 3532 3403; x_wconf 82' lang='lat' dir='ltr'><strong>ba:-</strong></span> 
     </span>
    </p>
   </div>
   <div class='ocr_carea' id='block_1_80' title="bbox 1946 3429 3532 3508">
    <p class='ocr_par' dir='ltr' id='par_1_80' title="bbox 1946 3429 3532 3508">
     <span class='ocr_line' id='line_1_80' title="bbox 1946 3429 3532 3508; baseline 0.007 -26"><span class='ocrx_word' id='word_1_542' title='bbox 1946 3443 2130 3486; x_wconf 87' lang='lat' dir='ltr'><strong>reseos</strong></span> <span class='ocrx_word' id='word_1_543' title='bbox 2154 3429 2452 3501; x_wconf 85' lang='lat' dir='ltr'><strong>cujuspiam</strong></span> <span class='ocrx_word' id='word_1_544' title='bbox 2498 3443 2750 3487; x_wconf 86' lang='lat' dir='ltr'><strong>auctores</strong></span> <span class='ocrx_word' id='word_1_545' title='bbox 2775 3448 2896 3488; x_wconf 90' lang='lat' dir='ltr'><strong>esse</strong></span> <span class='ocrx_word' id='word_1_546' title='bbox 2923 3437 3238 3502; x_wconf 83' lang='lat' dir='ltr'><strong>exoptastis,</strong></span> <span class='ocrx_word' id='word_1_547' title='bbox 3272 3435 3342 3491; x_wconf 92' lang='lat' dir='ltr'><strong>ob</strong></span> <span class='ocrx_word' id='word_1_548' title='bbox 3368 3436 3532 3508; x_wconf 88' lang='lat' dir='ltr'><strong>idque</strong></span> 
     </span>
    </p>
   </div>
   <div class='ocr_carea' id='block_1_81' title="bbox 1947 3521 3526 3592">
    <p class='ocr_par' dir='ltr' id='par_1_81' title="bbox 1947 3521 3526 3592">
     <span class='ocr_line' id='line_1_81' title="bbox 1947 3521 3526 3592; baseline 0.005 -17"><span class='ocrx_word' id='word_1_549' title='bbox 1947 3523 2286 3592; x_wconf 88' lang='lat' dir='ltr'><strong>iniquitatem</strong></span> <span class='ocrx_word' id='word_1_550' title='bbox 2317 3521 2477 3577; x_wconf 91' lang='lat' dir='ltr'><strong>locuti</strong></span> <span class='ocrx_word' id='word_1_551' title='bbox 2512 3521 2642 3577; x_wconf 88' lang='lat' dir='ltr'><strong>estis</strong></span> <span class='ocrx_word' id='word_1_552' title='bbox 2661 3523 2712 3576; x_wconf 94' lang='lat' dir='ltr'><strong>in</strong></span> <span class='ocrx_word' id='word_1_553' title='bbox 2749 3523 3084 3579; x_wconf 85' lang='lat' dir='ltr'><strong>altitudinem</strong></span> <span class='ocrx_word' id='word_1_554' title='bbox 3103 3525 3169 3588; x_wconf 71' lang='grc'><strong>⁸⁷,</strong></span> <span class='ocrx_word' id='word_1_555' title='bbox 3205 3525 3290 3580; x_wconf 89' lang='lat' dir='ltr'><strong>ubi</strong></span> <span class='ocrx_word' id='word_1_556' title='bbox 3323 3534 3450 3582; x_wconf 90' lang='lat' dir='ltr'><strong>tunc</strong></span> <span class='ocrx_word' id='word_1_557' title='bbox 3473 3529 3526 3583; x_wconf 85' lang='lat' dir='ltr'><strong>in</strong></span> 
     </span>
    </p>
   </div>
   <div class='ocr_carea' id='block_1_82' title="bbox 1946 3613 3525 3686">
    <p class='ocr_par' dir='ltr' id='par_1_82' title="bbox 1946 3613 3525 3686">
     <span class='ocr_line' id='line_1_82' title="bbox 1946 3613 3525 3686; baseline 0.004 -18"><span class='ocrx_word' id='word_1_558' title='bbox 1946 3614 2049 3668; x_wconf 83' lang='lat' dir='ltr'><strong>hac</strong></span> <span class='ocrx_word' id='word_1_559' title='bbox 2077 3613 2262 3684; x_wconf 82' lang='lat' dir='ltr'><strong>iudicii</strong></span> <span class='ocrx_word' id='word_1_560' title='bbox 2307 3614 2394 3668; x_wconf 90' lang='lat' dir='ltr'><strong>die</strong></span> <span class='ocrx_word' id='word_1_561' title='bbox 2467 3613 2782 3684; x_wconf 90' lang='lat' dir='ltr'><strong>relinquetis</strong></span> <span class='ocrx_word' id='word_1_562' title='bbox 2818 3615 3043 3686; x_wconf 82' lang='lat' dir='ltr'><strong>gloriam</strong></span> <span class='ocrx_word' id='word_1_563' title='bbox 3093 3618 3377 3672; x_wconf 81' lang='lat' dir='ltr'><strong>veStram?</strong></span> <span class='ocrx_word' id='word_1_564' title='bbox 3433 3619 3525 3674; x_wconf 83' lang='lat' dir='ltr'><strong>Ait</strong></span> 
     </span>
    </p>
   </div>
   <div class='ocr_carea' id='block_1_83' title="bbox 1950 3705 3530 3779">
    <p class='ocr_par' dir='ltr' id='par_1_83' title="bbox 1950 3705 3530 3779">
     <span class='ocr_line' id='line_1_83' title="bbox 1950 3705 3530 3779; baseline 0.003 -19"><span class='ocrx_word' id='word_1_565' title='bbox 1950 3717 2127 3761; x_wconf 85' lang='lat' dir='ltr'><strong>autem</strong></span> <span class='ocrx_word' id='word_1_566' title='bbox 2175 3725 2189 3760; x_wconf 90' lang='lat'><strong>:</strong></span> <span class='ocrx_word' id='word_1_567' title='bbox 2243 3705 2400 3762; x_wconf 90' lang='lat' dir='ltr'><strong>Tales</strong></span> <span class='ocrx_word' id='word_1_568' title='bbox 2443 3707 2537 3760; x_wconf 77' lang='lat' dir='ltr'><strong>sub</strong></span> <span class='ocrx_word' id='word_1_569' title='bbox 2589 3707 2874 3776; x_wconf 74' lang='lat' dir='ltr'><strong>interfectis</strong></span> <span class='ocrx_word' id='word_1_570' title='bbox 2918 3708 3079 3779; x_wconf 79' lang='lat'><strong>556</strong></span> <span class='ocrx_word' id='word_1_571' title='bbox 3121 3709 3326 3763; x_wconf 80' lang='lat' dir='ltr'><strong>cadent.</strong></span> <span class='ocrx_word' id='word_1_572' title='bbox 3378 3709 3530 3765; x_wconf 84' lang='lat' dir='ltr'><strong>Nunc</strong></span> 
     </span>
    </p>
   </div>
   <div class='ocr_carea' id='block_1_84' title="bbox 1939 3780 3527 3866">
    <p class='ocr_par' dir='ltr' id='par_1_84' title="bbox 1939 3780 3527 3866">
     <span class='ocr_line' id='line_1_84' title="bbox 1939 3780 3527 3866; baseline 0.003 -18"><span class='ocrx_word' id='word_1_573' title='bbox 1939 3780 2160 3860; x_wconf 80' lang='lat' dir='ltr'><strong>eorum,</strong></span> <span class='ocrx_word' id='word_1_574' title='bbox 2193 3795 2286 3864; x_wconf 90' lang='lat' dir='ltr'><strong>qui</strong></span> <span class='ocrx_word' id='word_1_575' title='bbox 2328 3795 2536 3863; x_wconf 87' lang='lat' dir='ltr'><strong>decepti</strong></span> <span class='ocrx_word' id='word_1_576' title='bbox 2585 3804 2731 3860; x_wconf 90' lang='lat' dir='ltr'><strong>sunt,</strong></span> <span class='ocrx_word' id='word_1_577' title='bbox 2778 3793 3062 3862; x_wconf 68' lang='lat' dir='ltr'><strong>prtefectus</strong></span> <span class='ocrx_word' id='word_1_578' title='bbox 3105 3810 3184 3860; x_wconf 90' lang='lat' dir='ltr'><strong>es,</strong></span> <span class='ocrx_word' id='word_1_579' title='bbox 3230 3796 3416 3866; x_wconf 85' lang='lat' dir='ltr'><strong>eisque</strong></span> <span class='ocrx_word' id='word_1_580' title='bbox 3465 3809 3527 3852; x_wconf 79' lang='lat' dir='ltr'><strong>es</strong></span> 
     </span>
    </p>
   </div>
   <div class='ocr_carea' id='block_1_85' title="bbox 1949 3886 3526 3956">
    <p class='ocr_par' dir='ltr' id='par_1_85' title="bbox 1949 3886 3526 3956">
     <span class='ocr_line' id='line_1_85' title="bbox 1949 3886 3526 3956; baseline 0.004 -18"><span class='ocrx_word' id='word_1_581' title='bbox 1949 3886 2314 3950; x_wconf 85' lang='lat' dir='ltr'><strong>admirationi,</strong></span> <span class='ocrx_word' id='word_1_582' title='bbox 2346 3887 2588 3956; x_wconf 84' lang='lat' dir='ltr'><strong>magistri</strong></span> <span class='ocrx_word' id='word_1_583' title='bbox 2620 3901 2814 3941; x_wconf 86' lang='lat' dir='ltr'><strong>nomen</strong></span> <span class='ocrx_word' id='word_1_584' title='bbox 2847 3894 2900 3940; x_wconf 91' lang='lat' dir='ltr'><strong>et</strong></span> <span class='ocrx_word' id='word_1_585' title='bbox 2937 3887 3089 3942; x_wconf 91' lang='lat' dir='ltr'><strong>ducis</strong></span> <span class='ocrx_word' id='word_1_586' title='bbox 3115 3888 3526 3952; x_wconf 82' lang='lat' dir='ltr'><strong>circumferens.</strong></span> 
     </span>
    </p>
   </div>
   <div class='ocr_carea' id='block_1_86' title="bbox 1945 3978 3523 4048">
    <p class='ocr_par' dir='ltr' id='par_1_86' title="bbox 1945 3978 3523 4048">
     <span class='ocr_line' id='line_1_86' title="bbox 1945 3978 3523 4048; baseline 0.004 -18"><span class='ocrx_word' id='word_1_587' title='bbox 1945 3987 2106 4048; x_wconf 85' lang='lat' dir='ltr'><strong>atque</strong></span> <span class='ocrx_word' id='word_1_588' title='bbox 2129 3979 2197 4032; x_wconf 89' lang='lat' dir='ltr'><strong>ab</strong></span> <span class='ocrx_word' id='word_1_589' title='bbox 2234 3978 2437 4032; x_wconf 90' lang='lat' dir='ltr'><strong>eisdem</strong></span> <span class='ocrx_word' id='word_1_590' title='bbox 2488 3978 2792 4042; x_wconf 88' lang='lat' dir='ltr'><strong>honoraris,</strong></span> <span class='ocrx_word' id='word_1_591' title='bbox 2849 3978 3263 4048; x_wconf 71' lang='lat' dir='ltr'><strong>prazdicarisque</strong></span> <span class='ocrx_word' id='word_1_592' title='bbox 3292 3981 3523 4037; x_wconf 84' lang='lat' dir='ltr'><strong>beatus:</strong></span> 
     </span>
    </p>
   </div>
   <div class='ocr_carea' id='block_1_87' title="bbox 1951 4069 3529 4140">
    <p class='ocr_par' dir='ltr' id='par_1_87' title="bbox 1951 4069 3529 4140">
     <span class='ocr_line' id='line_1_87' title="bbox 1951 4069 3529 4140; baseline 0.004 -16"><span class='ocrx_word' id='word_1_593' title='bbox 1951 4082 2076 4124; x_wconf 89' lang='lat' dir='ltr'><strong>tunc</strong></span> <span class='ocrx_word' id='word_1_594' title='bbox 2105 4079 2283 4124; x_wconf 90' lang='lat' dir='ltr'><strong>autem</strong></span> <span class='ocrx_word' id='word_1_595' title='bbox 2315 4069 2382 4125; x_wconf 86' lang='lat' dir='ltr'><strong>iis</strong></span> <span class='ocrx_word' id='word_1_596' title='bbox 2421 4069 2550 4139; x_wconf 90' lang='lat' dir='ltr'><strong>ipsis</strong></span> <span class='ocrx_word' id='word_1_597' title='bbox 2579 4085 2716 4140; x_wconf 87' lang='lat' dir='ltr'><strong>quos</strong></span> <span class='ocrx_word' id='word_1_598' title='bbox 2756 4079 2812 4126; x_wconf 88' lang='lat' dir='ltr'><strong>ttt</strong></span> <span class='ocrx_word' id='word_1_599' title='bbox 2849 4072 3200 4139; x_wconf 83' lang='lat' dir='ltr'><strong>interfeceris,</strong></span> <span class='ocrx_word' id='word_1_600' title='bbox 3233 4073 3442 4128; x_wconf 81' lang='lat' dir='ltr'><strong>iuturus</strong></span> <span class='ocrx_word' id='word_1_601' title='bbox 3469 4090 3529 4130; x_wconf 79' lang='lat' dir='ltr'><strong>es</strong></span> 
     </span>
    </p>
   </div>
   <div class='ocr_carea' id='block_1_88' title="bbox 1952 4160 3530 4232">
    <p class='ocr_par' dir='ltr' id='par_1_88' title="bbox 1952 4160 3530 4232">
     <span class='ocr_line' id='line_1_88' title="bbox 1952 4160 3530 4232; baseline 0.004 -19"><span class='ocrx_word' id='word_1_602' title='bbox 1952 4161 2234 4230; x_wconf 81' lang='lat' dir='ltr'><strong>abjectior.</strong></span> <span class='ocrx_word' id='word_1_603' title='bbox 2268 4160 2544 4215; x_wconf 89' lang='lat' dir='ltr'><strong>Occiditur</strong></span> <span class='ocrx_word' id='word_1_604' title='bbox 2567 4162 2710 4216; x_wconf 90' lang='lat' dir='ltr'><strong>enim</strong></span> <span class='ocrx_word' id='word_1_605' title='bbox 2750 4163 2930 4219; x_wconf 89' lang='lat' dir='ltr'><strong>anima</strong></span> <span class='ocrx_word' id='word_1_606' title='bbox 2973 4172 3107 4232; x_wconf 86' lang='lat' dir='ltr'><strong>tum,</strong></span> <span class='ocrx_word' id='word_1_607' title='bbox 3159 4179 3281 4219; x_wconf 92' lang='lat' dir='ltr'><strong>cum</strong></span> <span class='ocrx_word' id='word_1_608' title='bbox 3310 4164 3446 4220; x_wconf 81' lang='lat' dir='ltr'><strong>falsa</strong></span> <span class='ocrx_word' id='word_1_609' title='bbox 3475 4176 3530 4221; x_wconf 91' lang='lat' dir='ltr'><strong>et</strong></span> 
     </span>
    </p>
   </div>
   <div class='ocr_carea' id='block_1_89' title="bbox 1946 4251 3527 4325">
    <p class='ocr_par' dir='ltr' id='par_1_89' title="bbox 1946 4251 3527 4325">
     <span class='ocr_line' id='line_1_89' title="bbox 1946 4251 3527 4325; baseline 0.003 -19"><span class='ocrx_word' id='word_1_610' title='bbox 1946 4251 2201 4306; x_wconf 89' lang='lat' dir='ltr'><strong>ementita</strong></span> <span class='ocrx_word' id='word_1_611' title='bbox 2244 4251 2424 4318; x_wconf 87' lang='lat' dir='ltr'><strong>opinio</strong></span> <span class='ocrx_word' id='word_1_612' title='bbox 2457 4253 2509 4306; x_wconf 92' lang='lat' dir='ltr'><strong>in</strong></span> <span class='ocrx_word' id='word_1_613' title='bbox 2565 4268 2626 4308; x_wconf 87' lang='lat' dir='ltr'><strong>ea</strong></span> <span class='ocrx_word' id='word_1_614' title='bbox 2673 4255 2952 4325; x_wconf 89' lang='lat' dir='ltr'><strong>recipitur.</strong></span> <span class='ocrx_word' id='word_1_615' title='bbox 2998 4254 3180 4324; x_wconf 87' lang='lat' dir='ltr'><strong>Itaque</strong></span> <span class='ocrx_word' id='word_1_616' title='bbox 3210 4256 3310 4310; x_wconf 87' lang='lat' dir='ltr'><strong>sub</strong></span> <span class='ocrx_word' id='word_1_617' title='bbox 3333 4257 3398 4312; x_wconf 92' lang='lat' dir='ltr'><strong>iis</strong></span> <span class='ocrx_word' id='word_1_618' title='bbox 3440 4273 3527 4311; x_wconf 64' lang='grc' dir='ltr'>οδε</span> 
     </span>
    </p>
   </div>
   <div class='ocr_carea' id='block_1_90' title="bbox 1947 4343 3524 4414">
    <p class='ocr_par' dir='ltr' id='par_1_90' title="bbox 1947 4343 3524 4414">
     <span class='ocr_line' id='line_1_90' title="bbox 1947 4343 3524 4414; baseline 0.003 -20"><span class='ocrx_word' id='word_1_619' title='bbox 1947 4343 2074 4408; x_wconf 81' lang='lat' dir='ltr'><strong>des;</strong></span> <span class='ocrx_word' id='word_1_620' title='bbox 2137 4353 2188 4396; x_wconf 91' lang='lat' dir='ltr'><strong>et</strong></span> <span class='ocrx_word' id='word_1_621' title='bbox 2217 4344 2424 4410; x_wconf 90' lang='lat' dir='ltr'><strong>pondus</strong></span> <span class='ocrx_word' id='word_1_622' title='bbox 2452 4357 2662 4408; x_wconf 89' lang='lat' dir='ltr'><strong>eorum,</strong></span> <span class='ocrx_word' id='word_1_623' title='bbox 2685 4344 2776 4412; x_wconf 90' lang='lat' dir='ltr'><strong>qui</strong></span> <span class='ocrx_word' id='word_1_624' title='bbox 2820 4358 2850 4396; x_wconf 91' lang='lat' dir='ltr'><strong>a</strong></span> <span class='ocrx_word' id='word_1_625' title='bbox 2894 4353 2944 4398; x_wconf 91' lang='lat' dir='ltr'><strong>te</strong></span> <span class='ocrx_word' id='word_1_626' title='bbox 2971 4343 3172 4399; x_wconf 83' lang='lat' dir='ltr'><strong>fuerint</strong></span> <span class='ocrx_word' id='word_1_627' title='bbox 3199 4345 3524 4414; x_wconf 83' lang='lat' dir='ltr'><strong>interempti,</strong></span> 
     </span>
    </p>
   </div>
   <div class='ocr_carea' id='block_1_91' title="bbox 1948 4427 3527 4505">
    <p class='ocr_par' dir='ltr' id='par_1_91' title="bbox 1948 4427 3527 4505">
     <span class='ocr_line' id='line_1_91' title="bbox 1948 4427 3527 4505; baseline 0.003 -19"><span class='ocrx_word' id='word_1_628' title='bbox 1948 4433 2040 4486; x_wconf 89' lang='lat' dir='ltr'><strong>tibi</strong></span> <span class='ocrx_word' id='word_1_629' title='bbox 2093 4432 2386 4488; x_wconf 75' lang='lat' dir='ltr'><strong>incumbet.</strong></span> <span class='ocrx_word' id='word_1_630' title='bbox 2438 4433 2544 4488; x_wconf 88' lang='lat' dir='ltr'><strong>Sed</strong></span> <span class='ocrx_word' id='word_1_631' title='bbox 2577 4427 2831 4504; x_wconf 85' lang='lat' dir='ltr'><strong>quoniam</strong></span> <span class='ocrx_word' id='word_1_632' title='bbox 2882 4436 3250 4505; x_wconf 87' lang='lat' dir='ltr'><strong>unusquisque</strong></span> <span class='ocrx_word' id='word_1_633' title='bbox 3281 4445 3527 4492; x_wconf 90' lang='lat' dir='ltr'><strong>nostrum</strong></span> 
     </span>
    </p>
   </div>
   <div class='ocr_carea' id='block_1_92' title="bbox 266 4526 1868 4604">
    <p class='ocr_par' dir='ltr' id='par_1_92' title="bbox 266 4526 1843 4604">
     <span class='ocr_line' id='line_1_92' title="bbox 266 4526 1843 4604; baseline 0.005 -26"><span class='ocrx_word' id='word_1_634' title='bbox 266 4527 608 4598; x_wconf 84' lang='grc' dir='ltr'>χειρόγραφα</span> <span class='ocrx_word' id='word_1_635' title='bbox 645 4526 799 4598; x_wconf 81' lang='grc' dir='ltr'>ἡμῶν</span> <span class='ocrx_word' id='word_1_636' title='bbox 841 4531 1144 4601; x_wconf 84' lang='grc' dir='ltr'>γράφομεν,</span> <span class='ocrx_word' id='word_1_637' title='bbox 1191 4531 1272 4601; x_wconf 83' lang='grc' dir='ltr'><strong>τῷ</strong></span> <span class='ocrx_word' id='word_1_638' title='bbox 1319 4532 1636 4603; x_wconf 84' lang='grc' dir='ltr'>μνημονικῷ</span> <span class='ocrx_word' id='word_1_639' title='bbox 1686 4531 1843 4604; x_wconf 82' lang='grc' dir='ltr'>ήμῶν</span> 
     </span>
    </p>
   </div>
   <div class='ocr_carea' id='block_1_93' title="bbox 1948 4526 3524 4604">
    <p class='ocr_par' dir='ltr' id='par_1_93' title="bbox 1948 4526 3524 4597">
     <span class='ocr_line' id='line_1_93' title="bbox 1948 4526 3524 4597; baseline 0.001 -17"><span class='ocrx_word' id='word_1_640' title='bbox 1948 4542 2042 4595; x_wconf 91' lang='lat' dir='ltr'><strong>per</strong></span> <span class='ocrx_word' id='word_1_641' title='bbox 2063 4535 2226 4579; x_wconf 90' lang='lat' dir='ltr'><strong>totam</strong></span> <span class='ocrx_word' id='word_1_642' title='bbox 2255 4527 2420 4578; x_wconf 88' lang='lat' dir='ltr'><strong>vitam</strong></span> <span class='ocrx_word' id='word_1_643' title='bbox 2440 4527 2592 4594; x_wconf 89' lang='lat' dir='ltr'><strong>quasi</strong></span> <span class='ocrx_word' id='word_1_644' title='bbox 2615 4526 2972 4597; x_wconf 84' lang='lat' dir='ltr'><strong>chirographa</strong></span> <span class='ocrx_word' id='word_1_645' title='bbox 2997 4537 3179 4583; x_wconf 88' lang='lat' dir='ltr'><strong>nostra</strong></span> <span class='ocrx_word' id='word_1_646' title='bbox 3207 4529 3524 4592; x_wconf 86' lang='lat' dir='ltr'><strong>scribimus,</strong></span> 
     </span>
    </p>
   </div>
   <div class='ocr_carea' id='block_1_94' title="bbox 265 4618 1838 4694">
    <p class='ocr_par' dir='ltr' id='par_1_94' title="bbox 265 4618 1838 4694">
     <span class='ocr_line' id='line_1_94' title="bbox 265 4618 1838 4694; baseline 0.002 -23"><span class='ocrx_word' id='word_1_647' title='bbox 265 4621 391 4682; x_wconf 77' lang='grc' dir='ltr'>τοὺς</span> <span class='ocrx_word' id='word_1_648' title='bbox 430 4618 634 4679; x_wconf 76' lang='grc' dir='ltr'>τύπους</span> <span class='ocrx_word' id='word_1_649' title='bbox 662 4619 770 4672; x_wconf 85' lang='grc' dir='ltr'><strong>τῶν</strong></span> <span class='ocrx_word' id='word_1_650' title='bbox 817 4621 1156 4692; x_wconf 82' lang='grc' dir='ltr'>πραγμάτων</span> <span class='ocrx_word' id='word_1_651' title='bbox 1207 4620 1838 4694; x_wconf 71' lang='grc' dir='ltr'>ὲναποσφραγιζόμενοιο</span> 
     </span>
    </p>
   </div>
   <div class='ocr_carea' id='block_1_95' title="bbox 264 4710 1841 4783">
    <p class='ocr_par' dir='ltr' id='par_1_95' title="bbox 264 4710 1841 4783">
     <span class='ocr_line' id='line_1_95' title="bbox 264 4710 1841 4783; baseline 0.002 -20"><span class='ocrx_word' id='word_1_652' title='bbox 264 4712 407 4780; x_wconf 83' lang='grc' dir='ltr'>τάχα</span> <span class='ocrx_word' id='word_1_653' title='bbox 442 4710 538 4764; x_wconf 75' lang='grc' dir='ltr'><strong>καὶ</strong></span> <span class='ocrx_word' id='word_1_654' title='bbox 574 4711 700 4773; x_wconf 78' lang='grc' dir='ltr'>τοὺς</span> <span class='ocrx_word' id='word_1_655' title='bbox 728 4711 999 4776; x_wconf 82' lang='grc' dir='ltr'>τοιούτους</span> <span class='ocrx_word' id='word_1_656' title='bbox 1030 4711 1303 4776; x_wconf 79' lang='grc' dir='ltr'>ταλανίζει</span> <span class='ocrx_word' id='word_1_657' title='bbox 1329 4715 1356 4766; x_wconf 87' lang='grc' dir='ltr'>ὁ</span> <span class='ocrx_word' id='word_1_658' title='bbox 1395 4712 1570 4781; x_wconf 89' lang='grc' dir='ltr'>λόγος,</span> <span class='ocrx_word' id='word_1_659' title='bbox 1598 4713 1674 4776; x_wconf 86' lang='grc' dir='ltr'>ὡς</span> <span class='ocrx_word' id='word_1_660' title='bbox 1706 4712 1841 4783; x_wconf 82' lang='grc' dir='ltr'>γρά·</span> 
     </span>
    </p>
   </div>
   <div class='ocr_carea' id='block_1_96' title="bbox 267 4803 1840 4876">
    <p class='ocr_par' dir='ltr' id='par_1_96' title="bbox 267 4803 1840 4876">
     <span class='ocr_line' id='line_1_96' title="bbox 267 4803 1840 4876; baseline 0.003 -22"><span class='ocrx_word' id='word_1_661' title='bbox 267 4819 468 4870; x_wconf 76' lang='grc' dir='ltr'>φοντας</span> <span class='ocrx_word' id='word_1_662' title='bbox 503 4803 783 4872; x_wconf 86' lang='grc' dir='ltr'>πονηρίαν.</span> <span class='ocrx_word' id='word_1_663' title='bbox 826 4805 886 4856; x_wconf 84' lang='grc' dir='ltr'><strong>Ἦ</strong></span> <span class='ocrx_word' id='word_1_664' title='bbox 927 4807 1024 4874; x_wconf 76' lang='grc' dir='ltr'>μὲν</span> <span class='ocrx_word' id='word_1_665' title='bbox 1066 4806 1176 4876; x_wconf 82' lang='grc' dir='ltr'>γὰρ</span> <span class='ocrx_word' id='word_1_666' title='bbox 1221 4805 1417 4876; x_wconf 85' lang='grc' dir='ltr'>καρδία</span> <span class='ocrx_word' id='word_1_667' title='bbox 1463 4805 1571 4858; x_wconf 80' lang='grc' dir='ltr'>τῶν</span> <span class='ocrx_word' id='word_1_668' title='bbox 1618 4805 1840 4860; x_wconf 88' lang='grc' dir='ltr'>δικαίων</span> 
     </span>
    </p>
   </div>
   <div class='ocr_carea' id='block_1_97' title="bbox 264 4893 1840 4967">
    <p class='ocr_par' dir='ltr' id='par_1_97' title="bbox 264 4893 1840 4967">
     <span class='ocr_line' id='line_1_97' title="bbox 264 4893 1840 4967; baseline 0.003 -21"><span class='ocrx_word' id='word_1_669' title='bbox 264 4893 757 4964; x_wconf 72' lang='grc' dir='ltr'>καταγέγραπται,</span> <span class='ocrx_word' id='word_1_670' title='bbox 812 4898 872 4949; x_wconf 81' lang='grc' dir='ltr'><strong>οὐ</strong></span> <span class='ocrx_word' id='word_1_671' title='bbox 926 4896 1133 4966; x_wconf 85' lang='grc' dir='ltr'>μέλανι,</span> <span class='ocrx_word' id='word_1_672' title='bbox 1182 4898 1317 4952; x_wconf 84' lang='grc' dir='ltr'>ἀλλά</span> <span class='ocrx_word' id='word_1_673' title='bbox 1375 4897 1652 4967; x_wconf 77' lang='grc' dir='ltr'>Πνεῦματι</span> <span class='ocrx_word' id='word_1_674' title='bbox 1707 4897 1840 4951; x_wconf 88' lang='grc' dir='ltr'>Θεοῦ</span> 
     </span>
    </p>
   </div>
   <div class='ocr_carea' id='block_1_98' title="bbox 265 4983 1843 5058">
    <p class='ocr_par' dir='ltr' id='par_1_98' title="bbox 265 4983 1843 5058">
     <span class='ocr_line' id='line_1_98' title="bbox 265 4983 1843 5058; baseline 0.003 -22"><span class='ocrx_word' id='word_1_675' title='bbox 265 4983 494 5048; x_wconf 80' lang='grc' dir='ltr'>ζῶντος·</span> <span class='ocrx_word' id='word_1_676' title='bbox 527 4985 561 5054; x_wconf 79' lang='grc' dir='ltr'>ἡ</span> <span class='ocrx_word' id='word_1_677' title='bbox 601 4984 659 5036; x_wconf 81' lang='grc' dir='ltr'>δὲ</span> <span class='ocrx_word' id='word_1_678' title='bbox 690 4984 798 5037; x_wconf 83' lang='grc' dir='ltr'><strong>τῶν</strong></span> <span class='ocrx_word' id='word_1_679' title='bbox 832 4986 1028 5039; x_wconf 86' lang='grc' dir='ltr'>ἀδίκων</span> <span class='ocrx_word' id='word_1_680' title='bbox 1068 4987 1258 5058; x_wconf 86' lang='grc' dir='ltr'>καρδία</span> <span class='ocrx_word' id='word_1_681' title='bbox 1296 4987 1356 5040; x_wconf 80' lang='grc' dir='ltr'><strong>οὑ</strong></span> <span class='ocrx_word' id='word_1_682' title='bbox 1398 4987 1674 5057; x_wconf 78' lang='grc' dir='ltr'>Πνεῦματι</span> <span class='ocrx_word' id='word_1_683' title='bbox 1709 4987 1843 5041; x_wconf 84' lang='grc' dir='ltr'>Θεοῦ</span> 
     </span>
    </p>
   </div>
   <div class='ocr_carea' id='block_1_99' title="bbox 266 5075 1844 5148">
    <p class='ocr_par' dir='ltr' id='par_1_99' title="bbox 266 5075 1844 5148">
     <span class='ocr_line' id='line_1_99' title="bbox 266 5075 1844 5148; baseline 0.001 -21"><span class='ocrx_word' id='word_1_684' title='bbox 266 5075 490 5142; x_wconf 80' lang='grc' dir='ltr'>ζῶντος,</span> <span class='ocrx_word' id='word_1_685' title='bbox 532 5077 669 5130; x_wconf 85' lang='grc' dir='ltr'>ἀλλὰ</span> <span class='ocrx_word' id='word_1_686' title='bbox 708 5076 899 5147; x_wconf 90' lang='grc' dir='ltr'>μέλανι</span> <span class='ocrx_word' id='word_1_687' title='bbox 940 5077 1019 5148; x_wconf 85' lang='grc' dir='ltr'>τῷ</span> <span class='ocrx_word' id='word_1_688' title='bbox 1053 5082 1305 5146; x_wconf 88' lang='grc' dir='ltr'>συγγενεί</span> <span class='ocrx_word' id='word_1_689' title='bbox 1341 5079 1433 5132; x_wconf 88' lang='grc' dir='ltr'><strong>τοῦ</strong></span> <span class='ocrx_word' id='word_1_690' title='bbox 1484 5080 1707 5142; x_wconf 86' lang='grc' dir='ltr'>σκότους</span> <span class='ocrx_word' id='word_1_691' title='bbox 1751 5079 1844 5132; x_wconf 74' lang='grc' dir='ltr'>καὶ</span> 
     </span>
    </p>
   </div>
   <div class='ocr_carea' id='block_1_100' title="bbox 267 5167 1838 5241">
    <p class='ocr_par' dir='ltr' id='par_1_100' title="bbox 267 5167 1838 5241">
     <span class='ocr_line' id='line_1_100' title="bbox 267 5167 1838 5241; baseline 0.001 -22"><span class='ocrx_word' id='word_1_692' title='bbox 267 5167 447 5240; x_wconf 73' lang='grc' dir='ltr'>ἐχθρῷ</span> <span class='ocrx_word' id='word_1_693' title='bbox 484 5167 579 5221; x_wconf 83' lang='grc' dir='ltr'><strong>τοῦ</strong></span> <span class='ocrx_word' id='word_1_694' title='bbox 640 5169 834 5238; x_wconf 83' lang='grc' dir='ltr'>φωτός.</span> <span class='ocrx_word' id='word_1_695' title='bbox 880 5169 1042 5222; x_wconf 84' lang='grc' dir='ltr'>Ὥστε</span> <span class='ocrx_word' id='word_1_696' title='bbox 1091 5169 1320 5232; x_wconf 75' lang='grc' dir='ltr'>ἕκαστος</span> <span class='ocrx_word' id='word_1_697' title='bbox 1367 5169 1399 5241; x_wconf 81' lang='grc' dir='ltr'>ἢ</span> <span class='ocrx_word' id='word_1_698' title='bbox 1449 5169 1587 5240; x_wconf 81' lang='grc' dir='ltr'>ὑπὲρ</span> <span class='ocrx_word' id='word_1_699' title='bbox 1644 5168 1838 5222; x_wconf 75' lang='grc' dir='ltr'>ἑαυτοῦ</span> 
     </span>
    </p>
   </div>
   <div class='ocr_carea' id='block_1_101' title="bbox 334 5287 1441 5390">
    <p class='ocr_par' dir='ltr' id='par_1_101' title="bbox 334 5287 1441 5390">
     <span class='ocr_line' id='line_1_101' title="bbox 334 5287 1441 5390; baseline 0.001 -13"><span class='ocrx_word' id='word_1_700' title='bbox 334 5323 378 5354; x_wconf 73' lang='grc'>⁸⁷</span> <span class='ocrx_word' id='word_1_701' title='bbox 403 5287 542 5380; x_wconf 85' lang='lat' dir='ltr'><strong>Psal.</strong></span> <span class='ocrx_word' id='word_1_702' title='bbox 575 5337 746 5390; x_wconf 75' lang='lat' dir='ltr'><strong>um,</strong></span> <span class='ocrx_word' id='word_1_703' title='bbox 771 5321 824 5376; x_wconf 92' lang='lat'><strong>8.</strong></span> <span class='ocrx_word' id='word_1_704' title='bbox 937 5323 982 5354; x_wconf 70' lang='lat'>“</span> <span class='ocrx_word' id='word_1_705' title='bbox 1019 5321 1062 5376; x_wconf 89' lang='lat' dir='ltr'><strong>ll</strong></span> <span class='ocrx_word' id='word_1_706' title='bbox 1093 5321 1217 5377; x_wconf 89' lang='lat' dir='ltr'><strong>Cor.</strong></span> <span class='ocrx_word' id='word_1_707' title='bbox 1261 5338 1344 5388; x_wconf 85' lang='lat' dir='ltr'><strong>ill,</strong></span> <span class='ocrx_word' id='word_1_708' title='bbox 1386 5324 1441 5378; x_wconf 73' lang='grc' dir='ltr'>ὅ.</span> 
     </span>
    </p>
   </div>
   <div class='ocr_carea' id='block_1_102' title="bbox 335 5477 1835 5549">
    <p class='ocr_par' dir='ltr' id='par_1_102' title="bbox 335 5477 1835 5549">
     <span class='ocr_line' id='line_1_102' title="bbox 335 5477 1835 5549; baseline 0.003 -19"><span class='ocrx_word' id='word_1_709' title='bbox 335 5477 448 5549; x_wconf 76' lang='grc'><strong>(72)</strong></span> <span class='ocrx_word' id='word_1_710' title='bbox 478 5477 653 5549; x_wconf 85' lang='lat' dir='ltr'><strong>_Editi,</strong></span> <span class='ocrx_word' id='word_1_711' title='bbox 686 5479 744 5529; x_wconf 80' lang='grc' dir='ltr'>ὲν</span> <span class='ocrx_word' id='word_1_712' title='bbox 770 5480 856 5548; x_wconf 81' lang='grc' dir='ltr'>τῇ.</span> <span class='ocrx_word' id='word_1_713' title='bbox 891 5478 959 5532; x_wconf 82' lang='lat' dir='ltr'><strong>At</strong></span> <span class='ocrx_word' id='word_1_714' title='bbox 997 5477 1185 5533; x_wconf 89' lang='lat' dir='ltr'><strong>vocula</strong></span> <span class='ocrx_word' id='word_1_715' title='bbox 1213 5479 1270 5532; x_wconf 82' lang='grc' dir='ltr'><strong>ὲν</strong></span> <span class='ocrx_word' id='word_1_716' title='bbox 1302 5480 1354 5532; x_wconf 90' lang='lat' dir='ltr'><strong>in</strong></span> <span class='ocrx_word' id='word_1_717' title='bbox 1387 5493 1515 5533; x_wconf 87' lang='lat' dir='ltr'><strong>mss.</strong></span> <span class='ocrx_word' id='word_1_718' title='bbox 1546 5493 1651 5534; x_wconf 90' lang='lat' dir='ltr'><strong>non</strong></span> <span class='ocrx_word' id='word_1_719' title='bbox 1685 5478 1835 5535; x_wconf 88' lang='lat' dir='ltr'><strong>inve-</strong></span> 
     </span>
    </p>
   </div>
   <div class='ocr_carea' id='block_1_103' title="bbox 263 5547 1836 5617">
    <p class='ocr_par' dir='ltr' id='par_1_103' title="bbox 263 5547 1836 5617">
     <span class='ocr_line' id='line_1_103' title="bbox 263 5547 1836 5617; baseline 0 -13"><span class='ocrx_word' id='word_1_720' title='bbox 263 5547 431 5604; x_wconf 84' lang='lat' dir='ltr'><strong>nitur.</strong></span> <span class='ocrx_word' id='word_1_721' title='bbox 471 5547 664 5602; x_wconf 82' lang='lat' dir='ltr'><strong>Statim</strong></span> <span class='ocrx_word' id='word_1_722' title='bbox 691 5549 762 5600; x_wconf 88' lang='lat' dir='ltr'><strong>ita</strong></span> <span class='ocrx_word' id='word_1_723' title='bbox 799 5547 1034 5617; x_wconf 68' lang='lat' dir='ltr'><strong>loquitur</strong></span> <span class='ocrx_word' id='word_1_724' title='bbox 1067 5551 1333 5617; x_wconf 89' lang='lat' dir='ltr'><strong>interpres</strong></span> <span class='ocrx_word' id='word_1_725' title='bbox 1363 5550 1428 5602; x_wconf 91' lang='lat' dir='ltr'><strong>de</strong></span> <span class='ocrx_word' id='word_1_726' title='bbox 1458 5550 1647 5604; x_wconf 68' lang='lat' dir='ltr'><strong>haeresi</strong></span> <span class='ocrx_word' id='word_1_727' title='bbox 1689 5549 1836 5604; x_wconf 76' lang='lat' dir='ltr'><strong>Ano-</strong></span> 
     </span>
    </p>
   </div>
   <div class='ocr_carea' id='block_1_104' title="bbox 262 5618 1838 5688">
    <p class='ocr_par' dir='ltr' id='par_1_104' title="bbox 262 5618 1838 5688">
     <span class='ocr_line' id='line_1_104' title="bbox 262 5618 1838 5688; baseline -0.001 -14"><span class='ocrx_word' id='word_1_728' title='bbox 262 5634 552 5680; x_wconf 66' lang='lat' dir='ltr'><strong>maeorum,</strong></span> <span class='ocrx_word' id='word_1_729' title='bbox 579 5628 637 5672; x_wconf 90' lang='lat' dir='ltr'><strong>ut</strong></span> <span class='ocrx_word' id='word_1_730' title='bbox 675 5618 905 5672; x_wconf 82' lang='lat' dir='ltr'><strong>dubitari</strong></span> <span class='ocrx_word' id='word_1_731' title='bbox 938 5621 1022 5671; x_wconf 76' lang='lat' dir='ltr'><strong>vix</strong></span> <span class='ocrx_word' id='word_1_732' title='bbox 1055 5619 1224 5688; x_wconf 86' lang='lat' dir='ltr'><strong>possit</strong></span> <span class='ocrx_word' id='word_1_733' title='bbox 1251 5619 1380 5688; x_wconf 83' lang='lat' dir='ltr'><strong>quin</strong></span> <span class='ocrx_word' id='word_1_734' title='bbox 1424 5619 1512 5672; x_wconf 85' lang='lat' dir='ltr'><strong>hic</strong></span> <span class='ocrx_word' id='word_1_735' title='bbox 1552 5619 1838 5675; x_wconf 85' lang='lat' dir='ltr'><strong>Commen-</strong></span> 
     </span>
    </p>
   </div>
   <div class='ocr_carea' id='block_1_105' title="bbox 266 5687 1254 5758">
    <p class='ocr_par' dir='ltr' id='par_1_105' title="bbox 266 5687 1254 5758">
     <span class='ocr_line' id='line_1_105' title="bbox 266 5687 1254 5758; baseline -0.002 -16"><span class='ocrx_word' id='word_1_736' title='bbox 266 5690 436 5758; x_wconf 83' lang='lat' dir='ltr'><strong>tarius</strong></span> <span class='ocrx_word' id='word_1_737' title='bbox 459 5699 652 5754; x_wconf 86' lang='lat' dir='ltr'><strong>quarto</strong></span> <span class='ocrx_word' id='word_1_738' title='bbox 679 5687 877 5741; x_wconf 67' lang='lat' dir='ltr'><strong>saeculo</strong></span> <span class='ocrx_word' id='word_1_739' title='bbox 902 5687 1135 5758; x_wconf 81' lang='lat' dir='ltr'><strong>scriptus</strong></span> <span class='ocrx_word' id='word_1_740' title='bbox 1165 5690 1254 5742; x_wconf 89' lang='lat' dir='ltr'><strong>sit.</strong></span> 
     </span>
    </p>
   </div>
   <div class='ocr_carea' id='block_1_106' title="bbox 334 5757 1831 5832">
    <p class='ocr_par' dir='ltr' id='par_1_106' title="bbox 334 5757 1831 5832">
     <span class='ocr_line' id='line_1_106' title="bbox 334 5757 1831 5832; baseline 0.003 -22"><span class='ocrx_word' id='word_1_741' title='bbox 334 5757 448 5830; x_wconf 76' lang='lat'><strong>(73)</strong></span> <span class='ocrx_word' id='word_1_742' title='bbox 479 5759 553 5812; x_wconf 89' lang='lat' dir='ltr'><strong>Ita</strong></span> <span class='ocrx_word' id='word_1_743' title='bbox 586 5758 756 5813; x_wconf 87' lang='lat' dir='ltr'><strong>nostri</strong></span> <span class='ocrx_word' id='word_1_744' title='bbox 781 5772 872 5813; x_wconf 80' lang='lat' dir='ltr'><strong>sex</strong></span> <span class='ocrx_word' id='word_1_745' title='bbox 901 5757 1033 5814; x_wconf 84' lang='lat' dir='ltr'><strong>mss.</strong></span> <span class='ocrx_word' id='word_1_746' title='bbox 1065 5759 1203 5814; x_wconf 84' lang='lat' dir='ltr'><strong>Editi</strong></span> <span class='ocrx_word' id='word_1_747' title='bbox 1231 5773 1378 5826; x_wconf 82' lang='lat' dir='ltr'><strong>vero,</strong></span> <span class='ocrx_word' id='word_1_748' title='bbox 1407 5758 1831 5832; x_wconf 77' lang='grc' dir='ltr'>ὑπισχνουμένη.</span> 
     </span>
    </p>
   </div>
   <div class='ocr_carea' id='block_1_107' title="bbox 1948 4619 3525 4689">
    <p class='ocr_par' dir='ltr' id='par_1_107' title="bbox 1948 4619 3525 4689">
     <span class='ocr_line' id='line_1_107' title="bbox 1948 4619 3525 4689; baseline 0.002 -17"><span class='ocrx_word' id='word_1_749' title='bbox 1948 4633 2126 4672; x_wconf 89' lang='lat' dir='ltr'><strong>rerum</strong></span> <span class='ocrx_word' id='word_1_750' title='bbox 2165 4626 2438 4687; x_wconf 83' lang='lat' dir='ltr'><strong>gestarum</strong></span> <span class='ocrx_word' id='word_1_751' title='bbox 2498 4619 2828 4688; x_wconf 84' lang='lat' dir='ltr'><strong>consignatis</strong></span> <span class='ocrx_word' id='word_1_752' title='bbox 2873 4620 3194 4689; x_wconf 84' lang='lat' dir='ltr'><strong>imaginibus</strong></span> <span class='ocrx_word' id='word_1_753' title='bbox 3244 4621 3297 4676; x_wconf 89' lang='lat' dir='ltr'><strong>in</strong></span> <span class='ocrx_word' id='word_1_754' title='bbox 3341 4631 3525 4676; x_wconf 88' lang='lat' dir='ltr'><strong>nostra</strong></span> 
     </span>
    </p>
   </div>
   <div class='ocr_carea' id='block_1_108' title="bbox 1947 4711 3524 4781">
    <p class='ocr_par' dir='ltr' id='par_1_108' title="bbox 1947 4711 3524 4781">
     <span class='ocr_line' id='line_1_108' title="bbox 1947 4711 3524 4781; baseline 0.003 -17"><span class='ocrx_word' id='word_1_755' title='bbox 1947 4711 2237 4775; x_wconf 89' lang='lat' dir='ltr'><strong>memoria;</strong></span> <span class='ocrx_word' id='word_1_756' title='bbox 2281 4711 2418 4764; x_wconf 84' lang='lat' dir='ltr'><strong>forte</strong></span> <span class='ocrx_word' id='word_1_757' title='bbox 2447 4711 2607 4764; x_wconf 90' lang='lat' dir='ltr'><strong>etiam</strong></span> <span class='ocrx_word' id='word_1_758' title='bbox 2657 4711 2789 4766; x_wconf 89' lang='lat' dir='ltr'><strong>tales</strong></span> <span class='ocrx_word' id='word_1_759' title='bbox 2819 4712 3098 4781; x_wconf 86' lang='lat' dir='ltr'><strong>Scriptura</strong></span> <span class='ocrx_word' id='word_1_760' title='bbox 3133 4715 3387 4781; x_wconf 67' lang='lat' dir='ltr'><strong>praadicat</strong></span> <span class='ocrx_word' id='word_1_761' title='bbox 3419 4715 3524 4768; x_wconf 82' lang='lat' dir='ltr'><strong>mi-</strong></span> 
     </span>
    </p>
   </div>
   <div class='ocr_carea' id='block_1_109' title="bbox 1948 4803 3520 4876">
    <p class='ocr_par' dir='ltr' id='par_1_109' title="bbox 1948 4803 3520 4876">
     <span class='ocr_line' id='line_1_109' title="bbox 1948 4803 3520 4876; baseline 0.001 -19"><span class='ocrx_word' id='word_1_762' title='bbox 1948 4817 2118 4869; x_wconf 87' lang='lat' dir='ltr'><strong>seros,</strong></span> <span class='ocrx_word' id='word_1_763' title='bbox 2155 4813 2409 4871; x_wconf 87' lang='lat' dir='ltr'><strong>tauquam</strong></span> <span class='ocrx_word' id='word_1_764' title='bbox 2443 4803 2531 4872; x_wconf 90' lang='lat' dir='ltr'><strong>qui</strong></span> <span class='ocrx_word' id='word_1_765' title='bbox 2575 4804 2818 4859; x_wconf 87' lang='lat' dir='ltr'><strong>scribunt</strong></span> <span class='ocrx_word' id='word_1_766' title='bbox 2853 4805 3137 4860; x_wconf 87' lang='lat' dir='ltr'><strong>malitiam.</strong></span> <span class='ocrx_word' id='word_1_767' title='bbox 3163 4806 3270 4860; x_wconf 91' lang='lat' dir='ltr'><strong>Cor</strong></span> <span class='ocrx_word' id='word_1_768' title='bbox 3304 4806 3520 4876; x_wconf 87' lang='lat' dir='ltr'><strong>quidem</strong></span> 
     </span>
    </p>
   </div>
   <div class='ocr_carea' id='block_1_110' title="bbox 1944 4893 3523 4965">
    <p class='ocr_par' dir='ltr' id='par_1_110' title="bbox 1944 4893 3523 4965">
     <span class='ocr_line' id='line_1_110' title="bbox 1944 4893 3523 4965; baseline 0.003 -18"><span class='ocrx_word' id='word_1_769' title='bbox 1944 4893 2211 4963; x_wconf 87' lang='lat' dir='ltr'><strong>justorum</strong></span> <span class='ocrx_word' id='word_1_770' title='bbox 2245 4895 2609 4965; x_wconf 90' lang='lat' dir='ltr'><strong>conscriptmn</strong></span> <span class='ocrx_word' id='word_1_771' title='bbox 2641 4906 2724 4950; x_wconf 89' lang='lat' dir='ltr'><strong>est</strong></span> <span class='ocrx_word' id='word_1_772' title='bbox 2754 4911 2860 4951; x_wconf 90' lang='lat' dir='ltr'><strong>non</strong></span> <span class='ocrx_word' id='word_1_773' title='bbox 2907 4906 3234 4959; x_wconf 86' lang='lat' dir='ltr'><strong>atramento.</strong></span> <span class='ocrx_word' id='word_1_774' title='bbox 3273 4896 3365 4953; x_wconf 75' lang='lat' dir='ltr'><strong>sed</strong></span> <span class='ocrx_word' id='word_1_775' title='bbox 3398 4897 3523 4965; x_wconf 86' lang='lat' dir='ltr'><strong>Spi-</strong></span> 
     </span>
    </p>
   </div>
   <div class='ocr_carea' id='block_1_111' title="bbox 1951 4985 3522 5059">
    <p class='ocr_par' dir='ltr' id='par_1_111' title="bbox 1951 4985 3522 5059">
     <span class='ocr_line' id='line_1_111' title="bbox 1951 4985 3522 5059; baseline 0.002 -20"><span class='ocrx_word' id='word_1_776' title='bbox 1951 4986 2057 5039; x_wconf 90' lang='lat' dir='ltr'><strong>ritu</strong></span> <span class='ocrx_word' id='word_1_777' title='bbox 2105 4987 2194 5040; x_wconf 90' lang='lat' dir='ltr'><strong>Dei</strong></span> <span class='ocrx_word' id='word_1_778' title='bbox 2235 4985 2339 5041; x_wconf 89' lang='lat' dir='ltr'><strong>vivi</strong></span> <span class='ocrx_word' id='word_1_779' title='bbox 2371 4985 2456 5043; x_wconf 74' lang='lat' dir='ltr'><strong>“z</strong></span> <span class='ocrx_word' id='word_1_780' title='bbox 2509 5003 2604 5042; x_wconf 91' lang='lat' dir='ltr'><strong>cor</strong></span> <span class='ocrx_word' id='word_1_781' title='bbox 2631 5004 2759 5044; x_wconf 90' lang='lat' dir='ltr'><strong>vero</strong></span> <span class='ocrx_word' id='word_1_782' title='bbox 2812 4989 3118 5058; x_wconf 89' lang='lat' dir='ltr'><strong>iniquorum</strong></span> <span class='ocrx_word' id='word_1_783' title='bbox 3172 5004 3274 5044; x_wconf 85' lang='lat' dir='ltr'><strong>non</strong></span> <span class='ocrx_word' id='word_1_784' title='bbox 3320 4988 3522 5059; x_wconf 89' lang='lat' dir='ltr'><strong>Spiritu</strong></span> 
     </span>
    </p>
   </div>
   <div class='ocr_carea' id='block_1_112' title="bbox 1950 5078 3524 5145">
    <p class='ocr_par' dir='ltr' id='par_1_112' title="bbox 1950 5078 3524 5145">
     <span class='ocr_line' id='line_1_112' title="bbox 1950 5078 3524 5145; baseline -0.003 -12"><span class='ocrx_word' id='word_1_785' title='bbox 1950 5078 2047 5133; x_wconf 88' lang='lat' dir='ltr'><strong>Dei</strong></span> <span class='ocrx_word' id='word_1_786' title='bbox 2083 5078 2328 5143; x_wconf 85' lang='lat' dir='ltr'><strong>viventis,</strong></span> <span class='ocrx_word' id='word_1_787' title='bbox 2377 5079 2470 5133; x_wconf 89' lang='lat' dir='ltr'><strong>sed</strong></span> <span class='ocrx_word' id='word_1_788' title='bbox 2516 5088 2817 5136; x_wconf 90' lang='lat' dir='ltr'><strong>atramento</strong></span> <span class='ocrx_word' id='word_1_789' title='bbox 2862 5082 3202 5135; x_wconf 88' lang='lat' dir='ltr'><strong>tenebrarum</strong></span> <span class='ocrx_word' id='word_1_790' title='bbox 3235 5079 3403 5145; x_wconf 79' lang='lat' dir='ltr'><strong>amni,</strong></span> <span class='ocrx_word' id='word_1_791' title='bbox 3434 5080 3524 5134; x_wconf 89' lang='lat' dir='ltr'><strong>lu-</strong></span> 
     </span>
    </p>
   </div>
   <div class='ocr_carea' id='block_1_113' title="bbox 1951 5169 3520 5248">
    <p class='ocr_par' dir='ltr' id='par_1_113' title="bbox 1951 5169 3520 5248">
     <span class='ocr_line' id='line_1_113' title="bbox 1951 5169 3520 5248; baseline 0.004 -24"><span class='ocrx_word' id='word_1_792' title='bbox 1951 5169 2137 5238; x_wconf 87' lang='lat' dir='ltr'><strong>eisque</strong></span> <span class='ocrx_word' id='word_1_793' title='bbox 2170 5172 2412 5229; x_wconf 92' lang='lat' dir='ltr'><strong>inimico.</strong></span> <span class='ocrx_word' id='word_1_794' title='bbox 2460 5174 2841 5248; x_wconf 89' lang='lat' dir='ltr'><strong>Unusquisque</strong></span> <span class='ocrx_word' id='word_1_795' title='bbox 2874 5177 3036 5247; x_wconf 87' lang='lat' dir='ltr'><strong>igitur</strong></span> <span class='ocrx_word' id='word_1_796' title='bbox 3072 5185 3167 5230; x_wconf 90' lang='lat' dir='ltr'><strong>aut</strong></span> <span class='ocrx_word' id='word_1_797' title='bbox 3212 5176 3338 5231; x_wconf 91' lang='lat' dir='ltr'><strong>dum</strong></span> <span class='ocrx_word' id='word_1_798' title='bbox 3383 5176 3520 5233; x_wconf 86' lang='lat' dir='ltr'><strong>bona</strong></span> 
     </span>
    </p>
   </div>
   <div class='ocr_carea' id='block_1_114' title="bbox 2019 5481 3525 5562">
    <p class='ocr_par' dir='ltr' id='par_1_114' title="bbox 2019 5481 3525 5562">
     <span class='ocr_line' id='line_1_114' title="bbox 2019 5481 3525 5562; baseline -0.001 -26"><span class='ocrx_word' id='word_1_799' title='bbox 2019 5483 2130 5562; x_wconf 65' lang='grc'>(74)</span> <span class='ocrx_word' id='word_1_800' title='bbox 2161 5481 2275 5538; x_wconf 80' lang='lat' dir='ltr'><strong>Vox</strong></span> <span class='ocrx_word' id='word_1_801' title='bbox 2303 5481 2608 5562; x_wconf 69' lang='grc' dir='ltr'>έπισκοπῆς</span> <span class='ocrx_word' id='word_1_802' title='bbox 2644 5481 2696 5536; x_wconf 90' lang='lat' dir='ltr'><strong>in</strong></span> <span class='ocrx_word' id='word_1_803' title='bbox 2724 5481 2883 5562; x_wconf 63' lang='lat' dir='ltr'><strong>editis</strong></span> <span class='ocrx_word' id='word_1_804' title='bbox 2909 5481 3170 5551; x_wconf 88' lang='lat' dir='ltr'><strong>repetitur</strong></span> <span class='ocrx_word' id='word_1_805' title='bbox 3193 5489 3316 5535; x_wconf 89' lang='lat' dir='ltr'><strong>ante</strong></span> <span class='ocrx_word' id='word_1_806' title='bbox 3340 5494 3525 5536; x_wconf 82' lang='lat' dir='ltr'><strong>vocent</strong></span> 
     </span>
    </p>
   </div>
   <div class='ocr_carea' id='block_1_115' title="bbox 1946 5551 3524 5636">
    <p class='ocr_par' dir='ltr' id='par_1_115' title="bbox 1946 5551 3524 5636">
     <span class='ocr_line' id='line_1_115' title="bbox 1946 5551 3524 5636; baseline -0.001 -29"><span class='ocrx_word' id='word_1_807' title='bbox 1946 5551 2192 5636; x_wconf 69' lang='grc' dir='ltr'>ἡμέραν·</span> <span class='ocrx_word' id='word_1_808' title='bbox 2229 5555 2327 5636; x_wconf 67' lang='lat' dir='ltr'><strong>sed</strong></span> <span class='ocrx_word' id='word_1_809' title='bbox 2362 5569 2478 5608; x_wconf 89' lang='lat' dir='ltr'><strong>eam</strong></span> <span class='ocrx_word' id='word_1_810' title='bbox 2520 5551 2647 5634; x_wconf 63' lang='lat' dir='ltr'><strong>itide</strong></span> <span class='ocrx_word' id='word_1_811' title='bbox 2697 5551 3030 5617; x_wconf 88' lang='lat' dir='ltr'><strong>sustulimus,</strong></span> <span class='ocrx_word' id='word_1_812' title='bbox 3078 5562 3385 5608; x_wconf 77' lang='lat' dir='ltr'><strong>nostrorum</strong></span> <span class='ocrx_word' id='word_1_813' title='bbox 3425 5565 3524 5607; x_wconf 66' lang='lat' dir='ltr'><strong>se;</strong></span> 
     </span>
    </p>
   </div>
   <div class='ocr_carea' id='block_1_116' title="bbox 1946 5623 3273 5767">
    <p class='ocr_par' dir='ltr' id='par_1_116' title="bbox 1946 5623 3273 5767">
     <span class='ocr_line' id='line_1_116' title="bbox 1946 5623 2605 5682; baseline -0.006 -1"><span class='ocrx_word' id='word_1_814' title='bbox 1946 5623 2189 5682; x_wconf 78' lang='lat' dir='ltr'><strong>codicum</strong></span> <span class='ocrx_word' id='word_1_815' title='bbox 2227 5623 2382 5677; x_wconf 83' lang='lat' dir='ltr'><strong>ﬁdem</strong></span> <span class='ocrx_word' id='word_1_816' title='bbox 2411 5623 2605 5677; x_wconf 88' lang='lat' dir='ltr'><strong>secuti.</strong></span> 
     </span>
     <span class='ocr_line' id='line_1_117' title="bbox 2015 5690 3273 5767; baseline 0.002 -20"><span class='ocrx_word' id='word_1_817' title='bbox 2015 5695 2124 5767; x_wconf 82' lang='lat'><strong>(75)</strong></span> <span class='ocrx_word' id='word_1_818' title='bbox 2165 5695 2237 5750; x_wconf 85' lang='lat' dir='ltr'><strong>Ita</strong></span> <span class='ocrx_word' id='word_1_819' title='bbox 2268 5709 2396 5751; x_wconf 80' lang='lat' dir='ltr'><strong>mss.</strong></span> <span class='ocrx_word' id='word_1_820' title='bbox 2431 5707 2640 5750; x_wconf 83' lang='lat' dir='ltr'><strong>omnes.</strong></span> <span class='ocrx_word' id='word_1_821' title='bbox 2677 5690 2840 5761; x_wconf 83' lang='lat' dir='ltr'><strong>Editi,</strong></span> <span class='ocrx_word' id='word_1_822' title='bbox 2863 5693 2912 5746; x_wconf 82' lang='lat' dir='ltr'><strong>oi</strong></span> <span class='ocrx_word' id='word_1_823' title='bbox 2945 5691 3273 5764; x_wconf 68' lang='grc' dir='ltr'>γράφοντες.</span> 
     </span>
    </p>
   </div>
  </div>
