3810 6214
213 302 326 357 553

1065 299 1421 357 cunnum.
1463 299 1532 356 1N
1568 299 1804 357 ISAIAM
1844 300 2293 365 merueram.
2329 275 2483 365 CAP.
2518 306 2589 364 ι.

3378 283 3480 362 ssi

218 436 371 492 ματα
402 420 471 475 τά
497 420 681 485 αὐτοῖς
702 420 1055 492 ἀνακείμενα.
1092 420 1247 492 Τάχα
1278 421 1389 493 γάρ
1419 438 1522 474 που
1553 424 1648 477 καὶ
1671 421 1797 495 τρέ-
1828 421 1877 480 Δ
1906 437 1951 479 St

1907 437 2159 482 secretas
2184 425 2525 482 volutantur.
2561 423 2727 480 Forte
2771 423 2916 479 enim
2961 423 3276 479 nutriuntur
3318 424 3479 479 etiam

215 530 382 588 φεται
419 514 492 567 τὰ
530 512 689 584 ἀέρια
721 511 948 584 σώματα
979 511 1180 578 αὐτῶν,
1223 512 1342 583 ἦτοι
1380 512 1476 566 καὶ
1511 512 1731 585 πύρινα,
1765 514 1799 585 ἢ

214 608 315 662 καὶ
349 605 411 671 ἐξ
440 605 767 677 ἀμφοτέρων
797 605 906 659 τῶν
942 606 1220 678 στοιχείων
1248 607 1437 678 μικτὰ.
1471 607 1719 661 Δείκνυσι
1742 608 1800 662 δὲ

214 699 316 763 καὶ
345 700 380 769 ἠ
417 698 629 770 ἱστορία
651 697 761 751 τῶν
795 698 1111 764 Βασιλειῶν,
1143 700 1224 752 ὅτι
1255 699 1604 772 προσεδρεύει
1628 702 1662 772 ἡ
1687 701 1801 756 δαι-

220 789 420 860 μονικὴ
443 787 674 859 δύναμις
712 791 825 852 τοῖς
864 789 1310 862 ἐπιφημισθεῖσιν
1344 791 1525 856 αὐτοῖς
1548 791 1800 863 ἀγάλμα-

215 898 326 939 σιν.
363 882 620 935 Ἔλασον
650 880 781 954 γὰρ,
816 882 1002 952 φησὶν,
1028 885 1082 938 οἱ
1107 882 1453 953 ἀλλόφυλοι
1486 884 1602 953 τὴν
1631 890 1801 941 κιϐω-

216 975 326 1028 τὸν
354 971 460 1027 τοῦ
496 973 667 1038 Θεοῦ,
698 973 799 1027 καὶ
826 973 1157 1045 εισήγαγον
1191 976 1389 1045 αὐτὴν
1413 979 1673 1048 ἐχόμενα
1686 980 1799 1051 (92)

215 1064 449 1135 Δαγὼν,
479 1065 579 1119 καὶ
628 1064 951 1135 ὠρθρωσαν
985 1070 1041 1123 οι
1095 1067 1345 1128 Ἀζώτιοι
1381 1070 1454 1140 τῇ
1492 1071 1796 1141 ἐπαύριον,

214 1157 317 1211 καὶ
355 1156 487 1210 ὶδσὺ
514 1156 721 1228 Δαγὼν
752 1158 1078 1226 πεπτωκὼς
1103 1162 1207 1226 ειςι
1229 1161 1303 1215 τὰ
1331 1162 1672 1231 ἔμπροσθεν
1694 1166 1800 1219 αὺ-

216 1248 324 1303 τοῦ
354 1247 454 1301 ἐπὶ
484 1248 600 1318 τὴν
629 1248 765 1319 γῆν.
806 1250 1014 1305 Οὐκοῦν
1045 1251 1236 1321 Δαγὼν
1274 1253 1373 1325 μὲν
1395 1249 1465 1325 ἦν
1501 1254 1565 1308 τὸ
1586 1254 1799 1328 ὁρώμε-

215 1359 308 1395 νον
340 1342 568 1414 ἄγαλμα
591 1359 606 1374 ·
649 1343 678 1395 ὁ
704 1341 762 1396 δὲ
796 1344 1010 1397 πίπτων
1029 1345 1122 1397 ἐπὶ
1156 1346 1514 1417 πρόσωπον,ὀ
1533 1347 1741 1418 δαίμων
1771 1351 1800 1403 ὁ

215 1433 525 1504 νικώμενος
547 1434 653 1489 ὑπὸ
682 1435 782 1505 τῆς
809 1441 937 1506 περὶ
966 1435 1064 1506 τὴν
1084 1435 1316 1492 κιϐωτὸν
1336 1436 1433 1490 τοῦ
1455 1436 1589 1490 Θεοῦ
1619 1437 1796 1509 δόξης·

217 1525 316 1576 καὶ
336 1525 556 1579 πίπτων
580 1525 677 1595 μὲν
692 1525 855 1588 αὐτὸς
871 1525 964 1577 ἐπὶ
976 1526 1089 1596 (95)
1104 1525 1417 1598 πρόσωπον,
1435 1530 1803 1597 συγκαταϐάλ-

219 1624 327 1669 λων
360 1616 416 1669 δὲ
438 1616 618 1688 ἑαυτῷ
648 1617 711 1671 τὸ
739 1618 1132 1690 χειροποίητον.
1150 1619 1248 1673 Διά
1266 1619 1423 1675 τοῦτο
1444 1624 1493 1675 οἱ
1507 1621 1576 1675 τὰ
1591 1622 1802 1677 εἰδωλό-

218 1716 358 1768 θυτα
375 1713 669 1777 ἐσθίοντες,
682 1714 928 1768 κοινωνοὶ
941 1714 1220 1786 τραπέζης
1242 1716 1489 1785 λέγονται
1507 1716 1792 1788 δαιμόνων.

229 1804 453 1876 Ἐπειδὴ
484 1805 546 1857 τε,
892 1804 954 1857 τδ
1548 1780 1794 1880 em.
1832 1780 1875 1835 ³

220 1896 635 1969 προσεμερίσθη
665 1914 717 1950 τι
761 1899 854 1952 καὶ
881 1900 961 1962 εἰς
995 1899 1087 1952 τὸν
1120 1900 1799 1977 παρεδρεύονταηδαίμονα,

218 1990 286 2043 ἔκ
311 2005 375 2041 τε
406 1985 507 2041 τοῦ
550 1987 944 2061 ὲξαερουμένου
978 1988 1091 2059 (9-1)
1144 1990 1396 2061 αἵματος,
1452 1994 1545 2047 καὶ
1591 1994 1655 2048 ἐκ
1702 1996 1803 2067 τῆς

218 2079 687 2151 ἀναθυμιωμένης
716 2078 981 2149 πιμελῆς,
1017 2082 1112 2134 καὶ
1151 2080 1260 2135 τῶν
1302 2081 1505 2137 λοιπῶν
1549 2083 1656 2138 τῶν
1688 2065 1839 2139 ὁλο-⁵

219 2171 623 2242 καυτωμάτων,
653 2170 1022 2240 λαμϐάνοντός
1058 2188 1178 2225 τινα
1234 2173 1428 2244 μερίδα
1472 2174 1568 2228 τοῦ
1614 2176 1803 2248 δαιμοέ

220 2264 358 2317 νίου.
396 2261 509 2315 Καὶ
534 2263 564 2313 ό
591 2258 814 2314 ἀπὸτοῦ
847 2261 1106 2333 ποτηρίου
1137 2262 1326 2329 πίνων,
1364 2264 1458 2334 ἀφ’
1490 2258 1551 2319 οὗ
1582 2267 1614 2337 ἡ
1643 2283 1803 2321 σπον-

215 2353 307 2423 δὴ,
340 2351 776 2422 ποτήριον-πίνει
804 2352 1118 2424 δαιμονίων.
1147 2353 1248 2408 Διὰ
1270 2355 1426 2410 τοῦτο
1456 2356 1697 2425 όλολύξει
1735 2359 1805 2414 τὰ

218 2441 470 2510 γλυπτά,
524 2443 774 2496 τουτέστι
811 2443 879 2496 τὰ
912 2444 1182 2517 ὁμώνυμα
1223 2449 1338 2510 τοῖς
1384 2446 1642 2515 γλυπτοῖς
1690 2447 1805 2504 δαι-

220 2534 408 2604 μόνια.
445 2534 556 2588 Καὶ
578 2535 704 2588 ὅταν
734 2534 980 2606 λέγηται,
1002 2537 1083 2590 ὅτι
1105 2536 1262 2602 ’Ἥξει
1290 2539 1665 2609 εἰςΑἵγυπτον
1690 2541 1804 2595 Κύ-

219 2641 363 2695 ριος,
396 2626 493 2679 καὶ
514 2625 861 2698 σεισθήσεται
895 2627 963 2680 τὰ
996 2629 1353 2701 χειροποίητα
1382 2631 1681 2701 Αἰγύπτου,
1709 2632 1807 2685 καὶ

218 2719 257 2788 ἡ
310 2717 511 2789 καρδία
549 2719 731 2772 αὐτῶν
777 2721 1162 2793 ἡττηθήσεται,
1197 2722 1311 2795 τὴν-
1347 2723 1516 2796 αὐτὴν
1565 2724 1805 2780 διάνοιαν

219 2807 596 2881 ἐξηγούμεθα.
633 2811 714 2865 Τὰ
756 2812 864 2882 γὰρ
888 2813 1187 2884 δαιμόνια,
1215 2814 1284 2869 τὰ
1315 2814 1806 2888 προσδιατρίϐοντα

217 2900 301 2972 τῷ
328 2902 593 2973 περιγείῳ
629 2902 804 2973 τόπῳ,
853 2904 1196 2977 σεισθήσεται
1228 2906 1671 2979 φυγαδευόμενα,
1710 2909 1807 2961 καὶ

218 2994 305 3056 είς
337 2992 432 3046 τὸν
458 2996 656 3049 οἰκεῖον
683 2999 784 3068 τῆς
813 2997 1052 3051 ἀϐύσσου
1086 2999 1489 3072 ἀπελαθήσεται
1535 3002 1718 3068 τόπον,
1746 3006 1805 3058 ὲν

220 3087 309 3184 τῇ.
328 3086 605 3188 ἐπιδημία
624 3088 724 3188 τοῦ
747 3090 978 3162 Κυρίου.
1019 3090 1120 3144 Διά
1165 3091 1327 3145 τοῦτο
1375 3093 1804 3164 ἐπικατάρατος
1832 3128 1878 3188 C

218 3176 347 3243 mir;
378 3177 552 3245 ὅστις
585 3180 826 3247 ποιήσει
861 3184 1155 3248 γλυπτὸν,
1181 3183 1279 3239 καὶ
1313 3183 1426 3258 (95)
1457 3189 1760 3255 χωνευτὸν
1786 3233 1802 3258 ,

219 3267 409 3337 ἔργον
441 3269 663 3340 χειρῶν
698 3275 999 3343 τεχνίτου,
1045 3275 1146 3329 καὶ
1177 3276 1351 3343 θήσει
1390 3280 1538 3333 αὐτὸ
1562 3281 1633 3334 ἐν
1658 3283 1807 3337 ἀπο-

222 3360 457 3428 κρύφῳ,
490 3362 572 3415 ὅτι
604 3363 773 3416 κακὸν
802 3364 980 3436 ἐαυτῷ
1010 3364 1361 3438 θησαύρισμα
1408 3369 1496 3422 διὰ
1543 3370 1638 3424 τοῦ
1674 3372 1806 3441 γλυ-

222 3453 369 3508 πτοῦ
397 3455 491 3509 τὸν
528 3456 999 3510 ἐπακολουθοῦντα
1037 3458 1186 3529 αὑτῷ
1212 3460 1443 3531 δαίμονα
1471 3464 1805 3536 ἐπηγάγετο,

224 3546 320 3600 καὶ
348 3547 596 3619 κατάραν
618 3549 863 3603 σύνοικον
890 3548 981 3603 διὰ
1005 3549 1098 3603 τοῦ
1119 3551 1371 3624 δαίμονος
1404 3556 1770 3614 ἐπεσπάσατο.

294 3638 426 3693 257.
458 3639 571 3693 Καὶ
598 3640 792 3722 ἔσται,
824 3641 970 3696 ὅταν
1001 3644 1349 3716 συντελέσῃ
1376 3648 1590 3717 Κύριος
1610 3650 1809 3706 πάντα

222 3727 419 3783 ποιῶν
441 3730 513 3783 ἐν
546 3730 626 3797 τῷ
650 3731 773 3800 ὄρει
806 3733 979 3801 Σιὼν,
1013 3734 1112 3788 καὶ
1167 3735 1238 3790 ἐν
1263 3738 1684 3811 Ἰερουσαλὴμ,
1713 3744 1808 3797 ἑπ-

224 3821 362 3886 άξει
383 3822 605 3877 ἐπὶτὸν
631 3824 787 3880 νοῦν
812 3825 1121 3897 τόνμένγαν
1137 3827 1250 3898 (96)
1274 3828 1383 3884 τὸν
1402 3830 1665 3900 ἄρχοντα
1689 3834 1809 3888 τῶν

237 3915 592 3983 Ἀσσυρίων,
648 3916 748 3969 καὶ
797 3917 897 3971 ἐπὶ
950 3920 1019 3973 τὸ
1082 3921 1242 3990 ὕψος
1303 3923 1414 3993 τῆς
1451 3923 1640 3993 δόξης
1687 3924 1808 3980 τῶν

222 4002 555 4072 ὀφθαλμῶν
581 4006 791 4062 αὐτοῦ.
816 4007 971 4062 Μετὰ
1001 4010 1060 4063 τὸ
1093 4013 1395 4082 προστάξαι
1413 4017 1525 4078 τοῖς
1547 4014 1808 4083 γλυπτοῖς

220 4098 335 4159 τοῖς
364 4097 426 4150 ἐν
459 4096 815 4170 Ἰερουσαλὴμ
844 4102 936 4153 καὶ⁹
961 4104 1074 4166 τοῖς
1099 4106 1157 4157 ὲν
1177 4105 1461 4178 Σαμαρείᾳ
1487 4106 1804 4179 ὀλολυγμὸν,

221 4187 319 4240 καὶ
348 4188 418 4257 τῇ
446 4186 535 4239 ἐπ’
585 4188 768 4254 αὐτοῖς
797 4191 993 4263 ἀπειλῇ
1025 4187 1136 4246 οἷον
1172 4194 1596 4269 καθαρισθείσης
1623 4197 1808 4252 λοιπὸν

221 4277 325 4347 τῆς
366 4276 742 4350 Ἰερουσαλὴμ,
767 4282 982 4336 καὶτοῦ
1013 4285 1121 4338 ἀπὸ
1153 4285 1262 4341 τῶν
1298 4287 1529 4342 εἰδώλων
1561 4291 1805 4362 μιάσμα-

225 4384 318 4430 τος
341 4366 826 4442 ἐλευθερωθείσης,
860 4373 954 4427 καὶ
998 4374 1383 4448 παιδευθείσης
1412 4381 1534 4443 ταῖς
1571 4381 1807 4451 πληγαῖς

1904 533 2091 579 eorum
2118 533 2370 587 corpora,
2403 533 2524 588 quae
2567 517 2714 572 aeria
2764 526 2899 572 sunt-
2923 526 3015 571 aut
3057 516 3247 587 ignita,
3292 526 3383 571 aut
3414 531 3481 571 ex

1903 620 2135 679 utroque
2179 610 2448 665 elemento
2493 608 2813 678 composita.
2856 607 2996 675 Quin
3057 620 3114 662 et
3166 604 3479 678 Regnorum

1902 701 2134 757 historia
2186 710 2509 772 potestatem
2556 699 2912 755 dmmonicam
2964 699 3160 754 statuis
3198 699 3300 753 sibi
3331 698 3482 754 dedi-

1902 795 2041 851 catis
2071 793 2315 849 assidere
2345 794 2607 848 declarat.
2640 792 2893 860 Ceperunt
2920 792 3086 857 enim,
3122 790 3318 860 inquit,
3348 790 3480 845 alic-

1902 889 2105 958 nigena:
2139 902 2319 940 arcam
2359 885 2479 950 Dei,
2500 896 2548 940 et
2579 884 2868 939 intulerunt
2915 900 3030 939 eam
3062 884 3221 954 juxta
3248 882 3433 953 Dagon
3457 898 3476 935 :

1901 988 1953 1033 et
1984 986 2333 1033 surrexerunt
2361 994 2516 1032 mane
2566 976 2740 1030 Azotii
2778 984 2989 1046 postero
3013 975 3118 1042 die,
3147 985 3196 1028 et
3225 990 3339 1028 ecce
3373 973 3480 1026 Da-

1900 1089 2002 1143 gon
2031 1071 2197 1143 559
2225 1073 2279 1126 in
2305 1070 2494 1140 facient
2526 1087 2675 1124 suam
2709 1076 2984 1123 corruerat
3016 1083 3170 1137 super
3199 1064 3474 1121 terram".

1902 1165 2272 1220 Simulacrum
2313 1163 2496 1233 itaque
2529 1160 2670 1231 quod
2708 1158 3169 1230 conspiciebatur,
3206 1165 3324 1212 erat
3373 1145 3478 1209 Da4

1902 1272 2037 1327 gon;
2090 1257 2181 1325 qui
2223 1268 2356 1309 vero
2403 1252 2676 1309 ceciderat
2712 1253 2765 1306 in
2810 1250 3004 1306 faciem
3051 1263 3229 1313 suam,
3266 1247 3477 1302 daemon

1908 1356 2046 1417 erat,
2087 1362 2117 1402 a
2154 1346 2325 1416 gloria
2353 1360 2494 1401 arcte
2527 1343 2622 1400 Dei
2650 1342 2978 1399 circumfusa
3009 1349 3354 1412 prostratus;
3382 1338 3473 1407 qui

1892 1439 2022 1509 ipse
2075 1438 2284 1493 corruit
2322 1436 2541 1506 quidem
2585 1436 2640 1490 in
2686 1433 2906 1500 faciem,
2953 1449 3138 1490 secmn
3187 1445 3317 1488 vero
3362 1446 3478 1485 rem

1904 1528 2272 1581 manufactam
2307 1524 2507 1594 dejeeit
2533 1538 2597 1580 ac
2630 1524 2848 1579 evertit.
2892 1523 3030 1581 Hinc
3064 1523 3153 1593 qui
3188 1529 3478 1577 vescuntur

1903 1616 2241 1689 idolothytis,
2282 1615 2579 1687 participes
2639 1614 2897 1671 dicuntur
2942 1628 3143 1671 mensae
3186 1614 3481 1668 daemonio-

1904 1725 2044 1767 rum.
2102 1709 2237 1764 Cum
2283 1710 2428 1781 enim
2479 1709 2700 1764 victima
2749 1707 2979 1764 oll‘ertur
3036 1706 3261 1773 idolo”,
3301 1705 3480 1776 portio

1902 1799 2082 1869 aliqua
2135 1800 2302 1854 etiam
2368 1798 2627 1855 assidenti
2693 1797 2922 1853 dtemoni
2977 1796 3302 1861 destinatur,
3356 1808 3478 1848 cum

1903 1892 2228 1947 daemonium
2260 1899 2316 1946 et
2348 1905 2414 1945 ex
2459 1891 2722 1960 sanguine
2748 1889 2840 1959 qui
2878 1888 3040 1943 veluti
3067 1887 3119 1942 in
3153 1901 3330 1942 aerem
3359 1899 3481 1940 ver-

1902 2000 1999 2040 sus
2046 1992 2152 2049 est,
2184 1992 2238 2038 et
2293 1998 2360 2038 ex
2399 1984 2558 2053 adipe
2610 1980 3012 2052 suﬂ‘umigante,
3050 1988 3106 2035 et
3144 1993 3209 2034 ex
3259 1977 3483 2047 reliquis

1903 2073 2230 2131 holocaustis
2293 2081 2498 2141 partem
2545 2071 2836 2143 quamdam
2901 2070 3017 2126 sibi
3069 2076 3330 2125 assumat.
3375 2067 3480 2136 Qui

1903 2177 2083 2224 autem
2111 2184 2179 2224 ex
2225 2169 2396 2225 calice
2432 2158 2675 2224 libamin‘i
2711 2168 3094 2223 subserviente
3117 2166 3273 2230 bibit,
3302 2165 3350 2219 is
3387 2180 3476 2220 ca-

1904 2263 2064 2319 licem
2103 2262 2242 2319 bibit
2275 2262 2662 2319 dcemoniorum
2687 2262 2756 2315 θοι
2789 2260 3159 2328 Quamobrem
3201 2255 3483 2311 ululabunt

1905 2354 2177 2426 scuptilia,
2205 2356 2309 2410 boc
2338 2364 2441 2419 est,
2477 2352 2736 2409 daamonia
2766 2368 2886 2422 quae
2912 2351 3054 2405 idem
3093 2363 3288 2404 nomen
3319 2357 3483 2416 atque

1906 2446 2174 2518 sculptilia
2212 2446 2477 2501 obtinent.
2522 2445 2701 2514 Atque
2739 2458 2864 2498 cum
2910 2442 3107 2498 dicitur
3157 2439 3293 2503 iure,
3328 2448 3387 2492 ut
3426 2437 3479 2491 in

1906 2539 2202 2611 Egyptum
2251 2538 2515 2593 Dominus
2568 2537 2784 2602 veniat,
2837 2534 3171 2608 Egyptiqne
3235 2547 3481 2588 commo-

1907 2640 2137 2687 veantur
2177 2629 2510 2693 manufacta,
2549 2638 2812 2684 eteorum
2854 2643 2948 2683 cor
2980 2625 3283 2691 deﬁciat“,
3314 2640 3483 2679 unum

1907 2725 2265 2794 eumdemque
2301 2737 2518 2778 sensum
2560 2736 2681 2777 esse
2709 2721 2980 2776 ducimus.
3012 2718 3287 2775 Daemonia
3314 2718 3483 2786 enim,

1907 2832 2029 2887 qua:
2067 2815 2121 2870 in
2190 2814 2311 2871 loco
2365 2824 2525 2868 terrae
2576 2811 2814 2866 ﬁnitimo
2869 2812 3232 2874 diversantur,
3295 2808 3485 2878 fugata

1908 2909 2323 2971 concutientur;
2365 2917 2526 2974 atque
2558 2903 2786 2959 Domino
2819 2902 3163 2969 adveniente,
3201 2903 3252 2956 in
3301 2901 3485 2971 abyssi

1909 3000 2088 3056 locum
2124 2998 2226 3054 sibi
2258 2997 2533 3066 proprium
2587 2993 3005 3062 ablegabuntur.
3041 2993 3224 3061 Quare
3267 2993 3487 3047 maledi-

1909 3103 2025 3148 ctus
2052 3090 2286 3161 quisquis
2309 3088 2469 3158 faciet
2500 3086 2763 3156 sculptile,
2790 3095 2837 3140 et
2862 3084 3044 3154 fusile,
3077 3102 3209 3154 opus
3231 3102 3486 3141 manuum

1909 3185 2155 3253 artiﬁcis,
2193 3191 2239 3236 et
2266 3189 2419 3251 ponet
2471 3178 2608 3233 illud
2663 3180 2718 3232 in
2773 3176 3175 3243 abscondito“,
3209 3177 3335 3245 quia
3387 3192 3505 3247 per,

1908 3275 2158 3348 sculptile
2187 3270 2520 3342 comparavit
2562 3271 2666 3325 sibi
2695 3268 2890 3324 malum
2918 3269 3254 3332 thesaurum,
3285 3268 3497 3323 ἀπίωσι

1906 3385 2032 3424 nem
2091 3365 2303 3422 scilicet
2353 3363 2480 3418 huic
2529 3361 2882 3427 assidentem,
2929 3369 2985 3415 et
3048 3373 3144 3429 per
3182 3358 3483 3415 daemonem

1908 3457 2352 3515 maledictionem
2397 3452 2753 3509 domesticam
2813 3460 2976 3520 atque
3037 3449 3484 3505 contubernalem

1909 3551 2219 3608 accersivit.

1978 3642 2107 3697 257.
2145 3640 2308 3696 Vens.
2340 3637 2427 3694 ιε.
2453 3635 2521 3691 Et
2546 3636 2665 3696 erit.
2697 3650 2812 3689 cum
2843 3631 3278 3687 consummaverit
3305 3630 3486 3685 Domi-

1909 3754 2007 3792 nus
2039 3736 2215 3789 omnia
2260 3731 2465 3801 faciens
2493 3730 2548 3783 in
2580 3735 2753 3780 monte
2793 3724 2943 3790 Sion,
2970 3735 3016 3778 et
3044 3725 3099 3777 in
3143 3722 3487 3788 Jerusalem;

1908 3827 2118 3880 inducet
2149 3836 2305 3893 super
2344 3814 2567 3874 mentem
2603 3831 2850 3886 magnam
2894 3814 3186 3882 principem
3231 3811 3484 3881 Assyrio—

1911 3932 2050 3979 rum,
2087 3924 2135 3968 et
2192 3929 2347 3982 super
2398 3904 2968 3975 altitudinem-gloriae
3021 3903 3296 3956 oculorum
3347 3902 3485 3971 ejus.

1914 4008 2205 4074 Postquam
2235 4000 2529 4070 sculptilis,
2567 4012 2687 4068 quae
2717 4004 2873 4050 erant
2916 3995 2970 4048 in
3006 3992 3310 4049 Jerusalem
3340 4002 3393 4048 et
3432 3993 3487 4047 in

1913 4093 2185 4157 Samaria,
2222 4089 2434 4145 ululare
2471 4088 2619 4159 jussa
2655 4094 2802 4152 sunt,
2829 4084 3019 4154 eisque
3057 4084 3335 4139 intentata:
3362 4092 3489 4140 sunt

1911 4188 2096 4252 minae,
2129 4183 2285 4255 quasi
2326 4181 2440 4252 jam
2485 4189 2634 4236 esset
2674 4186 2973 4250 expurgatu
3014 4176 3339 4242 Jerusalem,
3374 4176 3489 4231 ido-

1914 4281 2201 4348 lorumque
2257 4276 2536 4347 spurcitiis
2583 4274 2831 4340 liberata,
2876 4282 2931 4326 et
2983 4272 3192 4326 erudita
3225 4286 3289 4326 ac
3316 4270 3488 4326 casti-

1912 4380 2035 4440 gata
2069 4385 2166 4440 per
2190 4368 2414 4423 ultrices
2442 4365 2660 4438 plagas,
2688 4379 2828 4435 quas
2874 4372 3056 4432 utpote
3091 4363 3333 4435 Assyriis
3378 4370 3488 4416 tra-

220 4461 347 4524 ταῑς
370 4459 746 4528 κολαστικαῖς,
785 4463 852 4527 ἃς
874 4464 962 4518 διὰ
995 4466 1089 4520 τοῦ
1122 4469 1491 4540 παραδοθῆναι
1521 4477 1634 4537 τοῖς
1678 4475 1803 4528 Ἀσ-
1836 4478 1881 4536 D
1910 4466 1951 4521 di

1910 4466 2018 4521 dita
2047 4460 2286 4533 pertulit,
2318 4471 2429 4514 tum
2470 4459 2687 4513 demum
2734 4457 3095 4511 comminatur
3134 4451 3507 4524 Scriptura“

222 4552 437 4622 συρίοις
471 4553 742 4623 ὑπέμενεν
769 4556 903 4626 (97),
952 4560 1071 4612 τότε
1122 4560 1307 4615 λοιπὸν
1353 4564 1567 4618 ἀπειλεῖ
1591 4568 1620 4619 ὀ
1652 4565 1805 4636 λόγος
1917 4574 1948 4626 ι»

1917 4558 2127 4627 plagam
2172 4551 2495 4607 translatum
2536 4548 2601 4602 iri
2650 4547 2703 4601 in
2757 4546 3104 4617 Assyriorum
3161 4545 3485 4615 principem.

222 4642 318 4694 ἐπὶ
338 4641 434 4695 τὸν
457 4642 699 4714 ἄρχοντα
724 4646 832 4698 τῶν
876 4646 1178 4721 Ἀσσυρίων
1207 4651 1306 4723 τὴν
1331 4653 1543 4726 πληγὴν
1569 4659 1805 4730 μεταθή-
1912 4650 1951 4718 Q

1912 4650 2173 4718 Quoniam
2230 4646 2373 4700 enim
2426 4657 2587 4713 supra
2631 4640 2846 4695 modum
2911 4637 3086 4693 elatus
3140 4637 3322 4693 animo
3366 4645 3484 4703 est,

225 4750 361 4786 σειν.
403 4736 624 4808 Ἐπειδὴ
658 4736 768 4811 γὰρ
796 4740 1080 4814 ὑπερήρθη
1119 4743 1198 4814 τῷ
1231 4748 1558 4817 φρονήματι,
1594 4752 1686 4803 καὶ
1707 4728 1805 4805 οὐκ
1914 4760 1946 4798 ιι

1914 4758 2016 4798 nec
2059 4735 2444 4796 animadvertit
2470 4741 2751 4805 peccatmn
2800 4729 3014 4784 illorum
3056 4743 3279 4783 causam
3317 4728 3503 4782 luisse.

221 4823 585 4894 ὶνόησεν,ὂτι
634 4830 683 4901 ἠγ
717 4830 944 4883 ἐκείνων
977 4832 1218 4903 ἁμαρτία
1265 4837 1412 4891 αἰτία
1458 4840 1649 4908 γέγονε
1698 4842 1806 4897 τῶν
1915 4850 1951 4892 θ

1915 4844 1969 4892 et
2009 4834 2277 4902 originem
2330 4837 2411 4883 tot
2457 4836 2512 4881 et
2569 4832 2838 4879 tantorum
2889 4820 3329 4886 malorum;imo
3357 4823 3485 4890 quia

294 5011 346 5045 η
372 5013 393 5067 ι
419 5014 551 5086 Reg.
590 5032 646 5082 ν,
679 5018 736 5086 2,
772 5020 826 5075 δ.

3178 5015 3222 5047 ⁸³
3249 5014 3511 5082 ΙνΒυε.-

220 5096 382 5151 mu,
409 5085 479 5140 19
508 5102 624 5158 seq.

2507 5023 2551 5055 “
2582 5021 2737 5078 Deut.
2773 5034 2940 5087 xsvu,
2976 5014 3063 5071 l5.

936 5023 1179 5078 "lCor.
1232 5042 1283 5090 ς,
1343 5027 1431 5081 ει.
1545 5028 1865 5086 “11.30.20.
1981 5002 2391 5093 έιιεωκιωι.

295 5266 413 5351 (92)
431 5266 571 5351 ΔΧοι
620 5269 856 5351 ἐχόμενα
898 5268 1001 5325 hoc
1045 5285 1165 5328 .oco
1203 5287 1260 5327 tn
1306 5274 1525 5330 modum
1570 5274 1810 5333 adverbii
1909 5280 2209 5351 uersussit.

426 5337 595 5423 tua?
625 5337 858 5423 iik'éusr-
1149 5421 1157 5423 ξ
1197 5409 1210 5423 .
1272 5412 1286 5423 .
1348 5410 1361 5423 .
1980 5348 2092 5423 (βξ)
2130 5348 2293 5423 aditi.
2322 5350 2380 5423 ﬁt.
2401 5348 2612 5423 Αμειῖι.
2633 5344 2927 5423 msh“?-

166 5434 187 5461 χ
449 5408 612 5494 ξάίιῑ,
637 5412 740 5474 είς.
769 5411 840 5463 At
869 5424 1007 5494 mss.
1043 5409 1233 5494 nostri,
1472 5493 1475 5494 ν
1557 5485 1610 5494 __

1976 5407 2088 5489 (96)
2129 5407 2448 5494 Prtepos'itio
2479 5417 2571 5471 ἐπί
2600 5417 2651 5471 in
2684 5407 2845 5494 editis
2871 5424 2925 5469 et
2946 5414 3083 5494 apud
3113 5409 3256 5494 LXX
3282 5410 3486 5493 legitur

295 5477 415 5549 (94)
468 5480 740 5564 interpres
784 5496 907 5564 cum
962 5481 1015 5536 iu
1061 5481 1221 5564 editis
1268 5482 1503 5564 legisset,
1553 5485 1803 5564 ἐξαιρουο
1905 5504 1951 5542 at

1907 5477 2032 5544 ante
2072 5477 2366 5564 'voees'eb'v
2410 5488 2681 5564 ἄρχοντα’
2724 5488 2816 5539 sed
2864 5477 2994 5539 cuni
3040 5485 3093 5539 in
3141 5477 3364 5538 nostris'
3389 5496 3484 5537 sex

297 5548 416 5631 v_ou,
463 5549 536 5631 ita
577 5548 793 5631 νομὴ-ε
848 5548 932 5604 Ex
968 5552 1225 5621 sanguine
1265 5548 1801 5631 qiiidem'exsiliente.
1906 5548 2788 5631 niss._deest,eameipunximus.

224 5618 335 5700 βοά
366 5619 911 5700 restituendnsloeus
935 5631 1021 5700 est
1046 5618 1112 5677 ex
1154 5618 1351 5700 nostris
1382 5639 1475 5678 sex
1505 5627 1801 5700 codicibus,
1974 5628 2107 5700 (97),
2127 5618 2265 5700 Εόῖιί
2302 5637 2357 5683 et
2398 5618 2529 5700 Reg.
2572 5627 2785 5694 tertius,
2811 5625 3091 5700 ὑπέμεινε.
3116 5622 3218 5680 Alii
3242 5622 3480 5693 quinque

224 5687 279 5771 in
311 5687 511 5757 quibus
546 5704 664 5771 non.
685 5688 1092 5771 ἐξαιρουμένου,
1126 5693 1220 5771 sed
1247 5692 1639 5771 ὲξαερουμένου
1671 5687 1803 5763 legi;
1905 5714 1951 5754 tu

1907 5687 2376 5771 ηιέε.,’ὑπὲμενεν.

226 5766 347 5825 tur;
378 5774 443 5812 ex
479 5761 752 5830 sanguine,
800 5761 908 5828 qui,
943 5771 999 5815 ut
1023 5762 1095 5819 ita
1132 5761 1326 5830 dicam,
1360 5761 1412 5820 in
1464 5761 1633 5823 aerem
1678 5761 1803 5823 cen-
