3810 6214
354 306 457 366 535

1301 305 1643 363 APPENDIX
1681 302 1965 362 OPERUM
2002 304 2061 359 ὃ.
2100 301 2343 361 BASlLll
2379 303 2611 362 ΜΔΕ-Νι.

3494 297 3601 365 556.

363 433 559 495 suapte
609 423 828 481 solertia
865 436 929 479 ac
962 423 1165 477 virtute
1191 421 1586 495 Jerosolymam
1644 423 1923 493 subegisse

2048 422 2299 477 ποσοὺτων
2332 423 2537 489 κακῶν,
2573 421 2689 477 ἀλλ’
2720 419 2871 492 ᾠήθη
2916 418 3023 491 ἰδίᾳ
3065 416 3279 488 ἐπινοίᾳ
3308 417 3405 473 καὶ
3439 416 3604 470 δυνά-

360 516 665 571 arbitratus
715 524 818 579 est,
868 513 940 569 ob
974 514 1113 570 lianc
1143 515 1532 584 arrogantiam,
1565 512 1924 581 stolidamque

357 607 734 664 celsitudinem
766 604 1001 663 elatione
1032 605 1198 658 animi
1245 605 1508 671 innixam,
1554 603 1799 671 Inducet,
1838 604 1923 657 in-

360 698 501 769 quit,
532 712 687 767 super
713 706 931 752 mentem
964 711 1227 765 magnam,
1254 712 1412 764 super
1441 697 1727 766 principem
1761 697 1924 764 Assy-

360 789 584 851 riorum,
608 796 660 841 et
688 802 846 854 super
889 786 1222 840 altitudinem
1258 785 1443 855 gloriae
1481 786 1751 842 oculorum
1786 786 1923 855 ejus.

359 877 512 932 Alius
539 876 758 947 quidem
795 891 1025 948 magnus
1050 885 1135 931 est
1166 888 1357 943 suapte
1387 885 1601 941 natura,
1628 877 1765 932 alter
1796 891 1926 930 vero

359 968 763 1023 ecistimatione
797 969 1053 1040 quadam,
1083 978 1137 1022 et
1182 969 1496 1036 praestantia
1545 984 1610 1036 ac
1660 968 1927 1038 magnitu-

361 1064 484 1114 dine
522 1074 700 1113 rerum
742 1059 809 1113 ad
842 1073 903 1114 se
954 1058 1086 1112 nihil
1133 1058 1498 1117 attinentiutn.
1557 1058 1705 1112 Mens
1750 1066 1926 1112 autem

359 1166 489 1206 κει-ε
522 1166 714 1222 magna
742 1164 806 1207 ca
834 1159 939 1215 est,
971 1164 1091 1220 qua:
1127 1165 1317 1219 magna
1365 1148 1781 1219 contemplatur,
1810 1162 1931 1219 quae

360 1245 430 1299 ad
461 1259 653 1298 causas
697 1258 876 1298 rerum
920 1243 1260 1299 conditarum
1316 1242 1488 1309 aciem
1532 1241 1808 1296 intendere
1835 1256 1930 1310 po-

363 1347 491 1399 test,
520 1351 588 1390 ex
618 1336 804 1404 eisque
830 1335 1287 1404 pulchritudinem
1321 1334 1530 1404 opiﬁcis
1563 1334 1929 1390 universorum

362 1427 690 1496 intelligere.
724 1427 950 1496 Magnus
983 1434 1086 1493 est,
1121 1427 1213 1497 qui
1255 1442 1434 1481 rerum
1466 1442 1498 1481 a
1528 1425 1634 1481 Deo
1668 1426 1930 1480 factarum

362 1519 916 1585 administrationem,
964 1518 1189 1587 ejusque
1228 1517 1622 1588 providentiam
1660 1516 1728 1571 ad
1777 1516 1933 1571 mini-

362 1626 450 1664 ma
497 1623 670 1679 usque
714 1609 1115 1678 pertingentem
1165 1620 1348 1664 mente
1395 1609 1610 1678 assequi
1654 1616 1853 1678 potest,
1879 1617 1934 1663 et

362 1702 491 1756 inde
524 1701 670 1771 justa
706 1702 876 1771 ipsius
907 1701 1112 1769 judicia
1151 1702 1516 1757 considerare.
1550 1700 1702 1757 Meus
1742 1715 1932 1769 magna

2038 530 2127 583 μει
2157 513 2470 584 δεδυνῆσθαι
2512 513 2658 577 κατά
2684 512 2785 583 τῆς
2824 512 3179 583 Ἰερουσαλήμ
3207 523 3223 539 ⁶
3267 508 3356 562 διὰ
3394 507 3604 577 ταύτην

2035 604 2134 677 τὴν
2178 605 2496 670 ἀλαζονείαν
2538 606 2634 660 καὶ
2664 606 2726 658 τὸ
2757 604 2948 674 ἄλογον
2997 602 3126 673 ὑψος
3170 602 3272 672 τῆς
3322 598 3465 654 κατά
3510 599 3605 655 τὸν

2034 695 2162 750 νοῦν
2186 697 2491 770 ὲπάρσεως,
2538 696 2799 763 Ἐπάξει,
2837 696 3021 766 φησὶν,
3052 693 3151 747 ἐπὶ
3179 692 3288 746 τὸν
3313 691 3466 770 νοῦν
3495 688 3607 743 τόν

2032 788 2245 859 μέγαν,
2266 766 2363 843 ἐπὶ
2402 789 2509 843 τὸν
2536 789 2798 859 ἄρχοντα
2826 786 2944 842 τῶν
2977 786 3331 854 Ἀσσυρίων,
3360 766 3461 837 καί
3504 779 3604 835 ἐπὶ

2036 881 2101 934 τὸ
2136 881 2293 949 ὕψος
2315 879 2424 948 τῆς
2447 881 2635 949 δόξης
2674 881 2792 935 τῶν
2822 878 3145 950 ὀφθαλμῶν
3173 878 3380 935 αὑτοῦ.
3413 878 3607 946 Μέγας

2040 974 2069 1027 6
2101 974 2200 1044 μέν
2225 974 2308 1038 τίς
2333 975 2450 1047 ἐστι
2482 974 2623 1028 κατά
2648 974 2746 1045 τὴν
2769 973 2959 1027 ἑαυτοῦ
2990 973 3170 1043 φύσιν,
3209 973 3238 1025 6
3263 971 3321 1025 δὲ
3348 970 3490 1025 κατά
3506 970 3606 1039 τὴν

2038 1066 2235 1136 οἴησιν,
2257 1067 2352 1120 καὶ
2377 1068 2475 1137 τὴν
2509 1066 2811 1138 ὑπερϐολὴν
2834 1066 2943 1137 (98)
2967 1066 3075 1119 τῶν
3094 1064 3245 1119 οὑδὲν
3262 1063 3409 1133 αὐτῷ
3433 1079 3609 1134 προσ-

2041 1158 2309 1226 ηκόντων.
2352 1157 2496 1222 Νοῦς
2559 1158 2618 1212 δὲ
2648 1158 2839 1229 μέγας,
2873 1158 2947 1220 ὡς
2976 1156 3211 1228 ἀληθῶς,
3240 1158 3269 1209 6
3291 1155 3361 1209 τά
3391 1153 3608 1225 μεγάλα

2040 1250 2282 1321 θεωρῶν,
2311 1252 2340 1304 6
2362 1251 2660 1321 δυνάμενος
2695 1253 2807 1314 τοῖς
2842 1249 3017 1318 λόγοις
3053 1251 3166 1311 τοῖς
3198 1248 3609 1319 δημιουργικοῖς

2041 1341 2376 1404 ἐπιϐάλλειν,
2403 1343 2499 1395 καὶ
2526 1342 2621 1395 ἀπ’
2662 1341 2840 1396 αὑτῶν
2870 1340 2930 1394 τὸ
2958 1340 3148 1403 κάλλος
3171 1339 3269 1409 τῆς
3294 1338 3484 1406 σοφίας
3512 1336 3607 1389 τοῦ

2042 1434 2285 1503 τεχνίτου
2317 1436 2425 1487 τῶν
2456 1433 2593 1486 ὅλων
2624 1436 2925 1487 κατανοεῖν.
2953 1433 3142 1500 Μέγας
3176 1432 3204 1483 ὁ
3232 1434 3296 1502 τῇ
3326 1429 3612 1500 οἰκονομίᾳ

2041 1523 2148 1576 τῶν
2177 1524 2327 1593 παρά
2371 1522 2504 1575 Θεοῦ
2551 1523 2851 1593 γινομένων
2893 1521 2998 1591 (99)
3033 1522 3127 1573 καὶ
3173 1522 3239 1591 τῇ
3294 1519 3456 1590 μέχρι
3501 1517 3611 1572 τῶν

2041 1612 2388 1669 λεπτοτάτων
2436 1612 2696 1683 διηκούσῃ
2742 1613 2873 1682 παρ’
2911 1610 3075 1664 αὑτοῦ
3116 1608 3342 1680 προνοίᾳ
3378 1607 3611 1660 ἐπιϐάλ-

2040 1703 2152 1757 λειν
2184 1702 2499 1773 δυνάμενος,
2556 1702 2650 1756 καὶ
2682 1701 2929 1756 ἐντεῦθεν
2969 1700 3131 1754 αὑτοῦ
3163 1700 3231 1754 τὰ
3262 1700 3446 1752 δίκαια
3492 1699 3614 1767 κρί-

363 1808 428 1846 ea
467 1800 572 1856 est,
612 1805 733 1861 qua:
762 1805 857 1857 per
880 1792 1098 1861 angelos
1130 1801 1536 1862 potestatesque
1585 1801 1640 1847 et
1686 1801 1936 1847 cunctam

2048 1811 2190 1864 ματα
2225 1793 2471 1865 θεωρεῖν.
2501 1792 2688 1863 Μέγας
2720 1794 2748 1845 6
2781 1792 2924 1857 νοῦς,
2960 1796 2989 1847 6
3030 1793 3119 1846 διὰ
3162 1790 3270 1845 τῶν
3313 1789 3565 1859 ἀγγέλων
3594 1829 3610 1852 ,

365 1878 671 1936 caelestium
704 1879 953 1949 gloriam,
983 1881 1168 1949 gloriae
1200 1886 1377 1950 regem
1408 1890 1465 1936 et
1496 1882 1754 1935 virtutum
1778 1880 1940 1958 5w

367 1971 652 2026 Dominum
671 1970 717 2003 “
740 1971 990 2041 percipit.
1015 1972 1144 2027 Vice
1170 1988 1344 2037 versa,
1375 1972 1465 2043 qui
1493 1986 1553 2027 se
1580 1974 1753 2041 ipsum
1770 1972 1939 2040 jactat

364 2064 606 2129 beatum,
633 2072 689 2119 et
718 2061 955 2129 inﬂatur,
990 2077 1038 2119 ts
1073 2061 1225 2132 iuxta
1252 2065 1468 2120 stultam
1496 2064 1580 2122 sui
1605 2065 1776 2135 ipsius
1815 2064 1936 2121 exi-

367 2156 734 2212 stimationem
777 2156 994 2225 sapiens
1035 2170 1155 2212 esse
1218 2172 1283 2212 ac
1322 2157 1563 2212 inanium
1602 2158 1941 2229 excogitator

364 2247 567 2317 justius
595 2247 829 2315 dicatur,
853 2262 1015 2318 quam
1044 2263 1236 2318 magna
1262 2257 1441 2306 mente
1469 2249 1745 2320 przeditus.
1781 2251 1939 2307 Atta-

379 2353 505 2393 men
539 2354 662 2393 cum
697 2354 815 2394 mos
848 2338 920 2394 sit
966 2337 1279 2408 Scriptum,
1330 2349 1390 2394 ut
1435 2339 1579 2410 vulgi
1625 2341 1941 2395 aestimatio—

373 2446 497 2487 nem
524 2431 577 2484 in
607 2445 787 2486 rerum
829 2430 1139 2487 nominibus
1169 2442 1451 2500 sequatur,
1478 2448 1725 2502 magnam
1750 2433 1938 2501 appel-

369 2522 502 2577 lavit
548 2530 818 2587 mentem;
862 2536 970 2576 non
1017 2522 1158 2593 quod
1207 2522 1500 2593 quidquam
1545 2525 1687 2593 quod
1750 2535 1939 2578 natura

369 2628 624 2683 magnum
650 2612 745 2679 sit,
782 2612 1038 2681 declaret,
1069 2614 1164 2669 sed
1205 2614 1348 2683 quod
1381 2630 1494 2670 rem
1529 2615 1785 2684 opinione
1812 2629 1944 2685 qua-

370 2704 498 2759 dam
542 2718 607 2759 ac
637 2701 782 2759 fama
823 2704 873 2760 ei
908 2705 1166 2759 tributam
1216 2704 1436 2763 indicet.
1472 2704 1604 2760 Eam
1626 2706 1695 2761 ob
1726 2720 1941 2761 causam

370 2797 684 2869 superbiam
732 2797 1004 2868 castigans
1045 2796 1327 2862 Dominus,
1364 2806 1419 2854 et
1456 2796 1746 2852 elationem
1776 2795 1943 2850 animi

373 2889 492 2960 ejus
520 2890 854 2961 deprimens,
880 2889 1174 2945 vindictam
1210 2889 1528 2944 inducturus
1556 2887 1758 2944 dicitur
1782 2902 1946 2956 super

372 2996 625 3053 magnam
654 2979 1003 3053 Assyriorum
1032 2989 1285 3037 mentem.
1321 2978 1427 3034 Sed
1442 2980 1707 3050 quoniam
1734 2979 1946 3049 opinio-

373 3088 497 3129 nem
546 3072 815 3129 inﬁrmam
866 3070 1132 3142 coarguit,
1171 3070 1248 3125 ait
1298 3086 1358 3126 se
1399 3085 1562 3141 super
1610 3070 1943 3128 altitudinem

378 3164 567 3233 gloria:
593 3163 872 3222 oculorum
901 3161 1020 3231 ejus
1047 3160 1324 3216 illaturum
1350 3161 1693 3230 supplicium.
1734 3161 1943 3217 Etenim

378 3258 629 3329 gloriam,
670 3271 796 3312 cum
843 3272 948 3312 vox
986 3257 1057 3309 sit
1107 3254 1272 3308 variae
1314 3255 1748 3328 signiﬁcationis,
1788 3254 1943 3325 juxta

373 3365 538 3405 unam
576 3349 851 3404 notionem
898 3346 1229 3402 deﬁnierunt
1268 3345 1531 3414 nonnulli,
1587 3346 1948 3415 existimatio-

375 3456 501 3507 nem
535 3438 766 3496 debilem
801 3452 948 3510 esse.)

443 3530 572 3604 258.
614 3530 797 3586 Potest
839 3539 1017 3584 autem
1066 3528 1240 3598 accipi
1284 3544 1438 3584 mens
1471 3544 1664 3600 magna
1706 3540 1762 3583 et
1816 3546 1947 3601 pru-

377 3625 513 3686 dens
556 3634 658 3694 pro
711 3629 932 3675 versuto
966 3628 1022 3676 et
1053 3618 1327 3690 versipelli
1380 3620 1615 3690 ingenio.
1674 3619 1829 3677 Hunc
1880 3623 1947 3677 ad

378 3713 598 3770 modum
626 3727 854 3785 serpens
888 3712 1098 3779 bestiis,
1124 3727 1244 3780 quae
1279 3727 1441 3785 super
1471 3723 1669 3768 terram
1695 3714 1950 3783 gradiun—

390 3817 499 3871 tur,
533 3789 741 3876 legitur
754 3803 1163 3874 prudentior";
1196 3816 1360 3874 atque
1394 3803 1698 3873 iniquitatis
1729 3805 1950 3875 dispen-

380 3908 532 3963 sator
567 3897 862 3968 prudenter
886 3896 1017 3967 egit.
1047 3894 1186 3962 Quin
1226 3895 1389 3950 etiam
1422 3892 1551 3955 Filii
1575 3894 1731 3964 Itujus
1773 3895 1953 3955 διεσαιὶ

378 3993 742 4067 prudentiores
784 3992 909 4061 ﬁliis
950 3989 1080 4044 lucis
1130 3990 1184 4043 in
1236 3990 1576 4059 generatione
1617 4005 1715 4042 sua
1742 3998 1867 4045 sunt
1883 3987 1950 4040 “.

380 4084 519 4152 Quid
557 4093 739 4137 autem
789 4098 892 4137 vox
940 4081 1176 4151 prudens
1228 4080 1519 4149 significet,
1565 4078 1765 4144 Paulus
1801 4078 1959 4141 nobis

380 4177 438 4231 in
482 4190 581 4236 sua
620 4174 686 4231 ad
724 4173 1033 4229 Corinthios
1077 4171 1319 4240 Epistola
1360 4170 1631 4239 exposuit,
1662 4172 1789 4223 dum
1824 4169 1897 4223 ait
1935 4186 1947 4221 :

384 4266 566 4323 Timeo
598 4276 796 4331 autem,
830 4280 893 4320 ne
911 4266 1048 4317 sicut
1082 4278 1293 4331 serpens
1319 4264 1527 4323 seduxit
1557 4260 1725 4324 Evam
1756 4259 1955 4319 astutia

383 4376 480 4414 sua
498 4359 565 4413 ⁸⁷.
590 4357 781 4413 Docuit
808 4355 950 4411 enim
979 4353 1388 4422 vituperabilem
1413 4352 1751 4423 prudentiam
1788 4352 1957 4407 bisto-

2044 1888 2140 1942 καὶ
2182 1887 2290 1941 τῶν
2324 1887 2628 1959 δυνάμεων,
2660 1885 2755 1939 καὶ
2784 1884 2963 1956 πάσης
2989 1886 3088 1954 τῆς
3121 1883 3248 1955 περὶ
3275 1883 3344 1935 τὰ
3374 1880 3614 1951 ὑπερκό-

2041 1996 2179 2050 σμια
2210 1978 2390 2050 δόξης,
2415 1978 2507 2030 τὸν
2540 1974 2761 2047 βασιλέα
2790 1974 2890 2045 τῆς
2925 1973 3083 2045 δόξης
3131 1972 3228 2027 καὶ
3266 1971 3474 2042 Κύριον
3503 1969 3621 2031 τῶν⁹

2038 2070 2319 2141 δυνάμεων
2348 2068 2562 2122 ὲννοιῖιν.
2624 2067 2683 2119 '0
2731 2065 2912 2137 μέντοι
2944 2064 3131 2118 ἑαυτὸν
3167 2061 3488 2135 μακαρίζων
3521 2061 3613 2115 καὶ

2042 2163 2376 2233 ὑπεραίρων,
2412 2159 2721 2231 οἱησίσοφός
2744 2157 2819 2230 (1)
2857 2175 2941 2221 τις
2970 2157 3062 2211 καὶ
3096 2156 3448 2228 ματαιόφρων
3479 2154 3616 2225 μᾶλς

2040 2252 2131 2308 λον
2162 2253 2388 2315 δικαίως
2426 2251 2459 2322 ἢ
2502 2250 2674 2320 μέγας
2722 2245 2863 2300 κατὰ
2916 2247 3040 2302 νοῦν
3080 2246 3416 2317 ὀνομάζοιτο.
3466 2243 3615 2314 Πλὴν

2041 2346 2179 2409 ἀλλ’,
2214 2344 2404 2415 ἐπειδὴ
2442 2342 2667 2412 σύνηθες
2694 2343 2761 2412 τῇ
2790 2340 2979 2411 Γραφῇ
3012 2342 3077 2409 τῇ
3111 2337 3218 2391 τῶν
3262 2335 3474 2390 πολλῶν
3499 2336 3617 2404 οἰή-

2043 2456 2127 2492 σει
2179 2439 2316 2509 πρῦς
2348 2436 2446 2500 τὰς
2478 2435 2773 2506 ὀνομασίας
2811 2432 3144 2497 ἀκολουθεῖν,
3199 2429 3374 2500 μέγαν
3423 2427 3617 2498 εἴρηκε

2042 2528 2188 2594 νοῦν,
2216 2530 2275 2582 οὑ
2304 2528 2365 2582 τὸ
2384 2531 2451 2599 τῇ
2477 2527 2636 2597 φύσει
2669 2529 2952 2599 μεγαλεῖον
2980 2518 3442 2598 προσμαρτυρῶν,
3480 2518 3618 2572 ἀλλά

2042 2622 2103 2677 τὸ
2134 2624 2199 2676 ὲκ
2218 2621 2319 2691 τῆς
2344 2622 2574 2692 οἰήσεως
2606 2619 2971 2692 ἐπιφημισθὲν
2995 2617 3143 2687 αὑτῷ
3178 2614 3482 2684 ὀνομάζων.
3519 2610 3619 2664 Διά

2042 2712 2203 2765 τοῦτο
2228 2712 2471 2777 κολάζων
2500 2713 2875 2783 ὑπερηφανίαν
2899 2712 2928 2763 6
2965 2709 3188 2779 Κύριος,
3221 2706 3314 2760 καὶ
3341 2701 3621 2769 ταπεινῶν

2046 2804 2211 2858 αὑτοῦ
2243 2804 2340 2876 τὴν
2375 2804 2844 2877 ὑψηλοφροσὺνην,
2874 2802 3099 2871 ἐπάγειν
3134 2799 3352 2867 λέγεται
3406 2796 3500 2850 ἐπὶ
3527 2796 3619 2849 τὸν

2046 2896 2168 2950 νοῦν
2184 2896 2274 2950 τὸν
2289 2896 2460 2966 μέγαν
2476 2896 2583 2949 τῶν
2600 2897 2916 2967 Ἀσσυρίων.
2936 2894 3046 2964 Τὴν
3061 2893 3117 2947 δὲ
3134 2890 3335 2960 ἀσθενῆ
3351 2888 3620 2957 ὑπόληψιν

2046 2985 2364 3057 ἐξελέγχων,
2387 2987 2481 3039 ἐπὶ
2500 2986 2561 3038 τὺ
2587 2985 2722 3056 Gaio;
2737 2985 2871 3054 φησὶ
2895 2983 2995 3053 τῆς
3016 2981 3176 3051 δόξης
3197 2979 3299 3034 τῶν
3326 2976 3623 3047 ὀφθαλμῶν

1974 3114 2019 3176 C
2050 3068 2213 3176 αὑτοῦ
2245 3077 2466 3176 ἐπάξειν
2488 3076 2562 3147 (2)
2592 3077 2692 3147 τὴν
2722 3075 2965 3132 κόλασιν.
2999 3073 3111 3127 Καὶ
3134 3071 3379 3176 γὰρ-,τὴν
3410 3068 3575 3135 δόξαν
3600 3110 3620 3134 ,

2050 3162 2363 3235 πολύσημον
2390 3159 2557 3218 οὖσαν
2588 3164 2796 3235 φωνὴν,
2827 3163 2969 3219 κατά
3005 3162 3063 3215 ἓν
3096 3161 3174 3231 (5)
3213 3160 3323 3214 τῶν
3368 3174 3627 3229 σημαινο-

2051 3256 2228 3326 μένων
2256 3255 2523 3326 ὼρίσαντό
2548 3273 2715 3321 τινες,
2747 3254 2949 3324 ἀσθενῆ
2976 3252 3264 3323 ὑπόληψιν.

2068 3511 2075 3515 ’
2121 3523 2248 3580 258.
2279 3522 2511 3577 Δὺναται
2536 3521 2593 3593 δὲ
2622 3524 2651 3576 6
2677 3522 2801 3591 νοῦς
2828 3523 2858 3575 6
2889 3538 3059 3593 μεγας
3083 3522 3178 3583 καὶ
3215 3521 3244 3573 6
3276 3519 3560 3591 φρόνιμος,
3601 3519 3634 3572 6

2051 3617 2175 3671 ἀντὶ
2206 3616 2300 3670 τοῦ
2330 3614 2639 3687 πανούργου
2662 3614 3093 3686 λαμϐανόμενος.
3137 3613 3245 3680 Ὧς,
3275 3612 3333 3665 'U
3356 3610 3479 3678 ὑφις
3494 3626 3634 3680 φρο-

2052 3710 2355 3782 νιμώτερος
2376 3712 2482 3765 τῶν
2516 3712 2724 3783 θηρίων
2755 3709 2863 3763 τῶν
2895 3708 2989 3762 ἐπὶ
3018 3707 3118 3777 τῆς
3147 3706 3250 3775 γῆς
3268 3720 3282 3734 ’
3314 3703 3409 3757 καὶ
3429 3704 3458 3755 6
3481 3704 3636 3757 obto-

2052 3801 2216 3871 νόμος
2242 3802 2339 3873 τῆς
2366 3802 2581 3866 ἀδικίας
2616 3801 2895 3873 φρονίμως
2940 3797 3184 3863 ἐποίησε.
3228 3795 3356 3857 Καὶ,
3400 3796 3467 3847 ω
3506 3793 3633 3847 υἱοὶ

2053 3891 2159 3945 τοῦ
2191 3890 2404 3957 αἰῶνος
2427 3893 2640 3946 τούτου
2665 3886 3086 3960 φρονιμώτεροι
3111 3881 3263 3953 ὑπὲρ
3290 3880 3432 3946 τοὺς
3452 3879 3636 3945 υἱοὺς

2054 3984 2161 4037 τοῦ
2194 3983 2387 4053 φωτός
2411 3986 2498 4049 εὶς
2530 3982 2644 4051 τὴν
2666 3976 3128 4050 γενεὰνβύτῶν.
3187 3973 3535 4042 Ἡρμήνευσε
3578 3969 3637 4023 δὲ

2054 4078 2185 4148 ἡμῖν
2222 4078 2251 4129 6
2290 4075 2609 4139 Ἀπόστολος
2641 4073 2733 4126 τοῦ
2755 4071 3044 4143 φρονίμου
3075 4068 3173 4139 τὴν
3215 4065 3443 4128 ἔννοιαν,
3474 4062 3536 4115 ὲν
3564 4064 3635 4132 τῇ

2059 4167 2196 4241 πρὸς
2223 4165 2561 4238 Κορινθίους,
2594 4163 2761 4218 είπὼν
2787 4181 2799 4192 ·
2833 4161 3132 4230 Φοϐοῦμαι
3170 4155 3259 4222 δὲ,
3301 4154 3517 4225 μήπως
3555 4153 3634 4223 (4)

2059 4261 2139 4324 ὡς
2167 4262 2199 4314 ό
2229 4258 2365 4327 ὄφις
2386 4256 2772 4326 ἐξηπάτησεν
2788 4253 2952 4309 Εὕαν
2983 4252 3052 4306 ἐν
3071 4249 3148 4319 τῇ
3171 4245 3504 4315 πανουργίᾳ
3526 4246 3640 4298 αὑ-

2059 4352 2188 4407 τοῦ.
2226 4349 2433 4418 Ἐδειξε
2468 4349 2596 4420 γὰρ,
2626 4350 2762 4418 ὃτιή
2800 4344 3009 4417 ἱστορία
3029 4342 3125 4414 τὴν
3146 4339 3352 4411 ψεκτὴν
3384 4336 3464 4405 (5)
3496 4352 3638 4407 φρο-

387 4450 482 4506 ιίω
526 4446 838 4507 testimonio
869 4444 1111 4514 serpenti
1165 4443 1422 4498 tributam
1469 4442 1662 4509 fuisse,
1696 4459 1815 4501 cum
1845 4444 1942 4512 ipsi

2064 4445 2331 4515 νιμότητα
2363 4443 2443 4515 τῷ
2475 4442 2594 4512 ὄφει
2649 4439 3081 4511 προσμαρτυρεῖ,
3130 4436 3194 4488 ὲκ
3232 4432 3326 4485 τοῦ
3360 4430 3523 4485 αὑτὸν
3555 4429 3640 4490 είς

386 4553 575 4593 vocem
603 4537 938 4607 prudentiam
971 4534 1024 4588 in
1057 4532 1315 4587 astutiam
1350 4542 1694 4588 trausmutet.
1730 4533 1821 4587 Sic
1853 4533 1955 4603 igi-

389 4640 480 4686 tur
501 4637 556 4683 et
581 4642 736 4683 mens
764 4640 956 4695 magna
985 4632 1233 4689 vocatur,
1266 4639 1372 4678 non
1398 4627 1468 4679 ob
1506 4625 1796 4694 quidquam
1839 4626 1958 4678 Iau-

386 4719 565 4775 dabile
598 4717 1074 4790 (quemadmodum
1122 4726 1371 4771 statuere
1405 4715 1498 4785 qui
1540 4716 1683 4785 apud
1736 4714 1956 4773 Graecos

388 4813 676 4883 diligenter
699 4810 805 4866 vim
837 4810 1124 4865 verborum
1152 4819 1315 4881 atque
1341 4810 1789 4881 signiﬁcationem
1839 4825 1960 4880 per-

2067 4514 2796 4608 πανουργίανμεταϐάλλειν
2849 4529 2910 4584 τό
2956 4529 3269 4599 φρόνιμον.
3313 4522 3502 4583 Οῦτως
3538 4514 3639 4572 οὖν

2067 4630 2163 4684 καὶ
2186 4629 2310 4693 νοῦς
2336 4628 2529 4700 μέγας,
2542 4627 2603 4679 οὐ
2626 4625 2768 4680 κατά
2783 4640 2925 4685 τινος
2941 4616 3247 4679 ἐπαινετοῦ,
3265 4616 3339 4679 ὡς
3353 4615 3404 4667 οἱ
3418 4612 3488 4666 τά
3503 4608 3638 4680 παρ’

2067 4719 2296 4789 Ἕλλησι
2342 4716 2715 4788 σημαινόμενα
2760 4710 3111 4785 ἀκριϐοῦντες
3142 4706 3355 4774 ἔταξαν,
3385 4703 3640 4771 λέγοντες

2066 4813 2157 4867 τὸν
2184 4812 2308 4865 νοῦν
2326 4806 2465 4863 εἶναι
2501 4808 2762 4880 φρόνησιν
2801 4796 3464 4875 συνεστραμμένην,ἀλλά
3477 4792 3644 4864 ψευδ-

387 4904 628 4974 quirunt,
667 4902 803 4958 adeo
845 4909 905 4956 ut
958 4900 1146 4957 dicant
1180 4909 1416 4957 mentem
1461 4914 1582 4957 esse
1620 4902 1942 4984 prudentiae

2068 4903 2321 4975 ωνύμως.
2345 4903 2415 4954 Ἢ
2453 4900 2614 4964 αὐτὸς
2636 4897 2824 4969 ἑαυτὸν
2853 4892 3243 4965 ὲκθαυμάζων,
3275 4889 3311 4961 ἦ
3337 4887 3493 4958 παρά
3525 4883 3646 4955 τῶν

461 5093 509 5127 ⁸⁸
533 5092 677 5151 Psal.
704 5106 865 5154 χχιιι,
897 5050 953 5156 8,
986 5088 1074 5148 10.
1178 5090 1225 5124 ⁸³
1253 5090 1388 5148 Gen.
1418 5105 1504 5155 ιιι,
1536 5089 1593 5160 1.,
1664 5089 1710 5122 ⁸⁸
1741 5087 1874 5145 Luc.
1902 5103 1942 5146 ι

2048 5086 2099 5159 Β.
2170 5086 2215 5119 ⁸⁷
2243 5085 2259 5139 1
2289 5083 2413 5143 Cor.
2439 5100 2517 5155 ιι,
2538 5083 2591 5140 5.

458 5250 573 5325 (98)
613 5248 772 5325 Hunc
800 5250 974 5325 locum
998 5263 1071 5325 ex_
1097 5244 1415 5325 nnsgrissex
1443 5259 1573 5299 mss.
1600 5244 1956 5325 restituimus.

388 5313 644 5391 lu'pr'ius
689 5319 884 5383 editis,
926 5333 1023 5389 pro
1049 5314 1378 5390 ὑπερϐολήν,
1432 5325 1684 5386 corrupte
1728 5313 1959 5385 legitur,

389 5390 775 5533 onoggﬁb‘l’diti,
805 5457 1130 5584 TEVOéLévwv.
1160 5456 1231 5510 At
1263 5469 1393 5512 mss.
1428 5468 1546 5520 sex,
1572 5452 1888 5525 γινομένων.

462 5462 539 5604 ξι)
580 5531 864 5604 Antiquior
957 5526 1224 5604 ontbgiisii
1275 5525 1452 5604 codex
1501 5535 1555 5579 et
1606 5525 1695 5604 alii
1739 5534 1888 5604 quati;

493 5525 864 5602 l)'Antiquior
914 5525 1224 5602 Combgiisii
1275 5525 1452 5602 codex
1501 5535 1555 5579 et
1606 5525 1695 5602 alii
1739 5534 1968 5602 quat-nor

389 5594 497 5660 una
517 5594 678 5672 (voce,
706 5594 1039 5672 olqgiaorpog.
1070 5595 1464 5672 _l_'3diti_duabt_ts
1504 5594 1764 5672 vocibus,
1794 5594 1968 5672 οίῄσει

410 5671 576 5735 ιοφός.
620 5662 1105 5723 Αιιθι”ϐοιιιὶ)θῐίεἱί
1148 5666 1341 5735 codex,
1378 5664 1808 5735 οίησισοφιστής.
1849 5662 1969 5716 δίου

396 5734 490 5815 (iui
528 5737 683 5805 editi,
710 5737 910 5810 μᾶλλον
942 5736 1025 5793 ἄν.
1056 5735 1258 5794 Vocula
1294 5734 1358 5788 ἀν
1386 5734 1603 5792 ἱιιιιιεε.
1637 5734 1971 5805 nequaquam

392 5668 928 5742 σοφόςηᾹιιθιξξςοιιι

2067 5244 2280 5302 lenitur.

2118 5260 2351 5387 8(3)"$ic
2374 5310 2672 5387 nostrisa:
2707 5321 2840 5387 mss.
2877 5304 2951 5360 At
2980 5303 3136 5387 editi,-
3176 5299 3388 5387 έπόιξειἔ

2140 5367 2219 5453 2-33
2256 5367 2421 5447 Etim,
2458 5381 2579 5437 καθ’
2602 5378 2934 5453 ’ἐνηνειειιρε
2962 5389 3057 5428 sex
3086 5373 3229 5435 non,
3252 5368 3396 5424 κατά
3416 5367 3496 5424 ιν.

2262 5455 2510 5530 Sic__tnss.
2534 5452 2602 5506 At
2636 5450 2785 5530 editi,
2810 5447 3081 5530 μήποτε..
3171 5512 3220 5530 γ’
3253 5528 3257 5530 Δ
3328 5508 3468 5530 ΒΜ

2144 5503 2219 5596 (ei)
2258 5503 2507 5596 colliga;
2533 5503 2661 5596 iieg'
2680 5503 2865 5596 nega,
2886 5503 2896 5517 '
2916 5514 3012 5596 τὴν
3055 5512 3302 5596 ψεκτήν.
3328 5508 3493 5596 ιιιιῖιι,
3524 5503 3649 5596 ενι

2072 5578 2360 5719 icit-imm,
2400 5590 2562 5646 male.
2605 5587 2713 5644 Nec
2757 5578 3036 5645 i't'a'mul'to
3061 5578 3179 5655 post
3212 5578 3315 5638 duo
3343 5594 3498 5644 mss.,
3521 5578 3649 5644 επις

2113 5664 2290 5719 άλλειν
2320 5663 2379 5719 τὸ
2414 5661 2685 5719 φρόνημα.

2113 5661 2304 5721 eum
2320 5663 2379 5719 τὸ
2414 5661 2685 5733 φρόνημα.
