  <div class='ocr_page' id='page_1' title='image "/cluster/home/n/w/nwhite01/storage/ocr_20150623/30/nnc1.0046978810/282.png"; bbox 0 0 3810 6214; ppageno 0'>
   <div class='ocr_carea' id='block_1_1' title="bbox 146 224 242 282">
    <p class='ocr_par' dir='ltr' id='par_1_1' title="bbox 146 224 242 282">
     <span class='ocr_line' id='line_1_1' title="bbox 146 224 242 282; baseline -0.021 0"><span class='ocrx_word' id='word_1_1' title='bbox 146 224 242 282; x_wconf 75' lang='lat'><strong>531</strong></span> 
     </span>
    </p>
   </div>
   <div class='ocr_carea' id='block_1_2' title="bbox 974 221 2495 296">
    <p class='ocr_par' dir='ltr' id='par_1_2' title="bbox 974 221 2495 296">
     <span class='ocr_line' id='line_1_2' title="bbox 974 221 2495 296; baseline 0.003 -16"><span class='ocrx_word' id='word_1_2' title='bbox 974 221 1336 280; x_wconf 74' lang='lat' dir='ltr'><strong>COMMENT.</strong></span> <span class='ocrx_word' id='word_1_3' title='bbox 1375 223 1446 279; x_wconf 78' lang='lat' dir='ltr'><strong>IN</strong></span> <span class='ocrx_word' id='word_1_4' title='bbox 1482 223 1716 281; x_wconf 76' lang='lat' dir='ltr'><strong>ISAIAM</strong></span> <span class='ocrx_word' id='word_1_5' title='bbox 1754 225 2196 288; x_wconf 70' lang='lat' dir='ltr'><strong>PROPHETAM.</strong></span> <span class='ocrx_word' id='word_1_6' title='bbox 2235 228 2388 289; x_wconf 77' lang='lat' dir='ltr'><strong>CAP.</strong></span> <span class='ocrx_word' id='word_1_7' title='bbox 2426 229 2495 296; x_wconf 62' lang='grc' dir='ltr'>Χ,</span> 
     </span>
    </p>
   </div>
   <div class='ocr_carea' id='block_1_3' title="bbox 3266 232 3369 290">
    <p class='ocr_par' dir='ltr' id='par_1_3' title="bbox 3266 232 3369 290">
     <span class='ocr_line' id='line_1_3' title="bbox 3266 232 3369 290; baseline 0 0"><span class='ocrx_word' id='word_1_8' title='bbox 3266 232 3369 290; x_wconf 76' lang='lat'><strong>538</strong></span> 
     </span>
    </p>
   </div>
   <div class='ocr_carea' id='block_1_4' title="bbox 147 334 1721 412">
    <p class='ocr_par' dir='ltr' id='par_1_4' title="bbox 147 334 1704 408">
     <span class='ocr_line' id='line_1_4' title="bbox 147 334 1704 408; baseline 0.001 -18"><span class='ocrx_word' id='word_1_9' title='bbox 147 335 373 390; x_wconf 72' lang='grc' dir='ltr'>ιολάκων</span> <span class='ocrx_word' id='word_1_10' title='bbox 411 334 559 388; x_wconf 73' lang='grc' dir='ltr'>οὕτω</span> <span class='ocrx_word' id='word_1_11' title='bbox 615 335 1157 408; x_wconf 70' lang='grc' dir='ltr'>προσαγορευόμενος</span> <span class='ocrx_word' id='word_1_12' title='bbox 1180 375 1196 401; x_wconf 93' lang='grc'><strong>,</strong></span> <span class='ocrx_word' id='word_1_13' title='bbox 1248 335 1561 408; x_wconf 83' lang='grc' dir='ltr'>ὠνόμασται</span> <span class='ocrx_word' id='word_1_14' title='bbox 1609 336 1704 391; x_wconf 92' lang='grc' dir='ltr'><strong>νῦν</strong></span> 
     </span>
    </p>
   </div>
   <div class='ocr_carea' id='block_1_5' title="bbox 1813 334 3372 412">
    <p class='ocr_par' dir='ltr' id='par_1_5' title="bbox 1813 337 3372 412">
     <span class='ocr_line' id='line_1_5' title="bbox 1813 337 3372 412; baseline 0.002 -17"><span class='ocrx_word' id='word_1_15' title='bbox 1813 337 2159 412; x_wconf 69' lang='lat' dir='ltr'><strong>contortam),</strong></span> <span class='ocrx_word' id='word_1_16' title='bbox 2191 343 2286 397; x_wconf 88' lang='lat' dir='ltr'><strong>sed</strong></span> <span class='ocrx_word' id='word_1_17' title='bbox 2354 338 2491 394; x_wconf 79' lang='lat' dir='ltr'><strong>falso</strong></span> <span class='ocrx_word' id='word_1_18' title='bbox 2552 348 2608 396; x_wconf 90' lang='lat' dir='ltr'><strong>et</strong></span> <span class='ocrx_word' id='word_1_19' title='bbox 2654 340 2926 407; x_wconf 78' lang='lat' dir='ltr'><strong>simulate.</strong></span> <span class='ocrx_word' id='word_1_20' title='bbox 2961 337 3068 396; x_wconf 72' lang='lat' dir='ltr'><strong>Aut</strong></span> <span class='ocrx_word' id='word_1_21' title='bbox 3114 339 3188 396; x_wconf 86' lang='lat' dir='ltr'><strong>ita</strong></span> <span class='ocrx_word' id='word_1_22' title='bbox 3228 356 3372 398; x_wconf 88' lang='lat' dir='ltr'><strong>nunc</strong></span> 
     </span>
    </p>
   </div>
   <div class='ocr_carea' id='block_1_6' title="bbox 148 414 1707 505">
    <p class='ocr_par' dir='ltr' id='par_1_6' title="bbox 148 414 1707 505">
     <span class='ocr_line' id='line_1_6' title="bbox 148 414 1707 505; baseline 0.002 -27"><span class='ocrx_word' id='word_1_23' title='bbox 148 422 283 495; x_wconf 69' lang='grc' dir='ltr'>παρὰ</span> <span class='ocrx_word' id='word_1_24' title='bbox 311 422 408 494; x_wconf 80' lang='grc' dir='ltr'>τῆς</span> <span class='ocrx_word' id='word_1_25' title='bbox 438 423 690 505; x_wconf 76' lang='grc' dir='ltr'><strong>Γραφῆς.</strong></span> <span class='ocrx_word' id='word_1_26' title='bbox 718 414 886 486; x_wconf 77' lang='grc' dir='ltr'>Οὗτος</span> <span class='ocrx_word' id='word_1_27' title='bbox 920 423 976 476; x_wconf 83' lang='grc' dir='ltr'>δὲ</span> <span class='ocrx_word' id='word_1_28' title='bbox 1000 426 1028 477; x_wconf 99' lang='lat'><strong>6</strong></span> <span class='ocrx_word' id='word_1_29' title='bbox 1065 425 1186 488; x_wconf 89' lang='grc' dir='ltr'>νοῦς</span> <span class='ocrx_word' id='word_1_30' title='bbox 1225 427 1254 478; x_wconf 91' lang='lat'><strong>6</strong></span> <span class='ocrx_word' id='word_1_31' title='bbox 1291 426 1484 497; x_wconf 84' lang='grc' dir='ltr'>μέγας,</span> <span class='ocrx_word' id='word_1_32' title='bbox 1520 426 1707 498; x_wconf 76' lang='grc' dir='ltr'>ἐπειδὴ</span> 
     </span>
    </p>
   </div>
   <div class='ocr_carea' id='block_1_7' title="bbox 147 510 1708 590">
    <p class='ocr_par' dir='ltr' id='par_1_7' title="bbox 147 510 1708 590">
     <span class='ocr_line' id='line_1_7' title="bbox 147 510 1708 590; baseline 0.004 -23"><span class='ocrx_word' id='word_1_33' title='bbox 147 510 293 578; x_wconf 77' lang='grc' dir='ltr'>οἶδεν,</span> <span class='ocrx_word' id='word_1_34' title='bbox 310 515 391 568; x_wconf 71' lang='grc' dir='ltr'>ὅτι</span> <span class='ocrx_word' id='word_1_35' title='bbox 436 513 547 568; x_wconf 83' lang='grc' dir='ltr'>Τοῦ</span> <span class='ocrx_word' id='word_1_36' title='bbox 589 514 775 585; x_wconf 80' lang='grc' dir='ltr'>σοφοῦ,</span> <span class='ocrx_word' id='word_1_37' title='bbox 805 515 899 569; x_wconf 87' lang='grc' dir='ltr'><strong>τοῦ</strong></span> <span class='ocrx_word' id='word_1_38' title='bbox 928 531 992 585; x_wconf 84' lang='grc' dir='ltr'><strong>γε</strong></span> <span class='ocrx_word' id='word_1_39' title='bbox 1035 516 1111 586; x_wconf 85' lang='grc'><strong>(6)</strong></span> <span class='ocrx_word' id='word_1_40' title='bbox 1140 518 1408 590; x_wconf 78' lang='grc' dir='ltr'><strong>ἀληθινῶς</strong></span> <span class='ocrx_word' id='word_1_41' title='bbox 1447 519 1634 590; x_wconf 86' lang='grc' dir='ltr'>σοφοῦ,</span> <span class='ocrx_word' id='word_1_42' title='bbox 1658 521 1708 581; x_wconf 83' lang='grc' dir='ltr'>οἱ</span> 
     </span>
    </p>
   </div>
   <div class='ocr_carea' id='block_1_8' title="bbox 150 604 1710 679">
    <p class='ocr_par' dir='ltr' id='par_1_8' title="bbox 150 604 1710 679">
     <span class='ocr_line' id='line_1_8' title="bbox 150 604 1710 679; baseline 0.003 -19"><span class='ocrx_word' id='word_1_43' title='bbox 150 604 395 677; x_wconf 69' lang='grc' dir='ltr'>ὀφθαλμοὶ</span> <span class='ocrx_word' id='word_1_44' title='bbox 451 606 549 660; x_wconf 74' lang='grc' dir='ltr'><strong>ὲπὶ</strong></span> <span class='ocrx_word' id='word_1_45' title='bbox 611 608 712 679; x_wconf 85' lang='grc' dir='ltr'>τῆς</span> <span class='ocrx_word' id='word_1_46' title='bbox 760 608 1004 677; x_wconf 83' lang='grc' dir='ltr'><strong>κεφαλῆς</strong></span> <span class='ocrx_word' id='word_1_47' title='bbox 1056 608 1221 663; x_wconf 79' lang='grc' dir='ltr'>αὑτοῦ</span> <span class='ocrx_word' id='word_1_48' title='bbox 1249 649 1264 674; x_wconf 90' lang='grc'><strong>,</strong></span> <span class='ocrx_word' id='word_1_49' title='bbox 1327 610 1537 677; x_wconf 78' lang='grc' dir='ltr'>δοξάζει</span> <span class='ocrx_word' id='word_1_50' title='bbox 1582 611 1710 674; x_wconf 80' lang='grc' dir='ltr'>τοὺς</span> 
     </span>
    </p>
   </div>
   <div class='ocr_carea' id='block_1_9' title="bbox 150 697 1705 774">
    <p class='ocr_par' dir='ltr' id='par_1_9' title="bbox 150 697 1705 774">
     <span class='ocr_line' id='line_1_9' title="bbox 150 697 1705 774; baseline 0.006 -25"><span class='ocrx_word' id='word_1_51' title='bbox 150 697 437 768; x_wconf 76' lang='grc' dir='ltr'>ὀφθαλμοὺς</span> <span class='ocrx_word' id='word_1_52' title='bbox 453 697 649 765; x_wconf 78' lang='grc' dir='ltr'>αὑτοῦ,</span> <span class='ocrx_word' id='word_1_53' title='bbox 673 699 749 763; x_wconf 90' lang='grc' dir='ltr'>ὠς</span> <span class='ocrx_word' id='word_1_54' title='bbox 772 701 833 753; x_wconf 84' lang='grc' dir='ltr'><strong>οὐ</strong></span> <span class='ocrx_word' id='word_1_55' title='bbox 859 700 1008 754; x_wconf 85' lang='grc' dir='ltr'>κάτω</span> <span class='ocrx_word' id='word_1_56' title='bbox 1030 700 1264 771; x_wconf 74' lang='grc' dir='ltr'>βλέπων,</span> <span class='ocrx_word' id='word_1_57' title='bbox 1292 702 1413 754; x_wconf 79' lang='grc' dir='ltr'>οὐδὲ</span> <span class='ocrx_word' id='word_1_58' title='bbox 1433 701 1504 755; x_wconf 79' lang='grc' dir='ltr'>τὰ</span> <span class='ocrx_word' id='word_1_59' title='bbox 1523 703 1705 774; x_wconf 84' lang='grc' dir='ltr'>γήινα,</span> 
     </span>
    </p>
   </div>
   <div class='ocr_carea' id='block_1_10' title="bbox 150 787 1706 863">
    <p class='ocr_par' dir='ltr' id='par_1_10' title="bbox 150 787 1706 863">
     <span class='ocr_line' id='line_1_10' title="bbox 150 787 1706 863; baseline 0.003 -22"><span class='ocrx_word' id='word_1_60' title='bbox 150 787 269 841; x_wconf 77' lang='grc' dir='ltr'>ἀλλὰ</span> <span class='ocrx_word' id='word_1_61' title='bbox 290 788 353 840; x_wconf 76' lang='grc' dir='ltr'>τὰ</span> <span class='ocrx_word' id='word_1_62' title='bbox 383 789 643 861; x_wconf 78' lang='grc' dir='ltr'>μετέωρα</span> <span class='ocrx_word' id='word_1_63' title='bbox 673 789 1168 861; x_wconf 88' lang='grc' dir='ltr'>πολυπραγμονῶν,</span> <span class='ocrx_word' id='word_1_64' title='bbox 1191 791 1286 844; x_wconf 80' lang='grc' dir='ltr'>καὶ</span> <span class='ocrx_word' id='word_1_65' title='bbox 1318 791 1417 863; x_wconf 84' lang='grc' dir='ltr'><strong>τὴν</strong></span> <span class='ocrx_word' id='word_1_66' title='bbox 1447 790 1559 845; x_wconf 81' lang='grc' dir='ltr'>ἄνω</span> <span class='ocrx_word' id='word_1_67' title='bbox 1600 791 1706 845; x_wconf 88' lang='grc' dir='ltr'>δια-</span> 
     </span>
    </p>
   </div>
   <div class='ocr_carea' id='block_1_11' title="bbox 150 879 1706 956">
    <p class='ocr_par' dir='ltr' id='par_1_11' title="bbox 150 879 1706 956">
     <span class='ocr_line' id='line_1_11' title="bbox 150 879 1706 956; baseline 0.004 -26"><span class='ocrx_word' id='word_1_68' title='bbox 150 879 320 951; x_wconf 78' lang='grc' dir='ltr'>τριὸὴν</span> <span class='ocrx_word' id='word_1_69' title='bbox 364 881 715 952; x_wconf 81' lang='grc' dir='ltr'>ποιούμενος.</span> <span class='ocrx_word' id='word_1_70' title='bbox 772 882 976 936; x_wconf 84' lang='grc' dir='ltr'>Ὀποῑοί</span> <span class='ocrx_word' id='word_1_71' title='bbox 1016 885 1153 938; x_wconf 77' lang='grc' dir='ltr'>εἰσιν</span> <span class='ocrx_word' id='word_1_72' title='bbox 1176 884 1225 936; x_wconf 90' lang='grc' dir='ltr'>οἱ</span> <span class='ocrx_word' id='word_1_73' title='bbox 1252 883 1403 956; x_wconf 84' lang='grc' dir='ltr'>παρὰ</span> <span class='ocrx_word' id='word_1_74' title='bbox 1436 886 1550 948; x_wconf 82' lang='grc' dir='ltr'>τοῖς</span> <span class='ocrx_word' id='word_1_75' title='bbox 1580 884 1706 937; x_wconf 82' lang='grc' dir='ltr'><strong>Ἕλ-</strong></span> 
     </span>
    </p>
   </div>
   <div class='ocr_carea' id='block_1_12' title="bbox 150 972 1709 1048">
    <p class='ocr_par' dir='ltr' id='par_1_12' title="bbox 150 972 1709 1048">
     <span class='ocr_line' id='line_1_12' title="bbox 150 972 1709 1048; baseline 0.002 -23"><span class='ocrx_word' id='word_1_76' title='bbox 150 973 259 1045; x_wconf 76' lang='grc' dir='ltr'>λησι</span> <span class='ocrx_word' id='word_1_77' title='bbox 286 972 431 1041; x_wconf 82' lang='grc' dir='ltr'>σοφοί</span> <span class='ocrx_word' id='word_1_78' title='bbox 452 987 466 1000; x_wconf 71' lang='grc'><strong>⁸</strong></span> <span class='ocrx_word' id='word_1_79' title='bbox 500 972 599 1026; x_wconf 77' lang='grc' dir='ltr'><strong>τὸν</strong></span> <span class='ocrx_word' id='word_1_80' title='bbox 627 974 726 1040; x_wconf 82' lang='grc' dir='ltr'><strong>μὲν</strong></span> <span class='ocrx_word' id='word_1_81' title='bbox 760 973 872 1042; x_wconf 79' lang='grc' dir='ltr'>βίον</span> <span class='ocrx_word' id='word_1_82' title='bbox 903 973 1118 1044; x_wconf 75' lang='grc' dir='ltr'>ἔχοντες</span> <span class='ocrx_word' id='word_1_83' title='bbox 1144 977 1256 1037; x_wconf 87' lang='grc' dir='ltr'>τοῖς</span> <span class='ocrx_word' id='word_1_84' title='bbox 1284 974 1584 1044; x_wconf 79' lang='grc' dir='ltr'><strong>αἰσχίστοις</strong></span> <span class='ocrx_word' id='word_1_85' title='bbox 1610 976 1709 1048; x_wconf 78' lang='grc' dir='ltr'>τῆς</span> 
     </span>
    </p>
   </div>
   <div class='ocr_carea' id='block_1_13' title="bbox 154 1065 1710 1141">
    <p class='ocr_par' dir='ltr' id='par_1_13' title="bbox 154 1065 1710 1141">
     <span class='ocr_line' id='line_1_13' title="bbox 154 1065 1710 1141; baseline 0.003 -24"><span class='ocrx_word' id='word_1_86' title='bbox 154 1066 333 1136; x_wconf 73' lang='grc' dir='ltr'>σαρκὸς</span> <span class='ocrx_word' id='word_1_87' title='bbox 362 1065 595 1119; x_wconf 79' lang='grc' dir='ltr'><strong>πάθεσιν</strong></span> <span class='ocrx_word' id='word_1_88' title='bbox 643 1066 1148 1138; x_wconf 78' lang='grc' dir='ltr'><strong>ἐγκαλινδούμενον,</strong></span> <span class='ocrx_word' id='word_1_89' title='bbox 1182 1065 1249 1119; x_wconf 75' lang='grc' dir='ltr'>τὰ</span> <span class='ocrx_word' id='word_1_90' title='bbox 1280 1066 1340 1120; x_wconf 83' lang='grc' dir='ltr'>δὲ</span> <span class='ocrx_word' id='word_1_91' title='bbox 1379 1069 1507 1139; x_wconf 74' lang='grc' dir='ltr'>περὶ</span> <span class='ocrx_word' id='word_1_92' title='bbox 1543 1069 1602 1121; x_wconf 82' lang='grc' dir='ltr'><strong>οὐ</strong></span> <span class='ocrx_word' id='word_1_93' title='bbox 1616 1086 1710 1141; x_wconf 88' lang='grc' dir='ltr'><strong>ρα-</strong></span> 
     </span>
    </p>
   </div>
   <div class='ocr_carea' id='block_1_14' title="bbox 150 1154 1709 1232">
    <p class='ocr_par' dir='ltr' id='par_1_14' title="bbox 150 1154 1709 1232">
     <span class='ocr_line' id='line_1_14' title="bbox 150 1154 1709 1232; baseline 0.004 -25"><span class='ocrx_word' id='word_1_94' title='bbox 150 1154 228 1207; x_wconf 80' lang='grc' dir='ltr'><strong>νοῦ</strong></span> <span class='ocrx_word' id='word_1_95' title='bbox 255 1155 342 1208; x_wconf 70' lang='grc' dir='ltr'><strong>καὶ</strong></span> <span class='ocrx_word' id='word_1_96' title='bbox 388 1156 670 1228; x_wconf 80' lang='grc' dir='ltr'>ἀστέρων,</span> <span class='ocrx_word' id='word_1_97' title='bbox 709 1158 804 1210; x_wconf 77' lang='grc' dir='ltr'><strong>καὶ</strong></span> <span class='ocrx_word' id='word_1_98' title='bbox 848 1157 957 1211; x_wconf 89' lang='grc' dir='ltr'><strong>τῶν</strong></span> <span class='ocrx_word' id='word_1_99' title='bbox 996 1157 1275 1229; x_wconf 83' lang='grc' dir='ltr'>αἰθερίων,</span> <span class='ocrx_word' id='word_1_100' title='bbox 1303 1158 1397 1211; x_wconf 80' lang='grc' dir='ltr'>καὶ</span> <span class='ocrx_word' id='word_1_101' title='bbox 1444 1158 1551 1214; x_wconf 87' lang='grc' dir='ltr'><strong>τῶν</strong></span> <span class='ocrx_word' id='word_1_102' title='bbox 1579 1161 1709 1232; x_wconf 74' lang='grc' dir='ltr'>περὶ</span> 
     </span>
    </p>
   </div>
   <div class='ocr_carea' id='block_1_15' title="bbox 151 1247 1710 1319">
    <p class='ocr_par' dir='ltr' id='par_1_15' title="bbox 151 1247 1710 1319">
     <span class='ocr_line' id='line_1_15' title="bbox 151 1247 1710 1319; baseline 0.004 -20"><span class='ocrx_word' id='word_1_103' title='bbox 151 1247 228 1299; x_wconf 78' lang='grc' dir='ltr'><strong>τὸν</strong></span> <span class='ocrx_word' id='word_1_104' title='bbox 255 1247 383 1316; x_wconf 78' lang='grc' dir='ltr'><strong>ἀέρα</strong></span> <span class='ocrx_word' id='word_1_105' title='bbox 420 1249 853 1319; x_wconf 79' lang='grc' dir='ltr'><strong>συμπτωμάτων</strong></span> <span class='ocrx_word' id='word_1_106' title='bbox 903 1248 1372 1317; x_wconf 80' lang='grc' dir='ltr'>φυσιολογοῦντες,</span> <span class='ocrx_word' id='word_1_107' title='bbox 1406 1248 1562 1319; x_wconf 82' lang='grc' dir='ltr'>δόξαν</span> <span class='ocrx_word' id='word_1_108' title='bbox 1587 1250 1710 1304; x_wconf 86' lang='grc' dir='ltr'>τινὰ</span> 
     </span>
    </p>
   </div>
   <div class='ocr_carea' id='block_1_16' title="bbox 151 1340 1233 1413">
    <p class='ocr_par' dir='ltr' id='par_1_16' title="bbox 151 1340 1233 1413">
     <span class='ocr_line' id='line_1_16' title="bbox 151 1340 1233 1413; baseline 0.002 -20"><span class='ocrx_word' id='word_1_109' title='bbox 151 1340 336 1393; x_wconf 72' lang='grc' dir='ltr'>ἑαυτῶν</span> <span class='ocrx_word' id='word_1_110' title='bbox 366 1344 481 1405; x_wconf 85' lang='grc' dir='ltr'>τοῖς</span> <span class='ocrx_word' id='word_1_111' title='bbox 506 1340 816 1412; x_wconf 78' lang='grc' dir='ltr'>ὀφθαλμοῖς</span> <span class='ocrx_word' id='word_1_112' title='bbox 842 1340 1233 1413; x_wconf 74' lang='grc' dir='ltr'>περιτιθέασιν.</span> 
     </span>
    </p>
   </div>
   <div class='ocr_carea' id='block_1_17' title="bbox 1811 430 3370 505">
    <p class='ocr_par' dir='ltr' id='par_1_17' title="bbox 1811 430 3370 505">
     <span class='ocr_line' id='line_1_17' title="bbox 1811 430 3370 505; baseline 0.002 -20"><span class='ocrx_word' id='word_1_113' title='bbox 1811 431 2076 502; x_wconf 89' lang='lat' dir='ltr'><strong>appellata</strong></span> <span class='ocrx_word' id='word_1_114' title='bbox 2105 442 2192 489; x_wconf 89' lang='lat' dir='ltr'><strong>est</strong></span> <span class='ocrx_word' id='word_1_115' title='bbox 2233 447 2263 487; x_wconf 86' lang='lat' dir='ltr'><strong>a</strong></span> <span class='ocrx_word' id='word_1_116' title='bbox 2314 430 2622 505; x_wconf 84' lang='lat' dir='ltr'><strong>Scriptura,</strong></span> <span class='ocrx_word' id='word_1_117' title='bbox 2652 432 2793 502; x_wconf 90' lang='lat' dir='ltr'><strong>quod</strong></span> <span class='ocrx_word' id='word_1_118' title='bbox 2823 433 2939 504; x_wconf 86' lang='lat' dir='ltr'><strong>ipsa</strong></span> <span class='ocrx_word' id='word_1_119' title='bbox 2968 432 3068 488; x_wconf 86' lang='lat' dir='ltr'><strong>sibi</strong></span> <span class='ocrx_word' id='word_1_120' title='bbox 3108 441 3250 488; x_wconf 88' lang='lat' dir='ltr'><strong>esset</strong></span> <span class='ocrx_word' id='word_1_121' title='bbox 3271 433 3370 488; x_wconf 83' lang='lat' dir='ltr'><strong>ad-</strong></span> 
     </span>
    </p>
   </div>
   <div class='ocr_carea' id='block_1_18' title="bbox 1810 523 3375 595">
    <p class='ocr_par' dir='ltr' id='par_1_18' title="bbox 1810 523 3375 595">
     <span class='ocr_line' id='line_1_18' title="bbox 1810 523 3375 595; baseline 0.002 -17"><span class='ocrx_word' id='word_1_122' title='bbox 1810 523 2105 589; x_wconf 89' lang='lat' dir='ltr'><strong>mirationi,</strong></span> <span class='ocrx_word' id='word_1_123' title='bbox 2146 533 2241 578; x_wconf 90' lang='lat' dir='ltr'><strong>aut</strong></span> <span class='ocrx_word' id='word_1_124' title='bbox 2286 527 2427 595; x_wconf 88' lang='lat' dir='ltr'><strong>quod</strong></span> <span class='ocrx_word' id='word_1_125' title='bbox 2480 527 2581 581; x_wconf 90' lang='lat' dir='ltr'><strong>hoc</strong></span> <span class='ocrx_word' id='word_1_126' title='bbox 2632 523 2793 580; x_wconf 89' lang='lat' dir='ltr'><strong>modo</strong></span> <span class='ocrx_word' id='word_1_127' title='bbox 2834 523 2902 584; x_wconf 82' lang='lat' dir='ltr'><strong>ab</strong></span> <span class='ocrx_word' id='word_1_128' title='bbox 2948 526 3375 581; x_wconf 75' lang='lat' dir='ltr'><strong>assentatoribus</strong></span> 
     </span>
    </p>
   </div>
   <div class='ocr_carea' id='block_1_19' title="bbox 1811 612 3373 684">
    <p class='ocr_par' dir='ltr' id='par_1_19' title="bbox 1811 612 3373 684">
     <span class='ocr_line' id='line_1_19' title="bbox 1811 612 3373 684; baseline 0.001 -18"><span class='ocrx_word' id='word_1_129' title='bbox 1811 622 2113 668; x_wconf 91' lang='lat' dir='ltr'><strong>vocaretur.</strong></span> <span class='ocrx_word' id='word_1_130' title='bbox 2149 612 2274 670; x_wconf 68' lang='lat' dir='ltr'><strong>Haec</strong></span> <span class='ocrx_word' id='word_1_131' title='bbox 2319 625 2501 671; x_wconf 85' lang='lat' dir='ltr'><strong>autem</strong></span> <span class='ocrx_word' id='word_1_132' title='bbox 2553 629 2703 669; x_wconf 90' lang='lat' dir='ltr'><strong>mens</strong></span> <span class='ocrx_word' id='word_1_133' title='bbox 2759 628 2976 684; x_wconf 83' lang='lat' dir='ltr'><strong>magna,</strong></span> <span class='ocrx_word' id='word_1_134' title='bbox 3033 629 3156 668; x_wconf 91' lang='lat' dir='ltr'><strong>cum</strong></span> <span class='ocrx_word' id='word_1_135' title='bbox 3205 614 3373 669; x_wconf 90' lang='lat' dir='ltr'><strong>semel</strong></span> 
     </span>
    </p>
   </div>
   <div class='ocr_carea' id='block_1_20' title="bbox 1811 702 3371 774">
    <p class='ocr_par' dir='ltr' id='par_1_20' title="bbox 1811 702 3371 774">
     <span class='ocr_line' id='line_1_20' title="bbox 1811 702 3371 774; baseline 0.001 -18"><span class='ocrx_word' id='word_1_136' title='bbox 1811 702 1959 756; x_wconf 81' lang='lat' dir='ltr'><strong>novit</strong></span> <span class='ocrx_word' id='word_1_137' title='bbox 2002 703 2295 774; x_wconf 76' lang='lat' dir='ltr'><strong>Sapientis,</strong></span> <span class='ocrx_word' id='word_1_138' title='bbox 2325 703 2441 773; x_wconf 86' lang='lat' dir='ltr'><strong>ejus</strong></span> <span class='ocrx_word' id='word_1_139' title='bbox 2482 704 2692 759; x_wconf 84' lang='lat' dir='ltr'><strong>scilicet</strong></span> <span class='ocrx_word' id='word_1_140' title='bbox 2728 702 2822 772; x_wconf 82' lang='lat' dir='ltr'><strong>qui</strong></span> <span class='ocrx_word' id='word_1_141' title='bbox 2863 717 2990 757; x_wconf 83' lang='lat' dir='ltr'><strong>vere</strong></span> <span class='ocrx_word' id='word_1_142' title='bbox 3018 703 3233 771; x_wconf 82' lang='lat' dir='ltr'><strong>sapiens</strong></span> <span class='ocrx_word' id='word_1_143' title='bbox 3264 714 3371 769; x_wconf 90' lang='lat' dir='ltr'><strong>est,</strong></span> 
     </span>
    </p>
   </div>
   <div class='ocr_carea' id='block_1_21' title="bbox 1809 794 3370 868">
    <p class='ocr_par' dir='ltr' id='par_1_21' title="bbox 1809 794 3370 868">
     <span class='ocr_line' id='line_1_21' title="bbox 1809 794 3370 868; baseline 0.001 -21"><span class='ocrx_word' id='word_1_144' title='bbox 1809 794 1999 853; x_wconf 87' lang='lat' dir='ltr'><strong>oculos</strong></span> <span class='ocrx_word' id='word_1_145' title='bbox 2026 810 2147 851; x_wconf 90' lang='lat' dir='ltr'><strong>esse</strong></span> <span class='ocrx_word' id='word_1_146' title='bbox 2198 797 2254 850; x_wconf 91' lang='lat' dir='ltr'><strong>in</strong></span> <span class='ocrx_word' id='word_1_147' title='bbox 2301 798 2479 868; x_wconf 84' lang='lat' dir='ltr'><strong>capite</strong></span> <span class='ocrx_word' id='word_1_148' title='bbox 2522 795 2638 865; x_wconf 88' lang='lat' dir='ltr'><strong>ejus</strong></span> <span class='ocrx_word' id='word_1_149' title='bbox 2655 796 2720 862; x_wconf 80' lang='grc'>⁸⁸,</span> <span class='ocrx_word' id='word_1_150' title='bbox 2767 810 2892 851; x_wconf 88' lang='lat' dir='ltr'><strong>suos</strong></span> <span class='ocrx_word' id='word_1_151' title='bbox 2940 794 3123 857; x_wconf 86' lang='lat' dir='ltr'><strong>laudat</strong></span> <span class='ocrx_word' id='word_1_152' title='bbox 3163 794 3370 861; x_wconf 90' lang='lat' dir='ltr'><strong>oculos,</strong></span> 
     </span>
    </p>
   </div>
   <div class='ocr_carea' id='block_1_22' title="bbox 1810 884 3377 958">
    <p class='ocr_par' dir='ltr' id='par_1_22' title="bbox 1810 884 3377 958">
     <span class='ocr_line' id='line_1_22' title="bbox 1810 884 3377 958; baseline 0.002 -21"><span class='ocrx_word' id='word_1_153' title='bbox 1810 884 2008 955; x_wconf 86' lang='lat' dir='ltr'><strong>quippe</strong></span> <span class='ocrx_word' id='word_1_154' title='bbox 2047 901 2166 956; x_wconf 67' lang='lat' dir='ltr'><strong>qua:</strong></span> <span class='ocrx_word' id='word_1_155' title='bbox 2201 903 2265 942; x_wconf 90' lang='lat' dir='ltr'><strong>ea</strong></span> <span class='ocrx_word' id='word_1_156' title='bbox 2298 903 2418 958; x_wconf 73' lang='lat' dir='ltr'><strong>qua:</strong></span> <span class='ocrx_word' id='word_1_157' title='bbox 2450 889 2598 943; x_wconf 91' lang='lat' dir='ltr'><strong>humi</strong></span> <span class='ocrx_word' id='word_1_158' title='bbox 2645 896 2776 943; x_wconf 86' lang='lat' dir='ltr'><strong>sunt</strong></span> <span class='ocrx_word' id='word_1_159' title='bbox 2806 895 2862 942; x_wconf 92' lang='lat' dir='ltr'><strong>et</strong></span> <span class='ocrx_word' id='word_1_160' title='bbox 2892 896 3125 950; x_wconf 89' lang='lat' dir='ltr'><strong>terrena,</strong></span> <span class='ocrx_word' id='word_1_161' title='bbox 3153 900 3257 940; x_wconf 87' lang='lat' dir='ltr'><strong>non</strong></span> <span class='ocrx_word' id='word_1_162' title='bbox 3288 900 3377 940; x_wconf 87' lang='lat' dir='ltr'><strong>re-</strong></span> 
     </span>
    </p>
   </div>
   <div class='ocr_carea' id='block_1_23' title="bbox 1808 977 3371 1049">
    <p class='ocr_par' dir='ltr' id='par_1_23' title="bbox 1808 977 3371 1049">
     <span class='ocr_line' id='line_1_23' title="bbox 1808 977 3371 1049; baseline -0.001 -17"><span class='ocrx_word' id='word_1_163' title='bbox 1808 978 2023 1048; x_wconf 85' lang='lat' dir='ltr'><strong>spiciat,</strong></span> <span class='ocrx_word' id='word_1_164' title='bbox 2056 981 2149 1034; x_wconf 86' lang='lat' dir='ltr'><strong>sed</strong></span> <span class='ocrx_word' id='word_1_165' title='bbox 2177 989 2453 1034; x_wconf 72' lang='lat' dir='ltr'><strong>scrutetur</strong></span> <span class='ocrx_word' id='word_1_166' title='bbox 2479 979 2786 1049; x_wconf 88' lang='lat' dir='ltr'><strong>diligentius</strong></span> <span class='ocrx_word' id='word_1_167' title='bbox 2810 978 3086 1043; x_wconf 82' lang='lat' dir='ltr'><strong>sublimia,</strong></span> <span class='ocrx_word' id='word_1_168' title='bbox 3116 987 3280 1047; x_wconf 87' lang='lat' dir='ltr'><strong>atque</strong></span> <span class='ocrx_word' id='word_1_169' title='bbox 3313 977 3371 1031; x_wconf 90' lang='lat' dir='ltr'><strong>in</strong></span> 
     </span>
    </p>
   </div>
   <div class='ocr_carea' id='block_1_24' title="bbox 1811 1068 3368 1149">
    <p class='ocr_par' dir='ltr' id='par_1_24' title="bbox 1811 1068 3368 1149">
     <span class='ocr_line' id='line_1_24' title="bbox 1811 1068 3368 1149; baseline -0.002 -25"><span class='ocrx_word' id='word_1_170' title='bbox 1811 1070 2121 1127; x_wconf 64' lang='lat' dir='ltr'><strong>caelestibus</strong></span> <span class='ocrx_word' id='word_1_171' title='bbox 2169 1072 2506 1128; x_wconf 90' lang='lat' dir='ltr'><strong>immoretur.</strong></span> <span class='ocrx_word' id='word_1_172' title='bbox 2562 1072 2838 1142; x_wconf 80' lang='lat' dir='ltr'><strong>Ejusmodi</strong></span> <span class='ocrx_word' id='word_1_173' title='bbox 2891 1079 3017 1125; x_wconf 83' lang='lat' dir='ltr'><strong>sunt</strong></span> <span class='ocrx_word' id='word_1_174' title='bbox 3080 1070 3172 1149; x_wconf 83' lang='lat' dir='ltr'><strong>qui</strong></span> <span class='ocrx_word' id='word_1_175' title='bbox 3226 1068 3368 1138; x_wconf 71' lang='lat' dir='ltr'><strong>apud</strong></span> 
     </span>
    </p>
   </div>
   <div class='ocr_carea' id='block_1_25' title="bbox 1808 1160 3372 1234">
    <p class='ocr_par' dir='ltr' id='par_1_25' title="bbox 1808 1160 3372 1234">
     <span class='ocr_line' id='line_1_25' title="bbox 1808 1160 3372 1234; baseline -0.003 -18"><span class='ocrx_word' id='word_1_176' title='bbox 1808 1160 2024 1218; x_wconf 62' lang='lat' dir='ltr'><strong>Graecos</strong></span> <span class='ocrx_word' id='word_1_177' title='bbox 2072 1165 2340 1220; x_wconf 89' lang='lat' dir='ltr'><strong>habentur</strong></span> <span class='ocrx_word' id='word_1_178' title='bbox 2387 1166 2661 1234; x_wconf 84' lang='lat' dir='ltr'><strong>sapientes</strong></span> <span class='ocrx_word' id='word_1_179' title='bbox 2694 1178 2964 1232; x_wconf 88' lang='lat' dir='ltr'><strong>:quorum</strong></span> <span class='ocrx_word' id='word_1_180' title='bbox 3004 1162 3218 1230; x_wconf 84' lang='lat' dir='ltr'><strong>quidem</strong></span> <span class='ocrx_word' id='word_1_181' title='bbox 3264 1160 3372 1214; x_wconf 79' lang='lat' dir='ltr'><strong>vita</strong></span> 
     </span>
    </p>
   </div>
   <div class='ocr_carea' id='block_1_26' title="bbox 1808 1252 3376 1324">
    <p class='ocr_par' dir='ltr' id='par_1_26' title="bbox 1808 1252 3376 1324">
     <span class='ocr_line' id='line_1_26' title="bbox 1808 1252 3376 1324; baseline -0.001 -18"><span class='ocrx_word' id='word_1_182' title='bbox 1808 1252 1862 1306; x_wconf 91' lang='lat' dir='ltr'><strong>in</strong></span> <span class='ocrx_word' id='word_1_183' title='bbox 1894 1254 2221 1324; x_wconf 84' lang='lat' dir='ltr'><strong>turpissimis</strong></span> <span class='ocrx_word' id='word_1_184' title='bbox 2248 1256 2429 1310; x_wconf 88' lang='lat' dir='ltr'><strong>carnis</strong></span> <span class='ocrx_word' id='word_1_185' title='bbox 2472 1255 2616 1309; x_wconf 80' lang='lat' dir='ltr'><strong>vitiis</strong></span> <span class='ocrx_word' id='word_1_186' title='bbox 2656 1270 2719 1310; x_wconf 90' lang='lat' dir='ltr'><strong>ac</strong></span> <span class='ocrx_word' id='word_1_187' title='bbox 2751 1253 3132 1324; x_wconf 88' lang='lat' dir='ltr'><strong>cupiditatibus</strong></span> <span class='ocrx_word' id='word_1_188' title='bbox 3168 1252 3376 1306; x_wconf 86' lang='lat' dir='ltr'><strong>voluta-</strong></span> 
     </span>
    </p>
   </div>
   <div class='ocr_carea' id='block_1_27' title="bbox 1815 1344 3373 1410">
    <p class='ocr_par' dir='ltr' id='par_1_27' title="bbox 1815 1344 3373 1410">
     <span class='ocr_line' id='line_1_27' title="bbox 1815 1344 3373 1410; baseline -0.001 -12"><span class='ocrx_word' id='word_1_189' title='bbox 1815 1353 1917 1409; x_wconf 90' lang='lat' dir='ltr'><strong>tur,</strong></span> <span class='ocrx_word' id='word_1_190' title='bbox 1979 1348 2071 1400; x_wconf 88' lang='lat' dir='ltr'><strong>sed</strong></span> <span class='ocrx_word' id='word_1_191' title='bbox 2110 1356 2288 1402; x_wconf 87' lang='lat' dir='ltr'><strong>tamen</strong></span> <span class='ocrx_word' id='word_1_192' title='bbox 2332 1363 2453 1405; x_wconf 89' lang='lat' dir='ltr'><strong>cum</strong></span> <span class='ocrx_word' id='word_1_193' title='bbox 2511 1347 2576 1403; x_wconf 88' lang='lat' dir='ltr'><strong>de</strong></span> <span class='ocrx_word' id='word_1_194' title='bbox 2628 1356 2819 1401; x_wconf 88' lang='lat' dir='ltr'><strong>natura</strong></span> <span class='ocrx_word' id='word_1_195' title='bbox 2871 1347 3015 1410; x_wconf 73' lang='lat' dir='ltr'><strong>cmli,</strong></span> <span class='ocrx_word' id='word_1_196' title='bbox 3073 1344 3373 1409; x_wconf 87' lang='lat' dir='ltr'><strong>stellarum,</strong></span> 
     </span>
    </p>
   </div>
   <div class='ocr_carea' id='block_1_28' title="bbox 163 1431 3377 1511">
    <p class='ocr_par' dir='ltr' id='par_1_28' title="bbox 163 1431 3377 1511">
     <span class='ocr_line' id='line_1_28' title="bbox 163 1431 3377 1511; baseline 0.001 -24"><span class='ocrx_word' id='word_1_197' title='bbox 163 1449 321 1487; x_wconf 86' lang='lat' dir='ltr'><strong>rerum</strong></span> <span class='ocrx_word' id='word_1_198' title='bbox 378 1436 748 1489; x_wconf 67' lang='lat' dir='ltr'><strong>mtherearum</strong></span> <span class='ocrx_word' id='word_1_199' title='bbox 799 1441 959 1504; x_wconf 86' lang='lat' dir='ltr'><strong>atque</strong></span> <span class='ocrx_word' id='word_1_200' title='bbox 998 1431 1346 1489; x_wconf 76' lang='lat' dir='ltr'><strong>aﬂectionum</strong></span> <span class='ocrx_word' id='word_1_201' title='bbox 1390 1432 1447 1489; x_wconf 91' lang='lat' dir='ltr'><strong>in</strong></span> <span class='ocrx_word' id='word_1_202' title='bbox 1506 1448 1635 1497; x_wconf 85' lang='lat' dir='ltr'><strong>aere</strong></span> <span class='ocrx_word' id='word_1_203' title='bbox 1692 1436 2115 1507; x_wconf 85' lang='lat' dir='ltr'><strong>contingentium</strong></span> <span class='ocrx_word' id='word_1_204' title='bbox 2170 1440 2481 1511; x_wconf 76' lang='lat' dir='ltr'><strong>diSpulaltl,</strong></span> <span class='ocrx_word' id='word_1_205' title='bbox 2529 1439 2716 1501; x_wconf 90' lang='lat' dir='ltr'><strong>oculos</strong></span> <span class='ocrx_word' id='word_1_206' title='bbox 2766 1452 2895 1494; x_wconf 88' lang='lat' dir='ltr'><strong>suos</strong></span> <span class='ocrx_word' id='word_1_207' title='bbox 2933 1438 3161 1508; x_wconf 85' lang='lat' dir='ltr'><strong>quadam</strong></span> <span class='ocrx_word' id='word_1_208' title='bbox 3206 1436 3377 1506; x_wconf 77' lang='lat' dir='ltr'><strong>gloria</strong></span> 
     </span>
    </p>
   </div>
   <div class='ocr_carea' id='block_1_29' title="bbox 153 1528 600 1587">
    <p class='ocr_par' dir='ltr' id='par_1_29' title="bbox 153 1528 600 1587">
     <span class='ocr_line' id='line_1_29' title="bbox 153 1528 600 1587; baseline -0.002 -1"><span class='ocrx_word' id='word_1_209' title='bbox 153 1528 600 1587; x_wconf 73' lang='lat' dir='ltr'><strong>circumvestiunt.</strong></span> 
     </span>
    </p>
   </div>
   <div class='ocr_carea' id='block_1_30' title="bbox 210 1593 1721 1692">
    <p class='ocr_par' dir='ltr' id='par_1_30' title="bbox 210 1593 1704 1691">
     <span class='ocr_line' id='line_1_30' title="bbox 210 1593 1704 1691; baseline -0.001 -15"><span class='ocrx_word' id='word_1_210' title='bbox 210 1617 492 1676; x_wconf 73' lang='grc' dir='ltr'><strong>259.Εἷπε</strong></span> <span class='ocrx_word' id='word_1_211' title='bbox 524 1618 665 1689; x_wconf 73' lang='grc' dir='ltr'>γάρ’</span> <span class='ocrx_word' id='word_1_212' title='bbox 714 1619 817 1674; x_wconf 88' lang='grc' dir='ltr'>Ἐν</span> <span class='ocrx_word' id='word_1_213' title='bbox 859 1618 936 1689; x_wconf 76' lang='grc' dir='ltr'>τῇ</span> <span class='ocrx_word' id='word_1_214' title='bbox 972 1621 1145 1690; x_wconf 85' lang='grc' dir='ltr'>ίσχύϊ</span> <span class='ocrx_word' id='word_1_215' title='bbox 1182 1593 1443 1687; x_wconf 63' lang='grc' dir='ltr'>ποιήσω,</span> <span class='ocrx_word' id='word_1_216' title='bbox 1481 1620 1582 1675; x_wconf 80' lang='grc' dir='ltr'><strong>καὶ</strong></span> <span class='ocrx_word' id='word_1_217' title='bbox 1626 1619 1704 1691; x_wconf 75' lang='grc' dir='ltr'>τῇ</span> 
     </span>
    </p>
   </div>
   <div class='ocr_carea' id='block_1_31' title="bbox 1813 1593 3381 1692">
    <p class='ocr_par' dir='ltr' id='par_1_31' title="bbox 1870 1620 3381 1692">
     <span class='ocr_line' id='line_1_31' title="bbox 1870 1620 3381 1692; baseline -0.001 -15"><span class='ocrx_word' id='word_1_218' title='bbox 1870 1622 1995 1677; x_wconf 74' lang='grc'><strong>259.</strong></span> <span class='ocrx_word' id='word_1_219' title='bbox 2038 1620 2202 1676; x_wconf 75' lang='lat' dir='ltr'><strong>Vnus.</strong></span> <span class='ocrx_word' id='word_1_220' title='bbox 2257 1621 2345 1685; x_wconf 74' lang='grc'><strong>15,</strong></span> <span class='ocrx_word' id='word_1_221' title='bbox 2402 1622 2488 1676; x_wconf 71' lang='grc'><strong>14.</strong></span> <span class='ocrx_word' id='word_1_222' title='bbox 2512 1621 2656 1676; x_wconf 71' lang='lat' dir='ltr'><strong>Dixit</strong></span> <span class='ocrx_word' id='word_1_223' title='bbox 2674 1620 2938 1676; x_wconf 85' lang='lat' dir='ltr'><strong>enim:ln</strong></span> <span class='ocrx_word' id='word_1_224' title='bbox 2968 1620 3277 1690; x_wconf 80' lang='lat' dir='ltr'><strong>fortitudine</strong></span> <span class='ocrx_word' id='word_1_225' title='bbox 3296 1621 3381 1692; x_wconf 55' lang='grc' dir='ltr'><strong>[ατ</strong></span> 
     </span>
    </p>
   </div>
   <div class='ocr_carea' id='block_1_32' title="bbox 152 1709 1712 1782">
    <p class='ocr_par' dir='ltr' id='par_1_32' title="bbox 152 1709 1712 1782">
     <span class='ocr_line' id='line_1_32' title="bbox 152 1709 1712 1782; baseline 0 -16"><span class='ocrx_word' id='word_1_226' title='bbox 152 1712 313 1782; x_wconf 61' lang='grc' dir='ltr'>σοφίᾳ</span> <span class='ocrx_word' id='word_1_227' title='bbox 338 1711 446 1779; x_wconf 76' lang='grc' dir='ltr'>τῆς</span> <span class='ocrx_word' id='word_1_228' title='bbox 478 1710 796 1775; x_wconf 86' lang='grc' dir='ltr'>συνέσεως</span> <span class='ocrx_word' id='word_1_229' title='bbox 816 1709 1023 1779; x_wconf 54' lang='grc' dir='ltr'>ἀμελῶ</span> <span class='ocrx_word' id='word_1_230' title='bbox 1061 1711 1191 1779; x_wconf 81' lang='grc' dir='ltr'>ὅρια</span> <span class='ocrx_word' id='word_1_231' title='bbox 1215 1710 1424 1776; x_wconf 83' lang='grc' dir='ltr'>ἐθνῶν,</span> <span class='ocrx_word' id='word_1_232' title='bbox 1457 1712 1556 1766; x_wconf 77' lang='grc' dir='ltr'><strong>καὶ</strong></span> <span class='ocrx_word' id='word_1_233' title='bbox 1595 1712 1712 1780; x_wconf 79' lang='grc' dir='ltr'><strong>τὴν</strong></span> 
     </span>
    </p>
   </div>
   <div class='ocr_carea' id='block_1_33' title="bbox 156 1800 1709 1872">
    <p class='ocr_par' dir='ltr' id='par_1_33' title="bbox 156 1800 1709 1872">
     <span class='ocr_line' id='line_1_33' title="bbox 156 1800 1709 1872; baseline -0.001 -14"><span class='ocrx_word' id='word_1_234' title='bbox 156 1803 316 1872; x_wconf 81' lang='grc' dir='ltr'>ἰσχὺν</span> <span class='ocrx_word' id='word_1_235' title='bbox 337 1801 534 1857; x_wconf 76' lang='grc' dir='ltr'>αὐτῶν</span> <span class='ocrx_word' id='word_1_236' title='bbox 549 1800 966 1869; x_wconf 82' lang='grc' dir='ltr'>προνομεύσω.</span> <span class='ocrx_word' id='word_1_237' title='bbox 989 1801 1099 1855; x_wconf 75' lang='grc' dir='ltr'><strong>Καὶ</strong></span> <span class='ocrx_word' id='word_1_238' title='bbox 1127 1803 1314 1856; x_wconf 83' lang='grc' dir='ltr'>σείσω</span> <span class='ocrx_word' id='word_1_239' title='bbox 1340 1803 1548 1868; x_wconf 79' lang='grc' dir='ltr'>πόλεις</span> <span class='ocrx_word' id='word_1_240' title='bbox 1569 1818 1709 1856; x_wconf 86' lang='grc' dir='ltr'>κατ-</span> 
     </span>
    </p>
   </div>
   <div class='ocr_carea' id='block_1_34' title="bbox 152 1891 1709 1964">
    <p class='ocr_par' dir='ltr' id='par_1_34' title="bbox 152 1891 1709 1964">
     <span class='ocr_line' id='line_1_34' title="bbox 152 1891 1709 1964; baseline 0.001 -15"><span class='ocrx_word' id='word_1_241' title='bbox 152 1895 502 1964; x_wconf 79' lang='grc' dir='ltr'>οικουμένας,</span> <span class='ocrx_word' id='word_1_242' title='bbox 535 1893 641 1949; x_wconf 78' lang='grc' dir='ltr'>καί</span> <span class='ocrx_word' id='word_1_243' title='bbox 676 1891 790 1961; x_wconf 77' lang='grc' dir='ltr'>τὴν</span> <span class='ocrx_word' id='word_1_244' title='bbox 831 1892 1197 1964; x_wconf 70' lang='grc' dir='ltr'>οἰκουμένην</span> <span class='ocrx_word' id='word_1_245' title='bbox 1228 1893 1382 1961; x_wconf 81' lang='grc' dir='ltr'>ὅλην</span> <span class='ocrx_word' id='word_1_246' title='bbox 1445 1894 1709 1961; x_wconf 78' lang='grc' dir='ltr'>καταλή-</span> 
     </span>
    </p>
   </div>
   <div class='ocr_carea' id='block_1_35' title="bbox 154 1981 1707 2054">
    <p class='ocr_par' dir='ltr' id='par_1_35' title="bbox 154 1981 1707 2054">
     <span class='ocr_line' id='line_1_35' title="bbox 154 1981 1707 2054; baseline 0 -17"><span class='ocrx_word' id='word_1_247' title='bbox 154 1988 317 2054; x_wconf 65' lang='grc' dir='ltr'>ψομαι</span> <span class='ocrx_word' id='word_1_248' title='bbox 342 1982 413 2052; x_wconf 78' lang='grc' dir='ltr'>τῇ</span> <span class='ocrx_word' id='word_1_249' title='bbox 445 1983 600 2053; x_wconf 77' lang='grc' dir='ltr'>χειρὶ</span> <span class='ocrx_word' id='word_1_250' title='bbox 630 1983 713 2048; x_wconf 85' lang='grc' dir='ltr'>ὡς</span> <span class='ocrx_word' id='word_1_251' title='bbox 738 1986 1021 2046; x_wconf 78' lang='grc' dir='ltr'>νοσσιὰν,</span> <span class='ocrx_word' id='word_1_252' title='bbox 1063 1981 1100 2051; x_wconf 78' lang='grc' dir='ltr'><strong>ἢ</strong></span> <span class='ocrx_word' id='word_1_253' title='bbox 1127 1982 1210 2049; x_wconf 85' lang='grc' dir='ltr'><strong>ὡς</strong></span> <span class='ocrx_word' id='word_1_254' title='bbox 1243 1981 1707 2053; x_wconf 76' lang='grc' dir='ltr'>καταλελειμμέ‹</span> 
     </span>
    </p>
   </div>
   <div class='ocr_carea' id='block_1_36' title="bbox 151 2073 1705 2145">
    <p class='ocr_par' dir='ltr' id='par_1_36' title="bbox 151 2073 1705 2145">
     <span class='ocr_line' id='line_1_36' title="bbox 151 2073 1705 2145; baseline -0.001 -16"><span class='ocrx_word' id='word_1_255' title='bbox 151 2092 218 2129; x_wconf 77' lang='grc' dir='ltr'>να</span> <span class='ocrx_word' id='word_1_256' title='bbox 506 2075 625 2129; x_wconf 78' lang='grc' dir='ltr'><strong>Καὶ</strong></span> <span class='ocrx_word' id='word_1_257' title='bbox 655 2076 765 2129; x_wconf 80' lang='grc' dir='ltr'><strong>οὐκ</strong></span> <span class='ocrx_word' id='word_1_258' title='bbox 795 2074 965 2128; x_wconf 78' lang='grc' dir='ltr'>ἔστιν</span> <span class='ocrx_word' id='word_1_259' title='bbox 999 2074 1075 2145; x_wconf 87' lang='lat'><strong>(7)</strong></span> <span class='ocrx_word' id='word_1_260' title='bbox 1112 2074 1180 2140; x_wconf 87' lang='grc' dir='ltr'>ὃς</span> <span class='ocrx_word' id='word_1_261' title='bbox 1203 2073 1582 2144; x_wconf 66' lang='grc' dir='ltr'>διαφεύξεται</span> <span class='ocrx_word' id='word_1_262' title='bbox 1607 2092 1705 2144; x_wconf 79' lang='grc' dir='ltr'><strong>με,</strong></span> 
     </span>
    </p>
   </div>
   <div class='ocr_carea' id='block_1_37' title="bbox 155 2165 1708 2238">
    <p class='ocr_par' dir='ltr' id='par_1_37' title="bbox 155 2165 1708 2238">
     <span class='ocr_line' id='line_1_37' title="bbox 155 2165 1708 2238; baseline -0.001 -15"><span class='ocrx_word' id='word_1_263' title='bbox 155 2168 187 2234; x_wconf 81' lang='grc' dir='ltr'><strong>ἢ</strong></span> <span class='ocrx_word' id='word_1_264' title='bbox 214 2168 447 2237; x_wconf 78' lang='grc' dir='ltr'><strong>ἀντείπῃ</strong></span> <span class='ocrx_word' id='word_1_265' title='bbox 466 2185 593 2237; x_wconf 81' lang='grc' dir='ltr'>μοι.</span> <span class='ocrx_word' id='word_1_266' title='bbox 630 2167 744 2220; x_wconf 87' lang='grc' dir='ltr'>Νῦν</span> <span class='ocrx_word' id='word_1_267' title='bbox 778 2165 1069 2238; x_wconf 82' lang='grc' dir='ltr'>ἐρμηνεύει</span> <span class='ocrx_word' id='word_1_268' title='bbox 1107 2166 1293 2236; x_wconf 80' lang='grc' dir='ltr'>σαφῶς</span> <span class='ocrx_word' id='word_1_269' title='bbox 1320 2166 1408 2219; x_wconf 77' lang='grc' dir='ltr'>διὰ</span> <span class='ocrx_word' id='word_1_270' title='bbox 1446 2167 1500 2219; x_wconf 90' lang='grc' dir='ltr'><strong>τί</strong></span> <span class='ocrx_word' id='word_1_271' title='bbox 1536 2166 1708 2237; x_wconf 79' lang='grc' dir='ltr'>μέγαν</span> 
     </span>
    </p>
   </div>
   <div class='ocr_carea' id='block_1_38' title="bbox 154 2256 1708 2331">
    <p class='ocr_par' dir='ltr' id='par_1_38' title="bbox 154 2256 1708 2331">
     <span class='ocr_line' id='line_1_38' title="bbox 154 2256 1708 2331; baseline -0.001 -21"><span class='ocrx_word' id='word_1_272' title='bbox 154 2257 259 2311; x_wconf 83' lang='grc' dir='ltr'>νοῦν</span> <span class='ocrx_word' id='word_1_273' title='bbox 282 2258 499 2331; x_wconf 80' lang='grc' dir='ltr'>εἴρηκεν</span> <span class='ocrx_word' id='word_1_274' title='bbox 536 2259 727 2322; x_wconf 74' lang='grc' dir='ltr'>αὐτὸν,</span> <span class='ocrx_word' id='word_1_275' title='bbox 754 2259 848 2312; x_wconf 81' lang='grc' dir='ltr'>καὶ</span> <span class='ocrx_word' id='word_1_276' title='bbox 879 2256 968 2310; x_wconf 79' lang='grc' dir='ltr'>διὰ</span> <span class='ocrx_word' id='word_1_277' title='bbox 997 2256 1052 2310; x_wconf 82' lang='grc' dir='ltr'><strong>τί</strong></span> <span class='ocrx_word' id='word_1_278' title='bbox 1101 2256 1193 2312; x_wconf 73' lang='grc' dir='ltr'><strong>ἐπὶ</strong></span> <span class='ocrx_word' id='word_1_279' title='bbox 1241 2257 1301 2309; x_wconf 80' lang='grc' dir='ltr'>τὸ</span> <span class='ocrx_word' id='word_1_280' title='bbox 1340 2256 1471 2326; x_wconf 68' lang='grc' dir='ltr'>ὕψος</span> <span class='ocrx_word' id='word_1_281' title='bbox 1499 2256 1596 2326; x_wconf 75' lang='grc' dir='ltr'>τῆς</span> <span class='ocrx_word' id='word_1_282' title='bbox 1624 2256 1708 2309; x_wconf 87' lang='grc' dir='ltr'><strong>δό-</strong></span> 
     </span>
    </p>
   </div>
   <div class='ocr_carea' id='block_1_39' title="bbox 158 2347 1712 2423">
    <p class='ocr_par' dir='ltr' id='par_1_39' title="bbox 158 2347 1712 2423">
     <span class='ocr_line' id='line_1_39' title="bbox 158 2347 1712 2423; baseline -0.003 -19"><span class='ocrx_word' id='word_1_283' title='bbox 158 2349 352 2422; x_wconf 79' lang='grc' dir='ltr'>ξηςτῶν</span> <span class='ocrx_word' id='word_1_284' title='bbox 372 2350 672 2423; x_wconf 75' lang='grc' dir='ltr'><strong>ὀφθαλμῶν</strong></span> <span class='ocrx_word' id='word_1_285' title='bbox 710 2347 879 2403; x_wconf 82' lang='grc' dir='ltr'>αὐτοῦ</span> <span class='ocrx_word' id='word_1_286' title='bbox 920 2347 1133 2402; x_wconf 88' lang='grc' dir='ltr'>ἀπειλεῖ</span> <span class='ocrx_word' id='word_1_287' title='bbox 1172 2348 1272 2410; x_wconf 83' lang='grc' dir='ltr'><strong>τάς</strong></span> <span class='ocrx_word' id='word_1_288' title='bbox 1309 2348 1559 2411; x_wconf 83' lang='grc' dir='ltr'>κολάσεις</span> <span class='ocrx_word' id='word_1_289' title='bbox 1614 2349 1712 2399; x_wconf 82' lang='grc' dir='ltr'><strong>ἑπ-</strong></span> 
     </span>
    </p>
   </div>
   <div class='ocr_carea' id='block_1_40' title="bbox 156 2432 1711 2512">
    <p class='ocr_par' dir='ltr' id='par_1_40' title="bbox 156 2432 1711 2512">
     <span class='ocr_line' id='line_1_40' title="bbox 156 2432 1711 2512; baseline -0.001 -19"><span class='ocrx_word' id='word_1_290' title='bbox 156 2445 375 2509; x_wconf 84' lang='grc' dir='ltr'>αγαγεῑν,</span> <span class='ocrx_word' id='word_1_291' title='bbox 405 2442 496 2496; x_wconf 76' lang='grc' dir='ltr'><strong>τὸν</strong></span> <span class='ocrx_word' id='word_1_292' title='bbox 541 2441 622 2512; x_wconf 88' lang='grc'><strong>(8)</strong></span> <span class='ocrx_word' id='word_1_293' title='bbox 655 2440 865 2512; x_wconf 66' lang='grc' dir='ltr'>κόμπον</span> <span class='ocrx_word' id='word_1_294' title='bbox 891 2440 1056 2495; x_wconf 76' lang='grc' dir='ltr'>αὐτοῦ</span> <span class='ocrx_word' id='word_1_295' title='bbox 1103 2439 1211 2493; x_wconf 89' lang='grc' dir='ltr'><strong>τῶν</strong></span> <span class='ocrx_word' id='word_1_296' title='bbox 1245 2441 1525 2511; x_wconf 81' lang='grc' dir='ltr'>ῥημάτων,</span> <span class='ocrx_word' id='word_1_297' title='bbox 1627 2439 1711 2493; x_wconf 82' lang='grc' dir='ltr'><strong>κέ-</strong></span> 
     </span>
    </p>
   </div>
   <div class='ocr_carea' id='block_1_41' title="bbox 158 2531 1707 2603">
    <p class='ocr_par' dir='ltr' id='par_1_41' title="bbox 158 2531 1707 2603">
     <span class='ocr_line' id='line_1_41' title="bbox 158 2531 1707 2603; baseline -0.001 -18"><span class='ocrx_word' id='word_1_298' title='bbox 158 2549 326 2603; x_wconf 74' lang='grc' dir='ltr'>χρηται</span> <span class='ocrx_word' id='word_1_299' title='bbox 362 2533 500 2587; x_wconf 75' lang='grc' dir='ltr'>κατὰ</span> <span class='ocrx_word' id='word_1_300' title='bbox 550 2532 667 2587; x_wconf 91' lang='grc' dir='ltr'><strong>τῶν</strong></span> <span class='ocrx_word' id='word_1_301' title='bbox 723 2531 1151 2603; x_wconf 73' lang='grc' dir='ltr'>ὑποδεεστέρων,</span> <span class='ocrx_word' id='word_1_302' title='bbox 1207 2531 1344 2602; x_wconf 83' lang='grc' dir='ltr'>μετὰ</span> <span class='ocrx_word' id='word_1_303' title='bbox 1395 2532 1575 2603; x_wconf 77' lang='grc' dir='ltr'>πάσης</span> <span class='ocrx_word' id='word_1_304' title='bbox 1617 2548 1707 2584; x_wconf 75' lang='grc' dir='ltr'>πιο</span> 
     </span>
    </p>
   </div>
   <div class='ocr_carea' id='block_1_42' title="bbox 156 2619 1696 2695">
    <p class='ocr_par' dir='ltr' id='par_1_42' title="bbox 156 2619 1696 2695">
     <span class='ocr_line' id='line_1_42' title="bbox 156 2619 1696 2695; baseline 0.001 -19"><span class='ocrx_word' id='word_1_305' title='bbox 156 2624 294 2694; x_wconf 82' lang='grc' dir='ltr'>κρίας</span> <span class='ocrx_word' id='word_1_306' title='bbox 316 2626 493 2690; x_wconf 76' lang='grc' dir='ltr'>αὐτοῖς</span> <span class='ocrx_word' id='word_1_307' title='bbox 516 2623 768 2679; x_wconf 85' lang='grc' dir='ltr'>ἀπειλῶν</span> <span class='ocrx_word' id='word_1_308' title='bbox 800 2626 908 2677; x_wconf 79' lang='grc' dir='ltr'><strong>πᾶν</strong></span> <span class='ocrx_word' id='word_1_309' title='bbox 951 2619 1089 2687; x_wconf 78' lang='grc' dir='ltr'>εἶδος</span> <span class='ocrx_word' id='word_1_310' title='bbox 1115 2622 1445 2695; x_wconf 78' lang='grc' dir='ltr'>ἀφανισμοῦ,</span> <span class='ocrx_word' id='word_1_311' title='bbox 1482 2624 1696 2695; x_wconf 85' lang='grc' dir='ltr'>ἄμαχον</span> 
     </span>
    </p>
   </div>
   <div class='ocr_carea' id='block_1_43' title="bbox 159 2712 1707 2787">
    <p class='ocr_par' dir='ltr' id='par_1_43' title="bbox 159 2712 1707 2787">
     <span class='ocr_line' id='line_1_43' title="bbox 159 2712 1707 2787; baseline 0.002 -21"><span class='ocrx_word' id='word_1_312' title='bbox 159 2712 324 2785; x_wconf 55' lang='grc' dir='ltr'>ἑαυτοῦ</span> <span class='ocrx_word' id='word_1_313' title='bbox 360 2718 450 2769; x_wconf 79' lang='grc' dir='ltr'><strong>καὶ</strong></span> <span class='ocrx_word' id='word_1_314' title='bbox 499 2714 979 2782; x_wconf 80' lang='grc' dir='ltr'><strong>ἀνανταγώνιστον</strong></span> <span class='ocrx_word' id='word_1_315' title='bbox 1011 2715 1184 2782; x_wconf 81' lang='grc' dir='ltr'>λέγων</span> <span class='ocrx_word' id='word_1_316' title='bbox 1229 2712 1370 2769; x_wconf 71' lang='grc' dir='ltr'>εἶναι</span> <span class='ocrx_word' id='word_1_317' title='bbox 1422 2716 1519 2787; x_wconf 80' lang='grc' dir='ltr'>τὴν</span> <span class='ocrx_word' id='word_1_318' title='bbox 1552 2715 1707 2769; x_wconf 71' lang='grc' dir='ltr'>δύνα-</span> 
     </span>
    </p>
   </div>
   <div class='ocr_carea' id='block_1_44' title="bbox 163 2800 1707 2880">
    <p class='ocr_par' dir='ltr' id='par_1_44' title="bbox 163 2800 1707 2880">
     <span class='ocr_line' id='line_1_44' title="bbox 163 2800 1707 2880; baseline 0.001 -22"><span class='ocrx_word' id='word_1_319' title='bbox 163 2822 256 2874; x_wconf 89' lang='grc' dir='ltr'>μιν.</span> <span class='ocrx_word' id='word_1_320' title='bbox 295 2808 380 2871; x_wconf 83' lang='grc' dir='ltr'>Ὦς</span> <span class='ocrx_word' id='word_1_321' title='bbox 424 2807 536 2880; x_wconf 81' lang='grc' dir='ltr'>γὰρ</span> <span class='ocrx_word' id='word_1_322' title='bbox 582 2807 777 2879; x_wconf 82' lang='grc' dir='ltr'>κύριος</span> <span class='ocrx_word' id='word_1_323' title='bbox 828 2806 1110 2877; x_wconf 84' lang='grc' dir='ltr'>τυγχάνων</span> <span class='ocrx_word' id='word_1_324' title='bbox 1155 2800 1230 2861; x_wconf 82' lang='grc' dir='ltr'>ὧν</span> <span class='ocrx_word' id='word_1_325' title='bbox 1285 2806 1554 2877; x_wconf 76' lang='grc' dir='ltr'>βούλεται,</span> <span class='ocrx_word' id='word_1_326' title='bbox 1611 2806 1707 2860; x_wconf 69' lang='grc' dir='ltr'><strong>καὶ</strong></span> 
     </span>
    </p>
   </div>
   <div class='ocr_carea' id='block_1_45' title="bbox 161 2896 1705 2969">
    <p class='ocr_par' dir='ltr' id='par_1_45' title="bbox 161 2896 1705 2969">
     <span class='ocr_line' id='line_1_45' title="bbox 161 2896 1705 2969; baseline 0.001 -20"><span class='ocrx_word' id='word_1_327' title='bbox 161 2896 350 2963; x_wconf 80' lang='grc' dir='ltr'>πάντως</span> <span class='ocrx_word' id='word_1_328' title='bbox 381 2898 717 2953; x_wconf 82' lang='grc' dir='ltr'>ὲπιτελέσων</span> <span class='ocrx_word' id='word_1_329' title='bbox 744 2898 813 2952; x_wconf 85' lang='grc' dir='ltr'>τὰ</span> <span class='ocrx_word' id='word_1_330' title='bbox 846 2897 986 2958; x_wconf 80' lang='grc' dir='ltr'>κατὰ</span> <span class='ocrx_word' id='word_1_331' title='bbox 1024 2898 1297 2967; x_wconf 71' lang='grc' dir='ltr'>πρόθεσιν,</span> <span class='ocrx_word' id='word_1_332' title='bbox 1330 2898 1501 2962; x_wconf 75' lang='grc' dir='ltr'>οὕτως</span> <span class='ocrx_word' id='word_1_333' title='bbox 1537 2898 1705 2969; x_wconf 81' lang='grc' dir='ltr'>ἐκόμ-</span> 
     </span>
    </p>
   </div>
   <div class='ocr_carea' id='block_1_46' title="bbox 1812 1713 3378 1784">
    <p class='ocr_par' dir='ltr' id='par_1_46' title="bbox 1812 1713 3378 1784">
     <span class='ocr_line' id='line_1_46' title="bbox 1812 1713 3378 1784; baseline 0.002 -17"><span class='ocrx_word' id='word_1_334' title='bbox 1812 1717 1969 1780; x_wconf 81' lang='lat' dir='ltr'><strong>ciam,</strong></span> <span class='ocrx_word' id='word_1_335' title='bbox 2000 1724 2050 1767; x_wconf 87' lang='lat' dir='ltr'><strong>et</strong></span> <span class='ocrx_word' id='word_1_336' title='bbox 2093 1714 2349 1778; x_wconf 78' lang='lat' dir='ltr'><strong>sapientia</strong></span> <span class='ocrx_word' id='word_1_337' title='bbox 2371 1714 2665 1783; x_wconf 60' lang='lat' dir='ltr'><strong>prudentia</strong></span> <span class='ocrx_word' id='word_1_338' title='bbox 2701 1713 2941 1781; x_wconf 79' lang='lat' dir='ltr'><strong>auferam</strong></span> <span class='ocrx_word' id='word_1_339' title='bbox 2980 1714 3225 1768; x_wconf 78' lang='lat' dir='ltr'><strong>terminos</strong></span> <span class='ocrx_word' id='word_1_340' title='bbox 3255 1732 3378 1784; x_wconf 80' lang='lat' dir='ltr'><strong>gen-</strong></span> 
     </span>
    </p>
   </div>
   <div class='ocr_carea' id='block_1_47' title="bbox 1811 1800 3379 1873">
    <p class='ocr_par' dir='ltr' id='par_1_47' title="bbox 1811 1800 3379 1873">
     <span class='ocr_line' id='line_1_47' title="bbox 1811 1800 3379 1873; baseline 0.001 -14"><span class='ocrx_word' id='word_1_341' title='bbox 1811 1806 1965 1870; x_wconf 86' lang='lat' dir='ltr'><strong>tium,</strong></span> <span class='ocrx_word' id='word_1_342' title='bbox 1987 1814 2035 1860; x_wconf 85' lang='lat' dir='ltr'><strong>et</strong></span> <span class='ocrx_word' id='word_1_343' title='bbox 2071 1805 2430 1873; x_wconf 81' lang='lat' dir='ltr'><strong>fortitudinem</strong></span> <span class='ocrx_word' id='word_1_344' title='bbox 2471 1820 2653 1858; x_wconf 86' lang='lat' dir='ltr'><strong>earum</strong></span> <span class='ocrx_word' id='word_1_345' title='bbox 2698 1802 3059 1865; x_wconf 72' lang='lat' dir='ltr'><strong>depra&#39;dabor.</strong></span> <span class='ocrx_word' id='word_1_346' title='bbox 3088 1800 3155 1856; x_wconf 88' lang='lat' dir='ltr'><strong>Et</strong></span> <span class='ocrx_word' id='word_1_347' title='bbox 3187 1821 3379 1860; x_wconf 77' lang='lat' dir='ltr'><strong>concu-</strong></span> 
     </span>
    </p>
   </div>
   <div class='ocr_carea' id='block_1_48' title="bbox 1812 1894 3378 1961">
    <p class='ocr_par' dir='ltr' id='par_1_48' title="bbox 1812 1894 3378 1961">
     <span class='ocr_line' id='line_1_48' title="bbox 1812 1894 3378 1961; baseline 0.001 -12"><span class='ocrx_word' id='word_1_348' title='bbox 1812 1898 1939 1950; x_wconf 82' lang='lat' dir='ltr'><strong>tiant</strong></span> <span class='ocrx_word' id='word_1_349' title='bbox 1974 1897 2209 1950; x_wconf 77' lang='lat' dir='ltr'><strong>civitates</strong></span> <span class='ocrx_word' id='word_1_350' title='bbox 2256 1896 2541 1961; x_wconf 76' lang='lat' dir='ltr'><strong>Irabitatas,</strong></span> <span class='ocrx_word' id='word_1_351' title='bbox 2582 1904 2629 1948; x_wconf 86' lang='lat' dir='ltr'><strong>et</strong></span> <span class='ocrx_word' id='word_1_352' title='bbox 2685 1896 2986 1949; x_wconf 73' lang='lat' dir='ltr'><strong>universum</strong></span> <span class='ocrx_word' id='word_1_353' title='bbox 3037 1894 3213 1953; x_wconf 83' lang='lat' dir='ltr'><strong>orbem</strong></span> <span class='ocrx_word' id='word_1_354' title='bbox 3243 1912 3378 1950; x_wconf 83' lang='lat' dir='ltr'><strong>com-</strong></span> 
     </span>
    </p>
   </div>
   <div class='ocr_carea' id='block_1_49' title="bbox 1808 1986 3378 2056">
    <p class='ocr_par' dir='ltr' id='par_1_49' title="bbox 1808 1986 3378 2056">
     <span class='ocr_line' id='line_1_49' title="bbox 1808 1986 3378 2056; baseline -0.001 -16"><span class='ocrx_word' id='word_1_355' title='bbox 1808 1989 2125 2056; x_wconf 84' lang='lat' dir='ltr'><strong>prehendant</strong></span> <span class='ocrx_word' id='word_1_356' title='bbox 2153 2004 2334 2053; x_wconf 84' lang='lat' dir='ltr'><strong>manu,</strong></span> <span class='ocrx_word' id='word_1_357' title='bbox 2366 1988 2518 2050; x_wconf 81' lang='lat' dir='ltr'><strong>quasi</strong></span> <span class='ocrx_word' id='word_1_358' title='bbox 2557 1986 2762 2050; x_wconf 85' lang='lat' dir='ltr'><strong>nidum,</strong></span> <span class='ocrx_word' id='word_1_359' title='bbox 2788 1986 2866 2040; x_wconf 80' lang='lat' dir='ltr'><strong>vel</strong></span> <span class='ocrx_word' id='word_1_360' title='bbox 2892 1987 3047 2055; x_wconf 85' lang='lat' dir='ltr'><strong>quasi</strong></span> <span class='ocrx_word' id='word_1_361' title='bbox 3076 2002 3170 2040; x_wconf 77' lang='lat' dir='ltr'><strong>ova</strong></span> <span class='ocrx_word' id='word_1_362' title='bbox 3187 1986 3378 2048; x_wconf 56' lang='lat' dir='ltr'><strong>dereli-g</strong></span> 
     </span>
    </p>
   </div>
   <div class='ocr_carea' id='block_1_50' title="bbox 1816 2075 3378 2145">
    <p class='ocr_par' dir='ltr' id='par_1_50' title="bbox 1816 2075 3378 2145">
     <span class='ocr_line' id='line_1_50' title="bbox 1816 2075 3378 2145; baseline -0.001 -14"><span class='ocrx_word' id='word_1_363' title='bbox 1816 2086 1900 2131; x_wconf 85' lang='lat' dir='ltr'><strong>cta</strong></span> <span class='ocrx_word' id='word_1_364' title='bbox 1930 2076 2129 2143; x_wconf 73' lang='lat' dir='ltr'><strong>(Ol/um.</strong></span> <span class='ocrx_word' id='word_1_365' title='bbox 2169 2075 2235 2129; x_wconf 84' lang='lat' dir='ltr'><strong>Et</strong></span> <span class='ocrx_word' id='word_1_366' title='bbox 2270 2093 2372 2130; x_wconf 87' lang='lat' dir='ltr'><strong>non</strong></span> <span class='ocrx_word' id='word_1_367' title='bbox 2404 2085 2480 2130; x_wconf 82' lang='lat' dir='ltr'><strong>est</strong></span> <span class='ocrx_word' id='word_1_368' title='bbox 2509 2080 2599 2145; x_wconf 87' lang='lat' dir='ltr'><strong>qui</strong></span> <span class='ocrx_word' id='word_1_369' title='bbox 2624 2076 2841 2145; x_wconf 76' lang='lat' dir='ltr'><strong>effugiat</strong></span> <span class='ocrx_word' id='word_1_370' title='bbox 2869 2090 2968 2141; x_wconf 84' lang='lat' dir='ltr'><strong>me,</strong></span> <span class='ocrx_word' id='word_1_371' title='bbox 3004 2085 3094 2128; x_wconf 87' lang='lat' dir='ltr'><strong>aut</strong></span> <span class='ocrx_word' id='word_1_372' title='bbox 3118 2075 3378 2130; x_wconf 72' lang='lat' dir='ltr'><strong>contrarii-</strong></span> 
     </span>
    </p>
   </div>
   <div class='ocr_carea' id='block_1_51' title="bbox 1811 2166 3376 2236">
    <p class='ocr_par' dir='ltr' id='par_1_51' title="bbox 1811 2166 3376 2236">
     <span class='ocr_line' id='line_1_51' title="bbox 1811 2166 3376 2236; baseline -0.001 -14"><span class='ocrx_word' id='word_1_373' title='bbox 1811 2180 1895 2222; x_wconf 74' lang='grc' dir='ltr'>σαι</span> <span class='ocrx_word' id='word_1_374' title='bbox 1922 2169 2069 2222; x_wconf 72' lang='lat' dir='ltr'><strong>milii.</strong></span> <span class='ocrx_word' id='word_1_375' title='bbox 2097 2167 2248 2222; x_wconf 82' lang='lat' dir='ltr'><strong>Nunc</strong></span> <span class='ocrx_word' id='word_1_376' title='bbox 2276 2167 2431 2235; x_wconf 89' lang='lat' dir='ltr'><strong>plane</strong></span> <span class='ocrx_word' id='word_1_377' title='bbox 2459 2176 2513 2221; x_wconf 90' lang='lat' dir='ltr'><strong>et</strong></span> <span class='ocrx_word' id='word_1_378' title='bbox 2534 2167 2831 2222; x_wconf 88' lang='lat' dir='ltr'><strong>luculenter</strong></span> <span class='ocrx_word' id='word_1_379' title='bbox 2856 2166 3078 2236; x_wconf 75' lang='lat' dir='ltr'><strong>exponit</strong></span> <span class='ocrx_word' id='word_1_380' title='bbox 3104 2180 3200 2220; x_wconf 90' lang='lat' dir='ltr'><strong>cur</strong></span> <span class='ocrx_word' id='word_1_381' title='bbox 3225 2166 3376 2234; x_wconf 87' lang='lat' dir='ltr'><strong>prin-</strong></span> 
     </span>
    </p>
   </div>
   <div class='ocr_carea' id='block_1_52' title="bbox 1811 2257 3379 2330">
    <p class='ocr_par' dir='ltr' id='par_1_52' title="bbox 1811 2257 3379 2330">
     <span class='ocr_line' id='line_1_52' title="bbox 1811 2257 3379 2330; baseline -0.003 -15"><span class='ocrx_word' id='word_1_382' title='bbox 1811 2261 1984 2330; x_wconf 87' lang='lat' dir='ltr'><strong>cipem</strong></span> <span class='ocrx_word' id='word_1_383' title='bbox 2016 2261 2288 2315; x_wconf 77' lang='lat' dir='ltr'><strong>vocaverit</strong></span> <span class='ocrx_word' id='word_1_384' title='bbox 2324 2271 2560 2315; x_wconf 88' lang='lat' dir='ltr'><strong>mentem</strong></span> <span class='ocrx_word' id='word_1_385' title='bbox 2611 2274 2879 2328; x_wconf 82' lang='lat' dir='ltr'><strong>magnam,</strong></span> <span class='ocrx_word' id='word_1_386' title='bbox 2905 2268 2960 2312; x_wconf 90' lang='lat' dir='ltr'><strong>et</strong></span> <span class='ocrx_word' id='word_1_387' title='bbox 2999 2273 3099 2313; x_wconf 87' lang='lat' dir='ltr'><strong>cur</strong></span> <span class='ocrx_word' id='word_1_388' title='bbox 3127 2257 3379 2317; x_wconf 28' lang='lat' dir='ltr'><strong>intermiﬁ</strong></span> 
     </span>
    </p>
   </div>
   <div class='ocr_carea' id='block_1_53' title="bbox 1811 2350 3377 2423">
    <p class='ocr_par' dir='ltr' id='par_1_53' title="bbox 1811 2350 3377 2423">
     <span class='ocr_line' id='line_1_53' title="bbox 1811 2350 3377 2423; baseline 0 -16"><span class='ocrx_word' id='word_1_389' title='bbox 1811 2364 1969 2408; x_wconf 88' lang='lat' dir='ltr'><strong>netur</strong></span> <span class='ocrx_word' id='word_1_390' title='bbox 2007 2368 2065 2407; x_wconf 93' lang='lat' dir='ltr'><strong>se</strong></span> <span class='ocrx_word' id='word_1_391' title='bbox 2101 2352 2257 2423; x_wconf 76' lang='lat'><strong>561</strong></span> <span class='ocrx_word' id='word_1_392' title='bbox 2290 2353 2559 2406; x_wconf 85' lang='lat' dir='ltr'><strong>altitudini</strong></span> <span class='ocrx_word' id='word_1_393' title='bbox 2592 2352 2778 2423; x_wconf 73' lang='lat' dir='ltr'><strong>glorias</strong></span> <span class='ocrx_word' id='word_1_394' title='bbox 2814 2350 3093 2407; x_wconf 86' lang='lat' dir='ltr'><strong>oculorum</strong></span> <span class='ocrx_word' id='word_1_395' title='bbox 3117 2351 3233 2421; x_wconf 87' lang='lat' dir='ltr'><strong>ejus</strong></span> <span class='ocrx_word' id='word_1_396' title='bbox 3255 2362 3377 2419; x_wconf 51' lang='grc' dir='ltr'>ραι-ε</span> 
     </span>
    </p>
   </div>
   <div class='ocr_carea' id='block_1_54' title="bbox 1811 2441 3379 2513">
    <p class='ocr_par' dir='ltr' id='par_1_54' title="bbox 1811 2441 3379 2513">
     <span class='ocr_line' id='line_1_54' title="bbox 1811 2441 3379 2513; baseline -0.001 -16"><span class='ocrx_word' id='word_1_397' title='bbox 1811 2459 1910 2498; x_wconf 85' lang='lat' dir='ltr'><strong>nas</strong></span> <span class='ocrx_word' id='word_1_398' title='bbox 1940 2453 2101 2511; x_wconf 87' lang='lat' dir='ltr'><strong>atque</strong></span> <span class='ocrx_word' id='word_1_399' title='bbox 2131 2442 2394 2512; x_wconf 85' lang='lat' dir='ltr'><strong>supplicia</strong></span> <span class='ocrx_word' id='word_1_400' title='bbox 2440 2443 2830 2513; x_wconf 87' lang='lat' dir='ltr'><strong>irrogaturum,</strong></span> <span class='ocrx_word' id='word_1_401' title='bbox 2864 2442 3121 2495; x_wconf 90' lang='lat' dir='ltr'><strong>nimirum</strong></span> <span class='ocrx_word' id='word_1_402' title='bbox 3157 2441 3226 2495; x_wconf 88' lang='lat' dir='ltr'><strong>ob</strong></span> <span class='ocrx_word' id='word_1_403' title='bbox 3258 2454 3379 2495; x_wconf 80' lang='lat' dir='ltr'><strong>ver-</strong></span> 
     </span>
    </p>
   </div>
   <div class='ocr_carea' id='block_1_55' title="bbox 1809 2529 3378 2598">
    <p class='ocr_par' dir='ltr' id='par_1_55' title="bbox 1809 2529 3378 2598">
     <span class='ocr_line' id='line_1_55' title="bbox 1809 2529 3378 2598; baseline -0.001 -13"><span class='ocrx_word' id='word_1_404' title='bbox 1809 2530 2000 2585; x_wconf 74' lang='lat' dir='ltr'><strong>borum</strong></span> <span class='ocrx_word' id='word_1_405' title='bbox 2022 2529 2369 2598; x_wconf 83' lang='lat' dir='ltr'><strong>jactantiam,</strong></span> <span class='ocrx_word' id='word_1_406' title='bbox 2399 2529 2595 2598; x_wconf 88' lang='lat' dir='ltr'><strong>quibus</strong></span> <span class='ocrx_word' id='word_1_407' title='bbox 2625 2544 2755 2585; x_wconf 89' lang='lat' dir='ltr'><strong>usus</strong></span> <span class='ocrx_word' id='word_1_408' title='bbox 2791 2539 2876 2585; x_wconf 89' lang='lat' dir='ltr'><strong>est</strong></span> <span class='ocrx_word' id='word_1_409' title='bbox 2909 2531 3193 2584; x_wconf 84' lang='lat' dir='ltr'><strong>adversum</strong></span> <span class='ocrx_word' id='word_1_410' title='bbox 3230 2529 3378 2584; x_wconf 85' lang='lat' dir='ltr'><strong>debi-</strong></span> 
     </span>
    </p>
   </div>
   <div class='ocr_carea' id='block_1_56' title="bbox 1810 2619 3379 2689">
    <p class='ocr_par' dir='ltr' id='par_1_56' title="bbox 1810 2619 3379 2689">
     <span class='ocr_line' id='line_1_56' title="bbox 1810 2619 3379 2689; baseline 0.001 -16"><span class='ocrx_word' id='word_1_411' title='bbox 1810 2619 1891 2675; x_wconf 91' lang='lat' dir='ltr'><strong>les</strong></span> <span class='ocrx_word' id='word_1_412' title='bbox 1929 2628 1983 2675; x_wconf 90' lang='lat' dir='ltr'><strong>el</strong></span> <span class='ocrx_word' id='word_1_413' title='bbox 2018 2620 2260 2675; x_wconf 80' lang='lat' dir='ltr'><strong>inﬁrmos</strong></span> <span class='ocrx_word' id='word_1_414' title='bbox 2292 2637 2308 2675; x_wconf 89' lang='lat'>:</span> <span class='ocrx_word' id='word_1_415' title='bbox 2335 2620 2603 2689; x_wconf 88' lang='lat' dir='ltr'><strong>siquidem</strong></span> <span class='ocrx_word' id='word_1_416' title='bbox 2651 2636 2773 2675; x_wconf 89' lang='lat' dir='ltr'><strong>cum</strong></span> <span class='ocrx_word' id='word_1_417' title='bbox 2819 2619 2967 2675; x_wconf 88' lang='lat' dir='ltr'><strong>omni</strong></span> <span class='ocrx_word' id='word_1_418' title='bbox 3012 2620 3379 2674; x_wconf 84' lang='lat' dir='ltr'><strong>amaritudine</strong></span> 
     </span>
    </p>
   </div>
   <div class='ocr_carea' id='block_1_57' title="bbox 1810 2703 3447 2780">
    <p class='ocr_par' dir='ltr' id='par_1_57' title="bbox 1810 2703 3447 2780">
     <span class='ocr_line' id='line_1_57' title="bbox 1810 2703 3447 2780; baseline -0.002 -11"><span class='ocrx_word' id='word_1_419' title='bbox 1810 2715 1890 2769; x_wconf 92' lang='lat' dir='ltr'><strong>eis</strong></span> <span class='ocrx_word' id='word_1_420' title='bbox 1927 2714 2377 2768; x_wconf 88' lang='lat' dir='ltr'><strong>interminabatur</strong></span> <span class='ocrx_word' id='word_1_421' title='bbox 2431 2727 2592 2768; x_wconf 87' lang='lat' dir='ltr'><strong>onme</strong></span> <span class='ocrx_word' id='word_1_422' title='bbox 2632 2712 2831 2768; x_wconf 81' lang='lat' dir='ltr'><strong>excidii</strong></span> <span class='ocrx_word' id='word_1_423' title='bbox 2885 2726 3076 2780; x_wconf 82' lang='lat' dir='ltr'><strong>genus,</strong></span> <span class='ocrx_word' id='word_1_424' title='bbox 3129 2711 3380 2780; x_wconf 84' lang='lat' dir='ltr'><strong>viresque</strong></span> <span class='ocrx_word' id='word_1_425' title='bbox 3432 2703 3447 2717; x_wconf 82' lang='grc'><em>’</em></span> 
     </span>
    </p>
   </div>
   <div class='ocr_carea' id='block_1_58' title="bbox 1815 2801 3376 2871">
    <p class='ocr_par' dir='ltr' id='par_1_58' title="bbox 1815 2801 3376 2871">
     <span class='ocr_line' id='line_1_58' title="bbox 1815 2801 3376 2871; baseline -0.003 -12"><span class='ocrx_word' id='word_1_426' title='bbox 1815 2819 1942 2860; x_wconf 89' lang='lat' dir='ltr'><strong>suas</strong></span> <span class='ocrx_word' id='word_1_427' title='bbox 1992 2803 2295 2859; x_wconf 78' lang='lat' dir='ltr'><strong>aliirmabat</strong></span> <span class='ocrx_word' id='word_1_428' title='bbox 2349 2805 2585 2865; x_wconf 29' lang='lat' dir='ltr'><strong>invictas,</strong></span> <span class='ocrx_word' id='word_1_429' title='bbox 2639 2817 2760 2858; x_wconf 88' lang='lat' dir='ltr'><strong>esse</strong></span> <span class='ocrx_word' id='word_1_430' title='bbox 2808 2811 2863 2857; x_wconf 88' lang='lat' dir='ltr'><strong>et</strong></span> <span class='ocrx_word' id='word_1_431' title='bbox 2908 2801 3376 2871; x_wconf 69' lang='lat' dir='ltr'><strong>inexpugnabiles.</strong></span> 
     </span>
    </p>
   </div>
   <div class='ocr_carea' id='block_1_59' title="bbox 1817 2893 3377 2969">
    <p class='ocr_par' dir='ltr' id='par_1_59' title="bbox 1817 2893 3377 2969">
     <span class='ocr_line' id='line_1_59' title="bbox 1817 2893 3377 2969; baseline -0.004 -17"><span class='ocrx_word' id='word_1_432' title='bbox 1817 2897 2028 2953; x_wconf 88' lang='lat' dir='ltr'><strong>Etenim</strong></span> <span class='ocrx_word' id='word_1_433' title='bbox 2055 2898 2127 2952; x_wconf 92' lang='lat' dir='ltr'><strong>ita</strong></span> <span class='ocrx_word' id='word_1_434' title='bbox 2155 2897 2509 2969; x_wconf 73' lang='lat' dir='ltr'><strong>gloriabatur,</strong></span> <span class='ocrx_word' id='word_1_435' title='bbox 2533 2895 2688 2965; x_wconf 89' lang='lat' dir='ltr'><strong>quasi</strong></span> <span class='ocrx_word' id='word_1_436' title='bbox 2718 2909 2779 2949; x_wconf 88' lang='lat' dir='ltr'><strong>ea</strong></span> <span class='ocrx_word' id='word_1_437' title='bbox 2823 2908 2941 2965; x_wconf 72' lang='lat' dir='ltr'><strong>quae</strong></span> <span class='ocrx_word' id='word_1_438' title='bbox 2973 2893 3155 2959; x_wconf 88' lang='lat' dir='ltr'><strong>vellet,</strong></span> <span class='ocrx_word' id='word_1_439' title='bbox 3191 2893 3246 2948; x_wconf 85' lang='lat' dir='ltr'><strong>in</strong></span> <span class='ocrx_word' id='word_1_440' title='bbox 3278 2906 3377 2948; x_wconf 85' lang='lat' dir='ltr'><strong>sua</strong></span> 
     </span>
    </p>
   </div>
   <div class='ocr_carea' id='block_1_60' title="bbox 161 2968 1721 3062">
    <p class='ocr_par' dir='ltr' id='par_1_60' title="bbox 161 2968 1705 3062">
     <span class='ocr_line' id='line_1_60' title="bbox 161 2968 1705 3062; baseline 0.003 -24"><span class='ocrx_word' id='word_1_441' title='bbox 161 2985 323 3051; x_wconf 74' lang='grc' dir='ltr'>ααζεν.</span> <span class='ocrx_word' id='word_1_442' title='bbox 364 2989 581 3062; x_wconf 79' lang='grc' dir='ltr'>Ἐπειδὴ</span> <span class='ocrx_word' id='word_1_443' title='bbox 618 2989 786 3060; x_wconf 83' lang='grc' dir='ltr'>πολλή</span> <span class='ocrx_word' id='word_1_444' title='bbox 823 2988 911 3058; x_wconf 86' lang='grc' dir='ltr'><strong>μοί</strong></span> <span class='ocrx_word' id='word_1_445' title='bbox 940 2990 1086 3041; x_wconf 80' lang='grc' dir='ltr'>ἐστιν</span> <span class='ocrx_word' id='word_1_446' title='bbox 1122 2989 1321 3059; x_wconf 82' lang='grc' dir='ltr'>ἱππικὴ</span> <span class='ocrx_word' id='word_1_447' title='bbox 1361 2989 1456 3042; x_wconf 75' lang='grc' dir='ltr'>καὶ</span> <span class='ocrx_word' id='word_1_448' title='bbox 1506 2968 1705 3061; x_wconf 48' lang='grc' dir='ltr'>πεζικὴ</span> 
     </span>
    </p>
   </div>
   <div class='ocr_carea' id='block_1_61' title="bbox 1813 2968 3372 3062">
    <p class='ocr_par' dir='ltr' id='par_1_61' title="bbox 1813 2985 3372 3056">
     <span class='ocr_line' id='line_1_61' title="bbox 1813 2985 3372 3056; baseline -0.003 -15"><span class='ocrx_word' id='word_1_449' title='bbox 1813 2996 1994 3042; x_wconf 87' lang='lat' dir='ltr'><strong>essent</strong></span> <span class='ocrx_word' id='word_1_450' title='bbox 2047 2996 2339 3056; x_wconf 86' lang='lat' dir='ltr'><strong>potestate,</strong></span> <span class='ocrx_word' id='word_1_451' title='bbox 2373 2995 2426 3040; x_wconf 89' lang='lat' dir='ltr'><strong>et</strong></span> <span class='ocrx_word' id='word_1_452' title='bbox 2458 2987 2613 3055; x_wconf 90' lang='lat' dir='ltr'><strong>quasi</strong></span> <span class='ocrx_word' id='word_1_453' title='bbox 2658 3001 2782 3055; x_wconf 78' lang='lat' dir='ltr'><strong>qua:</strong></span> <span class='ocrx_word' id='word_1_454' title='bbox 2826 2986 3010 3040; x_wconf 87' lang='lat' dir='ltr'><strong>animo</strong></span> <span class='ocrx_word' id='word_1_455' title='bbox 3053 2985 3372 3046; x_wconf 83' lang='lat' dir='ltr'><strong>destinarat,</strong></span> 
     </span>
    </p>
   </div>
   <div class='ocr_carea' id='block_1_62' title="bbox 161 3075 1705 3154">
    <p class='ocr_par' dir='ltr' id='par_1_62' title="bbox 161 3075 1705 3154">
     <span class='ocr_line' id='line_1_62' title="bbox 161 3075 1705 3154; baseline 0.003 -24"><span class='ocrx_word' id='word_1_456' title='bbox 161 3075 379 3150; x_wconf 82' lang='grc' dir='ltr'>δύναμις,</span> <span class='ocrx_word' id='word_1_457' title='bbox 402 3083 492 3136; x_wconf 80' lang='grc' dir='ltr'>καὶ</span> <span class='ocrx_word' id='word_1_458' title='bbox 519 3082 698 3144; x_wconf 77' lang='grc' dir='ltr'>οὐδεὶς</span> <span class='ocrx_word' id='word_1_459' title='bbox 728 3083 756 3135; x_wconf 86' lang='grc' dir='ltr'>ὁ</span> <span class='ocrx_word' id='word_1_460' title='bbox 784 3080 1075 3150; x_wconf 78' lang='grc' dir='ltr'>ἀνταίρων,</span> <span class='ocrx_word' id='word_1_461' title='bbox 1115 3082 1210 3134; x_wconf 74' lang='grc' dir='ltr'><strong>καὶ</strong></span> <span class='ocrx_word' id='word_1_462' title='bbox 1241 3082 1427 3153; x_wconf 85' lang='grc' dir='ltr'>ἐπειδὴ</span> <span class='ocrx_word' id='word_1_463' title='bbox 1474 3082 1705 3154; x_wconf 86' lang='grc' dir='ltr'>ἀπρόσι-</span> 
     </span>
    </p>
   </div>
   <div class='ocr_carea' id='block_1_63' title="bbox 162 3172 1704 3245">
    <p class='ocr_par' dir='ltr' id='par_1_63' title="bbox 162 3172 1704 3245">
     <span class='ocr_line' id='line_1_63' title="bbox 162 3172 1704 3245; baseline 0.002 -23"><span class='ocrx_word' id='word_1_464' title='bbox 162 3172 286 3241; x_wconf 62' lang='grc' dir='ltr'>τοςή</span> <span class='ocrx_word' id='word_1_465' title='bbox 312 3173 366 3225; x_wconf 80' lang='grc' dir='ltr'>ἐν</span> <span class='ocrx_word' id='word_1_466' title='bbox 389 3176 499 3238; x_wconf 82' lang='grc' dir='ltr'>τοῖς</span> <span class='ocrx_word' id='word_1_467' title='bbox 533 3174 922 3244; x_wconf 80' lang='grc' dir='ltr'>στρατηγικοῖς</span> <span class='ocrx_word' id='word_1_468' title='bbox 960 3172 1123 3241; x_wconf 89' lang='grc' dir='ltr'>σοφία</span> <span class='ocrx_word' id='word_1_469' title='bbox 1152 3190 1240 3244; x_wconf 89' lang='grc' dir='ltr'><strong>μοι</strong></span> <span class='ocrx_word' id='word_1_470' title='bbox 1270 3173 1519 3244; x_wconf 85' lang='grc' dir='ltr'>πάρεστι,</span> <span class='ocrx_word' id='word_1_471' title='bbox 1552 3172 1704 3245; x_wconf 78' lang='grc' dir='ltr'><strong>καὶὴ</strong></span> 
     </span>
    </p>
   </div>
   <div class='ocr_carea' id='block_1_64' title="bbox 164 3259 1705 3337">
    <p class='ocr_par' dir='ltr' id='par_1_64' title="bbox 164 3259 1705 3337">
     <span class='ocr_line' id='line_1_64' title="bbox 164 3259 1705 3337; baseline 0.003 -25"><span class='ocrx_word' id='word_1_472' title='bbox 164 3259 346 3326; x_wconf 75' lang='grc' dir='ltr'>σύνεσις</span> <span class='ocrx_word' id='word_1_473' title='bbox 364 3264 733 3337; x_wconf 84' lang='grc' dir='ltr'>ἀνεπίληπτος</span> <span class='ocrx_word' id='word_1_474' title='bbox 765 3263 839 3335; x_wconf 90' lang='grc'><strong>(9)</strong></span> <span class='ocrx_word' id='word_1_475' title='bbox 865 3281 879 3295; x_wconf 81' lang='grc'><em>’</em></span> <span class='ocrx_word' id='word_1_476' title='bbox 915 3263 1005 3317; x_wconf 83' lang='grc' dir='ltr'>διὰ</span> <span class='ocrx_word' id='word_1_477' title='bbox 1035 3262 1224 3329; x_wconf 90' lang='grc' dir='ltr'>τοῦτο,</span> <span class='ocrx_word' id='word_1_478' title='bbox 1256 3264 1443 3336; x_wconf 79' lang='grc' dir='ltr'>φησὶν,</span> <span class='ocrx_word' id='word_1_479' title='bbox 1488 3263 1705 3332; x_wconf 72' lang='grc' dir='ltr'>Ἄφελῶ</span> 
     </span>
    </p>
   </div>
   <div class='ocr_carea' id='block_1_65' title="bbox 167 3351 1701 3425">
    <p class='ocr_par' dir='ltr' id='par_1_65' title="bbox 167 3351 1701 3425">
     <span class='ocr_line' id='line_1_65' title="bbox 167 3351 1701 3425; baseline 0.002 -19"><span class='ocrx_word' id='word_1_480' title='bbox 167 3351 271 3419; x_wconf 67' lang='lat' dir='ltr'><strong>opta</strong></span> <span class='ocrx_word' id='word_1_481' title='bbox 294 3354 488 3424; x_wconf 81' lang='grc' dir='ltr'>ἐθνῶν,</span> <span class='ocrx_word' id='word_1_482' title='bbox 535 3356 640 3412; x_wconf 76' lang='grc' dir='ltr'><strong>καὶ</strong></span> <span class='ocrx_word' id='word_1_483' title='bbox 680 3355 795 3425; x_wconf 83' lang='grc' dir='ltr'>τὴν</span> <span class='ocrx_word' id='word_1_484' title='bbox 827 3356 1010 3425; x_wconf 78' lang='grc' dir='ltr'>ἰσχὺν</span> <span class='ocrx_word' id='word_1_485' title='bbox 1048 3354 1245 3410; x_wconf 81' lang='grc' dir='ltr'>αὐτῶν</span> <span class='ocrx_word' id='word_1_486' title='bbox 1290 3356 1701 3424; x_wconf 81' lang='grc' dir='ltr'>προνομεύσω.</span> 
     </span>
    </p>
   </div>
   <div class='ocr_carea' id='block_1_66' title="bbox 166 3432 1705 3518">
    <p class='ocr_par' dir='ltr' id='par_1_66' title="bbox 166 3432 1705 3518">
     <span class='ocr_line' id='line_1_66' title="bbox 166 3432 1705 3518; baseline 0.001 -22"><span class='ocrx_word' id='word_1_487' title='bbox 166 3443 319 3499; x_wconf 80' lang='grc' dir='ltr'>Πάντα</span> <span class='ocrx_word' id='word_1_488' title='bbox 340 3432 442 3518; x_wconf 72' lang='grc' dir='ltr'><strong>γάρ</strong></span> <span class='ocrx_word' id='word_1_489' title='bbox 470 3447 540 3502; x_wconf 86' lang='grc' dir='ltr'>τὰ</span> <span class='ocrx_word' id='word_1_490' title='bbox 569 3446 703 3518; x_wconf 77' lang='grc' dir='ltr'>ἔθνη</span> <span class='ocrx_word' id='word_1_491' title='bbox 733 3449 797 3518; x_wconf 80' lang='grc' dir='ltr'>τῇ</span> <span class='ocrx_word' id='word_1_492' title='bbox 829 3444 1067 3518; x_wconf 77' lang='grc' dir='ltr'>ἐμαυτοῦ</span> <span class='ocrx_word' id='word_1_493' title='bbox 1091 3444 1425 3499; x_wconf 82' lang='grc' dir='ltr'>ὑποκύπτειν</span> <span class='ocrx_word' id='word_1_494' title='bbox 1459 3443 1705 3516; x_wconf 76' lang='grc' dir='ltr'>βασιλείᾳ</span> 
     </span>
    </p>
   </div>
   <div class='ocr_carea' id='block_1_67' title="bbox 171 3535 1704 3609">
    <p class='ocr_par' dir='ltr' id='par_1_67' title="bbox 171 3535 1704 3609">
     <span class='ocr_line' id='line_1_67' title="bbox 171 3535 1704 3609; baseline 0.002 -24"><span class='ocrx_word' id='word_1_495' title='bbox 171 3539 564 3606; x_wconf 75' lang='grc' dir='ltr'>συναναγκάσας,</span> <span class='ocrx_word' id='word_1_496' title='bbox 615 3540 710 3592; x_wconf 69' lang='grc' dir='ltr'><strong>ἕνα</strong></span> <span class='ocrx_word' id='word_1_497' title='bbox 748 3538 857 3592; x_wconf 89' lang='grc' dir='ltr'><strong>τῶν</strong></span> <span class='ocrx_word' id='word_1_498' title='bbox 891 3538 1110 3591; x_wconf 85' lang='grc' dir='ltr'>πάντων</span> <span class='ocrx_word' id='word_1_499' title='bbox 1144 3535 1407 3606; x_wconf 85' lang='grc' dir='ltr'>ποιοῦμαι</span> <span class='ocrx_word' id='word_1_500' title='bbox 1431 3536 1576 3609; x_wconf 84' lang='grc' dir='ltr'>ὅρον,</span> <span class='ocrx_word' id='word_1_501' title='bbox 1606 3535 1704 3608; x_wconf 85' lang='grc' dir='ltr'>τὴν</span> 
     </span>
    </p>
   </div>
   <div class='ocr_carea' id='block_1_68' title="bbox 169 3626 1706 3702">
    <p class='ocr_par' dir='ltr' id='par_1_68' title="bbox 169 3626 1706 3702">
     <span class='ocr_line' id='line_1_68' title="bbox 169 3626 1706 3702; baseline 0.001 -22"><span class='ocrx_word' id='word_1_502' title='bbox 169 3626 284 3697; x_wconf 75' lang='grc' dir='ltr'><strong>ἐμὴν</strong></span> <span class='ocrx_word' id='word_1_503' title='bbox 308 3631 676 3701; x_wconf 74' lang='grc' dir='ltr'>ἐπικράτειαν.</span> <span class='ocrx_word' id='word_1_504' title='bbox 708 3631 821 3684; x_wconf 88' lang='grc' dir='ltr'>Νῦν</span> <span class='ocrx_word' id='word_1_505' title='bbox 846 3631 956 3702; x_wconf 83' lang='grc' dir='ltr'>γὰρ</span> <span class='ocrx_word' id='word_1_506' title='bbox 983 3630 1214 3684; x_wconf 73' lang='grc' dir='ltr'>ἕκαστον</span> <span class='ocrx_word' id='word_1_507' title='bbox 1236 3628 1384 3691; x_wconf 78' lang='grc' dir='ltr'>ἰδίοις</span> <span class='ocrx_word' id='word_1_508' title='bbox 1407 3627 1706 3700; x_wconf 87' lang='grc' dir='ltr'>ὁροθεσίοις</span> 
     </span>
    </p>
   </div>
   <div class='ocr_carea' id='block_1_69' title="bbox 171 3713 1706 3795">
    <p class='ocr_par' dir='ltr' id='par_1_69' title="bbox 171 3713 1706 3795">
     <span class='ocr_line' id='line_1_69' title="bbox 171 3713 1706 3795; baseline 0.005 -29"><span class='ocrx_word' id='word_1_509' title='bbox 171 3714 375 3772; x_wconf 79' lang='grc' dir='ltr'>ἀπὸτοῦ</span> <span class='ocrx_word' id='word_1_510' title='bbox 407 3721 595 3795; x_wconf 76' lang='grc' dir='ltr'>ἑτέρου</span> <span class='ocrx_word' id='word_1_511' title='bbox 643 3718 946 3792; x_wconf 80' lang='grc' dir='ltr'>διώρισται.</span> <span class='ocrx_word' id='word_1_512' title='bbox 992 3718 1230 3787; x_wconf 85' lang='grc' dir='ltr'>Ἀφελὼν</span> <span class='ocrx_word' id='word_1_513' title='bbox 1280 3713 1373 3773; x_wconf 82' lang='grc' dir='ltr'><strong>οὖν</strong></span> <span class='ocrx_word' id='word_1_514' title='bbox 1406 3718 1584 3774; x_wconf 78' lang='grc' dir='ltr'>αὐτῶν</span> <span class='ocrx_word' id='word_1_515' title='bbox 1634 3717 1706 3773; x_wconf 85' lang='grc' dir='ltr'>τὰ</span> 
     </span>
    </p>
   </div>
   <div class='ocr_carea' id='block_1_70' title="bbox 169 3803 1704 3883">
    <p class='ocr_par' dir='ltr' id='par_1_70' title="bbox 169 3803 1704 3883">
     <span class='ocr_line' id='line_1_70' title="bbox 169 3803 1704 3883; baseline 0.002 -24"><span class='ocrx_word' id='word_1_516' title='bbox 169 3803 286 3875; x_wconf 79' lang='grc' dir='ltr'>ὅρια,</span> <span class='ocrx_word' id='word_1_517' title='bbox 313 3809 407 3863; x_wconf 76' lang='grc' dir='ltr'><strong>ὑπὸ</strong></span> <span class='ocrx_word' id='word_1_518' title='bbox 429 3810 488 3866; x_wconf 78' lang='grc' dir='ltr'>ἓν</span> <span class='ocrx_word' id='word_1_519' title='bbox 514 3812 798 3883; x_wconf 81' lang='grc' dir='ltr'>σκῆπτρον</span> <span class='ocrx_word' id='word_1_520' title='bbox 841 3810 940 3882; x_wconf 75' lang='grc' dir='ltr'>τῆς</span> <span class='ocrx_word' id='word_1_521' title='bbox 976 3811 1116 3881; x_wconf 75' lang='grc' dir='ltr'>ἐμῆς</span> <span class='ocrx_word' id='word_1_522' title='bbox 1148 3807 1424 3879; x_wconf 86' lang='grc' dir='ltr'>βασιλείας</span> <span class='ocrx_word' id='word_1_523' title='bbox 1452 3808 1704 3877; x_wconf 76' lang='grc' dir='ltr'>γενέσθαι</span> 
     </span>
    </p>
   </div>
   <div class='ocr_carea' id='block_1_71' title="bbox 171 3894 1707 3974">
    <p class='ocr_par' dir='ltr' id='par_1_71' title="bbox 171 3894 1707 3974">
     <span class='ocr_line' id='line_1_71' title="bbox 171 3894 1707 3974; baseline 0.005 -28"><span class='ocrx_word' id='word_1_524' title='bbox 171 3894 226 3948; x_wconf 83' lang='grc' dir='ltr'>τὰ</span> <span class='ocrx_word' id='word_1_525' title='bbox 248 3897 405 3955; x_wconf 85' lang='grc' dir='ltr'>πάντα</span> <span class='ocrx_word' id='word_1_526' title='bbox 427 3901 535 3974; x_wconf 89' lang='lat' dir='ltr'><strong>(l0)</strong></span> <span class='ocrx_word' id='word_1_527' title='bbox 567 3901 983 3970; x_wconf 85' lang='grc' dir='ltr'>συναναγκάσω.</span> <span class='ocrx_word' id='word_1_528' title='bbox 1017 3898 1126 3954; x_wconf 76' lang='grc' dir='ltr'><strong>Καὶ</strong></span> <span class='ocrx_word' id='word_1_529' title='bbox 1149 3898 1265 3968; x_wconf 79' lang='grc' dir='ltr'>τὴν</span> <span class='ocrx_word' id='word_1_530' title='bbox 1292 3898 1475 3968; x_wconf 78' lang='grc' dir='ltr'>ἰσχὺν</span> <span class='ocrx_word' id='word_1_531' title='bbox 1509 3898 1707 3953; x_wconf 79' lang='grc' dir='ltr'>αὐτῶν</span> 
     </span>
    </p>
   </div>
   <div class='ocr_carea' id='block_1_72' title="bbox 170 3988 1706 4065">
    <p class='ocr_par' dir='ltr' id='par_1_72' title="bbox 170 3988 1706 4065">
     <span class='ocr_line' id='line_1_72' title="bbox 170 3988 1706 4065; baseline -0.002 -21"><span class='ocrx_word' id='word_1_532' title='bbox 170 3994 537 4060; x_wconf 74' lang='grc' dir='ltr'>προνομεύσω.</span> <span class='ocrx_word' id='word_1_533' title='bbox 580 3991 836 4065; x_wconf 84' lang='grc' dir='ltr'>Προνομὴ</span> <span class='ocrx_word' id='word_1_534' title='bbox 868 3991 1085 4060; x_wconf 73' lang='grc' dir='ltr'>λέγεται</span> <span class='ocrx_word' id='word_1_535' title='bbox 1124 3992 1157 4062; x_wconf 82' lang='grc' dir='ltr'>ἡ</span> <span class='ocrx_word' id='word_1_536' title='bbox 1193 3990 1250 4044; x_wconf 81' lang='grc' dir='ltr'>ὲν</span> <span class='ocrx_word' id='word_1_537' title='bbox 1280 3991 1392 4052; x_wconf 90' lang='grc' dir='ltr'>τοῖς</span> <span class='ocrx_word' id='word_1_538' title='bbox 1424 3988 1706 4059; x_wconf 84' lang='grc' dir='ltr'>πολεμίοις</span> 
     </span>
    </p>
   </div>
   <div class='ocr_carea' id='block_1_73' title="bbox 172 4076 1701 4154">
    <p class='ocr_par' dir='ltr' id='par_1_73' title="bbox 172 4076 1701 4154">
     <span class='ocr_line' id='line_1_73' title="bbox 172 4076 1701 4154; baseline -0.001 -21"><span class='ocrx_word' id='word_1_539' title='bbox 172 4077 261 4133; x_wconf 80' lang='grc' dir='ltr'><strong>τῶν</strong></span> <span class='ocrx_word' id='word_1_540' title='bbox 287 4081 586 4139; x_wconf 74' lang='grc' dir='ltr'>ἑαλωκότων</span> <span class='ocrx_word' id='word_1_541' title='bbox 615 4076 696 4148; x_wconf 77' lang='grc' dir='ltr'><strong>είς</strong></span> <span class='ocrx_word' id='word_1_542' title='bbox 719 4084 846 4148; x_wconf 78' lang='grc' dir='ltr'>τοὺς</span> <span class='ocrx_word' id='word_1_543' title='bbox 874 4081 1212 4154; x_wconf 85' lang='grc' dir='ltr'>κρατοῦντας</span> <span class='ocrx_word' id='word_1_544' title='bbox 1240 4079 1489 4151; x_wconf 76' lang='grc' dir='ltr'>διανομὴ,</span> <span class='ocrx_word' id='word_1_545' title='bbox 1513 4080 1639 4132; x_wconf 83' lang='grc' dir='ltr'>ὅταν</span> <span class='ocrx_word' id='word_1_546' title='bbox 1667 4079 1701 4152; x_wconf 86' lang='grc' dir='ltr'>ἢ</span> 
     </span>
    </p>
   </div>
   <div class='ocr_carea' id='block_1_74' title="bbox 173 4171 1701 4248">
    <p class='ocr_par' dir='ltr' id='par_1_74' title="bbox 173 4171 1701 4248">
     <span class='ocr_line' id='line_1_74' title="bbox 173 4171 1701 4248; baseline -0.005 -19"><span class='ocrx_word' id='word_1_547' title='bbox 173 4172 451 4241; x_wconf 71' lang='grc' dir='ltr'>αἰχμάλωτα</span> <span class='ocrx_word' id='word_1_548' title='bbox 482 4175 754 4248; x_wconf 79' lang='grc' dir='ltr'>σώματα,</span> <span class='ocrx_word' id='word_1_549' title='bbox 809 4175 843 4243; x_wconf 71' lang='grc' dir='ltr'>ἦ</span> <span class='ocrx_word' id='word_1_550' title='bbox 901 4190 1023 4231; x_wconf 85' lang='grc' dir='ltr'>τινα.</span> <span class='ocrx_word' id='word_1_551' title='bbox 1080 4172 1188 4226; x_wconf 91' lang='grc' dir='ltr'><strong>τῶν</strong></span> <span class='ocrx_word' id='word_1_552' title='bbox 1249 4171 1701 4243; x_wconf 76' lang='grc' dir='ltr'>βοσκημάτων,ἢ</span> 
     </span>
    </p>
   </div>
   <div class='ocr_carea' id='block_1_75' title="bbox 1806 3072 3371 3145">
    <p class='ocr_par' dir='ltr' id='par_1_75' title="bbox 1806 3072 3371 3145">
     <span class='ocr_line' id='line_1_75' title="bbox 1806 3072 3371 3145; baseline -0.004 -13"><span class='ocrx_word' id='word_1_553' title='bbox 1806 3085 1952 3132; x_wconf 88' lang='lat' dir='ltr'><strong>esset</strong></span> <span class='ocrx_word' id='word_1_554' title='bbox 1987 3075 2208 3131; x_wconf 88' lang='lat' dir='ltr'><strong>omnino</strong></span> <span class='ocrx_word' id='word_1_555' title='bbox 2241 3074 2605 3145; x_wconf 74' lang='lat' dir='ltr'><strong>perfecturus.</strong></span> <span class='ocrx_word' id='word_1_556' title='bbox 2638 3074 2905 3141; x_wconf 80' lang='lat' dir='ltr'><strong>Quoniam</strong></span> <span class='ocrx_word' id='word_1_557' title='bbox 2953 3073 3087 3128; x_wconf 90' lang='lat' dir='ltr'><strong>mibi</strong></span> <span class='ocrx_word' id='word_1_558' title='bbox 3142 3072 3371 3128; x_wconf 88' lang='lat' dir='ltr'><strong>multum</strong></span> 
     </span>
    </p>
   </div>
   <div class='ocr_carea' id='block_1_76' title="bbox 1808 3165 3377 3237">
    <p class='ocr_par' dir='ltr' id='par_1_76' title="bbox 1808 3165 3377 3237">
     <span class='ocr_line' id='line_1_76' title="bbox 1808 3165 3377 3237; baseline 0.001 -17"><span class='ocrx_word' id='word_1_559' title='bbox 1808 3166 1952 3222; x_wconf 90' lang='lat' dir='ltr'><strong>inest</strong></span> <span class='ocrx_word' id='word_1_560' title='bbox 1987 3167 2264 3237; x_wconf 87' lang='lat' dir='ltr'><strong>equitatus</strong></span> <span class='ocrx_word' id='word_1_561' title='bbox 2296 3181 2359 3220; x_wconf 88' lang='lat' dir='ltr'><strong>ac</strong></span> <span class='ocrx_word' id='word_1_562' title='bbox 2391 3167 2686 3237; x_wconf 87' lang='lat' dir='ltr'><strong>peditatus,</strong></span> <span class='ocrx_word' id='word_1_563' title='bbox 2719 3182 2819 3222; x_wconf 89' lang='lat' dir='ltr'><strong>nec</strong></span> <span class='ocrx_word' id='word_1_564' title='bbox 2848 3166 3138 3237; x_wconf 90' lang='lat' dir='ltr'><strong>quisquam</strong></span> <span class='ocrx_word' id='word_1_565' title='bbox 3171 3165 3377 3234; x_wconf 81' lang='lat' dir='ltr'><strong>reperi-</strong></span> 
     </span>
    </p>
   </div>
   <div class='ocr_carea' id='block_1_77' title="bbox 1808 3255 3376 3329">
    <p class='ocr_par' dir='ltr' id='par_1_77' title="bbox 1808 3255 3376 3329">
     <span class='ocr_line' id='line_1_77' title="bbox 1808 3255 3376 3329; baseline -0.003 -15"><span class='ocrx_word' id='word_1_566' title='bbox 1808 3268 1896 3314; x_wconf 88' lang='lat' dir='ltr'><strong>tur</strong></span> <span class='ocrx_word' id='word_1_567' title='bbox 1926 3261 2015 3329; x_wconf 86' lang='lat' dir='ltr'><strong>qui</strong></span> <span class='ocrx_word' id='word_1_568' title='bbox 2045 3259 2284 3325; x_wconf 85' lang='lat' dir='ltr'><strong>resistat,</strong></span> <span class='ocrx_word' id='word_1_569' title='bbox 2325 3273 2558 3329; x_wconf 90' lang='lat' dir='ltr'><strong>cumque</strong></span> <span class='ocrx_word' id='word_1_570' title='bbox 2588 3261 2861 3314; x_wconf 86' lang='lat' dir='ltr'><strong>inaccessa</strong></span> <span class='ocrx_word' id='word_1_571' title='bbox 2893 3259 2946 3312; x_wconf 93' lang='lat' dir='ltr'><strong>in</strong></span> <span class='ocrx_word' id='word_1_572' title='bbox 2978 3258 3141 3311; x_wconf 89' lang='lat' dir='ltr'><strong>rebus</strong></span> <span class='ocrx_word' id='word_1_573' title='bbox 3173 3255 3376 3310; x_wconf 76' lang='lat' dir='ltr'><strong>milita-</strong></span> 
     </span>
    </p>
   </div>
   <div class='ocr_carea' id='block_1_78' title="bbox 1810 3345 3374 3420">
    <p class='ocr_par' dir='ltr' id='par_1_78' title="bbox 1810 3345 3374 3420">
     <span class='ocr_line' id='line_1_78' title="bbox 1810 3345 3374 3420; baseline -0.003 -15"><span class='ocrx_word' id='word_1_574' title='bbox 1810 3351 1959 3407; x_wconf 90' lang='lat' dir='ltr'><strong>ribus</strong></span> <span class='ocrx_word' id='word_1_575' title='bbox 1985 3351 2275 3420; x_wconf 89' lang='lat' dir='ltr'><strong>sapientia,</strong></span> <span class='ocrx_word' id='word_1_576' title='bbox 2306 3358 2472 3420; x_wconf 87' lang='lat' dir='ltr'><strong>atque</strong></span> <span class='ocrx_word' id='word_1_577' title='bbox 2518 3348 3063 3420; x_wconf 89' lang='lat' dir='ltr'><strong>incomprehensibile</strong></span> <span class='ocrx_word' id='word_1_578' title='bbox 3088 3345 3374 3402; x_wconf 84' lang='lat' dir='ltr'><strong>consilium</strong></span> 
     </span>
    </p>
   </div>
   <div class='ocr_carea' id='block_1_79' title="bbox 1810 3437 3373 3510">
    <p class='ocr_par' dir='ltr' id='par_1_79' title="bbox 1810 3437 3373 3510">
     <span class='ocr_line' id='line_1_79' title="bbox 1810 3437 3373 3510; baseline -0.004 -15"><span class='ocrx_word' id='word_1_579' title='bbox 1810 3442 1942 3495; x_wconf 81' lang='lat' dir='ltr'><strong>mihi</strong></span> <span class='ocrx_word' id='word_1_580' title='bbox 1974 3449 2246 3510; x_wconf 79' lang='lat' dir='ltr'><strong>suppetat,</strong></span> <span class='ocrx_word' id='word_1_581' title='bbox 2274 3440 2416 3506; x_wconf 90' lang='lat' dir='ltr'><strong>ideo,</strong></span> <span class='ocrx_word' id='word_1_582' title='bbox 2456 3439 2651 3509; x_wconf 85' lang='lat' dir='ltr'><strong>inquit,</strong></span> <span class='ocrx_word' id='word_1_583' title='bbox 2680 3438 2934 3508; x_wconf 79' lang='lat' dir='ltr'><strong>Auferam</strong></span> <span class='ocrx_word' id='word_1_584' title='bbox 2964 3437 3212 3491; x_wconf 85' lang='lat' dir='ltr'><strong>terminos</strong></span> <span class='ocrx_word' id='word_1_585' title='bbox 3245 3451 3373 3506; x_wconf 83' lang='lat' dir='ltr'><strong>gen-</strong></span> 
     </span>
    </p>
   </div>
   <div class='ocr_carea' id='block_1_80' title="bbox 1806 3525 3375 3601">
    <p class='ocr_par' dir='ltr' id='par_1_80' title="bbox 1806 3525 3375 3601">
     <span class='ocr_line' id='line_1_80' title="bbox 1806 3525 3375 3601; baseline -0.002 -17"><span class='ocrx_word' id='word_1_586' title='bbox 1806 3532 1958 3596; x_wconf 60' lang='lat' dir='ltr'><strong>tium,</strong></span> <span class='ocrx_word' id='word_1_587' title='bbox 1998 3541 2045 3584; x_wconf 88' lang='lat' dir='ltr'><strong>et</strong></span> <span class='ocrx_word' id='word_1_588' title='bbox 2086 3529 2447 3601; x_wconf 81' lang='lat' dir='ltr'><strong>fortitudinem</strong></span> <span class='ocrx_word' id='word_1_589' title='bbox 2486 3545 2668 3584; x_wconf 86' lang='lat' dir='ltr'><strong>earum</strong></span> <span class='ocrx_word' id='word_1_590' title='bbox 2716 3528 3076 3597; x_wconf 74' lang='lat' dir='ltr'><strong>deprwdabor.</strong></span> <span class='ocrx_word' id='word_1_591' title='bbox 3107 3526 3242 3581; x_wconf 81' lang='lat' dir='ltr'><strong>Nam</strong></span> <span class='ocrx_word' id='word_1_592' title='bbox 3282 3525 3375 3582; x_wconf 88' lang='lat' dir='ltr'><strong>ubi</strong></span> 
     </span>
    </p>
   </div>
   <div class='ocr_carea' id='block_1_81' title="bbox 1806 3619 3372 3697">
    <p class='ocr_par' dir='ltr' id='par_1_81' title="bbox 1806 3619 3372 3697">
     <span class='ocr_line' id='line_1_81' title="bbox 1806 3619 3372 3697; baseline -0.004 -17"><span class='ocrx_word' id='word_1_593' title='bbox 1806 3637 1992 3697; x_wconf 81' lang='lat' dir='ltr'><strong>gentes</strong></span> <span class='ocrx_word' id='word_1_594' title='bbox 2040 3641 2230 3681; x_wconf 91' lang='lat' dir='ltr'><strong>omnes</strong></span> <span class='ocrx_word' id='word_1_595' title='bbox 2277 3639 2505 3695; x_wconf 87' lang='lat' dir='ltr'><strong>coegcro</strong></span> <span class='ocrx_word' id='word_1_596' title='bbox 2545 3623 2770 3692; x_wconf 89' lang='lat' dir='ltr'><strong>imperio</strong></span> <span class='ocrx_word' id='word_1_597' title='bbox 2826 3636 2946 3676; x_wconf 88' lang='lat' dir='ltr'><strong>meo</strong></span> <span class='ocrx_word' id='word_1_598' title='bbox 2977 3637 3036 3676; x_wconf 91' lang='lat' dir='ltr'><strong>se</strong></span> <span class='ocrx_word' id='word_1_599' title='bbox 3083 3619 3372 3688; x_wconf 86' lang='lat' dir='ltr'><strong>subjicere,</strong></span> 
     </span>
    </p>
   </div>
   <div class='ocr_carea' id='block_1_82' title="bbox 1808 3714 3376 3779">
    <p class='ocr_par' dir='ltr' id='par_1_82' title="bbox 1808 3714 3376 3779">
     <span class='ocr_line' id='line_1_82' title="bbox 1808 3714 3376 3779; baseline -0.004 -6"><span class='ocrx_word' id='word_1_600' title='bbox 1808 3734 1969 3773; x_wconf 90' lang='lat' dir='ltr'><strong>unum</strong></span> <span class='ocrx_word' id='word_1_601' title='bbox 2025 3717 2266 3773; x_wconf 89' lang='lat' dir='ltr'><strong>omnium</strong></span> <span class='ocrx_word' id='word_1_602' title='bbox 2322 3717 2612 3773; x_wconf 89' lang='lat' dir='ltr'><strong>terminum</strong></span> <span class='ocrx_word' id='word_1_603' title='bbox 2686 3716 2948 3779; x_wconf 84' lang='lat' dir='ltr'><strong>eliiciam,</strong></span> <span class='ocrx_word' id='word_1_604' title='bbox 3001 3714 3257 3769; x_wconf 90' lang='lat' dir='ltr'><strong>ditionem</strong></span> <span class='ocrx_word' id='word_1_605' title='bbox 3310 3727 3376 3768; x_wconf 88' lang='lat' dir='ltr'><strong>ac</strong></span> 
     </span>
    </p>
   </div>
   <div class='ocr_carea' id='block_1_83' title="bbox 1806 3808 3374 3880">
    <p class='ocr_par' dir='ltr' id='par_1_83' title="bbox 1806 3808 3374 3880">
     <span class='ocr_line' id='line_1_83' title="bbox 1806 3808 3374 3880; baseline -0.001 -17"><span class='ocrx_word' id='word_1_606' title='bbox 1806 3809 2163 3880; x_wconf 83' lang='lat' dir='ltr'><strong>principatum</strong></span> <span class='ocrx_word' id='word_1_607' title='bbox 2199 3825 2403 3864; x_wconf 90' lang='lat' dir='ltr'><strong>meum.</strong></span> <span class='ocrx_word' id='word_1_608' title='bbox 2459 3808 2616 3864; x_wconf 81' lang='lat' dir='ltr'><strong>Nunc</strong></span> <span class='ocrx_word' id='word_1_609' title='bbox 2666 3808 2811 3864; x_wconf 88' lang='lat' dir='ltr'><strong>enim</strong></span> <span class='ocrx_word' id='word_1_610' title='bbox 2870 3820 3208 3877; x_wconf 55' lang='lat' dir='ltr'><strong>unaquaque</strong></span> <span class='ocrx_word' id='word_1_611' title='bbox 3240 3818 3374 3875; x_wconf 78' lang='lat' dir='ltr'><strong>gens</strong></span> 
     </span>
    </p>
   </div>
   <div class='ocr_carea' id='block_1_84' title="bbox 1806 3895 3372 3970">
    <p class='ocr_par' dir='ltr' id='par_1_84' title="bbox 1806 3895 3372 3970">
     <span class='ocr_line' id='line_1_84' title="bbox 1806 3895 3372 3970; baseline -0.003 -16"><span class='ocrx_word' id='word_1_612' title='bbox 1806 3900 2041 3970; x_wconf 81' lang='lat' dir='ltr'><strong>prOpriis</strong></span> <span class='ocrx_word' id='word_1_613' title='bbox 2072 3900 2334 3956; x_wconf 88' lang='lat' dir='ltr'><strong>limitibus</strong></span> <span class='ocrx_word' id='word_1_614' title='bbox 2360 3900 2535 3955; x_wconf 86' lang='lat' dir='ltr'><strong>divisa</strong></span> <span class='ocrx_word' id='word_1_615' title='bbox 2576 3908 2660 3955; x_wconf 89' lang='lat' dir='ltr'><strong>est</strong></span> <span class='ocrx_word' id='word_1_616' title='bbox 2693 3907 2748 3954; x_wconf 88' lang='lat' dir='ltr'><strong>et</strong></span> <span class='ocrx_word' id='word_1_617' title='bbox 2782 3898 3038 3953; x_wconf 90' lang='lat' dir='ltr'><strong>distincta</strong></span> <span class='ocrx_word' id='word_1_618' title='bbox 3083 3898 3153 3953; x_wconf 87' lang='lat' dir='ltr'><strong>ab</strong></span> <span class='ocrx_word' id='word_1_619' title='bbox 3179 3895 3372 3952; x_wconf 84' lang='lat' dir='ltr'><strong>altera.</strong></span> 
     </span>
    </p>
   </div>
   <div class='ocr_carea' id='block_1_85' title="bbox 1809 3988 3374 4063">
    <p class='ocr_par' dir='ltr' id='par_1_85' title="bbox 1809 3988 3374 4063">
     <span class='ocr_line' id='line_1_85' title="bbox 1809 3988 3374 4063; baseline -0.001 -17"><span class='ocrx_word' id='word_1_620' title='bbox 1809 3990 2046 4048; x_wconf 87' lang='lat' dir='ltr'><strong>Sublatis</strong></span> <span class='ocrx_word' id='word_1_621' title='bbox 2075 3992 2240 4063; x_wconf 82' lang='lat' dir='ltr'><strong>igitur</strong></span> <span class='ocrx_word' id='word_1_622' title='bbox 2263 3993 2504 4063; x_wconf 85' lang='lat' dir='ltr'><strong>gentium</strong></span> <span class='ocrx_word' id='word_1_623' title='bbox 2537 3992 2806 4056; x_wconf 85' lang='lat' dir='ltr'><strong>terminis,</strong></span> <span class='ocrx_word' id='word_1_624' title='bbox 2830 4004 2923 4046; x_wconf 85' lang='lat' dir='ltr'><strong>eas</strong></span> <span class='ocrx_word' id='word_1_625' title='bbox 2945 4004 3135 4046; x_wconf 90' lang='lat' dir='ltr'><strong>omnes</strong></span> <span class='ocrx_word' id='word_1_626' title='bbox 3165 3988 3217 4044; x_wconf 79' lang='lat' dir='ltr'><strong>vi</strong></span> <span class='ocrx_word' id='word_1_627' title='bbox 3256 3988 3374 4045; x_wconf 85' lang='lat' dir='ltr'><strong>adi-</strong></span> 
     </span>
    </p>
   </div>
   <div class='ocr_carea' id='block_1_86' title="bbox 1806 4074 3371 4155">
    <p class='ocr_par' dir='ltr' id='par_1_86' title="bbox 1806 4074 3371 4155">
     <span class='ocr_line' id='line_1_86' title="bbox 1806 4074 3371 4155; baseline -0.001 -18"><span class='ocrx_word' id='word_1_628' title='bbox 1806 4099 1952 4155; x_wconf 79' lang='lat' dir='ltr'><strong>gam,</strong></span> <span class='ocrx_word' id='word_1_629' title='bbox 1992 4093 2053 4137; x_wconf 90' lang='lat' dir='ltr'><strong>ut</strong></span> <span class='ocrx_word' id='word_1_630' title='bbox 2082 4084 2183 4139; x_wconf 90' lang='lat' dir='ltr'><strong>sub</strong></span> <span class='ocrx_word' id='word_1_631' title='bbox 2212 4100 2377 4138; x_wconf 89' lang='lat' dir='ltr'><strong>unum</strong></span> <span class='ocrx_word' id='word_1_632' title='bbox 2408 4087 2557 4155; x_wconf 89' lang='lat' dir='ltr'><strong>regni</strong></span> <span class='ocrx_word' id='word_1_633' title='bbox 2597 4086 2702 4141; x_wconf 88' lang='lat' dir='ltr'><strong>mei</strong></span> <span class='ocrx_word' id='word_1_634' title='bbox 2731 4094 3001 4153; x_wconf 89' lang='lat' dir='ltr'><strong>sceptrum</strong></span> <span class='ocrx_word' id='word_1_635' title='bbox 3041 4074 3371 4153; x_wconf 79' lang='lat' dir='ltr'><strong>redigantur.</strong></span> 
     </span>
    </p>
   </div>
   <div class='ocr_carea' id='block_1_87' title="bbox 1808 4174 3373 4244">
    <p class='ocr_par' dir='ltr' id='par_1_87' title="bbox 1808 4174 3373 4244">
     <span class='ocr_line' id='line_1_87' title="bbox 1808 4174 3373 4244; baseline 0.003 -17"><span class='ocrx_word' id='word_1_636' title='bbox 1808 4174 1877 4227; x_wconf 84' lang='lat' dir='ltr'><strong>Et</strong></span> <span class='ocrx_word' id='word_1_637' title='bbox 1922 4174 2286 4244; x_wconf 83' lang='lat' dir='ltr'><strong>fortitudinem</strong></span> <span class='ocrx_word' id='word_1_638' title='bbox 2326 4191 2509 4235; x_wconf 80' lang='lat' dir='ltr'><strong>earum</strong></span> <span class='ocrx_word' id='word_1_639' title='bbox 2545 4175 2909 4244; x_wconf 65' lang='lat' dir='ltr'><strong>depra’dabor.</strong></span> <span class='ocrx_word' id='word_1_640' title='bbox 2954 4174 3029 4229; x_wconf 84' lang='lat' dir='ltr'><strong>Ea</strong></span> <span class='ocrx_word' id='word_1_641' title='bbox 3077 4174 3373 4243; x_wconf 86' lang='lat' dir='ltr'><strong>spoliorum</strong></span> 
     </span>
    </p>
   </div>
   <div class='ocr_carea' id='block_1_88' title="bbox 174 4260 1721 4365">
    <p class='ocr_par' dir='ltr' id='par_1_88' title="bbox 174 4260 1708 4338">
     <span class='ocr_line' id='line_1_88' title="bbox 174 4260 1708 4338; baseline 0.002 -22"><span class='ocrx_word' id='word_1_642' title='bbox 174 4260 283 4316; x_wconf 70' lang='grc' dir='ltr'>ἄλλα</span> <span class='ocrx_word' id='word_1_643' title='bbox 312 4268 422 4322; x_wconf 73' lang='grc' dir='ltr'>τινὰ</span> <span class='ocrx_word' id='word_1_644' title='bbox 445 4269 553 4322; x_wconf 87' lang='grc' dir='ltr'><strong>τῶν</strong></span> <span class='ocrx_word' id='word_1_645' title='bbox 602 4266 745 4321; x_wconf 79' lang='grc' dir='ltr'>κατὰ</span> <span class='ocrx_word' id='word_1_646' title='bbox 772 4265 863 4322; x_wconf 82' lang='grc' dir='ltr'><strong>τὸν</strong></span> <span class='ocrx_word' id='word_1_647' title='bbox 897 4266 1033 4338; x_wconf 86' lang='grc' dir='ltr'>βίον,</span> <span class='ocrx_word' id='word_1_648' title='bbox 1074 4267 1128 4321; x_wconf 77' lang='lat' dir='ltr'><strong>oi</strong></span> <span class='ocrx_word' id='word_1_649' title='bbox 1171 4264 1497 4338; x_wconf 85' lang='grc' dir='ltr'>κρατοῦντες</span> <span class='ocrx_word' id='word_1_650' title='bbox 1526 4267 1584 4319; x_wconf 80' lang='grc' dir='ltr'>ὲν</span> <span class='ocrx_word' id='word_1_651' title='bbox 1612 4264 1708 4319; x_wconf 72' lang='grc' dir='ltr'><strong>ἀλν</strong></span> 
     </span>
    </p>
   </div>
   <div class='ocr_carea' id='block_1_89' title="bbox 1813 4260 3371 4365">
    <p class='ocr_par' dir='ltr' id='par_1_89' title="bbox 1813 4265 3371 4339">
     <span class='ocr_line' id='line_1_89' title="bbox 1813 4265 3371 4339; baseline -0.001 -19"><span class='ocrx_word' id='word_1_652' title='bbox 1813 4266 2062 4321; x_wconf 84' lang='lat' dir='ltr'><strong>hostibus</strong></span> <span class='ocrx_word' id='word_1_653' title='bbox 2086 4266 2460 4339; x_wconf 88' lang='lat' dir='ltr'><strong>ademptorum</strong></span> <span class='ocrx_word' id='word_1_654' title='bbox 2494 4268 2714 4334; x_wconf 82' lang='lat' dir='ltr'><strong>divisio,</strong></span> <span class='ocrx_word' id='word_1_655' title='bbox 2747 4282 2867 4337; x_wconf 66' lang='lat' dir='ltr'><strong>quae</strong></span> <span class='ocrx_word' id='word_1_656' title='bbox 2897 4281 2927 4323; x_wconf 89' lang='lat' dir='ltr'><strong>a</strong></span> <span class='ocrx_word' id='word_1_657' title='bbox 2962 4265 3256 4322; x_wconf 80' lang='lat' dir='ltr'><strong>victoribus</strong></span> <span class='ocrx_word' id='word_1_658' title='bbox 3292 4265 3371 4331; x_wconf 82' lang='lat' dir='ltr'><strong>lit,</strong></span> 
     </span>
    </p>
   </div>
   <div class='ocr_carea' id='block_1_90' title="bbox 172 4350 1721 4433">
    <p class='ocr_par' dir='ltr' id='par_1_90' title="bbox 172 4350 1701 4433">
     <span class='ocr_line' id='line_1_90' title="bbox 172 4350 1701 4433; baseline 0.001 -24"><span class='ocrx_word' id='word_1_659' title='bbox 172 4350 320 4426; x_wconf 76' lang='grc' dir='ltr'>λήλοις</span> <span class='ocrx_word' id='word_1_660' title='bbox 347 4359 759 4433; x_wconf 84' lang='grc' dir='ltr'>διαλαγχάνουσι</span> <span class='ocrx_word' id='word_1_661' title='bbox 808 4359 919 4432; x_wconf 77' lang='lat' dir='ltr'><strong>(li)</strong></span> <span class='ocrx_word' id='word_1_662' title='bbox 945 4377 961 4407; x_wconf 56' lang='grc' dir='ltr'><strong>ξ</strong></span> <span class='ocrx_word' id='word_1_663' title='bbox 996 4359 1090 4413; x_wconf 76' lang='grc' dir='ltr'><strong>καὶ</strong></span> <span class='ocrx_word' id='word_1_664' title='bbox 1141 4357 1368 4420; x_wconf 79' lang='grc' dir='ltr'>ἕκαστος</span> <span class='ocrx_word' id='word_1_665' title='bbox 1410 4356 1553 4411; x_wconf 81' lang='grc' dir='ltr'><strong>κατὰ</strong></span> <span class='ocrx_word' id='word_1_666' title='bbox 1603 4357 1701 4429; x_wconf 80' lang='grc' dir='ltr'><strong>τὴν</strong></span> 
     </span>
    </p>
   </div>
   <div class='ocr_carea' id='block_1_91' title="bbox 1813 4350 3378 4433">
    <p class='ocr_par' dir='ltr' id='par_1_91' title="bbox 1813 4358 3378 4430">
     <span class='ocr_line' id='line_1_91' title="bbox 1813 4358 3378 4430; baseline -0.001 -18"><span class='ocrx_word' id='word_1_667' title='bbox 1813 4359 1988 4428; x_wconf 72' lang='lat' dir='ltr'><strong>praeda</strong></span> <span class='ocrx_word' id='word_1_668' title='bbox 2020 4359 2239 4427; x_wconf 88' lang='lat' dir='ltr'><strong>dicitur,</strong></span> <span class='ocrx_word' id='word_1_669' title='bbox 2270 4375 2391 4415; x_wconf 91' lang='lat' dir='ltr'><strong>cum</strong></span> <span class='ocrx_word' id='word_1_670' title='bbox 2441 4360 2557 4430; x_wconf 87' lang='lat' dir='ltr'><strong>ipsa</strong></span> <span class='ocrx_word' id='word_1_671' title='bbox 2596 4361 2834 4415; x_wconf 83' lang='lat' dir='ltr'><strong>victores</strong></span> <span class='ocrx_word' id='word_1_672' title='bbox 2865 4359 3007 4413; x_wconf 89' lang='lat' dir='ltr'><strong>inter</strong></span> <span class='ocrx_word' id='word_1_673' title='bbox 3037 4372 3099 4415; x_wconf 89' lang='lat' dir='ltr'><strong>se</strong></span> <span class='ocrx_word' id='word_1_674' title='bbox 3134 4358 3378 4427; x_wconf 88' lang='lat' dir='ltr'><strong>partiun-</strong></span> 
     </span>
    </p>
   </div>
   <div class='ocr_carea' id='block_1_92' title="bbox 174 4446 1705 4522">
    <p class='ocr_par' dir='ltr' id='par_1_92' title="bbox 174 4446 1705 4522">
     <span class='ocr_line' id='line_1_92' title="bbox 174 4446 1705 4522; baseline 0 -21"><span class='ocrx_word' id='word_1_675' title='bbox 174 4446 435 4515; x_wconf 74' lang='grc' dir='ltr'>προσοῦσαν</span> <span class='ocrx_word' id='word_1_676' title='bbox 455 4450 606 4522; x_wconf 81' lang='grc' dir='ltr'>αὐτῷ</span> <span class='ocrx_word' id='word_1_677' title='bbox 637 4451 910 4522; x_wconf 79' lang='grc' dir='ltr'>ὑπεροχὴν</span> <span class='ocrx_word' id='word_1_678' title='bbox 933 4451 1032 4521; x_wconf 85' lang='grc' dir='ltr'>τῆς</span> <span class='ocrx_word' id='word_1_679' title='bbox 1054 4451 1117 4503; x_wconf 82' lang='grc' dir='ltr'>ἐκ</span> <span class='ocrx_word' id='word_1_680' title='bbox 1143 4448 1251 4503; x_wconf 91' lang='grc' dir='ltr'><strong>τῶν</strong></span> <span class='ocrx_word' id='word_1_681' title='bbox 1283 4448 1539 4520; x_wconf 81' lang='grc' dir='ltr'>λαφύρων</span> <span class='ocrx_word' id='word_1_682' title='bbox 1570 4466 1705 4520; x_wconf 83' lang='grc' dir='ltr'>προ-</span> 
     </span>
    </p>
   </div>
   <div class='ocr_carea' id='block_1_93' title="bbox 175 4536 1693 4614">
    <p class='ocr_par' dir='ltr' id='par_1_93' title="bbox 175 4536 1693 4614">
     <span class='ocr_line' id='line_1_93' title="bbox 175 4536 1693 4614; baseline -0.009 -8"><span class='ocrx_word' id='word_1_683' title='bbox 175 4536 315 4606; x_wconf 73' lang='grc' dir='ltr'><strong>νθμῆς</strong></span> <span class='ocrx_word' id='word_1_684' title='bbox 342 4539 670 4614; x_wconf 81' lang='grc' dir='ltr'>ἀξιούμενος,</span> <span class='ocrx_word' id='word_1_685' title='bbox 719 4540 863 4594; x_wconf 77' lang='grc' dir='ltr'>οὕτω</span> <span class='ocrx_word' id='word_1_686' title='bbox 899 4542 1113 4613; x_wconf 81' lang='grc' dir='ltr'>μετέχει</span> <span class='ocrx_word' id='word_1_687' title='bbox 1144 4540 1251 4593; x_wconf 86' lang='grc' dir='ltr'><strong>τῶν</strong></span> <span class='ocrx_word' id='word_1_688' title='bbox 1302 4540 1366 4593; x_wconf 81' lang='grc' dir='ltr'>ἐκ</span> <span class='ocrx_word' id='word_1_689' title='bbox 1403 4539 1498 4594; x_wconf 91' lang='grc' dir='ltr'><strong>τοῦ</strong></span> <span class='ocrx_word' id='word_1_690' title='bbox 1532 4540 1693 4593; x_wconf 82' lang='grc' dir='ltr'>πολέ-</span> 
     </span>
    </p>
   </div>
   <div class='ocr_carea' id='block_1_94' title="bbox 1810 4445 3377 4518">
    <p class='ocr_par' dir='ltr' id='par_1_94' title="bbox 1810 4445 3377 4518">
     <span class='ocr_line' id='line_1_94' title="bbox 1810 4445 3377 4518; baseline -0.001 -16"><span class='ocrx_word' id='word_1_691' title='bbox 1810 4458 1917 4513; x_wconf 89' lang='lat' dir='ltr'><strong>tur,</strong></span> <span class='ocrx_word' id='word_1_692' title='bbox 1956 4448 2073 4504; x_wconf 82' lang='lat' dir='ltr'><strong>sive</strong></span> <span class='ocrx_word' id='word_1_693' title='bbox 2124 4447 2327 4503; x_wconf 81' lang='lat' dir='ltr'><strong>fuerint</strong></span> <span class='ocrx_word' id='word_1_694' title='bbox 2369 4464 2600 4518; x_wconf 84' lang='lat' dir='ltr'><strong>corpora</strong></span> <span class='ocrx_word' id='word_1_695' title='bbox 2640 4450 2872 4518; x_wconf 88' lang='lat' dir='ltr'><strong>captiva,</strong></span> <span class='ocrx_word' id='word_1_696' title='bbox 2898 4449 3011 4504; x_wconf 83' lang='lat' dir='ltr'><strong>sive</strong></span> <span class='ocrx_word' id='word_1_697' title='bbox 3058 4462 3251 4517; x_wconf 81' lang='lat' dir='ltr'><strong>pecora</strong></span> <span class='ocrx_word' id='word_1_698' title='bbox 3277 4445 3377 4501; x_wconf 82' lang='lat' dir='ltr'><strong>aii-</strong></span> 
     </span>
    </p>
   </div>
   <div class='ocr_carea' id='block_1_95' title="bbox 1804 4540 3376 4610">
    <p class='ocr_par' dir='ltr' id='par_1_95' title="bbox 1804 4540 3376 4610">
     <span class='ocr_line' id='line_1_95' title="bbox 1804 4540 3376 4610; baseline 0.003 -18"><span class='ocrx_word' id='word_1_699' title='bbox 1804 4554 1934 4610; x_wconf 88' lang='lat' dir='ltr'><strong>qua,</strong></span> <span class='ocrx_word' id='word_1_700' title='bbox 1956 4541 2070 4595; x_wconf 87' lang='lat' dir='ltr'><strong>sive</strong></span> <span class='ocrx_word' id='word_1_701' title='bbox 2103 4541 2368 4610; x_wconf 67' lang='lat' dir='ltr'><strong>quaepiam</strong></span> <span class='ocrx_word' id='word_1_702' title='bbox 2400 4541 2506 4595; x_wconf 90' lang='lat' dir='ltr'><strong>alia</strong></span> <span class='ocrx_word' id='word_1_703' title='bbox 2542 4540 2608 4595; x_wconf 87' lang='lat' dir='ltr'><strong>ad</strong></span> <span class='ocrx_word' id='word_1_704' title='bbox 2638 4541 2801 4594; x_wconf 87' lang='lat' dir='ltr'><strong>vitam</strong></span> <span class='ocrx_word' id='word_1_705' title='bbox 2837 4540 3168 4595; x_wconf 86' lang='lat' dir='ltr'><strong>necessaria.</strong></span> <span class='ocrx_word' id='word_1_706' title='bbox 3199 4540 3376 4610; x_wconf 81' lang='lat' dir='ltr'><strong>Atque</strong></span> 
     </span>
    </p>
   </div>
   <div class='ocr_carea' id='block_1_96' title="bbox 178 4630 1721 4704">
    <p class='ocr_par' dir='ltr' id='par_1_96' title="bbox 178 4630 1703 4704">
     <span class='ocr_line' id='line_1_96' title="bbox 178 4630 1703 4704; baseline 0.006 -26"><span class='ocrx_word' id='word_1_707' title='bbox 178 4640 277 4692; x_wconf 78' lang='grc' dir='ltr'>μου.</span> <span class='ocrx_word' id='word_1_708' title='bbox 301 4630 400 4685; x_wconf 72' lang='grc' dir='ltr'><strong>Καὶ</strong></span> <span class='ocrx_word' id='word_1_709' title='bbox 427 4632 523 4698; x_wconf 80' lang='grc' dir='ltr'>τὰς</span> <span class='ocrx_word' id='word_1_710' title='bbox 557 4632 674 4695; x_wconf 91' lang='grc' dir='ltr'>νῦν,</span> <span class='ocrx_word' id='word_1_711' title='bbox 722 4633 896 4704; x_wconf 81' lang='grc' dir='ltr'>φησὶ,</span> <span class='ocrx_word' id='word_1_712' title='bbox 927 4631 1326 4703; x_wconf 81' lang='grc' dir='ltr'>καθιδρυμένας</span> <span class='ocrx_word' id='word_1_713' title='bbox 1361 4632 1573 4701; x_wconf 84' lang='grc' dir='ltr'>παγίως</span> <span class='ocrx_word' id='word_1_714' title='bbox 1604 4632 1703 4687; x_wconf 80' lang='grc' dir='ltr'><strong>πό-</strong></span> 
     </span>
    </p>
   </div>
   <div class='ocr_carea' id='block_1_97' title="bbox 1813 4630 3372 4704">
    <p class='ocr_par' dir='ltr' id='par_1_97' title="bbox 1813 4631 3372 4702">
     <span class='ocr_line' id='line_1_97' title="bbox 1813 4631 3372 4702; baseline 0.001 -17"><span class='ocrx_word' id='word_1_715' title='bbox 1813 4632 2173 4702; x_wconf 84' lang='lat' dir='ltr'><strong>unusquisque</strong></span> <span class='ocrx_word' id='word_1_716' title='bbox 2229 4647 2327 4702; x_wconf 90' lang='lat' dir='ltr'><strong>pro</strong></span> <span class='ocrx_word' id='word_1_717' title='bbox 2370 4646 2469 4687; x_wconf 90' lang='lat' dir='ltr'><strong>sua</strong></span> <span class='ocrx_word' id='word_1_718' title='bbox 2525 4631 2787 4702; x_wconf 76' lang='lat' dir='ltr'><strong>dignitate</strong></span> <span class='ocrx_word' id='word_1_719' title='bbox 2843 4639 3007 4700; x_wconf 86' lang='lat' dir='ltr'><strong>atque</strong></span> <span class='ocrx_word' id='word_1_720' title='bbox 3063 4631 3372 4701; x_wconf 80' lang='lat' dir='ltr'><strong>praestantia</strong></span> 
     </span>
    </p>
   </div>
   <div class='ocr_carea' id='block_1_98' title="bbox 175 4712 1698 4797">
    <p class='ocr_par' dir='ltr' id='par_1_98' title="bbox 175 4712 1698 4797">
     <span class='ocr_line' id='line_1_98' title="bbox 175 4712 1698 4797; baseline 0.005 -25"><span class='ocrx_word' id='word_1_721' title='bbox 175 4712 264 4780; x_wconf 62' lang='grc' dir='ltr'>λαις</span> <span class='ocrx_word' id='word_1_722' title='bbox 289 4720 387 4795; x_wconf 75' lang='grc'>(12)</span> <span class='ocrx_word' id='word_1_723' title='bbox 415 4725 600 4789; x_wconf 85' lang='grc' dir='ltr'>σείσω,</span> <span class='ocrx_word' id='word_1_724' title='bbox 654 4724 749 4778; x_wconf 76' lang='grc' dir='ltr'><strong>καὶ</strong></span> <span class='ocrx_word' id='word_1_725' title='bbox 783 4724 1026 4796; x_wconf 81' lang='grc' dir='ltr'>κλονήσω</span> <span class='ocrx_word' id='word_1_726' title='bbox 1056 4726 1123 4797; x_wconf 76' lang='grc' dir='ltr'>τῇ</span> <span class='ocrx_word' id='word_1_727' title='bbox 1160 4724 1400 4797; x_wconf 81' lang='grc' dir='ltr'>ἐμαυτοῦ</span> <span class='ocrx_word' id='word_1_728' title='bbox 1434 4724 1698 4797; x_wconf 74' lang='grc' dir='ltr'>δυνάμει,</span> 
     </span>
    </p>
   </div>
   <div class='ocr_carea' id='block_1_99' title="bbox 235 4910 667 4989">
    <p class='ocr_par' dir='ltr' id='par_1_99' title="bbox 235 4910 667 4989">
     <span class='ocr_line' id='line_1_99' title="bbox 235 4910 667 4989; baseline 0.012 -18"><span class='ocrx_word' id='word_1_729' title='bbox 235 4910 271 4944; x_wconf 79' lang='grc'>⁸⁸</span> <span class='ocrx_word' id='word_1_730' title='bbox 299 4914 458 4975; x_wconf 74' lang='grc' dir='ltr'>Ετειε.</span> <span class='ocrx_word' id='word_1_731' title='bbox 489 4937 550 4989; x_wconf 84' lang='grc' dir='ltr'><strong>ιι,</strong></span> <span class='ocrx_word' id='word_1_732' title='bbox 578 4921 667 4978; x_wconf 73' lang='grc'><strong>14.</strong></span> 
     </span>
    </p>
   </div>
   <div class='ocr_carea' id='block_1_100' title="bbox 238 5093 1343 5163">
    <p class='ocr_par' dir='ltr' id='par_1_100' title="bbox 238 5093 1343 5163">
     <span class='ocr_line' id='line_1_100' title="bbox 238 5093 1343 5163; baseline 0.005 -13"><span class='ocrx_word' id='word_1_733' title='bbox 238 5093 300 5163; x_wconf 77' lang='grc' dir='ltr'><strong>(ϐ)</strong></span> <span class='ocrx_word' id='word_1_734' title='bbox 335 5096 401 5151; x_wconf 86' lang='lat' dir='ltr'><strong>Ita</strong></span> <span class='ocrx_word' id='word_1_735' title='bbox 427 5116 553 5157; x_wconf 87' lang='lat' dir='ltr'><strong>mss.</strong></span> <span class='ocrx_word' id='word_1_736' title='bbox 580 5100 769 5156; x_wconf 89' lang='lat' dir='ltr'><strong>nostri.</strong></span> <span class='ocrx_word' id='word_1_737' title='bbox 799 5100 938 5155; x_wconf 64' lang='lat' dir='ltr'><strong>Euliti</strong></span> <span class='ocrx_word' id='word_1_738' title='bbox 962 5115 1110 5163; x_wconf 83' lang='lat' dir='ltr'><strong>vero,</strong></span> <span class='ocrx_word' id='word_1_739' title='bbox 1140 5100 1234 5155; x_wconf 82' lang='grc' dir='ltr'><strong>τοῦ</strong></span> <span class='ocrx_word' id='word_1_740' title='bbox 1260 5118 1343 5156; x_wconf 79' lang='grc' dir='ltr'>τε.</span> 
     </span>
    </p>
   </div>
   <div class='ocr_carea' id='block_1_101' title="bbox 237 5164 1586 5236">
    <p class='ocr_par' dir='ltr' id='par_1_101' title="bbox 237 5164 1586 5236">
     <span class='ocr_line' id='line_1_101' title="bbox 237 5164 1586 5236; baseline 0.004 -15"><span class='ocrx_word' id='word_1_741' title='bbox 237 5164 301 5236; x_wconf 66' lang='grc' dir='ltr'><strong>(Ἰ)</strong></span> <span class='ocrx_word' id='word_1_742' title='bbox 334 5166 416 5221; x_wconf 88' lang='lat' dir='ltr'><strong>Sic</strong></span> <span class='ocrx_word' id='word_1_743' title='bbox 449 5187 579 5227; x_wconf 89' lang='lat' dir='ltr'><strong>mss.</strong></span> <span class='ocrx_word' id='word_1_744' title='bbox 607 5186 816 5228; x_wconf 90' lang='lat' dir='ltr'><strong>omnes.</strong></span> <span class='ocrx_word' id='word_1_745' title='bbox 839 5171 1004 5236; x_wconf 86' lang='lat' dir='ltr'><strong>Editi,</strong></span> <span class='ocrx_word' id='word_1_746' title='bbox 1035 5170 1207 5235; x_wconf 77' lang='grc' dir='ltr'>ἔσται,</span> <span class='ocrx_word' id='word_1_747' title='bbox 1247 5182 1294 5225; x_wconf 87' lang='lat' dir='ltr'><strong>et</strong></span> <span class='ocrx_word' id='word_1_748' title='bbox 1335 5187 1438 5225; x_wconf 88' lang='lat' dir='ltr'><strong>non</strong></span> <span class='ocrx_word' id='word_1_749' title='bbox 1465 5172 1586 5227; x_wconf 79' lang='lat' dir='ltr'><strong>erit.</strong></span> 
     </span>
    </p>
   </div>
   <div class='ocr_carea' id='block_1_102' title="bbox 1817 4725 3373 4797">
    <p class='ocr_par' dir='ltr' id='par_1_102' title="bbox 1817 4725 3373 4797">
     <span class='ocr_line' id='line_1_102' title="bbox 1817 4725 3373 4797; baseline 0.001 -18"><span class='ocrx_word' id='word_1_750' title='bbox 1817 4725 2161 4797; x_wconf 83' lang='lat' dir='ltr'><strong>partitionem</strong></span> <span class='ocrx_word' id='word_1_751' title='bbox 2192 4725 2487 4796; x_wconf 89' lang='lat' dir='ltr'><strong>spoliorum</strong></span> <span class='ocrx_word' id='word_1_752' title='bbox 2510 4737 2852 4793; x_wconf 82' lang='lat' dir='ltr'><strong>consecutus,</strong></span> <span class='ocrx_word' id='word_1_753' title='bbox 2874 4725 2979 4781; x_wconf 85' lang='lat' dir='ltr'><strong>hoc</strong></span> <span class='ocrx_word' id='word_1_754' title='bbox 3005 4733 3161 4795; x_wconf 89' lang='lat' dir='ltr'><strong>pacto</strong></span> <span class='ocrx_word' id='word_1_755' title='bbox 3194 4738 3373 4781; x_wconf 89' lang='lat' dir='ltr'><strong>rerum</strong></span> 
     </span>
    </p>
   </div>
   <div class='ocr_carea' id='block_1_103' title="bbox 1804 5089 3376 5171">
    <p class='ocr_par' dir='ltr' id='par_1_103' title="bbox 1804 5089 3376 5171">
     <span class='ocr_line' id='line_1_103' title="bbox 1804 5089 3376 5171; baseline -0.006 -14"><span class='ocrx_word' id='word_1_756' title='bbox 1804 5115 1993 5171; x_wconf 81' lang='lat' dir='ltr'><strong>parum</strong></span> <span class='ocrx_word' id='word_1_757' title='bbox 2039 5097 2225 5171; x_wconf 78' lang='lat' dir='ltr'><strong>refert.</strong></span> <span class='ocrx_word' id='word_1_758' title='bbox 2267 5097 2597 5171; x_wconf 73' lang='lat' dir='ltr'><strong>Notavimus</strong></span> <span class='ocrx_word' id='word_1_759' title='bbox 2620 5095 2723 5165; x_wconf 87' lang='lat' dir='ltr'><strong>legi</strong></span> <span class='ocrx_word' id='word_1_760' title='bbox 2770 5095 2985 5171; x_wconf 75' lang='lat' dir='ltr'><strong>quidem</strong></span> <span class='ocrx_word' id='word_1_761' title='bbox 3031 5092 3084 5168; x_wconf 85' lang='lat' dir='ltr'><strong>in</strong></span> <span class='ocrx_word' id='word_1_762' title='bbox 3285 5105 3376 5149; x_wconf 53' lang='lat' dir='ltr'><strong>seu</strong></span> 
     </span>
    </p>
   </div>
   <div class='ocr_carea' id='block_1_104' title="bbox 1800 5160 3374 5239">
    <p class='ocr_par' dir='ltr' id='par_1_104' title="bbox 1800 5160 3374 5239">
     <span class='ocr_line' id='line_1_104' title="bbox 1800 5160 3374 5239; baseline -0.007 -13"><span class='ocrx_word' id='word_1_763' title='bbox 1800 5160 1996 5232; x_wconf 69' lang='lat' dir='ltr'><strong>eundo,</strong></span> <span class='ocrx_word' id='word_1_764' title='bbox 2027 5168 2423 5239; x_wconf 61' lang='lat' dir='ltr'><strong>evenanmog;</strong></span> <span class='ocrx_word' id='word_1_765' title='bbox 2453 5168 2547 5221; x_wconf 90' lang='lat' dir='ltr'><strong>sed</strong></span> <span class='ocrx_word' id='word_1_766' title='bbox 2584 5167 2638 5219; x_wconf 91' lang='lat' dir='ltr'><strong>in</strong></span> <span class='ocrx_word' id='word_1_767' title='bbox 2674 5160 2925 5222; x_wconf 66' lang='lat' dir='ltr'><strong>era&#39;libri</strong></span> <span class='ocrx_word' id='word_1_768' title='bbox 2961 5163 3176 5233; x_wconf 85' lang='lat' dir='ltr'><strong>scripsit</strong></span> <span class='ocrx_word' id='word_1_769' title='bbox 3206 5160 3374 5229; x_wconf 73' lang='lat' dir='ltr'><strong>libra-</strong></span> 
     </span>
    </p>
   </div>
   <div class='ocr_carea' id='block_1_105' title="bbox 238 5233 1721 5312">
    <p class='ocr_par' dir='ltr' id='par_1_105' title="bbox 238 5233 1697 5312">
     <span class='ocr_line' id='line_1_105' title="bbox 238 5233 1697 5312; baseline 0.005 -22"><span class='ocrx_word' id='word_1_770' title='bbox 238 5233 300 5302; x_wconf 85' lang='lat'><strong>(8)</strong></span> <span class='ocrx_word' id='word_1_771' title='bbox 335 5236 459 5312; x_wconf 58' lang='lat' dir='ltr'><strong>[iditi</strong></span> <span class='ocrx_word' id='word_1_772' title='bbox 487 5253 541 5297; x_wconf 91' lang='lat' dir='ltr'><strong>et</strong></span> <span class='ocrx_word' id='word_1_773' title='bbox 562 5257 716 5312; x_wconf 73' lang='lat' dir='ltr'><strong>mss.,</strong></span> <span class='ocrx_word' id='word_1_774' title='bbox 744 5233 1062 5312; x_wconf 71' lang='grc' dir='ltr'>ἐπαγαγεῖν,</span> <span class='ocrx_word' id='word_1_775' title='bbox 1093 5233 1332 5312; x_wconf 52' lang='grc' dir='ltr'>τόνῆυω</span> <span class='ocrx_word' id='word_1_776' title='bbox 1360 5256 1426 5295; x_wconf 79' lang='lat' dir='ltr'><strong>ex</strong></span> <span class='ocrx_word' id='word_1_777' title='bbox 1459 5243 1697 5312; x_wconf 54' lang='grc' dir='ltr'><strong>θυρίδι-ἰοί</strong></span> 
     </span>
    </p>
   </div>
   <div class='ocr_carea' id='block_1_106' title="bbox 1813 5233 2627 5312">
    <p class='ocr_par' dir='ltr' id='par_1_106' title="bbox 1813 5233 2627 5312">
     <span class='ocr_line' id='line_1_106' title="bbox 1813 5233 2627 5312; baseline -0.009 -18"><span class='ocrx_word' id='word_1_778' title='bbox 1813 5242 1935 5312; x_wconf 74' lang='lat' dir='ltr'><strong>rius,</strong></span> <span class='ocrx_word' id='word_1_779' title='bbox 1960 5242 2016 5293; x_wconf 84' lang='grc' dir='ltr'>ὲν</span> <span class='ocrx_word' id='word_1_780' title='bbox 2041 5238 2221 5312; x_wconf 76' lang='grc' dir='ltr'>ἄλλοις</span> <span class='ocrx_word' id='word_1_781' title='bbox 2235 5233 2627 5312; x_wconf 12' lang='grc' dir='ltr'><strong>θ’ἀνειιιτί-λησςτοςἶ</strong></span> 
     </span>
    </p>
   </div>
   <div class='ocr_carea' id='block_1_107' title="bbox 182 5300 1693 5431">
    <p class='ocr_par' dir='ltr' id='par_1_107' title="bbox 182 5300 1693 5431">
     <span class='ocr_line' id='line_1_107' title="bbox 182 5300 1693 5431; baseline 0.005 -70"><span class='ocrx_word' id='word_1_782' title='bbox 182 5300 522 5431; x_wconf 50' lang='lat' dir='ltr'><strong>videtur</strong></span> <span class='ocrx_word' id='word_1_783' title='bbox 550 5300 844 5383; x_wconf 83' lang='lat' dir='ltr'><strong>supplenda</strong></span> <span class='ocrx_word' id='word_1_784' title='bbox 864 5300 1183 5383; x_wconf 66' lang='lat' dir='ltr'><strong>praepositio</strong></span> <span class='ocrx_word' id='word_1_785' title='bbox 1214 5310 1302 5366; x_wconf 83' lang='grc' dir='ltr'><strong>διά</strong></span> <span class='ocrx_word' id='word_1_786' title='bbox 1329 5321 1455 5367; x_wconf 90' lang='lat' dir='ltr'><strong>ante</strong></span> <span class='ocrx_word' id='word_1_787' title='bbox 1486 5300 1693 5369; x_wconf 71' lang='lat' dir='ltr'><strong>articu-</strong></span> 
     </span>
    </p>
   </div>
   <div class='ocr_carea' id='block_1_108' title="bbox 238 5441 1689 5522">
    <p class='ocr_par' dir='ltr' id='par_1_108' title="bbox 238 5441 1689 5522">
     <span class='ocr_line' id='line_1_108' title="bbox 238 5441 1689 5522; baseline -0.002 -12"><span class='ocrx_word' id='word_1_788' title='bbox 238 5441 302 5522; x_wconf 55' lang='grc' dir='ltr'><strong>(εἶ)</strong></span> <span class='ocrx_word' id='word_1_789' title='bbox 335 5447 500 5522; x_wconf 64' lang='grc' dir='ltr'><strong>θρόει</strong></span> <span class='ocrx_word' id='word_1_790' title='bbox 544 5451 636 5522; x_wconf 88' lang='lat' dir='ltr'><strong>Fr.</strong></span> <span class='ocrx_word' id='word_1_791' title='bbox 677 5452 701 5506; x_wconf 72' lang='grc'><strong>1</strong></span> <span class='ocrx_word' id='word_1_792' title='bbox 739 5467 860 5506; x_wconf 86' lang='lat' dir='ltr'><strong>cum</strong></span> <span class='ocrx_word' id='word_1_793' title='bbox 905 5450 1023 5505; x_wconf 88' lang='lat' dir='ltr'><strong>aliis</strong></span> <span class='ocrx_word' id='word_1_794' title='bbox 1060 5451 1254 5516; x_wconf 88' lang='lat' dir='ltr'><strong>tribus,</strong></span> <span class='ocrx_word' id='word_1_795' title='bbox 1301 5450 1689 5522; x_wconf 82' lang='grc' dir='ltr'>ἀνεπίληστος,</span> 
     </span>
    </p>
   </div>
   <div class='ocr_carea' id='block_1_109' title="bbox 183 5514 1692 5579">
    <p class='ocr_par' dir='ltr' id='par_1_109' title="bbox 183 5514 1692 5579">
     <span class='ocr_line' id='line_1_109' title="bbox 183 5514 1692 5579; baseline 0.004 -7"><span class='ocrx_word' id='word_1_796' title='bbox 183 5514 416 5572; x_wconf 66' lang='lat' dir='ltr'><strong>Neritia</strong></span> <span class='ocrx_word' id='word_1_797' title='bbox 454 5521 583 5575; x_wconf 82' lang='lat' dir='ltr'><strong>nulli</strong></span> <span class='ocrx_word' id='word_1_798' title='bbox 621 5522 866 5577; x_wconf 77' lang='lat' dir='ltr'><strong>oblivioni</strong></span> <span class='ocrx_word' id='word_1_799' title='bbox 907 5523 1153 5576; x_wconf 73' lang='lat' dir='ltr'><strong>obnoxia.</strong></span> <span class='ocrx_word' id='word_1_800' title='bbox 1197 5514 1345 5575; x_wconf 86' lang='lat' dir='ltr'><strong>Alter</strong></span> <span class='ocrx_word' id='word_1_801' title='bbox 1386 5514 1692 5579; x_wconf 73' lang='lat' dir='ltr'><strong>Combeiisii</strong></span> 
     </span>
    </p>
   </div>
   <div class='ocr_carea' id='block_1_110' title="bbox 184 5580 1689 5661">
    <p class='ocr_par' dir='ltr' id='par_1_110' title="bbox 184 5580 1689 5661">
     <span class='ocr_line' id='line_1_110' title="bbox 184 5580 1689 5661; baseline 0.009 -27"><span class='ocrx_word' id='word_1_802' title='bbox 184 5580 336 5661; x_wconf 47' lang='lat' dir='ltr'><strong>cades“</strong></span> <span class='ocrx_word' id='word_1_803' title='bbox 360 5595 410 5640; x_wconf 86' lang='lat' dir='ltr'><strong>et</strong></span> <span class='ocrx_word' id='word_1_804' title='bbox 446 5588 576 5661; x_wconf 66' lang='lat' dir='ltr'><strong>Reg.</strong></span> <span class='ocrx_word' id='word_1_805' title='bbox 628 5592 893 5646; x_wconf 75' lang='lat' dir='ltr'><strong>secundus</strong></span> <span class='ocrx_word' id='word_1_806' title='bbox 930 5607 1052 5646; x_wconf 87' lang='lat' dir='ltr'><strong>cum</strong></span> <span class='ocrx_word' id='word_1_807' title='bbox 1087 5591 1267 5649; x_wconf 86' lang='lat' dir='ltr'><strong>editis.</strong></span> <span class='ocrx_word' id='word_1_808' title='bbox 1306 5592 1689 5661; x_wconf 83' lang='grc' dir='ltr'>ἀνεπίληπτος,</span> 
     </span>
    </p>
   </div>
   <div class='ocr_carea' id='block_1_111' title="bbox 189 5653 1689 5738">
    <p class='ocr_par' dir='ltr' id='par_1_111' title="bbox 189 5653 1689 5738">
     <span class='ocr_line' id='line_1_111' title="bbox 189 5653 1689 5738; baseline 0.008 -33"><span class='ocrx_word' id='word_1_809' title='bbox 189 5653 414 5717; x_wconf 55' lang='lat' dir='ltr'><strong>ﬂagitium</strong></span> <span class='ocrx_word' id='word_1_810' title='bbox 439 5653 966 5738; x_wconf 64' lang='lat' dir='ltr'><strong>inconprehensibile.</strong></span> <span class='ocrx_word' id='word_1_811' title='bbox 999 5660 1108 5719; x_wconf 89' lang='lat' dir='ltr'><strong>lioc</strong></span> <span class='ocrx_word' id='word_1_812' title='bbox 1133 5676 1203 5718; x_wconf 83' lang='lat' dir='ltr'><strong>an</strong></span> <span class='ocrx_word' id='word_1_813' title='bbox 1226 5661 1316 5718; x_wconf 88' lang='lat' dir='ltr'><strong>illo</strong></span> <span class='ocrx_word' id='word_1_814' title='bbox 1338 5663 1498 5720; x_wconf 84' lang='lat' dir='ltr'><strong>modo</strong></span> <span class='ocrx_word' id='word_1_815' title='bbox 1521 5653 1689 5733; x_wconf 74' lang='lat' dir='ltr'><strong>legas,</strong></span> 
     </span>
    </p>
   </div>
   <div class='ocr_carea' id='block_1_112' title="bbox 1871 5304 2909 5381">
    <p class='ocr_par' dir='ltr' id='par_1_112' title="bbox 1871 5304 2909 5381">
     <span class='ocr_line' id='line_1_112' title="bbox 1871 5304 2909 5381; baseline -0.005 -16"><span class='ocrx_word' id='word_1_816' title='bbox 1871 5304 1984 5381; x_wconf 76' lang='lat' dir='ltr'><strong>(l0)</strong></span> <span class='ocrx_word' id='word_1_817' title='bbox 2022 5311 2244 5381; x_wconf 64' lang='lat' dir='ltr'><strong>Antiqui</strong></span> <span class='ocrx_word' id='word_1_818' title='bbox 2273 5321 2380 5364; x_wconf 88' lang='lat' dir='ltr'><strong>tres</strong></span> <span class='ocrx_word' id='word_1_819' title='bbox 2405 5304 2550 5381; x_wconf 74' lang='lat' dir='ltr'><strong>libri,</strong></span> <span class='ocrx_word' id='word_1_820' title='bbox 2576 5307 2645 5359; x_wconf 85' lang='grc' dir='ltr'>τὰ</span> <span class='ocrx_word' id='word_1_821' title='bbox 2671 5304 2909 5381; x_wconf 76' lang='grc' dir='ltr'>πάντων.</span> 
     </span>
    </p>
   </div>
   <div class='ocr_carea' id='block_1_113' title="bbox 1869 5370 3370 5449">
    <p class='ocr_par' dir='ltr' id='par_1_113' title="bbox 1869 5370 3370 5449">
     <span class='ocr_line' id='line_1_113' title="bbox 1869 5370 3370 5449; baseline -0.007 -14"><span class='ocrx_word' id='word_1_822' title='bbox 1869 5370 1984 5449; x_wconf 61' lang='lat' dir='ltr'><strong>(il)</strong></span> <span class='ocrx_word' id='word_1_823' title='bbox 2024 5370 2247 5435; x_wconf 75' lang='lat' dir='ltr'><strong>Codices</strong></span> <span class='ocrx_word' id='word_1_824' title='bbox 2276 5391 2405 5444; x_wconf 84' lang='lat' dir='ltr'><strong>tres,</strong></span> <span class='ocrx_word' id='word_1_825' title='bbox 2435 5375 2885 5447; x_wconf 88' lang='grc' dir='ltr'>διαλαγχάνωσιν.</span> <span class='ocrx_word' id='word_1_826' title='bbox 2904 5373 3072 5430; x_wconf 91' lang='lat' dir='ltr'><strong>Paulo</strong></span> <span class='ocrx_word' id='word_1_827' title='bbox 3096 5382 3216 5445; x_wconf 85' lang='lat' dir='ltr'><strong>post</strong></span> <span class='ocrx_word' id='word_1_828' title='bbox 3237 5370 3370 5442; x_wconf 67' lang='lat' dir='ltr'><strong>Reg.</strong></span> 
     </span>
    </p>
   </div>
   <div class='ocr_carea' id='block_1_114' title="bbox 1800 5451 2302 5521">
    <p class='ocr_par' dir='ltr' id='par_1_114' title="bbox 1800 5451 2302 5521">
     <span class='ocr_line' id='line_1_114' title="bbox 1800 5451 2302 5521; baseline -0.002 -18"><span class='ocrx_word' id='word_1_829' title='bbox 1800 5462 2045 5521; x_wconf 88' lang='lat' dir='ltr'><strong>quartus,</strong></span> <span class='ocrx_word' id='word_1_830' title='bbox 2081 5451 2302 5520; x_wconf 81' lang='grc' dir='ltr'>μετέχῃ.</span> 
     </span>
    </p>
   </div>
   <div class='ocr_carea' id='block_1_115' title="bbox 1929 5510 3369 5590">
    <p class='ocr_par' dir='ltr' id='par_1_115' title="bbox 1929 5510 3369 5590">
     <span class='ocr_line' id='line_1_115' title="bbox 1929 5510 3369 5590; baseline -0.003 -16"><span class='ocrx_word' id='word_1_831' title='bbox 1929 5523 1982 5590; x_wconf 74' lang='lat'><strong>2)</strong></span> <span class='ocrx_word' id='word_1_832' title='bbox 2022 5510 2112 5575; x_wconf 74' lang='lat' dir='ltr'><strong>Si&#39;c</strong></span> <span class='ocrx_word' id='word_1_833' title='bbox 2150 5510 2389 5590; x_wconf 68' lang='lat' dir='ltr'><strong>uterque</strong></span> <span class='ocrx_word' id='word_1_834' title='bbox 2419 5514 2725 5590; x_wconf 79' lang='lat' dir='ltr'><strong>combeﬁsii</strong></span> <span class='ocrx_word' id='word_1_835' title='bbox 2769 5514 2942 5573; x_wconf 78' lang='lat' dir='ltr'><strong>codex</strong></span> <span class='ocrx_word' id='word_1_836' title='bbox 2986 5522 3041 5572; x_wconf 84' lang='lat' dir='ltr'><strong>et</strong></span> <span class='ocrx_word' id='word_1_837' title='bbox 3091 5513 3202 5572; x_wconf 84' lang='lat' dir='ltr'><strong>alii.</strong></span> <span class='ocrx_word' id='word_1_838' title='bbox 3249 5510 3369 5580; x_wconf 63' lang='lat' dir='ltr'><strong>Vox</strong></span> 
     </span>
    </p>
   </div>
   <div class='ocr_carea' id='block_1_116' title="bbox 1809 5522 2875 5657">
    <p class='ocr_par' dir='ltr' id='par_1_116' title="bbox 1809 5522 2875 5657">
     <span class='ocr_line' id='line_1_116' title="bbox 1872 5522 2875 5645; baseline -0.002 -71"><span class='ocrx_word' id='word_1_839' title='bbox 1872 5522 1982 5645; x_wconf 48' lang='lat'><strong>832)</strong></span> <span class='ocrx_word' id='word_1_840' title='bbox 2022 5522 2112 5602; x_wconf 64' lang='grc' dir='ltr'>βία</span> <span class='ocrx_word' id='word_1_841' title='bbox 2150 5528 2391 5599; x_wconf 66' lang='lat' dir='ltr'><strong>uterque</strong></span> <span class='ocrx_word' id='word_1_842' title='bbox 2419 5522 2725 5598; x_wconf 75' lang='lat' dir='ltr'><strong>Combeﬁsii</strong></span> <span class='ocrx_word' id='word_1_843' title='bbox 2769 5522 2875 5572; x_wconf 20' lang='lat' dir='ltr'><strong>code</strong></span> 
     </span>
     <span class='ocr_line' id='line_1_117' title="bbox 1809 5585 2875 5657; baseline -0.005 -11"><span class='ocrx_word' id='word_1_844' title='bbox 1809 5593 1877 5646; x_wconf 87' lang='grc' dir='ltr'>πό</span> <span class='ocrx_word' id='word_1_845' title='bbox 1911 5607 1993 5657; x_wconf 87' lang='grc' dir='ltr'><strong>εις</strong></span> <span class='ocrx_word' id='word_1_846' title='bbox 2024 5607 2078 5648; x_wconf 82' lang='grc' dir='ltr'><strong>ιιι</strong></span> <span class='ocrx_word' id='word_1_847' title='bbox 2112 5599 2236 5648; x_wconf 88' lang='lat' dir='ltr'><strong>ante</strong></span> <span class='ocrx_word' id='word_1_848' title='bbox 2267 5589 2423 5647; x_wconf 75' lang='lat' dir='ltr'><strong>editis</strong></span> <span class='ocrx_word' id='word_1_849' title='bbox 2453 5585 2875 5645; x_wconf 75' lang='lat' dir='ltr'><strong>desiderabatur.</strong></span> 
     </span>
    </p>
   </div>
  </div>
