3810 6214
457 343 513 399 in
566 345 708 405 bello
760 362 1042 425 captarum
1093 366 1366 439 particeps
1403 373 1487 432 fit.
1538 378 1603 435 Et
1643 398 1809 453 nunc,

458 438 623 496 urbes
663 441 891 501 ﬁrmiter
928 451 1196 510 stabilitas
1224 438 1531 520 concutiam
1553 508 1569 535 ,
1603 438 1835 547 meaque
1874 438 2032 541 uilius

454 529 657 588 virtute
682 539 1002 609 exturbabo,
1034 559 1097 601 ac
1122 548 1308 606 orbem
1336 556 1644 618 universum
1663 529 1814 636 quasi
1848 575 2031 631 nidum

456 639 623 681 manu
652 635 1127 701 comprehendam.
1163 643 1377 703 Etenim
1423 659 1611 724 ecquis
1661 635 1817 718 labor
1867 667 2032 725 fuerit

454 719 633 787 pullos
674 723 981 785 involucres
1018 747 1083 789 ac
1126 736 1435 810 implumes,
1477 746 1529 801 in
1574 753 1715 808 nidis
1746 757 1811 811 ab
1839 761 2030 818 avibus

457 825 579 881 qua:
599 828 694 870 eos
712 820 1016 889 enutriunt,
1048 826 1362 900 calefactos,
1398 852 1565 893 manu
1588 847 2018 918 apprehendere,

454 917 578 958 cum
610 921 788 976 neque
812 914 1023 982 pennis,
1059 933 1234 989 neque
1254 926 1574 993 pedibusuti
1602 938 1668 988 ad
1697 935 1877 1007 fugam
1907 914 2032 1010 pos-

452 993 602 1049 sint?
623 997 826 1055 Deinde
854 1014 1230 1076 contemptum
1256 1015 1420 1070 etiam
1443 1034 1549 1089 quo
1575 1024 1825 1083 homines
1851 1047 2031 1101 prose-

452 1087 663 1154 quitur,
687 1093 857 1162 magis
884 1110 1243 1169 exaggerans,
1272 1121 1534 1180 suamque
1563 1120 1857 1185 potentiam
1891 1124 2028 1179 ultra

452 1180 675 1235 modum
710 1186 998 1252 extollens,
1033 1193 1349 1254 universum
1381 1204 1592 1273 orbem,
1625 1209 1820 1280 inquit,
1854 1230 1919 1270 ne
1972 1228 2030 1271 ut

450 1270 641 1327 nidum
694 1277 931 1349 quidem,
984 1283 1102 1351 sed,
1164 1287 1358 1359 inquit,
1419 1300 1572 1366 quasi

450 1362 601 1416 mihi.

1409 254 1757 319 APPENDIX
1793 266 2081 331 OPERUM
2121 277 2178 335 s.
2220 279 2468 338 nasum
2505 270 2745 345 MAGNI.

3613 310 3725 368 5&0

1836 390 2030 461 inquit,
2060 409 2108 459 Α
2137 400 2232 452 καὶ
2261 400 2361 472 τὴν
2389 406 2718 480 οἰκουμένην
2743 408 2872 481 ὅλην
2899 414 3280 488 καταλήψομαι
3322 424 3389 493 τῇ
3437 425 3582 496 χειρὶ
3604 427 3728 501 (15)

2138 491 2215 556 ὡς
2241 496 2478 551 νοσσιάν.
2514 499 2672 565 Ποῖος
2703 503 2812 576 γὰρ
2844 505 3025 571 πόνος,
3061 514 3314 576 νεοσσοὺς

2139 583 2238 653 τῆς
2267 586 2461 652 καλιᾶς
2482 589 2855 663 θαλπομένους
2884 598 3035 669 παρὰ
3062 601 3170 654 τῶν
3222 583 3598 678 ὲκτρεφοντων
3624 613 3729 665 αὒ-

2139 675 2265 738 τοὺς
2290 676 2518 747 ὀρνίθων
2566 685 2895 740 καταλαϐεῖν
2918 692 2991 760 τῇ¹
3019 694 3160 764 χειρὶ
3195 695 3333 766 μήτε
3363 675 3550 772 πτερῷ
3582 704 3726 775 χρῆ-

2142 763 2267 818 σθαι
2319 770 2454 840 μήτε
2497 774 2624 827 ποσὶ
2666 778 2800 847 πρὸς
2846 782 3025 854 φυγὴν
3059 763 3405 857 δυναμένων;
3438 763 3727 850 Ιέῖτασξπξ-

2137 858 2330 914 τείνων
2362 864 2456 916 καὶ
2503 864 2602 936 τὴν
2632 874 3039 945 καταφρόνησιν
3084 878 3183 953 τὴν
3225 883 3307 946 είς
3338 886 3464 949 τοὺς
3507 888 3728 961 ἀνθρώ-

2138 967 2292 1015 πους,
2328 956 2422 1008 καὶ
2454 956 2551 1030 τὴν
2578 961 2772 1015 ἑαυτοῦ
2800 964 2909 1037 (l4)
2950 969 3264 1045 ὑπεραίρων
3301 975 3552 1048 δύναμιν,
3596 956 3728 1035 οὐδὲ

2136 1042 2211 1106 ὡς
2237 1046 2479 1113 νοσσιὰν,
2514 1053 2669 1120 φησι,
2703 1053 2801 1125 τὴν
2826 1042 3172 1134 οἰκουμένην,
3212 1064 3330 1118 ἀλλ’
3360 1042 3450 1131 ὡς.
3472 1042 3578 1133 ὠά,
3625 1090 3728 1144 φη·

2138 1134 2244 1198 σὶν,
2296 1138 2863 1216 ἐγκαταλελειμμένα,
2916 1152 3059 1206 οὕτω
3111 1155 3375 1228 λήψομαι,
3430 1162 3545 1215 Καὶ

2133 1224 2306 1278 ἐστιν
2328 1229 2396 1295 ὃς
2424 1230 2805 1301 διαφεύξεται
2825 1258 2923 1308 με,
2959 1242 2998 1311 ἢ
3035 1224 3285 1317 dureth

1619 1317 1721 1356 ova
1757 1304 2010 1362 derelicta
2047 1312 2126 1367 sic
2162 1318 2394 1387 capiam,
2427 1322 2540 1377 Nec
2583 1338 2658 1381 est
2710 1333 2799 1399 qui
2844 1333 3062 1404 effugiat
3099 1355 3200 1407 me,
3251 1353 3342 1395 aut
3386 1340 3724 1401 contradica‘

520 1452 647 1509 240.
691 1455 835 1514 Sane
863 1464 1006 1531 quod
1048 1467 1115 1521 ad
1151 1473 1392 1528 nativum
1446 1486 1501 1532 et
1533 1485 1808 1553 prOprium
1841 1491 2010 1547 verbo

2201 1496 2326 1553 240.
2376 1500 2465 1565 Ὠς
2502 1503 2601 1574 μὲν
2632 1500 2725 1562 οὖν
2767 1508 2906 1581 πρὸς
2947 1513 3047 1582 τὴν
3077 1512 3256 1580 λέξιν,
3302 1520 3331 1572 6
3375 1520 3485 1572 τῶν
3523 1521 3725 1577 Ἀσσυ-

450 1558 571 1600 rum
604 1561 823 1604 sensum
843 1556 1059 1624 attinet,
1096 1562 1441 1635 Assyriorum
1478 1573 1729 1644 princeps
1765 1578 1883 1635 ideo
1912 1582 2029 1638 inec

452 1646 577 1691 erat
606 1640 874 1711 dicturus,
915 1652 1055 1718 quod
1098 1657 1430 1715 maxime-ob
1461 1679 1547 1718 res
1572 1680 1762 1724 contra
1786 1671 2025 1729 Judzram

449 1738 507 1783 et
548 1728 852 1790 Samariam
892 1739 1125 1799 feliciter
1173 1759 1355 1817 gestas
1392 1753 1696 1814 efferendus
1731 1764 1913 1821 animo
1943 1782 2031 1822 es-

447 1831 569 1888 set,
633 1837 957 1900 putaretque
1017 1850 1336 1895 eversurum
1377 1858 1437 1899 se
1465 1848 1641 1915 primo
1673 1850 1872 1921 impetu
1904 1873 2032 1926 gen-

451 1923 532 1968 tes
572 1927 780 1981 omnes,
825 1928 880 1974 et
925 1921 1167 1980 futurum
1204 1944 1324 1985 esse
1367 1935 1664 2006 neminem,
1712 1943 1799 2010 qui
1833 1946 2027 2000 adver-

445 2018 573 2059 sum
611 2021 669 2062 se
709 2011 978 2068 attolleret
997 2032 1185 2074 manus
1201 2020 1269 2087 ",
1298 2026 1393 2080 sed
1410 2042 1598 2085 onmes
1633 2035 1871 2101 gentium
1921 2047 2027 2092 ter-

445 2096 625 2152 minos
668 2115 766 2157 sua
816 2104 1022 2162 virtute
1090 2112 1375 2170 confusum
1437 2119 1528 2186 iri,
1577 2129 2025 2184 commovendum

442 2188 629 2247 itidem
672 2207 795 2251 esse
826 2205 1001 2254 totum
1049 2212 1319 2261 terrarum
1341 2211 1527 2267 orbem
1558 2226 1705 2271 metu
1764 2220 2027 2279 adventus

446 2283 644 2352 ipsius,
676 2296 729 2342 et
769 2304 893 2345 eum
936 2295 1027 2362 qui
1075 2296 1129 2349 in
1177 2315 1369 2356 manus
1416 2305 1537 2374 ejus
1569 2318 1827 2365 venturus
1856 2327 2021 2381 esset,

448 2375 664 2434 facilius
711 2398 875 2452 quam
929 2386 1144 2456 gallinae
1198 2393 1372 2461 pullos
1405 2414 1431 2449 a
1462 2414 1521 2454 se
1562 2417 1683 2456 esse
1717 2375 2023 2475 apprehen;

442 2468 704 2538 dendum,
730 2484 894 2545 atque
926 2488 1095 2534 totum
1123 2487 1213 2553 qui
1249 2490 1351 2543 sub
1377 2492 1492 2549 sole
1531 2505 1616 2551 est
1644 2499 1831 2554 orbem
1867 2516 1897 2554 a
1923 2519 2022 2559 suo

441 2563 686 2617 exercitu
712 2565 968 2634 impetum
1005 2570 1240 2632 faciente
1268 2584 1483 2649 negotio
1516 2587 1707 2643 minori
1736 2592 2018 2649 subactum

340 2726 343 2729 _
441 2651 532 2719 iri,
573 2669 736 2724 quam
784 2660 828 2712 si
868 2658 1032 2733 562
1061 2667 1182 2735 quis
1221 2686 1344 2736 ova,
1399 2690 1518 2743 quae
1566 2681 1655 2733 avi
1702 2684 1891 2739 eadem
1939 2686 2021 2742 fo-

2138 1588 2266 1658 ρίων
2300 1590 2482 1663 ἄρχων
2507 1596 2681 1650 ταῦτα
2724 1600 2843 1671 ἐρεῖ
2876 1601 2965 1656 διὰ
3007 1605 3106 1676 τὴν
3140 1609 3281 1662 κατὰ
3312 1610 3411 1681 τῆς
3453 1614 3724 1681 ἰουδαίας

2133 1681 2228 1732 καὶ
2249 1682 2563 1754 Σαμαρείας
2578 1688 2875 1760 εὐημερίαν
2905 1693 3312 1768 ὑπερφυσηθεὶς
3328 1701 3427 1773 τὴν
3449 1703 3717 1773 διάνοιαν,

2135 1777 2231 1828 καὶ
2261 1778 2565 1849 ἡγούμενος
2587 1782 2767 1837 πάντα
2783 1785 2841 1850 ἐξ
2857 1787 3162 1861 ἐπιδρομῆς
3186 1795 3435 1865 αἱρήσειν
3462 1797 3534 1852 τὰ
3561 1798 3717 1872 ἔθνη,

2130 1868 2225 1920 καὶ
2258 1869 2461 1939 μηδένα
2493 1871 2637 1939 ἕξειν
2664 1875 2756 1928 τὸν
2782 1881 2970 1948 χεῖρας
2992 1881 3340 1954 ἀνταίροντα,
3368 1886 3503 1940 ἀλλὰ
3531 1868 3718 1946 πάντα

2133 1959 2232 2029 μὲν
2277 1962 2399 2032 ὅρια
2432 1963 2601 2019 ἐθνῶν
2632 1970 2699 2039 τῇ
2748 1968 2976 2041 δυνάμει
3033 1974 3196 2027 αὐτοῦ
3244 1978 3712 2049 συγχυθήσεσθαι,

2129 2048 2397 2104 δονεῖσθαι
2447 2053 2503 2106 δὲ
2549 2057 2729 2111 πᾶσαν
2773 2058 2870 2127 τὴν
2908 2062 3233 2136 οἰκουμένην
3284 2066 3362 2136 τῷ
3407 2048 3561 2139 φόϐῳ
3611 2073 3715 2142 τῆς

2128 2142 2421 2214 ἐπιδημίας
2460 2146 2650 2214 αὑτοῦ,
2689 2149 2781 2202 τὸν
2814 2151 2869 2219 δὲ
2912 2156 2992 2216 είς
3054 2158 3244 2227 χεῖρας
3287 2160 3587 2230 ἐρχόμενον
3619 2164 3711 2218 su-

2125 2230 2455 2304 αλωτότερον
2489 2230 2628 2290 εἶναι
2657 2239 2886 2293 νεοττῶν
2916 2242 3027 2311 (15)
3048 2243 3277 2315 ὄρνιθος,
3302 2250 3431 2318 ῥᾷον
3460 2249 3515 2301 δὲ
3533 2250 3710 2321 ἀρθή-

2128 2323 2313 2377 σεσθαι
2352 2328 2418 2397 τῇ
2462 2327 2691 2399 δυνάμει
2719 2332 2884 2386 αὐτοῦ
2918 2334 3252 2410 ὲξροδευούσῃ
3289 2339 3388 2411 τὴν
3435 2342 3527 2410 ὑφ’
3571 2343 3708 2414 ἡλίῳ

2126 2415 2307 2468 πᾶσαν
2334 2418 2736 2491 οἱκουμένην,ἢ
2770 2422 2845 2485 ὡς
2873 2422 2936 2475 ἄν
2972 2440 3055 2486 τις
3083 2424 3235 2479 λάϐοι
3255 2428 3359 2491 ὠά,
3392 2428 3584 2500 ἔρημα
3609 2435 3707 2504 τῆς

2124 2505 2436 2579 θαλπούσης
2466 2510 2607 2564 αὐτὰ
2652 2514 2746 2565 καὶ
2782 2513 3159 2589 ζωογονούσης
3202 2519 3436 2591 ὄρνιθος.
3482 2522 3704 2598 Ἐπειδὴ

2120 2597 2178 2651 δὲ
2209 2601 2241 2670 ἡ
2271 2600 2619 2671 ὑπερηφανία
2664 2603 2855 2677 ὥσπερ
2906 2607 3107 2678 μείζων
3156 2611 3305 2665 ἐστὶν
3352 2614 3392 2686 ἢ
3435 2616 3580 2669 κατὰ
3611 2597 3705 2671 iv?

2121 2691 2358 2764 θρωπον,
2391 2694 2626 2766 πρέπειν
2670 2698 2813 2761 τινες
2852 2699 3110 2771 ἐνόμισαν
3150 2702 3218 2756 τὰ
3245 2705 3472 2776 ῥήματα
3518 2708 3698 2766 ταῦτα

448 2753 606 2799 vente
653 2761 716 2801 ac
770 2746 1096 2808 fecuntlante
1127 2757 1579 2835 destituerentur,
1617 2784 1855 2840 caperet.
1910 2777 2010 2833 Sed

448 2834 570 2865 run-:4:
603 2835 865 2865 nt......-.l:
921 2859 1010 2865 ,μμ
1031 2838 1097 2865 ,Γ-
1126 2850 1135 2860 -
1315 2853 1329 2865 .

2157 2746 2169 2764 .
2346 2746 2358 2757 ι
2439 2746 2450 2766 .
2684 2746 2811 2761 τν--π
2855 2746 3105 2771 "'r'""'
3161 2746 3218 2756 τ’·
3245 2746 3472 2776 ι’·ιςπτν*
3530 2746 3698 2766 ’⁸⁵³⁵⁵⁸⁵

2122 2783 2199 2855 τῷ
2236 2785 2451 2856 άληθῶς
2516 2788 2892 2860 ὑπερηφάνῳ,
2945 2791 3025 2862 τῷ
3076 2795 3505 2865 τραχηλιάσαντι
3559 2802 3703 2855 κατὰ

444 2834 573 2902 quia
601 2835 868 2906 ejusmodi
918 2838 1171 2915 superbia
1223 2853 1398 2924 major
1425 2869 1508 2913 est
1552 2834 1714 2931 quam
1748 2866 1888 2922 ferat
1912 2870 2010 2924 hu-

2131 2834 2190 2855 -γ
2239 2834 2448 2856 ’Νη-πῖ
2521 2834 2720 2859 ⁷⁷⁷⁷1⁷·Ιῖ

2122 2875 2208 2928 τοῦ
2245 2879 2720 2951 Παντοκράτορος,

437 2941 597 2982 mana
630 2932 888 2998 conditio,
944 2948 1140 3006 putant
1182 2947 1429 3003 nonnulli
1474 2954 1634 3009 verba
1681 2957 1797 3013 haec
1842 2962 1895 3015 ei
1920 2963 2012 3032 qui

437 3033 567 3075 vere
611 3026 876 3093 superbus
904 3040 1011 3097 est,
1046 3040 1364 3104 convenire,
1394 3044 1485 3111 qui
1523 3049 1795 3104 cervicem
1822 3056 2015 3108 adver-

434 3126 530 3166 sus
578 3111 1017 3186 Omnipotentem
1083 3130 1279 3194 erexit,
1326 3130 1732 3209 detrectatoque
1786 3146 2014 3216 imperio

435 3201 656 3271 defecit,
694 3218 750 3263 et
779 3211 1046 3280 malignos
1072 3218 1296 3288 Spiritus
1328 3226 1420 3292 qui
1450 3242 1509 3282 se
1564 3235 1736 3287 secuti
1771 3234 2009 3306 fuerant,

435 3295 490 3348 in
522 3311 675 3352 suam
702 3304 999 3371 nequitiam
1025 3298 1190 3380 atque
1221 3315 1578 3375 defectionem
1615 3324 1847 3395 impulit.
1876 3330 2015 3391 Exi-,

432 3387 619 3444 stimat
640 3394 784 3446 enim
834 3396 922 3452 ille
961 3414 1021 3455 se
1055 3414 1112 3456 et
1155 3418 1388 3462 mentem
1422 3428 1675 3483 magnam
1708 3434 1851 3485 esse,
1888 3438 2010 3476 cen-

431 3480 622 3551 Setque
671 3490 940 3554 speculari
964 3509 1022 3548 se
1043 3510 1257 3567 magna,
1289 3512 1342 3555 et
1371 3518 1431 3558 se
1462 3508 1772 3563 universum
1806 3515 1994 3567 orbem

434 3572 536 3626 sub
568 3588 721 3629 suam
764 3577 1026 3637 ditionem
1062 3587 1431 3656 subjecturum
1475 3599 1881 3654 comminatur:
1916 3604 2009 3671 qui

431 3660 621 3729 utique
661 3680 731 3719 ne
771 3668 1002 3726 Domino
1051 3678 1265 3744 quidem
1311 3681 1695 3753 interroganti,
1740 3693 1880 3747 unde
1909 3660 2007 3748 a'd-

426 3757 662 3824 veniret,
694 3761 1071 3822 reformidavit
1091 3770 1275 3827 dicere
1296 3791 1308 3826 :
1333 3775 1622 3849 Postquam
1655 3784 1867 3839 circuivi
1890 3804 2006 3841 eam

424 3862 543 3917 qua:
570 3849 667 3903 sub
699 3853 809 3906 sole
835 3867 930 3922 est,
958 3869 1005 3910 et
1048 3861 1381 3921 obambulavi
1433 3873 1730 3926 universam
1765 3893 1882 3946 qua:
1909 3879 2003 3932 sub

424 3940 551 3994 ((210
580 3954 771 4010 exstat,
826 3950 1015 4003 adsum
1032 3952 1101 4006 7°.
1137 3953 1233 4009 llic
1268 3968 1321 4010 et
1357 3959 1588 4018 Domino
1638 3967 1801 4022 totius
1845 3986 2001 4024 crea-

423 4039 561 4086 turae
597 4049 763 4089 ausus
792 4049 875 4092 est
911 4051 1068 4097 terra:
1101 4060 1266 4111 regna
1294 4053 1607 4119 ostendere,
1660 4074 1724 4111 ac
1766 4059 1950 4115 dicere
1983 4081 1995 4116 :

419 4116 549 4175 Haec
598 4125 780 4180 omnia
829 4144 946 4184 mea
1008 4144 1175 4188 sunt:
1209 4153 1351 4194 nunc
1400 4142 1566 4211 igitur
1609 4149 1653 4200 si
1708 4152 1996 4217 prouidens

420 4214 736 4270 adoraveris
779 4233 885 4284 me,
933 4221 1052 4277 haec
1086 4225 1179 4279 tibi
1216 4228 1357 4284 dabo
1384 4233 1452 4286 ἳι.
1486 4234 1650 4291 Forte
1692 4214 1860 4307 igitur
1898 4258 1992 4311 per

417 4304 767 4376 Assyriorum
809 4325 992 4381 regem
1028 4316 1230 4372 indicat
1268 4320 1549 4391 Scriptura
1600 4332 1783 4382 smcnli
1835 4333 1995 4401 hujus

418 4397 742 4468 principem.
776 4401 1037 4462 Dominus
1084 4424 1320 4481 namque
1363 4417 1659 4487 principem
1696 4425 1879 4477 sazcnli
1907 4444 1998 4479 no-

416 4485 610 4553 minat,
646 4487 836 4546 dicens
866 4510 881 4546 :
918 4492 1077 4550 Nunc
1119 4501 1362 4571 princeps
1399 4485 1559 4573 hujus
1592 4512 1774 4564 mundi
1816 4514 1995 4581 ejicie-

416 4585 504 4628 tur
533 4576 760 4645 foras".
797 4582 863 4637 Et
898 4586 1063 4655 paulo
1102 4600 1224 4660 post
1253 4610 1265 4646 :
1290 4593 1418 4649 Jam
1458 4616 1562 4653 non
1603 4605 1770 4656 multa
1807 4576 1995 4674 loquar

414 4668 677 4724 uobiscum
710 4689 729 4726 :
757 4677 894 4729 venit
943 4680 1081 4734 enim
1116 4685 1359 4753 princeps
1400 4693 1583 4745 mundi
1635 4694 1828 4764 hujus,
1860 4708 1906 4750 et
1936 4698 1993 4752 in

414 4776 496 4812 me
517 4776 622 4815 non
654 4764 812 4819 habet
859 4770 1146 4840 quidquam
1167 4774 1233 4828 ⁷³.
1262 4776 1534 4836 Praeterea
1575 4787 1847 4857 principes
1881 4805 1991 4844 non

412 4853 592 4921 pauci,
622 4865 677 4909 et
700 4860 946 4914 nonnulli
973 4865 1216 4932 gentium
1254 4871 1494 4941 praefecti
1524 4877 1806 4931 constituti
1841 4890 1989 4948 sunt,

2767 2881 2843 2952 τῷ
2886 2883 3244 2957 ἁνυποτάκτῳ
3266 2888 3361 2941 καὶ
3390 2890 3699 2962 ἀποστάτῃ,

2114 2968 2209 3022 καὶ
2233 2970 2311 3033 είς
2340 2969 2436 3041 τὴν
2465 2970 2659 3023 ἑαυτοῦ
2686 2973 2885 3027 κακίαν
2907 2978 3378 3047 συναποστήσαντι
3407 2980 3561 3051 αὐτῷ
3590 2982 3699 3054 (16)

2113 3058 2181 3113 τὰ
2224 3061 2836 3134 συνεπακολουθήσαντα
2897 3066 3048 3137 αὐτῷ
3106 3069 3319 3140 πονηρὰ
3383 3072 3697 3143 πνεύματα.

2127 3152 2363 3215 Ἐκεῖνος
2395 3154 2504 3222 γάρ
2562 3156 2752 3210 ἑαυτὸν
2803 3159 2899 3210 καὶ
2944 3158 3069 3212 νοῦν
3118 3159 3294 3213 οἴεται
3351 3162 3547 3233 μέγαν,
3602 3167 3701 3221 καὶ

2115 3238 2453 3306 φαντάζεται
2483 3240 2552 3293 τὰ
2604 3242 2784 3314 ὑψηλά
2815 3251 3192 3316 περισκοπεῖν,
3228 3250 3321 3303 καὶ
3346 3252 3563 3306 ἀπειλεῖ
3592 3256 3701 3309 πᾶ-

2116 3343 2212 3379 σαν
2234 3327 2331 3398 τὴν
2356 3331 2678 3401 οἰκουμένην
2708 3333 2798 3402 ὑφ’
2830 3334 3025 3388 ἑαυτὸν
3055 3337 3389 3407 ποιήσασθαι
3424 3340 3537 3412 (17)
3565 3381 3582 3406 ,
3635 3343 3701 3407 ὃς

2111 3406 2185 3485 γε’
2204 3419 2323 3471 οὐδὲ
2353 3421 2431 3491 τῷ
2464 3422 2652 3493 Κυρίῳ
2681 3424 3037 3496 ἐρωτήσαντι,
3073 3427 3236 3481 πόθεν
3259 3406 3527 3501 ’δἐάρειιιξίετι,⁷
3549 3450 3701 3504 παρ-

2110 3510 2349 3581 ῃτήσατο
2398 3513 2596 3577 εἰπεῖν,
2639 3513 2721 3566 ὅτι
2768 3517 3103 3583 Περιελθὼν
3169 3519 3286 3587 τὴν
3329 3522 3448 3574 ὑπὸ
3478 3523 3589 3577 τὸν
3620 3524 3697 3591 ῆ-

2109 3602 2265 3668 λιον,
2298 3602 2394 3654 καὶ
2422 3603 2909 3673 ἑμπεριπιιτήσας
2934 3608 3049 3677 τὴν
3081 3611 3183 3665 ὑπ’
3215 3612 3502 3679 οὐρανὸν,
3536 3616 3696 3686 πάρα

2108 3710 2244 3762 ειμι.
2314 3690 2482 3760 Οὗτος
2534 3701 2800 3771 ἐτόλμησε
2853 3703 2947 3755 καὶ
2989 3702 3068 3773 τῷ
3112 3705 3301 3777 Κυρίῳ
3356 3706 3542 3780 πάσης
3588 3710 3694 3780 τῆς

2107 3788 2338 3851 κτίσεως
2370 3789 2540 3855 δεῖξαι
2570 3791 2666 3856 τὰς
2697 3792 2971 3863 βασιλείας
3005 3796 3105 3866 τῆς
3133 3796 3235 3867 γῆς
3280 3797 3414 3869 (18),
3464 3803 3562 3862 καὶ
3612 3803 3693 3853 εἰ-

2109 3881 2252 3942 πεῖν,
2286 3880 2368 3932 ὅτι
2399 3882 2584 3935 Ταῦτα
2615 3885 2794 3938 πάντα
2844 3887 2956 3955 ἐμά
2992 3887 3107 3940 ἐστι
3128 3903 3141 3916 ·
3195 3887 3290 3941 νῦν
3320 3885 3414 3943 οὖν
3447 3888 3545 3944 ἐὰν
3585 3909 3690 3945 πε-

2108 3968 2214 4018 σὼν
2254 3972 2640 4042 προσκυνήσῃς
2676 3989 2787 4041 μοι,
2827 3974 2909 4026 σοὶ
2949 3972 3126 4029 δώσω.
3163 3976 3318 4047 Τάχα
3347 3973 3441 4030 οὖν
3470 3978 3566 4032 τὸν
3598 3979 3694 4050 βα-

2106 4060 2257 4113 σιλέα
2283 4061 2390 4115 τῶν
2437 4063 2757 4135 Ἀσσυρίων,
2805 4065 2896 4120 τὸν
2945 4067 3183 4139 ἄρχοντα
3209 4068 3302 4121 τοῦ
3341 4069 3540 4135 αἰῶνος
3568 4074 3693 4127 τού-

2027 4188 2072 4243 D
2102 4168 2215 4215 του,
2243 4153 2270 4205 6
2318 4151 2476 4222 λόγος
2521 4152 2836 4213 αἰνίττεται,
2862 4159 2972 4210 Καὶ
3008 4160 3117 4230 γὰρ
3148 4160 3175 4211 6
3211 4159 3415 4230 Κύριος
3442 4162 3689 4234 ἄρχοντα

2102 4243 2361 4315 ὀνομάζει
2403 4247 2497 4300 τοῦ
2538 4249 2732 4313 αἰῶνος
2757 4250 2969 4317 τούτου,
3001 4251 3173 4320 λέγων
3194 4271 3207 4284 ·
3250 4257 3381 4310 Νῦν⁴
3413 4261 3447 4311 ό
3479 4259 3687 4329 ἄρχων

2100 4336 2208 4389 τοῦ
2234 4339 2467 4407 κόσμου
2493 4342 2707 4395 τούτου
2724 4342 3105 4411 ,ϐληθήσεται
3131 4346 3266 4411 ἔξω,
3293 4350 3406 4402 Καὶ
3434 4354 3556 4420 μετ’
3582 4353 3688 4406 ὀλί-

2100 4444 2175 4496 γα
2197 4444 2210 4457 ο
2260 4428 2471 4483 Οὐκέτι
2505 4432 2707 4486 πολλὰ
2754 4435 3009 4503 λαλήσω
3059 4438 3188 4506 μεθ’
3226 4437 3431 4509 ὑμῶν’
3466 4443 3683 4512 Ἔρχε-

2099 4535 2193 4571 ται
2223 4521 2331 4588 γὰρ
2380 4525 2412 4575 ό
2463 4523 2570 4577 τοῦ
2618 4525 2850 4594 κόσμου
2877 4525 3096 4596 ἄρχων,
3132 4531 3233 4584 καὶ
3286 4532 3357 4585 ἐν
3404 4534 3536 4603 ἐμοὶ
3567 4539 3681 4590 οὐκ

2098 4613 2223 4681 ἔχει
2247 4612 2445 4667 οὐδέν.
2490 4616 2706 4687 Ἐπειδὴ
2737 4617 2795 4670 δὲ
2823 4618 3008 4673 πολλοὶ
3038 4623 3316 4694 ἄρχοντες,
3341 4627 3392 4678 οἱ
3417 4628 3680 4701 ἐθνάρχαι

2097 4689 2258 4767 τινὲς,
2309 4704 2720 4778 διατεταγμένοι
2760 4709 2897 4780 πρὸς
2931 4689 3176 4784 φυλαᾷεῆν
3230 4689 3324 4769 καῖ
3349 4689 3679 4791 διατήρησιν

2093 4792 2189 4844 τοῦ
2226 4795 2316 4864 ὑφ’
2346 4797 2553 4850 ἑαυτῶν
2585 4799 2815 4853 ἑκάστου
2850 4801 3056 4864 ἔθνους,
3093 4804 3233 4858 καθά
3259 4823 3425 4877 φησιν
3450 4811 3481 4863 ὁ
3506 4812 3677 4866 Μωῦ-

2096 4885 2196 4954 σῆς
2227 4886 2285 4938 ὲν
2313 4889 2378 4958 τῇ
2411 4886 2520 4959 ᾠδῇ
2546 4904 2560 4920 σ
2597 4889 2735 4944 Ὅτε
2771 4890 3092 4961 διεμέριζεν
3116 4899 3149 4948 ὀ
3173 4896 3474 4969 "ru-mag
3503 4902 3673 4973 ἔθνη,

483 5009 529 5041 ⁸⁸
558 5007 629 5064 IV
655 5011 785 5085 Heg.
814 5030 968 5083 xvut,
1001 5019 1067 5072 15
1102 5037 1225 5093 sqq.
1300 5026 1346 5057 ⁷⁰
1375 5024 1474 5082 Job
1502 5044 1562 5095 ll,
1595 5031 1650 5084 ἓ.
1725 5032 1768 5063 ⁷⁸
1797 5033 1985 5091 Matth.
2018 5054 2090 5106 tv,
2117 5041 2169 5096 8.
2247 5044 2292 5073 "
2315 5040 2472 5097 Joan.
2505 5060 2603 5111 xu,
2640 5046 2728 5100 3!.
2806 5049 2850 5080 ⁷³
2887 5047 3041 5104 Joan.
3081 5067 3192 5118 xlv,
3232 5053 3318 5109 '50.

482 5150 593 5223 (15)
632 5151 796 5219 Editi,
820 5158 888 5227 τῇ
918 5156 1156 5227 ἐμαυτοῦ
1179 5159 1340 5230 χειρί.
1367 5160 1515 5216 Unus
1537 5168 1727 5232 codex,
1753 5170 1818 5239 τῇ
1845 5171 1990 5244 χειρί

483 5237 536 5268 υ.
573 5221 673 5268 Alii
702 5239 833 5268 lnge-
866 5228 1184 5268 simnlinilnr
1233 5232 1298 5268 ea
1334 5232 1476 5268 νςρηι

2122 5175 2283 5248 αυτῷ.
2313 5178 2416 5231 Alii
2448 5180 2553 5233 duo
2579 5197 2702 5268 cum
2730 5187 2909 5268 editis,
2943 5198 3441 5268 συναποστήσαντι.
3466 5200 3670 5259 Ibidem

409 5221 679 5319 pop‘."\Ali‘i’
702 5239 834 5319 mss.
860 5221 1312 5319 sinipliciter'ifﬁg
1334 5232 1537 5319 χειρί.-
1606 5306 1647 5319 _

481 5290 592 5363 (M)
635 5293 859 5368 Veteres
905 5290 1143 5368 quinque
1191 5290 1562 5366 Ιίὺὲὶξάὗτοῦ.
1604 5306 1746 5361 Editi
1780 5324 1907 5365 vero
1936 5323 1992 5368 et

407 5359 545 5431 Reg.
559 5359 879 5432 fsecundus,

408 5432 511 5508 οὐκ
542 5431 715 5487 ἔσται.
770 5436 841 5508 At
866 5431 1005 5508 mss.
1048 5453 1256 5506 omnes,
1306 5431 1404 5496 καὶ
1444 5431 1555 5497 οὐχ’
1587 5431 1987 5508 ἕστινζΙιίὶιΙθιη

406 5498 541 5568 Reg.
574 5505 778 5568 primus
805 5506 1069 5563 ἀντείποι.

627 5573 720 5645 S_i_c
746 5590 880 5632 mss.
911 5577 981 5631 At
1006 5579 1158 5645 editi,
1191 5583 1461 5640 νεοττίων.

479 5642 593 5711 (16)
647 5642 872 5702 Veteres
937 5642 1170 5718 quatuor
1226 5653 1389 5719 libri,
1446 5664 1979 5734 συναποστατὴσαντι

2086 5260 2181 5331 sex
2224 5256 3040 5331 mss.,'quventho>.ouﬂﬁsawa.
3078 5256 3251 5331 Editi;
3273 5256 3672 5328 συναποκαλου-

2087 5315 2351 5413 θήσαντα.
2387 5318 2669 5413 Librarius
2698 5315 2892 5413 aliquis
2923 5334 2974 5384 in
2993 5315 3260 5413 ﬁtﬁt};

932 5367 1148 5422 ἑαυτοῦ.
1200 5368 1493 5439 Aliquanto
1542 5387 1659 5443 post
1699 5379 1850 5444 eniti,
1893 5383 1989 5435 καὶ

932 5454 984 5473 cn
1048 5453 1234 5473 nlnnoc
1312 5444 1398 5473 and
1445 5445 1542 5473 Α)...
1589 5447 1732 5473 2--...
1790 5450 1979 5473 n.:,iA,_

2131 5367 2182 5473 ἀρ
2196 5367 3453 5473 έςέιίίίειξῖέτξρΐξοξ·’έᾺξηῑιῑειίέζὲίξ’ἕᾶἳὲἕὲ
3468 5367 3668 5469 αᾚέἶέ

2090 5457 2334 5529 tichristo
2358 5457 2663 5529 sermonem
2690 5483 2811 5523 esse
2830 5457 3128 5529 admonuit.

2309 5528 2570 5614 Sicaniis.
2604 5528 2742 5614 Editi
2779 5554 2927 5614 uero,
2967 5528 3285 5614 ποιήσεσθαι

2161 5598 2271 5690 (18)
2308 5599 2524 5690 Antiqui
2539 5615 2662 5690 ires
2687 5607 2832 5690 libri,
2851 5598 3018 5690 δεῖξαι
3046 5598 3340 5690 σέάάᾲέέὰς
3362 5621 3664 5690 βασιλείας.

2087 5661 2265 5726 Οοᾶθέ
2301 5661 2466 5732 unus:
2481 5671 2646 5739 δεῖξαι
2675 5661 2776 5743 τάξ
2804 5661 3415 5762 ira;
3448 5692 3578 5767 γῆς.

2427 5800 2463 5811 ν..
