3810 6214
479 274 582 329 547

1421 259 1768 318 APPENDIX
1801 259 2091 317 OPERUM
2132 260 2190 318 S.
2233 261 2479 318 BASILII
2517 261 2753 318 MAGNI.

3627 269 3727 323 διδ

479 395 570 463 qui
598 401 817 462 prorsus
847 383 976 440 nihil
1001 379 1296 454 quidquam
1350 380 1667 434 numerandi
1699 379 1907 450 peritus
1940 381 2046 446 sit,

2160 381 2257 434 τῶν
2305 382 2366 434 τὸ
2391 380 2612 452 πλῆθος,
2654 380 2796 434 ὥστε
2829 380 2923 434 καὶ
2964 381 3069 435 ὑπὸ
3111 383 3348 448 παιδίου,
3387 381 3462 453 μὴ
3505 379 3646 434 πάνυ
3677 400 3728 435 τι

479 493 573 537 aut
619 479 906 542 scribendi,
938 491 1033 530 eos
1075 487 1396 529 enumerare
1440 472 1631 542 possit.
1661 471 1826 527 Forte
1867 482 2049 526 autem

479 574 573 643 qui
600 572 734 641 fugit
756 571 822 624 ab
851 567 1120 629 incendio,
1150 565 1318 617 vitam
1344 577 1569 632 pravam
1605 563 1774 617 evitat
1811 577 1906 631 per
1931 577 2047 632 pm—

478 673 756 728 nitentiam
783 708 798 734 ,
827 679 1031 735 suaque
1071 661 1428 718 conversione
1470 674 1732 723 carnem,
1764 675 1952 729 poenas
1995 669 2050 714 et

477 764 746 821 cruciatus
781 759 880 814 sibi
907 757 1288 818 asciscentem,
1320 752 1539 820 refugit.
1575 751 1828 820 Quisquis
1870 753 2042 816 enim,

480 864 832 926 posteaquam
875 845 1244 916 deprehensus
1288 851 1372 896 est
1411 843 1462 896 in
1494 842 1730 911 peccatis
1755 881 1771 907 ,
1799 845 2050 897 conscius

486 958 573 1004 est
599 948 814 1015 dignum
845 955 903 996 se
927 953 1066 1000 esse,
1100 936 1192 1007 qui
1229 950 1326 1007 per
1350 935 1560 1003 virgam
1585 944 1639 988 et
1666 934 1892 988 verbera
1917 949 2048 988 con-

476 1049 736 1102 vertatur,
781 1035 892 1104 jam
936 1040 1220 1100 peccatum
1270 1038 1531 1096 tanquam
1581 1026 1833 1094 supplicii
1883 1037 2050 1080 mate-

475 1135 610 1188 riam
653 1128 960 1189 declinans,
1014 1121 1149 1192 fugit
1189 1120 1348 1190 quasi
1387 1135 1416 1172 a
1455 1117 1671 1172 flamma
1722 1128 1931 1170 urente.
1985 1115 2051 1169 Et

477 1235 603 1278 tunc
631 1221 718 1290 qui
748 1218 947 1272 fuerint
979 1214 1240 1276 derelicti,
1290 1221 1451 1265 erunt
1498 1225 1778 1274 numerus,
1825 1224 1928 1262 non
1959 1222 2050 1262 so-

476 1314 584 1366 lum
616 1311 774 1379 quod,
809 1309 882 1361 uti
915 1307 1288 1375 exposuimus,
1329 1302 1483 1357 facile
1509 1311 1711 1370 queant
1753 1301 2048 1364 numerari,

476 1403 569 1457 sed
609 1403 772 1454 etiam
797 1398 938 1467 quod
963 1398 1029 1450 de
1068 1405 1268 1450 caetero
1296 1394 1403 1447 sint.
1435 1393 1581 1462 digni
1609 1432 1625 1457 ,
1657 1392 1749 1460 qui
1779 1392 1835 1444 in
1862 1405 2052 1444 nume-

476 1511 594 1550 rum
639 1492 964 1545 referantur.
1009 1488 1101 1542 Sic
1146 1488 1198 1540 in
1228 1485 1595 1540 Numerorum
1645 1483 1780 1538 libro
1828 1499 2046 1553 pueros,

477 1584 764 1644 mulieres,
813 1595 969 1635 senes
999 1621 1012 1646 ,
1060 1587 1330 1647 quotquot
1383 1592 1478 1647 per
1523 1585 1739 1630 aetatem
1790 1577 1857 1630 ad
1909 1576 2048 1630 bella

477 1675 719 1732 obeunda
747 1680 901 1726 erant
927 1669 1167 1736 inutiles,
1203 1678 1257 1722 et
1294 1668 1655 1736 promiscuum
1684 1666 1892 1734 vulgus,
1927 1675 2041 1718 tan-

478 1783 639 1838 quam
696 1781 724 1817 a
783 1761 978 1832 populo
1043 1760 1336 1814 Israelitico
1411 1759 1681 1822 alienum,
1745 1749 2122 1810 invenimusB

479 1873 813 1928 nequaquam
845 1855 895 1905 iu
924 1867 1207 1905 numerum
1253 1851 1376 1919 poni
1405 1850 1448 1882 ⁸¹
1481 1867 1496 1913 ;
1534 1850 1628 1904 sed
1661 1849 1931 1902 numerari
1959 1863 2052 1902 eos

478 1951 568 2019 qui
597 1949 646 2001 in
673 1947 806 2000 bello
835 1943 1001 1999 fortes
1025 1951 1180 1996 erant
1203 1950 1257 1995 et
1277 1941 1506 2005 strenui,
1540 1956 1570 1993 a
1607 1939 1866 2009 vigesimo
1907 1955 2051 1994 anno

478 2051 534 2097 et
576 2055 737 2109 supra
761 2039 827 2092 δ’.
875 2036 1100 2106 insuper
1140 2050 1328 2090 onmes
1369 2033 1581 2089 Israclis
1632 2033 1975 2101 primogeniti
2021 2048 2051 2087 a

480 2147 664 2186 mense
716 2137 770 2184 et
819 2143 981 2198 supra
1029 2135 1455 2180 annumerantur
1501 2120 1572 2175 ⁸³.
1636 2121 1848 2175 Pariter
1889 2122 2050 2174 etiam

479 2225 676 2280 Levita:
711 2239 740 2276 a
783 2237 966 2276 mense
996 2232 1050 2273 et
1081 2235 1262 2288 supra,
1306 2227 1359 2272 et
1401 2217 1492 2284 qui
1532 2213 1910 2269 ministrabant
1951 2228 2048 2266 sa-

478 2319 722 2373 cerdotes
772 2329 939 2382 usque
986 2315 1050 2365 ad
1094 2310 1483 2382 quinquaginta
1524 2323 1694 2362 annos
1743 2320 2046 2360 recensen-

481 2421 567 2464 tur
599 2408 664 2460 ⁸⁵.
718 2407 980 2462 Caeterum
1011 2405 1131 2472 quis
1168 2417 1321 2472 puer,
1353 2416 1461 2454 non
1506 2401 1609 2462 vir,
1651 2412 1824 2466 neque
1855 2412 2046 2463 senex,

476 2515 572 2554 eos
604 2498 694 2568 qui
729 2505 854 2551 sunt
885 2493 1146 2561 ejusmodi
1197 2493 1488 2547 inscribet?
1540 2491 1766 2544 lndicari
1817 2505 1912 2544 eos
1957 2491 2047 2558 qui

483 2590 735 2644 Ecclesim
774 2585 1166 2656 praeﬁciuntur,
1210 2585 1487 2652 negaverit
1541 2597 1722 2644 nemo,
1776 2597 1840 2637 eo
1901 2582 2044 2650 quod

481 2685 642 2735 vitam
671 2680 866 2748 degant
907 2679 960 2730 iu
1003 2677 1310 2730 innocentia
1357 2687 1412 2729 et
1445 2677 1782 2745 integritate,
1821 2683 1875 2729 et
1904 2675 2045 2742 quod

478 2783 696 2845 peccata
724 2770 935 2826 occulta
965 2785 1194 2838 quorum
1225 2768 1404 2822 nullus
1433 2775 1514 2821 est
1569 2769 1720 2821 testis
1744 2767 1844 2822 nisi
1879 2767 1924 2820 is
1954 2767 2046 2836 qui

479 2865 689 2919 abditos
723 2859 982 2928 cujusque
1012 2874 1255 2913 recessus
1284 2867 1579 2920 scrutatur,
1629 2857 1732 2911 sibi
1772 2873 1802 2910 a
1855 2873 2049 2926 pecca-

480 2957 686 3011 toribus
728 2953 1145 3008 concredautur.
1191 2950 1288 3004 llic
1341 2951 1472 3003 tales
1518 2957 1602 3003 est
1649 2949 2044 3019 iuscripturus,

478 3047 570 3116 qui
605 3046 802 3100 fuerint
823 3042 986 3096 veluti
1017 3057 1111 3110 per
1142 3051 1418 3109 peccatum
1449 3040 1742 3094 oblitterati
1771 3055 1834 3093 ac
1861 3039 2043 3107 deleti,

478 3153 572 3192 eos
605 3139 796 3192 iterum
829 3137 1054 3190 scribet.
1097 3133 1198 3200 Qui
1235 3133 1472 3202 fugerint
1506 3131 1811 3186 incendium
1838 3171 1852 3194 ,
1891 3147 2044 3186 rece-

477 3231 761 3299 perintque
810 3226 1257 3296 expurgationem
1292 3223 1608 3292 poenitentia
1639 3232 1854 3291 partam
1886 3224 2042 3292 quasi

479 3324 654 3392 ignem
681 3359 698 3385 ,
725 3320 856 3374 tales
885 3321 929 3373 is
955 3319 1043 3387 qui
1078 3317 1430 3370 inhaerentem
1463 3316 1727 3368 malorum
1761 3317 2046 3369 materiam

476 3415 739 3477 absumit,
777 3411 1090 3466 conscribit.
1136 3409 1246 3462 Aut
1282 3409 1515 3462 fortasse
1559 3409 1685 3477 quia
1735 3408 2050 3462 scribuntur

477 3509 532 3562 in
582 3508 720 3560 libro
764 3505 914 3568 vitae,
962 3514 1015 3555 et
1063 3518 1166 3556 una
1214 3516 1336 3555 cum
1379 3499 1542 3567 justis
1588 3501 1959 3554 inscribuntur
1988 3501 2045 3568 ii,

477 3599 568 3668 qui
604 3598 750 3667 digni
797 3604 942 3661 sunt,
987 3595 1078 3664 qui
1103 3592 1368 3646 Altissimt
1406 3591 1626 3646 dextera
1668 3600 2044 3654 numerentur,

477 3705 655 3760 operae
679 3689 910 3759 pret—ium
944 3687 1104 3740 fuerit
1137 3698 1297 3738 neSSe
1322 3684 1462 3737 hunc
1495 3684 1878 3738 salvandorum
1909 3683 2049 3736 scri-

478 3783 622 3846 bam,
663 3780 752 3848 qui
779 3777 939 3846 justis
971 3776 1074 3831 fert
1106 3792 1263 3845 opem
1285 3816 1300 3839 ,
1333 3792 1398 3829 ac
1430 3777 1643 3830 nomina
1675 3791 1862 3830 eorum
1892 3775 1985 3845 qui
2019 3788 2051 3828 a

479 3872 658 3940 pravis
689 3872 943 3940 operibus
977 3869 1324 3938 resipiscunt,
1361 3868 1412 3920 in
1442 3868 1704 3922 cmlorum
1737 3867 1875 3922 libro
1909 3870 2052 3922 insa-

479 3965 570 4018 rit.
597 3962 829 4016 Gaudete
848 3962 1016 4026 enim,
1045 3961 1236 4030 inquit,
1259 3959 1398 4029 quod
1420 3962 1632 4012 nomina
1659 3969 1825 4013 vestra
1850 3963 2048 4027 scripta

477 4066 598 4108 sunt
632 4055 686 4108 in
730 4054 871 4108 cretis
914 4054 984 4108 ⁸³.
1050 4052 1308 4117 Quisnam
1363 4053 1524 4121 igitur
1574 4067 1709 4120 puer
1759 4053 2049 4120 proborum

480 4145 695 4200 nomina
722 4147 772 4198 in
799 4145 951 4198 cmlis
979 4145 1221 4198 scribere
1246 4145 1461 4213 potest?
1488 4143 1676 4197 Nonne
1705 4143 1816 4208 ille,
1849 4144 1915 4198 de
1942 4159 2050 4213 quo

480 4241 678 4293 dictum
713 4247 796 4292 est
824 4255 837 4291 :
874 4237 1136 4290 Parvulas
1162 4248 1314 4291 natus
1337 4246 1410 4290 est
1453 4238 1621 4300 nobis,
1654 4237 1796 4304 ﬁlius
1823 4248 1871 4291 et
1896 4239 2052 4292 datus

480 4341 553 4384 est
588 4332 732 4384 nobis
761 4330 846 4383 “‘2
878 4329 1018 4384 Puer
1051 4329 1142 4384 ille
1180 4338 1304 4392 est,
1335 4343 1492 4398 quem
1539 4329 1834 4383 adoravere
1871 4331 2010 4400 magi
2037 4349 2050 4399 ;

549 4449 592 4480 ⁸⁸
633 4445 790 4500 Num.
835 4461 873 4507 ι,
922 4444 979 4510 2,
1026 4444 1090 4509 '5;
1129 4460 1278 4512 τινι,
1306 4445 1363 4497 2.
1469 4444 1514 4475 ⁸⁸
1555 4443 1714 4498 Νυηι.
1756 4461 1842 4512 ιιι,
1893 4448 1984 4503 40.

481 4536 568 4584 ιι,
594 4517 649 4572 6.

550 4633 663 4704 (54)
687 4631 906 4705 Ϋειετεε
929 4631 1130 4705 aliquot
1153 4632 1293 4695 libri,
1325 4633 1458 4705 μηδέ
1487 4635 1620 4705 πρὸς
1645 4636 1726 4689 τό.

551 4702 662 4772 (55)
687 4703 820 4755 Editi
835 4712 896 4782 .et
919 4702 1085 4756 nostri
1115 4717 1218 4782 seu
1236 4702 1361 4758 mss.
1373 4744 1386 4764 .
1401 4704 1495 4782 τῂν
1509 4702 1835 4782 κολάζουσαν
1851 4710 2046 4782 σάρκα,

481 4789 688 4849 carnem
717 4773 1082 4849 castigantent.
1116 4772 1220 4826 Sed
1245 4790 1342 4827 vox
1368 4772 1698 4840 κολάζουσαν
1719 4779 1838 4849 jure
1865 4772 2050 4849 su'spe4

479 4853 565 4915 cta
583 4843 788 4915 videtur
802 4841 1120 4915 Ceiiibefisio
1138 4859 1379 4915 gproqua
1401 4861 1501 4897 non
1521 4841 2052 4915 invitus'legeretﬁco-

480 4912 833 4972 λακεύουσαν,
866 4928 1074 4964 carnem
1104 4911 1472 4968 blandientem.
1496 4916 1603 4982 Ego
1627 4911 1811 4970 autem
1828 4911 2045 4973 dubium

479 4997 585 5037 non
617 4984 787 5035 habeo
816 4982 942 5049 quin
972 4982 1059 5036 hic
1096 4982 1241 5036 locus
1281 4999 1346 5038 ex
1381 4983 1642 5051 Procopio
1684 4990 2047 5044 restituendus

479 5054 743 5130 sit‘._akpud
773 5066 957 5130 quem,
1009 5066 1141 5130 pag:
1168 5053 1292 5130 170,
1335 5054 1420 5130 ita
1438 5055 1675 5130 legitur:
1725 5058 1915 5126 φεύγει
1944 5061 2047 5130 τὴν

479 5121 811 5184 κολάζουσαν
845 5121 1052 5194 φλόγα,
1088 5121 1245 5191 fugit
1299 5121 1531 5177 ultricem
1597 5121 1881 5194 ﬂammam.
1938 5121 2046 5182 No-

479 5194 790 5264 strumboc
839 5190 1096 5264 judicium
1149 5190 1374 5264 miriﬁce
1425 5190 1745 5248 confirmant
1777 5214 1893 5264 qua:
1944 5215 2047 5253 non

408 5315 418 5326 ,
479 5262 552 5334 ita
585 5261 751 5334 multo
785 5271 906 5329 post
939 5263 1203 5331 leguntur,
1222 5263 1411 5332 φεύγει
1442 5265 1516 5326 ὡς
1548 5264 1656 5317 ἀπὸ
1688 5261 1882 5334 φλογὸς
1899 5285 2049 5321 καιο-

484 5331 670 5404 μένης,
698 5333 841 5404 fugit
869 5335 1026 5404 quasi,
1051 5350 1080 5384 (ι
1110 5331 1345 5400 ﬂammai
1373 5348 1570 5387 urente.
1611 5331 1745 5387 Nam
1789 5331 2050 5404 posterio-

482 5402 739 5480 ribu.s_ltis
765 5406 940 5454 verbis
967 5403 1031 5454 ad
1057 5407 1234 5480 priora
1267 5404 1373 5468 illa,
1401 5405 1494 5456 mi.
1527 5408 1592 5474 τῇ
1625 5402 1924 5480 ἐπιστροφῇ
1949 5409 2046 5480 τὴν

481 5471 834 5534 κολάζουσαν,
889 5481 1015 5534 elc.,
1045 5474 1362 5540 scriptorem
1405 5471 1641 5528 nostrum
1679 5471 2044 5532 alludere'oli-

483 5555 697 5622 scu'rum
729 5555 832 5593 non
867 5551 974 5622 est.
999 5542 1068 5594 lix
1094 5558 1199 5622 quo
1223 5542 1359 5622 ellici
1391 5546 1618 5622 videtur,
1652 5555 1708 5622 ut
1739 5563 1833 5615 pro
1864 5548 2040 5622 σάρκα

483 5609 582 5675 legi
610 5621 852 5682 oporteat
881 5611 1069 5679 φλόγα·
1093 5609 1325 5682 alioquin
1351 5616 1491 5667 enim
1529 5616 1663 5670 alter
1694 5609 1840 5670 locus
1868 5609 2041 5672 ad'al-

487 5689 657 5734 terum
689 5679 874 5734 referri
911 5699 1014 5736 non
1060 5679 1262 5752 posset.
1305 5684 1609 5740 Lecrionem
1655 5687 1924 5757 vulgatam
1969 5692 2038 5746 ob

2094 4455 2141 4487 ⁸³
2177 4458 2303 4513 ibid.
2358 4462 2442 4516 is.
2519 4464 2565 4496 ει
2589 4465 2748 4522 Num.
2807 4486 2880 4534 ιν,
2911 4471 2963 4524 5.

2160 473 2295 546 μηδὲ
2320 473 2457 544 πρὸς
2483 474 2544 526 τὸ
2570 473 2847 544 ἀριθμεῖν,
2886 475 3019 544 μηδὲ
3049 473 3159 545 (54)
3189 475 3421 546 γράφειν
3453 475 3728 544 ἐμπείρως

2156 564 2389 633 ἐγοντος,
2439 564 2696 619 δύνασθαι
2740 566 2938 629 αὐτοὺς
2984 568 3390 638 ἀπογραφῆναι.
3439 567 3669 638 Τάχαδέ
3701 568 3729 619 ὁ

2157 656 2373 726 φεύγων
2397 657 2504 710 ἀπὸ
2533 659 2627 712 τοῦ
2659 658 3014 732 ἐμπρησμοῦ,
3035 664 3102 732 τῇ
3141 663 3400 733 μετανοίᾳ.
3417 661 3612 730 φεύγει
3642 661 3730 714 τὸν

2157 749 2393 820 πονηρὸν
2423 749 2555 820 βίον,
2593 754 2687 804 καὶ
2711 755 2777 823 τῇ
2796 755 3100 825 ἐπιστροφῇ
3124 755 3223 825 τὴν
3245 754 3580 831 κολάζουσαν
3603 753 3731 824 σάρο

2157 855 2228 892 κα
2251 839 2361 910 (55)
2381 841 2786 912 ἀποδιδράσκει.
2813 845 2928 907 Πᾶς
2947 844 3057 916 γὰρ
3086 847 3114 896 6
3137 844 3274 914 μετὰ
3300 843 3360 896 τὸ
3383 843 3732 914 καταληφθῆ-

2157 949 2242 986 ναι
2275 932 2382 1003 (56)
2405 934 2462 986 ἐν
2495 935 2876 1006 ἁμαρτήμασι,
2907 936 3323 1006 συναισθόμενος
3353 936 3550 990 ἐαυτοῦ
3583 935 3731 1002 ἀξίου

2154 1025 2305 1087 ὄντος
2327 1025 2428 1095 τῆς
2460 1027 2516 1079 ἐν
2549 1027 2730 1097 ῥάϐδῳ
2756 1029 2850 1080 καὶ
2884 1028 3109 1099 μάστιγι
3134 1029 3488 1099 ἐπιστροφῆς,
3517 1027 3734 1098 φεύγων

2155 1116 2251 1187 τὴν
2297 1118 2592 1189 ἁμαρτίαν,
2627 1119 2703 1183 ὡς
2749 1118 2882 1189 ὓλην
2921 1121 3216 1182 κολάσεως,
3259 1120 3448 1189 φεύγει
3493 1121 3570 1183 ὡς
3631 1120 3734 1173 ἀπὸ

2159 1211 2353 1280 φλογὸς
2382 1212 2696 1283 καιομένης.
2714 1213 2824 1266 Καὶ
2857 1212 2975 1265 τότε
3007 1215 3054 1266 oi
3098 1212 3553 1282 καταλειφθέντες
3584 1213 3730 1266 ἔσον-

2155 1318 2246 1352 ται
2274 1300 2525 1371 ἀριθμὸς,
2567 1302 2626 1354 ού
2665 1303 2822 1372 μόνον
2855 1302 2943 1355 διὰ
2973 1304 3035 1356 τὸ
3073 1303 3456 1374 εὐαρίθμητον,
3491 1304 3568 1367 ὡς
3601 1305 3732 1356 ἀπο-

2156 1391 2488 1463 δεδώκαμεν,
2547 1394 2684 1446 ἀλλά
2739 1395 2832 1446 καὶ
2858 1395 2947 1447 διὰ
2991 1396 3052 1448 τὸ
3087 1396 3270 1450 λοιπὸν
3316 1394 3453 1460 ἄξιοι
3477 1391 3622 1450 εἶναι
3658 1399 3732 1460 είς

2157 1483 2385 1553 ἀριθμὸν
2436 1484 2933 1556 ἀναλαμϐάνεσθαι.
2998 1487 3085 1551 Ὧς
3149 1489 3208 1540 ἐν
3269 1491 3337 1558 τῇ
3399 1487 3568 1559 βίϐλῳ
3627 1489 3733 1541 τῶν

2172 1574 2440 1647 Ἀριθμῶν
2474 1577 2809 1648 εὑρήκαμεν,
2841 1578 3029 1632 παιδία
3071 1580 3164 1632 καὶ
3216 1583 3477 1649 γυναῖκας
3513 1581 3617 1634 ’καὶ
3646 1583 3735 1649 γέ-

2160 1685 2370 1738 ροντας,
2402 1668 2516 1720 ὅσοι
2556 1669 2654 1739 τὴν
2693 1669 2966 1740 ἄχρηστον
3005 1673 3063 1724 ἐν
3089 1673 3351 1744 πολέμοις
3377 1672 3590 1744 ἔχουσιν
3613 1676 3732 1745 ἡλι-

2152 1763 2296 1824 κίαν,
2354 1760 2571 1814 καὶτὸν
2618 1761 2902 1832 ἐπίμικτον
2935 1765 3012 1826 ὡς
3063 1765 3342 1836 ἀλλότριον
3365 1765 3459 1818 τοῦ
3515 1765 3734 1838 Ἰσραὴλ

2154 1853 2258 1919 ἔξω
2297 1854 2623 1923 ἀφιεμένους
2661 1852 2755 1906 τοῦ
2783 1855 3157 1926 ἀριθμεῖσθαι,
3191 1858 3633 1929 ἀριθμουμένους
3679 1859 3734 1912 δὲ

2152 1947 2277 2007 τοὺς
2293 1946 2400 1997 ἀπὸ
2433 1947 2777 2010 εἰκοσαετοῦς
2807 1949 2900 2001 καὶ
2917 1949 3102 2003 ἐπάνω
3122 1949 3380 2014 δυνατοὺς
3401 1952 3457 2004 ἐν
3483 1951 3729 2021 πολέμῳ.

2153 2035 2260 2088 Καὶ
2291 2036 2341 2088 οί
2371 2037 2704 2107 πρωτότοκοι
2733 2037 2824 2092 τοῦ
2863 2039 3081 2111 Ἰσραὴλ
3113 2041 3314 2104 πάντες
3343 2041 3729 2113 ἀριθμοῦνται,

2152 2125 2260 2179 ἀπὸ
2315 2127 2589 2199 μηνιαίου,
2640 2130 2734 2181 καὶ
2765 2130 2970 2188 ἐπάνω.
3017 2133 3250 2202 Ὁμοίως
3275 2133 3369 2186 καὶ
3407 2135 3456 2186 oi
3481 2134 3729 2197 Λευῖται,

2154 2219 2260 2272 ἀπὸ
2295 2221 2568 2290 μηνιαίου,
2618 2222 2714 2273 καὶ
2747 2223 2949 2276 ἐπάνω·
2997 2224 3090 2277 καί
3116 2226 3165 2277 oi
3190 2225 3630 2298 λειτουργοῦντες
3659 2229 3733 2278 ἱε-

2156 2313 2268 2380 ρεῖς
2308 2311 2412 2372 ἕως
2452 2313 2790 2382 πεντήκοντα
2846 2314 2983 2367 ἐτῶν
3033 2305 3419 2386 ἀριθμοῦνται.
3453 2319 3616 2370 Ποῖον
3672 2319 3728 2370 δὲ

2153 2406 2362 2460 παιδίον
2415 2407 2616 2478 γράψει
2645 2409 2769 2472 τοὺς
2807 2409 3103 2474 τοιούτους,
3147 2413 3244 2481 οὐχ
3281 2413 3309 2464 6
3347 2413 3507 2485 ἀνὴρ,
3553 2415 3677 2466 ούδέ
3700 2419 3726 2467 6

2152 2498 2460 2570 πρεσϐύτης
2482 2499 2630 2570 (57);
2659 2501 2846 2565 Οὐδεὶς
2874 2502 3106 2574 ἀντερεῖ·
3139 2505 3269 2566 τοὺς
3299 2505 3648 2575 προεστῶτας
3670 2509 3726 2561 ἐν

2150 2592 2214 2660 τῇ
2263 2589 2576 2663 Ἐκκλησία,
2605 2592 2693 2646 διὰ
2723 2592 2784 2646 τὸ
2819 2595 2876 2646 ἐν
2910 2594 3118 2666 ἀκακία
3145 2595 3373 2664 διάγειν,
3408 2596 3504 2650 καὶ
3528 2597 3619 2650 διά
3666 2599 3723 2650 τὸ

2151 2685 2499 2739 πιστεύεσθαι
2540 2687 2650 2756 (58)
2686 2687 2837 2759 παρά
2875 2689 2984 2743 τῶν
3017 2692 3414 2762 ἡμαρτηκότων
3443 2692 3512 2746 τά
3552 2695 3723 2766 ἀπόρ-

2152 2779 2308 2845 ρητα,
2341 2770 2416 2829 ὧν
2440 2778 2615 2842 οὐδεὶς
2638 2779 2871 2849 μάρτυς,
2905 2783 2952 2834 εἰ
2986 2783 3060 2854 μὴ
3095 2785 3122 2836 6
3159 2784 3228 2837 τά
3245 2786 3462 2856 κρυπτά
3491 2787 3724 2840 ἑκάστου

2149 2865 2587 2937 διερευνώμενος.
2612 2864 2780 2935 Οὗτος
2821 2873 3019 2947 γράψει
3066 2877 3191 2939 τοὺς
3221 2878 3517 2944 τοιούτους,
3566 2882 3728 2934 οἱονεὶ

2150 2960 2564 3030 ἐξαλειφθέντας
2623 2967 2711 3019 διὰ
2757 2969 2858 3038 τῆς
2909 2971 3204 3042 ἁμαρτίας·
3257 2973 3421 3028 πάλιν
3461 2977 3728 3048 ἐγγράψει

2149 3053 2274 3115 τοὺς
2308 3054 2397 3106 τὸν
2429 3057 2757 3127 ἐμπρησμὸν
2803 3061 3092 3128 φυγόντας,
3130 3064 3224 3116 καὶ⁵
3256 3065 3354 3135 τὴν
3390 3065 3479 3118 διὰ
3503 3068 3606 3136 τῆς
3637 3085 3729 3138 με·

2153 3143 2368 3206 τανοίας
2384 3145 2666 3217 κάθαρσιν,
2686 3151 2847 3203 οἱονεὶ
2877 3151 2987 3224 πῦρ
3016 3155 3346 3209 άναλωτικδν
3369 3157 3729 3230 τῆςσένυπαρ-

2154 3234 2352 3307 χούσης
2393 3236 2524 3308 ὕλης
2559 3239 2667 3292 τῶν
2727 3242 2932 3308 κακῶν,
2980 3246 3323 3316 δεξαμένουςο
3358 3253 3560 3324 γράφει
3603 3255 3729 3317 τοὺς

2153 3327 2442 3392 τοιούτους.
2476 3331 2545 3383 Ἦ
2576 3332 2715 3401 τάχα
2749 3335 2935 3408 ἐπειδὴ
2961 3339 3019 3391 ἐν
3051 3338 3218 3412 βίϐλῳ
3248 3341 3394 3414 ζωῆς
3418 3344 3532 3414 (59)
3591 3347 3731 3419 γρά-

2158 3437 2368 3487 φονται,
2389 3424 2482 3475 καὶ
2513 3427 2626 3487 τοῖς
2645 3425 2872 3492 δικαίοις
2902 3434 3371 3504 συνεγγράφονται
3389 3439 3436 3490 οἱ
3467 3438 3608 3502 ἄξιοι
3632 3441 3731 3494 τοῦ

2157 3513 2500 3584 ἀριθμεῖσθαι
2541 3515 2690 3588 παρά
2745 3519 2846 3590 τῆς
2902 3521 3081 3589 δεξιᾶς
3117 3525 3210 3578 τοῦ
3258 3527 3532 3597 Ὑψίστου,
3581 3531 3732 3597 ἀξιόν

2149 3607 2265 3658 ἐστι
2299 3610 2485 3679 νοῆσαι
2534 3611 2644 3684 (40)
2687 3615 2906 3686 γραφέα
2950 3617 3060 3672 τῶν
3103 3619 3448 3691 σωζομένων,
3498 3641 3733 3680 συνανα-

2147 3697 2492 3768 λαμϐάνοντα
2537 3708 2650 3769 τοῖς
2693 3707 2941 3775 δικαίοις,
3000 3713 3097 3765 καὶ
3132 3715 3614 3782 ἐγκατατάσσοντα
3665 3698 3733 3773 τὰ

2147 3791 2384 3884 όνόματα
2416 3795 2523 3850 τῶν
2541 3799 2974 3872 ἐπιστρεφόντων
3000 3807 3107 3860 ἀπὸ
3135 3807 3243 3860 τῶν
3268 3812 3518 3882 πονηρῶν
3553 3813 3734 3884 ἔργων

2150 3882 2206 3936 ἐν
2231 3887 2294 3954 τῇ
2326 3885 2490 3960 βίϐλῳ
2522 3891 2632 3944 τῶν
2660 3895 2931 3964 οὐρανῶν.
2981 3899 3226 3968 Χαίρετε
3248 3901 3378 3973 γάρ,
3415 3882 3603 3974 φησὶν,
3641 3907 3734 3959 ὅτι

2149 3974 2221 4026 τὰ
2250 3976 2510 4046 ὀνόματα
2555 3983 2723 4052 ὑμῶν
2766 3987 3152 4060 ἐγγέγραπται
3180 3994 3250 4047 ἐν
3276 3995 3398 4062 τοῖς
3427 3999 3730 4065 cepa-rat}.

2154 4066 2311 4120 Ποῖον
2340 4065 2430 4124 οὖν
2463 4075 2676 4129 παιδίον
2709 4080 2768 4131 ἐν
2801 4083 2912 4144 τοῖς
2961 4081 3207 4153 οὐρανοῖς
3236 4087 3467 4157 γράφειν
3514 4090 3585 4143 τά
3615 4091 3733 4144 ὀνό-

2155 4173 2294 4226 ματα
2315 4159 2537 4218 δύναται
2570 4167 2678 4222 τῶν
2716 4171 3040 4244 εὐδοκίμων,
3073 4176 3105 4246 ἢ
3139 4179 3267 4249 περὶ
3295 4172 3356 4232 οὗ
3399 4180 3618 4253 ἐλέχθη,
3648 4185 3733 4236 ὅτι

2151 4249 2397 4342 natator
2432 4255 2721 4328 ἐγεννήθη
2787 4262 2954 4331 ἡμῖν,
3009 4266 3139 4332 υίὸς
3191 4269 3290 4322 καὶ
3329 4249 3521 4340 ἐδόθὴ-
3558 4249 3728 4342 rimis»,

2151 4340 2326 4396 ἐκεῖνο
2346 4345 2408 4398 τὸ
2431 4350 2660 4414 παιδίον,
2683 4351 2711 4404 ὃ
2738 4353 2788 4406 οί
2841 4354 3003 4423 μάγοι
3046 4358 3492 4431 προσεκύνησαν.
3522 4364 3726 4428 ἐκεῖνο,

3069 4487 3089 4504 ··
3114 4489 3244 4530 Luc.
3288 4492 3336 4538 κ,
3370 4477 3460 4530 20.
3535 4479 3584 4511 ⁸⁸
3623 4480 3727 4536 lsa.

2078 4641 2122 4695 D
2153 4654 2391 4730 veterum
2435 4648 3364 4730 librorum.auctoritatemretineri
3391 4677 3549 4730 posse
3579 4666 3728 4721 arbi-

2158 4718 2279 4770 trati
2314 4733 2533 4786 sumus;
2562 4721 2606 4775 si
2635 4723 2803 4792 prius,
2832 4728 3098 4794 quomodo
3117 4727 3265 4784 locus
3287 4718 3486 4802 cori-igi
3511 4718 3728 4798 debeat.

2158 4801 2426 4840 IIIOIIBI'CIII
2435 4806 2514 4845 us.

2229 4857 2340 4946 (56)
2384 4859 2476 4946 Sic
2496 4860 2716 4946 codices
2723 4869 2876 4946 ires.
2932 4866 3035 4920 Alii
3093 4868 3344 4946 tetidem,
3363 4872 3729 4946 καταλειφθῆ-

2153 4943 2272 5008 ναιζ
2286 4931 2692 5008 Ηειίείίςιιιδβει.
2723 4931 2883 5008 Edili,
2927 4931 3467 5008 προκαταληφθῆναι.

2362 5000 2585 5077 Antiqui
2619 5012 2729 5056 tres
2763 5004 2903 5068 libri,
2935 4997 3054 5058 ούόἐ
3081 5009 3118 5077 ὁᾼ
3143 4997 3403 5077 πρέσϐυς.

2227 5065 2588 5156 (58)Ε‹1ί1ἰέξ
2618 5081 2727 5152 tres
2756 5065 3304 5156 ιῐιειι.,’πιστεύεσθαιἶ
3331 5065 3438 5156 ﬁlii
3471 5092 3606 5156 tres,
3635 5087 3728 5156 ἐμ·

2158 5137 2527 5193 πιστεύεσθαι.
2557 5140 2767 5210 Insigne
2817 5137 3177 5201 testimonium
3207 5149 3256 5200 in
3293 5150 3375 5202 his
3398 5137 3727 5210 verbis'co'n-

2158 5210 2314 5286 tineri
2354 5212 2732 5294 arbitramur}
2764 5229 2888 5281 quo,
2922 5218 2966 5270 si
2999 5234 3035 5294 _a
3067 5219 3410 5294 praeiudicata
3434 5227 3584 5278 omni
3613 5229 3727 5294 opi-

2159 5279 2318 5356 nion_e
2353 5279 2486 5332 liber
2521 5283 2593 5335 sit
2621 5279 2853 5356 animus,
2879 5279 3248 5344 confessionis
3278 5291 3604 5350 auricularis
3635 5279 3727 5351 au-

2157 5355 2596 5424 thiiitas__aperte
2635 5355 2848 5419 probari
2880 5359 3067 5424 possit.

2485 5415 2651 5505 nostri
2703 5439 2832 5505 mss:
2868 5415 3070 5505 omnes.
3105 5431 3268 5505 Editi,
3304 5433 3362 5486 ἐν
3394 5432 3565 5505 βίϐλῳ
3591 5433 3725 5499 ζών-

2227 5420 2316 5486 (59
2365 5420 2454 5473 Sic
2485 5424 2651 5474 nostri
2703 5439 2832 5481 mss.
2868 5420 3070 5481 omnes.
3105 5431 3268 5497 Editi,
3304 5433 3320 5486 ἑ

2154 5420 2512 5571 τωνλίιξπάιειιι
2545 5491 2677 5571 Reg.
2712 5495 2921 5571 tertius,
2954 5499 3320 5571 ἐγγράφονται

2179 5625 2190 5636 .
2214 5558 2330 5643 (ιο)
2353 5557 2731 5643 ΔΙΞιΙίιί,νοῆἐιἀι
2764 5557 2926 5643 ἡμᾶς.
2958 5557 3072 5622 Sed
3096 5557 3154 5624 in.
3179 5575 3319 5626 nullo
3354 5575 3541 5629 codice
3575 5589 3722 5643 repe-

2148 5635 2256 5678 rire
2285 5639 2369 5682 est
2394 5645 2577 5713 vocem
2612 5635 2779 5702 ἡμᾶς.
2808 5637 2923 5688 lloo
2965 5656 3058 5702 uso
3097 5643 3147 5695 in
3178 5643 3298 5701 loco
3339 5643 3450 5713 Reg
3510 5635 3716 5702 tertius.

2146 5699 2482 5768 συγγραφέα.
