3810 6214
98 276 186 335 559
901 272 1253 331 COMMENT.
1296 275 1365 332 ΙΝ
1401 275 1636 333 ιεΑιΑΜ

1734 278 2117 339 ROPHETAM.
2157 281 2310 339 CAP.
2351 283 2419 337 Χ.
3200 287 3309 346 560

95 394 117 446 δ
134 391 374 463 κατῆλθεν
397 394 477 460 εἰς
490 396 785 465 Αἴγυπτον,
816 401 910 454 καὶ
929 402 1204 472 ἐπανῆλθε
1250 403 1410 457 πάλιν
1436 405 1515 468 εἰς
1534 404 1634 475 τὴν

1740 404 1847 470 ille,
1876 406 1967 474 qui
1995 406 2273 461 descendit
2299 406 2350 460 in
2380 404 2699 476 Egyptum,
2737 411 2792 461 et
2823 404 2983 461 rediit
3013 405 3209 471 iterum
3246 412 3308 464 in

96 485 181 555 γῆν
202 485 436 556 Ἰσραήλ;
471 488 690 542 Πολλῶν
703 486 795 544 οὖν
826 493 1079 546 ἐπινοιῶν
1098 495 1274 549 οὐσῶν
1302 494 1394 549 τοῦ
1427 497 1632 569 Κυρίου

1738 506 1932 551 terram
1973 498 2136 553 Israel
2162 499 2231 554 ⁸⁷.
2266 497 2452 567 Itaque
2483 499 2731 553 notiones
2761 498 2826 552 de
2856 498 3083 553 Domino
3116 508 3311 556 nostro

94 575 225 646 ἡμῶν
248 577 335 631 καὶ
360 578 616 650 Σωτῆρος
647 582 821 652 Ἰησοῦ
850 583 1088 656 Χριστοῦ
1124 586 1259 654 (41),
1296 587 1355 640 ἐν
1386 590 1503 642 ἐστι
1524 588 1632 643 τῶν

1734 599 1788 643 et
1818 588 2106 644 Servatore
2130 588 2255 644 Jesu
2287 588 2506 644 Christo
2534 590 2718 644 multae
2749 604 2871 643 cum
2897 590 3040 653 sint,
3064 604 3174 643 una
3207 605 3300 646 ea-

95 667 196 719 κατ’
222 668 371 722 αὐτὸν
402 672 709 741 νοουμένων
746 675 841 728 καὶ
871 676 932 729 τὸ
964 678 1176 731 παιδίον
1213 677 1242 731 ὂ
1267 679 1467 749 γράψει
1506 681 1633 744 τοὺς

1734 695 1852 733 rum
1889 690 1941 734 et
1971 680 2061 733 illa
2090 689 2170 735 est
2198 695 2212 733 :
2241 695 2374 749 puer
2401 689 2518 746 est,
2561 680 2649 749 qui
2684 681 2932 735 inscribit
2965 695 3058 735 eos
3087 681 3179 750 qui
3206 694 3306 752 per

95 757 483 828 προσεχομένους
512 760 607 815 διὰ
657 764 753 833 τῆς
788 765 1076 835 μετανοίας
1117 769 1184 838 τῇ
1224 768 1317 820 τοῦ
1342 768 1476 825 Θεοῦ
1511 771 1633 823 ἐπι-

1734 771 2103 840 ρωηίιεηιὶιιιη
2140 772 2205 826 ad
2238 772 2334 826 Dei
2364 772 2728 842 cognitionem
2758 771 3048 827 accedunt.

95 864 281 915 γνωσει.

148 980 254 1035 245.
300 981 408 1087 [ςαι
452 982 631 1038 ἔσται
677 986 749 1040 ἐν
790 987 867 1055 τῇ
925 988 1117 1057 ἡμέρᾳ
1160 989 1381 1059 ἐκείνῃ,
1434 992 1632 1046 οὐκέτι

1803 1014 1966 1087 566
2002 1014 2127 1070 245.
2167 1015 2334 1070 Vens.
2361 1015 2452 1078 eo,
2490 1015 2580 1070 ει.
2617 1012 2685 1068 E:
2740 1018 2837 1070 erit
2868 1018 2924 1070 in
2950 976 3035 1071 die
3055 1016 3167 1084 illa,
3192 1035 3281 1072 no.

95 1070 525 1140 προστεθήσεται
563 1074 632 1128 τό
662 1077 1058 1146 καταλειφθὲν
1088 1079 1193 1132 τοῦ
1235 1079 1498 1149 Ἰσραὴλ,
1533 1081 1631 1135 καὶ

1734 1106 1870 1159 ultra
1898 1108 2180 1175 adjicietnr
2210 1107 2476 1159 residuum
2507 1103 2697 1169 Israel,
2730 1116 2776 1159 et
2813 1109 2901 1173 qui
2943 1108 3074 1161 salvi
3104 1109 3277 1178 fuerit:

96 1164 140 1214 al
184 1163 458 1231 σωθέντες
514 1167 625 1220 τοῦ
658 1168 868 1222 Ἰακὼϐ
907 1171 1109 1224 οὐκέτι
1152 1172 1238 1242 μὴ
1286 1177 1630 1242 πεποιθότες

106 1194 462 1268 ς-υωξκςιδιξ
672 1194 859 1268 ¹⁶ξκω⁰
907 1194 1109 1268 om“?
1152 1194 1238 1268 μη
1286 1194 1630 1268 ῗίεπφίίῗοτες
1732 1211 1796 1248 ea:
1835 1195 1998 1248 Jacob
2047 1212 2149 1249 non
2193 1195 2333 1249 ultra
2374 1196 2623 1264 ﬁduciam
2671 1194 2928 1249 habebunt
2964 1196 3018 1249 in
3050 1196 3157 1250 illis
3205 1213 3274 1266 qu

95 1253 217 1305 ὦσιν
252 1253 343 1306 ἐπὶ
370 1255 514 1322 τοὺς
557 1256 966 1327 ἀδικήσαντας
1012 1263 1250 1330 αὐτοὺς,
1285 1266 1421 1319 ἀλλ’
1452 1267 1628 1320 ἔσον-

1734 1285 1871 1349 ipsos
1908 1286 2108 1355 injuria
2149 1286 2468 1355 a/I'ecerunt;
2510 1288 2598 1340 sed
2639 1287 2891 1355 ﬁduciam
2930 1287 3190 1342 habebunt
3240 1290 3302 1342 in

96 1358 172 1394 ται
198 1348 531 1412 πεποιθότες
572 1347 672 1401 ἐπὶ
704 1350 810 1403 τὸν
839 1351 987 1405 Θεὸν
1021 1354 1128 1406 τὸν
1164 1354 1333 1424 ἅγιον
1359 1357 1463 1410 τοῦ
1510 1358 1626 1410 ’10-

1734 1375 1840 1431 Deo
1879 1386 2060 1428 sancto
2093 1375 2262 1428 Israel
2292 1376 2349 1428 in
2377 1379 2614 1429 veritate.
2650 1373 2715 1426 Et
2754 1376 2854 1428 erit
2886 1376 3150 1428 residuum
3193 1375 3296 1428 Ja-

90 1436 223 1505 ραῆλ
265 1436 337 1507 τῆ
370 1440 645 1509 ἀληθείᾳ.
703 1443 815 1496 Καὶ
872 1444 1047 1499 ἔσται
1105 1448 1172 1500 τὸ
1234 1450 1630 1519 καταλειφθὲν

1734 1462 1823 1517 cob
1856 1465 1908 1516 in
1948 1461 2113 1516 Deum
2142 1462 2347 1531 fortem.
2391 1462 2512 1515 Haec
2542 1461 2744 1529 liquido
2778 1462 3088 1515 referuntur
3113 1462 3178 1513 ad
3203 1476 3301 1515 eos

94 1531 179 1584 τοῦ
236 1533 434 1587 Ἰακὼϐ
482 1534 587 1588 ἐπὶ
651 1536 798 1590 Θεὸν
852 1540 1161 1607 ἰσχύοντα.
1220 1542 1413 1610 Σαφῶς
1458 1542 1629 1596 ταῦτα

1734 1555 1821 1623 qui
1862 1569 1920 1609 se
1955 1556 2022 1608 ab
2067 1570 2229 1622 opere
2274 1569 2438 1623 pravo
2474 1553 2796 1609 submovent
2841 1561 2894 1606 et
2945 1567 3096 1620 spem
3139 1567 3300 1607 suam

96 1622 167 1674 ἐπὶ
220 1625 335 1688 τοὺς
393 1626 805 1698 ἀφισταμένους
866 1632 966 1701 τῆς
1026 1635 1268 1704 πονηρᾶς
1330 1636 1624 1706 ἐργασίας,

1734 1647 2064 1700 transferunt
2096 1648 2146 1699 in
2180 1646 2346 1700 Deum
2377 1644 2662 1698 viventem.
2698 1644 2986 1700 Enimvero
3016 1660 3137 1699 cum
3173 1660 3299 1712 pec-

95 1715 167 1764 καὶ
225 1716 607 1784 μετατιθέντας
662 1719 755 1772 ἐπὶ
824 1721 955 1775 Θεὸν
1020 1723 1197 1787 ζῶντα
1257 1725 1356 1796 τὴν
1422 1727 1628 1781 ἑαυτῶν

1734 1755 1938 1803 camus,
1977 1738 2220 1792 hostibus
2254 1737 2595 1806 adiungimus
2621 1752 2719 1791 nos
2752 1739 2915 1806 ipsos,
2946 1746 3000 1791 et
3026 1739 3077 1791 in
3109 1737 3175 1792 iis
3204 1739 3297 1807 qui

92 1804 266 1870 ἐλπίδα,
309 1809 404 1879 τὴν
444 1810 727 1882 ἀναφορὰν
779 1812 909 1884 ἔχει.
968 1815 1377 1886 Προστιθέμεθα
1425 1818 1481 1870 δὲ
1520 1820 1626 1889 (49.)

1734 1830 1888 1885 nobis
1923 1829 2172 1897 iniuriam
2208 1828 2464 1893 inferunt,
2513 1831 2763 1883 fiduciam
2802 1814 3134 1899 reponimus.
3178 1832 3300 1886 Cir-

92 1899 130 1950 oi
157 1900 533 1971 ἁμαρτάνοντες
547 1906 667 1967 τοῖς
698 1904 1000 1975 πολεμίοις,
1037 1907 1133 1960 καὶ
1163 1908 1504 1979 πεποίθαμεν
1538 1912 1630 1965 ἐπὶ

1734 1923 1839 1975 cuit
1873 1921 2150 1990 improbus
2176 1920 2395 1991 quidam
2427 1922 2726 1975 daemonum
2755 1923 3049 1990 exercitus,
3082 1923 3174 1993 qui
3202 1940 3298 1977 vo-

94 1994 182 2054 τοῖς
200 1992 455 2048 ἀδικοῦσιν
478 1997 651 2065 ἡμᾶς.
696 1997 835 2067 Πονη
846 1997 935 2068 ρός
958 2015 1042 2062 τις
1072 2000 1422 2071 περιέρχεται
1443 2001 1630 2072 δαιμό-

1734 2014 1950 2083 luptatis
1990 2013 2256 2066 illecebris
2294 2012 2504 2067 animas
2542 2022 2756 2067 nostras
2786 2024 3016 2068 evertat.
3058 2015 3153 2070 llis
3190 2017 3292 2071 ad-

97 2101 177 2135 νων
222 2087 452 2157 στρατὸς,
477 2087 570 2142 διὰ
608 2087 718 2141 τῶν
749 2088 852 2159 τῆς
884 2088 1077 2160 ἡδονῆς
1104 2089 1487 2162 δελεασμάτων
1528 2094 1629 2159 τὰς

1734 2102 2022 2172 iungimur,
2049 2102 2268 2169 perinde
2292 2112 2349 2156 ut
2377 2104 2526 2171 pueri
2554 2105 2714 2158 rudes
2741 2119 2803 2158 ac
2833 2105 3067 2174 imperiti
3100 2107 3297 2175 adiun-

93 2175 387 2249 ψυχᾶςήμῶν
412 2181 944 2253 καταστρεφόμενος.
971 2182 1193 2247 Τούτοις
1226 2185 1624 2254 προστιθέντες,

1734 2203 1859 2264 gunt
1888 2209 1944 2247 se
1972 2193 2265 2264 plagiariis,
2297 2195 2386 2262 qui
2419 2196 2727 2263 crepundiis
2756 2197 3075 2266 quibusdam
3107 2209 3294 2253 osten-

95 2268 244 2342 ὥσπερ
272 2273 449 2337 παῖδες
466 2274 691 2347 ἀνόητοι
719 2278 831 2338 τοῖς
858 2274 1331 2347 ἀνδραποδισταῖς,
1367 2278 1417 2330 οἲ
1442 2278 1629 2332 πολλά-

1734 2285 1803 2340 sis
1834 2284 2145 2354 plerumque
2187 2299 2383 2353 pueros
2413 2287 2695 2355 decepere,
2731 2297 2787 2341 et
2817 2288 3000 2356 procul
3030 2303 3059 2342 a
3101 2305 3296 2358 paren-

94 2377 159 2425 κις
192 2364 399 2432 παίγνιά
439 2384 561 2420 τινα
599 2367 824 2421 παιδικὰ
871 2367 1250 2438 προδείξαντες
1279 2366 1627 2440 ἐξηπάτησαν

1734 2385 1838 2430 tum
1887 2376 2058 2431 oculis
2087 2368 2367 2441 abductos},
2399 2392 2494 2446 per
2532 2379 2748 2432 brevem
2784 2380 3201 2436 oblectationem
3240 2384 3293 2435 in

93 2455 192 2519 τοὺς
228 2457 424 2521 παῖδας,
452 2460 548 2511 καὶ
601 2460 788 2529 πόρρω
829 2461 1160 2530 ποιήσαντες
1196 2458 1303 2512 τῶν
1332 2460 1626 2530 ὀφθαλμῶν

1734 2484 1969 2521 amaram
2015 2479 2325 2536 pertraxere
2349 2469 2664 2523 servitutem
2733 2470 3112 2541 Adiunguntur
3132 2474 3296 2545 igitur

92 2544 175 2599 τῶν
199 2549 477 2619 πατρικῶν,
503 2550 596 2604 διὰ
625 2553 725 2622 τῆς
752 2552 810 2603 ἐν
831 2551 995 2621 ὀλίγῳ
1022 2550 1265 2622 τέρψεως
1297 2552 1499 2622 πικρὰν
1530 2553 1627 2605 αὐ-

1734 2567 1778 2611 et
1812 2560 1883 2611 illi
1925 2574 1983 2613 se
2028 2559 2221 2629 iniuria
2255 2561 2642 2626 aﬂicientibns;
2699 2576 2798 2615 nos
2844 2577 3059 2633 quoque
3102 2544 3169 2619 ad
3199 2579 3298 2620 vo-

94 2638 179 2702 τοῖς
205 2643 597 2696 κατεσκεύασαν
635 2643 900 2696 δουλείαν.
944 2641 1333 2713 Προστιθὲντες
1384 2640 1494 2712 (45)
1532 2639 1624 2697 οὖν

1734 2651 1940 2719 luptatis
1978 2651 2196 2705 illicium
2240 2663 2473 2705 mentem
2519 2653 2879 2721 appellentes,
2932 2655 3294 2726 nosmetipsos

94 2732 289 2785 κάκεῖνοι
309 2738 417 2799 τοῖς
441 2735 713 2800 ἀδικοῦσι,
739 2737 831 2788 καὶ
859 2736 1020 2807 ἡμεῖς
1057 2733 1136 2805 τῷ
1169 2733 1495 2803 δελεάσματι
1526 2735 1623 2805 τῆς

1734 2754 1880 2808 quam
1914 2740 2226 2807 longissime
2256 2742 2604 2795 snbducimns
2631 2757 2658 2794 a
2707 2743 2836 2805 Dec,
2866 2760 2929 2797 ac
2958 2760 3055 2799 nos
3080 2747 3293 2801 acerba

94 2822 244 2893 ἡδονῆς
264 2827 635 2899 προσέχοντες,
675 2827 1023 2899 μακρύνομεν
1052 2827 1278 2890 ἑαυτοὺς
1319 2826 1426 2880 ἀπὸ
1464 2826 1620 2887 Θεοῦ,

1734 2833 2372 2887 inexorabilisdmmonis
2430 2834 2698 2904 tyrannidi
2764 2834 3138 2901 subiicimus:
3193 2837 3287 2906 qui

94 2910 165 2960 καὶ
187 2916 240 2983 τῇ
289 2913 475 2987 βαρείᾳ
502 2917 782 2988 τυραννίδι
820 2916 917 2968 τοῦ
965 2917 1338 2987 ἀπαραιτήτου
1370 2915 1622 2986 δαίμονος

1734 2941 1840 2979 :tnn
1884 2927 1952 2979 sit
1984 2924 2089 2994 igni
2128 2934 2331 2979 :eternn
2370 2925 2646 2988 addictus,
2696 2926 2877 2993 plures
2921 2926 3170 2995 supplicii
3200 2926 3286 2980 sui

97 3001 275 3068 ἑαυτοὺς
296 3008 690 3079 ὑποϐάλλομεψ
709 3009 767 3073 ὃς
799 3009 985 3080 ἐπειδὴ
1035 3010 1365 3082 κατάκριτός
1395 3012 1510 3063 ἐστι
1540 3010 1618 3080 τῷ

1734 3015 1897 3068 socios
1925 3015 2127 3068 habere
2171 3024 2412 3068 conatur.
2453 3014 2636 3082 Itaque
2667 3018 2730 3068 de
2763 3017 2827 3068 iis
2870 3031 3007 3084 quos
3049 3017 3280 3087 pmnitet

94 3092 255 3164 αίωνίῳ
277 3100 416 3169 πυρὶ,
448 3100 682 3164 πολλοὺς
716 3099 1012 3170 φιλονεικεῖ
1048 3100 1191 3171 ἔχειν
1227 3101 1354 3165 τοὺς
1411 3118 1615 3170 συγκα-
1645 3093 1654 3134 ¹

1734 3104 1859 3157 nale
1885 3113 2147 3167 actorum,
2175 3103 2326 3167 dicit,
2358 3103 2498 3169 quod
2535 3102 2565 3153 ii
2604 3103 2691 3169 qui
2729 3103 2896 3156 relicti
2922 3113 2975 3156 et
2999 3085 3131 3155 salvi
3164 3104 3284 3158 iue-

95 3183 489 3259 ταδικαζομένους
522 3189 698 3261 αὐτῷ.
733 3191 869 3261 Περὶ
916 3186 1010 3244 οὖν
1058 3190 1168 3243 τῶν
1218 3190 1616 3262 μετανοούντων

1734 3196 1850 3262 rint,
1892 3209 1996 3247 non
2026 3192 2135 3261 iam
2179 3192 2411 3260 amplius
2445 3191 2821 3260 adiunguntur,
2858 3207 2957 3246 nec
2996 3192 3049 3246 in
3094 3192 3161 3247 iis
3190 3194 3283 3261 qui

97 3277 250 3345 φησὶν,
271 3281 345 3334 ὅτι
368 3284 549 3338 οὐκέτι
590 3284 1050 3353 προστεθήσονται
1084 3286 1133 3337 oi
1170 3284 1618 3354 καταλειφθέντες

1741 3301 1772 3338 n
1802 3299 1859 3339 se
1890 3283 2139 3354 iniuriam
2167 3283 2430 3352 iecerint,
2464 3296 2611 3349 spem
2642 3296 2792 3334 suam
2840 3282 3105 3336 collucent
3127 3323 3142 3346 ,
3192 3283 3287 3337 sed

98 3367 168 3417 ul.
187 3368 226 3420 oi
255 3371 527 3441 σωθέντες,
560 3374 688 3427 οὐδὲ
732 3375 805 3446 μὴ
835 3374 1199 3429 ἐπελπίσωσιν
1239 3376 1348 3446 (44)
1375 3377 1466 3429 ἐπὶ
1492 3378 1618 3441 τοὺς

1734 3375 1828 3428 Deo
1857 3383 2044 3427 sancto
2076 3372 2236 3427 Israel
2287 3372 2337 3425 in
2376 3373 2603 3425 veritate
2647 3372 2938 3425 conﬁdant.
2973 3372 3168 3427 Beatus
3198 3372 3289 3426 ille

101 3455 425 3531 ἀδικήσαντας,
460 3466 582 3520 ἀλλ’
638 3465 850 3520 ἔσονται
884 3466 1204 3530 πεποιθότες
1234 3467 1325 3520 ἐπὶ
1365 3467 1457 3521 τὸν
1483 3467 1616 3521 Θεὺν

1734 3476 1820 3529 ξεί,
1841 3465 1954 3535 qui,
1977 3466 2121 3518 omni
2147 3478 2243 3533 spe
2264 3478 2442 3517 rerum
2470 3467 2859 3515 mundanarum
2880 3479 2908 3515 a
2932 3478 2991 3516 se
3012 3464 3282 3531 submota,

100 3545 167 3602 τὸν
188 3552 317 3620 ἆγιον
342 3556 432 3609 τοῦ
470 3558 694 3629 Ἰσραὴλ
723 3559 788 3629 τῇ
829 3558 1075 3629 ἀληθείᾳ.
1106 3558 1410 3631 Μακάριος,
1451 3559 1480 3611 ὁ
1513 3558 1617 3611 πά-

1734 3558 1932 3611 micam
1961 3570 2108 3625 spem
2140 3570 2292 3609 suam
2343 3554 2394 3607 in
2443 3554 2606 3607 Deum
2650 3554 2878 3608 confert.
2925 3554 3286 3621 Quemadmo-

103 3654 176 3709 σης
198 3643 381 3712 ἐλπίδος
406 3648 512 3705 τῶν
534 3649 682 3703 κατὰ
709 3650 802 3702 τὸν
822 3650 1025 3720 κόσμον
1050 3651 1237 3704 τοῦτον
1266 3651 1457 3704 ἐαυτὸν
1481 3652 1615 3704 ἀπο-

1734 3648 1841 3701 lum
1882 3648 2023 3701 enim
2066 3645 2379 3700 Maledictus
2410 3656 2483 3698 est
2515 3647 2692 3711 homo,
2734 3646 2824 3715 qui
2855 3662 2994 3713 spem
3035 3646 3185 3699 habet
3229 3649 3291 3701 in

102 3733 279 3802 στήσας,
315 3741 402 3793 καὶ
431 3743 599 3813 μόνην
619 3741 757 3811 ἔχων
780 3742 971 3795 ἑαυτοῦ
990 3742 1178 3796 ἐλπίδα
1205 3742 1294 3795 τὸν
1324 3742 1432 3813 (45)
1458 3742 1611 3796 Θεόν.

1734 3739 1925 3794 homine
1953 3739 2000 3771 ⁸⁸
2035 3757 2047 3792 :
2080 3739 2150 3792 ita
2180 3737 2497 3792 benedictus
2513 3746 2616 3800 est,
2642 3738 2730 3806 qui
2761 3738 3011 3791 innititur
3036 3738 3280 3795 Domino.

110 3825 177 3888 ἀς
199 3829 290 3901 γὰρ
334 3832 787 3901 Ἐπικατάρατος
818 3833 1142 3902 ἅνθρωπος,
1177 3834 1243 3900 ὃς
1266 3833 1380 3902 τὴν
1400 3834 1615 3888 ἐλπίδα

1734 3830 1916 3886 Verum
1942 3845 2010 3884 ne
2044 3828 2408 3898 perfunctorie
2443 3827 2712 3882 transilias
2737 3842 2856 3896 quae
2879 3828 3280 3897 subiunguntur

103 3915 195 3986 ἔχει
217 3922 294 3974 ἐπ’
319 3923 644 3994 ἄνθρωπον·
676 3924 848 3988 οὕτως
893 3924 1253 3995 εὐλογημένος
1278 3925 1305 3976 ὁ
1332 3927 1614 3997 ἐπιστηρι-

1734 3926 1879 3978 ret'ba
1912 3940 1925 3974 :
1957 3918 2235 3972 Fiduciam
2283 3919 2447 3982 enim,
2499 3917 2674 3986 inquit
2701 3959 2715 3983 ,
2758 3916 3014 3970 habebunt
3063 3918 3119 3970 in
3172 3918 3283 3973 Deo

103 4004 280 4077 ξάμενος
328 4015 401 4087 τῷ
429 4016 638 4087 Κυρίῳ.
670 4015 760 4087 Μὴ
814 4014 995 4086 μέντοι
1036 4014 1220 4086 ἀργῶς
1246 4015 1613 4088 παραδράμῃς

1734 4026 1894 4070 :anrlo
1936 4012 2107 4067 Israel
2142 4013 2198 4065 in
2236 4011 2472 4064 veritate.
2517 4012 2652 4078 Spes
2682 4010 2823 4063 enim
2876 4011 2927 4063 in
2964 4009 3077 4063 Deo
3110 4011 3283 4079 posita

102 4098 175 4171 τὴν
223 4106 533 4179 προσθήκην.
576 4109 853 4160 Ἔσονται
882 4106 1011 4177 γὰρ,
1053 4107 1207 4176 φησὶ,
1269 4109 1614 4182 πεποιθότες

1734 4104 1957 4156 tlternas
1996 4099 2141 4153 vices
2187 4115 2292 4152 non
2326 4098 2597 4162 admittit,
2630 4112 2730 4152 nec
2762 4097 3018 4152 Dominus
3055 4100 3287 4155 sustinet

102 4188 175 4243 ixi
205 4194 296 4248 τὸν
318 4198 453 4252 Θεὸν
476 4199 588 4253 τὸν
618 4198 788 4268 ἅγιον
806 4197 911 4251 τοῦ
953 4196 1201 4265 Ἰσραὴλ
1233 4196 1308 4267 τῇ
1340 4199 1609 4266 ἀληθείᾳ.

1739 4204 1979 4262 utegram
2008 4206 2158 4244 suam
2190 4205 2345 4258 Opem
2384 4191 2430 4242 ei
2468 4190 2630 4254 ferre,
2667 4190 2757 4258 qui
2789 4190 2945 4243 modo
2974 4191 3191 4259 quidem
3223 4193 3278 4247 in

103 4284 157 4334 0'3
176 4285 264 4357 γὰρ
286 4289 579 4361 ἐπιδέχεται
612 4289 1089 4360 ἐπαμφοτερισμὸν
1115 4291 1148 4360 ἡ
1183 4291 1260 4353 εἰς
1290 4289 1420 4343 Θεὸν
1437 4289 1609 4353 ἐλπὶς,

1734 4285 1979 4348 >ερυιιὶὶε,
2012 4291 2066 4337 et
2094 4284 2146 4336 in
2182 4282 2350 4350 gloria
2394 4281 2628 4335 humana
2669 4292 2832 4351 atque
2865 4283 2920 4336 in
2960 4283 3144 4337 mundi
3179 4298 3281 4353 po-

103 4376 193 4430 οὐδὲ
217 4382 540 4456 καταδέχεται
578 4385 606 4436 ὁ
645 4382 848 4453 Κύριος
872 4381 1165 4453 ὁλόκληρον
1188 4381 1287 4452 τὴν
1319 4383 1448 4450 παρ’
1483 4383 1610 4435 ἐαυ-
1644 4419 1654 4474 1

1734 4386 1911 4431 estate
1939 4391 2086 4444 spem
2118 4390 2268 4431 suam
2294 4374 2594 4441 constituit,
2628 4376 2785 4430 modo
2810 4390 2937 4431 vero
2970 4376 3135 4431 Deum
3167 4386 3283 4430 tan-

104 4468 173 4521 τοῦ
195 4475 422 4546 παρέχειν
474 4476 726 4548 βοήθειαν
754 4473 831 4545 τῷ
887 4473 1018 4526 ποτὲ
1059 4474 1156 4544 μὲν
1204 4473 1297 4525 ἐπὶ
1334 4474 1611 4544 χρήμασιν
1644 4467 1654 4474 ’

1734 4486 1878 4542 luam
1908 4484 2057 4538 Spem
2095 4468 2195 4522 sibi
2226 4467 2475 4537 proponit
2507 4484 2522 4520 :
2554 4469 2649 4522 sed
2682 4476 2894 4536 oportet
2935 4477 2994 4522 ut
3052 4483 3179 4523 vere
3226 4470 3280 4524 in

107 4559 326 4630 ὴλπικὸτι,
354 4569 438 4621 καὶ
461 4569 587 4639 δόξῃ
628 4564 943 4636 ἀνθρωπίνῃ
986 4565 1079 4617 καὶ
1122 4564 1344 4634 δυνάμει
1376 4567 1442 4636 τῇ
1472 4564 1615 4618 κατὰ

1734 4563 1810 4616 )ei
1843 4559 2046 4614 auxilio
2079 4557 2510 4628 conquiescat”.
2536 4555 2602 4611 Et
2634 4558 2757 4622 erit,
2788 4557 2981 4626 inquit,
3011 4559 3279 4612 residuum

106 4652 280 4724 κόσμον,
305 4662 424 4714 ποτὲ
472 4663 529 4716 δέ
557 4661 717 4715 αὐτὸν
755 4660 830 4723 ὡς
877 4657 1065 4711 ἐλπίδα
1097 4657 1289 4710 ἐαυτοῦ
1330 4656 1442 4728 (46)
1483 4673 1615 4728 προ-

1734 4651 1879 4705 lacob
1906 4652 1959 4703 in
1992 4650 2158 4703 Deum
2199 4648 2406 4717 fortem.
2447 4646 2571 4702 Haec
2600 4647 2886 4718 perspicue
2921 4648 2986 4702 ad
3021 4663 3114 4703 eas
3149 4650 3276 4704 reli-

108 4741 377 4821 5Ilkopévtp'
432 4751 567 4805 ἀλλὰ
611 4751 694 4804 δεῖ
739 4748 1009 4820 ἀληθινῶς
1046 4746 1496 4801 ἐπαναπαύεσθαι
1544 4750 1611 4818 τῇ

1734 4744 1871 4812 [uias
1895 4758 2030 4811 quas
2048 4739 2335 4809 Apostolus
2362 4739 2619 4808 reliquias
2642 4740 2935 4794 secundum
2957 4739 3277 4794 electionem

110 4834 222 4903 παρὰ
243 4839 322 4892 τοῦ
350 4840 476 4894 Θεοῦ
507 4839 747 4912 βοηθείᾳ.
771 4839 878 4893 Καὶ
909 4838 1102 4902 ἔσται,
1134 4838 1287 4908 φησὶ.
1331 4837 1399 4891 τὸ
1436 4854 1616 4890 aeaea-

1734 4833 1899 4903 ;ratia:
1948 4839 2138 4888 vocat.
2185 4830 2516 4895 referuntur,
2552 4829 2629 4885 uti
2658 4829 2825 4884 verba
2855 4829 3137 4899 sequentia
3175 4829 3277 4885 de-

106 4922 299 4989 λε¹ὲ⁵θὲν
338 4929 465 4999 τοῦ⁸
492 4931 690 4987 Ἰακὼϐ
722 4929 819 4983 ἐπὶ
861 4926 1010 4982 Θεὸν
1061 4927 1366 4995 ἰσχύοντα.
1417 4924 1612 4994 Σαφῶς
1715 4925 1942 4997 clarant.

159 5115 193 5147 "
215 5120 377 5182 Μιιιιι.
406 5145 465 5188 tt.
493 5130 553 5183 ll
592 5145 713 5201 sqq.
791 5128 959 5183 “Jer.
994 5143 1129 5193 xm,
1161 5126 1215 5179 5.
1291 5125 1509 5179 "Rom.
1544 5140 1620 5190 τι,
1647 5124 1702 5181 5.

159 5334 247 5427 i“)
267 5339 425 5424 θρόει
450 5366 607 5427 Iulus.
628 5351 721 5427 τρβ
747 5349 953 5427 Κνρίου
973 5345 1129 5427 ἡμῶν
1162 5342 1334 5427 “Introit
1362 5337 1596 5427 Χριστοῦ

1734 5335 1951 5392 ίθενται.

1773 5408 1815 5427 Il
1833 5407 1877 5427 ιχ
1927 5406 1951 5427 l'

108 5403 423 5491 καῖἔίωτῇρος
450 5403 882 5477 νΘεοξίΝγεοίίιι
930 5403 1097 5491 inulto
1144 5403 1261 5485 post
1304 5403 1595 5491 mest-15s.,

1769 5407 1891 5491 (fdi
1927 5406 2415 5491 Codicegnomnes‘,
2454 5406 2575 5491 ορδέ
2618 5405 2697 5491 μὴ
2744 5403 3125 5491 ἐφελπίσωσιν,
3172 5410 3268 5463 aut
3352 5408 3357 5413 ”

283 5474 952 5568 «pamulae»:-
980 5489 1082 5541 Αιίί
1109 5474 1455 5554 demessa
1474 5481 1600 5542 τοὺς
1698 5474 2271 5568 “eaeeae-Eii}:
2293 5475 2412 5568 οῑδὲὲ
2440 5474 2981 5568 ιέῂέτεὲὶῖξξῖοιέῖξγς
3038 5527 3130 5568 ..._»

110 5546 525 5626 πῳσερχομένούςξ
638 5546 649 5565 ⁸
672 5546 704 5564 ’⁸
738 5546 751 5563 ⁸
913 5546 928 5554 ’
1226 5546 1234 5550 ⁷
1268 5546 1307 5554 ’”
1380 5546 1391 5553 ’
1768 5546 1880 5618 (45)
1914 5546 2061 5602 Unus
2087 5561 2152 5601 co
2174 5548 2278 5605 lex,
2319 5546 2412 5598 ἐπὶ
2444 5546 2555 5600 τόν.
2610 5547 2810 5601 Ibidem
2846 5546 2998 5629 editi,
3038 5547 3267 5604 Ἐπικα-

161 5621 251 5686 (ιὲ)
276 5625 354 5678 Sic
381 5644 500 5683 mss.
533 5633 725 5686 nostri.
756 5630 893 5685 Editi
928 5644 1075 5686 vero.
1100 5627 1229 5686 γάρ.
1696 5618 1942 5686 τάρατος-
1962 5615 2167 5686 ἀνὴρ...
2202 5615 2361 5684 ἔχων.
2396 5617 2464 5667 At
2494 5631 2629 5686 mss.
2679 5630 2772 5672 sex
2802 5625 2881 5672 uti
2913 5630 2967 5673 In
2998 5630 3262 5675 contextu

161 5621 251 5746 αξξ
274 5621 354 5678 διὸ
381 5621 500 5683 mss.
533 5633 725 5687 nostri.
756 5630 893 5685 Editi
928 5644 1075 5693 vero,
1100 5627 1229 5699 γάρ.
1696 5621 1929 5688 τάρατος
1962 5621 2167 5687 ἀνὴρ...
2194 5621 2361 5698 ἐχων.
2396 5621 2464 5667 At
2494 5631 2629 5697 mss.

162 5687 232 5758 (ιο
279 5695 471 5768 Antiqui
493 5716 582 5758 sex
612 5702 754 5766 libri,
777 5699 1184 5774 Προστιθέντες.
1233 5694 1392 5765 Editi,
1425 5691 1599 5767 Προσ-
1768 5686 1877 5759 (46)
1912 5684 2093 5775 codex
2119 5696 2354 5756 quidam,
2390 5686 2583 5755 ἐαυτῳ.
