3810 6214
477 266 578 327 551

1426 266 1771 324 Αρρειιοιχ
1808 266 2097 326 OPERUM
2136 267 2195 324 ε.
2235 264 2483 324 BASILII
2522 244 2756 324 usam.

3639 271 3733 328 55!

476 389 650 443 ταῦτα
703 387 796 442 ἐπὶ
840 386 901 442 τὸ
960 386 1112 459 παρὰ
1139 384 1235 441 τοῦ
1302 389 1625 444 Ἀποστόλου
1671 391 2065 464 ὠνομασμένον
2102 391 2309 461 λεῖμμα
2341 389 2465 444 κατ’
2492 389 2726 463 ἐκλογὴν
2787 389 3009 461 χάριτος
3041 372 3140 459 τὴν
3182 389 3463 461 ἀναφορὰν
3495 388 3639 462 ἔχει,
3668 392 3735 457 ὡς

475 479 627 552 δηλοῖ
646 478 713 534 τὰ
738 478 958 549 ἑφεξῆς.

548 570 677 626 246.
736 568 901 624 Vsus.
926 567 1019 637 22,
1036 567 1126 624 95.
1148 566 1217 623 Et
1233 570 1279 623 si
1290 569 1685 641 fueritpopulus
1705 570 1877 626 Israel
1891 572 2037 641 quasi

2212 568 2338 624 246.
2362 567 2473 622 Kal
2519 564 2629 620 ἐὰν
2655 564 2898 635 γένηται
2918 567 2951 619 ὀ
2988 563 3138 630 λαὸς
3183 564 3423 633 Ἰσραὴλ
3459 564 3547 633 ὡς
3572 569 3613 635 ἡ
3639 568 3736 638 ἀμ-

477 677 639 717 arena
678 661 837 715 maris
865 700 879 722 ,
916 661 1154 731 reliquiae
1188 677 1367 715 eorum
1409 662 1775 717 salvabuntur.
1821 661 2045 717 Verbum

474 754 613 808 enim
654 767 1058 817 consummans,
1097 760 1149 805 et
1189 752 1491 807 abbrevians
1525 754 1581 806 in
1627 753 1836 818 iustitia
1861 768 1880 804 :
1919 754 2046 824 quia

475 843 684 897 verbum
708 841 1065 896 abbreviatum
1090 841 1247 910 faciet
1278 842 1534 896 Dominus
1557 844 1611 895 in
1642 853 1749 896 toto
1779 853 2042 896 terrarum

475 935 617 989 orbe.
647 934 836 990 Paucis
860 935 1184 991 dictionibus
1211 936 1535 1000 immutatis,
1560 935 1920 1005 Apostolusin
1950 949 2046 990 sua

475 1025 543 1079 ad
592 1024 870 1081 Romanos
924 1025 1167 1095 Epistula
1216 1041 1348 1081 usus
1401 1036 1485 1081 est
1527 1027 1631 1081 hac
1671 1028 1940 1081 sententia
1974 1027 2043 1081 ⁹⁰.

474 1115 628 1183 Quod
657 1117 702 1173 si
733 1117 998 1188 quispiam
1038 1132 1256 1173 causam
1295 1129 1521 1189 quaerat,
1554 1135 1652 1173 cur
1675 1120 1782 1174 alia
1821 1120 2045 1191 quidem

474 1213 899 1282 praetermiserit,
932 1212 1034 1267 alia
1063 1220 1191 1267 Vero
1225 1215 1523 1268 immutarit
1549 1215 1875 1284 Apostolus;
1906 1214 2045 1271 illud

475 1300 704 1364 noverit,
726 1314 874 1361 eum.
907 1313 1027 1353 cum
1053 1298 1309 1355 Hebraeus
1332 1311 1495 1367 esset,
1520 1318 1579 1358 se
1602 1304 1667 1357 iis
1695 1304 2044 1372 editionibus,

474 1390 671 1459 quibus
712 1405 809 1446 nos
847 1391 1067 1455 utimur,
1114 1393 1388 1449 serviliter
1428 1409 1535 1450 non
1574 1395 1849 1453 addixisse
1890 1402 1902 1428 ί
1950 1398 2046 1453 sed

473 1494 599 1533 cum
650 1481 974 1535 sententiam
1029 1481 1264 1552 aliquam
1315 1484 1787 1555 interpretaretur,
1832 1499 1894 1544 ut
1941 1491 2043 1546 sibi

476 1571 625 1626 venit
649 1570 703 1626 in
729 1581 984 1639 mentem,
1013 1572 1086 1626 ita
1110 1574 1430 1630 reddidisse.
1461 1576 1529 1631 Et
1552 1579 1771 1647 quidem
1795 1580 2048 1635 videntur

473 1661 638 1716 etiam
684 1660 988 1732 olii.potius
1029 1663 1311 1733 astipulari
1359 1667 1674 1735 apostolicae
1715 1670 2043 1740 interpreta-

475 1754 627 1810 tioni.
658 1754 795 1810 Dicti
845 1765 1023 1811 autem
1056 1755 1215 1825 hujus
1247 1756 1292 1812 is
1337 1772 1530 1815 sensus
1558 1771 1664 1816 est.
1717 1762 1929 1817 Dictum
1961 1774 2046 1819 est

473 1859 658 1916 supra,
687 1844 925 1901 futurum
954 1862 1073 1903 esse
1089 1857 1149 1903 ut
1172 1862 1302 1918 puer
1322 1863 1416 1905 eos
1447 1850 1729 1916 inscribat,
1766 1852 1926 1926 567
1950 1856 2039 1924 qui

2142 679 2259 731 μσς
2314 660 2425 728 τῆς
2463 658 2807 725 θαλάσσης,
2866 657 2935 711 τὸ
2983 656 3355 727 κατάλειμμα
3392 658 3600 714 αὐτῶν
3631 676 3736 714 σω-

2147 753 2413 820 θήσεται.
2465 753 2659 821 Λόγον
2703 750 2817 820 γὰρ
2855 747 3169 804 συντελῶν
3218 749 3320 803 καὶ
3382 751 3735 819 συντέμνων

2144 845 2214 897 ἐν
2241 844 2615 911 δικαιοσύνῃ,
2647 842 2735 895 ὅτι
2764 842 2951 911 λόγιον
2978 840 3469 911 συντετμημένον
3495 841 3735 909 ποιήσει

2148 938 2361 1005 Κύριος
2387 937 2456 989 ἐν
2482 934 2556 1005 τῇ
2577 934 2894 1003 οἰκουμένῃ
2939 932 3075 1002 ὅλῃ.
3112 932 3333 1003 ὐλίγας
3365 933 3544 1001 λέξεις
3579 952 3735 1005 μετα·

2144 1028 2335 1092 τιθεὶς,
2380 1025 2556 1098 τούτῳ
2590 1025 2669 1097 τῷ
2719 1024 2869 1096 ῥητῷ
2898 1024 3011 1096 (47)
3052 1026 3110 1079 ἐν
3144 1028 3211 1097 τῇ
3245 1025 3383 1097 πρὸς
3426 1026 3732 1097 Ῥωμαίους

2162 1120 2450 1191 Ἐπιστολῇ
2484 1121 2513 1173 ὁ
2557 1117 2882 1182 ’Λπόστολος
2923 1119 3312 1188 συνεχρήσατοι
3360 1117 3487 1172 Ἐὰν
3542 1119 3605 1173 δέ
3654 1136 3731 1184 τις

2147 1211 2378 1283 ἐπιζητῇ
2422 1212 2525 1283 τὴν
2559 1212 2739 1266 αἰτίαν
2786 1211 2853 1263 δι’
2880 1209 2949 1280 ἣν
2969 1209 3039 1262 τὰ
3070 1210 3168 1280 μὲν
3194 1211 3434 1281 παρῆκε,
3461 1211 3534 1264 τὰ
3574 1211 3634 1265 δὲ
3659 1213 3733 1266 ὲν-

2146 1303 2373 1375 ήλλαξεν
2392 1304 2422 1356 ὁ
2460 1302 2800 1367 Ἀπόστολος’
2834 1303 3011 1356 ἐκεῖνο
3039 1303 3729 1375 γινωσκέτω,ὃτιΈ6ραῖος

2146 1393 2222 1448 ὢν
2252 1395 2353 1449 οὐκ
2406 1394 2690 1449 ἐδούλευσε
2722 1397 2845 1458 ταῖς
2877 1394 3177 1455 ὲκδόσεσιν,
3224 1387 3314 1457 αἷς
3343 1396 3508 1466 ἡμεῖς
3540 1412 3729 1465 συγκεο

2146 1488 2420 1560 χρήμεθα,
2453 1489 2567 1542 ἀλλ’
2594 1488 2937 1560 ἑρμηνεύσας
2968 1487 3028 1540 τὸ
3061 1489 3247 1558 ῥητὸν,
3291 1487 3367 1552 ὡς
3405 1487 3561 1559 αύτῷ
3596 1507 3728 1561 παρ.

2147 1580 2299 1652 έστη,
2325 1580 2500 1644 οὕτως
2529 1581 2815 1634 ἐκδέδωκε.
2847 1581 2954 1633 Καὶ
2979 1580 3397 1655 γὰρφαίνονται
3432 1580 3531 1635 καὶ
3562 1583 3613 1634 οἱ
3642 1581 3729 1634 άλ-

2146 1674 2227 1727 λοι
2255 1673 2453 1744 μᾶλλον
2485 1672 2881 1744 συνδραμόντες
2906 1675 2971 1743 τῇ
2995 1670 3325 1743 ἀποστολικῇ
3357 1672 3634 1744 διηγήσει.
3671 1671 3726 1726 'H

2151 1764 2333 1835 μέντοι
2362 1762 2570 1816 διάνοια
2601 1761 2696 1815 τοῦ
2742 1762 2907 1833 ῥητοῦ
2947 1761 3169 1833 τοιαύτη
3200 1761 3366 1815 ἐστίν.
3399 1764 3550 1816 Ἀνω
3580 1762 3727 1834 εἴρη-

2147 1872 2257 1917 ται,
2291 1855 2371 1908 ὅτι
2398 1854 2493 1908 καὶ
2522 1854 2730 1907 παιδίον
2766 1852 2965 1925 γράψει
2997 1854 3122 1916 τοὺς
3163 1852 3599 1924 διασωζομένους
3623 1852 3726 1907 ἀπὸ

472 1940 605 1994 salvi
648 1948 706 1995 et
749 1939 1048 1996 incolumes
1095 1939 1225 1994 facti
1261 1939 1466 1996 fuerint
1494 1958 1524 1996 a
1559 1919 1805 2014 peccato:
1830 1919 2037 2011 Rem-0,

2144 1947 2241 2015 τῆς
2280 1945 2572 2015 ἁμαρτίας.
2642 1919 2903 1996 Ἐνταύθα
2946 1942 3132 2013 μηδεὶς
3168 1919 3510 2012 θαυμαζέτω,
3542 1942 3724 2011 φησὶν,

473 2030 667 2100 inquit,
696 2030 785 2086 hic
827 2032 1074 2097 miretur,
1112 2032 1158 2087 si
1202 2032 1269 2087 ad
1297 2047 1500 2101 paucos
1546 2038 1828 2107 redigatur
1859 2049 2043 2093 tantus

471 2122 749 2178 lsraelitici
780 2122 959 2195 populi
991 2138 1268 2179 numerus.
1312 2125 1642 2182 Multitudiui
1692 2144 1760 2182 ne
1787 2130 2042 2185 attendas

470 2227 693 2279 eorum,
734 2214 825 2284 qui
862 2213 957 2269 Dei
985 2214 1223 2270 cultores
1264 2226 1571 2272 vocantur:
1603 2219 2042 2289 quandoquidem

470 2303 670 2361 Christi
700 2306 919 2361 nomine
947 2304 1319 2377 insigniuntur
1346 2308 1523 2374 multi,
1547 2311 1643 2364 sed
1676 2309 1727 2363 in
1764 2311 1951 2379 paucis
1979 2311 2033 2365 id

472 2397 813 2467 cognominis
874 2398 1253 2452 constabilitur
1304 2414 1529 2469 operum
1593 2401 1923 2455 testimonio.
1983 2401 2042 2455 Si

469 2486 629 2555 fuerit
664 2488 888 2558 populus
928 2486 1099 2543 Israel
1139 2491 1293 2559 quasi
1347 2507 1509 2545 arena
1554 2493 1756 2558 maris,
1807 2493 2043 2563 reliquid:

469 2593 648 2631 corum
677 2577 1033 2632 salvabuntur.
1084 2578 1298 2647 Dictum
1352 2580 1569 2651 quidem
1619 2590 1705 2637 est
1750 2583 1816 2638 de
1862 2585 2043 2653 priore

472 2668 686 2739 populo,
723 2670 866 2739 quod
896 2671 996 2723 sita
1024 2686 1129 2726 non
1158 2672 1230 2726 sit
1266 2672 1413 2727 salus
1449 2673 1504 2728 in
1538 2673 1884 2730 multitudine
1905 2715 1921 2740 ,
1946 2675 2040 2731 sed

470 2761 525 2813 in
563 2759 839 2830 reliquiis,
871 2775 991 2830 qua:
1023 2761 1316 2816 secundum
1357 2743 1676 2818 electionem
1718 2765 1907 2834 gratiae
1945 2781 2039 2820 sa-

469 2848 636 2906 lutem
664 2863 1084 2922 consequuntur.
1116 2853 1319 2924 Ecquis
1354 2865 1533 2910 autem
1563 2865 1647 2911 est
1671 2857 1862 2913 salutis
1890 2859 2039 2913 obti-

470 2941 659 2997 nenda:
699 2942 920 2997 modus?
958 2943 1019 3000 Si
1064 2948 1308 3013 verbum,
1353 2946 1563 3017 inquit,
1614 2964 1939 3005 consummes
1988 2961 2040 3005 et

471 3032 731 3088 abbrevies
776 3033 831 3089 in
868 3032 1103 3103 justitia.
1158 3034 1260 3102 Qui
1307 3036 1452 3091 enim
1498 3046 1664 3093 totam
1710 3040 2037 3110 scripturam

471 3120 700 3191 legalem
763 3136 829 3176 ac
881 3123 1267 3193 pr0phelarum
1340 3126 1654 3181 sanctiones
1710 3132 2038 3199 compendio

2145 2038 2193 2089 εἰ
2225 2037 2305 2098 εἰς
2333 2035 2548 2103 ὀλίγους
2580 2034 2966 2105 περιστήσεται
3005 2035 3033 2086 ὁ
3064 2032 3319 2096 τοσοῦτος
3355 2032 3592 2104 ἀριθμὸς
3632 2030 3721 2085 τοῦ

2156 2127 2391 2198 Ἰσραῆλ.
2554 2125 2789 2195 πρόσεχε
2835 2122 2913 2193 τῷ
2950 2122 3143 2194 πλήθει
3174 2122 3281 2175 τῶν
3309 2122 3720 2194 ὀνομαζομένων

2144 2216 2428 2271 Θεοσεϐὦν·
2476 2215 2597 2269 ἐπεὶ
2638 2215 2853 2278 πολλοῖς
2897 2215 2957 2267 τὸ
2986 2214 3157 2284 ὄνομα
3192 2212 3286 2265 τοῦ
3331 2212 3591 2284 Χριστοῦ,
3625 2212 3720 2264 ὀλί-

2143 2325 2259 2377 γοις
2281 2308 2337 2361 δὲ
2365 2310 2398 2379 ἡ
2435 2307 2543 2360 τῶν
2574 2306 2750 2377 ἔργων
2783 2305 3057 2377 μαρτυρία
3094 2304 3298 2375 βεὸαῖοι
3332 2303 3430 2373 τὴν
3450 2319 3717 2374 προσηγο-

2145 2400 2287 2473 ρίαν.
2330 2398 2465 2451 Ἐὰν
2487 2397 2727 2468 γένηται
2787 2398 2820 2450 ὁ
2862 2395 3013 2461 λαὸς
3052 2394 3289 2463 Ἰσραὴλ
3326 2395 3407 2460 ὡς
3443 2396 3482 2462 ἡ
3535 2394 3717 2463 ἄμμος

2142 2492 2253 2560 τῆς
2272 2490 2610 2559 θαλάσσης,
2636 2489 2700 2542 τὸ
2731 2486 3102 2557 κατάλειμμα
3130 2486 3329 2543 αὐτῶν
3362 2487 3713 2555 σωθήσεται.

2142 2586 2371 2657 Εἴρηται
2396 2583 2494 2654 μὲν
2519 2582 2647 2654 περὶ
2679 2580 2787 2652 (48)
2817 2578 2910 2634 τοῦ
2935 2579 3200 2651 προτέρου
3228 2576 3378 2641 λαοῦ,
3411 2578 3495 2631 ὅτι
3525 2578 3623 2631 οὐκ
3661 2577 3714 2630 ἐν

2142 2674 2221 2745 τῷ
2250 2674 2444 2745 πλήθει
2471 2673 2617 2726 ἐστὶν
2652 2675 2684 2743 ή
2719 2671 2983 2741 σωτηρία,
3016 2670 3131 2724 ἀλλ’
3158 2671 3215 2722 ὲν
3246 2667 3325 2739 τῷ
3355 2668 3615 2740 λείμματι
3643 2667 3713 2738 τῷ

2142 2764 2262 2818 κατ’
2291 2763 2520 2835 ὲκλογὴν
2543 2763 2763 2834 χάριτος
2786 2759 3095 2831 σωζομένῳ.
3136 2760 3230 2823 Τίς
3261 2758 3316 2811 δὲ
3342 2760 3370 2811 ὁ
3395 2760 3597 2830 τρόπος
3626 2757 3714 2827 τῆς

2144 2855 2448 2926 σωτηρίας;
2491 2854 2615 2906 Ὅτι
2645 2852 2853 2922 λόγον,
2879 2850 3032 2921 φησὶ,
3073 2847 3390 2903 συντελῶν
3423 2849 3525 2901 καὶ
3579 2864 3714 2901 συν-

2140 2948 2368 3015 τέμνων
2409 2946 2478 2999 ὲν
2532 2944 2907 3012 δικαιοσύνῃ.
2950 2945 3008 2997 '0
3056 2942 3163 3015 γὰρ
3212 2941 3332 2996 ὅλον
3374 2942 3437 2995 τὸ
3465 2942 3715 3014 χάραγμα

2139 3037 2200 3089 τὸ
2231 3037 2341 3107 (49)
2379 3036 2602 3107 νομικὸν
2636 3036 2732 3089 καὶ
2768 3034 2866 3107 τὴν
2900 3033 3242 3106 προφητικὴν
3273 3032 3522 3098 διάταξιν
3575 3034 3629 3086 ἐν
3654 3033 3709 3101 τῇ

2143 3128 2475 3201 βραχυλογίᾳ
2510 3128 2603 3182 τοῦ
2639 3126 2969 3198 Εύαγγελίου
3004 3124 3332 3198 περιλαὸὼν,
3360 3128 3456 3180 καὶ
3498 3124 3712 3198 ἐργαζό-

468 3214 740 3283 Evangelii
767 3215 1188 3285 circumscribit,
1225 3233 1289 3273 ac
1318 3217 1646 3274 documenta
1677 3222 1893 3289 perlicit
1934 3222 2035 3279 sibi

2143 3238 2303 3291 μενος
2350 3219 2410 3271 τὸ
2438 3220 2591 3293 παρὰ
2621 3219 2715 3273 τοῦ
2755 3220 2962 3292 Κυρίου
3007 3219 3155 3289 αύτῷ
3197 3217 3535 3289 ὑποδειχθὲν,
3572 3212 3712 3277 οὗτος

468 3320 500 3360 ι
530 3304 755 3360 Domino
791 3308 1004 3374 tradita,
1050 3309 1140 3366 hic
1171 3310 1355 3365 salvus
1384 3312 1511 3366 erit.
1536 3311 1730 3382 Diliges
1757 3314 1901 3368 enim
1934 3315 2039 3369 Do-

469 3401 668 3453 minum
705 3397 869 3452 Deum
897 3408 1069 3468 tuum,
1106 3411 1154 3455 et
1177 3401 1367 3472 diliges
1398 3405 1698 3472 proximum
1724 3417 1873 3459 tuum
1903 3407 2037 3460 sicut

468 3503 515 3545 te
546 3492 737 3560 ipsum.
771 3489 840 3544 In
872 3489 951 3545 his
981 3492 1184 3546 duobus
1212 3493 1474 3547 mandatis
1508 3495 1751 3549 universa
1788 3496 1875 3550 lea:
1911 3514 2038 3566 pen-

468 3581 575 3647 det,
610 3589 658 3634 et
682 3580 946 3649 propheta:
970 3582 1039 3635 “.
1073 3581 1174 3647 Qui
1215 3580 1381 3650 igitur
1423 3583 1636 3652 perlicit
1691 3589 1949 3649 verbum,
1983 3596 2038 3641 et

470 3670 536 3725 ad
562 3680 743 3726 actum
781 3672 996 3739 redigit,
1032 3671 1193 3740 idque
1225 3673 1455 3737 breviat,
1486 3689 1550 3728 ac
1582 3674 1751 3743 ipsius
1789 3676 2036 3731 latitudi-

470 3777 594 3816 nem
626 3764 678 3816 in
709 3761 893 3831 paucis
931 3761 1211 3830 praeceptis
1251 3762 1413 3815 veluti
1450 3764 1500 3815 iu
1534 3778 1742 3816 summa
1790 3779 2039 3834 c0mpreo

469 3854 677 3921 hendtt,
708 3853 797 3907 ille
825 3853 941 3922 ipse
966 3864 1051 3908 est
1085 3854 1358 3908 residuum
1391 3864 1685 3908 servatum.
1715 3854 1927 3920 Omnia,
1955 3856 2037 3910 itt-

468 3944 620 4012 quit,
661 3959 977 4014 quacunque
1018 3942 1174 3997 vultis
1224 3952 1278 3997 ut
1323 3943 1520 4013 faciant
1576 3944 1718 3999 vobis
1764 3946 2034 4013 homines,

458 4037 621 4106 juxta
669 4034 778 4089 haec
828 4045 878 4088 et
926 4051 1012 4087 vos
1046 4034 1204 4103 facite
1234 4035 1358 4089 illis.
1406 4035 1535 4089 Illac
1574 4048 1650 4091 est
1695 4038 1832 4090 enim
1868 4039 1951 4092 (ex
1987 4048 2036 4092 et

466 4127 727 4198 propheta:
752 4127 821 4181 θ’.
871 4125 1031 4180 Vides
1084 4126 1135 4179 in
1176 4126 1275 4179 hac
1326 4128 1558 4182 naturali
1600 4130 1818 4183 notione
1866 4139 2034 4184 totum

466 4220 689 4274 verbum
719 4227 1148 4272 consummatum
1195 4226 1249 4270 et
1290 4217 1663 4273 abbreviatum
1702 4222 1753 4274 in
1779 4223 2027 4291 justitia,

468 4309 607 4375 Quia
630 4309 836 4362 verbum
861 4305 1211 4360 abbreviatum
1242 4306 1399 4376 faciet
1429 4307 1685 4364 Dominus
1709 4312 1761 4365 in
1797 4322 1905 4366 toto
1928 4324 2035 4367 ter-

467 4415 646 4453 rarum
671 4399 811 4454 orbe.
846 4396 988 4451 Dixit
1017 4395 1231 4466 quidem
1255 4397 1543 4468 Apostolus
1572 4417 1586 4452 :
1628 4398 1813 4454 Faciet
1843 4399 2031 4456 Domi-

467 4506 563 4546 nus
589 4506 742 4560 super
767 4499 961 4543 terram
982 4504 1003 4543 :
1032 4504 1261 4559 quocum
1287 4491 1634 4544 consentiunt
1664 4491 2030 4562 Sytmnachus

2142 3310 2464 3381 σωθήσεται.
2510 3309 2867 3380 Ἀγαπήσεις
2896 3312 3004 3382 γὰρ
3037 3311 3254 3377 Κύριον
3269 3308 3376 3362 τὸν
3401 3308 3557 3361 Θεόν
3585 3320 3711 3367 σου.

2139 3405 2237 3457 καὶ
2256 3402 2594 3474 ἀγαπήσεις
2652 3403 2760 3457 τὸν
2798 3402 3067 3470 πλησίον
3125 3416 3241 3455 σου
3298 3399 3379 3465 ὡς
3437 3399 3710 3453 σεαυτόν.

2152 3494 2248 3547 Ἐν
2295 3495 2539 3557 ταύταις
2569 3492 2696 3559 ταῖς
2728 3491 2913 3547 δυσὶν
2951 3491 3228 3555 ἐντολαῖς
3274 3489 3417 3554 ὅλος
3471 3493 3511 3543 ό
3541 3490 3712 3558 νόμος

2138 3585 2440 3655 κρέμαται,
2469 3586 2564 3639 καὶ
2587 3591 2639 3639 οι
2666 3585 2965 3655 προφῆται
2992 3584 3121 3654 (50).
3149 3572 3208 3635 Ὃ
3231 3578 3322 3636 οὖν
3337 3582 3607 3635 συντελῶν
3629 3581 3711 3633 τὸν

2138 3675 2314 3743 λόγον,
2365 3678 2393 3728 ὁ
2442 3678 2521 3739 εἰς
2554 3676 2712 3745 ἔργον
2749 3676 2915 3743 ἄγων,
2949 3674 3043 3728 καὶ
3078 3673 3388 3744 συντέμνων
3414 3673 3603 3739 αὐτὸν,
3628 3669 3712 3723 καὶ

2138 3768 2296 3820 οἱονεὶ
2346 3769 2911 3839 συγκεφαλαιούμενος
2952 3767 3114 3820 αὐτοῦ
3173 3767 3233 3819 τὸ
3280 3766 3480 3829 πλάτος
3525 3767 3583 3820 ὲν
3606 3766 3711 3826 ταῖς

2140 3856 2506 3927 βραχυτάταις
2548 3857 2807 3921 ἐντολαῖς·
2848 3851 3000 3920 οὗτός
3028 3859 3141 3909 ἐστι
3173 3856 3235 3908 τὸ
3277 3855 3631 3927 κατάλειμμα
3656 3853 3711 3905 τὸ

2140 3945 2465 4015 σωζόμενον.
2514 3943 2747 4005 Πάντα,
2800 3947 2996 4015 φησιν,
3059 3944 3174 3998 ὅσα
3227 3942 3305 3998 ἂν
3343 3943 3562 4012 θέλητε
3621 3945 3710 3998 ἵνα

2138 4036 2389 4090 ποιῶσιν
2414 4037 2554 4106 ὑμῖν
2583 4039 2635 4090 οἱ
2660 4036 2973 4104 ἅνθρωποι,
2994 4037 3141 4089 κατὰ
3163 4036 3234 4088 τὰ
3255 4035 3407 4089 αὐτὰ
3428 4037 3535 4091 καὶ
3556 4034 3710 4107 ὑμεῖς

2137 4128 2356 4182 ποιεῖτε
2395 4128 2620 4193 αὐτοῖς.
2666 4124 2855 4191 Οὗτος
2896 4125 3007 4197 γάρ
3027 4127 3197 4180 ἐστιν
3226 4131 3258 4180 ό
3300 4129 3485 4196 νόμος
3524 4129 3620 4181 καὶ
3660 4128 3707 4177 cl

2138 4219 2452 4289 προμῆται.
2491 4220 2653 4293 Ὁρᾷς
2676 4222 2733 4273 ὲν
2762 4222 2828 4290 τῇ
2862 4222 3063 4289 φυσικῇ
3086 4220 3263 4290 ἐννοίᾳ
3293 4220 3411 4272 ὅλον
3439 4221 3536 4273 τὸν
3563 4220 3705 4286 λόγον

2139 4311 2555 4382 συντελούμενον
2605 4312 2699 4365 καὶ
2756 4311 3179 4382 συντεμνόμενον
3241 4313 3298 4363 ὲν
3352 4310 3662 4380 δικαιοσύνῃ
3690 4326 3701 4338 ’

2138 4404 2269 4457 Ὅτι
2297 4405 2484 4473 λόγον
2510 4402 2999 4473 συντετμημένον
3031 4402 3269 4470 ποιήσει
3295 4403 3516 4471 Κύριος
3541 4405 3609 4458 ἐν
3638 4399 3702 4468 τῇ

2137 4493 2452 4565 οἰκουμένῃ
2470 4495 2581 4563 ὅλῃ
2607 4494 2741 4563 (Si).
2759 4494 2816 4547 Ὀ
2836 4495 3016 4565 μέντυι
3031 4494 3347 4558 Ἀπόστολος
3377 4490 3521 4547 εἷπε.⁸
3537 4493 3700 4557 Ποιή-

464 4594 519 4639 et
548 4582 875 4638 Theodotio:
903 4581 969 4636 In
994 4582 1165 4635 medio
1195 4582 1353 4634 totius
1381 4590 1553 4634 terra.
1584 4581 1854 4652 Quidquid
1885 4586 2029 4639 enim

2142 4605 2230 4642 σει
2268 4590 2480 4656 Κύριος
2508 4588 2608 4642 ἐπὶ
2634 4588 2743 4657 τῆς
2778 4586 2912 4659 γῆς.
2940 4586 3255 4659 Συμφὼνως
3291 4587 3348 4641 δὲ
3383 4588 3538 4659 αύτῷ
3568 4588 3699 4655 Σύμ-

465 4677 520 4732 in
539 4674 653 4746 lege
672 4682 756 4730 est
775 4674 1068 4729 observata
1089 4670 1306 4728 diliicile
1322 4682 1374 4728 et
1399 4674 1649 4735 arduum,
1671 4689 1735 4727 ne
1763 4676 1998 4745 tetigeris
2014 4717 2030 4742 ,

466 4783 640 4838 neque
685 4767 1013 4840 gustaveris,
1067 4780 1240 4836 neque
1281 4768 1840 4823 conitrectaveris’3-9’
1872 4787 1886 4824 :
1914 4785 2034 4839 quae

463 4861 753 4917 constituta
796 4868 920 4914 suut
948 4858 1014 4912 de
1041 4855 1212 4923 festis,
1246 4857 1310 4911 de
1346 4858 1556 4921 diebus,
1586 4859 1653 4913 de
1675 4861 2028 4929 holocaustis,

463 4953 529 5008 de
553 4952 865 5022 purgatione
884 4965 947 5005 ac
973 4948 1383 5020 propitiatione;
1426 4950 1607 5005 omnia
1638 4952 1869 5007 collecta
1900 4962 2029 5009 sunt

2141 4697 2313 4750 μαχος
2346 4681 2439 4734 καὶ
2471 4679 2783 4734 Θεοδοτίων·
2849 4681 2945 4733 Ἐν
2986 4679 3154 4749 μέσῳ
3182 4680 3385 4746 πάσης
3421 4679 3535 4749 τῆς
3577 4677 3694 4749 γῆς.

2138 4770 2211 4821 Τὸ
2241 4770 2349 4842 γὰρ
2405 4770 2890 4842 δυσπαρατήρητον
2920 4768 3014 4823 τοῦ
3069 4769 3233 4849 νόμου
3264 4770 3339 4841 μὴ
3384 4769 3521 4842 ἅψῃ,
3575 4768 3696 4841 μηδὲ

2137 4860 2332 4934 γεύσῃ,
2363 4862 2495 4934 μηδὲ
2521 4862 2699 4934 Θίγῃς·
2719 4865 2776 4917 αἱ
2811 4862 2939 4933 περὶ
2961 4861 3163 4933 ἑορτῶν
3182 4861 3470 4926 διατάξεις·
3506 4865 3560 4916 al
3583 4858 3696 4929 περὶ

2138 4954 2380 5025 ἡμερῶνο
2417 4956 2473 5007 αἱ
2517 4955 2646 5025 περὶ
2676 4953 3142 5023 ὁλοκαυτωμάτων
3184 4952 3317 5023 (ξεν
3351 4955 3407 5005 αἱ
3447 4954 3572 5025 περὶ
3606 4968 3699 5006 κα·

531 5114 578 5146 ”
604 5113 762 5170 Rom.
788 5132 865 5183 ιι,
887 5115 977 5181 27,
1002 5115 1093 5172 28.
1166 5114 1208 5146 ⁹¹
1252 5110 1436 5166 Matth.
1481 5126 1610 5176 χχιι,
1637 5111 1739 5176 57,
1766 5111 1855 5169 40.
1933 5113 1978 5144 ⁹¹
2014 5114 2037 5167 i‘

2142 5156 2144 5166 ,
2218 5115 2338 5149 ’Μ’
2369 5115 2556 5171 Matth.
2585 5132 2682 5183 vn,
2716 5116 2801 5170 £2.

533 5276 762 5350 (l7)_Sic
789 5293 918 5350 mss.
968 5279 1136 5335 nostri
1163 5290 1370 5333 omnes.
1412 5275 1573 5341 Editi,
1618 5276 1874 5348 μεταθεὶς
1901 5279 2027 5333 τού-

458 5348 886 5422 ποιέεοῦρητοῦε

530 5415 643 5491 (ιε)
671 5414 891 5492 Antiqui
928 5433 1023 5475 sex
1063 5417 1205 5483 libri,
1250 5415 1404 5489 περί.
1452 5414 1616 5481 Editi,
1647 5416 1762 5484 ιπι,
1812 5433 1919 5474 non
1953 5419 2027 5474 ita

460 5498 626 5542 recte.

532 5557 643 5630 (49)
676 5557 836 5630 Editi,
883 5555 1253 5630 xaptopanu‘t
1293 5554 1376 5611 τό.
1420 5556 1490 5630 At
1540 5564 1648 5630 tres
1702 5573 1848 5630 mss.
1891 5560 2023 5615 sim-

457 5625 688 5700 pliciter,
719 5625 1064 5700 χάρισματός
1092 5626 1201 5700 Alii
1254 5635 1380 5700 tres,
1413 5625 1480 5700 to
1505 5626 1765 5699 χάραγμα
1792 5629 1875 5683 τό.

529 5695 641 5768 (50)
667 5695 896 5769 Antiqui
918 5709 1025 5754 tres
1048 5696 1193 5765 libri,
1218 5696 1379 5767 νόμος
1401 5695 1567 5750 καιοί
1580 5695 1862 5770 προφῆται
1896 5699 2019 5773 ιιρέ⁴

1806 5992 1821 6023 Ι

2209 5299 2352 5337 νται.

2130 5298 2352 5424 mgf)"
2377 5349 2541 5415 Editi,
2588 5353 2656 5423 τῇ
2684 5347 2979 5424 οἰκουμένῃ
3017 5348 3135 5424 ὅλῃ.
3169 5346 3275 5403 Sed
3315 5346 3418 5403 hoc
3452 5344 3569 5403 loco
3591 5348 3684 5400 vos

2124 5420 2313 5495 6min
2348 5429 2482 5495 mss.
2510 5420 2714 5495 nostris
2743 5420 2853 5495 non
2878 5420 3172 5495 invertitur.

2193 5480 2313 5563 ’(52)
2347 5491 2510 5563 Editi,
2538 5490 2647 5545 τῶν
2668 5491 2938 5563 ἑορτῶν...
2958 5488 3064 5542 τῶν
3089 5487 3571 5559 ὁλοκαυτωμάτων.

2125 5556 2315 5619 vocem
2342 5559 2475 5623 τῶν,
2505 5563 2648 5629 quod
2682 5556 2963 5615 in'uost-ris
2998 5573 3090 5612 sex
3134 5573 3265 5615 mss.
3300 5556 3410 5614 non
3440 5556 3689 5628 reperire-

2127 5647 2236 5696 tur.
2270 5635 2322 5690 in
2357 5632 2739 5701 utroquejoco
2766 5630 3082 5687 delevimus.
