3810 6214
168 229 268 286 553
852 226 1211 283 COMMENT.
1254 225 1325 283 IN
1361 226 1601 287 ISAIAM
1635 226 1749 282 Ρῐὶ(

1862 226 2081 284 lETAM.
2119 228 2276 285 CAP.
2317 229 2388 284 XI
2427 229 2517 286 ET
2560 228 2680 287 ΧΠ.
3317 230 3427 289 55⁵

169 345 421 418 θάρσεως·
448 346 508 399 ai
553 344 681 417 περὶ
708 345 957 417 ἱλασμοῦ*
996 347 1176 402 πάντα
1216 346 1526 420 συνετμήθη
1571 349 1651 410 είς
1679 345 1743 398 ἒν

1866 364 1896 401 n
1928 362 2089 401 unam
2119 363 2384 404 summam
2412 348 2631 405 brevem
2670 347 2994 420 facilemque
3023 348 3334 417 observatu,
3361 338 3428 406 ιιι

170 436 446 506 κεφάλαιον
499 435 677 507 βραχὺ
703 437 797 490 καὶ
842 438 1315 510 εὐπαρατήρητον,
1355 439 1431 502 ὼς
1474 437 1742 509 μηδεμίαν

1867 439 1954 492 illa
1996 440 2082 501 iis,
2111 441 2201 509 qui
2249 455 2312 493 ex
2369 443 2682 511 pra-scripto
2730 439 3012 512 Evangelii
3066 457 3174 504 non
3213 442 3426 513 vivunt,

172 527 426 597 πρόφασιν
463 526 851 581 ὑπολείπεσθαι
878 531 993 592 τοῖς
1027 530 1104 601 μὴ
1141 529 1578 602 πολιτευομένοις
1602 529 1746 583 κατά

1862 531 2125 587 excusatio
2152 533 2405 603 supersit.

170 614 226 668 τὸ
251 614 581 683 [εὐαγγέλιον

772 862 1175 920 ENARRATIO
1212 863 1282 918 IN
1319 817 1625 931 metior
1665 862 1849 920 LOCA
1881 863 1955 922 xx
1993 864 2083 922 ET
2124 865 2221 923 xu
2259 865 2539 924 CAPITIS
2576 866 2806 925 ιεΑιΑε.

1765 1033 1835 1050 .-

242 1159 364 1213 247.
396 1158 514 1211 Καὶ
542 1160 719 1213 ἔσται
747 1160 817 1213 ὲν
838 1157 912 1229 τῇ
942 1158 1130 1229 ἡμέρᾳ
1156 1143 1358 1231 ἐπείγῃ
1390 1164 1427 1231 ἠ
1457 1162 1593 1231 ῥίζα
1645 1162 1749 1216 τοῦ

1934 1164 2061 1218 247.
2108 1162 2297 1235 (Vens.
2361 1158 2487 1229 £0.)
2532 1157 2593 1212 Et
2643 1159 2738 1213 erit
2765 1160 2821 1213 in
2845 1157 2930 1211 die
2957 1157 3051 1211 illa
3073 1157 3230 1213 rudia:
3252 1156 3426 1229 Iesse,

185 1249 419 1317 Ἰεσσαὶ,
450 1251 556 1305 καὶ
588 1254 621 1305 ό
646 1251 1045 1322 ἀνιστάμενος
1070 1252 1289 1322 ἄρχειν
1312 1254 1524 1309 ἐθνῶν.
1554 1255 1658 1308 Τὸν
1688 1256 1749 1308 ὲκ

1862 1269 1896 1310 ξι
1918 1258 2007 1327 qui
2040 1255 2298 1323 exsurgit,
2341 1262 2397 1306 ut
2436 1253 2650 1322 imperet
2677 1251 2938 1321 gentibus.
2974 1248 3152 1304 Verba
3186 1250 3301 1306 hinc
3326 1268 3427 1306 uo-

175 1340 468 1411 σπέρματος
505 1341 677 1396 Δαϐὶδ
720 1342 955 1415 Χριστὸν
1000 1342 1412 1413 εὐαγγελίζεται
1444 1348 1576 1417 ἡμῖν
1611 1349 1639 1400 ὁ
1660 1347 1749 1400 λό·

1862 1348 1938 1401 his
1971 1347 2252 1401 Christum
2302 1345 2630 1397 annuntiaut
2660 1356 2725 1395 ex
2763 1341 2980 1395 Davidis
3005 1340 3212 1397 semine
3236 1342 3424 1396 oriun-

174 1446 274 1498 γος.
328 1432 415 1498 Ἐν
440 1432 555 1505 γὰρ
612 1437 678 1505 τῇ
731 1433 914 1506 ἡμέρᾳ
964 1435 1171 1507 ἐκείνῃ,
1205 1437 1485 1490 τουτέστιν
1518 1438 1749 1492 ἐπὶτῶν

1862 1437 1999 1490 ium.
2036 1435 2330 1489 Enimvero
2356 1434 2409 1487 in
2445 1434 2532 1486 die
2571 1432 2683 1498 illa,
2712 1432 2815 1486 hoc
2836 1440 2941 1495 est,
2973 1431 3025 1485 in
3054 1440 3295 1502 tempore
3313 1434 3427 1503 jam

176 1521 325 1575 πάλαι
360 1525 799 1595 προωρισμένων
829 1526 1038 1597 καιρῶν
1063 1526 1201 1598 (55),
1229 1529 1324 1583 καὶ
1350 1531 1407 1583 ὲν
1423 1528 1501 1601 τῷ
1526 1530 1747 1600 προδια-

1862 1528 2059 1598 pridem
2114 1526 2420 1595 praestituto
2443 1539 2509 1578 ac
2557 1523 2846 1593 prmﬁnito,
2901 1523 3009 1577 erit
3051 1524 3209 1578 radix
3246 1523 3425 1581 Jesse.

174 1615 475 1686 τεταγμένῳ
504 1617 688 1688 χρόνῳ
718 1618 872 1672 ἔσται
911 1621 944 1690 ή
983 1620 1110 1692 ῥίζα
1147 1620 1240 1673 τοῦ
1292 1622 1510 1677 Ἰεσσαί.
1551 1623 1742 1676 Ἀλλα-

1862 1618 1988 1671 Alibi
2016 1618 2234 1688 quidem
2267 1616 2398 1671 dicit
2424 1617 2633 1685 virgam
2671 1631 2735 1667 ex
2771 1614 2954 1669 radice
2981 1629 3101 1670 esse
3124 1615 3427 1681 orituram,

176 1706 260 1779 χοῦ
289 1707 385 1779 μὲν
412 1709 615 1779 ῥάϐδον
665 1709 815 1778 λέγει
859 1711 924 1764 ἐκ
958 1711 1061 1780 τῆς
1115 1710 1274 1783 ῥίζης
1304 1711 1606 1773 ἁνατελεῖν,
1654 1712 1748 1764 καὶ

1862 1722 1903 1764 3t
1937 1709 2122 1764 ﬂorem
2157 1725 2222 1764 ex
2257 1709 2438 1763 radice
2466 1706 2619 1762 Jesse
2653 1721 3043 1771 escensurum,
3082 1710 3163 1763 sic
3191 1717 3249 1763 ut
3277 1710 3427 1764 acci-

176 1798 319 1863 ᾰνθος
346 1801 411 1854 ὲκ
437 1802 541 1871 τῆς
592 1801 750 1872 ῥίζης
802 1800 900 1855 τοῦ
956 1803 1157 1857 Ἰεσσαὶ
1194 1804 1588 1875 ἀναϐήσεσθαι,
1650 1806 1749 1876 τὴν

1862 1802 2190 1871 piatvirgam
2234 1816 2333 1870 pro
2370 1800 2636 1869 imperio,
2674 1809 2728 1853 et
2764 1798 2954 1854 florem
2984 1814 3084 1869 pro
3125 1799 3299 1870 ipsius
3329 1801 3431 1854 ad-

178 1889 357 1958 ῥάϐδον
414 1893 511 1945 ἐπὶ
560 1893 665 1963 τῆς
696 1894 877 1964 ἀρχῆς
915 1893 1231 1965 λαμϐάνων,
1257 1895 1317 1950 τὸ
1343 1898 1401 1950 δὲ
1429 1897 1610 1962 ἄνθος,
1657 1897 1749 1951 ἐπὶ

1862 1900 2016 1945 ventu
2059 1905 2320 1960 perquam
2357 1889 2572 1943 amabili
2619 1897 2675 1943 et
2715 1891 2969 1943 omnibus
2999 1889 3345 1960 gratissimo;
3372 1900 3431 1944 et

174 1980 265 2051 τῆς
294 1984 603 2055 ὲπεράστου
656 1986 749 2039 καὶ
791 1987 926 2040 πᾶσι
977 1987 1383 2060 κεχαρισμένης
1432 1989 1745 2060 ἐπιδημίας⁸

177 2075 261 2128 καὶ
289 2077 367 2130 ὅτι
396 2079 454 2130 ὲν
472 2076 672 2148 βραχεῖ
699 2076 797 2149 τὴν
827 2078 987 2150 χάριν
1023 2079 1439 2151 παρασχόμενος
1467 2080 1568 2151 τῆς
1597 2083 1752 2134 ἐναν-

179 2166 517 2239 θρωπήσεως,
569 2172 816 2239 ταχεῖαν,
867 2170 962 2224 καὶ
987 2171 1152 2224 οἱονεὶ
1184 2172 1486 2243 παροδικὴν
1514 2175 1751 2227 ποιεῖται

1850 1982 1976 2052 quia
2009 1995 2177 2052 prope
2199 1981 2342 2035 diem
2370 1990 2489 2035 erat
2515 1980 2815 2036 collaturus
2847 1981 3240 2037 incarnationis
3264 1983 3432 2038 bene-

1852 2076 2032 2130 ﬁcium
2055 2116 2073 2142 ,
2106 2076 2332 2129 exhibet
2379 2075 2669 2127 adventum
2714 2073 2945 2128 celerem
2968 2112 2984 2138 ,
3017 2082 3074 2129 et
3109 2076 3264 2144 quasi
3306 2083 3430 2131 tan-

1855 2178 1964 2222 tum
1999 2183 2103 2222 non
2133 2177 2458 2238 pmsentem
2487 2184 2500 2219 :
2537 2165 2626 2220 hic
2655 2179 2785 2220 vero
2809 2166 2885 2219 ait
2918 2164 3156 2221 futuram
3194 2179 3315 2222 esse
3335 2183 3429 2220 ra-

178 2260 265 2330 τὴν
312 2262 628 2331 ἐπιδημίαν·
679 2259 913 2315 ἐνταῦθα
936 2261 994 2315 δὲ
1032 2263 1189 2334 ῥίζαν
1237 2262 1386 2332 λέγει
1411 2262 1506 2315 τοῦ
1555 2264 1749 2317 Ἰεσσαὶ

1862 2260 2025 2315 dicem
2057 2258 2231 2315 Jesse.
2262 2258 2527 2312 Attendas
2565 2256 2724 2312 velim
2769 2257 2894 2312 huic
2935 2256 3090 2324 voci,
3137 2255 3277 2311 Erit.
3310 2257 3426 2311 Nu

179 2347 401 2403 ἔσεσθαι.
429 2350 683 2422 Πρόσχες
703 2350 803 2422 τῷ,
837 2353 1065 2408 Ἔσται.
1095 2353 1228 2423 Οὐχί
1261 2370 1416 2424 φησι,
1451 2354 1622 2421 Adi-ger
1661 2355 1749 2408 οὐ·

1862 2353 1931 2406 nit
1962 2370 1975 2406 :
2012 2351 2332 2417 Videbitur;
2372 2363 2587 2419 neque,
2631 2348 2914 2403 Videbitur
2942 2364 3094 2415 esse,
3138 2352 3234 2404 sed
3277 2365 3428 2414 rere,

180 2440 249 2504 δὲ,
279 2442 556 2515 Δόξει(54)
586 2440 749 2508 εἷναι,
789 2443 1084 2499 ἀλλὰκατά
1110 2445 1389 2517 ἀλήθειαν,
1418 2447 1652 2500 Ἔσται.
1676 2447 1749 2500 Οὐ

1862 2442 1996 2498 Erit.
2027 2443 2143 2497 Non
2176 2443 2321 2498 enim
2345 2442 2644 2497 secundum
2677 2441 2912 2511 speciem
2941 2451 3035 2495 aut
3061 2441 3423 2498 existimatio-

180 2530 276 2601 γὰρ
335 2533 633 2605 φαντασίᾳ,
692 2533 811 2586 οὐδὲ
863 2535 1040 2605 οἰήσει
1080 2535 1180 2606 τὴν
1217 2535 1418 2606 σάρκα,
1453 2536 1567 2590 ἀλλ’
1612 2538 1749 2608 αὐτῇ

1862 2551 2009 2598 nem,
2061 2535 2155 2589 sed
2200 2548 2259 2589 re
2308 2533 2422 2603 ipsa
2471 2532 2637 2604 568
2681 2548 2902 2588 carnem
2937 2534 3256 2602 assumpsit.
3307 2532 3432 2589 Erit

183 2619 390 2693 ἀληθείᾳ
411 2622 698 2678 ἀνέλαϐεν.
738 2625 951 2678 Ἔσται
1000 2621 1092 2678 οὖν
1125 2627 1163 2693 ἡ
1187 2624 1321 2693 ῥίζα
1363 2626 1469 2679 τοῦ
1510 2627 1749 2680 Ἰεσσαί*

1862 2627 2021 2697 igitur
2060 2626 2216 2680 rudia:
2258 2624 2445 2689 Iesse,
2490 2627 2591 2679 hoc
2627 2633 2749 2688 est,
2804 2625 3127 2692 conspersio
3154 2625 3336 2679 carnis
3363 2638 3434 2680 ex

181 2713 425 2777 τουτέστι,
482 2715 548 2768 τὸ
587 2713 817 2786 φύραμα
861 2716 962 2787 τῆς
1010 2716 1210 2788 σαρκὸς
1252 2717 1314 2771 τὸ
1367 2717 1476 2771 ἀπὸ
1532 2719 1749 2780 Ἰεσσαὶ,

1862 2716 2007 2772 Iesse
2031 2719 2312 2784 desumpta
2335 2754 2351 2781 ,
2386 2715 2493 2769 erit
2529 2729 2658 2769 vere
2679 2753 2695 2776 ,
2728 2724 2893 2784 atque
2925 2715 3204 2770 subsistet.
3247 2716 3312 2770 Et
3339 2717 3432 2785 qui

184 2802 318 2857 ἔσται
350 2805 491 2859 κατά
518 2807 805 2877 ἀλήθειαν,
835 2810 927 2862 καὶ
942 2810 1326 2881 ὑποστήσεται.
1352 2811 1465 2864 Καὶ
1489 2812 1517 2863 ό
1541 2812 1749 2866 ἀνιστά·

1862 2810 2138 2880 exsurgit,
2183 2809 2297 2878 ipse
2340 2817 2395 2863 et
2432 2808 2586 2862 radix
2620 2821 2921 2877 exsurgens
2951 2817 3057 2864 est.
3085 2808 3181 2862 Est
3212 2809 3430 2879 quidem

188 2909 349 2962 μενος,
385 2898 552 2962 αὐτὸς
600 2897 712 2969 (55)
766 2900 861 2953 καὶ
896 2898 1023 2970 ῥίζα
1048 2901 1139 2953 καὶ
1174 2901 1577 2973 ἀνιστάμενος.-
1600 2901 1749 2967 Ῥίζα

1862 2900 2012 2955 radix
2047 2899 2223 2966 Jesse,
2245 2899 2446 2969 quippe
2469 2897 2612 2965 quod
2638 2912 2706 2951 ex
2739 2900 2886 2967 regia
2929 2899 3274 2954 successione
3301 2912 3434 2953 caro

187 2984 269 3038 τοῦ
325 2989 541 3043 Ἰεσσαῦ
580 2991 665 3044 ὅτι
708 2993 774 3045 ὲκ
828 2990 1112 3063 βασιλικῆς
1163 2992 1413 3066 διαδοχῆς
1438 2997 1471 3066 ἡ
1500 2994 1749 3068 θεοφόρος

1862 2991 2062 3047 deifera
2120 2999 2400 3060 assumpta
2459 2990 2578 3043 sit:
2610 2991 2856 3060 exsurgit
2900 3005 3053 3054 vero,
3097 3000 3157 3044 ut
3203 2991 3434 3061 imperet

192 3075 310 3149 σὰρξ
339 3081 716 3153 προσελήφθη.
759 3082 816 3137 Ὀ
855 3082 912 3135 δὲ
950 3084 1310 3155 ἀνιστάμενος
1336 3086 1525 3158 ἄρχειν
1560 3087 1751 3144 ἐθνῶν.

191 3170 277 3223 Διὰ
300 3172 451 3226 τοῦτο
477 3174 551 3227 τά
595 3173 723 3244 ἔθνη
754 3174 841 3228 ἐπ’
878 3175 1040 3228 αὐτὸν
1069 3175 1316 3248 ἤλπισεν,
1345 3177 1421 3240 ὡς
1453 3177 1612 3247 δῆλον
1647 3179 1756 3232 ἀπὸ

191 3259 277 3330 τῆς
304 3264 357 3315 ἐν
379 3265 490 3329 τοῖς
517 3264 700 3319 ἔθνεσι
722 3265 818 3319 τοῦ
846 3267 1083 3338 Χριστοῦ
1130 3266 1477 3340 Ἐκκλησίας.
1492 3269 1757 3334 Ἀναστὰς

193 3349 371 3422 γὰρ’ὲκ
400 3356 637 3427 νεκρῶν,
672 3352 807 3427 ἦρξε
841 3357 949 3411 τῶν
972 3357 1164 3425 ἐθνῶν,
1188 3358 1506 3414 καταλιπὼν
1539 3360 1630 3415 τὸν
1654 3379 1753 3430 φο-

193 3442 274 3495 νέα
299 3443 438 3499 λαόν.
484 3448 750 3513 Ἐκείνοις
781 3448 878 3519 μὲν
904 3448 1013 3521 γὰρ
1040 3450 1130 3504 τὸν
1170 3449 1398 3504 θάνατον
1421 3452 1753 3523 περιαφῆκε,

194 3535 292 3597 τοῖς
318 3536 372 3589 δὲ
403 3538 587 3592 ἔθνεσι
613 3539 713 3611 τὴν
738 3541 1035 3594 ἀνάστασιν
1061 3541 1372 3613 ἐχαρίσατο.
1403 3543 1550 3596 Διότι
1574 3546 1623 3597 oi
1657 3545 1757 3615 μὲν

197 3625 423 3698 ἔκραζον·
489 3631 915 3701 Σταυρωθήτωο
970 3633 1085 3689 καὶ.
1142 3634 1211 3686 Τὸ
1267 3630 1413 3704 αἷμα
1439 3634 1626 3688 αὐτοῦ
1662 3636 1754 3705 ἐφ’

198 3719 354 3787 ἡμᾶς,
388 3723 486 3776 καὶ
540 3723 643 3775 ἐπὶ
674 3722 745 3776 τὰ
772 3724 954 3777 τέκνα
976 3722 1163 3793 ἡμῶν·
1204 3726 1253 3778 οἱ
1282 3726 1339 3778 δὲ
1376 3726 1624 3792 ἐδέξαντο
1660 3729 1754 3782 τὸν

200 3810 609 3885 ἐσταυρωμένον,
668 3814 762 3869 καὶ
804 3815 883 3886 τῷ
932 3816 1126 3883 αἵματι
1170 3816 1334 3870 αὐτοῦ
1373 3817 1755 3890 ὲλυτρώθησαν

198 3900 389 3957 ἀπὸτοῦ
409 3905 667 3960 θανάτου.
691 3907 798 3960 Καὶ
818 3907 1011 3972 ἔσται,
1032 3907 1218 3977 φησὶν,
1236 3907 1274 3974 ή
1299 3906 1643 3975 ἀνάπαυσις
1659 3911 1758 3963 αὺ-

200 3993 291 4046 τοῦ
319 3998 470 4065 τιμή.
522 3996 677 4068 Αῦτη
706 4000 739 4068 ὴ
765 3997 1002 4070 Χριστοῦ
1046 4000 1369 4065 ἀνάπαυσις,
1412 4002 1446 4064 ή
1477 4001 1613 4073 τιμὴ
1641 4001 1754 4073 (56)

199 4083 292 4137 τῶν
312 4088 589 4157 τιμώντων
604 4089 766 4141 αὐτὸν
798 4090 874 4151 ὡς
901 4089 1074 4159 Λόγον
1094 4089 1250 4155 Θεοῦ,
1283 4091 1376 4144 καὶ
1393 4091 1582 4161 σοφίαν
1595 4090 1752 4155 Θεοῦ,

202 4175 280 4226 καὶ
296 4176 536 4250 δύναμιν.
585 4180 646 4231 '0
674 4177 972 4233 ἀναπαύων
1003 4178 1096 4232 τόν
1112 4181 1367 4253 Χριστὸν,
1388 4182 1641 4253 ὁμολογεῖ
1661 4183 1756 4235 αὑ-

202 4262 281 4315 τοῦ
306 4266 397 4338 τὴν
428 4267 567 4338 πρὸς
608 4266 702 4320 τὸν
732 4268 1098 4339 γεγεννηκότα
1129 4270 1291 4323 αὐτὸν
1317 4270 1629 4341 ὁμοτιμίαν·
1652 4271 1752 4342 τῆς

204 4352 339 4420 ἀξίας
352 4358 445 4428 τὴν
466 4358 773 4412 κοινωνίαν·
801 4358 903 4427 τῆς
933 4358 1149 4428 φύσεως
1178 4358 1275 4430 τὴν
1301 4360 1359 4426 ἐξ
1384 4360 1555 4415 ἀϊδίου
1578 4358 1756 4433 ῦπαρ-

205 4439 291 4507 ξιν.
319 4447 379 4500 οἱ
398 4447 454 4501 δὲ
477 4447 850 4520 μεριμνῶντες
870 4448 925 4501 τί
950 4448 1062 4502 τῶν
1095 4449 1233 4521 πρὸς
1259 4451 1485 4521 ἀτιμίαν
1514 4450 1627 4521 (57)
1657 4452 1755 4523 ῥη-

1855 3084 2122 3154 gentibus.
2162 3083 2291 3137 Eam
2337 3082 2408 3137 ob
2447 3096 2669 3137 causam
2703 3083 2754 3135 in
2791 3083 2912 3150 ipso
2945 3097 3095 3150 spem
3143 3098 3297 3139 suam
3343 3099 3430 3138 re-

1854 3190 2088 3247 posuere
2112 3183 2324 3245 gentes,
2349 3173 2427 3227 uti
2467 3189 2534 3228 ex
2576 3174 2777 3229 Christi
2810 3174 3051 3229 Ecclesia
3077 3175 3220 3230 inter
3241 3185 3434 3247 gentes

1856 3267 2093 3320 stabilita
2146 3275 2317 3336 patet.
2372 3266 2667 3336 Postquam
2716 3266 2860 3320 enim
2910 3281 2941 3319 a
2984 3266 3213 3321 mortuis
3243 3282 3433 3321 resur-

1860 3359 2034 3423 rexit,
2083 3358 2354 3412 homicida
2388 3357 2590 3429 populo
2627 3357 2913 3423 derelicto,
2964 3358 3251 3427 imperium
3283 3359 3434 3413 obti—

1857 3453 1977 3506 nuit
2005 3454 2060 3506 in
2089 3460 2302 3523 gentes.
2335 3451 2445 3507 Illis
2467 3452 2684 3521 quidem
2727 3451 3218 3520 reliquitmortem,
3252 3455 3434 3522 genti-

1856 3544 1959 3599 bus
1987 3559 2117 3598 vero
2149 3543 2375 3615 iargitus
2397 3552 2481 3599 est
2508 3545 2967 3599 resurrectionem
3002 3565 3015 3601 :
3053 3543 3321 3613 siquidem
3355 3544 3433 3601 illi

1856 3636 2194 3691 clamabant:
2218 3635 2578 3706 Cruciﬁgatur
2601 3635 2690 3666 ³·³⁵
2714 3650 2729 3701 ;
2755 3633 2883 3688 item
2911 3652 2925 3689 :
2952 3634 3183 3704 Sanguis
3199 3637 3312 3706 ejus
3336 3652 3434 3692 su-

1856 3745 1949 3796 per
1996 3745 2091 3783 nos
2115 3769 2130 3792 ,
2163 3739 2211 3782 et
2246 3745 2403 3793 super
2443 3729 2584 3798 ﬁlios
2630 3738 2833 3783 nostros
2857 3728 2903 3759 ³⁸
2933 3741 2951 3781 :
2984 3728 3039 3783 hi
3071 3743 3200 3787 vero
3249 3730 3434 3787 cruci-

1859 3820 2021 3873 ﬁxum
2055 3835 2347 3889 suscepere
2368 3859 2384 3882 ,
2418 3830 2584 3888 atque
2637 3820 2807 3889 ipsius
2845 3820 3112 3890 sanguine
3145 3836 3175 3875 a
3206 3832 3435 3892 peecato

1857 3907 2070 3962 liberati
2118 3918 2266 3964 sunt.
2309 3909 2379 3963 Et
2426 3911 2561 3977 erit,
2608 3910 2823 3979 inquit,
2864 3913 3064 3981 requies
3091 3911 3206 3981 ejus
3241 3914 3432 3969 honor.

1856 3999 1983 4053 Haec
2010 4000 2217 4055 Christi
2249 4001 2467 4070 requies
2500 4003 2675 4056 honor
2714 4012 2795 4058 est
2823 4040 2839 4062 .
2870 4002 2939 4058 ab
2971 4003 3037 4058 iis
3063 4003 3312 4072 delatus,
3338 4006 3434 4076 qui

1859 4092 2034 4163 ipsum
2083 4095 2355 4148 honorant
2385 4104 2640 4163 tanquam
2676 4093 2770 4148 Dei
2808 4092 3040 4149 Verbum
3062 4134 3079 4159 .
3115 4098 3317 4166 Deique
3344 4114 3433 4153 sa-

1855 4183 2115 4251 pientiam
2167 4191 2223 4237 et
2272 4183 2527 4237 virtutem
2554 4183 2625 4236 ".
2673 4181 2777 4250 Qui
2822 4182 3090 4239 rel‘ocillat
3130 4184 3429 4253 Christum.

1857 4289 1979 4328 eum
2020 4287 2140 4327 esse
2168 4271 2319 4327 Patri
2358 4275 2565 4329 honore
2598 4282 2655 4327 et
2689 4272 2973 4342 majestate
3004 4290 3212 4345 parem,
3249 4279 3430 4349 digni-

1861 4372 2133 4434 talemque
2165 4363 2452 4432 utriusque
2498 4377 2843 4417 communem
2890 4379 3051 4430 esse,
3085 4375 3140 4421 ει
3178 4374 3428 4425 naturam

1853 4456 2139 4525 utriusque
2163 4456 2233 4509 ab
2255 4465 2462 4509 aeterno
2486 4453 2788 4509 subsistere
2811 4455 3123 4512 conﬁtetur.
3143 4457 3187 4512 E
3211 4459 3430 4517 diverso

208 4535 368 4603 μάτων
399 4539 712 4611 ἐξεύρωσιν,
741 4540 803 4593 οὐ
823 4539 891 4593 τὰ
912 4539 1048 4611 πρὸς
1065 4541 1375 4594 ἀνάπαυσιν
1399 4542 1494 4596 τοῦ
1514 4541 1749 4613 Χριστοῦ

1862 4546 1943 4615 qui
1976 4546 2096 4613 plus
2123 4557 2280 4613 aequo
2330 4542 2574 4607 solliciti,
2623 4541 2805 4613 aliqua
2849 4546 3017 4600 verba
3065 4549 3430 4616 excogitarint

204 4625 519 4698 φθέγγονται.
552 4632 784 4686 Δύναται
824 4632 1073 4704 μέντοιγε
1118 4634 1152 4703 ἡ
1201 4634 1508 4697 ἀνάπαυσις
1539 4633 1755 4704 λαμϐά-

205 4719 383 4786 νεσθαι,
423 4722 499 4794 μὴ
533 4723 692 4793 μόνον
743 4723 810 4794 ἦν
865 4723 1026 4786 αὐτὸς
1053 4724 1394 4780 ἀναπαύεται
1439 4726 1592 4780 παοά
1645 4725 1754 4778 τῶν

264 4898 345 4931 ¹⁶³⁸
365 4900 553 4957 Matth.
585 4918 760 4968 xxvtt,
791 4903 883 4957 2'5.
959 4903 1006 4936 ³⁵
1032 4902 1162 4958 ibid.
1188 4902 1280 4958 25.

238 5051 504 5131 _(53)__Sic
548 5071 758 5114 veteres
804 5059 1042 5131 quinque
1081 5057 1399 5131 libriaEditi
1443 5073 1588 5131 vero,
1622 5057 1737 5131 ,επὶ

1356 4901 1401 4933 ³⁷
1423 4901 1443 4955 Ι
1462 4900 1591 4955 Cor.
1623 4917 1661 4964 ι,
1682 4899 1775 4957 24.

1853 4638 1922 4692 ad
1959 4637 2312 4707 ignominiam
2342 4634 2691 4701 inurendam,
2721 4635 2884 4690 iidem
2912 4652 2974 4693 ea
2999 4653 3118 4708 quae
3138 4642 3204 4696 ad
3226 4641 3428 4698 Christi

1856 4730 2099 4798 requiem
2135 4735 2422 4799 spectant,
2463 4740 2572 4781 non
2614 4724 2930 4797 loquuntur.
2975 4728 3215 4801 Requies
3241 4741 3429 4790 autem

1917 5056 2028 5127 (55)
2055 5056 2219 5121 Editi,
2248 5057 2278 5110 ὀ
2302 5056 2488 5121 αὐτός.
2533 5055 2640 5112 Sed
2662 5057 2715 5110 in
2746 5057 2945 5114 nostris
2989 5073 3087 5115 sex
3112 5075 3246 5119 mss.
3275 5062 3427 5117 deest

206 5125 272 5244 ﬁt
320 5125 475 5182 πάλαι
530 5125 926 5201 προωρισμένῳ
957 5125 1178 5200 ⁷καιρῷ.
1234 5128 1357 5181 Mox
1406 5128 1571 5192 editi,
1636 5128 1737 5199 μὲν

256 5208 300 5244 ν.
351 5195 542 5244 Vocula
592 5197 687 5244 οὖν
739 5204 791 5244 in
842 5213 970 5244 nugs-
1032 5214 1135 5244 nnn
1189 5199 1475 5244 invenitur-
1532 5198 1737 5244 Subm-

1862 5125 2121 5181 trticulus.
2161 5127 2314 5181 Hunc
2368 5128 2545 5183 locum
2601 5128 3047 5197 interpunximus
3102 5131 3202 5193 ita,
3251 5133 3330 5185 uti
3369 5135 3423 5187 in

1862 5212 1973 5244 uss-
2032 5199 2434 5244 internunctum
2472 5197 2797 5244 invenimus-
2857 5198 2976 5244 Alia
3019 5211 3139 5244 erat
3178 5202 3230 5244 in
3259 5203 3422 5244 miiliss

256 5208 300 5245 ν.
351 5195 545 5252 Vocula
578 5195 700 5253 ὀὖν’
738 5195 793 5252 iti
842 5195 971 5253 mss.
1032 5195 1140 5251 non
1189 5199 1476 5253 invenitur.
1532 5195 1737 5252 Subin-
1843 5212 1974 5254 mss.
2032 5199 2435 5266 interpunclum
2471 5195 2797 5252 invenimus.
2855 5198 2978 5254 Alia
3019 5211 3139 5254 erat
3178 5202 3230 5255 in
3259 5203 3422 5256 editis

207 5258 526 5384 gfzvquinque
578 5284 734 5333 mss.,
785 5267 942 5338 ῥίζης
971 5266 1299 5322 ἀνατέλλειν.
1341 5267 1502 5333 Editi,
1532 5269 1732 5322 ἀνατε-

265 5400 473 5479 ίόιῌιο
526 5422 660 5479 mss.
699 5423 907 5463 omnes.
968 5407 1130 5470 Editi,
1189 5407 1538 5479 Οὐχὶηφασὶ,
1579 5407 1728 5475 δόξα,

205 5465 479 5548 ’ὧδὲ-δόξῃ,
546 5478 1040 5548 Ιιουᾶξθῃιθιιόθιρ.
1100 5465 1301 5533 Βιθιὶιιῗ
1330 5465 1478 5545 Εἶδες,
1526 5465 1732 5547 ᾗηιίοῖιιέ

206 5542 607 5677 ἃνεᾱίιίξαύτῇ
663 5547 910 5620 ἀληθείᾳ.
975 5547 1079 5602 Alii
1134 5549 1369 5618 quinque
1426 5542 1584 5615 mss.,
1633 5548 1734 5602 αὑ-

450 5707 702 5768 Ρλτιιοι.
760 5711 880 5770 Γπ.
917 5707 1128 5771 XXX.

1840 5267 2227 5333 interpunctio.

1931 5336 2020 5407 56)
2055 5337 2145 5391 Sic
2169 5353 2303 5413 mss.
2322 5350 2529 5413 o_mnes.
2566 5335 2730 5400 Editi,
2759 5335 2910 5407 Αὕτη
2931 5338 3086 5391 ἐστὶν
3113 5339 3148 5410 ἡ
3182 5339 3423 5413 Χριστοῦ

1835 5408 2142 5485 ἀνεῖπεν
2166 5408 2396 5485 ivssi:
2615 5477 2627 5485 .
2828 5478 2870 5485 _-
3422 5474 3431 5485 .

1842 5542 1845 5545 _
1908 5477 2019 5548 (57)
2048 5477 2209 5540 Editi,
2242 5477 2466 5548 ἀτιμίαν
2498 5477 2790 5548 φερόντων.
2828 5478 2943 5535 Vox
2974 5480 3245 5550 posterior
3265 5493 3295 5533 a
3326 5477 3426 5535 uo?

1838 5551 1969 5603 stris
1997 5561 2089 5602 sex
2116 5562 2245 5603 mss.
2274 5550 2447 5603 abest.

3012 5705 3087 5772 18
