  <div class='ocr_page' id='page_1' title='image "/cluster/home/n/w/nwhite01/storage/ocr_20150623/30/nnc1.0046978810/291.png"; bbox 0 0 3810 6214; ppageno 0'>
   <div class='ocr_carea' id='block_1_1' title="bbox 1320 215 2636 275">
    <p class='ocr_par' dir='ltr' id='par_1_1' title="bbox 1320 215 2636 275">
     <span class='ocr_line' id='line_1_1' title="bbox 1320 215 2636 275; baseline 0.001 -1"><span class='ocrx_word' id='word_1_1' title='bbox 1320 216 1661 274; x_wconf 78' lang='lat' dir='ltr'><strong>APPENDIX</strong></span> <span class='ocrx_word' id='word_1_2' title='bbox 1699 216 1980 275; x_wconf 69' lang='lat' dir='ltr'><strong>OPERUM</strong></span> <span class='ocrx_word' id='word_1_3' title='bbox 2021 217 2081 274; x_wconf 89' lang='lat' dir='ltr'><strong>S.</strong></span> <span class='ocrx_word' id='word_1_4' title='bbox 2122 215 2366 275; x_wconf 81' lang='lat' dir='ltr'><strong>BASILII</strong></span> <span class='ocrx_word' id='word_1_5' title='bbox 2401 219 2636 275; x_wconf 70' lang='lat' dir='ltr'><strong>IAGNI.</strong></span> 
     </span>
    </p>
   </div>
   <div class='ocr_carea' id='block_1_2' title="bbox 3521 219 3660 275">
    <p class='ocr_par' dir='ltr' id='par_1_2' title="bbox 3521 219 3660 275">
     <span class='ocr_line' id='line_1_2' title="bbox 3521 219 3660 275; baseline 0 0"><span class='ocrx_word' id='word_1_6' title='bbox 3521 219 3660 275; x_wconf 71' lang='grc'><strong>544</strong></span> 
     </span>
    </p>
   </div>
   <div class='ocr_carea' id='block_1_3' title="bbox 379 326 1954 401">
    <p class='ocr_par' dir='ltr' id='par_1_3' title="bbox 379 329 1944 401">
     <span class='ocr_line' id='line_1_3' title="bbox 379 329 1944 401; baseline -0.008 -6"><span class='ocrx_word' id='word_1_7' title='bbox 379 356 477 396; x_wconf 87' lang='lat' dir='ltr'><strong>nus</strong></span> <span class='ocrx_word' id='word_1_8' title='bbox 509 335 743 393; x_wconf 83' lang='lat' dir='ltr'><strong>Sabaoth</strong></span> <span class='ocrx_word' id='word_1_9' title='bbox 789 334 844 389; x_wconf 88' lang='lat' dir='ltr'><strong>in</strong></span> <span class='ocrx_word' id='word_1_10' title='bbox 885 334 1134 389; x_wconf 83' lang='lat' dir='ltr'><strong>honorem</strong></span> <span class='ocrx_word' id='word_1_11' title='bbox 1171 341 1323 385; x_wconf 84' lang='lat' dir='ltr'><strong>tuum</strong></span> <span class='ocrx_word' id='word_1_12' title='bbox 1371 331 1751 401; x_wconf 75' lang='lat' dir='ltr'><strong>ignominiam,</strong></span> <span class='ocrx_word' id='word_1_13' title='bbox 1797 339 1846 385; x_wconf 88' lang='lat' dir='ltr'><strong>et</strong></span> <span class='ocrx_word' id='word_1_14' title='bbox 1891 329 1944 383; x_wconf 85' lang='lat' dir='ltr'><strong>in</strong></span> 
     </span>
    </p>
   </div>
   <div class='ocr_carea' id='block_1_4' title="bbox 2063 326 3663 401">
    <p class='ocr_par' dir='ltr' id='par_1_4' title="bbox 2063 326 3663 399">
     <span class='ocr_line' id='line_1_4' title="bbox 2063 326 3663 399; baseline 0 -15"><span class='ocrx_word' id='word_1_15' title='bbox 2063 329 2288 386; x_wconf 69' lang='grc' dir='ltr'><strong>Σαϐαὼθ</strong></span> <span class='ocrx_word' id='word_1_16' title='bbox 2308 334 2397 398; x_wconf 79' lang='grc' dir='ltr'><strong>εις</strong></span> <span class='ocrx_word' id='word_1_17' title='bbox 2421 330 2536 399; x_wconf 76' lang='grc' dir='ltr'>τὴν</span> <span class='ocrx_word' id='word_1_18' title='bbox 2565 330 2691 398; x_wconf 79' lang='grc' dir='ltr'><strong>σὴν</strong></span> <span class='ocrx_word' id='word_1_19' title='bbox 2744 326 2920 399; x_wconf 74' lang='grc' dir='ltr'>τιμὴν</span> <span class='ocrx_word' id='word_1_20' title='bbox 2946 327 3203 398; x_wconf 75' lang='grc' dir='ltr'><strong>ἀτιμίαν,</strong></span> <span class='ocrx_word' id='word_1_21' title='bbox 3231 326 3330 383; x_wconf 72' lang='grc' dir='ltr'>καὶ</span> <span class='ocrx_word' id='word_1_22' title='bbox 3356 329 3447 395; x_wconf 77' lang='grc' dir='ltr'>εις</span> <span class='ocrx_word' id='word_1_23' title='bbox 3510 332 3663 398; x_wconf 76' lang='grc' dir='ltr'><strong>τὴν</strong></span> 
     </span>
    </p>
   </div>
   <div class='ocr_carea' id='block_1_5' title="bbox 378 419 1943 502">
    <p class='ocr_par' dir='ltr' id='par_1_5' title="bbox 378 419 1943 502">
     <span class='ocr_line' id='line_1_5' title="bbox 378 419 1943 502; baseline -0.006 -19"><span class='ocrx_word' id='word_1_24' title='bbox 378 430 599 502; x_wconf 77' lang='lat' dir='ltr'><strong>gloriam</strong></span> <span class='ocrx_word' id='word_1_25' title='bbox 628 438 772 481; x_wconf 86' lang='lat' dir='ltr'><strong>tuam</strong></span> <span class='ocrx_word' id='word_1_26' title='bbox 813 426 948 494; x_wconf 83' lang='lat' dir='ltr'><strong>ignis</strong></span> <span class='ocrx_word' id='word_1_27' title='bbox 993 423 1300 478; x_wconf 77' lang='lat' dir='ltr'><strong>comburens</strong></span> <span class='ocrx_word' id='word_1_28' title='bbox 1345 422 1676 478; x_wconf 81' lang='lat' dir='ltr'><strong>accendetur.</strong></span> <span class='ocrx_word' id='word_1_29' title='bbox 1731 419 1798 487; x_wconf 75' lang='lat' dir='ltr'><strong>Et</strong></span> <span class='ocrx_word' id='word_1_30' title='bbox 1843 422 1943 477; x_wconf 82' lang='lat' dir='ltr'><strong>erit</strong></span> 
     </span>
    </p>
   </div>
   <div class='ocr_carea' id='block_1_6' title="bbox 381 510 1945 585">
    <p class='ocr_par' dir='ltr' id='par_1_6' title="bbox 381 510 1945 585">
     <span class='ocr_line' id='line_1_6' title="bbox 381 510 1945 585; baseline -0.005 -11"><span class='ocrx_word' id='word_1_31' title='bbox 381 521 550 574; x_wconf 81' lang='lat' dir='ltr'><strong>lumen</strong></span> <span class='ocrx_word' id='word_1_32' title='bbox 581 516 752 572; x_wconf 78' lang='lat' dir='ltr'><strong>Israel</strong></span> <span class='ocrx_word' id='word_1_33' title='bbox 788 517 844 568; x_wconf 88' lang='lat' dir='ltr'><strong>in</strong></span> <span class='ocrx_word' id='word_1_34' title='bbox 868 516 1060 585; x_wconf 87' lang='lat' dir='ltr'><strong>ignem,</strong></span> <span class='ocrx_word' id='word_1_35' title='bbox 1088 522 1138 567; x_wconf 86' lang='lat' dir='ltr'><strong>et</strong></span> <span class='ocrx_word' id='word_1_36' title='bbox 1171 512 1524 580; x_wconf 82' lang='lat' dir='ltr'><strong>sanctiﬁcabit</strong></span> <span class='ocrx_word' id='word_1_37' title='bbox 1559 510 1712 566; x_wconf 79' lang='lat' dir='ltr'><strong>illum</strong></span> <span class='ocrx_word' id='word_1_38' title='bbox 1739 511 1796 565; x_wconf 85' lang='lat' dir='ltr'><strong>in</strong></span> <span class='ocrx_word' id='word_1_39' title='bbox 1828 512 1945 582; x_wconf 78' lang='lat' dir='ltr'><strong>igne</strong></span> 
     </span>
    </p>
   </div>
   <div class='ocr_carea' id='block_1_7' title="bbox 380 601 1949 674">
    <p class='ocr_par' dir='ltr' id='par_1_7' title="bbox 380 601 1949 674">
     <span class='ocr_line' id='line_1_7' title="bbox 380 601 1949 674; baseline -0.006 -9"><span class='ocrx_word' id='word_1_40' title='bbox 380 620 605 665; x_wconf 76' lang='lat' dir='ltr'><strong>urente:</strong></span> <span class='ocrx_word' id='word_1_41' title='bbox 635 616 685 662; x_wconf 83' lang='lat' dir='ltr'><strong>et</strong></span> <span class='ocrx_word' id='word_1_42' title='bbox 715 605 983 660; x_wconf 77' lang='lat' dir='ltr'><strong>devorabit</strong></span> <span class='ocrx_word' id='word_1_43' title='bbox 1011 603 1165 674; x_wconf 84' lang='lat' dir='ltr'><strong>quasi</strong></span> <span class='ocrx_word' id='word_1_44' title='bbox 1211 603 1394 672; x_wconf 79' lang='lat' dir='ltr'><strong>fenum</strong></span> <span class='ocrx_word' id='word_1_45' title='bbox 1434 602 1646 656; x_wconf 80' lang='lat' dir='ltr'><strong>silvam.</strong></span> <span class='ocrx_word' id='word_1_46' title='bbox 1690 601 1817 657; x_wconf 72' lang='lat' dir='ltr'><strong>Haec</strong></span> <span class='ocrx_word' id='word_1_47' title='bbox 1861 610 1949 657; x_wconf 85' lang='lat' dir='ltr'><strong>est</strong></span> 
     </span>
    </p>
   </div>
   <div class='ocr_carea' id='block_1_8' title="bbox 379 692 1947 767">
    <p class='ocr_par' dir='ltr' id='par_1_8' title="bbox 379 692 1947 767">
     <span class='ocr_line' id='line_1_8' title="bbox 379 692 1947 767; baseline -0.006 -11"><span class='ocrx_word' id='word_1_48' title='bbox 379 700 557 757; x_wconf 75' lang='lat' dir='ltr'><strong>stulta:</strong></span> <span class='ocrx_word' id='word_1_49' title='bbox 594 697 861 767; x_wconf 65' lang='lat' dir='ltr'><strong>superbia:</strong></span> <span class='ocrx_word' id='word_1_50' title='bbox 890 709 1117 751; x_wconf 84' lang='lat' dir='ltr'><strong>merces.</strong></span> <span class='ocrx_word' id='word_1_51' title='bbox 1158 694 1292 761; x_wconf 84' lang='lat' dir='ltr'><strong>Ouia</strong></span> <span class='ocrx_word' id='word_1_52' title='bbox 1333 704 1385 748; x_wconf 85' lang='lat' dir='ltr'><strong>te</strong></span> <span class='ocrx_word' id='word_1_53' title='bbox 1425 696 1599 762; x_wconf 86' lang='lat' dir='ltr'><strong>ipsum</strong></span> <span class='ocrx_word' id='word_1_54' title='bbox 1633 692 1947 761; x_wconf 79' lang='lat' dir='ltr'><strong>gloriabun-</strong></span> 
     </span>
    </p>
   </div>
   <div class='ocr_carea' id='block_1_9' title="bbox 379 785 1947 858">
    <p class='ocr_par' dir='ltr' id='par_1_9' title="bbox 379 785 1947 858">
     <span class='ocr_line' id='line_1_9' title="bbox 379 785 1947 858; baseline -0.004 -11"><span class='ocrx_word' id='word_1_55' title='bbox 379 792 482 847; x_wconf 86' lang='lat' dir='ltr'><strong>dus</strong></span> <span class='ocrx_word' id='word_1_56' title='bbox 522 796 760 846; x_wconf 78' lang='lat' dir='ltr'><strong>inentem</strong></span> <span class='ocrx_word' id='word_1_57' title='bbox 790 803 1040 858; x_wconf 83' lang='lat' dir='ltr'><strong>magnam</strong></span> <span class='ocrx_word' id='word_1_58' title='bbox 1076 786 1429 856; x_wconf 71' lang='lat' dir='ltr'><strong>praedicabas,</strong></span> <span class='ocrx_word' id='word_1_59' title='bbox 1465 797 1520 840; x_wconf 88' lang='lat' dir='ltr'><strong>et</strong></span> <span class='ocrx_word' id='word_1_60' title='bbox 1544 785 1854 841; x_wconf 79' lang='lat' dir='ltr'><strong>eﬂ&#39;erebaris</strong></span> <span class='ocrx_word' id='word_1_61' title='bbox 1891 785 1947 840; x_wconf 92' lang='lat' dir='ltr'><strong>in</strong></span> 
     </span>
    </p>
   </div>
   <div class='ocr_carea' id='block_1_10' title="bbox 380 873 1947 949">
    <p class='ocr_par' dir='ltr' id='par_1_10' title="bbox 380 873 1947 949">
     <span class='ocr_line' id='line_1_10' title="bbox 380 873 1947 949; baseline -0.003 -15"><span class='ocrx_word' id='word_1_62' title='bbox 380 879 663 934; x_wconf 85' lang='lat' dir='ltr'><strong>altitudine</strong></span> <span class='ocrx_word' id='word_1_63' title='bbox 698 877 877 949; x_wconf 72' lang='lat' dir='ltr'><strong>gloria:</strong></span> <span class='ocrx_word' id='word_1_64' title='bbox 900 875 1198 941; x_wconf 90' lang='lat' dir='ltr'><strong>oculorum,</strong></span> <span class='ocrx_word' id='word_1_65' title='bbox 1228 873 1401 929; x_wconf 68' lang='lat' dir='ltr'><strong>Mitte:</strong></span> <span class='ocrx_word' id='word_1_66' title='bbox 1442 874 1693 929; x_wconf 80' lang='lat' dir='ltr'><strong><em>Dominus</em></strong></span> <span class='ocrx_word' id='word_1_67' title='bbox 1722 875 1947 944; x_wconf 82' lang='lat' dir='ltr'><strong>ignomi-</strong></span> 
     </span>
    </p>
   </div>
   <div class='ocr_carea' id='block_1_11' title="bbox 377 967 1945 1038">
    <p class='ocr_par' dir='ltr' id='par_1_11' title="bbox 377 967 1945 1038">
     <span class='ocr_line' id='line_1_11' title="bbox 377 967 1945 1038; baseline -0.001 -13"><span class='ocrx_word' id='word_1_68' title='bbox 377 973 520 1026; x_wconf 74' lang='lat' dir='ltr'><strong>niam</strong></span> <span class='ocrx_word' id='word_1_69' title='bbox 546 968 600 1022; x_wconf 87' lang='lat' dir='ltr'><strong>in</strong></span> <span class='ocrx_word' id='word_1_70' title='bbox 627 968 874 1022; x_wconf 82' lang='lat' dir='ltr'><strong><em>honorem</em></strong></span> <span class='ocrx_word' id='word_1_71' title='bbox 895 977 1065 1032; x_wconf 86' lang='lat' dir='ltr'><strong>tuum,</strong></span> <span class='ocrx_word' id='word_1_72' title='bbox 1093 967 1268 1036; x_wconf 84' lang='lat' dir='ltr'><strong>ignem</strong></span> <span class='ocrx_word' id='word_1_73' title='bbox 1293 982 1423 1022; x_wconf 91' lang='lat' dir='ltr'><strong>vero</strong></span> <span class='ocrx_word' id='word_1_74' title='bbox 1445 968 1500 1021; x_wconf 91' lang='lat' dir='ltr'><strong>in</strong></span> <span class='ocrx_word' id='word_1_75' title='bbox 1527 967 1749 1038; x_wconf 80' lang='lat' dir='ltr'><strong>gloriam</strong></span> <span class='ocrx_word' id='word_1_76' title='bbox 1777 978 1945 1025; x_wconf 88' lang='lat' dir='ltr'><strong>tuam.</strong></span> 
     </span>
    </p>
   </div>
   <div class='ocr_carea' id='block_1_12' title="bbox 380 1057 1950 1129">
    <p class='ocr_par' dir='ltr' id='par_1_12' title="bbox 380 1057 1950 1129">
     <span class='ocr_line' id='line_1_12' title="bbox 380 1057 1950 1129; baseline -0.001 -13"><span class='ocrx_word' id='word_1_77' title='bbox 380 1061 643 1129; x_wconf 78' lang='lat' dir='ltr'><strong>Quoniam</strong></span> <span class='ocrx_word' id='word_1_78' title='bbox 682 1058 826 1114; x_wconf 88' lang='lat' dir='ltr'><strong>enim</strong></span> <span class='ocrx_word' id='word_1_79' title='bbox 857 1058 1241 1115; x_wconf 91' lang='lat' dir='ltr'><strong>interminatus</strong></span> <span class='ocrx_word' id='word_1_80' title='bbox 1270 1073 1330 1113; x_wconf 90' lang='lat' dir='ltr'><strong>es</strong></span> <span class='ocrx_word' id='word_1_81' title='bbox 1366 1057 1671 1113; x_wconf 81' lang='lat' dir='ltr'><strong>ablaturum</strong></span> <span class='ocrx_word' id='word_1_82' title='bbox 1726 1068 1777 1114; x_wconf 89' lang='lat' dir='ltr'><strong>te</strong></span> <span class='ocrx_word' id='word_1_83' title='bbox 1826 1073 1950 1119; x_wconf 82' lang='lat' dir='ltr'><strong>esse</strong></span> 
     </span>
    </p>
   </div>
   <div class='ocr_carea' id='block_1_13' title="bbox 379 1148 1945 1219">
    <p class='ocr_par' dir='ltr' id='par_1_13' title="bbox 379 1148 1945 1219">
     <span class='ocr_line' id='line_1_13' title="bbox 379 1148 1945 1219; baseline -0.002 -13"><span class='ocrx_word' id='word_1_84' title='bbox 379 1154 518 1206; x_wconf 75' lang='lat' dir='ltr'><strong>lines</strong></span> <span class='ocrx_word' id='word_1_85' title='bbox 553 1149 813 1219; x_wconf 84' lang='lat' dir='ltr'><strong>gentium,</strong></span> <span class='ocrx_word' id='word_1_86' title='bbox 848 1148 1123 1202; x_wconf 84' lang='lat' dir='ltr'><strong>habitatas</strong></span> <span class='ocrx_word' id='word_1_87' title='bbox 1162 1148 1412 1203; x_wconf 86' lang='lat' dir='ltr'><strong>civitates</strong></span> <span class='ocrx_word' id='word_1_88' title='bbox 1435 1159 1945 1217; x_wconf 88' lang='lat' dir='ltr'><strong>conquassaturum,</strong></span> 
     </span>
    </p>
   </div>
   <div class='ocr_carea' id='block_1_14' title="bbox 382 1238 1946 1308">
    <p class='ocr_par' dir='ltr' id='par_1_14' title="bbox 382 1238 1946 1308">
     <span class='ocr_line' id='line_1_14' title="bbox 382 1238 1946 1308; baseline -0.003 -12"><span class='ocrx_word' id='word_1_89' title='bbox 382 1251 551 1296; x_wconf 88' lang='lat' dir='ltr'><strong>totum</strong></span> <span class='ocrx_word' id='word_1_90' title='bbox 572 1249 839 1295; x_wconf 89' lang='lat' dir='ltr'><strong>terrarum</strong></span> <span class='ocrx_word' id='word_1_91' title='bbox 860 1240 1046 1293; x_wconf 89' lang='lat' dir='ltr'><strong>orbem</strong></span> <span class='ocrx_word' id='word_1_92' title='bbox 1071 1239 1223 1306; x_wconf 89' lang='lat' dir='ltr'><strong>quasi</strong></span> <span class='ocrx_word' id='word_1_93' title='bbox 1247 1238 1432 1292; x_wconf 90' lang='lat' dir='ltr'><strong>nidum</strong></span> <span class='ocrx_word' id='word_1_94' title='bbox 1460 1238 1946 1308; x_wconf 86' lang='lat' dir='ltr'><strong>appreltensurum,</strong></span> 
     </span>
    </p>
   </div>
   <div class='ocr_carea' id='block_1_15' title="bbox 381 1330 1950 1401">
    <p class='ocr_par' dir='ltr' id='par_1_15' title="bbox 381 1330 1950 1401">
     <span class='ocr_line' id='line_1_15' title="bbox 381 1330 1950 1401; baseline -0.003 -12"><span class='ocrx_word' id='word_1_95' title='bbox 381 1345 436 1389; x_wconf 89' lang='lat' dir='ltr'><strong>et</strong></span> <span class='ocrx_word' id='word_1_96' title='bbox 479 1348 603 1388; x_wconf 89' lang='lat' dir='ltr'><strong>eum</strong></span> <span class='ocrx_word' id='word_1_97' title='bbox 645 1334 800 1401; x_wconf 90' lang='lat' dir='ltr'><strong>quasi</strong></span> <span class='ocrx_word' id='word_1_98' title='bbox 847 1346 948 1387; x_wconf 86' lang='lat' dir='ltr'><strong>ova</strong></span> <span class='ocrx_word' id='word_1_99' title='bbox 994 1331 1249 1386; x_wconf 85' lang='lat' dir='ltr'><strong>derelicta</strong></span> <span class='ocrx_word' id='word_1_100' title='bbox 1306 1330 1677 1398; x_wconf 79' lang='lat' dir='ltr'><strong>sublaturum,</strong></span> <span class='ocrx_word' id='word_1_101' title='bbox 1735 1331 1950 1386; x_wconf 87' lang='lat' dir='ltr'><strong>nemine</strong></span> 
     </span>
    </p>
   </div>
   <div class='ocr_carea' id='block_1_16' title="bbox 380 1423 1950 1495">
    <p class='ocr_par' dir='ltr' id='par_1_16' title="bbox 380 1423 1950 1495">
     <span class='ocr_line' id='line_1_16' title="bbox 380 1423 1950 1495; baseline -0.003 -14"><span class='ocrx_word' id='word_1_102' title='bbox 380 1427 601 1482; x_wconf 89' lang='lat' dir='ltr'><strong>omnino</strong></span> <span class='ocrx_word' id='word_1_103' title='bbox 644 1423 931 1495; x_wconf 75' lang='lat' dir='ltr'><strong>eﬂugiente</strong></span> <span class='ocrx_word' id='word_1_104' title='bbox 965 1434 1060 1478; x_wconf 87' lang='lat' dir='ltr'><strong>aut</strong></span> <span class='ocrx_word' id='word_1_105' title='bbox 1101 1426 1530 1490; x_wconf 88' lang='lat' dir='ltr'><strong>contradicente,</strong></span> <span class='ocrx_word' id='word_1_106' title='bbox 1567 1426 1766 1479; x_wconf 87' lang='lat' dir='ltr'><strong>idcirco</strong></span> <span class='ocrx_word' id='word_1_107' title='bbox 1797 1424 1950 1494; x_wconf 84' lang='lat' dir='ltr'><strong>Ignis</strong></span> 
     </span>
    </p>
   </div>
   <div class='ocr_carea' id='block_1_17' title="bbox 377 1515 1951 1582">
    <p class='ocr_par' dir='ltr' id='par_1_17' title="bbox 377 1515 1951 1582">
     <span class='ocr_line' id='line_1_17' title="bbox 377 1515 1951 1582; baseline -0.004 -10"><span class='ocrx_word' id='word_1_108' title='bbox 377 1518 687 1572; x_wconf 77' lang='lat' dir='ltr'><strong>comburens</strong></span> <span class='ocrx_word' id='word_1_109' title='bbox 743 1518 1075 1582; x_wconf 72' lang='lat' dir='ltr'><strong>accendatur,</strong></span> <span class='ocrx_word' id='word_1_110' title='bbox 1124 1526 1172 1570; x_wconf 85' lang='lat' dir='ltr'><strong>et</strong></span> <span class='ocrx_word' id='word_1_111' title='bbox 1218 1519 1315 1570; x_wconf 83' lang='lat' dir='ltr'><strong>erit</strong></span> <span class='ocrx_word' id='word_1_112' title='bbox 1381 1517 1561 1574; x_wconf 85' lang='lat' dir='ltr'><strong>lumen</strong></span> <span class='ocrx_word' id='word_1_113' title='bbox 1624 1515 1845 1569; x_wconf 80' lang='lat' dir='ltr'><strong>lsraelis</strong></span> <span class='ocrx_word' id='word_1_114' title='bbox 1895 1518 1951 1569; x_wconf 88' lang='lat' dir='ltr'><strong>in</strong></span> 
     </span>
    </p>
   </div>
   <div class='ocr_carea' id='block_1_18' title="bbox 381 1608 1947 1680">
    <p class='ocr_par' dir='ltr' id='par_1_18' title="bbox 381 1608 1947 1680">
     <span class='ocr_line' id='line_1_18' title="bbox 381 1608 1947 1680; baseline -0.001 -18"><span class='ocrx_word' id='word_1_115' title='bbox 381 1611 573 1680; x_wconf 79' lang='lat' dir='ltr'><strong>ignem.</strong></span> <span class='ocrx_word' id='word_1_116' title='bbox 627 1609 1024 1674; x_wconf 88' lang='lat' dir='ltr'><strong>lmmutabitur,</strong></span> <span class='ocrx_word' id='word_1_117' title='bbox 1077 1608 1278 1678; x_wconf 80' lang='lat' dir='ltr'><strong>inquit,</strong></span> <span class='ocrx_word' id='word_1_118' title='bbox 1329 1624 1512 1663; x_wconf 87' lang='lat' dir='ltr'><strong>rerum</strong></span> <span class='ocrx_word' id='word_1_119' title='bbox 1558 1617 1759 1675; x_wconf 86' lang='lat' dir='ltr'><strong>status;</strong></span> <span class='ocrx_word' id='word_1_120' title='bbox 1792 1617 1847 1662; x_wconf 91' lang='lat' dir='ltr'><strong>et</strong></span> <span class='ocrx_word' id='word_1_121' title='bbox 1896 1608 1947 1661; x_wconf 92' lang='lat' dir='ltr'><strong>in</strong></span> 
     </span>
    </p>
   </div>
   <div class='ocr_carea' id='block_1_19' title="bbox 380 1684 1948 1772">
    <p class='ocr_par' dir='ltr' id='par_1_19' title="bbox 380 1684 1948 1772">
     <span class='ocr_line' id='line_1_19' title="bbox 380 1684 1948 1772; baseline -0.004 -14"><span class='ocrx_word' id='word_1_122' title='bbox 380 1701 686 1772; x_wconf 79' lang='lat' dir='ltr'><strong>splendore,</strong></span> <span class='ocrx_word' id='word_1_123' title='bbox 721 1699 916 1769; x_wconf 88' lang='lat' dir='ltr'><strong>inquit,</strong></span> <span class='ocrx_word' id='word_1_124' title='bbox 947 1684 1062 1754; x_wconf 80' lang='lat' dir='ltr'><strong>erit</strong></span> <span class='ocrx_word' id='word_1_125' title='bbox 1089 1699 1281 1766; x_wconf 84' lang='lat' dir='ltr'><strong>Israel,</strong></span> <span class='ocrx_word' id='word_1_126' title='bbox 1310 1698 1404 1769; x_wconf 86' lang='lat' dir='ltr'><strong>qui</strong></span> <span class='ocrx_word' id='word_1_127' title='bbox 1432 1713 1573 1754; x_wconf 80' lang='lat' dir='ltr'><strong>nunc</strong></span> <span class='ocrx_word' id='word_1_128' title='bbox 1602 1698 1948 1769; x_wconf 85' lang='lat' dir='ltr'><strong>deprimitur,</strong></span> 
     </span>
    </p>
   </div>
   <div class='ocr_carea' id='block_1_20' title="bbox 379 1788 1952 1861">
    <p class='ocr_par' dir='ltr' id='par_1_20' title="bbox 379 1788 1952 1861">
     <span class='ocr_line' id='line_1_20' title="bbox 379 1788 1952 1861; baseline -0.004 -13"><span class='ocrx_word' id='word_1_129' title='bbox 379 1801 437 1848; x_wconf 84' lang='lat' dir='ltr'><strong>et</strong></span> <span class='ocrx_word' id='word_1_130' title='bbox 480 1791 570 1861; x_wconf 92' lang='lat' dir='ltr'><strong>qui</strong></span> <span class='ocrx_word' id='word_1_131' title='bbox 625 1791 718 1845; x_wconf 86' lang='lat' dir='ltr'><strong>tibi</strong></span> <span class='ocrx_word' id='word_1_132' title='bbox 763 1792 833 1845; x_wconf 92' lang='lat' dir='ltr'><strong>ob</strong></span> <span class='ocrx_word' id='word_1_133' title='bbox 875 1800 1159 1861; x_wconf 90' lang='lat' dir='ltr'><strong>peccatum</strong></span> <span class='ocrx_word' id='word_1_134' title='bbox 1217 1790 1447 1845; x_wconf 88' lang='lat' dir='ltr'><strong>traditus</strong></span> <span class='ocrx_word' id='word_1_135' title='bbox 1487 1798 1573 1845; x_wconf 83' lang='lat' dir='ltr'><strong>est</strong></span> <span class='ocrx_word' id='word_1_136' title='bbox 1625 1788 1952 1858; x_wconf 84' lang='lat' dir='ltr'><strong>puniendus.</strong></span> 
     </span>
    </p>
   </div>
   <div class='ocr_carea' id='block_1_21' title="bbox 382 1878 1953 1954">
    <p class='ocr_par' dir='ltr' id='par_1_21' title="bbox 382 1878 1953 1954">
     <span class='ocr_line' id='line_1_21' title="bbox 382 1878 1953 1954; baseline -0.004 -15"><span class='ocrx_word' id='word_1_137' title='bbox 382 1883 648 1954; x_wconf 87' lang='lat' dir='ltr'><strong>Splendor</strong></span> <span class='ocrx_word' id='word_1_138' title='bbox 676 1884 856 1952; x_wconf 84' lang='lat' dir='ltr'><strong>itaque</strong></span> <span class='ocrx_word' id='word_1_139' title='bbox 888 1882 1047 1947; x_wconf 84' lang='lat' dir='ltr'><strong>illius</strong></span> <span class='ocrx_word' id='word_1_140' title='bbox 1083 1882 1178 1937; x_wconf 87' lang='lat' dir='ltr'><strong>tibi</strong></span> <span class='ocrx_word' id='word_1_141' title='bbox 1213 1881 1267 1936; x_wconf 92' lang='lat' dir='ltr'><strong>in</strong></span> <span class='ocrx_word' id='word_1_142' title='bbox 1316 1880 1609 1952; x_wconf 89' lang='lat' dir='ltr'><strong>perniciem</strong></span> <span class='ocrx_word' id='word_1_143' title='bbox 1636 1888 1692 1934; x_wconf 89' lang='lat' dir='ltr'><strong>et</strong></span> <span class='ocrx_word' id='word_1_144' title='bbox 1727 1878 1953 1934; x_wconf 82' lang='lat' dir='ltr'><strong>exitium</strong></span> 
     </span>
    </p>
   </div>
   <div class='ocr_carea' id='block_1_22' title="bbox 381 1971 1951 2044">
    <p class='ocr_par' dir='ltr' id='par_1_22' title="bbox 381 1971 1951 2044">
     <span class='ocr_line' id='line_1_22' title="bbox 381 1971 1951 2044; baseline -0.006 -11"><span class='ocrx_word' id='word_1_145' title='bbox 381 1975 558 2033; x_wconf 76' lang='lat' dir='ltr'><strong>Cedet.</strong></span> <span class='ocrx_word' id='word_1_146' title='bbox 605 1973 725 2027; x_wconf 83' lang='lat' dir='ltr'><strong>Erit</strong></span> <span class='ocrx_word' id='word_1_147' title='bbox 764 1975 921 2038; x_wconf 90' lang='lat' dir='ltr'><strong>enim,</strong></span> <span class='ocrx_word' id='word_1_148' title='bbox 976 1973 1188 2044; x_wconf 80' lang='lat' dir='ltr'><strong>inquit,</strong></span> <span class='ocrx_word' id='word_1_149' title='bbox 1241 1972 1416 2027; x_wconf 81' lang='lat' dir='ltr'><strong>lumen</strong></span> <span class='ocrx_word' id='word_1_150' title='bbox 1449 1971 1620 2027; x_wconf 82' lang='lat' dir='ltr'><strong>Israel</strong></span> <span class='ocrx_word' id='word_1_151' title='bbox 1661 1973 1716 2027; x_wconf 88' lang='lat' dir='ltr'><strong>in</strong></span> <span class='ocrx_word' id='word_1_152' title='bbox 1758 1972 1951 2041; x_wconf 80' lang='lat' dir='ltr'><strong>ignem.</strong></span> 
     </span>
    </p>
   </div>
   <div class='ocr_carea' id='block_1_23' title="bbox 379 2060 1957 2134">
    <p class='ocr_par' dir='ltr' id='par_1_23' title="bbox 379 2060 1957 2134">
     <span class='ocr_line' id='line_1_23' title="bbox 379 2060 1957 2134; baseline -0.001 -19"><span class='ocrx_word' id='word_1_153' title='bbox 379 2064 555 2134; x_wconf 52' lang='lat' dir='ltr'><strong>Atque</strong></span> <span class='ocrx_word' id='word_1_154' title='bbox 598 2080 719 2118; x_wconf 91' lang='lat' dir='ltr'><strong>cum</strong></span> <span class='ocrx_word' id='word_1_155' title='bbox 765 2063 931 2119; x_wconf 84' lang='lat' dir='ltr'><strong>insint</strong></span> <span class='ocrx_word' id='word_1_156' title='bbox 980 2062 1086 2132; x_wconf 81' lang='lat' dir='ltr'><strong>igni</strong></span> <span class='ocrx_word' id='word_1_157' title='bbox 1147 2061 1434 2117; x_wconf 80' lang='lat' dir='ltr'><strong>facultates</strong></span> <span class='ocrx_word' id='word_1_158' title='bbox 1475 2063 1622 2127; x_wconf 68' lang='lat' dir='ltr'><strong>dum,</strong></span> <span class='ocrx_word' id='word_1_159' title='bbox 1674 2077 1781 2116; x_wconf 88' lang='lat' dir='ltr'><strong>una</strong></span> <span class='ocrx_word' id='word_1_160' title='bbox 1834 2060 1957 2114; x_wconf 84' lang='lat' dir='ltr'><strong>illu-</strong></span> 
     </span>
    </p>
   </div>
   <div class='ocr_carea' id='block_1_24' title="bbox 379 2151 1955 2223">
    <p class='ocr_par' dir='ltr' id='par_1_24' title="bbox 379 2151 1955 2223">
     <span class='ocr_line' id='line_1_24' title="bbox 379 2151 1955 2223; baseline -0.003 -11"><span class='ocrx_word' id='word_1_161' title='bbox 379 2155 617 2221; x_wconf 78' lang='lat' dir='ltr'><strong>strandi,</strong></span> <span class='ocrx_word' id='word_1_162' title='bbox 649 2154 817 2209; x_wconf 86' lang='lat' dir='ltr'><strong>altera</strong></span> <span class='ocrx_word' id='word_1_163' title='bbox 845 2154 1241 2219; x_wconf 85' lang='lat' dir='ltr'><strong>comburendi;</strong></span> <span class='ocrx_word' id='word_1_164' title='bbox 1276 2154 1518 2209; x_wconf 86' lang='lat' dir='ltr'><strong>suavitas</strong></span> <span class='ocrx_word' id='word_1_165' title='bbox 1556 2152 1776 2223; x_wconf 89' lang='lat' dir='ltr'><strong>quidem</strong></span> <span class='ocrx_word' id='word_1_166' title='bbox 1812 2151 1955 2222; x_wconf 81' lang='lat' dir='ltr'><strong>ignis</strong></span> 
     </span>
    </p>
   </div>
   <div class='ocr_carea' id='block_1_25' title="bbox 380 2245 1955 2318">
    <p class='ocr_par' dir='ltr' id='par_1_25' title="bbox 380 2245 1955 2318">
     <span class='ocr_line' id='line_1_25' title="bbox 380 2245 1955 2318; baseline -0.001 -16"><span class='ocrx_word' id='word_1_167' title='bbox 380 2257 543 2318; x_wconf 79' lang='lat' dir='ltr'><strong>atque</strong></span> <span class='ocrx_word' id='word_1_168' title='bbox 583 2246 892 2316; x_wconf 87' lang='lat' dir='ltr'><strong>jucunditas</strong></span> <span class='ocrx_word' id='word_1_169' title='bbox 943 2256 1225 2314; x_wconf 84' lang='lat' dir='ltr'><strong>permanet</strong></span> <span class='ocrx_word' id='word_1_170' title='bbox 1273 2246 1415 2315; x_wconf 88' lang='lat' dir='ltr'><strong>apud</strong></span> <span class='ocrx_word' id='word_1_171' title='bbox 1470 2245 1761 2310; x_wconf 86' lang='lat' dir='ltr'><strong>lsraelem,</strong></span> <span class='ocrx_word' id='word_1_172' title='bbox 1812 2246 1955 2301; x_wconf 82' lang='lat' dir='ltr'><strong>unde</strong></span> 
     </span>
    </p>
   </div>
   <div class='ocr_carea' id='block_1_26' title="bbox 382 2336 1954 2408">
    <p class='ocr_par' dir='ltr' id='par_1_26' title="bbox 382 2336 1954 2408">
     <span class='ocr_line' id='line_1_26' title="bbox 382 2336 1954 2408; baseline -0.002 -13"><span class='ocrx_word' id='word_1_173' title='bbox 382 2339 682 2403; x_wconf 82' lang='lat' dir='ltr'><strong>illustratur</strong></span> <span class='ocrx_word' id='word_1_174' title='bbox 714 2347 769 2392; x_wconf 91' lang='lat' dir='ltr'><strong>et</strong></span> <span class='ocrx_word' id='word_1_175' title='bbox 809 2336 1186 2408; x_wconf 83' lang='lat' dir='ltr'><strong>circumfulget</strong></span> <span class='ocrx_word' id='word_1_176' title='bbox 1220 2354 1234 2391; x_wconf 92' lang='lat'><strong>:</strong></span> <span class='ocrx_word' id='word_1_177' title='bbox 1283 2339 1425 2406; x_wconf 91' lang='lat' dir='ltr'><strong>quod</strong></span> <span class='ocrx_word' id='word_1_178' title='bbox 1454 2352 1580 2392; x_wconf 84' lang='lat' dir='ltr'><strong>vere</strong></span> <span class='ocrx_word' id='word_1_179' title='bbox 1611 2339 1664 2391; x_wconf 92' lang='lat' dir='ltr'><strong>in</strong></span> <span class='ocrx_word' id='word_1_180' title='bbox 1701 2352 1768 2393; x_wconf 89' lang='lat' dir='ltr'><strong>eo</strong></span> <span class='ocrx_word' id='word_1_181' title='bbox 1798 2352 1954 2392; x_wconf 86' lang='lat' dir='ltr'><strong>acer-</strong></span> 
     </span>
    </p>
   </div>
   <div class='ocr_carea' id='block_1_27' title="bbox 379 2427 1948 2499">
    <p class='ocr_par' dir='ltr' id='par_1_27' title="bbox 379 2427 1948 2499">
     <span class='ocr_line' id='line_1_27' title="bbox 379 2427 1948 2499; baseline -0.001 -15"><span class='ocrx_word' id='word_1_182' title='bbox 379 2431 508 2499; x_wconf 72' lang='lat' dir='ltr'><strong>bum</strong></span> <span class='ocrx_word' id='word_1_183' title='bbox 537 2440 645 2499; x_wconf 90' lang='lat' dir='ltr'><strong>est,</strong></span> <span class='ocrx_word' id='word_1_184' title='bbox 669 2439 725 2485; x_wconf 89' lang='lat' dir='ltr'><strong>et</strong></span> <span class='ocrx_word' id='word_1_185' title='bbox 763 2429 906 2498; x_wconf 89' lang='lat' dir='ltr'><strong>quod</strong></span> <span class='ocrx_word' id='word_1_186' title='bbox 949 2427 1262 2495; x_wconf 83' lang='lat' dir='ltr'><strong>excruciat,</strong></span> <span class='ocrx_word' id='word_1_187' title='bbox 1296 2428 1349 2483; x_wconf 88' lang='lat' dir='ltr'><strong>id</strong></span> <span class='ocrx_word' id='word_1_188' title='bbox 1383 2445 1510 2498; x_wconf 88' lang='lat' dir='ltr'><strong>pars</strong></span> <span class='ocrx_word' id='word_1_189' title='bbox 1539 2430 1645 2484; x_wconf 89' lang='lat' dir='ltr'><strong>erit</strong></span> <span class='ocrx_word' id='word_1_190' title='bbox 1676 2429 1819 2484; x_wconf 90' lang='lat' dir='ltr'><strong>illius</strong></span> <span class='ocrx_word' id='word_1_191' title='bbox 1852 2444 1948 2482; x_wconf 87' lang='lat' dir='ltr'><strong>su-</strong></span> 
     </span>
    </p>
   </div>
   <div class='ocr_carea' id='block_1_28' title="bbox 379 2505 1953 2597">
    <p class='ocr_par' dir='ltr' id='par_1_28' title="bbox 379 2505 1953 2597">
     <span class='ocr_line' id='line_1_28' title="bbox 379 2505 1953 2597; baseline 0.001 -23"><span class='ocrx_word' id='word_1_192' title='bbox 379 2520 566 2592; x_wconf 88' lang='lat' dir='ltr'><strong>perbi,</strong></span> <span class='ocrx_word' id='word_1_193' title='bbox 609 2505 732 2576; x_wconf 83' lang='lat' dir='ltr'><strong>eum</strong></span> <span class='ocrx_word' id='word_1_194' title='bbox 776 2530 836 2587; x_wconf 82' lang='lat' dir='ltr'><strong>ut</strong></span> <span class='ocrx_word' id='word_1_195' title='bbox 879 2528 1105 2585; x_wconf 79' lang='lat' dir='ltr'><strong>exurat,</strong></span> <span class='ocrx_word' id='word_1_196' title='bbox 1151 2526 1316 2597; x_wconf 87' lang='lat' dir='ltr'><strong>atque</strong></span> <span class='ocrx_word' id='word_1_197' title='bbox 1360 2535 1471 2590; x_wconf 66' lang='lat' dir='ltr'><strong>pra:</strong></span> <span class='ocrx_word' id='word_1_198' title='bbox 1513 2521 1710 2576; x_wconf 87' lang='lat' dir='ltr'><strong>ardore</strong></span> <span class='ocrx_word' id='word_1_199' title='bbox 1751 2518 1953 2575; x_wconf 79' lang='lat' dir='ltr'><strong>alliciat</strong></span> 
     </span>
    </p>
   </div>
   <div class='ocr_carea' id='block_1_29' title="bbox 380 2608 1953 2680">
    <p class='ocr_par' dir='ltr' id='par_1_29' title="bbox 380 2608 1953 2680">
     <span class='ocr_line' id='line_1_29' title="bbox 380 2608 1953 2680; baseline -0.001 -15"><span class='ocrx_word' id='word_1_200' title='bbox 380 2608 568 2671; x_wconf 87' lang='lat' dir='ltr'><strong>dolore</strong></span> <span class='ocrx_word' id='word_1_201' title='bbox 610 2609 1007 2665; x_wconf 86' lang='lat' dir='ltr'><strong>inconsolabili.</strong></span> <span class='ocrx_word' id='word_1_202' title='bbox 1046 2610 1113 2665; x_wconf 84' lang='lat' dir='ltr'><strong>Et</strong></span> <span class='ocrx_word' id='word_1_203' title='bbox 1156 2611 1501 2680; x_wconf 83' lang='lat' dir='ltr'><strong>sancti/icabit</strong></span> <span class='ocrx_word' id='word_1_204' title='bbox 1547 2610 1699 2664; x_wconf 81' lang='lat' dir='ltr'><strong>illum</strong></span> <span class='ocrx_word' id='word_1_205' title='bbox 1742 2610 1797 2664; x_wconf 79' lang='lat' dir='ltr'><strong>in</strong></span> <span class='ocrx_word' id='word_1_206' title='bbox 1834 2611 1953 2680; x_wconf 75' lang='lat' dir='ltr'><strong>igne</strong></span> 
     </span>
    </p>
   </div>
   <div class='ocr_carea' id='block_1_30' title="bbox 382 2700 1953 2772">
    <p class='ocr_par' dir='ltr' id='par_1_30' title="bbox 382 2700 1953 2772">
     <span class='ocr_line' id='line_1_30' title="bbox 382 2700 1953 2772; baseline 0.002 -19"><span class='ocrx_word' id='word_1_207' title='bbox 382 2709 588 2766; x_wconf 78' lang='lat' dir='ltr'><strong>urente,</strong></span> <span class='ocrx_word' id='word_1_208' title='bbox 608 2710 656 2754; x_wconf 86' lang='lat' dir='ltr'><strong>et</strong></span> <span class='ocrx_word' id='word_1_209' title='bbox 688 2701 953 2754; x_wconf 83' lang='lat' dir='ltr'><strong>devorabit</strong></span> <span class='ocrx_word' id='word_1_210' title='bbox 991 2702 1144 2772; x_wconf 87' lang='lat' dir='ltr'><strong>quasi</strong></span> <span class='ocrx_word' id='word_1_211' title='bbox 1170 2700 1348 2772; x_wconf 79' lang='lat' dir='ltr'><strong>fenum</strong></span> <span class='ocrx_word' id='word_1_212' title='bbox 1379 2702 1590 2755; x_wconf 83' lang='lat' dir='ltr'><strong>silvam.</strong></span> <span class='ocrx_word' id='word_1_213' title='bbox 1619 2701 1788 2756; x_wconf 87' lang='lat' dir='ltr'><strong>Docet</strong></span> <span class='ocrx_word' id='word_1_214' title='bbox 1812 2701 1953 2771; x_wconf 89' lang='lat' dir='ltr'><strong>ignis</strong></span> 
     </span>
    </p>
   </div>
   <div class='ocr_carea' id='block_1_31' title="bbox 387 2791 1951 2863">
    <p class='ocr_par' dir='ltr' id='par_1_31' title="bbox 387 2791 1951 2863">
     <span class='ocr_line' id='line_1_31' title="bbox 387 2791 1951 2863; baseline -0.001 -16"><span class='ocrx_word' id='word_1_215' title='bbox 387 2803 638 2850; x_wconf 87' lang='lat' dir='ltr'><strong>naturam</strong></span> <span class='ocrx_word' id='word_1_216' title='bbox 681 2806 801 2849; x_wconf 91' lang='lat' dir='ltr'><strong>esse</strong></span> <span class='ocrx_word' id='word_1_217' title='bbox 829 2807 1170 2863; x_wconf 85' lang='lat' dir='ltr'><strong>purgantem.</strong></span> <span class='ocrx_word' id='word_1_218' title='bbox 1220 2792 1593 2848; x_wconf 80' lang='lat' dir='ltr'><strong>Sanctiﬁcabit</strong></span> <span class='ocrx_word' id='word_1_219' title='bbox 1622 2793 1765 2847; x_wconf 89' lang='lat' dir='ltr'><strong>enim</strong></span> <span class='ocrx_word' id='word_1_220' title='bbox 1799 2791 1951 2846; x_wconf 87' lang='lat' dir='ltr'><strong>illum</strong></span> 
     </span>
    </p>
   </div>
   <div class='ocr_carea' id='block_1_32' title="bbox 383 2882 1951 2955">
    <p class='ocr_par' dir='ltr' id='par_1_32' title="bbox 383 2882 1951 2955">
     <span class='ocr_line' id='line_1_32' title="bbox 383 2882 1951 2955; baseline -0.001 -18"><span class='ocrx_word' id='word_1_221' title='bbox 383 2885 540 2955; x_wconf 82' lang='lat' dir='ltr'><strong>quasi</strong></span> <span class='ocrx_word' id='word_1_222' title='bbox 572 2883 624 2938; x_wconf 91' lang='lat' dir='ltr'><strong>in</strong></span> <span class='ocrx_word' id='word_1_223' title='bbox 671 2884 795 2954; x_wconf 83' lang='lat' dir='ltr'><strong>igne</strong></span> <span class='ocrx_word' id='word_1_224' title='bbox 834 2895 1047 2941; x_wconf 89' lang='lat' dir='ltr'><strong>urente.</strong></span> <span class='ocrx_word' id='word_1_225' title='bbox 1091 2882 1372 2951; x_wconf 87' lang='lat' dir='ltr'><strong>Quomodo</strong></span> <span class='ocrx_word' id='word_1_226' title='bbox 1405 2894 1586 2940; x_wconf 84' lang='lat' dir='ltr'><strong>autem</strong></span> <span class='ocrx_word' id='word_1_227' title='bbox 1634 2884 1771 2953; x_wconf 88' lang='lat' dir='ltr'><strong>ignis</strong></span> <span class='ocrx_word' id='word_1_228' title='bbox 1801 2888 1951 2953; x_wconf 89' lang='lat' dir='ltr'><strong>puri-</strong></span> 
     </span>
    </p>
   </div>
   <div class='ocr_carea' id='block_1_33' title="bbox 2046 421 3661 491">
    <p class='ocr_par' dir='ltr' id='par_1_33' title="bbox 2046 421 3661 491">
     <span class='ocr_line' id='line_1_33' title="bbox 2046 421 3661 491; baseline 0.002 -15"><span class='ocrx_word' id='word_1_229' title='bbox 2046 421 2173 491; x_wconf 76' lang='grc' dir='ltr'><strong>σὴν</strong></span> <span class='ocrx_word' id='word_1_230' title='bbox 2203 422 2394 488; x_wconf 80' lang='grc' dir='ltr'>δόξαν</span> <span class='ocrx_word' id='word_1_231' title='bbox 2422 423 2541 490; x_wconf 84' lang='grc' dir='ltr'>πῦρ</span> <span class='ocrx_word' id='word_1_232' title='bbox 2573 423 2891 491; x_wconf 73' lang='grc' dir='ltr'>καιόμενον</span> <span class='ocrx_word' id='word_1_233' title='bbox 2909 421 3417 487; x_wconf 71' lang='grc' dir='ltr'>καυθήσεται.Καὶ</span> <span class='ocrx_word' id='word_1_234' title='bbox 3443 424 3661 479; x_wconf 72' lang='grc' dir='ltr'>ἔσται</span> 
     </span>
    </p>
   </div>
   <div class='ocr_carea' id='block_1_34' title="bbox 2045 512 3662 583">
    <p class='ocr_par' dir='ltr' id='par_1_34' title="bbox 2045 512 3662 583">
     <span class='ocr_line' id='line_1_34' title="bbox 2045 512 3662 583; baseline 0.001 -14"><span class='ocrx_word' id='word_1_235' title='bbox 2045 515 2110 569; x_wconf 75' lang='grc' dir='ltr'>τὸ</span> <span class='ocrx_word' id='word_1_236' title='bbox 2137 512 2264 582; x_wconf 77' lang='grc' dir='ltr'>φῶς</span> <span class='ocrx_word' id='word_1_237' title='bbox 2291 513 2397 568; x_wconf 83' lang='grc' dir='ltr'>τοῦ</span> <span class='ocrx_word' id='word_1_238' title='bbox 2436 512 2685 582; x_wconf 67' lang='grc' dir='ltr'>Ἰσραὴλ</span> <span class='ocrx_word' id='word_1_239' title='bbox 2713 516 2799 579; x_wconf 72' lang='grc' dir='ltr'>εὶς</span> <span class='ocrx_word' id='word_1_240' title='bbox 2830 512 2970 581; x_wconf 85' lang='grc' dir='ltr'>πῦρ,</span> <span class='ocrx_word' id='word_1_241' title='bbox 3000 514 3099 567; x_wconf 76' lang='grc' dir='ltr'>καὶ</span> <span class='ocrx_word' id='word_1_242' title='bbox 3152 513 3387 583; x_wconf 81' lang='grc' dir='ltr'>ἁγιάσει</span> <span class='ocrx_word' id='word_1_243' title='bbox 3427 515 3662 571; x_wconf 73' lang='grc' dir='ltr'>αὐτὸν</span> 
     </span>
    </p>
   </div>
   <div class='ocr_carea' id='block_1_35' title="bbox 2044 603 3660 677">
    <p class='ocr_par' dir='ltr' id='par_1_35' title="bbox 2044 603 3660 677">
     <span class='ocr_line' id='line_1_35' title="bbox 2044 603 3660 677; baseline 0.002 -18"><span class='ocrx_word' id='word_1_244' title='bbox 2044 606 2115 659; x_wconf 80' lang='grc' dir='ltr'>ἐν</span> <span class='ocrx_word' id='word_1_245' title='bbox 2140 607 2285 674; x_wconf 71' lang='grc' dir='ltr'>πυρὶ</span> <span class='ocrx_word' id='word_1_246' title='bbox 2325 604 2637 674; x_wconf 82' lang='grc' dir='ltr'>καιομένῳ,</span> <span class='ocrx_word' id='word_1_247' title='bbox 2667 604 2764 658; x_wconf 75' lang='grc' dir='ltr'><strong>καὶ</strong></span> <span class='ocrx_word' id='word_1_248' title='bbox 2805 603 3052 674; x_wconf 66' lang='grc' dir='ltr'>φάγεται</span> <span class='ocrx_word' id='word_1_249' title='bbox 3080 605 3223 659; x_wconf 76' lang='grc' dir='ltr'>ὡσεὶ</span> <span class='ocrx_word' id='word_1_250' title='bbox 3252 607 3475 675; x_wconf 80' lang='grc' dir='ltr'><strong>χόρτον</strong></span> <span class='ocrx_word' id='word_1_251' title='bbox 3510 607 3660 677; x_wconf 73' lang='grc' dir='ltr'>τὴν</span> 
     </span>
    </p>
   </div>
   <div class='ocr_carea' id='block_1_36' title="bbox 2047 694 3654 769">
    <p class='ocr_par' dir='ltr' id='par_1_36' title="bbox 2047 694 3654 769">
     <span class='ocr_line' id='line_1_36' title="bbox 2047 694 3654 769; baseline 0.002 -20"><span class='ocrx_word' id='word_1_252' title='bbox 2047 696 2226 762; x_wconf 71' lang='grc' dir='ltr'>ὓλην.</span> <span class='ocrx_word' id='word_1_253' title='bbox 2258 694 2408 766; x_wconf 75' lang='grc' dir='ltr'>Αὕτη</span> <span class='ocrx_word' id='word_1_254' title='bbox 2436 698 2470 767; x_wconf 74' lang='grc' dir='ltr'><strong>ἡ</strong></span> <span class='ocrx_word' id='word_1_255' title='bbox 2508 694 2821 765; x_wconf 82' lang='grc' dir='ltr'>ἀντιμισθία</span> <span class='ocrx_word' id='word_1_256' title='bbox 2850 696 2948 765; x_wconf 85' lang='grc' dir='ltr'>τῆς</span> <span class='ocrx_word' id='word_1_257' title='bbox 2978 695 3172 765; x_wconf 84' lang='grc' dir='ltr'><strong>ἀλόγου</strong></span> <span class='ocrx_word' id='word_1_258' title='bbox 3215 697 3654 769; x_wconf 78' lang='grc' dir='ltr'><strong>ὑπερηφανίας.</strong></span> 
     </span>
    </p>
   </div>
   <div class='ocr_carea' id='block_1_37' title="bbox 2060 785 3658 858">
    <p class='ocr_par' dir='ltr' id='par_1_37' title="bbox 2060 785 3658 858">
     <span class='ocr_line' id='line_1_37' title="bbox 2060 785 3658 858; baseline 0.004 -20"><span class='ocrx_word' id='word_1_259' title='bbox 2060 786 2277 858; x_wconf 83' lang='grc' dir='ltr'><strong>Ἐπειδὴ</strong></span> <span class='ocrx_word' id='word_1_260' title='bbox 2303 786 2426 840; x_wconf 82' lang='grc' dir='ltr'>νοῦν</span> <span class='ocrx_word' id='word_1_261' title='bbox 2452 785 2624 856; x_wconf 81' lang='grc' dir='ltr'>μέγαν</span> <span class='ocrx_word' id='word_1_262' title='bbox 2651 786 2837 840; x_wconf 75' lang='grc' dir='ltr'>ἑαυτὸν</span> <span class='ocrx_word' id='word_1_263' title='bbox 2869 787 3254 858; x_wconf 79' lang='grc' dir='ltr'><strong>ἀποσεμνύνων</strong></span> <span class='ocrx_word' id='word_1_264' title='bbox 3281 788 3493 858; x_wconf 81' lang='grc' dir='ltr'>ἔλεγες,</span> <span class='ocrx_word' id='word_1_265' title='bbox 3540 791 3658 844; x_wconf 72' lang='grc' dir='ltr'>καὶ</span> 
     </span>
    </p>
   </div>
   <div class='ocr_carea' id='block_1_38' title="bbox 2046 877 3658 950">
    <p class='ocr_par' dir='ltr' id='par_1_38' title="bbox 2046 877 3658 950">
     <span class='ocr_line' id='line_1_38' title="bbox 2046 877 3658 950; baseline 0.005 -21"><span class='ocrx_word' id='word_1_266' title='bbox 2046 877 2124 948; x_wconf 82' lang='grc' dir='ltr'><strong>τῷ</strong></span> <span class='ocrx_word' id='word_1_267' title='bbox 2159 877 2282 947; x_wconf 76' lang='grc' dir='ltr'>ὕψει</span> <span class='ocrx_word' id='word_1_268' title='bbox 2315 880 2412 948; x_wconf 80' lang='grc' dir='ltr'>τῆς</span> <span class='ocrx_word' id='word_1_269' title='bbox 2426 877 2579 948; x_wconf 77' lang='grc' dir='ltr'>δόξης</span> <span class='ocrx_word' id='word_1_270' title='bbox 2602 877 2710 931; x_wconf 86' lang='grc' dir='ltr'><strong>τῶν</strong></span> <span class='ocrx_word' id='word_1_271' title='bbox 2740 878 3031 950; x_wconf 61' lang='grc' dir='ltr'>ὀφθαλμῶν</span> <span class='ocrx_word' id='word_1_272' title='bbox 3059 878 3389 950; x_wconf 79' lang='grc' dir='ltr'>ὲπηγάλλου,</span> <span class='ocrx_word' id='word_1_273' title='bbox 3450 883 3658 937; x_wconf 77' lang='grc' dir='ltr'>Ἀπο-</span> 
     </span>
    </p>
   </div>
   <div class='ocr_carea' id='block_1_39' title="bbox 2047 967 3653 1041">
    <p class='ocr_par' dir='ltr' id='par_1_39' title="bbox 2047 967 3653 1041">
     <span class='ocr_line' id='line_1_39' title="bbox 2047 967 3653 1041; baseline 0.004 -21"><span class='ocrx_word' id='word_1_274' title='bbox 2047 967 2257 1021; x_wconf 77' lang='grc' dir='ltr'>στελεῖ</span> <span class='ocrx_word' id='word_1_275' title='bbox 2300 967 2411 1037; x_wconf 69' lang='grc'><strong>(24)</strong></span> <span class='ocrx_word' id='word_1_276' title='bbox 2463 968 2679 1037; x_wconf 83' lang='grc' dir='ltr'>Κύριος</span> <span class='ocrx_word' id='word_1_277' title='bbox 2706 968 2945 1036; x_wconf 79' lang='grc' dir='ltr'><strong>ἀτιμίαν</strong></span> <span class='ocrx_word' id='word_1_278' title='bbox 2977 969 3065 1033; x_wconf 80' lang='grc' dir='ltr'>εἰς</span> <span class='ocrx_word' id='word_1_279' title='bbox 3097 968 3211 1036; x_wconf 82' lang='grc' dir='ltr'>τὴν</span> <span class='ocrx_word' id='word_1_280' title='bbox 3254 968 3378 1038; x_wconf 77' lang='grc' dir='ltr'><strong>σὴν</strong></span> <span class='ocrx_word' id='word_1_281' title='bbox 3414 972 3653 1041; x_wconf 76' lang='grc' dir='ltr'>τιμὴν,</span> 
     </span>
    </p>
   </div>
   <div class='ocr_carea' id='block_1_40' title="bbox 2012 1057 3654 1133">
    <p class='ocr_par' dir='ltr' id='par_1_40' title="bbox 2012 1057 3654 1133">
     <span class='ocr_line' id='line_1_40' title="bbox 2012 1057 3654 1133; baseline 0.005 -24"><span class='ocrx_word' id='word_1_282' title='bbox 2012 1072 2015 1075; x_wconf 79' lang='lat'><strong><em>&#39;</em></strong></span> <span class='ocrx_word' id='word_1_283' title='bbox 2051 1057 2161 1127; x_wconf 78' lang='grc' dir='ltr'>πῦρ</span> <span class='ocrx_word' id='word_1_284' title='bbox 2184 1057 2241 1109; x_wconf 88' lang='grc' dir='ltr'>δὲ</span> <span class='ocrx_word' id='word_1_285' title='bbox 2283 1059 2361 1120; x_wconf 87' lang='grc' dir='ltr'>εἰς</span> <span class='ocrx_word' id='word_1_286' title='bbox 2408 1057 2505 1128; x_wconf 79' lang='grc' dir='ltr'>τὴν</span> <span class='ocrx_word' id='word_1_287' title='bbox 2545 1057 2700 1124; x_wconf 85' lang='grc' dir='ltr'>δόξαν</span> <span class='ocrx_word' id='word_1_288' title='bbox 2735 1074 2850 1114; x_wconf 81' lang='grc' dir='ltr'>σου.</span> <span class='ocrx_word' id='word_1_289' title='bbox 2889 1058 3102 1130; x_wconf 83' lang='grc' dir='ltr'>Ἐπειδὴ</span> <span class='ocrx_word' id='word_1_290' title='bbox 3131 1060 3239 1130; x_wconf 81' lang='grc' dir='ltr'>γὰρ</span> <span class='ocrx_word' id='word_1_291' title='bbox 3268 1061 3654 1133; x_wconf 83' lang='grc' dir='ltr'>ἀφαιρεῖσθαι</span> 
     </span>
    </p>
   </div>
   <div class='ocr_carea' id='block_1_41' title="bbox 2046 1148 3653 1222">
    <p class='ocr_par' dir='ltr' id='par_1_41' title="bbox 2046 1148 3653 1222">
     <span class='ocr_line' id='line_1_41' title="bbox 2046 1148 3653 1222; baseline 0.004 -21"><span class='ocrx_word' id='word_1_292' title='bbox 2046 1148 2288 1218; x_wconf 74' lang='grc' dir='ltr'><strong>ἠπείλεις</strong></span> <span class='ocrx_word' id='word_1_293' title='bbox 2314 1149 2434 1219; x_wconf 83' lang='grc' dir='ltr'>ὅρια</span> <span class='ocrx_word' id='word_1_294' title='bbox 2462 1148 2650 1213; x_wconf 77' lang='grc' dir='ltr'>ἐθνῶν,</span> <span class='ocrx_word' id='word_1_295' title='bbox 2680 1151 2772 1202; x_wconf 81' lang='grc' dir='ltr'><strong>καὶ</strong></span> <span class='ocrx_word' id='word_1_296' title='bbox 2802 1149 2966 1203; x_wconf 79' lang='grc' dir='ltr'>σείειν</span> <span class='ocrx_word' id='word_1_297' title='bbox 2993 1150 3172 1215; x_wconf 81' lang='grc' dir='ltr'>πόλεις</span> <span class='ocrx_word' id='word_1_298' title='bbox 3197 1151 3307 1222; x_wconf 74' lang='grc'><strong>(25)</strong></span> <span class='ocrx_word' id='word_1_299' title='bbox 3332 1171 3653 1208; x_wconf 78' lang='grc' dir='ltr'>κατοικου-</span> 
     </span>
    </p>
   </div>
   <div class='ocr_carea' id='block_1_42' title="bbox 2051 1239 3652 1315">
    <p class='ocr_par' dir='ltr' id='par_1_42' title="bbox 2051 1239 3652 1315">
     <span class='ocr_line' id='line_1_42' title="bbox 2051 1239 3652 1315; baseline 0.002 -21"><span class='ocrx_word' id='word_1_300' title='bbox 2051 1239 2236 1309; x_wconf 80' lang='grc' dir='ltr'>μὲνας,</span> <span class='ocrx_word' id='word_1_301' title='bbox 2280 1243 2374 1294; x_wconf 79' lang='grc' dir='ltr'><strong>καὶ</strong></span> <span class='ocrx_word' id='word_1_302' title='bbox 2408 1241 2809 1312; x_wconf 79' lang='grc' dir='ltr'><strong>καταλήψεσθαι</strong></span> <span class='ocrx_word' id='word_1_303' title='bbox 2843 1242 2942 1314; x_wconf 83' lang='grc' dir='ltr'>τὴν</span> <span class='ocrx_word' id='word_1_304' title='bbox 2989 1242 3118 1314; x_wconf 84' lang='grc' dir='ltr'>ὃλην</span> <span class='ocrx_word' id='word_1_305' title='bbox 3165 1244 3493 1315; x_wconf 75' lang='grc' dir='ltr'><strong>οἰκουμένην</strong></span> <span class='ocrx_word' id='word_1_306' title='bbox 3557 1245 3652 1310; x_wconf 84' lang='grc' dir='ltr'>ὡς</span> 
     </span>
    </p>
   </div>
   <div class='ocr_carea' id='block_1_43' title="bbox 2049 1332 3654 1406">
    <p class='ocr_par' dir='ltr' id='par_1_43' title="bbox 2049 1332 3654 1406">
     <span class='ocr_line' id='line_1_43' title="bbox 2049 1332 3654 1406; baseline 0.004 -23"><span class='ocrx_word' id='word_1_307' title='bbox 2049 1332 2289 1397; x_wconf 76' lang='grc' dir='ltr'>νοσσιὰν,</span> <span class='ocrx_word' id='word_1_308' title='bbox 2317 1333 2410 1386; x_wconf 78' lang='grc' dir='ltr'><strong>καὶ</strong></span> <span class='ocrx_word' id='word_1_309' title='bbox 2455 1332 2532 1396; x_wconf 82' lang='grc' dir='ltr'>ὡς</span> <span class='ocrx_word' id='word_1_310' title='bbox 2570 1333 2652 1386; x_wconf 83' lang='grc' dir='ltr'><strong>ὠὰ</strong></span> <span class='ocrx_word' id='word_1_311' title='bbox 2672 1333 3208 1404; x_wconf 75' lang='grc' dir='ltr'><strong>ἐγκαταλελειμμένα</strong></span> <span class='ocrx_word' id='word_1_312' title='bbox 3231 1335 3424 1406; x_wconf 76' lang='grc' dir='ltr'>αἴρειν,</span> <span class='ocrx_word' id='word_1_313' title='bbox 3460 1335 3654 1406; x_wconf 74' lang='grc' dir='ltr'>μηδε-</span> 
     </span>
    </p>
   </div>
   <div class='ocr_carea' id='block_1_44' title="bbox 2049 1424 3650 1497">
    <p class='ocr_par' dir='ltr' id='par_1_44' title="bbox 2049 1424 3650 1497">
     <span class='ocr_line' id='line_1_44' title="bbox 2049 1424 3650 1497; baseline 0.002 -20"><span class='ocrx_word' id='word_1_314' title='bbox 2049 1424 2137 1488; x_wconf 84' lang='grc' dir='ltr'><strong>νὸς</strong></span> <span class='ocrx_word' id='word_1_315' title='bbox 2166 1424 2569 1494; x_wconf 75' lang='grc' dir='ltr'>διαφεύγοντος,</span> <span class='ocrx_word' id='word_1_316' title='bbox 2627 1427 2761 1497; x_wconf 84' lang='grc' dir='ltr'>μηδὲ</span> <span class='ocrx_word' id='word_1_317' title='bbox 2787 1425 2883 1479; x_wconf 78' lang='grc' dir='ltr'>τοῦ</span> <span class='ocrx_word' id='word_1_318' title='bbox 2920 1426 3291 1496; x_wconf 78' lang='grc' dir='ltr'>ἀντιλέγοντος</span> <span class='ocrx_word' id='word_1_319' title='bbox 3326 1427 3503 1491; x_wconf 78' lang='grc' dir='ltr'>ὄντος·</span> <span class='ocrx_word' id='word_1_320' title='bbox 3540 1428 3650 1482; x_wconf 73' lang='grc' dir='ltr'><strong>διὰ</strong></span> 
     </span>
    </p>
   </div>
   <div class='ocr_carea' id='block_1_45' title="bbox 2049 1515 3647 1586">
    <p class='ocr_par' dir='ltr' id='par_1_45' title="bbox 2049 1515 3647 1586">
     <span class='ocr_line' id='line_1_45' title="bbox 2049 1515 3647 1586; baseline 0.003 -16"><span class='ocrx_word' id='word_1_321' title='bbox 2049 1516 2209 1571; x_wconf 77' lang='grc' dir='ltr'>τοῦτο</span> <span class='ocrx_word' id='word_1_322' title='bbox 2249 1518 2377 1584; x_wconf 79' lang='grc' dir='ltr'><strong>Πῦρ</strong></span> <span class='ocrx_word' id='word_1_323' title='bbox 2415 1518 2731 1586; x_wconf 80' lang='grc' dir='ltr'>καιόμενον</span> <span class='ocrx_word' id='word_1_324' title='bbox 2787 1515 3170 1583; x_wconf 69' lang='grc' dir='ltr'><strong>καυθήσεται,</strong></span> <span class='ocrx_word' id='word_1_325' title='bbox 3208 1518 3306 1572; x_wconf 80' lang='grc' dir='ltr'><strong>καὶ</strong></span> <span class='ocrx_word' id='word_1_326' title='bbox 3342 1517 3520 1572; x_wconf 79' lang='grc' dir='ltr'>ἔσται</span> <span class='ocrx_word' id='word_1_327' title='bbox 3567 1519 3647 1574; x_wconf 80' lang='grc' dir='ltr'>τὸ</span> 
     </span>
    </p>
   </div>
   <div class='ocr_carea' id='block_1_46' title="bbox 2050 1608 3643 1683">
    <p class='ocr_par' dir='ltr' id='par_1_46' title="bbox 2050 1608 3643 1683">
     <span class='ocr_line' id='line_1_46' title="bbox 2050 1608 3643 1683; baseline 0.002 -21"><span class='ocrx_word' id='word_1_328' title='bbox 2050 1608 2174 1678; x_wconf 69' lang='grc' dir='ltr'>φῶς</span> <span class='ocrx_word' id='word_1_329' title='bbox 2193 1609 2298 1663; x_wconf 89' lang='grc' dir='ltr'>τοῦ</span> <span class='ocrx_word' id='word_1_330' title='bbox 2349 1608 2595 1678; x_wconf 77' lang='grc' dir='ltr'>Ἰσραὴλ</span> <span class='ocrx_word' id='word_1_331' title='bbox 2620 1613 2707 1676; x_wconf 84' lang='grc' dir='ltr'>εὶς</span> <span class='ocrx_word' id='word_1_332' title='bbox 2736 1610 2877 1678; x_wconf 81' lang='grc' dir='ltr'>πῦρ.</span> <span class='ocrx_word' id='word_1_333' title='bbox 2907 1611 3437 1682; x_wconf 82' lang='grc' dir='ltr'>Περιστραφήσεται,</span> <span class='ocrx_word' id='word_1_334' title='bbox 3466 1613 3643 1683; x_wconf 77' lang='grc' dir='ltr'>φησὶ,</span> 
     </span>
    </p>
   </div>
   <div class='ocr_carea' id='block_1_47' title="bbox 2052 1701 3641 1775">
    <p class='ocr_par' dir='ltr' id='par_1_47' title="bbox 2052 1701 3641 1775">
     <span class='ocr_line' id='line_1_47' title="bbox 2052 1701 3641 1775; baseline 0.001 -21"><span class='ocrx_word' id='word_1_335' title='bbox 2052 1701 2161 1756; x_wconf 89' lang='grc' dir='ltr'><strong>τῶν</strong></span> <span class='ocrx_word' id='word_1_336' title='bbox 2213 1702 2555 1773; x_wconf 73' lang='grc' dir='ltr'>πραγμάτων</span> <span class='ocrx_word' id='word_1_337' title='bbox 2602 1704 2636 1773; x_wconf 74' lang='grc' dir='ltr'><strong>ἠ</strong></span> <span class='ocrx_word' id='word_1_338' title='bbox 2680 1703 3030 1767; x_wconf 82' lang='grc' dir='ltr'>κατάστασις,</span> <span class='ocrx_word' id='word_1_339' title='bbox 3055 1703 3151 1757; x_wconf 74' lang='grc' dir='ltr'>καὶ</span> <span class='ocrx_word' id='word_1_340' title='bbox 3170 1704 3226 1758; x_wconf 77' lang='grc' dir='ltr'><strong>ὲν</strong></span> <span class='ocrx_word' id='word_1_341' title='bbox 3256 1703 3641 1775; x_wconf 79' lang='grc' dir='ltr'><strong>λαμπρότητι,</strong></span> 
     </span>
    </p>
   </div>
   <div class='ocr_carea' id='block_1_48' title="bbox 2054 1789 3643 1863">
    <p class='ocr_par' dir='ltr' id='par_1_48' title="bbox 2054 1789 3643 1863">
     <span class='ocr_line' id='line_1_48' title="bbox 2054 1789 3643 1863; baseline -0.001 -20"><span class='ocrx_word' id='word_1_342' title='bbox 2054 1791 2238 1861; x_wconf 78' lang='grc' dir='ltr'>φησὶν,</span> <span class='ocrx_word' id='word_1_343' title='bbox 2273 1791 2425 1843; x_wconf 78' lang='grc' dir='ltr'>ἔσται</span> <span class='ocrx_word' id='word_1_344' title='bbox 2474 1793 2504 1844; x_wconf 89' lang='grc' dir='ltr'><strong>ὀ</strong></span> <span class='ocrx_word' id='word_1_345' title='bbox 2542 1791 2759 1863; x_wconf 82' lang='grc' dir='ltr'>Ἰσραὴλ</span> <span class='ocrx_word' id='word_1_346' title='bbox 2785 1791 2814 1843; x_wconf 87' lang='grc' dir='ltr'>ὁ</span> <span class='ocrx_word' id='word_1_347' title='bbox 2853 1791 2947 1845; x_wconf 74' lang='grc' dir='ltr'>νῦν</span> <span class='ocrx_word' id='word_1_348' title='bbox 2992 1791 3476 1860; x_wconf 77' lang='grc' dir='ltr'>τεταπεινωμένος,</span> <span class='ocrx_word' id='word_1_349' title='bbox 3533 1789 3643 1843; x_wconf 72' lang='grc' dir='ltr'>καὶ</span> 
     </span>
    </p>
   </div>
   <div class='ocr_carea' id='block_1_49' title="bbox 2055 1880 3639 1952">
    <p class='ocr_par' dir='ltr' id='par_1_49' title="bbox 2055 1880 3639 1952">
     <span class='ocr_line' id='line_1_49' title="bbox 2055 1880 3639 1952; baseline -0.001 -17"><span class='ocrx_word' id='word_1_350' title='bbox 2055 1884 2139 1935; x_wconf 76' lang='grc' dir='ltr'><strong>σοὶ</strong></span> <span class='ocrx_word' id='word_1_351' title='bbox 2166 1882 2597 1952; x_wconf 82' lang='grc' dir='ltr'>παραδεδομένος</span> <span class='ocrx_word' id='word_1_352' title='bbox 2634 1882 2723 1936; x_wconf 83' lang='grc' dir='ltr'>διὰ</span> <span class='ocrx_word' id='word_1_353' title='bbox 2744 1881 2843 1952; x_wconf 83' lang='grc' dir='ltr'>τὴν</span> <span class='ocrx_word' id='word_1_354' title='bbox 2875 1882 3149 1952; x_wconf 84' lang='grc' dir='ltr'>ἁμαρτίαν</span> <span class='ocrx_word' id='word_1_355' title='bbox 3174 1882 3254 1944; x_wconf 75' lang='grc' dir='ltr'><strong>εἰς</strong></span> <span class='ocrx_word' id='word_1_356' title='bbox 3277 1880 3521 1937; x_wconf 78' lang='grc' dir='ltr'>κόλασιν.</span> <span class='ocrx_word' id='word_1_357' title='bbox 3565 1881 3639 1934; x_wconf 82' lang='grc' dir='ltr'><strong>Ἠ</strong></span> 
     </span>
    </p>
   </div>
   <div class='ocr_carea' id='block_1_50' title="bbox 2053 1969 3643 2044">
    <p class='ocr_par' dir='ltr' id='par_1_50' title="bbox 2053 1969 3643 2044">
     <span class='ocr_line' id='line_1_50' title="bbox 2053 1969 3643 2044; baseline -0.001 -18"><span class='ocrx_word' id='word_1_358' title='bbox 2053 1969 2144 2026; x_wconf 74' lang='grc' dir='ltr'>οὖν</span> <span class='ocrx_word' id='word_1_359' title='bbox 2174 1974 2380 2026; x_wconf 80' lang='grc' dir='ltr'>ἐκείνου</span> <span class='ocrx_word' id='word_1_360' title='bbox 2416 1973 2743 2044; x_wconf 82' lang='grc' dir='ltr'>περιφάνεια</span> <span class='ocrx_word' id='word_1_361' title='bbox 2777 1971 2887 2043; x_wconf 75' lang='lat'><strong>(‘26)</strong></span> <span class='ocrx_word' id='word_1_362' title='bbox 2920 1974 2999 2035; x_wconf 80' lang='grc' dir='ltr'><strong>είς</strong></span> <span class='ocrx_word' id='word_1_363' title='bbox 3021 1971 3321 2043; x_wconf 76' lang='grc' dir='ltr'>ἀφανισμόν</span> <span class='ocrx_word' id='word_1_364' title='bbox 3355 1989 3437 2025; x_wconf 85' lang='grc' dir='ltr'><strong>σοι</strong></span> <span class='ocrx_word' id='word_1_365' title='bbox 3462 1973 3643 2043; x_wconf 76' lang='grc' dir='ltr'>γενή-</span> 
     </span>
    </p>
   </div>
   <div class='ocr_carea' id='block_1_51' title="bbox 2055 2060 3637 2132">
    <p class='ocr_par' dir='ltr' id='par_1_51' title="bbox 2055 2060 3637 2132">
     <span class='ocr_line' id='line_1_51' title="bbox 2055 2060 3637 2132; baseline 0 -18"><span class='ocrx_word' id='word_1_366' title='bbox 2055 2079 2224 2116; x_wconf 88' lang='grc' dir='ltr'>σεται.</span> <span class='ocrx_word' id='word_1_367' title='bbox 2259 2062 2465 2115; x_wconf 83' lang='grc' dir='ltr'>Ἔσται</span> <span class='ocrx_word' id='word_1_368' title='bbox 2492 2062 2624 2131; x_wconf 72' lang='grc' dir='ltr'>γὰρ,</span> <span class='ocrx_word' id='word_1_369' title='bbox 2659 2063 2813 2132; x_wconf 63' lang='grc' dir='ltr'>φησι,</span> <span class='ocrx_word' id='word_1_370' title='bbox 2844 2061 2909 2115; x_wconf 85' lang='grc' dir='ltr'>τὸ</span> <span class='ocrx_word' id='word_1_371' title='bbox 2931 2060 3056 2131; x_wconf 68' lang='grc' dir='ltr'>φῶς</span> <span class='ocrx_word' id='word_1_372' title='bbox 3085 2062 3191 2116; x_wconf 86' lang='grc' dir='ltr'>τοῦ</span> <span class='ocrx_word' id='word_1_373' title='bbox 3246 2061 3495 2129; x_wconf 73' lang='grc' dir='ltr'><strong>Ἰσραὴλ</strong></span> <span class='ocrx_word' id='word_1_374' title='bbox 3541 2064 3637 2128; x_wconf 82' lang='grc' dir='ltr'><strong>εις</strong></span> 
     </span>
    </p>
   </div>
   <div class='ocr_carea' id='block_1_52' title="bbox 2054 2153 3635 2226">
    <p class='ocr_par' dir='ltr' id='par_1_52' title="bbox 2054 2153 3635 2226">
     <span class='ocr_line' id='line_1_52' title="bbox 2054 2153 3635 2226; baseline -0.002 -18"><span class='ocrx_word' id='word_1_375' title='bbox 2054 2155 2194 2224; x_wconf 77' lang='grc' dir='ltr'>πῦρ.</span> <span class='ocrx_word' id='word_1_376' title='bbox 2241 2156 2350 2209; x_wconf 78' lang='grc' dir='ltr'>Καὶ</span> <span class='ocrx_word' id='word_1_377' title='bbox 2383 2154 2475 2208; x_wconf 75' lang='grc' dir='ltr'>δύο</span> <span class='ocrx_word' id='word_1_378' title='bbox 2498 2154 2785 2226; x_wconf 78' lang='grc' dir='ltr'>ἐνεργειῶν</span> <span class='ocrx_word' id='word_1_379' title='bbox 2808 2154 3140 2226; x_wconf 71' lang='grc' dir='ltr'>οὐσῶνσπερὶ</span> <span class='ocrx_word' id='word_1_380' title='bbox 3171 2154 3233 2206; x_wconf 82' lang='grc' dir='ltr'><strong>τὸ</strong></span> <span class='ocrx_word' id='word_1_381' title='bbox 3269 2153 3403 2225; x_wconf 84' lang='grc' dir='ltr'>πῦρ,</span> <span class='ocrx_word' id='word_1_382' title='bbox 3434 2153 3541 2221; x_wconf 78' lang='grc' dir='ltr'>τῆς</span> <span class='ocrx_word' id='word_1_383' title='bbox 3565 2169 3635 2206; x_wconf 83' lang='grc' dir='ltr'><strong>τε</strong></span> 
     </span>
    </p>
   </div>
   <div class='ocr_carea' id='block_1_53' title="bbox 2054 2244 3636 2316">
    <p class='ocr_par' dir='ltr' id='par_1_53' title="bbox 2054 2244 3636 2316">
     <span class='ocr_line' id='line_1_53' title="bbox 2054 2244 3636 2316; baseline -0.001 -18"><span class='ocrx_word' id='word_1_384' title='bbox 2054 2247 2388 2315; x_wconf 74' lang='grc' dir='ltr'>φωτιστικῆς</span> <span class='ocrx_word' id='word_1_385' title='bbox 2440 2246 2535 2299; x_wconf 76' lang='grc' dir='ltr'><strong>καὶ</strong></span> <span class='ocrx_word' id='word_1_386' title='bbox 2573 2245 2673 2315; x_wconf 82' lang='grc' dir='ltr'>τῆς</span> <span class='ocrx_word' id='word_1_387' title='bbox 2728 2244 3044 2316; x_wconf 61' lang='grc' dir='ltr'>καυστικῆς·</span> <span class='ocrx_word' id='word_1_388' title='bbox 3090 2246 3151 2300; x_wconf 84' lang='grc' dir='ltr'><strong>τὸ</strong></span> <span class='ocrx_word' id='word_1_389' title='bbox 3187 2246 3285 2316; x_wconf 81' lang='grc' dir='ltr'>μὲν</span> <span class='ocrx_word' id='word_1_390' title='bbox 3318 2245 3490 2313; x_wconf 74' lang='grc' dir='ltr'>γλυκὺ</span> <span class='ocrx_word' id='word_1_391' title='bbox 3535 2244 3636 2298; x_wconf 77' lang='grc' dir='ltr'><strong>καὶ</strong></span> 
     </span>
    </p>
   </div>
   <div class='ocr_carea' id='block_1_54' title="bbox 2053 2337 3633 2409">
    <p class='ocr_par' dir='ltr' id='par_1_54' title="bbox 2053 2337 3633 2409">
     <span class='ocr_line' id='line_1_54' title="bbox 2053 2337 3633 2409; baseline -0.001 -19"><span class='ocrx_word' id='word_1_392' title='bbox 2053 2338 2241 2408; x_wconf 84' lang='grc' dir='ltr'>χαρίεν</span> <span class='ocrx_word' id='word_1_393' title='bbox 2284 2339 2377 2390; x_wconf 80' lang='grc' dir='ltr'>τοῦ</span> <span class='ocrx_word' id='word_1_394' title='bbox 2430 2337 2600 2409; x_wconf 83' lang='grc' dir='ltr'>πυρὸς</span> <span class='ocrx_word' id='word_1_395' title='bbox 2643 2337 2720 2409; x_wconf 80' lang='grc' dir='ltr'>τῷ</span> <span class='ocrx_word' id='word_1_396' title='bbox 2763 2337 2973 2409; x_wconf 81' lang='grc' dir='ltr'>Ἰσραὴλ</span> <span class='ocrx_word' id='word_1_397' title='bbox 3032 2340 3356 2409; x_wconf 81' lang='grc' dir='ltr'>παραμενεῖ,</span> <span class='ocrx_word' id='word_1_398' title='bbox 3394 2337 3633 2406; x_wconf 71' lang='grc' dir='ltr'>φωτίζον</span> 
     </span>
    </p>
   </div>
   <div class='ocr_carea' id='block_1_55' title="bbox 2053 2428 3633 2507">
    <p class='ocr_par' dir='ltr' id='par_1_55' title="bbox 2053 2428 3633 2507">
     <span class='ocr_line' id='line_1_55' title="bbox 2053 2428 3633 2507; baseline -0.003 -22"><span class='ocrx_word' id='word_1_399' title='bbox 2053 2430 2212 2498; x_wconf 80' lang='grc' dir='ltr'>αὐτὸν</span> <span class='ocrx_word' id='word_1_400' title='bbox 2261 2430 2354 2485; x_wconf 73' lang='grc' dir='ltr'><strong>καὶ</strong></span> <span class='ocrx_word' id='word_1_401' title='bbox 2387 2430 2748 2507; x_wconf 70' lang='grc' dir='ltr'>περιλάμποψ</span> <span class='ocrx_word' id='word_1_402' title='bbox 2795 2429 2857 2499; x_wconf 72' lang='grc' dir='ltr'>τὸ</span> <span class='ocrx_word' id='word_1_403' title='bbox 2882 2429 2940 2482; x_wconf 78' lang='grc' dir='ltr'>δὲ</span> <span class='ocrx_word' id='word_1_404' title='bbox 2968 2428 3163 2500; x_wconf 82' lang='grc' dir='ltr'>πικρὸν</span> <span class='ocrx_word' id='word_1_405' title='bbox 3201 2428 3295 2482; x_wconf 78' lang='grc' dir='ltr'>καὶ</span> <span class='ocrx_word' id='word_1_406' title='bbox 3321 2428 3633 2483; x_wconf 84' lang='grc' dir='ltr'>κατώδυνον</span> 
     </span>
    </p>
   </div>
   <div class='ocr_carea' id='block_1_56' title="bbox 2052 2520 3630 2595">
    <p class='ocr_par' dir='ltr' id='par_1_56' title="bbox 2052 2520 3630 2595">
     <span class='ocr_line' id='line_1_56' title="bbox 2052 2520 3630 2595; baseline -0.001 -19"><span class='ocrx_word' id='word_1_407' title='bbox 2052 2524 2145 2576; x_wconf 73' lang='grc' dir='ltr'><strong>ἐπὶ</strong></span> <span class='ocrx_word' id='word_1_408' title='bbox 2169 2522 2260 2576; x_wconf 88' lang='grc' dir='ltr'>τὸν</span> <span class='ocrx_word' id='word_1_409' title='bbox 2292 2524 2636 2595; x_wconf 84' lang='grc' dir='ltr'>ὑπερήφανον</span> <span class='ocrx_word' id='word_1_410' title='bbox 2670 2521 3217 2594; x_wconf 82' lang='grc' dir='ltr'>καταμερισθήσεται,</span> <span class='ocrx_word' id='word_1_411' title='bbox 3249 2523 3402 2574; x_wconf 87' lang='grc' dir='ltr'>καῖον</span> <span class='ocrx_word' id='word_1_412' title='bbox 3439 2520 3630 2587; x_wconf 79' lang='grc' dir='ltr'>αὐτὸν,</span> 
     </span>
    </p>
   </div>
   <div class='ocr_carea' id='block_1_57' title="bbox 2054 2611 3629 2686">
    <p class='ocr_par' dir='ltr' id='par_1_57' title="bbox 2054 2611 3629 2686">
     <span class='ocr_line' id='line_1_57' title="bbox 2054 2611 3629 2686; baseline -0.002 -17"><span class='ocrx_word' id='word_1_413' title='bbox 2054 2615 2149 2669; x_wconf 82' lang='grc' dir='ltr'><strong>καί</strong></span> <span class='ocrx_word' id='word_1_414' title='bbox 2177 2614 2593 2686; x_wconf 83' lang='grc' dir='ltr'>ἀπαραμυθήτῳ</span> <span class='ocrx_word' id='word_1_415' title='bbox 2612 2614 2758 2684; x_wconf 84' lang='grc' dir='ltr'>πόνῳ</span> <span class='ocrx_word' id='word_1_416' title='bbox 2780 2612 2869 2683; x_wconf 75' lang='grc' dir='ltr'><strong>διὰ</strong></span> <span class='ocrx_word' id='word_1_417' title='bbox 2881 2613 2980 2683; x_wconf 84' lang='grc' dir='ltr'>τῆς</span> <span class='ocrx_word' id='word_1_418' title='bbox 3009 2612 3255 2677; x_wconf 81' lang='grc' dir='ltr'>καύσεως</span> <span class='ocrx_word' id='word_1_419' title='bbox 3275 2611 3629 2683; x_wconf 77' lang='grc' dir='ltr'>παραδιδοῦν.</span> 
     </span>
    </p>
   </div>
   <div class='ocr_carea' id='block_1_58' title="bbox 2054 2702 3636 2775">
    <p class='ocr_par' dir='ltr' id='par_1_58' title="bbox 2054 2702 3636 2775">
     <span class='ocr_line' id='line_1_58' title="bbox 2054 2702 3636 2775; baseline -0.003 -14"><span class='ocrx_word' id='word_1_420' title='bbox 2054 2706 2161 2761; x_wconf 85' lang='lat' dir='ltr'><strong>Kal</strong></span> <span class='ocrx_word' id='word_1_421' title='bbox 2195 2705 2427 2775; x_wconf 75' lang='grc' dir='ltr'>ἁγιάσει</span> <span class='ocrx_word' id='word_1_422' title='bbox 2453 2705 2639 2759; x_wconf 87' lang='grc' dir='ltr'>αὐτὸν</span> <span class='ocrx_word' id='word_1_423' title='bbox 2682 2704 2755 2758; x_wconf 85' lang='grc' dir='ltr'>ὲν</span> <span class='ocrx_word' id='word_1_424' title='bbox 2788 2704 2932 2774; x_wconf 78' lang='grc' dir='ltr'>πυρὶ</span> <span class='ocrx_word' id='word_1_425' title='bbox 2963 2703 3276 2773; x_wconf 81' lang='grc' dir='ltr'>καιομένῳ,</span> <span class='ocrx_word' id='word_1_426' title='bbox 3326 2704 3425 2760; x_wconf 75' lang='grc' dir='ltr'><strong>καὶ</strong></span> <span class='ocrx_word' id='word_1_427' title='bbox 3448 2702 3636 2773; x_wconf 76' lang='grc' dir='ltr'><strong>φάτο-</strong></span> 
     </span>
    </p>
   </div>
   <div class='ocr_carea' id='block_1_59' title="bbox 2053 2793 3631 2867">
    <p class='ocr_par' dir='ltr' id='par_1_59' title="bbox 2053 2793 3631 2867">
     <span class='ocr_line' id='line_1_59' title="bbox 2053 2793 3631 2867; baseline 0 -17"><span class='ocrx_word' id='word_1_428' title='bbox 2053 2813 2149 2850; x_wconf 89' lang='grc' dir='ltr'><strong>ται</strong></span> <span class='ocrx_word' id='word_1_429' title='bbox 2175 2796 2318 2851; x_wconf 79' lang='grc' dir='ltr'>ὡσεὶ</span> <span class='ocrx_word' id='word_1_430' title='bbox 2341 2797 2559 2867; x_wconf 80' lang='grc' dir='ltr'>χόρτον</span> <span class='ocrx_word' id='word_1_431' title='bbox 2578 2795 2692 2863; x_wconf 79' lang='grc' dir='ltr'>τὴν</span> <span class='ocrx_word' id='word_1_432' title='bbox 2718 2795 2900 2865; x_wconf 75' lang='grc' dir='ltr'>ὕλην.</span> <span class='ocrx_word' id='word_1_433' title='bbox 2925 2797 3173 2849; x_wconf 80' lang='grc' dir='ltr'>Δείκνυσι</span> <span class='ocrx_word' id='word_1_434' title='bbox 3216 2794 3316 2866; x_wconf 82' lang='grc' dir='ltr'><strong>τὴν</strong></span> <span class='ocrx_word' id='word_1_435' title='bbox 3350 2794 3512 2864; x_wconf 89' lang='grc' dir='ltr'>φύσιν</span> <span class='ocrx_word' id='word_1_436' title='bbox 3532 2793 3631 2850; x_wconf 72' lang='grc' dir='ltr'>τοῦ</span> 
     </span>
    </p>
   </div>
   <div class='ocr_carea' id='block_1_60' title="bbox 2055 2886 3630 2963">
    <p class='ocr_par' dir='ltr' id='par_1_60' title="bbox 2055 2886 3630 2963">
     <span class='ocr_line' id='line_1_60' title="bbox 2055 2886 3630 2963; baseline -0.001 -22"><span class='ocrx_word' id='word_1_437' title='bbox 2055 2888 2246 2959; x_wconf 83' lang='grc' dir='ltr'>πυρὸς,</span> <span class='ocrx_word' id='word_1_438' title='bbox 2269 2889 2351 2941; x_wconf 84' lang='grc' dir='ltr'><strong>ὅτι</strong></span> <span class='ocrx_word' id='word_1_439' title='bbox 2380 2887 2704 2959; x_wconf 83' lang='grc' dir='ltr'>καθαρτική.</span> <span class='ocrx_word' id='word_1_440' title='bbox 2750 2887 2992 2963; x_wconf 68' lang='grc' dir='ltr'>*Αγιάσει</span> <span class='ocrx_word' id='word_1_441' title='bbox 3010 2888 3123 2959; x_wconf 78' lang='grc' dir='ltr'>γὰρ</span> <span class='ocrx_word' id='word_1_442' title='bbox 3152 2888 3312 2942; x_wconf 81' lang='grc' dir='ltr'>αὐτὸν</span> <span class='ocrx_word' id='word_1_443' title='bbox 3337 2886 3414 2950; x_wconf 87' lang='grc' dir='ltr'>ὡς</span> <span class='ocrx_word' id='word_1_444' title='bbox 3442 2888 3501 2940; x_wconf 83' lang='grc' dir='ltr'>ὲν</span> <span class='ocrx_word' id='word_1_445' title='bbox 3523 2903 3630 2940; x_wconf 84' lang='grc' dir='ltr'>πυ-</span> 
     </span>
    </p>
   </div>
   <div class='ocr_carea' id='block_1_61' title="bbox 385 2974 1954 3076">
    <p class='ocr_par' dir='ltr' id='par_1_61' title="bbox 385 2975 1949 3051">
     <span class='ocr_line' id='line_1_61' title="bbox 385 2975 1949 3051; baseline -0.002 -18"><span class='ocrx_word' id='word_1_446' title='bbox 385 2976 557 3033; x_wconf 79' lang='lat' dir='ltr'><strong>ﬂcat?</strong></span> <span class='ocrx_word' id='word_1_447' title='bbox 589 2975 878 3046; x_wconf 85' lang='lat' dir='ltr'><strong>Postquam</strong></span> <span class='ocrx_word' id='word_1_448' title='bbox 910 2976 1202 3032; x_wconf 88' lang='lat' dir='ltr'><strong>comederit</strong></span> <span class='ocrx_word' id='word_1_449' title='bbox 1235 2975 1425 3032; x_wconf 89' lang='lat' dir='ltr'><strong>silvam</strong></span> <span class='ocrx_word' id='word_1_450' title='bbox 1457 2988 1711 3051; x_wconf 88' lang='lat' dir='ltr'><strong>tanquam</strong></span> <span class='ocrx_word' id='word_1_451' title='bbox 1746 2975 1949 3030; x_wconf 80' lang='lat' dir='ltr'><strong>fenum.</strong></span> 
     </span>
    </p>
   </div>
   <div class='ocr_carea' id='block_1_62' title="bbox 2063 2974 3629 3076">
    <p class='ocr_par' dir='ltr' id='par_1_62' title="bbox 2063 2974 3629 3051">
     <span class='ocr_line' id='line_1_62' title="bbox 2063 2974 3629 3051; baseline -0.001 -20"><span class='ocrx_word' id='word_1_452' title='bbox 2063 2979 2114 3051; x_wconf 79' lang='grc' dir='ltr'><strong>ρὶ</strong></span> <span class='ocrx_word' id='word_1_453' title='bbox 2139 2978 2432 3049; x_wconf 79' lang='grc' dir='ltr'>καιομένῳ.</span> <span class='ocrx_word' id='word_1_454' title='bbox 2467 2976 2591 3040; x_wconf 86' lang='grc' dir='ltr'><strong>Πῶς</strong></span> <span class='ocrx_word' id='word_1_455' title='bbox 2619 2977 2677 3030; x_wconf 84' lang='grc' dir='ltr'>δὲ</span> <span class='ocrx_word' id='word_1_456' title='bbox 2700 2974 2914 3049; x_wconf 81' lang='grc' dir='ltr'>ἀγιᾲζει</span> <span class='ocrx_word' id='word_1_457' title='bbox 2936 2976 2995 3029; x_wconf 77' lang='grc' dir='ltr'>τὸ</span> <span class='ocrx_word' id='word_1_458' title='bbox 3023 2976 3164 3048; x_wconf 82' lang='grc' dir='ltr'><strong>πῦρ;</strong></span> <span class='ocrx_word' id='word_1_459' title='bbox 3208 2976 3456 3032; x_wconf 77' lang='grc' dir='ltr'>Ἐπειδὰν</span> <span class='ocrx_word' id='word_1_460' title='bbox 3479 2976 3629 3050; x_wconf 67' lang='grc' dir='ltr'>φάγῃ</span> 
     </span>
    </p>
   </div>
   <div class='ocr_carea' id='block_1_63' title="bbox 382 3068 1956 3140">
    <p class='ocr_par' dir='ltr' id='par_1_63' title="bbox 382 3068 1956 3140">
     <span class='ocr_line' id='line_1_63' title="bbox 382 3068 1956 3140; baseline 0 -17"><span class='ocrx_word' id='word_1_461' title='bbox 382 3068 572 3139; x_wconf 65' lang='lat' dir='ltr'><strong>Itaque</strong></span> <span class='ocrx_word' id='word_1_462' title='bbox 596 3084 721 3125; x_wconf 86' lang='lat' dir='ltr'><strong>cum</strong></span> <span class='ocrx_word' id='word_1_463' title='bbox 751 3069 892 3124; x_wconf 85' lang='lat' dir='ltr'><strong>Deus</strong></span> <span class='ocrx_word' id='word_1_464' title='bbox 931 3077 1107 3124; x_wconf 83' lang='lat' dir='ltr'><strong>noster</strong></span> <span class='ocrx_word' id='word_1_465' title='bbox 1134 3069 1271 3140; x_wconf 83' lang='lat' dir='ltr'><strong>ignis</strong></span> <span class='ocrx_word' id='word_1_466' title='bbox 1305 3085 1613 3123; x_wconf 87' lang='lat' dir='ltr'><strong>consumens</strong></span> <span class='ocrx_word' id='word_1_467' title='bbox 1638 3069 1704 3122; x_wconf 87' lang='lat' dir='ltr'><strong>sit</strong></span> <span class='ocrx_word' id='word_1_468' title='bbox 1732 3068 1802 3135; x_wconf 81' lang='grc'>⁷⁸,</span> <span class='ocrx_word' id='word_1_469' title='bbox 1829 3083 1956 3137; x_wconf 75' lang='grc' dir='ltr'><strong>ρηο-</strong></span> 
     </span>
    </p>
   </div>
   <div class='ocr_carea' id='block_1_64' title="bbox 386 3158 1953 3229">
    <p class='ocr_par' dir='ltr' id='par_1_64' title="bbox 386 3158 1953 3229">
     <span class='ocr_line' id='line_1_64' title="bbox 386 3158 1953 3229; baseline -0.002 -13"><span class='ocrx_word' id='word_1_470' title='bbox 386 3161 474 3216; x_wconf 88' lang='lat' dir='ltr'><strong>cul</strong></span> <span class='ocrx_word' id='word_1_471' title='bbox 504 3160 666 3217; x_wconf 91' lang='lat' dir='ltr'><strong>dubio</strong></span> <span class='ocrx_word' id='word_1_472' title='bbox 713 3160 911 3216; x_wconf 88' lang='lat' dir='ltr'><strong>silvam</strong></span> <span class='ocrx_word' id='word_1_473' title='bbox 941 3169 996 3216; x_wconf 90' lang='lat' dir='ltr'><strong>et</strong></span> <span class='ocrx_word' id='word_1_474' title='bbox 1020 3175 1083 3214; x_wconf 89' lang='lat' dir='ltr'><strong>ea</strong></span> <span class='ocrx_word' id='word_1_475' title='bbox 1118 3174 1237 3229; x_wconf 73' lang='lat' dir='ltr'><strong>qua:</strong></span> <span class='ocrx_word' id='word_1_476' title='bbox 1276 3175 1308 3213; x_wconf 90' lang='lat' dir='ltr'><strong>a</strong></span> <span class='ocrx_word' id='word_1_477' title='bbox 1352 3159 1486 3219; x_wconf 85' lang='lat' dir='ltr'><strong>silva</strong></span> <span class='ocrx_word' id='word_1_478' title='bbox 1530 3158 1781 3221; x_wconf 81' lang='lat' dir='ltr'><strong>oriuntur</strong></span> <span class='ocrx_word' id='word_1_479' title='bbox 1824 3160 1953 3213; x_wconf 89' lang='lat' dir='ltr'><strong>vitia</strong></span> 
     </span>
    </p>
   </div>
   <div class='ocr_carea' id='block_1_65' title="bbox 384 3250 1958 3321">
    <p class='ocr_par' dir='ltr' id='par_1_65' title="bbox 384 3250 1958 3321">
     <span class='ocr_line' id='line_1_65' title="bbox 384 3250 1958 3321; baseline -0.002 -16"><span class='ocrx_word' id='word_1_480' title='bbox 384 3260 698 3318; x_wconf 87' lang='lat' dir='ltr'><strong>consumet;</strong></span> <span class='ocrx_word' id='word_1_481' title='bbox 740 3251 921 3316; x_wconf 84' lang='lat' dir='ltr'><strong>anima</strong></span> <span class='ocrx_word' id='word_1_482' title='bbox 954 3266 1060 3306; x_wconf 91' lang='lat' dir='ltr'><strong>non</strong></span> <span class='ocrx_word' id='word_1_483' title='bbox 1096 3252 1148 3306; x_wconf 91' lang='lat' dir='ltr'><strong>in</strong></span> <span class='ocrx_word' id='word_1_484' title='bbox 1181 3251 1399 3321; x_wconf 88' lang='lat' dir='ltr'><strong>spiritu,</strong></span> <span class='ocrx_word' id='word_1_485' title='bbox 1432 3250 1527 3306; x_wconf 87' lang='lat' dir='ltr'><strong>scd</strong></span> <span class='ocrx_word' id='word_1_486' title='bbox 1567 3251 1620 3305; x_wconf 91' lang='lat' dir='ltr'><strong>in</strong></span> <span class='ocrx_word' id='word_1_487' title='bbox 1656 3264 1823 3305; x_wconf 87' lang='lat' dir='ltr'><strong>carne</strong></span> <span class='ocrx_word' id='word_1_488' title='bbox 1856 3250 1958 3303; x_wconf 87' lang='lat' dir='ltr'><strong>im-</strong></span> 
     </span>
    </p>
   </div>
   <div class='ocr_carea' id='block_1_66' title="bbox 386 3340 1957 3413">
    <p class='ocr_par' dir='ltr' id='par_1_66' title="bbox 386 3340 1957 3413">
     <span class='ocr_line' id='line_1_66' title="bbox 386 3340 1957 3413; baseline -0.001 -16"><span class='ocrx_word' id='word_1_489' title='bbox 386 3350 656 3399; x_wconf 87' lang='lat' dir='ltr'><strong>morante.</strong></span> <span class='ocrx_word' id='word_1_490' title='bbox 702 3342 996 3401; x_wconf 87' lang='lat' dir='ltr'><strong>Sciendum</strong></span> <span class='ocrx_word' id='word_1_491' title='bbox 1025 3350 1201 3398; x_wconf 89' lang='lat' dir='ltr'><strong>autem</strong></span> <span class='ocrx_word' id='word_1_492' title='bbox 1233 3350 1339 3408; x_wconf 87' lang='lat' dir='ltr'><strong>est,</strong></span> <span class='ocrx_word' id='word_1_493' title='bbox 1368 3340 1594 3413; x_wconf 83' lang='lat' dir='ltr'><strong>gloriam</strong></span> <span class='ocrx_word' id='word_1_494' title='bbox 1623 3356 1653 3395; x_wconf 90' lang='lat' dir='ltr'><strong>a</strong></span> <span class='ocrx_word' id='word_1_495' title='bbox 1684 3340 1823 3394; x_wconf 72' lang='lat' dir='ltr'><strong>tanta</strong></span> <span class='ocrx_word' id='word_1_496' title='bbox 1849 3341 1957 3395; x_wconf 89' lang='lat' dir='ltr'><strong>dis-</strong></span> 
     </span>
    </p>
   </div>
   <div class='ocr_carea' id='block_1_67' title="bbox 386 3432 1960 3505">
    <p class='ocr_par' dir='ltr' id='par_1_67' title="bbox 386 3432 1960 3505">
     <span class='ocr_line' id='line_1_67' title="bbox 386 3432 1960 3505; baseline -0.003 -15"><span class='ocrx_word' id='word_1_497' title='bbox 386 3434 536 3496; x_wconf 85' lang='lat' dir='ltr'><strong>cerni</strong></span> <span class='ocrx_word' id='word_1_498' title='bbox 580 3435 648 3490; x_wconf 90' lang='lat' dir='ltr'><strong>ab</strong></span> <span class='ocrx_word' id='word_1_499' title='bbox 682 3434 749 3491; x_wconf 86' lang='lat' dir='ltr'><strong>iis</strong></span> <span class='ocrx_word' id='word_1_500' title='bbox 790 3436 882 3505; x_wconf 90' lang='lat' dir='ltr'><strong>qui</strong></span> <span class='ocrx_word' id='word_1_501' title='bbox 911 3450 1101 3489; x_wconf 90' lang='lat' dir='ltr'><strong>vocum</strong></span> <span class='ocrx_word' id='word_1_502' title='bbox 1148 3433 1512 3505; x_wconf 82' lang='lat' dir='ltr'><strong>signiﬁcatum</strong></span> <span class='ocrx_word' id='word_1_503' title='bbox 1543 3441 1799 3488; x_wconf 86' lang='lat' dir='ltr'><strong>accurate</strong></span> <span class='ocrx_word' id='word_1_504' title='bbox 1837 3432 1960 3486; x_wconf 89' lang='lat' dir='ltr'><strong>dili-</strong></span> 
     </span>
    </p>
   </div>
   <div class='ocr_carea' id='block_1_68' title="bbox 388 3524 1955 3599">
    <p class='ocr_par' dir='ltr' id='par_1_68' title="bbox 388 3524 1955 3599">
     <span class='ocr_line' id='line_1_68' title="bbox 388 3524 1955 3599; baseline -0.003 -16"><span class='ocrx_word' id='word_1_505' title='bbox 388 3538 683 3599; x_wconf 80' lang='lat' dir='ltr'><strong>genterque</strong></span> <span class='ocrx_word' id='word_1_506' title='bbox 721 3528 1062 3599; x_wconf 90' lang='lat' dir='ltr'><strong>perquirunt.</strong></span> <span class='ocrx_word' id='word_1_507' title='bbox 1115 3526 1183 3581; x_wconf 84' lang='lat' dir='ltr'><strong>Et</strong></span> <span class='ocrx_word' id='word_1_508' title='bbox 1229 3526 1420 3580; x_wconf 90' lang='lat' dir='ltr'><strong>dicunt</strong></span> <span class='ocrx_word' id='word_1_509' title='bbox 1466 3524 1691 3594; x_wconf 85' lang='lat' dir='ltr'><strong>gloriam</strong></span> <span class='ocrx_word' id='word_1_510' title='bbox 1743 3524 1955 3578; x_wconf 89' lang='lat' dir='ltr'><strong>laudem</strong></span> 
     </span>
    </p>
   </div>
   <div class='ocr_carea' id='block_1_69' title="bbox 386 3616 1959 3692">
    <p class='ocr_par' dir='ltr' id='par_1_69' title="bbox 386 3616 1959 3692">
     <span class='ocr_line' id='line_1_69' title="bbox 386 3616 1959 3692; baseline -0.004 -15"><span class='ocrx_word' id='word_1_511' title='bbox 386 3635 511 3679; x_wconf 74' lang='lat' dir='ltr'><strong>csse</strong></span> <span class='ocrx_word' id='word_1_512' title='bbox 534 3636 654 3692; x_wconf 68' lang='lat' dir='ltr'><strong>quae</strong></span> <span class='ocrx_word' id='word_1_513' title='bbox 685 3637 716 3674; x_wconf 89' lang='lat' dir='ltr'><strong>a</strong></span> <span class='ocrx_word' id='word_1_514' title='bbox 757 3620 915 3691; x_wconf 88' lang='lat' dir='ltr'><strong>vulgo</strong></span> <span class='ocrx_word' id='word_1_515' title='bbox 940 3619 1235 3685; x_wconf 86' lang='lat' dir='ltr'><strong>tribuitur;</strong></span> <span class='ocrx_word' id='word_1_516' title='bbox 1273 3618 1472 3671; x_wconf 80' lang='lat' dir='ltr'><strong>famam</strong></span> <span class='ocrx_word' id='word_1_517' title='bbox 1510 3632 1639 3671; x_wconf 91' lang='lat' dir='ltr'><strong>vero</strong></span> <span class='ocrx_word' id='word_1_518' title='bbox 1680 3632 1802 3672; x_wconf 85' lang='lat' dir='ltr'><strong>esse</strong></span> <span class='ocrx_word' id='word_1_519' title='bbox 1843 3616 1959 3670; x_wconf 83' lang='lat' dir='ltr'><strong>lau-</strong></span> 
     </span>
    </p>
   </div>
   <div class='ocr_carea' id='block_1_70' title="bbox 391 3708 1956 3781">
    <p class='ocr_par' dir='ltr' id='par_1_70' title="bbox 391 3708 1956 3781">
     <span class='ocr_line' id='line_1_70' title="bbox 391 3708 1956 3781; baseline -0.004 -14"><span class='ocrx_word' id='word_1_520' title='bbox 391 3713 510 3769; x_wconf 83' lang='lat' dir='ltr'><strong>dem</strong></span> <span class='ocrx_word' id='word_1_521' title='bbox 531 3751 547 3779; x_wconf 91' lang='lat'><strong>,</strong></span> <span class='ocrx_word' id='word_1_522' title='bbox 586 3727 705 3781; x_wconf 72' lang='lat' dir='ltr'><strong>quae</strong></span> <span class='ocrx_word' id='word_1_523' title='bbox 746 3725 777 3765; x_wconf 86' lang='lat' dir='ltr'><strong>a</strong></span> <span class='ocrx_word' id='word_1_524' title='bbox 808 3711 965 3766; x_wconf 89' lang='lat' dir='ltr'><strong>bonis</strong></span> <span class='ocrx_word' id='word_1_525' title='bbox 992 3709 1320 3779; x_wconf 84' lang='lat' dir='ltr'><strong>impertitur.</strong></span> <span class='ocrx_word' id='word_1_526' title='bbox 1353 3708 1613 3763; x_wconf 85' lang='lat' dir='ltr'><strong>Eutndem</strong></span> <span class='ocrx_word' id='word_1_527' title='bbox 1647 3708 1714 3763; x_wconf 87' lang='lat' dir='ltr'><strong>ad</strong></span> <span class='ocrx_word' id='word_1_528' title='bbox 1741 3708 1956 3762; x_wconf 88' lang='lat' dir='ltr'><strong>modum</strong></span> 
     </span>
    </p>
   </div>
   <div class='ocr_carea' id='block_1_71' title="bbox 392 3797 1960 3870">
    <p class='ocr_par' dir='ltr' id='par_1_71' title="bbox 392 3797 1960 3870">
     <span class='ocr_line' id='line_1_71' title="bbox 392 3797 1960 3870; baseline -0.005 -11"><span class='ocrx_word' id='word_1_529' title='bbox 392 3802 641 3859; x_wconf 84' lang='lat' dir='ltr'><strong>dividunt</strong></span> <span class='ocrx_word' id='word_1_530' title='bbox 667 3811 723 3858; x_wconf 91' lang='lat' dir='ltr'><strong>et</strong></span> <span class='ocrx_word' id='word_1_531' title='bbox 751 3803 1038 3859; x_wconf 87' lang='lat' dir='ltr'><strong>honorem.</strong></span> <span class='ocrx_word' id='word_1_532' title='bbox 1070 3799 1244 3854; x_wconf 86' lang='lat' dir='ltr'><strong>Alium</strong></span> <span class='ocrx_word' id='word_1_533' title='bbox 1288 3800 1503 3870; x_wconf 81' lang='lat' dir='ltr'><strong>quidem</strong></span> <span class='ocrx_word' id='word_1_534' title='bbox 1543 3797 1815 3853; x_wconf 79' lang='lat' dir='ltr'><strong>allirmant</strong></span> <span class='ocrx_word' id='word_1_535' title='bbox 1859 3800 1960 3852; x_wconf 81' lang='lat' dir='ltr'><strong>lto-</strong></span> 
     </span>
    </p>
   </div>
   <div class='ocr_carea' id='block_1_72' title="bbox 390 3888 1958 3959">
    <p class='ocr_par' dir='ltr' id='par_1_72' title="bbox 390 3888 1958 3959">
     <span class='ocr_line' id='line_1_72' title="bbox 390 3888 1958 3959; baseline -0.004 -11"><span class='ocrx_word' id='word_1_536' title='bbox 390 3906 604 3948; x_wconf 85' lang='lat' dir='ltr'><strong>nestum</strong></span> <span class='ocrx_word' id='word_1_537' title='bbox 628 3906 776 3953; x_wconf 85' lang='lat' dir='ltr'><strong>esse;</strong></span> <span class='ocrx_word' id='word_1_538' title='bbox 808 3906 1039 3959; x_wconf 87' lang='lat' dir='ltr'><strong>eumque</strong></span> <span class='ocrx_word' id='word_1_539' title='bbox 1080 3891 1134 3944; x_wconf 93' lang='lat' dir='ltr'><strong>in</strong></span> <span class='ocrx_word' id='word_1_540' title='bbox 1181 3890 1354 3943; x_wconf 90' lang='lat' dir='ltr'><strong>virum</strong></span> <span class='ocrx_word' id='word_1_541' title='bbox 1402 3891 1621 3943; x_wconf 89' lang='lat' dir='ltr'><strong>virtutis</strong></span> <span class='ocrx_word' id='word_1_542' title='bbox 1655 3888 1958 3942; x_wconf 79' lang='lat' dir='ltr'><strong>Studiosum</strong></span> 
     </span>
    </p>
   </div>
   <div class='ocr_carea' id='block_1_73' title="bbox 391 3980 1964 4055">
    <p class='ocr_par' dir='ltr' id='par_1_73' title="bbox 391 3980 1964 4055">
     <span class='ocr_line' id='line_1_73' title="bbox 391 3980 1964 4055; baseline -0.004 -16"><span class='ocrx_word' id='word_1_543' title='bbox 391 3984 609 4049; x_wconf 83' lang='lat' dir='ltr'><strong>cadere,</strong></span> <span class='ocrx_word' id='word_1_544' title='bbox 639 3981 803 4055; x_wconf 60' lang='lat'><strong>565.</strong></span> <span class='ocrx_word' id='word_1_545' title='bbox 830 3998 953 4039; x_wconf 87' lang='lat' dir='ltr'><strong>cum</strong></span> <span class='ocrx_word' id='word_1_546' title='bbox 1000 3981 1297 4050; x_wconf 86' lang='lat' dir='ltr'><strong>amplitudo</strong></span> <span class='ocrx_word' id='word_1_547' title='bbox 1333 3981 1405 4035; x_wconf 90' lang='lat' dir='ltr'><strong>sit</strong></span> <span class='ocrx_word' id='word_1_548' title='bbox 1442 3980 1846 4047; x_wconf 84' lang='lat' dir='ltr'><strong>remuneratio;</strong></span> <span class='ocrx_word' id='word_1_549' title='bbox 1877 3994 1964 4034; x_wconf 88' lang='lat' dir='ltr'><strong>re-</strong></span> 
     </span>
    </p>
   </div>
   <div class='ocr_carea' id='block_1_74' title="bbox 393 4071 1962 4146">
    <p class='ocr_par' dir='ltr' id='par_1_74' title="bbox 393 4071 1962 4146">
     <span class='ocr_line' id='line_1_74' title="bbox 393 4071 1962 4146; baseline -0.006 -14"><span class='ocrx_word' id='word_1_550' title='bbox 393 4076 824 4132; x_wconf 87' lang='lat' dir='ltr'><strong>munerationem</strong></span> <span class='ocrx_word' id='word_1_551' title='bbox 853 4083 1033 4129; x_wconf 86' lang='lat' dir='ltr'><strong>autem</strong></span> <span class='ocrx_word' id='word_1_552' title='bbox 1062 4083 1305 4131; x_wconf 88' lang='lat' dir='ltr'><strong>statuunt</strong></span> <span class='ocrx_word' id='word_1_553' title='bbox 1333 4073 1604 4146; x_wconf 86' lang='lat' dir='ltr'><strong>quoddam</strong></span> <span class='ocrx_word' id='word_1_554' title='bbox 1638 4085 1757 4126; x_wconf 83' lang='lat' dir='ltr'><strong>esse</strong></span> <span class='ocrx_word' id='word_1_555' title='bbox 1793 4071 1962 4124; x_wconf 85' lang='lat' dir='ltr'><strong>virtu-</strong></span> 
     </span>
    </p>
   </div>
   <div class='ocr_carea' id='block_1_75' title="bbox 392 4163 1959 4240">
    <p class='ocr_par' dir='ltr' id='par_1_75' title="bbox 392 4163 1959 4240">
     <span class='ocr_line' id='line_1_75' title="bbox 392 4163 1959 4240; baseline -0.004 -16"><span class='ocrx_word' id='word_1_556' title='bbox 392 4170 465 4225; x_wconf 85' lang='lat' dir='ltr'><strong>tis</strong></span> <span class='ocrx_word' id='word_1_557' title='bbox 506 4167 785 4240; x_wconf 64' lang='lat' dir='ltr'><strong>praemium</strong></span> <span class='ocrx_word' id='word_1_558' title='bbox 818 4189 829 4223; x_wconf 90' lang='lat'>:</span> <span class='ocrx_word' id='word_1_559' title='bbox 862 4166 1027 4222; x_wconf 90' lang='lat' dir='ltr'><strong>alium</strong></span> <span class='ocrx_word' id='word_1_560' title='bbox 1068 4183 1193 4222; x_wconf 91' lang='lat' dir='ltr'><strong>vero</strong></span> <span class='ocrx_word' id='word_1_561' title='bbox 1236 4183 1395 4235; x_wconf 75' lang='lat' dir='ltr'><strong>esse,</strong></span> <span class='ocrx_word' id='word_1_562' title='bbox 1440 4167 1532 4237; x_wconf 89' lang='lat' dir='ltr'><strong>qui</strong></span> <span class='ocrx_word' id='word_1_563' title='bbox 1559 4165 1627 4221; x_wconf 91' lang='lat' dir='ltr'><strong>ob</strong></span> <span class='ocrx_word' id='word_1_564' title='bbox 1667 4163 1812 4220; x_wconf 79' lang='lat' dir='ltr'><strong>facta</strong></span> <span class='ocrx_word' id='word_1_565' title='bbox 1851 4178 1959 4217; x_wconf 92' lang='lat' dir='ltr'><strong>non</strong></span> 
     </span>
    </p>
   </div>
   <div class='ocr_carea' id='block_1_76' title="bbox 395 4257 1393 4329">
    <p class='ocr_par' dir='ltr' id='par_1_76' title="bbox 395 4257 1393 4329">
     <span class='ocr_line' id='line_1_76' title="bbox 395 4257 1393 4329; baseline -0.002 -15"><span class='ocrx_word' id='word_1_566' title='bbox 395 4258 618 4322; x_wconf 82' lang='lat' dir='ltr'><strong>omnino</strong></span> <span class='ocrx_word' id='word_1_567' title='bbox 644 4257 868 4329; x_wconf 88' lang='lat' dir='ltr'><strong>probata</strong></span> <span class='ocrx_word' id='word_1_568' title='bbox 895 4272 928 4313; x_wconf 88' lang='lat' dir='ltr'><strong>a</strong></span> <span class='ocrx_word' id='word_1_569' title='bbox 953 4257 1110 4328; x_wconf 89' lang='lat' dir='ltr'><strong>plebe</strong></span> <span class='ocrx_word' id='word_1_570' title='bbox 1130 4257 1393 4323; x_wconf 80' lang='lat' dir='ltr'><strong>defertur.</strong></span> 
     </span>
    </p>
   </div>
   <div class='ocr_carea' id='block_1_77' title="bbox 2056 3064 3630 3144">
    <p class='ocr_par' dir='ltr' id='par_1_77' title="bbox 2056 3064 3630 3144">
     <span class='ocr_line' id='line_1_77' title="bbox 2056 3064 3630 3144; baseline 0.001 -21"><span class='ocrx_word' id='word_1_571' title='bbox 2056 3072 2155 3144; x_wconf 77' lang='grc' dir='ltr'>τὴν</span> <span class='ocrx_word' id='word_1_572' title='bbox 2198 3071 2328 3142; x_wconf 79' lang='grc' dir='ltr'>ὓλην</span> <span class='ocrx_word' id='word_1_573' title='bbox 2375 3070 2451 3133; x_wconf 86' lang='grc' dir='ltr'><strong>ὡς</strong></span> <span class='ocrx_word' id='word_1_574' title='bbox 2476 3071 2685 3142; x_wconf 83' lang='grc' dir='ltr'>χόρτον.</span> <span class='ocrx_word' id='word_1_575' title='bbox 2734 3068 2887 3122; x_wconf 80' lang='grc' dir='ltr'>Ἐπεὶ</span> <span class='ocrx_word' id='word_1_576' title='bbox 2923 3064 3016 3123; x_wconf 81' lang='grc' dir='ltr'><strong>οὖν</strong></span> <span class='ocrx_word' id='word_1_577' title='bbox 3057 3071 3119 3123; x_wconf 83' lang='lat'><strong>&#39;0</strong></span> <span class='ocrx_word' id='word_1_578' title='bbox 3156 3068 3630 3140; x_wconf 77' lang='grc' dir='ltr'>Θεὸςήμῶνπῦρ</span> 
     </span>
    </p>
   </div>
   <div class='ocr_carea' id='block_1_78' title="bbox 2056 3161 3631 3235">
    <p class='ocr_par' dir='ltr' id='par_1_78' title="bbox 2056 3161 3631 3235">
     <span class='ocr_line' id='line_1_78' title="bbox 2056 3161 3631 3235; baseline 0.001 -19"><span class='ocrx_word' id='word_1_579' title='bbox 2056 3163 2501 3230; x_wconf 75' lang='grc' dir='ltr'>καταναλίσκον</span> <span class='ocrx_word' id='word_1_580' title='bbox 2553 3163 2706 3225; x_wconf 74' lang='grc' dir='ltr'>ἐστὶ,</span> <span class='ocrx_word' id='word_1_581' title='bbox 2759 3161 3151 3229; x_wconf 82' lang='grc' dir='ltr'>καταναλώσει,</span> <span class='ocrx_word' id='word_1_582' title='bbox 3208 3163 3484 3235; x_wconf 88' lang='grc' dir='ltr'>δηλονότι,</span> <span class='ocrx_word' id='word_1_583' title='bbox 3528 3163 3631 3234; x_wconf 83' lang='grc' dir='ltr'><strong>τὴν</strong></span> 
     </span>
    </p>
   </div>
   <div class='ocr_carea' id='block_1_79' title="bbox 2058 3251 3628 3324">
    <p class='ocr_par' dir='ltr' id='par_1_79' title="bbox 2058 3251 3628 3324">
     <span class='ocr_line' id='line_1_79' title="bbox 2058 3251 3628 3324; baseline 0 -18"><span class='ocrx_word' id='word_1_584' title='bbox 2058 3251 2210 3322; x_wconf 79' lang='grc' dir='ltr'>ὕλην,</span> <span class='ocrx_word' id='word_1_585' title='bbox 2242 3251 2416 3306; x_wconf 76' lang='grc' dir='ltr'>καὶτὰ</span> <span class='ocrx_word' id='word_1_586' title='bbox 2443 3251 2549 3304; x_wconf 84' lang='grc' dir='ltr'>ἀπὸ</span> <span class='ocrx_word' id='word_1_587' title='bbox 2577 3251 2686 3323; x_wconf 78' lang='grc'>(27)</span> <span class='ocrx_word' id='word_1_588' title='bbox 2706 3251 2838 3323; x_wconf 82' lang='grc' dir='ltr'>ὕλης</span> <span class='ocrx_word' id='word_1_589' title='bbox 2856 3251 3078 3306; x_wconf 75' lang='grc' dir='ltr'>ἐλθόντα</span> <span class='ocrx_word' id='word_1_590' title='bbox 3089 3252 3256 3324; x_wconf 84' lang='grc' dir='ltr'>πάθη,</span> <span class='ocrx_word' id='word_1_591' title='bbox 3275 3253 3337 3306; x_wconf 82' lang='grc' dir='ltr'><strong>οὐ</strong></span> <span class='ocrx_word' id='word_1_592' title='bbox 3357 3256 3425 3323; x_wconf 75' lang='grc' dir='ltr'>τῇ</span> <span class='ocrx_word' id='word_1_593' title='bbox 3453 3251 3551 3323; x_wconf 81' lang='grc' dir='ltr'><strong>μὲν</strong></span> <span class='ocrx_word' id='word_1_594' title='bbox 3568 3254 3628 3306; x_wconf 82' lang='grc' dir='ltr'>ὲν</span> 
     </span>
    </p>
   </div>
   <div class='ocr_carea' id='block_1_80' title="bbox 2058 3344 3628 3418">
    <p class='ocr_par' dir='ltr' id='par_1_80' title="bbox 2058 3344 3628 3418">
     <span class='ocr_line' id='line_1_80' title="bbox 2058 3344 3628 3418; baseline -0.001 -19"><span class='ocrx_word' id='word_1_595' title='bbox 2058 3345 2327 3416; x_wconf 80' lang='grc' dir='ltr'>πνεύματι</span> <span class='ocrx_word' id='word_1_596' title='bbox 2358 3344 2469 3399; x_wconf 88' lang='grc' dir='ltr'>ἀλλ’</span> <span class='ocrx_word' id='word_1_597' title='bbox 2514 3345 2573 3399; x_wconf 81' lang='grc' dir='ltr'>ὲν</span> <span class='ocrx_word' id='word_1_598' title='bbox 2628 3346 2793 3416; x_wconf 72' lang='grc' dir='ltr'>σαρκὶ</span> <span class='ocrx_word' id='word_1_599' title='bbox 2822 3344 3176 3418; x_wconf 77' lang='grc' dir='ltr'>διατριϐούσῃ</span> <span class='ocrx_word' id='word_1_600' title='bbox 3221 3344 3388 3416; x_wconf 78' lang='grc' dir='ltr'>ψυχῇ.</span> <span class='ocrx_word' id='word_1_601' title='bbox 3433 3344 3628 3398; x_wconf 77' lang='grc' dir='ltr'>’ἰστέον</span> 
     </span>
    </p>
   </div>
   <div class='ocr_carea' id='block_1_81' title="bbox 2057 3435 3627 3509">
    <p class='ocr_par' dir='ltr' id='par_1_81' title="bbox 2057 3435 3627 3509">
     <span class='ocr_line' id='line_1_81' title="bbox 2057 3435 3627 3509; baseline -0.001 -19"><span class='ocrx_word' id='word_1_602' title='bbox 2057 3437 2132 3501; x_wconf 81' lang='grc' dir='ltr'><strong>δὲ,</strong></span> <span class='ocrx_word' id='word_1_603' title='bbox 2161 3438 2240 3490; x_wconf 83' lang='grc' dir='ltr'>ὅτι</span> <span class='ocrx_word' id='word_1_604' title='bbox 2265 3438 2315 3490; x_wconf 79' lang='grc' dir='ltr'><strong>οἱ</strong></span> <span class='ocrx_word' id='word_1_605' title='bbox 2341 3435 2851 3509; x_wconf 76' lang='grc' dir='ltr'>ὰκριϐολογούμενοι</span> <span class='ocrx_word' id='word_1_606' title='bbox 2880 3437 3007 3507; x_wconf 75' lang='grc' dir='ltr'>περὶ</span> <span class='ocrx_word' id='word_1_607' title='bbox 3031 3436 3101 3489; x_wconf 82' lang='grc' dir='ltr'>τὰ</span> <span class='ocrx_word' id='word_1_608' title='bbox 3125 3437 3513 3507; x_wconf 80' lang='grc' dir='ltr'>σημαινόμενα,</span> <span class='ocrx_word' id='word_1_609' title='bbox 3524 3437 3627 3509; x_wconf 80' lang='grc' dir='ltr'>τὴν</span> 
     </span>
    </p>
   </div>
   <div class='ocr_carea' id='block_1_82' title="bbox 2058 3524 3627 3599">
    <p class='ocr_par' dir='ltr' id='par_1_82' title="bbox 2058 3524 3627 3599">
     <span class='ocr_line' id='line_1_82' title="bbox 2058 3524 3627 3599; baseline 0.001 -20"><span class='ocrx_word' id='word_1_610' title='bbox 2058 3526 2213 3592; x_wconf 78' lang='grc' dir='ltr'>δόξαν</span> <span class='ocrx_word' id='word_1_611' title='bbox 2233 3526 2339 3579; x_wconf 80' lang='grc' dir='ltr'>ἀπὸ</span> <span class='ocrx_word' id='word_1_612' title='bbox 2370 3525 2464 3579; x_wconf 81' lang='grc' dir='ltr'><strong>τοῦ</strong></span> <span class='ocrx_word' id='word_1_613' title='bbox 2488 3526 2678 3590; x_wconf 83' lang='grc' dir='ltr'>κλέους</span> <span class='ocrx_word' id='word_1_614' title='bbox 2704 3524 2982 3599; x_wconf 83' lang='grc' dir='ltr'>διώρισαν·</span> <span class='ocrx_word' id='word_1_615' title='bbox 3020 3526 3111 3580; x_wconf 81' lang='grc' dir='ltr'><strong>καί</strong></span> <span class='ocrx_word' id='word_1_616' title='bbox 3138 3543 3269 3595; x_wconf 78' lang='grc' dir='ltr'>φασι</span> <span class='ocrx_word' id='word_1_617' title='bbox 3298 3525 3393 3596; x_wconf 78' lang='grc' dir='ltr'>τὴν</span> <span class='ocrx_word' id='word_1_618' title='bbox 3424 3525 3519 3597; x_wconf 82' lang='grc' dir='ltr'>μὲν</span> <span class='ocrx_word' id='word_1_619' title='bbox 3537 3526 3627 3580; x_wconf 90' lang='grc' dir='ltr'>δό-</span> 
     </span>
    </p>
   </div>
   <div class='ocr_carea' id='block_1_83' title="bbox 2062 3614 3624 3685">
    <p class='ocr_par' dir='ltr' id='par_1_83' title="bbox 2062 3614 3624 3685">
     <span class='ocr_line' id='line_1_83' title="bbox 2062 3614 3624 3685; baseline 0 -14"><span class='ocrx_word' id='word_1_620' title='bbox 2062 3617 2159 3684; x_wconf 83' lang='grc' dir='ltr'><strong>ξαν</strong></span> <span class='ocrx_word' id='word_1_621' title='bbox 2204 3614 2343 3671; x_wconf 81' lang='grc' dir='ltr'>εἶναι</span> <span class='ocrx_word' id='word_1_622' title='bbox 2374 3617 2466 3672; x_wconf 79' lang='grc' dir='ltr'>τὸν</span> <span class='ocrx_word' id='word_1_623' title='bbox 2500 3618 2607 3671; x_wconf 85' lang='grc' dir='ltr'>ἀπὸ</span> <span class='ocrx_word' id='word_1_624' title='bbox 2650 3617 2756 3670; x_wconf 88' lang='grc' dir='ltr'><strong>τῶν</strong></span> <span class='ocrx_word' id='word_1_625' title='bbox 2792 3617 3002 3685; x_wconf 78' lang='grc' dir='ltr'>πολλῶν</span> <span class='ocrx_word' id='word_1_626' title='bbox 3027 3617 3263 3671; x_wconf 74' lang='grc' dir='ltr'>ἔπαινονο</span> <span class='ocrx_word' id='word_1_627' title='bbox 3291 3617 3352 3669; x_wconf 86' lang='grc' dir='ltr'><strong>τὸ</strong></span> <span class='ocrx_word' id='word_1_628' title='bbox 3372 3617 3429 3670; x_wconf 85' lang='grc' dir='ltr'>δὲ</span> <span class='ocrx_word' id='word_1_629' title='bbox 3452 3617 3624 3683; x_wconf 74' lang='grc' dir='ltr'>κλέος,</span> 
     </span>
    </p>
   </div>
   <div class='ocr_carea' id='block_1_84' title="bbox 2060 3704 3624 3778">
    <p class='ocr_par' dir='ltr' id='par_1_84' title="bbox 2060 3704 3624 3778">
     <span class='ocr_line' id='line_1_84' title="bbox 2060 3704 3624 3778; baseline 0.003 -22"><span class='ocrx_word' id='word_1_630' title='bbox 2060 3706 2150 3758; x_wconf 78' lang='grc' dir='ltr'><strong>τὸν</strong></span> <span class='ocrx_word' id='word_1_631' title='bbox 2178 3705 2285 3757; x_wconf 81' lang='grc' dir='ltr'><strong>ἀπὸ</strong></span> <span class='ocrx_word' id='word_1_632' title='bbox 2312 3704 2417 3758; x_wconf 85' lang='grc' dir='ltr'><strong>τῶν</strong></span> <span class='ocrx_word' id='word_1_633' title='bbox 2436 3704 2655 3774; x_wconf 72' lang='grc' dir='ltr'>ἀγαθῶν</span> <span class='ocrx_word' id='word_1_634' title='bbox 2678 3705 2917 3759; x_wconf 74' lang='grc' dir='ltr'>ἔπαινον.</span> <span class='ocrx_word' id='word_1_635' title='bbox 2957 3706 3187 3777; x_wconf 84' lang='grc' dir='ltr'>Ὁμοίως</span> <span class='ocrx_word' id='word_1_636' title='bbox 3218 3707 3310 3760; x_wconf 80' lang='grc' dir='ltr'><strong>καὶ</strong></span> <span class='ocrx_word' id='word_1_637' title='bbox 3336 3706 3434 3778; x_wconf 83' lang='grc' dir='ltr'>τὴν</span> <span class='ocrx_word' id='word_1_638' title='bbox 3465 3708 3624 3778; x_wconf 80' lang='grc' dir='ltr'>τιμὴν</span> 
     </span>
    </p>
   </div>
   <div class='ocr_carea' id='block_1_85' title="bbox 2060 3794 3624 3867">
    <p class='ocr_par' dir='ltr' id='par_1_85' title="bbox 2060 3794 3624 3867">
     <span class='ocr_line' id='line_1_85' title="bbox 2060 3794 3624 3867; baseline 0.003 -20"><span class='ocrx_word' id='word_1_639' title='bbox 2060 3794 2345 3865; x_wconf 81' lang='grc' dir='ltr'>διαιροῦσι,</span> <span class='ocrx_word' id='word_1_640' title='bbox 2375 3797 2675 3865; x_wconf 76' lang='grc' dir='ltr'>φάσκοντες</span> <span class='ocrx_word' id='word_1_641' title='bbox 2704 3796 2804 3866; x_wconf 76' lang='grc' dir='ltr'>τὴν</span> <span class='ocrx_word' id='word_1_642' title='bbox 2824 3796 2921 3867; x_wconf 82' lang='grc' dir='ltr'><strong>μὲν</strong></span> <span class='ocrx_word' id='word_1_643' title='bbox 2955 3797 3173 3850; x_wconf 81' lang='grc' dir='ltr'>ἀστείαν</span> <span class='ocrx_word' id='word_1_644' title='bbox 3197 3797 3321 3851; x_wconf 76' lang='grc' dir='ltr'>τινὰ</span> <span class='ocrx_word' id='word_1_645' title='bbox 3347 3794 3503 3862; x_wconf 74' lang='grc' dir='ltr'>εἶναι,</span> <span class='ocrx_word' id='word_1_646' title='bbox 3532 3801 3624 3852; x_wconf 78' lang='grc' dir='ltr'>καὶ</span> 
     </span>
    </p>
   </div>
   <div class='ocr_carea' id='block_1_86' title="bbox 2062 3884 3622 3960">
    <p class='ocr_par' dir='ltr' id='par_1_86' title="bbox 2062 3884 3622 3960">
     <span class='ocr_line' id='line_1_86' title="bbox 2062 3884 3622 3960; baseline 0.003 -22"><span class='ocrx_word' id='word_1_647' title='bbox 2062 3888 2153 3938; x_wconf 75' lang='grc' dir='ltr'>ἐπὶ</span> <span class='ocrx_word' id='word_1_648' title='bbox 2182 3886 2272 3940; x_wconf 72' lang='grc' dir='ltr'><strong>τὸν</strong></span> <span class='ocrx_word' id='word_1_649' title='bbox 2301 3887 2581 3942; x_wconf 85' lang='grc' dir='ltr'>σπουδαῖον</span> <span class='ocrx_word' id='word_1_650' title='bbox 2611 3888 2852 3952; x_wconf 81' lang='grc' dir='ltr'>πίπτειν,</span> <span class='ocrx_word' id='word_1_651' title='bbox 2887 3888 3062 3960; x_wconf 83' lang='grc' dir='ltr'>γέρως</span> <span class='ocrx_word' id='word_1_652' title='bbox 3087 3884 3253 3951; x_wconf 80' lang='grc' dir='ltr'>οὖσαν</span> <span class='ocrx_word' id='word_1_653' title='bbox 3284 3886 3521 3954; x_wconf 69' lang='grc' dir='ltr'>ἀξίωσινο</span> <span class='ocrx_word' id='word_1_654' title='bbox 3562 3888 3622 3943; x_wconf 83' lang='grc' dir='ltr'><strong>τὸ</strong></span> 
     </span>
    </p>
   </div>
   <div class='ocr_carea' id='block_1_87' title="bbox 2061 3975 3623 4054">
    <p class='ocr_par' dir='ltr' id='par_1_87' title="bbox 2061 3975 3623 4054">
     <span class='ocr_line' id='line_1_87' title="bbox 2061 3975 3623 4054; baseline 0.004 -24"><span class='ocrx_word' id='word_1_655' title='bbox 2061 3978 2118 4030; x_wconf 70' lang='grc' dir='ltr'>δὲ.</span> <span class='ocrx_word' id='word_1_656' title='bbox 2148 3984 2313 4051; x_wconf 78' lang='grc' dir='ltr'>γερας</span> <span class='ocrx_word' id='word_1_657' title='bbox 2370 3975 2529 4034; x_wconf 78' lang='grc' dir='ltr'>ἆθλον</span> <span class='ocrx_word' id='word_1_658' title='bbox 2576 3982 2776 4053; x_wconf 85' lang='grc' dir='ltr'>ἀρετῆς</span> <span class='ocrx_word' id='word_1_659' title='bbox 2797 3980 3051 4035; x_wconf 81' lang='grc' dir='ltr'>τίθενται·</span> <span class='ocrx_word' id='word_1_660' title='bbox 3088 3982 3185 4053; x_wconf 80' lang='grc' dir='ltr'>τὴν</span> <span class='ocrx_word' id='word_1_661' title='bbox 3222 3982 3281 4036; x_wconf 78' lang='grc' dir='ltr'>δέ</span> <span class='ocrx_word' id='word_1_662' title='bbox 3312 3999 3434 4036; x_wconf 87' lang='grc' dir='ltr'>τινα</span> <span class='ocrx_word' id='word_1_663' title='bbox 3469 3982 3623 4054; x_wconf 76' lang='grc' dir='ltr'>τιμὴν</span> 
     </span>
    </p>
   </div>
   <div class='ocr_carea' id='block_1_88' title="bbox 2063 4069 3624 4145">
    <p class='ocr_par' dir='ltr' id='par_1_88' title="bbox 2063 4069 3624 4145">
     <span class='ocr_line' id='line_1_88' title="bbox 2063 4069 3624 4145; baseline 0.004 -23"><span class='ocrx_word' id='word_1_664' title='bbox 2063 4071 2214 4137; x_wconf 79' lang='grc' dir='ltr'>παρὰ</span> <span class='ocrx_word' id='word_1_665' title='bbox 2270 4069 2376 4125; x_wconf 84' lang='grc' dir='ltr'><strong>τῶν</strong></span> <span class='ocrx_word' id='word_1_666' title='bbox 2413 4072 2702 4143; x_wconf 82' lang='grc' dir='ltr'>τυχόντων,</span> <span class='ocrx_word' id='word_1_667' title='bbox 2755 4075 2869 4138; x_wconf 83' lang='grc' dir='ltr'>τοῖς</span> <span class='ocrx_word' id='word_1_668' title='bbox 2901 4072 3014 4145; x_wconf 71' lang='lat'><strong>(28)</strong></span> <span class='ocrx_word' id='word_1_669' title='bbox 3059 4074 3119 4127; x_wconf 81' lang='grc' dir='ltr'><strong>οὐ</strong></span> <span class='ocrx_word' id='word_1_670' title='bbox 3152 4073 3293 4127; x_wconf 79' lang='grc' dir='ltr'>πάνυ</span> <span class='ocrx_word' id='word_1_671' title='bbox 3322 4074 3624 4138; x_wconf 76' lang='grc' dir='ltr'>ἀποδεκτῶς</span> 
     </span>
    </p>
   </div>
   <div class='ocr_carea' id='block_1_89' title="bbox 2061 4162 2760 4233">
    <p class='ocr_par' dir='ltr' id='par_1_89' title="bbox 2061 4162 2760 4233">
     <span class='ocr_line' id='line_1_89' title="bbox 2061 4162 2760 4233; baseline 0.013 -22"><span class='ocrx_word' id='word_1_672' title='bbox 2061 4162 2448 4233; x_wconf 76' lang='grc' dir='ltr'>γεγενημένοις</span> <span class='ocrx_word' id='word_1_673' title='bbox 2475 4163 2760 4220; x_wconf 85' lang='grc' dir='ltr'>ἀντίδοσιν.</span> 
     </span>
    </p>
   </div>
   <div class='ocr_carea' id='block_1_90' title="bbox 464 4328 1954 4418">
    <p class='ocr_par' dir='ltr' id='par_1_90' title="bbox 464 4328 1954 4418">
     <span class='ocr_line' id='line_1_90' title="bbox 464 4328 1954 4418; baseline -0.007 -13"><span class='ocrx_word' id='word_1_674' title='bbox 464 4349 590 4406; x_wconf 72' lang='grc'><strong>245.</strong></span> <span class='ocrx_word' id='word_1_675' title='bbox 629 4328 796 4406; x_wconf 66' lang='lat' dir='ltr'><strong>Vens.</strong></span> <span class='ocrx_word' id='word_1_676' title='bbox 829 4348 916 4406; x_wconf 77' lang='grc'><strong>18.</strong></span> <span class='ocrx_word' id='word_1_677' title='bbox 977 4349 1074 4407; x_wconf 81' lang='lat' dir='ltr'><strong>Die</strong></span> <span class='ocrx_word' id='word_1_678' title='bbox 1101 4349 1195 4404; x_wconf 83' lang='lat' dir='ltr'><strong>tlla</strong></span> <span class='ocrx_word' id='word_1_679' title='bbox 1232 4352 1630 4418; x_wconf 75' lang='lat' dir='ltr'><strong>exstinguentur</strong></span> <span class='ocrx_word' id='word_1_680' title='bbox 1661 4354 1877 4410; x_wconf 77' lang='lat' dir='ltr'><strong>utentes,</strong></span> <span class='ocrx_word' id='word_1_681' title='bbox 1912 4355 1954 4396; x_wconf 78' lang='lat' dir='ltr'><strong>et</strong></span> 
     </span>
    </p>
   </div>
   <div class='ocr_carea' id='block_1_91' title="bbox 2063 4328 3618 4418">
    <p class='ocr_par' dir='ltr' id='par_1_91' title="bbox 2135 4345 3618 4416">
     <span class='ocr_line' id='line_1_91' title="bbox 2135 4345 3618 4416; baseline 0.002 -17"><span class='ocrx_word' id='word_1_682' title='bbox 2135 4345 2260 4400; x_wconf 69' lang='grc'><strong>245.</strong></span> <span class='ocrx_word' id='word_1_683' title='bbox 2303 4346 2381 4415; x_wconf 76' lang='grc' dir='ltr'><em>Τῇ</em></span> <span class='ocrx_word' id='word_1_684' title='bbox 2403 4347 2589 4416; x_wconf 77' lang='grc' dir='ltr'><strong>ἡμέρᾳ</strong></span> <span class='ocrx_word' id='word_1_685' title='bbox 2616 4347 2817 4415; x_wconf 76' lang='grc' dir='ltr'>ἐκείνῃ</span> <span class='ocrx_word' id='word_1_686' title='bbox 2846 4345 3373 4414; x_wconf 76' lang='grc' dir='ltr'>ἁποσΰεσθήσεται</span> <span class='ocrx_word' id='word_1_687' title='bbox 3405 4347 3476 4401; x_wconf 82' lang='grc' dir='ltr'>τὰ</span> <span class='ocrx_word' id='word_1_688' title='bbox 3499 4347 3618 4416; x_wconf 83' lang='grc' dir='ltr'>ὄρη,</span> 
     </span>
    </p>
   </div>
   <div class='ocr_carea' id='block_1_92' title="bbox 395 4431 1960 4506">
    <p class='ocr_par' dir='ltr' id='par_1_92' title="bbox 395 4431 1960 4506">
     <span class='ocr_line' id='line_1_92' title="bbox 395 4431 1960 4506; baseline -0.007 -8"><span class='ocrx_word' id='word_1_689' title='bbox 395 4442 551 4505; x_wconf 73' lang='lat' dir='ltr'><strong>colles</strong></span> <span class='ocrx_word' id='word_1_690' title='bbox 588 4451 636 4496; x_wconf 86' lang='lat' dir='ltr'><strong>et</strong></span> <span class='ocrx_word' id='word_1_691' title='bbox 678 4457 909 4496; x_wconf 86' lang='lat' dir='ltr'><strong>nemora.</strong></span> <span class='ocrx_word' id='word_1_692' title='bbox 942 4440 1013 4495; x_wconf 85' lang='lat' dir='ltr'><strong>Et</strong></span> <span class='ocrx_word' id='word_1_693' title='bbox 1054 4441 1319 4495; x_wconf 83' lang='lat' dir='ltr'><strong>devorabit</strong></span> <span class='ocrx_word' id='word_1_694' title='bbox 1363 4439 1428 4492; x_wconf 90' lang='lat' dir='ltr'><strong>ab</strong></span> <span class='ocrx_word' id='word_1_695' title='bbox 1475 4438 1652 4491; x_wconf 86' lang='lat' dir='ltr'><strong>anima</strong></span> <span class='ocrx_word' id='word_1_696' title='bbox 1686 4450 1847 4506; x_wconf 86' lang='lat' dir='ltr'><strong>usque</strong></span> <span class='ocrx_word' id='word_1_697' title='bbox 1892 4431 1960 4487; x_wconf 87' lang='lat' dir='ltr'><strong>ad</strong></span> 
     </span>
    </p>
   </div>
   <div class='ocr_carea' id='block_1_93' title="bbox 396 4527 1955 4603">
    <p class='ocr_par' dir='ltr' id='par_1_93' title="bbox 396 4527 1955 4603">
     <span class='ocr_line' id='line_1_93' title="bbox 396 4527 1955 4603; baseline -0.004 -16"><span class='ocrx_word' id='word_1_698' title='bbox 396 4549 602 4596; x_wconf 75' lang='lat' dir='ltr'><strong>carnes.</strong></span> <span class='ocrx_word' id='word_1_699' title='bbox 629 4531 923 4603; x_wconf 87' lang='lat' dir='ltr'><strong>Postquam</strong></span> <span class='ocrx_word' id='word_1_700' title='bbox 962 4532 1109 4587; x_wconf 86' lang='lat' dir='ltr'><strong>misit</strong></span> <span class='ocrx_word' id='word_1_701' title='bbox 1137 4531 1394 4587; x_wconf 91' lang='lat' dir='ltr'><strong>Dominus</strong></span> <span class='ocrx_word' id='word_1_702' title='bbox 1421 4528 1658 4584; x_wconf 82' lang='lat' dir='ltr'><strong>Sabaoth</strong></span> <span class='ocrx_word' id='word_1_703' title='bbox 1694 4529 1747 4583; x_wconf 91' lang='lat' dir='ltr'><strong>in</strong></span> <span class='ocrx_word' id='word_1_704' title='bbox 1781 4527 1955 4583; x_wconf 85' lang='lat' dir='ltr'><strong>bono-</strong></span> 
     </span>
    </p>
   </div>
   <div class='ocr_carea' id='block_1_94' title="bbox 397 4620 1959 4697">
    <p class='ocr_par' dir='ltr' id='par_1_94' title="bbox 397 4620 1959 4697">
     <span class='ocr_line' id='line_1_94' title="bbox 397 4620 1959 4697; baseline -0.003 -16"><span class='ocrx_word' id='word_1_705' title='bbox 397 4642 515 4693; x_wconf 75' lang='lat' dir='ltr'><strong>rem</strong></span> <span class='ocrx_word' id='word_1_706' title='bbox 548 4626 808 4697; x_wconf 89' lang='lat' dir='ltr'><strong>principis</strong></span> <span class='ocrx_word' id='word_1_707' title='bbox 838 4625 1189 4696; x_wconf 82' lang='lat' dir='ltr'><strong>Assyriorum</strong></span> <span class='ocrx_word' id='word_1_708' title='bbox 1240 4621 1612 4694; x_wconf 83' lang='lat' dir='ltr'><strong>ignominiam,</strong></span> <span class='ocrx_word' id='word_1_709' title='bbox 1659 4622 1797 4677; x_wconf 89' lang='lat' dir='ltr'><strong>etin</strong></span> <span class='ocrx_word' id='word_1_710' title='bbox 1840 4620 1959 4690; x_wconf 89' lang='lat' dir='ltr'><strong>ejus</strong></span> 
     </span>
    </p>
   </div>
   <div class='ocr_carea' id='block_1_95' title="bbox 397 4712 1956 4793">
    <p class='ocr_par' dir='ltr' id='par_1_95' title="bbox 397 4712 1956 4793">
     <span class='ocr_line' id='line_1_95' title="bbox 397 4712 1956 4793; baseline -0.003 -22"><span class='ocrx_word' id='word_1_711' title='bbox 397 4717 622 4793; x_wconf 88' lang='lat' dir='ltr'><strong>gloriam</strong></span> <span class='ocrx_word' id='word_1_712' title='bbox 660 4718 841 4789; x_wconf 88' lang='lat' dir='ltr'><strong>ignem</strong></span> <span class='ocrx_word' id='word_1_713' title='bbox 869 4717 1293 4782; x_wconf 87' lang='lat' dir='ltr'><strong>comburentem,</strong></span> <span class='ocrx_word' id='word_1_714' title='bbox 1334 4714 1532 4784; x_wconf 75' lang='lat' dir='ltr'><strong>luxque</strong></span> <span class='ocrx_word' id='word_1_715' title='bbox 1549 4712 1768 4768; x_wconf 88' lang='lat' dir='ltr'><strong>lsraelis</strong></span> <span class='ocrx_word' id='word_1_716' title='bbox 1798 4727 1956 4773; x_wconf 84' lang='lat' dir='ltr'><strong>versa</strong></span> 
     </span>
    </p>
   </div>
   <div class='ocr_carea' id='block_1_96' title="bbox 397 4806 1960 4882">
    <p class='ocr_par' dir='ltr' id='par_1_96' title="bbox 397 4806 1960 4882">
     <span class='ocr_line' id='line_1_96' title="bbox 397 4806 1960 4882; baseline -0.006 -14"><span class='ocrx_word' id='word_1_717' title='bbox 397 4819 479 4868; x_wconf 84' lang='lat' dir='ltr'><strong>est</strong></span> <span class='ocrx_word' id='word_1_718' title='bbox 510 4812 563 4867; x_wconf 93' lang='lat' dir='ltr'><strong>in</strong></span> <span class='ocrx_word' id='word_1_719' title='bbox 588 4816 766 4881; x_wconf 84' lang='lat' dir='ltr'><strong>ignem</strong></span> <span class='ocrx_word' id='word_1_720' title='bbox 793 4811 1043 4882; x_wconf 83' lang='lat' dir='ltr'><strong>Assyrio,</strong></span> <span class='ocrx_word' id='word_1_721' title='bbox 1070 4820 1127 4865; x_wconf 91' lang='lat' dir='ltr'><strong>ut</strong></span> <span class='ocrx_word' id='word_1_722' title='bbox 1148 4810 1286 4864; x_wconf 85' lang='lat' dir='ltr'><strong>lucis</strong></span> <span class='ocrx_word' id='word_1_723' title='bbox 1309 4806 1595 4876; x_wconf 83' lang='lat' dir='ltr'><strong>splendore</strong></span> <span class='ocrx_word' id='word_1_724' title='bbox 1617 4819 1960 4876; x_wconf 88' lang='lat' dir='ltr'><strong>nequaquam</strong></span> 
     </span>
    </p>
   </div>
   <div class='ocr_carea' id='block_1_97' title="bbox 400 4895 1963 4977">
    <p class='ocr_par' dir='ltr' id='par_1_97' title="bbox 400 4895 1963 4977">
     <span class='ocr_line' id='line_1_97' title="bbox 400 4895 1963 4977; baseline -0.007 -17"><span class='ocrx_word' id='word_1_725' title='bbox 400 4903 771 4970; x_wconf 80' lang='lat' dir='ltr'><strong>sanctiﬁcatus</strong></span> <span class='ocrx_word' id='word_1_726' title='bbox 798 4910 1121 4977; x_wconf 83' lang='lat' dir='ltr'><strong>purgarctur</strong></span> <span class='ocrx_word' id='word_1_727' title='bbox 1150 4900 1293 4972; x_wconf 87' lang='lat' dir='ltr'><strong>ignis</strong></span> <span class='ocrx_word' id='word_1_728' title='bbox 1333 4897 1546 4953; x_wconf 88' lang='lat' dir='ltr'><strong>ustione</strong></span> <span class='ocrx_word' id='word_1_729' title='bbox 1579 4912 1699 4968; x_wconf 70' lang='lat' dir='ltr'><strong>qum</strong></span> <span class='ocrx_word' id='word_1_730' title='bbox 1728 4895 1963 4952; x_wconf 71' lang='lat' dir='ltr'><strong>ediceret</strong></span> 
     </span>
    </p>
   </div>
   <div class='ocr_carea' id='block_1_98' title="bbox 473 5087 911 5154">
    <p class='ocr_par' dir='ltr' id='par_1_98' title="bbox 473 5087 911 5154">
     <span class='ocr_line' id='line_1_98' title="bbox 473 5087 911 5154; baseline -0.005 -12"><span class='ocrx_word' id='word_1_731' title='bbox 473 5087 519 5122; x_wconf 79' lang='lat'><strong>&quot;</strong></span> <span class='ocrx_word' id='word_1_732' title='bbox 554 5088 711 5145; x_wconf 89' lang='lat' dir='ltr'><strong>Deut.</strong></span> <span class='ocrx_word' id='word_1_733' title='bbox 738 5103 814 5154; x_wconf 84' lang='lat' dir='ltr'><strong>tv,</strong></span> <span class='ocrx_word' id='word_1_734' title='bbox 841 5087 911 5153; x_wconf 68' lang='grc'><strong>24</strong></span> 
     </span>
    </p>
   </div>
   <div class='ocr_carea' id='block_1_99' title="bbox 495 5274 1377 5344">
    <p class='ocr_par' dir='ltr' id='par_1_99' title="bbox 495 5274 1377 5344">
     <span class='ocr_line' id='line_1_99' title="bbox 495 5274 1377 5344; baseline -0.003 -13"><span class='ocrx_word' id='word_1_735' title='bbox 495 5274 589 5344; x_wconf 65' lang='grc'><strong>24)</strong></span> <span class='ocrx_word' id='word_1_736' title='bbox 614 5275 794 5331; x_wconf 81' lang='lat' dir='ltr'><strong>Codex</strong></span> <span class='ocrx_word' id='word_1_737' title='bbox 826 5289 986 5344; x_wconf 85' lang='lat' dir='ltr'><strong>unus,</strong></span> <span class='ocrx_word' id='word_1_738' title='bbox 1016 5274 1377 5329; x_wconf 79' lang='grc' dir='ltr'>Ἀποστέλλει.</span> 
     </span>
    </p>
   </div>
   <div class='ocr_carea' id='block_1_100' title="bbox 498 5341 1967 5416">
    <p class='ocr_par' dir='ltr' id='par_1_100' title="bbox 498 5341 1967 5416">
     <span class='ocr_line' id='line_1_100' title="bbox 498 5341 1967 5416; baseline -0.001 -17"><span class='ocrx_word' id='word_1_739' title='bbox 498 5341 590 5416; x_wconf 70' lang='grc'><strong>25)</strong></span> <span class='ocrx_word' id='word_1_740' title='bbox 607 5341 980 5416; x_wconf 43' lang='grc' dir='ltr'>Εόίιίλπόλεις</span> <span class='ocrx_word' id='word_1_741' title='bbox 1006 5344 1224 5416; x_wconf 14' lang='grc' dir='ltr'>σείσεινί.</span> <span class='ocrx_word' id='word_1_742' title='bbox 1243 5346 1312 5400; x_wconf 85' lang='lat' dir='ltr'><strong>At</strong></span> <span class='ocrx_word' id='word_1_743' title='bbox 1338 5358 1428 5416; x_wconf 60' lang='lat' dir='ltr'><strong>se;</strong></span> <span class='ocrx_word' id='word_1_744' title='bbox 1448 5359 1597 5416; x_wconf 88' lang='lat' dir='ltr'><strong>mss.,</strong></span> <span class='ocrx_word' id='word_1_745' title='bbox 1618 5343 1801 5416; x_wconf 79' lang='grc' dir='ltr'>σείειν.</span> <span class='ocrx_word' id='word_1_746' title='bbox 1816 5341 1967 5397; x_wconf 83' lang='lat' dir='ltr'><strong>Haud</strong></span> 
     </span>
    </p>
   </div>
   <div class='ocr_carea' id='block_1_101' title="bbox 403 5413 1970 5500">
    <p class='ocr_par' dir='ltr' id='par_1_101' title="bbox 403 5413 1970 5500">
     <span class='ocr_line' id='line_1_101' title="bbox 403 5413 1970 5500; baseline -0.004 -27"><span class='ocrx_word' id='word_1_747' title='bbox 403 5413 745 5500; x_wconf 59' lang='lat' dir='ltr'><strong>longe&#39;editi,</strong></span> <span class='ocrx_word' id='word_1_748' title='bbox 774 5413 864 5468; x_wconf 83' lang='grc' dir='ltr'>διὰ</span> <span class='ocrx_word' id='word_1_749' title='bbox 888 5415 1044 5468; x_wconf 80' lang='grc' dir='ltr'>τοῦτο</span> <span class='ocrx_word' id='word_1_750' title='bbox 1071 5414 1151 5468; x_wconf 87' lang='grc' dir='ltr'><strong>τό.</strong></span> <span class='ocrx_word' id='word_1_751' title='bbox 1187 5415 1349 5471; x_wconf 84' lang='lat' dir='ltr'><strong>Deest</strong></span> <span class='ocrx_word' id='word_1_752' title='bbox 1366 5414 1426 5469; x_wconf 89' lang='grc' dir='ltr'><strong>τό</strong></span> <span class='ocrx_word' id='word_1_753' title='bbox 1458 5415 1509 5468; x_wconf 89' lang='lat' dir='ltr'><strong>in</strong></span> <span class='ocrx_word' id='word_1_754' title='bbox 1542 5415 1745 5469; x_wconf 84' lang='lat' dir='ltr'><strong>nostris</strong></span> <span class='ocrx_word' id='word_1_755' title='bbox 1767 5428 1858 5469; x_wconf 78' lang='lat' dir='ltr'><strong>sex</strong></span> <span class='ocrx_word' id='word_1_756' title='bbox 1876 5428 1970 5468; x_wconf 85' lang='lat' dir='ltr'><strong>co-</strong></span> 
     </span>
    </p>
   </div>
   <div class='ocr_carea' id='block_1_102' title="bbox 403 5488 1965 5626">
    <p class='ocr_par' dir='ltr' id='par_1_102' title="bbox 403 5488 1965 5626">
     <span class='ocr_line' id='line_1_102' title="bbox 403 5488 1965 5626; baseline 0.012 -1"><span class='ocrx_word' id='word_1_757' title='bbox 403 5488 761 5626; x_wconf 51' lang='grc' dir='ltr'><strong>ᾠῗὲἓῗίὲᾶίιί</strong></span> <span class='ocrx_word' id='word_1_758' title='bbox 790 5562 844 5608; x_wconf 86' lang='lat' dir='ltr'><strong>et</strong></span> <span class='ocrx_word' id='word_1_759' title='bbox 877 5555 1008 5622; x_wconf 59' lang='lat' dir='ltr'><strong>Rea.</strong></span> <span class='ocrx_word' id='word_1_760' title='bbox 1064 5554 1355 5626; x_wconf 68' lang='lat' dir='ltr'><strong>secundus,</strong></span> <span class='ocrx_word' id='word_1_761' title='bbox 1402 5554 1762 5625; x_wconf 70' lang='grc' dir='ltr'>περιφάνειαν</span> <span class='ocrx_word' id='word_1_762' title='bbox 1810 5552 1965 5626; x_wconf 45' lang='lat' dir='ltr'><strong>penei</strong></span> 
     </span>
    </p>
   </div>
   <div class='ocr_carea' id='block_1_103' title="bbox 406 5623 1970 5696">
    <p class='ocr_par' dir='ltr' id='par_1_103' title="bbox 406 5623 1970 5696">
     <span class='ocr_line' id='line_1_103' title="bbox 406 5623 1970 5696; baseline -0.004 -14"><span class='ocrx_word' id='word_1_763' title='bbox 406 5624 513 5682; x_wconf 77' lang='lat' dir='ltr'><strong>Alii</strong></span> <span class='ocrx_word' id='word_1_764' title='bbox 530 5623 639 5683; x_wconf 82' lang='lat' dir='ltr'><strong>tres</strong></span> <span class='ocrx_word' id='word_1_765' title='bbox 650 5640 777 5682; x_wconf 82' lang='lat' dir='ltr'><strong>mss.</strong></span> <span class='ocrx_word' id='word_1_766' title='bbox 795 5638 992 5696; x_wconf 63' lang='lat' dir='ltr'><strong>praeter</strong></span> <span class='ocrx_word' id='word_1_767' title='bbox 1008 5636 1288 5683; x_wconf 85' lang='lat' dir='ltr'><strong>utrumoue</strong></span> <span class='ocrx_word' id='word_1_768' title='bbox 1307 5623 1786 5693; x_wconf 77' lang='lat' dir='ltr'><strong>Combelisianum,</strong></span> <span class='ocrx_word' id='word_1_769' title='bbox 1807 5623 1970 5694; x_wconf 79' lang='grc' dir='ltr'>ὑπερ-</span> 
     </span>
    </p>
   </div>
   <div class='ocr_carea' id='block_1_104' title="bbox 2065 4438 3621 4508">
    <p class='ocr_par' dir='ltr' id='par_1_104' title="bbox 2065 4438 3621 4508">
     <span class='ocr_line' id='line_1_104' title="bbox 2065 4438 3621 4508; baseline 0.002 -17"><span class='ocrx_word' id='word_1_770' title='bbox 2065 4440 2165 4492; x_wconf 75' lang='grc' dir='ltr'><strong>καὶ</strong></span> <span class='ocrx_word' id='word_1_771' title='bbox 2219 4442 2273 4493; x_wconf 88' lang='lat' dir='ltr'><strong>ol</strong></span> <span class='ocrx_word' id='word_1_772' title='bbox 2313 4440 2548 4504; x_wconf 65' lang='grc' dir='ltr'>βουνοί,</span> <span class='ocrx_word' id='word_1_773' title='bbox 2584 4438 2683 4493; x_wconf 80' lang='grc' dir='ltr'>καὶ</span> <span class='ocrx_word' id='word_1_774' title='bbox 2728 4442 2784 4492; x_wconf 83' lang='grc' dir='ltr'>οὶ</span> <span class='ocrx_word' id='word_1_775' title='bbox 2815 4438 3048 4508; x_wconf 79' lang='grc' dir='ltr'>δρυμοὶ,</span> <span class='ocrx_word' id='word_1_776' title='bbox 3097 4439 3195 4492; x_wconf 77' lang='grc' dir='ltr'>καὶ</span> <span class='ocrx_word' id='word_1_777' title='bbox 3239 4438 3621 4508; x_wconf 65' lang='grc' dir='ltr'>καταφάγεται</span> 
     </span>
    </p>
   </div>
   <div class='ocr_carea' id='block_1_105' title="bbox 2064 4527 3620 4600">
    <p class='ocr_par' dir='ltr' id='par_1_105' title="bbox 2064 4527 3620 4600">
     <span class='ocr_line' id='line_1_105' title="bbox 2064 4527 3620 4600; baseline -0.002 -16"><span class='ocrx_word' id='word_1_778' title='bbox 2064 4530 2182 4585; x_wconf 84' lang='grc' dir='ltr'><strong>ἀπὸ</strong></span> <span class='ocrx_word' id='word_1_779' title='bbox 2212 4528 2420 4600; x_wconf 66' lang='grc' dir='ltr'>ψυχῆς</span> <span class='ocrx_word' id='word_1_780' title='bbox 2438 4529 2547 4596; x_wconf 84' lang='grc' dir='ltr'><strong>ἕως</strong></span> <span class='ocrx_word' id='word_1_781' title='bbox 2574 4527 2840 4596; x_wconf 66' lang='grc' dir='ltr'>σαρκῶν.</span> <span class='ocrx_word' id='word_1_782' title='bbox 2875 4528 3031 4581; x_wconf 81' lang='grc' dir='ltr'>Μετὰ</span> <span class='ocrx_word' id='word_1_783' title='bbox 3080 4529 3138 4581; x_wconf 86' lang='grc' dir='ltr'><strong>τὸ</strong></span> <span class='ocrx_word' id='word_1_784' title='bbox 3170 4529 3481 4584; x_wconf 80' lang='grc' dir='ltr'>ἀποστεῖλαι</span> <span class='ocrx_word' id='word_1_785' title='bbox 3518 4528 3620 4582; x_wconf 78' lang='grc' dir='ltr'><strong>Κύ-</strong></span> 
     </span>
    </p>
   </div>
   <div class='ocr_carea' id='block_1_106' title="bbox 2071 4600 3622 4696">
    <p class='ocr_par' dir='ltr' id='par_1_106' title="bbox 2071 4600 3622 4696">
     <span class='ocr_line' id='line_1_106' title="bbox 2071 4600 3622 4696; baseline -0.001 -22"><span class='ocrx_word' id='word_1_786' title='bbox 2071 4641 2184 4696; x_wconf 81' lang='grc' dir='ltr'>ριον</span> <span class='ocrx_word' id='word_1_787' title='bbox 2233 4621 2456 4675; x_wconf 77' lang='grc' dir='ltr'>Σαϐαὼθ</span> <span class='ocrx_word' id='word_1_788' title='bbox 2492 4624 2570 4686; x_wconf 84' lang='grc' dir='ltr'><strong>εἰς</strong></span> <span class='ocrx_word' id='word_1_789' title='bbox 2601 4621 2700 4687; x_wconf 78' lang='grc' dir='ltr'><strong>τὴν</strong></span> <span class='ocrx_word' id='word_1_790' title='bbox 2729 4600 2896 4694; x_wconf 72' lang='grc' dir='ltr'>τιμὴν</span> <span class='ocrx_word' id='word_1_791' title='bbox 2930 4620 3025 4673; x_wconf 80' lang='grc' dir='ltr'>τοῦ</span> <span class='ocrx_word' id='word_1_792' title='bbox 3065 4621 3321 4691; x_wconf 82' lang='grc' dir='ltr'>ἄρχοντος</span> <span class='ocrx_word' id='word_1_793' title='bbox 3355 4620 3460 4673; x_wconf 86' lang='grc' dir='ltr'><strong>τῶν</strong></span> <span class='ocrx_word' id='word_1_794' title='bbox 3509 4621 3622 4673; x_wconf 78' lang='grc' dir='ltr'><strong>Ἀσο</strong></span> 
     </span>
    </p>
   </div>
   <div class='ocr_carea' id='block_1_107' title="bbox 2070 4710 3621 4786">
    <p class='ocr_par' dir='ltr' id='par_1_107' title="bbox 2070 4710 3621 4786">
     <span class='ocr_line' id='line_1_107' title="bbox 2070 4710 3621 4786; baseline -0.003 -18"><span class='ocrx_word' id='word_1_795' title='bbox 2070 4713 2271 4786; x_wconf 84' lang='grc' dir='ltr'>συρίων</span> <span class='ocrx_word' id='word_1_796' title='bbox 2300 4713 2542 4783; x_wconf 84' lang='grc' dir='ltr'>ἀτιμίαν,</span> <span class='ocrx_word' id='word_1_797' title='bbox 2591 4712 2686 4766; x_wconf 71' lang='grc' dir='ltr'><strong>καὶ</strong></span> <span class='ocrx_word' id='word_1_798' title='bbox 2713 4714 2794 4776; x_wconf 77' lang='grc' dir='ltr'>εἰς</span> <span class='ocrx_word' id='word_1_799' title='bbox 2829 4711 2926 4782; x_wconf 85' lang='grc' dir='ltr'>τὴν</span> <span class='ocrx_word' id='word_1_800' title='bbox 2955 4711 3112 4776; x_wconf 84' lang='grc' dir='ltr'>δόξαν</span> <span class='ocrx_word' id='word_1_801' title='bbox 3146 4711 3309 4765; x_wconf 77' lang='grc' dir='ltr'>αὐτοῦ</span> <span class='ocrx_word' id='word_1_802' title='bbox 3345 4710 3452 4783; x_wconf 82' lang='grc' dir='ltr'>πῦρ</span> <span class='ocrx_word' id='word_1_803' title='bbox 3482 4713 3621 4765; x_wconf 84' lang='grc' dir='ltr'>καιό-</span> 
     </span>
    </p>
   </div>
   <div class='ocr_carea' id='block_1_108' title="bbox 2074 4799 3618 4875">
    <p class='ocr_par' dir='ltr' id='par_1_108' title="bbox 2074 4799 3618 4875">
     <span class='ocr_line' id='line_1_108' title="bbox 2074 4799 3618 4875; baseline -0.003 -19"><span class='ocrx_word' id='word_1_804' title='bbox 2074 4820 2254 4875; x_wconf 76' lang='grc' dir='ltr'>μενον,</span> <span class='ocrx_word' id='word_1_805' title='bbox 2293 4803 2387 4855; x_wconf 74' lang='grc' dir='ltr'><strong>καὶ</strong></span> <span class='ocrx_word' id='word_1_806' title='bbox 2414 4800 2550 4873; x_wconf 82' lang='grc' dir='ltr'>μετὰ</span> <span class='ocrx_word' id='word_1_807' title='bbox 2574 4801 2634 4853; x_wconf 79' lang='grc' dir='ltr'><strong>τὸ</strong></span> <span class='ocrx_word' id='word_1_808' title='bbox 2659 4799 2919 4870; x_wconf 74' lang='grc' dir='ltr'>γενέσθαι</span> <span class='ocrx_word' id='word_1_809' title='bbox 2950 4800 3012 4853; x_wconf 85' lang='grc' dir='ltr'><strong>τὸ</strong></span> <span class='ocrx_word' id='word_1_810' title='bbox 3039 4800 3153 4868; x_wconf 70' lang='grc' dir='ltr'>φῶς</span> <span class='ocrx_word' id='word_1_811' title='bbox 3176 4800 3267 4853; x_wconf 78' lang='grc' dir='ltr'>τοῦ</span> <span class='ocrx_word' id='word_1_812' title='bbox 3312 4799 3516 4872; x_wconf 83' lang='grc' dir='ltr'>Ἰσραὴλ</span> <span class='ocrx_word' id='word_1_813' title='bbox 3543 4802 3618 4863; x_wconf 78' lang='grc' dir='ltr'><strong>είς</strong></span> 
     </span>
    </p>
   </div>
   <div class='ocr_carea' id='block_1_109' title="bbox 2069 4891 3617 4991">
    <p class='ocr_par' dir='ltr' id='par_1_109' title="bbox 2069 4891 3617 4991">
     <span class='ocr_line' id='line_1_109' title="bbox 2069 4891 3617 4991; baseline -0.004 -42"><span class='ocrx_word' id='word_1_814' title='bbox 2069 4894 2180 4966; x_wconf 77' lang='grc' dir='ltr'>πῦρ</span> <span class='ocrx_word' id='word_1_815' title='bbox 2202 4893 2280 4965; x_wconf 82' lang='grc' dir='ltr'><strong>τῷ</strong></span> <span class='ocrx_word' id='word_1_816' title='bbox 2327 4893 2615 4965; x_wconf 80' lang='grc' dir='ltr'>Ἀσσυρίῳ,</span> <span class='ocrx_word' id='word_1_817' title='bbox 2641 4893 2728 4946; x_wconf 82' lang='grc' dir='ltr'><strong>ἵνα</strong></span> <span class='ocrx_word' id='word_1_818' title='bbox 2752 4892 2786 4991; x_wconf 63' lang='grc' dir='ltr'><strong>ξ)</strong></span> <span class='ocrx_word' id='word_1_819' title='bbox 2834 4891 2909 4963; x_wconf 81' lang='grc' dir='ltr'>μὴ</span> <span class='ocrx_word' id='word_1_820' title='bbox 2931 4892 3209 4960; x_wconf 72' lang='grc' dir='ltr'>ἀγιασθεὶς</span> <span class='ocrx_word' id='word_1_821' title='bbox 3224 4895 3283 4946; x_wconf 82' lang='grc' dir='ltr'>ὲν</span> <span class='ocrx_word' id='word_1_822' title='bbox 3310 4896 3377 4965; x_wconf 80' lang='grc' dir='ltr'>τῇ</span> <span class='ocrx_word' id='word_1_823' title='bbox 3390 4891 3617 4967; x_wconf 83' lang='grc' dir='ltr'>λαμπρό-</span> 
     </span>
    </p>
   </div>
   <div class='ocr_carea' id='block_1_110' title="bbox 2067 5245 3611 5345">
    <p class='ocr_par' dir='ltr' id='par_1_110' title="bbox 2067 5245 3611 5345">
     <span class='ocr_line' id='line_1_110' title="bbox 2067 5245 3611 5345; baseline -0.019 -15"><span class='ocrx_word' id='word_1_824' title='bbox 2067 5273 2297 5345; x_wconf 61' lang='grc' dir='ltr'>ηφανέᾳ,</span> <span class='ocrx_word' id='word_1_825' title='bbox 2331 5278 2421 5345; x_wconf 79' lang='lat' dir='ltr'><strong>aut</strong></span> <span class='ocrx_word' id='word_1_826' title='bbox 2443 5263 2883 5345; x_wconf 46' lang='lat' dir='ltr'><strong>07E€pt1&lt;pdv5.td,&#39;_</strong></span> <span class='ocrx_word' id='word_1_827' title='bbox 2898 5250 3443 5345; x_wconf 31' lang='lat' dir='ltr'><strong>maleaStatiImAediti</strong></span> <span class='ocrx_word' id='word_1_828' title='bbox 3462 5289 3477 5315; x_wconf 91' lang='lat'><strong>,</strong></span> <span class='ocrx_word' id='word_1_829' title='bbox 3514 5245 3611 5303; x_wconf 80' lang='grc' dir='ltr'>Καὶ</span> 
     </span>
    </p>
   </div>
   <div class='ocr_carea' id='block_1_111' title="bbox 2066 5324 3498 5414">
    <p class='ocr_par' dir='ltr' id='par_1_111' title="bbox 2066 5324 3498 5414">
     <span class='ocr_line' id='line_1_111' title="bbox 2066 5324 3498 5414; baseline 0 0"><span class='ocrx_word' id='word_1_830' title='bbox 2066 5324 2423 5414; x_wconf 48' lang='lat' dir='ltr'><strong>idin-F620}?</strong></span> <span class='ocrx_word' id='word_1_831' title='bbox 2461 5324 2650 5414; x_wconf 48' lang='lat' dir='ltr'><strong>rei.“</strong></span> <span class='ocrx_word' id='word_1_832' title='bbox 2679 5330 2886 5414; x_wconf 62' lang='grc' dir='ltr'><strong>ειοείῑίὲὀ</strong></span> <span class='ocrx_word' id='word_1_833' title='bbox 2910 5343 3006 5383; x_wconf 72' lang='grc' dir='ltr'>εει</span> <span class='ocrx_word' id='word_1_834' title='bbox 3048 5340 3189 5414; x_wconf 57' lang='grc' dir='ltr'><strong>ιηξξο,</strong></span> <span class='ocrx_word' id='word_1_835' title='bbox 3216 5324 3385 5414; x_wconf 46' lang='lat'><strong>“$31-</strong></span> 
     </span>
    </p>
   </div>
   <div class='ocr_carea' id='block_1_112' title="bbox 2139 5388 3607 5483">
    <p class='ocr_par' dir='ltr' id='par_1_112' title="bbox 2139 5388 3607 5483">
     <span class='ocr_line' id='line_1_112' title="bbox 2139 5388 3607 5483; baseline -0.029 -1"><span class='ocrx_word' id='word_1_836' title='bbox 2139 5388 2250 5483; x_wconf 47' lang='grc' dir='ltr'><strong>δή</strong></span> <span class='ocrx_word' id='word_1_837' title='bbox 2271 5388 2445 5472; x_wconf 42' lang='lat' dir='ltr'><strong>Elii}.</strong></span> <span class='ocrx_word' id='word_1_838' title='bbox 2473 5388 2768 5483; x_wconf 47' lang='grc' dir='ltr'><strong>’ἀῆδλτῆςο</strong></span> <span class='ocrx_word' id='word_1_839' title='bbox 2789 5401 2901 5483; x_wconf 42' lang='grc' dir='ltr'>,Αιη</span> <span class='ocrx_word' id='word_1_840' title='bbox 2934 5414 3032 5483; x_wconf 64' lang='lat' dir='ltr'><strong>sex</strong></span> <span class='ocrx_word' id='word_1_841' title='bbox 3084 5409 3238 5457; x_wconf 78' lang='lat' dir='ltr'><strong>mss.,</strong></span> <span class='ocrx_word' id='word_1_842' title='bbox 3262 5392 3389 5448; x_wconf 77' lang='grc' dir='ltr'>ἀπό.</span> <span class='ocrx_word' id='word_1_843' title='bbox 3433 5388 3607 5443; x_wconf 82' lang='lat' dir='ltr'><strong>Ibidem</strong></span> 
     </span>
    </p>
   </div>
   <div class='ocr_carea' id='block_1_113' title="bbox 2235 5472 3010 5544">
    <p class='ocr_par' dir='ltr' id='par_1_113' title="bbox 2235 5472 3010 5544">
     <span class='ocr_line' id='line_1_113' title="bbox 2235 5472 3010 5544; baseline -0.014 -9"><span class='ocrx_word' id='word_1_844' title='bbox 2235 5472 2522 5544; x_wconf 52' lang='lat' dir='ltr'><strong>secundus,</strong></span> <span class='ocrx_word' id='word_1_845' title='bbox 2556 5472 2729 5544; x_wconf 85' lang='grc' dir='ltr'>πάθη·</span> <span class='ocrx_word' id='word_1_846' title='bbox 2743 5474 2813 5544; x_wconf 67' lang='grc' dir='ltr'><strong>οὐ</strong></span> <span class='ocrx_word' id='word_1_847' title='bbox 2839 5472 2919 5544; x_wconf 60' lang='grc' dir='ltr'>τῇ</span> <span class='ocrx_word' id='word_1_848' title='bbox 2931 5472 3010 5524; x_wconf 82' lang='grc' dir='ltr'>ὲν.</span> 
     </span>
    </p>
   </div>
   <div class='ocr_carea' id='block_1_114' title="bbox 2067 5483 3607 5621">
    <p class='ocr_par' dir='ltr' id='par_1_114' title="bbox 2067 5483 3607 5621">
     <span class='ocr_line' id='line_1_114' title="bbox 2067 5483 3010 5544; baseline -0.016 -6"><span class='ocrx_word' id='word_1_849' title='bbox 2067 5483 2147 5538; x_wconf 78' lang='lat' dir='ltr'><strong>Bc</strong></span> <span class='ocrx_word' id='word_1_850' title='bbox 2190 5518 2203 5533; x_wconf 93' lang='lat'><strong>.</strong></span> <span class='ocrx_word' id='word_1_851' title='bbox 2235 5483 2522 5535; x_wconf 77' lang='lat' dir='ltr'><strong>secundus,</strong></span> <span class='ocrx_word' id='word_1_852' title='bbox 2556 5483 2729 5544; x_wconf 82' lang='grc' dir='ltr'>πάθη·</span> <span class='ocrx_word' id='word_1_853' title='bbox 2750 5483 2813 5526; x_wconf 83' lang='grc' dir='ltr'><strong>ου</strong></span> <span class='ocrx_word' id='word_1_854' title='bbox 2839 5488 2890 5534; x_wconf 80' lang='grc' dir='ltr'><strong>τ,</strong></span> <span class='ocrx_word' id='word_1_855' title='bbox 2931 5483 3010 5524; x_wconf 83' lang='grc' dir='ltr'><strong>εν.</strong></span> 
     </span>
     <span class='ocr_line' id='line_1_115' title="bbox 2140 5483 3607 5621; baseline -0.01 -17"><span class='ocrx_word' id='word_1_856' title='bbox 2140 5499 2250 5621; x_wconf 54' lang='grc' dir='ltr'><strong>(ξε)</strong></span> <span class='ocrx_word' id='word_1_857' title='bbox 2286 5548 2446 5621; x_wconf 78' lang='lat' dir='ltr'><strong>Editi,</strong></span> <span class='ocrx_word' id='word_1_858' title='bbox 2474 5539 2550 5599; x_wconf 80' lang='grc' dir='ltr'>ὧν</span> <span class='ocrx_word' id='word_1_859' title='bbox 2574 5546 2707 5607; x_wconf 85' lang='grc' dir='ltr'>τοῖς.</span> <span class='ocrx_word' id='word_1_860' title='bbox 2729 5541 2853 5621; x_wconf 77' lang='lat' dir='ltr'><strong>_Vox</strong></span> <span class='ocrx_word' id='word_1_861' title='bbox 2872 5483 2980 5606; x_wconf 43' lang='grc' dir='ltr'><strong>ῶν,</strong></span> <span class='ocrx_word' id='word_1_862' title='bbox 3016 5550 3176 5621; x_wconf 57' lang='lat' dir='ltr'><strong>quam</strong></span> <span class='ocrx_word' id='word_1_863' title='bbox 3207 5531 3491 5621; x_wconf 69' lang='grc' dir='ltr'>παρέλκειν</span> <span class='ocrx_word' id='word_1_864' title='bbox 3523 5547 3607 5590; x_wconf 85' lang='lat' dir='ltr'><strong>ne-</strong></span> 
     </span>
    </p>
   </div>
   <div class='ocr_carea' id='block_1_115' title="bbox 2071 5609 3251 5687">
    <p class='ocr_par' dir='ltr' id='par_1_115' title="bbox 2071 5609 3251 5687">
     <span class='ocr_line' id='line_1_116' title="bbox 2071 5609 3251 5687; baseline -0.016 -8"><span class='ocrx_word' id='word_1_865' title='bbox 2071 5609 2165 5678; x_wconf 75' lang='lat' dir='ltr'><strong>mo&#39;</strong></span> <span class='ocrx_word' id='word_1_866' title='bbox 2183 5609 2286 5677; x_wconf 79' lang='lat' dir='ltr'><strong>non</strong></span> <span class='ocrx_word' id='word_1_867' title='bbox 2315 5609 2475 5687; x_wconf 85' lang='lat' dir='ltr'><strong>videt,</strong></span> <span class='ocrx_word' id='word_1_868' title='bbox 2508 5632 2537 5671; x_wconf 83' lang='lat' dir='ltr'><strong>a</strong></span> <span class='ocrx_word' id='word_1_869' title='bbox 2573 5612 2774 5673; x_wconf 74' lang='lat' dir='ltr'><strong>nostris</strong></span> <span class='ocrx_word' id='word_1_870' title='bbox 2800 5624 2895 5668; x_wconf 71' lang='lat' dir='ltr'><strong>se:</strong></span> <span class='ocrx_word' id='word_1_871' title='bbox 2924 5625 3054 5667; x_wconf 86' lang='lat' dir='ltr'><strong>mss.</strong></span> <span class='ocrx_word' id='word_1_872' title='bbox 3084 5609 3251 5663; x_wconf 79' lang='lat' dir='ltr'><strong>abest.</strong></span> 
     </span>
    </p>
   </div>
  </div>
