3810 6214
376 221 481 280 ηε

1318 214 1660 272 APPENDIX
1698 214 1979 274 OPERUM
2020 216 2080 273 S.
2122 214 2365 274 BASILII
2400 217 2634 275 MAGNI.

3507 217 3641 273 544

377 355 476 395 nus
508 334 741 391 Sabaoth
788 333 843 388 in
884 333 1133 388 honorem
1170 339 1322 384 tuum
1370 330 1750 400 ignominiam,
1796 337 1845 384 et
1890 328 1943 382 in

2064 328 2287 384 Βαϐαὼθ
2308 333 2396 396 εὶς
2419 328 2535 397 τὴν
2564 328 2690 396 σὴν
2743 325 2920 398 τιμὴν
2944 326 3202 397 ἀτιμίαν,
3230 325 3329 381 καὶ
3356 328 3443 393 τίς
3497 331 3645 397 τὴν

377 429 597 500 gloriam
627 437 771 479 tuam
813 425 946 493 ignis
991 422 1299 477 comburens
1343 421 1675 476 accendatur.
1730 418 1796 486 Et
1842 421 1942 475 erit

379 519 549 573 lumen
579 514 751 570 Israel
786 516 843 568 in
866 515 1059 584 ignem,
1088 522 1137 566 et
1170 511 1522 579 sanctiﬁcabit
1558 509 1711 564 illum
1738 510 1795 563 in
1826 510 1944 580 igne

379 618 560 663 urente
585 619 604 658 :
633 614 684 661 et
714 604 980 659 devorabit
1010 602 1164 673 quasi
1210 601 1392 670 fenum
1433 601 1644 655 silvam.
1690 599 1816 655 Haec
1860 609 1948 656 est

378 699 555 756 stultae
592 696 860 766 superbiae
889 708 1116 750 merces.
1157 692 1291 761 Quia
1331 702 1384 747 te
1424 694 1599 761 ipsum
1633 691 1946 759 gloriabun-

377 791 481 846 dus
522 794 759 845 inentem
789 801 1038 857 magnam
1074 785 1428 855 praedicabas,
1464 796 1519 838 et
1543 783 1853 839 cﬂ‘erebaris
1891 784 1945 839 in

379 877 662 932 altitudine
697 876 877 947 gloria:
899 874 1197 941 oculorum,
1226 872 1399 927 Mitlet
1441 873 1692 928 Dominus
1722 874 1946 943 ignomi-

376 971 519 1024 niam
545 967 598 1022 in
625 967 874 1021 honorem
894 976 1065 1031 tuum,
1093 965 1267 1034 ignem
1292 980 1423 1020 vero
1445 966 1499 1020 in
1525 966 1748 1036 gloriam
1776 977 1943 1024 tuam.

380 1060 642 1128 Quoniam
681 1057 825 1112 enim
857 1056 1240 1113 interminatus
1269 1071 1329 1111 es
1366 1056 1670 1111 ablaturum
1725 1067 1775 1113 te
1825 1072 1949 1115 esse

378 1153 516 1205 ﬁnes
552 1148 812 1218 gentium,
847 1146 1122 1201 habitatas
1161 1146 1411 1203 civitates
1434 1157 1944 1216 conquassaturum,

381 1250 549 1296 totum
571 1247 837 1294 terrarum
859 1239 1045 1292 orbem
1070 1237 1221 1306 quasi
1246 1236 1431 1291 nidum
1459 1237 1945 1306 appreltensurum,

379 1344 435 1387 et
479 1347 602 1387 eum
645 1332 799 1400 quasi
846 1345 948 1386 ova
992 1330 1248 1385 derelicta
1304 1329 1677 1396 sublaturum,
1734 1329 1949 1384 nemine

379 1426 601 1481 omnino
643 1422 930 1493 ellugiente
964 1432 1058 1477 aut
1100 1424 1529 1488 contradicente,
1566 1424 1766 1477 idcirco
1796 1422 1948 1492 Ignis

376 1517 685 1571 comburens
742 1516 1074 1580 accendatur,
1123 1524 1170 1568 et
1217 1517 1315 1569 erit
1381 1516 1562 1573 lumen
1623 1513 1844 1568 lsraelis
1894 1516 1950 1567 in

379 1610 572 1679 ignem.
625 1608 1023 1672 Immutabitur,
1075 1607 1278 1676 inquit,
1327 1622 1511 1662 rerum
1557 1616 1758 1673 status;
1791 1616 1846 1660 et
1893 1607 1947 1659 in

379 1700 684 1770 splendore.
720 1698 915 1767 inquit,
946 1682 1061 1753 erit
1088 1698 1279 1765 Israel,
1309 1697 1403 1768 qui
1431 1712 1572 1752 nunc
1601 1697 1946 1768 deprimitur,

378 1800 436 1846 et.
480 1790 569 1860 qui
624 1790 716 1843 tibi
761 1791 832 1844 ob
874 1799 1158 1860 peccatum
1216 1789 1446 1844 traditus
1487 1796 1572 1843 est
1624 1787 1951 1857 puniendus.

381 1882 646 1952 Splendor
675 1882 856 1950 itaque
886 1881 1045 1947 illius
1083 1880 1177 1936 tibi
1211 1880 1266 1934 in
1315 1879 1608 1950 perniciem
1635 1887 1691 1933 et
1726 1877 1951 1933 exitium

380 1974 557 2031 cedet.
604 1972 723 2026 Erit
762 1973 920 2037 enim,
975 1972 1186 2042 inquit,
1239 1971 1415 2025 lumen
1448 1969 1619 2026 Israel
1660 1972 1715 2026 in
1757 1971 1950 2038 ignem.

378 2062 553 2132 Atque
597 2078 718 2117 cum
763 2062 930 2117 insint
978 2061 1086 2131 igni
1146 2059 1432 2116 facultates
1474 2061 1621 2125 dum,
1674 2075 1779 2115 una
1833 2058 1955 2112 illu-

378 2154 616 2220 strandi,
647 2153 816 2208 altera
844 2152 1240 2218 comburendi;
1275 2152 1516 2207 suavitas
1556 2151 1775 2222 quidem
1811 2150 1953 2221 ignis

379 2256 542 2316 atque
582 2244 891 2314 iucunditas
941 2254 1224 2313 permanet
1273 2244 1414 2313 apud
1468 2243 1761 2309 lsraelem,
1811 2245 1954 2300 unde

353 2338 681 2415 illustratur
713 2345 767 2391 et
808 2335 1184 2406 circumfulget
1219 2353 1233 2389 :
1282 2337 1425 2404 quod
1454 2351 1579 2390 vere
1610 2337 1663 2390 in
1699 2350 1767 2391 eo
1798 2351 1952 2391 acer-

378 2429 507 2495 bum
536 2439 644 2497 est,
669 2438 723 2483 et
762 2428 904 2497 quod
947 2427 1261 2493 excruciat,
1295 2427 1347 2482 id
1382 2444 1509 2497 pars
1538 2428 1644 2482 erit
1675 2427 1818 2482 illius
1851 2443 1947 2481 su-

378 2519 565 2591 perbi,
608 2504 731 2575 eum
776 2529 835 2587 ut,
877 2527 1104 2583 exurat,
1150 2525 1315 2593 atque
1359 2534 1470 2588 pra:
1512 2519 1709 2575 ardore
1749 2517 1952 2574 alliciat

379 2607 567 2667 dolore
609 2607 1006 2664 inconsolabili.
1044 2608 1112 2663 Et
1155 2610 1500 2679 sanctiﬁcabit
1546 2608 1698 2663 illum
1742 2609 1797 2662 in
1833 2609 1952 2678 igne

382 2708 586 2765 urente.
607 2708 656 2754 et
687 2700 951 2753 devorabit
990 2700 1142 2771 quasi
1169 2700 1347 2771 fenum
1378 2700 1588 2754 silvam.
1618 2699 1787 2754 Docet
1811 2700 1952 2770 ignis

386 2802 637 2848 naturam
680 2806 800 2848 esse
828 2805 1169 2861 purgantem.
1219 2790 1592 2847 Sanctificabit
1621 2792 1764 2845 enim
1798 2790 1950 2845 illum

383 2882 539 2954 quasi
571 2882 624 2937 in
670 2883 794 2952 igne
833 2893 1045 2939 urente.
1090 2882 1371 2954 Quomodo
1403 2893 1585 2938 autem
1633 2883 1770 2952 ignis
1800 2886 1951 2952 puri—

2045 420 2172 490 σὴν
2202 420 2392 487 δόξαν
2421 421 2540 489 πῦρ
2572 421 2890 490 καιόμενον
2908 419 3414 487 καυθήσεται.Καὶ
3438 423 3641 478 ἔσται

2044 514 2109 566 τὸ
2136 510 2263 581 φῶς
2290 511 2397 567 τοῦ
2435 510 2684 580 Ἰσραὴλ
2712 514 2799 578 εὶς
2830 511 2970 579 πῦρ,
3000 513 3099 566 καὶ
3152 511 3387 581 ἁτιάσει
3424 514 3643 569 αὐτὸν

2043 605 2114 657 ἐν
2139 605 2283 672 πυρὶ
2324 603 2637 673 καιομένῳ,
2666 602 2764 657 καὶ
2804 602 3052 673 φάγεται
3079 604 3222 658 ὡσεὶ
3252 605 3468 673 χόρτον
3496 606 3641 676 τὴν

2045 695 2224 761 ὕλην.
2257 693 2406 765 Αὕτη
2435 696 2468 765 ἡ
2507 692 2821 764 ἀντιμισθία
2850 695 2948 764 τῆς
2977 694 3171 763 ἀλόγου
3214 697 3638 768 ὑπερηφανίας-

2059 784 2275 857 Ἐπειδὴ
2300 784 2424 839 νοῦν
2451 784 2622 855 μέγαν
2650 785 2837 839 ἑαυτὸν
2868 785 3253 856 ἀποσεμνύνων
3281 786 3485 856 ἔλεγες,
3526 790 3641 842 καὶ

2045 876 2123 946 τῷ
2157 876 2281 945 ὕψει
2314 878 2410 946 τῆς
2425 876 2578 947 δόξης
2602 875 2710 930 τῶν
2739 877 3031 949 ὀφθαλμῶν
3058 877 3388 948 ὲπηγάλλου,
3445 881 3643 935 Ἀπο-

2045 965 2255 1019 στελεῐ
2299 965 2411 1035 (24)
2462 967 2678 1036 Κύριος
2705 967 2944 1035 ἀτιμίαν
2976 968 3065 1032 εἰς
3096 967 3210 1035 τὴν
3254 967 3378 1036 σὴν
3413 971 3636 1040 τιμὴν,

2049 1055 2160 1126 πῦρ
2182 1054 2240 1108 δὲ
2282 1057 2362 1119 εἰς
2407 1055 2505 1127 τὴν
2544 1056 2699 1123 δόξαν
2734 1073 2850 1113 σου.
2888 1056 3102 1128 Ἐπειδὴ
3130 1058 3238 1129 γάρ
3268 1059 3639 1131 ἀφαιρεῖσθαι

2044 1146 2288 1216 ἠπείλεις
2313 1147 2434 1218 ὅρια
2462 1147 2649 1211 ἐθνῶν,
2678 1149 2771 1201 καὶ
2802 1147 2965 1202 σείειν
2992 1148 3173 1213 πόλεις
3197 1150 3307 1221 (25)
3331 1168 3637 1207 κατοικουα

2050 1238 2234 1319 μένας,
2280 1241 2374 1293 καὶ
2407 1240 2808 1310 καταλήψεσθαι
2842 1240 2941 1312 τὴν
2989 1241 3117 1313 ὅλην
3164 1243 3487 1314 οἰκουμένην
3547 1244 3637 1308 ὡς

2048 1329 2288 1396 νοσσιὰν,
2315 1332 2410 1384 καὶ
2455 1331 2531 1395 ὡς
2569 1331 2652 1385 ὼὰ
2672 1332 3207 1403 ἐγκαταλελειμμένα
3230 1334 3423 1404 αἴρειν,
3457 1334 3641 1404 μηδε-

2048 1423 2137 1487 νὸς
2165 1423 2569 1493 διαφεύγοντος,
2627 1425 2761 1496 μηδὲ
2787 1423 2882 1478 τοῦ
2920 1424 3290 1494 ἀντιλέγοντος
3326 1426 3499 1490 ὄντος·
3533 1427 3638 1480 διὰ

2048 1514 2208 1569 τοῦτο
2249 1516 2375 1583 Πῦρ
2414 1517 2731 1584 καιόμενον
2786 1515 3169 1582 καυθήσεται,
3207 1516 3305 1571 καὶ
3341 1516 3515 1570 ἔσται
3560 1517 3635 1572 τὸ

2049 1606 2173 1676 φῶς
2193 1608 2297 1661 τοῦ
2348 1606 2595 1677 Ἰσραὴλ
2619 1611 2706 1674 εὶς
2736 1608 2876 1677 πῦρ.
2907 1610 3435 1681 Περιστραφήσεται,
3463 1611 3632 1681 φησὶ,

2051 1698 2160 1754 τῶν
2212 1700 2554 1771 πραγμάτων
2602 1703 2636 1772 ἡ
2679 1702 3030 1766 κατάστασις,
3055 1702 3150 1755 καὶ
3169 1703 3226 1756 ὲν
3255 1702 3631 1774 λαμπρότητι,

2053 1790 2238 1859 φησὶν,
2272 1789 2425 1842 ἔσται
2475 1791 2503 1842 ὸ
2542 1789 2758 1861 Ἰσραὴλ
2786 1790 2814 1841 ὁ
2853 1790 2947 1843 νῦν
2992 1789 3473 1858 τεταπεινωμένος,
3528 1787 3635 1841 καὶ

2054 1882 2138 1934 σοι
2165 1880 2597 1951 παραδεδομένος
2634 1880 2722 1934 διὰ
2744 1879 2842 1951 τὴν
2874 1880 3149 1951 ἁμαρτίαν
3174 1880 3253 1942 εις
3276 1878 3518 1936 κόλασιν.
3559 1878 3634 1932 Ἦ

2052 1968 2143 2025 οὖν
2174 1973 2379 2024 ἐκείνου
2415 1972 2742 2043 περιφάνεια
2777 1970 2887 2041 (26)
2920 1972 2999 2033 είς
3021 1970 3321 2042 ἀφανισμόν
3354 1987 3435 2022 σοι
3460 1972 3638 2041 γενή-

2054 2078 2222 2115 σεται.
2258 2060 2465 2114 Ἔσται
2492 2060 2624 2130 γὰρ,
2660 2061 2814 2130 φησι,
2843 2060 2909 2113 τὸ
2931 2059 3056 2129 φῶς
3085 2060 3190 2114 τοῦ
3244 2058 3493 2127 Ἰσραὴλ
3537 2062 3633 2127 εις

2053 2154 2193 2223 πῦρ.
2240 2154 2350 2207 Καὶ
2383 2152 2475 2206 δύο
2497 2152 2784 2224 ἐνεργειῶν
2808 2152 3140 2224 οίθσῶνςττερῖ¹
3171 2152 3232 2204 τὸ
3269 2151 3403 2224 πῦρ,
3434 2151 3537 2220 τῆς
3562 2168 3632 2204 τε

2053 2245 2387 2314 φωτιστικῆς
2440 2244 2536 2314 καὶ
2572 2244 2672 2313 τῆς
2728 2243 3045 2314 καυστικῆς
3090 2244 3151 2298 τὸ
3187 2244 3284 2314 μὲν
3317 2242 3488 2311 γλυκὺ
3533 2243 3634 2296 καὶ

2051 2336 2240 2407 χαρίεν
2284 2337 2376 2389 τοῦ
2430 2336 2600 2408 πυρὸς
2643 2335 2720 2407 τῷ
2762 2335 2973 2407 Ἰσραὴλ
3032 2339 3355 2406 παραμενεῖ,
3393 2336 3631 2405 φωτίζον

2052 2429 2212 2483 αὐτὸν
2261 2429 2353 2483 καὶ
2386 2428 2747 2503 περιλάμπον·
2795 2427 2856 2497 eo
2882 2428 2940 2481 δὲ
2967 2427 3163 2499 πικρὸν
3201 2427 3295 2481 καὶ
3320 2426 3632 2481 κατώδυνον

2051 2523 2144 2575 ἐπὶ
2168 2521 2259 2575 τὸν
2291 2523 2636 2594 ὑπερήφανον
2670 2520 3215 2593 καταμερισθήσεται,
3248 2522 3402 2573 καῖον
3438 2519 3629 2586 αὑτὸν,

2053 2613 2148 2667 καὶ
2175 2612 2593 2685 ἀπαραμυθήτῳ
2612 2612 2758 2683 πόνῳ
2780 2611 2869 2681 διὰ
2881 2612 2980 2682 τῆς
3008 2611 3255 2676 καύσεως
3274 2610 3629 2682 τυαραδιδοῦν.

2053 2704 2161 2760 Καὶ
2194 2704 2427 2773 ἁγιάσαι
2453 2704 2639 2758 αὐτὸν
2682 2703 2755 2757 ἐν
2789 2703 2932 2773 πυρὶ
2963 2702 3276 2772 καιομένῳ,
3325 2703 3425 2758 καὶ
3448 2701 3636 2772 φάγε-

2052 2812 2147 2849 ται
2175 2794 2317 2849 ὠσεὶ
2341 2794 2559 2865 χόρτον
2578 2794 2692 2863 τὴν
2718 2794 2899 2863 ὕλην.
2925 2796 3173 2848 Δείκνυσι
3217 2793 3316 2865 τὴν
3350 2793 3512 2863 φύσιν
3532 2792 3632 2848 τοῦ

2054 2887 2245 2958 πυρὸς,
2269 2888 2351 2939 ὅτι
2380 2886 2704 2958 καθαρτικὴ.
2750 2885 2992 2963 Ἀγιάσει
3011 2886 3123 2957 γὰρ
3151 2887 3313 2941 αὐτὸν
3336 2885 3414 2949 ὡς
3441 2887 3500 2939 ὲν
3522 2902 3632 2939 πυ·-

385 2975 557 3031 (lcat?
587 2974 876 3045 Postquam
908 2975 1201 3030 comederit
1234 2974 1423 3030 silvam
1456 2987 1710 3047 tanquam
1744 2974 1948 3028 fenum.

2064 2977 2113 3061 pl.
2138 2976 2433 3047 καιομένῳ.
2466 2975 2591 3039 Πῶς
2620 2976 2678 3029 δὲ
2701 2973 2915 3047 ἀγιᾲζει
2936 2975 2995 3028 τὸ
3023 2976 3164 3047 πῦρς
3208 2974 3456 3030 Ἐπειδὰν
3479 2975 3631 3049 φάγῃ

382 3067 571 3138 itaque
595 3083 720 3124 cum
749 3067 891 3123 Deus
930 3075 1105 3122 noster
1133 3068 1270 3138 ignis
1304 3083 1611 3121 consumens
1636 3067 1703 3121 sit
1731 3066 1800 3134 ⁷⁸,
1827 3082 1955 3135 pro-

385 3159 474 3215 cui
503 3158 665 3216 dubio
712 3158 909 3215 silvam
939 3167 994 3213 et
1019 3173 1082 3213 ea
1116 3173 1237 3228 quae
1275 3174 1307 3212 a
1351 3157 1485 3217 silva
1529 3157 1779 3221 oriuntur
1823 3158 1953 3212 vitia

384 3259 697 3316 consumet;
738 3250 919 3315 anima
952 3265 1059 3305 non
1095 3250 1147 3304 in
1180 3250 1398 3319 spiritu,
1431 3248 1526 3304 sed
1565 3250 1619 3304 in
1655 3263 1821 3304 carne
1854 3248 1957 3301 im-

385 3350 654 3397 morante.
701 3340 994 3398 Sciendum
1024 3348 1200 3396 autem
1232 3348 1338 3407 est,
1367 3339 1593 3411 gloriam
1622 3355 1651 3393 a
1682 3339 1822 3393 fama
1849 3339 1957 3394 dis-

385 3433 536 3488 cerni
579 3434 647 3489 ab
680 3433 748 3489 iis
788 3434 881 3504 qui
909 3448 1100 3488 vocum
1148 3431 1511 3504 signiﬁcatum
1542 3439 1798 3486 accurate
1836 3430 1959 3485 dili-

387 3537 682 3597 genterque
720 3527 1061 3598 perquirunt.
1114 3524 1182 3580 Et
1228 3524 1419 3579 dicunt
1465 3523 1691 3593 gloriam
1742 3522 1955 3578 laudem

385 3634 510 3677 esse
533 3634 653 3690 qua:
684 3636 715 3673 a
756 3619 913 3689 vulgo
938 3617 1234 3684 tribuitur;
1272 3617 1471 3669 famam
1510 3631 1638 3670 vero
1679 3631 1801 3671 esse
1842 3616 1959 3669 lau-

390 3712 510 3771 dem
530 3750 546 3777 ,
585 3725 704 3779 quae
745 3723 775 3764 a
806 3710 963 3765 bonis
991 3708 1319 3778 impertitur.
1352 3707 1613 3761 Eumdem
1646 3708 1713 3762 ad
1741 3706 1956 3761 modum

391 3801 639 3857 dividunt
666 3810 722 3857 et
750 3801 1037 3858 honorem.
1068 3798 1242 3853 Alium
1286 3798 1503 3868 quidem
1543 3796 1815 3852 allirmanl.
1860 3798 1959 3851 llo-

389 3905 603 3946 nestum
627 3905 774 3952 esse;
807 3904 1037 3958 eumque
1079 3890 1133 3944 in
1179 3888 1354 3942 virum
1401 3889 1620 3941 virtutis
1655 3886 1957 3941 Studiosum

390 3982 608 4047 cadere.
639 3980 803 4054 564
828 3997 951 4038 cum
999 3980 1296 4049 amplitudo
1332 3980 1404 4034 sit
1442 3979 1845 4046 remuneratio;
1876 3993 1963 4032 re-

392 4075 822 4131 munerationem
851 4082 1032 4128 autem
1061 4082 1304 4130 statuunt
1332 4072 1603 4144 quoddam
1638 4084 1757 4125 esse
1792 4069 1961 4123 virtu-

391 4169 465 4224 tis
506 4166 783 4238 praemium
816 4189 829 4222 :
861 4165 1025 4222 alium
1067 4182 1192 4222 vero
1235 4182 1395 4235 esse,
1439 4166 1532 4236 qui
1559 4164 1627 4221 ob
1667 4162 1812 4219 facta
1850 4177 1959 4216 non

394 4257 617 4319 omnino
643 4257 867 4328 probata
894 4271 927 4312 a
952 4257 1109 4327 plebe
1129 4256 1392 4323 defertur,

2056 3060 2155 3142 τὴν
2198 3069 2328 3141 ὓλην
2365 3069 2451 3132 ’ὡς
2476 3070 2685 3141 χόρτον.
2734 3067 2888 3121 Ἐπεὶ
2922 3063 3017 3121 οὖν
3057 3070 3119 3122 '0
3155 3067 3632 3138 Θεὸςήμῶνπῦρ

2055 3162 2502 3229 καταναλίσκον
2553 3162 2707 3224 ἐστι,
2759 3160 3151 3227 καταναλὼσει,
3208 3161 3483 3233 δηλονότι,
3529 3161 3633 3233 τὴν

2058 3250 2210 3320 ὕλην,
2242 3249 2416 3305 καὶτὰ
2443 3249 2550 3329 ἀπὸ
2577 3250 2686 3322 (27)
2707 3249 2839 3322 ὕλης
2856 3249 3078 3304 ἐλθόντα
3088 3250 3255 3323 πάθη,
3274 3252 3336 3304 οὐ
3357 3254 3424 3322 τῇ
3453 3248 3553 3321 μὲν
3569 3252 3631 3304 ὲν

2057 3344 2327 3415 πνεύματι
2358 3343 2469 3398 ἀλλ’
2515 3344 2573 3397 ὲν
2628 3345 2792 3415 σαρκὶ
2822 3342 3176 3416 διατριϐούσῃ
3221 3343 3388 3414 ψυχῇ.
3433 3343 3630 3397 ’ἰστέον

2057 3436 2132 3501 δὲ,
2160 3437 2240 3489 ὃτι
2264 3436 2314 3489 οἱ
2342 3434 2851 3508 ἀκριϐολογούμενοι
2880 3436 3007 3506 περὶ
3031 3434 3100 3488 τὰ
3125 3435 3515 3506 σημαινόμενα,
3527 3435 3630 3506 τὴν

2058 3524 2213 3592 δόξαν
2233 3525 2340 3578 ἀπὸ
2370 3524 2464 3578 τοῦ
2489 3525 2678 3588 κλέους
2704 3523 2981 3598 διώρισαν·
3020 3525 3112 3578 καί
3137 3542 3268 3594 φασι
3297 3524 3393 3595 τὴν
3424 3523 3521 3595 μὲν
3541 3525 3630 3579 δό-

2062 3616 2159 3683 ξαν
2204 3612 2343 3670 εἶναι
2374 3616 2466 3671 τὸν
2500 3616 2607 3670 ἀπὸ
2650 3616 2757 3669 τῶν
2792 3616 3002 3683 πολλῶν
3026 3616 3263 3670 ἔπαινονο
3291 3615 3352 3668 τὸ
3371 3616 3428 3669 δὲ
3452 3616 3628 3682 κλέος,

2060 3705 2150 3757 τὸν
2178 3704 2285 3757 ἀπὸ
2311 3703 2416 3757 τῶν
2437 3703 2654 3774 ἀγαθῶν
2678 3704 2916 3758 ἔπαινον.
2957 3705 3187 3776 Ὁμοίως
3217 3706 3310 3759 καὶ
3336 3705 3434 3777 τὴν
3466 3706 3629 3777 τιμὴν

2059 3794 2344 3864 διαιροῦσι,
2375 3795 2673 3864 φάσκοντες
2704 3796 2805 3865 τὴν
2824 3795 2921 3865 μὲν
2955 3796 3172 3849 ἀστείαν
3197 3796 3321 3849 τινὰ
3347 3793 3505 3860 εἶναι,
3536 3799 3629 3851 καὶ

2062 3886 2153 3937 ἐπὶ
2182 3885 2271 3939 τὸν
2301 3886 2581 3941 σπουδαῖον
2611 3887 2852 3950 πίπτειν,
2887 3887 3061 3958 γέρως
3087 3883 3251 3949 οὖσαν
3284 3884 3524 3952 ἀξίωσιν·
3566 3886 3628 3941 τὸ

2060 3976 2118 4029 δὲ
2147 3982 2313 4049 γερας
2369 3974 2530 4033 ἆθλον
2576 3981 2776 4052 ἀρετῆς
2797 3979 3051 4033 τίθενται·
3087 3980 3184 4050 τὴν
3222 3981 3281 4034 δέ
3312 3997 3435 4035 τινα
3470 3980 3628 4052 τιμὴν

2063 4070 2215 4135 παρά
2269 4068 2375 4124 τῶν
2413 4071 2702 4142 τυχόντων,
2756 4074 2869 4136 τοῖς
2901 4071 3013 4144 (28)
3058 4072 3118 4125 οὐ
3152 4072 3293 4126 πάνυ
3322 4072 3629 4137 ἀποδεκτᾶκ

2061 4160 2448 4232 γεγενημένοις
2475 4162 2760 4218 ἀντίδοσιν.

463 4348 590 4404 245.
630 4327 795 4405 Vnus.
828 4348 915 4406 18.
976 4348 1073 4403 Die
1100 4349 1194 4403 tlla
1232 4351 1629 4417 exstinguentur
1661 4354 1877 4409 montes,
1913 4354 1953 4395 et

2135 4344 2260 4400 245.
2303 4345 2381 4413 Τῇ
2403 4345 2589 4414 ἡμέρᾳ
2615 4346 2817 4413 ἐκείνῃ
2846 4343 3372 4412 ἀποσϐεσοήσεται
3403 4345 3477 4398 τὰ
3503 4345 3624 4414 ὅρη,

395 4441 550 4503 colles
588 4450 636 4495 et
678 4456 908 4495 nemora.
942 4440 1013 4493 Et
1053 4440 1318 4494 devorabit
1363 4438 1427 4491 ab
1474 4437 1652 4490 anima
1685 4450 1847 4505 usque
1892 4431 1960 4486 ad

396 4548 602 4595 carnes.
629 4530 922 4601 Postquam
961 4530 1109 4586 misit
1136 4530 1393 4585 Dominus
1421 4527 1657 4583 Sabaoth
1693 4528 1747 4582 in
1781 4526 1955 4583 hono-

397 4640 514 4691 rem
548 4624 807 4696 principis
838 4623 1189 4694 Assyriorum
1240 4620 1612 4692 ignominiam,
1658 4629 1716 4676 et
1745 4621 1796 4676 in
1840 4619 1958 4689 ejus

396 4715 622 4791 gloriam
660 4717 839 4787 ignem
868 4716 1292 4781 comburentem,
1334 4713 1531 4783 luxque
1548 4710 1767 4767 lsraelis
1798 4726 1955 4772 versa

397 4819 478 4867 est
509 4810 563 4866 in
587 4814 765 4880 ignem
792 4809 1043 4881 Assyrio.
1068 4819 1126 4864 ut
1147 4809 1286 4864 lucis
1308 4805 1595 4876 splendore
1617 4818 1959 4874 nequaquam

399 4902 770 4968 sanctiﬁcatus
797 4909 1120 4975 purgarctur
1150 4900 1293 4972 ignis
1332 4896 1546 4952 ustione
1579 4910 1699 4967 quas
1727 4893 1963 4951 ediceret

472 5086 520 5120 ’⁸
554 5086 710 5144 Deut.
737 5101 814 5153 ιν,
840 5086 911 5151 24

494 5273 588 5342 9-4)
614 5274 794 5330 Codex
825 5288 985 5342 unus,
1015 5273 1378 5328 Ἀποστέλλει.

607 5340 978 5415 Εᾴἰιίλπρλεις
1005 5343 1224 5415 σείσειν.
1243 5345 1311 5399 At
1338 5357 1428 5415 se;
1447 5358 1598 5415 mss.,
1619 5343 1801 5415 σείειν.
1817 5340 1967 5397 Haud

402 5412 745 5499 longe'editi,
774 5412 863 5467 διὰ
888 5413 1044 5468 τοῦτο
1070 5413 1151 5467 τό.
1187 5415 1348 5470 Deest
1365 5414 1427 5468 τό
1459 5414 1510 5468 in
1542 5414 1746 5469 nostris
1767 5428 1859 5468 sex
1876 5428 1970 5467 co-

403 5487 761 5626 ‘i'i'iz'is‘isham
790 5561 844 5608 et
876 5554 1007 5622 nes-
1064 5553 1354 5626 εεοιιηάυερ
1403 5554 1762 5626 περιφάνε⁸α’
1811 5552 1965 5626 bene"

405 5624 512 5681 Alii
530 5623 638 5682 tres
649 5639 777 5681 mss.
795 5638 991 5695 praeter
1007 5635 1288 5683 utrumoue
1307 5623 1786 5692 CornchSiatrurn,
1807 5623 1903 5675 ὑπε
1915 5638 1970 5693 ρ-

2065 4438 2164 4491 real
2219 4441 2272 4492 οἱ
2313 4438 2548 4503 βουνοί,
2584 4438 2682 4492 καὶ
2727 4440 2784 4492 οὶ
2815 4437 3048 4506 δρυμοὶ,
3097 4437 3195 4490 καὶ
3239 4437 3627 4507 καταφάγεται

2064 4528 2182 4583 ἀπὸ
2212 4527 2420 4597 ψυχῆς
2438 4528 2548 4594 ἕως
2575 4526 2840 4612 σαρκίῖιν.
2875 4526 3030 4580 Μετά
3080 4527 3138 4579 τὸ
3170 4526 3484 4581 ἀποστεῖλαι
3523 4526 3627 4581 Κύ-

2070 4639 2184 4694 ριον
2232 4620 2456 4674 Σαϐαὼθ
2492 4623 2570 4685 εἰς
2602 4621 2701 4693 τὴν
2729 4619 2896 4691 τιμὴν
2930 4618 3024 4672 τοῦ
3065 4620 3321 4690 ἄρχοντος
3354 4618 3463 4672 τῶν
3514 4620 3629 4672 Ἀσ-

2070 4712 2271 4785 συρίων
2300 4711 2543 4782 ἀτιμίαν,
2591 4711 2686 4765 καὶ
2713 4712 2794 4774 είς
2829 4710 2926 4780 τὴν
2955 4708 3112 4774 δόξαν
3145 4709 3309 4763 αὐτοῦ
3345 4708 3455 4780 πῦρ
3486 4710 3629 4764 καιό-

2075 4819 2254 4874 μενον,
2292 4802 2386 4854 καὶ
2414 4799 2550 4872 μετὰ
2574 4800 2634 4852 τὸ
2660 4798 2919 4868 γενέσθαι
2949 4798 3011 4851 τὸ
3038 4798 3153 4866 φῶς
3176 4798 3267 4851 τοῦ
3312 4797 3522 4869 Ἰσραὴλ
3550 4801 3625 4861 είς

2069 4893 2180 4965 πῦρ
2203 4892 2279 4964 τῷ
2326 4892 2615 4963 Ἀσσυρίῳ,
2641 4891 2728 4944 ἵνα
2751 4890 2786 4990 ξ
2834 4889 2908 4962 μὴ
2931 4890 3209 4959 ἀγιασθεὶς
3224 4892 3283 4944 ὲν
3309 4894 3377 4963 τῇ
3391 4889 3625 4961 λαμπρό-

2067 5272 2297 5344 ηφανία,
2331 5277 2421 5344 atat
2443 5247 3443 5344 ὑπερηφάνειαι-φαῐοηξιοιὶῐξιᾼςιιίιί
3464 5286 3481 5312 ,
3520 5243 3619 5300 Καὶ

2065 5322 2423 5413 ᾆᾶῥζνόρὺιη
2461 5322 2650 5413 γᾲῥιίἲί
2678 5329 2885 5413 nostris
2910 5341 3023 5413 sex,
3047 5339 3189 5413 mss:
3216 5322 3383 5413 deest.
3432 5385 3503 5413 Μ

2138 5385 2445 5483 {inﬁmi},
2473 5385 2900 5483 cingant”
2932 5412 3031 5483 sex
3083 5388 3388 5455 ωεεηάπό.
3432 5385 3616 5440 ibidem

2067 5471 2203 5543 Reg.
2233 5471 2522 5543 secundug.
2556 5473 2728 5543 πάθηο
2743 5472 2812 5543 οὐ
2839 5471 2917 5543 τῇ
2930 5471 3009 5522 ὲν.

2163 5530 2446 5621 ξἐῖὲᾴἰιί,
2474 5530 2550 5597 ὧν
2574 5530 2706 5607 τοῖςῖ
2727 5540 2852 5621 _Vox
2880 5530 2979 5605 ῶν,
3015 5548 3175 5621 quam
3207 5530 3496 5621 παρέλκειν
3529 5545 3616 5587 ne-

2071 5607 2165 5677 md‘
2183 5607 2286 5677 non
2315 5607 2475 5686 videt,
2508 5631 2537 5670 a
2572 5612 2773 5673 nostris
2800 5622 2893 5667 sex
2922 5622 3052 5665 mss.
3083 5607 3251 5661 abest.
