3810 6214
461 280 565 337 547

1386 267 1751 333 .APPENDIX
1782 266 2073 327 OPERUM
2113 268 2172 326 S.
2213 269 2460 328 ΒΑειιιι
2498 271 2735 328 MAGNL

3611 278 3721 334 διε

460 402 552 470 qui
578 408 798 468 prorsus
828 390 958 447 nihil
982 385 1277 461 quidquam
1332 388 1650 443 numerandi
1680 387 1889 458 peritus
1920 389 2024 455 sit,

2142 389 2239 444 τῶν
2286 390 2348 444 τὸ
2372 388 2594 462 πλῆθος,
2636 389 2778 444 ὥστε
2808 390 2904 444 καὶ
2944 391 3050 445 ὑπὸ
3091 392 3329 458 παιδίου,
3368 391 3445 464 μὴ
3485 390 3633 446 πάνυ
3667 411 3721 447 τι

459 498 554 544 aut
599 485 887 551 scribendi,
918 497 1015 537 eos
1056 494 1378 537 enumerare
1420 480 1614 550 possit.
1642 478 1808 535 Forte
1848 489 2031 534 autem

460 580 555 650 qui
579 579 717 649 fugit
736 578 803 631 ab
831 573 1102 637 incendio,
1131 571 1299 625 vitam
1324 584 1551 640 pravam
1587 571 1756 625 evitat
1791 585 1887 639 per
1912 585 2029 641 pm-

458 679 737 735 nitentiam
764 715 779 742 ,
807 686 1013 743 suaque
1053 668 1409 726 conversione
1451 681 1714 733 carnem,
1744 682 1934 737 poenas
1975 676 2033 721 et

457 771 728 829 cruciatus
761 767 862 821 sibi
887 763 1270 826 asciscentem,
1300 759 1520 829 refugit.
1556 759 1810 829 Quisquis
1851 760 2024 825 enim,

461 870 813 933 posteaquam
855 853 1225 923 deprehensus
1268 858 1352 904 est
1391 850 1442 905 in
1473 849 1710 920 peccatis
1735 889 1752 916 ,
1780 853 2030 906 conscius

466 965 554 1012 est
579 954 796 1022 dignum
825 963 884 1004 se
908 960 1047 1008 esse,
1080 945 1174 1015 qui
1209 957 1307 1015 per
1330 943 1541 1011 virgam
1565 951 1619 997 et
1646 942 1873 997 verbera
1898 957 2028 997 con-

456 1055 717 1110 vertatur,
762 1042 874 1112 jam
917 1048 1201 1109 peccatum
1250 1045 1512 1104 tanquam
1561 1034 1814 1103 supplicii
1864 1044 2032 1089 mate-

455 1141 591 1195 riam
632 1134 941 1197 declinans,
994 1128 1130 1200 fugit
1170 1127 1328 1198 quasi
1368 1142 1397 1180 a
1435 1124 1652 1180 ﬂamma
1702 1136 1912 1179 urente.
1964 1123 2032 1178 Et

455 1241 584 1285 tunc
611 1227 699 1298 qui
728 1225 927 1279 fuerint
959 1221 1221 1283 derelicti,
1270 1229 1433 1273 erunt
1478 1232 1759 1283 numerus,
1804 1232 1908 1271 non
1938 1230 2030 1270 so-

455 1320 564 1374 lum
596 1318 754 1387 quod,
788 1316 863 1369 uti
895 1314 1269 1383 exposuimus,
1310 1309 1463 1365 facile
1489 1318 1691 1379 queant
1732 1309 2028 1372 numerari,

456 1410 549 1465 sed
588 1404 918 1475 etiamquod
943 1405 1009 1457 de
1049 1412 1248 1457 caetero
1276 1402 1383 1455 sint
1415 1400 1562 1470 digni
1589 1440 1605 1465 ,
1636 1399 1729 1468 qui
1758 1400 1815 1453 in
1841 1413 2032 1452 nume-

456 1517 573 1557 rum
617 1498 944 1552 referantur.
989 1495 1081 1549 Sic
1126 1496 1178 1548 in
1208 1493 1575 1548 Numerorum
1624 1491 1760 1546 libro
1807 1506 2025 1561 pueros,

455 1591 744 1652 mulieres,
791 1600 949 1643 senes
978 1628 992 1653 ,
1039 1594 1309 1654 quotquot
1362 1599 1459 1654 per
1503 1592 1719 1639 aetatem
1768 1585 1837 1638 ad
1887 1584 2029 1638 bella

456 1681 699 1738 obeunda
726 1687 881 1734 erant
906 1677 1147 1744 inutiles,
1182 1685 1237 1729 et
1273 1675 1635 1743 promiscuum
1661 1673 1872 1743 vulgus,
1906 1682 2021 1727 tan-

456 1789 618 1845 quam
674 1787 703 1825 a
761 1768 958 1840 populo
1021 1767 1316 1821 Israelitico
1390 1765 1660 1831 alienum,
1723 1758 2103 1819 invenimusB

457 1878 793 1934 nequaquam
824 1862 874 1913 in
904 1874 1187 1913 numerum
1231 1859 1356 1926 poni
1383 1857 1428 1890 ⁸⁸
1460 1874 1476 1921 ;
1513 1858 1608 1912 sed
1640 1856 1911 1910 numerari
1937 1871 2031 1910 eos

456 1957 548 2026 qui
574 1955 626 2007 in
652 1954 786 2008 bello
814 1950 981 2007 fortes
1004 1957 1160 2004 erant
1183 1957 1236 2003 et
1256 1948 1486 2013 strenui,
1519 1963 1550 2001 a
1586 1946 1845 2017 vigesimo
1884 1962 2030 2003 anno

456 2057 514 2104 et
555 2062 716 2116 supra
741 2046 807 2099 δ’.
854 2043 1079 2113 insuper
1118 2056 1307 2098 omnes
1348 2041 1561 2097 lsraelis
1610 2040 1954 2109 primogeniti
1999 2056 2030 2096 a

458 2153 643 2193 mense
695 2143 751 2191 et
798 2150 961 2205 supra
1008 2141 1435 2187 annumerantur
1480 2127 1552 2183 ⁸³.
1615 2128 1827 2183 Pariter
1868 2130 2029 2183 etiam

457 2232 656 2288 Levita:
690 2245 719 2284 a
762 2243 945 2283 mense
974 2238 1029 2281 et
1059 2242 1242 2296 supra,
1285 2234 1340 2280 et
1380 2224 1471 2293 qui
1510 2221 1889 2277 ministrabant
1930 2236 2027 2276 sa-

457 2326 701 2381 cerdotes
751 2336 918 2390 usque
964 2322 1029 2374 ad
1071 2317 1462 2390 quinquaginta
1502 2331 1673 2370 annos
1721 2329 2026 2369 recensen-

459 2428 546 2471 tur
577 2415 644 2468 ⁸⁸.
696 2414 959 2469 Caeterum
989 2413 1110 2480 quis
1146 2425 1300 2480 puer,
1331 2423 1440 2463 non
1485 2408 1588 2471 vir,
1629 2420 1802 2475 neque
1834 2420 2025 2472 senex,

454 2522 551 2562 eos
582 2504 673 2576 qui
708 2513 832 2559 sunt
863 2501 1125 2570 ejusmodi
1174 2501 1466 2555 inscribet?
1518 2499 1746 2553 ludicari
1795 2513 1890 2553 eos
1935 2499 2025 2567 qui

460 2597 714 2651 Ecclesia:
752 2592 1145 2664 praziiciuntur,
1187 2593 1465 2661 negaverit
1519 2605 1701 2653 nemo,
1754 2604 1818 2645 eo
1879 2590 2022 2659 quod

459 2691 620 2742 vitam
649 2687 845 2756 degant
885 2686 939 2738 in
982 2684 1288 2738 innocentia
1335 2694 1389 2738 et
1422 2684 1761 2754 integritate,
1799 2683 2024 2752 etquod

456 2791 674 2852 peccata
702 2777 914 2833 occulta
943 2792 1172 2846 quorum
1203 2776 1382 2831 nullus
1410 2784 1492 2830 est
1546 2777 1698 2831 testis
1721 2776 1823 2830 nisi
1856 2774 1902 2829 is
1932 2775 2025 2845 qui

456 2872 666 2925 abditos
701 2866 960 2936 cujusque
990 2882 1233 2922 recessus
1262 2876 1556 2930 scrutatur,
1606 2866 1709 2921 sibi
1750 2882 1780 2920 a
1832 2881 2027 2936 pecca-

457 2963 664 3018 toribus
706 2961 1123 3015 concredantur.
1167 2957 1266 3013 llic
1318 2958 1450 3013 tales
1495 2966 1579 3012 est
1625 2957 2022 3028 inscripturus,

456 3054 548 3123 qui
583 3052 780 3107 fuerint
800 3049 964 3104 veluti
995 3064 1089 3118 per
1119 3058 1396 3117 peccatum
1426 3048 1720 3103 oblitterati
1748 3063 1812 3103 ac
1838 3048 2021 3117 deleti,

456 3160 550 3199 eos
582 3145 774 3199 iterum
806 3144 1032 3198 scribet.
1074 3140 1175 3207 Qui
1212 3140 1449 3210 fugerint
1483 3140 1788 3195 incendium
1815 3179 1831 3204 ,
1868 3155 2022 3195 rece-

455 3237 739 3306 perintque
787 3233 1234 3304 expurgationem
1269 3231 1586 3299 poenitentia
1616 3240 1831 3299 partam
1863 3232 2020 3300 quasi

456 3331 633 3399 ignem
658 3366 675 3393 ,
702 3326 834 3381 tales
862 3328 908 3380 is
932 3326 1020 3394 qui
1055 3324 1407 3379 inhaerentem
1439 3323 1705 3376 malorum
1738 3325 2023 3378 materiam

453 3421 717 3484 absumit,
754 3418 1068 3473 conscribit.
1113 3416 1223 3470 Aut
1259 3416 1492 3470 fortasse
1536 3416 1662 3486 quia
1712 3416 2028 3471 scribuntur

454 3514 510 3568 in
560 3513 699 3567 libro
741 3512 891 3575 vitae,
939 3520 993 3562 et
1040 3524 1144 3563 una
1191 3523 1314 3563 cum
1356 3506 1520 3575 justis
1565 3508 1936 3564 inscribuntur
1965 3509 2022 3577 ii,

455 3604 547 3674 qui
582 3603 728 3673 digni
774 3610 920 3668 sunt,
964 3601 1055 3671 qui
1080 3599 1346 3654 Altissimt
1382 3598 1604 3653 dextera
1644 3609 2021 3664 numerentur,

454 3710 633 3767 operae
657 3695 889 3765 pret-ium
920 3693 1083 3747 fuerit
1115 3704 1275 3746 nosse
1299 3690 1440 3745 hunc
1471 3691 1854 3745 salvandnrum
1886 3691 2025 3746 scri-

455 3788 601 3853 bam,
641 3786 730 3855 qui
757 3784 917 3853 justis
949 3782 1052 3838 iert
1084 3797 1240 3852 opem
1262 3822 1278 3847 ,
1310 3798 1376 3837 ac
1407 3785 1620 3837 nomina
1651 3798 1839 3838 eorum
1868 3783 1961 3854 qui
1995 3796 2028 3837 a

455 3878 635 3948 pravis
666 3878 921 3946 operibus
954 3875 1302 3945 resipiscunt,
1338 3875 1388 3928 in
1418 3876 1682 3930 caelorum
1713 3875 1853 3930 libro
1885 3878 2029 3930 inse-

455 3971 548 4025 rit.
575 3969 808 4024 Guudete
826 3968 994 4033 enim,
1021 3967 1214 4037 inquit,
1236 3966 1374 4036 quod
1396 3969 1609 4021 nomina
1635 3977 1802 4022 vestra
1826 3971 2024 4036 scripta

453 4062 663 4115 suntin
708 4060 849 4115 caelis
891 4060 962 4115 ⁸⁸.
1027 4058 1284 4125 Quisnam
1339 4060 1501 4130 igitur
1549 4074 1686 4129 puer
1735 4060 2025 4128 proborum

457 4152 673 4208 nomina
699 4154 751 4206 in
776 4151 928 4206 curiis
955 4152 1198 4207 scribere
1222 4153 1437 4221 potest?
1463 4151 1653 4207 Nonne
1681 4151 1793 4217 ille,
1824 4151 1891 4207 de
1918 4167 2026 4222 quo

456 4248 656 4301 dictum
690 4253 774 4300 est
801 4262 815 4299 :
849 4244 1112 4298 Parvulas
1138 4257 1291 4299 natus
1312 4255 1386 4299 est
1428 4246 1597 4309 nobis,
1629 4245 1773 4313 ﬁlius
1799 4255 1848 4300 et
1871 4246 2028 4300 datus

456 4347 530 4391 est
565 4339 710 4392 nobis
737 4337 823 4391 “i
854 4335 994 4393 Puer
1026 4337 1118 4393 ille
1155 4346 1242 4393 est
1264 4375 1279 4401 ,
1310 4351 1468 4408 quem
1514 4337 1810 4392 adoravere
1845 4339 2026 4409 magi;

525 4452 767 4521 "Num.
811 4468 849 4516 ι,
897 4452 955 4519 2,
1001 4452 1066 4519 '5;
1102 4468 1253 4521 xxvi,
1281 4453 1339 4506 2.
1444 4452 1490 4483 ⁸⁸
1529 4450 1690 4507 Num.
1731 4468 1817 4521 ιιι,
1868 4456 1959 4511 40.

457 4543 545 4592 ιι,
570 4519 626 4581 6.

526 4641 639 4712 (54)
662 4638 882 4712 Veteres
904 4639 1105 4712 aliquot
1128 4640 1268 4703 libri,
1300 4640 1434 4712 μηδέ
1462 4642 1596 4712 πρὸς
1619 4643 1702 4696 τό.

526 4711 638 4780 (55)
662 4711 795 4764 Editi
809 4720 872 4790 ,ει
893 4711 1060 4764 nostri
1089 4725 1194 4790 seu
1211 4711 1361 4772 ωδε..
1375 4711 1472 4790 τῂν
1484 4711 1811 4790 κολάζουσαν
1826 4718 2021 4790 σάρκα,

456 4797 662 4857 carnem
692 4782 1058 4857 castigarttem._
1091 4780 1195 4834 Sed
1220 4797 1319 4835 vox
1343 4780 1673 4857 κολάζουσαν
1694 4785 1814 4857 jure
1840 4780 2026 4857 su'speQ

454 4860 540 4922 cta
557 4850 764 4922 videtur
777 4849 1096 4922 Combeiisio
1112 4865 1128 4922 :_
1142 4865 1237 4916 pro
1250 4867 1355 4919 qua
1375 4867 1477 4904 non
1496 4849 2027 4922 invitus'legeretﬁco-

454 4919 809 4980 λακεύουσαν,
841 4935 1049 4989 carnem
1079 4917 1447 4975 blamliéntem.
1470 4922 1579 4989 Ego
1602 4917 2020 4982 antenidubium

454 5004 560 5045 non
593 4993 762 5043 habeo
790 4989 917 5057 quin
947 4988 1034 5044 hic
1070 4988 1217 5043 locus
1256 5005 1322 5045 ex
1355 4989 1618 5058 Procopio
1659 4997 2022 5053 restituendus

454 5062 548 5139 sit:
568 5061 719 5139 apud
747 5072 932 5139 quem,
983 5072 1116 5139 pag:
1142 5059 1267 5139 170,
1309 5061 1608 5139 ita_lcgitur_'
1636 5080 1651 5115 :
1700 5065 1890 5133 φεύγει
1916 5069 2022 5139 τὴν

454 5127 786 5202 κολάζουσαν
819 5126 1028 5202 φλύγᾉα,
1060 5126 1506 5202 '[ugithultriceut
1572 5126 1856 5202 ﬂammarii.
1911 5126 2021 5191 Νό-

454 5200 765 5273 _strum_boc
814 5196 1349 5273 judicium’miriiice
1399 5196 1721 5273 confirmant
1752 5222 1868 5273 quce
1918 5223 2022 5263 non

380 5321 395 5333 ,
454 5269 527 5351 ita
560 5267 727 5351 multo
759 5275 881 5351 post
912 5268 1177 5351 leguntur,
1196 5269 1386 5340 φεύγει
1415 5272 1491 5336 ὼς
1521 5273 1630 5351 auge
1663 5267 1857 5344 φλογὸς
1873 5294 2024 5351 καφ.

458 5340 645 5408 μένης,
685 5340 816 5405 fugit
843 5340 991 5405 quasi
1025 5356 1055 5391 a
1083 5340 1295 5407 ﬂamma
1345 5356 1545 5396 urente.
1584 5340 1719 5397 Nam
1763 5340 2024 5413 posterio-

456 5406 714 5489 ribusvltis
740 5411 915 5489 verbis
941 5408 1005 5460 ad
1031 5412 1208 5489 priora
1240 5412 1347 5477 illa,
1374 5413 1468 5466 καὶ
1501 5416 1567 5484 τῇ
1599 5415 1899 5489 ἐπι-στροφῇ
1923 5417 2020 5489 τὴν

454 5476 808 5541 κολάζουσαν,
862 5486 989 5541 etc.,
1018 5476 1342 5549 scriptorem
1378 5476 1616 5537 nostrt'i'm
1652 5476 2018 5542 alludere'ob-

457 5561 671 5630 scurum
702 5562 806 5601 non
840 5558 947 5630 est.
971 5549 1042 5602 Ex
1066 5566 1172 5630 quo
1195 5549 1333 5630 «εφοὶ
1363 5554 1593 5630 videtur,
1626 5564 1682 5630 ut
1712 5571 1807 5624 pro
1837 5556 2014 5630 σάρκα

456 5616 555 5683 legi
583 5618 1042 5691 οβοιιεειφλόγα·
1064 5616 1299 5691 alioquin
1323 5624 1465 5676 enim
1502 5624 1637 5677 alter
1667 5616 1815 5678 lo'cus
1842 5616 2014 5680 ad'al-

2069 4463 2117 4495 ⁸³
2152 4466 2279 4522 ibid.
2333 4471 2417 4526 15.
2495 4471 2542 4506 ⁸⁸
2564 4474 2724 4532 Num.
2782 4480 2939 4545 1v,'5.

2141 482 2277 555 μηδὲ
2301 482 2439 554 πρὸς
2464 483 2527 536 τὸ
2551 482 2828 554 ἀριθμεῖν,
2866 484 2999 555 μηδὲ
3029 483 3140 555 (54)
3169 485 3402 558 γράφειν
3434 485 3721 557 ἐμπείρως

2137 572 2371 643 ἔχοντος,
2419 573 2677 629 δύνασθαι
2721 575 2918 640 αὐτοὺς
2965 578 3372 650 ἀπογραφῆναι.
3421 578 3575 649 Τάχα
3597 577 3660 631 δὲ
3690 578 3721 631 ὁ

2138 664 2354 735 φεύγων
2377 666 2485 721 ἀπὸ
2514 667 2609 721 τοῦ
2639 667 2995 741 ἐμπρησμοῦ,
3014 673 3083 742 τῇ
3121 671 3381 744 μετανοίᾳ⁵
3398 671 3590 741 φεύγει
3624 670 3721 725 τὸν

2137 758 2374 829 πονηρὸν
2402 758 2536 829 βίον,
2573 763 2668 815 καὶ
2691 764 2757 833 τῇ
2777 763 3081 835 ἐπιστροφῇ
3104 764 3204 836 τὴν
3225 763 3558 842 κολάζουσαν
3579 763 3722 835 σάρ-

2137 864 2210 901 κα
2231 847 2342 919 (55)
2362 849 2767 921 ἀποδιδράσκει.
2792 853 2909 917 Πᾶς
2927 853 3037 925 γὰρ
3066 856 3095 906 ὁ
3116 854 3255 924 μετὰ
3280 852 3342 906 τὸ
3363 853 3722 926 καταληφθῆ-

2137 957 2223 994 ναι
2255 940 2362 1011 (56)
2385 942 2443 995 ἐν
2476 943 2857 1016 ἁμαρτήμασι,
2886 945 3304 1017 συναισθόμενος
3334 947 3528 1002 ἐαυτοῦ
3559 946 3719 1013 ἀξίου

2134 1032 2286 1096 ὄντος
2307 1033 2409 1104 τῆς
2440 1036 2497 1088 ἐν
2529 1035 2710 1106 ῥάϐδῳ
2736 1038 2831 1090 καί
2864 1038 3089 1109 μάστιγι
3113 1039 3468 1110 ἐπιστροφῆς,
3494 1038 3722 1110 φεύγων

2135 1125 2232 1196 τὴν
2277 1126 2573 1198 ἁμαρτίαν,
2606 1127 2683 1193 ὡς
2728 1127 2862 1199 ὓλην
2901 1129 3196 1194 κολάσεως,
3238 1130 3429 1200 φεύγει
3471 1131 3548 1195 ὡς
3604 1130 3722 1185 ἀπὸ

2138 1219 2333 1288 φλογὸς
2362 1220 2804 1293 καιομένης.Κα“ι
2837 1222 2955 1274 τότε
2986 1225 3035 1277 οἱ
3078 1223 3531 1294 καταλειφθέντες
3559 1224 3717 1279 ἐσον-

2135 1326 2226 1361 ται
2253 1308 2506 1381 ἀριθμὸς,
2547 1311 2607 1363 ού
2644 1312 2802 1382 μόνον
2834 1312 2923 1365 διά
2953 1314 3016 1366 τὸ
3052 1314 3436 1385 εὐαρίθμητον,
3470 1315 3547 1379 ὡς
3575 1316 3718 1368 ἀπο-

2135 1399 2468 1473 δεδώκαμεν,
2526 1403 2665 1457 ἀλλά
2718 1405 2812 1458 καὶ
2837 1405 2927 1458 διά
2971 1406 3032 1459 τὸ
3066 1406 3250 1461 λοιπὸν
3295 1404 3434 1471 ἄξιοι
3457 1402 3594 1461 εἶναι
3632 1409 3717 1472 είς

2137 1491 2365 1563 ἀριθμὸν
2416 1494 2913 1566 ἀναλαμϐάνεσθαι.
2976 1496 3066 1561 Ὠς
3129 1499 3188 1552 ἐν
3248 1501 3317 1570 τῇ
3378 1497 3545 1570 βίϐλῳ
3599 1499 3717 1554 τῶν

2151 1583 2420 1656 Ἀριθμῶν
2454 1586 2790 1658 εὑρήκαμεν,
2820 1588 3008 1642 παιδία
3050 1590 3145 1643 καὶ
3194 1592 3458 1660 γυναῖκας
3490 1591 3592 1645 ’καὶ
3619 1592 3719 1660 γέ·-

2139 1692 2351 1746 ροντας,
2381 1676 2495 1730 ὅσοι
2535 1677 2634 1749 τὴν
2672 1679 2946 1751 ἄχρηστον
2984 1683 3043 1735 ἐν
3068 1683 3329 1754 πολέμοις
3356 1682 3568 1755 ἔχωσιν
3587 1685 3715 1756 ἡλι-

2132 1771 2277 1832 κὶαν,
2334 1772 2428 1823 καὶ
2461 1769 2551 1823 τὸν
2597 1770 2882 1842 ἐπίμικτον
2915 1774 2991 1838 ὡς
3042 1774 3322 1847 ἀλλότριον
3344 1776 3439 1829 τοῦ
3492 1775 3716 1849 Ἰσραὴλ

2133 1860 2239 1928 ἔξω
2276 1862 2603 1932 ἀφιεμένους
2640 1861 2735 1915 τοῦ
2762 1864 3136 1936 ἀριθμεῖσθαι,
3169 1868 3608 1940 ἀριθμουμένους
3653 1869 3716 1923 δὲ

2131 1954 2257 2016 τοὺς
2272 1954 2380 2006 ἀπὸ
2412 1955 2757 2020 είκοσαετοῦς
2786 1959 2880 2011 καὶ
2896 1958 3080 2013 ἐπάνω
3100 1959 3359 2024 δυνατοὺς
3379 1962 3437 2015 ἐν
3462 1961 3710 2033 πολέμῳ.

2132 2043 2241 2096 Καὶ
2271 2044 2321 2097 οἱ
2350 2045 2683 2116 πρωτότοκοι
2711 2046 2804 2103 τοῦ
2841 2048 3060 2121 Ἰσραὴλ
3091 2051 3292 2114 πάντες
3320 2050 3710 2124 ἀριθμοῦνται,

2131 2134 2239 2188 ἀπὸ
2294 2136 2569 2209 μηνιαίου,
2619 2139 2714 2191 καὶ
2743 2139 2950 2198 ἐπάνω.
2995 2142 3229 2213 Ὁμοίως
3253 2144 3347 2197 καὶ
3385 2145 3434 2197 οἱ
3460 2144 3711 2209 Λευῖται,
3744 2182 3747 2183 ν

2132 2228 2240 2280 ἀπὸ
2273 2230 2548 2300 μηνιαίου,
2597 2231 2693 2283 καὶ
2725 2232 2928 2286 ἐπάνω·
2976 2233 3068 2287 καί
3093 2236 3144 2287 οἱ
3169 2235 3606 2309 λειτουργοῦντες
3636 2239 3714 2291 ἱε-

2135 2322 2247 2390 ρεῖς
2287 2319 2391 2382 ἐως
2431 2321 2769 2392 πεντήκοντα
2824 2323 2962 2377 ἐτῶν
3011 2314 3398 2397 ἀριθμοῦνται.
3431 2329 3593 2382 Ποῖον
3650 2330 3709 2382 δέ

2070 2472 2073 2473 ν
2131 2415 2342 2469 παιδίον
2394 2416 2595 2488 γράψει
2622 2418 2748 2482 τοὺς
2784 2419 3082 2484 τοιούτους,
3125 2422 3223 2492 οὐχ
3258 2423 3288 2476 ὁ
3324 2423 3485 2496 ἀνὴρ,
3529 2425 3655 2478 ούδέ
3678 2428 3709 2479 ὀ

2130 2507 2439 2580 πρεσϐύτης
2461 2508 2608 2580 (57);
2637 2510 2824 2575 Οὐδεὶς
2852 2512 3085 2585 ἀντερεῖο
3118 2515 3247 2577 τοὺς
3277 2516 3628 2586 προεστῶτας
3649 2520 3709 2573 ἐν

2128 2601 2193 2670 τῇ
2240 2599 2555 2673 Ἐκκλησίᾳ,
2583 2601 2672 2656 διὰ
2701 2601 2763 2656 τὸ
2797 2604 2855 2657 ἐν
2888 2604 3096 2677 ἀκακία
3124 2605 3352 2674 διάγειν,
3386 2607 3483 2662 καὶ
3504 2608 3599 2661 διὰ
3644 2610 3708 2662 τὸ
3806 2644 3810 2657 ι

2128 2693 2478 2749 πιστεύεσθαι
2518 2696 2629 2766 (58)
2664 2697 2816 2769 παρὰ
2853 2699 2963 2753 τῶν
2994 2702 3394 2773 ἡμαρτηκότων
3420 2702 3489 2757 τά
3528 2705 3708 2777 άπόῤ-

2129 2787 2287 2855 ρητα,
2319 2779 2395 2838 ὧν
2419 2786 2594 2852 οὐδεὶς
2616 2788 2849 2858 μάρτυς,
2882 2792 2931 2845 εί
2964 2792 3038 2864 μὴ
3072 2795 3101 2847 ὁ
3137 2793 3207 2847 τά
3222 2796 3441 2866 κρυπτά
3470 2797 3707 2852 ἑκάστου

2127 2874 2565 2947 διερευνώμενος.
2590 2873 2759 2946 Οὗτος
2798 2883 2997 2957 γράψει
3043 2886 3169 2950 τοὺς
3199 2887 3495 2954 τοιούτους,
3542 2892 3710 2946 οἱονεὶ

2127 2969 2543 3040 ἐξαλειφθέντας
2600 2975 2690 3029 διά
2735 2978 2837 3048 τῆς
2886 2980 3182 3052 ἁμαρτίας
3233 2982 3398 3037 πάλιν
3437 2986 3710 3059 ἐγγράψει

2126 3063 2252 3125 τοὺς
2286 3063 2375 3115 τὸν
2405 3066 2735 3138 ἐμπρησμὸν
2780 3070 3070 3139 φυγόντας,
3107 3074 3202 3127 καὶ
3232 3074 3331 3146 τὴν
3367 3074 3457 3129 διὰ
3481 3076 3585 3148 τῆς
3615 3095 3711 3149 με·

2130 3152 2346 3216 τανοίας
2361 3154 2644 3226 κάθαρσιν,
2663 3160 2825 3213 οἱονεὶ⁴
2854 3160 2965 3234 πῦρ
2993 3164 3323 3220 ἀναλωτικδν
3345 3167 3711 3242 τῆςοένυπαρ-

2131 3243 2330 3316 χούσης
2370 3245 2502 3318 ὕλης
2536 3248 2645 3302 τῶν
2705 3252 2910 3318 κακῶν,
2957 3255 3299 3327 δεξαμένους·
3333 3262 3537 3335 γράφει
3581 3266 3713 3328 τοὺς

2130 3336 2420 3402 τοιούτους.
2452 3341 2523 3393 Ἣ
2552 3341 2692 3411 τάχα
2726 3344 2913 3418 ἐπειδὴ
2937 3349 2996 3401 ἐν
3028 3348 3194 3422 βίϐλῳ
3224 3351 3371 3424 ζωῆς
3394 3354 3509 3425 (59)
3568 3358 3713 3430 γρά-

2135 3446 2345 3496 φονται,
2365 3432 2460 3485 καὶ
2489 3437 2604 3497 τοῖς
2621 3433 2850 3502 δικαίοις
2878 3442 3348 3514 συνεγγράφονται
3364 3449 3414 3500 οἱ
3442 3449 3586 3513 ἄξιοι
3611 3452 3712 3506 τοῦ

2134 3522 2477 3593 ἀριθμεῖσθαι
2517 3525 2668 3598 παρὰ
2722 3529 2824 3600 τῆς
2878 3530 3058 3599 δεξιᾶς
3092 3534 3187 3589 τοῦ
3234 3537 3509 3607 Ὑψίστου,
3557 3541 3713 3609 ἄξιόν

2124 3614 2241 3668 ἐστι
2276 3618 2462 3689 νοῆσαι
2511 3619 2622 3694 (40)
2663 3625 2883 3696 γραφέα
2925 3626 3037 3683 τῶν
3079 3628 3424 3702 σωζομένων,
3475 3651 3714 3692 συνανα-

2124 3704 2469 3778 λαμϐάνοντα
2513 3716 2628 3779 τοῖς
2669 3716 2918 3785 δικαίοις,
2976 3721 3074 3775 καὶ
3108 3723 3591 3793 ἐγκατατάσσοντα
3640 3709 3714 3786 τὰ

2123 3800 2361 3895 δνόματα
2392 3804 2499 3860 τῶν
2516 3808 2950 3882 ἐπιστρεφόντων
2976 3816 3083 3870 ἀπὸ
3110 3816 3219 3871 τῶν
3243 3821 3496 3893 πονηρῶν
3528 3824 3714 3895 ἔργων

2125 3891 2183 3985 ἐν
2207 3895 2271 3964 τῇ
2301 3893 2466 3969 βίϐλῳ
2498 3899 2608 3954 τῶν
2636 3903 2907 3974 οὐρανῶν.
2958 3908 3202 3979 Χαίρετε
3224 3891 3580 3985 γάρ,ἠφησὶν,
3609 3891 3713 3971 -ὅτι

2125 3982 2198 4077 'r—(‘t
2225 3984 2486 4077 ὀνόματα
2531 3992 2699 4062 ὑμῶν
2742 3996 3129 4070 ἐγγέγραπται
3155 4003 3226 4057 ἐν
3251 3982 3374 4072 τοῖς
3403 3982 3709 4077 ούρανοῖς.

2129 4074 2288 4129 Ποῖον
2316 4073 2407 4133 οὖν
2439 4084 2652 4164 παιδίον
2685 4089 2744 4141 ἐν
2777 4092 2889 4154 τοῖς
2937 4091 3183 4164 οὐρανοῖς
3210 4097 3443 4168 γράφειν
3473 4073 3560 4154 7τά
3591 4073 3713 4156 ὀνύ-

2130 4182 2273 4264 ματα
2291 4168 2513 4264 δύναται
2546 4176 2654 4231 τῶν
2691 4181 3016 4254 εὐδοκίμων,
3048 4186 3081 4257 ἢ
3114 4189 3243 4259 περὶ
3270 4182 3332 4242 οὗ
3374 4189 3595 4264 ἐλέχθη,
3624 4195 3712 4248 ὅτι

2127 4257 2374 4352 amator
2407 4264 2698 4338 ἐγεννήθη
2763 4272 2929 4342 ἡμῖν,
2984 4277 3114 4343 υίὸς
3166 4257 3266 4333 θέαι
3304 4257 3497 4350 έδόθῆ
3532 4257 3706 4352 ἡμῖν,

2126 4348 2302 4405 ἐκεῖνο
2321 4353 2384 4408 τὸ
2405 4359 2636 4423 παιδίον,
2658 4361 2687 4414 ὃ
2713 4363 2764 4416 οι
2816 4363 2979 4434 μάγοι
3021 4368 3440 4442 προσεκύνησαν
3452 4348 3478 4433 .-
3497 4348 3705 4439 ἐκεῖνο,

3044 4497 3065 4515 ο
3088 4498 3220 4542 Luc.
3262 4502 3312 4549 Χ,
3345 4487 3434 4542 20.
3509 4489 3558 4522 ⁸⁸
3596 4490 3706 4547 Isa.

2052 4649 2097 4704 D
2128 4663 2367 4741 veterum
2409 4656 3339 4741 librorumauctoritatemretincri
3364 4686 3521 4741 posse
3550 4675 3707 4731 arbi-

2133 4727 2255 4779 trati
2289 4742 2508 4849 sumus;
2537 4730 2582 4785 si
2610 4732 2778 4801 prius,
2807 4738 3074 4805 quomodo
3091 4736 3240 4795 locus
3261 4727 3458 4812 cori-igi
3482 4727 3706 4811 debeat,

2133 4812 2289 4849 mone
2319 4812 2489 4849 emus.

2132 4812 2489 4855 mnneremus.

2204 4865 2852 4958 OQAFQdiCQS'EI'Pﬁ.
2907 4875 3010 4930 Alii
3066 4878 3320 4958 totidem,
3338 4881 3709 4958 καταλειφθῆ-

2128 4940 2668 5019 ναιιέειίείὶεεαε-εει.
2696 4941 2858 5019 Editi,
2901 4940 3440 5019 πρρκαταληφθῆναι.

2336 5008 2560 5087 étrtiqui
2594 5021 2703 5065 tres
2736 5005 2878 5078 libri,
2909 5005 3029 5068 ούδὲ
3055 5019 3093 5087 ὁΔ
3116 5005 3377 5087 πρέσϐύς.

2201 5074 2563 5166 ρῇξίξίιῖοξ
2592 5090 2702 5166 tres
2730 5074 3279 5166 ιῐιεεᾲπιστεύεσθαιἶ
3305 5074 3412 5166 ﬁlii
3443 5101 3575 5166 tres,
3603 5096 3708 5166 ἐμ-

2132 5145 2501 5226 πιστεύεσθαι.
2531 5148 2743 5220 insigne
2791 5145 3152 5211 testimonium
3180 5159 3231 5211 in
3267 5160 3349 5213 his
3372 5145 3706 5219 verbis'coii-

2133 5221 2289 5305 tmeri
2329 5221 2706 5305 arbitramur}
2738 5239 2863 5291 quo,
2897 5228 2940 5280 si
2973 5243 3010 5305 _a
3041 5228 3385 5305 praeiudicata
3407 5235 3554 5305 omni
3581 5240 3705 5305 opi-

2133 5287 2293 5366 nio-ie
2327 5287 2461 5342 liber
2495 5292 2568 5344 sit
2595 5287 2827 5366 animus,
2851 5287 3221 5355 confessionis
3251 5287 3705 5362 auricularisiarn-

2130 5364 2571 5434 tiqiiitas__aperte
2608 5364 2823 5434 probari
2854 5368 3041 5434 possit.

2458 5423 2626 5514 nostri
2677 5448 2806 5514 mss:
2841 5423 3045 5514 omnes.
3079 5441 3243 5514 Etliti,
3277 5443 3336 5497 ἐν
3367 5442 3535 5514 βίϐλῳ
3559 5442 3703 5509 ζών-

2201 5428 2290 5495 (59
2338 5428 2429 5508 §ic
2458 5428 2626 5485 nostri
2677 5448 2806 5490 mss.
2841 5428 3045 5492 omnes.
3079 5441 3243 5507 Etliti,
3277 5443 3294 5496 ἓ

2127 5428 2487 5581 τωνλέιξπά-ειιι
2519 5500 2651 5581 Reg.
2685 5505 2895 5581 tertius,
2928 5508 3294 5581 ἐγγράφονται

2152 5565 2705 5654 eisin-Emungam}
2737 5565 2901 5654 ἡμᾶς.
2932 5565 3046 5633 Sed
3069 5565 3128 5654 in.
3151 5565 3293 5654 nullo
3316 5584 3513 5654 podice
3545 5598 3702 5654 repe-

2121 5644 2231 5687 rire
2258 5647 2343 5690 est
2368 5652 2552 5724 {ouem
2585 5644 2754 5712 ἡμᾶς.
2782 5646 2897 5699 Hoc
2938 5666 3031 5712 uso
3069 5652 3271 5711 inloco
3312 5652 3424 5724 Reg
3481 5644 3697 5712 tertius.

460 5696 629 5742 terum
660 5688 847 5745 referri
882 5707 986 5746 non
1033 5688 1235 5762 posset.
1278 5691 1583 5748 Lectiouem
1629 5694 1898 5764 vulgatam
1942 5700 2012 5754 ob
2119 5688 2456 5777 συγγραφέαξ
