3810 6214
130 253 239 311 559

978 251 1330 311 COMMENT.
1372 254 1441 312 ΙΝ
1476 255 1712 313 ιεΑιΑΜ
1750 257 2193 318 PROPHETAM.
2233 260 2386 318 CAP.
2428 262 2495 316 Χ.

3275 266 3385 325 550

127 370 156 424 ὃ
177 370 450 442 κατῆλθεν
474 374 554 439 είς
568 375 862 445 Αἴγυπτον,
893 381 987 433 καὶ
1006 381 1280 452 ἐπανῆλθε
1326 383 1487 436 πάλιν
1512 384 1591 447 εἰς
1611 384 1710 455 τὴν
1739 433 1742 442 .

1816 383 1923 450 ille,
1952 385 2044 454 qui
2071 385 2348 440 descendit
2374 385 2426 439 in
2457 383 2776 455 Egyptum,
2813 391 2868 440 et
2899 383 3059 440 rediit
3089 384 3284 440 iterum
3322 391 3384 443 in

129 462 234 533 γῆν
260 463 513 536 Ἰσραήλ;
548 467 766 522 Πολλῶν
779 465 872 524 οὖν
904 472 1155 525 ἐπινοιῶν
1174 473 1350 527 οὐσῶν
1379 473 1470 528 τοῦ
1504 476 1708 547 Κυρίου

125 553 288 624 ἡμῶν
314 556 410 610 καὶ
437 558 688 630 Σωτῆρος
721 561 898 631 Ἰησοῦ
927 563 1165 635 Χριστοῦ
1200 566 1335 633 (Al),
1372 566 1430 619 ἓν
1462 569 1580 621 ἐστι
1600 567 1708 621 τῶν

126 646 253 697 κατ’
285 648 449 701 αὐτὸν
482 652 786 720 νοουμένων
823 654 917 707 καὶ
948 655 1009 708 τὸ
1041 657 1252 710 παιδίον
1290 656 1318 710 δ
1344 658 1543 728 γράψει
1583 660 1709 723 τοὺς

126 737 563 807 προσεχομένους
590 739 681 795 διὰ
733 743 829 813 τῆς
865 744 1152 814 μετανοίας
1194 748 1260 816 τῇ
1300 746 1392 800 τοῦ
1419 747 1552 805 Θεοῦ
1588 749 1708 801 ἐπι-

126 843 353 893 γνωσει.

195 960 324 1015 245.
377 961 490 1016 Kal
534 963 707 1018 ἔσται
754 966 826 1019 ἐν
867 966 943 1035 τῇ
1002 967 1193 1036 ἡμέρᾳ
1236 968 1457 1039 ἐκείνῃ,
1510 971 1708 1025 οὐκέτι

125 1051 605 1119 προστεθήσεται
642 1054 708 1107 τὸ
739 1056 1134 1125 καταλειφθὲν
1164 1057 1269 1112 τοῦ
1311 1058 1575 1128 Ἰσραὴλ,
1609 1060 1708 1114 καὶ

126 1143 183 1195 οι
240 1143 541 1211 σωθέντες
594 1146 701 1200 τοῦ
736 1148 944 1202 Ἰακὼϐ
984 1149 1186 1203 οὐκέτι
1228 1151 1315 1221 μὴ
1363 1156 1706 1221 πεποιθότες

124 1223 280 1285 ὦσιν
322 1233 423 1286 ἐπὶ
452 1234 595 1301 τοὺς
635 1236 1044 1306 ἀδικήσαντας
1088 1241 1327 1309 αὐτοὺς,
1361 1244 1497 1297 ἀλλ’
1529 1246 1705 1299 ἔσον-

126 1337 224 1375 ται
258 1328 612 1392 πεποιθότες
651 1327 749 1380 ἐπὶ
780 1329 887 1381 τὸν
916 1331 1065 1383 Θεὸν
1098 1333 1205 1386 τὸν
1240 1333 1410 1403 ἅγιον
1436 1336 1540 1388 τοῦ
1586 1337 1702 1390 Ἰσ-

117 1416 289 1485 ραὴλ
338 1417 417 1487 τῇ
453 1420 722 1488 ἀληθείᾳ.
780 1423 891 1475 Καὶ
948 1423 1123 1478 ἔσται
1181 1428 1249 1479 τὸ
1309 1428 1706 1498 καταλειφθὲν

122 1512 235 1565 τοῦ
307 1512 518 1567 Ἰακὼϐ
565 1514 665 1567 ἐπὶ
728 1514 875 1569 Θεὸν
929 1519 1237 1586 ἰσχύοντα.
1296 1521 1489 1588 Σαφῶς
1534 1522 1705 1576 ταῦτα

124 1603 219 1655 ἐπὶ
288 1592 416 1668 τοὺς
477 1606 882 1678 ἀφισταμένους
942 1610 1042 1680 τῆς
1103 1613 1345 1683 πονηρᾶς
1407 1615 1700 1685 ἐργασίας,

1815 485 2009 530 terram
2049 476 2211 532 Israel
2238 478 2306 533 ⁸⁷.
2342 477 2528 546 Itaque
2559 478 2807 532 notiones
2837 478 2902 531 de
2931 477 3159 532 Domino
3192 487 3387 535 nostro

1809 578 1864 623 et
1895 567 2182 623 Servatore
2207 567 2332 623 Jesu
2363 567 2582 623 Christo
2610 569 2793 622 multa:
2826 583 2947 621 cum
2973 569 3116 632 sint,
3141 583 3249 622 una
3283 583 3377 625 ea-

1810 674 1928 713 rum
1965 669 2018 713 et
2047 658 2137 712 illa
2167 668 2247 713 est
2274 675 2288 712 :
2317 674 2450 728 puer
2477 668 2595 725 est,
2637 659 2726 728 qui
2760 659 3009 714 inscribit
3041 674 3134 714 eos
3164 658 3255 729 qui
3282 673 3383 730 per

1808 750 2180 819 ptenitentiam
2216 750 2281 804 ad
2313 750 2410 805 Dei
2440 751 2804 821 cognitionem
2834 750 3124 806 accedunt.

1879 993 2042 1066 566
2078 994 2202 1049 245.
2244 994 2410 1049 Vsus.
2438 994 2528 1057 20,
2566 994 2656 1048 2|.
2692 991 2761 1047 E.‘
2816 997 2914 1049 erit
2944 997 3001 1049 in
3026 996 3111 1050 die
3132 996 3243 1062 illa,
3269 1015 3357 1051 ηος

1810 1085 1947 1138 ultra
1974 1086 2256 1154 adjicietur
2286 1086 2552 1138 residuum
2583 1082 2773 1148 Israel,
2806 1096 2853 1138 et
2889 1087 2978 1152 qui
3019 1088 3150 1140 salvi
3181 1087 3353 1157 fuerit:

1808 1190 1871 1227 ea:
1912 1174 2075 1227 Jacob
2123 1191 2225 1228 non
2270 1174 2410 1228 ultra
2450 1175 2699 1243 ﬁduciam
2746 1172 3004 1227 habebunt
3040 1175 3094 1228 in
3126 1175 3234 1228 illis
3281 1191 3351 1244 qu

1807 1264 1946 1329 ipsos
1984 1265 2184 1334 injuria
2225 1265 2545 1333 a/Tecerunt;
2586 1267 2675 1318 sed
2715 1266 2967 1334 ﬁduciam
3006 1266 3266 1321 habebunt
3317 1269 3378 1322 in

1807 1354 1916 1409 Deo
1955 1365 2136 1408 sancto
2169 1354 2338 1407 Israel
2368 1355 2424 1407 in
2453 1358 2690 1407 veritate.
2725 1352 2791 1405 Et
2830 1355 2930 1407 erit
2962 1355 3226 1407 residuum
3269 1353 3373 1408 Ja-

1808 1442 1899 1496 cob
1931 1444 1984 1495 in
2024 1440 2189 1495 Deum
2218 1441 2423 1509 fortem.
2467 1440 2588 1494 Hth
2618 1440 2820 1507 liquido
2854 1440 3165 1493 referuntur
3190 1441 3254 1492 ad
3280 1455 3376 1494 eos

1806 1535 1897 1602 qui
1939 1548 1996 1587 se
2031 1534 2098 1588 ab
2143 1548 2306 1600 opere
2350 1548 2514 1602 pravo
2550 1532 2873 1587 submovent
2917 1540 2970 1585 et
3022 1546 3172 1599 spem
3215 1546 3375 1586 suam

1808 1627 2140 1679 transferunt
2172 1626 2222 1677 in
2256 1624 2422 1678 Deum
2454 1624 2738 1677 viventem.
2774 1622 3062 1679 Enimvero
3092 1639 3213 1678 cum
3249 1639 3375 1691 pec-

122 1696 220 1745 καὶ
293 1696 682 1766 μετατιθέντας
739 1698 831 1752 ἐπὶ
901 1700 1032 1753 Θεὸν
1097 1701 1273 1766 ζῶντα
1334 1704 1433 1774 τὴν
1498 1706 1742 1777 ἑαυτῶν)

1808 1733 2014 1781 camus,
2053 1717 2296 1771 hostibus
2330 1716 2672 1785 adiungimus
2697 1731 2795 1770 nos
2828 1717 2991 1785 ipsos,
3022 1725 3075 1770 et
3102 1717 3153 1803 in
3185 1716 3251 1771 iis
3281 1717 3373 1786 qui

119 1786 340 1851 ἐλπίδα,
388 1788 488 1859 τὴν
529 1788 803 1861 ἀναφορὰν
856 1791 986 1862 ἔχει.
1045 1793 1454 1865 Προστιθέμεθα
1501 1797 1557 1849 δὲ
1597 1798 1703 1869 (42)

117 1880 171 1933 οἱ
208 1880 615 1952 ἁμαρτάνοντες
629 1886 744 1946 τοῖς
775 1884 1077 1954 πολεμίοις,
1114 1887 1209 1939 καὶ
1240 1887 1581 1958 πεποίθαμεν
1615 1891 1707 1943 ἐπὶ

119 1976 240 2035 τοῖς
263 1973 540 2027 ἀδικοῦσιν
563 1976 594 2045 ἡ
603 1977 728 2045 μᾶς.
773 1976 912 2046 Πονη
923 1977 1012 2047 ρός
1035 1994 1119 2041 τις
1150 1979 1498 2049 περιέρχεται
1520 1980 1707 2051 δαιμό-

121 2082 233 2117 νων
289 2067 536 2137 στρατὸς,
562 2066 651 2121 διὰ
684 2066 794 2120 τῶν
826 2068 928 2137 τῆς
961 2068 1154 2139 ἡδονῆς
1180 2068 1564 2141 δελεασμάτων
1605 2073 1706 2137 τὰς

117 2157 471 2230 ψυχᾶςήμῶν
496 2160 1021 2231 καταστρεφόμενος.
1048 2162 1270 2226 Τούτοις
1303 2164 1702 2233 προστιθέντες,

116 2251 273 2305 ὥσπε
283 2268 314 2323 ρ
346 2253 533 2316 παῖδες
550 2253 768 2326 ἀνόητοι
795 2258 907 2317 τοῖς
934 2253 1407 2326 ἀνδραποδισταῖς,
1444 2257 1494 2309 οἳ
1518 2257 1706 2311 πολλά-

115 2362 211 2408 κις
252 2346 483 2413 παίγνιά
523 2364 643 2400 τινα
676 2345 900 2400 παιδικὰ
948 2346 1327 2417 προδείξαντες
1355 2345 1704 2419 ἐξηπάτησαν

110 2438 249 2501 τοὺς
294 2437 508 2501 παῖδας,
537 2439 630 2490 καὶ
679 2439 865 2508 πόρρω
906 2440 1236 2509 ποιήσαντες
1272 2438 1380 2491 τῶν
1409 2439 1702 2509 ὀφθαλμῶν

108 2528 230 2583 τῶν
260 2528 562 2599 πατρικῶν,
587 2529 673 2583 διὰ
702 2533 802 2600 τῆς
828 2531 887 2582 ἐν
908 2529 1073 2600 ὀλίγῳ
1100 2529 1341 2601 τέρψεως
1373 2530 1576 2601 πικρὰν
1607 2532 1703 2583 αὐ-

107 2622 232 2687 τοῖς
266 2621 674 2676 κατεσκεύασαν
712 2622 977 2676 δουλείαν.
1021 2621 1410 2692 Προστιθέντες
1462 2620 1571 2692 (45)
1609 2618 1701 2676 οὖν

108 2716 365 2768 κάκεῖνοι
387 2718 501 2778 τοῖς
526 2714 790 2780 ἀδικοῦσι,
816 2715 908 2768 καὶ
936 2716 1097 2786 ἡμεῖς
1133 2713 1213 2784 τῷ
1246 2711 1572 2782 δελεάσματι
1603 2714 1700 2784 τῆς

106 2807 312 2878 ἡδονῆς
335 2807 712 2877 προσέχοντες,
751 2807 1100 2879 μακρύνομεν
1130 2807 1354 2869 ἑαυτοὺς
1396 2805 1503 2860 ἀπὸ
1541 2805 1697 2866 Θεοῦ,

106 2895 211 2946 καὶ
240 2898 307 2965 τῇ
364 2894 559 2966 βαρείᾳ
586 2896 859 2967 τυραννίδι
898 2896 993 2948 τοῦ
1041 2896 1415 2967 ἀπαραιτήτου
1447 2895 1698 2966 δαίμονος

107 2989 346 3050 ἑαυτοὺς
370 2988 767 3058 ὑποϐάλλομεν·
786 2988 844 3053 ὃς
877 2989 1062 3058 ἐπειδὴ
1112 2989 1441 3060 κατάκριτός
1472 2978 1587 3042 ἐστι
1617 2989 1694 3060 τῷ

1809 1808 1964 1864 nobis
1999 1808 2248 1876 iniuriam
2284 1806 2540 1872 inferunt,
2590 1809 2840 1862 fiduciam
2879 1810 3210 1878 reponimus.
3255 1810 3376 1864 Cir-

1805 1901 1916 1954 cuit
1949 1900 2226 1969 improbus
2253 1899 2472 1969 quidam
2504 1901 2803 1954 daemonum
2832 1902 3126 1968 exercitus,
3158 1901 3251 1972 qui
3279 1918 3374 1956 vo-

1805 1992 2026 2062 luptatis
2066 1992 2332 2046 illecebris
2371 1992 2581 2046 animas
2619 2001 2833 2046 nostras
2863 2002 3092 2047 evertat.
3135 1994 3230 2049 llis
3267 1996 3369 2050 ad-

1800 2080 2098 2152 jungimur,
2126 2082 2344 2148 perinde
2369 2091 2426 2135 ut
2454 2083 2603 2151 pueri
2631 2084 2791 2137 rudes
2817 2098 2880 2137 ac
2910 2084 3142 2153 imperiti
3177 2084 3373 2154 adiun-

1805 2182 1937 2242 gunl
1964 2188 2021 2226 se
2048 2173 2342 2242 plagiariis,
2374 2175 2463 2241 qui
2496 2176 2804 2243 crepundiis
2833 2176 3152 2246 quibusdam
3183 2188 3371 2232 osten-

1803 2263 1879 2318 sis
1910 2262 2222 2332 plerumque
2264 2278 2459 2331 pueros
2490 2266 2772 2334 decepere,
2808 2276 2864 2320 et
2893 2267 3077 2335 procul
3106 2282 3136 2320 a
3178 2284 3372 2336 paren-

1803 2364 1915 2408 tum
1964 2355 2135 2410 oculis
2164 2346 2444 2420 abductos,
2475 2371 2570 2425 per
2609 2358 2825 2410 brevem
2861 2359 3278 2414 oblectationem
3316 2362 3368 2414 in

1803 2462 2046 2500 amaram
2092 2458 2402 2515 pertraxere
2425 2449 2741 2502 servitutem
2809 2449 3372 2523 Adiungunturigitur

1803 2538 1960 2591 etilli
2002 2553 2060 2593 se
2104 2538 2297 2607 iniuria
2332 2539 2718 2605 allicientibus;
2775 2555 2874 2594 nos
2920 2556 3136 2612 quoque
3178 2543 3246 2597 ad
3276 2558 3374 2599 vo-

1801 2628 2017 2698 luptatis
2054 2630 2272 2684 illicium
2317 2641 2549 2684 mentem
2596 2632 2956 2700 appelleutes,
3009 2633 3371 2705 nosmetipsos

1798 2733 1957 2787 Quam
1990 2719 2303 2786 longissime
2332 2719 2681 2774 subducimus
2706 2736 2734 2772 τι
2784 2721 2912 2783 Dec,
2943 2738 3006 2775 ac
3034 2738 3131 2777 nos
3156 2725 3370 2779 acerbae

1799 2812 2144 2866 inexorabilis
2191 2813 2449 2867 daemonis
2508 2812 2774 2882 tyrannidi
2840 2812 3214 2879 subiicimus:
3269 2815 3363 2884 qui

1798 2920 1917 2958 cum
1961 2906 2029 2958 sit
2061 2904 2166 2972 igni
2205 2913 2408 2958 reternu
2448 2904 2723 2967 addictus,
2772 2904 2953 2972 plures
2997 2904 3246 2974 supplicii
3276 2904 3363 2958 sui

1798 2994 1973 3047 socios
2004 2994 2204 3047 habere
2248 3003 2489 3047 conatur.
2530 2993 2713 3061 Itaque
2744 2997 2807 3047 de
2840 2995 2904 3047 iis
2947 3010 3083 3063 quos
3126 2995 3356 3065 paenitet

106 3077 322 3147 αἰωνίῳ
348 3079 500 3149 πυρὶ,
532 3079 759 3143 πολλοὺς
793 3079 1089 3149 φιλονεικεῖ
1125 3079 1268 3150 ἔχειν
1304 3080 1431 3144 τοὺς
1488 3098 1692 3149 συγκα-
1721 3064 1742 3120 ί

1802 3083 1936 3137 male
1962 3092 2224 3145 actorum,
2251 3082 2403 3146 dicit,
2435 3082 2575 3148 quod
2612 3081 2643 3132 ii
2681 3082 2769 3148 qui
2806 3082 2973 3134 relicti
2999 3091 3052 3135 et
3076 3064 3207 3134 salvi
3241 3082 3361 3136 lue-

105 3166 574 3239 ταδικαζομένους
606 3168 775 3240 αὐτῷ.
811 3170 947 3241 Περὶ
993 3165 1087 3223 οὖν
1135 3169 1245 3222 τῶν
1295 3169 1694 3241 μετανοούντων

107 3262 317 3333 φησὶν,
340 3263 424 3315 ὅτι
450 3262 632 3316 οὐκέτι
668 3263 1128 3333 προστεθήσονται
1161 3265 1210 3316 oi
1247 3263 1695 3332 καταλειφθέντες

108 3354 211 3407 καὶ
237 3353 286 3405 οῖ
321 3352 611 3419 σωθέντες,
641 3353 765 3407 οὐδὲ
808 3354 882 3424 μὴ
913 3353 1276 3408 ἐπελπίσωσιν
1316 3355 1425 3425 (44)
1453 3356 1543 3408 ἐπὶ
1569 3357 1695 3420 τοὺς

112 3444 508 3515 ἀδικήσαντας,
545 3445 661 3499 ἀλλ’
715 3444 927 3499 ἔσονται
962 3446 1281 3509 πεποιθότες
1311 3446 1402 3499 ἐπὶ
1443 3447 1533 3499 τὸν
1560 3446 1692 3500 Θεὸν

110 3535 210 3590 τὸν
236 3536 393 3605 ἅγιον
421 3536 515 3589 τοῦ
555 3536 770 3608 Ἰσραὴλ
801 3539 865 3608 τῇ
907 3537 1152 3608 ἀληθείᾳ.
1184 3537 1488 3610 Μακάριος,
1529 3538 1557 3590 ὁ
1590 3536 1694 3590 πά-

112 3645 219 3699 σης
248 3627 460 3693 ἐλπίδος
488 3627 595 3682 τῶν
617 3628 759 3682 κατὰ
786 3629 880 3682 τὸν
899 3629 1103 3699 κόσμον
1128 3629 1315 3683 τοῦτον
1343 3629 1534 3683 ἑαυτὸν
1559 3631 1693 3683 ἁπο-

112 3721 346 3790 στήσας,
389 3722 483 3774 καὶ
513 3721 676 3791 μόνην
696 3720 834 3790 ἔχων
858 3721 1049 3774 ἑαυτοῦ
1067 3721 1256 3776 ἐλπίδα
1282 3721 1371 3775 τὸν
1401 3721 1510 3792 (45)
1536 3721 1688 3775 Θεόν.

122 3815 218 3877 Ὠς
248 3814 359 3884 γὰρ
408 3813 865 3880 Ἐπικατάρατος
896 3812 1220 3881 ἅνθρωπος,
1254 3813 1320 3878 ὃς
1344 3812 1457 3881 τὴν
1477 3813 1692 3867 ἐλπίδα

110 3908 241 3978 ἔχει
269 3906 363 3960 ἐπ’
392 3905 723 3973 ἄνθρωπον
753 3903 925 3967 οὕτως
971 3903 1330 3974 εὐλογημένος
1357 3904 1383 3955 ὁ
1410 3906 1691 3976 ἐπιστηρι-

110 3997 346 4069 ζόμενος
401 3996 480 4067 τῷ
509 3994 716 4067 Κυρίῳ.
747 3995 838 4067 Μὴ
892 3994 1073 4066 μέντοι
1113 3993 1298 4065 ἀργῶς
1324 3995 1691 4067 παραδράμῃς

109 4091 210 4164 τὴν
275 4088 614 4159 προσθήκην.
655 4088 932 4140 Ἔσονται
959 4086 1089 4156 γὰρ,
1131 4086 1284 4155 φησι,
1347 4088 1691 4151 πεποιθότες

107 4183 208 4239 ἐπὶ
250 4179 363 4234 τὸν
388 4179 533 4233 Θεὸν
557 4178 665 4231 τὸν
696 4176 866 4248 ἅγιον
883 4177 989 4230 τοῦ
1030 4176 1279 4245 Ἰσραὴλ
1310 4176 1385 4245 τῇ
1417 4178 1686 4243 ἀληθείᾳ.

108 4278 184 4331 οὐ
210 4273 324 4344 γὰρ
350 4270 657 4341 ἐπιδέχεται
690 4268 1167 4339 ἐπαμφοτερισμὸν
1193 4270 1226 4339 ἡ
1261 4271 1339 4332 εἰς
1367 4269 1498 4321 Θεὸν
1514 4269 1686 4332 ἐλπὶς,

1797 3175 1926 3241 rint,
1969 3189 2072 3226 non
2103 3170 2212 3239 iam
2257 3171 2488 3239 amplius
2522 3170 2898 3239 adiunguntur,
2935 3185 3033 3225 nec
3073 3171 3125 3224 in
3171 3170 3238 3226 iis
3267 3173 3361 3240 qui

1796 3264 1848 3319 in
1878 3278 1936 3318 se
1968 3263 2216 3333 iniuriam
2244 3261 2507 3329 iecerint,
2541 3275 2689 3328 spem
2719 3275 2869 3314 suam
2917 3260 3218 3325 collucent,
3268 3262 3363 3316 sed

1795 3353 1906 3407 Deo
1933 3361 2121 3407 sancto
2153 3351 2313 3405 lsrael
2364 3351 2414 3404 in
2454 3353 2680 3404 veritate
2725 3350 3016 3404 confidant.
3050 3351 3245 3407 Beatus
3275 3351 3366 3406 ille

1794 3455 1897 3507 est,
1918 3443 2030 3513 qui,
2054 3444 2198 3497 omni
2224 3457 2320 3512 spe
2341 3457 2518 3495 rerum
2546 3446 2937 3494 mundanarum
2957 3458 2986 3495 a
3010 3457 3069 3496 se
3090 3443 3358 3510 submota,

1793 3537 2009 3590 unicam
2038 3549 2184 3604 spem
2217 3549 2369 3588 suam
2420 3533 2471 3585 in
2520 3533 2683 3586 Deum
2727 3534 2955 3587 confert.
3003 3534 3363 3601 Quemadmo-

1794 3628 1918 3682 dum
1959 3628 2100 3680 enitn
2142 3624 2456 3679 Maledicta:
2486 3634 2560 3677 est
2591 3626 2769 3691 Ιιοιιιο,
2812 3626 2902 3694 qui
2932 3642 3071 3693 spem
3113 3626 3263 3679 liabet
3307 3628 3368 3680 in

1794 3719 2001 3772 homine
2030 3719 2077 3750 ⁸⁸
2111 3736 2124 3772 :
2157 3718 2227 3771 ita
2257 3716 2574 3771 benedictus
2589 3726 2694 3780 est,
2720 3719 2808 3785 qui
2839 3718 3088 3772 innititur
3114 3719 3358 3774 Domino.

1802 3810 1993 3865 Verqu
2019 3824 2087 3863 ne
2121 3807 2484 3878 perfunctorie
2520 3806 2789 3861 transilias
2814 3822 2933 3876 quin
2957 3808 3358 3877 subiunguntur

1791 3905 1955 3957 verba
1990 3919 2002 3953 :
2034 3898 2312 3951 Fiduciam
2360 3898 2523 3961 enim,
2576 3897 2793 3966 inquit,
2835 3896 3092 3950 habebunt
3140 3898 3196 3950 in
3250 3897 3360 3952 Deo

1790 4005 1971 4052 sancto
2014 3991 2185 4046 Israel
2219 3992 2275 4044 in
2313 3990 2549 4043 veritate.
2595 3990 2729 4057 Spes
2759 3989 2899 4042 enim
2953 3991 3005 4043 in
3042 3988 3154 4043 Deo
3187 3990 3360 4059 posita

1793 4083 2034 4136 alternas
2073 4078 2219 4132 vices
2264 4094 2368 4131 non
2403 4077 2674 4141 admittit,
2707 4091 2807 4131 nec
2838 4076 3096 4131 Dominus
3132 4079 3364 4133 sustinet

1793 4174 2056 4240 integram
2086 4184 2237 4223 suam
2268 4184 2422 4237 apem
2461 4170 2507 4221 ei
2545 4168 2707 4233 ferre,
2743 4169 2833 4237 qui
2865 4170 3023 4223 modo
3051 4170 3267 4239 quidem
3300 4173 3354 4226 in

1792 4263 2056 4332 pecuniis,
2089 4262 2223 4316 etin
2260 4261 2428 4329 gloria
2471 4260 2705 4314 humana
2746 4270 2908 4330 atque
2943 4262 2996 4315 in
3037 4262 3221 4317 mundi
3257 4277 3358 4333 po-

108 4369 232 4423 οὐδὲ
263 4364 619 4436 καταδέχεται
655 4364 683 4415 ὁ
722 4360 926 4433 Κύριος
950 4359 1243 4432 ὁλόκληρον
1266 4360 1365 4431 τὴν
1396 4361 1525 4429 παρ’
1560 4362 1688 4413 ἐαυ-
1722 4398 1742 4452 ι

1802 4364 1989 4410 testate
2016 4370 2163 4423 spem
2196 4368 2346 4410 suam
2371 4353 2672 4420 constituit,
2706 4354 2862 4409 modo
2887 4369 3014 4409 vero
3047 4356 3212 4410 Deum
3245 4365 3360 4410 tan-
3430 4380 3433 4383 -

109 4460 205 4515 τοῦ
233 4458 500 4530 παρέχειν
554 4455 803 4527 βοήθειαν
832 4452 909 4525 τῷ
964 4451 1096 4505 ποτὲ
1137 4453 1234 4523 μὲν
1282 4452 1376 4505 ἐπὶ
1413 4453 1688 4524 χρήμασιν
1722 4446 1742 4452 “

1802 4464 1955 4520 quam
1986 4463 2134 4517 Spem
2173 4447 2272 4501 sibi
2303 4446 2553 4517 proponit
2584 4463 2599 4499 :
2632 4447 2726 4501 sed
2760 4455 2972 4514 oportet
3012 4456 3071 4501 ut
3129 4462 3256 4502 vere
3303 4449 3357 4503 in

111 4551 394 4623 ἡλπικότι,
424 4548 516 4603 καὶ
541 4547 664 4618 δόξῃ
707 4544 1021 4615 ἀνθρωπίνῃ
1063 4543 1157 4596 καὶ
1200 4542 1422 4613 δυνάμει
1453 4546 1519 4614 τῇ
1549 4542 1692 4596 κατά

110 4647 339 4716 κόσμον,
369 4643 500 4697 ποτὲ
551 4642 608 4695 δὲ
636 4641 796 4694 αὑτὸν
833 4639 907 4702 ὡς
955 4637 1143 4690 ἐλπίδα
1175 4637 1366 4690 ἐαυτοῦ
1408 4634 1520 4706 (46)
1561 4652 1694 4707 προ-

111 4733 449 4806 ϐαλλομένῳσ
509 4730 644 4785 ἀλλὰ
689 4731 771 4784 δεῖ
817 4727 1087 4799 ἀληθινῶς
1124 4725 1574 4781 ἐπαναπαύεσθαι
1621 4729 1688 4797 τῇ

113 4825 266 4897 παρὰ
293 4824 387 4877 τοῦ
419 4820 554 4875 Θεοῦ
586 4818 825 4891 βοηθείᾳ.
849 4818 956 4872 Kal
986 4816 1180 4881 ἔσται,
1212 4818 1365 4887 φησὶ.
1409 4815 1476 4870 τὸ
1514 4834 1693 4869 κατα-

107 4913 359 4983 λειφθὲν
404 4911 509 4965 τοῦ
571 4910 768 4966 Ἰακὼϐ
800 4909 897 4962 ἐπὶ
939 4905 1088 4961 Θεὸν
1139 4906 1445 4974 ἰσχύοντα,
1495 4905 1690 4973 Σαφῶς

179 5111 225 5143 ⁸⁷
252 5109 447 5166 Matth.
479 5125 540 5168 ιι.
571 5109 631 5163 Η
670 5124 791 5180 sqq.

176 5331 291 5403 (41)
318 5328 497 5403 Codex
525 5346 685 5403 unus,
706 5330 799 5403 τοῦ
825 5329 1031 5401 Κυρίου
1240 5321 1412 5394 Ἰησοῦ
1439 5316 1674 5393 Χριστοῦ

1802 5314 2030 5403 "sese;

106 5399 200 5458 ml.
243 5399 495 5479 Σωτῆρος
544 5401 698 5457 Θεοῦ.
742 5402 850 5456 Nec
870 5399 960 5479 _iia
1008 5399 1175 5479 uiuite
1222 5404 1339 5465 post
1382 5405 1490 5479 tres
1520 5405 1673 5474 ιιιεξ..

104 5473 305 5547 γράψει
335 5462 529 5558 adici):
544 5470 1030 5544 προσερχομένους.
1058 5468 1161 5521 Alii
1187 5462 1317 5529 tres,
1333 5462 1533 5533 γράψει
1552 5462 1678 5522 τοὺς

107 5558 600 5627 προσερχόμενους.
765 5612 777 5625 _
910 5611 926 5629 γ’
958 5609 970 5622 θ
1025 5625 1035 5643 ν

178 5615 294 5686 (42)
326 5616 416 5686 διο
438 5628 575 5686 mss.
610 5620 809 5686 nostri.
834 5610 972 5686 E_dtt|
1006 5623 1153 5686 vero,
1179 5606 1349 5686 γάρ.“
1374 5675 1402 5686 __
1434 5673 1447 5686 θ

178 5615 294 5738 (82)
326 5615 416 5665 Sic
447 5628 575 5666 mss.
610 5615 803 5666 nostri.
834 5615 972 5664 Ed'iti
1006 5623 1153 5672 vero,
1179 5615 1308 5678 γάρ.
1391 5675 1402 5685 1
1434 5673 1447 5686 θ

177 5685 269 5756 (45
326 5681 544 5752 Antiqui
567 5696 661 5738 sex
691 5680 832 5745 libri.
856 5677 1262 5753 Προστιθέντες.
1312 5675 1470 5743 Edttt,
1504 5671 1677 5746 Προσ-

869 5107 1037 5163 “Jer.
1071 5121 1207 5172 xvtt,
1239 5105 1293 5159 5.
1369 5105 1414 5137 ⁸³
1431 5105 1587 5159 Rom.
1622 5118 1698 5170 χι,
1724 5103 1780 5159 5.

1795 4542 1888 4595 Dei
1921 4538 2124 4593 auxilio
2157 4536 2587 4607 conquiescat”.
2614 4533 2680 4590 Et
2712 4537 2835 4601 erit,
2865 4536 3058 4606 inquit,
3087 4539 3356 4592 residuum

1791 4630 1957 4684 Iacob
1984 4631 2037 4682 in
2070 4628 2236 4682 Deum
2277 4627 2484 4696 fortem.
2524 4625 2649 4681 Haec
2677 4626 2963 4697 perspicue
2998 4627 3063 4680 ad
3098 4641 3191 4681 eas
3226 4629 3352 4683 reli-

1792 4723 1949 4791 quias
1972 4736 2108 4791 quas
2125 4718 2413 4788 Apostolus
2440 4718 2697 4787 reliquias
2720 4719 3011 4773 secundum
3034 4718 3354 4773 electionem

1792 4812 1976 4882 gratiae
2025 4818 2216 4867 vocat.
2263 4809 2594 4874 referuntur,
2629 4808 2706 4864 uti
2736 4808 2902 4863 verba
2932 4807 3213 4877 sequentia
3252 4808 3353 4864 de-

1793 4904 2019 4958 clarant.

1847 5385 1968 5457 (ti)!
2005 5385 2230 5457 Codices
2256 5399 2493 5457 omnes,
2532 5384 2654 5457 οῦδέ
2695 5384 2770 5457 μὴ
2820 5382 3202 5457 ἐφελπίσωσιν,
3249 5389 3346 5442 aut
3429 5388 3434 5392 ’

1776 5454 2159 5526 ἐπελπίσῳσιν.
2190 5456 2348 5520 Editi,
2370 5454 2491 5526 οὐδὲ
2519 5455 2593 5526 μὴ
2621 5454 2705 5508 ἔτι
2729 5454 3058 5526 ἐλπίσουσιν.

1845 5526 1958 5596 (45)
1993 5525 2139 5596 Unus
2165 5540 2229 5579 co
2251 5527 2355 5596 lex,
2397 5525 2489 5578 ἐπὶ
2522 5525 2633 5579 τόν.
2689 5526 2888 5580 Ibidem
2923 5525 3075 5593 editi,
3115 5525 3345 5583 Ἐπικα-

1774 5593 2245 5667 τάρατοςρὰνὴρ...
2280 5594 2439 5663 ἔχων.
2474 5597 2542 5667 At
2572 5609 2707 5667 m_ss.
2757 5608 2850 5650 sex
2880 5596 2959 5651 uti
2991 5596 3045 5652 in
3076 5609 3342 5654 contextu

1846 5663 1955 5738 (46)
1990 5663 2171 5755 Godei
2197 5667 2433 5734 quidam,
2467 5663 2660 5733 ἑαυτῷ.
