3810 6214
214 240 321 297 553
914 235 1273 292 COMMENT.
1316 233 1387 290 1N
1423 233 1662 294 ISAIAM
1697 232 1816 288 PM

1934 231 2143 289 ETAM.
2182 231 2338 290 CAP.
2379 232 2450 288 XI
2490 232 2579 288 ET
2622 231 2742 290 XII.
3380 230 3489 288 555

216 356 486 429 θάρσεωςο
514 357 571 410 αι
614 354 742 427 περ).
770 354 1019 426 ἱλασμοῦο
1059 356 1239 410 πάντα
1279 354 1589 427 συνετιμήθη
1634 355 1715 417 εἰς
1742 351 1804 405 ἓν

1933 370 1959 406 n
1991 367 2152 406 unam
2181 367 2447 408 summam
2475 352 2694 408 brevem
2733 349 3057 422 facilemque
3085 349 3397 416 observato,
3423 338 3491 407 ιιι

218 447 512 517 κεφάλαιον
564 446 738 518 βραχὺ
765 447 860 500 καὶ
905 447 1378 518 εὐπαρατήρητον,
1418 446 1495 509 ὡς
1537 443 1805 516 μηδεμίαν

1933 444 2018 497 Illa
2059 444 2145 506 iis,
2174 445 2264 513 qui
2312 458 2376 497 ex
2433 445 2746 513 put-scripto
2794 441 3075 513 Evangelii
3129 457 3237 505 nou
3275 442 3489 513 vivunt,

220 537 493 609 πρόφασιν
529 537 915 591 ὑπολείπεσθαι
942 539 1057 600 τοῖς
1091 538 1168 609 μὴ
1204 529 1641 609 πολιτευομένοις
1666 535 1810 589 κατὰ

1933 535 2188 592 excusatio
2216 536 2469 606 supersit.

218 625 280 680 τὸ
309 625 643 695 Εὐαγγέλιον

837 871 1241 928 ENARRATIO
1277 870 1347 925 IN
1384 823 1690 938 ΑΒΚ)υυῖ
1729 868 1914 925 LOCA
1945 868 2019 927 XI
2057 868 2148 927 ET
2188 869 2287 927 XII
2324 868 2604 927 CAPITIS
2641 869 2871 927 ISAIE.

1831 1038 1901 1056 ἀ

304 1170 436 1225 247.
471 1168 584 1223 Καὶ
611 1171 783 1224 ἔσται
813 1169 882 1223 ἐν
904 1167 977 1238 τῇ
1009 1168 1196 1238 ἡμέρᾳ
1222 1151 1424 1239 eam
1455 1172 1493 1238 ἠ
1523 1168 1659 1238 ῥίζα
1711 1168 1816 1222 τοῦ

2000 1169 2127 1223 247.
2174 1166 2364 1240 (Vens.
2426 1161 2553 1233 £0.)
2598 1159 2659 1215 Et
2710 1161 2804 1215 erit
2831 1161 2887 1214 in
2911 1159 2996 1213 die
3024 1158 3117 1212 illa
3140 1158 3296 1213 rudia:
3319 1157 3492 1229 Iesse,

236 1261 492 1329 Ἰεσσαὶ,
523 1261 625 1316 καὶ
654 1265 687 1315 ὁ
712 1261 1112 1331 ἀνιστάμενος
1137 1260 1356 1330 ἄρχειν’
1378 1261 1590 1316 ἐθνῶν.
1621 1262 1724 1314 Τὸν
1754 1263 1816 1315 ἐκ

1933 1276 1962 1315 rt
1984 1263 2073 1332 qui
2106 1260 2365 1328 exsurgit,
2408 1266 2464 1309 ut
2502 1257 2717 1325 imperet
2743 1253 3005 1324 gentibus.
3040 1248 3219 1305 Verba
3252 1250 3368 1306 haec
3393 1268 3493 1305 no-

223 1352 541 1423 σπέρματος
577 1351 742 1406 Δαϐὶδ
787 1351 1022 1425 Χριστὸν
1068 1350 1478 1421 εὐαγγελίζεται
1510 1355 1643 1424 ἡμῖν
1678 1356 1705 1407 ὁ
1726 1353 1817 1406 λό·

222 1459 341 1511 γος.
401 1444 490 1510 Ἐν
516 1443 625 1516 γάρ
680 1447 745 1516 τῇ
798 1443 982 1515 ἡμέρᾳ
1032 1444 1238 1516 ἐκείνῃ,
1273 1445 1552 1498 τουτέστιν
1584 1444 1817 1498 ἐπὶτῶν

224 1533 397 1588 πάλαι
436 1535 867 1607 προωρισμένων
897 1535 1105 1607 καιρῶν
1131 1535 1268 1606 (55),
1296 1537 1391 1591 καὶ
1418 1535 1568 1607 ἐντῷ
1594 1536 1815 1608 προδια-

222 1627 550 1698 τεταγμένῳ
579 1628 755 1699 χρόνῳ
787 1627 940 1682 ἔσται
979 1631 1012 1700 ἡ
1052 1629 1178 1701 ῥίζα
1215 1628 1307 1682 τοῦ
1359 1629 1579 1684 Ἰεσσαί.
1618 1629 1810 1682 Ἀλλα-

224 1718 328 1793 χοῦ
360 1720 461 1792 μὲν
490 1720 683 1791 ῥάϐδον
734 1719 883 1788 λέγει
927 1720 993 1774 ἐκ
1027 1720 1129 1789 τῆς
1184 1718 1343 1791 ῥίζης
1373 1718 1673 1779 ἁνατελεῖν,
1722 1718 1817 1771 καὶ

223 1811 394 1875 ἄνθος
423 1813 489 1865 ἐκ
516 1814 614 1883 τῆς
662 1811 819 1883 ῥίζης
871 1811 968 1864 τοῦ
1025 1811 1225 1866 Ἰεσσαὶ
1263 1811 1656 1883 ἀναϐήσεσθαι,
1718 1812 1818 1883 τὴν

226 1902 434 1972 ῥάϐδον
493 1904 586 1957 ἐπὶ
632 1903 734 1974 τῆς
765 1903 945 1975 ἀρχῆς
984 1903 1300 1975 λαμϐάνων,
1325 1904 1386 1958 τὸ
1412 1905 1471 1958 δέ
1497 1904 1679 1968 ἄνθος,
1726 1903 1819 1957 ἐπὶ

221 1995 335 2065 τῆς
369 1995 672 2067 ἐπεράστου
725 1996 819 2049 καὶ
861 1997 996 2049 πᾶσι
1046 1995 1452 2068 κεχαρισμένης
1500 1996 1815 2067 ἐπιδημίας·

223 2088 331 2143 καὶ
362 2089 445 2142 ὅτι
474 2087 743 2159 ἐνβραχεῖ
770 2086 866 2158 τὴν
897 2087 1057 2159 χάριν
1093 2087 1508 2159 παρασχόμενος
1536 2087 1637 2158 τῆς
1667 2090 1821 2140 ἐναν-

226 2180 594 2253 θρωπήσεως,
642 2183 886 2249 ταχεῖαν,
937 2179 1033 2234 καὶ
1057 2179 1222 2232 οἱονεὶ
1254 2179 1555 2251 παροδικὴν
1584 2182 1821 2232 ποιεῖται

222 2274 335 2344 τὴν
386 2272 699 2343 ἐπιδημίαν·
750 2269 1065 2325 ἐνταῦθαδέ
1104 2271 1259 2343 ῥίζαν
1307 2269 1456 2339 λέγει
1481 2269 1576 2322 τοῦ
1625 2271 1823 2323 Ἰεσσαὶ

225 2361 481 2417 ἔσεσθαι.
509 2361 754 2433 Πρόσχες
774 2361 874 2431 τῷ,
908 2363 1136 2417 Ἔσται.
1166 2362 1299 2432 Οὐχί
1332 2379 1486 2432 φησι,
1521 2361 1692 2428 Δόξει·
1731 2362 1823 2414 οῦ-

223 2455 318 2518 δὲ,
352 2454 631 2525 Δόξει(5ιί)
659 2450 820 2518 εἷναι,
861 2452 1155 2508 ἀλλὰκατά
1181 2453 1460 2526 ἀλήθειαν,
1488 2455 1724 2508 "Eatur.
1747 2453 1822 2506 Οὐ

225 2544 348 2615 γὰρ
413 2543 704 2615 φαντασίᾳ,
763 2543 883 2597 οὐδὲ
935 2544 1112 2614 οἰήσει
1151 2543 1251 2615 τὴν
1289 2543 1489 2614 σάρκα,
1524 2544 1638 2597 ἀλλ’
1684 2544 1821 2614 αὐτῇ

226 2633 470 2705 ἀληθείᾳ
491 2633 770 2687 ἀνέλαϐεν.
810 2635 1024 2688 Ἔσται
1072 2629 1165 2687 οὖν
1197 2635 1235 2701 ἡ
1260 2632 1393 2701 ,ῥίζα
1435 2633 1541 2687 τοῦ
1581 2634 1821 2687 Ἰεσσαί·

223 2726 506 2789 τουτέστι,
562 2724 625 2779 τὸ
660 2724 890 2797 φύραμα
934 2724 1035 2796 τῆς
1082 2725 1283 2797 σαρκὸς
1324 2726 1387 2778 τὸ
1439 2724 1548 2779 ἀπὸ
1604 2725 1823 2785 Ἰεσσαὶ,

226 2818 394 2871 ἔσται
428 2815 571 2870 κατὰ
597 2817 877 2888 ἀλήθειαν,
908 2819 1399 2889 καὶὺποστήσεται.
1425 2818 1537 2872 Καὶ
1561 2819 1589 2871 ὁ
1614 2819 1830 2873 ἀνιστά-

232 2925 427 2979 μενος,
465 2908 630 2972 αῦτὸς
673 2907 785 2979 (55)
839 2910 935 2963 καὶ
971 2907 1096 2980 ῥίζα
1121 2909 1213 2962 καὶ
1248 2910 1649 2980 ἀνιστάμενος..
1672 2907 1826 2973 Ῥίζα

1918 1353 2004 1407 bis
2037 1352 2319 1406 Christum
2369 1348 2698 1401 anmtntiaut
2726 1359 2791 1397 ex
2830 1343 3047 1397 Davidis
3071 1341 3279 1397 semine
3303 1341 3491 1396 oriun-

1915 1443 2066 1496 dum.
2103 1440 2398 1494 Enimvero
2422 1438 2475 1491 in
2511 1436 2599 1489 die
2638 1434 2751 1501 illa,
2778 1434 2882 1487 hnc
2902 1441 3008 1495 est.
3039 1431 3093 1486 in
3121 1440 3363 1502 tempore
3379 1433 3494 1502 jam

1917 1533 2127 1603 pridem
2181 1530 2486 1600 praestituto
2510 1541 2575 1581 ac
2624 1525 2913 1595 przelinito,
2967 1524 3076 1577 erit
3119 1523 3276 1578 radix
3314 1521 3493 1580 Iesse.

1918 1623 2056 1677 Alibi
2083 1622 2300 1693 quidem
2335 1620 2465 1675 dicit
2492 1620 2700 1689 virgam
2739 1632 2803 1669 ex
2839 1616 3022 1670 radice
3048 1629 3168 1670 esse
3192 1616 3494 1680 orituram,

1917 1728 1971 1770 et
2005 1714 2191 1769 ﬂorem
2225 1728 2290 1768 ex
2325 1713 2505 1767 radice
2533 1709 2687 1765 Jesse
2721 1724 3112 1771 ascensurum,
3150 1710 3230 1763 sic
3259 1717 3318 1762 ut
3345 1708 3495 1763 acci-

1916 1808 2257 1879 piatvirgam
2302 1820 2401 1874 pro
2438 1804 2704 1872 imperio,
2742 1812 2797 1855 et
2833 1800 3023 1855 ﬂorent
3053 1814 3154 1871 pro
3192 1799 3367 1870 ipsius
3398 1800 3500 1853 atl-

1921 1905 2085 1951 ventu
2129 1909 2389 1965 perquam
2426 1892 2641 1946 amabili
2687 1899 2745 1945 et
2784 1892 3038 1945 omnibus
3068 1890 3414 1961 gratissimo;
3442 1898 3500 1943 et

1919 1987 2045 2057 quia
2078 2000 2245 2057 prope
2268 1985 2412 2039 diem
2439 1993 2557 2037 erat
2584 1982 2884 2038 collaturus
2916 1982 3310 2037 incarnationis
3333 1982 3501 2038 bene-

1921 2081 2102 2135 ﬁcium
2125 2121 2143 2147 ,
2175 2080 2401 2133 exhibet
2449 2078 2739 2131 adventum
2784 2075 3015 2130 celerem
3038 2113 3054 2139 ,
3088 2082 3143 2130 et
3178 2076 3333 2145 quasi
3377 2083 3500 2130 tan-

1924 2182 2034 2227 tum
2069 2188 2173 2227 non
2203 2180 2527 2242 praesentem
2557 2187 2570 2222 :
2606 2168 2696 2223 hic
2725 2181 2855 2222 vero
2879 2168 2956 2221 ait
2989 2166 3227 2222 futuram
3264 2179 3386 2222 esse
3406 2183 3500 2220 ra-

1925 2265 2095 2321 dicem
2126 2262 2301 2319 Jesse.
2333 2261 2597 2316 Attendas
2636 2259 2795 2314 velim
2840 2259 2965 2313 huic
3005 2257 3161 2324 voci,
3208 2255 3348 2311 Erit.
3381 2256 3497 2311 Nu

1925 2358 2046 2411 ait:
2082 2356 2403 2420 Videbitur;
2443 2367 2658 2422 neque,
2701 2350 2985 2406 Videbitur
3013 2365 3166 2415 esse,
3210 2351 3304 2404 sed
3348 2364 3499 2413 vere,

1926 2447 2067 2503 Erit.
2099 2448 2214 2502 Non
2247 2446 2391 2502 enim
2416 2445 2715 2500 secundum
2748 2443 2983 2513 speciem
3013 2451 3106 2495 aut
3132 2441 3494 2497 existimatio-

1927 2557 2080 2604 nem,
2133 2540 2226 2594 sed
2271 2553 2330 2593 re
2379 2536 2492 2607 ipsa
2542 2534 2708 2607 568
2752 2549 2973 2590 carnem
3009 2534 3327 2602 assumpsit.
3378 2531 3504 2588 Erit

1927 2633 2092 2703 igitur
2132 2630 2287 2684 rudia:
2330 2628 2516 2692 Iesse,
2562 2630 2663 2681 hoc
2699 2635 2821 2690 est,
2876 2626 3199 2693 conspersio
3226 2624 3408 2678 carnis
3435 2638 3507 2679 ex

1926 2721 2079 2777 Jesse
2104 2723 2384 2789 desumpta
2406 2758 2423 2785 ,
2457 2718 2565 2772 erit
2601 2731 2729 2771 vere
2750 2755 2766 2777 .
2800 2725 2965 2785 atque
2997 2715 3276 2770 subsistet.
3318 2716 3385 2769 Et
3411 2717 3505 2784 qui

1927 2815 2211 2885 exsurgit,
2255 2814 2370 2882 ipse
2413 2821 2468 2866 et
2504 2811 2659 2865 radix
2692 2823 2993 2879 exsurgens
3023 2818 3130 2865 cst.
3158 2808 3254 2863 Est
3285 2808 3503 2879 quidem

1932 2905 2085 2960 radix
2120 2904 2297 2970 Jesse,
2318 2902 2518 2974 quippe
2542 2900 2685 2968 quod
2711 2914 2779 2954 ex
2813 2901 2959 2968 regia
3001 2899 3347 2954 successione
3375 2912 3507 2953 caro

229 2999 337 3054 τοῦ
402 3001 620 3054 ’1εσσαί’
656 3001 738 3054 ὅτι
781 3004 848 3054 ἐκ
902 3000 1187 3071 βασιλικῆς
1237 3001 1545 3074 διαδοχῆςή
1573 3000 1816 3074 θεοφόρος

1933 2996 2136 3053 deifera
2195 3002 2475 3065 assumpta
2533 2993 2652 3047 sit:
2684 2992 2929 3061 exsurgit
2973 3006 3126 3055 vero,
3170 3000 3230 3045 ut
3277 2991 3507 3060 imperet

235 3091 385 3164 σὰρξ
417 3092 790 3163 προσελήφθη.
833 3092 890 3146 Ὀ
929 3091 987 3145 δὲ
1024 3093 1383 3164 ἀνιστάμενος
1410 3094 1599 3165 ἄρχειν
1633 3093 1825 3151 ἐθνῶν.

234 3185 346 3239 Διὰ
373 3184 533 3238 τοῦτο
558 3183 629 3237 τὰ
669 3183 798 3254 ἔθνη
828 3184 915 3238 ἐπ’
953 3184 1114 3238 αὐτὸν
1143 3184 1390 3256 ἤλπισεν,
1419 3184 1495 3248 ὡς
1527 3184 1685 3254 δῆλον
1721 3185 1830 3239 ἀπὸ

234 3276 346 3347 τῆς
376 3278 435 3328 ἐν
458 3276 571 3339 τοῖς
598 3275 775 3329 ἔθνεσι
797 3275 893 3329 τοῦ
922 3275 1158 3348 Χριστοῦ
1205 3274 1832 3347 Ἐκκλησίας.Ἀναστάς

236 3366 451 3437 γὰρ’ἐκ
481 3367 713 3437 νεκρῶν,
746 3362 883 3438 ἦρξε
917 3366 1025 3420 τῶν
1048 3366 1239 3433 ἐθνῶν,
1263 3366 1581 3421 καταλιπὼν
1614 3366 1704 3421 τὸν
1728 3385 1828 3437 φο-

235 3458 341 3511 νέα
370 3457 521 3510 λαόν.
567 3458 825 3523 Ἐκείνοις
857 3458 954 3529 μὲν
979 3458 1088 3530 γάρ
1116 3459 1205 3512 τὸν
1245 3457 1473 3511 θάνατον
1497 3459 1828 3529 περιαφῆκε,

237 3550 363 3612 τοῖς
392 3549 450 3601 δὲ
485 3549 662 3602 ἔθνεσι
689 3549 788 3620 τὴν
814 3550 1111 3603 ἀνάστασιν
1137 3549 1447 3621 ἐχαρίσατο.
1478 3550 1626 3603 Διότι
1650 3552 1698 3604 οἱ
1732 3551 1832 3621 μὲν

240 3640 505 3714 ἔκραζονο
572 3641 991 3710 Σταυρωθήτω·
1046 3642 1161 3698 καὶ.
1218 3642 1287 3694 Τό
1343 3636 1489 3711 αἷμα
1515 3640 1702 3696 αὐτοῦ
1737 3642 1830 3711 ἐφ’

240 3734 432 3804 ἡμᾶς,
467 3733 567 3786 καὶ
619 3733 719 3785 ἐπὶ
750 3732 823 3786 τὰ
850 3733 1030 3786 τέκνα
1052 3731 1239 3801 ἡμῶν
1280 3734 1329 3785 οἱ
1358 3733 1415 3785 δὲ
1452 3733 1700 3799 ἐδέξαντο
1737 3734 1831 3788 τὸν

241 3824 687 3896 ἐσταυρωμένον,
744 3824 839 3878 καὶ
881 3824 961 3895 τῷ
1009 3825 1202 3891 αἵματι
1246 3823 1411 3877 αὐτοῦ
1449 3823 1832 3896 ἐλυτρώθησαν

240 3918 361 3971 ἀπὸ
374 3915 469 3970 τοῦ
490 3915 744 3970 θανάτου.
770 3916 877 3970 Καὶ
896 3917 1088 3980 ἔσται,
1108 3915 1295 3985 φησὶν,
1312 3914 1351 3982 ἡ
1376 3913 1720 3981 ἀνάπαυσις
1736 3916 1835 3969 αὐ-

242 4009 359 4063 τοῦ
391 4009 552 4077 τιμή.
604 4007 755 4078 Λῦτη
784 4009 817 4079 ἡ
844 4006 1080 4079 Χριστοῦ
1124 4008 1446 4073 ἀνάπαυσις,
1490 4010 1524 4071 ή
1555 4007 1690 4080 τιμὴ
1718 4007 1831 4079 (56)

240 4100 361 4154 τῶν
384 4099 666 4169 τιμώντων
682 4098 845 4152 αὐτὸν
877 4099 952 4161 ὼς
979 4098 1152 4167 Λόγον
1172 4098 1328 4163 Θεοῦ,
1360 4098 1454 4151 καὶ
1470 4098 1660 4168 σοφίαν
1672 4095 1830 4161 Θεοῦ,

242 4191 347 4245 καὶ
365 4189 616 4260 δύναμιν.
664 4190 724 4241 '0
753 4187 1050 4242 ἀναπαύων
1080 4186 1174 4241 τόν
1190 4189 1445 4262 Χριστὸν,
1466 4189 1719 4260 ὁμολογεῖ
1739 4189 1834 4241 αὐ-

243 4280 348 4336 τοῦ
377 4278 477 4350 τὴν
510 4278 646 4348 πρὸς
686 4276 780 4330 τὸν
811 4277 1176 4349 γεγεννηκότα
1207 4278 1369 4332 αὐτὸν
1395 4278 1707 4348 ὁμοτιμίαν·
1730 4277 1831 4348 τῆς

243 4371 413 4435 ἀξίας
428 4369 527 4439 τὴν
549 4368 852 4423 κοινωνίαν’
880 4367 981 4437 τῆς
1012 4366 1228 4437 φύσεως
1257 4366 1353 4437 τὴν
1378 4367 1438 4434 ἐξ
1462 4367 1634 4422 ἀϊδίου
1657 4365 1835 4439 ῦπαρ-

246 4460 358 4528 ξιν.
390 4460 458 4513 υἱ
478 4459 536 4512 δὲ
560 4457 929 4530 μεριμνῶντες
949 4457 1004 4510 τι
1030 4457 1140 4510 τῶν
1174 4458 1311 4530 πρὸς
1338 4458 1564 4529 ἀτιμίαν
1593 4457 1706 4527 (57)
1735 4459 1834 4529 ρη-

249 4553 445 4625 μάτων
478 4550 791 4622 ἐξεύρωσιν,
821 4549 882 4602 οὑ
902 4548 970 4603 τὰ
991 4548 1127 4621 πρὸς
1144 4549 1454 4602 ἀνάπαυσιν
1478 4549 1573 4602 τοῦ
1594 4548 1831 4619 Χριστοῦ

244 4643 600 4716 φθέγγονται.
632 4642 863 4696 Δύναται
904 4641 1152 4713 μέντοιγε
1197 4642 1231 4712 ἡ
1281 4642 1587 4704 ἀνάπαυσις
1618 4639 1835 4711 λαμϐά-

244 4735 461 4800 νεσθαι,
504 4732 580 4805 μὴ
614 4732 772 4803 μόνον
823 4733 891 4804 ἣν
945 4732 1106 4795 αὐτὸς
1133 4732 1474 4788 ἀναπαύεται
1519 4733 1672 4786 παοά
1725 4731 1835 4785 τῶν

327 4912 965 4978 ³⁸⁸⁸Μιιιιιι.ιινιι,25.
1040 4912 1087 4944 τι
1112 4911 1242 4966 ibid.
1269 4911 1361 4966 es.
1437 4907 1672 4962 πιὼν.
1704 4906 1856 4971 1.24.

322 5068 585 5143 (55)__Sic
629 5081 840 5124 veteres
885 5068 1123 5143 quinque
1161 5065 1480 5143 lihri._l§diti
1523 5080 1669 5143 vero,
1704 5063 1818 5143 ἐπὶ

242 5134 342 5266 ἷὲί
387 5134 556 5193 πάλαι
611 5134 1008 5220 προωρισμένῳ
1040 5134 1282 5218 καιρῷ..
1316 5136 1441 5217 Mog
1488 5136 1652 5199 editi,
1718 5134 1818 5215 μὲν

313 5228 365 5265 ν.
423 5209 626 5264 Vocula
675 5206 769 5262 οὖν
821 5225 873 5263 tu
924 5222 1053 5262 mss.
1113 5223 1217 5259 non
1271 5215 1558 5260 Invenitur.
1613 5204 1819 5259 Sublu-

313 5228 365 5265 ν.
432 5221 626 5264 Vocula
675 5221 769 5262 οῦν
821 5225 873 5263 Ill
924 5222 1053 5262 lllSS.
1113 5223 1217 5259 11011
1271 5221 1558 5260 ιηνριιιιιιν.
1613 5221 1784 5259 DUDIII

244 5282 332 5364 με.
369 5281 609 5348 quinque
661 5294 817 5343 mss.,
867 5276 1025 5347 ῥίζης
1053 5275 1381 5330 ἀνατέλλειν.
1424 5275 1584 5340 Editi,
1614 5276 1815 5328 ἀνατε-

242 5347 434 5485 λεῖνέι)
480 5416 555 5471 Ita
610 5432 742 5472 mss.
782 5431 990 5473 omnes.
1051 5415 1213 5478 Editi,
1271 5414 1427 5485 Οὐχὶ,
1467 5415 1621 5485 φασὶν
1662 5414 1811 5481 δόξετ’

238 5488 369 5543 οὐδέ
413 5485 562 5559 δόξῃ,
600 5486 1374 5559 ‘baudg'emeudatchStatim
1427 5485 1561 5552 Reg.
1611 5489 1815 5559 primus

237 5566 316 5699 ἓξ
345 5555 690 5629 εόίιί,”αύτῇ
746 5556 993 5629 ἀληθείᾳ.
1058 5555 1162 5611 Alii
1218 5556 1452 5626 quinque
1509 5570 1668 5621 tnss.,
1717 5555 1816 5608 αὺ-

319 5644 367 5680 ν.

531 5718 785 5779 Ρηιιοι
843 5721 886 5773 Γ
901 5738 963 5780 n.
1001 5714 1212 5780 XXX.

1929 3090 2197 3160 gentibus.
2236 3088 2365 3142 Eam
2411 3086 2482 3141 ob
2521 3099 2744 3140 causam
2777 3085 2828 3137 in
2865 3085 2985 3151 ipso
3019 3097 3169 3150 spem
3216 3098 3370 3138 suam
3417 3098 3504 3138 re-

1929 3195 2162 3253 posuere
2187 3188 2399 3250 gentes,
2424 3177 2502 3230 uti
2542 3192 2608 3231 ex
2650 3176 2852 3231 Christi
2885 3175 3125 3230 Ecclesia
3152 3176 3294 3230 inter
3316 3185 3509 3247 gentes

1931 3272 2168 3326 stabilita
2221 3279 2392 3341 patet.
2448 3269 2742 3339 Postquam
2791 3268 2935 3322 enim
2985 3281 3016 3320 a
3059 3266 3288 3322 mortuis
3318 3283 3507 3321 resur-

1935 3364 2110 3428 rexit,
2159 3362 2431 3418 homicida
2463 3360 2666 3432 populo
2703 3360 2988 3424 derelicto,
3039 3359 3325 3427 imperium
3358 3358 3509 3413 obti—

1933 3459 2052 3511 nuit
2080 3458 2135 3511 in
2164 3465 2377 3527 gentes.
2410 3455 2521 3511 lllis
2543 3455 2760 3525 quidem
2803 3453 3020 3522 reliquit
3041 3462 3292 3516 mortem,
3328 3455 3509 3523 genti-

1932 3550 2034 3604 bus
2062 3564 2193 3602 vero
2225 3548 2450 3618 largitus
2473 3555 2557 3603 est
2582 3548 3043 3602 resurrectionem
3077 3566 3091 3601 :
3129 3544 3397 3614 siquidem
3430 3544 3509 3601 illi

1932 3641 2270 3696 clamabant:
2294 3639 2655 3709 Cruciﬁgatur
2677 3638 2767 3669 ¹·³⁵
2791 3653 2805 3704 ;
2832 3636 2960 3691 item
2988 3654 3001 3690 :
3028 3636 3260 3705 Sanguis
3275 3637 3388 3706 ejus
3412 3652 3511 3692 su—

1932 3750 2025 3800 per
2072 3749 2167 3787 nos
2191 3772 2206 3796 ,
2238 3743 2286 3786 et
2322 3749 2479 3797 super
2519 3731 2660 3801 ﬁlios
2707 3740 2909 3785 nostros
2934 3731 2980 3762 “
3010 3743 3027 3784 :
3061 3729 3116 3784 hi
3147 3744 3277 3787 vero
3326 3731 3510 3786 cruci-

1936 3825 2098 3878 lixum
2131 3837 2423 3893 suscepere
2444 3862 2461 3887 ,
2494 3832 2661 3892 atque
2714 3822 2884 3892 ipsius
2922 3821 3189 3892 sanguine
3222 3836 3253 3876 a
3284 3832 3512 3893 peccato

1935 3912 2146 3967 liberati
2195 3922 2343 3967 sunt.
2386 3912 2455 3967 Et
2502 3913 2638 3980 erit,
2686 3912 2900 3981 inquit,
2941 3914 3141 3982 requies
3168 3912 3283 3982 ejus
3319 3914 3508 3969 honor.

1933 4005 2061 4059 Haec
2087 4005 2293 4060 Christi
2327 4004 2544 4074 requies
2577 4005 2752 4059 honor
2791 4013 2871 4059 est
2899 4042 2916 4063 .
2947 4004 3017 4060 ab
3048 4004 3115 4060 iis
3140 4004 3390 4072 delatus,
3416 4007 3512 4076 qni

1937 4099 2112 4169 ipsum
2160 4100 2432 4153 honorant
2463 4107 2717 4166 tanquam
2755 4095 2847 4150 Dei
2885 4094 3118 4151 Verbum
3140 4136 3156 4160 ,
3193 4099 3395 4166 Deique
3422 4114 3512 4153 sa-

1934 4188 2194 4257 pientiam
2246 4195 2301 4241 et
2349 4187 2605 4240 virtutem
2632 4186 2702 4239 ³⁷.
2751 4183 2854 4251 Qui
2900 4184 3168 4240 refocillat
3207 4185 3507 4253 Christum.

1936 4294 2058 4334 eum
2099 4292 2219 4333 esse
2246 4276 2398 4331 Patri
2436 4278 2644 4332 honore
2677 4285 2733 4330 et
2766 4274 3050 4343 majestate
3081 4290 3290 4346 parem,
3327 4279 3509 4348 digni-

1940 4378 2213 4439 talemque
2243 4367 2531 4437 utriusque
2577 4378 2921 4421 communem
2969 4380 3091 4421 esse
3113 4406 3129 4430 ι
3163 4375 3219 4422 ει
3256 4375 3507 4424 naturam

1932 4462 2218 4530 utriusque
2242 4460 2312 4513 ab
2334 4469 2542 4513 sterno
2565 4457 2867 4512 subsistere
2889 4456 3202 4513 conﬁtetur.
3222 4458 3266 4513 E
3290 4459 3509 4517 diverso

1932 4552 2022 4620 qui
2055 4552 2176 4619 plus
2203 4562 2360 4617 aequo
2409 4546 2654 4611 sollicitl,
2702 4545 2884 4616 aliqua
2928 4548 3096 4601 verba
3144 4549 3510 4617 excogitarint

1933 4645 2002 4698 ad
2038 4641 2393 4712 ignominiam
2423 4638 2771 4704 inurendam,
2800 4638 2963 4692 iidem
2991 4654 3054 4694 ea
3078 4654 3198 4709 quae
3217 4642 3284 4696 ad
3305 4641 3508 4699 ChriSti

1936 4735 2179 4803 requiem
2215 4740 2503 4803 spectant,
2544 4743 2652 4785 non
2694 4727 3010 4799 loquuntur.
3054 4730 3294 4803 Requies
3321 4741 3510 4790 autem

1999 5062 2109 5132 (35)
2136 5061 2301 5125 Editi,
2330 5060 2359 5114 ὁ
2383 5060 2570 5124 αὐτός.
2615 5059 2721 5132 Sed
2743 5061 2797 5114 in
2826 5059 3026 5116 nostris
3070 5075 3169 5116 sex
3194 5076 3327 5120 mss.
3357 5063 3509 5117 deest

1925 5131 2202 5187 articulus.
2243 5132 2396 5186 Hunc
2449 5132 2626 5187 locum
2683 5131 3128 5199 iuterpunximus
3184 5132 3283 5194 ita,
3333 5134 3412 5185 uti
3450 5134 3505 5187 iu

1925 5218 2056 5259 mss.
2113 5204 2517 5271 interpunctum
2554 5201 2879 5255 invenimus.
2936 5201 3060 5255 Alia
3101 5212 3221 5255 erat
3260 5203 3313 5256 in
3341 5203 3505 5256 editis

1922 5273 2308 5337 interpunctio.

2014 5341 2103 5413 56)
2137 5342 2227 5395 Sic
2251 5357 2385 5396 mss.
2405 5354 2612 5395 omnes.
2649 5338 2812 5402 Editi,
2842 5338 2992 5409 Αὕτη
3014 5340 3168 5393 ἐστὶν
3196 5340 3230 5412 ἠ
3264 5339 3506 5413 Χριστοῦ

1917 5413 2221 5483 ἀνάπαυσις
2248 5413 2305 5465 ἐν
2324 5414 2479 5483 τιμῇ.

1991 5483 2102 5553 (57)
2132 5473 2292 5545 Editi,
2324 5473 2549 5553 ἀτιμίαν
2582 5480 2873 5552 φερόντων.
2910 5480 3025 5538 Vox
3056 5482 3327 5552 posterior
3348 5494 3379 5534 a
3409 5473 3515 5535 no;

1922 5556 2052 5608 atris
2080 5566 2172 5608 sex
2200 5568 2329 5607 mss.
2356 5555 2530 5607 abest.

3095 5707 3171 5773 13
