3810 6214
285 342 395 400 555

1236 332 1588 390 APPENDIX
1627 328 1918 388 OPERUM
1960 328 2019 384 S.
2060 327 2309 385 BASILII
2350 328 2590 387 MAGNI.

3444 326 3555 385 55G

283 467 465 530 potest
512 454 686 524 accipi
734 468 842 510 non
895 451 1057 508 modo
1089 464 1188 520 pro
1221 465 1287 505 ea
1334 450 1522 518 requie
1556 488 1571 516 ,
1601 462 1709 518 qua
1744 447 1859 519 ipse

1977 443 2291 509 ῑοξαζόντων
2323 443 2487 497 αὐτὸν
2535 444 2565 497 ό
2597 442 2820 513 Κύριος,
2859 440 2998 496 ἀλλὰ
3029 439 3125 495 καὶ
3150 441 3219 513 ἣν
3243 414 3554 499 ἀναπαύσει

283 548 549 605 Dominus
572 546 847 602 reiovetur
870 543 1049 607 abiis,
1074 542 1164 614 qui
1191 541 1368 612 ipsum
1391 538 1564 612 gloria
1589 534 1854 603 alliciunt,

283 650 474 691 verum
505 635 667 690 etiam
700 648 798 703 pro
836 647 923 697 ea,
963 645 1071 702 qua
1104 629 1390 698 diligentes
1423 642 1482 683 se
1520 634 1605 682 est
1643 639 1862 681 recrea-

283 733 463 790 turus,
502 725 644 779 sicut
678 722 941 792 scriptum
986 728 1070 776 est
1113 737 1128 775 :
1181 718 1453 787 Quoniam
1487 731 1587 789 ego
1625 716 1859 786 diligen-

286 825 368 871 tes
391 829 476 870 me
501 813 742 885 gloriﬁco
767 814 836 867 ³⁸.
889 810 1130 881 Requies
1155 809 1421 880 siquidem
1453 823 1562 879 qua
1600 807 1864 864 refovebit

291 909 576 972 Dominus,
609 907 787 961 honor
812 913 896 959 est
925 903 1207 975 qui,juxta
1227 902 1431 974 justum
1452 901 1547 956 Dei
1570 900 1857 971 judicium,

286 1013 388 1068 pro
419 1007 670 1054 actorum
697 997 894 1052 merito
919 996 1285 1067 impertietur.
1319 993 1473 1049 Alios
1495 995 1639 1049 enim
1668 990 1863 1061 majori

287 1087 496 1145 honore
526 1089 860 1159 dignabitur,
899 1086 1032 1140 alios
1053 1100 1186 1141 vero
1214 1084 1411 1141 minori
1442 1102 1458 1140 :
1488 1085 1686 1154 quippe
1708 1084 1863 1139 stella

288 1195 320 1235 a
353 1179 513 1235 stella
560 1178 744 1235 differt
792 1179 846 1232 in
900 1177 1072 1248 gloria
1093 1176 1160 1231 ".
1208 1176 1275 1231 Et
1326 1177 1455 1245 quia
1509 1175 1692 1231 multa:
1725 1175 1867 1229 'sunt

290 1272 429 1340 apud
459 1271 678 1333 Patrem
727 1270 1041 1324 mansiones
1061 1268 1130 1334 ω,
1160 1266 1294 1322 alios
1324 1267 1391 1338 .in
1433 1275 1574 1323 statu
1604 1276 1867 1336 praestan-

297 1365 438 1418 tiore
466 1372 520 1417 et
555 1362 773 1427 altiore,
803 1363 943 1416 alios
979 1360 1032 1415 in
1064 1359 1330 1415 inferiore
1368 1358 1718 1414 refocillabit.
1759 1357 1868 1413 Sed

300 1453 548 1509 fruentur
580 1468 771 1508 omnes
808 1453 994 1521 requie
1022 1452 1075 1506 in
1107 1455 1337 1506 honore.

357 1544 484 1600 248.
513 1543 699 1618 (Vsus.
729 1542 842 1615 Η.)
876 1541 943 1596 Ει
974 1543 1074 1597 erit
1103 1543 1157 1596 in
1183 1544 1267 1597 die
1297 1540 1414 1609 illa,
1441 1540 1655 1611 adjiciet
1682 1539 1838 1595 Domi
1850 1570 1868 1580 -

291 1656 390 1696 nus
421 1637 690 1693 ostendere
722 1651 935 1689 manum
972 1651 1146 1692 suam.
1196 1632 1388 1691 Manus
1430 1633 1644 1689 Domini
1675 1647 1734 1688 se
1761 1632 1872 1686 sin-

291 1732 432 1804 gulis
453 1731 705 1786 aetatibus
739 1727 953 1782 diverse
981 1727 1221 1783 ostendit
1252 1741 1351 1798 per
1383 1741 1498 1793 eos,
1522 1726 1614 1798 qui
1639 1725 1868 1780 mirabi-

1956 538 2085 599 τοὺς
2117 535 2448 606 ἀγαπῶντας
2478 534 2662 599 αὑτὸν,
2712 533 2855 589 κατὰ
2904 534 2966 587 τὸ
3006 533 3413 606 γεγραμμένον,
3468 534 3590 588 ὅτι

1973 626 2114 696 Ἐγὼ
2142 626 2269 691 τοὺς
2298 625 2399 697 ἐμὲ
2425 624 2755 695 ἀγαπῶντας
2791 623 3015 691 δοξάζω.
3037 626 3191 678 Ἐστι
3219 623 3329 696 γὰρ
3355 626 3390 696 ή
3422 624 3555 679 ἀνάο

1963 737 2186 784 παυσις,
2212 720 2280 791 ἢν
2310 717 2615 772 ἀναπαύσει
2640 719 2667 770 ό
2697 717 2921 788 Κύριος,
2951 717 3105 788 τιμὴ,
3126 716 3246 786 ἥτις
3276 714 3416 785 μετὰ
3444 716 3549 784 τὴν

1961 812 2364 883 δικαιοκρισίαν
2393 808 2488 864 τοῦ
2524 808 2660 863 Θεοῦ
2714 807 2851 879 πρὸς
2875 806 2974 878 τὴν
3005 806 3114 860 τῶν
3141 805 3552 877 πεπραγμένων

1962 901 2121 968 ἀξίαν
2147 899 2626 972 διανεμηθήσεται.
2659 899 2893 970 Τιμήσει
2918 897 3027 969 γὰρ
3061 897 3188 961 τοὺς
3214 896 3315 966 μὲν
3340 896 3555 967 μείζοσι

1960 995 2166 1063 τιμαῖς,
2190 993 2315 1055 τοὺς
2335 991 2392 1044 δὲ
2442 990 2879 1060 ὑποδεεστέραις,
2905 988 3092 1060 ἐπειδὴ
3125 988 3300 1059 ἀστὴρ
3324 987 3555 1056 ἀστέρος

1962 1081 2210 1154 διαφέρει
2246 1083 2305 1134 ἐν
2331 1081 2480 1153 δόξῃ.
2512 1081 2623 1134 Καὶ
2648 1078 2837 1151 ἐπειδὴ
2871 1078 3065 1133 πολλαὶ
3104 1079 3264 1149 μοναὶ
3289 1078 3440 1148 παρὰ
3471 1075 3553 1148 τῷ

1963 1173 2161 1244 Πατρὶ,
2219 1175 2348 1237 τοὺς
2400 1173 2498 1244 μὲν
2532 1175 2589 1227 ἐν
2617 1170 3013 1244 ὑπερεχούσαις
3043 1172 3139 1223 καὶ
3191 1168 3554 1240 ὑψηλοτέραις

1964 1263 2355 1330 καταστάσεσι,
2413 1263 2540 1327 τοὺς
2570 1262 2628 1316 δὲ
2657 1264 2714 1315 ὲν
2766 1261 3181 1332 ὐποδεεστέραις
3225 1260 3549 1315 ἀναπαύσει.

1966 1354 2173 1416 Πάντες
2203 1353 2387 1423 μέντοι
2415 1352 2501 1405 διὰ
2530 1354 2701 1424 τιμῆς
2730 1350 2830 1422 τὴν
2860 1350 3169 1405 ἀνάπαυσιν
3206 1349 3441 1416 ἕξουσιν.

2035 1530 2161 1586 248.
2195 1530 2303 1585 Kal
2345 1530 2519 1584 ἕσται
2539 1530 2608 1584 ἐν
2628 1525 2704 1599 τῇ
2739 1529 2929 1599 ἡμέρᾳ
2953 1528 3175 1597 ἐκείνῃ,
3209 1526 3551 1596 προσθήσει

1967 1622 2181 1690 Κύριος
2206 1619 2313 1673 τοῦ
2345 1618 2535 1683 δεῖξαι
2575 1618 2689 1686 τὴν
2714 1618 2881 1687 χεῖρα
2915 1616 3124 1671 αὑτοῦ.
3172 1616 3310 1687 Χεὶρ
3342 1615 3550 1686 Κυρίου

1968 1712 2242 1784 διαφόρως
2274 1711 2487 1782 ἐδείχθη
2516 1710 2636 1764 καθ’
2666 1710 2901 1781 ἑκάστην
2925 1707 3119 1778 γενεὰν
3149 1706 3239 1760 διὰ
3266 1706 3374 1758 τῶν
3396 1705 3554 1758 δυνα-

292 1797 424 1874 iium
452 1816 877 1886 ,eﬂiciendorum
911 1815 1021 1871 vim
1072 1823 1129 1871 et
1173 1797 1484 1871 facultatem
1523 1797 1720 1884 capere
1766 1829 1863 1883 po-

1977 1801 2146 1873 μένων
2193 1801 2442 1873 χωρῆσαι
2475 1800 2574 1872 τὴν
2604 1802 2883 1886 ἐνέργειαν
2909 1799 3019 1853 τῶν
3046 1797 3380 1869 θαυμασίων.
3407 1797 3553 1868 Πρό-

295 1917 537 1963 tuerunt.
557 1906 803 1963 Primum
830 1907 1047 1978 quidem
1070 1905 1238 1961 edidit
1260 1905 1503 1977 prodigia
1529 1905 1581 1960 in
1601 1905 1862 1977 Egypto,

291 1999 487 2054 deinde
520 1998 573 2054 in
607 2012 825 2065 eremo,
858 2006 972 2052 tum
1005 2005 1166 2051 aetate
1196 1994 1324 2052 .lesu
1352 1995 1449 2052 lilii
1493 1995 1676 2059 Nave.
1704 1996 1862 2051 deni-

293 2105 399 2161 que
430 2099 673 2162 tempore
692 2089 936 2160 judicum
998 2097 1055 2143 et
1086 2090 1500 2160 prophetarum,
1535 2089 1626 2158 qui
1647 2102 1866 2157 magna-

290 2189 413 2235 rum
440 2196 619 2237 rerum
655 2179 888 2237 minisrri
922 2178 1263 2234 exstiterunt.
1309 2177 1467 2236 Nunc
1512 2190 1692 2236 autem
1748 2196 1866 2234 ma-

294 2287 398 2327 nus
430 2272 641 2328 Domini
678 2270 892 2327 ostendi
926 2269 1132 2326 dicitur
1171 2270 1225 2324 in
1258 2271 1495 2327 adventu
1526 2273 1697 2327 nostri
1732 2272 1866 2327 Ser-

294 2364 535 2431 vatoris,
581 2362 827 2419 morbum
859 2375 1111 2424 omnem,
1144 2376 1471 2433 omnemque
1522 2362 1701 2432 populi
1753 2363 1868 2417 lan-

293 2467 517 2523 guorem
568 2461 623 2507 et
656 2451 1032 2506 inﬁrmitatem
1085 2452 1367 2519 curantis,
1424 2466 1490 2508 ac
1536 2465 1599 2507 ea
1634 2468 1753 2522 quae
1812 2454 1866 2509 in

293 2543 589 2616 Evangelia
616 2543 912 2614 praedicata
940 2552 1108 2609 sunt,
1136 2543 1489 2613 perﬁcientis.
1520 2542 1653 2598 Nam
1688 2543 1870 2599 Domi-

292 2649 398 2689 nus
432 2634 658 2704 insuper
707 2633 850 2690 hanc
899 2635 1157 2690 virtutem
1194 2633 1470 2700 ostendit,
1521 2635 1666 2705 quod
1715 2635 1868 2706 signa

294 2726 476 2798 priora
503 2725 883 2794 inobsequenti
924 2726 1122 2797 populo
1150 2725 1218 2781 ad
1266 2725 1357 2781 Dei
1393 2727 1752 2796 cognitionem
1776 2728 1869 2783 de-

294 2817 542 2874 ducendo
568 2817 702 2873 satis
728 2817 897 2874 fuisse
925 2819 1038 2873 visa
1073 2832 1180 2874 non
1212 2816 1340 2871 sint.
1376 2814 1445 2871 Ut
1467 2816 1601 2872 zelet
1630 2818 1869 2873 relictum

293 2909 564 2964 residuum
595 2907 799 2978 populi.
832 2909 964 2962 Eam
993 2907 1063 2964 ob
1098 2921 1215 2961 rem
1255 2904 1510 2976 adiiciet,
1556 2917 1617 2963 ut
1648 2923 1869 2964 manum

292 3001 567 3068 ostendat,
613 3010 676 3055 ut
715 3000 782 3055 ad
811 3000 986 3055 zelum
1032 3000 1294 3070 perducat
1324 2990 1599 3055 residuum
1642 3000 1868 3070 populi:

1965 1907 2123 1964 τερον
2158 1893 2258 1963 μὲν
2282 1891 2391 1963 γὰρ
2414 1890 2485 1944 τὰ
2506 1875 2770 1963 τερόῖστια
2804 1888 3003 1954 ἔδειξεν
3032 1890 3090 1942 ὲν
3126 1887 3405 1956 Αἰγύπτῳο
3425 1882 3551 1941 εἶτα

1965 1985 2023 2038 ἐν
2066 1985 2134 2055 τῇ
2178 1984 2393 2055 ἐρήμῳ·
2430 1977 2548 2035 εἶτα
2572 1981 2715 2037 κατὰ
2747 1983 2873 2045 τοὺς
2910 1980 3005 2034 τοῦ
3048 1978 3224 2049 Ἰησοῦ
3252 1978 3345 2032 τοῦ
3389 1977 3549 2049 Ναυῆ

1963 2075 2209 2147 χρόνουςο
2270 2070 2388 2127 εἶτα
2439 2072 2581 2127 κατὰ
2631 2074 2759 2137 τοὺς
2810 2071 3042 2145 Κριτὰς,
3096 2069 3291 2125 καὶτὰ
3336 2068 3551 2140 μεγάλα

1962 2167 2454 2240 διακονησαμένους
2511 2165 2817 2238 προφήτας.
2874 2163 2992 2217 Νῦν
3048 2162 3105 2215 δὲ
3169 2162 3291 2236 χεὶρ
3334 2161 3548 2233 Κυρίου

1962 2261 2273 2315 δείκνυσθαι
2336 2257 2553 2328 λέγεται
2603 2257 2744 2311 κατὰ
2796 2255 2896 2326 τὴν
2946 2253 3244 2325 ἐπιδημίαν
3293 2251 3387 2307 τοῦ
3432 2253 3550 2306 Σω-

1963 2355 2128 2426 τῆρος
2177 2357 2210 2425 ἡ
2221 2353 2370 2424 μῶν,
2434 2353 2614 2406 πᾶσαν
2659 2349 2815 2403 νόσον
2865 2348 2958 2402 καὶ
3017 2349 3199 2401 πᾶσαν
3272 2344 3551 2417 μαλακίαν

1967 2444 2361 2517 θεραπεύοντος
2414 2444 2474 2495 ἐν
2523 2440 2600 2511 τῷ
2648 2439 2784 2512 λαῷ,
2820 2440 2915 2492 καὶ
2961 2438 3242 2501 ποιοῦντος
3278 2437 3348 2490 τὰ
3383 2437 3441 2488 ὲν
3468 2434 3552 2505 τῷ

1966 2533 2285 2604 Εὑαγγελίῳ
2341 2529 2749 2602 κεκηρυγμένα.
2802 2528 3021 2599 Ταύτην
3081 2527 3191 2599 γὰρ
3232 2526 3330 2599 τὴν
3386 2525 3552 2581 δύνω-

1970 2641 2063 2695 μιν
2119 2621 2459 2694 προσέθηκεν
2514 2622 2543 2674 ὁ
2599 2619 2803 2692 Κύριος
2858 2619 3051 2686 δεῖξαι,
3080 2617 3266 2689 ἐπειδὴ
3314 2617 3382 2671 τὰ
3412 2632 3553 2689 προ-

1967 2714 2201 2768 λαὸόντα
2255 2715 2356 2767 οὐκ
2406 2711 2580 2783 ἐφάνη
2639 2711 2886 2782 αὐτάρκη
2940 2709 3077 2781 πρὸς
3133 2708 3198 2761 τὸ
3259 2709 3554 2777 ὲναγαγεῖν

1969 2808 2050 2869 είς
2112 2805 2211 2876 τὴν
2277 2802 2607 2871 θεογνωσίαν
2665 2800 2758 2853 τὸν
2815 2798 3149 2854 ἀπειθοῦντα
3211 2797 3361 2851 λαόν.
3428 2798 3553 2853 Τοῦ

1970 2897 2229 2967 (iudicat
2272 2896 2339 2950 τὸ
2383 2893 2780 2963 καταλειφθὲν
2832 2892 3170 2947 ὑπόλοιπον
3207 2890 3314 2945 τοῦ
3365 2891 3547 2944 λαοῦ.

1970 2991 2073 3046 Διὰ
2131 2990 2290 3045 τοῦτο
2343 2987 2644 3061 προσθήσει
2698 2984 2799 3056 τὴν
2863 2985 3023 3056 χεῖρα
3066 2980 3257 3048 δεῖξαι,
3328 2982 3414 3035 ἵνα
3465 2984 3549 3044 είς

300 3108 443 3166 quas
474 3093 740 3164 reliquias
788 3093 866 3148 ait
909 3094 978 3149 ab
1016 3092 1263 3149 hostibus
1302 3091 1597 3147 incolumes
1620 3107 1866 3162 perman-

1977 3082 2133 3156 ζῆλον
2197 3080 2381 3154 ἀγάγῃ
2433 3078 2542 3150 (58)
2595 3076 2657 3131 τὸ
2707 3076 2996 3130 ὑπόλοιπον
3051 3073 3147 3128 τοῦ
3202 3073 3353 3128 λαοῦ·
3407 3074 3552 3145 ὅπερ

1977 3175 1989 3193 κ
2039 3174 2079 3193 η
2273 3172 2416 3193 \1----
2479 3166 2613 3193 ,ιω
2671 3168 2769 3193 2._1
2821 3168 2929 3193 _.-...
2981 3166 3256 3193 _.\-._r....
3307 3181 3516 3193 _.-....

295 3187 457 3241 sisse.
508 3183 650 3252 Quin
696 3193 752 3241 et
792 3184 1200 3241 multitudinem
1233 3199 1445 3251 eorum,
1475 3184 1568 3254 qui
1605 3185 1739 3255 ipsis
1761 3187 1873 3242 bel-

299 3278 409 3332 lum
442 3277 711 3343 intulere,
743 3286 1017 3342 recenset,
1048 3277 1328 3349 Assyriam
1353 3315 1370 3342 ,
1404 3276 1693 3350 Egyptum
1713 3319 1729 3343 ,
1761 3279 1868 3335 Ba-

293 3369 546 3443 bylonem
567 3409 583 3436 ,
625 3368 917 3441 Ethiopas
943 3368 1136 3441 569,
1167 3368 1430 3424 Eiamitas
1449 3408 1465 3436 ,
1493 3368 1719 3439 populos
1742 3369 1869 3428 solis

294 3460 525 3516 orientis
549 3460 761 3532 plagam
792 3459 1115 3525 incolentes,
1146 3469 1204 3516 et
1242 3460 1475 3516 Arabas.
1506 3460 1746 3517 llistoria
1772 3478 1869 3517 au-

295 3560 404 3605 tem
434 3552 521 3607 his
567 3550 811 3607 conferta
855 3560 961 3608 est.
992 3551 1083 3607 Ait
1110 3552 1329 3621 quidem
1378 3552 1444 3607 de
1482 3551 1864 3624 IEtliiOpibus:

293 3639 474 3696 Exivit
500 3640 665 3696 Ζαταὶ
690 3640 945 3713 Ait/tiam
973 3642 1031 3695 in
1057 3642 1267 3709 virtute,
1293 3651 1341 3696 et
1363 3642 1419 3696 in
1450 3642 1594 3697 mille
1615 3644 1866 3711 millibus,

292 3744 343 3788 et
374 3735 616 3789 curribus
659 3735 922 3789 trecentis.
965 3733 1033 3788 Et
1066 3749 1304 3804 egressus
1348 3744 1424 3790 est
1463 3733 1572 3789 Asa
1603 3736 1660 3790 in
1685 3752 1870 3790 occur-

293 3840 431 3890 sum,
480 3833 529 3878 et
582 3824 828 3878 clamavit
857 3825 925 3877 ad
957 3823 1274 3893 Dominum,
1298 3835 1364 3881 ‘et
1393 3826 1532 3881 dixit
1570 3844 1589 3882 :
1623 3827 1867 3895 Domine,

294 3934 399 3972 non
430 3926 508 3972 est
546 3916 848 3986 impossible
880 3916 1021 3984 apud
1066 3927 1116 3972 te
1154 3919 1360 3973 salvere
1400 3919 1457 3974 in
1491 3919 1675 3976 multis
1724 3932 1771 3976 et
1814 3922 1869 3976 in

291 4009 497 4079 paucis.
558 4006 856 4064 Corrobora
894 4024 1011 4066 nos.
1046 4007 1269 4064 Domine
1316 4007 1459 4066 Deus
1489 4021 1682 4082 noster,
1735 4030 1869 4085 quo-

294 4101 436 4153 niam
479 4100 535 4155 in
577 4111 627 4152 te
678 4099 1106 4168 conﬁdimnsnt
1147 4100 1205 4155 in
1248 4101 1459 4156 nomine
1507 4111 1597 4156 tuo
1638 4105 1868 4159 renimus

291 4190 540 4246 adversus
568 4189 957 4245 multitudinem
980 4189 1265 4261 plurimam
1296 4192 1453 4247 hanc.
1481 4192 1705 4248 Domine
1728 4193 1867 4249 Deus

1971 3174 2218 3245 λείψανον
2273 3172 2423 3242 λέγει
2475 3166 2617 3224 εἶναι
2667 3168 2773 3223 ἀπὸ
2820 3168 2929 3222 τῶν
2980 3166 3256 3237 πολεμίων
3306 3181 3550 3236 περισω-

1969 3266 2080 3323 θέν.
2135 3265 2247 3318 Καὶ
2300 3260 2694 3334 ἀπαριθμεῖται
2744 3258 2806 3312 τὸ
2838 3257 3044 3328 πλῆθος
3068 3258 3174 3311 τῶν
3199 3254 3552 3325 πολεμησάν-

1965 3374 2095 3422 των,
2162 3354 2450 3425 Ἀσσυρίαν
2475 3350 2611 3423 (59),
2659 3349 2753 3404 καὶ
2803 3349 3099 3418 Αἴγυπτον,
3157 3348 3252 3401 καὶ
3292 3345 3552 3399 Βαϐυλω-

1967 3448 2106 3512 νίαν,
2149 3445 2432 3509 Αίθίοπας,
2481 3443 2578 3497 καὶ⁸
2612 3439 2906 3512 Ἐλαμίτας
2944 3441 3038 3494 καὶ
3082 3440 3207 3502 τοὺς
3238 3438 3345 3492 ἀπὸ
3393 3437 3550 3509 ἡλίου

1966 3536 2239 3592 ἀνατολῶν
2262 3575 2277 3601 ,
2328 3535 2424 3589 κα)⁸
2479 3532 2748 3604 Ἀρασας.
2803 3530 3026 3601 Πλήρης
3077 3529 3112 3599 ἡ
3161 3527 3391 3598 ἱστορία,
3443 3542 3547 3578 πε·-

1971 3632 2027 3704 pl
2083 3630 2181 3702 μὲν
2223 3627 2496 3682 Αἰθιόπων
2539 3625 2790 3694 λέγουσα,
2829 3624 2913 3676 ὅτι
2983 3620 3238 3690 Ἐξῆλθε
3279 3619 3463 3688 Zapal
3510 3621 3546 3673 ό

1966 3723 2184 3792 Αἰθίοψ
2208 3721 2277 3774 ὲν
2316 3717 2586 3788 δυνάμει,
2626 3715 2726 3769 real
2760 3714 2987 3784 χιλίαις
3015 3710 3267 3781 χιλιάσι,
3306 3710 3408 3764 καὶ
3437 3709 3547 3779 ἄρ·-

1963 3829 2114 3885 μασι
2153 3810 2534 3882 τριακοσίοις.
2565 3807 2674 3862 Kal
2711 3803 2968 3873 ἐξῆλθεν
3012 3801 3158 3857 Ἀσὰ
3201 3803 3285 3866 εις
3324 3800 3549 3856 συνάν-

1967 3922 2163 3976 τησιν,
2215 3903 2316 3958 καὶ
2346 3902 2565 3970 ἐϐόησε
2585 3898 2733 3967 πρὸς
2755 3898 2993 3965 Κύριον,
3035 3895 3133 3948 καί
3164 3890 3313 3947 εἷπε·
3340 3895 3547 3960 Κύριε,

1967 3999 2079 4053 οὐκ
2113 3994 2401 4052 ἀδυνατεῖ
2418 3991 2575 4062 παρὰ
2611 3989 2709 4045 σοὶ
2743 3986 2953 4048 σώζειν
2982 3985 3053 4039 ἐν
3074 3983 3325 4050 πολλοῖς
3353 3983 3453 4040 real
3472 3983 3552 4037 ἐν

1968 4091 2209 4161 ὀλίγοις.
2252 4085 2639 4152 Κατίσχυσον
2679 4079 2856 4150 ἡμᾶς,
2891 4077 3064 4146 Κύριε
3099 4077 3131 4128 ὁ
3170 4073 3315 4138 Θεὸς
3350 4070 3545 4142 ἡμῶν,

1968 4185 2058 4238 ὅτι
2087 4182 2185 4236 ἐπὶ
2206 4178 2306 4234 σοὶ
2338 4176 2723 4243 πεποίθαμεν,
2754 4171 2854 4226 καὶ
2881 4169 2981 4223 ἐπὶ
3013 4165 3094 4231 τῷ
3122 4165 3369 4233 ὀνόματί
3423 4178 3569 4217 σονκ

295 4291 489 4347 noster,
525 4297 629 4335 non
661 4280 942 4351 prrevaleat
973 4256 1250 4336 adversum
1284 4288 1333 4335 te
1366 4283 1520 4337 homo
1544 4282 1612 4340 “.
1658 4284 1866 4354 Assyrii

1977 4279 2232 4349 ἤλθομεν
2274 4271 2373 4327 ἐπὶ
2407 4270 2475 4325 τὸ
2523 4266 2759 4337 πλῆθος
2799 4262 2866 4318 τὸ
2891 4259 3049 4317 πολὺ
3082 4259 3278 4354 τοῦτο.
3312 4256 3489 4326 Κύριε
3509 4256 3547 4309 ὁ

290 4388 423 4428 vero
440 4347 823 4428 cosabduxere
842 4373 894 4426 in
913 4373 1280 4441 captivitatem
1299 4372 1380 4439 ";
1407 4374 1475 4428 ab
1503 4372 1657 4428 initio
1676 4375 1731 4428 in
1753 4347 1866 4431 ser-

1977 4347 2114 4436 Θεὸς
2145 4366 2331 4438 ἡμῶν,
2373 4363 2458 4434 μὴ
2486 4354 2905 4429 ωτισχυσάτω
2935 4351 3085 4421 πρὸς
3111 4350 3187 4405 σὲ
3211 4347 3546 4441 ἄνθρωπος.

290 4464 518 4520 vitutcm
535 4478 629 4520 eos
644 4448 899 4520 addixere
914 4440 1156 4535 Egyptii
1179 4463 1247 4529 ”,
1280 4472 1335 4521 et
1363 4464 1863 4521 Nabuchodonosor

1978 4459 2251 4531 Ἀσσύριοι
2289 4456 2345 4509 δὲ
2375 4450 2516 4526 ἦσαν
2546 4451 2597 4504 οί
2642 4444 3181 4519 αἰχμαλωτεύσαντες
3200 4459 3214 4473 ’
3250 4440 3347 4494 καὶ
3374 4440 3548 4509 Αίγύ-

293 4569 389 4611 rex
412 4553 700 4626 Babylonis
725 4555 967 4625 captivos
992 4531 1087 4611 eos
1118 4555 1274 4611 duxit
1293 4554 1361 4610 “.
1401 4554 1647 4610 Elamitae
1677 4566 1854 4612 autem

1977 4570 2109 4608 ττιοι
2137 4552 2186 4605 οί
2213 4547 2272 4613 ἐξ
2302 4545 2477 4619 ἀρχῆς
2495 4539 3053 4610 καταδουλωσάμενοι,
3086 4531 3546 4626 καὶγΝαϐουχοδοα

290 4654 418 4702 sunt
444 4622 611 4717 genus
632 4622 969 4710 Parthicum,
996 4644 1141 4715 quod
1179 4659 1304 4700 cum
1341 4643 1533 4700 incolis
1562 4644 1860 4716 Mesopota-

1977 4647 2119 4716 νόσορ
2150 4641 2258 4696 ἀπὸ
2287 4640 2389 4709 τῆς
2418 4632 2787 4697 Βαϐυλωνίας.
2838 4631 3121 4700 Ἐλαμῖται
3144 4625 3202 4717 δέ
3235 4625 3342 4717 alat
3454 4623 3547 4690 γέ-

291 4736 413 4793 mia:
441 4713 615 4809 éyria‘.
661 4736 716 4792 in
751 4713 1028 4794 lsraelem
1048 4752 1155 4793 non
1215 4750 1341 4791 raro
1379 4735 1598 4792 invasit.
1650 4713 1858 4794 Arabes

1977 4752 2051 4799 ro;
2076 4713 2182 4787 τῶν
2204 4727 2555 4802 Παρθυαίων,
2579 4725 2611 4778 ὃ
2643 4724 2753 4796 (60)
2787 4720 2925 4793 μετὰ
2964 4718 3075 4771 τῶν
3097 4715 3205 4809 ἀπὸ

289 4805 508 4885 tandem
563 4843 698 4900 gens
744 4828 975 4894 bellica,
1015 4828 1164 4884 nullo
1209 4841 1316 4882 non
1361 4838 1606 4898 tempore
1646 4828 1861 4887 lsraelis

1977 4826 2229 4898 τοταμίας
2253 4823 2454 4895 Συρίας
2478 4818 2735 4881 πολλάκις
2771 4813 2994 4868 ἐπέθετο
3013 4809 3092 4881 τῷ
3130 4805 3546 4900 Ἰσραήλ-’Δρα-

287 4922 472 4978 hostes
504 4920 677 4978 fuere.
721 4918 820 4977 His
858 4921 1025 4990 igitur
1059 4919 1313 4976 omnibus
1360 4933 1624 4989 generoso
1666 4925 1857 4980 semini

1977 4919 2053 4984 ἲες
2094 4894 2154 4972 δὲ
2185 4894 2345 4980 ἔθνος
2359 4912 2638 4985 πολέμιον,
2679 4906 2861 4962 πάντα
2891 4904 2983 4956 τὸν
2997 4900 3189 4974 χρόνον
3220 4894 3544 4990 ἐκπολεμώ-

286 5013 483 5070 bellum
520 5012 848 5071 facientibus
863 4987 1003 5079 ,ﬁaiii
1035 4987 1617 5077 vincunturivincunt
1646 5012 1760 5070 alii.
1798 5017 1861 5071 Et

1977 5028 2118 5066 ιενον
2146 5008 2227 5081 τῷ
2280 5006 2517 5080 Ἰσραήλ.
2553 5003 2780 5059 Πάντων
2808 4994 2903 5054 οὖν
2923 4995 3126 5050 τούτων
3158 4987 3543 5060 πολεμούντων

281 5104 412 5176 quia
454 5103 716 5159 exstitere
752 5078 1023 5169 victores,
1065 5100 1339 5171 nullisque
1379 5099 1656 5159 laboribus
1696 5117 1860 5161 exer-

1977 5103 2032 5176 τῷ
2057 5078 2268 5173 εὐγενεῖ
2301 5078 2598 5172 σπέρματι,
2624 5096 2676 5148 οί
2718 5093 2817 5166 μὲν
2844 5087 3132 5162 ἡττῶνται,
3163 5086 3211 5137 οἱ
3242 5081 3298 5135 δὲ
3330 5078 3547 5151 περιγί-

356 5229 458 5308 sel
492 5230 696 5308 Begu"
720 5270 737 5296 ,
1011 5227 1197 5308 ng.
1231 5244 1323 5293 xv,
1368 5230 1461 5285 41.
1489 5301 1504 5308 _
1530 5230 1584 5308 ξ’
1615 5229 1771 5293 Joan.
1795 5255 1866 5293 xu

1977 5279 1987 5294 .
2061 5239 2104 5272 “
2134 5235 2178 5294 Il
2210 5235 2391 5291 Paral.
2421 5248 2535 5300 xw,
2565 5230 2724 5288 9-H.
2797 5228 2844 5260 ι’
2881 5223 2949 5282 lV
2972 5223 3110 5293 Reg.
3136 5235 3230 5284 xv,
3257 5215 3362 5284 29;
3395 5229 3543 5285 xvn,

280 5304 334 5360 6.
415 5302 462 5335 δ’
501 5297 672 5358 Exod.
701 5317 758 5366 ι,
782 5301 873 5354 14.
946 5299 994 5332 ⁸⁸
1023 5297 1089 5355 ιν
1117 5299 1251 5372 Reg.
1287 5316 1438 5365 χιιι,
1483 5301 1575 5361 14.

358 5458 490 5536 (38)⁸
508 5456 649 5536 Εςιὶιί
677 5466 734 5514 et
760 5456 895 5525 Reg.
919 5455 1156 5527 primus,
1176 5455 1449 5529 ἁναγάγῃ.
1475 5454 1580 5509 Alii
1611 5454 1853 5525 quinque

1977 5451 2171 5536 ξυρίαν,
2201 5451 2358 5505 bene.
2394 5447 2517 5505 Mox
2564 5454 2779 5503 veteres
2827 5451 2939 5501 tres
2965 5441 3113 5507 libri,
3158 5439 3537 5509 Βαϐυλωνίαν,

280 5525 439 5588 ωδε..
459 5525 669 5600 ἀγάγῃ.
923 5525 940 5527 “
1296 5525 1303 5526 “
1373 5525 1377 5526 ⁷
1401 5525 1429 5529 ’⁷

355 5599 469 5670 (59)
489 5603 667 5670 (judex
682 5669 686 5670 ν
702 5598 795 5670 Fr.
824 5597 877 5662 1,
896 5596 1321 5670 πολεμησάντων
1338 5593 1671 5670 Ἀσσυρίων(
1687 5609 1849 5665 quam

1977 5525 2260 5576 llOtortiav.

1977 5662 1984 5670 _
2031 5591 2141 5662 (δυ)
2171 5587 2311 5670 Eii.“
2340 5598 2394 5641 ει
2416 5587 2546 5670 κει·
2582 5586 2827 5670 primus...
2848 5580 3535 5670 °‘{-.A'§i_‘!9i'1‘t“?."_'§§:v

282 5649 403 5723 mi;
424 5649 961 5724 malam—lectionem
1006 5649 1246 5722 secutum
1292 5664 1458 5721 fuisse
1503 5649 1847 5719 ’l‘ilmau'num
1957 5660 2006 5728 ὃ,
2031 5649 2193 5729 recie.
2223 5649 2523 5729 Aliquanto
2540 5649 2659 5729 post
2699 5655 2852 5721 editi,
2884 5651 2977 5706 τὸν
3011 5649 3247 5722 Ἰσραήλ.
3290 5652 3358 5704 At
3394 5651 3533 5707 mss.

282 5753 425 5805 aegre
448 5735 941 5798 tertCombeiisius.
962 5737 1316 5802 Aliiquinoue
1343 5745 1542 5793 mss.et
1561 5734 1850 5798 editi.‘As—
1957 5725 2073 5795 ses,
2096 5728 2173 5795 τῶ
2203 5725 2443 5794 Ἰσραήλ.
