3810 6214
208 368 304 425 557
897 361 1256 419 COMMENT.
1297 361 1364 417 IN
1402 360 1639 420 ISAIAM
1676 362 1712 418 P

1939 363 2121 424 ΞΤΑΜ.
2159 365 2314 421 CAP.
2354 365 2426 422 ιιι
2466 365 2557 423 ET
2585 367 2702 424 XII.
3338 377 3443 434 558

210 505 401 551 νονται,
454 484 547 539 καὶ
592 483 684 538 διὰ
724 483 787 536 ea
824 483 1228 556 περιγενέσθαι,
1289 484 1384 538 καὶ
1439 486 1500 538 ὲν
1561 484 1714 538 πολλε

1941 488 2027 541 Lati
2076 486 2258 552 fuere,
2304 488 2451 543 velut
2489 489 2768 558 cuj‘usdam
2807 491 3015 560 prtemli
3046 491 3169 550 loco
3205 493 3259 550 id
3301 497 3445 551 acci-

208 581 379 643 ιτόνοις
419 574 815 647 γεγυμνάσθαι,
866 572 976 629 οἷόν
1010 593 1064 628 τι
1105 572 1267 630 ἆθλον
1305 577 1644 648 λαμϐάνουσι
1675 595 1712 631 τ

1939 587 2029 632 unt
2071 579 2444 644 additam’cnti,
2485 590 2543 634 ut
2584 595 2803 636 manum
2856 580 2953 638 Dei
2992 586 3344 655 conspicuam
3379 603 3443 643 ac

207 668 511 742 προσθήκην
526 666 799 738 θεωρῆσαι
815 666 912 737 τῆς
927 665 1108 719 δεικνυ
1117 666 1285 737 μένης
1298 667 1478 738 χειρὸς
1492 667 1585 720 τοῦ
1613 666 1711 721 Geo

1938 671 2221 728 anilestam
2250 673 2609 741 conspiciant.
2639 672 2977 744 Quapropter
3002 678 3164 732 etiam
3208 688 3327 749 post
3355 696 3442 736 res

205 760 288 814 Διὸ
312 761 404 814 καὶ.
426 758 655 830 ζηλωτοὶ
692 757 904 810 ἔσονται
933 756 1072 828 μετά
1090 757 1189 821 τὰς
1216 759 1496 829 ἀριστείας
1523 760 1617 812 καὶ
1645 776 1705 812 το

1935 763 2088 817 rtiter
2127 773 2307 832 gestas
2336 772 2391 817 et
2440 763 2652 819 labores
2699 767 3007 823 exautlatos
3046 769 3245 824 invidia
3295 772 3439 843 digni

205 855 408 916 πόνους.

1870 863 2033 909 erunt
2065 862 2228 925 atque
2264 856 2625 913 aemulatione.

268 948 385 1002 249.
426 946 539 1001 Καί
569 944 716 1015 ἀρεῖ,
750 944 905 1015 φησὶ,
940 943 1192 1013 σημεῖον
1239 946 1327 1009 είς
1357 943 1428 997 τὰ
1468 943 1632 1011 ἔθνη,
1670 942 1769 996 καί

1940 945 2062 1000 249.
2088 947 2272 1017 (Vens.
2303 945 2417 1017 12.)
2441 946 2511 1001 Et
2531 948 2719 1002 levabit
2739 989 2756 1013 ,
2782 949 2977 1019 inquit,
3003 952 3210 1022 signum
3236 955 3291 1008 in
3320 971 3442 1024 gen-

203 1036 443 1101 συνάξει
494 1036 635 1102 τοὺς
686 1034 1103 1105 ἀπολομένους
1164 1033 1423 1104 Ἰσραὴλ,
1482 1033 1580 1087 καὶ
1629 1049 1707 1086 τοι

1934 1055 1967 1103 ι,
2001 1049 2048 1092 et
2074 1040 2408 1108 congregabit
2436 1041 2669 1105 perditos
2705 1040 2899 1106 Israel,
2929 1053 2976 1096 et
3007 1044 3266 1113 dispersos
3290 1046 3324 1101 ,Ι
3334 1049 3438 1101 uda

201 1127 666 1197 διεσπαρμένους
687 1126 791 1180 τοῦ
832 1125 1019 1181 Ἰούδα
1042 1123 1295 1189 συνάξει
1327 1125 1395 1178 ἐκ
1414 1123 1533 1177 τῶν
1550 1136 1705 1177 τεσσ

1935 1131 2204 1201 ngregabit
2265 1147 2331 1185 ea;
2380 1142 2612 1201 quatuor
2662 1133 2761 1188 alis
2818 1142 2991 1191 terra.
3050 1135 3235 1207 Itaque
3283 1141 3437 1196 radix

195 1236 311 1289 ρων
327 1220 632 1288 πτερύγων
658 1217 769 1286 τῆς
794 1217 925 1288 γῆς.
966 1219 1030 1270 Ἢ
1062 1212 1155 1271 οὖν
1193 1216 1317 1289 ῥίζα
1348 1215 1441 1303 τού
1491 1214 1699 1278 Ἰεσσαὶε

1935 1238 2041 1288 sse,
2070 1239 2164 1279 seu
2210 1227 2301 1296 qui
2354 1229 2595 1297 exsnrgit
2637 1230 2703 1283 ad
2753 1230 3133 1301 imperandum
3161 1234 3435 1303 gentibus,

201 1311 425 1373 ἀναστὰς
440 1311 535 1362 ἐπὶ
562 1308 639 1379 τῷ
661 1308 771 1379 (61)
800 1308 987 1380 ἄρχειν
1008 1307 1118 1360 τῶν
1137 1305 1328 1371 ἐθνῶν,
1357 1301 1509 1369 οὗτος
1533 1306 1658 1375 ἀρεῖ
1678 1321 1705 1357 σ

1934 1331 1957 1372 t:
1999 1317 2088 1372 ille
2116 1314 2264 1373 tollet
2299 1319 2512 1390 signum
2545 1323 2687 1376 inter
2716 1331 2938 1392 gentes,
2985 1333 3045 1379 ut
3073 1325 3107 1379 ii
3147 1301 3237 1394 qui
3265 1329 3438 1396 peric-

201 1406 341 1475 μεῖον
365 1404 444 1466 εἰς
464 1401 535 1456 τὰ
566 1402 714 1471 ἔθνη,
740 1402 830 1456 ἵνα
849 1400 1187 1471 συναχθῶσιν
1206 1400 1251 1453 οἱ
1272 1399 1632 1469 ἀπολλύμενοι
1653 1397 1705 1469 (6

1936 1416 1993 1461 ιιι
2032 1424 2098 1464 ex
2129 1409 2313 1476 Israel,
2370 1413 2426 1466 in
2472 1428 2636 1467 unum
2668 1425 3048 1486 aggregentur.
3093 1418 3244 1473 Venit
3288 1423 3432 1477 enim

198 1497 283 1551 τοῦ
321 1496 556 1567 Ἰσραήλ.
595 1491 786 1551 Ἦλθε
823 1496 933 1565 γὰρ
972 1498 1004 1548 ὀ
1037 1493 1169 1560 Υἱὸς
1195 1494 1301 1547 τοῦ
1326 1491 1638 1561 ἀνθρώπου
1668 1490 1702 1552 ζῖ

1932 1499 2040 1552 Elius
2079 1500 2304 1556 hominis
2345 1517 2610 1572 quwrere,
2649 1515 2696 1557 et
2728 1505 2931 1559 salvum
2966 1507 3139 1577 facere
3173 1512 3314 1564 auod
3346 1530 3436 1578 pe-

199 1584 365 1665 τῆσαέ
410 1587 507 1642 καὶ
560 1583 753 1639 σῶσαι
778 1583 846 1637 τὸ
893 1583 1230 1649 ἀπολωλός.
1270 1582 1441 1635 Τοῦτο
1474 1582 1532 1635 δέ
1560 1583 1676 1634 ἐστι

1927 1600 2028 1643 erat
2055 1589 2119 1643 “.
2152 1589 2378 1655 Signum
2413 1603 2591 1647 autem
2622 1596 2764 1663 quod
2809 1596 3005 1653 levavit
3056 1600 3110 1654 in
3159 1603 3431 1671 gentibus,

200 1680 432 1749 σημεῖον,
463 1677 493 1730 ὃ
539 1671 674 1746 ἦρεν
721 1676 801 1737 εἰς
825 1673 894 1727 τὰ
930 1672 1079 1745 ἔθνη,
1107 1675 1169 1728 τὸ
1197 1677 1254 1729 ὲν
1278 1676 1388 1736 τοῖς
1415 1673 1704 1742 Εὑαγγελίο

1929 1699 1970 1737 ιο
1997 1684 2169 1752 ipsum
2202 1693 2319 1750 est,
2366 1685 2522 1755 cujus
2552 1685 2614 1740 ﬁt
2644 1689 2844 1744 mentio
2879 1691 2931 1745 in
2967 1690 3305 1763 Evangeliis:
3340 1695 3433 1749 Vi-

196 1769 496 1842 λεγόμενον·
532 1770 820 1837 Ὄψονται
856 1766 923 1819 τὸ
948 1766 1201 1835 σημεῖον
1221 1766 1327 1820 τοῦ
1360 1762 1493 1820 Υἱοῦ
1523 1764 1629 1819 τοῦ
1658 1765 1696 1820 ἀ

1931 1776 2055 1829 bunt
2105 1779 2312 1845 signum
2357 1777 2490 1833 Filii
2537 1780 2764 1835 hominis
2791 1781 2838 1815 “
2865 1801 2879 1837 :
2904 1785 3046 1853 quod
3076 1762 3281 1844 dixeris
3311 1804 3435 1845 esse

195 1830 434 1933 θριῖιπουο
471 1830 629 1933 ὅπερ*
653 1862 846 1931 φήσεις
874 1830 1129 1911 εἷναι-*τὸν
1172 1857 1403 1929 σταυρὸν
1435 1856 1530 1910 τοῦ
1552 1857 1695 1929 Κυρί

2153 1830 2177 1845 ν
2362 1830 2367 1831 γ
2475 1830 2485 1833 -
2866 1830 2879 1837 .
2907 1830 3045 1853 Tm.
3077 1830 3281 1844 ...ην-,υ
3311 1830 3431 1845 νυ...

1929 1880 2078 1920 ucem
2110 1866 2323 1921 Domini
2360 1868 2531 1923 nostri
2561 1867 2686 1925 Jesu
2714 1871 2941 1938 Christi,
2979 1889 3077 1945 per
3105 1893 3266 1947 quam
3303 1896 3431 1935 san-

196 1953 340 2025 ήμῶν
396 1951 574 2024 Ἰησοῦ
620 1948 883 2021 Χριστοῦ,
922 1948 989 2002 δι’
1017 1943 1077 2001 οὗ
1129 1951 1244 2011 τοῖς
1293 1948 1469 2018 ἁγίοις
1497 1950 1526 2001 ὁ
1560 1948 1700 2019 κόσμ

1929 1959 1965 2010 is
1989 1958 2282 2013 cruciﬁxus
2313 1960 2547 2014 mundus
2577 1971 2680 2028 est,
2728 1972 2783 2018 et
2829 1964 2929 2035 ipsi
2970 1943 3168 2024 mundo
3191 1969 3236 2003 ⁸⁷
3268 1989 3281 2025 :
3311 1974 3433 2042 qui-

194 2046 544 2117 ὲσταύρωται,
573 2043 666 2096 καὶ
692 2040 845 2094 αὐτοὶ
869 2038 946 2110 τῷ
976 2039 1184 2110 κόσμῳ·
1209 2052 1267 2093 εν
1297 2033 1340 2107 ᾧ
1367 2041 1461 2093 καὶ
1493 2038 1642 2107 λέγει
1665 2057 1698 2091 τι

1922 2063 1961 2102 l8
1985 2048 2165 2103 verbis
2187 2050 2432 2104 enuntiat
2460 2050 2626 2105 etiam
2654 2052 2761 2106 vim
2796 2033 2932 2125 signi
2957 2066 3118 2127 atque
3147 2033 3426 2120 virtutem.

196 2137 411 2206 σημείου
445 2132 548 2205 τὴν
577 2132 825 2204 δύναμιν.
855 2132 956 2185 Διά
984 2131 1037 2184 τί
1084 2130 1195 2200 (65)
1234 2128 1324 2182 διὰ
1363 2129 1598 2200 σταυροῦ
1632 2131 1664 2199 ἡ

1929 2155 2039 2194 tare
2087 2156 2186 2208 per
2241 2156 2460 2196 crucem
2517 2146 2823 2201 mconomia
2875 2147 3271 2208 lncarnationis
3305 2169 3429 2223 per-

192 2228 408 2300 κονομία
450 2229 555 2299 τῆς
598 2224 1065 2297 ὲνανθρωπήσεως
1098 2221 1382 2292 ὲτελέσθη;
1408 2222 1527 2274 Ἵνα
1557 2223 1620 2274 ἐκ
1652 2223 1696 2273 τι

1923 2237 2002 2287 cta
2028 2240 2111 2286 est
2135 2243 2192 2288 et
2226 2233 2520 2290 absoluta?
2556 2234 2627 2290 Ut
2662 2237 2753 2303 qui
2792 2250 2950 2293 erant
2978 2241 3151 2298 salute
3191 2219 3427 2302 donandi

190 2320 458 2391 τεσσάρων
484 2316 775 2390 πτερύγων
802 2316 900 2388 τῆς
937 2315 1042 2385 γῆς
1072 2313 1411 2385 συναχθῶσιν
1441 2315 1491 2367 οί
1527 2312 1694 2384 ac):ng

1926 2337 1991 2376 ex
2021 2332 2252 2391 quatuor
2282 2324 2384 2380 alis
2423 2334 2582 2380 terra
2610 2328 3018 2399 colligerentur.
3041 2331 3176 2388 Nam
3203 2336 3427 2405 quadrio

191 2429 285 2467 νοι.
315 2410 566 2484 Τετραχῆ
609 2408 717 2480 γὰρ
759 2408 1049 2479 διαιρεῖται
1076 2405 1171 2459 τοῦ
1213 2403 1445 2476 σταυροῦ
1476 2404 1543 2459 τά
1596 2404 1695 2476 μέρ

1924 2414 2056 2468 riam
2091 2415 2408 2470 dividuntur
2449 2417 2628 2472 crucis
2662 2426 2878 2488 partes;
2909 2421 3045 2477 adeo
3078 2432 3136 2478 ut
3169 2403 3428 2497 unaquae-

190 2505 323 2560 ὥστε
345 2506 582 2559 ’ἑκαστον
608 2501 892 2555 ἀπονεύειν
926 2500 1064 2571 πρὸς
1111 2498 1178 2552 τὰ
1204 2499 1445 2573 τέσσαρα
1492 2496 1630 2568 μέρη
1664 2514 1694 2549 τ

1927 2520 1969 2561 Ie
1990 2515 2179 2577 vergat
2210 2507 2262 2561 in
2297 2516 2531 2577 quatuor
2554 2510 2738 2564 mundi
2770 2519 2972 2580 partes.
3017 2514 3146 2570 Sive
3177 2495 3339 2587 igitur
3372 2528 3431 2573 ut

189 2599 404 2669 κόσμου.
431 2595 563 2650 Εἴτε
587 2589 679 2648 οὖν
712 2593 802 2645 ἴνα
842 2590 1021 2645 πάντα
1043 2591 1110 2644 τὰ
1159 2589 1296 2661 μέρη
1327 2588 1415 2641 διὰ
1442 2587 1551 2639 τῶν
1580 2603 1693 2656 μερι

1927 2596 2081 2666 igulte
2134 2597 2318 2652 mundi
2374 2608 2557 2667 partes
2603 2599 2668 2653 ad
2715 2601 2943 2657 salutem
3002 2585 3431 2673 pertluccrentur

188 2689 275 2743 τοῦ
303 2686 543 2760 σταυροῦ
598 2682 924 2755 οἰκονομηθῇ
961 2683 1099 2754 πρὸς
1153 2679 1446 2751 σωτηρίαν,
1491 2677 1579 2730 διὰ
1605 2676 1692 2729 τοῦ

1924 2703 1958 2742 :r
1990 2689 2170 2743 crucis
2197 2700 2403 2758 partes,
2435 2691 2506 2745 ob
2534 2691 2587 2746 id
2618 2706 2766 2748 mors
2790 2694 2970 2750 crucis
3008 2706 3090 2752 est
3122 2698 3385 2756 honorata
3414 2721 3428 2757 :

190 2778 522 2852 προετιμήθη
557 2777 586 2830 ὁ
638 2773 727 2829 διὰ
777 2772 872 2825 τοῦ
903 2769 1138 2843 σταυροῦ
1189 2767 1490 2837 θάνατος-ἢ
1527 2766 1608 2819 ὅτι
1653 2782 1694 2817 π

1928 2793 1977 2834 ιο
2026 2781 2168 2850 quod
2220 2791 2346 2836 ante
2383 2781 2617 2851 ligneam
2654 2782 2799 2837 illam
2848 2798 3065 2842 crucem
3113 2792 3293 2847 crucis
3330 2807 3432 2849 cu—

187 2871 275 2925 τοῦ
305 2871 415 2943 (64)
455 2869 671 2936 ξυλίνου
698 2863 930 2936 σταυροῦ
948 2863 1135 2932 von-:6;
1168 2878 1252 2924 τις
1271 2858 1349 2930 τῷ
1391 2858 1579 2928 κόσμῳ
1597 2872 1691 2909 παπ.

1927 2870 2070 2926 sdam
2097 2871 2451 2940 intelligibilis
2484 2874 2658 2944 imago
2695 2889 2763 2929 ac
2798 2875 2968 2947 ﬁgura
3002 2880 3055 2932 in
3088 2889 3200 2936 toto
3228 2885 3431 2940 mundo

189 2959 643 3032 συνεσταύρωται,
666 2956 775 3009 τῶν
814 2954 1095 3025 τεσσάρων
1118 2969 1183 3023 με
1193 2951 1297 3023 ρῶν
1320 2948 1413 3003 τοῦ
1438 2948 1640 3010 παντὸς
1680 2964 1693 2999 ε

1924 2960 2189 3029 ιιιοιθιιιιυς
2232 2978 2352 3018 cum
2393 2972 2628 3034 quatuor
2650 2965 2887 3022 universi
2926 2977 3109 3038 partes
3131 2972 3343 3028 coirent
3374 2975 3428 3029 in

188 3052 245 3106 τὸ
274 3053 435 3123 μέσον
465 3047 914 3118 συναπτομένων,
953 3047 1049 3099 καὶ
1086 3044 1185 3113 τῆς
1208 3044 1266 3095 ἐν
1293 3040 1370 3112 τῷ
1415 3041 1565 3112 μέσῳ
1607 3039 1692 3094 δυι

1928 3051 2121 3119 edium,
2151 3061 2205 3109 et
2231 3054 2404 3111 virtus
2433 3057 2594 3112 medii
2636 3058 2703 3111 ad
2746 3066 2980 3126 quatuor
3012 3071 3197 3129 partes
3226 3065 3432 3134 pertin-

190 3161 327 3217 μεως
361 3143 497 3214 πρὸς
526 3142 598 3194 τὰ
630 3139 873 3209 τέσσαρα
898 3138 1036 3209 μέρη
1069 3134 1500 3207 περατουμένης.
1541 3130 1694 3224 ’ᾼρθέ

1930 3151 2035 3198 ret.
2078 3142 2266 3214 itaque
2308 3147 2412 3203 hoc
2445 3147 2599 3214 signo
2643 3161 2912 3215 surrecta,
2957 3130 3430 3224 congregabuntur

187 3251 271 3298 τος
293 3230 383 3288 οὖν
411 3232 509 3287 τοῦ
538 3230 765 3302 σημείου
794 3228 1006 3293 τούτου,
1027 3227 1449 3298 συναχθήσονται
1482 3225 1531 3278 οἱ
1562 3223 1691 3276 ἀπο)

1924 3235 2056 3291 ιτάἰιῑ
2079 3235 2264 3305 Israel,
2288 3247 2344 3295 et
2369 3239 2598 3309 dispersi
2633 3240 2771 3296 Juda
2808 3252 2839 3298 e
2878 3222 3114 3314 quatuor
3134 3222 3237 3303 alis
3269 3258 3428 3307 terras

191 3342 329 3397 μενοι
367 3323 461 3377 τοῦ
498 3321 740 3394 Ἰσραὴλ,
768 3321 861 3374 καὶ
882 3321 931 3373 οἱ
963 3316 1436 3389 διεσκορπισμένοι
1460 3313 1553 3368 τοῦ
1592 3313 1695 3368 Ἰού

1930 3328 2203 3400 lligentur.
2237 3330 2435 3387 Erecto
2482 3333 2639 3402 signo
2670 3335 2810 3403 hoc,
2864 3313 2947 3393 cui
3010 3340 3150 3396 inest
3200 3341 3431 3400 facultas

190 3416 613 3487 συναχθήσονται
651 3415 716 3465 ὲκ
741 3413 851 3465 τῶν
875 3410 1156 3481 τεσσάρων
1198 3407 1485 3479 πτερύγων
1511 3407 1609 3478 τῆς
1631 3406 1694 3476 γῆ

1927 3422 2175 3476 ηειιιιοηᾱί
2230 3423 2569 3494 principatus
2621 3438 2676 3484 et
2739 3438 3056 3499 potestates,
3105 3438 3172 3491 de
3233 3439 3431 3508 quibus

189 3508 377 3561 Τούτου
403 3505 669 3578 ἀρθέντος
686 3503 780 3558 τοῦ
799 3504 1049 3575 σημείου,
1078 3502 1290 3573 ἔχοντος
1317 3501 1544 3571 δύναμιν
1565 3498 1693 3552 καθα

1924 3509 2218 3580 iumpltavit
2245 3513 2298 3566 in
2327 3512 2474 3584 ligno
2497 3553 2512 3579 ,
2546 3498 2796 3587 spoliatis
2821 3518 2929 3576 illis
2953 3561 2970 3586 ,
2997 3498 3061 3577 ac
3082 3498 3428 3592 vestimento,

191 3600 392 3671 ρετικὴν
423 3597 718 3670 ἀρχῶνκαὶ
733 3595 1005 3661 ἐξουσιῶν,
1028 3594 1248 3656 ἅστινας
1279 3591 1671 3665 ἐθριάμϐευσεν

1930 3602 2004 3657 ιοιι
2030 3602 2128 3673 ipsi
2160 3602 2317 3659 nobis
2340 3614 2651 3672 texuerant,
2679 3610 2848 3665 veluti
2883 3610 3092 3681 deiecto
3118 3633 3134 3681 ;
3167 3618 3321 3671 exuit
3346 3591 3434 3672 ni-

72 3716 85 3735 ς
186 3690 259 3762 τῷ
282 3693 440 3763 ξύλῳ,
458 3688 907 3759 ἀπεκδυσάμενος
923 3687 1113 3750 αὐτὰς,
1132 3685 1226 3739 καὶ
1254 3684 1415 3738 οἱονεὶ
1449 3684 1576 3753 ἀποε

1929 3693 2057 3747 irum
2087 3694 2426 3764 principatus
2468 3707 2523 3752 et
2575 3708 2903 3771 potestates,
2952 3719 3156 3775 eosque
3190 3710 3433 3767 traduxit

185 3783 212 3837 δ
232 3784 443 3856 εἴχομεν
471 3769 593 3836 dm"
612 3781 791 3834 αὐτῶν
826 3779 1138 3851 ὑφασμένον
1165 3780 1296 3849 ἡμῖν
1328 3776 1550 3846 ἔνδυμα,
1576 3772 1689 3839 ὲξεδ

1931 3784 2194 3839 nﬁdenter
2241 3786 2417 3855 palam
2476 3791 2816 3860 triumphans
2859 3769 2913 3849 in
2955 3769 3102 3866 ligno
3136 3797 3204 3853 ⁸⁸.
3252 3798 3333 3856 Ob
3374 3801 3430 3856 id

188 3891 307 3929 σατο
343 3876 443 3942 τὰς
474 3875 655 3948 ἀρχὰς
682 3875 898 3939 καὶτὰς
938 3874 1211 3942 ἐξουσίας,
1244 3873 1338 3927 καὶ
1381 3872 1692 3940 ὲδειγμάτισ

1923 3877 2093 3943 tulus,
2134 3878 2261 3933 licet
2311 3877 2455 3934 inter
2497 3884 2738 3951 perditos
2793 3885 2997 3953 Israel,
3054 3899 3110 3946 et
3151 3892 3427 3962 dispersos

186 3968 240 4021 ὲν
272 3967 381 4038 (65)
420 3968 710 4041 παρρησίᾳ
738 3967 1111 4040 θριαμϐεύσας
1140 3966 1198 4019 ὲν
1222 3964 1299 4035 τῷ
1321 3964 1479 4035 ξύλῳ.
1514 3963 1612 4017 Διὰ
1629 3980 1690 4016 το

1929 3969 1991 4021 da
2020 3980 2421 4039 numerarctur,
2448 3974 2608 4028 simul
2636 3985 2803 4046 atque
2836 3978 3104 4035 intellexit
3129 3983 3344 4053 signum
3372 3986 3427 4040 in

185 4076 241 4112 το
274 4060 484 4124 Παῦλος
519 4061 588 4112 ἐκ
621 4058 731 4112 τῶν
764 4059 1122 4113 ἀπολωλότων
1161 4057 1253 4111 τοῦ
1290 4056 1529 4129 Ἰσραὴλ,
1557 4055 1651 4109 καὶ
1679 4056 1689 4106 i

1935 4060 2169 4116 tionibus
2199 4064 2269 4118 ab
2305 4062 2432 4119 Jesu
2484 4066 2653 4122 fuisse
2684 4078 2945 4137 erectum,
2977 4070 3141 4142 570
3195 4078 3433 4132 accurrit

186 4153 626 4223 εσκορπισμένων
651 4149 745 4203 τοῦ
779 4151 948 4205 Ἰούδα
981 4152 1262 4222 ὑπάρχων,
1289 4150 1487 4220 νοήσας
1504 4148 1566 4202 τὸ
1591 4147 1690 4220 ὰρθ

1919 4153 1926 4207 |
1954 4168 2191 4220 crucem,
2228 4166 2283 4211 et
2313 4157 2525 4214 dicebat
2558 4176 2573 4213 :
2608 4159 2746 4214 Mihi
2773 4175 2945 4216 autem
2995 4163 3129 4219 absit
3179 4167 3423 4235 gloriari,

187 4241 285 4295 ὑπὸ
310 4243 403 4297 τοῦ
441 4240 621 4315 Ἰησοῦ
646 4243 727 4304 είς
751 4241 819 4295 τὰ
852 4241 978 4314 ἔθνη
1015 4244 1261 4312 σημεῖον,
1297 4239 1645 4312 προσέδραμε
1677 4255 1691 4288 ιι

1925 4244 1962 4298 ti
1988 4244 2044 4298 in
2065 4261 2218 4300 cruce
2246 4244 2460 4301 Domini
2488 4250 2654 4303 nostri
2675 4249 2805 4305 Jesu
2834 4252 3030 4307 Christi
3051 4252 3119 4309 ⁵³.
3147 4254 3267 4310 Jam
3299 4273 3429 4314 vero

187 4334 414 4406 σταυρῷ,
430 4336 527 4388 καὶ
550 4334 753 4403 ἔλεγεν·
784 4332 1024 4403 Ἐμοὶδὲ
1041 4332 1128 4402 μὴ
1149 4330 1373 4402 γένοιτο
1398 4328 1691 4399 καυχᾶσθε

1922 4344 1923 4349 π
1949 4342 2014 4382 eo
2046 4330 2188 4399 quod
2217 4339 2276 4385 ut
2298 4332 2492 4396 perditi
2520 4331 2705 4400 lsrael,
2754 4336 2807 4390 in
2839 4351 2977 4404 quos
3007 4337 3292 4407 imperium
3330 4343 3426 4396 ba-

184 4423 234 4474 sl
244 4422 327 4491 μὴ
350 4424 420 4477 ἐν
449 4422 533 4490 τῷ
556 4421 796 4491 σταυρῷ
822 4421 929 4476 τοῦ
949 4422 1169 4489 Κυρίου
1198 4418 1367 4489 ἡμῶν
1402 4419 1593 4488 Ἰησοῦ
1622 4420 1688 4487 X1

1926 4416 1975 4469 ait
1998 4416 2276 4485 Ephraim,
2315 4421 2387 4473 ita
2431 4421 2657 4490 dispersi
2693 4438 2758 4478 ex
2787 4425 2927 4479 tribu
2964 4425 3137 4495 Juda,
3163 4444 3300 4499 quos
3341 4448 3430 4486 re-

186 4512 349 4569 στοῦ.
394 4514 708 4568 Ἀκολουθεῖ
746 4513 803 4566 δὲ
836 4511 913 4583 τῷ
952 4510 1281 4581 συναχθῆναι
1318 4510 1446 4573 τοὺς
1488 4509 1690 4580 ἀπολομ

1918 4521 1949 4561 ε
1977 4521 2043 4562 ex
2088 4510 2295 4565 semine
2326 4510 2495 4567 David
2526 4514 2741 4569 oriundi
2769 4515 3137 4585 gubernavere
3160 4559 3177 4585 ,
3212 4522 3422 4578 collecti

187 4620 304 4668 νους
338 4605 432 4658 τοῦ
482 4604 725 4677 Ἰσραὴλ,
787 4606 986 4667 οἵτινες
1045 4601 1422 4656 ἐϐασιλεύοντο
1484 4600 1591 4654 ὑπὸ
1653 4617 1691 4652 τι

1928 4607 2007 4663 ιιι,
2042 4601 2287 4669 sequitur
2315 4618 2420 4657 non
2450 4604 2680 4674 amplius
2708 4603 2951 4661 futurum
2979 4623 3103 4664 esse
3131 4611 3294 4665 ullum
3331 4629 3426 4668 ze-

197 4692 453 4767 Ἐφραϊμ,
482 4696 582 4750 καὶ
611 4697 736 4760 τοὺς
759 4695 1185 4766 διεσπαρμένους
1211 4691 1305 4747 τοῦ
1339 4691 1526 4757 Ἰούδα,
1555 4690 1701 4745 οἵτινε

1921 4707 1966 4744 ιιι
1993 4692 2250 4763 prraim
2277 4704 2465 4749 contra
2494 4694 2628 4750 Juda
2656 4736 2671 4761 ,
2701 4711 2803 4752 nec
2829 4698 3060 4768 amplius
3102 4716 3217 4767 eos,
3239 4704 3331 4772 qui
3357 4720 3425 4760 ex

187 4784 284 4839 ὑπὸ
303 4788 413 4840 τῶν
428 4789 495 4841 ὲκ
511 4787 827 4858 σπέρματος
853 4785 1016 4839 Δαδὶδ
1047 4783 1438 4847 ἐπολιτεύοντο,
1466 4782 1529 4835 τὸ
1556 4781 1691 4853 μηκέ

1918 4781 1994 4838 Ida
2032 4791 2158 4837 sunt
2185 4823 2200 4846 ,
2247 4784 2432 4839 hostes
2465 4800 2524 4840 se
2563 4787 2916 4854 prwstituros.
2961 4787 3250 4858 Postquam
3278 4794 3422 4847 enim

187 4874 315 4933 εἶναι
336 4880 498 4952 ζῆλον
520 4878 617 4933 τοῦ
657 4878 892 4951 Ἐφραίμ
905 4876 1049 4932 κατά
1065 4877 1160 4930 τοῦ
1196 4877 1385 4940 Ἰούδα,
1412 4875 1545 4947 μηδὲ
1567 4873 1691 4927 άνύε

1920 4888 2098 4929 ectum
2151 4876 2316 4931 fuerit
2367 4878 2579 4948 signum
2629 4877 2949 4949 collectique
2980 4879 3186 4935 fuerint
3230 4887 3424 4953 perditi

186 4968 261 5023 ἔτι
285 4972 411 5037 τοὺς
428 4970 527 5026 τοῦ
560 4970 728 5025 Ἰούδα
750 4969 1000 5041 ἐχθρούς.
1030 4970 1187 5024 Μετά
1214 4968 1323 5041 γὰρ
1344 4969 1404 5022 τὸ
1428 4967 1661 5039 ἀρθῆναι
1688 4989 1690 4999 ι

1895 4965 2039 5033 trael,
2065 4967 2155 5035 qui
2197 4968 2394 5023 dicitur
2416 4969 2713 5040 Ephraim,
2752 4974 3063 5044 congregati
3090 4973 3278 5030 itidem
3308 4977 3399 5032 fue

279 5134 324 5168 ⁸³
352 5135 489 5189 Luc.
520 5149 634 5199 ιιιι,
671 5132 759 5189 10.
834 5131 881 5165 ⁸⁸
910 5131 1103 5187 Matth.
1132 5145 1281 5196 xxiv,
1326 5129 1415 5184 30.
1489 5130 1533 5162 "
1572 5128 1748 5184 Galat.

1588 5128 1748 5184 Salat.
1786 5143 1861 5183 vt.
1887 5120 1973 5175 14.
2049 5121 2096 5154 ⁸⁸
2118 5118 2327 5177 Coloss.
2360 5136 2422 5186 ιι,
2457 5121 2543 5177 15.
2618 5120 2662 5154 ⁸⁸
2686 5121 2863 5178 Galat.
2895 5140 2971 5194 vr,
3006 5128 3092 5184 14.

252 5264 361 5331 (si)
389 5264 616 5320 Veteres
643 5266 847 5345 aliquot
880 5265 1024 5337 libri,
1054 5281 1135 5319 το.
1443 5332 1458 5345 _
1527 5332 1540 5345 .
1625 5331 1674 5345 υ
1704 5332 1716 5345 υ
1808 5292 1815 5299 -
1856 5260 1971 5345 nali
2000 5274 2207 5345 sumus.
2242 5258 2353 5345 [loc
2383 5258 2553 5345 enim,
2574 5267 2646 5345 ⁸υι
2674 5260 2834 5345 pobis
2857 5261 3091 5345 videtur,
3126 5265 3255 5320 dicit
3291 5270 3418 5324 scri-

254 5329 360 5403 (62)
407 5336 649 5397 Editi.oi
696 5329 1042 5407 ἀπολόμενοι.
1093 5339 1163 5389 At
1219 5349 1374 5399 mss.,
1408 5332 1460 5386 oi
1516 5331 1750 5386 ἀπολλύ-

1918 5344 2001 5394 or,
2026 5338 2150 5382 ante
2174 5329 2401 5397 ligneam
2433 5341 2648 5383 crucem
2674 5329 2841 5411 fuisse
2864 5333 3025 5386 aliam
3055 5349 3274 5390 crucem
3304 5353 3422 5410 my-

188 5401 352 5473 μενοιί
871 5401 884 5407 ‘
1228 5472 1238 5474 4
1361 5472 1368 5474 _
1397 5473 1405 5474 ί
1438 5472 1448 5474 4
1587 5473 1592 5474 γ
1857 5404 2067 5474 sticam.
2086 5412 2213 5474 quae
2233 5413 2326 5465 per
2352 5409 2582 5474 qu_atuor
2605 5401 2788 5453 mundi
2815 5411 2997 5474 partes
3036 5401 3423 5474 repraesentata

253 5473 360 5545 (65)
390 5473 547 5560 Unus
569 5477 734 5531 codex
764 5490 887 5531 cum
929 5474 1115 5538 editis,
1148 5472 1316 5528 Διότι.
1344 5472 1452 5528 Alii
1506 5473 1744 5542 quinque
1844 5468 2011 5560 silet
2036 5467 2647 5560 =adumlulatu.):Sedtgut.
2661 5467 3421 5560 verumuf’atear;mysticam

187 5536 529 5605 Ιιιδὲηλιατί.
1102 5536 1109 5538 ὴ
1524 5536 1540 5542 ’
1655 5536 1669 5542 ”

251 5610 361 5687 (64)
393 5615 488 5669 llis
510 5614 706 5682 verbis,
731 5616 765 5687 ἢ
796 5615 879 5669 ὅτι
908 5612 1014 5687 πρὸ
1050 5611 1166 5687 τοῦ,
1195 5620 1324 5687 etc.,
1355 5612 1691 5687 siveqaoiiim

1921 5552 1989 5658 ll:
2040 5536 2427 5618 interpretandi
2477 5538 2742 5594 rationem
2778 5542 3031 5610 suspicor
3077 5536 3420 5606 non'multis

1916 5623 1940 5659 [ι
1980 5616 2124 5661 atum
2148 5622 2236 5659 ιιι.

639 5632 706 5682 ις,
731 5632 765 5682 η
796 5632 879 5669 οτι
908 5632 1014 5682 προ
1050 5632 1166 5676 του,
1195 5632 1324 5676 etc.,
1355 5632 1459 5665 sive
1489 5632 1738 5681 quoniam
1838 5632 2124 5682 μῐυιιξιιυιιι
2149 5632 2236 5682 ιιι.

189 5675 541 5754 onieligneam
566 5675 793 5748 crucem,
816 5675 1068 5748 etc.,'sua
1093 5675 1232 5754 inest
1257 5675 1582 5754 obscuritas.
1609 5683 1741 5734 Sen-
1839 5675 1853 5678 ⁷
1913 5676 2026 5749 (65)
2076 5675 2329 5732 Voculam
2360 5677 2418 5728 ὲν
2451 5690 2515 5731 ex
2550 5677 2756 5748 aliquot
2779 5693 2910 5738 mss.
2946 5683 3274 5746 addidimus.

188 5763 301 5806 sum
325 5751 514 5810 eorum
544 5755 597 5810 in
633 5765 818 5813 nostra
848 5753 1293 5821 interpretatione
1320 5751 1626 5821 exprimere
1645 5766 1734 5821 co-
