3810 6214
1285 324 1628 382 APPENDIX
1664 325 1951 386 OPERUM
1992 331 2049 388 S.
2090 325 2339 393 BASILII
2379 332 2615 394 MAGNI.

3493 345 3606 403 560

337 445 447 503 rint
480 444 728 516 "dispersi
765 440 913 497 ’Ju'da
974 441 1163 513 (Vens.
1225 444 1313 513 l5)
1368 463 1382 499 :
1433 447 1712 516 Auferetur
1750 450 1881 504 ‘zelu

2016 458 2258 524 σημεῖον,
2287 457 2382 509 καὶ
2431 455 2758 529 συναχθῆναι
2789 458 2917 522 τοὺς
2949 458 3318 529 ἀπολομένους
3356 458 3453 514 τοῦ
3495 460 3606 515 Ἰσ-

338 534 614 605 Epltraim,
655 542 705 587 et
742 533 940 586 inimici
973 530 1122 585 Juda
1150 533 1414 602 peribunt.

2016 544 2173 615 ραὴλ,
2190 546 2337 610 ὅστις
2369 546 2587 616 λέγεται
2626 547 2887 620 Ἐφραῒμ,
2910 549 3243 621 συναχθῆναι
3261 551 3319 604 δὲ
3351 552 3605 617 καὶτοὺς

336 625 846 698 διεσκορπισμένους
876 624 971 677 τοῦ
1003 623 1192 678 Ἰούδα·
1234 621 1720 695 Ἀφαιρεθήσεται
1779 631 1816 683 δ
1881 629 2060 701 ζῆλος
2115 639 2220 692 τοῦ
2276 640 2545 709 Ἐφραϊμ,
2606 640 2704 695 καί
2743 643 2799 709 οι
2838 641 3039 713 ἐχθροί
3078 642 3185 698 τοῦ
3221 642 3419 699 Ἰούδα
3446 646 3601 699 (inoo

335 720 607 777 λοῦνται.

401 812 530 868 250.
586 808 813 865 Noveris
875 816 1058 863 autem
1112 808 1365 865 lsraelem
1432 810 1538 866 dici
1596 812 1907 881 perditum,

332 906 525 964 Judam
558 914 715 957 vero
777 902 1103 970 dispersum.
1156 902 1409 958 Attamen
1474 907 1910 972 perturbationes

334 998 483 1068 prius
509 997 579 1052 ob
602 994 1001 1051 contentionem
1025 1002 1078 1048 et
1104 993 1424 1049 seditionem
1462 994 1515 1049 in
1541 996 1653 1051 vita
1697 997 1904 1054 invale-

337 1096 577 1152 scentes,
629 1083 944 1139 auferuntur
965 1097 1063 1153 per
1091 1085 1432 1139 concordiam
1453 1097 1484 1138 a
1518 1083 1733 1140 Christo
1764 1086 1901 1141 alla-

332 1193 444 1237 tam
472 1177 614 1249 :'qui
652 1192 774 1247 qua:
802 1176 855 1229 in
884 1185 1048 1240 terra,
1078 1185 1129 1230 et
1153 1190 1273 1245 quae
1299 1175 1350 1229 in
1380 1174 1519 1231 cmlo
1547 1186 1695 1240 sunt,
1718 1176 1908 1245 paciﬁ-

330 1280 438 1339 cat,
468 1279 630 1340 atque
666 1269 717 1322 in
760 1283 818 1323 se
862 1267 978 1338 ipso
1003 1268 1183 1321 omnia
1233 1267 1547 1322 reconciliat
1575 1268 1645 1322 5°.
1686 1268 1772 1325 0b
1809 1271 1911 1325 hoc

329 1364 495 1432 igitur
542 1360 800 1429 Ephmim
851 1375 955 1412 non
1003 1358 1356 1414 armulabitur
1401 1358 1627 1426 ludam,
1659 1371 1708 1415 et
1737 1362 1909 1417 ludas

330 1472 433 1509 non
477 1454 702 1521 amplius
754 1451 1023 1507 tribulabit
1068 1451 1649 1522 Ephraim:quoniam
1697 1455 1905 1519 odium,

330 1560 436 1616 quo
464 1560 522 1600 se
557 1545 787 1599 invicem
846 1543 1315 1612 prosequebantur
1338 1587 1353 1610 ,
1398 1543 1703 1612 disperibit.
1745 1545 1906 1602 Zelus

328 1637 474 1691 enim
511 1635 732 1690 videtur
766 1633 1005 1688 maxime
1043 1634 1385 1688 occasionem
1438 1635 1621 1690 multis
1660 1638 1902 1705 praebere

2085 817 2211 872 250.
2246 818 2549 890 Κατάμαθε
2579 819 2658 883 δὲ,
2688 819 2826 875 ὅτιὸ
2861 821 2958 892 μὲν
3003 819 3219 893 Ἰσραὴλ
3254 820 3598 875 ἀπολωλέναι

2015 906 2250 976 λέγεται,
2277 909 2305 960 ὁ
2333 907 2389 961 δὲ
2428 908 2630 972 Ἰούδας
2658 908 3006 981 διεσπάρθαι.
3034 909 3180 981 Πλὴν
3213 910 3349 965 ἀλλά
3385 915 3453 984 τῇ
3488 930 3594 966 κα-

2012 999 2082 1052 τά
2110 998 2344 1069 Χριστὸν
2380 1000 2668 1071 συμφωνίᾳ
2711 1000 2805 1053 τοῦ
2847 1000 3315 1072 εῑρηνοποιοῦντος
3352 1001 3422 1056 τὰ
3476 1001 3595 1075 (66)

2013 1087 2107 1140 ἐπὶ
2122 1088 2220 1159 τῆς
2237 1091 2358 1158 γῆς.
2385 1088 2564 1143 καὶτὰ
2589 1091 2647 1143 ἐν
2670 1089 2906 1161 οὐρανῷ,
2937 1090 3030 1144 καὶ
3060 1091 3117 1143 ἐν
3144 1090 3293 1163 αὐτῷ
3318 1092 3391 1146 τὰ
3410 1093 3595 1147 πάντα

2012 1177 2600 1243 ἀποκαταλλάσσοντος,
2648 1180 2949 1251 ἀναιρεῖται
2988 1181 3057 1236 τά
3085 1180 3231 1252 πάθη
3280 1181 3349 1236 τά
3392 1183 3594 1254 πρότε-

2011 1289 2102 1344 ρον
2131 1274 2197 1326 ἐκ
2248 1273 2577 1342 φιλονεικίας
2632 1274 2725 1327 καὶ
2756 1274 3091 1337 διαστάσεως
3136 1274 3595 1331 ἐνδυναστεύοντα.

2007 1362 2083 1433 τῷ
2117 1362 2236 1433 βίῳ.
2290 1366 2389 1418 Διὰ
2446 1365 2605 1418 τοῦτο
2655 1361 2748 1418 οὖν
2782 1365 3033 1434 Ἐφραῖμ
3069 1367 3140 1419 οὐ
3174 1364 3427 1433 ζηλώσει
3480 1366 3593 1423 τὸν

2024 1454 2248 1507 Ἰούδαν
2272 1495 2287 1519 ,
2317 1454 2417 1509 καὶ
2447 1460 2481 1510 ό
2524 1455 2754 1523 Ἰούδας
2797 1454 2997 1510 οὐκέτι
3042 1458 3245 1526 θλίψει
3288 1459 3538 1529 Ἐφραίμ
3568 1474 3587 1491 ο

2010 1547 2133 1600 ἐπεὶ
2173 1548 2206 1618 ἡ
2258 1549 2316 1601 ἐν
2363 1548 2545 1611 αὐτοῖς
2580 1548 2716 1620 πρὸς
2771 1547 3034 1619 ἀλλήλους
3077 1548 3245 1621 ἔχθρα
3280 1550 3585 1607 ἀπολεῖται.

2011 1639 2194 1693 Ἐοικε
2224 1640 2332 1712 γὰρ
2357 1640 2588 1711 μάλιστα
2605 1640 2761 1711 (67)ὁ
2788 1639 2947 1711 ζῆλος
2974 1639 3220 1709 γίνεσθαι
3247 1640 3341 1694 τοῦ
3365 1641 3590 1713 ἐχθραί-

326 1726 637 1782 inimicitias
662 1727 803 1780 inter
824 1739 885 1780 se
922 1725 1171 1794 gerendi.
1213 1723 1365 1780 Nunc
1398 1736 1581 1782 autem
1609 1728 1757 1786 zelus
1793 1744 1884 1783 nor

2006 1749 2116 1787 νειν
2148 1733 2371 1805 ἀφορμὴ
2409 1737 2521 1797 τοῖς
2548 1733 2781 1797 πολλοῖς.
2816 1732 2985 1803 Ζῆλος
3019 1732 3077 1786 δὲ
3122 1732 3218 1787 νῦν
3253 1735 3352 1804 οὐχ
3399 1736 3433 1804 ή
3474 1734 3591 1789 τῶν

326 1819 593 1874 bonorum
616 1815 910 1879 armulatio,
934 1816 1028 1870 sed
1060 1815 1285 1881 invidia,
1321 1832 1441 1886 quas
1469 1818 1539 1874 ob
1562 1817 1791 1873 aliorum
1815 1835 1903 1875 res

327 1910 605 1965 secundas
624 1918 750 1963 nata
777 1917 883 1972 est,
914 1922 945 1962 a
972 1907 1254 1976 Scriptura
1277 1921 1525 1965 vocatur.
1558 1910 1708 1967 Tunc
1733 1911 1902 1983 igitur

324 2003 621 2058 concordes
672 2001 798 2057 lacti
845 2000 1035 2071 (Vens.
1068 2000 1200 2071 ~li),
1256 1998 1518 2057 Volabant
1567 2004 1622 2057 in
1669 2004 1887 2059 navibus

321 2094 758 2166 alienigenarum,
810 2109 956 2147 mare
1015 2093 1169 2148 simul
1216 2093 1618 2162 praedabantur.
1666 2096 1896 2151 Pulchre

320 2187 543 2242 nomine
574 2185 742 2241 maris
768 2185 1035 2254 expressit
1073 2199 1190 2250 eos,
1221 2187 1315 2257 qui
1338 2187 1597 2255 navigant
1623 2186 1896 2251 celeriter,

325 2289 477 2333 motu
526 2291 715 2332 eorum
762 2292 884 2332 cum
936 2277 1020 2331 ala
1067 2278 1262 2333 collato
1320 2293 1481 2344 ;cum
1524 2278 1732 2335 scilicet
1779 2280 1897 2336 velo

323 2370 481 2441 pleno
508 2383 603 2438 per
646 2382 801 2423 mare
833 2369 1191 2436 advehuntur,
1225 2378 1388 2424 vento
1425 2380 1794 2438 congruenter
1822 2372 1892 2426 ad

320 2460 540 2530 puppim
565 2459 863 2530 aspirante.
887 2458 1208 2516 Prmdantur
1229 2469 1413 2516 autem
1440 2476 1612 2529 mare,
1640 2462 1896 2517 draconis

318 2563 375 2609 et
418 2553 648 2609 aliorum
689 2553 739 2608 ei
781 2553 1152 2624 subiectorum
1192 2554 1428 2610 victores
1467 2553 1645 2610 ell‘ecti
1698 2574 1711 2610 :
1760 2570 1896 2625 quos

316 2646 880 2716 ChristiApostoIi-ad
920 2645 1170 2701 veritatis
1212 2645 1550 2717 agnitionem
1597 2646 1891 2702 translatos

310 2740 439 2810 jure
454 2739 660 2809 optimo
688 2737 985 2809 depraedari
1022 2752 1087 2792 ac
1112 2738 1349 2807 diripere
1375 2738 1629 2793 dicantur
1658 2756 1672 2793 :
1699 2739 1894 2808 quippe

316 2832 409 2902 qui
446 2830 617 2903 spolia
648 2830 799 2901 prius
833 2842 1080 2899 possessa
1109 2828 1177 2883 ab
1203 2843 1269 2884 eo
1298 2828 1391 2898 qui
1416 2828 1690 2883 hominem
1716 2830 1893 2899 capti-

314 2939 443 2979 vum
477 2924 794 2989 abduxerat,
823 2922 990 2979 veluti
1038 2937 1134 2978 sua
1171 2920 1399 2977 faciunt.
1439 2920 1546 2976 Sed
1591 2920 1757 2975 maris
1796 2934 1894 2975 no-

315 3017 465 3071 mine
504 3030 604 3086 par
633 3022 720 3071 est
747 3014 974 3085 intelligi
1014 3014 1191 3069 locum
1228 3011 1598 3068 aﬁlictationis
1638 3021 1695 3066 et
1732 3011 1893 3067 mise-
1918 3034 1960 3093 ς

316 3110 542 3175 riarum,
579 3122 742 3178 quem
782 3106 909 3162 alibi
951 3106 1239 3162 didicimus
1285 3105 1469 3162 vocari
1510 3104 1675 3159 etiam
1718 3103 1893 3175 lacry-

314 3216 527 3256 tuarum
574 3200 767 3254 vallem
805 3200 873 3253 ".
924 3196 1181 3254 Fortasse
1227 3205 1409 3253 autem
1461 3196 1889 3265 alienigenarum

313 3303 502 3356 naves,
539 3303 768 3360 corpora
803 3297 990 3343 nostra
1016 3287 1293 3350 dicuntur,
1336 3286 1480 3356 quod
1521 3300 1646 3340 cum
1697 3285 1891 3340 anima:

311 3381 698 3436 constitutione
741 3393 1082 3449 nequaquam
1139 3378 1506 3433 consentiant.
1548 3376 1689 3431 Caro
1739 3376 1888 3430 enim

311 3469 417 3542 legi
453 3470 547 3527 Dei
582 3484 691 3527 nou
721 3470 1006 3540 subjicitur
1039 3469 1109 3535 ⁵³,
1143 3468 1239 3524 sed
1263 3467 1602 3537 concupiscit
1632 3470 1890 3522 adversus

308 3563 561 3632 spiritum
576 3562 648 3615 ⁸⁸.
672 3561 982 3629 Quinetiam
1007 3561 1060 3615 hi
1080 3560 1336 3615 dicuntur
1357 3558 1646 3615 ldumaeam
1672 3558 1887 3627 praeda-

309 3655 441 3720 turi,
487 3656 590 3710 hoc
640 3663 746 3720 est,
806 3667 987 3708 rerum
1057 3661 1396 3707 terrenarum
1444 3650 1692 3721 petituri,
1742 3656 1796 3702 et
1831 3649 1885 3702 iu

306 3744 465 3801 Moab
513 3760 703 3800 manus
764 3743 1038 3814 injecturi.
1112 3741 1309 3808 Moab,
1350 3742 1417 3798 si
1478 3740 1884 3811 interpreteris,

305 3843 488 3903 nonat,
529 3839 596 3894 de
656 3844 826 3907 putre.
873 3834 1054 3905 Quare
1100 3834 1168 3891 ad
1209 3835 1356 3905 ipsos
1394 3834 1529 3890 dixit
1570 3832 1834 3887 Dominus
1867 3847 1882 3885 :

315 3926 418 3984 Vos
437 3944 503 3983 ea:
525 3939 673 3999 patre
699 3927 908 3981 diabolo
943 3926 1067 3981 estis
1091 3940 1111 3980 :
1141 3932 1195 3980 et
1228 3924 1488 3979 desideria
1521 3925 1692 3994 patris
1722 3921 1885 3979 vestri

300 4020 459 4074 vultis
519 4019 694 4090 facere
714 4018 782 4074 “.
829 4017 1081 4088 lnjiciunt
1126 4017 1180 4073 in
1228 4030 1324 4072 eos
1373 4030 1501 4071 suas
1552 4031 1767 4079 manus,
1826 4026 1887 4070 ut

301 4113 458 4168 bouis
504 4113 621 4167 suis
671 4110 929 4180 operibus
962 4111 1108 4181 ipsos
1162 4109 1266 4165 sibi
1313 4108 1626 4180 subjiciam.
1678 4107 1885 4163 Deinde

302 4203 435 4257 Filii
460 4202 679 4257 Ammon
698 4203 858 4272 primi
880 4202 1141 4258 obedient.
1165 4201 1420 4267 Ammon,
1446 4201 1588 4269 quod
1613 4201 1680 4255 ad
1700 4199 1876 4255 nomi-

2003 1824 2184 1879 καλῶν
2212 1825 2464 1895 μίμησις,
2508 1824 2622 1878 ἀλλ’
2651 1827 2685 1895 ἡ
2720 1822 2813 1876 ἐπὶ
2856 1825 2973 1887 ταῖς
3014 1823 3342 1893 εὐπραγίαις
3371 1822 3585 1893 βασκα-

2002 1913 2091 1969 νία
2119 1914 2271 1985 παρά
2306 1914 2404 1986 τῆς
2433 1915 2654 1985 Γραφῆς
2695 1913 2931 1984 εἴρηται.
2964 1913 3098 1967 Τότε
3132 1910 3225 1967 οὗν
3263 1916 3321 1967 ἐν
3351 1931 3589 1985 συμφω-

2001 2004 2090 2075 νίᾳ
2116 2004 2415 2074 γενόμενοι,
2440 2002 2932 2075 Πετασθήο-ονται
2957 2003 3028 2057 ἐν
3054 2003 3289 2070 πλοίοις
3311 2005 3585 2074 ἀλλοφύ-

2000 2098 2145 2160 λων,
2184 2094 2506 2149 θάλασσαν
2537 2094 2658 2165 ἅμα
2685 2095 3193 2164 προνομεύσουσι.
3216 2094 3315 2148 Διά
3352 2096 3449 2167 τῆς
3478 2096 3582 2149 θα-

1997 2186 2205 2259 λάσσης
2226 2186 2406 2251 καλῶς
2430 2186 2743 2259 παρέστησε
2774 2187 2901 2251 τοὺς
2927 2185 3421 2258 ταχυναυτοῦντας,
3449 2204 3583 2241 πτε-

1999 2279 2079 2351 ρῷ
2106 2280 2446 2351 παρεικάσας
2476 2281 2574 2351 τὴν
2599 2279 2845 2350 κίνησιν*
2885 2279 3013 2332 ὅταν
3060 2278 3257 2350 πλήρει
3288 2278 3366 2349 τῷ
3398 2278 3583 2351 ἱστίῳ,

1998 2370 2328 2439 συμμέτρως
2353 2368 2446 2421 τοῦ
2479 2369 2785 2441 πνεύματος
2811 2366 2952 2422 κατά
2984 2367 3235 2440 πρύμναν
3261 2367 3574 2438 ἱσταμένου.

1996 2461 2137 2531 ὑπὲρ
2166 2458 2441 2531 θαλάσσης
2483 2460 2774 2530 φέρωνται.
2806 2457 3210 2530 Προνομεύουσι
3246 2460 3304 2513 δέ
3337 2459 3449 2531 (68)
3480 2461 3580 2515 θά-

1993 2552 2220 2618 λασσαν,
2275 2552 2369 2607 τοῦ
2433 2553 2727 2624 δράκοντος
2765 2554 3187 2627 περιγινόμενοι,
3219 2555 3313 2609 καὶ
3343 2554 3453 2608 τῶν
3480 2556 3578 2609 ὑπ’

1994 2643 2141 2715 αὐτῷ
2190 2642 2551 2715 τελουμένων,
2601 2642 2696 2707 οὓς
2749 2645 2797 2696 οἱ
2845 2643 3130 2697 ἀπόστολοι
3184 2643 3278 2698 τοῦ
3330 2644 3575 2717 Χριστοῦ

1994 2738 2073 2799 εἰς
2100 2735 2197 2806 τὴν
2247 2735 2540 2802 ἐπίγνωσιν
2592 2735 2690 2805 τῆς
2722 2733 2982 2806 ἀληθείας
3037 2734 3442 2805 μετατιθέντες,
3492 2736 3575 2789 δι-

1993 2826 2163 2890 καίως
2208 2825 2273 2880 ἂν
2304 2825 2548 2894 λέγοιντο
2602 2824 2985 2898 προνομεύειν,
3029 2826 3193 2879 οἱονεὶ
3242 2825 3416 2879 σκῦλα
3444 2827 3577 2878 ἐαυ-

1991 2918 2098 2971 τῶν
2130 2916 2443 2989 ποιούμενοι
2489 2917 2560 2971 τά
2592 2917 3042 2989 προκατεχόμενα
3074 2916 3179 2970 ὑπὸ
3226 2900 3321 2970 τοῧ
3368 2917 3576 2987 αἰχμά-

1992 3008 2159 3063 λωτον
2187 3008 2297 3080 (69)
2328 3008 2707 3077 ἀπαγαγόντος
2761 3008 2853 3061 τὸν
2901 3006 3209 3079 ἄνθρωπον.
3281 3006 3577 3062 Θάλασσαν

1991 3102 2048 3155 δέ
2077 3100 2365 3154 ἀκουστέον
2396 3099 2491 3155 νῦν
2528 3100 2619 3167 τὸν
2663 3100 2764 3171 τῆς
2796 3100 3095 3167 κακώσεως
3126 3102 3313 3167 τόπον,
3368 3103 3429 3158 ὃν
3468 3103 3571 3156 καὶ

1992 3192 2211 3246 κοιλάδα
2270 3190 2362 3245 τοῦ
2437 3190 2790 3262 κλαυθμῶνος
2845 3193 3076 3265 ἀλλαχοῦ
3139 3195 3568 3266 μεμαθήκαμεν.

1990 3285 2157 3339 Πλοῐα
2188 3285 2246 3338 δὲ
2275 3283 2587 3355 ἀλλοφύλων
2614 3285 2833 3354 λέγεται
2865 3286 3009 3357 τάχα
3034 3287 3103 3341 τά
3130 3288 3360 3357 σώματα
3379 3290 3413 3359 ἡ
3423 3288 3571 3358 μῶν,

1988 3372 2075 3427 διὰ
2102 3374 2164 3427 τὸ
2197 3373 2271 3445 μὴ
2301 3373 2444 3445 ἐχειν
2476 3372 2692 3438 οἰκείως
2738 3374 2874 3447 πρὸς
2922 3375 3020 3446 τὴν
3051 3376 3152 3446 τῆς
3190 3376 3367 3447 ψυχῆς
3399 3392 3571 3431 κατα-

1991 3466 2211 3537 σκευήν.
2251 3466 2317 3519 Ἡ
2360 3464 2470 3538 γὰρ
2520 3464 2658 3537 σάρξ
2700 3466 2778 3538 τῷ
2818 3468 2968 3539 νόμῳ
3001 3467 3096 3522 τοῦ
3133 3467 3268 3541 Θεοῦ
3292 3469 3392 3540 οὐχ
3433 3470 3569 3522 ὐπο-

1987 3559 2266 3624 τάσσεται,
2305 3557 2419 3613 ἀλλ’
2453 3557 2709 3629 ἐπιθυμεῖ
2759 3560 2901 3614 κατά
2938 3558 3032 3613 τοῦ
3080 3561 3408 3631 πνεύματος.
3458 3553 3569 3615 Οὗ-

1986 3668 2069 3705 τοι
2111 3650 2170 3703 δὲ
2219 3649 2314 3704 καὶ
2348 3648 2445 3720 τὴν
2498 3648 2800 3719 Ἰδουμαίαν
2856 3649 3215 3723 προνομεύειν
3266 3650 3516 3719 λέγονται
3543 3667 3565 3682 ο

1985 3743 2250 3805 τουτέστι,
2307 3742 2414 3796 τῶν
2444 3742 2646 3814 γηίνων
2677 3744 3020 3815 πραγμάτων
3067 3745 3404 3816 ἐπικρατεῖν,
3462 3745 3565 3797 καὶ

1986 3834 2078 3887 ἐπὶ
2102 3832 2274 3887 Μωάϐ
2308 3830 2617 3887 ἐπιϐάλλειν
2646 3834 2745 3898 τὰς
2795 3837 3005 3906 χεῖρας.
3046 3834 3220 3889 Μωάϐ
3256 3836 3564 3907 ἑρμηνεύε-

1983 3943 2094 3990 ται,
2122 3924 2192 3978 ἐκ
2214 3924 2451 3993 πατρός.
2507 3924 2650 3996 Πρὸς
2680 3922 2773 3981 οὖν
2803 3926 2996 3991 αὐτοὺς
3021 3928 3241 3998 εἴρηκεν
3272 3930 3302 3981 ὁ
3328 3927 3557 4000 Κύριος,

1982 4018 2064 4071 ὅτι
2100 4015 2285 4086 Ὑμεῖς
2311 4016 2381 4069 ἐκ
2418 4015 2525 4071 τοῦ
2550 4017 2773 4086 πατρὸς
2799 4017 2906 4072 τοῦ
2944 4017 3227 4073 διαϐόλου
3264 4018 3429 4085 ἐστὲ,
3459 4020 3559 4074 και

1981 4105 2088 4172 τὰς
2113 4106 2428 4175 ἐπιθυμίας
2471 4105 2581 4162 τοῦ
2620 4107 2845 4176 πατρὸς
2891 4107 3059 4178 ὑμῶν
3094 4109 3295 4164 θέλετε
3335 4110 3551 4165 ποιεῖν.

1982 4193 2202 4259 Τούτοις
2226 4194 2324 4259 τὰς
2356 4195 2563 4249 ἐαυτῶν
2584 4199 2770 4268 χεῖρας
2797 4197 3197 4263 ἐπιϐάλλουσιν,
3228 4201 3315 4253 ἵνα
3336 4200 3424 4255 διὰ
3451 4200 3557 4271 τῆς

298 4297 386 4352 nis
408 4295 909 4365 interpretationem
941 4293 1157 4358 attinet,
1185 4293 1326 4349 idem
1371 4291 1523 4347 valet
1565 4306 1631 4346 ac
1656 4290 1879 4360 populus

1995 4286 2185 4341 ἑαυτῶν
2217 4286 2427 4358 ἀγαθῆς
2468 4286 2720 4358 πράξεως
2765 4290 3106 4363 ὑποχειρίους
3151 4293 3348 4357 αὐτοὺς
3374 4292 3555 4347 λάϐω-

295 4388 589 4443 stobisrum.
634 4385 801 4442 Forte
834 4386 928 4456 qui
970 4384 1166 4439 minori
1233 4384 1457 4439 malitia:
1497 4392 1624 4438 sunt
1656 4383 1874 4439 obnoxii

1995 4395 2082 4432 rw.
2138 4372 2273 4431 Εἶτα
2337 4376 2457 4432 Υίοι
2517 4377 2752 4448 Ἀμμὼν
2801 4378 3021 4448 πρῶτοι
3075 4383 3549 4439 ὑπακούσονται.

293 4488 410 4543 ιπτε
446 4475 521 4529 iis
554 4473 647 4543 qui
693 4475 949 4557 nequitia:
989 4472 1213 4542 majoris
1257 4483 1315 4530 et
1358 4473 1524 4528 latius
1565 4468 1749 4528 effusa:
1793 4471 1873 4528 rei

294 4576 448 4631 sunt,
483 4565 747 4633 parebunt
772 4565 938 4620 verbo
963 4566 1142 4635 primi.

1992 4469 2215 4542 ’Δμμὼν
2248 4469 2361 4541 (70)
2400 4469 2784 4542 ἑρμηνεύεται,
2818 4470 2968 4538 λαὸς
2989 4475 3118 4541 μεθ’
3154 4473 3343 4543 ἡμῶν.
3394 4476 3554 4548 Τάχα

1981 4562 2184 4634 πρῶτοι
2213 4561 2610 4616 ὑπακούσονται
2638 4561 2716 4634 τῷ
2751 4562 2895 4635 λόγῳ
2936 4567 2987 4618 οἱ
3012 4565 3268 4621 ἐλάττονα
3309 4568 3410 4640 τὴν
3447 4587 3549 4625 κα-

291 4658 416 4713 κίαν
447 4656 683 4728 ἔχοντες,
720 4656 870 4729 παρὰ
893 4659 1020 4721 τοὺς
1046 4656 1264 4712 πλείονα
1288 4655 1458 4728 αὐτὴν
1487 4656 1582 4710 καί⁸
1605 4653 1699 4708 ἐπὶ
1728 4653 1911 4708 πλεῖον
1937 4653 2247 4725 κεχυμένην
2278 4653 2522 4724 ἔχοντας.

359 4771 406 4803 ⁸⁸
438 4770 642 4825 Coloss.
677 4785 715 4828 ι.
738 4767 830 4823 20.
905 4771 950 4802 ⁸¹
988 4772 1127 4826 Psal.
1160 4784 1387 4832 Lxxxnt,
1419 4769 1472 4824 7.
1546 4768 1593 4800 ⁸²
1628 4766 1786 4821 Rom.
1816 4782 1884 4822 vn

2001 4803 2020 4822 .
2093 4767 2141 4800 ³³
2162 4766 2337 4825 Galat.
2368 4782 2421 4831 v,
2458 4766 2546 4821 17.
2611 4767 2661 4800 ³⁸
2681 4766 2839 4825 Joan.
2867 4784 2987 4835 vm,
3016 4770 3108 4825 44.

336 4909 465 4975 (66)
492 4908 710 4964 Veteres
739 4909 943 4977 aliquot
969 4905 1113 4977 libri,
1148 4907 1243 4960 καὶ
1265 4904 1359 4959 τά.
1384 4902 1580 4959 Statim
1615 4900 1770 4967 editi,
1800 4901 1860 4954 ἐν

514 4973 856 5052 ᾼιηιιιεεη-ἐν
887 4973 1054 5052 αὐτῷ.
1141 5045 1216 5052 ___
1365 5040 1411 5052 ,ο
1453 5051 1459 5052 γ
1654 5038 1670 5052 ‘
1795 5038 1827 5052 υ

362 5038 491 5121 (δὴ
524 5038 934 5121 ΕάἰιίνἜοικέ-
968 5038 1033 5113 γε
1091 5045 1311 5121 μᾷλλον.
1365 5040 1590 5121 Veteres
1639 5038 1745 5121 duo
1795 5038 1858 5121 l'i-

290 5109 393 5191 bri,
428 5109 613 5191 Ἔοικε
653 5109 762 5191 γὰρ
814 5109 1028 5191 μᾶλλον.
1080 5109 1183 5168 Alii
1232 5126 1359 5191 tres,
1399 5112 1581 5191 Ἕοικξ
1608 5110 1716 5179 γὰρ
1751 5109 1856 5190 μά-

284 5180 460 5244 λιστα.
519 5188 628 5243 Nec
666 5180 758 5243 ’ἰιξι
814 5180 987 5239 ἰιιιιιιο
1052 5194 1171 5251 post
1229 5185 1358 5238 editi
1420 5192 1474 5235 et
1540 5180 1671 5251 Reg.
1705 5180 1848 5251 pri-

287 5275 426 5330 ntus,
464 5258 559 5315 νῦν
598 5258 720 5330 οὐχὶ
768 5256 900 5311 τῶν.
940 5249 1063 5308 Alii
1090 5254 1326 5325 quinque
1365 5267 1516 5313 mss.,
1550 5249 1645 5303 νῦν
1665 5249 1765 5319 οὐχ
1816 5250 1850 5321 ἡ

279 5345 411 5384 των.

354 5398 467 5469 (68)
480 5398 675 5454 Addita
705 5404 790 5453 est
809 5392 997 5469 vocula
1020 5392 1080 5469 δέ
1111 5409 1182 5469 es
1201 5391 1400 5469 nostris
1420 5406 1512 5469 ses
1552 5387 1851 5469 codicibus.

281 5458 405 5523 Mo‘x
450 5458 578 5524 editi
626 5477 681 5523 et
731 5466 998 5537 recentior
1033 5462 1344 5537 Gombeﬁsii
1382 5463 1571 5537 codex,
1628 5459 1722 5537 ὑπ’
1753 5458 1851 5510 αὑ.

275 5537 407 5592 τῶν·
438 5553 557 5607 qua!
583 5539 751 5608 mala‘
765 5536 941 5608 lectio,
974 5546 1031 5589 ut
1081 5530 1687 5608 ﬁerisolet._iuterpreti
1729 5537 1849 5608 tan-

278 5616 364 5662 tas
393 5601 641 5662 tenebras
675 5606 884 5668 olludit,
920 5611 977 5658 ut
1032 5605 1245 5673 quidvis
1295 5601 1471 5670 potius
1516 5601 1848 5673 quam_ejtts

1964 4898 2274 4979 Cpntbelisii
2315 4900 2640 4979 επακ-ὑπ’
2687 4906 2855 4978 αὐτῷ.
2892 4898 3003 4961 Alii
3029 4917 3288 4979 quatuor,
3313 4911 3408 4964 ὑπ’
3435 4911 3543 4968 αὓ-

1962 4970 2072 5047 τᾲν.
2123 4969 2249 5047 Haec
2306 4977 2443 5037 apud
2496 4969 2843 5047 ProcOpium,
2905 4993 3029 5047 pag.
3051 4969 3193 5045 .189,
3232 4969 3337 5037 non
3370 4984 3544 5038 multo

1964 5041 2120 5094 aliter
2183 5040 2455 5125 leguntur,
2489 5045 2609 5125 _ltqc
2666 5040 2919 5125 videlicet
2972 5040 3132 5125 {nodo
3178 5040 3195 5104 Ξ
3254 5049 3349 5105 τοῦ
3409 5052 3545 5125 δρά-

1961 5126 2150 5193 κοντος
2191 5109 2429 5193 καιτῶν
2478 5114 2572 5193 ὑπ’
2628 5115 2775 5186 αὐτῷ
2834 5115 3130 5193 τελούντων
3188 5109 3546 5193 περιγενόμε-

1960 5195 2059 5261 νοι,
2088 5179 2332 5261 draconis
2366 5184 2529 5261 simul
2582 5192 2631 5261 et
2676 5179 2856 5239 eorum
2898 5187 2988 5255 qui
3033 5189 3149 5257 ejus
3182 5179 3401 5259 imperio
3440 5179 3543 5261 pa-

1961 5252 2180 5322 rehaut,_
2200 5252 2418 5322 victores
2451 5254 2646 5322 effecti.

2028 5319 2140 5397 (69)
2167 5318 2221 5371 lu
2249 5320 2414 5397 editis
2433 5318 2689 5397 corrupte
2715 5323 2934 5393 legitur,
2965 5326 3337 5397 αἰχμαλώτου.
3372 5329 3443 5384 At
3478 5331 3536 5387 in

1956 5390 2155 5469 nostris
2180 5403 2277 5442 sex
2301 5392 2573 5469 codicibus
2605 5390 2816 5466 integre
2837 5406 2891 5451 et
2916 5390 3233 5468 incorrupte
3265 5400 3534 5469 scripturn

1957 5458 2635 5544 repgr‘i‘tur,ualxp.dtkwcov.

2026 5528 2295 5607 (79)_Ali_i
2330 5528 2508 5607 aliter
2550 5549 2747 5589 nomen
2804 5534 3527 5607 ’Aptttbvinterprctantnr.

1952 5593 2103 5671 Quod
2119 5593 2177 5652 ἐἰ
2198 5599 2684 5671 (ιιιίερῑιιιιιοιιιιι-υηι
2716 5593 2897 5658 rerum
2916 5593 3194 5662 studiosus
3209 5593 3310 5671 est,
3329 5593 3523 5665 varias

276 5677 378 5732 loci
434 5691 650 5732 sensum
687 5666 1179 5748 expresserit.'Sic
1230 5666 1372 5725 enim
1418 5669 1618 5748 v_e_rtit_:
1673 5666 1845 5748 [gl-tis
1949 5666 2067 5748 ejus
2101 5666 2337 5748 nominis
2361 5672 2837 5745 interpretationes
2862 5675 2920 5732 in
2950 5674 3130 5733 Ducati
3158 5666 3307 5734 notis
3337 5676 3526 5748 legere

268 5748 498 5803 salutari
522 5735 775 5809 baptismo
809 5744 1058 5811 initiatis,
1099 5758 1227 5814 quos
1261 5738 1504 5813 apostoli,
1548 5744 1659 5797 etc.
1687 5735 1842 5792 Alter
1951 5737 2176 5805 poterit.
