3810 6214
304 408 422 463 251.
452 401 579 461 Εἶτα
621 407 872 482 ἐπιφέρει
896 426 911 439 ο
954 409 1064 465 Καί
1100 410 1394 481 ἐρημώσει
1426 412 1639 482 Κύριος
1669 411 1783 481 τὴν
1810 416 1860 475 Α

245 496 542 554 θάλασσαν
560 498 883 567 Αἰγύπτου.
912 500 1124 573 Ὠσπερ
1147 503 1177 553 ὁ
1220 502 1478 575 ’ῐεζεκιὴλ
1508 502 1784 571 Αἰγύπτου

245 588 500 658 ποταμοὺς
526 582 664 641 εἶναι
701 587 868 657 λέγει,
905 589 1001 654 οὓς
1034 590 1234 663 Φαραὼ
1267 592 1625 662 πεποιηκέναι
1662 591 1788 646 ἀλα-

220 676 495 752 ;ζονεύεται
512 693 527 709 ο
555 677 729 743 οὕτως
756 679 785 732 ὁ
823 679 1052 745 Ἡσαΐας
1079 681 1352 736 Θάλασσαν
1372 682 1646 752 Αἰγύπτου
1672 682 1788 735 ὀνο-

218 725 408 839 ίμάζει,
432 770 617 840 ἥντινα
667 725 725 824 ὁτ
742 770 945 840 ἀγαθὸς
986 725 1119 838 Θεὸς
1158 725 1786 846 ἐρημώσειάΕύεργεσία

240 858 336 930 γάρ
361 862 392 933 ἡ
417 861 521 915 ἀπὸ
550 860 836 933 μοχθηρῶν
852 864 1189 935 πραγμάτων
1212 867 1270 921 ἐν
1290 866 1468 939 καιρῷ
1485 866 1655 937 δεκτῷ
1673 865 1785 937 (71)

242 951 527 1024 ἐπαγομένη
584 953 880 1023 ἐρήμωσις.
932 954 1142 1027 Ὥσπερ
1184 955 1241 1009 δὲ
1309 956 1635 1026 Ἐρημὼσει
1668 958 1788 1011 Κύ-

235 1057 351 1111 ριος
370 1040 480 1109 τὴν
505 1040 829 1097 θάλασσαν
854 1045 1176 1113 Αἰγύπτου,
1229 1046 1328 1101 καί
1371 1047 1644 1102 ἐπιϐαλεῐ
1673 1047 1786 1117 (72)

240 1131 325 1185 ex!
353 1131 455 1185 τὸν
482 1131 754 1202 ποταμὸν
778 1135 1068 1204 πνεύματι
1090 1135 1271 1201 βιαίῳ
1289 1153 1302 1166 ο
1330 1136 1472 1190 οὕτω
1522 1136 1631 1191 Καὶ
1677 1149 1789 1191 πα·

239 1218 386 1283 τάξει
420 1219 526 1286 τὰς
551 1221 702 1277 ἑπτὰ
730 1220 839 1289 τῆς
863 1225 1168 1293 Αἰγύπτου
1188 1225 1490 1296 φάραγγας
1507 1243 1521 1257 ·
1550 1226 1647 1280 καὶ
1664 1226 1785 1279 τότε

236 1307 627 1381 διαπορεύσεταί
664 1329 748 1377 τις
771 1313 861 1366 τὸν
882 1312 1157 1382 Αἰγύπτου
1185 1316 1430 1387 ποταμὸν
1463 1315 1788 1387 ὑποδεδεμέ-

237 1417 334 1465 νος.
376 1402 447 1455 Τὸ
494 1403 753 1476 πενιχρὸν
785 1405 1039 1476 σημαίνει
1082 1407 1176 1459 τοῦ
1230 1407 1423 1471 ὓδατος
1448 1408 1541 1462 τοῦ
1575 1407 1789 1461 ὑπολει-

236 1493 443 1563 φθέντος
467 1494 547 1566 τῷ
579 1494 733 1550 ὕδατι
791 1496 871 1568 τῷ
921 1497 1193 1569 ποταμίῳ.
1249 1497 1407 1553 Οὕτω
1463 1499 1575 1572 γὰρ
1607 1499 1787 1569 ὀλίγον

235 1583 390 1647 ἔσται,
422 1585 454 1655 ἢ
486 1585 584 1639 καὶ
610 1585 889 1650 παντελῶς
933 1586 1461 1660 άποξηρανθήσεται,
1518 1589 1595 1653 ὡς
1654 1589 1788 1660 μηδὲ

237 1674 420 1745 ἰκμάδα
438 1675 847 1747 ὑπολειφθῆναι,
881 1677 949 1731 δι’
978 1678 1046 1747 ἢν
1066 1678 1637 1750 άναγκασθήσεταίτις
1666 1680 1788 1733 ὑπο-

234 1767 513 1838 λυσάμενος
537 1769 773 1841 ἐμϐῆναι
802 1771 895 1824 τὸν
925 1771 1187 1843 ποταμόν.
1220 1772 1291 1825 Ἢ
1319 1771 1458 1843 τάχα
1495 1772 1574 1837 δὲ,
1597 1772 1784 1845 ἐπειδὴ
1818 1753 1859 1807 Β

234 1859 439 1914 Μωὺσεῖ
457 1862 555 1914 καὶ
603 1862 777 1932 Ἰησοῦ
804 1862 996 1934 ἐλέχθη
1022 1863 1181 1918 λῦσαι
1208 1863 1270 1919 τὸ
1298 1863 1547 1935 ὑπόδημα
1567 1863 1661 1917 τοῦ
1691 1881 1787 1917 πο-

232 1947 330 2014 δὸς,
361 1948 446 2004 διὰ
470 1951 533 2004 τὸ
564 1951 663 2023 τὴν
690 1952 815 2024 γῆν,
858 1954 942 2023 ἐφ’
1085 1953 1198 2024 (7'5)
1232 1955 1593 2026 εἰστήκεισαν,
1625 1954 1786 2023 ἁγίαν

233 2039 389 2096 εἶναι·
419 2046 579 2116 μήτοι
614 2046 784 2118 αὐτὴν
811 2045 869 2099 δὲ
900 2041 1039 2100 εἶναι
1073 2046 1172 2118 τὴν
1212 2047 1504 2116 Αἴγυπτον,
1531 2045 1667 2101 ἀλλὰ
1699 2046 1787 2117 βέ-

233 2132 401 2204 ϐηλον,
431 2136 748 2189 κελεύονται
777 2136 1158 2208 ὑποδεδεμένοι
1194 2139 1531 2190 καταπατεῖν
1557 2137 1649 2189 τὸν
1704 2152 1789 2188 πο-

229 2225 408 2297 ταμὸν,
438 2229 534 2282 καὶ
570 2228 643 2300 μὴ
678 2228 1030 2282 ἀποτίθεσθαι
1059 2227 1128 2281 τὰ
1157 2228 1500 2298 ὑποδήματα.
1529 2226 1603 2297 Ξη
1615 2227 1789 2299 ραίνε-

232 2334 313 2370 ται
332 2317 386 2371 δὲ
415 2318 576 2391 βιαίῳ
605 2318 740 2373 Θεοῦ
764 2319 1171 2392 κεκρατημένος
1191 2318 1482 2390 πνεύματι.
1512 2319 1609 2371 Διὰ
1634 2318 1788 2373 τοῦτο

230 2409 432 2478 ἀνάξιόν
478 2414 597 2466 ἐστι
624 2412 684 2465 τὸ
730 2412 922 2482 ἔδαφος
969 2413 1246 2482 Αἰγύπτου
1276 2413 1481 2482 γυμνὸν
1535 2411 1787 2478 δέξασθαι

230 2501 285 2555 τδ
314 2501 453 2573 ἴχνος
474 2504 589 2557 τῶν
618 2503 1085 2577 διαπορευομένων
1108 2504 1298 2574 ἁγίων.
1328 2504 1490 2558 Ὅθεν
1524 2504 1616 2557 καὶ
1649 2504 1697 2556 oi
1728 2503 1789 2556 τὸ

234 2592 403 2664 πάσχα
430 2595 728 2663 ἐσθίοντες,
769 2595 837 2649 τὰ
860 2596 1184 2667 ὑποδήματα
1227 2597 1285 2649 ἐν
1319 2598 1431 2659 τοῖς
1462 2595 1620 2648 ποσὶν
1647 2593 1789 2664 ἔχειν

232 2682 552 2740 ἐκελεύοντο.
585 2687 757 2740 Ὅπου
808 2686 917 2761 γὰρ
944 2687 1065 2757 ὄφις
1106 2687 1338 2751 δάκνων,
1369 2687 1462 2741 καὶ
1489 2686 1746 2758 σκορπίος
1772 2702 1787 2717 ·

229 2771 359 2827 ἔστω
387 2774 454 2828 τά
482 2775 809 2847 ὑποδήματα
863 2779 921 2830 ἐν
974 2778 1086 2839 τοῖς
1136 2775 1292 2830 ποσὶν
1320 2815 1335 2838 ,
1388 2774 1790 2845 άσφαλιζόμενα

232 2866 347 2929 τοὺς
372 2866 538 2931 πόδας
571 2861 653 2929 οἷς
699 2866 1089 2939 περιϐέϐληται
1108 2883 1122 2896 ⁸
1154 2866 1375 2920 ἐπειδάν
1410 2866 1470 2920 δέ
1498 2883 1584 2929 τις
1612 2865 1792 2938 φθάσῃ

233 2956 323 3028 ἤδη
350 2959 438 3011 ἐπὶ
462 2958 556 3012 τὸν
586 2959 740 3027 ἆγιον
760 2959 943 3021 τόπον,
976 2958 1099 3012 τότε
1127 2955 1443 3013 ὑπολυέσθω
1469 2956 1543 3022 ὡς
1578 2958 1627 3009 οἱ
1655 2957 1790 3010 ἀπό-

232 3048 393 3102 στολοι
422 3049 518 3103 τοῦ
573 3049 832 3122 Χριστοῦ,
864 3050 1002 3122 πρὸς
1044 3050 1136 3114 οὓς
1169 3050 1405 3123 εἴρηται,
1438 3049 1570 3122 μηδὲ
1603 3048 1794 3120 ὑποδή-
1818 3085 1860 3143 c

234 3156 368 3207 ματα
393 3142 590 3212 αἴρειν.
628 3141 737 3195 Καὶ
765 3141 937 3195 ἔσται
966 3140 1048 3207 τῷ
1081 3141 1326 3211 Ἰσραὴλ
1370 3142 1450 3207 ὡς
1502 3143 1540 3210 ἠ
1579 3140 1787 3209 ’ἡμέραν

230 3228 321 3283 ὅτε
356 3231 618 3300 ἐξῆλθεν
647 3234 714 3286 ἐκ
748 3232 862 3303 γῆς
892 3232 1003 3304 (⁸14)
1033 3236 1353 3303 Αἰγύπτου.
1379 3234 1489 3288 Καὶ
1517 3233 1625 3305 γὰρ
1667 3233 1790 3285 τότε

233 3322 359 3392 μετὰ
390 3325 755 3396 ὑποδημάτων
783 3325 1029 3397 παρῆλθε
1058 3325 1157 3397 τὴν
1185 3324 1462 3380 θάλασσαν
1488 3324 1587 3396 τὴν
1634 3324 1789 3396 Ἐρυ-

230 3409 393 3483 θρὰν,
439 3415 633 3487 ἐπειδὴ
676 3415 1010 3487 ἐπετίμησεν
1060 3416 1197 3486 αὐτῇ
1223 3417 1251 3469 ὁ
1282 3414 1526 3479 δυνατὸς,
1571 3415 1664 3469 καὶ
1707 3412 1792 3480 ἐξ-

229 3500 447 3574 ηράνθη.
479 3503 598 3556 Καὶ
623 3503 714 3558 τὸν
749 3503 1020 3575 Ἰορδάνην
1044 3503 1321 3574 παρῆλθον
1354 3504 1474 3557 ποδὶ
1493 3546 1508 3571 ,
1562 3504 1792 3575 ἄϐροχον

233 3593 289 3646 τὸ
313 3593 452 3665 ἴχνος
491 3594 939 3663 διαφυλάξαντες,
979 3595 1058 3667 τῷ
1104 3598 1282 3650 πᾶσαν
1322 3596 1523 3668 ἰκμάδα
1562 3596 1795 3668 ὑποφεύ-

234 3697 341 3751 γειν
369 3685 549 3738 αὐτῶν
569 3684 669 3756 τὴν
702 3685 880 3757 βάσιν.

293 3773 414 3830 252.
442 3775 581 3830 Τότε
613 3773 707 3831 οὖν
728 3780 844 3850 ἐρεῖ
861 3780 889 3831 ὁ
912 3777 1041 3842 λαός
1063 3796 1078 3809 ·
1111 3778 1444 3849 Εὐλογνήσω
1476 3794 1571 3844 σε,
1594 3780 1789 3848 Κύριε,

230 3860 370 3917 διότι
392 3864 696 3935 ὠργίσθης
729 3884 853 3937 μοι,
885 3867 982 3920 καί
1032 3866 1417 3937 ἁπέστρεψας
1460 3867 1569 3922 τὸν
1603 3871 1794 3939 θυμόν

228 3969 358 4021 σου,
395 3957 790 4028 καίήλέησάς
813 3976 890 4029 με
914 3960 1050 4031 (75).
1089 3960 1331 4029 Ἀφίεταί
1376 3976 1463 4023 τις
1503 3960 1790 4025 πολλάκις,

229 4047 316 4100 καί
347 4050 824 4118 ἐγκαταλείπεται,
851 4051 938 4104 διὰ
960 4051 1023 4104 τὸ
1056 4051 1201 4118 ἅπαξ
1235 4052 1571 4123 ὑποσυρῆναι
1608 4054 1688 4116 εἰς
1725 4052 1795 4107 τά

228 4134 494 4206 Αἰγύπτια
517 4138 689 4204 κακά,
724 4140 819 4194 καὶ
840 4139 1032 4211 χρόνον
1056 4139 1177 4192 τινὰ
1201 4138 1506 4193 ἀπολαῦσαι
1527 4140 1628 4210 τῆς
1660 4140 1793 4204 ἰδίας

229 4227 496 4294 ἀϐουλίας,
535 4231 623 4285 ἵνα
648 4231 837 4303 θερίσῃ
882 4230 918 4285 ἃ.
972 4231 1193 4302 ἔσπειρε
1234 4231 1420 4294 κακῶς
1442 4247 1456 4261 ’
1492 4230 1552 4294 ὃς
1578 4231 1794 4286 ἐπειδὰν

231 4317 301 4390 μὴ
332 4321 410 4385 εἰς
433 4323 496 4376 τὸ
529 4322 790 4387 παντελὲς
818 4322 1241 4394 ἐγκαταλειφθῇ,
1290 4321 1426 4375 ἀλλὰ
1476 4322 1613 4395 τύχῃ
1649 4321 1794 4385 τινὸς

917 286 1279 345 conum.
1319 287 1388 344 IN
1425 286 1665 345 [sum
1696 286 2135 345 puerperam.
2176 283 2330 346 CAP.
2368 288 2444 345 xx
2479 287 2572 344 ET
2606 267 2733 352 xu;

3355 285 3462 342 562

1953 413 2077 468 25L
2100 411 2288 468 Postea
2300 411 2576 483 subjungit
2604 406 3089 482 (Vens.l5)571:
3113 407 3179 463 Et
3205 407 3481 463 άηοίιιίιὶι

1886 505 2146 558 Dominus
2175 518 2322 558 mare
2343 502 2589 574 ngypti.
2612 501 3075 569 Quemadmodum
3105 499 3357 555 Ezechiel
3386 499 3464 555 ait
3534 522 3544 567 ε

1886 607 2009 647 esse
2050 592 2271 663 Egypti
2322 593 2539 659 ﬂuvios,
2570 607 2707 663 quos
2748 591 3051 648 confecisse
3092 607 3152 648 se
3201 589 3463 661 gloriatur
3493 592 3539 637 εξ

1886 680 2100 735 Pharao
2128 682 2220 736 "‘z
2252 680 2327 735 ita
2357 681 2528 737 Isaias
2573 683 2641 738 de
2684 680 2823 735 mari
2861 678 3082 751 Egypti
3118 694 3148 734 a
3182 679 3322 733 bono
3350 679 3463 734 Deo

1888 771 2182 826 desolando
2250 770 2572 826 nominatim
2628 770 2960 826 mentionem
3021 770 3171 826 facit.
3216 767 3461 825 Vastitas

1885 863 2027 917 enim
2054 878 2175 934 quas
2191 873 2311 933 post
2335 878 2498 934 prava
2525 862 2763 918 facinora
2785 874 3027 933 tempore
3049 872 3272 934 accepto
3301 858 3488 934 indu-1'

1886 953 2048 1017 citur,
2084 952 2330 1007 beneﬁcii
2356 951 2476 1008 loco
2504 953 2752 1008 habenda
2785 960 2889 1009 est.
2920 951 3273 1007 Sicutautem
3293 950 3486 1027 Duo-3

1885 1040 2014 1093 (abit
2053 1040 2306 1095 Dominus
2346 1057 2494 1095 mare
2526 1040 2775 1112 Egypti,
2821 1042 3129 1112 invadetque
3152 1042 3207 1096 in
3243 1042 3504 1112 ﬂuviums

1886 1146 2004 1183 eum
2045 1130 2217 1184 valido
2258 1140 2307 1184 et
2350 1131 2634 1185 vehementi
2673 1134 2862 1202 spiritu
2898 1149 2917 1187 :
2968 1133 3048 1188 sic
3094 1132 3161 1186 Et
3204 1131 3458 1200 percutiet

1886 1234 2078 1290 septem
2109 1221 2331 1291 zEgypti
2355 1222 2512 1277 valles
2535 1239 2556 1288 ;
2588 1232 2825 1295 tuncque
2840 1225 3034 1293 quivis,
3056 1224 3138 1280 vel
3163 1223 3455 1285 calceatus,

1886 1313 2140 1369 transibit
2165 1313 2386 1384 Egypti
2415 1312 2655 1369 ﬂuvium.
2686 1314 2976 1383 Signiﬁcat
3004 1330 3193 1387 parum
3220 1330 3375 1386 aqua:
3402 1314 3455 1368 in

1889 1419 2024 1474 aqua
2050 1404 2250 1459 ﬂuviali
2282 1407 2531 1461 relictum
2573 1407 2662 1461 iri.
2689 1406 2865 1462 Tanta
2894 1407 3040 1463 enim
3067 1408 3171 1463 erit
3195 1422 3346 1476 aqua:
3366 1420 3459 1476 pe-

1887 1495 2069 1560 nuria,
2098 1497 2376 1551 autetiam
2411 1496 2483 1551 ita
2515 1498 2739 1552 omnino
2777 1498 3164 1564 exsiccabitur,
3201 1505 3259 1552 ut
3283 1496 3461 1551 nullus
3492 1556 3495 1559 _

1889 1601 2240 1642 remansnrus
2279 1588 2349 1641 sit
2377 1588 2591 1654 humor,
2622 1588 2712 1657 qui
2741 1586 3045 1658 quempiam
3071 1596 3225 1658 cogat
3250 1586 3459 1642 calceos

1889 1677 1955 1731 ad
2002 1678 2220 1732 ﬂuvium
2274 1677 2648 1747 trajiciendum
2705 1680 3012 1735 detrahere.
3067 1681 3177 1735 Aut
3229 1679 3460 1733 fortasse

1884 1770 2046 1823 etiam
2091 1784 2212 1824 cum
2258 1770 2463 1824 dictum
2498 1770 2569 1825 sit
2605 1769 2779 1841 Moysi
2811 1770 2859 1803 "
2887 1780 2943 1825 et
2973 1770 3101 1827 Jesu
3122 1770 3190 1836 ⁸⁷,
3214 1778 3271 1825 ιιι
3309 1768 3460 1838 pedis

1883 1863 2307 1919 calveamentum
2339 1863 2641 1927 solverent.
2668 1864 2810 1935 quod
2833 1874 2977 1919 terra
3002 1863 3057 1920 in
3085 1878 3191 1934 qua
3219 1861 3457 1926 stabant,

1885 1966 2069 2010 sancta
2095 1965 2261 2020 esset,
2294 1965 2484 2011 contra
2522 1971 2645 2011 cum
2678 1971 2784 2012 non
2816 1964 2962 2012 esset
2994 1954 3259 2025 ejusmodi
3285 1951 3461 2025 Egy-y

1885 2057 2030 2116 ptus,
2060 2049 2152 2103 sed
2176 2046 2429 2118 profana,
2453 2048 2572 2104 ideo
2597 2047 2865 2117 jubenlur
2891 2047 3115 2103 calceati
3142 2048 3461 2101 conculcare

1886 2137 2127 2205 ﬂuvium,
2177 2153 2278 2195 nec
2312 2138 2526 2195 calceos
2557 2140 2852 2210 deponere.
2882 2138 3001 2194 Jam
3046 2153 3179 2194 vero
3224 2138 3461 2193 siccatur

1885 2227 2124 2282 violento
2163 2227 2258 2283 Dei
2290 2228 2481 2298 spiritu
2516 2237 2765 2285 retentus
2797 2244 2863 2284 ac
2886 2227 3171 2285 cohibitus.
3217 2227 3460 2297 Quapro-

1888 2327 2006 2387 pter
2044 2319 2218 2373 solum
2244 2317 2466 2391 Egypti
2512 2319 2794 2390 indignum
2826 2327 2930 2388 est,
2966 2319 3109 2388 quod
3141 2318 3281 2374 nuda
3313 2318 3461 2372 excl‘

1886 2410 2001 2479 piat
2029 2418 2343 2464 sanctorum
2381 2410 2774 2466 transeuntium
2808 2411 3053 2482 vestigia.
3086 2409 3265 2477 Quare
3295 2409 3457 2464 etiam

1888 2500 2087 2569 pascha
2112 2500 2279 2564 esuri,
2303 2500 2636 2571 jubebantur
2661 2500 3028 2556 calceamenta
3053 2500 3255 2556 habere
3285 2501 3337 2553 in
3368 2515 3461 2569 pe-

1889 2592 2045 2647 dibus
2073 2592 2142 2647 ”.
2171 2591 2272 2647 Ubi
2300 2592 2443 2646 enim
2468 2606 2692 2663 serpens
2719 2594 2946 2648 mordax
2974 2601 3029 2647 et
3062 2592 3329 2661 scorpius,
3355 2592 3462 2645 sint

1887 2690 2100 2752 oportet
2149 2683 2202 2736 in
2256 2683 2484 2751 pedibus
2527 2682 2916 2748 calceamenta,
2951 2692 3011 2736 ut
3051 2682 3235 2752 pedes,
3268 2679 3461 2751 quibus

1889 2774 2269 2843 circumposita
2301 2786 2448 2840 sunt,
2510 2783 2761 2829 tueantur
2807 2788 2873 2829 ac
2904 2772 3294 2828 communianl.
3325 2771 3458 2825 Cum

1890 2875 2066 2922 autem
2101 2866 2370 2935 quispiam
2396 2866 2507 2933 jam
2557 2868 2867 2935 pervenerit
2900 2866 2967 2920 ad
3005 2864 3179 2919 locum
3211 2873 3459 2918 sanctum

1890 2955 2103 3011 calceos
2141 2959 2345 3019 solvat,
2378 2954 2583 3010 Christi
2631 2954 2903 3023 apostolos
2952 2954 3190 3010 imitatus
3220 2970 3234 3007 :
3263 2951 3461 3021 quibus

1894 3046 2094 3101 dictum
2127 3055 2228 3109 est,
2264 3055 2321 3100 ut
2345 3062 2411 3101 ne
2442 3047 2808 3102 caleeamenla
2846 3044 3062 3114 quidem
3093 3052 3365 3114 gestarent
3388 3042 3457 3098 ".

1899 3138 2058 3193 Vens.
2084 3138 2169 3194 16.
2196 3136 2264 3191 Et
2293 3139 2393 3192 erit
2418 3137 2610 3193 lsraeti
2635 3138 2788 3208 quasi
2822 3137 2954 3200 dies,
2982 3135 3192 3204 quando
3213 3134 3370 3187 exivit
3396 3150 3461 3187 ea:

1892 3227 2145 3298 1Egypto.
2173 3227 2323 3283 Tunc
2345 3230 2487 3282 enim
2516 3245 2639 3284 cum
2666 3226 3050 3283 calceamentis
3075 3226 3289 3279 transiit
3314 3239 3462 3279 mare

1892 3320 2158 3387 Rubrum,
2185 3336 2305 3374 cum
2333 3320 2461 3375 illud
2496 3321 2795 3391 increpavit
2818 3319 2907 3389 qui
2935 3328 3125 3388 potens
3153 3325 3258 3381 est,
3282 3323 3336 3380 et
3362 3331 3461 3387 ex:

1892 3413 2037 3466 aruit
2061 3413 2126 3468 ⁶⁰.
2160 3412 2450 3468 Jordanem
2505 3413 2726 3481 insuper
2760 3412 2985 3484 pedibus
3030 3409 3291 3481 traiecere
3316 3446 3333 3472 ,
3370 3423 3463 3463 ve-

1890 3504 2065 3575 stigiis
2118 3504 2282 3559 siccis
2334 3504 2774 3567 remanentibus;
2820 3506 3016 3572 quippe
3068 3502 3213 3570 quod
3268 3502 3465 3556 humor

1892 3596 2070 3652 omnis
2094 3596 2316 3667 pedibus
2346 3610 2529 3651 eorum
2562 3611 2682 3652 sese
2705 3593 3050 3650 subduxisset
3074 3593 3138 3648 ".

1961 3789 2088 3844 252.
2113 3789 2263 3844 Tunc
2280 3789 2445 3859 igitur
2465 3791 2607 3845 dicet
2627 3790 2853 3860 populus
2882 3790 3032 3859 (CAP.
3056 3805 3155 3857 xu,
3178 3788 3342 3846 Vens.
3372 3790 3459 3861 l):

1892 3877 2211 3936 Benedicam
2240 3884 2356 3947 tibi,
2394 3882 2637 3950 Domine,
2669 3885 2919 3955 quoniam
2950 3886 3117 3938 iratus
3146 3898 3199 3936 es
3238 3880 3388 3945 mihi,
3413 3891 3464 3936 et

1893 3975 2127 4027 avertisti
2163 3974 2396 4041 furorem
2426 3985 2594 4040 tuum,
2621 3987 2667 4031 et
2701 3976 2944 4030 misertus
2967 3992 3020 4029 es
3071 3991 3193 4028 met.
3222 3972 3467 4028 Derelin-

1894 4063 2077 4132 quitur
2127 4065 2250 4133 quis
2281 4081 2673 4134 saepenumero,
2704 4075 2758 4121 et
2802 4066 3086 4132 deseritur,
3118 4066 3257 4136 quod
3298 4063 3466 4122 semel

1895 4156 1959 4209 ad
1993 4154 2311 4228 [Egyptiaca
2352 4157 2492 4211 mala
2526 4159 2750 4213 allectus
2782 4157 2873 4221 sit,
2899 4173 3104 4227 suaque
3131 4172 3226 4225 per
3249 4155 3466 4225 aliquod

1894 4254 2108 4313 tempus
2158 4245 2354 4300 fruitus
2392 4248 2463 4301 sit
2507 4247 2768 4311 stultitia;
2812 4255 2870 4300 ut
2899 4262 2961 4299 ea
2994 4261 3114 4315 qua:
3147 4245 3283 4299 male
3307 4244 3480 4313 sevit,

1895 4344 2066 4389 metat
2092 4354 2105 4390 :
2139 4335 2230 4405 qui
2258 4352 2381 4390 cum
2410 4338 2632 4391 omnino
2657 4337 2945 4391 derelictus
2971 4351 3075 4389 non
3109 4335 3200 4398 sit,
3232 4334 3339 4387 imo
3371 4333 3469 4387 he-

228 4409 563 4482 εὑεργεσίας,
621 4414 739 4485 ἐρεῖ
770 4414 853 4477 τὸ,
888 4412 1222 4482 Ethiopian)
1255 4428 1349 4479 σε,
1382 4415 1588 4482 Κύριε,
1642 4414 1791 4468 διότι

1900 4425 2145 4481 neiicium
2186 4426 2405 4496 aliquod
2452 4428 2744 4495 acceperit,
2786 4426 3301 4481 dicetzBenedicam
3349 4424 3465 4488 tibi,

226 4499 520 4572 ὠργίσθης
546 4523 649 4575 μοι
703 4505 837 4575 (76),
886 4505 984 4559 καί
1034 4503 1420 4573 ἀπέστρεψας
1466 4504 1573 4558 τὸν
1604 4508 1794 4574 θυμόν

226 4605 358 4659 σου,
393 4598 494 4650 καί
535 4596 809 4667 ὴλέησάς
834 4615 932 4667 με.
964 4595 1192 4666 Ὅμοιόν
1220 4595 1336 4647 ἐστι
1357 4594 1535 4667 τούτῳ
1564 4597 1644 4662 τὸ,
1678 4599 1796 4667 Ὀρ-

227 4681 339 4752 Thr
363 4687 586 4755 Κυρίου
627 4688 883 4750 ὐποίσω,
926 4686 1016 4739 ὅτι
1056 4685 1324 4753 ἥμαρτον
1349 4684 1526 4751 αὐτῷ,
1560 4688 1666 4741 τοῦ
1704 4688 1790 4741 δι·-

227 4775 475 4833 καιῶσαι
500 4780 686 4834 αὐτὸν
709 4779 822 4848 τὴν
847 4779 1025 4847 δίκην
1040 4795 1179 4849 μου.
1217 4776 1326 4828 Καὶ
1351 4777 1488 4853 μετὰ
1507 4779 1663 4833 τοῦτο
1703 4782 1793 4848 ἐξ-

326 4917 373 4989 _“
400 4916 596 4974 Ezech.
626 4935 780 4985 xxix,
803 4920 858 4974 5.
932 4921 982 4953 ⁸⁸
1012 4920 1183 4974 Exod.
1217 4941 1299 4989 ιιι,
1330 4922 1384 4977 5.
1458 4920 1504 4953 ³⁷
1558 4919 1669 4975 Jos.
1707 4939 1758 4987 ν,
1788 4921 1872 4978 16.

229 4984 271 5017 ⁸⁸
301 4985 413 5042 Jos.
444 5005 528 5052 In,
562 4989 646 5044 17.
724 4984 771 5024 η
798 4989 958 5045 Micb.
1001 5006 1094 5052 vn,
1126 4992 1180 5046 9.

298 5098 924 5176 (_7l)_ln'utroqueAColb.
958 5111 1014 5176 et
1054 5104 1108 5158 in
1135 5104 1267 5176 Reg.
1301 5105 1562 5176 secundo,
1590 5122 1686 5175 pro
1710 5106 1797 5159 δε-

228 5169 338 5251 κτῷ
389 5169 583 5251 vitiose
616 5169 942 5251 “scribitur,
977 5169 1252 5251 oexttxtp:
1286 5174 1418 5251 Illud
1449 5246 1460 5251 _
1483 5169 1659 5229 autem
1710 5177 1797 5251 δεῖ

167 5240 181 5256 ⁸
229 5240 357 5308 κτῷ,
406 5240 510 5295 nisi
556 5241 809 5295 fallamur
856 5244 1132 5312 opinione,
1170 5240 1418 5300 bifariam
1448 5245 1794 5313 interpretari

228 5320 531 5375 possumus,
564 5323 678 5365 rato
728 5321 994 5384 tempore:
1018 5324 1132 5383 aut,
1165 5315 1391 5387 propitio
1415 5328 1463 5369 et
1505 5328 1797 5386 Opportuna

229 5387 471 5435 tempore.

300 5447 410 5528 (72)
447 5449 622 5528 [fi-ditio
657 5448 899 5528 βοτη-οπο
932 5452 1123 5519 fusius,
1172 5455 1264 5510 ml.
1286 5456 1535 5512 ὲπιϐαλεϊ
1556 5456 1654 5528 τὴν
1683 5457 1798 5527 χεῖ-

232 5518 533 5596 ωΙαὺτιῇ,
555 5517 847 5596 Ειίη-Ῑίεὶιι
870 5517 1257 5596 ῃιαηιιηιειιαηι
1298 5544 1453 5593 super
1485 5517 1723 5596 ﬂnri'un't‘.

301 5586 411 5657 (73)
441 5589 714 5669 Editus?
741 5586 827 5664 ἧς.
858 5592 1040 5650 Codex
1075 5610 1231 5665 unus,
1261 5586 1599 5669 ἐφ⁹’ᾕν.ἈΙὶἰ
1634 5597 1794 5666 quin-

230 5668 333 5725 que
356 5674 512 5724 mss.,
538 5663 619 5731 ἐφ’
654 5659 707 5735 ἦ.

1900 4515 2139 4579 Domine,
2165 4517 2412 4587 quoniam
2442 4519 2607 4571 iratus
2631 4535 2682 4572 es
2708 4518 2854 4582 milii,
2883 4528 2933 4571 et
2969 4517 3205 4570 avertisti
3236 4516 3469 4584 furorem

1899 4614 2068 4671 tuum,
2098 4619 2145 4661 et
2175 4610 2415 4663 misertus
2473 4626 2526 4665 es
2581 4610 2705 4663 mei.
2736 4609 3028 4664 Sententiae
3056 4608 3180 4662 huic
3202 4608 3316 4662 haec
3336 4621 3470 4661 con-

1898 4696 2092 4751 similis
2113 4708 2196 4751 est
2219 4717 2230 4751 :
2258 4696 2405 4752 Iram
2431 4698 2645 4752 Domini
2670 4699 2954 4761 sustinebo,
3004 4696 3125 4764 quia
3152 4695 3356 4765 peccavi
3380 4694 3479 4761 ei;

1898 4797 1953 4841 ut
1983 4797 2031 4841 et
2063 4787 2173 4855 ipse
2190 4787 2443 4857 justi/lcet
2462 4805 2675 4843 causam
2705 4805 2873 4843 meam
2891 4790 2956 4842 ".
2979 4788 3042 4842 Et
3062 4798 3182 4856 post
3209 4786 3312 4841 hoc
3332 4785 3469 4841 edu-

1948 4924 1996 4958 "
2023 4924 2188 4980 Exod.
2213 4941 2317 4991 xu,
2342 4927 2423 4981 11.
2500 4927 2546 4958 ⁸⁹
2572 4926 2705 4983 Luc.
2738 4943 2791 4991 ι,
2828 4926 2882 4981 1.
2959 4926 3004 4957 ⁸⁸
3036 4922 3203 4983 Exod.
3238 4937 3351 4989 xw,
3377 4920 3471 4980 21.

2127 5105 2289 5187 εἰξιίίιί,
2319 5108 2383 5159 ἐκ
2400 5103 2521 5187 τού..
2556 5107 2779 5187 Veteres
2805 5104 3213 5187 quinquelibri,
3240 5107 3306 5187 ἐκ
3332 5107 3459 5187 γῆς.

1975 5173 2088 5245 (75)
2127 5173 2364 5242 Uterque
2396 5177 2547 5231 Coll).
2592 5187 2649 5231 et
2695 5173 2835 5239 [legi
2868 5173 3157 5240 secundus,
3194 5178 3290 5230 καὶ
3326 5173 3469 5245 imi-

1902 5244 2083 5320 πησάς
2116 5262 2203 5320 με,
2240 5245 2306 5297 Et
2333 5247 2553 5320 putasti
2598 5262 2697 5299 me.
2733 5246 2924 5320 Statim
2951 5248 3105 5312 editi,
3129 5247 3223 5301 καὶ
3252 5244 3467 5320 χρόνον.

1902 5314 2226 5387 (lenitum-lio
2249 5315 2343 5369 καί
2369 5314 2420 5368 in
2460 5317 2700 5387 quinque
2719 5331 2851 5371 mss.
2892 5319 3060 5372 deest.

1977 5386 2088 5455 (76)
2130 5384 2311 5457 Editi,
2350 5384 2495 5457 μουί
2532 5384 2628 5457 δι’
2664 5402 2798 5440 mss.
2836 5400 2954 5446 sex,
3014 5404 3125 5457 μοι.
3188 5385 3301 5442 lloc
3350 5386 3473 5457 loco

1906 5463 2135 5525 uterque
2201 5455 2373 5525 (101b,:
2419 5466 2473 5510 et
2531 5455 2663 5525 Reg.
2733 5455 3025 5510 secundus
3075 5458 3311 5521 habent,
3377 5456 3474 5511 καὶ

1906 5523 2144 5595 ὴλέησάς
2196 5541 2283 5594 με.
2331 5524 2398 5595 Et
2458 5523 2704 5595 misertus
2744 5542 2796 5578 es
2840 5526 2960 5577 mei.
3012 5529 3207 5581 Statim
3248 5528 3383 5595 editi
3416 5536 3474 5583 et

1902 5592 2038 5717 ιίὶιο
2067 5592 2223 5661 tussi,
2278 5592 2437 5649 τοῦτο
2485 5593 2585 5666 τῷ.
2632 5595 2737 5651 Alii
2803 5604 3039 5666 quatuor
3089 5612 3246 5666 mss.,
3296 5594 3474 5672 τούτῳ

1902 5678 1930 5715 τ
1964 5702 1980 5717 .

1899 5678 1980 5718 το.
