3810 6214
301 178 406 241 8ῗῦ

1251 191 1597 250 ΑΡΡΕΝΒΙΧ
1630 190 1923 249 OPERUM
1957 187 2023 248 3.
2061 191 2307 247 BASILII
2340 189 2578 272 MAGNI.

3442 185 3555 240 56-4

303 318 385 363 cet
408 310 460 363 in
486 308 648 367 ﬁnem
670 311 956 379 judicium.
996 311 1119 368 Non
1150 316 1293 371 enim
1323 318 1377 370 in
1408 318 1566 387 finem
1597 319 1864 383 irascetur,

1979 316 2096 383 άξει
2129 317 2240 389 (77)
2268 317 2348 382 εἰς
2376 317 2531 380 τέλος
2559 314 2757 387 κρίμα.
2792 313 2875 367 αὑ
2916 309 3024 382 γὰρ
3054 309 3142 374 εις
3171 306 3348 373 τέλος
3384 307 3558 377 ὀργι-

301 418 466 472 neque
495 403 551 454 in
579 413 831 456 internum
872 406 1189 460 succensebit
1223 408 1289 461 °°.
1324 409 1427 475 Qui
1476 417 1656 463 autem
1698 409 1869 464 dicit:

301 490 610 547 Benedicam
643 495 758 560 tibi,
784 495 1023 562 Domine,
1052 501 1303 567 quoniam
1346 502 1514 558 iratus
1555 519 1609 557 es
1642 503 1790 566 mihi,
1821 513 1872 558 et

301 586 545 638 misertus
569 602 624 639 es
654 587 793 652 mei;
823 587 867 642 is
898 588 1144 643 beneﬁcii
1171 605 1200 644 a
1229 592 1337 648 Deo
1363 595 1568 664 accepti
1594 595 1869 658 conscius,

300 676 365 729 de
382 690 446 731 co
467 678 805 745 gloriabitur,
832 696 895 735 ac
915 680 1041 736 dicit
1067 681 1258 753 (Vens.
1280 686 1345 754 2)
1364 703 1380 741 :
1401 686 1535 741 Ecce
1554 688 1712 758 572
1733 690 1870 745 Deus

298 783 442 821 meus
478 766 725 823 Salvator
762 788 930 839 meus,
963 773 1213 840 ﬁduciam
1247 776 1411 832 habeo
1446 782 1501 832 in
1538 780 1652 845 illo,
1687 791 1735 835 et
1768 799 1870 836 non

299 857 488 911 timebo
514 875 533 912 :
565 860 691 929 quia
723 860 894 929 gloria
924 881 1057 930 mea,
1091 878 1137 919 et
1167 865 1286 920 laus
1320 884 1434 922 mea
1467 869 1744 926 Dominus.
1767 872 1868 939 Qui

300 949 369 1000 ob
413 948 599 1003 oculos
644 950 920 1005 hominum
949 966 1174 1023 erognnt
1213 958 1635 1028 elcemosynam,
1660 976 1867 1030 nequa-

299 1053 460 1106 quam
487 1040 669 1094 dicent
702 1041 837 1106 hare,
874 1058 1046 1110 neque
1075 1046 1125 1098 hi
1157 1047 1246 1115 qui
1277 1064 1305 1101 a
1333 1064 1392 1103 se
1435 1060 1621 1105 mutuo
1650 1059 1868 1120 captant

294 1129 546 1197 gloriam,
568 1147 665 1187 nec
687 1133 911 1203 gloriam
932 1152 1050 1204 quae
1069 1153 1096 1192 τι
1120 1139 1235 1193 solo
1255 1141 1361 1193 Deo
1376 1148 1479 1208 est,
1499 1144 1779 1211 requirunt
1798 1145 1863 1208 “,

297 1236 475 1292 neque
503 1224 554 1278 in
588 1227 897 1283 universum
946 1231 978 1283 ii
1025 1232 1116 1300 qui
1154 1233 1354 1286 violant
1382 1244 1704 1305 praeceptum
1728 1235 1865 1304 eius,

1981 409 2294 476 σθήσεται,
2324 408 2468 463 οὐδὲ
2489 410 2577 473 εἰς
2604 406 2713 461 τὸν
2737 403 2919 459 αἰῶνα
2939 401 3157 472 μηνιεῒ.
3174 402 3238 455 Ὀ
3259 401 3315 453 δέ
3347 399 3558 467 λέγων,

1980 496 2317 568 Εὑλογήσω
2335 513 2429 561 σε,
2455 498 2652 565 Κύριε,
2675 494 2763 549 ὅτι
2782 493 3078 564 ὠργίσθης
3092 509 3215 561 μοι,
3242 491 3342 544 καὶ
3367 488 3557 557 ἠλέη-

1978 586 2096 653 σάς
2117 604 2227 657 με’
2286 586 2672 656 αἰσθανόμενος
2716 585 2816 654 τῆς
2866 581 3184 655 εὐεργεσίας
3235 580 3330 633 τοῦ
3382 577 3555 645 Θεοῦ,

1978 679 2312 749 καυχήσεται
2339 678 2425 730 ἐπ’
2457 677 2616 746 αὐτῇ,
2641 675 2732 730 καί
2758 692 2920 745 φησιν
2941 691 2953 706 ο
2993 672 3139 726 Ἰδοὺ
3172 675 3205 727 ό
3240 671 3384 736 Θεός
3398 686 3552 739 μου,

1978 769 2181 838 Σωτήρ
2208 787 2351 839 μου,
2383 768 2677 834 πεποιθὼς
2716 768 2927 836 ἔσομαι
2965 765 3057 819 ἐπ’
3091 764 3295 827 αὑτὸν,
3329 763 3423 816 καὶ
3467 764 3551 817 οὐ

1968 861 2414 933 φοϐηθήσομαι,
2455 861 2605 914 διότι
2653 862 2692 927 ιι)
2751 858 2901 922 δόξα
2934 875 3051 928 μου
3081 856 3176 910 καὶ
3225 857 3265 923 ὴ
3307 855 3552 920 alr-eoi;-

1964 971 2087 1023 μου
2113 954 2348 1021 Κύριος.
2377 951 2561 1004 Ταῦτα
2592 951 2704 1021 (78)
2747 952 2846 1003 οὐκ
2897 948 3112 1020 ἐροῦσιν
3163 948 3213 999 οἰ
3262 945 3550 1008 ποιοῦντες

1971 1045 2069 1115 τὴν
2094 1043 2465 1115 ἐλεημοσύνην
2493 1041 2801 1114 ἔμπροσθεν
2841 1041 2949 1094 τῶν
2983 1038 3306 1111 ἀνθρώπων,
3340 1037 3461 1089 οὐδὲ
3489 1037 3548 1088 οἰ

1971 1137 2133 1203 δόξαν
2168 1139 2297 1207 παρ’
2330 1135 2576 1207 ἀλλήλων
2600 1134 2985 1204 λαμϐάνοντες,
3018 1132 3112 1185 καὶ
3134 1129 3232 1200 τὴν
3259 1128 3415 1192 δόξαν
3441 1125 3549 1197 τὴν

1971 1228 2123 1299 παρὰ
2154 1228 2250 1281 τοῦ
2290 1227 2450 1298 μόνου
2473 1225 2607 1280 Θεοῦ
2632 1227 2692 1279 ού
2715 1224 3024 1296 ζητοῦντες,
3053 1220 3306 1283 καὶοὸλως
3349 1220 3395 1272 oi
3427 1235 3542 1271 m-

294 1314 387 1382 gni
417 1315 546 1370 dicit
571 1334 585 1370 :
617 1317 737 1372 Non
767 1322 1054 1390 efﬁciamur
1075 1323 1252 1376 inanis
1270 1324 1451 1393 gloriw
1476 1327 1652 1395 cupidi
1674 1327 1740 1381 “.
1761 1326 1864 1383 Sed

1969 1319 2316 1390 ραϐαίνοντες
2346 1319 2446 1390 τὴν
2491 1317 2709 1389 ἐντολὴν
2752 1316 2846 1369 τοῦ
2894 1315 3143 1382 λέγοντος
3165 1329 3178 1342 ’
3216 1312 3312 1381 Μὴ
3359 1310 3538 1382 τινώ-

293 1416 418 1456 cum
463 1403 720 1462 Dominus
763 1407 931 1464 l‘aciat
962 1411 1015 1462 id
1061 1412 1352 1480 promissi:
1385 1412 1749 1483 Gloriﬁcantes
1786 1434 1864 1472 me

1969 1413 2117 1480 μεθα
2155 1410 2266 1481 (79)
2318 1408 2647 1473 κενόδοξοι.
2695 1406 2912 1476 Ἐπειδὴ
2958 1404 3015 1458 δέ
3066 1403 3457 1472 ἐπαγγέλλεται
3502 1401 3543 1454 ὁ

294 1492 600 1563 gloriﬁcnbo
624 1498 703 1565 6°;
734 1499 988 1554 nimirum
1022 1503 1070 1556 ci
1103 1503 1193 1570 qui
1234 1505 1396 1559 Deum
1426 1507 1526 1562 rite
1561 1506 1722 1564 allicit
1749 1510 1864 1577 glo-

1972 1501 2201 1573 Κύριος,
2253 1502 2334 1555 ὃτι
2374 1500 2520 1567 Τοὺς
2555 1497 2911 1564 δοξάζοντάς
2935 1514 3012 1567 με
3042 1495 3312 1561 δοξάσω·
3345 1493 3541 1563 δηλον·

300 1587 401 1651 ria,
432 1587 659 1657 gloriam
699 1607 911 1661 quoque
941 1594 1033 1649 dat
1072 1594 1233 1654 Deus.
1272 1598 1364 1652 Sic
1391 1608 1446 1654 et
1475 1599 1671 1670 Moysis
1699 1602 1864 1658 facies

1969 1591 2051 1646 ότι
2090 1594 2119 1646 ὁ
2165 1591 2347 1655 καλῶς
2386 1591 2625 1656 δοξάζων
2675 1590 2766 1644 τὸν
2793 1589 2947 1654 Θεὸν,
2985 1587 3371 1658 δεδοξασμένος
3421 1587 3545 1638 ἐστὶ

295 1691 515 1745 aspersa
548 1681 715 1750 gloria
759 1692 842 1739 est
864 1687 929 1751 °",
954 1690 1095 1756 quod
1139 1699 1287 1745 recte
1317 1692 1448 1746 dare
1498 1668 1604 1747 Deo
1636 1694 1862 1763 gloriam

1972 1682 2103 1755 παρ’
2124 1681 2294 1752 αὐτῷ.
2336 1681 2493 1735 Οὕτω
2548 1682 2643 1734 καὶ
2675 1679 2953 1742 Μωῦσέως
2987 1676 3244 1745 ἐδοξάσθη
3284 1675 3345 1728 τὸ
3372 1675 3547 1745 πρόσ-

292 1779 495 1824 nosset.
525 1771 618 1827 Est
638 1783 813 1830 autem
842 1781 1211 1835 convenientia
1243 1783 1467 1850 gloriam
1511 1784 1653 1840 inter
1672 1795 1725 1841 et
1749 1787 1864 1840 lau-

1970 1790 2139 1838 ωπον,
2173 1772 2360 1842 ἐπειδὴ
2384 1771 2564 1834 καλῶς
2592 1771 2705 1842 ᾔδει
2732 1768 2975 1834 δοξάζειν
3001 1769 3091 1821 τὸν
3122 1767 3276 1820 Θεόν.
3308 1766 3545 1834 Συμφω-

295 1863 589 1927 tlem,adeo
611 1867 776 1936 utqui
805 1871 969 1937 probe
991 1872 1176 1926 tribuit
1198 1874 1444 1943 gloriam,
1471 1877 1515 1932 is
1537 1879 1696 1934 etiam
1721 1888 1864 1936 recte

1969 1868 2047 1918 νεῖ
2074 1865 2133 1918 δὲ
2154 1867 2221 1935 τῇ
2248 1862 2372 1933 δόξῃ
2393 1862 2487 1916 καὶ
2517 1864 2550 1933 ἠ
2583 1861 2787 1924 αἰνεσις
2806 1876 2819 1889 ο
2848 1859 2988 1912 ὥστε
3018 1860 3046 1910 ὁ
3074 1857 3251 1919 καλῶς
3276 1854 3542 1921 δοξάζων,

295 1949 509 2007 laudem
543 1954 770 2011 delerat.
800 1958 866 2012 Et
899 1976 1055 2016 nemo
1094 1978 1283 2018 eorum
1316 1967 1407 2037 qui
1443 1968 1607 2025 falsas
1643 1972 1710 2026 de
1756 1972 1866 2028 Deo

292 2045 573 2112 opiniones
612 2061 992 2133 conceptarum,
1031 2069 1156 2109 suas
1196 2055 1386 2113 laudes
1433 2059 1485 2114 in
1518 2062 1737 2130 psalmis
1768 2079 1865 2118 ca-

291 2136 482 2190 oemlis
549 2149 799 2209 acceptas
855 2157 974 2197 esse
1039 2147 1333 2203 existimet.
1386 2149 1865 2211 Verumenimvero

290 2226 531 2292 ejusdem
553 2231 734 2287 cordis
756 2241 838 2287 est
869 2240 922 2287 et
951 2234 1118 2303 gloria
1143 2240 1388 2308 apposite
1411 2240 1645 2307 allicere,
1669 2253 1723 2298 et
1745 2243 1866 2297 lan-

291 2317 447 2373 dihus
496 2330 642 2377 recte
675 2339 891 2380 ornare.
926 2327 1190 2390 Quoniam
1228 2331 1392 2401 igitur
1419 2334 1648 2400 pepulus
1678 2337 1771 2406 qui
1809 2337 1863 2392 in

292 2406 523 2479 Egypto
565 2412 740 2468 fuerat
795 2416 1101 2483 derelictus,
1160 2422 1719 2479 aiebatzBenedicam
1746 2428 1861 2495 tibi,

293 2501 535 2570 Domine,
566 2510 817 2576 quoniam
845 2510 1013 2564 iratus
1037 2528 1088 2564 es
1112 2513 1263 2578 nti/ti,
1296 2524 1342 2566 et
1374 2517 1606 2569 overtisti
1629 2517 1862 2585 furorem

291 2603 462 2661 tuum,
492 2606 539 2650 et
582 2599 825 2653 misertus
861 2619 914 2656 es
949 2606 1084 2668 mei;
1116 2604 1168 2658 hi
1219 2605 1439 2674 trajecta
1467 2606 1699 2677 Egypto
1738 2618 1865 2663 sunt

292 2684 483 2739 dicturi
507 2702 520 2737 :
550 2685 672 2740 Non
695 2690 905 2757 timebo,
921 2695 1168 2760 quoniam
1192 2695 1361 2764 gloria
1389 2714 1501 2749 mea
1531 2710 1577 2751 et
1603 2697 1721 2753 laus
1746 2716 1862 2754 mea

288 2770 566 2842 Dominus,
598 2786 649 2833 et
685 2778 856 2847 [nctus
887 2770 965 2836 est
999 2784 1126 2837 milii
1153 2785 1207 2838 in
1232 2787 1470 2839 saliuam.

1966 1959 2062 2014 καὶ
2126 1956 2293 2026 ὑγιῶς
2345 1955 2568 2010 αἰνέσει.
2601 1954 2711 2008 Καὶ
2751 1951 2937 2024 μηδεὶς
2966 1949 3159 2004 οἰέσθω
3190 1948 3298 2001 τῶν
3338 1944 3545 2015 ἐσφαλ-

1971 2050 2138 2122 μένας
2167 2049 2296 2119 περὶ
2318 2046 2452 2101 Θεοῦ
2487 2047 2715 2117 ἐχόντων
2747 2043 3062 2115 ὑπολήψεις,
3107 2042 3188 2094 ὃτι
3227 2039 3412 2093 δεκταὶ
3440 2038 3545 2090 aii-

1967 2143 2060 2196 τοῦ
2097 2144 2232 2195 εἰσιν
2255 2141 2310 2193 αἰ
2350 2142 2407 2195 ἐν
2431 2137 2768 2209 ψαλμῳδίαις
2798 2136 3054 2198 αἰνέσεις.
3085 2134 3197 2204 Τῆς
3224 2130 3332 2202 γὰρ
3365 2130 3541 2202 αὐτῆς

1971 2238 2199 2311 καρδίας
2222 2236 2341 2291 ἐστὶ
2384 2232 2628 2300 δοξάζειν
2676 2248 2738 2284 τε
2772 2228 3241 2299 ἐπιτετευγμένως
3271 2224 3405 2296 (80),
3440 2223 3541 2278 καὶ

1964 2334 2140 2385 αἰνεῖν
2174 2328 2362 2398 ὑγιῶς.
2408 2327 2564 2380 Ἐπεὶ
2593 2322 2685 2380 οὖν
2718 2326 2872 2392 ἔλεγε
2925 2322 2987 2374 τὸ
3035 2317 3392 2388 καταλειφθὲν
3436 2312 3559 2387 τοῦ⁸

1963 2420 2093 2474 λαοῦ
2137 2421 2196 2472 ἐν
2240 2419 2498 2491 Αἰγύπτῳ
2543 2419 2623 2480 τὸ,
2664 2414 2997 2484 Εὑλογήσω
3027 2427 3120 2476 σε,
3169 2411 3365 2478 Κύριε,
3415 2405 3543 2462 διό-

1962 2530 2017 2565 τι
2050 2511 2159 2581 (81)
2180 2513 2476 2580 ὠργίσθης
2505 2529 2626 2580 μοι,
2656 2508 2756 2562 καὶ
2792 2506 3178 2574 ἀπέστρεψας
3209 2502 3314 2556 τὸν
3344 2499 3542 2570 θυμόν

1963 2621 2102 2667 σου,
2156 2603 2256 2657 καὶ
2288 2601 2560 2669 ὴλέησάς
2582 2617 2691 2671 με’
2735 2592 2882 2652 οὗτοι
2924 2597 3203 2660 διαϐάντες
3240 2595 3339 2665 τὴν
3366 2593 3539 2661 Αἴγυ-

1964 2714 2097 2750 πτον
2124 2694 2309 2768 ἐροῦσι
2335 2694 2416 2757 τὸ,
2446 2696 2526 2748 Οὐ
2551 2692 2985 2762 φοϐηθήσομαι,
3009 2688 3157 2742 διότι
3185 2689 3223 2754 ἡ
3248 2685 3398 2749 δόξα
3414 2700 3540 2753 μου

1964 2788 2063 2841 καὶ
2096 2789 2133 2854 ἡ
2171 2787 2408 2851 αἵνεσίς
2446 2802 2566 2854 μου
2612 2785 2828 2852 Κύριος
2853 2822 2868 2848 ,
2903 2781 3001 2835 καὶ
3041 2778 3280 2848 ἐγένετό
3313 2794 3419 2847 μοι
3448 2778 3539 2842 εἰς

1963 2881 2280 2949 σωτηρίαν.

357 2953 484 3008 255.
519 2954 829 3011 Memineris
862 2974 1075 3028 quoque
1103 2958 1218 3026 ejus
1252 2960 1446 3015 cantici
1488 2961 1628 3030 quod
1664 2962 1863 3018 cecinit

2036 2975 2162 3028 253.
2194 2971 2478 3042 Μνήσοητι
2521 2970 2578 3022 δέ
2630 2969 2724 3023 καὶ
2766 2968 2865 3037 τῆς
2902 2965 3043 3037 ᾠδῆς
3079 2966 3144 3036 ἣν
3175 2964 3232 3062 ἐν
3373 2959 3541 3064 ἐξόδῳ

288 3045 521 3115 populus
544 3048 709 3102 Israel
738 3050 788 3102 in
815 3049 961 3104 exitu
987 3051 1055 3104 ab
1080 3049 1341 3121 )Egyplo,
1374 3052 1664 3109 inchoante
1693 3053 1859 3108 Maria

291 3152 354 3190 ac
380 3137 590 3192 dicente
615 3155 628 3193 :
655 3138 937 3194 Contentus
963 3140 1207 3205 Domino,
1238 3143 1460 3211 gloriose
1490 3143 1627 3196 enim
1656 3146 1865 3214 magni-

289 3224 480 3296 ﬁcatus
510 3242 583 3284 est
602 3231 669 3284 ".
692 3231 875 3302 Itaque
898 3244 1137 3287 veterem
1158 3234 1301 3287 illam
1320 3235 1527 3290 laudem
1549 3252 1687 3290 nunc
1708 3251 1867 3290 reno-

291 3330 418 3375 vant
447 3322 537 3391 qui
576 3323 758 3377 dicunt
796 3343 809 3377 :
848 3321 1030 3377 Gloria
1067 3342 1179 3378 mea
1219 3336 1265 3379 et
1295 3324 1411 3405 lngus
1440 3342 1554 3380 mea
1585 3326 1862 3394 Dominus,

285 3421 340 3466 et
374 3414 545 3482 factus
572 3424 649 3468 est
685 3415 812 3468 mihi
842 3417 896 3469 in
925 3415 1167 3470 salutem.
1201 3417 1465 3471 Cmterum
1495 3426 1617 3487 apte
1644 3434 1710 3473 ac
1736 3435 1866 3474 cou-

291 3507 573 3562 venienter
600 3516 719 3577 post
744 3508 1070 3578 impertitum
1105 3509 1331 3562 Domino
1358 3508 1567 3562 laudem
1593 3508 1782 3579 (Vens.
1807 3511 1861 3580 5)

285 3613 487 3668 aquam
510 3613 630 3673 cum
658 3599 898 3669 gaudioe
928 3599 1169 3655 fontibus
1198 3600 1464 3655 Salutaris
1499 3601 1677 3654 haurit
1709 3603 1862 3670 quis-

288 3691 413 3758 quis
452 3707 574 3746 eum
611 3701 758 3745 recte
795 3693 1002 3747 adorat.
1029 3693 1181 3759 Quod
1208 3694 1252 3747 si
1282 3694 1510 3763 populus
1550 3693 1864 3748 idololatria:

290 3785 534 3853 arguitur
558 3785 643 3838 his
671 3785 848 3838 verbis
875 3803 889 3839 :
927 3785 1010 3837 Me
1037 3786 1423 3852 dereliquerimt
1471 3787 1668 3856 [autem
1711 3804 1862 3859 aqua:

287 3871 418 3924 viva:
445 3870 528 3925 “:
559 3872 740 3940 utique
776 3872 828 3924 in
856 3870 1022 3925 Deum
1050 3872 1139 3940 qui
1170 3874 1358 3938 credit,
1394 3885 1447 3927 ct
1471 3890 1565 3944 per
1589 3892 1706 3931 eam
1746 3893 1866 3946 quae

286 3963 342 4013 in
376 3962 665 4029 ipsum’est
700 3961 857 4016 fidem
902 3962 1137 4016 animam
1182 3972 1332 4032 potat
1358 3963 1625 4034 dogmatis
1661 3966 1861 4021 saluta-

283 4053 456 4115 ribus,
482 4053 528 4107 is
568 4053 748 4108 haurit
771 4069 964 4125 aquam
1001 4068 1120 4109 cum
1156 4055 1349 4124 gaudio
1382 4071 1412 4109 e
1445 4054 1679 4111 fontibus
1710 4056 1867 4111 Salu-

281 4145 441 4198 taris.
468 4143 683 4210 Quanta
711 4156 888 4201 autem
928 4146 1111 4201 lmtitia
1148 4145 1392 4218 fruantur
1433 4156 1698 4217 quotquot
1721 4150 1864 4219 digni

1961 3062 2093 3137 ᾖσεν
2125 3063 2153 3115 ὁ
2191 3062 2318 3123 λαδς
2348 3058 2443 3113 τοῦ
2501 3057 2716 3129 Ἰσραὴλ
2740 3093 2756 3119 ,
2785 3055 3123 3126 ἐξαρχούσης
3149 3052 3246 3121 τῆς
3278 3047 3537 3119 Μαριὰμ,

1962 3156 2056 3209 καὶ
2086 3153 2350 3222 λεγούσης
2374 3169 2387 3182 ·
2444 3152 2720 3220 ᾊσωμεν
2763 3147 2843 3212 τῷ
2886 3145 3103 3214 Κιιοίῳ,
3134 3140 3395 3206 ἐνδόξως
3426 3138 3540 3208 γὰρ

1961 3245 2342 3308 δεδόξασται.
2381 3242 2547 3293 Ὥστε
2594 3239 2705 3307 (8:2)
2760 3236 2858 3306 τὴν
2901 3233 3138 3289 παλαιὰν
3169 3231 3372 3287 αἴνεσιν
3414 3230 3542 3283 ἀνα-

1963 3334 2211 3389 νεοῦνται
2233 3333 2328 3386 νῦν
2350 3332 2400 3384 οἱ
2433 3330 2700 3397 λέγοντες·
2735 3327 2795 3379 Ἡ
2826 3325 2975 3387 δόξα
2989 3342 3107 3393 μου
3126 3322 3222 3376 καὶ
3242 3324 3279 3389 ὴ
3300 3321 3542 3385 αἴνεσίς

1958 3442 2079 3494 μου
2104 3425 2339 3493 Κύριος,
2385 3420 2485 3475 καὶ
2510 3418 2748 3489 ἐγένετό
2770 3434 2864 3484 μοι
2902 3418 2990 3482 εἰς
3016 3413 3336 3482 σωτηρίαν.
3377 3413 3540 3464 Ἀκο-

1961 3516 2167 3579 λούθως
2189 3515 2246 3568 δὲ
2280 3518 2343 3586 τῇ
2368 3513 2571 3568 αἰνέσει
2597 3511 2807 3581 Κυρίου
2831 3509 3014 3563 ἀντλεῖ
3042 3507 3185 3578 ὕδωρ
3213 3506 3326 3576 μετ’
3345 3504 3540 3574 εὐφρο-

1963 3609 2131 3678 σύνης
2159 3609 2224 3659 ἐκ
2255 3605 2365 3659 τῶν
2399 3604 2492 3658 τοῦ
2538 3602 2827 3679 σωτηρίου,
2848 3600 3041 3671 πηγῶν
3085 3602 3114 3652 ὁ
3144 3596 3325 3659 καλῶς
3371 3594 3538 3648 αὐτὸν

1962 3699 2304 3772 προσκυνῶν.
2338 3699 2402 3750 Εἰ
2436 3696 2749 3764 ἐγκαλεῖται
2786 3693 2896 3764 (85)
2929 3693 2957 3745 ὁ
2994 3692 3120 3754 λαὸς
3175 3693 3204 3743 ὁ
3249 3687 3536 3742 εἰδωλολα-

1961 3794 2193 3865 τρήσας,
2220 3789 2304 3852 τὸ,
2354 3785 2491 3857 Ἐμὲ
2511 3785 2907 3856 ἐγκατέλιπον
2931 3782 3134 3851 πηγὴν
3160 3780 3379 3844 ὕδατος
3407 3778 3542 3838 ζῶν-

1959 3904 2063 3952 τος
2082 3904 2096 3915 ·
2120 3883 2361 3954 δηλονότι
2390 3883 2418 3934 ό
2462 3878 2735 3932 πιστεύων
2766 3879 2846 3940 εἰς
2889 3876 3042 3937 Θεὸν,
3075 3875 3167 3927 καὶ
3223 3875 3287 3926 ἐκ
3325 3874 3425 3943 τῆς
3452 3874 3539 3937 εἰς

1961 3977 2123 4031 αὐτὸν
2154 3976 2390 4036 πίστεως
2422 3974 2533 4033 τοῖς
2558 3968 2847 4039 σωτηρίοις
2873 3966 3103 4034 δόγμασι
3126 3964 3223 4034 τὴν
3243 3962 3419 4033 ψυχὴν
3444 3977 3537 4016 πορ-

1962 4066 2265 4135 τιζόμενος,
2301 4054 2454 4126 οὗτος
2487 4059 2671 4114 ἀντλεῖ
2704 4057 2850 4126 ὕδωρ
2899 4058 3016 4125 μετ’
3070 4052 3410 4123 εὐφροσύνης
3463 4053 3531 4105 ἐκ

1959 4158 2069 4211 τῶν
2093 4155 2286 4225 πηγῶν
2318 4153 2413 4207 τοῦ
2452 4151 2743 4222 σωτηρίου.
2768 4151 2879 4219 Τὴν
2907 4148 2963 4200 δὲ
2990 4146 3346 4217 εὐφροσύνην,
3368 4143 3532 4213 ἡλίκη

286 4237 459 4293 habiti
485 4248 611 4294 sunt
641 4240 731 4309 qui
765 4239 888 4295 inde
912 4240 1184 4303 hauriant,
1213 4255 1280 4294 ex
1312 4240 1665 4295 similitudine
1691 4256 1721 4295 a
1758 4240 1862 4295 Da-

1969 4246 2238 4317 ἐγγίνεται
2272 4247 2385 4307 τοῖς
2412 4241 2664 4307 καταξιου
2674 4242 2854 4313 μένοις
2882 4240 3089 4294 ἐκεῖθεν
3110 4236 3370 4309 ἀρύεσθαι
3399 4234 3535 4306 (84),

378 4373 421 4458 ξ³
451 4373 720 4458 Psal._cu,
743 4373 798 4429 9.
873 4374 919 4407 “
949 4372 1106 4429 Joan.
1135 4390 1190 4440 ν,
1227 4374 1318 4429 44.
1397 4376 1442 4409 ⁸⁸
1470 4374 1647 4430 Galat.
1670 4392 1725 4441 ν,
1748 4381 1838 4437 96.

1983 4382 2003 4436 ῐ
2033 4382 2163 4450 [ἴστε.
2192 4380 2357 4446 ιι,50.
2433 4379 2476 4411 ⁸⁷
2503 4379 2673 4433 Exod.
2703 4393 2872 4433 χχχιιι
2919 4377 3011 4433 29.
3085 4375 3130 4408 ⁸⁸
3161 4374 3331 4430 Exod.
3355 4386 3444 4458 xlv,
3482 4371 3534 4425 t.

276 4444 332 4480 "9
359 4442 471 4497 Jcr.
505 4460 566 4511 tt,
597 4446 685 4501 15.

361 4598 476 4671 (77)
534 4600 757 4666 Antiqui
821 4601 926 4653 duo
1002 4600 1147 4663 lihri,
1206 4599 1404 4669 ἐξάξω,
1461 4602 1704 4654 educam.
1757 4601 1868 4654 Ali—
1975 4601 2140 4654 animi
2181 4597 2667 4671 contentionesNos
2693 4598 3312 4671 antenn'Combelisium
3341 4599 3534 4663 secuti,

280 4668 489 4743 quanto
505 4680 629 4739 post
652 4672 803 4743 editi,
826 4671 999 4739 λέγων
1024 4672 1106 4724 ὃτι
1130 4668 1409 4742 εὐλογήσω
1434 4688 1515 4739 σε,
1553 4671 1749 4743 Κύριε,
1776 4672 1864 4725 καὶ

1976 4687 2167 4743 vocem
2188 4668 2655 4743 ἐπιτετευγμένως
2690 4670 3022 4743 retinendam
3049 4671 3375 4743 censuimus,
3426 4679 3537 4743 tuin

285 4740 391 4794 ὃτι.
422 4740 489 4791 At
514 4742 681 4793 nostri
714 4757 807 4793 sex
838 4757 966 4794 mss.
1000 4750 1057 4794 ut
1084 4743 1135 4795 in
1164 4740 1446 4796 contextu.

364 4809 475 4881 (78)
509 4808 672 4869 Editi.
710 4810 894 4864 Ταῦτα
918 4811 1184 4865 δέ.Ᾱι)εει
1214 4811 1271 4864 δέ
1292 4814 1357 4864 ah
1392 4811 1644 4866 omnibus
1668 4811 1869 4864 nostris

1975 4743 2113 4807 quod
2143 4741 2246 4794 ﬁde
2290 4738 2535 4793 codicum
2576 4738 2812 4790 ninnium
2847 4738 3202 4799 nilalur,lum
3235 4740 3375 4806 quod
3402 4740 3537 4793 satis

1977 4811 2104 4864 huic
2140 4812 2260 4865 loco
2281 4809 2589 4863 conveniat.
2617 4807 2954 4873 Tilmannus,
2985 4811 3073 4874 qui
3105 4808 3332 4861 fortasse.
3356 4810 3538 4861 ἐπιτεα

287 4877 589 4951 codicibus.
628 4880 747 4951 Mox
802 4885 1020 4937 codices
1077 4894 1185 4935 tres
1224 4881 1400 4949 Regii,
1451 4881 1583 4951 παρ’
1607 4880 1864 4951 ⁸ἀλλήλων

1973 4882 2263 4951 ταγμένως
2308 4880 2504 4951 legisse
2530 4892 2599 4951 se
2620 4877 2858 4951 putabat,
2890 4879 2958 4929 ita
2987 4879 3367 4951 interpretatus
3398 4892 3483 4933 est
3520 4900 3536 4933 :

286 4949 598 5019 ζητοῦντες.
656 4950 855 5004 Ibidem
905 4953 1056 5015 editi,
1092 4951 1243 5021 παρὰ
1297 4948 1459 5021 μόνου
1487 4948 1579 5005 τοῦ
1605 4948 1758 5004 Θεού
1796 4950 1864 5021 μὴ

286 5018 599 5073 ζητοῦντες.
630 5021 699 5072 At
725 5023 962 5073 quinque.
1001 5038 1131 5073 mss.
1166 5030 1225 5073 ut
1257 5023 1308 5073 in
1343 5031 1510 5073 textu.

1981 4948 2047 5003 Ut
2087 4948 2332 5017 ‘lari/ieet
2358 4948 2522 5001 Deum
2549 4948 2769 5000 obnoxie
2799 4963 2861 4999 ac
2888 4964 3152 5001 servarunt
3176 4948 3301 5000 ritu.

2045 4968 2156 5073 (811)
2181 5019 2468 5073 Ειίἰιὶ.ὄτι.
2498 5017 2567 5069 At
2602 5031 2693 5069 sex
2725 5033 2879 5071 mss..
2915 5018 3068 5071 διότι.

286 5018 599 5091 ζητοῦντες.
630 5021 699 5072 At
725 5023 962 5091 quinque.
1001 5038 1131 5075 mss.
1166 5018 1225 5073 ut
1257 5018 1309 5074 iri
1343 5031 1510 5076 textu.

359 5089 469 5153 (79)
499 5091 661 5153 liditi,
692 5090 1001 5160 γενώμεθα.
1035 5091 1103 5142 At
1152 5091 1325 5145 nostri
1367 5107 1460 5144 sex
1495 5105 1651 5149 mss..
1701 5090 1867 5160 γινώ-

290 5160 446 5231 μεθα.
475 5160 592 5214 Mox
615 5161 770 5223 editi,
793 5161 949 5283 δῆδλον
984 5161 1041 5213 δέ
1074 5163 1175 5215 ὅτι.
1207 5162 1426 5230 Antiqui
1465 5161 1570 5216 duo
1603 5162 1748 5225 libri,
1773 5161 1866 5233 δῆ-

290 5231 375 5283 λον
400 5232 502 5283 ὅτι.
537 5231 633 5283 Alii
670 5246 816 5283 ωδε..
876 5230 1109 5283 ηλονότι.

284 5231 375 5285 λον
400 5232 502 5284 ὅτι.
537 5231 633 5283 Alii
670 5246 816 5293 mss.,
847 5230 1109 5301 δηλονότι.

356 5301 468 5374 (80)
496 5301 726 5374 ᾼΑηιίηιιῑ
764 5299 933 5374 nostri
975 5303 1096 5374 libri
1129 5307 1182 5354 et
1211 5300 1301 5374 illc
1336 5300 1452 5374 ipse
1477 5299 1858 5374 Henricianus,

286 5373 337 5425 in
367 5370 473 5437 quo
492 5370 936 5438 ἐπιτεταγμένως
976 5372 1152 5435 legere
1183 5371 1280 5426 sibi
1319 5372 1468 5425 visus
1496 5383 1577 5425 est
1608 5371 1854 5433 Duca'us,

288 5443 485 5513 habent
505 5455 717 5504 omnes,
740 5441 1223 5513 ἐπιτετευγμένως.
1246 5441 1349 5496 Sed
1368 5443 1433 5506 is,
1453 5457 1610 5509 quem
1626 5442 1759 5496 dixi.
1776 5457 1860 5495 Vll‘

283 5512 687 5564 eruditissimus
732 5514 796 5564 dc
826 5526 922 5563 suo
953 5512 1041 5565 ita
1072 5514 1328 5574 correxit,
1362 5523 1420 5565 nt
1454 5527 1552 5574 pro
1582 5513 1859 5563 ἐπιτετευ-

284 5579 505 5646 γμένως
537 5580 805 5636 edendum
836 5586 1130 5648 curaverit,
1184 5579 1605 5650 ἐπιτεταμένως,
1654 5596 1856 5653 summa

2045 5017 2156 5086 (8|)
2181 5019 2468 5080 Ειίἰιὶ,ὄτι.
2498 5017 2567 5069 At
2602 5031 2693 5069 sex
2725 5033 2879 5071 mss..
2915 5018 3068 5071 διότι.

2044 5089 2422 5161 (82)_Yeleres
2468 5102 2564 5161 sex
2616 5086 2758 5161 lihri,
2808 5087 2991 5161 Ὥστε.
3047 5087 3212 5150 Editi,
3264 5087 3370 5152 Ὦς.
3416 5086 3537 5161 Mor

1967 5157 2190 5222 editi,'6
2226 5158 2450 5228 Κύριος.
2507 5158 2665 5213 Deest
2699 5157 2753 5212 in
2793 5160 2992 5212 nostris
3047 5174 3138 5212 sex
3201 5174 3333 5213 mss.
3404 5158 3541 5210 arti-

1964 5229 2151 5369 ῗζυῗδὲ)
2177 5298 2338 5369 Edili,
2372 5296 2780 5369 ἐγκαλεῖταιδέ.
2809 5296 2913 5352 Sed
2946 5297 3129 5349 vocula
3154 5295 3210 5349 δέ
3233 5297 3284 5349 in
3315 5294 3542 5369 rilPiloﬁ'

1962 5367 2065 5435 bro
2086 5365 2255 5420 veteri
2282 5365 2576 5423 invenitur.
2594 5368 2881 5436 Aliquanto
2897 5378 3015 5435 post
3032 5382 3164 5420 mss.
3178 5365 3444 5431 nonnulli,
3458 5367 3541 5427 εἰς

1962 5437 2388 5631 τέἷϐῗῖόνέίοειιὶ
2429 5522 2523 5563 sex
2570 5523 2730 5575 mss.,
2776 5504 3054 5577 ἀρύεσθαι.
3108 5503 3272 5568 Editi,
3318 5502 3534 5576 ἀρύσα-

1963 5593 1994 5629 σ
2031 5593 2107 5631 αι.

1963 5593 2107 5631 συαι.
