3810 6214
262 257 378 316 ⁸65

1085 261 1444 320 COMMENT.
1486 263 1554 320 ΙΝ
1594 266 1834 324 ISAIAM
1873 269 2320 331 PROPHETAM.
2358 276 2514 333 CAP.
2554 275 2693 335 Xlll.

3429 287 3549 360 εει,

268 374 494 465 νοήσεις
534 372 601 425 ἐκ
628 371 730 444 τῆς
761 372 971 440 εἰκόνος
1018 377 1117 450 τῆς
1178 381 1282 434 ὑπὸ
1328 380 1423 436 τοῦ
1455 383 1622 438 Δαϐὶδ
1668 403 1831 459 παρει

1962 393 2085 448 vide
2115 401 2391 464 assumpta
2421 393 2711 465 intelliges.
2733 392 3213 462 Nimirum,Sitiuit
3228 398 3406 455 anima
3420 418 3536 461 mea

264 462 582 554 λημμένης,
616 465 701 518 ὅτι
737 465 1070 535 Ἐδίψησεν
1107 469 1147 538 ἡ
1181 472 1355 541 iii-uxr}
1375 490 1497 542 μου
1540 475 1692 543 πρὸς
1748 476 1831 530 τὸν

1959 485 2030 537 ad
2075 483 2244 538 Deum
2277 462 2468 554 fortem
2499 462 2672 539 vivum
2699 485 2773 541 ".
2794 484 2928 539 Nam
2976 485 3302 542 desiderium
3341 488 3537 547 immo-

267 554 425 608 Θεὸν
459 553 569 653 τόν
598 554 857 623 ἰσχυρὸν
890 555 1002 610 τὸν
1032 556 1236 618 ζῶντα.
1267 561 1341 615 Τὸ
1381 561 1492 634 γὰρ
1519 563 1831 634 ὑπερϐάλλοε

1953 577 2131 631 dicum
2174 553 2499 633 immensam
2557 577 2846 649 quamdam
2901 577 3144 634 lzetltiam
3181 581 3247 637 iis
3299 583 3391 653 qui
3446 599 3547 641 res.

262 644 369 715 τῆς
395 642 695 716 ἐπιθυμίας
735 646 1018 718 ἀμήχανόν
1055 667 1178 705 τινα
1226 650 1324 722 τὴν
1359 654 1699 726 εὐφροσύνην
1748 657 1850 727 ὲμι

263 738 418 790 ποιεῖ
441 739 556 799 τοῖς
589 738 1012 808 ἐπιτυγχάνουσι
1048 740 1159 795 τῶν
1197 745 1703 816 περισπουδάστων.
1741 747 1851 801 Καὶ

261 828 295 880 ό
329 827 574 898 μελετῶν
619 827 711 881 τὸν
758 828 920 899 νόμον
972 830 1180 901 Κυρίου
1224 833 1438 904 ἡμέρας
1488 835 1581 888 καὶ
1637 835 1848 900 νυκτὸς,

262 917 400 989 περὶ
424 911 487 971 οὗ
513 916 753 989 εἴρηται,
789 919 874 972 ὅτι
906 921 1106 990 Στόμα
1130 921 1368 977 δικαίου
1395 925 1719 994 μελετήσει
1745 941 1850 981 σσ-

260 1008 439 1078 φίαν,
464 1009 711 1088 ἐρευνῶν
756 1008 857 1073 τὰς
879 1009 1124 1081 Γραφὰς,
1163 1013 1259 1067 καὶ
1294 1014 1383 1068 διὰ
1405 1015 1500 1068 τοῦ
1534 1015 1709 1088 ὀρθῶς
1753 1017 1851 1089 ζη-

258 1102 381 1154 τεῖν
430 1099 703 1172 εὑρίσκων
742 1101 835 1156 τὸν
865 1101 1090 1174 Κύριον,
1130 1104 1222 1160 διὰ
1244 1105 1345 1178 τὴν
1386 1108 1481 1161 ἐπὶ
1521 1111 1588 1179 τῇ
1633 1109 1847 1180 εὑρέσει

260 1190 611 1264 εὐφροσύνην
659 1193 862 1257 συνιεὶς
928 1195 991 1249 τὺ
1039 1200 1408 1268 πνευματικὸν
1446 1199 1694 1273 βούλημα
1739 1201 1847 1256 τῶν

261 1283 522 1354 Γραφῶν,
580 1283 831 1355 ἀντλήσει
888 1285 1030 1360 ὕδωρ
1088 1289 1205 1359 μετ’
1258 1290 1616 1363 εὐφροσύνης.
1682 1291 1847 1345 Ὅταν

260 1369 359 1428 οῦν
392 1374 553 1428 αὐτοὶ
598 1375 1002 1447 ὲμπλησθῶμεν
1055 1377 1151 1430 τοῦ
1210 1378 1456 1451 πόματος
1494 1379 1602 1434 τῶν
1650 1381 1714 1433 ἐκ
1748 1378 1845 1433 τοῦ

263 1464 542 1537 σωτηρίου
573 1464 686 1536 (85)
715 1466 927 1537 πηγῶν,
953 1467 1076 1522 τότε
1104 1469 1200 1523 καὶ
1246 1471 1464 1543 ἑτέρους
1491 1470 1846 1543 προσλαμϐά-

263 1574 453 1629 νομεν,
488 1557 901 1630 ὲγκελευόμενοι
933 1561 1116 1625 αὐτοῖς
1138 1562 1233 1615 καὶ
1255 1562 1540 1631 λέγοντεςσ
1577 1564 1844 1633 ’Υμνεῖτε

262 1646 375 1702 τὸν
401 1648 664 1716 Κύριον,
710 1647 900 1714 βοᾶτε
948 1651 1246 1720 τὸοὸνομα
1279 1652 1489 1706 αὐτοῦ.
1529 1652 1593 1706 'H
1641 1653 1699 1706 δὲ
1746 1652 1843 1724 βοὴ

1953 668 2453 725 desideratissimas
2475 678 2902 739 consequuntur,
2932 681 3100 725 creat.
3139 669 3445 738 Quinetiam
3487 676 3551 731 is.

1951 759 2042 830 qui
2068 760 2360 815 meditatur
2390 760 2564 832 legem
2598 760 2813 817 Domini
2846 764 2933 817 die
2958 777 3022 817 ac
3052 771 3212 819 nocte
3235 764 3303 827 τί,
3331 764 3398 819 de
3425 778 3549 834 quo.

1950 851 2152 907 dictum
2179 861 2292 908 est:
2323 850 2398 906 0s
2415 853 2550 922 justi
2578 854 2919 908 meditabitur
2943 855 3258 924 sapientiam
3274 855 3344 923 ⁸η,
3373 870 3533 913 seru-

1950 950 2074 998 tans
2104 943 2435 1014 Scripturas,
2459 955 2515 1000 et
2539 953 2684 1001 recte
2715 945 3007 1016 quaerendo
3039 943 3323 1001 Dominum
3368 961 3530 1016 repe-

1954 1033 2123 1101 riens,
2150 1033 2220 1088 ob
2242 1023 2551 1106 perceptam
2592 1036 2656 1090 de
2683 1037 2902 1090 invento
2922 1034 3191 1102 laetitiam,
3230 1035 3528 1107 spiritalem

1954 1124 2367 1196 Scripturarum
2412 1141 2633 1182 sensum
2685 1127 3028 1197 intelligens,
3065 1127 3275 1183 hauriet
3330 1141 3529 1198 aquam

1915 1242 1919 1247 -
1948 1230 2069 1270 cum
2097 1217 2312 1285 gaudio.
2348 1217 2483 1273 Cum
2512 1218 2680 1288 igitur
2704 1233 2800 1274 nos
2821 1228 2947 1289 potu
2973 1217 3200 1274 fontium
3231 1233 3263 1274 e
3289 1216 3528 1275 Salutari

1947 1306 2358 1361 scaturientium
2390 1306 2657 1365 fuerimus
2683 1308 2956 1375 exsatiati,
2982 1317 3092 1363 tum
3119 1317 3174 1364 et
3207 1309 3341 1364 alios
3368 1310 3525 1366 nobis

1947 1398 2323 1468 adiungemus,
2359 1408 2415 1454 et
2437 1399 2870 1467 exhortabimur,
2901 1399 3034 1470 ipsis
3064 1400 3306 1456 dicentes
3334 1400 3522 1472 (Vatis.

1946 1486 2002 1557 4)
2032 1506 2045 1541 :
2074 1487 2300 1558 Hymnis
2323 1488 2575 1543 celebrate
2602 1488 2907 1553 Dominum,
2928 1488 3150 1543 clamate
3183 1504 3371 1543 nomen
3388 1488 3522 1556 eius.

1945 1578 2040 1633 Est
2054 1590 2231 1635 autem
2257 1580 2462 1635 clamor
2478 1594 2643 1636 sonus
2658 1595 2779 1636 cum
2804 1579 2963 1651 573
2975 1580 3315 1635 contentione
3334 1594 3528 1650 magna

1945 1670 2147 1736 editus,
2179 1672 2274 1740 qui
2310 1670 2474 1726 etiam
2502 1671 2571 1725 ad
2604 1685 2699 1726 eos
2724 1672 2816 1741 qui
2851 1671 3035 1740 procul
3069 1672 3288 1735 absunt,
3319 1674 3529 1740 pertin-

260 1740 418 1811 φωνή
451 1741 568 1793 ἐστι
630 1739 859 1810 μέγεθος
908 1740 1139 1812 ἔχουσα,
1185 1742 1483 1814 δυνάμενον
1523 1742 1831 1797 διῖκνεϊσθας

1951 1775 2073 1830 gere
2100 1739 2298 1832 potest.
2322 1761 2566 1819 Clamate
2589 1739 2775 1835 igitur,
2804 1739 2909 1819 hoc
2927 1774 3031 1830 est,
3059 1763 3175 1818 Non
3204 1739 3426 1819 humilia
3457 1764 3526 1820 de

259 1832 361 1885 καὶ
388 1830 527 1902 πρὸς
553 1831 681 1895 τοὺς
712 1832 902 1904 πόρρω
935 1833 1073 1905 (86).
1109 1834 1278 1887 Βοᾶτε
1297 1829 1392 1888 οὖν
1412 1850 1427 1864 ·
1459 1833 1579 1888 ἀντὶ
1609 1833 1726 1899 τοῦ,
1747 1833 1838 1906 Μὴ

264 1923 444 1996 μικρὰ
470 1924 599 1995 περὶ
629 1923 764 1979 Θεοῦ
796 1928 1063 1998 φρονεῖτε,
1093 1925 1228 1980 ἀλλὰ
1268 1926 1478 1999 μεγάλῃ
1521 1929 1589 1998 τῇ
1633 1926 1842 1998 διανοίᾳ

258 2016 333 2070 τὰ
366 2017 494 2087 περὶ
537 2015 704 2071 αὐτοῦ
761 2016 1102 2086 ἐννοοῦντες,
1157 2017 1300 2073 οὕτω
1332 2018 1653 2088 θεολογεῖτε,
1700 2018 1840 2073 ὥστε

257 2096 360 2161 ἰαὶ
387 2108 499 2171 τοῖς
539 2107 758 2178 μακρὰν
798 2101 918 2162 οὖσι
949 2107 1051 2179 τῆς
1107 2107 1380 2179 σωτηρίας
1411 2108 1705 2179 δυνηθῆναι
1751 2107 1841 2173 ἐξ-

259 2192 532 2248 άκουστον
557 2191 711 2261 ὑμῶν
735 2192 826 2246 τὸν
847 2192 1026 2263 λόγον,
1048 2192 1137 2247 διὰ
1163 2193 1225 2247 τὸ
1255 2193 1448 2265 τρανὸν
1477 2193 1576 2264 τῆς
1593 2193 1843 2248 διδασκα-

261 2283 408 2352 λίας,
444 2284 700 2354 γενέσθαι
731 2284 866 2357 (87).
893 2284 1056 2358 Δηλοῖ
1079 2285 1137 2340 δὲ
1163 2285 1256 2339 τὸν
1284 2284 1409 2341 νοῦν
1437 2285 1627 2339 τοῦτον
1656 2284 1724 2337 τά
1753 2286 1843 2353 ἐφ-

259 2374 415 2445 εξῆς.
451 2375 856 2445 Ἅνατγείλατε
889 2374 1022 2448 γὰρ,
1047 2374 1231 2447 φησὶν,
1270 2374 1341 2428 ἐν
1389 2372 1515 2440 τοῖς
1543 2374 1744 2427 ἔθνεσι
1772 2372 1845 2426 τὰ

258 2463 489 2528 ἔνδοξα
522 2464 734 2530 αὐτοῦ,
764 2464 974 2518 εἴπατε
1024 2463 1212 2518 αὐτοῦ
1243 2462 1318 2517 τὰ
1365 2460 1688 2532 θαυμάσια.
1734 2459 1846 2513 Δεί-

260 2555 394 2622 ξατε
424 2557 536 2618 τοῖς
562 2554 810 2626 ἀνοήτοις
838 2553 938 2626 τὴν
983 2554 1113 2625 περὶ
1148 2552 1242 2606 τὸν
1287 2551 1494 2623 κόσμον
1522 2550 1632 2622 (88)
1657 2549 1843 2604 διάτα-

263 2647 372 2713 ξιν,
403 2646 490 2700 ἵνα
519 2644 874 2718 προσαχθῶσι
905 2647 971 2718 τῇ
1005 2645 1197 2718 ἀγάπῃ
1223 2643 1319 2699 τοῦ
1350 2643 1634 2707 κτίσαντος
1660 2640 1727 2695 τὰ
1748 2641 1844 2694 ὅλα

259 2737 425 2793 Θεοῦ.
464 2736 794 2807 Ὑμνήσατε
852 2737 920 2792 τὸ
975 2735 1163 2807 ὄνομα
1217 2735 1402 2791 αὐτοῦ
1425 2775 1440 2802 ,
1486 2734 1579 2788 ὅτι
1635 2732 1846 2802 ὑψηλὰ

261 2829 578 2897 ἐποίησεν.
606 2829 679 2882 Ἠ
705 2827 835 2901 περὶ
858 2827 968 2882 τῶν
996 2829 1055 2883 ὲν
1097 2827 1177 2900 τῷ
1213 2828 1405 2899 κόσμῳ
1435 2825 1727 2896 θαυμάτων
1768 2824 1846 2877 δι-

267 2921 578 2993 ηγήσασθε,
607 2920 690 2974 ὅτι
726 2919 907 2992 ὑψηλὰ
943 2920 1037 2973 καὶ
1075 2919 1345 2992 ἀπρόσιτα
1369 2934 1384 2950 ο
1423 2917 1457 2989 ἦ
1491 2917 1617 2989 περὶ
1648 2917 1757 2970 τῶν
1783 2916 1843 2969 ὲν

265 3012 387 3073 τοῖς
410 3008 657 3080 οὐρανοῖς
677 3008 979 3079 δυνάμεων,
1012 3010 1094 3063 ὅτι
1147 3009 1310 3072 αὐτὸς
1363 3008 1585 3079 ἐποίησε
1612 3007 1682 3060 τὰ
1728 3006 1846 3059 ἐκεῖ

1940 1850 2053 1907 Deo
2075 1854 2271 1909 sentite
2300 1872 2314 1909 :
2350 1856 2459 1911 imo
2479 1870 2610 1911 vero
2637 1857 2840 1926 ingenti
2866 1857 3050 1913 animo
3078 1871 3140 1912 ea
3163 1871 3279 1925 quae
3308 1856 3375 1911 ad
3398 1868 3525 1911 eum

1939 1944 2235 2014 pertinent.
2262 1947 2584 2016 e0gitantes,
2617 1947 2699 2002 sic
2729 1947 2795 2003 de
2827 1948 2987 2003 rebus
3015 1947 3212 2003 divinis
3245 1946 3527 2004 disserites

1941 2043 2001 2089 ut
2037 2034 2122 2089 vel
2152 2035 2217 2089 iis
2256 2035 2346 2104 qui
2379 2035 2536 2106 longe
2565 2044 2690 2090 sunt
2713 2050 2740 2088 a
2771 2033 2945 2089 salute
2977 2035 3190 2100 remoti,
3220 2046 3399 2089 sermo
3425 2044 3521 2086 ve-

1942 2132 2055 2179 ster
2080 2125 2253 2179 audiri
2287 2137 2469 2195 queat,
2501 2128 2572 2182 ob
2608 2126 2868 2182 doctrinae
2898 2124 3360 2195 perspicuitatem.
3398 2121 3520 2180 Cat—

1945 2223 2118 2271 terum
2147 2231 2265 2286 qua:
2292 2219 2631 2287 sequuntur',
2662 2217 2804 2272 hunc
2829 2216 3087 2271 exhibent
3117 2228 3362 2269 sensum.
3400 2213 3515 2267 Δη-

1944 2307 2181 2361 nuntiate
2205 2309 2373 2375 enim,
2398 2308 2597 2379 inquit,
2627 2308 2683 2362 in
2713 2308 2957 2379 gentibus
2993 2304 3221 2376 gloriosa
3261 2305 3399 2376 ejus,
3434 2303 3525 2358 di-

1943 2398 2045 2450 cite
2092 2399 2259 2467 ipsius
2305 2400 2461 2457 mira.
2509 2398 2754 2454 Rudibus
2794 2409 2851 2453 et
2894 2398 3246 2467 intelligentia
3296 2395 3523 2453 minime

1943 2490 2184 2561 praeditis
2212 2493 2481 2547 ostendite
2506 2500 2824 2562 apparatum
2852 2491 3036 2546 mundi
3066 2504 3130 2546 ac
3162 2489 3432 2554 ordinem,
3458 2497 3520 2543 ut

1945 2595 2128 2636 amore
2193 2581 2289 2636 Dei
2362 2583 2741 2639 universorum
2804 2581 3101 2637 conditoris
3157 2579 3520 2652 pelliciantur.

1945 2671 2132 2743 (Vnus.
2164 2673 2218 2745 5)
2244 2672 2465 2744 Hymnis
2499 2674 2751 2729 celebrate
2773 2688 2959 2728 nomen
2985 2672 3121 2742 ejus,
3157 2672 3404 2743 quoniam
3427 2686 3523 2726 ex-

1945 2764 2081 2817 celsa
2125 2763 2272 2833 fecit.
2311 2765 2418 2818 Ant
2461 2764 2529 2819 de
2576 2761 2759 2818 mundi
2803 2761 3081 2819 miraculis
3127 2761 3231 2816 hoc
3271 2768 3518 2825 narrate,

1945 2855 2087 2924 quod
2107 2855 2328 2911 excelsa
2359 2856 2467 2911 sint
2488 2863 2543 2910 et
2567 2856 2847 2910 inaccessa
2874 2876 2886 2909 :
2915 2860 3010 2908 aut
3043 2853 3109 2908 de
3139 2850 3396 2908 caelorum
3419 2851 3522 2905 vir-

1947 2944 2179 3009 tutibus,
2214 2947 2355 3015 quod
2390 2943 2652 2999 Dominus
2690 2943 2799 2999 illic
2842 2941 3056 2998 excelsa
3086 2941 3297 3010 egerit:
3329 2948 3423 2995 aut
3456 2942 3523 2995 de

1946 3033 2063 3103 ejus
2101 3034 2154 3088 in
2185 3048 2284 3089 nos
2332 3034 2680 3103 benignitate,
2723 3032 2866 3102 quod
2915 3030 3145 3086 humiles
3177 3038 3233 3085 et
3260 3029 3522 3084 contritos

266 3097 485 3170 ὑψηλά·
534 3098 567 3170 ἢ
611 3098 739 3171 περὶ
771 3098 871 3170 τῆς
901 3100 960 3154 ὲν
990 3101 1122 3171 ἡμῖν
1164 3099 1552 3173 χρηστότητος,
1582 3098 1664 3153 ὄτι
1720 3097 1831 3167 Oti/oi

1951 3097 2108 3178 corde
2133 3123 2363 3179 attollat.
2381 3097 2640 3178 Dominus
2655 3097 2797 3177 enim
2817 3120 3217 3191 exaltatjustos
3238 3120 3309 3173 ⁷³.
3338 3117 3519 3173 Altum

260 3192 396 3255 τοὺς
422 3191 923 3262 τεταπεινωμένους
948 3193 1042 3246 καὶ
1072 3190 1567 3264 συντετριμμένους
1589 3190 1687 3262 τὴν
1713 3207 1843 3262 καρ-

260 3283 406 3339 δίαν.
440 3282 644 3354 Κύριος
678 3282 790 3355 γὰρ
819 3282 946 3353 ὑψοῖ
976 3283 1235 3348 δικαίους.
1276 3282 1506 3354 Ὑψηλὸν
1534 3277 1628 3337 οὖν
1658 3280 1843 3351 ἐποίη-

263 3392 352 3439 σε,
384 3375 480 3429 καὶ
514 3373 917 3429 ταπεινωθέντα
941 3376 1007 3448 τῇ
1041 3375 1306 3449 ἁμαρτίᾳ,
1332 3377 1400 3447 τῇ
1431 3374 1537 3447 ἰδίᾳ
1557 3372 1685 3446 δόξῃ
1724 3370 1838 3444 (89)

258 3466 645 3539 ὑπερύψωσεν.

721 3734 836 3807 (90)
861 3733 1261 3789 ΚΕΦΛΛΑΙΟΝ
1290 3732 1387 3790 11‘.

332 3827 460 3883 254.
487 3826 739 3896 Ὀρασις
774 3828 926 3883 κατὰ
948 3826 1327 3895 Βαϐυλῶνος,
1358 3824 1441 3896 ἢν
1471 3822 1635 3882 εἶδεν
1667 3826 1840 3883 Ἡσα-

259 3919 362 3986 ΐας
400 3916 535 3983 υἱὸς
576 3916 773 3986 Ἀμώς.
809 3916 924 3970 Οὐκ
973 3915 1201 3987 αἰσθητή
1233 3915 1318 3980 τίς
1362 3917 1529 3982 ἐστιν,
1583 3915 1707 3970 οὐδὲ
1753 3915 1844 3970 διὰ

262 4004 598 4077 σωματικῶν
649 4004 947 4076 ὀφθαλμῶν
977 4004 1326 4078 θεωρουμένη
1357 4005 1495 4078 αῦτη
1548 4007 1583 4078 ἡ
1631 4007 1842 4078 ὅρασις,

259 4095 382 4150 ἀλλ’
407 4094 514 4148 ὑπὸ
536 4093 631 4148 τοῦ
657 4093 752 4148 νοῦ
778 4094 1204 4167 κατανοουμένη,
1235 4095 1331 4149 τοῦ
1355 4095 1491 4149 Θεοῦ
1517 4094 1842 4165 φωτίζοντος

259 4186 451 4250 αὐτὸν,
482 4185 575 4240 καὶ
601 4184 958 4258 χαριζομένου
982 4189 1114 4259 ὀρᾷν
1141 4187 1322 4242 αὐτόν.
1356 4187 1452 4252 Τίς
1491 4188 1525 4258 ἡ
1563 4186 1838 4250 Βαϐυλὼν,

259 4280 364 4334 καὶ
388 4278 509 4334 τίνα
537 4276 607 4330 τὰ
636 4277 1058 4349 ἀπαντησόμενα
1084 4278 1260 4350 αὐτῇ;
1307 4278 1476 4348 Δῆλον
1517 4277 1596 4341 δὲ,
1651 4277 1732 4330 ὅτι
1778 4276 1839 4330 οὐ

1939 3209 2103 3280 igitur
2119 3210 2321 3277 effecit,
2341 3223 2504 3282 atque
2545 3227 2669 3268 eum
2693 3213 2785 3282 qui
2812 3219 3035 3280 peccato
3058 3210 3372 3265 humiliatus
3403 3210 3522 3262 rue-

1940 3308 2026 3354 rat
2055 3316 2118 3357 ac
2144 3303 2449 3374 depressus,
2484 3318 2580 3359 sua
2621 3302 2790 3374 ipsius
2815 3301 2982 3373 gloria
3023 3301 3179 3357 valde
3216 3299 3523 3357 sublimem‘

1941 3394 2197 3450 reddidit.
3161 3393 3164 3397 ’

2533 3728 2762 3787 CAPUT
2801 3728 2938 3785 Xlll.

2010 3820 2138 3878 254.
2179 3820 2328 3877 Visio
2360 3831 2545 3876 contra
2581 3819 2925 3890 Babylonem,
2951 3834 3110 3890 quam
3159 3817 3290 3873 vidit
3337 3815 3519 3874 Isaias

1939 3912 2086 3983 [ilius
2106 3913 2285 3968 Amos.
2306 3912 2453 3969 Visio
2477 3913 2593 3969 haec
2614 3911 2715 3968 sub
2731 3925 2928 3968 sensus
2951 3925 3058 3967 non
3080 3909 3301 3977 cecidit,
3332 3923 3512 3980 neque

1941 4005 2045 4058 fuit
2084 4012 2374 4074 conspecta
2437 4003 2713 4072 corporeis
2772 4001 2982 4068 oculis,
3024 4001 3119 4057 sed
3159 3999 3433 4056 intellecta
3478 4015 3511 4053 a

1946 4105 2147 4165 mente,
2178 4097 2288 4152 Deo
2313 4112 2434 4152 eam
2486 4095 2812 4159 illustraute,
2842 4095 3002 4164 eique
3046 4092 3264 4149 videndi
3302 4092 3412 4147 vim
3452 4106 3518 4147 ac

1945 4188 2256 4245 facultatem
2280 4188 2571 4243 tribuente.
2591 4186 2772 4256 Ecqua
2794 4196 2877 4241 est
2902 4186 3015 4241 haec
3041 4183 3304 4256 Babylon,
3321 4192 3376 4240 et
3397 4197 3519 4255 qua:

1946 4293 2103 4336 erant
2122 4282 2171 4337 ei
2194 4281 2492 4337 obventura
2514 4280 2537 4334 ?
2561 4279 2745 4334 Palam
2776 4287 2860 4335 est
2879 4287 3059 4335 autem
3091 4279 3383 4349 prophetas
3407 4292 3511 4335 nor.

263 4372 390 4427 κατ’
408 4369 663 4425 ἔκστασιν
694 4370 919 4424 ἐλάλουν
944 4371 994 4424 oi
1023 4371 1323 4443 προφῆται.
1342 4372 1405 4425 Οἱ
1439 4370 1535 4443 μὲν
1552 4369 1662 4442 γὰρ
1683 4386 1817 4440 πονη

1951 4375 2151 4428 locutos
2197 4373 2367 4428 fuisse
2416 4382 2672 4442 tanquam
2705 4386 2737 4426 a
2764 4383 2946 4428 mente
2991 4371 3219 4426 alienos.
3264 4367 3516 4424 Nonnulli

262 4464 382 4536 poi;
398 4461 671 4531 πνεύμασι
700 4462 943 4533 κάτοχοι,
974 4463 1418 4534 παραφερόμενοι
1446 4463 1537 4516 τὸν
1562 4462 1707 4527 νοῦν,
1741 4461 1839 4524 τὰς

256 4555 331 4605 ὲκ
360 4551 472 4606 τῶν
502 4552 774 4623 δαιμόνων
803 4553 988 4617 αὐτοῖς
1016 4554 1376 4625 ἐγγινομένας
1406 4553 1709 4623 φαντασίας
1742 4554 1841 4623 οὐχ

255 4640 485 4714 ὁρῶσιν,
508 4640 645 4694 ἀλλὰ
666 4641 1001 4714 παρορῶσιν.
1031 4643 1304 4712 ’Ὠσπεροὶ
1328 4641 1691 4714 δαιμονῶντες
1729 4642 1840 4715 (9i)

258 4735 548 4803 σωταμοὺς
581 4732 863 4803 βλέπουσι,
897 4734 994 4787 καὶ
1018 4732 1142 4806 ὅρη,
1175 4734 1269 4788 καὶ
1297 4732 1462 4805 θηρία
1491 4732 1562 4787 τὰ
1592 4733 1667 4806 μὴ
1697 4751 1841 4806 παρ-

255 4822 414 4878 όντα.
451 4824 564 4877 Καὶ
587 4822 859 4896 χρώματα
887 4824 1034 4878 δοκεῖ
1069 4841 1191 4879 τινα
1236 4823 1423 4888 αὐτοῖς
1449 4827 1731 4897 παρεῖναι,
1751 4825 1846 4878 καὶ

1937 4464 2152 4533 quidem
2191 4462 2467 4533 spiritibus
2503 4462 2756 4532 malignis
2805 4463 3039 4531 correpti
3087 4472 3142 4517 et
3192 4460 3395 4524 amati,
3449 4461 3519 4516 de

1938 4565 2082 4610 statu
2132 4555 2329 4613 mentis
2362 4553 2577 4622 deiecti,
2609 4553 2820 4622 species
2863 4552 2963 4608 sibi
2988 4569 3019 4607 a
3053 4552 3386 4609 daemonibus
3415 4551 3516 4606 ob-

1934 4639 2106 4709 jectas
2154 4640 2469 4710 neutiquam
2501 4639 2710 4706 vident,
2746 4640 2842 4695 sed
2896 4640 3082 4695 videre
3112 4655 3171 4696 se
3199 4638 3340 4695 falso
3371 4639 3519 4694 arbi-

1943 4740 2176 4787 trantur.
2211 4730 2673 4798 Quemadmodum
2716 4730 2810 4801 qui
2832 4731 3199 4800 corripiuntur
3238 4731 3510 4799 daemone,

1942 4821 2155 4889 ﬂuvios,
2177 4832 2386 4878 montes
2402 4835 2453 4877 et
2475 4822 2681 4879 belluas
2698 4821 2825 4878 licet
2850 4821 3106 4880 absentes
3131 4823 3513 4895 conspiciunt,

368 5027 420 5060 τ’
447 5026 588 5082 Psal.
616 5044 728 5093 xu,
758 5030 814 5085 5.
887 5029 934 5063 ’³
966 5027 1171 5096 Psal.t,
1200 5030 1254 5085 2.
1323 5030 1371 5063 ⁷⁹
1393 5030 1538 5087 Psal.
1562 5048 1748 5094 xxxvx,
1774 5032 1863 5087 50.
1917 5032 1965 5064 "
1986 5030 2128 5088 Psal.
2158 5047 2339 5099 Lxxtv,
2379 5032 2465 5088 li.

334 5184 446 5257 (85)
485 5185 593 5242 Pro
622 5184 913 5257 σωτηρίου,
972 5184 1136 5241 habet
1186 5195 1415 5256 uterque
1458 5186 1635 5251 Colb.,
1669 5203 1835 5258 ποτη-

251 5257 451 5396 οίῗθῖἢ
476 5323 701 5396 Veteres
719 5323 927 5393 aliquot
945 5322 1096 5396 libri,
1118 5325 1483 5396 γπορῥωτέρω.

359 5332 451 5387 86)
481 5332 701 5380 Veteres
719 5332 927 5393 aliquot
955 5332 1096 5387 libri,
1133 5332 1383 5396 πορρωτε
1419 5344 1483 5381 ω.

336 5332 455 5472 ἱὸη
487 5395 715 5451 Codices
755 5393 1333 5472 ii0nnttlli,»‘vivastiatt.
1388 5344 1502 5450 ﬁlo:
1561 5395 1837 5472 editi_cuin

253 5462 545 5545 alijiuibns
599 5479 754 5529 niss.,
807 5462 932 5517 νοῦν
980 5462 1209 5519 τούτων.
1278 5464 1513 5536 Uterque
1566 5465 1839 5534 CombeL,

489 5604 566 5678 l_t_a
594 5618 741 5678 mss.‘
760 5616 995 5678 _9tnnes.
1031 5602 1197 5678 Editi,
1222 5604 1351 5678 περὶ
1377 5600 1470 5678 τοῦ
1486 5605 1736 5678 ᾲκόσμου.

341 5623 462 5748 ἓξὲξ
490 5623 1842 5746 ἳῗῖοῗιῗῗ’ἓξδὶιονέἶῗῖὲἐῗξρὲοτῶἷίῗῧξξοξῖἁξαί-

1941 5202 2079 5241 mus.

2017 5257 2133 5325 (90)
2157 5256 2387 5312 Librarii
2420 5258 2573 5323 prius
2603 5256 2819 5312 titulum
2845 5257 3047 5311 nullum
3071 5262 3403 5323 posuerunt:
3423 5255 3519 5311 sed

1946 5324 2079 5396 ipsis
2113 5324 2200 5382 hic
2250 5342 2524 5396 apponere
2574 5328 2750 5383 visum
2785 5337 2887 5381 est.
2923 5326 3136 5380 Habent
3164 5326 3327 5393 igitur
3352 5327 3519 5394 quin-

1947 5395 2053 5465 que
2099 5412 2264 5451 mss.:
2294 5395 2530 5467 Ὃρασις
2557 5404 2627 5466 γ’.
2666 5399 2952 5461 Antiquior
2988 5395 3299 5467 Cunibetisii
3333 5396 3518 5467 codex

1950 5467 2172 5522 totidem
2200 5464 2454 5537 syllabis:
2485 5464 2716 5538 Ὅρασις
2742 5468 2920 5539 τρίτη.
2946 5467 3096 5520 Alius
3122 5465 3293 5519 codex
3331 5464 3468 5536 Reg.
3499 5481 3515 5520 :

1947 5535 2177 5589 Ὀοασις
2197 5543 2266 5589 γ’.
2298 5534 2455 5589 λόγος
2482 5536 2567 5589 ιϐ’.

2055 5553 2177 5599 ασις
2197 5543 2266 5599 γ’,
2299 5543 2455 5599 λόγος
2482 5543 2567 5599 ιβ’.

2023 5553 2177 5606 ρασις
2197 5536 2266 5605 γ’,
2298 5536 2455 5603 λόγος
2482 5536 2568 5606 ιβ’.
2780 5536 2794 5539 ’
2888 5536 2896 5537 ί

2018 5607 2129 5678 till)
2165 5604 2385 5678 Veteres
2411 5607 2615 5678 aliquot
2632 5603 2781 5673 libri,
2810 5606 2858 5659 οί
2884 5602 3289 5677 δαιμονιῶντες.
3317 5601 3518 5663 Statim

1944 5673 2057 5734 tres
2082 5673 2238 5745 "158.,
2272 5673 2393 5746 ὄψις
2412 5673 2735 5747 ἀνθρώπων.
