3810 6214
342 333 444 390 56¹2

1297 332 1645 392 APPENDIX
1683 334 1970 392 OPERUM
2007 333 2064 389 s.
2102 332 2345 388 BASILII
2382 292 2621 387 MAGNI.

3492 329 3611 386 568

343 457 768 526 existimantque
790 455 1005 512 colores
1021 455 1283 526 quosdam
1302 456 1406 513 sibi
1425 466 1718 528 praesentes
1730 457 1919 512 adesse

2036 455 2181 525 Βψεις
2212 452 2516 524 ἀνθρώπων
2554 449 2724 521 φίλων
2763 450 2798 522 ἢ
2834 446 3214 519 ἀγνοουμένων
3251 445 3610 517 ἐμφαντάζε-

341 557 397 604 et
425 547 705 602 hominum
739 547 1036 602 amicorum
1083 554 1176 602 aut
1221 548 1528 618 ignotorum
1562 549 1772 619 species
1811 548 1914 603 sibi

324 640 588 694 'exhiberi
617 659 631 695 :
657 654 885 709 quorum
935 650 1258 712 conspectus
1304 641 1439 697 nihil
1481 650 1566 698 est
1600 641 1703 696 nisi
1742 656 1915 704 error,

340 738 396 783 et
418 731 612 786 mentis
632 731 957 800 perturbata:
980 747 1044 787 ac
1067 733 1118 787 vi
1143 741 1198 787 et
1218 731 1475 787 facultate
1512 748 1607 788 sua
1645 732 1918 787 destitutae

342 818 599 875 alienatio
622 821 889 891 quaedam.
921 820 1027 877 Sed
1059 837 1166 879 non
1200 825 1274 877 ita
1297 837 1356 878 se
1389 836 1477 878 res
1510 822 1672 877 habet
1702 822 1757 875 in
1787 836 1916 876 san-

341 911 569 967 ctis.Ait
590 912 733 967 enim
764 911 906 968 Deus
933 914 1049 982 ipse
1077 932 1091 968 :
1126 913 1238 985 Ego
1265 915 1488 969 visiones
1512 913 1913 982 muliplicavi“.

341 1003 477 1058 Cum
520 1013 700 1059 autem
729 1005 993 1060 Dominus
1029 1006 1256 1077 largitur
1285 1008 1571 1069 visionem,
1611 1007 1849 1060 animum
1885 1023 1916 1060 a

341 1109 401 1149 se
423 1105 667 1164 aptatum
703 1096 925 1151 niinime
945 1098 1209 1163 obcaecat,
1240 1097 1350 1151 imo
1384 1112 1513 1152 vero
1538 1113 1661 1151 eum
1685 1097 1919 1152 illustrat

342 1196 409 1237 ac
449 1184 685 1254 Spiritus
728 1187 902 1241 sancti
945 1187 1177 1241 adventu
1222 1189 1681 1258 perspicaciorem
1731 1186 1913 1242 elﬁcit.

341 1272 550 1329 idcirco
592 1276 736 1330 enim
762 1275 1035 1345 prophetae
1059 1277 1392 1332 vocabantur
1426 1275 1741 1344 Videntes",
1772 1280 1913 1347 quod

340 1377 439 1435 per
455 1363 687 1432 Spiritus
700 1376 759 1421 se
777 1366 1094 1422 illustrantis
1112 1369 1451 1438 praesentiam
1465 1370 1705 1424 obtuitus
1724 1370 1919 1424 mentis

342 1456 401 1508 in
451 1454 557 1510 illis
588 1458 741 1524 quasi
778 1468 1085 1527 augeretur.
1129 1457 1259 1524 Quis
1297 1460 1458 1528 igitur
1502 1460 1623 1528 fecit
1663 1460 1916 1512 videntem

343 1557 391 1599 et
410 1563 605 1602 ca’cum
619 1548 691 1603 '8?
708 1538 1006 1616 Videntem,
1029 1551 1280 1606 nimirum
1299 1552 1784 1621 prophetam,quod
1800 1565 1916 1619 per-

345 1638 543 1707 spicaci
579 1640 776 1695 mentis
800 1641 916 1695 acie
942 1639 1121 1696 futura
1154 1643 1463 1712 prospicere
1483 1643 1688 1709 valeat;
1717 1657 1914 1696 caurum

345 1743 478 1783 vero
507 1744 628 1784 eum
656 1729 903 1801 intelligit
940 1731 1031 1800 qui
1072 1747 1170 1786 sua
1212 1731 1383 1802 ipsius
1410 1731 1649 1800 nequitia
1677 1733 1912 1791 caccutit,

343 1830 405 1875 ut
442 1835 511 1876 ne
550 1821 759 1890 profani
794 1822 939 1876 oculi
977 1822 1284 1891 spectacula
1338 1822 1622 1877 beatorum
1661 1823 1913 1877 Ῑιιιυοειηο
1949 1811 1992 1868 Β

344 1924 451 1967 tur.
482 1912 662 1980 Quare
689 1923 743 1969 et
768 1913 1029 1970 Dominus
1056 1914 1169 1970 ait:
1198 1913 1265 1968 In
1280 1915 1545 1984 judicium
1575 1930 1666 1984 ego
1696 1916 1752 1968 in
1781 1916 1919 1967 hunc

344 2006 598 2058 mundum
649 2006 786 2070 veni,
824 2015 883 2058 ut
910 2006 1000 2071 qui
1032 2022 1135 2060 non
1160 2006 1357 2073 uident,
1386 2006 1616 2071 videant,
1640 2017 1684 2059 et
1724 2006 1809 2075 qui
1842 2007 1920 2058 vi-

340 2101 485 2160 dent,
513 2096 637 2150 σα.ιεὶ
672 2096 803 2165 ﬁunt
831 2098 900 2151 ".

344 2367 510 2440 574
537 2368 651 2424 visa
690 2380 773 2424 est
800 2370 977 2425 visio?
1004 2370 1146 2427 Sane
1179 2371 1337 2439 juxta
1373 2373 1657 2427 historiam
1695 2371 1740 2426 is
1775 2372 1921 2426 locus

341 2455 586 2529 Babylon
620 2467 846 2513 vocatus
888 2459 1055 2515 fuisse
1082 2462 1315 2523 videtur,
1342 2462 1394 2516 in
1428 2477 1534 2531 quo
1572 2462 1752 2533 lingua
1787 2478 1919 2518 con-

344 2548 464 2605 fusa
489 2558 575 2605 est
599 2565 808 2617 eorum,
829 2553 920 2622 qui
945 2552 1231 2607 dicebant:
1256 2550 1457 2618 Venite,
1480 2554 1799 2622 wdiﬁcemus
1827 2571 1922 2610 no-

344 2642 421 2696 bis
452 2642 584 2713 ipsis
632 2644 894 2697 civitatem
921 2653 968 2697 et
1003 2644 1222 2709 turrim,
1250 2644 1403 2714 cujus
1433 2655 1591 2713 caput
1633 2647 1730 2699 erit
1762 2664 1922 2718 usque

343 2735 414 2787 ad
437 2735 624 2788 caelum
657 2736 722 2787 ⁷⁸.
763 2735 903 2789 Deus
937 2736 1102 2803 igitur
1140 2736 1264 2790 illuc
1295 2736 1651 2802 descendens,
1682 2737 1924 2792 confudit

344 2825 595 2895 linguas;
636 2825 890 2896 quocirca
923 2825 1065 2881 illius
1110 2842 1304 2882 nomen
1340 2827 1543 2883 dictum
1595 2839 1680 2885 est
1728 2828 1921 2884 coniu-

342 2918 429 2972 δίο
451 2917 520 2970 τ’.
557 2915 742 2986 Itaque
771 2915 1059 2988 Babylonis
1087 2917 1237 2974 locus
1271 2920 1418 2990 regio
1447 2930 1530 2976 est
1562 2906 1918 2987 confusionis,

345 3022 455 3061 non
490 3006 684 3077 linguae
730 3007 903 3063 solum
925 3049 940 3073 ,
974 3010 1070 3064 sed
1100 3010 1410 3081 dogmatum
1465 3014 1626 3067 etiam
1658 3023 1715 3070 et
1744 3015 1922 3070 consi-

344 3098 539 3155 liorum
568 3110 623 3155 et
646 3101 764 3170 ejus
786 3102 1005 3166 mentis,
1034 3117 1153 3171 qua:
1185 3104 1299 3158 haec
1336 3104 1519 3159 videre
1547 3104 1646 3159 sibi
1684 3105 1915 3161 videtur.

342 3188 472 3246 Haec
496 3191 660 3261 igitur
688 3192 823 3247 visio
850 3192 1109 3249 adversus
1145 3193 1497 3266 Babylonem,
1528 3196 1713 3252 lsraeli
1754 3198 1849 3267 qui
1886 3214 1918 3252 a

342 3280 653 3353 Babyloniis
682 3282 1057 3351 divexabatur,
1088 3284 1249 3340 veluti
1280 3287 1710 3342 consolationem
1740 3286 1914 3342 all'ert.

343 3371 479 3425 Nam
512 3374 692 3428 animo
726 3374 922 3443 pusillo
954 3390 1022 3429 ne
1044 3386 1248 3444 essent,
1280 3385 1335 3432 et
1368 3393 1435 3431 ne
1484 3379 1552 3432 de
1579 3379 1917 3444 providentia

343 3462 439 3516 Dei
475 3471 726 3534 tanquam
749 3479 869 3534 qua:
896 3480 992 3521 eos
1020 3466 1317 3532 desereret,
1353 3468 1730 3537 desperarent,
1750 3470 1920 3525 Isaias

342 3553 399 3606 in
426 3562 763 3609 antecessum
797 3555 850 3609 in
881 3558 1163 3626 prophetia
1192 3558 1531 3614 calamitates
1551 3568 1605 3613 et
1640 3559 1920 3615 molestias

347 3643 609 3714 Babyloni
636 3654 925 3703 eventuras
956 3657 1163 3713 narrat,
1189 3659 1252 3704 ut
1288 3665 1356 3705 ne
1384 3652 1724 3719 praesentium
1752 3651 1921 3706 tristi-

345 3736 421 3789 tia
448 3736 894 3803 absorberentur,
928 3739 1023 3793 sed
1054 3739 1359 3795 futurorum
1393 3738 1799 3812 exspectatione
1831 3744 1920 3798 lie;

341 3834 467 3881 rent
497 3827 750 3883 laetiores.
787 3828 1076 3885 Enimvero
1112 3831 1348 3886 vindicta
1380 3847 1500 3902 qua:
1544 3835 1695 3889 brevi
1724 3849 1919 3905 exspe-

343 3925 541 3982 ctatur,
573 3916 782 3973 alllictis
823 3928 878 3974 et
916 3922 1189 3990 oppressis
1222 3936 1328 3976 non
1364 3936 1552 3991 parum
1583 3923 1738 3980 affert
1771 3925 1920 3979 leva-

341 4005 535 4060 menti.
559 4006 824 4074 Adiicitur
848 4017 1023 4063 autem
1050 4011 1219 4080 patris
1248 4026 1444 4066 nomen
1481 4011 1533 4064 in
1561 4011 1663 4066 hac
1687 4014 1919 4082 prophe-

346 4096 442 4160 tia,
471 4112 576 4151 non
616 4108 676 4152 ut
700 4100 804 4155 hoc
843 4100 899 4155 in
938 4104 1157 4157 nomine
1196 4117 1646 4172 cognosceremus
1686 4118 1915 4173 patrem,

343 4189 438 4257 qui
475 4188 529 4243 in
569 4191 918 4259 generatione
961 4193 1119 4262 hujus
1165 4193 1310 4248 beati
1359 4194 1609 4250 minister
1660 4194 1790 4260 fuit,
1824 4196 1918 4251 sed

343 4278 473 4349 quia
497 4281 782 4336 vaticinari
815 4282 989 4353 ipsum
1028 4283 1230 4353 docuit,
1257 4300 1376 4339 cum
1405 4301 1529 4340 eum
1556 4286 1830 4341 sanctiore
1862 4296 1919 4341 et

346 4372 571 4442 puriore
594 4387 659 4428 ac
680 4374 939 4442 singulari
962 4389 1073 4446 pra
1092 4376 1306 4432 caeteris
1331 4378 1614 4447 disciplina
1640 4379 1920 4434 instituen-

2026 546 2173 610 σθαι,
2204 538 2280 600 ὧν
2312 543 2465 598 οὐδέν
2525 544 2674 596 ἐστιν
2727 542 2938 612 ὅρασις,
2991 539 3125 594 ἀλλὰ
3173 538 3467 609 παραφορὰ
3502 535 3613 590 καὶ

2021 637 2282 700 ἔκστασις
2308 634 2403 689 τοῦ
2436 634 2530 688 νοῦ
2558 633 2954 704 τεθολωμένου,
2989 632 3085 686 καὶ
3121 630 3221 702 τὴν
3256 630 3392 683 ἰδίαν
3438 629 3608 700 ἐνέρ-

2022 742 2181 798 γειαν
2246 727 2671 791 ἀπολωλεκότος.
2744 726 2867 780 Ἐπὶ
2913 725 3099 796 μέντοι
3133 723 3243 777 τῶν
3275 723 3447 792 ἁγίων
3496 721 3608 794 οὐχ

2021 821 2219 885 οὕτως.
2247 819 2422 883 Αὐτὸς
2444 819 2551 891 γάρ
2572 834 2734 889 φησιν
2758 816 2787 869 ὁ
2821 816 2955 879 Θεός
2972 832 2985 845 ο
3004 815 3145 885 Ἐγὼ
3159 813 3397 883 ὁράσεις
3410 813 3607 880 ἐπλή-

2022 916 2196 967 θυνα.
2239 912 2472 979 Ὀρασιν
2522 909 2583 962 δὲ
2628 907 2984 980 χαριζόμενος
3034 907 3064 959 ὁ
3109 906 3313 976 Κύριος
3355 904 3464 974 (92)
3496 905 3605 957 οὐκ

2022 1002 2329 1073 ἀποτυφλοί
2347 1003 2439 1057 τὸν
2463 1001 2586 1056 νοῦν
2612 1001 2671 1053 ὃν
2686 999 2847 1062 αὐτὸς
2877 997 3299 1061 κατεσκεύασεν,
3328 996 3464 1050 ἀλλὰ
3485 1011 3608 1064 φω-

2018 1096 2162 1160 τίζει
2191 1096 2354 1150 αὐτὸν
2394 1095 2487 1148 καὶ
2513 1093 2889 1163 διαυγέστερον
2924 1094 3069 1144 ποιεῖ
3100 1093 3166 1162 τῇ
3206 1089 3479 1162 παρουσίᾳ
3500 1083 3608 1141 τοῦ

2027 1187 2365 1258 Πνεύματος.
2415 1184 2515 1239 Διὰ
2546 1182 2706 1236 τοῦτο
2745 1181 2856 1253 γὰρ
2887 1182 2983 1234 καὶ
3017 1182 3066 1234 oi
3109 1181 3384 1251 προφῆται
3429 1180 3609 1250 ἐχρη-

2024 1278 2253 1350 μάτιζον
2307 1277 2596 1346 ὁρῶντες,
2650 1274 2738 1327 διὰ
2786 1273 2849 1327 τὸ
2897 1272 3058 1327 οἱονεὶ
3104 1270 3451 1325 ἐπιτετάσθαι
3483 1270 3605 1342 (9⁸5)

2019 1370 2206 1432 αὐτοῖς
2235 1365 2333 1439 τὴν
2362 1365 2457 1419 τοῦ
2487 1364 2580 1419 νοῦ
2618 1362 2898 1433 διάϐλεψιν
2933 1363 2999 1415 ὲκ
3025 1361 3126 1432 τῆς
3145 1359 3238 1412 τοῦ
3271 1359 3610 1429 φωτίζοντος

2019 1465 2219 1528 αὐτοὺς
2239 1464 2380 1516 Πνεύ
2390 1479 2559 1534 ματος
2581 1459 2903 1531 παρουσίας.
2934 1458 3031 1524 Τίς
3063 1454 3155 1511 οὖν
3182 1457 3433 1525 ἐποίησε
3445 1457 3607 1522 ,ϐλέ-

2021 1568 2215 1607 ποντα
2240 1551 2339 1605 καὶ
2382 1551 2653 1619 τυφλόν;
2680 1548 2955 1602 Βλέποντα
2997 1545 3238 1618 δηλονότι
3266 1545 3358 1598 τὸν
3382 1547 3608 1617 προφή-

2020 1661 2143 1713 την,
2197 1642 2286 1695 διὰ
2338 1642 2401 1694 τὸ
2444 1640 2701 1695 δύνασθαι
2754 1639 2915 1693 αὐτὸν
2945 1640 3013 1709 τῇ
3071 1636 3315 1708 ὀξυωπίᾳ
3347 1637 3447 1707 τῆς
3477 1636 3609 1694 δια-

2021 1737 2174 1799 νοίας
2207 1732 2645 1806 προενατενίζειν
2674 1735 2753 1805 τῷ
2803 1733 3046 1804 μέλλοντι
3073 1749 3088 1763 ·
3133 1731 3333 1800 τυφλὸν
3360 1731 3418 1785 δὲ
3440 1771 3456 1795 ,
3508 1730 3611 1786 τὸν

2019 1822 2109 1877 διὰ
2137 1822 2236 1894 τὴν
2286 1825 2492 1877 κακίαν
2541 1821 3034 1891 ἁποτυφλωθέντα,
3083 1821 3171 1874 ἵνα
3221 1820 3295 1893 μὴ
3330 1820 3611 1892 ὀφθαλμοὶ

2025 1913 2242 1985 βέϐηλοι
2281 1913 2351 1967 τὰ
2371 1913 2479 1967 τῶν
2509 1915 2794 1987 μακαρίων
2822 1913 2972 1968 ἴδωσι
3005 1912 3273 1984 θεάματα.
3306 1912 3407 1967 Διὰ
3439 1912 3610 1967 τοῦτο

2020 2007 2116 2059 καὶ
2147 2005 2428 2078 ὁΚύριος,
2472 2009 2579 2072 Εἰς
2615 2007 2795 2076 κρίμα
2839 2004 2975 2075 ἐγὼ,
3020 2006 3207 2078 φησὶν,
3247 2007 3335 2071 εἰς
3361 1995 3470 2060 τὸν

2020 2114 2180 2166 σμον
2216 2076 2435 2151 τοῢτον
2470 2094 2685 2164 ἦλθον,
2730 2098 2832 2151 ἵνα
2875 2100 2930 2151 οἱ
2968 2096 3055 2165 μὴ
3085 2076 3425 2162 βλέποντες
3451 2076 3609 2161 ,βπ-

1927 2230 1929 2234 .
2020 2200 2196 2249 πωσι,
2218 2187 2317 2240 καὶ
2344 2190 2397 2241 οἱ
2423 2187 2762 2253 ,ϐλέποντες
2785 2188 3002 2256 τυφλοὶ
3034 2185 3331 2256 γένωνται.

419 2277 548 2332 255.
581 2279 713 2344 Qua:
762 2280 977 2333 demum
1034 2279 1134 2333 ista
1179 2278 1440 2352 Babylon,
1466 2280 1723 2335 adversus
1757 2292 1931 2349 quam’

2090 2278 2216 2331 255.
2255 2278 2353 2342 Τίς
2382 2274 2531 2349 οὗνὴ
2565 2278 2840 2342 Βαϐυλὼν,
2876 2278 2999 2331 καθ’
3041 2274 3109 2349 ἧς
3144 2280 3176 2349 ἠ
3207 2278 3397 2348 ὅρασις
3423 2276 3606 2349 ἐώρα-

2020 2386 2111 2422 ται
2147 2369 2259 2437 (94)
2284 2387 2300 2435 ;
2336 2369 2495 2422 Κατὰ
2526 2369 2623 2440 μὲν
2650 2366 2742 2423 οὖν
2770 2370 2869 2441 τὴν
2901 2368 3138 2440 ἱστορίαν
3164 2368 3313 2421 δοκεῖ
3340 2366 3607 2420 Βαϐυλὼν

2021 2459 2327 2529 κεκλῆσθαι
2353 2461 2382 2512 ὁ
2418 2461 2602 2523 τόπος,
2645 2459 2773 2513 ἔνθα
2808 2459 3077 2530 συνεχύθη
3115 2461 3147 2530 ἡ
3176 2458 3458 2521 διάλεκτος
3490 2457 3606 2511 τῶν

2022 2550 2286 2602 εἰπόντων
2314 2565 2326 2576 ·
2362 2544 2562 2615 Δεῦτε,
2605 2546 3092 2619 οὶκοδομήσωμεν
3141 2547 3378 2613 ἑαυτοῖς
3418 2548 3607 2602 πόλιν

2021 2643 2118 2698 καὶ
2149 2643 2400 2713 πύργον,
2459 2638 2531 2698 οὗ
2582 2644 2621 2711 ή
2671 2641 2906 2710 κεφαλὴ
2945 2640 3117 2694 ἔσται
3145 2640 3257 2705 ἕως
3286 2639 3396 2693 τοῦ
3421 2640 3607 2707 οὐρα-

2021 2736 2153 2790 νοῦ.
2214 2736 2361 2788 Ἐκεῖ
2420 2736 2599 2788 τοίνυν
2651 2733 2928 2787 κατελθὼν
2980 2735 3008 2785 ὁ
3060 2732 3213 2796 Θεὸς,
3250 2730 3469 2801 συνέχεε
3497 2728 3607 2796 τὰς

2021 2827 2303 2897 γλώσσας·
2336 2827 2426 2880 διὰ
2454 2826 2613 2880 τοῦτο
2650 2825 2849 2897 ἐκλήθη
2884 2825 2942 2879 τὸ
2979 2825 3149 2895 ὄνομα
3191 2823 3365 2893 αὐτῆς
3398 2822 3608 2893 σύγχυ-

2022 2937 2127 2983 σις.
2155 2920 2367 2990 Χωρίον
2406 2914 2498 2973 οὖν
2552 2916 2864 2989 συγχύσεώς
2914 2918 3062 2970 ἐστιν
3084 2915 3449 2979 ὁΒαϐυλῶνο;

2021 3011 2203 3074 τόπος,
2233 3011 2292 3063 ού
2332 3008 2611 3063 διαλέκτου
2654 3008 2833 3078 μόνον,
2881 3006 3019 3061 ἀλλὰ
3062 3007 3157 3060 καὶ
3181 3007 3464 3078 δογμάτων
3503 3006 3607 3060 καὶ

2021 3103 2332 3175 νοημάτων,
2360 3103 2455 3156 καὶ
2493 3100 2587 3154 τοῦ
2619 3100 2903 3163 δοκοῦντος
2935 3099 3109 3154 ταῦτα
3138 3100 3355 3170 βλέπειν
3387 3098 3500 3153 νοῦ.
3535 3097 3604 3151 'll

2025 3193 2123 3263 μὲν
2160 3189 2251 3247 οὖν
2281 3193 2473 3263 ὅρασις
2503 3191 2645 3244 κατὰ
2682 3189 3022 3253 Βαϐυλῶνος,
3062 3190 3222 3243 οἱονεὶ
3240 3188 3606 3259 παραμυθίαν

2021 3285 2263 3356 φέρουσα
2313 3283 2391 3354 τῷ
2441 3284 2676 3356 Ἰσραὴλ,
2701 3281 2779 3352 τῷ
2812 3282 3113 3335 κακωθέντι
3146 3281 3251 3334 ὑπὸ
3279 3281 3389 3333 τῶν
3420 3278 3605 3331 Βαϐυ-

2021 3374 2249 3429 λωνίων.
2292 3374 2455 3427 Ὥστε
2490 3372 2599 3445 γὰρ
2635 3372 2709 3443 μὴ
2742 3369 3136 3439 ὀλιγοψυχῆσαι
3186 3369 3402 3430 αὐτοὺς,
3459 3367 3605 3437 μήτε

2018 3466 2333 3536 ἀπογνῶναι
2361 3466 2461 3537 τῆς
2484 3465 2579 3519 τοῦ
2606 3464 2739 3519 Θεοῦ
2768 3462 3046 3535 προνοίας.
3078 3462 3154 3524 ὡς
3199 3458 3604 3528 ὲγκαταλιπού-

2020 3575 2120 3628 σης
2151 3556 2260 3628 (96)
2289 3556 2509 3620 αὐτοὺς,
2541 3553 2830 3627 προλαϐὼν
2863 3556 2929 3625 τῇ
2972 3550 3279 3624 προφητείᾳ
3308 3552 3337 3603 ὁ
3369 3549 3603 3612 Ἡσαΐας

2018 3647 2087 3700 τὰ
2128 3647 2387 3718 μέλλοντα
2440 3643 2882 3714 ἀπαντήσεσθαι,
2940 3640 3238 3712 σκυθρωπὰ
3299 3642 3367 3711 τῇ
3414 3640 3604 3693 Βαϐυ-

2018 3738 2150 3792 λῶνι
2177 3739 2443 3808 διηγεῖται
2470 3776 2483 3800 ,
2516 3737 2604 3790 ἵνα
2638 3735 2712 3807 μὴ
2751 3734 3130 3789 καταποθῶσιν
3156 3732 3262 3786 ὑπὸ
3288 3733 3389 3801 τῆς
3416 3730 3603 3798 λύπης

2018 3828 2126 3881 τῶν
2160 3828 2462 3900 παρόντων,
2489 3826 2624 3880 ἀλλὰ
2655 3828 2819 3898 ῥᾴους
2875 3825 3142 3894 γένωνται
3174 3826 3242 3894 τῇ
3299 3822 3603 3894 προσδοκίᾳ

2019 3922 2129 3977 τῶν
2168 3921 2573 3994 ἐπερχομένων.
2606 3919 2718 3973 Καὶ
2741 3918 2848 3989 γὰρ
2871 3919 2930 3971 ού
2970 3915 3172 3988 μικρὰν
3202 3915 3361 3987 φέρει
3393 3913 3604 3986 ῥᾳστώ-

2019 4032 2117 4084 νην
2144 4017 2255 4078 τοῖς
2301 4012 2640 4083 θλιϐομένοις
2693 4013 2726 4082 ὴ
2772 4012 2889 4081 μετ’
2938 4009 3117 4076 ὀλίγον
3166 4003 3601 4077 προσδοκωμένη

1993 4095 2315 4174 ’ὲκδίκησις.
2351 4104 2681 4176 Πρόσκειται
2740 4101 2797 4154 δὲ
2843 4100 2903 4154 τὸ
2952 4099 3122 4169 δνομα
3155 4096 3249 4149 τοῦ
3284 4096 3490 4169 πατρὸς
3524 4099 3599 4168 τῇ

2020 4196 2352 4266 προφητείᾳ,
2387 4196 2483 4265 οὐχ
2524 4194 2612 4248 ἵνα
2659 4192 2790 4247 αὐτὸ
2821 4190 2979 4245 τοῦτο
3022 4188 3240 4260 γνῶμεν
3269 4187 3359 4241 τὸν
3388 4190 3456 4258 τῇ
3496 4204 3601 4255 γε-

2017 4287 2164 4341 νέσει
2217 4284 2310 4338 τοῦ
2362 4284 2633 4355 μακαρίου
2666 4280 3153 4353 ὑπηρετησὰμενον
3190 4277 3436 4349 πατέρα⁶
3476 4277 3598 4331 ἀλλ’

2016 4378 2100 4430 ὃτι
2125 4376 2221 4430 καὶ
2272 4375 2613 4447 προφητείας
2655 4373 2804 4443 αὐτῷ
2859 4372 2972 4442 (97)
3012 4369 3333 4432 διδάσκαλος
3376 4369 3596 4438 γέγονε,

343 4464 470 4516 dum
520 4462 985 4535 erudiendumque
1014 4468 1309 4522 curaverit.
1353 4467 1428 4522 Ea
1459 4469 1528 4523 de
1564 4485 1727 4524 causa
1753 4470 1918 4527 Amos

2036 4468 2315 4540 φροντίσας
2365 4466 2527 4520 αὑτὸν
2586 4465 2892 4536 ἁγιωτέρας
2939 4463 3036 4517 καὶ
3072 4462 3463 4534 καθαρωτέρας
3498 4464 3600 4516 καὶ

345 4566 565 4623 quoque
591 4555 759 4609 veluti
788 4558 1086 4627 prophetia:
1116 4558 1300 4614 socius
1330 4560 1684 4617 describitur.

410 4816 539 4873 956.
570 4819 757 4889 (Vens.
787 4823 844 4890 2,
892 4824 1167 4895 3.)Super
1204 4836 1430 4881 montem
1468 4838 1808 4899 campestrem
1841 4829 1915 4883 le-

410 5018 460 5054 "
479 5018 607 5077 Ose.
633 5037 729 5087 xu,
761 5021 846 5079 10.
923 5026 969 5058 ⁷³
999 5025 1020 5081 l
1046 5026 1181 5097 Reg.
1211 5042 1287 5092 ix,
1319 5027 1408 5081 l9.
1484 5028 1531 5060 "
1557 5027 1726 5083 Exod.
1754 5043 1830 5096 tv,
1866 5029 1953 5083 ll.

549 5183 730 5261 godex
765 5200 927 5261 unus,
952 5184 1313 5261 χαριζόμενος
1339 5184 1491 5248 Θεός.

434 5255 526 5317 93)
551 5253 706 5309 Colb.
737 5253 1378 5320 ντίιιιυεζὲπιπέτασθαι.

433 5324 523 5389 94)
563 5323 790 5394 deices
814 5325 1077 5385 nonnulli.
1107 5326 1321 5394 ὁρᾶται.

434 5394 527 5465 95)
576 5392 744 5460 Editi,
783 5392 1153 5458 Βαϐυλώνιοςξ
1199 5397 1269 5449 At
1322 5408 1455 5449 mss.
1509 5408 1626 5459 sex,
1670 5393 1923 5447 Βαϐυλῶ-

335 5481 446 5528 νος.
558 5532 579 5533 ,
1114 5524 1125 5533 ,

412 5533 526 5607 (96)
557 5532 704 5607 Libri
744 5533 957 5607 aliquot
1001 5532 1235 5600 veteres,
1264 5533 1785 5607 eyxataketrrotigng.
1815 5532 1924 5588 Nec

338 5603 429 5659 ita'
459 5603 630 5658 multo
679 5603 820 5659 infra
866 5605 922 5658 in
981 5616 1212 5671 utroque
1258 5606 1406 5660 Colb.
1455 5615 1510 5657 et
1547 5606 1598 5658 in
1652 5603 1788 5672 Reg.
1832 5618 1919 5656 se-

337 5675 517 5728 ctmdo
563 5675 781 5747 legitur,
836 5675 1137 5748 σκυθρωπὰ
1181 5676 1281 5747 τῆς
1338 5675 1686 5741 Βαϐυλωνίας
1731 5673 1923 5745 διηγή-

334 5760 505 5816 ματα.

2023 4559 2303 4628 ὲξαιρέτου
2365 4557 2519 4628 παρὰ
2574 4558 2702 4619 τοὺς
2752 4554 2942 4618 ἄλλους
2987 4555 3298 4624 ἀνατροφῆς
3345 4552 3458 4620 (98)
3497 4556 3600 4609 καὶ

2023 4645 2355 4710 παιδεύσεως
2380 4648 2582 4715 τυχεῖν.
2632 4643 2731 4697 Διὰ
2765 4641 2942 4704 τοῦτο,
2983 4642 3169 4714 ὥσπερ
3196 4641 3450 4705 κοινωνὸς
3494 4642 3601 4714 τῆς

2028 4737 2365 4809 προφητείας
2404 4733 2940 4807 συμπαραγράφεται
2969 4736 2997 4787 ὁ
3038 4732 3239 4805 ’Δμὼς.

2090 4830 2216 4885 256.
2269 4828 2386 4882 Ἐπ’
2422 4828 2597 4898 ὄρους
2622 4826 2872 4881 πεδινοῦ
2902 4825 3080 4895 ἄρατε
3125 4824 3396 4897 σημεῖον,
3425 4822 3599 4893 ὑψώ-

2030 5029 2076 5060 ⁷⁷
2097 5026 2255 5084 Joan.
2286 5044 2365 5094 ιι,
2402 5026 2493 5082 59.
2568 5027 2616 5059 ’⁸
2642 5025 2772 5082 Gen.
2814 5041 2893 5092 ιι,
2920 5025 2973 5082 4.
3049 5026 3247 5082 "ibid.
3274 5026 3328 5082 9.

2098 5185 2207 5256 (97)
2236 5186 2327 5241 Sic
2350 5202 2479 5241 mss.
2514 5200 2733 5256 omnes.
2753 5184 2914 5250 Editi,
2947 5183 3132 5238 αὐτοῦ.

2061 5257 2210 5337 ,(98)
2246 5257 2609 5337 llcn_ricianus
2641 5255 2812 5337 codex
2843 5267 2897 5307 et
2929 5256 3021 5336 alii
3053 5264 3302 5337 quatuor,
3328 5257 3598 5337 ᾀναστρο-

2019 5325 2147 5396 φῆς.
2179 5325 2250 5380 At
2275 5328 2439 5381 codex
2466 5326 2528 5381 F.
2554 5335 2607 5379 et
2640 5325 2710 5388 A,
2739 5325 3211 5397 ἀνατροφῆςοηυω
3231 5326 3385 5380 lectio
3413 5329 3458 5381 si
3487 5325 3594 5382 non

2018 5398 2264 5458 aliunde,
2316 5405 2373 5449 at
2414 5397 2546 5450 satis
2597 5404 2777 5449 tamen
2830 5411 2899 5448 ex
2929 5395 3193 5462 Procopio
3227 5396 3592 5461 probaretur:

2019 5467 2158 5532 apud
2203 5481 2360 5534 quem
2415 5481 2533 5532 pag.
2600 5463 2706 5516 200
2768 5465 2841 5516 ita
2902 5464 3146 5534 legitur:
3207 5465 3366 5533 ἁγίας
3425 5462 3595 5519 αὑτοῦ

2021 5532 2312 5607 φροντίσας
2359 5534 2670 5607 ἀνατροφῆς
2720 5534 2816 5587 καὶ
2881 5532 3273 5607 παιδεύσεωςη
3292 5550 3443 5607 quem
3488 5550 3596 5607 non

2021 5602 2207 5676 parum
2271 5607 2337 5676 d_e_
2393 5602 2586 5659 sancta?
2625 5602 2722 5658 sua
2784 5607 3121 5676 εςιιιιαιίοηεο
3153 5602 3454 5676 sollicitum
3494 5605 3594 5658 Ita-

2023 5673 2235 5732 buisset.
2292 5674 2415 5732 Mox
2441 5691 2571 5732 mss.
2607 5673 2868 5742 nonnulli,
2899 5673 3483 5745 συμπεριγράφεταιό.
