3810 6214
164 289 266 347 569

975 291 1332 349 COMMENT.
1372 293 1442 349 IN
1479 295 1718 353 ISAIAM
1757 297 2203 354 PROPHETAM.
2242 297 2396 353 CAP.
2438 295 2578 352 XIII.

3320 293 3424 348 370

166 418 309 460 σατε
358 403 480 472 τὴν
513 404 722 474 φωνὴν
760 406 998 475 ἑαυτοῖς
1029 408 1162 479 (99),
1217 412 1617 479 παρακαλεῖτε
1672 410 1738 481 τῇ

1852 423 1968 468 vate
1995 416 2220 484 signum,
2266 415 2498 468 exattate
2543 427 2719 466 vocem
2771 411 2913 466 vobis
2958 409 3087 480 ipsi:
3122 424 3142 464 :
3179 410 3425 464 consola-

168 498 336 568 χειρί,
369 497 672 565 ἀνοίξατε,
721 488 777 551 ὁὶ
825 497 1133 567 ἄρχοντες.
1208 502 1356 570 Ἐγὼ
1398 503 1745 569 συντάσσω,

169 588 259 641 καὶ
283 585 401 656 ἐγὼ
432 585 558 655 ἄγω
580 588 820 653 αὐτούς.
859 587 1112 642 Δείκνυσι
1149 589 1266 654 πῶς
1293 590 1550 645 Βαϐυλὼν
1593 593 1747 646 ἀναι-

168 682 335 748 ρεῖται
365 678 462 731 καὶ
511 678 970 749 καταστρέφεται,
1022 681 1115 735 καὶ
1157 682 1505 752 αἰχμάλωτος
1538 684 1748 752 γίνεται

170 772 196 840 ἢ
223 770 515 824 δυναστεία
541 770 652 823 τῶν
681 769 780 841 τὴν
807 771 1067 843 σύγχυσιν
1104 773 1507 845 ἐργαζομένων.
1563 776 1746 829 Ἐπει·

170 863 255 915 δᾶν
284 864 370 915 ἐπ’
398 862 532 934 ὅρος
563 881 649 927 τις
675 864 874 935 ἀνέλθῃ
911 865 987 937 μὴ
1008 865 1384 936 ἀπόκρημνον,
1411 867 1546 937 μηδὲ
1570 866 1746 937 ὀχθῶ-

171 950 267 1013 δες,
297 950 437 1003 ἀλλὰ
476 950 691 1005 πεδινὸν
727 953 823 1006 καὶ
866 952 1075 1017 ὕπτιον,
1112 952 1254 1007 ὥστε
1302 954 1436 1024 ὕψος
1477 956 1574 1026 μὲν
1603 955 1746 1026 ἔχειν

171 1040 250 1095 διὰ
292 1041 353 1094 τὸ
391 1041 690 1113 ἀνάστημα
725 1043 822 1097 καὶ
853 1043 915 1096 τὺ
950 1044 1059 1099 ἀπὸ
1090 1045 1192 1114 τῆς
1222 1046 1327 1117 γῆς
1358 1046 1452 1098 ἐπὶ
1483 1046 1574 1100 τὸν
1606 1048 1745 1117 ἀέρα

170 1131 380 1203 δίαρμα,
410 1133 717 1203 ἀσφάλειαν
741 1134 797 1187 δὲ
818 1136 1077 1206 παρέχειν
1101 1139 1214 1200 τοῖς
1233 1138 1636 1209 ὲφισταμένοις,
1657 1137 1744 1192 διὰ

172 1225 259 1296 τὴν
285 1225 609 1297 ὑπτιότητα.
641 1226 714 1281 To
742 1227 852 1300 γὰρ
884 1228 1220 1298 πανταχόθεν
1250 1230 1624 1301 περιεῤῥωγὺς
1648 1230 1746 1283 καὶ

171 1316 612 1387 ἀποτετμημένον
641 1317 1004 1390 ἀκροσφαλεῖς
1027 1322 1259 1373 ποιεῖται
1290 1319 1388 1384 τὰς
1417 1320 1634 1385 στάσεις
1666 1321 1742 1390 (l)

172 1405 262 1460 πῶν
284 1406 694 1462 ἐπιϐαινόντων.
736 1409 853 1462 Ἵνα
878 1405 973 1463 οὖν
1005 1410 1098 1463 καὶ
1134 1409 1204 1465 τὰ
1240 1410 1421 1481 ὑψηλὰ
1448 1413 1577 1484 περὶ
1608 1410 1742 1466 Θεοῦ

171 1496 329 1566 δοῆτε,
367 1496 465 1550 καὶ
508 1496 768 1566 ἀσφαλῶς
795 1497 969 1552 ταῦτα
994 1498 1255 1569 διηγῆσθε
1291 1499 1391 1571 (2),
1424 1500 1510 1555 διὰ
1548 1502 1646 1572 μὲν
1682 1501 1746 1554 τὸ

170 1585 308 1656 ὕψος.
348 1587 435 1640 ἐπ’
482 1586 647 1659 ὅρους
692 1605 775 1652 τις
805 1584 838 1663 ᾖ
872 1588 1149 1660 βεϐηκώςο
1199 1590 1289 1644 διὰ
1336 1590 1393 1644 δὲ
1438 1591 1537 1662 τὴν
1569 1592 1745 1661 ἀσφά-

170 1687 303 1733 λειαν
347 1680 759 1751 ἁπερίτρεπτος
809 1681 1073 1751 διαμένει.
1138 1682 1272 1737 Ἐπί
1326 1683 1384 1736 δὲ
1420 1684 1528 1738 τοῦ
1568 1685 1744 1751 ὅρους

1849 505 1981 557 mini
2015 520 2208 570 ntanu,
2275 507 2489 571 aperite,
2532 503 2811 573 principes.
2846 499 2959 571 Ego
2999 501 3208 562 ordino,
3252 510 3298 554 et
3331 517 3425 570 ego

1849 595 1983 646 duco
2044 608 2152 646 eos.
2204 591 2455 648 Ostendit
2506 591 2776 661 quomodo
2836 589 3128 645 evertenda
3185 588 3424 659 Babylon

1846 697 1990 741 esset
2023 695 2186 753 atque
2212 685 2494 747 diruenda,
2526 694 2583 738 et
2613 683 2886 752 quomodo
2925 681 3211 750 lmperium
3235 696 3425 735 eorum

1847 776 1937 844 qui
1969 775 2306 830 confusionis
2341 775 2556 829 fuerant
2582 784 2856 839 auctores,
2877 784 3024 830 esset
3052 774 3105 828 in
3136 773 3424 839 captivita-

1848 858 1953 922 tem
2007 867 2401 937 redigendum:
2456 881 2651 936 nempe
2700 866 2788 919 ubi
2837 866 3071 934 primum
3118 864 3426 918 ascenderit

1846 957 1968 1025 quis
2016 956 2068 1009 in
2123 964 2358 1009 montem
2409 971 2514 1009 non
2566 963 2919 1024 prmruptum,
2961 969 3065 1007 non
3108 953 3422 1019 prominen-

1848 1055 1976 1110 tem,
2006 1046 2100 1099 sed
2129 1055 2495 1113 campestrem
2528 1054 2583 1098 et
2607 1043 2845 1112 planum,
2878 1044 2958 1098 sic
2989 1051 3047 1096 ut
3080 1041 3420 1096 altitudinem

1844 1136 2062 1206 quidem
2101 1151 2168 1190 ex
2216 1152 2282 1191 eo
2314 1135 2535 1201 habeat,
2571 1137 2716 1206 quod
2764 1149 2981 1191 sursum
3027 1132 3325 1199 attollatur,
3366 1141 3422 1187 et

1845 1240 1876 1279 a
1913 1234 2054 1279 terra
2089 1226 2141 1279 in
2170 1240 2353 1280 acrem
2387 1234 2659 1294 assurgat,
2688 1224 2783 1279 sed
2828 1223 2899 1279 iis
2924 1232 3104 1277 tamen
3142 1221 3233 1292 qui
3268 1222 3322 1275 in
3353 1235 3421 1275 eo

1844 1313 2202 1378 collocantur,
2236 1314 2588 1369 securitatem
2618 1321 2838 1383 prazstet
2870 1314 2938 1369 ob
2971 1320 3237 1381 aequatam
3265 1324 3418 1366 suam

1845 1409 2142 1478 planitiem.
2171 1408 2324 1475 Quod
2354 1409 2499 1463 enim
2532 1422 2601 1462 ex
2627 1407 2773 1463 omni
2798 1415 2952 1477 parte
2976 1403 3418 1461 circumscissum

1845 1512 1932 1557 est
1957 1512 2011 1557 et
2047 1511 2401 1572 prteruptum,
2431 1503 2482 1558 id
2505 1510 2707 1558 statum
2742 1517 2928 1557 eorum
2959 1499 3053 1570 qui
3086 1498 3420 1555 conscende-

1845 1594 1974 1661 rint,
2006 1593 2274 1649 lubricum
2303 1605 2358 1649 ct
2400 1593 2710 1649 instabilem
2749 1593 2944 1648 reddit.
2983 1592 3217 1647 Proinde
3243 1600 3299 1644 ut
3324 1605 3420 1644 ex-

1845 1686 1987 1741 celsa
2018 1688 2085 1741 de
2120 1687 2229 1742 Deo
2260 1687 2587 1758 cogitentur,
2629 1694 2686 1741 et
2711 1688 2898 1741 eadem
2930 1695 3045 1739 tuto
3077 1692 3418 1748 enarrentnr,
3502 1742 3507 1748 ,

171 1771 263 1824 τοῦ
289 1769 534 1825 πεδινοῦ
556 1769 737 1839 ἄρατε
759 1772 1029 1842 σημεῖον,
1056 1773 1156 1827 καὶ
1184 1773 1469 1841 ὐψώσατε
1495 1773 1610 1842 τὴν
1628 1793 1738 1844 φω-

1846 1786 1948 1832 stet
1975 1777 2100 1846 quis
2127 1777 2180 1831 in
2210 1786 2395 1832 monte
2427 1778 2616 1832 ﬁrmus
2646 1786 2871 1846 propter
2902 1776 3266 1840 altitudinem,
3302 1790 3420 1844 per-

171 1861 293 1930 νὴν,
328 1863 729 1931 παρακαλεῖτε
760 1863 836 1933 τῇ
861 1867 1035 1933 χειρί.
1079 1867 1137 1920 Ὀ
1182 1866 1249 1920 τὰ
1294 1866 1422 1939 περὶ
1450 1866 1545 1920 τοῦ
1584 1884 1743 1920 σταυ-

173 1952 256 2025 ροῦ
298 1953 594 2027 κηρύσσων
639 1954 1037 2025 μεγαλοφώνως
1081 1958 1179 2027 ('5),
1220 1958 1383 2021 αὐτός
1415 1959 1563 2013 ἐστιν
1592 1961 1621 2011 ὁ
1651 1960 1743 2013 ἐπὶ

174 2042 253 2097 τοῦ
272 2044 427 2116 ὅρους
457 2044 557 2099 τοῦ
591 2045 806 2100 πεδινοῦ
830 2047 996 2116 αἴρων
1024 2048 1086 2101 τὸ
1111 2052 1358 2119 σημεῖον.
1402 2049 1459 2103 '0
1489 2050 1580 2104 τὸν
1612 2054 1741 2123 περὶ

171 2133 252 2189 τοῦ
273 2134 475 2201 πάθους
504 2135 666 2204 λόγον
698 2138 994 2208 μεγαλῦναι
1019 2138 1335 2210 δυνάμενος,
1359 2131 1514 2204 οὗτος
1545 2140 1744 2213 πληροῖ

175 2226 224 2280 τὸ
251 2227 584 2300 πρόσταγμα
614 2227 675 2280 τὸ
703 2229 1039 2301 προφητικὸν
1059 2245 1072 2259 ο
1109 2231 1210 2284 οὐκ
1263 2232 1321 2283 ὲν
1376 2232 1590 2286 κοιλάσι
1646 2234 1742 2287 καὶ

172 2317 392 2390 φάραγξι
421 2318 738 2390 διατρίϐων,
770 2320 884 2374 ἀλλ’
920 2320 1227 2376 ἀναϐαίνων
1258 2322 1350 2375 ἐπὶ
1374 2323 1434 2376 τὸ
1464 2323 1558 2376 τοῦ
1582 2323 1739 2391 λόγου

172 2405 305 2476 ὕψος,
360 2410 456 2462 καὶ
494 2409 586 2462 ἐπ’
617 2409 787 2480 αὐτὴν
814 2410 914 2481 τὴν
939 2411 1133 2481 σοφίαν
1187 2412 1325 2482 μετὰ
1369 2412 1739 2484 ὲξομαλισμοῦ

171 2498 252 2551 καὶ
279 2501 578 2571 σαφηνείας
607 2500 717 2555 τῶν
750 2502 1237 2573 ἐπαγγελλομένων
1272 2504 1348 2574 (4)
1374 2507 1433 2558 τὸ
1472 2507 1741 2577 κήρυγμα

172 2593 493 2665 παραδιδούς.
540 2596 761 2667 Ἐπειδὴ
792 2596 849 2650 δὲ
876 2594 997 2650 καθ’
1024 2597 1216 2670 ἑτέραν
1237 2597 1444 2652 ἔκδοσιν
1469 2600 1741 2669 ἀναγινώ-

172 2701 371 2757 σκομεν,
432 2687 567 2743 Ἐπ’
616 2688 794 2757 ὄρους
838 2688 1165 2758 νεφώδους,
1217 2691 1461 2762 δηλονότι
1503 2693 1563 2746 τὸ
1606 2692 1739 2763 ὕψος

173 2776 320 2849 ετέρῳ
354 2778 497 2850 λόγῳ
531 2778 854 2850 παρίστησι.
889 2779 1148 2849 Νεφῶδες
1188 2781 1295 2853 γὰρ
1343 2782 1403 2834 τὸ
1433 2782 1533 2854 τὴν
1570 2800 1737 2854 κορυ-

172 2866 262 2937 φὴν
285 2868 401 2939 ἔχον
433 2869 660 2940 νέφεσιν
692 2870 778 2922 ἀεὶ
810 2869 1253 2942 κεκαλυμμένην.
1291 2872 1363 2924 Τὸ
1391 2872 1448 2925 δὲ
1475 2871 1736 2936 τοιοῦτον,

175 2958 351 3030 ἃψηλδν
390 2961 486 3015 καὶ⁹
515 2962 663 3033 ὑπὲρ
690 2962 870 3016 πάντα
896 2960 1213 3033 ἁνεστηκός.
1269 2962 1594 3032 ’Υψὼσατε,
1635 2981 1739 3035 φη-

176 3048 237 3112 σὶ,
269 3048 377 3120 τὴν
404 3049 622 3121 φωνὴν
648 3051 885 3117 ἑαυτοῖς
933 3050 1038 3122 (5)’
1078 3052 1377 3118 τουτέστιν,
1431 3053 1490 3118 ἐξ
1528 3054 1736 3106 ἑαυτῶν

176 3109 343 3197 λάϐετε
377 3109 438 3198 τῦ
470 3109 609 3214 ὕψος
647 3146 744 3215 τῆς
772 3109 1122 3213 φωνῆς’Τὰς
1167 3109 1581 3217 ἐνυπαρχούσας
1609 3147 1736 3217 ὑμῖν
1763 3109 1805 3164 C

176 3233 402 3306 ἀφορμὰς
452 3236 593 3309 πρὸς
642 3234 778 3289 Θεοῦ
822 3236 1128 3305 δοξολογίαν
1167 3238 1232 3291 ὲκ
1276 3238 1386 3291 τῶν
1415 3237 1612 3292 κοινῶν
1659 3240 1739 3292 ἐν-

179 3324 330 3388 νοιῶν,
364 3326 575 3390 ταύτας
613 3327 977 3397 ἀνακινήσατε
1013 3327 1111 3398 (6).
1147 3329 1239 3400 Μὴ
1278 3329 1428 3383 κάτω
1487 3329 1735 3399 βλέπετε,

176 3416 292 3486 μηδὲ
312 3417 379 3471 τὰ
401 3420 572 3490 γήινα
596 3421 869 3474 σκοπεῖτε.
900 3420 1057 3476 Οῦτω
1081 3422 1190 3493 γὰρ
1205 3421 1437 3493 ταπεινὴ
1466 3421 1676 3490 γίνεται
1703 3424 1736 3494 ἡ

180 3508 307 3579 φωνὴ
349 3511 454 3565 τῶν
492 3514 563 3565 ὲκ
592 3511 694 3580 τῆς
725 3513 831 3583 γῆς
864 3513 1205 3582 φωνούντων,
1243 3515 1347 3567 τῶν
1392 3513 1739 3584 κενολογούν-

184 3610 285 3648 των.
331 3598 385 3651 Ὀ
410 3599 518 3654 ἀπὸ
558 3600 659 3671 τῆς
685 3602 1066 3657 ταπεινοποιοῦ
1094 3601 1292 3674 λύπης,
1319 3604 1413 3657 καὶ
1444 3605 1473 3657 ὁ
1509 3604 1619 3657 ἀπὸ
1641 3604 1736 3659 τοῦ

180 3684 601 3762 ἀπηγορευμένον
654 3693 822 3762 φόϐου
878 3695 1270 3765 φθεγγόμενος,
1315 3695 1414 3764 οὐχ
1467 3696 1591 3766 (ulmi
1638 3695 1738 3767 τὴν

181 3777 348 3832 ἑαυτοῦ
375 3784 581 3854 φωνήν.
616 3784 727 3838 Καὶ
770 3786 800 3838 ό
837 3785 1154 3857 ἐπιθυμίαις
1199 3786 1277 3857 (7)
1332 3786 1535 3858 σαρκὸς
1567 3789 1627 3841 ὲν
1658 3786 1736 3858 τῷ

181 3867 512 3939 ἀπαγγέλλειν
541 3875 636 3928 τὸν
662 3875 820 3944 λόγον
845 3878 1272 3950 κεκρατημένος,
1315 3878 1579 3948 ταπεινὴν
1621 3877 1735 3949 εχει

182 3959 262 4010 διαὶ
293 3963 361 4032 μὴ
385 3964 690 4037 δυναμένην
718 3968 810 4021 ἐπὶ
841 3967 901 4021 τὸ
928 3968 1040 4023 ἅνω
1067 3968 1383 4022 διακύπτειν
1407 3967 1506 4040 τὴν
1537 3969 1730 4022 ἑαυτοῦ

182 4052 358 4139 φωνήν.
382 4055 505 4120 Πῶς
539 4053 634 4111 οὖν
663 4058 891 4139 ὑψοῦται
920 4060 1070 4130 φωνή
1091 4059 1200 4131 (8);
1243 4060 1369 4115 Ἐὰν
1400 4058 1737 4132 μεγαλοπρε-

186 4139 274 4209 πὴς
298 4138 378 4213 ᾖς,
404 4138 929 4218 κατεξανιστάμενος
966 4148 1076 4203 τῶν
1106 4148 1314 4214 παθῶν,
1347 4150 1444 4203 καὶ
1484 4164 1605 4204 κατ’
1635 4152 1734 4204 αύε

184 4230 287 4295 τοὺς
319 4235 439 4300 τοὺς
483 4239 713 4310 καιροὺς
757 4238 868 4294 τῶν
911 4241 1235 4312 πειρασμῶν
1280 4242 1355 4312 μὴ
1403 4240 1732 4296 ὑποκύπτων

1845 1875 2169 1937 matwatque
2193 1867 2486 1923 immobilis
2507 1876 2733 1938 propter
2757 1867 3127 1922 securitatem.
3153 1865 3418 1921 Caeterum

1843 1956 2017 2027 Super
2054 1969 2281 2013 montem
2321 1969 2660 2027 campestrem
2707 1958 2871 2013 levate
2914 1959 3142 2027 signum,
3191 1966 3238 2011 et
3275 1957 3421 2011 exal-

1843 2059 1948 2103 tate
1978 2066 2175 2115 vocem,
2196 2050 2545 2103 consulamini
2567 2066 2746 2106 manu.
2775 2050 2876 2114 Qui
2906 2064 3098 2117 magna
3122 2048 3270 2103 vocis
3289 2063 3419 2102 con-

1842 2143 2078 2197 tentione
2131 2144 2390 2212 prmdicat
2441 2158 2686 2209 crucem,
2744 2143 2833 2197 ille
2861 2151 2944 2197 est
2989 2143 3077 2212 qui
3130 2141 3184 2195 in
3234 2150 3419 2195 monte

1841 2235 2136 2304 campestri
2179 2235 2341 2305 erigit
2381 2235 2615 2306 signum.
2645 2235 2746 2301 Qui
2783 2249 3090 2289 sermonem
3121 2234 3186 2287 ad
3214 2233 3411 2302 passio-

1842 2339 1963 2379 nem
1999 2327 2319 2381 attinentem
2357 2327 2707 2397 magnificare
2758 2336 2978 2395 potest;
3022 2325 3112 2381 hic
3165 2324 3418 2391 adimplet

1840 2418 2221 2487 propheticum
2257 2428 2609 2487 praeceptum,
2646 2435 2767 2473 cum
2798 2419 2851 2473 in
2874 2418 3145 2488 speluncis
3176 2416 3334 2488 575
3363 2424 3419 2471 et

1840 2505 2176 2561 convallibus
2205 2521 2310 2559 non
2357 2517 2751 2572 commoretur,
2796 2511 2890 2563 sed
2939 2511 3002 2565 ad
3031 2509 3300 2564 sermonis
3327 2522 3419 2562 su-

1839 2597 2163 2652 blimitatem
2210 2607 2266 2653 et
2311 2600 2379 2652 ad
2414 2598 2586 2667 ipsam
2640 2599 2963 2669 sapientiam
2996 2601 3290 2655 ascendat:
3338 2598 3418 2653 si-

1839 2689 2057 2757 quidem
2104 2704 2228 2743 cum
2280 2690 2649 2758 mquabilitate
2695 2701 2856 2760 atque
2895 2692 3284 2762 perspicuitate
3328 2705 3418 2744 res

1840 2781 2241 2837 aununtiandas
2267 2783 2544 2851 praedicat.
2585 2781 2692 2838 Sed
2723 2783 2849 2853 quia
2877 2783 3034 2851 juxta
3055 2783 3277 2838 alteram
3302 2782 3418 2836 edi-

1840 2874 2039 2928 tionem
2073 2873 2298 2943 legimus
2330 2891 2346 2928 :
2381 2873 2556 2941 Super
2589 2886 2815 2928 montem
2862 2874 3188 2938 nebulosum,
3228 2873 3417 2942 utique

1838 2961 1945 3017 alia
1976 2962 2228 3031 loquendi
2277 2964 2487 3019 ratione
2532 2963 2736 3018 indicat
2770 2964 3134 3020 altitudinem.
3181 2963 3414 3019 Nebulo—

1841 3068 1956 3107 smn
1976 3064 2059 3107 est
2082 3053 2224 3107 enim
2253 3055 2516 3123 quidquid
2544 3054 2710 3108 habet
2737 3054 2996 3108 verticem
3019 3054 3251 3109 nubibus
3278 3068 3416 3109 sem-

1838 3160 1934 3216 per
1964 3157 2302 3214 coopertum.
2323 3145 2476 3212 Quod
2508 3156 2686 3199 autem
2711 3156 2794 3201 est
2817 3145 3104 3212 ejusmodi,
3138 3145 3417 3200 estexcel-

1834 3250 1972 3300 sum,
2022 3245 2078 3290 et
2110 3235 2478 3303 supereminet
2520 3236 2721 3290 omnia.
2759 3235 3026 3300 Exaltate,
3072 3236 3273 3305 inquit,
3319 3251 3415 3290 oo-

1835 3346 1947 3383 cem
1993 3328 2137 3382 vobis
2171 3327 2335 3396 ipsis;
2368 3328 2472 3382 hoc
2504 3337 2618 3393 est;
2655 3326 2984 3398 assumitea
3018 3326 3416 3394 vobismetipsis

1836 3419 1999 3473 altam
2033 3428 2089 3473 et
2128 3427 2439 3472 contentam
2472 3432 2684 3473 vocem.
2745 3417 2874 3484 Qute
2927 3433 2995 3472 ex
3040 3418 3416 3473 communibus

1837 3510 2045 3564 notitiis
2085 3507 2250 3563 insita
2293 3509 2448 3563 vobis
2481 3518 2565 3564 est
2610 3508 2708 3566 Dei
2767 3508 3103 3578 gloriﬁcandi
3154 3508 3414 3574 facultas,

1837 3600 1976 3654 hanc
2007 3600 2293 3654 suscitate.
2322 3600 2586 3654 Deorsum
2621 3614 2690 3653 ne
2729 3599 2975 3668 aspicite,
3006 3614 3180 3668 neque
3200 3610 3413 3654 terrena

1836 3689 2181 3744 intueamini.
2216 3686 2334 3743 Vox
2359 3689 2504 3744 enim
2534 3704 2724 3743 eorum
2759 3689 2849 3758 qui
2876 3704 2941 3742 ex
2971 3697 3117 3743 terra
3152 3688 3413 3754 clamant,

1832 3792 1888 3836 et
1913 3796 2050 3835 vana
2078 3780 2395 3849 loquuntur,
2419 3782 2521 3837 hoc
2543 3790 2703 3851 pacto
2726 3780 2947 3835 humilis
2977 3780 3037 3835 (lt
3067 3797 3131 3837 ac
3156 3782 3412 3837 demissa.

1833 3874 1935 3941 Qui
1968 3889 2035 3928 ex
2084 3874 2305 3928 tristitia
2350 3874 2596 3928 animum
2657 3873 3000 3942 dcmittente,
3047 3880 3103 3928 et
3147 3888 3215 3928 ex
3249 3874 3413 3929 vetito

1836 3966 2029 4021 timore
2068 3964 2329 4034 loquitur,
2364 3965 2411 4019 is
2440 3980 2593 4020 suam
2622 3979 2810 4020 vocem
2861 3980 2967 4020 non
3009 3964 3234 4020 exaltat.
3280 3964 3412 4020 Item

1834 4056 1927 4125 qui
1954 4056 2007 4109 in
2030 4054 2406 4110 annuntiando
2426 4056 2589 4111 verbo
2622 4070 2651 4108 a
2674 4054 2859 4109 carnis
2881 4054 3270 4124 cupiditatibus
3292 4056 3411 4108 vin-

1837 4149 2001 4213 citur,
2030 4146 2193 4202 habet
2219 4146 2475 4202 humilem
2504 4155 2560 4201 et
2588 4145 2915 4200 submissam
2945 4160 3158 4211 vocem,
3187 4160 3307 4210 qua:
3342 4144 3411 4199 ad

1837 4253 2070 4309 superna
2099 4247 2387 4308 penetrare
2435 4252 2541 4291 non
2586 4246 2785 4307 patcst.
2817 4236 3097 4304 Quomodo
3132 4236 3291 4305 igitur
3325 4243 3412 4290 at-

210 4481 349 4556 ’,(99)
375 4484 595 4544 Veteres
629 4496 740 4545 tres
760 4485 906 4552 libri,
942 4486 1173 4550 ἑαυτοῖς.
1204 4485 1309 4541 Alii
1348 4495 1459 4541 tres
1495 4494 1551 4540 et
1581 4484 1733 4550 editi,

1846 4484 2013 4540 befisii
2044 4484 2229 4541 codex'
2259 4500 2381 4539 cum
2421 4483 2541 4539 aliis
2590 4484 2781 4549 tribus,
2840 4483 2977 4556 tribui
2999 4484 3412 4556 ἀπαγγελλομέ-

187 4548 366 4616 αὐτοῖς.

247 4621 315 4688 (1)
345 4622 560 4695 Antiqui
610 4628 714 4681 duo
761 4626 883 4680 libri
938 4640 1038 4695 pro
1088 4624 1310 4688 στάσεις
1347 4635 1604 4693 corrupte
1643 4624 1741 4677 ha.-

187 4685 519 4765 τάσειξι
554 4697 659 4751 Alii
691 4685 1088 4765 quatuor'mss.
1117 4704 1172 4749 et
1214 4685 1341 4749 editi
1380 4685 1596 4748 totidem
1627 4695 1741 4765 sylo

191 4755 614 4834 labis,o'cdoetg.
673 4755 779 4822 sed
838 4775 891 4819 et
947 4765 1035 4819 hic
1096 4781 1311 4834 quoque
1376 4755 1738 4819 Comlielisius

192 4833 436 4904 ememlat,
469 4838 650 4902 aitque
674 4836 1029 4899 confidenter,
1059 4833 1157 4904 suo
1183 4836 1420 4904 periculo
1454 4835 1553 4904 legi
1583 4850 1743 4899 apor-

191 4901 286 4950 tere
314 4916 411 4956 non
450 4901 689 4969 στάσεις.
716 4907 809 4959 sed
840 4904 1048 4975 βάσεις.
1076 4901 1197 4972 Ego
1216 4917 1418 4971 autem,
1454 4901 1545 4975 qui
1575 4904 1737 4957 libro-

194 4977 294 5048 ζειξιι
319 4982 551 5048 veterum
576 4973 950 5048 auctoritatem
985 4975 1158 5029 libens
1179 4990 1396 5048 sequor,
1444 4973 1599 5027 facile
1620 4989 1736 5048 cre-

190 5032 393 5111 diderim
424 5041 807 5099 Commentarii
845 5045 1188 5111 scriptorem,
1234 5032 1503 5098 liorniimm
1555 5044 1733 5097 omnis

191 5102 442 5173 elegantia:
465 5114 791 5181 imperitum,
837 5102 1130 5181 impromie
1162 5102 1398 5168 locutum
1441 5113 1648 5175 fuisse;
1679 5124 1732 5167 et

191 5183 355 5256 parum
393 5190 521 5256 apte
562 5184 779 5256 στᾲσεις
822 5185 1130 5256 scripsisse,
1171 5199 1293 5238 cum
1347 5185 1596 5252 gradum,
1639 5193 1731 5236 aut

193 5247 444 5320 Religioni
479 5252 785 5320 signiﬁcare
815 5247 986 5308 vellet.

252 5312 481 5396 (2)]ξιάίιί
504 5312 557 5375 εἷ
580 5323 713 5396 lleg.
746 5325 968 5396 primus,
1005 5321 1166 5392 νοῆτε
1212 5364 1225 5377 .
1256 5364 1271 5379 .
1295 5361 1311 5396 ,ν
1341 5320 1620 5396 διηγῆσθε.
1657 5321 1729 5396 A_t

193 5375 516 5462 "furicianus
537 5375 710 5448 code;
732 5375 792 5448 éi
806 5394 895 5447 alii
927 5375 1184 5461 q'uattt'or,
1214 5375 1359 5447 νοεῖν
1478 5375 1502 5447 .’
1524 5391 1729 5462 διηγεῖ-

250 5466 318 5504 αι.

253 5520 321 5613 ‘x’R
341 5522 513 5613 φάει
539 5546 696 5613 "nam
722 5531 1163 5613 μεχαλοερρένερς·

255 5590 321 5661 μ)
371 5596 423 5649 ln
452 5590 738 5655 recentiori
786 5590 1335 5657 Combéfisii'codice
1381 5602 1526 5656 etin
1584 5600 1723 5669 Reg.

198 5665 369 5741 figulo
404 5669 614 5741 periode
662 5680 824 5739 atque
856 5673 994 5738 apud
1050 5670 1389 5739 Procopium,
1444 5687 1565 5741 pag.
1595 5665 1722 5730 209..

198 5729 290 5781 τῶν
310 5729 787 5807 ἐπαγγελλομένων,
818 5729 1074 5804 pronum:
1101 5729 1547 5806 pt'cet'ficutaAlte‘t"
1574 5740 1727 5797 Com-

1846 4571 1973 4621 νων,
2026 4572 2106 4609 res
2166 4556 2560 4609 annuntiuudas
2615 4557 2890 4621 pra’dit'ttl.
2960 4555 3141 4610 Potest
3197 4555 3410 4624 quidem

1846 4637 2074 4693 utraque
2131 4625 2291 4678 lectio
2339 4625 2551 4692 probari
2610 4641 2624 4678 ι
2675 4626 2768 4677 sed
2807 4625 2875 4677 ita
2923 4635 3119 4688 tamen,
3166 4639 3222 4677 ut
3266 4626 3412 4692 prior

1851 4697 2232 4761 anteponenda
2286 4710 2408 4748 esse
2471 4695 2738 4748 videatur.
2799 4694 3097 4750 Editionem
3164 4695 3412 4761 alteram,

1843 4777 2005 4830 quam
2038 4766 2308 4829 interpres
2342 4764 2444 4818 hoc
2480 4765 2599 4817 loco
2643 4765 2794 4827 citat,
2846 4774 3035 4817 auctor
3074 4762 3309 4831 Vulgatae
3345 4768 3412 4819 ob

1842 4834 2027 4888 Oculos
2059 4834 2308 4895 habebat,
2347 4837 2469 4887 dum
2522 4835 2592 4888 ita
2619 4834 2784 4888 vertit
2818 4851 2832 4887 :
2869 4832 3038 4903 Super
3061 4848 3285 4887 montem
3325 4849 3411 4887 ca-

1841 4903 2148 4970 liginosum.

1909 4973 1987 5043 (5)
2020 4973 2158 5026 Editi
2203 4983 2258 5026 et
2310 4980 2420 5026 tres
2470 4988 2624 5036 mss.,
2670 4973 2892 5036 αὐτοῖς·
2944 4988 3042 5027 nec
3089 4971 3413 5037 aliterame

1839 5039 1977 5111 LXX
2014 5051 2117 5111 aut
2154 5043 2292 5111 apud
2333 5043 2619 5096 Eusebium
2662 5044 2871 5109 legitur.
2936 5043 3040 5096 Alii
3100 5052 3210 5094 tres
3259 5059 3412 5105 mss.,

1832 5110 2070 5191 ἑαυτοῖς.
2103 5110 2299 5168 Statim
2332 5114 2485 5178 editi,
2522 5112 2582 5179 ἐξ
2618 5112 2818 5168 αὐτῶν.
2855 5114 2926 5167 At
2972 5128 3100 5167 mss.
3136 5127 3253 5176 sex,
3280 5111 3412 5164 ἐαυ-

1829 5195 1960 5235 των.

1905 5252 1982 5315 (ὕ)
2014 5251 2243 5321 Veteres
2275 5249 2481 5320 aliquot
2536 5251 2681 5316 libri,
2714 5251 3163 5321 ἐνακινήσαντες.
3214 5249 3409 5305 Statim

1828 5319 1981 5391 editi,
2009 5320 2105 5391 καὶ
2137 5321 2268 5373 ἀπό.
2301 5319 2519 5391 Autiqni
2554 5332 2664 5375 tres
2696 5321 2839 5386 libri,
2872 5319 2965 5375 καὶ
2990 5325 3019 5376 ὁ
3045 5320 3176 5376 ἀπό.

1906 5390 2120 5461 (ηντο
2140 5385 2464 5461 ἐπιθυμίαις
2501 5392 2552 5444 in
2579 5392 2784 5459 aliquot
2813 5385 2944 5446 mss.
2979 5391 3195 5461 legitur,
3225 5385 3407 5442 ἐπιθυ-

1831 5458 1973 5534 μίαξ
1994 5458 2361 5534 lliidetnReg.
2404 5462 2607 5529 primus
2641 5458 2987 5534 cutn‘editis,
3020 5458 3079 5534 έν
3124 5458 3198 5529 τῷ
3227 5461 3412 5534 -έπαγ-

1826 5529 2059 5605 γέλλειν.
2109 5530 2214 5585 Alii
2273 5530 2512 5600 quinque
2569 5545 2724 5596 mss.,
2776 5532 2835 5583 ἐν
2891 5529 2970 5601 τῷ
3020 5529 3441 5605 ἀπαγγέλλεινη

1827 5604 2048 5657 ret-tius.

1897 5669 1973 5739 (8)
2000 5672 2072 5724 Ita
2106 5681 2316 5729 veteres
2356 5673 2559 5745 aliquot
2595 5671 2740 5728 libri.
2777 5670 2941 5739 Editi,
2966 5673 3032 5745 τῇ
3065 5673 3241 5744 φωνῇ,
3264 5668 3411 5727 haud

1826 5755 1991 5799 ϊευιυ.
