3810 6214
397 189 499 250 ῦῊ

1362 195 1708 251 APPENDIX
1749 193 2036 250 OPEBUM
2077 194 2135 249 S.
2178 194 2421 251 BASlLll
2458 191 2691 251 MAGNI.

3556 185 3683 244 873

397 307 614 362 tollitur
632 306 774 360 vox?
804 304 861 361 Si
896 321 1089 376 magno
1120 315 1176 361 et
1203 321 1469 377 generoso
1507 310 1692 364 animo
1728 309 1975 380 insurgas

2087 313 2194 374 τοῖς
2226 311 2574 382 πειρασμοῖς,
2602 306 2737 361 ἀλλά
2761 305 2823 360 τὸ
2850 304 3053 379 γαῦρον
3083 304 3336 376 φρόνημα
3361 303 3460 374 τῆς
3478 302 3683 374 ψυχῆς

399 400 662 451 adversus
713 397 1047 451 turbulentas
1078 398 1247 453 animi
1304 399 1645 466 atl'ectiones,
1707 417 1807 456 nec
1865 403 1980 470 ipso

403 488 760 542 tentationum
791 499 1032 556 tempore
1062 493 1387 546 succumbas
1418 492 1809 546 teutationibus
1835 509 1848 545 :
1870 492 1978 545 imo

400 580 446 634 si
498 595 684 633 serves
730 580 897 633 animi
953 580 1243 636 elationem
1314 593 1370 638 et
1415 584 1800 648 constantiam,
1854 594 1978 638 tunc

401 668 666 721 exaltahis
698 683 907 722 vocem.
935 670 1262 725 Consolatur
1288 682 1467 727 autem
1497 690 1658 727 manu
1689 675 1755 739 is,
1778 674 1869 743 qui
1896 673 1980 727 af-

401 761 563 813 ﬂictis
598 773 650 813 et
676 763 951 828 oppressis
978 779 1072 828 per
1104 762 1241 817 bona
1268 780 1430 833 opera
1464 764 1620 819 aﬂert
1653 767 1981 822 consolatio-

404 868 545 916 nem,
596 861 651 904 et
693 854 874 906 animo
910 854 1070 909 hilari
1123 856 1320 925 stipem
1374 856 1619 927 largitur.
1674 857 1729 912 Si
1780 858 1980 913 videris

400 943 710 1011 quempiam
760 956 1000 1013 egestate
1053 948 1418 1016 laborantem,
1469 965 1760 1019 pauperem
1802 951 1979 1005 solare

400 1032 644 1086 beuetica
682 1044 734 1086 et
775 1036 982 1090 liberali
1025 1056 1206 1091 malm.
1245 1040 1535 1094 Enimvero
1569 1044 1709 1109 apud
1736 1042 1976 1096 aninmm

399 1122 651 1188 pusillum
683 1134 736 1177 et
759 1125 1058 1190 iniirmum,
1082 1129 1327 1197 erogatio
1355 1146 1474 1199 qua:
1502 1147 1559 1185 re
1594 1132 1708 1200 ipsa
1742 1135 1820 1199 lit,
1850 1149 1979 1186 con-

400 1211 563 1265 solari
600 1224 776 1281 petest
806 1219 995 1285 magis,
1027 1236 1187 1287 quam
1220 1222 1262 1274 si
1292 1221 1471 1275 verbis
1498 1226 1563 1275 ad
1608 1235 1975 1292 paupertatem

400 1300 617 1356 fortiter
643 1315 697 1357 et
738 1322 997 1373 generose
1033 1308 1404 1376 perferendam
1438 1314 1761 1369 adhorteris.

471 1392 598 1445 257.
642 1393 711 1447 Et
736 1400 951 1465 aperite,
984 1399 1179 1467 inquit,
1212 1402 1495 1467 principes.
1530 1403 1790 1457 Solatium
1816 1422 1974 1459 manu

401 1484 704 1538 cxhibitunt
730 1488 978 1555 sequitur
1011 1505 1203 1544 manus
1231 1494 1477 1559 apertio;
1514 1510 1674 1563 quam
1723 1512 1819 1564 pro
1860 1514 1977 1549 ιιιιι-

403 1576 563 1627 nilica
611 1586 665 1629 et
703 1578 910 1635 liberali
945 1583 1159 1636 actione
1199 1598 1462 1651 usurpare
1496 1587 1633 1639 solet
1671 1587 1971 1655 Scriptura,

2079 400 2473 472 διασωξούσης,
2498 401 2619 453 τότε
2644 399 2799 469 ύψοῖς
2817 398 2916 469 τὴν
2941 398 3146 468 φωνήν.
3168 396 3479 469 Παρακαλεῖ
3495 396 3558 450 δὲ
3584 394 3679 467 (9)

2080 495 2145 562 τῇ
2176 491 2320 561 χειρί
2346 491 2377 544 ὁ
2395 490 2493 559 τὴν
2523 488 2870 561 παράκλησιν
2894 491 3005 552 τοῖς
3032 486 3365 558 θλιϐομένοις
3392 486 3458 540 δι’
3478 486 3680 557 ἔργων

2079 583 2302 653 ἀγαθῶν
2334 582 2647 654 προφέρων,
2684 582 2779 635 καὶ
2815 583 2874 634 ἐν
2914 580 3189 651 ἱλαρότητι
3229 578 3327 650 τὴν
3356 577 3678 650 ἐλεημοσύ-

2079 693 2177 746 νην
2207 673 2563 745 ἀποπληρῶν.
2602 672 2726 725 Ἐάν
2774 672 2891 744 ἴδῃς
2922 672 3045 725 τινὰ
3088 672 3181 724 ἐπὶ
3219 671 3380 743 πενίᾳ
3409 688 3676 725 καταπο-

2079 767 2359 837 νούμενον,
2398 768 2464 837 τῇ
2505 765 2828 835 μεταδοτικῇ
2860 764 3002 836 χειρὶ
3040 763 3344 836 παρακάλει
3368 764 3460 816 τὸν
3487 763 3679 831 πένησ-

2077 878 2166 914 τα.
2198 860 2387 912 Πλεῖον
2420 858 2530 928 γὰρ
2555 855 2704 928 παρά
2729 854 2946 909 ἀσθενεῖ
2974 855 3085 925 (10)
3121 858 3187 927 τῇ
3218 856 3362 925 ψυχῇ
3401 857 3433 924 ἡ
3467 855 3538 907 δι’
3566 852 3679 923 έρ-

2079 967 2194 1018 γων
2231 949 2514 1020 μετάδοσις
2566 946 2902 1018 παρακαλεῖν
2937 945 3179 1012 δύναται,
3223 946 3256 1015 ἢ
3296 948 3329 1017 ἡ
3367 945 3453 999 διὰ
3479 943 3675 1011 λόγων

2080 1042 2362 1114 προτροπὴ
2406 1039 2501 1095 τοῦ
2555 1039 2742 1110 φέρειν
2787 1038 2975 1093 πενίαν
3029 1036 3266 1106 εὐγενῶς
3303 1038 3399 1091 καὶ
3427 1038 3674 1091 ἀταπει-

2079 1134 2283 1197 νώτως.

2146 1404 2272 1458 237.
2299 1402 2410 1459 Καὶ
2445 1402 2745 1468 ἀνοίξατε,
2782 1402 2967 1472 φησὶν,
3009 1403 3065 1455 οι
3091 1399 3397 1469 ἄρχοντες.
3420 1397 3666 1452 Ἕπετω.

2076 1495 2155 1566 τῷ
2191 1494 2527 1565 παρακαλεῖν
2550 1496 2614 1564 τῇ
2647 1494 2791 1564 χειρί
2815 1493 2875 1545 τὸ
2900 1491 3135 1560 ἀνοίγειν
3167 1491 3263 1561 τὴν
3296 1493 3482 1561 χεῖρον
3513 1490 3668 1558 ὅπερ

2079 1588 2171 1639 ἐπὶ
2211 1587 2313 1656 τῆς
2357 1584 2709 1656 μεταδοτικῆς
2746 1583 3028 1655 ἐνεργείας
3060 1581 3175 1645 ἔθος
3215 1582 3331 1634 ἐστὶ
3358 1582 3423 1651 τῇ
3460 1580 3664 1651 Γραφῇ

402 1682 502 1721 ceu
546 1685 668 1723 eum
710 1672 883 1727 dicit:
934 1674 1206 1741 Aperiente
1250 1685 1427 1728 autem
1460 1687 1508 1729 te
1546 1694 1759 1732 manum
1807 1690 1974 1743 tuam,

2087 1676 2399 1747 λαμϐάνειν,
2441 1676 2569 1728 ὅταν
2617 1675 2729 1744 (Η)
2776 1674 2947 1747 λέγῃ·
3007 1670 3386 1736 Ἀνοίξω-τος
3423 1668 3492 1723 δέ
3537 1684 3669 1722 σου

404 1761 578 1811 omnia
606 1762 955 1827 implebantur
982 1766 1211 1818 bonitate
1242 1766 1311 1823 ⁸ο.
1347 1767 1566 1834 Aperite
1591 1769 1754 1835 igitur
1788 1771 1979 1826 domos

405 1861 636 1911 vestras,
664 1864 719 1906 et.
758 1856 1066 1909 divitiarum
1107 1866 1412 1910 vestrarum
1450 1859 1734 1912 thesauros
1766 1863 1979 1929 aperite

400 1944 708 2012 hospitibus
737 1957 790 2000 et
831 1951 1035 2017 egenis.
1072 1949 1151 2003 Ne
1195 1950 1477 2003 retineatis
1512 1964 1633 2017 qua;
1663 1951 1816 2004 vobis
1850 1968 1979 2021 sup-

399 2047 591 2105 petunt
632 2040 697 2091 ad
731 2038 1050 2093 aﬂlictornm
1107 2042 1371 2095 levamen.
1426 2042 1489 2095 Et
1541 2042 1641 2095 hoc
1677 2043 1837 2098 facile
1865 2046 1978 2114 pri-

401 2144 573 2192 nium,
612 2133 904 2200 principes,
939 2142 995 2186 ut
1025 2136 1272 2205 exemplo
1303 2145 1484 2191 vestro
1526 2139 1776 2206 populum
1809 2140 1974 2194 etiam

398 2219 710 2287 pelliciatis.
769 2223 955 2279 Potest
1011 2237 1190 2279 autem
1246 2228 1375 2282 illttd
1424 2229 1647 2298 intelligi
1699 2232 1862 2284 etiam
1911 2232 1977 2288 de

401 2304 803 2377 Scripturarmn
845 2316 1148 2382 apertione,
1199 2316 1376 2385 deque
1427 2318 1665 2372 locomm
1715 2336 1975 2389 quorum-

400 2399 925 2458 damelansorumet
951 2407 1326 2461 obscuriorum
1356 2409 1764 2478 explanatione;
1811 2422 1872 2466 ut
1911 2428 1977 2468 ne

399 2490 524 2559 quis
565 2492 774 2557 judicio
807 2495 1066 2548 adversus
1091 2496 1395 2551 Pharisaeos
1431 2506 1486 2551 et
1515 2497 1736 2553 Seribas
1765 2502 1975 2570 prolato

399 2580 492 2634 ﬂat
520 2582 788 2637 obnoxius
812 2600 826 2637 :
858 2589 950 2654 qui
980 2573 1099 2639 cuni
1124 2587 1302 2642 claves
1328 2590 1474 2658 regni
1511 2591 1773 2657 habeant,
1802 2608 1976 2662 neque

399 2670 505 2739 ἱρςὶ
542 2672 942 2742 ingrediuntur,
966 2686 1023 2730 et
1056 2692 1151 2731 eos
1179 2678 1274 2747 qui
1323 2679 1530 2747 ingredi
1572 2694 1818 2751 possunt,
1850 2700 1976 2754 pro-

399 2762 590 2816 hibent
633 2765 699 2817 εί.
745 2764 934 2836 Itaque
980 2769 1252 2837 principes
1295 2771 1490 2838 quibus
1521 2774 1761 2829 scientia:
1796 2776 1975 2832 claves

400 2859 723 2913 concredita:
762 2872 908 2924 sunt,
940 2862 1246 2929 compellat.
1292 2862 1493 2918 Paulus
1523 2868 1808 2921 sententiae
1846 2869 1973 2923 huic

398 2946 780 3016 obtemperans
822 2953 1044 3006 aiebat:
1088 2951 1161 3006 Os
1205 2963 1443 3009 nostrum
1493 2965 1637 3026 patet
1680 2960 1749 3013 ad
1783 2975 1893 3026 vos,
1941 2977 1971 3015 ο

398 3036 657 3093 Corinthii
683 3040 750 3095 ⁸⁸.

466 3219 802 3294 258.(V£ns.
831 3225 910 3297 5.)
934 3226 1047 3299 Ego
1077 3229 1285 3295 ordino,
1312 3239 1360 3285 et
1385 3246 1478 3300 ego
1508 3230 1642 3286 duco
1667 3248 1774 3287 eos.
1799 3233 1977 3305 Agen-

397 3312 523 3366 dum
555 3315 712 3369 nohis
741 3325 826 3372 est
873 3333 971 3387 pro
1011 3320 1177 3373 virili.
1224 3320 1485 3397 Dominus
1532 3332 1711 3376 autem
1761 3331 1847 3378 est
1882 3324 1975 3393 qui

395 3417 492 3457 eos
524 3404 689 3465 ducit.
722 3415 777 3459 et
799 3408 889 3476 qui
913 3424 1352 3478 unumquemque
1380 3411 1432 3463 in
1467 3410 1720 3467 Ecclesia:
1747 3427 1976 3483 corpore

398 3508 496 3561 pro
523 3507 618 3547 sua
653 3494 913 3562 dignitate
947 3499 1183 3553 ordinat.
1214 3495 1463 3567 Gigantes
1500 3502 1713 3555 veniunt
1754 3503 1823 3554 ad
1869 3503 1973 3555 im-

396 3585 641 3652 plendum
692 3588 925 3657 furorem
964 3607 1157 3654 nteant,
1186 3594 1470 3660 gaudentes
1503 3592 1663 3645 simul
1706 3600 1758 3646 et
1813 3591 1978 3665 576

394 3676 730 3731 contumeliis
772 3679 1070 3749 efﬁcientes.
1120 3680 1243 3736 llaec
1292 3682 1559 3736 sententia
1597 3682 1978 3737 intermittatur

398 3766 537 3830 fore,
566 3777 624 3821 ut
658 3769 906 3825 scelerati
936 3772 1156 3841 quidem
1193 3782 1249 3828 et
1282 3774 1377 3829 Dei
1413 3774 1598 3829 hostes
1622 3773 1715 3843 qui
1745 3777 1814 3828 ad
1849 3789 1975 3843 pec-

395 3866 615 3913 catores
656 3860 993 3917 ulciscendos
1028 3864 1178 3919 missi
1218 3876 1364 3929 sunt,
1398 3866 1710 3921 adveniant.
1744 3866 1825 3922 οι)
1866 3868 1969 3923 hoc

398 3950 714 4006 timentibus
739 3967 798 4007 se
828 3955 1137 4022 providens,
1174 3957 1323 4011 ducit
1356 3973 1449 4012 eos
1480 3958 1535 4013 iu
1573 3968 1741 4012 tutam
1776 3960 1976 4015 montis

398 4041 759 4110 altitudinem,
784 4054 945 4114 atque
968 4061 1061 4099 eos
1080 4058 1293 4115 :cquata
1323 4050 1547 4104 verticis
1582 4049 1807 4117 planitie
1824 4066 1975 4105 com-

398 4136 593 4189 tnunit.
649 4133 762 4191 lino
808 4139 974 4191 etiam
1015 4139 1097 4193 eis
1144 4140 1357 4209 signum
1416 4156 1524 4211 quo
1572 4141 1971 4209 custodiantur,

398 4228 563 4282 tradit
595 4244 610 4281 :
645 4229 843 4296 quippe
868 4229 957 4297 qui
989 4245 1083 4283 eos
1113 4232 1434 4285 submoneat
1487 4240 1544 4286 ut
1604 4234 1878 4288 instruant
1914 4250 1975 4290 se

2081 1770 2197 1838 τὴν
2226 1766 2414 1836 χεῇοιι,
2445 1768 2517 1822 τὰ
2550 1767 2872 1835 σύμπαντα
2904 1761 3360 1831 πλησθήσονται
3393 1758 3669 1828 χρηστά·

2079 1880 2275 1931 τητος.
2327 1859 2600 1924 Ἀνοίξατε
2646 1853 2739 1912 οὖν
2795 1857 2921 1920 τοὺς
2971 1853 3153 1917 οἴκους
3185 1851 3360 1923 ὑμῶν,
3395 1850 3491 1905 καὶ
3529 1849 3670 1913 τοὺς

2080 1954 2385 2026 θησαυροὺς
2418 1952 2517 2022 τῆς
2550 1952 2794 2022 κτήσεως
2828 1948 3074 2015 ἀνοίξατε
3104 1946 3271 2011 ξένοις
3305 1945 3399 1997 καὶ
3437 1942 3663 2012 πένησι.

2080 2047 2173 2118 Μὴ
2204 2044 2454 2116 συνέχετε
2493 2044 2563 2098 τὰ
2602 2043 2872 2116 προσόντα
2906 2042 3036 2111 ὑμῖν
3069 2041 3148 2103 εἰς
3172 2037 3523 2110 παραμυθίαν
3548 2034 3667 2120 τῶν

2080 2134 2589 2207 καταπονουμένων.
2623 2135 2734 2187 Καὶ
2767 2131 2927 2186 τοῦτο
2955 2134 3158 2185 ποιεῖτε
3195 2128 3409 2200 πρῶτον
3439 2127 3580 2197 (12),
3609 2128 3665 2181 οι

2078 2229 2356 2299 ἄρχοντες,
2390 2228 2477 2281 ἴνα
2508 2226 2596 2280 διὰ
2634 2225 2727 2279 τοῦ
2758 2223 3151 2293 ὑποδείγματος
3176 2222 3271 2274 καὶ⁵
3301 2221 3392 2273 τὸν
3419 2219 3550 2273 λαὸν
3575 2219 3668 2272 ἐν.

2078 2321 2344 2390 αγάγητε.
2371 2319 2606 2373 Δύναται
2629 2317 2686 2372 δὲ
2709 2316 2965 2388 νοηθῆναι
2990 2315 3087 2370 καὶ
3116 2313 3210 2367 ἐπὶ
3237 2313 3332 2366 τοῦ
3365 2312 3663 2379 διανοίγειν

2078 2412 2177 2475 τὰς
2209 2411 2451 2482 Γραφὰς,
2482 2412 2577 2465 καὶ
2609 2408 2679 2463 τὰ
2717 2408 3081 2479 κεκλεισμένα
3132 2404 3531 2469 ὑποδεικνύναι,
3572 2405 3664 2457 ἵνα

2082 2504 2156 2573 μή
2206 2519 2294 2566 τις
2349 2500 2705 2572 γένηταιτῷ
2749 2501 2979 2573 κρίματι
3037 2498 3144 2553 τῶν
3194 2497 3504 2568 Φαρισαίων
3563 2496 3662 2549 καὶ

2079 2594 2459 2665 Γραμματέων
2491 2592 2763 2658 ὑπόδικος,
2795 2593 2991 2655 οἵτινες
3007 2591 3218 2662 ἔχοντες
3250 2589 3349 2653 τάς
3376 2588 3524 2652 κλεῖς
3554 2587 3660 2657 τῆς

2080 2685 2387 2756 βασιλείας,
2436 2683 2562 2739 οὔτε
2616 2684 2769 2739 αὐτοὶ
2825 2683 3181 2755 εἰσέρχονται,
3235 2683 3332 2736 καὶ
3386 2684 3515 2744 τοὺς
3561 2680 3659 2733 δυ-

2077 2778 2346 2849 ναμένους
2378 2776 2639 2831 εἰσελθεῖν
2677 2775 2965 2832 κωλύουσι.
3013 2775 3155 2847 Πρὸς
3184 2770 3279 2828 οὖν
3309 2774 3438 2837 τοὺς
3463 2772 3661 2843 ἄρχον-

2073 2885 2174 2932 τας
2206 2868 2534 2935 διαλέγεται,
2586 2868 2714 2932 τοὺς
2773 2868 2995 2938 ἔχοντας
3045 2867 3147 2932 τὰς
3182 2866 3330 2928 κλεῖς
3369 2865 3471 2935 τῆς
3517 2861 3663 2932 γνώ-

2077 2974 2234 3022 σεως.
2264 2957 2468 3011 Τούτου
2503 2956 2850 3021 κατακούσας
2885 2956 2979 3010 τοῦ
3022 2956 3187 3029 ῥητοῦ
3228 2956 3259 3009 6
3288 2954 3502 3018 Παῦλος
3546 2953 3661 3007 ελε-

2077 3064 2177 3118 γεο
2230 3047 2301 3102 Τὸ
2354 3049 2548 3118 στόμα
2598 3046 2768 3117 ἡμῶν
2819 3046 3042 3117 ἀνέῳγε
3101 3044 3252 3113 πρὸς
3298 3043 3471 3115 ὑμᾶς,
3538 3047 3657 3099 Ko—

2068 3140 2306 3207 ρίνθιοι.

2145 3232 2272 3286 258.
2330 3229 2471 3301 Ἐγὼ
2525 3229 2877 3296 συντάσσω,
2921 3230 3020 3285 καί
3068 3228 3183 3299 ἐγὼ
3236 3228 3357 3298 ἄγω
3409 3227 3657 3292 αὐτούς.

2087 3322 2153 3375 Ἦ
2159 3324 2266 3393 μᾶς
2294 3322 2397 3393 χρὴ
2427 3322 2667 3394 ἐνεργεῖν
2691 3321 2753 3375 τὸ
2779 3323 2909 3392 ἡμῖν
2934 3321 3179 3375 δυνατόν.
3214 3321 3272 3374 '0
3298 3319 3355 3373 δὲ
3381 3320 3529 3388 ἄγων
3556 3319 3659 3373 αύ-

2074 3415 2202 3477 τους
2232 3413 2436 3485 Κύριός
2461 3414 2597 3476 ἐστι,
2635 3413 2731 3466 καὶ
2769 3416 2799 3466 ὁ
2830 3413 3187 3467 κατατάσσων
3221 3412 3450 3466 ἕκαστον
3486 3412 3544 3463 ὲν
3575 3408 3655 3478 τῷ

2079 3503 2293 3574 σώματι
2330 3504 2428 3574 τῆς
2469 3502 2794 3573 Ἐκκλησίας
2836 3501 2973 3574 πρὸς
3004 3501 3104 3572 τὴν
3139 3501 3276 3555 ἰδίαν
3323 3500 3502 3565 ἀξίαν.
3544 3503 3651 3554 Γί-

2074 3612 2291 3665 γαντες
2316 3593 2592 3663 ἔρχονται
2626 3592 2941 3661 πληρῶσαι
2983 3592 3091 3646 τὸν
3126 3592 3317 3661 θυμόν
3337 3608 3482 3660 μου,
3522 3592 3654 3659 χαι-

2067 3703 2283 3754 ροντες
2308 3685 2429 3755 ἅμα
2456 3684 2555 3739 καὶ
2580 3682 2936 3754 ὑϐρίζοντες.
2988 3683 3226 3737 ’Λπειλεῖ
3246 3685 3275 3737 ὁ
3302 3682 3458 3752 λόγος
3488 3700 3655 3751 πονη-

2081 3775 2189 3847 ρῶν
2238 3791 2400 3829 τινων
2452 3775 2549 3829 καὶ
2595 3775 2877 3846 θεομάχων
2929 3773 3221 3844 ἐπιδημίαν
3260 3775 3341 3837 εἰς
3373 3772 3652 3842 ἐκδίκησιν

2076 3865 2555 3937 ἀποστελλομένων
2595 3868 2738 3919 κατὰ
2778 3865 2887 3919 τῶν
2928 3864 3344 3936 ἡμαρτηκότων.
3370 3862 3470 3917 Διὰ
3494 3860 3651 3917 τοῦτο

2076 3955 2476 4028 προνοούμενος
2507 3955 2615 4009 τῶν
2637 3953 2985 4025 φοϐουμένων
3013 3954 3195 4018 αὑτὸν,
3224 3952 3413 4020 ἀνάγει
3438 3952 3536 4022 μὲν
3555 3953 3653 4006 αὐ-

2076 4050 2201 4112 τοὺς
2234 4048 2326 4101 ἐπὶ
2358 4047 2419 4101 τὸ
2452 4046 2715 4118 καρτερὸν
2743 4044 2874 4115 ὕψος
2909 4044 3003 4099 τοῦ
3031 4045 3209 4117 ὅρους,
3237 4041 3652 4117 ὲνασφαλίζεται

2076 4140 2134 4193 δὲ
2156 4142 2354 4204 αὐτοὺς
2398 4142 2463 4211 τῇ
2491 4138 2786 4211 ὁμαλότητι
2813 4140 2912 4209 τῆς
2942 4137 3204 4209 κορυφῆς.
3245 4135 3439 4189 Δίδωσι
3464 4135 3522 4188 δὲ
3550 4136 3650 4188 αύ-

2075 4236 2190 4297 τοῖς
2220 4232 2588 4303 φυλακτήριον
2620 4232 2683 4285 τὸ
2708 4233 2952 4301 σημεῖον,
3001 4228 3276 4292 ὑποτιθεὶς
3317 4228 3429 4298 (15)
3468 4228 3651 4293 αὐτοῖς

397 4335 495 4390 per
529 4323 665 4374 houa
697 4336 882 4388 opera,
916 4322 1376 4392 consolenturque
1423 4341 1584 4379 manu
1628 4324 1877 4390 aﬂlietos,
1912 4337 1964 4382 et

2087 4326 2174 4397 τὴν
2194 4324 2284 4379 διὰ
2307 4324 2414 4377 τῶν
2442 4323 2661 4393 ἀγαθῶν
2688 4322 2864 4395 ἔργων
2902 4322 3277 4393 παρασκευὴν,
3313 4320 3651 4393 παρακαλεῖν

395 4427 459 4466 os
493 4412 738 4480 aperiant
789 4413 1100 4467 erudiendis
1132 4413 1433 4482 discipulis,
1477 4426 1535 4469 ut
1564 4417 1838 4487 gigantum
1871 4435 1969 4473 ex-

2076 4421 2142 4489 τῇ
2180 4417 2324 4490 χειρί
2359 4416 2486 4480 τοὺς
2517 4415 2883 4486 θλιϐομένους,
2918 4415 3154 4484 ἀνοίγειν
3205 4414 3267 4468 τὸ
3308 4415 3483 4485 στόμα
3517 4414 3652 4483 πρὸς

395 4503 705 4557 cursionem
757 4502 1038 4575 eﬂ‘ugiaut.
1078 4504 1343 4575 Gigantes
1389 4507 1533 4561 enim
1581 4517 1640 4562 ut
1677 4508 1967 4578 plurimum

2087 4508 2422 4564 διδασκαλίαν
2471 4506 2580 4560 τῶν
2630 4505 3105 4578 μαθητευομένων,
3167 4505 3254 4559 ῖνα
3297 4506 3509 4575 φύγωσι
3553 4506 3651 4577 τὴν

394 4596 738 4664 accipiuntur
791 4598 844 4652 in
876 4597 1073 4652 malam
1105 4607 1314 4667 partem
1368 4598 1438 4653 ⁸³.
1490 4598 1749 4655 Fortasse
1791 4610 1970 4655 autem

2087 4600 2377 4673 ἐπιδρομὴν
2406 4597 2515 4651 τῶν
2536 4600 2828 4667 γιγάντων.
2867 4598 3126 4668 Γίγαντες
3166 4597 3296 4669 γὰρ,
3337 4598 3413 4660 ὡς
3454 4597 3547 4650 ἐπὶ
3591 4599 3653 4651 τὸ

397 4687 491 4757 qui
529 4689 616 4743 hic
644 4690 895 4760 gigantes
934 4689 1296 4759 appellantur,
1346 4703 1441 4745 eos
1491 4689 1780 4745 dilucidius
1814 4702 1974 4745 vocat

2087 4693 2238 4756 πολὺ,
2261 4693 2353 4745 ἐπὶ
2379 4690 2472 4744 τοῦ
2504 4689 2745 4762 χείρονός
2773 4690 2879 4742 εἰσι
2907 4690 3249 4761 τεταγμένοι.
3279 4688 3434 4758 Τάχα
3450 4687 3509 4739 δὲ
3529 4689 3654 4752 τοὺς

394 4778 641 4837 Psalmus
681 4783 904 4853 angelos
935 4781 1133 4847 malos,
1168 4779 1399 4836 dicens:
1431 4780 1586 4836 Misit
1623 4783 1681 4835 in
1719 4798 1807 4836 eos
1834 4782 1971 4835 iram

2087 4781 2314 4838 ἐνταῦθα
2366 4782 2629 4850 γίγαντας
2683 4780 2935 4851 ὠνόμασε
2986 4781 3315 4851 σαφέστερον
3361 4780 3391 4831 ὁ
3439 4777 3652 4849 ψαλμὺς

393 4874 772 4946 indignationis
807 4894 937 4942 sure,
978 4873 1418 4946 indignationem,
1466 4885 1513 4929 et
1547 4874 1702 4941 iram,
1728 4882 1779 4928 et
1803 4874 1974 4928 tribu-

2087 4873 2343 4945 ἀγγέλους
2375 4871 2662 4943 πονηροὺς,
2696 4870 2870 4940 λέγων
2889 4887 2903 4902 ο
2948 4870 3403 4936 Ἐεαπέστειλεν
3433 4868 3545 4942 (14)
3568 4872 3652 4936 εἰς

463 5057 511 5092 ⁸³
552 5058 699 5116 Psal.
740 5075 867 5126 cut,
922 5058 1013 5117 28.

1116 5060 1163 5093 ⁸¹
1213 5058 1343 5114 Luc.
1378 5073 1456 5123 ιι,
1493 5056 1583 5112 52.
1672 5056 1718 5089 ⁸¹
1753 5055 1796 5112 lI
1829 5055 1975 5113 Corn

2087 5054 2153 5110 vi.
2242 5054 2288 5087 ⁸³
2310 5054 2447 5113 Gen.
2475 5070 2553 5125 vr,
2579 5053 2645 5123 ις
2670 5053 2801 5127 Sap.
2821 5069 2933 5123 xiv,
2961 5055 3015 5111 6.

466 5237 802 5316 {lodices
832 5246 960 5316 tres,
996 5233 1393 5316 ῌαρακαλεῖτε,
1424 5233 1786 5316 ευᾼηιοίαοιίηὶ.
1835 5302 1875 5316 ﬁ

2151 5232 2264 5304 (12)
2311 5232 2406 5316 Sic_
2439 5249 2568 5316 mss.
2596 5232 3003 5316 omnes‘.._lf3.di_ti,
3031 5230 3261 5316 πρῶτοι.
3309 5229 3435 5287 Mox
3480 5237 3650 5290 nostri

468 5302 584 5378 (10)
617 5308 710 5361 Sic
753 5306 903 5373 Regii
938 5302 1168 5369 primus,
1203 5307 1392 5358 tertius
1444 5314 1499 5357 et
1548 5312 1794 5372 quartus.
1833 5302 1975 5358 Editi
2074 5302 2170 5359 sex'
2206 5302 2361 5370 mss.,
2388 5304 2714 5386 ὲναγάγητε.
2751 5303 2913 5386 Editi,
2938 5302 3272 5372 ὲπανάγητε.

468 5394 547 5429 ro.
573 5377 682 5429 γὰο
706 5377 800 5429 τὸν
824 5375 1047 5429 ἀσθενῆ.
1083 5374 1308 5429 Rectius
1336 5375 1549 5429 quidem
1584 5392 1599 5429 :
1624 5377 1717 5429 sed
1747 5374 1800 5428 in
1831 5373 1977 5428 nullo
2149 5373 2262 5429 (15)
2300 5373 2522 5429 Veteres
2543 5376 2745 5429 aliquot
2765 5374 2908 5429 lthrt.
2939 5372 3276 5428 ὑποτίθεται.

394 5373 547 5441 Vero,
566 5373 682 5448 ’γὰρ
706 5377 800 5430 τὸν
824 5375 1047 5446 ἀσθενῆ.
1083 5374 1308 5429 Rectius
1336 5375 1549 5442 quidem
1584 5392 1599 5430 :
1624 5377 1717 5430 sed
1747 5374 1800 5428 in
1831 5373 1975 5428 nullo

393 5448 573 5523 veteri
602 5448 745 5523 li_l_iro'
768 5446 841 5500 ita
877 5448 1140 5523 scriptum
1166 5447 1487 5523 invenimus.
1566 5510 1578 5523 .
1727 5514 1750 5523 _
1938 5512 1964 5523 _

2149 5373 2262 5507 (15;
2300 5373 2522 5429 Veteres
2543 5373 2745 5442 aliquot
2765 5374 2908 5436 libri,
2939 5373 3276 5428 ὑποτίθεται.

2150 5443 2243 5523 (iri
2290 5443 2456 5523 Editi,
2480 5442 2872 5523 _’EEa-t§§o'cetits
2892 5443 3019 5515 γάρ.
3048 5443 3119 5523 A_t
3144 5440 3386 5523 Voculam
3417 5441 3529 5515 γάρ
3555 5457 3651 5502 οι.

468 5515 582 5597 (11)
622 5514 865 5586 Uterque
918 5510 1071 5573 Colb.
1104 5524 1161 5573 et
1213 5515 1344 5587 Reg.
1378 5510 1666 5583 secundus,
1724 5514 1853 5569 ὅταν
1895 5512 1974 5585 τῷ
2076 5510 2396 5585 pnitximus,
2425 5513 2532 5571 tida
2557 5510 3187 5586 codicum'quorumdam
3218 5510 3411 5569 innixi.

394 5589 515 5658 θεῷ
