3810 6214
131 236 227 292 575

920 235 1281 293 COMMENT.
1324 238 1390 294 ΙΝ
1429 239 1661 296 ISAIAM
1699 239 2140 302 PROPllETAM.
2179 247 2332 305 CAP.
2369 248 2508 307 Xlll.

3266 255 3373 313 574

128 346 336 415 αὐτοὺς
364 346 554 417 ὀργὴν
579 347 769 418 θυμοῦ
794 349 1004 415 αὐτοῦ,
1031 351 1225 420 θυμὸν
1257 351 1356 406 καὶ
1387 351 1576 422 ὀργὴν
1595 354 1693 407 καί

1803 358 2066 422 lationem,
2092 361 2466 416 immissionem
2490 378 2582 431 per
2606 361 2816 433 angelos
2840 361 3004 418 malos
3034 364 3100 420 “.
3126 367 3248 421 Ideo
3280 387 3376 424 aa.-

129 440 346 509 6.llt,’rtr,
393 438 751 506 ἀποστολὴν
793 438 868 492 δι’
926 440 1194 512 ἀγγέλων
1240 443 1540 513 πονηρῶν.
1596 445 1695 498 Διὰ

130 532 276 586 τοῦτο
318 531 373 584 δὲ
411 531 644 585 τοιοῦτοι
688 530 924 586 διάκονοι
966 535 1078 597 τοῖς
1114 533 1238 597 ἄξια
1282 534 1556 598 κολάσεως
1582 534 1692 606 (15)

131 621 462 692 πεποιηκόσιν
486 622 881 693 ἐπινενόηνται,
917 623 1147 693 ἐπείπερ
1180 624 1289 677 ἀπὸ
1323 624 1524 696 πολλῆς
1545 625 1694 697 ὠμό-

132 731 274 784 τητος
301 713 570 784 μηδεμίαν
592 713 806 785 ἔχοντες
833 716 970 787 πρὸς
992 718 1119 779 τοὺς
1135 716 1532 787 κολαζομένους
1558 735 1620 770 συ
1628 737 1695 789 μ-

134 803 361 863 πάθειαν,
394 802 530 872 μηδὲ
555 804 840 875 οἰκτιρμοῦ
878 805 1162 876 σπλάγχνα
1200 807 1490 860 ἀναλαϐεῖν
1532 808 1692 862 δυνά-

138 912 267 965 μενοι
298 895 635 964 ἐπιχαίρουσι
664 898 776 959 τοῖς
804 895 1111 968 ἀνθρώποις
1134 895 1568 968 μαστιζομὲνοις,
1598 898 1694 951 καὶ

135 986 529 1058 καθυϐρίζουσιν
555 984 1009 1050 αὑτοὺς,ὐίκείαν
1043 989 1341 1043 ἀπόλαυσιν
1381 990 1692 1056 ποιούμενοι

133 1081 217 1133 τὸν
243 1080 393 1133 πόνον
423 1078 520 1133 καὶ
556 1079 654 1151 τὴν
680 1078 873 1152 ὀδύνην
903 1081 999 1133 καὶ
1026 1081 1125 1151 τὴν
1155 1080 1333 1152 λύπην
1358 1081 1465 1135 τῶν
1496 1098 1693 1153 μαστι-

134 1171 408 1242 γουμένων.

193 1264 303 1318 259.
344 1264 518 1332 Φωνή
574 1262 768 1318 ἐθνῶν
823 1263 1069 1318 πολλῶν
1134 1263 1233 1318 ἐπὶ
1289 1264 1409 1318 τῶν
1472 1266 1688 1333 ὀρέων,

134 1356 286 1425 ὁμοία
303 1352 491 1409 ἐθνῶν
520 1354 791 1422 πολλῶν,
829 1355 998 1424 φωνὴ
1023 1354 1334 1420 βασιλέων
1373 1356 1469 1410 καὶ
1503 1356 1694 1410 ἐθνῶν

131 1446 522 1516 συνηγμένων.
559 1446 712 1517 Τάχα
742 1446 849 1500 τῶν
884 1446 1052 1499 ἐθνῶν
1089 1446 1198 1500 τῶν
1222 1446 1432 1500 πολλῶν
1463 1446 1571 1500 τῶν
1600 1448 1692 1500 ἐπὶ

130 1540 225 1593 τῶν
256 1540 419 1610 ὁρέων
472 1540 627 1610 φωνή
677 1541 824 1591 ἐστιν
880 1538 1226 1608 Ἐκκλησίας.
1280 1539 1378 1593 Διὰ
1410 1538 1569 1592 τοῦτο
1598 1540 1692 1592 καὶ

132 1631 319 1685 πεδινὸν
347 1631 471 1703 ὅρος
498 1631 641 1702 αὑτὴ
667 1631 777 1700 (16)
800 1629 1079 1700 ὲξελέχθη,
1107 1630 1194 1682 ἴνα
1220 1630 1564 1702 εὐρυχωρίαν
1594 1629 1691 1702 ἔχῃ

130 1722 250 1792 πρὸς
289 1722 383 1793 τὴν
422 1722 691 1791 συλλογὴν
726 1720 822 1774 τοῦ
858 1720 1096 1791 πλήθους
1143 1720 1252 1773 τῶν
1295 1720 1688 1774 ἀναϐαινόντων

131 1812 210 1865 ἐπὶ
231 1811 286 1866 τὺ
310 1812 439 1882 ὕψος
472 1812 581 1881 τῆς
611 1810 864 1880 γνώσεως
886 1811 982 1864 τοῦ
1017 1811 1173 1869 Θεοῦ.
1211 1808 1367 1865 Εἷδεν
1399 1806 1492 1865 οῦν
1525 1814 1583 1865 ἐν
1611 1810 1690 1882 τῷ

129 1903 228 1974 ὄρει
273 1902 348 1974 τῷ
378 1902 582 1975 πεδινῷ
632 1903 767 1957 πολὺ
803 1903 863 1956 τὸ
896 1903 1098 1974 πλῆθος
1138 1903 1467 1973 πολλαχόθεν
1516 1919 1693 1956 συνει-

128 1993 402 2065 λεγμένων,
442 1995 541 2048 καὶ
578 1994 759 2066 φωνὴν
805 1995 934 2066 μίαν
963 1994 1233 2063 ἀφιέντων
1277 1995 1379 2064 τῆς
1425 1994 1686 2056 πίστεως.

132 2085 225 2139 Καί
246 2103 369 2158 φησι
396 2087 455 2139 τὸ
480 2086 708 2157 Πνεῦμα
736 2086 797 2139 τὸ
822 2088 976 2154 Ξιγιον
1008 2086 1096 2140 διὰ
1117 2085 1212 2140 τοῦ
1235 2091 1513 2159 προφήτου
1533 2102 1546 2117 ο
1577 2090 1692 2139 Φω-

129 2178 196 2246 νὴ
224 2176 402 2233 ἐθνῶν
435 2179 690 2233 πολλῶν
716 2179 813 2231 ἐπὶ
845 2177 963 2232 τῶν
990 2177 1195 2246 ὀρέων,
1238 2181 1324 2247 ἐφ’
1351 2173 1426 2233 ὧν
1458 2179 1598 2251 ἦρθη
1628 2182 1690 2233 τδ

132 2272 348 2341 σημεῖον,
388 2271 591 2340 Ὁμοία
617 2268 806 2326 ἐθνῶν
833 2269 1100 2325 πολλῶν.
1160 2272 1271 2325 Καὶ
1323 2272 1420 2342 μία
1466 2273 1612 2325 ἐστὶν
1653 2275 1687 2345 ἡ

130 2361 279 2433 φωνὴ,
311 2363 402 2415 καὶ
421 2354 803 2430 ἔοικέφωναῖς
831 2362 1052 2425 πολλαῖς
1074 2362 1264 2416 ἐθνῶν.
1307 2363 1424 2416 Μία
1454 2365 1572 2435 μὲν,
1598 2382 1693 2417 κα-

129 2457 189 2511 τὰ
219 2456 310 2528 τὴν
339 2457 663 2526 συμφωνίαν
696 2456 797 2527 τῆς
825 2456 1092 2520 πίστεωςο
1127 2455 1348 2520 πολλαῖς
1381 2457 1438 2509 δὲ
1486 2460 1692 2528 φωναῖς

131 2549 253 2603 ἔοικε
278 2550 362 2603 διὰ
386 2551 446 2604 τὸ
482 2548 810 2621 μερισθῆναι
868 2546 1144 2616 γλώσσαις
1184 2548 1295 2619 (17)
1330 2548 1501 2619 πυρὸς
1541 2549 1693 2620 παρὰ

129 2641 211 2694 τοῦ
238 2642 383 2710 ἁγίου
404 2641 728 2712 Πνεῦματος
752 2640 838 2708 ἐφ’
866 2639 1093 2692 ἕκαστον
1114 2638 1221 2692 τῶν
1248 2639 1560 2693 ἀποστόλων
1581 2640 1691 2694 τῶν

135 2732 404 2802 μελλόντων
436 2736 554 2796 τοῖς
582 2733 641 2785 ὲν
669 2734 735 2802 τῇ
775 2731 1065 2803 οἰκουμένῃ
1107 2730 1315 2784 ἔθνεσιν
1354 2732 1690 2804 ὲπισπείρειν

131 2820 185 2874 τὺ
208 2821 545 2892 Εὑαγγέλιον.
601 2820 773 2887 Φωνὴ
812 2820 1142 2884 βασιλέων,
1185 2821 1337 2891 φησὶ,
1368 2822 1468 2874 καὶ
1502 2821 1693 2875 ἐθνῶν

133 2914 520 2981 συνηγμένων.
577 2912 730 2982 Τάχα
781 2911 862 2964 δεῖ
904 2910 973 2964 τὰ
1017 2910 1115 2980 μὲν
1162 2910 1287 2982 ἔθνη
1318 2911 1508 2981 νοῆσαι
1545 2912 1694 2983 ἡμᾶς

131 3001 239 3065 τοὺς
262 3002 593 3074 πανταχόθεν
625 3001 1030 3072 συνδραμόντας
1059 3000 1151 3053 ἐπὶ
1185 3000 1284 3069 τὴν
1318 2999 1512 3069 κλῆσιν
1534 3017 1548 3030 ’
1594 3000 1692 3070 βα-

136 3091 278 3155 σιλεῖς
318 3093 394 3155 δὲ,
428 3094 563 3155 τοὺς
599 3092 890 3155 ἐκλεκτοὺς
921 3093 977 3144 ὲν
1007 3094 1072 3162 τῇ
1109 3091 1427 3162 Ἐκκλησία,
1469 3090 1561 3154 οὒς
1596 3092 1691 3144 καὶ

135 3181 261 3245 υἱοὺς
287 3179 563 3251 βασιλείας
597 3180 880 3249 ὠνόμασεν
907 3183 935 3233 ὁ
958 3180 1181 3252 Κύριος.
1219 3182 1291 3233 Ἦ
1316 3181 1458 3250 τάχα
1478 3181 1539 3233 τὸ
1564 3180 1695 3251 πλῆ-

135 3271 213 3333 θος
263 3274 513 3342 ἐμφαίνει
568 3271 677 3327 τῶν
728 3272 1021 3341 γιγάντων,
1065 3275 1147 3327 ὅτι
1201 3275 1350 3346 φωνή
1398 3277 1512 3328 ἐστι
1562 3275 1693 3329 πολ-

134 3359 225 3416 λῶν
285 3364 484 3431 ἐθνῶν,
560 3364 655 3417 καὶ
724 3365 874 3435 φωνὴ
947 3363 1229 3434 βασιλέων.
1300 3365 1398 3419 Διὰ
1462 3365 1571 3437 γὰρ
1633 3365 1695 3419 τὸ

137 3454 394 3524 χαίροντας
443 3456 647 3518 αὐτοὺς
686 3455 780 3508 καὶ
822 3454 1142 3526 ὑϐρίζοντας
1189 3455 1401 3526 τρέχειν
1450 3456 1544 3510 ἐπὶ
1596 3455 1693 3527 τὴν

137 3544 457 3618 ἐκπλήρωσιν
498 3545 597 3599 τοῦ
638 3545 809 3616 θυμοῦ
853 3547 1080 3617 Κυρίου,
1122 3547 1446 3617 τεταγμένοι
1484 3549 1565 3610 εἰς
1595 3547 1695 3619 τὴν

138 3636 404 3704 διακονίαν,
449 3639 745 3711 μιμοῦνται
778 3639 987 3695 πολλῶν
1013 3639 1182 3693 ἐθνῶν
1211 3636 1363 3712 ἦχον,
1413 3642 1507 3695 καὶ
1538 3642 1694 3712 βασι-

139 3726 255 3784 λέων
277 3731 431 3785 τινῶν
463 3732 793 3803 ἐπηρμένων
818 3733 929 3803 (18)
963 3731 1041 3803 τῷ
1072 3735 1404 3804 φρονήματι,
1439 3733 1696 3801 ἀγνοοῦν-

138 3835 217 3884 τες
265 3823 341 3876 ὅτι
382 3822 658 3894 ὑπηρέται
705 3822 979 3888 κολάσεως
1030 3826 1156 3887 εἰσι,
1218 3824 1538 3893 βασανισταὶ
1587 3824 1696 3879 τῶν

139 3913 575 3985 ἁμαρτανόντων·
635 3915 757 3985 οὐχὶ
807 3915 865 3967 δὲ
917 3915 1092 3987 οἰκείᾳ
1149 3915 1386 3987 ἐξουσίᾳ,
1450 3916 1570 3970 οὐδὲ
1618 3917 1698 3989 τῷ

140 4005 369 4072 προσόντι
435 4007 626 4070 αὐτοῖς
692 4005 964 4078 ἀξιώματι
1033 4006 1201 4060 ταῦτα
1261 4008 1527 4076 ἐπάγουσι
1584 4012 1698 4072 τοῖς

140 4091 310 4159 ἀξίοις.

199 4186 312 4240 εσυ.
349 4189 566 4257 Κύριος
593 4187 836 4242 Σαϐαὼθ
854 4187 1200 4243 ἐντέταλται
1234 4188 1391 4244 ἔθνει
1433 4189 1698 4260 ὁπλομά-

140 4295 232 4346 χιρ.
253 4278 525 4349 ἔρχεσθαι
559 4280 628 4333 ἐκ
664 4279 779 4349 γῆς
805 4281 1130 4348 πόρῤωθεν,
1180 4281 1280 4335 ἀπ’
1306 4280 1493 4349 ἄκρου
1530 4283 1697 4349 θεμε-

1801 465 1905 507 tetu
1940 454 2235 523 plectendis
2272 454 2358 517 iis,
2419 469 2646 523 quorum
2688 456 2930 509 actiones
2986 459 3160 525 pmuis
3198 460 3374 529 dignae

1796 554 1945 609 sunt,
1978 545 2209 600 ministri
2249 545 2518 615 ejusmodi
2556 547 2810 601 destinati
2859 545 3033 612 fuere,
3071 549 3211 618 quod
3251 566 3372 604 cum

1794 651 1980 689 eorum
2052 637 2143 705 qui
2204 645 2555 706 torquentur,
2620 636 2765 692 nullo
2824 638 2984 692 modo
3028 642 3374 694 ('Ommisere-

1796 736 1972 790 scaut,
2006 743 2106 782 nec
2132 727 2521 783 misericordia:
2552 729 2756 781 viscera
2797 728 3021 782 induere.
3043 740 3261 798 queant,
3300 731 3376 783 iu—

1803 821 2004 873 sultaut
2037 820 2346 874 hominibus
2389 820 2481 888 qui
2529 821 2844 890 puniuntur,
2875 836 3076 888 eosque
3110 823 3371 875 conviciis

1797 912 2156 976 insectantur,
2198 913 2334 966 etin
2366 926 2555 965 eorum
2601 912 2689 981 qui
2725 912 3036 982 plectuntur
3083 914 3365 983 supplicio,

1795 1002 1977 1057 dolore
2002 1012 2057 1057 et
2104 1001 2354 1058 molestia
2386 1016 2539 1057 suam
2576 1003 2812 1071 ipsorum
2853 1001 3177 1070 voluptatem
3208 1017 3370 1073 repo-

1791 1101 1943 1146 nunt.

1868 1272 1997 1327 259.
2041 1270 2229 1343 (Vt-ms.
2268 1270 2347 1339 4.)
2397 1268 2509 1324 Vox
2535 1270 2761 1338 gentium
2786 1269 3071 1323 multarunt
3102 1269 3157 1321 in
3178 1268 3369 1322 monti-

1797 1360 1912 1424 bus,
1948 1360 2137 1412 similis
2167 1359 2397 1427 gentium
2428 1358 2738 1422 multarum,
2789 1373 2887 1413 v01:
2936 1374 3115 1427 regum
3151 1366 3199 1410 et
3240 1374 3367 1428 gen-

1793 1455 1927 1506 tium
1960 1463 2419 1522 congregatarum.
2452 1451 2614 1505 Forte
2643 1450 2759 1505 haec
2796 1452 3034 1520 gentium
3078 1450 3365 1505 multarum

1794 1561 1900 1600 vox
1933 1561 2095 1621 super
2130 1555 2344 1598 montes
2379 1541 2568 1609 eﬂ‘usa,
2615 1559 2722 1597 vox
2769 1551 2857 1597 est
2902 1541 3182 1599 Ecclesim.
3225 1541 3370 1609 Qua-

1793 1646 2013 1704 propter
2053 1635 2169 1703 ipsa
2207 1634 2376 1688 electa
2408 1642 2490 1686 est
2519 1648 2618 1686 ceu
2655 1647 2810 1685 mons
2837 1632 3183 1700 campestris,
3227 1642 3284 1683 ut
3317 1629 3368 1685 ei

1793 1726 1858 1779 ad
1891 1725 2250 1794 colligendam
2281 1723 2683 1777 multitudinem
2720 1738 2908 1777 eorum
2953 1722 3044 1791 qui
3088 1723 3154 1775 ad
3195 1720 3369 1776 subli-

1793 1816 2038 1869 mitatem
2065 1814 2391 1884 cognitionis
2428 1813 2521 1866 Dei
2544 1812 2860 1878 ascendunt,
2891 1822 3036 1867 esset
3068 1812 3217 1867 locus
3248 1828 3368 1868 am-

1792 1907 2089 1978 plissimus.
2131 1905 2320 1973 Itaque
2359 1905 2759 1960 multitudinem
2803 1921 3049 1974 magnam
3090 1906 3141 1959 in
3184 1916 3367 1961 monte

1793 1999 2081 2067 campestri
2125 1999 2279 2059 vidit,
2322 2013 2513 2052 eorum
2548 1997 2820 2061 videlicet,
2856 1998 2944 2066 qui
2987 1998 3223 2066 undique
3271 2013 3366 2068 οεο-

1792 2099 2106 2160 gregantur,
2160 2103 2431 2157 unamque
2465 2087 2585 2142 ﬁdei
2629 2101 2815 2141 vocent
2857 2089 3134 2141 emittunt.
3190 2089 3367 2157 Atque

1793 2179 1925 2233 dicit
1954 2177 2189 2246 Spiritus
2222 2187 2441 2231 sanctus
2474 2192 2572 2246 per
2605 2178 2920 2247 prophetam
2950 2198 2961 2232 :
3007 2176 3115 2231 Vox
3137 2179 3364 2246 gentium

1791 2273 2080 2325 multarum
2115 2286 2270 2338 super
2298 2280 2517 2334 montes,
2548 2284 2710 2339 super
2747 2284 2881 2339 quos
2908 2280 3145 2324 erectum
3174 2278 3258 2324 est
3286 2269 3364 2324 si-

1793 2380 1976 2433 gnum.
2018 2363 2219 2418 Similis
2275 2363 2506 2432 gentium
2549 2366 2857 2416 multarum.
2888 2361 2955 2416 Et
2985 2378 3082 2416 vox
3115 2378 3218 2416 una
3259 2372 3363 2426 est,

1792 2467 1846 2510 et
1877 2468 2051 2510 tamen
2081 2456 2278 2510 similis
2321 2464 2407 2509 est
2455 2455 2640 2508 multis
2687 2455 2926 2524 gentium
2969 2455 3212 2509 vocibus.
3244 2453 3361 2510 Una

1793 2547 2009 2617 quidem
2041 2562 2135 2613 per
2166 2545 2288 2599 ﬁdei
2322 2547 2737 2600 consensionem
2767 2562 2782 2599 :
2816 2546 2909 2598 sed
2936 2554 3113 2599 tamen
3145 2547 3367 2602 vocibus

1795 2638 1976 2692 multis
2018 2637 2320 2691 consimilis
2361 2644 2474 2700 est,
2524 2638 2666 2705 quod
2710 2636 2933 2691 cuilibet
2987 2638 3359 2707 apostolorum

1795 2729 1884 2796 qui
1923 2727 2275 2796 Evangelium
2322 2728 2375 2781 in
2428 2737 2616 2796 gentes
2658 2728 2825 2782 totius
2872 2728 3025 2781 orbis
3072 2728 3367 2796 dispersuri

1793 2827 1971 2882 erant,
2003 2832 2031 2870 a
2080 2816 2284 2887 Spiritu
2322 2828 2513 2870 sancto
2554 2817 2607 2870 in
2642 2817 2812 2885 igneis
2854 2817 3051 2883 linguis
3081 2817 3365 2872 distributa

1794 2911 1866 2964 sit
1894 2909 1962 2963 ⁸⁵.
1995 2907 2108 2961 γοα,
2138 2924 2335 2977 regum,
2358 2909 2550 2976 inquit,
2591 2919 2637 2960 et
2661 2910 2890 2978 gentium
2915 2919 3363 2978 congregatarum.

1719 3025 1761 3080 ς
1795 3002 1958 3056 Forte
1997 3016 2093 3070 per
2122 3013 2311 3067 gentes
2341 3001 2554 3068 quidem
2591 3016 2697 3054 eos.
2730 3002 2818 3069 qui
2864 3000 3137 3054 undelibet
3171 3003 3238 3055 ad
3268 3017 3367 3055 vo-

1796 3091 2066 3145 cationem
2098 3101 2453 3153 c0ucurrunt,
2480 3105 2509 3141 a
2544 3091 2698 3143 nobis
2727 3100 2941 3158 oportet
2977 3091 3199 3161 intelligi
3226 3107 3240 3143 :
3271 3106 3368 3160 per

1794 3195 1951 3250 reges
1982 3194 2111 3234 vero
2139 3194 2233 3234 eos
2265 3181 2355 3248 qni
2384 3190 2507 3233 sunt
2537 3182 2590 3234 iu
2639 3181 2876 3236 Ecclesia
2929 3183 3109 3246 electi,
3148 3199 3284 3252 quos
3311 3193 3369 3238 et

1795 3274 1944 3343 regni
1962 3273 2410 3328 ﬁliosnominavit
2430 3272 2764 3327 Dominus“.
2790 3275 2895 3327 Aut
2917 3272 3053 3328 forte
3069 3276 3363 3345 gigantiqu

1795 3365 1998 3419 indicat
2029 3363 2455 3431 multitudinem,
2491 3364 2631 3432 quod
2669 3380 2768 3417 vox
2805 3365 2875 3419 sit
2914 3366 3199 3418 multarum
3246 3380 3369 3433 gon-

1797 3458 1952 3521 tium,
1996 3466 2054 3510 et
2107 3470 2209 3509 vox
2244 3471 2450 3524 regum.
2507 3453 2639 3508 Nam
2677 3456 2926 3523 quoniam
2967 3458 3260 3524 gaudentes
3314 3464 3370 3509 et

1796 3548 2169 3602 conviciantes
2198 3555 2423 3600 currunt
2474 3546 2541 3601 ad
2594 3546 2920 3614 implendum
2968 3548 3174 3601 Domini
3220 3546 3369 3601 luro-

1796 3655 1935 3706 rem,
1972 3648 2155 3709 utpote
2183 3639 2435 3693 destinati
2468 3638 2535 3692 ad
2572 3638 2953 3700 ministerium,
3005 3639 3210 3692 idcirco
3241 3654 3367 3707 ερηο

1798 3732 1929 3786 tium
1966 3730 2316 3800 plurimarum
2350 3738 2405 3784 et
2435 3744 2622 3800 regum
2653 3731 3011 3799 quorumdam
3053 3739 3232 3783 tuente
3261 3732 3372 3783 cla-

1799 3836 1974 3880 torum
2007 3840 2198 3881 sonum
2244 3825 2561 3891 imitantur;
2599 3839 2908 3892 quanquam
2940 3839 3059 3878 esse
3088 3840 3146 3878 se
3171 3825 3370 3894 suppli-

1796 3918 1865 3973 cii
1895 3917 2172 3971 ministros
2200 3930 2265 3969 ac
2286 3926 2629 3984 peccatorum
2674 3921 2910 3969 tortores
2943 3916 3228 3985 ignorent;
3264 3932 3369 3969 non

1796 4008 1939 4063 enim
1984 4007 2168 4060 istlttec
2219 4005 2552 4060 merentibus
2593 4005 2841 4075 irrogaut
2872 4022 2968 4060 sua
3004 4007 3242 4076 ipsorum
3278 4021 3373 4060 au-

1800 4101 2074 4162 cmritate,
2127 4108 2219 4152 aut
2249 4101 2513 4168 dignitate
2551 4099 2799 4167 quapiam
2831 4098 2932 4152 sibi
2963 4108 3297 4167 suppetente.

1865 4193 1994 4247 260.
2033 4192 2218 4262 (Vsus.
2258 4191 2339 4261 5.)
2396 4191 2648 4255 Dominus
2688 4189 2919 4245 Sabaoth
2962 4191 3201 4261 prwcepit
3233 4189 3375 4259 genti

1801 4279 2083 4339 bellicosar,
2114 4287 2170 4330 ut
2218 4279 2419 4329 ueniret
2462 4278 2524 4328 de
2577 4286 2715 4329 terra
2770 4274 3076 4344 longinqua,
3116 4291 3376 4329 asumma

141 4370 263 4423 λίου
301 4371 402 4425 τοῦ
429 4369 695 4439 οὐρανοῦ
729 4371 943 4439 Κύριος
989 4371 1090 4426 καὶ
1130 4375 1186 4425 οἱ
1224 4372 1556 4443 ὁπλομάχοι
1597 4376 1694 4428 αὐ-

1806 4371 2152 4439 fttndamento
2197 4369 2310 4423 caeli
2352 4368 2604 4422 Dominus
2641 4379 2686 4421 et
2730 4368 3003 4422 bellatores
3045 4369 3179 4437 ejus,
3213 4367 3374 4437 577

143 4461 254 4525 τοῦ,
276 4462 655 4532 καταφθεῖραι
683 4460 890 4517 πᾶσαν
919 4461 1037 4530 τὴν
1067 4463 1447 4531 οἰκουμένην.
1484 4467 1700 4534 Κύριος

142 4550 362 4604 Σαϐαὼθ
387 4550 731 4605 ἐντέταλται
758 4550 917 4604 ἔθνει
957 4551 1302 4621 ὁπλομάχῳ.
1335 4554 1425 4624 Μὴ
1457 4555 1700 4627 φοϐηθῇς

144 4639 223 4691 τὸν
242 4641 529 4707 τύπτοντα,
570 4641 704 4695 ἀλλὰ
734 4641 1043 4712 παρακάλει
1078 4643 1169 4696 τὸν
1200 4644 1580 4699 ἐπιτάσσοντα.
1612 4649 1701 4698 Δι-

147 4727 510 4786 δασκέσθωσαν
557 4733 607 4784 οἱ
653 4732 1055 4805 εἰδολωλάτραι,
1100 4735 1149 4787 οἱ
1210 4733 1463 4803 λέγοντες
1512 4734 1701 4801 θυσίας

149 4823 425 4893 προσάγειν
474 4823 588 4894 (19)
641 4823 859 4895 δαίμοσι
902 4828 1178 4897 πονηροῖς,
1234 4826 1703 4898 ἐκμειλισσόμενοι

211 4959 409 5018 “Psal.
436 4979 647 5031 Lxxvn,
681 4963 771 5019 49.
847 4964 894 4997 ⁸⁵
917 4967 1040 5020 Act.
1080 4980 1143 5029 ll,
1173 4965 1226 5019 5.

216 5074 319 5147 (15)
345 5079 572 5135 Codices
603 5082 861 5148 nonnulli,
889 5081 1016 5147 ἄξια
1038 5080 1148 5135 τῶν
1178 5081 1476 5138 κολάσεων.

213 5150 316 5223 illi)
339 5149 478 5203 Editi
508 5162 563 5203 et
596 5161 707 5223 tres
739 5170 892 5215 tuss.,
921 5153 1081 5223 αὐτῇ,
1109 5168 1256 5204 mons
1282 5155 1328 5204 ei
1355 5153 1575 5206 selectus
1604 5164 1701 5208 est.

153 5214 380 5293 Aliitres
412 5235 563 5283 tuss.,
591 5222 749 5293 αὐτή,
772 5238 833 5273 ea
857 5214 1144 5276 electa'est.
1174 5223 1389 5293 hlouere
1410 5224 1578 5289 juvat,
1614 5228 1705 5279 ubi

155 5287 300 5360 paulo
341 5301 461 5360 post
486 5287 741 5358 corrupte
771 5300 825 5344 ct
855 5293 905 5344 in
940 5293 1098 5346 editis
1130 5300 1184 5342 et
1230 5292 1281 5344 in
1326 5287 1452 5344 mss.
1487 5294 1701 5360 legitur,

155 5359 566 5441 συνειλεγμένον,
602 5360 702 5428 legi
749 5361 965 5441 debere,
999 5361 1453 5441 συνειλεγμένωνο
1486 5359 1556 5416 ut"
1591 5364 1706 5419 banc

156 5437 246 5500 vos
268 5430 677 5500 voc-tacptéwwv
707 5434 1030 5500 respondere
1066 5432 1252 5499 possit.

185 5446 246 5480 οι
268 5446 376 5479 vom
412 5446 446 5480 α
494 5446 677 5484 ιεντων
707 5446 1030 5500 respondere
1066 5446 1252 5499 possit.

185 5496 322 5575 _(t7l
347 5446 616 5575 Sic‘ilegii
650 5500 875 5575 primus,
897 5502 1091 5575 tertius
1119 5510 1416 5575 etquartus
1454 5501 1699 5575 et__editi;

158 5569 326 5634 sicque
365 5570 504 5640 apud
540 5569 861 5639 ProcOpium
904 5571 1117 5640 legitur,
1153 5569 1272 5640 pag.
1303 5570 1430 5624 204.
1456 5570 1561 5624 Alii
1587 5583 1702 5625 tres

163 5649 302 5693 mss..
332 5636 594 5699 γλώσσας.
642 5636 780 5699 quod
833 5636 1120 5695 disoirtitw
1154 5636 1339 5695 τήθη
1378 5641 1539 5701 ignea:
1597 5642 1703 5694 lin-

1811 4462 1878 4515 ad
1934 4460 2255 4529 perdendum
2298 4468 2462 4510 totum
2506 4458 2702 4511 orbem.
2752 4457 3007 4511 Dominus
3055 4459 3376 4511 exercituum

1804 4553 2049 4623 pra’cept'l
2079 4549 2220 4618 genti
2259 4547 2536 4602 bellicosa.
2576 4548 2959 4602 Percussorem
3002 4564 3070 4602 ne
3106 4548 3373 4613 timueris,

1804 4650 1898 4701 sed
1943 4645 2170 4699 obsecra
2205 4642 2626 4712 pra'cipientctn.
2678 4639 3006 4694 Erudiantur
3058 4640 3373 4704 idololatrtc,

1807 4739 1898 4808 qui
1944 4736 2214 4791 aﬂirmant
2242 4734 2437 4789 oll'erre
2470 4748 2531 4787 se
2561 4732 2898 4786 daemonibus
2930 4731 3177 4802 malignis
3208 4731 3380 4786 sacri-

1813 4832 1959 4896 licia,
1994 4838 2051 4883 ut
2076 4841 2276 4899 eorum
2307 4826 2558 4896 mitigent
2595 4839 2662 4879 ac
2704 4824 3048 4879 demulceam
3092 4823 3377 4893 malitiam.

1313 4965 1359 4997 ⁸⁸
1392 4965 1582 5023 Matth.
1612 4982 1730 5038 xm,
1754 4971 1844 5027 58.

1807 5104 1944 5158 gum.
2007 5085 2208 5142 Ibidem
2260 5097 2390 5138 mss.
2440 5097 2652 5146 omnes,
2707 5079 2855 5153 παρᾶ
2901 5076 3018 5133 τοῦ.
3075 5075 3238 5143 Editi,
3293 5073 3381 5129 διὰ

1806 5175 1922 5211 του.

1881 5226 1993 5298 (18)
2018 5225 2257 5294 Uterque
2289 5222 2467 5298 Col_l_)_.,
2497 5220 2819 5298 ἐπηρμένοι,
2857 5229 3036 5298 mente
3071 5216 3217 5272 elati.
3264 5214 3383 5270 Sta-

1810 5288 1906 5354 tini
1947 5288 2460 5354 codices-nonnulli,
2491 5288 3087 5363 ὑπηρέται-κολάσεων.

1883 5367 1992 5440 (l9)
2031 5365 2253 5440 Veteres
2312 5363 2520 5440 aliquot
2568 5355 2713 5425 libri,
2762 5359 2954 5440 θυσίαν
2987 5355 3383 5440 προσαγαγεῖν.

1810 5429 1922 5493 Nec
1953 5429 2024 5489 lia
2055 5435 2222 5488 multo
2253 5442 2374 5503 post.
2395 5432 2552 5503 Colb_.
2584 5433 2852 5503 secundus
2873 5429 3385 5503 tttatttt'recetttipre,

1808 5491 2281 5579 προστεταγμένον
2315 5503 2477 5558 ποιεῖ.
2512 5500 2749 5557 Subinde
2785 5501 2890 5555 duo
2913 5513 3065 5563 ωδε»,
3094 5494 3171 5568 τῷ
3193 5491 3385 5550 ἐνδιδο-

1813 5579 1975 5649 μένῳ.
