3810 6214
427 239 500 295 75
663 281 672 295 .
1349 200 1701 295 appeunix
1737 238 2022 298 OPERUM
2063 239 2121 295 s.
2163 238 2412 294 nasnn
2451 236 2685 293 MAGNl.

3583 236 3702 292 5'76

391 355 655 413 Dominus
683 356 764 412 eis
796 356 1076 427 praecepit.
1107 352 1237 415 Sive
1275 359 1552 429 obsequiis
1581 359 1687 414 tuis
1731 359 1853 415 illos
1885 377 1977 416 co—

2132 358 2264 412 ῢτῶν
2306 359 2404 429 τὴν
2431 357 2652 412 κακίαν.
2699 353 2905 426 Κύριος
2944 354 3127 420 αὑτοῖς
3172 352 3512 414 ἐντέταλται.
3560 354 3698 408 Κᾶν

391 449 493 516 las,
526 449 642 503 sive
665 463 794 514 non,
827 451 969 519 quod
997 451 1212 520 jussum
1247 449 1367 515 fuit,
1406 452 1456 507 id
1487 452 1980 523 dmmonexseqne-

2132 451 2449 524 ίραπεύσῃς,
2491 449 2598 502 κᾶν
2643 448 2743 519 μὴ,
2797 448 2859 500 τὸ
2900 447 3375 518 προστεταγμένον
3418 444 3664 514 ποιήσει

391 549 527 596 tur:
560 555 902 609 nequaquam
941 538 1024 595 fas
1065 539 1140 593 illi
1180 548 1264 595 est
1310 542 1658 610 praescriptos
1703 542 1804 595 sibi
1843 543 1979 596 lines

2084 544 2435 616 ὑπερϐαίνειν
2468 540 2566 605 τὰς
2594 539 2874 611 ὁροθεσίας
2902 540 2999 609 οὐχ
3035 533 3145 592 οἷόν
3170 555 3249 592 τε.
3282 535 3420 591 Οὔτε
3448 538 3699 606 ὑφαιρεῖ

390 630 766 701 prtetergredi.
809 628 999 699 Neque
1028 631 1258 685 remittit
1283 631 1350 686 de
1393 631 1776 695 amaritudine,
1806 648 1980 701 neque

2132 639 2178 708 ἧς
2210 636 2455 707 πικρίας,
2490 632 2614 687 οὔτε
2660 631 2985 705 προστίθησί
3031 648 3085 684 τι
3125 632 3254 702 παρ’
3288 628 3506 695 ἑαυτοῦ,
3545 627 3700 683 ἀλλὰ

391 740 419 776 a
450 736 507 776 se
541 723 590 776 ei
620 722 917 792 quidquam
953 722 1141 778 addit:
1185 723 1279 778 sed
1312 724 1492 778 datam
1526 740 1839 780 mensuram
1876 725 1978 778 ini-

2080 729 2159 800 τῷ
2188 727 2509 798 ένδιδομένῳ
2547 725 2731 798 μέτρῳ
2779 724 3042 796 κέχρηται
3081 722 3492 793 ἀπαραιτήτως.
3559 719 3700 773 Κύ-

393 811 825 866 misericorditer
889 812 1096 882 implet.
1174 814 1435 869 Dominus
1507 815 1671 885 igitur
1734 808 1980 886 prtecepit

2132 839 2206 887 ιος
2234 816 2327 873 οὖν
2353 817 2701 873 ἐντέταλται
2733 816 2893 871 ἔθνει
2931 812 3277 883 όπλομάχῳ.
3309 812 3491 866 Ὅπλα
3522 812 3703 883 ἔχου-

390 901 530 968 genti
565 900 843 956 bellicam.
896 901 1063 955 Arma
1097 904 1299 958 habent
1335 905 1609 959 daemones
1657 906 1830 974 pravi,
1882 923 1978 975 ap-

398 992 607 1061 paratui
640 1008 919 1048 armorum
950 994 1084 1062 justi
1122 996 1494 1051 adversantia.
1531 996 1744 1050 Etenim
1786 1013 1983 1068 suppe-

395 1083 461 1137 tit
507 1083 649 1152 justo
685 1086 808 1140 lidei
861 1085 1115 1157 clypeos;
1149 1096 1203 1141 at
1246 1088 1465 1160 maligni
1530 1089 1674 1143 illius
1727 1089 1980 1160 clypeos.

394 1174 619 1248 elypeus
667 1188 750 1232 est
791 1178 1225 1246 incredulitatis;
1288 1181 1367 1235 illi
1409 1182 1551 1236 inest
1594 1183 1823 1237 rationis
1869 1183 1983 1253 gla-

394 1266 539 1331 dius,
575 1267 701 1323 huic
751 1269 1038 1323 dementia:
1092 1283 1157 1323 ac
1207 1273 1537 1327 temeritatis
1593 1274 1841 1341 gladius;
1896 1274 1983 1329 ille

398 1359 645 1413 munitur
696 1361 923 1430 iustitia:
966 1362 1157 1429 lorica,
1207 1364 1294 1418 hic
1338 1364 1621 1433 injustitia:
1678 1366 1846 1421 lorica
1888 1383 1982 1423 ac-

398 1450 670 1521 cingitur;
703 1452 849 1509 illius
879 1466 1040 1524 caput
1070 1457 1367 1527 adstringit
1398 1458 1552 1527 galea
1595 1458 1813 1524 salutis,
1859 1461 1984 1515 huic

396 1544 551 1616 galea
591 1546 911 1616 perditionis
934 1549 1397 1619 circumponitur;
1435 1551 1577 1605 illius
1607 1554 1768 1621 pedes
1803 1569 1985 1622 prom-

397 1636 475 1707 pti
501 1647 629 1691 sunt
658 1647 712 1692 et
740 1638 912 1706 parati
957 1641 1024 1695 ad
1060 1641 1514 1711 promulgandum
1563 1643 1711 1713 pacis
1740 1644 1986 1714 Evange-

2088 931 2172 967 σιν
2205 916 2252 966 oi
2290 910 2519 982 πονηροὶ
2550 907 2823 980 δαίμονες,
2863 904 3200 970 ἀπεναντίως
3235 904 3564 975 διακείμενα
3615 906 3696 973 τῇ

2085 1004 2399 1072 κατασκευῇ
2427 999 2536 1052 τῶν
2565 997 2745 1051 ὃπλων
2790 997 2883 1051 τοῦ
2932 995 3161 1050 δικαίου.
3219 995 3278 1047 '0
3317 995 3416 1066 μὲν
3455 993 3576 1065 γὰρ
3607 993 3701 1046 δίο

2085 1110 2239 1157 καιος
2274 1090 2467 1162 θυρεὸν
2488 1090 2599 1160 ἔχει
2639 1089 2905 1151 πίστεως·
2937 1085 3030 1140 τοῦ
3064 1086 3120 1139 δὲ
3152 1084 3389 1158 πονηροῦ
3425 1087 3453 1138 6
3479 1084 3701 1155 θυρεὸς

2086 1180 2276 1252 θυρεός
2322 1181 2471 1232 ἐστιν
2512 1178 2771 1241 ἀπιστίας
2812 1177 2956 1249 (9.0)’
2992 1169 3147 1240 οὗτος
3188 1175 3463 1246 μάχαιραν
3484 1174 3697 1243 λόγου,

2086 1273 2295 1333 ἐκεῖνος
2330 1269 2609 1341 μάχαιραν
2643 1268 2901 1336 ἀλογίας·
2953 1258 3112 1328 οὗτος
3146 1264 3354 1338 θώρακι
3394 1265 3697 1318 δικαιοσύ-

2088 1380 2187 1433 νης
2213 1361 2546 1432 ἡσφάλισται
2564 1377 2577 1390 ⁸
2615 1361 2822 1422 ἐκεῖνος
2858 1356 3067 1429 θώρακι
3098 1356 3310 1421 ἀδικίας
3338 1355 3657 1427 ἠμφίεσται
3681 1374 3697 1386 ·

2086 1452 2275 1507 τούτου
2301 1453 2400 1524 τὴν
2422 1450 2663 1524 κεφαλὴν
2693 1450 3045 1523 περισφίγγει
3070 1448 3472 1520 περικεφαλαία
3502 1467 3706 1521 σωτη-

2092 1550 2210 1621 ρίας
2229 1566 2242 1578 ·
2264 1549 2458 1620 ἐκείνῳ
2491 1549 2797 1620 περίκειται
2828 1545 3228 1618 περικεφαλαία
3250 1545 3529 1610 ἀπωλείας
3545 1562 3560 1575 ·
3594 1541 3702 1600 οὗ-

2088 1660 2181 1707 τος
2209 1643 2335 1705 τοὺς
2362 1642 2528 1705 πόδας
2562 1641 2813 1712 ἑτοίμους
2835 1638 2948 1711 ἔχει
2974 1639 3110 1711 πρὸς
3135 1638 3196 1692 τὸ
3229 1637 3567 1707 Εὑαγγέλιον
3590 1639 3703 1710 τῆς

399 1728 530 1785 lium
552 1729 622 1794 ⁸⁷,
665 1730 825 1798 hujus
863 1733 1027 1801 pedes
1058 1734 1126 1788 ad
1158 1736 1455 1803 detegenda
1504 1711 1645 1789 mala
1696 1711 1981 1790 festinant.

2132 1738 2334 1807 ἱρήνης,
2360 1735 2571 1788 ἐκείνου
2599 1736 2648 1787 οἱ
2683 1711 2844 1795 πόδες
2864 1732 3115 1805 τρέχουσι
3147 1731 3283 1803 πρὸς
3311 1732 3411 1801 τὴν
3435 1732 3662 1800 ὲπαγγε
3679 1762 3702 1772 -

398 1821 584 1891 Itaque
610 1822 878 1879 bellicosae
908 1828 1052 1895 genti
1091 1826 1245 1882 hisce
1279 1827 1449 1882 armis
1473 1826 1756 1883 instruene
1783 1843 1987 1898 praece-

399 1913 479 1982 pit
508 1914 784 1971 Dominus.
817 1914 895 1969 llli
928 1926 1109 1970 autem
1145 1928 1273 1972 sunt
1307 1934 1337 1973 a
1377 1929 1520 1974 terra
1558 1919 1854 1991 longinqua
1895 1936 1981 1975 ac-

401 2006 602 2070 citi,ut
630 2008 773 2061 scias
799 2023 893 2063 eos
949 2024 1071 2065 esse
1117 2012 1186 2065 ab
1226 2012 1330 2066 hac
1369 2012 1477 2067 vita
1514 2011 1737 2068 alienos.
1778 2013 1842 2067 lli
1871 2015 1989 2082 qui-

400 2097 521 2149 dem
557 2097 648 2165 qui
677 2113 776 2152 nos
815 2098 1008 2168 juvant
1051 2102 1105 2155 in
1150 2102 1325 2158 salute
1371 2106 1760 2174 comparanda,
1796 2115 1991 2162 contu-

398 2185 651 2243 bernales
689 2202 816 2245 sunt
840 2201 897 2246 et
948 2193 1132 2259 vicini,
1175 2204 1338 2264 atque
1367 2212 1398 2250 e
1437 2200 1741 2266 prepinquo
1781 2198 1991 2268 impen-

400 2281 535 2333 dunt
570 2283 853 2351 auxilium,
889 2286 1069 2355 angeli
1125 2288 1382 2343 videlicet
1427 2291 1610 2357 pacis;
1666 2290 1738 2345 illi
1772 2306 1899 2346 vero
1922 2295 1990 2345 ad

401 2384 594 2437 poenas
621 2370 941 2441 inﬂigendas
967 2378 1259 2445 assumpti,
1301 2393 1330 2432 ε
1362 2379 1657 2448 longinquo
1696 2396 1990 2435 accersun-

401 2472 492 2516 tur
519 2480 533 2516 :
564 2465 766 2533 quippe
818 2464 960 2520 Deus
1012 2467 1281 2536 benignus
1329 2471 1652 2525 crudelitate
1696 2486 1884 2526 eorum
1923 2474 1993 2526 ad

404 2563 648 2609 nostram
681 2555 943 2610 medelam
979 2558 1148 2612 utitur
1173 2575 1239 2613 eo
1271 2561 1455 2626 modo,
1491 2578 1600 2630 quo
1630 2564 1874 2619 medicus
1907 2581 1994 2619 sa-

404 2645 558 2712 piens
584 2662 851 2701 venenum
901 2650 1101 2719 viperae
1133 2653 1353 2706 adhibet
1402 2654 1468 2705 ad
1500 2669 1676 2723 aegros
1700 2658 1990 2711 sanandos.

404 2733 664 2790 Traditur
691 2738 891 2795 talibus
919 2756 1024 2794 non
1053 2743 1298 2811 spiritus,
1332 2746 1426 2799 sed
1451 2762 1580 2801 caro
1613 2748 1666 2801 in
1690 2748 1992 2814 interitum,

406 2836 467 2879 ut
509 2827 734 2896 spiritus
765 2829 949 2885 salvus
1005 2831 1099 2885 ﬁat
1148 2831 1215 2887 ⁸⁸.
1250 2833 1431 2900 Quare
1483 2844 1539 2890 et
1599 2835 1891 2908 Phygellus
1946 2848 1997 2893 et

407 2921 774 2993 Hermogenes
801 2924 847 2956 ⁸³
879 2925 1095 2980 Satanae
1125 2941 1155 2979 a
1192 2925 1361 2983 Paulo
1393 2940 1521 2982 sunt
1564 2932 1772 2995 traditi,
1808 2946 1911 2986 non
1941 2932 1995 2985 in

406 3013 788 3085 perditionem,
823 3016 917 3070 sed
949 3027 1007 3071 ut
1042 3000 1319 3074 discerent
1350 3036 1455 3074 non
1500 3020 1879 3091 biaspbemare
1923 3023 1992 3076 ⁹⁰.

407 3107 691 3171 Quomodo
724 3108 891 3180 igitur
914 3126 948 3164 a
982 3120 1125 3164 terra
1155 3111 1451 3182 longinqua
1479 3124 1532 3168 et
1558 3130 1590 3168 a
1624 3130 1834 3169 summo
1857 3115 1996 3171 coelo

408 3197 665 3254 bellicosa
695 3199 797 3255 ista
830 3217 962 3269 gens
997 3204 1256 3259 advenit?
1299 3207 1343 3259 A
1390 3216 1536 3261 terra
1569 3207 1814 3277 quidem,
1856 3209 1999 3278 quod

409 3293 637 3364 elegerit
677 3282 855 3350 loeu°m
909 3306 1068 3353 terra:
1104 3299 1611 3370 circumjaeentem,
1657 3303 2001 3370 terrenisque

410 3381 696 3439 aﬂ‘ectibus
743 3387 1178 3455 .eommisccatur
1235 3408 1250 3446 :
1310 3407 1337 3442 a
1386 3406 1623 3455 summo.
1652 3407 1781 3446 vero
1833 3393 1959 3446 (ια)ιί

411 3472 556 3540 quod
588 3474 701 3546 ipsa
738 3475 889 3530 illine
916 3477 1071 3532 initio
1106 3480 1369 3534 exciderit
1398 3480 1462 3535 ⁹¹.

482 3644 611 3711 261.
651 3655 840 3727 (Vens.
882 3656 937 3725 6,
966 3658 1041 3729 7.)
1080 3660 1312 3715 mutate.
1364 3660 1535 3732 Pmpe
1580 3665 1716 3716 enim
1746 3663 1858 3717 dies
1890 3662 2001 3717 Do-

415 3749 581 3814 mini,
631 3759 680 3802 et
736 3753 985 3806 contritio
1022 3768 1058 3805 a
1122 3751 1347 3806 Domino
1394 3753 1580 3807 veniet.
1633 3752 1862 3823 Propter
1904 3755 2001 3807 hoc

416 3843 588 3897 omnis
627 3859 816 3898 manus
850 3846 1187 3911 dissolvetur,
1231 3860 1277 3902 et
1329 3849 1501 3901 comis
1539 3850 1719 3902 animo
1771 3849 2002 3902 hominis

416 3932 750 4004 fermidabit.
797 3934 1064 4002 Quoniam
1110 3938 1495 3993 interminatur
1545 3943 1786 3993 futurum
1841 3954 2002 4002 esse,

418 4034 481 4077 ut
506 4021 768 4078 Dominus
804 4026 919 4093 ipse
955 4040 1081 4080 cum
1124 4026 1487 4083 bellatoribus
1524 4029 1650 4084 'suis
1698 4030 1887 4084 veniat
1936 4029 2003 4083 ad

419 4115 843 4186 disperdendum
880 4119 1195 4174 universum
1228 4122 1451 4187 orbem,
1497 4123 1621 4176 ideo
1661 4123 1905 4176 ululatus
1950 4130 2006 4175 et

421 4208 719 4265 lamentum
749 4212 1068 4284 praescripta
1091 4221 1240 4279 sunt,
1274 4224 1332 4268 ut
1360 4214 1620 4271 Dominus
1648 4214 1734 4269 his
1761 4213 2004 4282 placatus

421 4308 562 4365 iram
612 4309 950 4365 inferendam
1000 4321 1230 4368 avertat.
1288 4313 1463 4369 Edicit
1509 4315 1656 4371 enim
1707 4324 2005 4381 utrumque

2088 1827 2209 1881 λίαν
2240 1826 2349 1880 τῶν
2377 1825 2490 1898 (2i)
2522 1825 2728 1879 κακῶν.
2783 1824 3109 1895 Ὁπλομάχῳ
3159 1819 3252 1877 οὖν
3299 1822 3441 1877 ἔθνει
3468 1822 3700 1888 τούτοις

2089 1922 2203 1983 τοῖς
2230 1918 2416 1982 ὅπλοις
2444 1917 2776 1989 ὡπλισμένῳ
2808 1915 3122 1971 ἐντέταλται
3167 1915 3394 1987 Κύριος.
3425 1911 3592 1970 Οὗτοι
3628 1914 3698 1969 δὲ

2090 2013 2184 2066 καὶ
2216 2011 2323 2065 ἀπὸ
2351 2012 2455 2081 γῆς
2490 2012 2597 2063 εἱσι
2630 2008 2933 2081 πόρρωθεν,
2965 2008 3053 2062 ἵνα
3080 2006 3248 2078 εἰδῇς,
3296 2007 3378 2060 ὅτι
3409 2006 3698 2078 ἀλλότριοι

2092 2102 2199 2153 εἰσι
2227 2100 2322 2154 τοῦ
2357 2100 2473 2171 βίου
2501 2099 2710 2153 τούτου.
2745 2101 2809 2153 Ul
2837 2099 2935 2170 μὲν
2966 2097 3078 2169 γὰρ
3119 2096 3522 2170 συμπονοῦντες
3551 2099 3696 2169 ἡμῖν

2090 2192 2163 2247 τὰ
2212 2193 2347 2265 πρὸς
2394 2192 2691 2263 σωτηρίαν,
2741 2192 2976 2245 σύνοικοι
3015 2192 3109 2244 καὶ
3142 2191 3402 2261 γείτονες,
3450 2190 3694 2259 ἐγγύθεν

2095 2289 2461 2359 παρεχόμενοι
2488 2288 2588 2359 τὴν
2619 2286 2892 2358 βοήθειαν,
2934 2285 3154 2355 ἄγγελοι
3190 2285 3487 2358 είρηνικοίο
3523 2286 3577 2338 οἱ
3628 2286 3692 2338 δὲ

2094 2379 2231 2452 πρὸς
2264 2379 2484 2432 κόλασιν
2514 2377 3090 2451 παραλαμϐανόμενοι,
3119 2375 3402 2448 πόρρωθεν
3436 2377 3691 2445 ἄγονται,

2096 2471 2582 2543 κατακεχρημένοι)
2632 2474 2699 2542 τῇ
2751 2470 2993 2541 ὠμότητι
3046 2469 3228 2522 αὐτῶν
3272 2470 3352 2533 εἰς
3383 2468 3691 2540 θεραπείαν

2094 2565 2369 2635 ἡμετέραν
2420 2563 2515 2641 τοῦ
2557 2561 2939 2635 φιλανθρώπου
2973 2560 3131 2623 Θεοῦ,
3165 2560 3240 2625 ὡς
3272 2560 3690 2632 κατακέχρηται

2095 2659 2125 2710 6
2156 2656 2317 2726 σοφὸς
2347 2656 2528 2728 ἰατρὸς
2572 2655 2651 2725 τῷ
2693 2654 2756 2725 ίῷ
2796 2656 2894 2725 τῆς
2921 2654 3135 2724 ἐχίδνης
3163 2654 3241 2716 εἰς
3267 2652 3366 2723 τὴν
3390 2651 3497 2705 τῶν
3523 2649 3693 2704 ἀσθε-

2096 2748 2331 2801 νούντων
2359 2747 2525 2802 ἴασιν.
2566 2745 2692 2808 Τοῖς
2734 2744 2833 2814 μὲν
2858 2742 3120 2806 τοιούτοις
3152 2739 3501 2811 παραδίδοται
3538 2740 3600 2793 οὐ
3628 2739 3692 2793 τὸ

2098 2838 2338 2910 πνεῦμα,
2391 2837 2506 2891 ἀλλ’
2557 2837 2590 2907 ἡ
2639 2834 2776 2906 σὰρξ
2825 2837 2905 2898 εἰς
2946 2834 3188 2905 ὄλεθρον,
3239 2832 3327 2886 ἴνα
3369 2832 3431 2884 τὸ
3472 2831 3691 2902 πνεῦμα

2100 2931 2269 3002 σωθῇ.
2335 2929 2498 2983 Ἀλλὰ
2545 2928 2639 2983 καλ⁸
2691 2927 2958 2997 Φύγελλος
3016 2927 3112 2980 καὶ
3184 2923 3519 2996 Ἑρμογένης
3582 2922 3691 2976 ὑπὸ

2099 3025 2193 3079 τοῦ
2225 3023 2437 3077 Παύλου
2469 3021 2850 3095 παρεδόθησαν
2902 3019 2981 3091 τῷ
3026 3019 3261 3090 Σατανᾷ,
3312 3018 3412 3071 οὒκ
3460 3019 3539 3081 είς
3579 3017 3691 3069 ἀπ-

2099 3115 2316 3180 ώλειαν,
2360 3114 2475 3169 ἀλλ’
2526 3114 2614 3167 ἵνα
2657 3111 2988 3167 παιδευθῶσι
3027 3110 3104 3183 μὴ
3153 3110 3512 3181 βλασφημεῖν.
3566 3107 3691 3170 Πῶς

2100 3205 2194 3263 οῦν
2246 3207 2355 3262 ἀπὸ
2406 3207 2510 3277 γῆς
2566 3204 2852 3277 πόρρωθεν
2909 3203 3007 3257 καὶ
3067 3204 3161 3257 ἀπ’
3225 3201 3396 3272 ἄκρου
3447 3198 3541 3253 τοῦ
3598 3199 3693 3253 οὒ-

2104 3299 2268 3374 ρανοῦ
2326 3299 2391 3353 τὸ
2444 3298 2755 3369 ὁπλομάχον
2813 3294 2975 3350 τοῦτο
3020 3292 3172 3358 ἔθνος
3229 3292 3485 3365 ἔρχεταις
3557 3290 3694 3344 Ἀπὸ

2101 3395 2204 3465 γῆς
2272 3393 2405 3463 μὲν,
2468 3391 2548 3446 ὃτι
2605 3389 2783 3444 εἵλετο
2833 3387 2924 3441 τὸν
2986 3386 3264 3458 περίγειον
3329 3384 3526 3449 τόπον,
3594 3383 3693 3436 καὶ

2099 3490 2214 3551 τοῖς
2229 3486 2438 3557 γηίνοις
2455 3484 2654 3540 πάθεσι
2678 3480 3118 3553 συναναφύρεται
3137 3495 3151 3509 ο
3184 3478 3283 3533 ἀπ’
3322 3477 3491 3550 ἄκρου
3517 3473 3575 3530 δὲ
3596 3476 3691 3529 τοῦ

2102 3578 2356 3652 οὐρανοῦ,
2377 3578 2457 3630 ὅτι
2476 3576 2684 3630 ἐκεῖθεν
2703 3573 2852 3644 αὐτῷ
2875 3575 2908 3645 ή
2936 3571 2996 3638 ἐξ
3019 3573 3194 3645 ἀρχῆς
3218 3569 3428 3634 πτῶσις
3443 3569 3688 3640 γέγονεν.

2171 3668 2297 3724 261.
2357 3665 2720 3731 Ὀλολύξατε
2748 3663 2881 3737 (‘22).
2924 3661 3137 3732 Ἐγγὺς
3159 3661 3270 3731 γὰρ
3297 3663 3334 3730 ὴ
3359 3659 3549 3730 ἡμέρα
3574 3662 3693 3714 Κυ-

2095 3762 2257 3831 ρίου,
2284 3758 2384 3814 xui
2408 3755 2701 3827 συντριϐῇ
2734 3754 2895 3823 παρὰ
2923 3754 3147 3821 Κτφίου
3188 3751 3341 3820 ἣξει.
3384 3752 3489 3805 Διὰ
3515 3750 3691 3806 τοῦτο

2103 3853 2273 3910 πᾶσα
2305 3852 2432 3922 χεὶρ
2473 3847 2893 3915 ἐπιλυθήσεται,
2926 3845 3026 3900 καὶ
3058 3842 3228 3899 πᾶσα
3259 3842 3433 3913 ψυχὴ
3465 3841 3689 3911 ἀνθρώ-

2103 3964 2222 4001 που
2247 3943 2557 3999 δειλιάσει.
2598 3941 2818 4011 Ἐπειδὴ
2849 3938 3047 4009 ἀπειλὴ
3079 3937 3386 4010 πρόκειται,
3414 3936 3576 3990 αὑτὸν
3599 3935 3689 3989 τὸν

2104 4037 2308 4111 Κύριον
2334 4036 2485 4108 ἥξειν
2516 4033 2656 4105 μετὰ
2685 4031 2796 4086 τῶν
2825 4030 3153 4102 ὁπλομάχων
3181 4028 3368 4092 αὑτοῦ,
3398 4027 3689 4097 καταφθεῖ-

2109 4148 2199 4201 ραι
2233 4131 2415 4184 πᾶσαν
2451 4128 2552 4199 τὴν
2580 4124 2907 4196 οἰκουμένην
2929 4163 2945 4187 ,
2973 4121 3064 4177 διὰ
3100 4121 3261 4176 τοῦτο
3290 4123 3685 4194 προστέτακται

2105 4222 2406 4293 ὀλολυγμὸς
2445 4222 2539 4276 καὶ
2570 4220 2790 4291 θρῆνος,
2837 4217 2923 4271 ἵνα
2956 4215 3047 4270 διὰ
3088 4215 3295 4269 τούτων
3331 4215 3619 4287 δυσωπηθῇ
3658 4216 3686 4268 6

2106 4310 2313 4383 Κύριος
2354 4308 2696 4380 ἀποστρέψαι
2729 4306 2828 4377 τὴν
2864 4305 3216 4376 ἐπαγομένην
3242 4305 3433 4376 ὀργήν.
3492 4306 3685 4376 Ἀμφό-

420 4401 690 4472 benignus
715 4403 999 4470 Dominus,
1017 4413 1070 4459 et
1096 4404 1385 4460 minitatur
1403 4405 1747 4460 formidanda
1779 4415 1834 4459 et
1863 4405 2001 4459 mala

2132 4422 2243 4476 τερα
2281 4403 2391 4474 γὰρ
2432 4404 2576 4456 ποιεῖ
2604 4402 2634 4453 6
2671 4398 3054 4469 φιλάνθρωπος
3086 4397 3292 4468 Κύριος
3321 4396 3434 4467 (Ξῦ)
3454 4437 3469 4460 ,
3500 4398 3592 4451 καὶ
3621 4398 3686 4451 τὰ

424 4492 690 4547 intentata
722 4508 831 4549 non
864 4495 1072 4566 irrogat
1103 4496 1519 4564 pmnitentibus.
1552 4495 1810 4565 Lugeatis
1843 4495 2008 4564 igitur

424 4586 832 4655 unusquisque,
889 4595 945 4642 et
996 4586 1215 4657 propria
1269 4586 1541 4658 plangatis
1591 4596 1854 4656 peccata,
1913 4604 2009 4641 ne-

425 4677 643 4746 quando
668 4692 789 4747 qua;
824 4676 1048 4734 fuerunt
1081 4681 1461 4749 praenuntiata,
1501 4678 1669 4750 578
1696 4679 1846 4735 vobis
1877 4691 2005 4734 eve-

497 4810 548 4843 "
581 4810 778 4881 Epties.
814 4829 888 4879 vt,
924 4815 992 4871 15
1026 4825 1081 4871 et
1110 4830 1264 4886 seqq.
1338 4816 1385 4848 ⁸⁸
1413 4815 1433 4870 ι
1464 4818 1590 4872 Cor.
1642 4831 1693 4883 v,
1729 4819 1781 4873 5.

491 4951 612 5035 ςὲρ)
646 4951 962 5035 Tilman_nu_s
986 4971 1110 5035 eum
1131 4957 1205 5035 _in
1231 4955 1520 5035 _Franci_sc.
1550 4954 1736 5035 codice
1768 4953 2008 5035 legisset,

423 5022 520 5078 τοῦ
545 5022 603 5077 δὲ
632 5024 876 5099 πονηροῦ.
909 5028 939 5078 6
983 5027 1183 5099 θυρεός
1227 5028 1374 5099 ἐστιν
1420 5026 1673 5099 ἀπιστία,
1718 5024 1792 5078 ita
1828 5022 2010 5099 verte-

428 5106 513 5149 rat
541 5111 557 5149 :
598 5093 802 5163 reprobi
829 5093 1065 5165 clypeus'
1090 5097 1379 5165 inﬁdelitas
1403 5106 1499 5149 est.
1525 5095 1629 5148 Sed
1663 5097 1804 5150 hunc
1830 5093 2007 5149 locum

427 5173 579 5219 recte
630 5166 939 5220 emendavit
1000 5167 1225 5222 Duczeus
1286 5182 1350 5220 ex
1409 5165 1737 5220 llenriciano
1800 5182 1813 5219 :
1889 5180 2011 5232 qua:

427 5233 737 5304 emendatio
767 5251 832 5289 eo
853 5237 1055 5289 certior
1085 5237 1254 5291 videri
1286 5236 1467 5299 debet,
1515 5237 1658 5304 quod
1687 5235 2012 5304 auctoritate

428 5303 596 5376 etiam
640 5305 924 5372 utriusque
969 5306 1263 5363 Colbertini
1319 5307 1491 5376 possit
1534 5302 1868 5359 conﬁrmari.
1909 5302 2013 5358 Ve-

431 5371 531 5444 lim
570 5374 717 5444 legas
750 5371 1082 5431 contextum.
1126 5371 1378 5432 Fortasse
1408 5376 1594 5429 mirari
1621 5376 1891 5444 quispiam
1920 5390 2014 5443 pn-

432 5442 582 5517 t_esit,
608 5442 885 5517 daantones
911 5445 1001 5501 hic
1040 5447 1376 5504 inﬁdelitatis
1404 5446 1577 5517 argui,
1620 5442 2009 5517 cum—lacubus

431 5512 744 5581 Apostolus,
776 5530 835 5579 ιι,
870 5516 960 5577 l9.
1002 5518 1150 5573 dicat
1172 5533 1268 5573 eos
1290 5512 1513 5573 credere
1541 5524 1597 5571 et
1620 5516 2008 5571 contremisce-

433 5596 512 5657 re.
546 5582 659 5657 Sed
675 5582 837 5657 de_ea
862 5586 989 5652 iide,
1017 5604 1139 5657 qua:
1164 5589 1297 5643 nihil
1333 5588 1492 5643 saluti
1519 5586 1741 5657 prosit.
1768 5585 2009 5657 loquitur

432 5650 666 5711 lacubus
704 5650 1179 5725 :iuterpres'vero
1220 5673 1339 5715 eam
1382 5650 1538 5714 tidem
1580 5650 1854 5717 intelligit.
1890 5670 2007 5716 qua

1888 4816 1933 4850 ⁸³
1969 4816 2010 4871 ll
2041 4817 2183 4874 Tim.
2229 4832 2269 4884 t,
2300 4818 2388 4873 15.
2464 4816 2512 4847 ’⁸
2543 4818 2562 4869 l
2592 4812 2737 4867 Tim.
2779 4825 2815 4874 t,
2845 4807 2931 4862 20.

2114 4495 2322 4567 φοϐερὰ
2350 4492 2586 4558 ἀπειλεῖ,
2623 4493 2716 4545 καὶ
2746 4493 2861 4555 τοῖς
2896 4489 3252 4561 μετανοοῦσιν
3276 4490 3377 4543 οὐκ
3400 4488 3595 4557 ἐπάγει
3622 4491 3685 4542 τὰ

2112 4586 2457 4659 ἠπειλημένα
2524 4582 2815 4637 Κλαύσατε
2865 4581 2961 4633 καὶ
3010 4580 3321 4653 θρηνήσατε
3355 4581 3582 4644 ἕκαστος
3623 4583 3685 4636 τὰ

2114 4681 2222 4734 [δια
2249 4678 2644 4750 ἁμαρτήματα.
2681 4674 2756 4746 μή
2788 4688 2921 4726 ποτε
2954 4672 3164 4741 πάθητε
3188 4671 3260 4725 τὰ
3281 4671 3679 4743 κεκηρυγμένα.

3040 4807 3084 4840 ⁸⁸
3120 4813 3290 4876 Apoc.
3324 4824 3419 4873 xu,
3458 4806 3513 4860 9.

2116 4969 2218 5025 per
2247 4967 2397 5025 spem
2433 4950 2721 5025 cremantes
2751 4948 2816 5001 ad
2842 4948 3067 5025 salutem
3101 4947 3379 5025 perducat.

2190 5015 2301 5096 (ιι)
2331 5022 2515 5096 Coae}
2544 5016 3313 5096 F.._twevvsllavznmalf’lm"
3355 5015 3681 5096 ν⁰¹¹ί⁶έ¹⁸¹¹ί⁰’

2119 5087 2254 5149 nent.
2284 5087 2432 5147 'Alter
2467 5089 2643 5144 [lucrei
2671 5090 2840 5144 codex
2873 5100 2928 5144 et
2961 5087 3050 5141 alii
3081 5088 3301 5156 quidam
3330 5102 3483 5153 mss.,
3506 5088 3679 5157 ἁπαγο
3734 5110 3739 5115 -

2118 5165 2326 5234 γελίαν,
2350 5160 2831 5234 _denttntiationent_.

2189 5225 2562 5304 (22)’Codices
2610 5225 3329 5304 lt0ﬂltlilll,__é_).0)t_l§CETS'h{il
3377 5225 3453 5304 ita
3482 5242 3681 5304 quoque

2116 5296 2322 5360 editum
2349 5301 2620 5368 reperitur
2649 5300 2788 5361 apud
2815 5297 2981 5368 LXX.
3019 5296 3140 5368 M0}
3166 5297 3295 5351 editi
3327 5305 3383 5368 et
3416 5296 3549 5368 Reg.
3578 5296 3677 5364 pri-

2117 5391 2259 5439 mus,
2296 5371 2391 5427 τοῦ
2414 5366 2986 5439 καταφθεῖραιηιιιυιι,
3028 5366 3148 5432 τοῦ,
3200 5368 3251 5420 in
3302 5367 3424 5421 aliis
3459 5367 3680 5439 quinque

2116 5436 2253 5501 mss.
2287 5457 2392 5499 non
2426 5436 2754 5495 invenimus.
2808 5437 3138 5506 Notandum,
3166 5445 3449 5506 praeterea,
3509 5436 3559 5494 it:
3596 5440 3680 5492 tri-

2114 5515 2213 5570 bus
2245 5529 2400 5573 niss.,
2432 5526 2529 5581 pro
2553 5507 2941 5581 καταφθεῖραι,
2971 5507 3095 5581 legi,
3124 5505 3461 5581 διαφθεῖραι.

2186 5586 2298 5657 (:25)
2341 5577 2457 5639 Veii
2491 5579 2694 5651 Κύριος
2726 5595 2792 5636 ex
2821 5577 2973 5635 Colb.
3013 5579 3188 5647 primo
3221 5577 3406 5634 addita
3430 5588 3532 5634 est.
