3810 6214
409 364 514 423 579

1360 360 1704 416 APPENDIX
1747 361 2030 419 OPERUM
2074 360 2132 415 S.
2174 356 2421 413 BASlLll
2458 353 2697 412 MAGNl.

3560 352 3666 405 580

412 485 526 540 dies
554 482 705 538 nubis
733 491 782 536 et
813 479 1015 535 nebula:
1048 498 1067 547 ;
1098 480 1209 535 dies
1245 481 1383 534 tubm
1416 490 1465 534 et
1501 482 1743 535 clamoris
1769 482 1837 537 ".
1872 480 1978 534 Jam

2099 478 2189 532 καί
2222 475 2499 546 ὁμίχλης,
2522 470 2712 542 ἡμέρα
2742 466 3079 538 σάλπιγγος
3098 464 3199 520 καί
3227 464 3519 534 κραυγῆς.
3549 466 3668 519 Κᾶν

409 591 542 631 vero
567 575 780 630 etiamsi
816 575 931 628 dies
959 573 1050 627 illa
1081 589 1185 643 qua
1218 574 1680 627 consummandus
1716 583 1800 628 est
1829 589 1984 627 mun-

409 668 513 718 dus
546 663 850 725 universus,
882 662 1071 730 procul
1116 663 1335 717 abesset
1366 679 1381 716 :
1418 663 1770 718 nihilominus
1804 674 1982 717 tamen

409 756 700 823 pecoliaris
733 755 819 808 illa
856 755 975 809 dies
1022 756 1202 810 exitus
1242 754 1667 823 uniuscujusque
1689 794 1705 817 ,
1738 770 1858 824 qua:
1890 770 1986 807 cu-

404 845 628 911 juslibet
677 832 913 898 hominis
963 844 1359 899 consummatio
1409 853 1529 910 est,
1581 861 1747 913 prope
1782 846 1983 899 adest:

408 951 513 1004 qua
542 936 611 989 ob
635 936 821 989 oculos
851 936 1023 1005 posita
1051 976 1066 998 ,
1093 935 1495 990 observandum
1533 936 1688 989 nobis
1713 945 1815 997 est,
1844 936 1985 1004 quod

408 1029 477 1080 ab
515 1025 651 1082 Isaia
688 1027 906 1091 dicitur,
946 1024 1199 1090 Ululate;
1232 1043 1390 1094 prope
1427 1027 1564 1078 enim
1592 1026 1704 1079 dies
1736 1025 1985 1087 Domini;

411 1126 574 1187 atque
599 1117 841 1171 habenda
863 1118 997 1171 lides
1025 1126 1103 1171 cst
1128 1119 1197 1180 ei,
1224 1119 1315 1185 qui
1334 1119 1497 1172 dicit:
1528 1116 1681 1172 Beati
1703 1120 1793 1189 qui
1824 1118 1988 1188 579

408 1207 586 1278 lugent
615 1208 661 1241 ’⁸
692 1208 853 1273 ;item
893 1226 906 1261 :
937 1207 1088 1261 Beati
1110 1208 1199 1278 {tsi
1230 1209 1355 1277 ﬂent
1386 1208 1452 1261 θ’.
1485 1208 1633 1262 Multi
1670 1210 1791 1262 vita}
1830 1209 1988 1278 hujus

410 1301 622 1370 negotia
667 1316 809 1370 aegre
855 1301 1127 1362 ferentes,
1189 1300 1501 1354 accelerant
1539 1316 1697 1354 suum
1742 1302 1982 1368 exitum,

410 1400 750 1460 mortemque
798 1391 1087 1455 invocant;
1144 1391 1208 1443 ad
1281 1408 1420 1459 quos
1479 1390 1611 1444 illud
1659 1392 1828 1446 Amos
1880 1407 1985 1446 non

413 1484 593 1552 inepte
646 1485 794 1538 dicas
830 1504 843 1539 :
889 1481 978 1535 Va:
1015 1482 1433 1536 desiderantibus
1469 1483 1607 1535 diem
1651 1482 1896 1547 Domini,
1939 1492 1987 1535 et

409 1591 473 1629 ea
503 1584 577 1627 est
611 1577 855 1637 tenebra',
909 1584 956 1625 et
990 1592 1094 1627 non
1139 1574 1254 1627 lux.
1306 1574 1760 1638 Quemadmodum
1793 1575 1838 1628 si
1869 1576 1986 1643 quis

412 1666 566 1719 homo
595 1666 761 1734 fugiat
788 1683 819 1718 a
846 1666 981 1735 [acie
1008 1665 1174 1718 leonis
1196 1707 1209 1727 ,
1243 1675 1291 1718 et
1336 1666 1537 1718 incidat
1577 1668 1629 1719 iu
1657 1683 1775 1719 eum
1811 1684 1984 1732 ursus,

411 1765 462 1811 et
489 1757 687 1810 insiliat
720 1758 772 1809 in
801 1758 1035 1817 domum,
1067 1768 1114 1809 et
1154 1759 1375 1823 applicet
1415 1774 1602 1810 manus
1632 1775 1756 1810 suus
1788 1757 1856 1810 ad
1886 1776 1985 1826 pa-

2085 571 2118 640 ή
2147 567 2298 638 κοινὴ
2327 567 2384 619 δὲ
2411 564 2593 635 ἡμέρα
2624 563 2723 632 τῆς
2752 559 2846 613 τοῦ
2885 559 3085 621 παντὸς
3114 558 3321 627 κόσμου
3352 556 3670 618 συντελείας

2088 662 2307 733 μακρὰν
2330 655 2386 732 ᾖ,
2416 660 2532 713 ἀλλ’
2560 658 2593 728 ἡ
2625 655 2729 709 ίδία
2756 652 2990 707 ἑκάστου
3021 651 3123 721 τῆς
3155 649 3359 717 ἐξόδου,
3390 650 3516 721 ἥτις
3551 648 3669 701 ἐστὶ

2083 755 2177 809 τοῦ
2217 754 2337 806 καθ’
2367 752 2461 805 ἕνα
2494 747 2778 819 ἀνθρώπου
2825 742 3135 807 συντέλεια,
3171 742 3337 809 ἐγγυς
3377 741 3666 811 πάρεστινο

2084 848 2150 915 ἣν
2177 846 2283 916 χρὴ
2322 843 2428 914 πρὸ
2470 838 2767 910 ὀφθαλμῶν
2799 836 3042 907 ἔχοντας,
3076 836 3263 904 τηρεῖν
3294 832 3356 885 τὸ
3388 832 3543 902 παρὰ
3572 830 3667 883 τοῦ

2098 938 2317 991 ἸΙσαῖου
2345 934 2637 1003 λεγόμενον
2656 946 2669 960 ·
2716 925 3081 990 Ὀλολύξατε
3115 926 3246 994 (55)°
3272 923 3453 993 ἐγγὺς
3486 922 3599 991 γὰρ
3628 922 3668 989 ἡ

2086 1026 2276 1095 ἡμέρα
2326 1024 2586 1091 Κυρίου·
2631 1019 2725 1072 καὶ
2768 1016 3023 1070 πείθεσθε
3055 1014 3131 1085 τῷ
3171 1014 3413 1083 λέγοντι·
3457 1010 3668 1067 Μακὰ-

2079 1134 2197 1187 ριοι
2229 1119 2283 1169 οί
2312 1114 2673 1176 πενθοῦντες
2696 1128 2709 1141 ·
2751 1110 2864 1172 καὶ,
2898 1106 3187 1175 Μακάριοι
3231 1108 3287 1160 οί
3327 1106 3667 1169 κλαίοντες.

2088 1207 2278 1260 Πολλοὶ
2311 1205 2449 1278 πρὸς
2476 1204 2545 1257 τὰ
2575 1203 2668 1256 τοῦ
2706 1201 2821 1270 βίου
2856 1200 3300 1270 δυσχεραίνοντες
3342 1190 3671 1266 πράγματα,

2087 1291 2400 1360 ἐπείγουσιν
2432 1290 2639 1342 ἑαυτῶν
2669 1289 2765 1359 τὴν
2804 1287 3003 1352 ἔξοδον,
3038 1287 3129 1340 καὶ
3161 1284 3552 1338 ἐπικαλοῦνται
3577 1283 3672 1335 τὸν

2088 1382 2315 1437 θάνατον
2333 1398 2347 1413 ·
2377 1381 2512 1450 πρὴς
2544 1379 2637 1443 οὓς
2667 1378 2847 1442 καλῶς
2873 1377 2985 1448 ἔχει
3012 1378 3073 1429 τὸ
3100 1376 3195 1429 τοῦ
3237 1374 3418 1445 Ἀμὼς
3451 1373 3670 1442 λέγειν’

2091 1474 2235 1528 Οὐαί
2275 1476 2328 1527 οἱ
2373 1471 2803 1540 ἐπιθυμοῦντες
2850 1470 2965 1534 τὴν
3005 1467 3231 1536 ἡμέραν
3282 1468 3525 1535 Kvpt'ov,
3572 1463 3674 1518 καὶ

2086 1565 2235 1633 αὕτη
2270 1564 2404 1618 ἐστὶ
2432 1565 2673 1628 σκότος,
2716 1564 2815 1617 καὶ
2860 1565 2932 1616 οὺ
2979 1561 3124 1630 φῶς.
3176 1563 3285 1613 “Or
3320 1561 3549 1626 τρόπον
3593 1557 3675 1610 ἄν

2087 1675 2176 1723 τις
2206 1658 2436 1726 ἐκφύγῃ
2464 1656 2774 1723 ἄνθρωπος
2802 1654 2869 1707 ἐκ
2902 1652 3227 1722 προσώπου
3254 1650 3360 1705 τοῦ
3392 1650 3672 1715 λέοντος,

2087 1753 2186 1805 καὶ
2231 1750 2463 1820 ἐμπέσῃ
2496 1748 2655 1813 αὐτῷ
2692 1749 2731 1815 ἢ
2777 1747 3021 1830 ἄρκτος,
3053 1745 3147 1799 καὶ
3183 1742 3533 1812 εἰσπηδιὶσῃ
3581 1746 3675 1810 εις

412 1849 615 1910 rietem,
642 1855 689 1898 et
729 1846 961 1899 mordeat
992 1863 1110 1899 eum
1149 1848 1379 1899 coluber.
1422 1844 1567 1899 Num
1618 1848 1841 1901 tenebrae
1876 1849 1978 1901 dies

2099 1844 2193 1895 τόν
2234 1840 2417 1905 οἷκον,
2463 1842 2562 1894 καὶ
2607 1840 2895 1906 ἀπερείσῃ
2950 1837 3056 1903 τὰς
3096 1836 3299 1905 χεζοας
3341 1835 3531 1888 αὑτοῦ
3578 1838 3675 1901 εἰς

412 1938 643 2001 Domini,
691 1947 735 1989 et
773 1954 877 1989 non
916 1936 1041 2000 lux,
1085 1947 1130 1990 et
1163 1937 1330 2006 caligo
1372 1954 1472 1990 non
1502 1937 1698 1991 habens
1737 1940 1985 2007 splendo-

414 2044 521 2081 rem
551 2027 612 2082 ‘?
674 2027 907 2081 Proinde
955 2027 997 2080 si
1047 2029 1169 2096 quis
1207 2044 1371 2095 super
1403 2028 1522 2079 vita:
1555 2043 1666 2081 suae
1700 2029 1983 2082 mdilicium

411 2136 517 2173 non
550 2119 879 2173 exstruxerit
927 2118 1071 2188 ligna
1098 2158 1113 2183 ,
1161 2129 1255 2172 aut
1299 2119 1480 2171 iulium
1512 2158 1527 2182 ,
1552 2128 1644 2171 aut
1691 2118 1943 2186 stipulam
1967 2157 1983 2182 ,

409 2211 458 2264 is
495 2210 763 2264 desideret
807 2207 945 2262 diem
997 2210 1241 2273 Domini,
1300 2210 1350 2262 in
1396 2224 1503 2276 qua
1562 2208 1986 2276 uniuscujusque

408 2314 566 2366 opus,
596 2298 755 2366 quale
795 2297 888 2363 sit,
928 2297 1067 2366 ignis
1098 2299 1345 2367 probabit
1376 2298 1417 2349 ⁸.
1451 2297 1602 2363 Quod
1634 2298 1679 2351 si
1708 2311 1864 2351 nemo
1890 2314 1988 2366 pu-

409 2405 503 2444 rus
529 2391 597 2444 sit
625 2405 688 2442 ac
716 2389 852 2443 liber
876 2389 944 2441 ab
971 2390 1276 2443 interdictis
1299 2390 1576 2452 operibus.
1629 2390 1815 2444 timeat
1837 2390 1984 2444 illum

410 2483 570 2534 diem.
599 2483 687 2533 Ait
712 2482 854 2533 enim
881 2499 894 2535 :
923 2480 981 2534 Si
1005 2480 1156 2548 cujus
1181 2497 1308 2546 opus
1334 2484 1605 2543 manserit,
1639 2483 1779 2552 quod
1804 2499 1987 2548 super-

409 2570 720 2638 wdiﬁcavit,
758 2572 1041 2624 mercedem
1072 2572 1288 2639 accipiet
1323 2587 1341 2624 :
1391 2573 1435 2624 si
1464 2571 1617 2641 cujus
1642 2589 1788 2640 ,opus
1842 2590 1986 2625 arse-

413 2663 480 2714 rit
501 2663 865 2715 detrimentum
895 2664 1123 2729 patietur
1145 2678 1163 2715 :
1190 2662 1302 2731 ipse
1341 2673 1515 2716 autem
1543 2664 1719 2718 salvus
1753 2666 1885 2730 erit,
1910 2666 1985 2719 sic

410 2762 585 2805 tamen
613 2752 765 2822 quasi
788 2768 879 2822 per
904 2754 1074 2823 ignem
1099 2753 1139 2808 ³.

468 2930 593 2985 ‘263.
625 2929 811 3002 (Vsus.
847 2930 926 3001 8.)
949 2928 1323 2984 Turbabuntur
1340 2931 1495 3000 legati
1515 2944 1531 2984 :
1554 2941 1600 2985 et
1618 2931 1825 2985 dolores
1844 2932 1983 2998 ipsos

408 3020 758 3089 occupabunt,
795 3022 947 3089 quasi
980 3021 1212 3074 mulieris
1250 3023 1614 3089 parturientis.
1658 3020 1726 3075 Et
1760 3025 1981 3075 commi-

407 3122 659 3166 serescent
685 3110 1075 3174 alteralterius,
1104 3118 1153 3165 ct
1181 3113 1494 3179 stupebant;
1520 3121 1569 3165 et
1596 3113 1784 3180 faciem
1808 3129 1979 3177 suout,

2086 1932 2193 1985 τὸν
2228 1931 2450 1999 τοῖχον,
2489 1930 2585 1984 καὶ
2618 1928 2770 1997 δάκῃ
2814 1928 3001 1982 αὐτὸν
3029 1931 3061 1981 ὁ
3093 1929 3244 1996 ὄφις.
3271 1926 3415 1994 Οὐχὶ
3445 1926 3674 1991 σκότος

2084 2023 2123 2089 ἡ
2158 2022 2343 2091 ἡμέρα
2372 2024 2591 2089 Κυρίου
2618 2022 2714 2074 καί
2738 2024 2809 2075 οὺ
2832 2019 2976 2090 φῶς,
3005 2020 3102 2073 καὶ
3130 2020 3353 2089 γνόφος
3372 2020 3484 2071 οὐκ
3505 2018 3676 2087 ἔχων

2084 2114 2335 2184 φέγγος
2370 2114 2437 2167 Ei'
2462 2130 2547 2176 τις
2596 2109 2689 2165 οὖν
2743 2111 2815 2184 μὴ
2858 2111 3241 2181 ἐπῳκοδόμησε
3276 2109 3388 2181 (54)
3420 2112 3486 2180 τῇ
3520 2114 3675 2164 οίκο-

2083 2205 2218 2276 δομῇ
2268 2204 2362 2258 τοῦ
2410 2204 2607 2258 ἑαυτοῦ
2645 2204 2760 2274 βίου
2793 2203 2942 2268 ξύλα,
2983 2203 3017 2272 ἦ
3068 2203 3278 2273 χόρτον,
3316 2201 3349 2271 ἦ
3385 2201 3669 2271 καλάμην,

2083 2298 2419 2368 ἐπιθυμείτω
2464 2297 2561 2367 τὴν
2607 2297 2820 2368 ἡμέραν
2860 2296 3090 2367 Κυρίου,
3138 2296 3195 2347 ὲν
3321 2293 3554 2347 ἑκάστου
3602 2291 3672 2349 τὸ

2085 2387 2243 2459 ἔργον
2268 2389 2449 2441 όποῖόν
2479 2391 2593 2441 ἐστι
2628 2390 2686 2440 τὸ
2716 2389 2825 2459 πῦρ
2855 2387 3161 2458 δοκιμάσει.
3189 2387 3251 2440 El
3276 2385 3331 2438 δὲ
3363 2386 3541 2449 οὐδεὶς
3574 2402 3670 2440 κα-

2085 2477 2245 2550 θαρὸς
2277 2480 2382 2531 ἀπὸ
2412 2478 2588 2549 ἔργων
2611 2479 2719 2532 τῶν
2751 2478 3242 2551 ἀπηγορευμένων,
3265 2476 3532 2546 φοϐείσθω
3562 2474 3668 2546 τὴν

2084 2570 2296 2642 ἡμέραν
2331 2570 2567 2641 ἐκείνην.
2597 2571 2670 2622 El
2700 2588 2863 2637 τινος
2903 2569 3035 2642 γὰρ,
3079 2569 3231 2639 φησὶ,
3267 2566 3334 2621 τὸ
3361 2568 3539 2636 ἔργον
3558 2567 3668 2636 μέ»

2082 2681 2207 2726 νει,
2252 2662 2283 2715 ὃ
2310 2662 2795 2731 ἐπῳκοδόμησεν,
2833 2662 3055 2731 μισθὸν
3089 2660 3350 2727 λήψεται
3413 2659 3471 2711 εἴ
3497 2675 3668 2724 τινος

2083 2753 2147 2806 τὸ
2166 2754 2345 2822 ἔργον
2372 2752 2809 2821 κατακαήσεται
2834 2751 2967 2819 (55),
2997 2751 3439 2820 ζημιωθήσεται.
3466 2749 3670 2817 Αὐτὸς

2082 2846 2150 2899 δὲ
2178 2844 2533 2909 σωθήσεται,
2567 2845 2719 2897 οὕτω
2751 2844 2820 2897 δὲ
2846 2846 2927 2910 ὡς
2957 2843 3055 2897 διὰ
3082 2845 3291 2912 πιιρός.

2150 2936 2274 2990 263.
2324 2934 2804 3002 Ταραχθήσονται
2856 2937 2910 2988 οἱ
2959 2934 3256 3002 πρέσϐεις,
3296 2932 3396 2987 καὶ
3446 2932 3665 2999 ὠδῖνες

2082 3024 2301 3090 αὐτοὺς
2325 3024 2575 3089 ἕξουσιν
2601 3025 2680 3090 ὡς
2711 3023 2988 3094 γυναικὸς
3013 3024 3349 3091 τικτούσης.
3377 3022 3489 3077 Καὶ
3512 3039 3669 3091 avg-

2082 3112 2459 3182 φοράσουσιν
2512 3113 2714 3180 ἕτερος
2771 3114 2922 3179 πρὲς
2974 3110 3083 3164 τὸν
3128 3111 3332 3181 ἕτερον
3381 3111 3523 3181 ('56),
3557 3112 3664 3166 καὶ

405 3203 808 3269 euasi/lumina,
833 3202 1128 3255 mutabunt.
1151 3202 1381 3269 Quinam
1409 3213 1535 3256 sunt
1557 3203 1715 3273 legati
1742 3204 1831 3271 qui
1864 3215 1978 3256 tur.

2099 3204 2480 3270 ἐκστήσονται
2500 3222 2513 3234 ·
2556 3204 2654 3256 καὶ
2685 3202 2751 3257 τὸ
2780 3203 3105 3271 πρόσωπον
3142 3202 3342 3256 αὐτῶν
3368 3205 3450 3269 ὡς
3496 3202 3664 3272 φλὸξ

405 3295 677 3348 hahuutnr
707 3303 820 3346 tum
848 3309 969 3347 cum
1001 3293 1116 3347 dies
1150 3295 1360 3348 Domini
1391 3295 1690 3347 institerit?
1713 3294 1975 3347 Nimirum

405 3381 481 3437 illi
507 3422 522 3448 ,
548 3398 687 3452 quos
716 3382 975 3436 Dominus
1009 3381 1213 3437 indicat
1259 3384 1309 3437 in
1342 3382 1597 3452 parabola
1635 3398 1819 3451 quam,
1855 3397 1975 3437 cum

402 3471 704 3530 Jerusalem
738 3473 1228 3546 appmpiuquasset
1250 3514 1265 3539 ,
1302 3473 1485 3528 retulit
1518 3474 1584 3528 iis
1618 3476 1708 3543 qui
1753 3489 1976 3544 regnum

406 3552 615 3620 Demiui
676 3565 789 3635 jam
856 3580 977 3620 esse
1046 3565 1505 3619 manilestandum
1566 3566 1974 3620 existimabant.

408 3656 581 3711 llomo
606 3659 773 3721 enim,
798 3656 995 3725 inquit,
1021 3656 1208 3711 nobilis
1244 3657 1372 3710 abiit
1397 3658 1449 3710 in
1480 3658 1742 3725 regionem
1771 3656 1974 3724 longin-

404 3762 585 3813 quam,
615 3746 847 3813 accipere
876 3746 975 3799 sibi
1006 3760 1241 3813 regnum,
1292 3756 1338 3798 et
1372 3746 1557 3798 reverti
1589 3745 1631 3799 ⁸.
1665 3746 1867 3800 Deinde
1895 3746 1975 3799 lo-

404 3851 578 3905 quens
598 3836 663 3889 de
682 3837 867 3889 decem
897 3835 1035 3887 mnis
1056 3874 1071 3899 ,
1107 3851 1245 3904 quas
1272 3835 1461 3889 decem
1493 3838 1668 3889 servis
1702 3835 1769 3889 ad
1804 3850 1971 3904 nego-

407 3926 645 3979 tiandum
690 3926 994 3989 distribuit,
1047 3925 1323 3993 subjunxit
1366 3943 1380 3979 :
1436 3924 1586 3979 Cives
1635 3936 1810 3978 autem
1861 3926 1976 3994 ejus

404 4013 623 4068 oderant
653 4029 810 4068 eum:
848 4024 897 4067 et
936 4017 1186 4069 miserunt
1213 4025 1325 4083 post
1359 4016 1506 4070 illum
1548 4018 1767 4084 legatos,
1796 4016 1977 4069 dicen-

405 4110 482 4154 tes
514 4116 534 4154 :
566 4100 829 4154 Nolumus
860 4101 998 4155 hunc
1034 4119 1253 4172 regnare
1286 4119 1442 4171 super
1469 4119 1559 4156 nos
1587 4104 1630 4156 ³.
1665 4106 1831 4157 Ilomo
1858 4106 1978 4171 qui-

404 4193 527 4245 dem
560 4192 771 4256 nobilis,
807 4191 895 4247 ille
925 4202 1009 4247 est
1052 4194 1207 4263 cujus
1243 4210 1413 4263 genus
1464 4194 1598 4247 nihil
1634 4194 1797 4248 habet
1822 4210 1977 4247 com-

406 4297 570 4336 mune
624 4298 745 4336 cum
794 4283 903 4337 ullo
950 4283 1087 4347 alio,
1133 4284 1234 4337 nisi
1276 4299 1399 4337 cum
1445 4299 1510 4337 eo
1550 4285 1643 4352 qui
1692 4294 1774 4337 est
1815 4300 1979 4352 super

404 4373 584 4426 omnia
612 4371 752 4427 Deus
776 4372 817 4425 ⁸.
858 4373 1316 4439 Quemadmodum
1356 4373 1563 4429 nobiles
1593 4375 1824 4428 dicimus
1859 4390 1971 4438 eos,

407 4465 497 4532 qui
526 4464 670 4534 regio
698 4465 961 4533 sanguine
986 4475 1110 4518 sunt
1157 4464 1403 4533 prognati
1451 4479 1466 4517 :
1510 4463 1585 4518 ita
1618 4478 1743 4518 vere
1777 4466 1975 4520 nobilis

474 4671 524 4705 sr
554 4669 851 4739 δοριμχιιγἱ
875 4667 962 4722 15,
1021 4666 1088 4739 ξθῄ
1111 4664 1299 4739 Matth.
1327 4680 1384 4739 ν,
1542 4666 1587 4698 ’δ
1618 4666 1844 4739 an._w,
1865 4666 1952 4723 21.

400 4742 427 4775 δ
467 4740 600 4797 Luc.
631 4735 754 4803 six,
796 4738 886 4794 12.
961 4738 982 4769 ⁸
1020 4735 1150 4790 ibid.
1185 4735 1274 4788 14.
1346 4737 1367 4767 ⁸
1409 4735 1565 4788 Boni.
1602 4752 1677 4801 Ix,
1721 4736 1774 4790 5.

2073 3295 2501 3364 μεταϐαλοῦσι.
2543 3296 2699 3358 Τίνες
2730 3296 2779 3347 οἱ
2809 3293 3068 3365 πρέσϐεις
3095 3295 3488 3366 ταρασσόμενοι
3517 3296 3661 3366 (57),

2079 3385 2239 3456 ἡνίκα
2269 3386 2333 3439 ἂν
2368 3388 2660 3457 συνεπιστῇ
2695 3388 2728 3452 ἡ
2762 3384 2858 3438 τοῦ
2881 3386 3089 3457 Κυρίου
3114 3385 3329 3456 ἡμέρα;
3367 3387 3439 3438 Ἢ
3464 3385 3663 3455 δηλον-

2077 3475 2159 3527 ότι
2182 3476 2396 3539 ὲκεῖνοι,
2442 3474 2533 3539 οὓς
2563 3477 2592 3528 ό
2613 3474 2816 3546 Κύριος
2847 3475 2937 3530 διὰ
2979 3475 3306 3547 παραϐολῶν
3330 3477 3661 3541 αἰνίσσεται,

2077 3566 2144 3638 ἢν
2191 3563 2343 3620 εἶπεν
2392 3569 2560 3638 ἐγγὺς
2602 3568 2892 3639 γενόμενος
2938 3570 3041 3639 ,τῆς
3102 3566 3459 3640 Ἰερουσαλὴμ
3513 3569 3662 3641 πρὸς

2078 3658 2205 3720 τοὺς
2240 3657 2549 3723 δοκοῦντας,
2583 3660 2665 3712 ὅτι
2704 3659 2889 3730 μέλλει
2929 3660 2961 3729 ἡ
3015 3658 3262 3729 βασιλεία
3308 3660 3401 3715 τοῦ
3446 3662 3662 3732 Κυρίου

2077 3752 2492 3821 ἀναφαίνεσθαι.
2522 3754 2857 3821 Ἀνθρωπος
2880 3754 3009 3825 γὰρ,
3035 3755 3217 3825 φησὶν,
3246 3754 3500 3823 εὐγενὴς
3517 3756 3662 3809 ἐπο-

2074 3843 2257 3910 ρεύθη
2300 3845 2388 3909 είς
2438 3844 2637 3913 χώραν
2666 3847 2938 3913 μακρὰν,
2986 3845 3195 3899 λαϐεῖν
3238 3844 3427 3911 ἑαυτῷ
3472 3847 3662 3910 ﬁam-

2077 3931 2270 3994 λείαν,
2302 3932 2399 3984 καί
2430 3932 2826 4001 ὑποστρέψαι.
2857 3928 2989 3986 Εἶτα
3020 3932 3189 3988 εἰπὼν
3230 3934 3359 4006 περὶ
3382 3933 3492 3987 τῶν
3516 3934 3660 3989 δέκα

2082 4020 2259 4091 μνῶν,
2292 4021 2356 4085 ἃς
2395 4023 2562 4079 ἔδωκε
2611 4027 2722 4086 τοῖς
2769 4024 2901 4077 δέκα
2943 4025 3147 4089 δούλοις
3180 4027 3261 4089 εἰς
3294 4026 3354 4079 τὸ
3393 4043 3660 4099 πραγμα-

2077 4112 2363 4166 τεύσεσθαι
2415 4116 2549 4184 (58),
2603 4116 2919 4185 ἐπήγαγεν·
2968 4118 3029 4170 Ol
3073 4118 3140 4170 δὲ
3192 4118 3428 4172 πολῖται
3465 4121 3657 4177 αὑτοῦ

2076 4202 2331 4270 ἐμίσουν
2374 4205 2581 4270 αὐτὸν,
2621 4206 2718 4259 καί
2754 4207 3034 4276 ἔπεμψαν
3072 4209 3265 4263 ὀπίσω
3296 4212 3482 4265 αὑτοῦ
3514 4212 3658 4281 πρέ-

2078 4294 2276 4360 σϐεις,
2312 4295 2613 4366 λέγοντες,
2669 4296 2758 4350 ὅτι
2812 4301 2893 4353 Οὐ
2938 4300 3191 4368 θέλομεν
3222 4301 3437 4354 τοῦτον
3468 4303 3656 4366 βασι-

2078 4384 2295 4439 λεῦσαι
2336 4387 2428 4455 ἐφ’
2476 4385 2655 4456 ἡμᾶς.
2702 4387 2943 4458 Εὐγενὴς
2991 4390 3091 4458 μὲν
3124 4385 3216 4443 οὖν
3264 4390 3573 4462 ἄνθρωπος,
3623 4394 3654 4445 6

2084 4476 2220 4559 πρὸς
2248 4478 2437 4532 οὐδένα
2467 4479 2628 4533 ἄλλον
2652 4479 2750 4551 τὴν
2779 4481 3061 4534 κοινωνίαν
3089 4481 3183 4534 τοῦ
3210 4482 3421 4550 γένους,
3453 4483 3486 4555 ἢ
3516 4487 3654 4556 πρὸς

2037 4673 2053 4704 ⁸
2077 4677 2239 4729 Amos
2268 4690 2318 4740 v,
2349 4674 2529 4731 18-20.
2607 4676 2665 4729 ‘l
2692 4675 2813 4729 Cor.
2839 4689 2923 4740 ιιι,
2946 4674 3032 4737 12,
3069 4674 3158 4731 13.
3233 4676 3256 4708 ⁸
3295 4676 3422 4731 ibid.
3444 4677 3533 4737 Η.
3562 4680 3648 4739 l5.

475 4918 586 4990 (55)
614 4917 829 4990 Editi‘et
870 4917 999 4990 μοις.
1029 4917 1259 4990 primus.
1308 4915 1641 4990 Ὀλολύξατε.
1672 4915 1775 4969 Alii
1808 4916 1967 4983 quin-
2007 4900 2048 4954 ι)
2082 4927 2201 4990 tus:
2237 4930 2335 4970 nec
2392 4917 2553 4990 aliter
2578 4915 2716 4984 apud
2765 4912 2908 4970 LXX
2958 4913 3171 4990 legitur.
3223 4914 3360 4969 Editi
3406 4915 3649 4990 etUReg.

402 4986 507 5048 que
558 4986 708 5048 iussu,
751 4986 1080 5050 Ὀλολύζετε.
1117 4987 1237 5039 Mox
1288 4989 1415 5040 editi
1447 4998 1501 5039 et
1554 5001 1683 5038 mss.
1713 4999 1965 5051 quatuor,

402 5059 498 5111 xui.
531 5055 801 5110 πείθεσθε.
849 5056 954 5109 Sed
1009 5057 1089 5107 vir
1130 5057 1320 5123 lingua:
1369 5055 1569 5109 Graeca:
1610 5056 1967 5122 peritissimus

401 5126 756 5181 (.ouibeﬁsius
784 5126 986 5195 Optime
1021 5125 1325 5188 coujcecrat
1354 5123 1637 5176 πείθεσθαι
1662 5125 1780 5195 legi
1805 5139 1963 5190 opor-

407 5209 521 5250 tere
560 5214 573 5249 :
622 5200 692 5247 ita
727 5198 870 5248 enim
904 5195 1069 5247 habet
1098 5196 1248 5247 Colb.
1294 5196 1519 5259 primus,
1587 5194 1673 5247 cui
1702 5195 1972 5247 consentit

403 5275 459 5318 et
483 5267 618 5334 alter
637 5263 791 5318 Colb.
822 5265 991 5334 prima
1029 5279 1212 5317 mauu.
1255 5263 1364 5316 Vox
1410 5264 1517 5334 χρή
1583 5272 1705 5332 post
1747 5265 1966 5317 verbum

404 5333 683 5386 πείθεσθαι
707 5334 940 5402 suppleri
964 5333 1142 5387 debet.

475 5404 584 5471 (55)
614 5401 841 5473 Codices
877 5403 1097 5470 aliquot,
1122 5401 1534 5473 ὲποικοδόμησε.

475 5469 587 5541 (55)
620 5474 711 5525 Sic
756 5472 890 5541 Reg.
942 5469 1209 5525 secundus
1254 5482 1309 5525 et
1337 5469 1560 5541 uterque
1604 5469 1966 5541 Culltertinus.

401 5540 517 5611 Alii
539 5554 648 5595 tres
678 5557 807 5595 mss.
842 5540 897 5595 et
918 5543 1073 5604 editi,
1100 5541 1335 5610 εκείνην.
1368 5540 1436 5595 Εἴ
1470 5559 1619 5605 τινος
1641 5540 1772 5611 γὰρ,
1809 5541 1964 5608 φησι,

399 5610 463 5663 τὸ
494 5609 654 5680 ἔργον
676 5612 1087 5684 κατακαήσεται
1107 5627 1122 5642 ·
1160 5609 1304 5682 quod
1338 5612 1585 5666 mutilum
1617 5609 1737 5666 erat
1770 5622 1826 5664 ct
1871 5614 1967 5664 de-

399 5689 689 5735 Curtatum.

474 5751 585 5809 (δῦ)
623 5751 711 5806 Sic
746 5751 1006 5808 vetustior
1031 5750 1336 5808 Combellsii
1362 5752 1530 5807 codex
1557 5759 1608 5806 et
1638 5748 1773 5817 Reg.
1805 5761 1967 5817 qusr-

2073 4986 2303 5057 primus.
2336 4986 2747 5057 συμφράσουσιν
2783 5001 2878 5054 pro
2909 4984 3367 5057 συμφοράσουσιν.
3397 4986 3513 5057 _Alii
3540 4984 3654 5042 tres

2073 5056 2376 5127 mss.,“Kat
2409 5054 2857 5127 ίσυμφοράσουσιν
2908 5054 3136 5127 ἕκαστος
3182 5057 3317 5127 πρὸς
3362 5054 3453 5108 τὸν
3499 5056 3652 5109 ἑταῖ-

2073 5123 2280 5196 ρονζᾲίίι
2310 5123 2714 5196 commiserescet
2735 5125 3097 5196 unusquisque
3121 5126 3201 5177 sui
3226 5123 3440 5196 sodalis.

2145 5192 2256 5264 (57)
2311 5195 2403 5249 Sic
2432 5209 2562 5249 mss.
2606 5195 2746 5248 Editi
2783 5195 2988 5259 inutile,
3024 5193 3183 5257 Τίνες
3222 5195 3271 5245 οἱ
3303 5193 3653 5264 ταρασσόμε-

2071 5279 2174 5318 νοι.

2143 5332 2257 5402 (58)
2281 5330 2509 5387 Codices
2542 5332 2806 5399 nonuulti,
2847 5331 3410 5402 πραγματεύσασθαι.
3462 5332 3567 5385 Alii
3594 5341 3651 5385 et

2070 5401 2782 5472 editi,r:payp1'cstieoﬁat.
2843 5401 3091 5472 Eccita
3132 5405 3298 5456 multo
3358 5415 3477 5470 post
3539 5413 3652 5457 tres

2072 5487 2228 5537 lttSS.,
2263 5470 2476 5527 πολῖται
2505 5473 2688 5527 αὐτοῦ.
2731 5474 2887 5528 Deest
2928 5470 3094 5526 αὐτοῦ
3132 5472 3184 5525 in
3200 5472 3318 5526 aliis
3344 5486 3501 5532 iuss.,
3524 5486 3653 5537 per-

2082 5542 2207 5595 inde
2258 5543 2396 5610 utin
2448 5544 2695 5610 vulgatis.
2731 5543 2971 5597 Subinde
3023 5550 3234 5596 veteres
3259 5542 3470 5609 aliquot
3496 5541 3650 5610 |ib_ri,

2073 5609 2377 5683 βασιλεύειν
2411 5612 2494 5682 ἐφ’
2752 5612 2955 5669 Ibidem
3003 5611 3167 5682 aliqui
3196 5606 3365 5679 mss.,'
3397 5611 3499 5683 μὲν
3529 5606 3654 5668 οὗνὲ

2078 5677 2237 5737 Deest
2256 5677 2349 5735 οὖν
2375 5683 2429 5737 in
2450 5677 2676 5738 excusis.
