3810 6214
94 358 183 416 58!

872 355 1228 414 COMMENT.
1269 355 1339 412 lN
1375 354 1614 413 ISAIAM
1654 359 2098 419 ΡΒΟΡΙΙΕΤΑΜ.
2139 358 2294 421 CAP.
2334 363 2471 421 XIII.

3216 367 3324 425 58‘!

87 473 165 530 τὸν
185 470 270 527 ἐπὶ
299 470 511 525 πάντων
552 469 687 524 Θεὸν
722 474 1083 544 κεκτημένος.
1120 473 1211 537 Ὠς
1254 475 1363 546 γὰρ
1400 476 1635 545 εὐγενεῖς

1747 490 1853 546 est,
1879 485 1970 552 qui
1994 497 2060 537 ex
2087 482 2266 537 Patris
2290 484 2526 538 essentia
2557 496 2711 537 suam
2740 482 2908 539 habet
2933 484 3320 545 substantiam.

87 566 296 637 λέγομεν
315 566 438 627 τοὺς
461 563 566 617 ἀπὸ
587 565 820 636 αἵματος
848 566 1155 636 βασιλικοῦ,
1174 566 1351 631 οὕτως
1371 568 1642 641 ἀληθινῶς

89 658 309 728 εὐγενὴς,
344 658 373 710 ὁ
413 657 479 710 ἐκ
519 656 618 726 τῆς
649 655 837 721 οὐσίας
879 658 974 711 τοῦ
1007 659 1221 730 Πατρὺς
1256 658 1357 729 τὴν
1409 658 1644 732 ὕπαρξιν

89 750 229 820 ἔχων.
262 748 367 801 Καὶ
393 748 423 799 ό
472 747 613 800 κατά
643 747 736 800 τὸν
765 748 994 819 Σωτῆρα
1026 750 1136 818 ('59)
1168 749 1452 820 ἄνθρωπος
1488 753 1644 819 εὖγε-

90 842 174 911 vi};
199 838 259 893 ἂν
283 838 509 907 λέγοιτο.
532 839 606 892 Οὐ
637 839 798 910 μόνον
818 840 928 911 γάρ
956 841 1099 894 κατά
1126 841 1225 913 τὴν
1248 841 1476 914 θεότητα
1501 842 1644 897 νοούο

94 946 229 1000 μενος
255 929 282 980 ὁ
310 928 514 1000 Κύριος
546 929 796 999 εὐγενὴς,
836 931 897 983 τὸ
943 930 1181 1003 καθαρὸν
1216 932 1310 985 καὶ
1351 933 1641 1004 εἰλικρινὲς

89 1023 170 1075 καὶ
212 1020 399 1092 ἀμιγὲς
436 1023 504 1091 τῇ
553 1022 713 1089 φύσει
764 1025 823 1076 ὲν
867 1022 1044 1093 ἐαυτῷ
1099 1025 1469 1095 κεκτημένος·
1504 1025 1640 1080 ἀλλά

91 1111 325 1167 καὶκατὰ
349 1112 413 1167 τὸ
443 1112 787 1184 ἀνθρώπινον
820 1114 1060 1179 πάντως,
1100 1114 1257 1183 γένος
1292 1118 1357 1168 ἐκ
1399 1116 1642 1187 σπέρμα-

86 1221 163 1268 τος
192 1203 343 1257 Δαόὶδ
372 1203 518 1259 κατά
556 1206 757 1277 σάρκα.
827 1206 1127 1278 Πορεύεται
1180 1204 1274 1261 οὖν
1324 1210 1405 1272 είς
1456 1207 1637 1281 χώραν

91 1299 298 1371 μακρὰν,
343 1300 402 1352 οὐ
435 1299 692 1353 τοσοῦτον
734 1300 814 1372 τῷ
842 1301 995 1371 τόπῳ
1040 1299 1359 1364 διεστῶσαν,
1401 1303 1524 1354 ὅσον
1571 1305 1635 1373 τῇ

88 1392 384 1443 καταστάσει
414 1390 523 1443 τῶν
557 1391 918 1461 πραγμάτων.
966 1391 1077 1444 Καὶ
1105 1389 1215 1462 γὰρ
1257 1391 1286 1443 ὁ
1318 1390 1479 1453 αὐτὸς
1506 1391 1638 1454 Θεὸς

88 1481 167 1533 καὶ
197 1478 352 1547 ἐγγύς
381 1481 533 1533 ἐστιν
562 1480 779 1551 ἑκάστῳ
806 1481 987 1551 ἡμῶν,
1023 1482 1152 1534 ὅταν
1182 1482 1237 1534 αἱ
1265 1480 1470 1549 ἀγαθαὶ
1497 1482 1638 1552 πρά-

86 1570 181 1636 ξεις
205 1570 297 1642 τὴν
322 1571 459 1643 πρὸς
484 1572 651 1625 αὐτὸν
687 1572 964 1625 οίκείωσιν
1004 1573 1136 1642 ἡμῖν
1164 1571 1467 1642 προξενῶσι
1490 1589 1503 1603 ·
1544 1574 1638 1626 καὶ

93 1662 281 1733 μακρὰν
314 1663 547 1732 γίνεται,
577 1663 705 1717 ὅταν
736 1665 899 1735 ἡμεῖς
936 1663 1165 1727 ἑαυτοὺς
1194 1663 1281 1717 διὰ
1312 1663 1374 1716 τὸ
1401 1681 1638 1735 προσεγ-

87 1752 234 1820 γίζειν
268 1755 330 1824 τῇ
361 1752 614 1824 ἀπωλείᾳ
647 1752 1015 1824 μακρύνωμεν
1047 1755 1141 1806 ἀπ’
1186 1752 1371 1807 αὐτοῦ.
1411 1750 1577 1819 Οὗτος
1610 1758 1639 1810 ὁ

85 1844 299 1916 εὐγενὴς,
331 1844 668 1916 θεασάμενος
698 1845 790 1899 τὸν
824 1844 1029 1915 κόσμον
1074 1843 1180 1897 ὑπὸ
1211 1844 1313 1915 τῆς
1354 1845 1632 1918 ἁμαρτίας
1669 1834 1711 1889 τί

88 1935 485 2007 βασιλευόμενον,
526 1937 623 1991 καὶ
653 1939 719 2008 τῇ
763 1937 937 2008 πικρᾷ
975 1935 1248 2007 τυραννίδι
1294 1936 1389 1991 τοῦ
1433 1935 1631 2010 ἐχθροῦ

88 2027 427 2098 ὑποκείμενον,
457 2027 693 2099 ἐλεήσας
720 2027 819 2098 τὴν
861 2026 1147 2097 ἀναρχίαν,
1184 2027 1508 2092 κατεδέξατο
1542 2029 1635 2081 αὐ-

86 2116 175 2169 τῶν
202 2117 524 2174 βασιλεῦσαι.
562 2117 666 2171 Δεῖ
692 2118 804 2188 γὰρ
834 2118 1023 2172 αὐτὸν
1047 2117 1424 2183 βασιλεύειν,
1459 2118 1633 2188 ἄχρις

86 2205 145 2264 οὗ
174 2209 242 2263 ἂν
274 2210 380 2280 (40)
405 2208 483 2278 θῇ
519 2209 665 2276 τοὺς
694 2208 945 2278 ἐχθροὺς
985 2210 1172 2265 αὑτοῦ
1199 2210 1317 2264 ὑπὸ
1357 2209 1498 2276 τοὺς
1526 2211 1633 2264 πό-

86 2298 176 2366 δας
199 2300 394 2356 αὐτοῦ.
437 2300 598 2354 Ἐπεὶ
623 2296 715 2355 οὖν
743 2297 906 2372 ἦλθεν
939 2302 1019 2364 εἰς
1049 2301 1140 2355 τὸν
1166 2301 1443 2372 περίγειον
1467 2303 1631 2355 τόπον

86 2391 262 2457 τοῦτον,
288 2390 382 2462 τὴν
410 2390 598 2464 χώραν
623 2392 723 2463 τὴν
755 2390 972 2463 μακρὰν
1000 2388 1164 2446 οὖσαν
1192 2391 1282 2444 τοῦ
1308 2390 1465 2455 Θεοῦ,
1490 2390 1631 2443 ὥστε

87 2480 240 2535 λαϐεῖν
268 2481 362 2553 τὴν
393 2483 487 2536 ἐπὶ
519 2482 591 2536 τά
628 2481 756 2554 ἔθνη
802 2482 1103 2552 βασιλείαν,
1139 2481 1282 2535 κατὰ
1312 2480 1373 2534 τὸ
1406 2480 1633 2551 εἰρημέ-

87 2589 159 2625 νον
184 2574 236 2626 ὲν
272 2573 466 2646 ψαλμῷ
486 2590 501 2607 ·
538 2573 793 2641 Almana
832 2575 970 2641 παρ’
996 2572 1165 2642 ἐμοῦ,
1196 2572 1294 2625 καὶ
1324 2571 1496 2625 δώσω
1532 2587 1632 2624 σοι

88 2662 207 2732 ἔθνη
220 2665 326 2733 τὴν
340 2665 752 2734 κληρονομίαν
782 2680 919 2719 σου·
944 2666 995 2718 οἱ
1017 2664 1121 2717 ὑπὸ
1142 2664 1234 2717 τὸν
1255 2663 1491 2734 ἄρχοντα
1520 2662 1628 2732 (41)

87 2753 165 2807 τοῦ
203 2757 385 2820 αἰῶνος
416 2757 610 2810 τούτου
652 2755 997 2827 τεταγμένοι,
1042 2754 1103 2807 οὐ
1137 2753 1296 2825 μόνον
1329 2752 1628 2823 ἄνθρωποι,

91 2845 202 2901 ἀλλὰ
237 2850 324 2902 καὶ
352 2849 612 2920 δυνάμεις
644 2849 702 2902 αἱ
740 2847 831 2901 ὑπ’
878 2844 1041 2901 αὐτοῦ
1089 2844 1535 2915 στρατευόμεναι,
1569 2843 1630 2894 οὐ

90 2937 403 3005 κατεδέξαντο
422 2937 593 2992 αὑτοῦ
620 2936 720 3008 τὴν
754 2934 1026 3006 βασιλείαν
1046 2953 1058 2965 ·
1093 2933 1232 2987 ἀλλά
1254 2933 1438 2995 δόντος
1466 2931 1631 2984 αὐτοῦ

88 3027 169 3094 τὰς
200 3031 403 3095 ἐντολάς
433 3030 529 3085 καὶ
555 3029 654 3101 τὴν
689 3028 952 3100 ἐργασίαν
979 3027 1190 3090 αὐτῶν,
1223 3027 1317 3081 καὶ
1353 3025 1428 3096 μὴ
1456 3023 1634 3095 ἀργὰς

90 3123 260 3187 ταύτας
280 3123 635 3185 κελεύσαντος
663 3121 747 3174 ἐπ’
769 3122 951 3184 αὐτοῖς
977 3119 1354 3182 κατακεῖσθαι,
1380 3115 1514 3170 ἀλλὰ
1534 3116 1632 3187 τὴν

90 3213 317 3283 ἐργασίαν
362 3212 548 3266 αὐτῶν
609 3207 1024 3279 ἐπιζητοῦντος,
1080 3205 1333 3277 ἔπεμψαν
1372 3201 1635 3275 πρέσϐεις
1660 3191 1703 3247 C

89 3303 233 3357 ὀπίσω
256 3304 437 3369 αὑτοῦ,
472 3301 805 3374 ἀρνούμενοι
834 3299 997 3353 αὐτοῦ
1024 3299 1125 3367 τὴν
1160 3296 1460 3368 βασιλείαν.

141 3399 248 3454 264.
277 3400 428 3464 Τίνες
456 3395 556 3454 οὖν
584 3396 868 3468 πρέσϐεις,
900 3394 1012 3448 ἀλλ’
1047 3393 1155 3465 (42)
1195 3392 1229 3464 ἢ
1264 3394 1314 3446 οἱ
1343 3394 1434 3447 τὸν
1467 3393 1634 3449 θάνα-

90 3504 161 3543 τον
188 3493 566 3563 ἐνεργήσαντες
609 3488 704 3543 τοῦ
747 3487 1038 3558 Σωτῆρος;
1088 3487 1151 3540 Οἱ
1185 3486 1507 3556 νομίσαντες
1545 3486 1634 3541 διὰ

91 3580 166 3633 τοῦ
198 3584 413 3655 σταυροῦ
454 3582 773 3637 διακόπτειν
813 3578 979 3633 αὑτοῦ
1014 3578 1113 3650 τὴν
1155 3578 1249 3631 ἐπὶ
1286 3577 1377 3631 τὸν
1428 3578 1632 3649 κόσμον

94 3666 329 3736 βασιλείαν
347 3713 363 3737 ,
407 3676 456 3727 οἱ
487 3673 741 3742 λέγοντες
767 3670 845 3741 τῷ
879 3670 1123 3739 Πιλάτῳο
1154 3667 1252 3736 Μὴ
1294 3666 1482 3738 τράφε
1501 3706 1517 3731 ,
1544 3668 1635 3721 ὅτι

104 3759 154 3812 '0
173 3762 573 3831 (45)βασιλεὺς
594 3761 713 3815 τῶν
741 3762 1056 3824 Ἰουδαίων,
1083 3760 1219 3814 ἀλλ’
1247 3758 1337 3811 ὅτι
1371 3758 1634 3826 Ἐκεῖνος

92 3847 215 3917 εἶπε,
244 3856 538 3921 ,ϐασιλεύς
569 3856 686 3922 εἰμι
717 3851 836 3906 τῶν
872 3851 1189 3906 Ἰουδαίων.
1241 3849 1380 3903 Ἀλλ’
1413 3851 1561 3922 ὅμως
1596 3852 1631 3920 ἡ

94 3947 292 4017 πονηρία
332 3948 438 4002 τῶν
470 3945 791 4002 κωλυόντων
840 3942 1037 4005 αὐτοὺς
1073 3941 1171 4012 μὲν
1218 3940 1525 4011 κατέκρινε,
1563 3941 1631 4010 τῇ

92 4035 138 4089 δὲ
165 4041 422 4112 οἰκονομίᾳ
453 4040 558 4093 οὐκ
589 4035 885 4091 ἐνεπόδισε.
922 4035 1220 4106 Κρατήσας
1244 4031 1353 4104 γὰρ
1392 4032 1494 4102 τῆς
1540 4031 1636 4102 βα-

94 4126 295 4194 σιλείας,
324 4133 417 4185 καὶ
443 4127 731 4198 διανείμας
764 4128 877 4189 τοῖς
914 4124 1120 4188 δούλοις
1162 4122 1302 4176 κατά
1345 4123 1444 4193 τὴν
1477 4121 1634 4188 ἀξίαν

91 4219 172 4290 τῆς
197 4224 412 4278 ἑκάστου
438 4222 624 4278 αὐτῶν
652 4219 914 4293 ἐργασίας
935 4258 950 4283 ,
980 4218 1265 4272 ἐκέλευσεν
1294 4217 1492 4279 αὐτοὺς
1523 4232 1636 4284 φω-

93 4311 307 4384 νηθῆναι,
345 4314 433 4369 ἴνα
460 4312 578 4383 γνῷ
621 4313 674 4366 τί
708 4310 1250 4385 ἐπραγματεύσαντο.
1287 4308 1399 4362 Καὶ
1430 4306 1507 4379 τῷ
1537 4309 1634 4378 μὲν

94 4408 285 4478 πρώτῳ,
311 4409 442 4463 δέκα
482 4408 624 4479 μνᾶς
665 4403 1189 4477 προσεργασαμένῳ,
1236 4401 1439 4457 ἔδωκεν
1486 4401 1635 4467 ἐξου-

98 4494 194 4547 σίαν
216 4497 388 4552 ἐπάνω
414 4498 552 4552 δέκα
578 4496 808 4549 πόλεωνο
830 4493 911 4565 τῷ
937 4494 995 4546 δὲ
1017 4493 1275 4563 δευτέρῳ,
1301 4491 1465 4544 πέντε
1497 4491 1634 4561 μνᾶς

96 4589 504 4660 προσπορίσαντι,
528 4589 707 4658 λέγει·
736 4586 922 4641 Γίνου
954 4584 1066 4654 (44)
1096 4583 1296 4637 ἐπάνω
1326 4581 1506 4636 πέντε
1526 4582 1635 4635 πό·-

97 4676 242 4732 λεων.
285 4681 384 4737 Τὸν
413 4682 471 4735 δὲ
499 4683 559 4735 ὲν
609 4678 878 4749 σουδαρίῳ
910 4677 1193 4747 ἄπρακτον
1227 4673 1394 4745 αὐτὴν
1440 4672 1638 4743 ἀποδή-

97 4781 237 4826 σαντα
251 4774 610 4847 ἀφαιρεθῆναι
633 4769 991 4845 προσέταξεν.
1020 4769 1151 4822 Ὅτε
1178 4766 1235 4821 δὲ
1261 4766 1328 4820 τὰ
1362 4767 1491 4837 περὶ
1513 4766 1640 4830 τοὺς

1747 574 1853 629 Sed
1875 585 1930 629 et
1950 576 2203 631 Salvator
2246 577 2408 631 homo
2444 575 2645 631 nobilis
2675 576 2779 631 dici
2804 585 3001 644 potest.
3033 577 3150 632 Non
3177 581 3322 634 enim

1744 667 1917 722 solum
1964 672 2259 723 secundum
2311 670 2652 724 divinitatem
2699 670 2960 724 Dominus
2991 671 3188 726 nobilis
3240 672 3320 727 in—

1747 759 2022 827 telligitur,
2060 763 2262 832 quippe
2305 763 2398 832 qui
2449 764 2501 816 in
2553 765 2844 830 semetipso
2886 774 3079 832 suapte
3128 776 3319 817 natura

1744 852 2065 921 puritatem,
2096 853 2464 909 sinceritatem
2499 865 2553 909 et
2588 854 2984 922 simplicitatem
3016 855 3193 908 omnis
3221 859 3320 908 ad~

1742 944 2011 999 mistionis
2053 954 2332 1014 expertem
2377 946 2652 1015 possideat
2699 963 2713 999 :
2771 946 2864 999 sed
2910 946 3107 999 nobilis
3154 948 3318 1001 etiam
3389 1011 3403 1025 '

1740 1045 1825 1089 est
1865 1037 2086 1090 omnino
2136 1039 2437 1091 secundum
2490 1037 2921 1100 humanitatem,
2957 1052 3076 1089 cum
3118 1036 3188 1090 sit
3233 1052 3322 1091 se-

1739 1130 1972 1183 cundum
2001 1144 2218 1184 carnem
2267 1146 2333 1184 ex
2369 1128 2588 1184 Davidis
2625 1130 2832 1183 semine
2875 1129 3156 1183 oriundus.
3192 1130 3318 1183 Abit

1740 1220 1901 1288 igitur
1924 1221 1976 1274 in
2004 1220 2355 1291 longinquam
2384 1223 2681 1292 regionem,
2714 1237 2819 1276 non
2849 1231 2957 1275 tam
2988 1222 3125 1289 loco,
3154 1236 3314 1289 quam

1741 1327 1920 1367 rerum
1963 1323 2109 1367 statu
2167 1316 2413 1369 dissitam
2465 1324 2520 1368 et
2561 1326 2849 1368 remotam.
2902 1314 3118 1368 Etenim
3176 1316 3318 1370 Deus

1741 1405 1855 1475 ipse
1883 1407 2176 1476 unicuique
2214 1419 2459 1461 nostrum
2507 1422 2674 1476 prope
2712 1410 2887 1470 adest,
2920 1423 3041 1460 cum
3080 1407 3318 1461 l'attrilia-

1740 1499 1953 1552 ritatem
2013 1500 2129 1569 ejus
2177 1501 2334 1554 nobis
2380 1500 2677 1554 conciliant
2724 1500 2969 1553 actiones
3014 1500 3211 1555 bona):
3263 1509 3319 1555 et

1738 1586 1894 1657 longe
1923 1589 2077 1642 abest
2110 1600 2244 1654 tum,
2283 1604 2405 1642 cum
2444 1588 2751 1657 perditione
2782 1589 3314 1657 appropinquantes,

1741 1680 2103 1749 nosmetipsos
2128 1681 2197 1735 ab
2225 1695 2290 1736 eo
2315 1681 2661 1750 elongamus.
2698 1680 2903 1733 Nobilis
2931 1681 3020 1734 ille
3056 1683 3315 1734 mundum

1739 1769 1944 1837 peccati
1997 1770 2224 1839 imperio
2256 1773 2561 1837 subjectum
2611 1783 2667 1827 et
2713 1772 3066 1827 amarulentus
3112 1773 3315 1827 inimici

1742 1858 2009 1929 tyrannidi
2042 1862 2316 1915 subditum
2354 1863 2566 1925 videns,
2610 1870 2665 1916 et
2693 1873 2893 1916 statum
2930 1863 3173 1931 principe
3220 1878 3316 1917 ca-

1741 1957 1946 2000 rentem
1989 1948 2274 2003 miseratus
2307 1990 2322 2014 ,
2352 1965 2447 2004 rex
2476 1967 2663 2005 eorum
2706 1956 2820 2005 ﬁeri
2868 1968 2974 2006 non
3017 1953 3313 2007 recusavit.

1742 2037 1956 2105 Oportet
2007 2041 2146 2093 enim
2187 2041 2336 2094 illum
2380 2058 2632 2111 regnare,
2679 2045 2840 2096 donec
2872 2052 3035 2111 ponat
3073 2043 3315 2096 inimicos

1738 2131 1854 2199 ejus
1895 2131 1989 2185 sub
2032 2134 2249 2203 pedibus
2279 2134 2393 2202 ejus
2425 2135 2468 2187 ".
2505 2134 2795 2200 Postquam
2842 2136 3010 2203 igitur
3066 2135 3214 2188 venit
3259 2135 3312 2188 in

1739 2223 1915 2277 locum
1945 2224 2085 2279 hunc
2115 2234 2387 2280 terrenum
2414 2269 2428 2289 ,
2458 2228 2509 2282 in
2540 2229 2814 2296 regionem
2843 2228 3093 2282 videlicet
3122 2229 3314 2297 procul

1739 2329 1767 2367 a
1800 2316 1906 2369 Deo
1935 2324 2231 2380 remotam;
2269 2327 2327 2370 ut
2351 2316 2515 2389 530
2548 2321 2829 2389 imperium
2858 2320 2911 2373 in
2945 2331 3136 2390 gentes
3168 2323 3315 2376 acci-

1739 2405 1874 2473 piat,
1904 2405 2048 2475 justa
2091 2408 2218 2462 illud
2254 2411 2444 2478 psalmi
2493 2412 2694 2465 dictum
2737 2429 2751 2465 :
2784 2410 3009 2465 Postula
3047 2431 3076 2466 a
3108 2430 3222 2478 me,
3265 2422 3318 2468 et

1738 2496 1872 2549 dabo
1916 2496 2009 2549 tibi
2049 2508 2223 2565 gentes
2266 2498 2626 2554 hieredilatem
2667 2504 2892 2570 tuam“;
2929 2504 2965 2556 ii
3001 2505 3091 2572 qui
3150 2506 3317 2573 hujus

1739 2587 1921 2641 saeculi
1953 2588 2182 2656 principi
2211 2590 2662 2658 subjicicbantur,
2696 2608 2804 2647 non
2840 2594 3090 2650 homines
3112 2597 3315 2663 solum,

1739 2679 1832 2733 sed
1868 2690 1923 2733 et
1957 2690 2254 2747 potestates
2292 2683 2394 2736 sub
2430 2698 2496 2738 eo
2531 2684 2847 2750 militantes,
2883 2701 3105 2755 regnum
3144 2689 3314 2757 ipsius

1741 2786 1845 2824 non
1893 2772 2248 2829 admiserunt.
2289 2775 2423 2829 Nam
2460 2791 2584 2831 cum
2632 2777 2875 2833 dedisset
2909 2791 3209 2847 praecepta,
3250 2797 3317 2838 ae

1732 2858 1986 2927 jussisset
2022 2869 2080 2914 ut
2131 2878 2192 2917 ea
2241 2866 2652 2933 perﬁcerentur,
2692 2882 2792 2921 nec
2845 2870 2985 2937 apud
3039 2886 3100 2925 se
3134 2873 3311 2927 otiosa

1741 2962 2022 3007 manerent
2052 2972 2065 3007 :
2102 2954 2209 3008 imo
2238 2971 2366 3011 vero
2396 2972 2517 3011 cum
2545 2973 2732 3012 eorum
2763 2970 3030 3028 qmestum
3068 2963 3317 3031 requiro-

1740 3051 1847 3107 ret,
1876 3042 2079 3112 legatos
2106 3056 2229 3113 post
2257 3046 2407 3099 illum
2447 3048 2732 3116 miserunt,
2761 3050 2855 3120 qui
2900 3051 3016 3120 eius
3048 3064 3317 3124 negarent

1743 3131 2026 3202 imperium
2057 3150 2122 3190 ac
2146 3135 2567 3193 detrectarent.‘

1809 3387 1933 3444 264.
1975 3389 2206 3456 Quinam
2233 3389 2399 3460 igitur
2422 3391 2604 3463 legati,
2633 3394 2735 3449 nisi
2768 3395 2802 3450 ii
2839 3397 2930 3465 qui
2960 3399 3148 3453 mortis
3179 3398 3310 3454 Ser-

1740 3482 1946 3536 vatoris
1978 3480 2130 3537 fuere
2169 3485 2462 3540 auctores?
2493 3485 2594 3552 Qui
2641 3502 2737 3555 per
2763 3505 2981 3545 crucem
3019 3492 3309 3561 imperim»

1741 3572 1883 3641 quod
1961 3573 2014 3626 in
2083 3575 2342 3628 nmndum
2397 3575 2593 3644 habet,
2646 3580 2972 3637 exscindere
3042 3599 3101 3638 se
3154 3600 3320 3653 posse

1739 3664 2165 3731 arbitrabantur,
2207 3682 2272 3721 ac
2314 3667 2566 3723 dicebant
2603 3670 2775 3725 Pilato
2816 3690 2831 3726 :
2873 3673 3001 3728 Noli
3038 3677 3265 3732 scribere
3293 3691 3320 3730 :

1741 3753 1855 3809 Rea:
1877 3755 2210 3821 Judteorum,
2236 3760 2326 3812 sed
2357 3763 2481 3830 quia
2510 3762 2600 3816 ille
2634 3764 2793 3828 dixit,
2820 3763 2934 3819 Rea:
2952 3783 3066 3819 sum
3095 3764 3316 3821 Iudico-

1741 3846 1925 3902 rum’.
1977 3846 2231 3901 Attamen
2283 3862 2470 3904 eorum
2532 3852 2624 3921 qui
2669 3854 3027 3922 prohibebant
3077 3858 3319 3925 nequitia

1742 3939 1887 4006 ipsos
1932 3940 2149 4010 quidem
2186 3942 2601 4008 condemnavit,
2640 3947 2733 3999 sed
2785 3946 2877 4001 Dei
2934 3951 3160 4004 consilio
3209 3967 3320 4006 non

1740 4032 1973 4090 obstitit.
2001 4035 2295 4108 Postquam
2327 4039 2473 4093 enim
2510 4040 2717 4109 potitus
2752 4038 2945 4095 fuisset
2978 4055 3166 4111 regno,
3202 4059 3320 4098 ser-

1739 4123 1928 4193 visque
1977 4141 2076 4196 pro
2142 4134 2404 4199 ettjusque
2462 4131 2656 4185 merito
2715 4132 2932 4199 negotia
3004 4147 3068 4187 ac
3129 4135 3318 4188 latinia

1741 4215 1987 4271 obeunda
2020 4219 2423 4283 distribuisset,
2456 4222 2634 4276 vocari
2677 4220 2800 4275 illos
2829 4221 3034 4292 jussit,
3066 4233 3125 4277 ut
3157 4240 3323 4293 quem

1740 4318 2005 4376 quaestum
2044 4308 2336 4373 fecissent,
2372 4322 2710 4380 agnosceret.
2748 4312 2815 4365 Et
2850 4313 3023 4382 primo
3057 4315 3321 4383 quidem,

1741 4399 1832 4468 qui
1870 4400 2052 4454 fuerat
2115 4416 2272 4454 mnas
2311 4400 2498 4455 decem
2545 4402 2828 4467 lucratus,
2874 4404 3021 4458 dedit
3081 4415 3317 4474 potesta-

1745 4502 1850 4544 tem
1897 4506 2061 4559 super
2099 4491 2285 4546 decem
2322 4493 2615 4549 civitates:
2666 4492 2825 4548 alteri
2869 4509 2999 4550 vero
3044 4496 3134 4565 qui
3165 4512 3325 4551 mnas

1739 4582 1978 4650 quinque
2029 4592 2483 4651 comparaverat,
2516 4583 2634 4636 ait:
2694 4582 2825 4637 Esto
2875 4599 3034 4651 super
3084 4587 3321 4655 quinque

1743 4675 1976 4729 civitates
2007 4673 2074 4726 ⁸ο.
2121 4676 2188 4728 At
2240 4689 2368 4729 vero
2420 4691 2600 4729 mnam
2654 4675 2818 4745 jussit
2865 4677 3065 4732 auferri
3116 4679 3184 4733 ab
3228 4694 3323 4743 eo,

1747 4766 1839 4835 qui
1880 4767 2054 4835 ipsam
2091 4766 2323 4821 otiosam
2368 4764 2422 4820 in
2459 4766 2680 4822 sudario
2713 4766 2982 4838 alligarat.
3024 4766 3324 4839 Postquam

180 4979 202 5015 τ
238 4978 256 5035 |
292 4979 417 5038 Cor.
443 4995 537 5048 xv,
575 4978 670 5034 25.
743 4976 767 5009 ⁸
804 4973 947 5030 Psal.
976 4988 1037 5039 ιι,
1059 4971 1114 5030 8.
1188 4973 1210 5005 ’
1247 4969 1404 5025 Joan.
1434 4984 1560 5033 XIX,
1588 4968 1679 5026 21.
1759 4968 1802 5000 ¹⁰
1824 4967 1955 5024 Luc.
1989 4982 2116 5033 nx,
2150 4965 2224 5027 15
2255 4980 2376 5035 sqq.

158 5133 256 5209 (39)
278 5138 453 5194 Codex
477 5134 834 5209 llenrieianlts
865 5142 920 5209 et
950 5131 1039 5184 alii
1079 5131 1316 5209 quinque
1342 5143 1471 5183 mss.
1501 5140 1623 5181 cum

99 5196 253 5280 editis,
276 5209 380 5280 Καὶ
410 5210 439 5261 ὁ
461 5208 605 5280 κατά
624 5206 716 5259 τὸν
752 5196 1471 5280 Σωτῆραελξι“ῥιη,ᾑιιοηιιε·
1495 5196 1638 5280 apud

101 5267 386 5346 Procopium
418 5279 519 5331 sub
551 5267 950 5346 tinempagin'a:
976 5270 1083 5346 208
1107 5268 1333 5346 legitur.
1365 5267 1636 5346 Setl_Cur-

103 5337 335 5400 terius'de
359 5361 477 5409 suo,
520 5357 579 5400 ut
607 5337 994 5414 mihiquidem
1032 5337 1266 5414 videtur,
1299 5337 1633 5397 emendavit,

102 5415 407 5485 scripsitque,
428 5416 571 5470 κατὰ
610 5410 824 5483 σάρκαλ
876 5414 929 5466 id
955 5410 1096 5481 quod
1126 5410 1200 5485 ita
1226 5410 1634 5485 interpretatur,

103 5475 223 5555 Ῑριᾷ,
261 5475 504 5551 pretend
554 5475 836 5540 secuitdum
866 5475 1080 5555 cariem
1126 5479 1302 5555 homo,
1338 5475 1443 5555 etc.
1487 5475 1636 5555 Hanc

102 5547 430 5619 eo“lecturum
458 5555 706 5623 amplecti
738 5552 937 5623 poterit
967 5551 1059 5621 qui
1102 5547 1248 5623 volet
1268 5566 1288 5623 _:
1320 5550 1413 5601 sed
1447 5547 1633 5599 eximis

105 5618 435 5694 tuo’magnam
471 5618 800 5694 diligentiam
831 5618 1000 5694 quaeri
1050 5634 1155 5673 non
1197 5618 1414 5694 debere,
1459 5629 1668 5685 neque.

105 5688 148 5741 in
164 5687 481 5775 [hchneque
508 5687 1315 5775 iu'ProcopiiCommentario."
1354 5755 1365 5769 θ

162 5759 260 5828 (ιο)
280 5756 467 5820 Addita
490 5773 573 5820 est
591 5756 784 5822 vocula
807 5762 872 5817 ἀν
903 5775 967 5816 ex
1002 5759 1172 5815 tribus
1199 5756 1495 5814 codicibus.

1805 5125 1917 5194 (41)
1949 5122 2169 5193 Antiqui
2196 5133 2303 5178 tres
2330 5120 2481 5184 libri,
2506 5120 2599 5174 τοῦ
2614 5119 2904 5194 ᾼάρχοντος.

1809 5191 1921 5265 (42)
1953 5191 2174 5265 Editi—et
2226 5191 2675 5265 tussnnonnulli,
2702 5191 2977 5265 πρέσϐεις
3004 5191 3174 5265 ἄλλοι.
3219 5191 3329 5246 ΑΙῙὶ

1733 5261 1978 5335 quidam,
2006 5262 2157 5318 ἀλλοι
2212 5261 2497 5333 πρέσϐεις.
2546 5261 2681 5332 Reg.
2731 5262 2924 5315 tertius
2997 5275 3056 5316 ut
3101 5263 3154 5315 in
3189 5278 3327 5316 con-

1737 5345 1920 5475 ωἲῖξ)
1955 5403 2178 5459 Veteres
2210 5401 2417 5472 aliquot
2448 5400 2572 5456 libri
2608 5416 2732 5457 cum
2787 5414 2942 5457 sacro
2971 5409 3148 5468 testu,
3186 5397 3321 5473 ’γρά⁴

1743 5479 1927 5617 φεᾶῖι)
1958 5543 2122 5621 βάἰιί,
2152 5542 2329 5621 Γίνου,
2370 5541 2785 5621 φησίν.“Ῡοεθιιι
2827 5540 3321 5621 ιιιιίιῐιλιιιηγρειρνξο

1744 5612 1881 5671 nnis.
1909 5612 2223 5680 aliquorum
2260 5612 2518 5665 librorum
2548 5612 2703 5667 fidem
2737 5613 2930 5666 secuti.
2978 5612 3322 5680 Statimgedi-

1745 5687 1801 5745 ti,
1836 5683 1928 5754 Τῷ
1956 5677 2024 5737 as
2131 5681 2486 5753 ἀποδήσαντι.
2511 5685 2582 5736 At
2606 5682 2848 5753 quinque
2872 5696 3029 5749 mss.,
3054 5680 3161 5734 Τὸν
3179 5677 3238 5733 δέ

1741 5754 2112 5826 ἀποδήσαντα.
