3810 6214
426 224 540 320 sea

1386 259 1728 317 APPENDIX
1768 258 2053 315 OPERUM
2095 258 2151 313 S.
2194 257 2437 313 BASILII
2475 255 2715 313 MAGNL

3593 259 3702 312 58!

427 389 606 435 autem
640 394 727 435 res
777 394 896 450 qua:
945 380 1013 434 ad
1060 378 1273 434 Judzeos
1303 381 1622 447 spectabant
1650 416 1668 441 ,
1702 378 2007 432 ordinasset

2196 375 2410 440 υδαίους
2458 376 2741 442 διετάξατο
2789 372 3024 445 (Καιρὸς
3052 375 3193 450 γάρ,
3242 375 3377 445 φησὶ
3409 374 3553 446 (45),
3588 373 3702 429 τοῦ

429 471 696 543 (Tempus
739 482 814 526 est
842 472 986 526 enim
1006 513 1020 537 ,
1058 472 1265 540 inquit,
1296 479 1350 522 ut
1378 469 1601 538 incipiat
1666 470 1933 538 judicium
1971 486 2005 521 ιι

428 562 585 616 domo
632 562 726 616 Dei
768 562 867 632 ιι),
937 572 1065 617 tunc
1112 563 1359 623 inimicos
1404 562 1495 630 qui
1529 561 1647 630 ejus
1693 570 2010 615 recnsaraut

432 651 716 721 imperium
744 653 908 722 jussit
947 653 1001 707 in
1043 655 1280 707 medium
1331 653 1597 706 adductos
1646 651 1883 722 jugulari
1933 654 2004 708 ".

433 741 573 797 Sunt
602 754 748 797 certe
775 760 882 798 non
910 745 1088 814 pauci,
1114 744 1207 814 qui
1235 743 1413 798 nolint
1437 743 1489 795 iu
1514 743 1616 797 hac
1644 744 1750 797 vita
1779 758 2008 812 regnare

433 847 596 901 super
621 849 683 888 se
720 833 1019 889 Christum.
1073 835 1173 902 Qui
1211 835 1356 889 enim
1413 835 1798 904 mancipantur
1837 835 2011 902 impu-

433 925 604 990 ritati,
644 935 698 980 et
751 928 818 979 ab
867 927 945 979 ira
985 926 1299 991 vincuntur,
1347 934 1404 981 et
1436 927 1685 981 serviunt
1739 925 2006 989 avaritia},

376 1000 385 1009 ’
437 1016 492 1069 1ιί
523 1031 687 1086 super
720 1031 778 1071 se
808 1018 1095 1071 Dominum
1131 1032 1364 1086 regnare
1403 1016 1626 1082 nolunt,
1660 1026 1824 1085 alque
1865 1017 2011 1086 quod

435 1113 632 1167 attinet
659 1113 724 1166 ad
746 1114 984 1182 ipsorum
1011 1113 1364 1178 voluntatem,
1391 1113 1697 1168 detrectant
1722 1126 1786 1164 ac
1814 1112 2009 1182 depre-

437 1213 632 1258 cantur
671 1205 839 1273 ipsius
868 1220 1115 1275 regnum.
1150 1205 1288 1259 Dicit
1313 1204 1379 1259 de
1408 1204 1476 1258 iis
1508 1201 1674 1257 Isaias
1721 1204 1863 1272 quod
1903 1204 2012 1258 sint

440 1295 711 1349 turbandi.
753 1295 1035 1349 Dominum
1062 1294 1206 1350 enim
1250 1295 1302 1348 in
1335 1296 1575 1349 secundo
1616 1294 1849 1348 adventu
1888 1308 2009 1349 cum

435 1387 674 1441 viderint
696 1387 728 1439 ii
761 1387 851 1455 qtti
871 1386 1035 1440 vitam
1063 1396 1379 1456 transegcre
1401 1387 1455 1438 in
1480 1385 1742 1453 peccatis,
1769 1382 1823 1438 (ἢ
1845 1401 2013 1440 evan-

438 1480 641 1549 gelicos
681 1479 801 1533 illos
829 1479 976 1549 regni
1010 1494 1193 1533 mores
1223 1495 1321 1547 pro
1363 1479 1533 1532 nihilo
1558 1479 1779 1542 duxere,
1810 1476 2012 1530 Turba-

439 1571 634 1623 buntur
654 1569 859 1639 utique,
884 1580 930 1622 et
960 1569 1164 1622 dolores
1188 1573 1328 1637 ipsos
1359 1570 1683 1636 occupabunt
1713 1568 1865 1635 quasi
1896 1585 2015 1620 mu-

438 1662 583 1715 lieris
599 1661 958 1730 parturientis.
984 1660 1325 1729 Signiﬁcavit
1347 1674 1443 1728 per
1468 1668 1653 1727 partus
1682 1659 1899 1713 dolores
1922 1660 2017 1714 do-

438 1750 566 1806 loris
586 1753 724 1806 illius
741 1752 1116 1815 acerbitatem,
1142 1753 1231 1819 qui
1258 1767 1352 1819 per
1375 1760 1719 1819 peccatorum
1739 1752 2015 1806 conscien-
2048 1734 2090 1791 Β

440 1845 569 1896 tiam
591 1859 685 1896 cor
714 1859 899 1898 eorum
927 1844 1114 1913 pungit
1137 1860 1200 1896 ac
1228 1844 1457 1898 sauciat.
1477 1843 1685 1897 Etenim
1713 1853 1901 1913 partus
1926 1846 2016 1897 do-

440 1933 543 1996 lor,
567 1942 757 1986 acutus
778 1932 995 2001 quidam
1023 1933 1175 1986 dolor
1190 1945 1294 1999 est,
1322 1934 1417 2002 qui
1447 1935 1498 1987 iu
1534 1934 1819 2002 praecipuis
1844 1935 2014 2003 parti-

438 2026 541 2079 bus
571 2034 810 2094 tempore
837 2033 1024 2093 partus
1051 2025 1276 2094 corripit
1302 2026 1691 2095 parturientes.
1724 2024 1790 2079 Et
1823 2026 2015 2096 faciem

438 2134 611 2183 suam,
643 2118 792 2187 quasi
813 2118 1051 2186 ﬂamma,
1079 2116 1378 2171 mutabunt.
1405 2116 1690 2187 Proprium
1721 2128 1806 2173 est
1825 2134 2013 2174 eorum

438 2211 530 2281 qui
574 2210 778 2280 pudore
819 2207 1224 2276 suﬂunduntur,
1267 2220 1322 2264 et
1370 2212 1422 2263 in
1457 2210 1755 2265 discrimen
1792 2211 2010 2281 aliquod

441 2300 745 2370 impingunt
787 2299 1243 2369 inexspectatum,
1288 2300 1579 2353 immutare
1634 2300 1817 2355 vultus
1869 2303 2018 2357 colo-

441 2406 578 2452 rem,
620 2392 818 2459 quippe
860 2392 951 2459 qui
1007 2393 1292 2455 superﬁcie
1340 2398 1497 2445 tenus
1548 2392 1749 2445 rubore
1787 2393 2014 2462 perfun-

442 2482 659 2545 dantur,
690 2482 965 2551 animique
995 2481 1336 2537 affectionem
1368 2496 1464 2551 per
1484 2492 1835 2551 apparentem
1868 2485 2014 2540 illam

443 2570 873 2625 immutationem
901 2570 1155 2624 indicent.

513 2841 643 2898 9.65.
670 2841 859 2913 (Vens.
892 2840 973 2913 9.)
1002 2841 1135 2896 Ecce
1151 2844 1284 2898 enim
1308 2844 1417 2897 dies
1442 2844 1655 2899 Domini
1673 2847 1806 2901 venit
1838 2849 2021 2902 immeo

444 2936 710 3001 dicabilis,
739 2936 936 3004 furoris
971 2945 1019 2988 et
1051 2936 1181 3000 iras;
1214 2946 1268 2988 ut
1312 2947 1470 3003 ponat
1524 2939 1699 2991 orbem
1741 2949 1894 2992 terra:
1931 2941 2019 2993 de-

445 3038 676 3093 sertum,
729 3037 777 3079 et
829 3037 1125 3096 peccawres
1175 3027 1441 3091 disperdat
1488 3045 1555 3082 ex
1611 3046 1693 3083 eo.
1752 3030 2018 3099 Superius

445 3119 659 3187 quidem
691 3118 861 3172 dixit:
914 3115 1089 3185 Prope
1130 3119 1350 3171 est‘dies
1388 3118 1648 3174 Domini:
1699 3121 1789 3175 hic
1842 3137 1973 3177 vero
2000 3161 2016 3186 ,

451 3212 570 3265 Dies
603 3211 812 3264 Domini
844 3209 1015 3272 venit,
1062 3218 1121 3261 ut
1146 3218 1305 3277 ponat
1340 3212 1515 3264 orbem
1544 3222 1699 3266 terra:
1727 3213 2019 3267 desertum.

447 3301 505 3356 Si
542 3299 795 3368 quisjant
833 3299 1030 3352 tradita
1080 3299 1367 3368 diligenter
1394 3302 1669 3367 observet,
1715 3303 2027 3372 deprehen-

447 3404 607 3445 surus
635 3399 715 3444 est
747 3405 853 3443 non
884 3389 950 3441 de
976 3389 1165 3441 eadem
1194 3390 1282 3442 die
1308 3388 1424 3443 ﬁeri
1457 3405 1764 3445 sermonem
1795 3393 1849 3447 in
1873 3402 2026 3448 utro-

446 3499 552 3552 que
593 3480 888 3551 prophetia:
940 3480 1267 3546 fragmento.
1317 3479 1452 3534 Nam
1511 3482 1563 3534 in
1615 3483 1792 3550 primo
1847 3499 2027 3537 sermo

450 3576 510 3629 [it
540 3575 606 3628 de
631 3573 848 3642 propria
881 3572 1143 3640 cujusque
1172 3573 1674 3638 consummatione,
1707 3572 1867 3644 581
1904 3590 2026 3645 qua:

448 3679 614 3735 prope
641 3665 793 3718 adest
823 3681 836 3717 :
883 3662 938 3716 in
982 3662 1151 3716 altero
1176 3700 1190 3723 ,
1221 3662 1362 3731 quod
1395 3673 1479 3718 est
1517 3665 1571 3717 in
1623 3668 1904 3729 manibus,
1960 3668 2028 3724 de

449 3748 764 3810 universali.
794 3753 918 3808 lianc
945 3756 1088 3807 enim
1119 3763 1286 3822 ponet
1308 3756 1495 3809 orbem
1533 3766 1691 3810 terra:
1722 3759 2025 3822 desertum,

447 3854 667 3913 propter
694 3845 837 3913 quod
869 3842 1099 3897 infertur
1123 3843 1307 3915 (Vens.
1338 3844 1442 3909 10)
1480 3862 1493 3898 :
1532 3844 1597 3897 Et
1629 3845 1795 3900 stella:
1832 3847 1949 3900 σοιίὶ
1977 3855 2028 3902 et

450 3937 619 3995 Orion
649 3951 753 3988 non
786 3935 988 3988 dabunt
1020 3933 1212 3988 lucem.
1250 3933 1412 3989 Forte
1442 3946 1621 3990 autem
1655 3937 1772 3990 dies
1804 3936 1893 3989 illa
1935 3951 2028 4006 pe-

448 4024 731 4079 culiariter
759 4024 958 4077 dicitur
986 4023 1103 4078 dies
1128 4064 1144 4089 ,
1183 4024 1327 4093 quod
1358 4024 1530 4093 ipsius
1569 4035 1746 4080 status
1778 4041 1919 4081 unus
1953 4029 2026 4081 sit

449 4123 505 4167 et
553 4112 715 4168 idem.
764 4111 879 4167 Non
932 4114 1078 4167 enim
1124 4126 1286 4168 nocte
1332 4115 1700 4182 interciditur,
1757 4134 1857 4173 nec
1905 4135 2027 4174 eam

448 4204 845 4259 circumscribit
879 4218 1129 4268 vespera.
1163 4206 1230 4259 Et
1273 4207 1398 4275 quia
1431 4223 1496 4262 ea
1537 4223 1659 4278 qua:
1696 4210 1751 4263 in
1782 4211 2029 4266 tenebris

448 4294 688 4361 latitant,
713 4295 768 4348 in
790 4295 903 4364 ipsa
928 4295 1016 4349 die
1037 4297 1374 4366 detegentur,
1403 4297 1520 4351 dies
1545 4298 1633 4352 illa
1667 4300 1786 4354 dies
1810 4302 2029 4370 proprie

2105 466 2397 534 ἄρξασθαι
2432 465 2498 522 τὸ
2526 467 2707 537 κρίμα
2733 467 2851 522 ἀπὸ
2876 465 2981 519 τοῦ
3007 466 3178 521 οἴκου
3206 465 3315 520 τοῦ
3347 465 3547 534 Θεοῦ),
3578 463 3705 517 τότε

2106 562 2200 615 καὶ
2227 579 2354 626 τους
2386 561 2634 633 ἐχθροὺς,
2675 563 2803 625 τοὺς
2825 562 3241 633 ἀρνησαμένους
3268 560 3435 616 αὐτοῦ
3466 561 3573 633 τὴν
3600 560 3704 631 βα-

2107 653 2331 719 σιλείαν,
2367 654 2655 708 ἐκέλευσεν
2695 653 2963 724 ἀχθέντας
3006 654 3086 715 εἰς
3113 655 3174 708 τὸ
3208 654 3374 724 μέσον
3411 670 3705 722 κατασφα-

2106 746 2294 817 γῆναι.
2345 744 2535 798 Πολλοὶ
2568 742 2698 813 γοῦν
2748 747 2906 809 εἰσιν,
2957 746 3006 798 οἱ
3040 746 3099 798 ὲν
3139 744 3217 815 τῷ
3271 743 3372 815 βίῳ
3403 745 3584 814 τούτῳ
3627 742 3705 814 μὴ

2108 835 2354 898 θέλοντες
2386 835 2691 905 βασιλεύειν
2721 836 2806 905 ἐφ’
2839 836 3048 890 ἑαυτῶν
3087 835 3180 889 τὸν
3207 834 3463 907 Χριστόν.
3494 835 3560 887 Oi
3592 833 3705 906 γὰρ

2108 925 2216 979 ὑπὸ
2241 925 2340 997 τὴν
2371 926 2631 996 πορνείαν
2670 926 3018 995 τεταγμένοι,
3051 926 3147 979 καὶ
3175 927 3224 979 οἱ
3251 925 3357 978 ὑπὸ
3387 923 3483 978 τοῦ
3521 923 3706 995 θυμοῦ

2108 1016 2657 1089 κατακρατούμενοι,
2692 1018 2788 1070 καὶ
2823 1018 2928 1071 ὑπὸ
2953 1020 3054 1089 τῆς
3091 1016 3402 1081 πλεονεξίας
3438 1016 3709 1070 δεδουλω-

2113 1109 2284 1179 μένοι,
2312 1109 2373 1161 οὐ
2395 1107 2641 1161 θέλουσιν
2665 1109 2750 1176 ἐφ’
2776 1110 3001 1172 ἑαυτοὺς
3029 1107 3335 1178 βασιλεύειν
3355 1107 3447 1161 τὸν
3469 1107 3706 1180 Κύριον,

2110 1203 2205 1255 καὶ
2238 1203 2360 1255 ὅσον
2403 1203 2496 1255 ἐπὶ
2540 1204 2608 1273 τῇ
2660 1201 2868 1255 ἑαυτῶν
2907 1202 3267 1273 προαιρέσει,
3299 1200 3709 1273 παραιτοῦνται

2111 1294 2279 1348 αὐτοῦ
2311 1293 2411 1364 τὴν
2446 1293 2745 1364 βασιλείαν.
2783 1296 2918 1364 Περὶ
2948 1294 3155 1349 τούτων
3186 1295 3216 1346 ὁ
3268 1295 3496 1358 Ἡσαΐας
3526 1293 3709 1363 λέγει,

2110 1386 2192 1438 ὅτι
2222 1384 2693 1455 Ταραχθήσονται.
2742 1384 2996 1439 Ἐπειδὰν
3029 1385 3141 1456 (46)
3168 1384 3276 1457 γὰρ
3315 1385 3498 1439 ἴδωσιν
3537 1387 3601 1438 ὲν
3640 1387 3709 1457 τῇ

2111 1475 2342 1547 δευτέρα
2363 1477 2630 1547 ἐπιδημίᾳ
2657 1476 2751 1529 τὸν
2781 1477 2986 1549 Κύριον
3011 1479 3061 1530 οἱ
3094 1480 3152 1531 ὲν
3181 1478 3481 1548 ἁμαρτίαις
3502 1476 3713 1548 ζήσανο

2112 1584 2226 1630 τες,
2255 1568 2349 1620 καὶ⁸
2381 1567 2472 1620 τὸν
2498 1567 2855 1637 εὑαγγελικδν
2880 1569 3079 1638 τρόπον
3111 1570 3212 1640 τῆς
3243 1569 3519 1639 βασιλείας
3548 1569 3713 1633 ἐξου-

2117 1658 2470 1724 δενὼσαντες,
2530 1658 3011 1730 Ταραχθήσονται
3046 1661 3310 1733 δηλονότι,
3352 1661 3453 1715 καί
3491 1659 3715 1726 ὠδῖνες

2115 1749 2339 1816 αὐτοὺς
2381 1749 2635 1814 ἕξουσιν
2669 1752 2749 1817 ὡς
2787 1751 3065 1820 γυναικὸς
3121 1753 3461 1819 τικτούσης.
3505 1752 3583 1805 Τὸ
3612 1752 3713 1816 ὀξὺ

2113 1840 2215 1909 τῆς
2257 1839 2571 1910 ἀλγηδόνος,
2614 1842 2919 1914 νυσσούσης
2964 1843 3145 1895 αὐτῶν
3192 1843 3290 1914 τὴν
3320 1842 3570 1911 καρδίαν,
3611 1843 3715 1896 καὶ

2115 1931 2673 2004 κατατιτρωσκούσης
2705 1933 2811 1988 ὑπο
2842 1935 2935 1987 τοῦ
2978 1935 3278 1997 συνειδότος
3308 1935 3417 1987 τῶν
3451 1936 3717 2006 ἁμαρτη-

2120 2022 2328 2093 μάτων,
2361 2022 2449 2076 διά
2493 2024 2592 2095 τῆς
2623 2024 2811 2089 ὠδῖνος
2851 2025 3185 2097 παρέστησε.
3216 2025 3324 2078 Καὶ
3365 2024 3475 2095 γὰρ
3505 2027 3539 2096 ή
3579 2025 3719 2088 ὠδὶς

2115 2114 2337 2189 δριμείά
2381 2115 2464 2178 τίς
2506 2117 2654 2169 ἐστιν
2687 2116 2934 2188 ἀλγηδὼν
2972 2121 3084 2182 τοῖς
3118 2118 3501 2190 καιριωτάτοις
3538 2118 3713 2189 μέρε-

2119 2222 2226 2270 σιν,
2265 2208 2322 2260 ὲν
2347 2205 2426 2277 τῷ
2458 2207 2638 2279 καιρῷ
2663 2208 2765 2278 τῆς
2792 2210 3044 2279 κυήσεως
3071 2213 3190 2273 ταῖς
3222 2209 3537 2273 τικτούσαις
3564 2212 3715 2278 ἐγγι-

2116 2297 2337 2369 νομένη.
2384 2299 2494 2352 Καὶ
2528 2300 2595 2352 τὸ
2630 2302 2958 2367 πρόσωπον
2986 2301 3188 2355 αὐτῶν
3217 2302 3299 2369 ὡς
3336 2301 3498 2371 φλὸξ
3529 2318 3714 2371 μετει-

2118 2389 2436 2442 ϐαλοῦσιν.
2473 2390 2636 2443 Ἴδιον
2666 2391 2775 2443 τῶν
2812 2393 3276 2465 διατρεπομένων,
3318 2394 3413 2447 καὶ
3444 2394 3716 2466 ἀπροσδο-

2118 2479 2272 2549 κήτῳ
2299 2478 2459 2549 δεινῷ
2490 2482 2920 2552 περιπεσόντων,
2953 2482 3012 2535 τὸ
3059 2483 3385 2554 μεταϐαλεῖν
3412 2484 3477 2537 τὸ
3505 2484 3713 2556 χρῶμα

2118 2570 2214 2623 τοῦ
2244 2569 2561 2641 προσώπου,
2587 2573 3037 2644 ἐρυθραινόμενοι
3061 2575 3206 2628 κατά
3234 2575 3334 2647 τὴν
3359 2578 3712 2644 ἐπιφάνειαν,

2120 2662 2217 2714 καλ⁵
2253 2661 2317 2715 τὸ
2349 2662 2450 2733 τῆς
2485 2664 2664 2734 ψυχῆς
2692 2664 2864 2728 πάθος
2901 2666 2992 2719 διά
3019 2668 3119 2739 τῆς
3153 2669 3589 2740 ἐπιφαινομένης
3623 2686 3720 2740 με·

2117 2752 2350 2823 ταϐολῆς
2384 2754 2838 2824 ἒπισημαίνοντες
2865 2755 3000 2827 (47).

2184 2841 2314 2896 265.
2366 2841 2511 2896 Ἰδοὺ
2545 2843 2655 2913 γὰρ
2696 2845 2887 2915 ἡμέρα
2920 2848 3144 2914 Κυρίου
3174 2849 3413 2919 ἔρχεται
3440 2852 3714 2919 ἀνίατος,

2120 2932 2309 3001 θυμοῦ
2341 2933 2440 2986 καί
2471 2933 2654 3005 ὀργῆς
2674 2953 2687 2968 '
2715 2937 2902 2991 θεῖναι
2935 2938 3049 3007 τὴν
3072 2941 3434 3011 οἰκουμένην
3462 2942 3723 3012 ἔρημον,

2121 3024 2214 3077 καὶ
2255 3024 2396 3091 τοὺς
2440 3025 2830 3095 ἁμαρτωλοὺς
2870 3030 3171 3085 ἀπολέσαι
3200 3031 3270 3097 ἐξ
3315 3031 3527 3102 αὐτῆς.
3567 3036 3719 3088 Ἀνω

2128 3117 2226 3187 μὲν
2267 3113 2449 3170 εἶπεν·
2501 3119 2714 3189 Ἐτγὺς
2754 3122 2791 3189 ἡ
2841 3121 3034 3191 ἡμέρα
3069 3125 3324 3192 Κυρίου’
3350 3126 3589 3180 ἐνταῦθα
3618 3127 3717 3180 δέ·

2137 3206 2346 3277 Ἡμέρα
2361 3210 2584 3276 Κυρίου
2606 3210 2859 3279 ἔρχεται,
2881 3213 3065 3267 θεῖναι
3081 3219 3196 3283 τὴν
3213 3215 3578 3285 οἰκουμένην
3600 3217 3720 3288 (48)

2123 3300 2371 3369 ἔρημον.
2413 3300 2471 3353 '0
2496 3302 2740 3372 ἀκριϐῶς
2766 3304 2952 3376 τηρῶν
2981 3304 3050 3357 τὰ
3074 3304 3458 3376 ἀποδεδομένα,
3489 3308 3722 3380 εὑρήσει

2125 3393 2207 3446 ὅτι
2243 3392 2322 3444 ὀὐ
2374 3394 2503 3462 περὶ
2543 3393 2646 3463 τῆς
2694 3395 2863 3465 αὐτῆς
2913 3396 3128 3467 ἡμέρας
3169 3398 3476 3470 ἀμφότεραι
3514 3401 3574 3452 ai.
3615 3400 3722 3470 τῆς

2127 3486 2470 3560 προφητείας
2503 3477 2801 3559 περἰκοπαὶ
2826 3487 3163 3557 διηγοῦνται.
3213 3490 3278 3542 Ἡ
3312 3490 3413 3559 μὲν
3441 3489 3551 3562 γὰρ
3580 3508 3724 3562 προ-

2128 3580 2264 3649 τέρα
2298 3579 2427 3649 περὶ
2456 3580 2556 3648 τῆς
2588 3579 2725 3641 ἰδίας
2758 3579 2990 3633 ἑκάστου
3030 3580 3362 3645 συντελείας,
3394 3582 3517 3653 ἥτις
3547 3583 3724 3652 ἐγγὺς

2129 3670 2423 3740 πάρεστιν
2453 3671 2484 3739 ή
2512 3669 2569 3722 δὲ
2599 3671 2656 3721 ὲν
2687 3671 2864 3739 χερσὶ,
2896 3670 3024 3742 περὶ
3069 3671 3170 3741 τῆς
3197 3671 3509 3743 καθολικῆς.
3544 3672 3725 3744 Θήσει

2127 3758 2239 3831 γὰρ
2273 3758 2412 3830 αὕτη
2440 3758 2538 3829 τὴν
2563 3759 2888 3830 οἰκουμένην
2918 3760 3144 3831 ἔρημον,
3183 3760 3273 3814 διὰ
3304 3761 3365 3814 τὸ
3390 3763 3723 3831 ἐπάγεσθαι,

2128 3851 2211 3904 ὅτι
2242 3848 2356 3906 Καὶ
2386 3852 2441 3903 οἱ
2470 3849 2722 3918 ἀστέρες
2760 3851 2864 3906 τοῦ
2893 3851 3153 3920 οὐρανοῦ
3182 3853 3282 3908 καί
3319 3857 3354 3908 ὁ
3407 3855 3615 3925 Ὠρίων
3642 3857 3726 3912 οὐ

2129 3941 2395 3995 δώσουσι
2412 3939 2557 4009 φῶς.
2585 3941 2742 4011 Τάχα
2769 3942 2827 3995 δὲ
2848 3943 3031 4013 ἡμέρα
3051 3943 3267 4012 λέγεται
3284 3944 3490 4016 κυρίως
3508 3945 3723 4018 ἐκείνη,

2131 4031 2219 4086 διά
2246 4031 2308 4085 τό
2335 4032 2610 4103 ἡνωμένον
2633 4034 2736 4104 τῆς·
2762 4035 3164 4096 καταστάσεως.
3191 4037 3267 4089 Οὐ
3292 4035 3401 4109 γὰρ
3423 4037 3726 4092 διακόπτε-

2132 4141 2222 4177 ται
2255 4124 2446 4189 νυκτὶ,
2489 4124 2613 4178 οὐδὲ
2655 4126 2989 4197 περιγράφει
3020 4127 3191 4198 αὐτὴν
3223 4128 3448 4200 ἑσπέρα.
3486 4129 3599 4182 Καὶ
3628 4129 3725 4184 διὰ

2131 4217 2193 4269 τὸ
2235 4216 2599 4289 φανεροῦσθαι
2646 4219 2705 4270 ἐν
2759 4218 2898 4289 αὐτῇ
2947 4218 3018 4273 τά
3063 4220 3284 4289 κρυπτά
3333 4219 3428 4273 τοῦ
3469 4221 3720 4284 σκότους,

2132 4308 2315 4379 ἡμέρα
2346 4308 2443 4376 μὲν
2474 4308 2658 4379 ἐκείνη
2699 4309 2904 4381 κυρίως
2937 4309 3427 4382 προσαγορεύεται.
3457 4311 3576 4379 Νὺξ
3607 4311 3665 4365 δὲ
3692 4315 3723 4367 ὀ

451 4388 670 4442 dicitur.
700 4388 771 4441 At
797 4402 928 4442 vero
952 4388 1068 4442 hac
1095 4389 1205 4442 vita
1247 4404 1353 4443 uox
1385 4399 1490 4453 est,
1526 4392 1577 4445 in
1608 4407 1712 4456 qua
1739 4394 2018 4449 occultan-

2196 4417 2252 4464 ος
2303 4393 2481 4467 οὗτος,
2517 4403 2576 4455 ὲν
2613 4395 2658 4469 ᾧ
2703 4402 3147 4471 συγκεκάλυπται
3197 4403 3267 4457 τὰ
3305 4404 3404 4474 τῆς
3456 4404 3728 4476 αἰσχύνης

450 4488 539 4534 tur
569 4479 917 4548 turpitudinis
943 4495 1130 4550 opera.
1167 4479 1322 4537 Unde
1359 4492 1415 4536 et
1440 4484 1516 4537 ait
1545 4502 1560 4539 :
1600 4484 1728 4539 Nox
1752 4503 2030 4557 progressa

450 4579 549 4638 est,
580 4573 690 4626 dies
724 4583 899 4626 autem
930 4574 1364 4642 appropinquavit
1397 4575 1465 4630 ¹³.
1508 4574 1648 4642 Quin
1686 4586 1742 4633 et
1781 4579 1901 4635 dies
1936 4581 2025 4637 illa

452 4661 650 4717 dicitur
693 4664 855 4717 etiam
892 4664 1307 4720 immedicabilis
1332 4704 1347 4729 ,
1382 4668 1523 4734 quod
1564 4669 1680 4723 dies
1725 4656 1933 4727 furoris.
1958 4674 2030 4729 sit

451 4762 507 4807 et
532 4753 646 4819 irte,
678 4753 731 4807 in
768 4769 873 4823 qua
900 4755 1050 4811 locus
1078 4771 1184 4810 non
1221 4756 1544 4826 relinquitur
1569 4760 1889 4829 placationi,
1929 4781 2030 4820 nec

454 4844 660 4900 medela
696 4845 800 4899 ulla
825 4847 1000 4916 pannis
1032 4847 1084 4901 in
1112 4862 1176 4902 ea
1210 4846 1430 4902 inﬂictis
1465 4848 1647 4905 aﬂ'erri
1681 4862 1879 4921 potest.
1912 4856 2025 4911 Ita-

428 4947 558 5006 que
587 4948 655 4988 ne
686 4933 741 4988 in
771 4934 920 4988 illum
954 4935 1096 4989 diem
1132 4934 1447 4991 dill'eratnus
1481 4938 1855 4998 confessiones
1885 4984 1900 5008 .
1932 4948 2027 5002 sed

2135 4493 2305 4565 ἔργα·
2341 4493 2464 4547 ὅθεν
2495 4494 2626 4559 καὶ,
2662 4495 2725 4549 Ἡ
2758 4494 2876 4560 νὺξ
2915 4495 3051 4564 (49),
3084 4496 3238 4567 φησι,
3270 4496 3634 4567 προέκοψεν,
3682 4500 3726 4568 ἠ

2134 4583 2204 4636 δὲ
2232 4583 2421 4654 ἡμέρα
2456 4584 2721 4655 ἤγγικεν.
2766 4587 2979 4656 Ἐκείνη
3003 4587 3060 4640 δὲ
3094 4589 3128 4659 ἡ
3163 4588 3346 4660 ἡμέρα
3374 4589 3471 4642 καὶ
3509 4590 3728 4654 ἀνίατος

2135 4675 2373 4744 λέγεται,
2407 4675 2582 4747 θυμοῦ
2615 4672 2749 4732 οὖσα
2790 4680 2884 4733 καὶ
2921 4679 3113 4751 ὀργῆς,
3147 4680 3209 4733 ὲν
3248 4673 3284 4754 ᾖ
3313 4680 3415 4733 οὐκ
3452 4679 3604 4734 εστιν
3640 4681 3726 4749 ἐξ·

2140 4766 2449 4831 ιλάσασθαι,
2483 4767 2605 4822 οὐδὲ
2643 4763 2755 4824 οἷον
2811 4770 3063 4825 ἰάσασθαι
3108 4772 3238 4835 τοὺς
3278 4773 3728 4844 προσαγομένους

2136 4860 2223 4911 ἐπ’
2253 4860 2389 4931 αὐτῇ
2422 4859 2533 4932 (50)
2561 4860 2777 4926 πόνους.
2809 4863 2903 4934 Μὴ
2931 4859 3024 4918 οὖν
3064 4862 3457 4935 ταμιευιίψεθα
3484 4867 3567 4928 εἰς
3593 4864 3731 4917 ὲκεία

2134 4967 2233 5022 νην
2270 4952 2371 5023 τὴν
2403 4953 2614 5025 ἡμέραν
2655 4954 2756 5019 τὰς
2795 4955 3244 5028 ἐξομολογήσεις,
3275 4955 3415 5010 ἀλλά
3442 4957 3731 5028 νοήσωμεν

525 5068 569 5100 “
598 5068 620 5124 Ι
646 5068 795 5125 Petr.
832 5084 907 5136 tv,
952 5068 1041 5122 17.
1117 5069 1163 5100 ¹²
1201 5067 1333 5125 Luc.
1376 5087 1489 5137 xix,
1526 5073 1616 5129 27.
1699 5076 1743 5109 ¹³
1782 5077 1943 5135 Rom.
1986 5098 2018 5137 x

2196 5085 2241 5141 ἰ.

453 5226 768 5354 “(stagnum
792 5241 976 5283 vocem
1006 5241 1141 5297 φησι
1170 5228 1475 5290 addidimus
1502 5250 1572 5292 ex
1605 5235 1882 5295 codicibus
1919 5243 2046 5310 qui-

527 5368 888 5449 (46)_Yeteres
907 5368 1147 5449 quinque
1169 5371 1614 5449 libri,_’E7:et6aiv.
1648 5376 1810 5445 Editi,
1840 5379 2031 5437 Ἐπάν.

456 5435 577 5490 Μόκ
603 5435 753 5518 editi,
776 5435 973 5509 τρόπον
1004 5435 1103 5514 τῆς
1130 5441 1421 5509 πολιτείας.
1458 5449 1527 5499 At
1573 5458 1682 5502 tres
1711 5435 1867 5517 mss,
1910 5435 2037 5524 τρόὲ

456 5522 558 5560 πον
586 5525 684 5562 της
705 5506 1003 5562 βασιλείας.

455 5522 558 5560 πον
586 5508 684 5578 τῆς
705 5506 1003 5588 βασιλείας.
1060 5506 1073 5514 ⁷
1382 5506 1393 5509 ’
1850 5506 1865 5517 ’
1947 5506 1958 5524 ’

527 5577 638 5660 (μ)
667 5581 888 5660 Codices
920 5590 1052 5646 tres,
1083 5581 1177 5637 τοῦ
1222 5582 1519 5658 προσώπου
1569 5586 2031 5660 ἑρυθραινομένου

460 5683 523 5700 ...
540 5647 1020 5718 ἐπισημαίνοντος.

2221 5248 2334 5325 (ἐξ)
2355 5249 2595 5325 {lodices
2623 5261 2757 5317 tres.
2795 5253 3122 5325 οἰκουμένην
3147 5252 3299 5324 ὅλην.

2135 5319 2657 5457 νυςὲξέἰὲοειτὶεοι
2707 5339 2862 5391 ωδε..
2897 5319 3087 5395 η’νύξ.’
3145 5319 3309 5380 Deest
3337 5320 3613 5380 articulus
3668 5325 3727 5380 in

2208 5459 2322 5533 {50)
2349 5458 2491 5516 Editi
2514 5470 2571 5517 et
2617 5478 2748 5518 mss.
2781 5463 3050 5528 nonnulli,
3080 5463 3167 5516 ἐπ’
3192 5462 3392 5533 αὐτῆς.
3437 5462 3542 5519 Alii
3567 5478 3723 5532 mss.,

2132 5528 2405 5669 ἰξέἔύτῇ.
2443 5533 2563 5589 Mox
2605 5549 2759 5602 mss.,
2792 5533 3207 5607 capteotbpaﬁa.
3261 5528 3425 5601 Editi,
3455 5528 3727 5607 ταμιευόὲ
