3810 6214
208 256 310 321 £85

1002 248 1356 307 COMMENT.
1397 249 1467 307 IN
1502 249 1739 307 ISAIAM
1774 247 2221 307 PROPHETAM.
2260 249 2412 306 CAP.
2455 252 2596 309 Xlll.

3346 259 3455 320 586

203 377 264 435 τδ
306 373 643 446 οίκονομικδν
689 373 792 445 τῆς
837 372 1084 445 Γραφῆς,
1134 372 1298 442 φόϐον
1335 372 1471 427 Θεοῦ
1517 374 1774 445 γεννῆσαι

1887 380 2190 443 reputemus
2220 372 2503 428 nobiscum
2544 372 2782 444 prudens
2812 371 2940 430 illud
2987 374 3288 447 Scriptura:
3323 394 3457 435 con-

205 465 547 540 βουλομένης,
582 464 677 519 καὶ
709 464 1134 534 παιδαγωγῆσαι
1171 464 1299 527 τοὺς
1335 461 1772 534 ἐντευξομένους,

203 556 521 630 ἐργάζεσθαι
563 556 699 626 (51),
732 556 837 620 ἕως
867 555 1051 627 ἡμέρα
1093 555 1262 609 ἐστίν.
1320 555 1590 622 Ἔρχεται
1635 552 1772 616 νὺξ,

206 648 295 703 ὅτε
323 648 506 701 οὐκέτι
546 646 743 712 οὐδεὶς
785 646 1033 700 δύναται
1075 643 1439 715 ἐργάζεσθαι.
1499 646 1557 697 '0
1603 645 1661 696 ὲν
1698 642 1777 713 τῷ

204 741 334 810 φωτὶ
360 738 466 792 τῶν
501 739 730 792 ἐντολῶν
754 738 848 792 τοῦ
874 736 1113 811 Χριστοῦ
1144 736 1486 807 περιπατῶν,
1510 738 1567 789 ἐν
1595 735 1779 807 ἡμέρᾳ

202 832 373 883 ἐστίν’
418 832 448 883 ὁ
494 830 928 901 παραδεδομένος
973 827 1050 898 τῷ
1097 829 1275 898 σκότῳ
1317 827 1395 898 τῷ
1440 826 1667 897 αἰωνίῳ,
1718 827 1776 879 ὲν

202 923 344 977 νυκτὶ
362 923 668 992 γενήσεται.
731 923 820 974 Ἐν
847 921 1028 992 ἐκείνῃ
1076 924 1141 992 τῇ
1169 919 1326 972 νυκτὶ
1365 918 1548 972 οὐκέτι
1593 917 1774 990 ἔργον,

200 1016 372 1071 οὐκέτι
418 1014 839 1085 singulorum?
890 1013 1003 1067 ἀλλ’
1034 1014 1092 1066 αἱ
1129 1012 1225 1084 μὲν
1281 1013 1461 1081 χεῖρες
1498 1009 1776 1079 δεδεμέναι

200 1109 287 1163 καὶ
312 1108 360 1160 oi
392 1107 554 1171 πόδες
598 1110 712 1169 τοῖς
750 1107 969 1176 δεσμοῖς
1010 1104 1118 1158 τῶν
1160 1104 1305 1158 ίδίων
1338 1101 1775 1173 ἁμαρτημάτων.

198 1200 456 1269 Δήσαντες
510 1198 623 1268 γὰρ
679 1198 842 1251 αὑτὸν
893 1198 1090 1269 χειρῶν
1155 1197 1251 1248 καὶ
1316 1194 1515 1255 ποδῶν,
1576 1191 1772 1246 ἐκϐάλ-

198 1289 308 1342 λετε
333 1289 446 1359 (52)
473 1292 557 1353 εἰς
579 1289 639 1342 τὸ
662 1289 851 1351 σκότος
874 1290 933 1342 τὸ
956 1287 1244 1359 ἐξώτερον.
1269 1287 1307 1339 Γ
1310 1286 1496 1339 λῶσσα
1516 1286 1571 1339 δὲ
1594 1285 1777 1338 οὐκέτι

197 1380 581 1451 ἐξομολόγησιν
633 1381 751 1434 οὐδὲ
792 1379 1002 1434 αἴνεσιν
1047 1379 1182 1433 Θεοῦ
1232 1378 1472 1450 λαλήσει,
1527 1377 1778 1447 ἀσχολου-

200 1471 326 1543 μένη
369 1473 500 1542 περὶ
542 1472 634 1526 τὸν
685 1472 988 1542 στεναγμὸν
1035 1471 1125 1524 τὸν
1165 1471 1231 1524 ἐκ
1273 1469 1382 1524 τῶν
1424 1469 1601 1523 πόνων
1637 1469 1773 1539 αὐτῇ

197 1564 561 1632 ἐγγινόμενον.
623 1563 722 1618 Διά
767 1563 927 1618 τοῦτο
987 1562 1208 1635 ἔρχεται
1259 1564 1292 1633 ὴ
1357 1562 1542 1633 ἡμέρα
1590 1561 1776 1632 ἐκείνη

196 1652 405 1716 ἀνίατος
434 1653 576 1724 (55).

264 1766 385 1822 266.
416 1770 479 1820 Οἱ
500 1769 614 1838 γὰρ
645 1765 896 1835 ἀστέρες
914 1766 1021 1820 τοῦ
1049 1765 1330 1834 οὐρανοῦ,
1357 1764 1456 1819 καί
1483 1768 1515 1820 ό
1548 1765 1773 1834 Ὠρίων,

198 1858 289 1913 καί
328 1857 446 1924 πᾶς
491 1862 525 1913 ό
570 1860 798 1928 κόσμος
841 1857 949 1912 τοῦ
984 1858 1243 1926 οὐρανοῦ
1283 1858 1349 1911 τὸ
1389 1857 1514 1927 φῶς
1548 1860 1619 1911 οὐ
1665 1856 1776 1910 δώ-

197 1964 392 2012 σουσι,
424 1949 529 2002 καὶ
566 1949 1038 2018 σκοτισθήσεται
1068 1950 1175 2004 τοῦ
1204 1950 1384 2018 ἡλίου
1411 1948 1779 2002 ἀνατέλλον-

198 2057 312 2107 τος,
355 2041 452 2095 καί
484 2043 525 2110 ἡ
574 2040 807 2109 σελήνη
840 2045 913 2095 οὺ
941 2041 1120 2096 δώσει
1161 2042 1226 2094 τὸ
1265 2039 1391 2110 φῶς
1424 2041 1632 2109 αὐτῆς.
1666 2041 1779 2094 Kal.

196 2133 545 2202 ὲντελοῦμαι
574 2133 650 2201 τῇ
673 2134 995 2203 οἰκουμένῃ
1023 2135 1135 2202 ὅλῃ
1159 2136 1333 2200 κακὰ,
1362 2133 1461 2186 καὶ
1488 2132 1610 2198 τοῖς
1638 2133 1780 2187 ἀσε-

201 2223 322 2278 ϐέσι
349 2225 456 2291 τὰς
481 2225 777 2293 ἁμαρτίας
805 2223 1021 2277 αὐτῶν.
1059 2225 1194 2276 Φανε
1207 2224 1314 2294 ρῶς
1339 2223 1438 2294 τὴν
1466 2221 1779 2276 συντέλειαν

199 2315 479 2387 διαγράφει
511 2319 612 2369 καὶ
635 2317 733 2387 τὴν
766 2316 858 2369 τοῦ
895 2316 1096 2380 παντὸς
1132 2315 1493 2387 μεταποίησιν
1518 2316 1545 2366 ὁ
1575 2314 1782 2387 προεξή-

199 2422 310 2477 της.
344 2407 479 2461 Τότε
509 2406 624 2478 γὰρ
659 2406 880 2478 ἡλιακὸν
910 2406 1025 2474 φῶς
1050 2406 1340 2476 ἐπιλείψει,
1376 2407 1471 2459 καὶ
1510 2408 1543 2476 ἡ
1580 2405 1777 2476 σελήνη

204 2496 351 2567 σῶμα
377 2497 533 2552 ἔσται
557 2498 832 2568 ἀλαμπὲς,
858 2498 951 2551 καὶ
981 2501 1008 2552 ὁ
1042 2499 1257 2570 Ὠρίων,
1282 2501 1311 2551 ὁ
1340 2498 1636 2567 φανότατος
1674 2496 1778 2549 τῶν

202 2585 463 2657 ἀστέρων,
498 2586 566 2638 τὸ
587 2586 704 2655 φῶς
730 2588 790 2640 οὐ
816 2586 997 2640 δώσει’
1026 2590 1090 2640 Ol
1113 2587 1362 2656 ἀστέρες
1392 2586 1497 2640 τοῦ
1520 2585 1779 2653 οὐρανοῦ

203 2676 294 2730 καί
318 2681 352 2732 ό
386 2680 596 2747 Ὠρίων
616 2679 682 2731 τὸ
698 2676 823 2747 φῶς
839 2682 910 2733 οὐ
926 2677 1254 2741 δώσουσιν,
1275 2679 1395 2748 οὐχί
1414 2678 1778 2747 σκοτιζόμενοι

203 2767 286 2822 διὰ
312 2769 372 2822 τὸ
410 2769 860 2838 καταυγάζεσθαι
895 2770 1000 2824 ὑπὸ
1031 2770 1139 2823 τῶν
1172 2770 1264 2824 τοῦ
1292 2770 1441 2841 ἡλίου
1483 2771 1775 2824 ἀνατολῶψ

203 2859 351 2913 τοῦτο
370 2862 480 2933 γὰρ
500 2862 602 2914 καὶ
617 2864 675 2915 ὲν
698 2856 762 2933 τῇ
786 2861 880 2915 νῦν
895 2862 1080 2934 ἡμέρα
1100 2863 1329 2931 γίνεται,
1356 2864 1450 2916 καὶ
1470 2862 1620 2936 παρὰ
1646 2866 1779 2918 πᾶσι

203 2955 309 3016 τοῖς
335 2954 628 3021 ὲξετάσασι
652 2953 720 3007 τά
764 2956 885 3006 κατ’
921 2954 1152 3025 οὐρανὸν
1179 2955 1479 3024 φαινόμενα
1509 2955 1780 3026 ὁμολογεί-

1801 1718 1852 1778 Β

1880 464 2082 528 silium,
2113 478 2233 532 qua:
2260 463 2374 517 vult
2404 479 2596 532 parere
2628 466 2783 521 nobis
2810 474 2865 521 et
2895 467 3138 522 incutere
3163 467 3257 524 Dei
3287 472 3453 525 timo-

1882 568 2016 620 rem,
2045 570 2264 623 eosque,
2296 556 2384 624 qui
2422 557 2537 611 haec
2570 556 2763 612 lecturi
2788 568 2975 625 erant,
3005 561 3178 616 donec
3205 561 3323 617 dies
3346 571 3452 626 est,

1879 645 1945 698 ad
1975 647 2305 715 operandum
2338 649 2574 702 erudire.
2617 648 2768 704 Venit
2811 666 2945 715 nox,
2974 653 3185 720 quando
3226 653 3456 721 amplius

1880 753 2029 790 nemo
2054 747 2221 805 potest
2255 741 2460 808 operari
2493 740 2559 793 “'.
2591 740 2850 811 Quisquis
2879 744 2930 797 in
2978 743 3180 799 lumine
3224 747 3455 801 manda-

1880 837 2053 881 torum
2076 828 2273 883 Christi
2301 831 2564 894 ambulat,
2588 844 2835 888 versatur
2859 834 2910 888 in
2942 835 3031 890 die
3059 853 3073 888 :
3103 836 3193 906 qui
3227 839 3451 892 aeternis

1884 920 2122 975 tenebris
2162 921 2411 975 addictus
2448 931 2553 988 est,
2591 923 2644 976 in
2694 934 2856 980 nocte
2898 926 3023 980 erit.
3060 925 3116 980 lu
3163 938 3324 982 nocte
3361 928 3452 983 illa

1877 1026 1985 1064 non
2013 1013 2244 1080 amplius
2278 1029 2433 1080 opus.
2468 1030 2573 1069 non
2607 1017 2839 1086 amplius
2874 1019 3183 1075 confessio:
3216 1022 3309 1075 sed
3336 1035 3452 1074 ma-

1882 1119 1982 1156 nus
2020 1119 2084 1157 ac
2116 1105 2279 1173 pedes
2305 1105 2540 1160 vinculis
2574 1117 2919 1176 peccatorum
2952 1125 3173 1164 suorum
3201 1111 3453 1181 ligabun—

1881 1204 1988 1252 tur.
2025 1196 2236 1250 Etenim
2269 1201 2520 1253 manibus
2548 1199 2663 1265 ejus
2690 1211 2742 1255 et
2777 1202 3002 1269 pedibus
3036 1203 3213 1272 ligatis
3236 1243 3251 1268 ,
3273 1204 3456 1271 ejicite

1880 1290 1933 1341 in
1997 1289 2250 1342 tenebras
2308 1293 2610 1346 exteriores
2659 1293 2724 1345 ⁸⁵.
2769 1292 2883 1348 Nec
2925 1295 3157 1364 amplius
3202 1295 3455 1364 loquetur

1878 1377 2059 1449 lingua
2104 1379 2534 1449 confessionem,
2572 1394 2665 1437 aut
2710 1384 2802 1438 Dei
2852 1385 3103 1440 laudem:
3148 1387 3346 1457 quippe
3395 1387 3454 1443 in

1878 1471 2024 1526 luctu
2054 1487 2211 1541 quem
2242 1473 2476 1543 irrogata
2502 1476 2602 1529 sibi
2628 1478 2893 1547 supplicia
2930 1478 3180 1541 all‘erent.
3212 1495 3453 1552 occupa—

1878 1563 2043 1619 bitur.
2074 1564 2207 1619 Eam
2241 1565 2311 1621 ob
2342 1581 2456 1620 rem
2490 1565 2635 1623 venit
2669 1569 2987 1626 insanabilis
3017 1570 3106 1626 illa
3141 1573 3276 1628 dies.

1946 1772 2073 1828 266.
2095 1769 2253 1832 Vrsas.
2270 1775 2355 1841 10,
2376 1777 2459 1831 ll.
2478 1776 2619 1832 Nam
2639 1778 2804 1833 steler
2817 1780 2930 1834 (celi
2948 1792 2991 1835 et
3011 1780 3201 1847 Orion,
3219 1793 3267 1838 et
3286 1786 3455 1839 omnis

1876 1876 2092 1917 ornatu:
2138 1866 2253 1920 coeli
2294 1866 2463 1920 lucem
2514 1885 2618 1922 non
2653 1869 2894 1936 dabunt,
2935 1881 2984 1925 et
3032 1872 3452 1928 obtenebrabitur

1875 1956 1983 2009 sole
2012 1957 2228 2022 oriente,
2262 1966 2310 2010 et
2340 1958 2466 2011 luna
2501 1975 2602 2012 non
2636 1961 2781 2014 dabit
2814 1962 3143 2029 splendorem
3173 1980 3349 2018 suum.
3378 1963 3450 2019 Ει

1876 2049 2137 2102 mandabo
2158 2050 2270 2101 orbi
2299 2052 2535 2105 rmiverso
2560 2052 2720 2117 mala,
2745 2062 2793 2106 et
2817 2055 2989 2120 impiis
3007 2065 3220 2124 peccata
3246 2072 3450 2112 eorum.

1876 2141 2405 2195 Consummationem
2467 2158 2531 2196 ac
2582 2145 2746 2198 totius
2808 2145 2958 2200 orbis
3011 2146 3448 2204 immutationem

1877 2244 2061 2301 aperte
2085 2233 2641 2304 describitpropbeta.
2677 2236 2830 2292 Tunc
2853 2238 2995 2292 enim
3028 2240 3243 2294 deticiet
3269 2241 3451 2296 lumen

1877 2324 2087 2391 solare,
2139 2324 2372 2394 lunaque
2413 2325 2517 2379 erit
2552 2340 2751 2394 corpus
2797 2327 3097 2395 splendoris
3144 2343 3371 2398 expers,
3401 2337 3458 2383 et

1877 2415 2040 2469 Orion
2073 2415 2350 2470 stellarum
2404 2417 2841 2485 splendidissima
2887 2420 3063 2474 lucem
3113 2435 3218 2474 non
3253 2421 3402 2476 dabit
3435 2440 3450 2475 :

1879 2505 2061 2561 Stella:
2090 2509 2207 2561 caeli
2253 2517 2299 2561 et
2332 2505 2499 2561 Orion
2546 2525 2651 2562 non
2691 2508 2887 2563 dabunt
2928 2511 3125 2565 lumen.
3176 2511 3292 2566 Non
3333 2512 3457 2568 ideo

1881 2608 2059 2654 tamen
2118 2599 2576 2673 obscurabuntur,
2634 2603 2777 2670 quod
2824 2603 2934 2656 sint
2992 2604 3121 2659 solis
3163 2612 3284 2660 ortu
3334 2605 3460 2660 illu-

1879 2691 2107 2745 strandi.
2143 2689 2254 2745 Hoc
2279 2692 2423 2745 enim
2453 2681 2615 2746 etiam
2645 2694 2696 2746 in
2724 2695 2976 2762 praesenti
3006 2695 3092 2749 die
3119 2695 3339 2762 accidit,
3374 2707 3461 2751 at-

1880 2797 1984 2850 que
2015 2782 2066 2835 in
2119 2782 2367 2837 confesso
2413 2794 2496 2838 est
2542 2784 2682 2852 apud
2724 2799 2913 2840 omnes
2952 2786 3042 2855 qui
3098 2802 3183 2841 res
3228 2789 3281 2842 in
3317 2790 3458 2843 ccela

1881 2883 2204 2940 apparentes
2244 2877 2622 2936 observarunt,
2652 2874 2838 2929 stellas
2885 2876 2937 2929 in
2974 2890 3038 2930 eo
3069 2876 3456 2946 hemisphaerio

1880 2964 2024 3031 quod
2055 2975 2196 3017 terra
2224 2964 2472 3030 superius
2502 2972 2583 3017 est
2612 2963 2909 3020 collocatas
2963 2979 3306 3036 nequaquam
3359 2983 3460 3022 ex-

205 3045 430 3113 ται(54),
453 3046 541 3098 ὅτι
561 3045 682 3115 οὐχ).
706 3044 1133 3099 ἀποσὸἐννυνται
1152 3046 1201 3097 oi
1220 3046 1449 3116 ἀστέρες
1471 3048 1527 3099 ἐν
1539 3046 1615 3116 τῷ
1637 3048 1778 3119 ὑπὲρ

1887 3056 2113 3125 stingui;
2141 3056 2233 3108 sed
2262 3070 2377 3116 eas,
2396 3064 2580 3123 utpote
2610 3070 2639 3108 a
2676 3056 2837 3110 radiis
2863 3056 3132 3111 solaribus
3167 3059 3456 3115 admodum

206 3137 302 3207 γῆν
339 3138 686 3208 ἡμισφαιρίῳ
719 3138 981 3207 κείμενοι·
1016 3137 1153 3190 ἀλλὰ
1184 3137 1261 3208 τῷ
1306 3138 1781 3209 ὑπεραυγάζεσθαι

206 3232 318 3292 ταῖς
344 3230 602 3301 ἡλιακαῖς
642 3231 855 3283 ἀκτῖσιν
881 3228 1344 3301 ἐξαμαυροῦνται.
1394 3232 1572 3304 Ὅπερ
1598 3234 1692 3286 καὶ
1723 3235 1781 3287 ὲν

207 3323 319 3384 ταῖς
353 3321 472 3386 νυξὶ
506 3321 720 3390 γίνεται
756 3324 879 3385 ταῖς
909 3321 1297 3393 πανσελήνοις,
1326 3323 1781 3395 περιλαμπούσης

209 3412 299 3482 τῆς
322 3413 458 3466 κατὰ
479 3413 584 3484 τὴν
610 3413 838 3484 σελήνην
865 3413 1246 3486 λαμπρότητος
1271 3417 1394 3479 τοὺς
1416 3417 1670 3488 ἀστέρας,
1689 3420 1783 3472 καὶ

208 3502 300 3556 οὒκ
333 3503 513 3575 ἐώσης
535 3504 716 3558 αὐτῶν
748 3505 847 3567 τάς
873 3504 1047 3574 αὐγάς
1076 3506 1470 3576 διαφαίνεσθαι.
1499 3510 1663 3563 Οὐδὲν
1690 3507 1782 3564 οὖν

210 3592 401 3648 τούτων
429 3596 545 3647 τῶν
575 3595 715 3648 κατά
741 3595 902 3664 φύσιν
928 3597 1334 3667 συμϐαινόντων
1378 3599 1406 3650 ὁ
1445 3599 1600 3667 λόγος
1642 3617 1783 3672 παρ-

213 3681 428 3755 ίστησιν,
447 3685 587 3739 ἀλλὰ
610 3686 848 3757 παντελῆ
870 3686 978 3741 τῶν
999 3688 1243 3758 ἀστέρων
1264 3689 1545 3753 σκότωσιν,
1570 3690 1665 3743 καὶ
1686 3691 1779 3744 τοῦ

212 3781 399 3845 παντὸς
429 3783 842 3853 μετακόσμησιν
865 3783 998 3854 (55).
1031 3783 1200 3852 Δῆλον
1233 3783 1288 3836 δὲ
1312 3785 1393 3836 ὅτι
1435 3785 1664 3855 Ὠρίωνα
1696 3784 1783 3838 λέ-

212 3885 291 3937 γει
323 3873 355 3942 ή
386 3872 579 3945 Γραφὴ
607 3873 669 3926 τὸ
708 3874 961 3945 σύστημα
986 3875 1096 3927 τῶν
1129 3875 1299 3929 εἴκοσι
1345 3878 1439 3930 καὶ
1490 3877 1582 3931 δύο
1624 3877 1782 3930 ἀστέ-

214 3979 333 4033 ρων,
367 3965 425 4018 ὃν
452 3982 599 4029 τινες
631 3964 740 4038 (56)
782 3966 1105 4038 ὀνομάζουσι
1144 3968 1394 4041 Βοώτηνο
1432 3970 1525 4034 οὓς
1571 3972 1620 4023 οἱ
1653 3971 1781 4042 περ).

214 4054 370 4109 ταῦτα
396 4058 563 4111 δεινοὶ
588 4059 1034 4130 καταμερίζουσι,
1071 4061 1163 4114 καί
1191 4080 1323 4131 φασι
1364 4065 1488 4125 τοὺς
1529 4063 1628 4133 μὲν
1655 4062 1779 4116 τέσ-

217 4162 376 4218 σαρας
403 4146 544 4204 εἶναι
573 4152 755 4228 τρίτου
789 4152 1073 4222 μεγέθους,
1098 4155 1252 4207 ἐννέα
1294 4156 1350 4208 δὲ
1391 4157 1448 4209 ἐν
1486 4157 1669 4219 αὐτοῖς
1693 4172 1782 4208 τεο

215 4236 420 4304 τάρτου,
459 4241 557 4293 καὶ
582 4242 708 4303 τοὺς
740 4240 929 4306 ἄλλους
957 4243 1109 4296 ἐννέα
1150 4243 1244 4296 τοῦ
1266 4244 1536 4316 πέμπτου.
1590 4247 1781 4298 Κεῖται

216 4323 267 4378 δὲ
287 4328 436 4382 τοῦτο
462 4330 524 4384 τὸ
545 4331 653 4383 τῶν
681 4332 923 4405 ἀστέρων
956 4334 1068 4402 (57)
1101 4334 1370 4406 ἄθροισμα
1394 4338 1451 4388 ὲν
1480 4336 1557 4406 τῷ
1587 4336 1781 4408 βορείῳ

1884 3146 2246 3211 illuminatas,
2289 3147 2588 3201 obscurari.
2637 3147 2789 3213 Quod
2845 3147 3031 3203 itidem
3082 3150 3348 3220 contingit
3400 3153 3457 3207 in

1884 3239 2153 3301 noctibus,
2184 3254 2304 3292 cum
2337 3238 2489 3305 plena
2522 3249 2603 3291 est
2636 3238 2782 3304 luna,
2813 3239 2984 3293 lunari
3014 3239 3216 3295 lumine
3247 3243 3457 3298 undeli-

1882 3327 1972 3381 bet
2005 3327 2186 3381 stellas
2213 3326 2535 3389 illustrautc,
2565 3340 2666 3379 nec
2701 3342 2888 3380 carum
2920 3326 3263 3396 splendorem
3314 3342 3450 3383 con-

1882 3417 2017 3487 spici
2048 3417 2281 3471 sinente.
2332 3414 2517 3485 Itaque
2568 3416 2701 3469 nihil
2745 3432 2934 3471 eorum
2973 3433 3092 3486 qua:
3134 3418 3459 3474 naturaliter

1876 3508 2158 3573 eveniunt,
2196 3508 2474 3576 Scriptura
2521 3508 2807 3577 signiﬁcat,
2843 3509 2939 3562 sed
2975 3508 3236 3579 integram
3269 3510 3455 3566 stella-

1883 3620 2001 3658 rum
2032 3603 2489 3666 obscurationem,
2513 3610 2567 3657 et
2601 3601 2786 3655 mundi
2828 3601 3062 3656 universi
3103 3601 3460 3658 transforma-

1885 3696 2105 3750 tionem.
2137 3695 2330 3766 Liquet
2362 3704 2541 3747 autem
2585 3693 2730 3746 illam
2774 3695 3000 3746 duarum
3031 3702 3083 3747 et
3110 3694 3298 3761 viginti
3325 3694 3460 3749 stel-

1882 3787 2055 3839 larum
2090 3786 2462 3840 collectionem
2509 3784 2611 3837 dici
2644 3800 2673 3837 a
2710 3783 2992 3852 Scriptura
3031 3783 3253 3849 Oriona,
3294 3800 3459 3855 quem

1882 3876 2121 3931 nonnulli
2163 3876 2431 3945 appellant
2475 3875 2676 3929 Booten
2710 3890 2725 3941 ;
2767 3890 2902 3944 quas
2929 3876 3019 3944 qui
3052 3876 3242 3930 harum
3273 3891 3456 3931 rerum

1883 3968 2039 4034 periti
2068 3975 2214 4030 sunt,
2256 3967 2520 4031 dividunt,
2546 3967 2840 4035 dicuntque
2869 3977 3096 4034 quatuor
3124 3982 3244 4022 esse
3284 3969 3458 4024 tertiae

1884 4057 2289 4128 magnitudinis,
2318 4056 2477 4127 582
2502 4073 2693 4111 novem
2725 4072 2856 4111 vero
2886 4070 2949 4112 ex
2982 4058 3079 4120 eis,
3113 4067 3338 4128 quartze,
3367 4076 3460 4115 no-

1883 4163 2002 4202 vem
2043 4159 2223 4200 autem
2256 4150 2517 4214 reliquas,
2555 4149 2780 4217 quintae.
2815 4148 2913 4203 llic
2950 4158 3131 4203 autem
3174 4151 3454 4205 stellarum

1885 4237 2073 4308 globus
2102 4238 2152 4289 in
2186 4239 2388 4291 boreali
2425 4249 2578 4306 parte
2605 4239 2810 4294 locatus
2844 4249 2946 4303 est,
2982 4255 3142 4310 quem
3175 4239 3458 4311 Scriptura

1891 4341 2141 4398 tauquam
2168 4346 2332 4382 unum
2358 4346 2551 4399 corpus
2580 4328 2782 4384 Oriona
2815 4332 3046 4385 vocavit.
3085 4331 3249 4385 Aiunt
3275 4342 3457 4386 autem

221 4418 382 4489 μέρει,
401 4423 540 4493 ὅπερ
556 4423 647 4475 καὶ
678 4424 782 4476 ὑπὸ
812 4425 911 4494 τῆς
933 4425 1175 4497 Γραφῆς,
1195 4428 1269 4492 ὡς
1301 4428 1358 4481 ἓν
1379 4429 1558 4500 σῶμα,
1587 4429 1776 4500 Ὠρίων

1887 4424 1999 4477 luec
2050 4438 2172 4477 esse
2222 4434 2389 4486 astra,
2423 4439 2527 4476 non
2575 4423 2783 4487 stellas,
2813 4422 2957 4491 quod
3012 4433 3157 4477 astra
3216 4425 3459 4478 indicent

215 4505 537 4581 ὠνόμασται.
572 4514 784 4585 ’Ἄστρα
808 4514 865 4567 δὲ
895 4515 1069 4568 ταῦτα
1097 4516 1333 4586 λέγουσι,
1359 4519 1450 4572 καὶ
1479 4520 1597 4588 οὐχ).
1625 4518 1784 4571 ἀστέ-

219 4613 342 4667 ραςσ
376 4600 451 4664 ὡς
478 4600 587 4654 τῶν
619 4602 717 4673 μὲν
757 4602 972 4675 ἄστρων
1009 4606 1247 4678 πλήθους
1279 4607 1536 4662 σύστασιν
1580 4610 1783 4679 ἐμφαι-

218 4687 425 4755 νόντων,
454 4690 682 4763 ἀστέρος
709 4692 766 4746 δὲ
797 4694 891 4748 τοῦ
924 4696 1046 4749 καθ’
1078 4697 1305 4751 ἕκαστον
1329 4698 1640 4769 λεγομένου.
1676 4698 1787 4752 Καὶ

217 4778 305 4832 τοῦ
345 4781 669 4855 ’Δρκτούρου
692 4783 748 4837 δὲ
772 4785 1047 4858 μέμνηται
1079 4789 1112 4859 ἠ
1136 4788 1345 4860 Γραφὴ,
1369 4787 1428 4841 ὃν
1454 4788 1659 4860 μεταξὺ
1678 4789 1786 4843 τῶν

286 4956 329 4988 ⁸⁸
357 4957 513 5016 Joan.
539 4977 625 5028 ιχ,
652 4962 709 5016 4.
784 4964 829 4995 ¹⁵
867 4961 1061 5019 Matth.
1094 4979 1230 5030 χχιι,
1265 4965 1353 5021 l5.
1431 4966 1475 4997 ¹⁶
1497 4966 1597 5021 Job
1621 4982 1699 5031 Ix,
1723 4967 1779 5023 9.

288 5187 652 5285 litaretur?
671 5192 785 5285 ita?
821 5188 1498 5285 't‘rti.:_tvtéi'r¢93&-§lii
1526 5191 1778 5285 “221-931
1806 5252 1817 5259 ς

218 5255 463 5326 γάζεσθε,
493 5255 802 5325 ομείγυηίηὶ.
838 5255 1044 5317 διοιίιιῖ
1066 5255 1193 5326 Reg.
1227 5261 1515 5325 secundus,
1560 5255 1780 5316 δύναται

219 5325 557 5405 ὲρχάσασθαι.
608 5332 846 5388 Subinde
876 5334 1031 5401 editi,
1061 5331 1145 5403 τῷ
1164 5325 1380 5384 σκότει.
1412 5334 1483 5385 Αι
1512 5346 1667 5397 tuss.,
1703 5332 1781 5405 τῷ

220 5400 638 5540 ὲχῗένὲἶἈηιῑῳιί
676 5472 780 5526 duo
835 5472 979 5536 libri,
1031 5471 1343 5527 ὲιιὸάλλετε.
1394 5470 1547 5527 Alius
1588 5471 1778 5538 codex,

219 5537 492 5608 ὲμῦάλετε.
521 5537 683 5603 Editi,
717 5542 993 5597 ἐκϐάλετε.

253 5608 577 5734 πίβωιΕιΙίιί,
601 5614 635 5683 ἡ
665 5613 899 5677 ἀνίατος.
933 5615 1002 5666 At
1033 5615 1085 5667 in
1113 5614 1316 5669 nostris
1341 5628 1432 5669 sex
1462 5626 1592 5668 mss.
1630 5614 1778 5669 deest

303 5694 385 5735 tcu
410 5696 488 5735 us.

218 5690 488 5738 arttcutus.

526 5779 794 5841 Puncta
843 5780 960 5843 Gn.
998 5779 1207 5843 XXX.

1884 4516 2248 4570 multitudinis
2278 4515 2560 4582 cujusdam
2598 4513 2946 4584 congeriem:
2983 4524 3168 4568 contra
3206 4530 3459 4583 unaquae-

1884 4622 1991 4678 que
2033 4606 2187 4661 stella
2235 4607 2515 4676 privatim,
2543 4606 2754 4660 dicatur
2782 4606 2955 4660 stella.
2986 4604 3125 4672 Quin
3159 4606 3321 4660 etiam
3357 4607 3460 4659 Ar-

1885 4700 2027 4754 eturi
2050 4698 2418 4754 commcminit
2444 4696 2727 4767 Scriptura
2761 4696 2829 4761 ¹⁶,
2861 4712 3023 4767 quem
3061 4698 3201 4752 inter
3241 4697 3458 4753 Orionis

1883 4801 2065 4863 partes
2094 4793 2329 4863 positum
2355 4793 2652 4848 cernimus.
2685 4791 2781 4845 Est
2814 4799 2992 4844 autem
3024 4790 3179 4846 stella
3206 4789 3454 4845 subruta.

1957 5189 2069 5262 (Si)
2102 5189 2331 5262 gndices
2361 5191 2627 5256 nonnttrli,
2664 5190 3060 5262 ὡμολόγηταιυ

2102 5258 2321 5313 Veteres
2347 5264 2562 5328 quidam
2594 5253 2868 5316 libri'cuui
2890 5253 3070 5323 editis,
3101 5253 3459 5328 μετακόσμησ-

1885 5346 2007 5401 σιν.)
2031 5331 2154 5401 Alii,
2186 5330 2558 5401 μεταποίησιν.

1957 5400 2069 5472 (56)
2103 5397 2215 5453 "05'
2237 5417 2411 5464 τινες,
2439 5397 2542 5454 etc.
2575 5400 2689 5455 Hoc
2719 5400 2836 5451 loco
2870 5399 3095 5472 Ducaans
3124 5398 3190 5451 de
3219 5397 3457 5449 siderum

1885 5469 2201 5524 discrimine
2227 5473 2382 5523 (lm'te
2410 5471 2647 5524 disserit.
2692 5472 2889 5524 Ibidem
2920 5469 3046 5521 editi
3073 5478 3127 5521 ct
3165 5477 3274 5521 tres
3299 5481 3459 5532 tuss..

1884 5541 1960 5605 ὡς
1985 5540 2035 5593 οἱ
2062 5538 2206 5610 περί.
2239 5541 2340 5593 Alii
2384 5551 2492 5593 tres
2521 5556 2757 5609 quoque,
2782 5538 2879 5602 οὓς
2906 5539 2954 5590 οἱ
2986 5538 3137 5610 περί.

1958 5606 2327 5681 (57)_Codices
2351 5606 2575 5679 aliquoi,
2613 5606 2804 5664 Κεῖται
2829 5610 2887 5662 δὲ
2924 5606 3131 5661 τούτων
3171 5607 3279 5662 τῶν
3304 5606 3467 5666 litata!-

1889 5679 1999 5753 ρων
2031 5679 2111 5735 τό.

3074 5775 3146 5837 19
