3810 6214
295 259 316 288 ⁸
343 255 448 312 587

1293 245 1636 302 APPENDIX
1673 243 1958 300 OPERUM
1997 243 2053 298 S.
2096 241 2342 296 BASlLll
2381 240 2614 296 MAGNl.

3481 244 3596 301 588

345 369 610 424 Similiter
628 381 841 438 quoque
861 375 916 422 et
941 364 1118 421 Pleias
1147 365 1455 420 nominatur
1478 379 1506 417 a
1533 363 1813 434 Scriptura
1839 362 1900 427 ³⁷,

2030 361 2192 447 ιερίρν
2221 359 2312 412 τοῦ
2365 361 2615 430 Ὠρίωνος
2647 359 2862 431 ὁρῶμεν
2917 360 3167 432 κείμενον
3212 360 3418 434 ἀστέρα
3461 364 3596 418 ὑπό·

344 460 568 528 perinde
594 471 757 528 atque
788 473 818 512 a
842 459 1111 527 gentibus,
1135 455 1228 525 qui
1254 457 1441 524 utique
1476 455 1590 509 hrec
1612 467 1809 508 arcana
1843 451 1910 504 ab

345 551 585 607 Hebraeis
613 551 824 606 curiose
847 548 1194 619 quaesierunt.
1216 545 1270 599 ln
1297 545 1516 600 Pleiade
1542 554 1720 600 autem
1743 544 1910 598 stellae

343 653 548 710 septem
571 649 851 710 apparent,
875 639 981 694 sibi
1023 640 1360 694 cohaerentes
1391 649 1445 691 et
1485 638 1627 692 inter
1661 651 1781 692 sese
1811 636 1910 690 ad-

343 734 601 796 densatte,
621 747 726 786 non
762 747 876 796 sex,
908 732 984 786 uti
1013 730 1345 784 arbitrantur
1367 727 1907 784 nonnulli.C:eterum

349 823 680 880 collocantur
727 825 778 876 in
837 821 1152 890 triangulari
1208 821 1399 875 forma.
1442 817 1910 886 Quemadmodum

343 918 506 986 igitur
543 917 631 971 hic
663 915 879 971 Orionis
911 932 926 969 :
963 915 1037 968 ita
1066 913 1308 978 Arcturi,
1353 911 1576 982 Hesperi
1604 921 1658 966 et
1680 911 1910 966 Pleiadis

343 1021 539 1062 nomen
596 1004 1050 1076 deprehendimus
1084 1005 1137 1056 in
1179 1001 1311 1066 Job,
1357 1002 1448 1071 qui
1477 1005 1588 1055 ait:
1625 1001 1728 1066 Qui
1780 1000 1910 1068 facit

345 1097 586 1163 Pleiada,
609 1107 656 1151 et
682 1097 1002 1164 Hesperum,
1037 1104 1086 1146 et
1117 1096 1426 1158 Arcturum,
1460 1103 1508 1146 et
1547 1093 1764 1146 cellaria
1799 1093 1910 1144 Au.

323 1188 435 1241 -sm'
466 1186 529 1238 ³⁸.
559 1185 662 1250 Qui
687 1185 850 1254 igitur
885 1191 1127 1235 numerat
1157 1183 1522 1236 multitudines
1541 1180 1832 1244 stellarum,
1859 1190 1907 1233 et

322 1277 578 1330 omnibus
621 1277 696 1328 eis
744 1274 954 1327 nomina
993 1281 1142 1326 uocat
1171 1273 1238 1338 ιθ,
1285 1283 1397 1324 tum
1445 1273 1635 1326 harum
1667 1271 1906 1326 omnium

329 1383 646 1432 .numerum,
681 1375 794 1420 tum
828 1365 1209 1434 appellationes
1247 1374 1409 1418 tenet.
1457 1363 1562 1416 Sed
1597 1377 1782 1432 paucae
1810 1375 1908 1413 no-

341 1472 466 1512 men
511 1471 791 1526 accepere,
824 1471 1055 1525 quarum
1110 1472 1266 1510 usum
1313 1454 1648 1510 admiserunt
1691 1467 1907 1522 quoque

342 1550 600 1620 gentiles;
633 1559 797 1619 atque
839 1551 1058 1604 nomina
1101 1549 1304 1616 reliqua
1343 1558 1533 1616 suopte
1568 1545 1786 1627 ingenio
1821 1554 1904 1598 al-

269 1647 274 1652 ”
341 1651 650 1706 texuerunt,
692 1651 746 1696 et
787 1641 1084 1694 innumeris
1126 1639 1434 1692 nominibus
1483 1639 1752 1708 appellant
1795 1647 1904 1691 tam

340 1734 477 1788 lixas
495 1747 654 1802 quam
679 1741 923 1786 errantes
940 1731 1143 1785 stellas.
1169 1729 1234 1782 Et
1257 1730 1392 1782 alias
1413 1729 1628 1797 quidem
1658 1727 1905 1781 dividunt

337 1827 394 1880 in
433 1826 712 1880 duodecim
750 1835 968 1894 partes;
1002 1824 1136 1878 alias
1188 1838 1314 1877 vero
1369 1837 1488 1891 qu:e
1541 1821 1905 1875 inhaerescunt

337 1917 542 1973 circulo
581 1916 860 1988 signifero,
891 1932 985 1984 per
1024 1930 1184 1984 quem
1222 1929 1378 1968 suum
1421 1913 1500 1968 sol
1531 1903 1634 1966 iter
1664 1912 1901 1977 conﬁcit,

340 2007 476 2062 alias
505 2007 714 2071 itidem,
747 2021 866 2076 qua:
891 2005 1095 2060 boreali
1133 2015 1188 2060 et
1224 2005 1480 2059 austrina:
1508 2003 1650 2074 parti
1673 2003 1903 2073 inﬁgun-

339 2108 450 2162 tur,
477 2099 555 2153 nti
581 2099 758 2162 libuit,
786 2105 1134 2152 vocaverunt.

2011 455 2199 523 κιρρον
2229 453 2362 520 (58).
2402 451 2806 523 Παραπλησίως
2834 453 2891 506 δὲ
2913 455 3008 506 καὶ
3034 455 3067 522 ἡ
3095 453 3294 518 Πλειὰς
3323 455 3596 526 ὀνομάζε-

2009 560 2096 596 ται
2152 544 2256 596 ὑπὸ
2306 544 2408 613 τῆς
2460 544 2720 616 Γραφῆς,
2777 545 2853 608 ὡς
2901 546 2994 598 καὶ
3046 547 3150 599 ὑπὸ
3201 546 3308 600 τῶν
3361 546 3595 613 ἔξωθεν,

2007 631 2116 685 τῶν
2146 632 2256 704 (59)
2280 632 2520 704 δηλονότι
2553 634 2682 704 παρ’
2729 633 2990 704 Ἐϐραίων
3025 634 3592 706 πολυπραγμονησὰν-

2008 742 2115 779 των
2138 726 2206 779 τὰ
2228 727 2534 798 ἀπόρρητα.
2566 725 2851 780 Φαίνονται
2880 726 2936 780 δὲ
2965 727 3060 780 καὶ
3085 730 3143 780 ὲν
3195 727 3413 782 Πλειάδι
3443 727 3594 782 ἑπτὰ

2009 817 2235 888 ἀστέρες
2265 819 2508 886 συνεχεῖς
2534 818 2626 870 καὶ
2654 819 3220 889 καταπεπυκνωμένοι
3245 819 3383 890 πρὸς
3416 821 3589 890 ἀλλή-

2009 904 2151 968 λους,
2185 905 2305 974 οὐχὶ
2331 905 2387 958 δὲ
2423 905 2501 971 ἒξ,
2551 907 2688 977 ὅπερ
2713 907 2854 970 τινὲς
2900 907 3130 960 οἴονται·
3187 909 3395 963 κεῖνται
3434 909 3493 962 δὲ
3525 911 3590 962 ὲν

2008 997 2372 1068 τριγωνοειδεῖ
2405 1001 2660 1070 σχήματι.
2703 999 2790 1063 Ὠς
2846 997 2942 1054 οὖν
2991 999 3224 1054 ἐνταῦθα
3265 1001 3496 1072 εὕρομεν
3522 1003 3591 1056 τὸ

2009 1089 2177 1160 ὄνομα
2211 1090 2304 1142 τοῦ
2343 1091 2616 1160 Ὠρίωνος,
2651 1090 2793 1144 οὕτω
2819 1091 2880 1144 τὸ
2911 1091 3082 1163 ὄνομα
3111 1091 3206 1146 τοῦ
3252 1092 3588 1164 Ἀρκτούρου

2009 1181 2104 1234 καὶ
2119 1181 2208 1234 τοῦ
2243 1181 2502 1252 Ἑσπέρου
2533 1182 2746 1252 καὶτῆς
2768 1182 3024 1247 Πλειάδος
3040 1184 3098 1238 ὲν
3114 1183 3194 1254 τῷ
3229 1183 3369 1250 Ἰὼϐ,
3391 1186 3450 1248 ὃς
3467 1185 3589 1255 (60)

2009 1287 2172 1340 φησιν
2191 1286 2205 1300 ·
2249 1272 2304 1322 '0
2327 1270 2513 1326 ποιῶν
2531 1271 2812 1336 Πλειάδα,
2836 1272 2938 1326 καὶ
2959 1273 3284 1341 "Eam-mou,
3315 1275 3414 1328 καὶ
3456 1275 3593 1342 Ἀρ-

2009 1361 2280 1429 κτοῦρον,
2304 1361 2403 1415 καὶ
2431 1362 2637 1431 ταμεῖα
2663 1363 2878 1418 Νότου.
2916 1365 2979 1417 '0
3008 1360 3122 1420 οὖν
3149 1365 3410 1434 ἀριθμῶν
3435 1366 3594 1432 πλή-

2006 1455 2080 1520 θη
2104 1452 2360 1520 ἄστρων,
2385 1455 2484 1507 καὶ
2511 1453 2704 1509 πᾶσιν
2722 1455 2926 1522 αὐτοῖς
2949 1457 3211 1526 ὀνόματα
3238 1455 3461 1520 καλῶν,
3484 1458 3593 1511 καὶ

2005 1544 2096 1597 τὸν
2127 1543 2358 1615 ἀριθμὸν
2397 1544 2508 1614 ἔχει
2547 1546 2763 1600 πάντων
2792 1545 2970 1601 αὐτῶν
2991 1586 3005 1610 ,
3037 1547 3132 1600 καὶ
3173 1546 3272 1610 τὰς
3307 1563 3594 1620 προσηγο-

2012 1637 2149 1708 ρίας.
2186 1635 2391 1703 ὐλίγαι
2425 1636 2480 1690 δέ
2512 1639 2648 1690 εἰσιν
2677 1639 2732 1691 αἱ
2753 1634 3275 1710 ὲκςωνηθεῖσαι,αἴς
3301 1639 3349 1691 οἱ
3385 1639 3594 1709 Ἕλλη-

2010 1746 2098 1791 νες
2129 1729 2586 1799 συγχρησάμενοι,
2627 1732 2720 1783 καὶ
2753 1729 2821 1783 τά
2865 1730 3028 1783 λοιπὰ
3070 1729 3420 1802 προσύφηναν
3453 1731 3593 1800 παρ’

2010 1820 2236 1883 ἑαυτῶν,
2262 1821 2356 1874 καὶ
2386 1821 2604 1892 μυρίαις
2627 1821 2942 1891 ὀνομασίαις
2970 1820 3430 1893 προσαγορεύουσι
3456 1820 3594 1882 τούς

2010 1929 2068 1964 τε
2125 1913 2384 1976 ἀπλανεῖς
2417 1913 2658 1984 ἀστέρας
2708 1915 2802 1966 καὶ
2853 1915 2978 1976 τοὺς
3031 1912 3434 1984 πλανωμένους.
3471 1911 3596 1964 Καὶ

2007 2003 2134 2065 τοὺς
2165 2004 2263 2074 μὲν
2287 2005 2584 2076 διαιροῦσιν
2633 2007 2716 2068 είς
2756 2003 2963 2058 δώδεκα
2999 2006 3169 2076 μέρη,
3191 2005 3318 2068 τοὺς
3352 2005 3410 2057 δὲ
3440 2003 3594 2056 κατὰ

2010 2095 2101 2149 τὸν
2125 2093 2399 2168 ζωοφόρον
2430 2095 2647 2160 κύκλον,
2672 2098 2738 2150 δι’
2769 2091 2830 2153 οὗ
2857 2101 2885 2152 6
2907 2098 3060 2169 ἥλιος
3083 2099 3182 2170 τὴν
3209 2099 3434 2170 πορείαν
3461 2115 3596 2151 ποι-

335 2191 498 2256 εῖται,
526 2191 651 2252 τοὺς
670 2189 726 2242 δὲ
758 2189 900 2243 κατά
924 2190 982 2242 τὸ
1017 2190 1222 2262 βόρειον
1257 2188 1352 2242 καὶ
1381 2188 1553 2242 νότιον
1609 2189 1773 2259 μέρος
1809 2191 2280 2262 παραπεπηγότας
2310 2192 2702 2262 κατωνόμασαν
2733 2192 2810 2256 ὡς
2839 2193 3218 2264 ἠϐουλήθησαν
3251 2194 3384 2264 (61).

391 2283 533 2338 '267.
572 2281 640 2336 Et
673 2291 912 2351 perdam,
951 2284 1146 2354 inquit,
1190 2283 1441 2347 iniuriam
1481 2285 1814 2353 iniquorum,
1852 2295 1900 2338 et

321 2375 703 2428 contumeliam
741 2376 1080 2443 superborum
1104 2375 1414 2427 humiliabo.
1462 2373 1556 2428 Est
1584 2373 1677 2428 Dei
1715 2375 1901 2444 optimi

337 2481 472 2535 opus
497 2466 632 2520 mala
662 2467 877 2534 penitus
899 2465 1096 2530 delere,
1123 2476 1181 2518 ut
1209 2481 1363 2519 suum
1390 2465 1658 2533 opificium
1691 2476 1902 2520 restau-

339 2566 458 2620 ret,
495 2556 788 2624 reddatque
838 2569 1028 2622 purum
1079 2555 1146 2606 ab
1185 2553 1331 2606 omni
1365 2553 1587 2616 malitia,
1631 2561 1792 2622 atque
1835 2555 1900 2607 ah

335 2647 486 2701 omni
517 2646 826 2700 inﬁrmitate
859 2655 912 2699 et
941 2644 1074 2699 vitio
1099 2644 1325 2698 liberum
1364 2644 1430 2697 ad
1462 2644 1760 2696 naturalem
1792 2653 1902 2697 sta—

339 2745 452 2789 tum
492 2736 734 2790 reducat.
773 2734 980 2788 Dicitur
1019 2733 1235 2803 quidem
1267 2732 1370 2786 alio
1411 2733 1644 2788 inloco:
1675 2729 1903 2786 Perdant

335 2828 648 2898 sapientia»:
702 2828 1036 2896 sapientium,
1080 2833 1130 2879 et
1183 2823 1517 2894 prudentiam
1567 2823 1900 2892 prudentium

337 2924 620 2994 reprobabo
650 2924 729 2976 '°:
764 2923 1016 2976 nimirum
1057 2922 1200 2992 quod
1227 2921 1412 2976 mundi
1451 2921 1610 2990 hujus
1635 2923 1899 2992 sapientia

2082 2285 2208 2342 ‘267.
2262 2287 2373 2340 Καὶ
2418 2287 2646 2354 ἀπολῶ,
2687 2288 2850 2359 φησὶν
2877 2327 2892 2352 ,
2954 2287 3125 2355 ὕϐριν
3170 2290 3428 2358 ἀνόμων,
3455 2292 3594 2345 ’καὶ

2011 2376 2180 2443 ὕϐριν
2203 2377 2602 2444 ὑπερηφάνων
2624 2379 2989 2436 ταπεινώσω.
3025 2379 3254 2448 Ἀγαθοῦ
3282 2380 3442 2451 ἔργον
3466 2383 3598 2436 ἐστὶ

2011 2468 2145 2520 Θεοῦ
2169 2468 2237 2521 τὰ
2273 2468 2451 2538 φαῦλα
2474 2467 2840 2538 ὲξαφανίζειν,
2875 2472 2961 2524 ἵνα
2987 2471 3222 2544 καθαρὸν
3266 2473 3374 2525 ἀπὸ
3401 2472 3597 2544 πάσης

2012 2559 2209 2622 κακίας
2235 2560 2294 2612 τὸ
2327 2559 2518 2612 ἑαυτοῦ
2567 2560 2956 2634 δημιούργημα
2989 2565 3446 2636 ἀποκαταστήσῃ,
3487 2567 3598 2618 καὶ

2011 2651 2320 2720 ἀπαλλαγὲν
2357 2653 2464 2704 ἀπὸ
2513 2653 2711 2716 παντὸς
2761 2655 3190 2726 ἀῤῥωστήματος
3219 2658 3300 2719 εἰς
3347 2657 3410 2710 τὸ
3441 2659 3597 2711 κατὰ

2012 2743 2171 2812 φύσιν
2208 2745 2548 2815 ὲπαναγὸιγῃ.
2596 2747 2850 2816 Ἀλλαχοῦ
2878 2747 2975 2816 μὲν
3003 2747 3111 2819 γὰρ
3137 2748 3348 2817 λέγεται
3371 2767 3386 2780 ’
3417 2749 3592 2805 Ἀπο-

2007 2834 2096 2890 λῶ
2129 2835 2245 2902 τὴν
2277 2835 2632 2903 σορίαντῶν
2661 2837 2890 2906 σοφῶν,
2918 2840 3016 2892 καὶ
3046 2839 3160 2908 τὴν
3185 2842 3442 2895 σύνεσιν
3465 2841 3596 2895 τῶν

2011 2923 2284 2977 συνετῶν
2319 2918 2624 2990 ἃϐετήσω·
2665 2929 2758 2978 καὶ
2793 2927 2872 2978 ὅτι
2922 2929 2954 2997 ἡ
3004 2927 3102 2980 τοῦ
3139 2929 3342 3000 κόσμου
3381 2931 3541 2995 σοφία
3569 2971 3588 2994 ,

337 3015 464 3066 dum
495 3029 589 3067 eos
619 3014 708 3083 qui
743 3029 802 3067 se
829 3013 1126 3082 excipiunt,
1159 3013 1381 3081 decipit,
1411 3013 1756 3080 erediturque
1785 3029 1900 3066 esse

2030 3017 2269 3070 ιπατῶσα
2285 3019 2410 3080 τοὺς
2432 3018 2908 3088 παραδεξαμένους
2931 3021 3122 3092 αὐτὴν,
3155 3023 3248 3074 καὶ
3265 3023 3591 3092 νομισθεῖσα

335 3121 484 3170 vera,
510 3106 817 3174 dogmatum
848 3105 913 3157 ad
938 3103 1166 3158 salutem
1195 3104 1624 3158 necessariorum
1655 3105 1904 3173 ignoran-

339 3199 466 3250 tiam
502 3197 697 3266 gignit.
742 3195 930 3249 Interit
973 3195 1136 3264 igitur
1170 3195 1284 3248 hzec
1325 3195 1622 3262 sapientia,
1651 3210 1833 3250 eversa
1872 3210 1901 3246 a

336 3289 586 3352 veritate,
622 3288 665 3343 si
703 3287 1033 3357 sophismata
1073 3294 1128 3340 et
1165 3286 1413 3340 suasoria
1449 3287 1564 3352 ejus
1589 3297 1900 3354 argumenta

340 3378 640 3443 solvantur,
683 3389 740 3432 ut
773 3393 932 3448 quem
961 3377 1075 3447 ipsa
1107 3379 1522 3448 prreoccupavit,
1551 3377 1594 3431 is
1621 3379 1688 3430 ah
1718 3393 1904 3430 errore

334 3479 392 3525 et
414 3485 443 3524 a
477 3470 604 3524 falsa
635 3471 885 3538 opinione
908 3469 1189 3524 liberetur.
1215 3469 1576 3535 Quamobrem
1602 3479 1662 3521 ut
1688 3470 1904 3522 morbus

336 3577 366 3615 a
399 3563 608 3616 medico
631 3557 963 3630 proﬂigator,
988 3568 1044 3614 et
1065 3557 1299 3613 tenebrae
1328 3558 1690 3611 discutiuntur
1709 3575 1738 3610 a
1765 3558 1899 3620 sole,
1948 3575 1950 3578 ν

336 3653 410 3704 ita
438 3666 466 3704 a
500 3650 609 3705 Deo
641 3650 843 3718 optimo
890 3649 1190 3703 destruitur
1246 3647 1551 3711 iniquorum
1599 3645 1814 3713 injuria,
1851 3657 1904 3699 et

333 3742 687 3810 superborum
709 3738 1033 3794 contumelia
1063 3737 1401 3808 deprimitur.
1428 3736 1560 3791 Eam
1588 3736 1657 3789 ob
1684 3751 1900 3790 causam

333 3832 502 3888 Jacob
537 3847 658 3886 cum
691 3831 862 3886 fausta
901 3830 1028 3884 ﬁliis
1056 3832 1170 3885 suis
1209 3830 1460 3901 Symeoni
1493 3837 1544 3882 et
1563 3827 1688 3882 Levi
1712 3843 1905 3897 preca—

337 3931 520 3976 retur:
555 3919 894 3986 Maledictus,
920 3918 1111 3988 inquit,
1142 3919 1296 3988 {uror
1337 3934 1540 3980 eorum,
1569 3918 1692 3980 quia
1739 3919 1904 3985 pervi-

333 4028 473 4068 cax:
499 4023 548 4067 et
580 4014 664 4066 ira
706 4029 918 4076 eorum,
967 4012 1092 4082 quia
1133 4011 1382 4064 indurata
1430 4020 1504 4064 est
1537 4011 1606 4062 3‘.
1639 4009 1900 4063 Vitiosum

333 4103 483 4157 illum
513 4103 756 4157 habitum
785 4117 881 4171 per
916 4103 1056 4156 hanc
1087 4101 1520 4156 maledictionem
1550 4109 1811 4169 amputat,
1845 4109 1902 4151 nt

333 4191 476 4260 quod
519 4191 571 4244 in
613 4191 692 4244 eis
724 4191 996 4244 residuum
1035 4199 1202 4254 esset,
1232 4190 1284 4243 id
1316 4191 1640 4259 patriarchae
1677 4191 1900 4244 benedi-

330 4283 511 4336 ctione
540 4283 758 4351 diguum
787 4281 1056 4336 evaderet.
1083 4279 1342 4334 Enmdem
1375 4281 1441 4334 ad
1467 4282 1683 4334 modum
1709 4289 1762 4333 et
1790 4281 1902 4334 Noe

333 4373 423 4424 ubi
447 4373 664 4426 rescivit
679 4372 806 4442 quid
820 4371 932 4427 sihi'
954 4372 1170 4426 fecisset
1197 4373 1335 4426 lilius
1351 4387 1482 4426 suus
1505 4372 1708 4438 junior,
1729 4375 1896 4428 dixit:

332 4459 494 4530 583
523 4460 835 4515 Maledictus
871 4460 1128 4514 Chanaan
1171 4463 1237 4515 “.
1271 4462 1384 4516 Etsi
1429 4462 1597 4516 Citam
1628 4462 1901 4518 exhibuis-

404 4639 446 4670 ¹⁷
466 4637 568 4693 Job
597 4654 671 4702 ix,
709 4641 760 4693 9.

329 4725 408 4774 Ix,
433 4709 524 4762 ‘25.

853 4639 896 4670 "
923 4640 1055 4694 ibid.
1092 4641 1144 4694 9.
1249 4643 1291 4672 ¹⁹
1313 4639 1457 4696 Psal.
1487 4657 1664 4710 CXLVI,
1695 4647 1748 4700 4.

407 4890 514 4962 (58)
546 4891 684 4964 Editi
726 4901 779 4946 et
811 4891 942 4964 Reg.
970 4900 1212 4964 quartus,
1247 4893 1565 4964 ύπύκιρῥον.
1609 4892 1895 4964 Henricia-

326 4977 430 5016 nus
459 4963 625 5016 codex
663 4971 718 5014 et
748 4963 852 5032 duo
891 4962 1204 5032 Golbertini,
1245 4962 1552 5032 ὑπόκειρον.
1607 4963 1758 5019 Alter
1789 4967 1898 5020 Du-

325 5033 418 5104 ςιιεί
437 5033 639 5104 codex,
665 5031 958 5103 ὑπόκηρον.
989 5031 1122 5101 Reg.
1147 5035 1365 5104 tertius,
1407 5031 1696 5104 ὑπόκιρνον
1718 5051 1732 5067 ο
1761 5051 1896 5104 quas

324 5101 585 5156 lectiones
633 5101 953 5170 omnespro
999 5103 1271 5156 meudosis
1319 5104 1516 5156 habent
1559 5101 1794 5158 Dircaeus
1839 5117 1894 5161 et

325 5171 718 5247 _Cor_nheiisius._
753 5171 944 5247 ΙξιιῑιιιΔ
963 5173 1130 5238 igitur
1150 5185 1444 5247 ,μηδι-(ψει
1472 5188 1570 5247 pro
1594 5175 1888 5247 ύπὸκιρρον

324 5240 431 5312 legi
468 5242 664 5312 debere
697 5241 1033 5312 ὑπόπυρρον,
1062 5241 1212 5293 stella
1253 5243 1472 5308 subrufo
1499 5257 1518 5292 :
1560 5245 1614 5296 in
1647 5240 1891 5312 quo'ini-

326 5310 432 5362 rari
451 5312 595 5364 subit
619 5311 760 5364 viros
779 5310 970 5378 linguis
994 5311 1194 5365 Graecae
1225 5313 1580 5379 peritissimos
1639 5310 1739 5368 non
1774 5317 1891 5369 ani-

325 5381 701 5443 madvertisse,
733 5382 864 5433 nihil
897 5395 1017 5435 esse
1043 5395 1220 5434 causa:
1251 5397 1348 5434 cur
1369 5384 1657 5450 quidquam
1708 5398 1886 5437 muta-

325 5459 512 5524 retur,
545 5465 666 5504 cum
698 5451 943 5524 Speciem
972 5452 1079 5524 ruli
1111 5453 1302 5524 coloris
1327 5467 1466 5524 νοω
1493 5453 1683 5524 κιρρός
1718 5457 1889 5524 signi-

327 5520 470 5572 Iicari
501 5530 707 5573 constet
735 5522 814 5572 vel
843 5537 906 5574 ex
934 5521 1115 5574 lexicis
1146 5522 1550 5589 vulgatior-ibus.

393 5589 504 5656 (59)
524 5591 699 5643 Codex
732 5589 815 5653 17.,
844 5592 949 5645 τῶν
969 5591 1184 5656 ἔξωθεν.
1218 5594 1282 5644 At
1311 5593 1362 5644 iu
1392 5591 1713 5646 llenriciauo
1742 5605 1795 5646 et
1825 5594 1880 5647 in

321 5657 530 5727 Anglic.
561 5675 712 5729 teque
739 5677 802 5716 ac
833 5663 885 5717 in
917 5664 1123 5720 duobus
1149 5662 1472 5718 Golberlinis
1503 5674 1760 5736 repetitur
1793 5681 1882 5718 ara

2007 3104 2145 3161 εἶναι
2177 3108 2423 3178 ἀληθινὴ,
2456 3111 2677 3177 ἄγνοιαν
2720 3113 2940 3180 ἐμποιεῖ
2983 3114 3089 3166 τῶν
3122 3115 3255 3184 πρὸς
3307 3117 3593 3188 σωτηρίαν

2005 3199 2305 3268 δογμάτων.
2356 3199 2699 3267 ’Λφανξζεται
2747 3199 2837 3254 οὖν
2886 3205 2918 3273 ἡ
2963 3205 3128 3274 σοφία
3167 3207 3592 3278 ἁνατρεπομένη

2007 3289 2110 3341 ὑπὸ
2140 3289 2236 3359 τῆς
2271 3289 2546 3358 ἀληθείας,
2601 3291 2877 3360 λυομένων
2933 3295 3041 3348 τῶν
3097 3298 3444 3368 σοφισμάτων
3488 3302 3598 3354 καὶ

2005 3379 2110 3430 τῶν
2141 3379 2512 3449 πιθανοτήτων
2541 3383 2728 3450 αὐτῆς,
2763 3385 2847 3435 ἵνα
2883 3387 3054 3456 ῥυσοῇ
3100 3387 3207 3440 ἀπὸ
3232 3387 3444 3457 ἀπάτης
3485 3405 3590 3442 και

2004 3467 2342 3535 ψευδοδοξὶας
2363 3471 2391 3522 ὁ
2417 3469 2506 3521 ὑπ’
2538 3471 2708 3541 αὐτῆς
2739 3473 3173 3544 προειλημμένος
3198 3475 3330 3544 (62).
3375 3477 3462 3540 Ὠς
3487 3474 3592 3532 οὖν

2005 3559 2295 3612 ἀπόλλυται
2336 3560 2488 3623 νόσος
2512 3561 2616 3614 ὑπὸ
2655 3562 2839 3632 ἰατροῦ
2866 3605 2880 3629 ,
2916 3565 3010 3618 καὶ
3061 3567 3356 3621 ἀπόλλυται
3391 3568 3591 3632 σκότος

2007 3651 2112 3703 ὑπὸ
2169 3651 2354 3722 ἡλίουο
2411 3653 2582 3715 οὕτως
2619 3653 2915 3709 ἀπόλλυται
2946 3657 3050 3710 ὑπὸ
3084 3659 3176 3711 τοῦ
3207 3659 3413 3727 ἀγαθοῦ
3443 3660 3592 3713 Θεοῦ

2007 3743 2163 3816 ὕϐρις
2194 3745 2429 3815 ἀνόμων,
2468 3747 2562 3798 καὶ
2596 3745 2753 3816 ὕϐρις
2796 3749 3160 3821 ὑπερηφάνων
3209 3751 3586 3810 ταπεινοῦται.

2007 3835 2096 3888 Διὸ
2123 3837 2216 3888 καὶ
2243 3839 2270 3889 6
2325 3837 2519 3891 Ἰακὼϐ
2544 3839 2781 3908 εὐλογῶν
2835 3843 2960 3906 τοὺς
3017 3845 3165 3907 υἱοὺς
3215 3844 3441 3916 Συμεὼν
3486 3847 3593 3900 καὶ

2005 3925 2156 3990 Λευῖ,
2193 3929 2676 3998 Ἐπικατάρατος,
2711 3933 2896 4004 φησὶν,
2925 3937 2958 3987 ό
2996 3935 3181 4004 θυμὸς
3211 3936 3412 3990 αὐτῶν
3433 3977 3450 4003 ,
3493 3937 3590 3991 ὅτι

2005 4017 2287 4086 αὐθάδηςο
2312 4021 2408 4074 καὶ
2435 4023 2472 4090 ἡ
2487 4023 2672 4092 μῆνις
2696 4023 2914 4094 αὐτῶν,
2934 4025 3021 4080 ὅτι
3041 4028 3424 4097 ἑσκληρύνθη
3447 4030 3589 4100 (65,1.

2006 4109 2113 4179 Τὴν
2145 4116 2386 4182 πονηρὰν
2416 4112 2526 4178 ἕξιν
2552 4115 2651 4184 τῆς
2707 4117 2952 4188 κατάρας
2975 4117 3333 4184 ὲξαναλίσκει,
3385 4121 3472 4172 ἵνα
3521 4123 3594 4174 τὸ

2004 4201 2459 4273 καταλειπόμενον
2493 4207 2550 4258 ὲν
2573 4207 2753 4269 αὐτοῖς
2782 4207 2930 4272 ἀξιον
2953 4211 3051 4280 τῆς
3081 4209 3328 4278 εὐλογίας
3359 4211 3452 4264 τοῦ
3481 4230 3594 4265 πα-

1937 4323 1979 4376 D
2002 4291 2260 4361 τριάρχου
2294 4293 2536 4365 γένηται.
2575 4295 2730 4350 Οὕτω
2759 4298 2815 4350 δὲ
2849 4299 2942 4351 καὶ
2962 4299 3106 4364 Νῶε,
3141 4303 3303 4368 γνοὺς
3328 4301 3357 4354 ὃ
3389 4303 3549 4370 ﬁmi»;
3570 4333 3588 4344 -

2008 4399 2097 4434 σεν
2129 4383 2275 4454 αύτῴ
2304 4387 2330 4436 ὁ
2351 4385 2464 4448 υἱὸς
2492 4387 2655 4440 αὑτοῦ
2689 4391 2716 4442 6
2741 4389 3022 4460 νεώτερος,
3072 4386 3224 4444 εἶπεν
3247 4409 3261 4422 ο
3307 4393 3588 4446 Ἐπικατ-

2008 4473 2224 4542 άρατος
2280 4477 2543 4534 Χαναὰν.
2578 4479 2770 4534 Καίτοι
2793 4481 2926 4552 Χὰμ
2955 4479 3024 4553 ἦν
3046 4485 3074 4536 6
3101 4482 3443 4554 λελυπηκὼς,
3467 4485 3590 4537 ἀλλ’

1803 4651 1886 4725 .’°
1914 4651 2020 4710 lsa.
2053 4660 2341 4728 xx1x,M;
2377 4662 2394 4715 l
2423 4662 2550 4716 Cor.
2585 4664 2743 4728 1,19.
2820 4667 2864 4696 ¹¹
2900 4665 3036 4721 Gen.
3071 4681 3222 4730 χιιι,
3245 4666 3302 4720 7.
3365 4667 3413 4699 ”
3442 4665 3584 4723 Gen.

2005 4902 2221 4975 ticulus,
2245 4904 2354 4957 τῶν
2382 4905 2602 4971 ἔξωθεν,
2629 4907 2758 4975 τῶν,
2795 4919 2964 4965 recte.

2005 4973 2444 5095 ms(60)ﬁodices
2501 4973 2752 5032 nonnulli
2775 4995 2896 5033 cum
2930 4978 3110 5045 editis,
3167 4979 3264 5044 ὥς.
3319 4981 3427 5036 Alii
3475 4982 3592 5042 duo

2090 5061 2159 5096 ς..
2187 5061 2266 5096 ος.

2066 5079 2423 5191 ξῖίΐῖἤιρνβε
2444 5115 2848 5191 _aliquot__libri,
2875 5117 2952 5180 ὡς
2980 5118 3274 5190 ἠθέλησαν.
3316 5121 3586 5191 Aliquan-

1992 5189 2199 5304 ὃίέὖροει
2247 5187 2396 5248 editi,
2432 5186 2632 5253 ἀγαθὸν
2665 5187 2848 5258 ἔργον.
2895 5192 2962 5241 At
3005 5186 3146 5243 iussi
3171 5206 3380 5256 omnes,
3419 5186 3583 5262 ἀγα-

2206 5321 2404 5400 _Editi,_
2436 5325 2926 5400 προσειλημμένος.
2973 5328 3172 5400 Melius
3231 5330 3285 5383 in
3349 5341 3589 5400 utroque

1993 5391 2240 5445 Co'mbef.
2283 5407 2352 5474 et_
2391 5397 2442 5474 in
2467 5391 2899 5474 _'tiliis_q'ua:tu‘or,
2951 5399 3421 5474 _g:_pos:).qupévog.
3458 5391 3590 5458 Mox

1939 5501 1952 5518 .
1996 5471 2292 5536 trefs___mss.,
2329 5465 2437 5518 ἀπὸ
2467 5465 2650 5536 ἰατροῦ
2683 5467 2776 5519 καὶ
2803 5465 3170 5521 διαπόλλυται.

2065 5532 2176 5610 (9'5)
2217 5531 2447 5610 Eeteres
2486 5531 2726 5605 quinque
2767 5537 2933 5608 libri.
2981 5539 3345 5610 ἐσκληρύνοη.
3412 5540 3590 5610 Editi,

1990 5601 2332 5673 ἐσκληρὼοη
