3810 6214
224 373 314 434 589

993 363 1348 422 COMMENT.
1387 363 1456 419 IN
1494 361 1730 420 ISAIAM
1765 357 2209 419 PBOPHETAM.
2250 357 2403 415 CAP.
2442 357 2585 417 Xlll.

3333 348 3435 417 590

227 488 354 557 ὅμως
368 483 457 537 οὐκ
475 479 618 553 αὑτῷ
632 481 961 552 καταρᾶται,
979 479 1118 534 ἀλλὰ
1144 478 1223 550 τῷ
1248 480 1408 550 γεννή
1417 495 1547 549 ματι
1571 476 1758 542 αὐτοῦ,

1869 487 1948 533 set
1975 478 2314 543 metestiam;
2346 491 2452 531 non
2508 488 2690 531 tamen
2738 476 2787 529 ei
2828 474 3128 542 maledicit,
3178 478 3273 533 sed
3318 477 3438 547 ejus

223 572 305 629 καὶ
346 572 416 642 τῷ
443 570 584 644 ἔργῳ
639 569 829 635 αὑτοῦ,
863 571 1000 642 ὅπερ
1050 567 1392 641 συμϐολικῶς
1435 566 1756 639 ὀνομάζεται

220 661 411 716 Χαναὰν
428 677 441 690 ·
469 660 599 713 διότι
628 658 992 730 ἑρμηνεύεται
1016 656 1259 728 Χαναὰν,
1284 659 1364 724 ὡς
1387 655 1601 723 σάλος.
1658 656 1759 710 Διὰ

219 750 272 805 τὸ
302 745 382 804 οὖν
415 751 468 803 ἐν
489 750 699 820 κινήσει
728 748 845 817 (64)
879 747 977 819 τὴν
1012 747 1125 814 ἕξιν
1150 747 1443 819 γινομένην
1480 747 1541 800 τὸ
1588 746 1758 809 πάθος

221 841 470 904 ἐπιτελεῖν,
495 842 554 894 οὑ
583 844 649 912 τῇ
674 840 912 894 διαθέσει
939 840 1268 911 καταρᾶται,
1311 838 1449 892 ἀλλὰ
1496 837 1575 909 τῷ
1612 838 1758 910 ἔργῳ

219 932 284 1004 τῷ
308 933 392 987 ἀπ’
412 935 595 1005 αὑτῆς.
623 932 888 986 Δύσκολον
910 930 1019 1004 γὰρ
1046 932 1105 984 τὸ
1124 933 1182 983 ἐν
1209 930 1405 1002 καρδίᾳ
1442 929 1678 1001 καθαρὸν
1701 932 1758 984 ἐν

219 1023 466 1097 ἀνθρώπου
499 1024 659 1094 φύσει
687 1024 1039 1093 διασωθῆναι.
1076 1023 1244 1094 Δῆλον
1269 1022 1347 1086 δὲ,
1374 1023 1458 1076 ὅτι
1480 1021 1758 1091 ἀφανίζων

214 1116 298 1183 τὴν
323 1113 464 1186 ὕϐριν
482 1113 590 1168 τῶν
616 1112 1003 1184 ὑπερηφάνων,
1042 1113 1140 1183 οὐχ
1169 1111 1227 1165 ἓν
1255 1111 1413 1182 μόνον
1438 1111 1545 1163 τῶν
1575 1110 1758 1163 κακῶν

217 1204 517 1271 ὲξαναλίσκει
543 1246 558 1269 ,
608 1205 722 1258 ἁλλ’
773 1205 880 1257 ἀπὸ
933 1204 1050 1268 ἑνὸς
1085 1206 1476 1275 ἁμαρτήματος
1525 1205 1760 1256 διατατι-

215 1297 310 1360 κῶς
340 1297 439 1369 (65)
462 1300 545 1367 ἐφ’
579 1298 677 1351 ὅλα
700 1296 766 1350 τὰ
794 1296 907 1366 εἴδη
926 1295 1027 1367 τῆς
1057 1295 1255 1358 κακίας
1285 1295 1563 1361 ἐξακούειν
1594 1311 1762 1365 προσ-

214 1387 317 1456 ήκει
343 1387 434 1456 τῆς
466 1387 697 1458 ὕϐρεως.
725 1387 786 1439 Ol
814 1387 924 1457 γὰρ
956 1386 1147 1457 ἄνομοι
1175 1386 1515 1456 ἐξυϐρίζουσι
1549 1386 1646 1455 μὲν
1681 1389 1760 1448 εἰς

211 1472 290 1525 τὸν
318 1475 431 1526 ναὸν
464 1475 597 1545 (66),
626 1474 969 1546 ἐξυϐρίζουσι
1008 1476 1064 1527 δὲ
1094 1476 1173 1538 είς
1221 1475 1314 1527 τὸν
1361 1475 1606 1546 πλησίον,
1674 1474 1760 1540 ἐξ·

212 1563 458 1634 ὑϐρίζουσι
478 1566 535 1618 δὲ
557 1568 637 1630 είς
663 1567 723 1618 τὸ
753 1568 871 1619 κατ’
901 1567 1084 1619 εἰκόνα
1109 1565 1202 1618 τοῦ
1228 1566 1530 1631 κτίσαντος,
1557 1567 1649 1618 καὶ
1675 1566 1762 1619 διὰ

209 1657 295 1725 τῆς
342 1658 540 1721 εἰκόνος
586 1661 619 1728 ἡ
655 1658 814 1729 ὕϐρις
853 1658 1136 1711 ἀναϐαίνει
1190 1660 1285 1711 ἐπὶ
1338 1659 1429 1711 τὸν
1480 1658 1756 1713 κτίσαντα.

211 1747 393 1821 Ὠσπερ
423 1750 532 1822 γὰρ
562 1752 591 1803 6
621 1750 907 1821 βασιλικὴν
936 1750 1118 1803 εἰκόνα
1148 1751 1485 1822 καθυϐρίσας
1512 1792 1526 1815 ,
1560 1751 1636 1815 ὡς
1680 1752 1760 1815 εἰς

209 1839 348 1892 αὐτὸν
377 1841 759 1913 ἐξαμαρτήσας
799 1841 907 1913 (67)
933 1841 1022 1894 τὸν
1053 1841 1275 1911 βασιλέα
1305 1843 1578 1914 κρίνεταιο
1618 1841 1761 1895 οὕτω

207 1924 418 1996 δηλονότι
450 1931 708 1992 ὑπόδικός
740 1932 855 1983 ἐστι
881 1933 947 2001 τῇ
993 1932 1234 2003 ἁμαρτίᾳ
1252 1934 1280 1984 6
1303 1932 1395 1984 τὸν
1430 1932 1550 1985 κατ’
1578 1932 1761 1985 εἰκόνα

209 2022 547 2091 γεγενημένον
569 2022 936 2095 καθυϐρίζων.
1006 2024 1247 2094 Ὑϐρίζει
1299 2024 1365 2077 δὲ.
1411 2025 1517 2095 πρὸ
1545 2024 1761 2077 πάντων

206 2111 289 2162 καὶ
310 2113 488 2167 ἑαυτὸν
529 2115 559 2166 6
600 2115 818 2186 πόρνος,
852 2115 941 2168 διὰ
972 2116 1070 2186 τῆς
1105 2115 1343 2186 φθορᾶς·
1377 2118 1404 2169 ὁ
1429 2116 1635 2187 μοιχὸς,
1674 2115 1763 2168 διὰ

204 2200 286 2253 τοῦ
312 2201 461 2273 ἔργου
490 2207 594 2276 τῆς
616 2206 878 2276 αἰσχύνης
903 2224 916 2236 ·
949 2208 978 2259 6
1005 2207 1266 2278 κλέπτης,
1307 2207 1394 2262 διὰ
1434 2208 1537 2275 τῆς
1567 2225 1759 2261 ταπει-

203 2294 286 2365 νῆς
313 2297 400 2348 καὶ
439 2299 674 2369 αἰσχρᾶς
714 2300 807 2352 καὶ
846 2298 1199 2369 ἀνελευθέρου
1243 2298 1525 2371 πράξεωςο
1567 2301 1596 2351 ὁ
1627 2298 1761 2367 ψεύ-

206 2399 339 2455 στης,
363 2387 445 2440 διὰ
468 2388 567 2441 τοῦ
591 2389 934 2460 ἀρνήσασθαι
962 2391 1060 2463 τὴν
1095 2390 1352 2460 ἀλήθειαν
1377 2407 1389 2418 ·
1423 2392 1452 2443 ὁ
1482 2391 1758 2461 ἐπίορκος,

201 2474 278 2529 διὰ
295 2478 385 2547 τῆς
407 2480 516 2533 ἀπὸ
538 2480 672 2533 Θεοῦ
700 2481 1126 2553 ἀλλοτριώσεως.
1157 2482 1319 2534 Ὥστε
1344 2484 1493 2535 πᾶσα
1516 2483 1762 2553 ἁμαρτία

203 2562 341 2638 ὕϐρις
369 2570 501 2635 ἐστὶ,
538 2572 632 2624 καὶ
673 2570 885 2643 ὕϐρεώς
914 2575 1030 2625 ἐστι
1059 2572 1342 2643 βλάστημα
1378 2574 1513 2645 (68),
1542 2574 1758 2643 πρώτου

201 2655 458 2731 ἁπτομένη
484 2660 584 2714 τοῦ
610 2661 886 2732 ὑϐριστοῦ.
905 2660 1244 2714 Ταπεινώσει
1269 2662 1325 2714 δὲ
1352 2663 1445 2714 καὶ
1476 2662 1575 2731 τὴν
1607 2661 1761 2733 ὕϐριν

201 2746 294 2799 τῶν
330 2750 714 2823 ὑπερηφάνων,
762 2752 1021 2805 διότικαὶ
1073 2755 1106 2823 ή
1165 2753 1505 2823 ὑπερηφανία
1557 2753 1760 2823 ἀδελφὴ

197 2839 284 2909 τῆς
312 2842 537 2913 ἀνομίας
584 2844 751 2897 ἐστίν.
804 2845 860 2898 Ὁ
911 2845 1019 2916 γὰρ
1052 2844 1234 2905 ἄδικος
1286 2846 1627 2915 ὑπερηφανεῖ
1661 2843 1760 2915 τὴν

198 2928 549 3005 δικαιοσύνην,
573 2935 669 2988 καὶ
702 2936 1094 3006 κατεπαίρεται
1132 2936 1302 3007 αὐτῆς
1330 2953 1344 2967 ο
1378 2937 1474 2989 καὶ
1505 2938 1533 2990 ὁ
1558 2935 1758 2990 ἀκόλα-

200 3037 308 3087 στος
334 3026 470 3079 κατὰ
503 3027 609 3097 τῆς
638 3027 992 3099 σωφροσύνης
1025 3028 1195 3095 λαλεῖ,
1230 3030 1357 3083 ὅταν
1379 3029 1614 3101 διαπτύῃ
1646 3027 1759 3098 (69)

198 3112 277 3164 τὸν
302 3115 495 3188 ἀκριϐῆ
548 3119 606 3169 ὲν
659 3119 793 3171 πᾶσι
832 3119 1375 3191 παρατετηρημένον,
1411 3121 1505 3172 καὶ
1524 3120 1624 3189 τὴν
1660 3119 1757 3189 μὲ-

198 3224 307 3277 χρις
333 3209 629 3282 ὀφθαλμῶν
662 3212 875 3281 κίνησιν
919 3212 1386 3281 παιδαγωγοῦντα.
1448 3212 1505 3264 Ὁ
1551 3213 1758 3275 ἄσωτος

197 3295 281 3352 ’σὺν
305 3301 359 3352 ἓν
382 3300 563 3373 διαίτῃ
595 3303 813 3374 μέτριον
836 3321 850 3333 ο
880 3305 908 3356 6
953 3303 1141 3373 ἄφρων
1195 3302 1587 3372 καταχλευάζει
1635 3303 1763 3364 τοὺς

199 3396 475 3471 πριττοὺς⁸
494 3398 559 3448 ἐν
587 3389 766 3465 σοφίᾳ,
804 3396 897 3447 καὶ
930 3386 1232 3464 φιλοπόνως
1273 3394 1384 3465 (70)
1428 3393 1762 3465 πανταχόθεν

199 3474 394 3542 ἑαυτοῖς
424 3480 782 3548 συλλέγοντας
811 3481 879 3534 τὰ
911 3481 1229 3553 μαθήματα.
1273 3483 1331 3536 '0
1380 3478 1473 3537 οὖν
1520 3484 1766 3538 ἀντιτασ-

198 3559 408 3632 σόμενος
438 3567 817 3639 ὑπερηφάνοις
847 3570 1071 3641 Κύριος,
1095 3572 1189 3624 καὶ
1214 3571 1485 3625 ταπεινῶν
1509 3574 1766 3645 ἁμαρτω-

196 3646 308 3715 λοὺς
337 3654 440 3719 ἕως
483 3658 593 3728 γῆς
616 3697 631 3722 ,
685 3652 839 3722 οὕτος
887 3660 1282 3729 ἐπαγγέλλεται
1328 3661 1428 3734 τὴν
1459 3661 1618 3735 ὕϐριν
1655 3664 1764 3719 τῶν

198 3739 555 3817 ὑπερηφάνων
616 3749 999 3806 ταπεινώσειν.
1073 3752 1131 3805 '0
1174 3750 1268 3807 οὖν
1308 3755 1583 3807 ταπεινῶν
1640 3756 1769 3820 τοὺς

199 3832 590 3908 ὑπερηφάνους,
615 3841 801 3911 ῥύεται
829 3843 926 3912 μὲν
952 3845 1149 3908 αὐτοὺς
1174 3846 1237 3897 ὲκ
1256 3846 1353 3916 τῆς
1378 3846 1513 3916 πρὸς
1537 3845 1629 3898 τὸν
1653 3846 1769 3900 διά-

195 3923 338 3982 ϐολον
393 3933 732 4002 ὁμοιότητος,
767 3936 915 3998 ὅστις
958 3936 1075 3988 ἐστὶ
1129 3938 1312 4007 πατὴρ
1343 3937 1444 4007 τῆς
1482 3939 1768 4010 ὑπερηφα-

193 4015 323 4083 νίας,
368 4023 557 4091 ὲνάγει
609 4024 664 4076 δὲ
714 4025 911 4087 αὐτοὺς
946 4025 1080 4095 πρὸς
1133 4025 1195 4078 τὸ
1235 4025 1634 4097 μαθητεύεσθαι
1682 4027 1761 4099 τῷ

191 4107 415 4163 εἰπόντιι
443 4112 676 4168 Μὰθετε
706 4116 808 4169 ἀπ’
846 4115 1013 4182 ἐμοῦ,
1048 4115 1137 4169 ὅτι
1166 4117 1355 4184 πρᾶός
1390 4120 1506 4187 εἰμι
1532 4120 1634 4173 καὶ
1660 4136 1762 4173 τα-

189 4205 385 4271 πεινὸς
412 4206 490 4277 τῇ
516 4208 750 4276 καρδίᾳ.

1859 569 2107 638 germini,
2140 568 2414 638 ipsiusque
2454 566 2630 635 Operi,
2658 566 2802 634 quod
2844 564 3140 636 symbolice
3189 567 3439 621 nominaa

1861 670 1947 714 tur
1963 661 2217 715 Chanaan
2244 678 2257 713 :
2283 660 2483 730 quippe
2499 659 2783 721 Chanaan,
2803 659 2847 712 si
2875 657 3267 727 interpreteris,
3288 660 3434 715 idem

1859 752 2000 806 valet
2039 767 2102 807 ac
2129 753 2285 821 quasi
2329 752 2632 805 commotio.
2667 749 2800 816 Quia
2841 749 3006 820 igitur
3040 750 3258 805 habitus
3288 764 3437 808 com-'-

1859 854 2038 899 molus
2068 853 2121 898 et
2141 845 2504 899 exsuscitatus
2543 853 2733 896 νιιιιιιη
2764 842 2921 911 parit,
2942 857 3047 895 non
3078 840 3312 910 aﬂ‘ectui,
3335 846 3430 900 sed

1858 936 2005 1003 operi
2043 950 2108 989 ex
2154 950 2219 989 eo
2266 935 2552 1005 prodeunti
2590 932 2884 987 maledicit.
2922 932 3055 986 Nam
3102 933 3155 987 in
3195 934 3429 989 humana

1859 1034 2048 1077 natura
2074 1023 2286 1079 dillicile
2326 1032 2574 1078 servatur
2608 1023 2787 1076 cordis
2819 1021 3049 1091 puritas.
3078 1021 3428 1090 Compertum

1859 1124 1943 1169 est
1964 1124 2166 1178 autem,
2197 1129 2319 1167 eum
2360 1114 2450 1182 qui
2479 1113 2809 1167 exterminat
2851 1110 3202 1179 superborum
3241 1119 3434 1165 contu-

1861 1205 2097 1269 meliam,
2123 1220 2228 1258 non
2253 1221 2421 1258 unum
2454 1205 2720 1258 duntaxat
2747 1203 2935 1255 vitium
2971 1201 3307 1268 rescindere;
3336 1203 3433 1257 sed

1861 1309 1957 1362 par
1983 1302 2064 1347 est
2095 1294 2478 1350 contumeliam
2513 1294 2584 1347 ita
2615 1292 3053 1360 interpretari,ut
3091 1291 3158 1345 ab
3182 1306 3288 1345 uno
3312 1306 3436 1359 pee-

1860 1395 1983 1439 calo
2011 1388 2077 1439 ad
2119 1385 2299 1439 omnia
2331 1385 2587 1453 nequitiae
2626 1398 2827 1454 genera
2869 1384 3192 1437 extendatur
3221 1396 3435 1438 sensus.

1859 1476 2071 1530 Etenim
2102 1476 2271 1546 iniqui
2297 1475 2675 1530 comnmeliam
2698 1475 2909 1543 jaciunt
2933 1474 2984 1527 in
3015 1474 3440 1543 templum,con-

1860 1570 2015 1624 viciis
2045 1578 2430 1624 consectantur
2460 1568 2763 1637 proximum
2808 1575 2863 1621 et
2888 1568 3029 1636 quod
3056 1567 3122 1620 ad
3148 1567 3436 1636 imaginem

1860 1660 2172 1716 Conditoris
2212 1660 2414 1716 factum
2456 1668 2559 1723 est,
2598 1659 2649 1714 id
2674 1659 2998 1714 contumelia
3035 1666 3254 1722 vexant,
3277 1666 3441 1727 atque

1861 1752 2187 1806 contumelia
2219 1751 2287 1805 ab
2310 1752 2544 1822 imagine
2576 1753 2643 1804 ad
2668 1749 2917 1817 Opilicem
2941 1748 3206 1804 ascendit.
3240 1746 3441 1814 Quem-

1795 1826 1835 1882 θ
1864 1846 2151 1900 admodum
2175 1846 2317 1898 enim
2342 1845 2433 1915 qui
2458 1843 2844 1898 contumeliam
2870 1843 3143 1910 intorquet
3166 1840 3218 1894 in
3236 1839 3439 1909 regiam

1867 1935 2179 2003 imaginem,
2211 1935 2437 2003 perinde
2464 1934 2878 1996 condemnatur,
2911 1946 2976 1985 ac
3005 1932 3050 1986 si
3080 1938 3359 1999 peccasset
3386 1931 3439 1983 in

1865 2029 2042 2095 ipsum
2078 2042 2259 2096 regem
2287 2045 2300 2080 :
2333 2027 2404 2080 ita
2428 2041 2559 2080 sane
2585 2025 2830 2094 quisquis
2861 2024 3068 2077 homini
3098 2024 3163 2077 ad
3185 2022 3279 2077 Dei
3304 2023 3439 2076 ima-

1863 2113 2038 2181 ginem
2069 2112 2286 2166 condito
2319 2112 2450 2167 facit
2484 2112 2868 2167 contumeliam
2903 2112 3170 2166 obnoxius
3196 2121 3279 2167 est
3307 2126 3440 2181 pec-

1862 2215 2005 2259 cato.
2050 2202 2169 2259 Prae
2212 2205 2465 2259 omnibus
2506 2219 2635 2258 vero
2673 2218 2731 2257 se
2764 2204 2876 2272 ipse
2917 2204 3246 2259 contumelia
3276 2203 3440 2259 allicit

1864 2293 2162 2350 fornicator
2195 2312 2291 2364 per
2316 2296 2741 2364 corruptionem,
2765 2296 2977 2350 adulter
3004 2310 3100 2365 per
3121 2296 3301 2365 operis
3325 2305 3441 2349 tur-

1863 2387 2181 2453 pitudinem,
2230 2385 2317 2440 fur
2352 2401 2448 2456 per
2491 2386 2651 2439 vilem
2682 2386 2990 2457 (cedamque
3020 2396 3076 2440 et
3119 2384 3436 2440 illiberalem

1863 2480 2158 2543 actionem,
2184 2480 2413 2533 mendax
2442 2481 2585 2547 quod
2614 2480 2900 2534 veritatem
2931 2478 3225 2545 inliciatur,
3254 2478 3439 2550 perju-

1865 2585 1976 2631 rus,
2002 2573 2142 2638 quod
2166 2572 2370 2626 recedit
2393 2588 2423 2625 a
2448 2572 2575 2626 Deo.
2606 2573 2785 2637 Quare
2808 2580 3089 2640 peccatum
3118 2586 3276 2625 onme
3303 2586 3439 2626 con-

1866 2662 2086 2715 tumelia
2121 2670 2225 2726 est,
2260 2664 2709 2731 contumeliacque
2740 2678 2980 2733 germen,
3008 2672 3064 2717 et
3090 2663 3142 2716 in
3175 2662 3441 2717 convicia-

1867 2761 2034 2806 torem
2071 2755 2301 2819 primum
2339 2754 2550 2809 recidit.
2584 2754 2723 2820 Quin
2751 2764 2807 2807 et
2838 2752 3145 2808 humiliabit
3182 2752 3442 2821 superbo-

1866 2860 1983 2896 rum
2024 2847 2579 2915 contumeliam,quod
2615 2846 2863 2914 superbia
2894 2859 3046 2899 soror
3078 2846 3149 2899 sit
3184 2844 3443 2913 iniquita-

1865 2937 1952 2989 tis.
1989 2935 2208 3003 Iniquus
2259 2938 2403 2991 enim
2459 2937 2728 3004 justitiam
2778 2938 3009 3004 superbe
3038 2947 3092 2992 et
3126 2937 3442 3006 arroganter

1863 3027 2109 3097 despicit,
2147 3037 2201 3083 et
2252 3031 2517 3083 adversus
2572 3045 2691 3083 eam
2750 3023 3046 3084 extollitur.
3099 3028 3279 3097 Atque
3330 3028 3438 3081 im-

1788 3162 1830 3221 C
1862 3122 2086 3188 pudicus
2130 3122 2389 3176 adversus
2442 3121 2754 3190 pudicitiam
2798 3122 3055 3192 loquitur,
3112 3135 3237 3175 cum
3285 3134 3442 3189 sper-

1869 3219 1961 3262 nat
1992 3226 2113 3265 eum
2171 3211 2263 3280 qui
2297 3226 2355 3265 se
2385 3212 2638 3267 observat
2663 3212 2716 3265 in
2754 3211 3026 3276 omnibus,
3058 3217 3114 3264 et
3140 3207 3227 3263 vel
3264 3207 3441 3277 ipsum

1860 3302 2139 3356 oculorum
2192 3311 2398 3356 motum
2442 3303 2775 3357 moderatur.
2806 3300 3142 3355 Luxuriosus
3162 3314 3284 3354 eum
3316 3302 3446 3354 cori-

1864 3394 2085 3457 temnit,
2138 3393 2231 3463 qui
2279 3394 2488 3449 modice
2534 3404 2590 3448 et
2638 3395 2912 3449 moderate
2955 3392 3087 3446 vivit
3124 3408 3137 3445 :
3181 3389 3442 3461 insipiens

1862 3498 1957 3538 eos
1981 3484 2192 3546 irridet,
2221 3483 2311 3550 qui
2333 3482 2608 3538 excellunt
2638 3483 2924 3553 sapientia,
2943 3498 3006 3535 ac
3034 3480 3213 3535 studio
3244 3482 3443 3550 magno

1865 3577 2162 3630 doctrinam
2210 3591 2274 3630 ac
2320 3576 2599 3631 scientiam
2682 3576 3037 3643 undecunque
3085 3566 3187 3628 sibi
3223 3586 3444 3641 compa-

1866 3678 2009 3724 rant.
2071 3667 2329 3722 Dominus
2377 3668 2557 3739 itaque
2604 3668 2697 3735 qui
2745 3665 2998 3735 superbis
3047 3664 3251 3719 resistit
3277 3662 3346 3728 ’³,
3387 3670 3444 3717 et

1867 3762 2117 3816 humiliat
2156 3773 2470 3832 peccatores
2517 3768 2686 3830 usque
2742 3761 2810 3813 ad
2870 3769 3072 3812 terram
3095 3758 3162 3826 ",
3200 3758 3288 3813 hic
3328 3759 3445 3827 ipse

1866 3853 2218 3920 superborum
2245 3853 2629 3907 contumeliam
2648 3854 3029 3921 depressurum
3048 3867 3107 3905 se
3130 3851 3440 3920 pollicetur.

1865 3944 1967 4009 Qui
1993 3944 2157 4014 igitur
2188 3931 2441 3998 humiliat
2472 3946 2759 4014 superbos,
2786 3945 2924 3998 idem
2953 3944 3072 3997 illos
3109 3944 3177 3998 ab
3204 3956 3266 3997 ea
3297 3942 3445 3997 simi-

1871 4032 2096 4087 litudine
2115 4049 2278 4103 quam
2303 4050 2427 4089 cum
2449 4033 2663 4088 diabolo
2684 4036 2951 4102 superbiae
2973 4044 3196 4104 parente
3218 4033 3443 4098 habent,

1870 4124 2062 4177 liberat
2089 4165 2102 4189 ,
2129 4133 2185 4177 et
2216 4140 2309 4180 eos
2362 4125 2588 4187 inducit,
2618 4135 2677 4177 ut
2726 4125 2855 4177 ﬁant
2884 4123 3127 4191 discipuli
3172 4123 3308 4191 ejus,
3347 4122 3440 4191 qui

1869 4217 1947 4270 ait
1975 4232 1989 4269 :
2022 4217 2216 4271 Discite
2242 4235 2273 4270 a
2315 4234 2392 4270 me
2434 4218 2555 4286 quia
2586 4218 2725 4270 mitis
2753 4234 2867 4269 sum
2888 4225 2935 4268 et
2968 4215 3181 4268 humilis
3199 4215 3353 4268 corde
3368 4213 3439 4268 ’⁸.

250 4294 370 4351 268.
417 4297 533 4351 Καὶ
576 4298 831 4352 ἔσονται
875 4301 929 4351 οἱ
965 4299 1561 4369 ἐγκαταλελειμμένα
1602 4302 1758 4357 ἕντι-

1937 4305 2061 4363 268.
2096 4307 2259 4363 VERS.
2288 4307 2374 4362 19..
2402 4306 2468 4360 Ει
2494 4318 2642 4362 erunt
2667 4308 2757 4361 aui
2779 4307 3011 4361 derelicti
3033 4306 3249 4375 fuerint,
3275 4307 3440 4359 houoJ

251 4481 295 4513 ³³
329 4482 447 4541 Jac.
481 4500 559 4548 Iv,
588 4482 640 4536 6.
716 4482 763 4514 "
798 4483 938 4537 Psal.

250 4658 359 4730 (64)
394 4661 503 4715 Διὰ
534 4660 602 4714 τὸ
653 4654 766 4715 οὖν
789 4660 859 4712 ἐν
895 4659 1151 4731 κινήσει,
1188 4671 1291 4714 etc.
1320 4659 1578 4726 Quoniam
1605 4662 1767 4731 igitur

185 4727 385 4783 habitus
409 4742 725 4792 commotus,
759 4742 865 4784 etc.
918 4729 1031 4783 lloc
1060 4732 1327 4797 interpres
1372 4734 1503 4784 dicit
1536 4748 1550 4784 :
1583 4727 1750 4786 Deum

186 4800 346 4854 soboli
399 4801 620 4863 Chami,
666 4816 768 4855 non
822 4801 1027 4854 Chamo
1057 4801 1423 4862 maledixisse,
1471 4804 1612 4868 quod
1644 4803 1759 4870 ejus

184 4870 391 4948 animus
419 4882 568 4925 esset
604 4880 928 4932 commotus,
955 4874 1023 4923 ob
1052 4871 1213 4937 idque
1243 4872 1421 4924 minus
1463 4871 1618 4936 liber,
1654 4888 1752 4926 nec

183 4941 251 4991 ita
284 4941 368 4993 sui
408 4956 656 5005 compos.
1112 4976 1120 4986 .

250 5009 359 5079 (65)
388 5010 559 5072 Editi,
596 5009 981 5071 διατακτικως,
1020 5011 1175 5062 male.
1220 5008 1373 5063 Unus
1412 5024 1443 5063 e
1483 5009 1752 5065 Combeli-

181 5075 350 5133 sianis'
370 5079 759 5144 διαστατικῶς,
790 5081 927 5132 haud
953 5080 1162 5131 melius.
1204 5080 1301 5131 Alii
1332 5081 1566 5147 quinque
1594 5095 1750 5144 mss.,

179 5147 525 5222 διατατικῶς,
568 5156 720 5222 bene.
752 5150 1126 5222 Statiurediti,
1158 5147 1751 5222 ἐξακούειν-προσθήκῃ

179 5218 272 5291 τῆς
301 5218 537 5291 ὕϐρεως.
585 5218 966 5291 νιιιετεενίἱυνί
1010 5234 1220 5281 mnnes,
1264 5218 1542 5291 ἐξακούειν
1586 5218 1753 5291 προσέ

179 5287 298 5360 ﬁxit
324 5287 425 5360 τῆς
453 5289 682 5359 ὕϐρεως.
736 5289 872 5355 Quid
926 5299 1103 5360 autem
1143 5291 1254 5343 haec
1301 5292 1402 5343 sibi
1444 5287 1749 5360 velint,'vix

180 5358 399 5430 intelligi
440 5358 637 5427 potest.
683 5359 1042 5413 Coinbelisius
1092 5359 1220 5424 legit
1265 5359 1507 5427 quidem,
1556 5359 1619 5410 τὸ
1650 5360 1750 5430 τῆς

178 5426 416 5498 ὕϐρεωξο
442 5426 562 5481 ίδεύ
612 5438 964 5498 przcterquam
993 5431 1134 5498 quod
1167 5426 1611 5482 litec’emendatio
1661 5426 1754 5483 aut

177 5499 305 5550 nihil
349 5507 449 5551 aut
478 5513 663 5567 parum
695 5498 884 5553 allerat
912 5504 1070 5564 locis,
1097 5502 1283 5553 vocula
1320 5498 1381 5550 τό
1409 5500 1462 5553 in
1493 5514 1622 5553 mss.
1659 5515 1753 5552 nc-

174 5582 446 5636 quaquam
480 5570 686 5636 legitur.

245 5639 357 5707 (66)
396 5637 495 5691 Sic
530 5649 754 5707 uterque
803 5638 1047 5694 Combel‘.
1101 5647 1158 5692 et
1211 5638 1323 5707 alii,
1356 5644 1590 5705 quatuor
1619 5652 1748 5692 mss.

172 5705 311 5761 Editi
339 5705 502 5769 vero,
525 5708 601 5771 εἰς
625 5705 716 5761 τδν
736 5707 885 5763 λαόν.
909 5709 966 5762 in
988 5710 1257 5776 papulum.
1285 5706 1396 5761 Hoc
1420 5707 1534 5775 ipso
1558 5707 1752 5759 inloco

172 5778 298 5831 editi
348 5787 408 5833 ct
436 5778 642 5846 aliquot
695 5796 847 5845 mss.,
881 5779 958 5842 είς
1005 5779 1132 5840 τοὺς
1175 5777 1421 5848 πλησίον.
1457 5776 1561 5830 Alii
1592 5790 1748 5842 mss.,

1015 4497 1193 4547 CLXVI,
1228 4482 1280 4537 6.
1358 4482 1404 4515 ³⁵
1436 4483 1622 4539 Matth.
1664 4503 1739 4550 χι,
1767 4489 1857 4544 ‘29.

1862 4664 1942 4728 εἰς
1965 4666 2076 4719 τόν.
2130 4665 2328 4720 Ibidem
2356 4680 2541 4719 rursus
2576 4663 2727 4726 editi,
2758 4666 2838 4726 εἰς
2863 4664 2953 4717 τὸν
2996 4665 3117 4718 κατ’
3144 4666 3346 4719 εἰκόνα.
3374 4666 3445 4718 At

1862 4738 2033 4789 nostri
2065 4752 2157 4790 sex
2189 4752 2342 4798 mss.,
2372 4736 2452 4798 εἰς
2493 4736 2554 4789 τὸ
2581 4737 2700 4787 κατ’
2730 4734 2934 4787 εἰκόνα.
2987 4735 3435 4804 Conjuuctiouem

1860 4806 1955 4858 καί
1986 4815 2113 4859 ante
2140 4821 2325 4860 vocem
2351 4805 2441 4858 διά
2477 4824 2507 4859 ε
2539 4806 2669 4872 Reg.
2703 4806 2863 4857 tertio
2892 4805 3209 4872 adiecimus.

1931 4876 2312 4947 (67))Codiccs
2345 4877 2571 4947 aliquot,
2632 4873 3009 4947 ἐξαμαρτώνκ
3041 4874 3235 4927 Statim
3303 4890 3435 4927 mss.

1854 4945 2119 5007 nonntiIIi,
2157 4946 2416 5008 ὑπόδικος
2448 4946 2622 4999 ἔσται.
2665 4945 2903 4997 Subinde
2930 4946 3057 4997 editi
3093 4954 3149 4998 et
3170 4946 3437 4998 recentior

1852 5016 2165 5087 Combelisii
2221 5018 2411 5080 codex,
2444 5014 3042 5087 ysyavvqp.s'vov._A|ler
3094 5016 3237 5067 illius
3265 5016 3433 5069 codex

1850 5096 1902 5139 et
2056 5096 2307 5152 quatuor,
2343 5084 2729 5157 γεγενημένον,
2761 5084 2974 5157 rectius.

1926 5154 2037 5225 (68)
2065 5156 2283 5222 Antiqui
2320 5151 2430 5207 duo
2476 5151 2616 5215 libri,
2653 5156 3025 5225 βλαστήματα.
3054 5151 3433 5225 Ιὶιὶιιειηηηηιι-

1853 5234 1973 5279 tuor
2003 5224 2156 5289 mss.,
2188 5228 2403 5296 πρώτου
2432 5224 3154 5296 ἁπτομένουγτοῦὑϐριστοῦ.
3187 5224 3289 5296 Adii
3330 5227 3436 5274 duo

1852 5311 1982 5347 mss.
2022 5305 2076 5367 ει
2090 5294 2251 5367 editi.
2292 5294 2507 5367 πρώτου
2541 5294 2822 5366 ἁπτομένη
2853 5294 3255 5363 τοῦύϐριστοῦ,
3287 5295 3389 5348 hau
3417 5308 3427 5343 ι

1855 5365 2102 5418 dissimili
2131 5381 2311 5419 sensu.

1924 5435 2035 5505 (69)
2068 5435 2213 5488 Editi
2274 5445 2329 5488 et
2380 5451 2511 5488 mss.
2560 5435 2823 5506 nonnulli,
2863 5433 3117 5506 διαπτύῃ.
3168 5436 3232 5487 At
3277 5431 3435 5503 Regii

1850 5508 2058 5573 primus
2087 5515 2139 5557 et
2160 5518 2409 5572 quartus,
2440 5506 2569 5557 ὅταν
2601 5505 2737 5574 εἴδη,
2770 5509 2981 5571 quando
3010 5505 3172 5557 ridet.

1920 5571 2199 5647 (7‘0)_Lib_ri
2234 5577 2443 5647 aliquot
2497 5571 2729 5647 veteres,
2783 5575 2876 5626 καὶ
2900 5575 3206 5647 φιλοπονίᾳ.
3234 5571 3434 5647 Statius

1849 5644 1999 5767 egigni,
2033 5645 2061 5694 6
2088 5644 2313 5715 Κύριος.
2358 5646 2517 5700 Deest
2545 5646 2804 5714 articulus
2848 5647 2900 5697 in
2932 5646 3134 5700 nostris
3159 5644 3254 5699 Sex
3285 5645 3433 5698 cedis

1849 5726 1895 5766 Cl
1939 5729 2023 5767 us.

1849 5726 2023 5767 CIDUS.
