3810 6214
385 328 467 385 όθί
1317 324 1663 382 APPENDIX
1701 323 1989 381 OPERUM
2028 323 2089 382 S.
2126 322 2380 379 BASILII
2418 321 2656 378 MAGNI.

3525 319 3640 376 593

382 452 479 504 rati
508 451 672 520 magis
692 464 850 520 quam
884 465 1074 503 aurum
1105 464 1210 503 non
1242 458 1445 503 coctum
1471 465 1491 505 :
1522 458 1571 504 et
1600 453 1752 504 homo
1783 448 1933 502 hono-

2063 462 2151 514 μοι
2174 444 2287 516 (7i)
2306 442 2546 515 μᾶλλον
2573 443 2611 512 ἢ
2642 442 2708 496 τὸ
2735 441 2994 511 χρυσίον
3020 439 3088 495 τό
3111 440 3379 508 ἄπυρον*
3397 438 3499 493 καὶ
3523 439 3637 491 ἇν-

381 549 523 594 ratus
551 542 648 594 erit
671 541 836 609 magis
857 555 1015 610 quam
1040 539 1176 609 lapis
1197 540 1288 609 qui
1316 556 1381 594 ea;
1407 539 1625 609 Suphir.
1658 539 1946 609 Postquam

379 628 605 683 inducta:
632 627 831 684 fuerint
852 631 1177 684 tentationes
1205 645 1432 701 magnae,
1458 631 1810 699 venerintque
1834 630 1947 684 bel-

377 725 601 786 latores,
644 720 736 787 qui
780 730 909 774 sunt
954 729 1123 775 totum
1167 731 1434 775 terrarum
1469 724 1653 777 orbem
1685 723 1951 791 disperdi-

377 810 512 877 turi,
543 820 595 865 et
627 812 717 865 ubi
747 813 1001 880 depressa
1036 811 1200 867 fuerit
1245 814 1496 882 superbia
1536 814 1733 879 omnis,
1772 814 1947 867 lromi-

376 917 473 957 nes
499 906 589 972 qui
614 919 645 959 e
672 905 854 959 multis
890 915 1016 959 tunc
1051 905 1417 972 inveniemur,
1443 905 1688 974 nihilque
1712 906 1949 960 laeserint

375 995 613 1049 animam
643 1011 738 1065 per
766 996 953 1049 initam
987 1011 1107 1051 cum
1144 996 1343 1066 iniquis
1369 997 1704 1060 societatem,
1731 999 1824 1051 sed
1855 1000 1946 1066 qui

375 1084 687 1138 discrimina
732 1084 1012 1138 innumera
1056 1100 1120 1139 ac
1153 1090 1449 1141 lentamina
1501 1088 1736 1156 experti,
1778 1089 1941 1141 animi

376 1173 537 1246 585.
563 1176 833 1245 specimen
892 1176 1148 1230 eximium
1197 1178 1467 1241 dederint,
1516 1179 1570 1233 hi
1627 1194 1760 1233 auro
1798 1178 1943 1232 omni

372 1268 513 1334 quod
559 1275 874 1319 concoctum
920 1279 1027 1318 non
1071 1264 1205 1329 fuit,
1253 1280 1317 1319 ac
1362 1267 1507 1320 omni
1554 1265 1945 1334 pretiusissimo

371 1358 548 1427 lapide
574 1359 666 1427 qui
689 1359 1038 1414 existimatur
1076 1361 1128 1413 in
1175 1360 1372 1429 Suphir
1424 1360 1670 1429 reperiri,
1712 1361 1942 1414 honora-

373 1449 539 1505 tiores
566 1448 729 1502 futuri
770 1460 911 1504 sunt.
944 1450 1210 1506 leerum
1246 1452 1466 1506 nomine
1503 1451 1722 1520 Sttpltir,
1761 1453 1941 1521 regio-

369 1556 494 1596 nem
524 1542 811 1609 quamdam
842 1543 892 1595 in
928 1540 1180 1597 ludorum
1217 1554 1377 1611 gente
1421 1543 1580 1596 sitam
1614 1543 1824 1596 videtur
1856 1542 1941 1595 in-

368 1629 572 1695 dicare,
608 1629 661 1683 in
703 1645 807 1700 qua
852 1631 1027 1684 solent
1074 1631 1281 1701 lapides
1335 1632 1713 1701 pretiosissimi
1769 1632 1937 1701 gigni.

2050 541 2280 606 θρωπος
2301 537 2538 605 ἔντιμος
2556 534 2726 588 ἔσται
2752 531 2994 603 μᾶλλον
3011 532 3049 601 ἢ
3073 536 3106 586 ό
3127 533 3298 598 λίθος
3326 535 3359 585 ό
3386 530 3455 584 ἐκ
3483 532 3639 584 Σαυ-

2048 629 2202 698 φείρ.
2221 627 2377 682 Μετά
2402 627 2461 681 τὸ
2484 626 2785 698 ἐπαχθῇναι
2808 625 2935 689 τοὺς
2964 623 3231 696 μεγάλους
3260 622 3633 693 πειρασμοὺς,

2050 721 2141 774 καὶ
2168 719 2340 773 ἐλθεῖν
2371 720 2498 783 τοὺς
2525 719 2867 789 ὁπλομάχους
2898 719 3024 781 τοὺς
3054 715 3478 786 ἐξαφανίζοντας
3526 712 3636 786 τὴν

2047 813 2393 883 οἰκουμένην,
2423 812 2517 864 καὶ
2541 812 2679 882 μετά
2711 810 2769 862 τὸ
2800 809 3197 881 ταπεινωθῆναι
3230 811 3411 862 πᾶσαν
3455 809 3635 875 ὑπερ-

2048 905 2283 976 ηφανίαν
2306 944 2320 967 ,
2352 904 2472 957 τότε
2497 904 2548 956 οἱ
2576 902 2954 974 εὑρισκόμενοι
2992 902 3268 973 ἅνθρωποι
3299 903 3364 955 ἐκ
3392 899 3629 964 πολλῶν,

2051 996 2217 1065 μηδὲν
2246 993 2535 1063 βλαϐέντες
2564 992 2660 1063 τὴν
2691 992 2866 1063 ψυχὴν
2904 991 3012 1045 ἀπὸ
3039 991 3139 1061 τῆς
3172 991 3309 1062 πρὸς
3341 990 3469 1052 τοὺς
3501 989 3629 1043 ἀνό-

2051 1101 2184 1155 μους
2215 1084 2516 1146 κοινωνίας,
2552 1083 2687 1137 ἀλλὰ
2713 1083 2799 1137 διὰ
2827 1083 3034 1154 μυρίων
3069 1080 3390 1154 πειρασμῶν
3416 1082 3511 1134 καὶ
3538 1081 3634 1135 δο-

2046 1175 2421 1247 κιμαστηρίων
2467 1173 2884 1239 ἐξετασθεντες,
2949 1173 3183 1242 βάσανον
3254 1171 3354 1240 τῆς
3414 1169 3632 1224 ἑαυτῶν

2046 1266 2415 1337 προαιρέσεως
2450 1264 2650 1334 ἀκριϐῆ
2687 1264 2797 1337 (72)
2829 1264 3144 1327 δεδωκότες,
3173 1263 3372 1327 παντὸς
3406 1262 3628 1333 ἀπύρου

2045 1357 2267 1428 χρυσίου
2302 1356 2510 1410 ἔσονται
2532 1356 2868 1428 τιμιώτεροι,
2893 1356 2986 1410 καὶ
3014 1356 3214 1418 παντὸς
3247 1353 3396 1407 λίθου
3427 1371 3629 1424 τιμιω-

2042 1449 2226 1513 τάτου,
2276 1448 2336 1512 ὃς
2367 1449 2515 1502 δοκεῖ
2558 1452 2617 1502 ὲν
2644 1452 2709 1520 τῇ
2744 1449 2977 1519 Σουφεὶρ
3030 1444 3397 1519 εὑρίσκεσθαι.
3432 1446 3628 1499 Ἔοικε

2040 1540 2096 1593 δὲ
2130 1539 2311 1611 χώραν
2343 1539 2465 1592 τινὰ
2512 1538 2694 1606 λέγειν
2727 1541 2784 1591 ὲν
2817 1538 2893 1608 τῷ
2928 1537 3086 1591 ἔθνει⁶
3123 1536 3204 1607 τῷ
3274 1534 3477 1604 Ἰνδικῷ
3522 1536 3629 1605 τὴν

2042 1633 2293 1703 Σουφεὶρ,
2326 1633 2453 1703 περὶ
2487 1632 2552 1703 ἢν
2577 1634 2625 1684 oi
2650 1630 3005 1701 πολυτίμητοι
3030 1628 3136 1681 τῶν
3157 1627 3317 1682 λίθων
3344 1626 3629 1695 πεφύκασι

369 1719 570 1772 Aurum
601 1734 731 1774 vero
767 1736 872 1773 non
907 1731 1122 1775 coctqu
1146 1760 1161 1784 ,
1201 1721 1328 1774 illud
1369 1733 1473 1784 est,
1507 1722 1652 1789 quod
1704 1722 1837 1797 nillil
1887 1723 1933 1775 iu

2063 1724 2304 1791 γίνεσθαι.
2339 1726 2583 1795 Ἀπυρον
2611 1723 2666 1776 δὲ
2695 1724 2937 1794 χρυσίον,
2968 1722 3029 1775 τὸ
3066 1721 3337 1793 μηδεμίαν
3379 1719 3628 1789 ἀμφιϐοο

369 1823 430 1864 se
461 1811 700 1863 materia:
734 1811 994 1878 arubigua:
1022 1821 1075 1865 et
1107 1811 1298 1864 alienae
1330 1812 1610 1876 continet,
1653 1812 1745 1865 sed
1795 1811 1933 1879 quod

2063 1814 2162 1868 risv
2188 1812 2319 1883 ὑλης
2335 1813 2618 1884 ἀλλοτρίας
2635 1812 2757 1882 ἕχον
2785 1813 2841 1865 ὲν
2865 1811 3062 1882 ἐαυτῷ,
3090 1809 3225 1876 ἀλλ’,
3253 1809 3387 1881 ὁμοῦ
3409 1808 3486 1879 τῷ
3508 1809 3626 1878 (73)

365 1901 547 1967 simul,
592 1912 649 1956 ut
689 1910 1035 1970 conspectum
1082 1912 1185 1966 est,
1233 1901 1393 1957 fidem
1429 1902 1560 1957 facit
1609 1904 1938 1956 intuentium

348 1991 555 2058 oculis,
586 1992 811 2061 probum
846 2006 904 2046 se
930 2008 1073 2058 esse,
1106 2004 1161 2047 et
1192 1994 1260 2047 ab
1292 2008 1424 2058 are,
1452 2002 1545 2048 aut
1577 1993 1645 2047 ab
1676 1994 1782 2048 alia
1807 2008 1942 2063 qua-

354 2084 448 2140 ‘vis
474 2085 795 2140 admistioue
822 2100 1045 2154 purum.

432 2217 559 2275 269.
592 2218 754 2272 \‘Eus.
792 2218 879 2272 15.
918 2216 1061 2271 Nam
1092 2216 1277 2271 caelum
1314 2218 1694 2288 indignabitur,
1725 2226 1775 2272 et
1802 2230 1942 2271 terra

347 2311 690 2364 cconcutietur
720 2327 750 2361 a
783 2309 1136 2378 fundamentis
1166 2311 1299 2373 suis,
1324 2320 1539 2377 propter
1568 2311 1803 2377 furorem
1846 2313 1941 2364 irte

363 2399 575 2453 Domini
607 2398 840 2454 Sabaoth
869 2400 923 2451 in
960 2399 1046 2451 die
1093 2398 1208 2462 illa,
1253 2415 1354 2468 qua
1388 2402 1581 2453 venerit
1619 2399 1768 2467 [urar
1803 2400 1937 2469 ejus.

365 2493 627 2546 Creatura
661 2492 836 2546 omnis
866 2508 968 2544 una
1000 2507 1121 2545 cum
1154 2491 1385 2545 Dom’lno
1413 2504 1660 2545 movetur
1686 2494 1751 2544 ad
1779 2492 1939 2545 ultio-

366 2598 487 2639 nem
514 2583 580 2637 de
609 2582 677 2637 iis
709 2583 797 2651 qui
832 2583 883 2636 in
916 2582 1090 2651 ipsum
1130 2598 1444 2650 peccavere,
1479 2584 1835 2650 expetendam
1866 2582 1935 2638 “.

362 2671 824 2743 Quemadmodum
868 2673 1011 2728 enim
1048 2673 1244 2727 coelum
1286 2674 1618 2742 obstupescit
1655 2683 1712 2727 et
1752 2674 1941 2728 inbor-

362 2774 448 2823 ret
478 2763 547 2820 ob
581 2764 889 2832 inopinatas
926 2765 1239 2833 iniquitates
1273 2764 1477 2833 pOpuli,
1502 2781 1625 2819 cum
1654 2764 1936 2818 Dominum

362 2855 688 2925 derelinquit
712 2856 755 2887 ’τ
778 2874 791 2924 ;
814 2856 886 2910 ita
918 2871 1038 2910 cum
1060 2856 1253 2910 delicta
1280 2871 1469 2910 eorum
1498 2857 1587 2926 qui
1616 2857 1935 2923 defecerint,

361 2950 563 3007 fuerint
603 2947 894 3018 completa,
928 2948 1248 3016 verteritque
1294 2948 1666 3016 retributionis
1700 2960 1934 3019 tempus,

361 3041 626 3110 indignari
682 3039 918 3103 dicitur,
960 3045 1015 3090 et
1056 3053 1160 3090 ttna
1193 3053 1314 3090 cum
1364 3038 1456 3091 Dei
1509 3038 1587 3092 ira
1632 3040 1934 3109 insurgere.

2044 1906 2298 1976 φανῆναι,
2346 1905 2529 1958 πεῖθον
2559 1905 2656 1976 τὴν
2693 1904 2815 1972 ὄψιν
2849 1904 2956 1957 τῶν
2989 1902 3260 1974 ὁρώντων,
3294 1903 3375 1955 ὅτι
3400 1900 3629 1972 δόκιμόν

2041 1999 2159 2050 ἐστι
2193 1998 2285 2051 καὶ
2313 1998 2509 2068 ἀμιγὲς
2549 1995 2771 2067 χαλκοῦ,
2799 1997 2832 2067 ἦ
2861 2013 3004 2059 τινος
3029 1994 3195 2066 ἄλλης
3223 1993 3547 2064 ἐπιπλοκῆς.

2111 2217 2235 2273 269.
2282 2218 2347 2271 '0
2377 2216 2488 2288 γὰρ
2531 2217 2785 2285 οὐρανὸς
2811 2216 3226 2286 θυμωθήσεται
3251 2260 3266 2285 ,
3315 2217 3414 2271 καὶ
3462 2217 3499 2284 ἠ
3537 2216 3622 2289 γῆ

2041 2308 2430 2376 σεισθήσεται
2459 2310 2527 2362 ἐκ
2557 2308 2677 2361 τῶν
2698 2310 2988 2377 θεμελίων
3022 2308 3213 2377 αὐτῆς
3235 2350 3249 2371 ,
3299 2308 3399 2363 διὰ
3429 2309 3626 2378 θυμὸν

2042 2400 2225 2473 ὀργῆς
2262 2401 2482 2469 Κυρίου
2512 2400 2754 2456 Σαϐαὼθ
2788 2403 2857 2455 ἐν
2884 2400 2959 2469 τῇ
2980 2402 3190 2469 ἡμέρᾳ,
3217 2395 3259 2471 ᾗ
3286 2399 3362 2454 ἂν
3393 2399 3623 2471 ἐπέλθῃ

2042 2499 2074 2549 ό
2107 2492 2292 2562 θυμὸς
2328 2493 2533 2547 αὑτοῦ.
2584 2494 2741 2546 Πᾶσα
2783 2494 2815 2564 ἡ
2844 2493 3019 2556 κτίσις
3044 2495 3377 2560 συγκινεῖται
3422 2489 3500 2560 τῷ
3530 2493 3628 2547 Δε-

2043 2587 2211 2656 σπότῃ
2234 2586 2326 2638 ἐπὶ
2350 2584 2448 2656 τὴν
2473 2584 2749 2654 ἐκδίκησιν
2776 2584 2884 2636 τῶν
2913 2586 2993 2646 εἰς
3015 2585 3176 2637 αὑτὸν
3198 2582 3622 2655 ἡμαρτηκότων.

2043 2679 2248 2748 Ὥσπερ
2279 2676 2387 2747 γάρ
2415 2674 2689 2742 ἐξίσταται
2722 2676 2751 2727 ό
2799 2672 3060 2747 όὺρανὸς,
3117 2675 3208 2728 καὶ
3259 2673 3477 2745 φρίσσει
3525 2674 3625 2727 ἐπὶ

2038 2772 2158 2830 ταῖς
2187 2766 2615 2840 ἀπροσδοκήτοις
2641 2767 3006 2838 παρανομίαις
3052 2765 3145 2819 τοῦ
3180 2764 3330 2829 λαοῦ,
3362 2765 3491 2817 ὅταν
3519 2765 3621 2834 ὲγ-

2040 2859 2409 2913 καταλείπωσι
2457 2857 2548 2910 τὸν
2584 2857 2823 2929 Κύριονο
2871 2855 3043 2920 οὕτως
3093 2855 3311 2909 ἐπειδὰν
3336 2856 3446 2927 (74)
3476 2872 3621 2925 συμο

2033 2949 2397 3022 ’πληρωθῶσιν
2426 2950 2482 3002 αἱ
2513 2950 2774 3021 ἁμαρτίαι
2801 2948 2908 3002 τῶν
2953 2948 3447 3019 ἀποστατησάντων
3466 2987 3482 3009 ,
3521 2947 3622 3002 καὶ

2038 3042 2167 3114 ἔλθῃ
2194 3046 2222 3097 ὁ
2255 3038 2441 3112 καιρός
2471 3042 2569 3113 τῆς
2599 3041 3027 3105 ἀνταποδόσεως,
3079 3039 3377 3109 θυμοῦσθαι
3400 3039 3618 3108 λέγεται

356 3131 464 3186 Par
489 3143 669 3186 autem
719 3129 881 3183 fuerit
934 3143 1028 3198 per
1074 3127 1195 3182 caeli
1250 3127 1671 3197 indignationem
1713 3130 1929 3200 intelligi

2063 3136 2128 3188 ια).
2154 3133 2624 3188 συνδιανίστασθαι
2648 3136 2711 3205 τῇ
2736 3134 2871 3204 ὀργῇ
2901 3130 2996 3184 τοῦ
3034 3129 3193 3184 Θεοῢκ
3237 3127 3417 3210 eum);
3445 3129 3502 3182 δὲ
3528 3129 3622 3182 οὑ-

356 3226 629 3280 borrenda
667 3223 754 3277 illa
782 3221 943 3288 mala,
962 3235 1082 3290 qua:
1113 3219 1181 3273 ab
1199 3235 1262 3274 eo
1286 3222 1571 3290 puniendis
1599 3220 1930 3291 iulligeutur.

347 3315 619 3371 Nimirum
639 3330 759 3370 eum
778 3313 1118 3367 oll‘uudcutur
1137 3313 1310 3367 stellis
1333 3313 1594 3375 tenebras,
1614 3314 1933 3380 delicietque

346 3407 448 3461 ~lux
478 3407 628 3472 solis,
660 3421 758 3462 nec
783 3406 909 3458 luna
935 3405 1164 3475 amplius
1192 3405 1552 3459 illustrabitur
1570 3404 1652 3469 ";
1687 3419 1806 3458 cum
1833 3403 1932 3457 ful-

356 3501 594 3555 minibus
616 3500 1078 3570 percurrentibus,
1102 3498 1371 3552 horrendo
1394 3511 1515 3551 cum
1541 3496 1753 3567 fragore
1779 3505 1933 3551 ruent

352 3593 629 3660 tonitrua;
660 3606 781 3647 cum
830 3607 925 3646 aer
975 3591 1137 3661 capiti
1188 3592 1472 3645 imminens
1527 3591 1928 3653 obscurabitur,

358 3686 435 3738 ita
461 3692 519 3737 ut
552 3684 830 3739 cruciatus
854 3697 1039 3738 eorum
1062 3682 1153 3751 qui
1183 3683 1278 3735 irae
1305 3681 1509 3735 fuerint
1542 3681 1749 3746 traditi,
1786 3680 1930 3735 nulla

354 3791 425 3832 ex
465 3786 619 3846 parte
664 3775 912 3830 solatium
950 3785 1043 3828 aut
1074 3775 1317 3828 levamen
1352 3774 1627 3827 admittat.
1668 3773 1929 3827 Creatura

353 3866 498 3921 enim
528 3864 835 3921 Conditoris
869 3865 1210 3929 administra,
1234 3865 1585 3918 vehementer
1625 3863 1690 3917 ad
1719 3864 1931 3932 iniquos

353 3956 666 4026 plectendos
706 3965 1056 4024 exasperatur
1079 3956 1163 4020 '9,
1213 3955 1492 4024 mitigatur
1547 3969 1677 4008 vero
1723 3966 1782 4010 et
1837 3954 1931 4007 de-

356 4046 660 4113 mulcetur,
702 4049 768 4100 ad
799 4062 892 4102 eos
922 4046 1016 4116 qui
1055 4062 1206 4100 suam
1244 4047 1295 4099 in
1339 4047 1456 4114 ipso
1486 4047 1734 4100 fiduciam
1769 4060 1926 4114 repo-

354 4137 581 4199 suerint,
611 4134 924 4191 alliciendos
951 4135 1234 4190 benelicio.
1263 4133 1388 4188 Haac
1409 4143 1589 4188 autem
1612 4135 1929 4202 contingunt

353 4228 424 4283 ob
450 4226 685 4282 furorem
717 4226 810 4281 ira:
851 4225 1086 4280 Domini.
1120 4224 1366 4279 Obtinuit
1394 4233 1571 4278 autem
1613 4238 1727 4277 mos
1781 4223 1928 4277 Scri-

352 4330 544 4387 pturze,
581 4329 639 4373 ut
680 4317 924 4372 furorem
962 4318 1056 4372 ira:
1103 4317 1250 4370 dicat
1299 4323 1489 4369 :estum
1524 4316 1835 4384 quemdam,
1871 4324 1928 4370 et

2035 3225 2196 3297 ρανοῦ
2225 3228 2364 3279 νοεῖν
2397 3224 2501 3295 χρὴ
2550 3223 2617 3277 τὰ
2646 3223 2741 3277 ἀπ’
2792 3223 2957 3277 αὑτοῦ
3002 3220 3208 3294 φοϐερὰ
3256 3220 3620 3274 ἐπιπίπτοντα

2033 3320 2145 3381 τοῖς
2179 3317 2562 3387 κολαζομένοις
2587 3355 2601 3380 ,
2642 3316 2771 3369 ὅταν
2820 3315 3081 3379 σκότωσις
3107 3314 3205 3384 μὲν
3233 3313 3457 3384 γένηται
3510 3311 3618 3365 τῶν

2032 3410 2299 3481 ἀστέρων,
2334 3407 2579 3478 ἀφεγγὴς
2612 3407 2668 3461 δὲ
2695 3407 2724 3458 ὁ
2750 3407 2900 3478 ἥλιος
2922 3446 2937 3470 ,
2985 3408 3080 3459 καὶ⁵
3110 3408 3143 3477 ὴ
3179 3405 3377 3477 σελήνη
3431 3404 3618 3457 οὑκέτι

2031 3497 2419 3570 πεφωτισμένη
2441 3515 2454 3528 ·
2487 3498 2612 3550 ὃταν
2644 3497 2875 3566 σκηπτοὶ
2903 3494 3295 3565 διατρέχοντες,
3331 3493 3424 3545 καὶ
3447 3490 3609 3561 βρον-

2030 3593 2121 3645 ’ταὶ¹
2143 3589 2387 3661 φοϐερῶς
2411 3586 2928 3659 καταῤῥηγνύμεναι
2949 3602 2962 3615 ·
2997 3586 3125 3638 ὅταν
3144 3586 3172 3637 ὁ
3204 3585 3343 3650 ὑπὲρ
3364 3583 3611 3654 κεφαλῆς

2029 3684 2139 3755 ἀὴρ
2164 3681 2544 3750 ὲσκοτισμένος
2571 3680 2813 3752 ὑπάρχῃ,
2842 3678 2918 3741 ὠς
2943 3676 3280 3748 πανταχόθεν
3315 3676 3614 3747 ἀπαραμύ-

2031 3775 2190 3847 θητον
2223 3771 2361 3827 εἶναι
2399 3776 2511 3836 τοῖς
2538 3774 2602 3843 τῇ
2632 3773 2767 3844 ὀργῇ
2806 3769 3258 3841 παραδεδομένοις
3304 3768 3403 3838 τὴν
3446 3768 3616 3838 βάσαο

2030 3884 2140 3922 νον.
2193 3867 2256 3919 Ἠ
2287 3865 2396 3936 γὰρ
2420 3864 2619 3928 κτίσις,
2650 3860 2729 3932 τῷ
2755 3862 3044 3931 ποιήσαντι
3089 3857 3459 3931 ὑπηρετοῦσα,
3495 3861 3617 3912 tm-

2027 3959 2261 4013 τείνεται
2295 3957 2392 4028 μὲν
2431 3958 2511 4019 εἰς
2534 3954 2755 4008 κόλασιν
2799 3952 2940 4005 κατά
2981 3950 3090 4003 τῶν
3128 3950 3366 4017 ἀδίκων,
3402 3949 3615 4003 ἀνίεται

2027 4049 2084 4102 δὲ
2109 4051 2187 4113 εἰς
2214 4047 2532 4119 εὐεργεσίαν
2563 4044 2704 4115 ὑπὲρ
2732 4043 2838 4097 τῶν
2895 4044 2982 4095 ἐπ’
3014 4041 3160 4113 αὑτῷ
3204 4043 3313 4113 (75)
3360 4042 3615 4096 πεποιθόι

2027 4158 2156 4194 των.
2193 4138 2375 4192 Ταῦτα
2406 4138 2464 4190 δὲ
2492 4136 2699 4207 γίνεται
2727 4135 2816 4188 διὰ
2838 4133 3006 4205 θυμὸν
3035 4134 3204 4206 ὀργῆς
3249 4134 3479 4206 Κυρίου.
3511 4133 3617 4187 Θυ-

2032 4235 2131 4306 μδν
2160 4234 2217 4287 δὲ
2262 4233 2431 4304 ὀργῆς
2468 4231 2648 4299 λέγειν
2688 4232 2755 4301 τῇ
2807 4230 2999 4301 Γραφῇ
3030 4226 3258 4297 σύνηθες
3279 4225 3378 4297 τὴν
3410 4225 3613 4280 ἀναθυ-

2031 4327 2233 4398 μίασιν,
2266 4324 2359 4377 καὶ
2378 4323 2542 4376 οἱονεὶ
2569 4320 2756 4391 ἔξαψιν
2786 4323 2887 4391 τῆς
2910 4321 3002 4372 ἐπὶ
3122 4318 3476 4372 ἀνταποδόσει
3502 4318 3612 4373 τῶν

352 4425 637 4481 mimarum
692 4409 873 4478 pravis
919 4408 1176 4476 operibus
1227 4405 1552 4460 ulciscendis
1609 4402 1922 4459 idonearum

2063 4416 2280 4490 πονηρῶν
2310 4415 2487 4488 ἔργων
2515 4413 2807 4484 γινομένης
2829 4411 3123 4475 κολάσεως.

351 4501 516 4557 veluti
553 4499 1053 4556 inﬂammationem.

419 4610 545 4665 270.
575 4608 739 4664 Terra
764 4619 938 4663 autem
982 4608 1312 4662 concutietur
1337 4623 1370 4658 a
1396 4603 1756 4675 fundamentis
1792 4604 1922 4659 suis.

350 4707 623 4768 Declarat,
653 4709 853 4756 motum
890 4701 1040 4756 illum
1070 4716 1176 4755 non
1202 4698 1442 4753 futurum
1475 4711 1599 4751 esse
1628 4696 1801 4751 levem
1833 4705 1929 4749 aut

351 4800 647 4870 vulgarem,
681 4798 814 4850 adeo
848 4803 908 4848 ut
944 4790 1234 4862 superficie
1262 4797 1418 4843 tenus
1470 4787 1562 4842 fiat
1592 4786 1874 4841 concussio
1904 4801 1917 4836 :

348 4894 443 4947 sed
481 4903 637 4945 terra:
683 4886 1091 4941 fundamentum
1125 4896 1374 4937 eversum
1404 4881 1493 4949 iri,
1517 4888 1573 4934 et
1598 4894 1918 4935 concussum

347 4984 497 5041 illum
542 4984 609 5037 ad
637 4994 827 5037 omnes
870 4988 1031 5033 terra:
1071 4988 1253 5045 partes
1299 4984 1708 5045 perventurum.
1740 4971 1920 5026 Terrae

417 5210 464 5240 “
487 5206 614 5277 Sap.
644 5222 696 5273 ν,
728 5205 815 5259 18.
891 5205 934 5235 ’⁷
960 5202 1072 5258 Jer.
1102 5217 1164 5257 It.
1202 5199 1289 5252 12.

349 5454 385 5488 τ
418 5404 536 5488 ﬁl)
569 5403 708 5473 νοις,
727 5403 931 5474 ἔντιμοι
958 5402 1134 5455 addita
1164 5409 1248 5455 est
1277 5414 1344 5456 ex
1384 5398 1620 5469 antiquis
1652 5396 1825 5452 tribus
1851 5395 1920 5449 li-

351 5474 547 5615 bf‘liiﬁ)‘
571 5541 733 5608 Editi,
763 5542 839 5603 ὡς
890 5540 1115 5613 ἀκριϐῆ.
1142 5537 1347 5595 Vocula
1377 5530 1453 5602 ὼξ
1506 5538 1560 5592 in
1590 5537 1788 5592 nostris
1823 5550 1918 5590 sex

351 5612 483 5668 mss.
519 5612 687 5665 deest.

424 5682 533 5751 (73)
560 5679 826 5751 ΔΕιιίιὶ-οι
855 5688 1085 5744 quatuor
1134 5676 1562 5751 mss.,aéanlii
1609 5675 1716 5751 duo
1755 5691 1914 5741 mss.,

349 5745 448 5819 τῳ.
490 5745 630 5804 Infra
663 5749 875 5807 Codices
903 5752 1005 5803 duo
1036 5763 1157 5804 cum
1187 5746 1367 5814 editis,
1421 5746 1515 5799 ἐὰν
1547 5745 1771 5817 ἐπέλθῃ.
1814 5751 1916 5804 Alii

1382 5198 1426 5230 “
1468 5198 1656 5252 Matth.
1695 5214 1845 5261 xxrv,
1876 5199 1966 5252 29.

2094 4612 2217 4666 270.
2263 4611 2326 4665 Ἡ
2344 4609 2413 4662 δὲ
2438 4607 2516 4680 τῆ
2543 4605 2932 4673 σεισθήσεται
2953 4605 3023 4658 ἐκ
3049 4604 3171 4659 τῶν
3190 4605 3483 4674 θεμελίων
3506 4607 3613 4660 αὑ-

2022 4704 2152 4774 τῆς.
2188 4703 2488 4768 Δείκνυσιν,
2524 4703 2605 4755 ὃτι
2636 4703 2736 4755 οὑκ
2764 4701 3102 4764 ἐπιπόλαιος,
3138 4699 3260 4752 οὑδὲ
3306 4698 3549 4770 συνήθης
3584 4702 3614 4753 ό

2024 4790 2247 4860 σεισμὸς
2268 4788 2439 4852 ἔσται,
2478 4788 2608 4859 περί⁵
2636 4788 2731 4861 τὴν
2755 4788 3075 4857 ἐπιφάνειαν
3099 4786 3193 4840 τοῦ
3240 4786 3490 4860 βρασμοῦ
3525 4806 3613 4858 γι-

2028 4882 2272 4953 νομένου,
2321 4882 2435 4935 ἀλλ’
2486 4882 2654 4953 αὐτὴν
2702 4879 2800 4952 τὴν
2833 4881 2995 4952 ἕδραν
3045 4880 3216 4950 αὐτῆς
3257 4881 3611 4952 ἀναστρέφει,

2029 4976 2124 5029 καὶ
2152 4975 2181 5027 ὁ
2211 4973 2399 5037 κλόνος
2452 4973 2624 5043 αὐτῆς
2674 4971 2850 5026 διόλου
2897 4970 3112 5041 ἅψεται.
3139 4969 3378 5041 Θεμέλια
3414 4968 3476 5023 δὲ
3507 4971 3616 5043 γῆς

2042 5195 2086 5226 ε’
2120 5195 2246 5263 ευρ.
2284 5212 2334 5259 ν,
2371 5197 2556 5251 ιιι-ιιι.

2025 5406 2281 5470 quatuor,
2307 5398 2373 5451 ἂν
2406 5396 2628 5470 ἐπέλθῃ.

2102 5468 2211 5536 (74)
2245 5468 2468 5522 Codices
2497 5461 2720 5534 aliquot,
2768 5465 2992 5520 ἐπειδὰν
3036 5461 3149 5519 οὖν.
3207 5466 3411 5520 ibidem
3452 5469 3614 5533 editi,

2025 5540 2134 5624 τῷν
2164 5536 2610 5608 ἀποστησάντων.
2640 5541 2707 5591 At
2742 5551 2867 5591 mss.
2902 5552 3113 5602 onmes,
3154 5535 3262 5589 τῶν
3291 5537 3615 5610 ἀποπατη-

2028 5623 2460 5800 σῗίἷξνλῃιίίιυὶ
2519 5678 2623 5733 duo
2651 5675 2792 5744 libri,
2828 5674 2920 5729 ὑπ’
2951 5674 3122 5747 αὐτῷ.
3157 5677 3260 5732 ΔΙίί
3319 5686 3457 5746 tres,
3518 5680 3614 5745 είς

2028 5764 2126 5800 αυτ
2161 5765 2207 5800 ν.

2026 5764 2207 5802 αυτον.
