3810 6214
207 325 306 381 593

1005 324 1364 382 COMMENT.
1404 324 1472 381 IN
1509 324 1749 382 ιδΑιΑΜ
1782 323 2231 381 PROPHETAM.
2267 323 2424 383 CAP.
2464 324 2599 381 Xlll.

3338 323 3450 385 594

208 440 447 508 ἄγνωστα
466 437 754 510 ἀνθρώπου
775 438 956 508 φύσει,
972 439 1047 504 ὼς
1072 441 1474 513 μεμαθήκαμεν
1489 443 1545 495 ὲν
1560 441 1639 513 τῷ
1661 440 1768 513 (76)

1879 452 2060 493 autem
2111 440 2458 495 fundamenta
2516 441 2763 494 humanae
2806 450 3011 496 natura:
3049 440 3233 512 ignota
3284 453 3442 509 sunt;

215 530 362 595 'It‘u6,
403 529 494 585 τοῦ
546 531 754 602 Κυρίου
787 531 1068 599 λέγοντος·
1108 533 1233 587 Ποῦ
1268 530 1344 602 ἧς
1382 534 1452 587 ἐν
1478 532 1559 599 τῷ
1599 537 1767 602 θεμε-

203 622 370 678 λιοῦν
393 640 469 692 με
507 623 620 691 τὴν
662 623 817 693 τῆνς
865 624 1246 694 Ἇπάτγειλον
1292 625 1360 679 δέ
1394 643 1523 695 μοι,
1567 628 1620 680 si
1662 628 1767 678 ἐπ-

205 711 432 768 ίστασαι
460 716 735 769 σύνεσιν.
796 717 891 781 Τίς
935 716 1099 772 ἔθετο
1147 716 1220 770 τὰ
1259 717 1444 787 μέτρα
1470 716 1677 784 αὐτῆς,
1715 720 1769 771 ει

209 801 392 871 cidae;
428 808 495 859 Ἡ
525 808 614 873 τίς
653 810 686 861 ό
731 808 1049 879 ἐπαγαγὼν
1081 811 1376 877 σπαρτίον
1412 810 1504 862 ἐπ’
1531 809 1766 877 αὑτῆς;

217 896 336 949 Ἐπὶ
382 898 547 964 τίνος
574 902 629 952 οι
677 900 867 967 κρίκοι
920 899 1112 968 αὐτῆς
1157 901 1502 973 acmirum;
1555 903 1649 967 Τίς
1699 900 1766 953 δέ

205 987 359 1040 ἐστιν
379 990 640 1052 όβαλὼν
671 993 847 1047 λίθον
881 994 1156 1063 γωνιαῖον
1189 996 1282 1048 ἐπ’
1329 994 1552 1062 aonie;
1585 996 1766 1048 Ἧπου

204 1076 304 1146 (77)
338 1078 478 1131 κατὰ
521 1079 621 1150 τὴν
651 1080 760 1133 τῶν
811 1081 1007 1146 ἔξωθεν
1036 1083 1302 1153 ὑπόληψιν
1341 1082 1700 1154 ἐθεμελίωσεν
1736 1084 1765 1136 ὀ

204 1165 391 1235 Κύριος
417 1167 515 1239 τὴν
547 1170 680 1240 γῆν,
716 1173 775 1224 ἐν
805 1171 882 1241 τῷ
915 1173 1125 1244 κέντρῳ
1151 1173 1251 1243 τῆς
1282 1173 1643 1245 περιεχούσης
1673 1170 1786 1227 τὺν⁹

202 1256 390 1327 κόσμον
424 1261 681 1329 σφαίρας,
702 1261 779 1325 ὼς
812 1262 902 1316 διὰ
925 1263 1024 1334 τὴν
1061 1265 1375 1336 ἰσορροπίαν
1429 1267 1600 1336 αὐτῆς
1652 1269 1765 1321 ἴσον

201 1348 496 1422 ἀπεχούσης
524 1353 861 1422 πανταχόθεν
909 1354 1003 1408 τοῦ
1027 1356 1139 1424 (78)
1169 1357 1399 1427 οὐρανοῦ
1418 1397 1433 1420 ,
1477 1358 1764 1430 βεϐηκέναι

199 1437 440 1508 ἀσφαλῶς
462 1441 561 1493 καὶ
585 1443 900 1513 ἐρηρεῖσοαι
936 1444 1189 1509 ἀκλινῶς.
1220 1447 1283 1498 Ei
1310 1447 1367 1500 δὲ
1402 1446 1573 1511 οὕτως
1603 1450 1764 1519 ἐστή-

200 1548 368 1600 ρικται
397 1531 630 1601 βεϐαίως
678 1534 711 1604 ἡ
753 1533 855 1603 γῆ,
886 1534 1129 1605 δηλονότι
1169 1538 1232 1590 ὲκ
1278 1536 1544 1607 θεμελίων
1583 1556 1764 1592 κινου-

201 1621 344 1690 μένη,
368 1621 475 1674 ἀπὸ
506 1622 606 1691 τῆς
635 1622 984 1695 ὑπαρχούσης
1017 1625 1154 1696 αὐτῇ
1190 1625 1301 1695 (79)
1346 1625 1556 1696 βάσεως
1600 1644 1763 1698 μετα-

195 1712 487 1783 τεθήσεται.
532 1715 750 1786 Ἐπειδὴ
788 1716 845 1769 δὲ
873 1717 932 1769 τὺ
958 1717 1258 1789 θυμοῦσθαι
1312 1719 1441 1772 ἴδιόν
1491 1723 1606 1773 ἐστι
1652 1719 1760 1774 τῶν

1880 533 1956 586 uti
1991 533 2130 601 apud
2169 530 2270 587 Job
2302 532 2609 595 didicimus,
2643 530 2867 587 Domino
2912 533 3162 589 dicente:
3196 532 3299 588 Ubi
3329 551 3445 589 eras

1852 627 2003 678 'dum
2024 624 2255 688 jacerem
2284 622 2629 690 fundamenta
2664 632 2818 675 terra:
2839 622 2867 675 2
2899 621 3088 677 Indica
3117 635 3290 677 autem
3318 626 3447 679 mihi

1874 718 1920 770 si
1952 716 2089 769 nosti
2134 715 2433 769 scientiam.
2482 712 2613 779 Quis
2663 714 2833 779 posuit
2886 730 3161 769 mensuras
3211 716 3357 784 ejus,
3400 717 3449 771 si

1875 809 2013 862 nosti
2034 811 2059 864 ?
2082 809 2187 862 Aut
2214 808 2328 875 quis
2352 806 2559 859 induxit
2593 804 2886 873 funiculum
2916 823 3069 874 super
3096 809 3253 861 eam?
3279 807 3448 877 Super

1874 916 1977 969 quo
2009 898 2192 952 circuli
2215 898 2327 964 ejus
2362 897 2619 964 compecti
2645 889 2813 950 sunt'?
2864 896 2996 961 Quis
3019 908 3093 952 est
3130 910 3323 964 autem,
3355 901 3446 965 qui

1875 992 2013 1042 misit
2042 988 2266 1056 lapidem
2288 987 2592 1055 angularem
2614 986 2727 1055 ejus
2746 987 2828 1041 ‘°?
2847 987 2979 1040 Nutu
2997 988 3149 1057 juxta
3168 991 3445 1059 gentilium

1873 1084 2205 1151 opinionem,
2243 1080 2591 1133 fundamenta
2634 1090 2793 1134 terra:
2836 1079 3034 1134 locavit
3082 1079 3341 1136 Dominus
3392 1083 3446 1135 in

1874 1185 2061 1227 centro
2092 1172 2231 1240 globi
2259 1171 2518 1223 mundutn
2546 1169 3057 1240 circumcingentis,
3091 1180 3148 1224 ut
3172 1170 3242 1226 ob
3273 1173 3446 1241 tequi-

1872 1266 2088 1319 librium
2133 1263 2270 1328 ejus,
2302 1261 2553 1315 distantis
2578 1261 2786 1317 scilicet
2830 1261 3186 1330 undecunque
3218 1277 3248 1315 a
3282 1263 3444 1328 ctelo,

1874 1367 1988 1411 tuto
2018 1364 2210 1416 staret.
2241 1353 2557 1423 stabilisque
2588 1362 2824 1409 maneret
2860 1362 2916 1407 et
2938 1353 3195 1408 immota?
3226 1354 3378 1421 Quod
3399 1356 3446 1410 si

1872 1459 1979 1502 tam
2012 1447 2239 1502 lirmiter
2271 1446 2374 1499 lixa
2400 1455 2543 1501 terra
2572 1456 2677 1508 est,
2712 1448 2898 1515 utique
2923 1462 2951 1499 a
2981 1447 3094 1501 suis
3120 1445 3448 1503 fundamen-

1873 1543 1941 1596 tis
1965 1549 2166 1604 emota,
2196 1540 2263 1595 ab
2302 1540 2414 1608 ipsa
2447 1538 2609 1609 585
2637 1554 2733 1594 sua
2758 1542 2885 1594 sede
2916 1539 3143 1609 basiqne
3177 1548 3447 1595 transmo-

1869 1634 2101 1689 veliitur.
2133 1632 2238 1686 Sed
2261 1633 2388 1700 quia
2414 1632 2714 1702 indignatio
2746 1632 2810 1687 iis
2836 1632 2929 1701 qui
2962 1633 3171 1687 ratione
3190 1642 3244 1686 et
3266 1633 3447 1687 animo

1868 1727 2073 1796 praediti
2104 1734 2254 1789 sunt,
2279 1724 2569 1794 competit;
2604 1726 2846 1780 nonnulli
2872 1725 2999 1780 olim
3024 1725 3217 1781 etelum
3245 1733 3299 1778 et
3329 1725 3448 1779 ani-

196 1805 411 1873 λογικῶν
431 1807 529 1861 καὶ
557 1807 835 1877 ἐμψύχων,
888 1809 989 1880 ἤδη
1028 1810 1174 1873 τινὲς
1220 1811 1636 1879 ὲφαντάσθησαν
1669 1811 1761 1864 καὶ

1884 1828 2066 1871 natum
2081 1832 2218 1880 esse,
2250 1826 2304 1871 et
2331 1816 2540 1871 ratione
2567 1832 2721 1871 nsum
2750 1832 2870 1873 esse
2894 1818 3096 1886 Opinati
3123 1826 3268 1881 sunt,
3291 1817 3370 1871 sic
3389 1824 3449 1872 ut

195 1895 278 1947 τὸν
300 1897 525 1967 οὐρανὸν
548 1897 789 1969 ἔμψυχον
820 1894 982 1965 εἶναι,
1024 1902 1119 1954 καὶ
1155 1902 1298 1973 λόγῳ
1339 1902 1660 1973 κεχρῆσθαι.
1687 1902 1763 1967 ὡς

194 1984 436 2041 δύνασθαι
462 1989 560 2043 καὶ
582 1992 661 2053 εἰς
689 1991 1060 2062 ἀγανάκτησιν
1087 1992 1165 2063 τῷ
1196 1994 1441 2065 Δεσπότῃ
1483 1994 1763 2049 συνδιανα-

197 2078 394 2147 στῆναι..
432 2079 591 2133 Ἐστι
638 2080 695 2133 δὲ
730 2081 956 2151 μυθικὸν
1010 2083 1343 2155 ἀνάπλασμα
1394 2085 1455 2137 τὸ
1502 2086 1760 2139 τοιοῦτον.

195 2166 445 2234 Πολλάκις
472 2170 584 2243 γὰρ
607 2174 638 2243 ἡ
671 2171 857 2243 Γραφὴ
890 2175 1283 2245 μετωνυμικῶς
1311 2176 1538 2247 οὐρανὸν
1568 2177 1765 2248 ὀνομά-

196 2258 271 2324 ζει.
295 2261 361 2315 τὰ
397 2264 697 2334 ἐπουράνια
745 2263 861 2329 ζῶα
888 2266 1020 2337 (80),
1051 2267 1127 2330 ὡς
1169 2267 1290 2330 ἔθος
1325 2269 1418 2321 καὶ
1470 2268 1600 2339 παρ’
1633 2270 1764 2340 ἡμῖν

195 2349 391 2421 λέγειν·
440 2356 505 2409 Ἥ
540 2356 651 2427 (81)
677 2357 832 2421 πόλις
860 2359 1131 2428 ἐκϐέϐηκε
1166 2360 1342 2412 πᾶσα·
1369 2359 1482 2425 καὶ,
1526 2362 1589 2414 Ἡ
1612 2362 1766 2425 πόλις

196 2442 352 2515 ᾔτησε
379 2447 535 2518 παρὰ
560 2447 652 2501 τοῦ
683 2448 943 2519 ἄρχοντος
973 2450 1120 2504 τάδε’
1155 2452 1276 2504 ἀντὶ
1325 2452 1436 2525 γὰρ
1477 2452 1588 2505 τῶν
1622 2456 1764 2507 ὲνοιο

196 2536 421 2592 κούντων
453 2540 557 2610 τὴν
579 2540 734 2593 πόλιν
766 2541 1017 2613 λέγομεν.
1048 2542 1233 2608 Οὕτως
1259 2540 1353 2598 οὖν
1374 2546 1468 2598 καὶ
1486 2547 1514 2598 ὁ
1538 2545 1767 2615 οὐρανὸς

197 2626 467 2699 θυμοῦται,
502 2631 615 2684 τῶν
643 2632 914 2703 οὐρανίων
950 2633 1233 2706 δυνάμεων
1265 2636 1663 2706 συντιθεμένων
1695 2640 1762 2709 τῇ

197 2719 364 2793 δικαίᾳ.
394 2725 536 2795 ὀργῇ
568 2725 661 2777 τοῦ
685 2725 840 2779 Θεοῦ.
885 2726 970 2788 Ὠς
990 2726 1098 2797 γὰρ
1120 2726 1266 2799 χαρὰ
1293 2728 1502 2795 γίνεται
1525 2731 1582 2783 ὲν
1612 2729 1769 2800 ούρα-

196 2815 297 2877 vei;
325 2815 412 2867 ἐπὶ
457 2816 543 2868 ἐνὶ
566 2815 677 2886 (8'2)
709 2816 1022 2887 ἁμαρτωλῷ
1061 2817 1443 2889 μετανοοῦντι,
1492 2819 1636 2875 οὕτω
1672 2822 1767 2875 καὶ

197 2911 533 2982 παροξυσμὸς
556 2913 650 2965 καὶ
674 2912 817 2983 λύπη
858 2912 950 2966 ἐπὶ
981 2915 1097 2977 τοῖς
1133 2914 1500 2969 ἀποστατοῦσι
1547 2914 1637 2969 διὰ
1666 2915 1769 2986 τῆς

198 3003 454 3073 ἁμαρτίας
485 3002 581 3057 τοῦ
622 3004 926 3069 κτίσαντος.
1078 3050 1089 3061 .

259 3091 377 3145 271.
410 3094 521 3149 Καὶ
556 3093 800 3148 ἔσονται
820 3098 874 3148 oi
903 3096 1429 3165 καταλελειμμένοι
1456 3097 1537 3164 ὡς
1557 3098 1768 3167 δορκά-

197 3183 318 3239 διον
346 3185 597 3255 φεῦγον,
624 3186 723 3240 καὶ
743 3187 823 3253 ὡς
851 3189 1150 3255 πρόϐατον
1180 3189 1573 3259 πλανώμενον
1596 3232 1611 3255 ,
1664 3194 1766 3248 καὶ

197 3278 298 3330 οὐκ
329 3279 495 3332 ἔσται
520 3281 555 3331 ό
588 3277 870 3348 συνάγων
891 3319 906 3344 ,
963 3278 1121 3333 ὥστε
1173 3280 1488 3349 ἄνθρωπον
1532 3286 1619 3350 εὶς
1663 3286 1769 3338 τὸν

197 3368 339 3422 λαὸν
353 3370 543 3424 αὐτοῦ
570 3370 1053 3440 ἀποστραφῆναι,
1082 3374 1179 3426 καὶ
1208 3372 1521 3441 ἄνθρωπον
1541 3378 1629 3441 εἰς
1655 3375 1770 3444 τὴν

201 3454 384 3523 χώραν
406 3459 598 3513 αὑτοῦ
624 3458 827 3525 διῶξαι
859 3461 992 3530 (85).
1040 3464 1146 3528 Ὃς
1166 3462 1277 3530 γὰρ
1306 3462 1384 3518 ἂν
1408 3464 1563 3531 ἁλῷ,
1597 3466 1772 3534 ἡττη-

202 3548 451 3617 θήσεται,
475 3552 580 3606 καὶ
602 3552 818 3619 οἵτινες
837 3553 946 3621 (84)
963 3555 1335 3625 συνηγμένοι
1353 3558 1494 3620 εισι,
1507 3559 1772 3628 μαχαίρᾳ

203 3643 541 3697 πεσοῦνται.
564 3644 673 3698 Καὶ
699 3647 771 3697 τὰ
795 3646 979 3699 τέκνα
995 3646 1194 3701 αὐτῶν
1206 3646 1507 3715 ράξουσιν
1516 3650 1774 3705 ἐνώπιον

203 3732 403 3800 αὐτῶν,
436 3734 542 3808 καὶ
585 3736 692 3801 τὰς
753 3737 945 3803 οἰκίας
1000 3737 1199 3793 αὐτῶν
1248 3742 1769 3809 προνομεύσουσι,

203 3822 290 3876 καὶ
308 3824 408 3890 τὰς
423 3825 715 3896 γυναῖκας
729 3826 929 3880 αὐτῶν
949 3828 1218 3892 ἕξουσιν.
1264 3831 1350 3883 Ἐν
1374 3834 1439 3902 τῇ
1468 3833 1642 3904 ἐφόδῳ
1662 3832 1770 3887 τῶν

205 3912 462 3984 πολεμίων
492 3917 544 3969 οἱ
588 3916 686 3986 μὲν
711 3918 791 3979 εἰς
820 3919 1010 3988 χεῖρας
1045 3919 1311 3983 ἐλθόντες.
1351 3921 1438 3975 ἐπ’
1469 3923 1640 3993 αὐτῆς
1671 3925 1770 3995 τῆς

204 4007 552 4075 παρατάξεως
576 4007 770 4061 ἔπεσον
803 4009 913 4080 (85)
934 4025 950 4039 ο
978 4011 1028 4063 οἱ
1058 4011 1114 4063 δὲ
1134 4011 1505 4080 διαφυγόντες,
1532 4015 1608 4078 ὡς
1646 4016 1770 4087 δορ-

207 4096 373 4151 κάδων
421 4102 530 4153 εἱσι
564 4100 877 4169 φεύγοντες.
926 4102 1237 4172 Εύπτόητον
1267 4103 1322 4156 δὲ
1374 4106 1435 4157 τὸ
1470 4105 1607 4169 ζῶόν
1654 4108 1770 4160 ἐστι

206 4188 291 4241 καὶ
318 4188 507 4253 δειλὸν,
547 4191 641 4243 καὶ
669 4191 735 4244 δι’
761 4192 997 4262 ὀξύτητα
1030 4191 1136 4247 τῶν
1168 4194 1343 4247 ποδῶν
1385 4196 1614 4250 ἐπιπολὺ
1645 4196 1775 4267 φεῦ-

206 4296 311 4351 γον,
336 4286 426 4337 καὶ
448 4287 552 4356 οὐχ
573 4285 882 4356 ἱστάμενον.
920 4288 1200 4341 Ἔσονται
1222 4284 1314 4342 οὖν
1336 4288 1415 4354 ὡς
1437 4287 1773 4357 δορκάδων,
1798 4348 1809 4353 ἡ

286 4400 328 4433 ⁸⁸
354 4400 705 4466 Jobxxxvul,
736 4402 855 4457 4-6.
933 4403 975 4436 ³⁸
1007 4403 1137 4459 Luc.
1171 4420 1261 4471 xv,
1299 4403 1387 4461 10.

276 4555 379 4629 (τϐ)
418 4560 490 4613 Ita
526 4575 659 4615 mss.
687 4574 895 4616 omnes.
931 4560 1093 4620 Editi.
1127 4560 1219 4613 ἐπὶ
1240 4558 1356 4613 τοῦ.

276 4629 382 4697 177)
425 4631 564 4683 Editi
603 4642 657 4684 et
691 4642 799 4681 tres
832 4646 983 4687 mss..
1010 4631 1079 4681 "H
1112 4631 1237 4694 ποῦ,
1262 4641 1349 4683 aut
1378 4631 1488 4688 ubi.
1524 4630 1629 4686 Alii
1663 4640 1775 4686 tres

212 4700 665 4769 msirt'mtjtltlclt',
698 4700 876 4769 Ἥπου
912 4715 1007 4754 orn
1029 4700 1227 4769 Ὅπου.

295 4767 381 4832 78)
414 4769 577 4826 Εώιί.
607 4769 700 4823 τοῦ
733 4766 845 4822 οὖν.
884 4769 1083 4823 Vocula
1115 4766 1207 4823 οὖν
1242 4771 1293 4823 ἰιι
1323 4785 1454 4825 mss.
1497 4769 1665 4824 deest.

278 4836 383 4905 (τῦ)
426 4838 587 4900 ΕιΙίιὶ,
619 4839 1165 4910 ὑπαρχούσηςᾼαύτῷ,
1201 4841 1339 4891 haud
1367 4843 1667 4895 emendate.
1705 4839 1775 4893 Αι

215 4909 403 4981 antiqui
437 4922 547 4981 tres
572 4912 711 4972 libri,
738 4908 1092 4981 ὕπαρχούσης
1113 4908 1274 4981 αὐτῇ.
1298 4910 1403 4964 Alii
1433 4911 1615 4964 itidem
1641 4921 1771 4975 tres,

214 4974 611 5051 ἐνυπαρχούσης
638 4981 796 5051 αὐτῇ.

280 5046 391 5113 (80)
425 5046 648 5105 Veteres
682 5046 790 5103 tres
820 5049 938 5103 libri
976 5060 1027 5103 et
1056 5050 1184 5104 editi
1227 5064 1463 5115 quoque,
1498 5046 1646 5111 ζῶαο
1683 5048 1776 5104 ubi

217 5123 382 5189 tamen
412 5121 626 5189 (videtur
672 5121 939 5185 interpres
987 5122 1198 5189 legisse,
1247 5118 1432 5183 ζῴδια,
1482 5135 1604 5173 cum
1648 5135 1775 5172 ver-

219 5186 352 5257 Ij’ril,
383 5188 662 5254 Scriptura
695 5190 835 5243 enim
880 5186 1191 5257 plerumque
1215 5207 1398 5242 nomen
1440 5190 1538 5242 Ιιοο
1592 5191 1774 5244 ccelum

216 5254 425 5329 ﬁgurate
465 5261 650 5320 accipit
687 5277 779 5321 pro
826 5254 1115 5313 (meatibus
1156 5261 1340 5329 signis.
1393 5258 1636 5326 Scriptor
1683 5276 1779 5312 au-

220 5330 316 5403 lrltt
353 5326 731 5403 Cotutuenlarii
755 5331 1052 5403 ,“qnisquis
1082 5340 1186 5403 est,
1206 5326 1446 5403 'notuiue
1477 5330 1777 5403 C(Blestitttn

219 5399 521 5512 imitualium
563 5401 695 5454 nihil
733 5400 876 5453 aliud
916 5402 1018 5455 nisi
1051 5402 1303 5455 cmleStes
1343 5400 1575 5455 virtutes
1618 5400 1778 5454 intel-

240 5477 343 5512 icit-

240 5477 344 5531 ign.

273 5533 389 5614 (8|)
427 5537 564 5614 Editi
594 5548 647 5593 et
680 5555 812 5595 mss.
842 5540 1105 5606 nonnulli,
1132 5539 1213 5593 ὅτι
1241 5541 1296 5611 ἡ.
1339 5538 1444 5594 Sed
1477 5553 1575 5593 vos
1610 5539 1694 5593 ὅτι
1722 5538 1776 5594 in

221 5611 334 5655 anis
365 5623 491 5661 mss.
525 5611 688 5663 tle“sl.

279 5673 392 5796 (Si)
434 5678 591 5743 Editi,
617 5679 700 5751 ἐφ’
721 5680 822 5734 ἑνί.
849 5684 918 5735 At
944 5696 1099 5740 mss..
1132 5681 1223 5736 ἐπὶ
1247 5679 1346 5732 ἐνί.
1375 5677 1482 5735 Nec
1510 5680 1582 5735 ita
1607 5678 1776 5733 multo

301 5759 354 5796 ra
378 5749 619 5796 cenulam
650 5752 743 5796 καί
789 5761 914 5796 anle
958 5767 1140 5796 vacem
1174 5750 1519 5796 παοοὲυιτιιός
1559 5766 1622 5796 ex
1673 5765 1771 5796 nn-

222 5736 354 5800 lal‘ra
374 5736 619 5818 copulam
650 5736 743 5811 {cui
789 5761 914 5809 ante
958 5736 1142 5810 vocem
1174 5750 1519 5823 παροξυσμός
1559 5766 1624 5807 ex
1673 5765 1771 5806 uo-

1864 1909 2022 1964 simul
2045 1924 2164 1963 cum
2186 1907 2415 1962 Domino
2438 1908 2666 1963 exaltari
2696 1920 2874 1979 posset
2901 1910 2966 1964 ad
2997 1910 3441 1981 indignationem.

1863 2001 1933 2055 At
1973 2009 2338 2053 commentum
2376 1999 2639 2068 ejusmodi
2680 2009 2762 2053 est
2814 1998 3137 2056 fabulosum.
3170 1999 3303 2054 Nam
3334 1999 3447 2069 ple-

1866 2108 2090 2163 rumque
2105 2092 2387 2162 Scriptura
2414 2109 2506 2162 per
2524 2094 2907 2164 metonymiam
2927 2094 3168 2149 cmlestia
3189 2092 3443 2148 animalia

1867 2184 2065 2238 caelum
2087 2195 2263 2248 vocat,
2282 2184 2357 2238 uti
2378 2192 2432 2238 et
2447 2199 2543 2239 nos
2564 2185 2747 2240 dicere
2763 2184 2999 2239 solemus
3018 2203 3031 2239 :
3050 2184 3251 2243 Civitas
3266 2184 3446 2239 omnis

1867 2291 2078 2347 egressa
2125 2284 2246 2343 est;
2279 2284 2367 2330 et:
2395 2277 2599 2331 Civitas
2634 2291 2663 2330 a
2700 2278 2944 2347 principe
2973 2276 3110 2333 hanc
3148 2291 3262 2331 rem
3305 2277 3446 2347 peti-

1869 2371 1982 2434 vit;
2028 2368 2226 2437 quippe
2268 2369 2539 2422 civitatem
2582 2367 2701 2423 loco
2750 2368 3043 2422 incolarum
3083 2370 3444 2423 nominamus.

1868 2458 2050 2527 Itaque
2102 2458 2169 2511 ad
2206 2457 2352 2511 hunc
2395 2458 2612 2513 modum
2668 2457 2976 2528 indignatur
3022 2458 3186 2512 etiam
3224 2457 3444 2522 ctelum,

1868 2566 1990 2604 cum
2019 2549 2180 2619 iustae
2210 2548 2302 2603 Dei
2329 2551 2423 2605 iraa
2451 2550 2823 2604 assentiuntur
2845 2549 3101 2605 ctelestes
3126 2558 3444 2620 potestates.

1869 2643 2331 2708 Quemadmodum
2384 2643 2526 2697 enim
2561 2644 2817 2711 gaudium
2864 2651 2949 2697 est
3000 2642 3054 2696 in
3096 2642 3250 2699 cmlis
3281 2656 3449 2713 super

1870 2750 1978 2790 uno
2024 2746 2312 2804 peccatore
2350 2735 2723 2805 pmniteutiam
2776 2743 2969 2805 agente
2994 2734 3036 2767 ³⁸
3062 2753 3075 2788 :
3104 2736 3177 2790 ita
3229 2748 3445 2806 quoque

1870 2825 2170 2895 indignatio
2185 2837 2238 2880 et
2264 2826 2478 2880 tristitia
2497 2835 2581 2880 est
2611 2839 2776 2895 super
2800 2825 2887 2889 iis.
2913 2825 3005 2882 ιιιιὶ
3031 2841 3129 2896 per
3158 2837 3441 2897 peccatum

1870 2932 1900 2969 a
1929 2916 2220 2972 Conditore
2248 2917 2522 2972 deﬁciunt.

1938 3091 2065 3146 ΞΠ.
2097 3091 2263 3147 Vens.
2296 3091 2483 3147 “46.
2527 3091 2594 3145 Et
2622 3099 2779 3146 erunt
2807 3090 3008 3144 residui
3035 3090 3192 3160 quasi
3227 3089 3447 3143 damula

1876 3184 2103 3255 fugiens,
2135 3193 2186 3239 et
2213 3184 2366 3255 quasi
2400 3184 2510 3238 oris
2539 3200 2746 3249 errans,
2776 3193 2822 3237 et
2855 3197 2957 3235 non
2984 3183 3080 3235 erit
3107 3183 3197 3251 qui
3229 3196 3449 3249 congre-

1874 3285 1985 3344 get,
2030 3276 2104 3327 ita
2149 3284 2206 3328 ut
2234 3275 2388 3327 homo
2422 3273 2492 3327 ad
2539 3273 2789 3342 populum
2828 3289 2983 3326 suum
3018 3281 3370 3335 convertatur,
3398 3279 3448 3325 et

1875 3369 2029 3422 homo
2068 3369 2122 3422 in
2162 3369 2423 3437 regionem
2462 3383 2614 3421 suam
2675 3376 2875 3420 currat.
2913 3362 3053 3417 Nam
3097 3363 3188 3433 qui
3264 3371 3448 3431 captus

1876 3461 2039 3529 fuerit
2061 3461 2419 3529 apprimetur;
2448 3467 2496 3513 et
2529 3459 2621 3529 qui
2664 3456 2966 3527 congregati
3006 3455 3201 3524 fuerint
3224 3494 3238 3517 ,
3270 3454 3449 3521 gladio

1877 3559 2083 3611 cadent.
2121 3554 2188 3609 Et
2233 3557 2373 3624 ﬁlios
2404 3572 2584 3609 eorum
2625 3554 2918 3621 discerpent
2955 3553 3010 3605 in
3050 3556 3327 3618 conspectu
3358 3563 3449 3601 eo-

1877 3664 2018 3713 rum,
2062 3657 2110 3701 et
2151 3648 2335 3700 domos
2375 3662 2558 3699 eorum
2585 3644 2860 3709 diripient,
2886 3650 2935 3695 et
2980 3655 3169 3694 uxores
3213 3638 3451 3705 ipsorum

1877 3740 2156 3793 habebunt.
2191 3739 2292 3805 Qui
2325 3739 2379 3791 in
2422 3752 2611 3790 manus
2641 3736 2874 3790 hostium
2917 3730 3332 3801 irrumpentiutn
3364 3742 3451 3781 ve-

1878 3831 2082 3897 nerint,
2114 3831 2164 3883 in
2197 3831 2314 3898 ipsa
2346 3829 2463 3883 acie
2492 3829 2724 3892 cadunt;
2754 3826 2844 3895 qui
2873 3840 3000 3879 vero
3035 3824 3157 3895 luga
3184 3822 3284 3876 sibi
3316 3833 3451 3874 con-

1879 3923 2176 3985 soluet-int,
2207 3922 2261 3976 bi
2300 3922 2454 3991 quasi
2503 3921 2718 3974 damula
2759 3918 2985 3985 fugiunt.
3028 3914 3237 3971 Animal
3269 3923 3451 3968 autem

1877 4013 2005 4067 illud
2030 4014 2278 4083 pavidum
2305 4023 2388 4068 est
2412 4013 2566 4067 valde
2587 4022 2642 4068 et
2666 4011 3061 4075 meticulosum,
3079 4016 3133 4063 et
3162 4008 3232 4062 ob
3256 4006 3452 4075 pedum

1876 4108 2213 4161 velocitatem
2248 4108 2430 4177 procul
2474 4106 2629 4177 fugit,
2667 4121 2765 4161 nec
2795 4103 3019 4175 gradum
3062 4103 3226 4156 sistit.
3280 4100 3454 4155 Erunt

1878 4202 2046 4272 igitur
2090 4204 2242 4272 quasi
2295 4202 2511 4256 damula
2557 4212 2604 4257 et
2644 4201 2798 4274 quasi
2836 4201 2945 4255 ovis
2973 4197 3294 4254 errabunda.
3323 4193 3456 4252 Ovis

1882 4295 2025 4349 enim
2055 4309 2122 4351 ex
2158 4310 2218 4350 se
2242 4294 2388 4371 nullo
2414 4294 2572 4350 modo
2594 4294 2746 4351 novit
2770 4294 2834 4348 ad
2858 4305 3061 4364 pascua
3082 4288 3305 4361 pinguia
3327 4302 3455 4358 per-

1812 4561 1857 4616 D
1886 4559 2013 4613 stris
2042 4573 2136 4613 sex
2166 4574 2297 4613 mss.
2330 4557 2652 4612 addidimus.

1959 4630 2070 4699 (85)
2110 4630 2470 4700 Atttiqnihtres
2505 4628 2649 4700 libri,
2678 4628 2772 4681 καὶ
2794 4626 3078 4698 ἄνθρωπον
3107 4630 3186 4691 εἰς
3220 4627 3319 4699 τὴν
3347 4625 3457 4700 χώ-

1884 4698 1984 4771 ραν
2007 4699 2201 4753 ἑαυτοῦ
2225 4698 2434 4771 διῶξαι,
2464 4708 2510 4750 et
2536 4699 2688 4771 homo
2710 4701 2765 4771 in
2789 4702 3047 4771 regionem
3082 4714 3230 4771 suam
3253 4698 3454 4771 currat.

1881 4765 1983 4823 λιιι
2020 4779 2147 4830 tres,
2178 4769 2272 4821 καὶ
2293 4769 2577 4838 ἄνθρωπον
2608 4770 2687 4832 εἰς
2718 4769 2816 4838 τὴν
2852 4765 3033 4838 χώραν
3060 4767 3226 4820 αὑτοῦ
3260 4767 3457 4821 διασω-

1882 4839 2062 4909 θῆναι,
2092 4849 2140 4891 et
2176 4839 2329 4891 homo
2360 4841 2413 4891 in
2443 4840 2878 4909 regionemsuam
2910 4838 3199 4909 salvumse
3220 4838 3456 4909 recipiat.

1883 4904 1951 4964 ln’
1972 4910 2129 4963 editis
2162 4925 2290 4961 vero
2328 4919 2380 4961 et
2422 4904 2560 4977 apud
2600 4907 2742 4960 LXX
2793 4907 3006 4977 legitur,
3051 4908 3145 4960 καὶ
3172 4904 3460 4977 ἄνθρωπος

1884 4924 1941 4964 In
1972 4924 2129 4963 editis
2162 4925 2290 4961 vero
2328 4924 2380 4961 et
2422 4924 2560 4973 ιιβιιοι
2600 4924 2742 4960 ωλλ
2793 4924 3006 5028 ιιλῖιιιιιν,
3051 4924 3145 4960 και
3172 4924 3457 4977 ανυρωπος

1882 4981 1962 5042 εἰς
1985 4979 2084 5049 τὴν
2117 4977 2300 5049 χώραν
2330 4978 2492 5049 αὐτοῦ
2526 4975 2795 5049 διώξεται,
2855 4987 2897 5049 't
2926 4978 3078 5049 [tumo
3107 4977 3174 5049 ad
3198 4979 3457 5044 regionem

1882 5046 2365 5113 suam'eaipel'letur.
2412 5048 2537 5102 Mihi
2565 5059 2743 5100 autem
2776 5046 3072 5101 verisimile
3102 5047 3180 5109 lit,
3209 5056 3456 5116 typogra-

1884 5122 2020 5188 plios
2054 5120 2119 5173 de
2152 5134 2249 5172 suo
2275 5120 2567 5173 eincudare
2599 5118 2832 5188 voluisse
2863 5136 2877 5171 :
2909 5117 3052 5188 quod
3092 5126 3150 5169 ut.
3181 5116 3345 5170 tutius
3377 5116 3460 5169 fa-

1886 5186 2091 5252 cerent,
2127 5190 2196 5240 ita
2231 5190 2533 5251 ediderunt,
2567 5189 2642 5239 uti
2678 5190 2728 5240 in
2760 5186 2952 5240 Bibliis
2985 5186 3283 5256 legebatur.

1958 5257 2067 5327 (84)
2112 5258 2347 5327 Uterque
2382 5258 2729 5311 Colbertiuus
2766 5267 2823 5327 et
2866 5256 2996 5326 Reg.
3037 5254 3326 5327 secundus.
3356 5254 3459 5327 ita).

1885 5329 1939 5382 εἴ
1964 5325 2130 5393 τινες,
2168 5339 2217 5382 et
2263 5325 2311 5381 si
2347 5329 2439 5397 qui
2485 5330 2613 5389 sint,
2645 5338 2750 5381 etc.
2800 5326 3089 5397 Aliquanto
3129 5335 3250 5393 post
3296 5325 3456 5377 iidem

1887 5417 2041 5461 tnss.,
2078 5400 2173 5454 καὶ
2202 5397 2303 5461 τὰς
2335 5395 2523 5463 οὐσίας
2556 5397 2736 5451 αὐτῶν
2772 5395 3220 5467 προνομεύσουσι,
3254 5402 3303 5446 et
3339 5410 3459 5462 opes
3486 5437 3498 5449 .

1886 5486 2066 5523 eorum
2096 5471 2363 5536 diripient.

1958 5539 2070 5611 (85)
2111 5541 2336 5611 tiodices

1885 5602 1989 5675 que
2036 5602 2473 5664 Colliertinus'ct
2518 5605 2651 5675 Reg.
2699 5604 2987 5669 secundus,
3028 5603 3165 5669 ζῶόν
3210 5604 3328 5661 ἐστι
3365 5602 3464 5661 καὶ

1883 5674 2074 5736 δειλόν.
2112 5678 2224 5736 Vox
2258 5678 2373 5733 ἐστι
2400 5678 2455 5735 in
2482 5674 2643 5737 editis
2676 5674 3103 5735 desiderabatur.

2380 5547 2630 5606 quatuor,
2669 5534 2895 5606 lusca».
2936 5532 3286 5606 I’auloinl'ra
3314 5542 3461 5606 uter-
3508 5576 3511 5581 .
