3810 6214
210 357 322 413 597

1032 359 1384 413 COMMENT.
1427 359 1493 414 IN
1533 361 1762 416 ISAIAM
1804 360 2242 417 PROPIIETAM.
2285 361 2438 417 CAP.
2477 362 2616 418 XIII.

3367 360 3490 444 59s

209 486 402 541 γοιντο
439 469 505 526 ἂν
535 473 587 524 οἱ
639 472 814 542 Μῆδοι
855 471 1156 541 ἐπάγεσθαι
1200 474 1279 536 εἰς
1321 475 1381 527 τὸ
1429 475 1677 540 κολάζειν
1708 479 1805 548 ὲμ-

1915 477 2098 542 fuisse,
2129 487 2186 529 ut
2219 490 2404 544 pmnas
2446 475 2514 529 de
2565 475 2632 528 iis
2673 473 2761 544 qui
2811 475 3060 542 nequiter
3108 481 3161 526 et
3191 485 3472 540 perperam

212 561 434 637 μέτρως
466 557 591 628 τοίἱς
616 563 802 628 κακῶς
825 563 1176 634 βεϐιωκότας.
1213 566 1354 620 Διὸτι
1390 560 1434 635 ᾧ
1467 569 1649 640 μέτρῳ
1669 569 1802 623 ἕκα-

213 671 345 720 στος
374 656 533 728 ἡμῶν
565 656 934 729 μεμέτρηκεν,
959 657 1079 727 ἦτοι
1125 659 1184 711 ὲν
1233 658 1309 729 τῷ
1338 660 1654 731 κατορθοῦν,
1680 661 1712 732 ἦ
1745 664 1802 714 ὲν

209 744 297 818 τῷ
317 745 678 818 ἁμαρτάνειν,
705 749 763 800 ὲν
787 747 964 820 τούτῳ
993 749 1026 819 ἦ
1058 749 1126 802 τὰ
1155 748 1256 818 τῆς
1276 750 1582 822 ἁμοιϐἦς,ἦ
1612 751 1680 805 τὰ
1703 752 1803 823 τῆς

212 840 495 904 κολάσεως
554 840 913 912 ἀπολήψεται.
963 842 1204 896 Τοιοῦτοι
1255 843 1311 896 δὲ
1371 845 1420 896 οἱ
1466 845 1658 915 Μῆδοιο
1702 844 1802 898 οὐκ

213 927 502 998 ὲλεήσουσι
531 929 600 982 τὰ
627 929 790 981 τέκνα
819 929 928 982 τῶν
959 929 1334 995 Βαϐυλωνίων,
1366 931 1487 984 οὐδὲ
1518 935 1802 1004 περιποιή-

213 1016 417 1070 σασθαι
446 1017 830 1084 καταδέξονται
867 1019 998 1090 (95).
1033 1021 1184 1091 Τάχα
1211 1021 1266 1073 δὲ
1303 1021 1468 1075 τέκνα
1504 1023 1629 1086 τοὺς
1663 1041 1794 1094 καρ-

211 1109 359 1172 ποὺς
392 1109 487 1163 καὶ
512 1109 583 1162 τὰ
622 1111 936 1181 γεννήματα
962 1111 1062 1184 τῆς
1090 1111 1445 1166 Βαϐυλωνίων
1469 1113 1648 1184 ψυχῆς
1705 1113 1800 1168 νῦν

213 1214 387 1267 φησιν
426 1199 458 1270 ἡ
517 1199 729 1270 Γραφή.
769 1199 1005 1254 Τοιαῦτα
1059 1201 1266 1272 νομίζω
1307 1198 1443 1256 εἶναι
1475 1204 1570 1256 καὶ
1603 1203 1668 1256 τὰ
1707 1203 1800 1256 τοῦ

218 1288 663 1360 μακαριζομένου
715 1291 865 1360 παρὰ
889 1291 967 1362 τῷ
1008 1291 1207 1362 ψαλμῷ
1248 1293 1432 1358 τέκνα,
1479 1296 1536 1346 ὲν
1567 1289 1611 1362 ᾧ
1635 1297 1668 1365 ὴ
1703 1295 1800 1364 μὲν

213 1380 358 1451 ’γυνὴ
391 1382 426 1451 ἡ
468 1380 581 1451 (94)
617 1381 776 1450 σοφία
815 1382 985 1446 ἐστὶν,
1028 1383 1220 1452 ἥντινα
1251 1384 1559 1456 ἐκζητήσας
1584 1385 1801 1457 νύμφην

212 1471 458 1540 ἠγάγετο
499 1473 595 1526 καὶ
625 1472 869 1527 σύνοικον
903 1473 1079 1545 ἑαυτῷ
1117 1474 1146 1526 ὁ
1183 1473 1386 1546 Κύριος
1421 1475 1553 1546 (95),
1576 1477 1802 1546 γενόμε-

213 1579 310 1625 νος
337 1565 575 1636 ἐραστὴς
594 1565 688 1618 τοῦ
723 1565 952 1629 κάλλους
980 1566 1170 1636 αὐτῆς·
1207 1568 1256 1620 οἱ
1291 1567 1347 1620 δὲ
1378 1569 1501 1632 υἱοὶ,
1524 1567 1592 1622 τὰ
1617 1569 1804 1638 γεννή-

218 1671 368 1724 ματα
393 1653 486 1708 τοῦ
511 1655 603 1708 νοῦ
631 1656 725 1709 καὶ
768 1656 866 1726 τῆς
903 1657 1094 1725 σοφίας
1127 1656 1244 1728 ἅμα
1280 1658 1628 1713 συνελθόντα.
1667 1660 1803 1730 Περὶ

213 1744 426 1798 τούτων
457 1741 610 1817 οῐμαι
647 1747 756 1800 τῶν
779 1747 983 1801 τέκνων
1007 1749 1255 1822 εἰρῆσθαι
1273 1751 1328 1803 ἐν
1354 1749 1433 1819 τῷ
1449 1748 1799 1822 ρλςδψαλμῷο

1908 571 2174 631 vixerant,
2201 569 2477 638 exigerent
2508 582 2628 622 cum
2655 581 2904 620 mensura
2933 584 2948 620 :
2989 565 3245 633 quoniam
3273 577 3378 632 qua
3418 561 3474 614 in

1905 677 2154 716 mensura
2181 659 2409 728 quisque
2431 665 2670 712 nostrum
2697 657 2974 710 dimensus
2997 654 3178 717 luerit,
3206 652 3319 706 sive
3341 652 3476 706 bene

1905 752 2134 820 agendo,
2167 751 2280 804 sive
2311 748 2621 818 peccando,
2677 747 2730 801 in
2783 748 2882 800 hac
2934 755 3024 801 aut
3072 731 3351 815 praemium
3385 751 3478 796 aut

1905 841 2226 911 supplicium
2257 839 2482 908 recipiet
2509 837 2576 892 ³³.
2607 835 2761 891 Tales
2797 847 2974 890 autem
3008 844 3134 890 sunt
3165 833 3301 888 Medi
3327 850 3343 900 ;
3368 847 3474 886 non

1907 933 2308 987 miserebuntur
2363 929 2500 983 ﬁlios
2546 927 2964 998 Babyloniorum
2999 965 3014 991 ,
3048 940 3223 995 neque
3252 939 3344 979 eos
3364 923 3475 978 sal-

1906 1041 2000 1079 vos
2031 1037 2085 1078 et
2116 1025 2416 1079 incolumes
2467 1021 2674 1077 servari
2739 1021 3036 1090 patientur.
3097 1019 3259 1074 Forte
3292 1026 3474 1071 autem

1907 1116 2116 1170 fructus
2173 1117 2425 1184 fetusque
2475 1113 2672 1167 animae
2705 1111 3123 1182 Babyloniorum
3154 1126 3299 1164 nunc
3324 1107 3476 1162 Scri-

1906 1219 2064 1278 ptura
2098 1205 2238 1260 ﬁlios
2288 1203 2541 1274 appellat.
2588 1199 2729 1267 Quin
2763 1202 2926 1255 etiam
2959 1199 3096 1253 ﬁlios
3143 1196 3258 1265 ejus
3290 1197 3380 1266 qui
3422 1196 3477 1248 in

1906 1297 2116 1368 psalmo
2169 1297 2494 1367 prmdieatur
2532 1295 2726 1348 beatus
2747 1333 2764 1358 ,
2802 1291 2935 1346 tales
2965 1306 3086 1345 esse
3119 1289 3388 1342 arbitror:
3421 1285 3477 1338 in

1907 1407 2016 1460 quo
2040 1389 2238 1445 mulier
2279 1390 2498 1459 quidem
2552 1385 2820 1457 sapientia
2860 1391 2962 1448 est,
3017 1395 3178 1451 quam
3227 1377 3470 1438 ambivit,

1907 1497 2182 1554 quamque
2205 1497 2427 1536 uxorem
2470 1479 2644 1543 duxit,
2675 1486 2731 1532 et
2767 1476 2868 1531 sibi
2907 1466 3481 1528 contnbernalemele-

1907 1580 1986 1644 git
2010 1574 2292 1638 Dominus,
2359 1568 2778 1642 pulchritudinis
2824 1565 2938 1633 ejus
2981 1579 3166 1618 amore
3187 1568 3376 1631 captus
3399 1557 3476 1610 “z

1909 1668 2003 1722 ﬁlii
2037 1681 2166 1722 vero
2194 1675 2320 1721 sunt
2369 1664 2567 1719 mentis
2601 1671 2657 1717 et
2707 1658 2988 1730 sapientiae
3047 1655 3186 1711 fetus
3211 1652 3369 1710 simul
3389 1667 3482 1706 eo-

1906 1767 2116 1812 euntes.
2162 1756 2236 1811 De
2262 1755 2370 1820 his,
2397 1763 2546 1824 puto,
2577 1755 2630 1808 in
2663 1751 2870 1823 psalmo
2893 1765 3091 1806 cxxxrt
3123 1748 3322 1802 dictum
3355 1753 3478 1799 cst:

216 1833 495 1902 Θυγάτηρ
519 1816 884 1903 (Βαϐυλῶνος
915 1839 954 1906 ἡ
996 1816 1386 1906 ταλαίπωρος,
1405 1816 1706 1908 ταακιὶῥιοςί
1732 1816 1798 1904 είς

1917 1848 2062 1904 Filia
2087 1849 2367 1918 Babylonis
2397 1816 2611 1911 inisera,
2663 1816 2844 1898 beatus
2872 1842 2960 1914 qui
2996 1840 3240 1894 retribuet
3283 1833 3374 1888 tibi
3403 1850 3483 1886 res

213 1925 631 1980 ἀνταποδώσει
660 1944 759 1982 σοι
795 1928 862 1982 τὸ
911 1927 1298 1998 ἀνταπόδομά
1325 1943 1460 1995 σου,
1498 1929 1528 1983 ὂ
1578 1929 1803 1983 ἀνταπ-

213 2015 445 2082 έδωκας
463 2017 627 2086 ἡμῖν.
656 2019 954 2088 Μακάριος
993 2019 1061 2086 ὃς
1110 2019 1418 2088 κρατήσει,
1447 2019 1542 2072 καὶ
1581 2020 1812 2090 ἐδαφιεῖ

213 2105 291 2160 τὰ
311 2104 501 2173 νήπιά
531 2122 648 2162 σου
670 2109 818 2178 πρὸς
858 2110 973 2178 τὴν
998 2111 1240 2180 πέτραν.
1283 2111 1501 2182 Ταύτην
1527 2111 1635 2184 γὰρ
1669 2130 1800 2183 προ-

216 2197 410 2252 ελέπει
446 2198 546 2270 τὴν
603 2201 818 2272 ἡμέραν
863 2202 964 2271 τῆς
1011 2201 1442 2267 ἀνταποδόσεως,
1493 2201 1616 2255 καθ’
1657 2202 1724 2273 ἣν
1755 2203 1804 2254 oi

215 2288 394 2359 Μῆδοι
419 2291 793 2360 κρατήσαντες
820 2291 928 2345 τῶν
958 2291 1336 2357 Βαϐυλωνίων,
1355 2291 1454 2343 οὐκ
1469 2289 1802 2361 ὲλεήσουσιν,

214 2379 342 2432 οὐδὲ
369 2382 464 2434 ἐπὶ
501 2383 616 2446 τοῖς
661 2383 875 2445 τέκνοις
907 2383 1088 2436 αὐτῶν
1119 2383 1394 2451 φείσονται
1429 2385 1478 2435 oi
1539 2382 1804 2452 ὀφθαλμοὶ

215 2471 421 2526 αὐτῶν.
454 2474 656 2528 Σκόπει
687 2475 764 2537 δὲ,
817 2475 899 2528 ὅτι
948 2477 976 2528 ὁ
1021 2475 1234 2545 ψαλμὸς
1283 2474 1574 2546 μακαρίζει
1607 2475 1667 2528 οὐ
1715 2476 1804 2527 τὸν

215 2565 577 2636 ὁπωσδήποτε
610 2567 800 2620 τέκνον
831 2566 1168 2620 Βαϐυλώνιον
1227 2567 1483 2621 ἀνελόντα
1511 2568 1644 2638 (96),
1691 2567 1802 2620 ἀλλ’

215 2656 306 2710 ὅτι
332 2656 552 2728 πρῶτον
582 2658 679 2728 μὲν
707 2656 852 2710 θέλει
895 2656 966 2709 τά
1007 2657 1178 2728 νήπια
1209 2656 1388 2711 αὐτῶν
1426 2656 1802 2726 ἀφανίζεσθαι,

217 2747 292 2800 τὰ
318 2747 602 2819 ἀρτιγενῆ,
629 2748 704 2819 μὴ
723 2747 1095 2818 ὲπιτραπέντα
1125 2747 1299 2802 ὲλθεῖν
1325 2749 1406 2812 είς
1435 2747 1683 2818 αὔξησιν,
1719 2749 1806 2800 ἵνα

222 2836 303 2910 μὴ
330 2839 425 2891 ἐπὶ
477 2837 659 2892 πλεῖον
707 2840 932 2910 χωρήσῃ
983 2839 1082 2909 τῆς
1120 2839 1406 2912 πονηρίας·
1434 2838 1685 2911 δεύτερον
1726 2839 1803 2905 δὲ,

218 2929 306 2983 ὅτι
354 2930 454 3000 οὐχ
483 2929 781 3002 οίῳδήποτε
824 2930 1011 3002 τρόπῳ
1065 2929 1437 3000 ἀναιρεθῆναι.
1498 2931 1806 3003 Μακαρίζει

219 3020 335 3092 γὰρ
364 3019 457 3072 τὸν
486 3021 836 3092 κρατήσαντα
871 3020 981 3092 (97)
1003 3021 1099 3074 καὶ
1139 3021 1559 3092 περιγενόμενον
1579 3024 1644 3093 τῇ
1679 3023 1806 3074 ἑαυ-

218 3108 318 3164 τοῦ
358 3110 522 3181 σοφίᾳ.
565 3111 665 3182 τῆς
712 3111 1056 3180 τεκνογονίας
1103 3111 1198 3165 τοῦ
1245 3113 1650 3182 συγκεχυμένου
1689 3112 1781 3166 νοῦ

216 3201 374 3264 ὅστις
410 3199 736 3273 ὀνομάζεται
775 3202 1137 3267 Βαϐυλώνιοςο
1171 3203 1361 3256 ἔπειτα
1411 3202 1467 3255 δὲ
1489 3204 1803 3275 προσαρασ-

219 3309 334 3347 σων
382 3293 523 3347 αὐτὰ
577 3296 644 3365 τῇ
687 3295 881 3366 πέτρα.
921 3295 986 3348 Ἠ
1020 3294 1196 3366 πέτρα
1231 3294 1288 3348 δὲ
1333 3295 1426 3348 καὶ
1450 3296 1508 3346 ὲν
1553 3293 1726 3366 τούτῳ
1774 3296 1803 3348 ὁ

220 3386 458 3458 Χριστός
481 3390 648 3444 ἐστιν.
687 3389 747 3442 '0
773 3388 884 3460 γὰρ
917 3387 1235 3460 συγκρούων
1264 3387 1334 3441 τὰ
1365 3387 1545 3456 φαῦλα
1559 3386 1804 3457 δόγματα

217 3475 302 3546 τῷ
330 3475 474 3547 λόγῳ
506 3477 606 3548 τῆς
656 3477 936 3548 ἀληθείας,
963 3469 1118 3540 οὗτός
1148 3480 1294 3531 ἐστιν
1323 3479 1350 3530 ὁ
1387 3476 1456 3529 τὰ
1487 3476 1802 3530 Βαϐυλώνια

218 3571 399 3638 νήπια
412 3570 476 3640 τῇ
507 3569 687 3640 πέτρα
703 3569 1113 3641 προσεδαφίζων
1141 3570 1275 3642 (98).
1317 3571 1378 3622 Εἰ
1401 3565 1492 3622 οὖν
1511 3571 1675 3622 τέκνα
1703 3571 1804 3622 Ba-

220 3659 483 3725 ϐυλῶνος,
519 3661 588 3714 τὰ
627 3661 736 3716 τῶν
763 3662 1081 3734 ἑτεροδόξων
1115 3663 1360 3733 δόγματα
1387 3663 1680 3732 συγχέοντα
1705 3664 1803 3732 τὴν

218 3750 405 3823 ψυχὴν
445 3751 541 3805 τοῦ
563 3753 1025 3824 παραδεχομένουο
1063 3753 1244 3818 καλῶς
1271 3753 1331 3806 τὸ
1358 3753 1697 3806 Βαϐυλώνιον
1720 3754 1805 3806 τὲ-

218 3859 350 3898 κνον
379 3843 676 3916 κρατηθὲν,
711 3845 1015 3916 ἑδαφίζοιτο
1044 3847 1178 3919 πρὸς
1204 3846 1301 3919 τὴν
1330 3848 1576 3918 πέτραν.’

292 3932 423 3988 275.
447 3935 558 3988 Καὶ
600 3935 773 3988 ἔσται
824 3937 1133 4001 Βαϐυλὼν,
1172 3935 1210 4003 ἢ
1246 3936 1510 3990 καλεῖται
1557 3935 1803 4000 ἔνδοξος

218 4023 342 4077 ὐπὸ
367 4023 677 4092 ,βασιλέως
713 4025 1043 4090 Χαλδαίων,
1063 4025 1134 4080 ὃν
1161 4027 1382 4095 τρόπον
1399 4028 1806 4095 κατέστρεψεν

219 4117 258 4170 ό
294 4114 442 4181 Θεὸς
469 4115 702 4184 Σόδομα
731 4118 830 4170 καὶ
875 4117 1168 4185 Γόμορῤα·
1201 4119 1272 4171 οὐ
1315 4117 1806 4184 κατοικηθήσεται

217 4209 313 4272 εἰς
340 4205 452 4260 τὸν
467 4205 654 4261 αἰῶνα
679 4210 922 4276 χρόνον,
947 4207 1090 4262 οὐδὲ
1105 4206 1190 4278 μὴ
1217 4208 1573 4263 εἰσέλθωσιν
1596 4211 1681 4274 εὶς
1698 4211 1805 4262 αὺ-

219 4297 344 4364 τὴν
360 4297 459 4352 διὰ
479 4299 976 4370 πολλῶνγενεῶγ,
1005 4299 1148 4353 οὐδὲ
1163 4298 1252 4368 μὴ
1278 4299 1594 4354 διέλθωσιν
1613 4301 1807 4368 αὐτὴν

226 4391 493 4459 Ἄραϐες,
515 4390 659 4445 οὐδὲ
689 4390 969 4460 ποιμένες
1005 4393 1077 4446 οὐ
1088 4391 1174 4460 μὴ
1197 4391 1662 4446 ἀναπαύσωνται
1694 4391 1804 4460 (99)

1789 3155 1802 3180 ’
1833 3153 1878 3215 C

1909 1945 2244 1998 tributionem
2279 1953 2443 2004 tuam,
2477 1955 2635 2008 quam
2672 1935 2968 1990 retribuisti
2997 1924 3480 1994 nobis.Beatusqui

1906 2035 2118 2095 tenebit,
2153 2042 2202 2086 ct
2237 2032 2417 2084 aliide!
2453 2029 2699 2097 parvulos
2735 2037 2852 2082 tuos
2891 2027 2958 2080 ad
2991 2033 3192 2094 petram
3239 2021 3304 2074 ³⁵.
3344 2017 3484 2072 Pra-

1905 2127 2051 2179 vitlet
2081 2124 2344 2190 siquidem
2383 2122 2528 2176 illam
2558 2121 2690 2175 vicis
2719 2116 3080 2189 rependenda:
3126 2114 3265 2168 diem
3294 2111 3347 2165 in
3373 2125 3478 2179 qua

1907 2213 2392 2281 lledi,Babyloniis
2415 2212 2707 2280 superatis,
2744 2205 3117 2262 misericordia
3153 2201 3297 2256 nulla
3329 2215 3482 2254 com-

1909 2300 2288 2364 inevebuntur,
2316 2314 2488 2368 neque
2513 2299 2752 2366 ipsorum
2780 2295 2903 2350 ﬁliis
2935 2292 3076 2348 oculi
3129 2304 3318 2346 eorum
3357 2304 3482 2357 par-

1907 2400 2052 2444 cent.
2127 2391 2392 2445 Attendas
2435 2399 2614 2443 autem
2662 2387 2823 2443 velim
2882 2384 3144 2456 psalmum
3187 2380 3482 2452 praedicare

1907 2482 2148 2542 beatum,
2179 2496 2286 2534 non
2315 2496 2438 2534 cum
2471 2479 2561 2547 qui
2593 2491 2810 2548 quoquo
2834 2476 2994 2530 modo
3021 2472 3228 2544 prolem
3259 2469 3482 2540 Babylo-

1909 2575 2118 2626 niorum
2150 2572 2522 2626 interfecerit:
2553 2571 2649 2626 sed
2693 2569 2928 2640 primum
2982 2567 3196 2637 quidem
3235 2561 3392 2627 velle,
3423 2571 3483 2616 ut

1912 2665 2118 2734 parvuli
2144 2679 2329 2718 eorum
2368 2679 2555 2717 recens
2592 2662 2757 2732 geniti
2809 2660 3164 2723 trucidentur,
3214 2670 3318 2711 nec
3353 2654 3484 2708 ado-

1908 2754 2116 2809 lescere
2143 2755 2547 2824 permittantur,
2570 2768 2635 2808 ne
2667 2755 2732 2807 ad
2761 2749 3018 2818 maiorem
3045 2747 3334 2819 nequitiam
3361 2758 3483 2815 per-

1909 2847 2159 2912 veniant;
2187 2846 2378 2899 deinde
2401 2861 2547 2909 vero,
2571 2853 2630 2898 ut
2666 2843 2832 2913 587
2876 2857 2980 2898 non
2995 2855 3210 2910 quoquo
3228 2837 3484 2893 modoin-

1910 2935 2252 2989 teritnantur.
2292 2935 2501 2988 Etenim
2522 2948 2646 2987 eum
2680 2932 2810 2984 dicit
2847 2931 3087 2995 beatum,
3115 2925 3206 2997 qui
3239 2923 3482 2980 sobolem

1909 3029 2108 3082 mentis
2133 3026 2392 3089 confusae,
2415 3039 2535 3094 qua:
2565 3021 2861 3095 Babylonia
2901 3020 3122 3083 dicitur,
3155 3017 3406 3080 tenuerit,
3429 3023 3485 3071 et

1908 3133 2006 3186 pro
2037 3131 2130 3170 sua
2158 3115 2420 3184 sapientia
2462 3115 2514 3168 in
2541 3121 2861 3182 potestatem
2890 3123 3041 3164 suam
3085 3106 3376 3176 redegerit,
3419 3120 3486 3161 ac

1910 3207 2160 3276 deinceps
2183 3221 2276 3261 eos
2305 3206 2370 3258 ad
2407 3213 2615 3274 petram
2635 3201 2881 3256 alliserit.
2905 3197 3025 3253 Jam
3053 3213 3181 3253 vero
3214 3198 3302 3252 hic
3317 3196 3483 3250 etiam

1909 3307 2074 3368 petra:
2103 3296 2320 3350 nomine
2350 3294 2733 3363 intelligendus
2777 3301 2860 3347 est
2905 3291 3175 3346 Christus.
3211 3287 3311 3354 Qui
3334 3286 3482 3342 enim

1909 3388 2159 3459 dogmata
2199 3402 2364 3456 prava
2399 3401 2520 3440 cum
2555 3385 2719 3439 verbo
2750 3383 2994 3437 veritatis
3025 3379 3248 3446 collidit,
3287 3378 3334 3432 is
3379 3376 3483 3430 Ba-

1910 3480 2120 3548 bylonis
2147 3479 2383 3534 inl‘antes
2417 3477 2590 3531 allidit
2644 3477 2710 3531 ad
2767 3485 2998 3545 petram.
3048 3471 3281 3527 Proinde
3307 3469 3352 3524 si
3387 3483 3484 3540 per

1908 3569 2195 3642 Babylonis
2224 3570 2362 3624 ﬁlios
2389 3568 2766 3639 signiﬁcentur
2799 3566 3178 3622 Inereticorum
3203 3566 3480 3632 dogmata,

1909 3678 2030 3730 quae
2064 3663 2300 3715 animum
2349 3660 2668 3728 excipientis
2722 3657 3042 3730 perturbant
3073 3656 3234 3724 :jure
3277 3653 3485 3724 optimo

1913 3753 2051 3808 lilius
2089 3752 2412 3824 Babylonius
2473 3750 2863 3820 apprehensus,
2902 3750 2968 3804 ad
3029 3760 3237 3818 petram
3299 3741 3497 3798 allideq.

1913 3851 1997 3895 llll‘

1979 3931 2102 3985 975.
2147 3929 2306 3984 Vens.
2357 3930 2536 3986 19-22.
2584 3927 2654 3982 Et
2682 3931 2780 3983 erit
2816 3927 3078 3996 Babyton,
3108 3942 3226 3998 qua:
3266 3931 3484 3979 vocatur

1911 4023 2107 4090 inclyta
2136 4038 2166 4073 a
2190 4037 2307 4091 rege
2337 4020 2730 4084 Cltattla'orum,
2767 4020 3205 4089 quemadmodum
3233 4015 3484 4071 subvertit

1913 4113 2055 4166 Deus
2085 4103 2370 4167 Sodomam
2415 4121 2462 4166 et
2509 4111 2855 4166 Gomorrham
2885 4127 2903 4164 :
2930 4126 3030 4164 non
3077 4107 3402 4163 habitabitur
3429 4107 3484 4158 in

1911 4216 2164 4261 arternum
2201 4214 2423 4274 tempus,
2453 4220 2616 4277 neque
2641 4205 3002 4274 ingredientur
3027 4203 3081 4256 in
3103 4217 3217 4256 eam
3248 4216 3340 4270 per
3354 4196 3487 4252 ntul-

1913 4309 1996 4351 tas
2024 4296 2402 4367 generationes,
2456 4313 2619 4366 neque
2652 4295 2950 4350 transibunt
2992 4311 3084 4362 per
3115 4311 3230 4348 eam
3263 4292 3484 4354 Arabes,

1913 4406 2076 4460 neque
2113 4399 2350 4459 pastores
2378 4391 2697 4459 requiescent
2727 4389 2780 4441 in
2830 4405 2912 4442 ea.
2969 4386 3032 4440 Et
3067 4381 3486 4439 accubabantibi

220 4483 297 4537 ἐν
312 4481 490 4552 αὐτῇ.
514 4483 622 4538 Καὶ
639 4484 1092 4540 ἀναπαύσονται
1112 4483 1440 4552 ὲκεῐθηρία,
1463 4484 1563 4540 καὶ
1583 4485 1805 4554 ἐμπλη-

1915 4483 2131 4548 ὺεδιὶω;
2183 4493 2232 4537 et
2279 4483 2616 4553 rapiebantur
2661 4481 2846 4534 domus
2912 4479 3108 4534 sonitu.
3177 4475 3248 4530 Et
3285 4476 3487 4546 requie.

221 4572 566 4643 σθήσονται
587 4577 646 4630 ai
675 4575 854 4630 οἰκίαι
876 4575 1053 4646 ἤχου,
1080 4575 1178 4630 καὶ
1200 4576 1655 4631 ἀναπαύσονται
1681 4575 1812 4630 ἐκεῖ

1917 4585 2056 4629 scent
2083 4575 2156 4629 ibi
2185 4576 2400 4643 sirenes,
2435 4583 2483 4630 et
2513 4573 2773 4628 dcemonia
2831 4572 2904 4626 ibi
2933 4571 3241 4636 satiabunt;
3273 4579 3319 4624 et
3357 4583 3487 4623 ono-

304 4792 352 4824 ⁸³
381 4789 550 4846 Marc.
581 4807 654 4858 tv,
679 4791 772 4846 24.
849 4792 892 4824 ⁸⁸
935 4791 1078 4846 Psal.
1103 4808 1244 4858 πων,
1267 4792 1347 4846 19..
1425 4793 1470 4824 ³³
1500 4792 1643 4846 Psal.
1671 4807 1805 4847 cru

1915 4793 1961 4854 Β.
1985 4795 2037 4849 9.

305 5013 418 5084 (93)
451 5013 672 5082 Antiqui
707 5028 802 5068 sex
841 5013 986 5076 libri,
1019 5011 1420 5084 καταδὲχονται.
1457 5013 1616 5076 Editi,
1644 5031 1813 5067 κατα-

222 5081 499 5148 Ξὲξονται,
531 5081 742 5136 melius.

315 5153 420 5226 (94)
457 5153 729 5226 Articulus
773 5153 986 5209 additus
1037 5163 1120 5208 est
1168 5165 1294 5208 ante
1340 5169 1526 5207 vorem
1561 5152 1720 5220 σοφία
1748 5168 1814 5206 ex

226 5223 390 5278 libris
422 5223 713 5276 veteribus.
1043 5246 1049 5250 -

307 5292 420 5362 (95)
459 5291 598 5346 Editi
629 5302 682 5346 et
719 5301 828 5358 tres
851 5307 1006 5356 mss.,
1031 5296 1060 5346 ό
1085 5293 1312 5356 δίκαιος,
1329 5293 1508 5362 justus
1526 5293 1817 5360 pulchritu-

226 5365 377 5418 dinis
412 5363 525 5430 ejus
562 5379 740 5432 amore
787 5372 986 5426 captus.
1025 5366 1092 5418 At
1124 5375 1352 5432 uterque
1403 5363 1553 5415 Colit.
1588 5374 1640 5414 et
1679 5362 1819 5428 Reg.-

227 5435 540 5494 secundus,
583 5433 613 5486 ὁ
663 5431 888 5504 Κύριος,
921 5433 1172 5504 Domjnus
1236 5431 1641 5504 pulchritudinis
1699 5432 1810 5504 ejus

226 5518 416 5572 amore
445 5511 649 5572 captus,
674 5502 808 5556 utin
835 5514 1001 5557 textu.
1037 5502 1330 5572 Procopius
1354 5505 1568 5572 quidem
1596 5502 1808 5554 lectioni

227 5571 404 5644 priori
441 5570 591 5644 favet
615 5587 736 5640 pag.
773 5573 899 5639 216,
946 5574 1038 5626 sed
1066 5570 1247 5644 tamen
1281 5570 1649 5644 posteriorem
1673 5587 1810 5639 pra--

230 5641 390 5697 stare
411 5641 740 5706 censuimus,
775 5646 916 5710 quod
969 5643 1204 5710 scriptor
1249 5641 1521 5710 respicere
1566 5642 1813 5694 videatur

227 5713 307 5768 ad
337 5725 552 5770 versum
591 5711 659 5770 1.2
697 5713 887 5780 psalmi
919 5728 1084 5768 xuv:
1119 5713 1186 5766 Et
1231 5713 1558 5780 concupiscet
1597 5728 1686 5764 rea:
1722 5713 1812 5761 de-

229 5797 414 5838 corens
443 5791 590 5836 tuum
621 5796 638 5837 :
665 5785 911 5838 quoniam
946 5787 1052 5841 inse
1095 5793 1166 5838 est
1207 5782 1464 5838 Dominus
1504 5781 1636 5836 Dens
1668 5792 1810 5849 titus,

1909 5026 1957 5068 et
1988 5015 2279 5067 adorabunt
2315 5031 2453 5068 eum.

1983 5085 2094 5154 (96)
2137 5087 2228 5138 Sic
2269 5088 2479 5139 codices
2509 5085 2766 5153 quinque.
2809 5083 2944 5139 Editi
2987 5090 3042 5138 et
3077 5080 3216 5153 Reg.
3253 5081 3481 5150 primus,

1912 5155 2076 5207 τέκνα
2107 5154 2364 5208 ἀνελόντα
2394 5154 2728 5210 Βαϐυλώνια.

1987 5225 2098 5294 (97)
2139 5226 2213 5278 Ita
2243 5241 2372 5278 mss.
2403 5242 2611 5280 omnes.
2649 5226 2810 5288 Editi,
2840 5223 3326 5294 τὸννκρατήσοντα.
3367 5219 3484 5294 Mox

1917 5307 2026 5348 tres
2062 5289 2215 5352 mss.,
2241 5295 2432 5348 ἔπειτα
2471 5296 2549 5350 δέ.
2608 5297 2766 5349 Deest
2801 5289 3014 5348 vocnIa'
3039 5291 3096 5344 δέ
3130 5289 3191 5343 ἶιι
3235 5289 3484 5358 vulgatis.

1915 5366 2287 5437 Ιιιίιιυιιιιηιξιί,
2313 5365 2918 5437 προσαράσσωναύτόν.
2943 5362 3075 5430 Reg.
3112 5363 3332 5428 primus,
3359 5375 3489 5437 tton-

1919 5447 1995 5486 ll‘a
2015 5451 2076 5488 ac
2107 5435 2244 5488 dixit
2262 5427 2634 5495 Coiitlielisitts,
2660 5435 2857 5487 αὐτῶν.
2889 5427 3295 5500 ιὶυεξιιυαιίυς,
3315 5427 3484 5501 αὐτῷ.

1914 5506 2016 5558 Alii
2051 5516 2284 5570 quatuor
2318 5522 2472 5568 mss.,
2501 5504 2659 5566 αὐτά,
2691 5506 2846 5558 bene.

1987 5569 2100 5642 (98)
2145 5574 2366 5628 Veteres
2395 5577 2598 5643 aliquot
2629 5574 2773 5633 libri,
2803 5569 3133 5643 ἐδαφίζεται.

1985 5637 2097 5715 (99)
2129 5637 2632 5715 Codicesqnitique,
2649 5637 3090 5698 ἀναπαύσωνται.
3110 5639 3246 5694 Editi
3269 5648 3324 5696 cl
3351 5637 3507 5712 Rege

1916 5713 2122 5779 tertius.
2158 5713 2580 5771 ἀναπαύσονται.
3377 5745 3385 5754 .
