3810 6214
326 310 428 368 599

1275 315 1623 372 APPENDIX
1660 316 1947 373 OPERUM
1987 316 2045 371 S.
2087 256 2337 408 ΒΑειξς
2372 312 2606 369 MAGNI.

3471 306 3579 365 600

319 425 561 483 centauri
588 426 697 479 illic
713 426 1061 481 habitabant:
1099 434 1148 480 et
1177 427 1522 497 nidiﬁcabunt
1551 431 1885 483 heriuaeeiin

2035 424 2286 495 ειρῆνες,
2314 426 2413 479 καὶ
2442 424 2717 495 δαιμόνια
2741 423 2871 478 ἐκεῖ
2885 422 3269 493 ὀρχήσονται·
3303 422 3407 477 καὶ
3438 424 3578 480 ὀνο-

327 515 574 569 domibus
600 531 799 568 eorum.
842 514 956 568 Cito
989 516 1174 579 ueniet,
1207 528 1253 569 et
1283 533 1386 570 non
1415 520 1686 583 tardabit;
1709 528 1757 571 et
1779 519 1889 571 dies

323 607 439 677 ejus
463 624 564 661 non
592 606 993 677 elongabuntur.
1014 609 1173 663 Hisce
1195 610 1372 663 verbis
1392 620 1608 663 enarrat
1626 612 1890 679 ahjectam

322 697 614 767 Babylonis
646 698 1028 752 conditionem.
1063 699 1129 751 Et
1165 701 1420 767 quoniam
1475 700 1674 769 prioris
1709 699 1893 769 gloria:

328 791 635 845 recordatio
660 791 770 861 agit
798 801 849 845 et
892 799 1197 844 commovet
1246 791 1637 855 vehementius,
1685 792 1893 847 doceta

327 880 471 949 quali
509 889 651 935 statu
678 879 742 933 ad
773 879 982 950 qualem
1020 880 1235 948 delapsa
1265 881 1336 934 sit
1357 882 1802 936 immutationem.
1826 882 1892 935 Et

324 973 459 1037 erit,
487 972 680 1041 inquit,
703 969 961 1043 Babylon,
984 989 1099 1048 gum
1142 982 1360 1025 vocatur
1397 972 1611 1043 inclyta.
1644 972 1757 1027 Hoc
1791 972 1895 1028 fuit

326 1075 580 1133 tanquam
606 1065 885 1134 preprium
914 1078 1233 1134 cognomen.
1265 1072 1320 1116 et
1353 1063 1422 1117 ab
1448 1066 1700 1119 omnibus
1730 1080 1894 1119 voca-

321 1152 483 1209 batur
514 1170 636 1208 cum
672 1156 1041 1209 additamenta
1066 1156 1177 1223 illo,
1198 1155 1435 1227 Babylon
1475 1156 1693 1226 inclyta.
1746 1156 1895 1212 llanc

325 1255 509 1299 autem
555 1243 811 1300 ellecerat
856 1245 1264 1300 celeberrimam
1337 1262 1433 1300 rex
1500 1245 1892 1310 Chaldaeorum,

327 1337 496 1405 quod,
537 1335 718 1390 multis
742 1336 950 1391 eversis
984 1352 1049 1390 ac
1104 1337 1399 1406 superatis,
1453 1336 1789 1405 captivorum
1817 1336 1897 1389 vi-

323 1443 412 1482 res
450 1428 504 1481 in
529 1441 647 1480 eam
701 1427 1090 1492 transtulisset,
1155 1428 1507 1495 eamdemque
1542 1427 1890 1480 instruxisset

326 1520 603 1573 mmnihus
655 1520 989 1590 ingentibus,
1044 1531 1094 1573 et
1130 1535 1323 1588 magna
1362 1519 1591 1571 militum
1627 1535 1786 1571 manu
1815 1519 1896 1572 itt-

327 1620 534 1664 structa
572 1611 819 1665 aediliciis
855 1610 1160 1679 magnificis
1188 1609 1593 1679 ampliﬁcasset.
1633 1609 1757 1664 llaec
1791 1610 1894 1679 igi-

329 1710 416 1755 tur
444 1706 784 1757 subvertetur
806 1702 884 1757 Eo
908 1704 1081 1766 modo,
1110 1720 1209 1773 quo
1236 1702 1373 1755 Deus
1392 1704 1637 1756 subvertit
1664 1701 1892 1756 Sodoma

1994 518 2304 585 xér‘t'avpm
2323 514 2452 568 ἐκεῖ
2474 512 2925 579 κατοικήσουσι,
2962 514 3058 566 καί
3090 512 3582 579 νοσσοποιήσου-

1993 624 2097 662 σιν
2115 608 2299 678 ἐχῖνοι
2325 608 2395 660 ἐν
2419 607 2542 673 τοῖς
2569 607 2757 672 οἴκοις
2780 604 2994 659 αὐτῶν.
3017 605 3177 673 Ταχὺ
3201 606 3457 675 ἔρχεται.
3478 606 3578 663 καὶ

1993 703 2064 755 οὐ
2086 700 2314 770 χρονιεῖ
2333 700 2427 770 (Ι)ο
2455 698 2551 753 καὶ
2571 701 2630 752 αἱ
2666 697 2877 765 ἡμέραι
2905 696 3096 765 αὐτῆς
3121 699 3191 751 οὐ
3213 697 3299 766 μὴ
3318 698 3579 767 ἐφελκυ-

1994 797 2242 851 σθῶσιν.
2294 795 2416 848 Ἐπὶ
2445 794 2655 856 τούτοις
2680 793 2948 863 διηγεῖται
2982 791 3079 862 τὴν
3107 792 3437 845 ταπείνωσιν
3478 792 3581 862 τῆς

1994 888 2330 952 Βαϐυλῶνος.
2356 889 2466 941 Καὶ
2489 886 2675 957 ἐπειδὴ
2705 885 3065 957 σφοδροτέραν
3095 887 3330 937 ποιεῖται
3370 885 3448 951 (2)
3481 885 3581 955 τὴν

1994 981 2269 1052 ἐνέργειαν
2297 979 2436 1051 [καὶ]
2466 982 2498 1049 ἠ
2545 979 2852 1050 ὑπόμνησις
2900 979 2999 1047 τῆς
3040 976 3148 1046 πρὸ
3170 976 3361 1030 τούτου
3396 976 3579 1047 δόξης,

1993 1073 2263 1126 δείκνυσιν
2285 1072 2393 1124 ἀπὸ
2412 1072 2528 1132 οἵας
2557 1071 2943 1133 καταστάσεως
2977 1072 3056 1132 εἰς
3083 1069 3199 1122 οἵαν
3237 1064 3369 1138 ἦλθε
3414 1084 3584 1136 μετα-

1994 1160 2176 1230 ϐολήν.
2238 1160 2348 1214 Καὶ
2408 1160 2601 1220 ἔσται,
2662 1158 2822 1229 φησὶ,
2858 1156 3168 1219 Βαϐυλὼν,
3221 1156 3259 1223 ἢ
3310 1155 3583 1209 καλεῖται

1993 1249 2259 1315 ἔνδοξος.
2299 1250 2509 1320 Ὥσπερ
2529 1248 2660 1301 ἴδιον
2694 1246 2980 1317 ἐπώνυμον
3019 1246 3239 1314 ἐγένετο
3256 1245 3435 1307 τοῦτο,
3484 1244 3582 1297 καὶ

1995 1340 2194 1404 πάντες
2227 1340 2396 1411 αὐτὴν
2430 1338 2570 1410 μετὰ
2590 1338 2910 1410 προσθήκης
2943 1336 3247 1407 ὠνόμαζον,
3286 1337 3617 1391 Βαϐυλὼν.

1994 1433 2033 1499 ἠ
2064 1430 2332 1495 ἔνδοξος.
2373 1429 2578 1482 Ἐποίει
2611 1428 2668 1481 δέ
2702 1428 2874 1500 αὐτὴν
2908 1427 3233 1499 περιϐόητον
3270 1430 3297 1481 6
3330 1428 3582 1498 βασιλεὺς

1994 1522 2101 1575 τῶν
2157 1521 2457 1585 Χαλδαίων,
2493 1520 2592 1591 τῷ,
2630 1519 2857 1582 πολλοὺς
2913 1519 3449 1590 καταστρεψάμενος,
3499 1522 3581 1583 εἰς

1995 1612 2161 1684 αὐτὴν
2195 1611 2506 1683 μεταθεῖναι
2551 1612 2626 1681 (5)
2672 1611 2780 1663 τῶν
2827 1611 3143 1663 ἑαλωκότων
3190 1612 3288 1681 τὴν
3330 1611 3581 1680 δύναμιν,

1997 1708 2091 1759 καὶ
2121 1705 2328 1776 μεγάλα
2380 1704 2478 1774 μὲν
2513 1705 2648 1774 αὐτῇ
2699 1703 3011 1773 περιϐαλεῖν
3060 1702 3236 1771 τείχη,
3289 1701 3492 1772 πολλὴν
3525 1702 3585 1754 δὲ

323 1802 372 1845 et
401 1790 715 1860 Comorrlta,
738 1795 857 1848 etin
876 1803 1128 1848 wternum
1175 1804 1375 1861 lentpus
1402 1812 1504 1848 non
1551 1794 1888 1848 habitabitur.

2035 1794 2393 1868 τρατιωτικὴν
2440 1794 2668 1865 δύναμιν
2726 1795 3146 1866 ἐξαρτύσασθαι,
3206 1796 3481 1867 λαμπροῖς
3523 1795 3584 1849 δὲ

322 1885 486 1940 Forte
515 1898 691 1939 autem
718 1897 867 1941 certo
886 1898 1121 1957 tempore
1146 1889 1539 1942 circumscribit
1560 1890 1893 1943 eversionem

325 1977 440 2046 ejus
470 1992 534 2031 ac
561 1980 895 2044 vastitatem;
932 1994 1103 2049 quare
1158 1994 1262 2032 non
1312 1980 1451 2033 dixit
1493 1980 1775 2035 absolute:
1826 1981 1893 2035 Et

324 2070 666 2123 subvertetur
703 2071 759 2123 in
797 2082 1080 2136 wternum;
1118 2074 1211 2125 sed
1262 2073 1477 2139 adjecit,
1528 2070 1588 2125 In
1642 2081 1893 2127 arternum

324 2168 546 2227 tempus.
576 2159 679 2215 Sed
705 2168 758 2214 et.
789 2176 907 2230 qure
936 2172 1255 2230 sequuntur,
1308 2163 1551 2217 indicant
1595 2162 1889 2231 perfectam

321 2261 379 2306 et
408 2252 669 2321 integram
699 2256 1008 2309 vastitatem
1039 2270 1142 2309 non
1195 2256 1433 2323 praedici.
1467 2256 1675 2309 Dicitur
1704 2254 1845 2309 enim
1873 2269 1887 2307 :

324 2338 508 2413 Neque
525 2344 884 2413 ingredientur
911 2347 963 2400 in
985 2363 1099 2400 eam
1130 2364 1223 2417 per
1261 2346 1452 2401 multas
1499 2348 1890 2415 generationes;

323 2434 477 2502 quasi
507 2434 740 2491 solitudo
795 2448 936 2491 esset
992 2454 1088 2508 per
1122 2439 1320 2492 inultas
1364 2438 1742 2509 generationes
1771 2451 1894 2505 per-

330 2542 610 2592 mansura,
648 2544 712 2585 ac
740 2542 925 2601 postea
959 2532 1151 2585 iterum
1187 2532 1376 2586 incolis
1405 2531 1817 2601 frequentanda.

1997 1889 2424 1959 οἰκοδομήμασιν
2443 1887 2611 1958 αὐτὴν
2640 1887 2854 1958 ἐξᾶραι.
2898 1887 3046 1959 Αὕτη
3076 1888 3255 1942 τοίνυν
3276 1906 3585 1958 καταστρα-

1995 1983 2225 2052 φήσεται
2286 1981 2394 2032 Ὃν
2426 1980 2650 2048 τρόπον
2664 1979 3072 2048 κατέστρεψεν
3111 1983 3144 2033 ὀ
3175 1979 3318 2045 Θεὸς
3343 1980 3583 2049 Σόδομα

1994 2073 2092 2125 καί
2115 2073 2409 2141 Γόμορρα,
2446 2072 2543 2124 καί
2565 2073 2636 2125 οὐ
2672 2071 3170 2139 κατοικηθήσεται
3201 2075 3288 2136 εἰς
3309 2071 3418 2125 τὸν
3438 2070 3584 2125 αὶῶ-

1990 2181 2068 2218 να
2095 2166 2319 2233 χρόνον
2349 2162 2449 2233 (Α).
2487 2163 2639 2233 Τάχα
2666 2162 2723 2216 δὲ
2747 2162 3045 2235 περιορίζει
3073 2162 3171 2233 τὴν
3195 2163 3584 2234 καταστροφὴν

1995 2256 2166 2326 αὐτῆς
2180 2256 2272 2308 καὶ
2287 2255 2384 2326 τὴν
2402 2256 2678 2327 ἐρήμωσιν
2702 2255 2878 2325 χρόνῳ
2903 2254 3027 2307 τινί·
3046 2254 3126 2307 διὸ
3152 2255 3253 2307 οὐκ
3268 2249 3421 2307 εἶπεν
3444 2256 3587 2308 ἀπο-

1995 2345 2188 2409 λύτως,
2240 2347 2350 2399 Καὶ
2383 2346 2901 2416 καταστραφήσεται
2937 2347 3025 2410 εἰς
3066 2344 3174 2398 τὸν
3201 2342 3407 2409 αἰῶνα,
3443 2343 3585 2398 ἀλλὰ

1996 2437 2358 2509 προσέθηκεν,
2402 2439 2507 2503 Εἰς
2541 2437 2648 2489 τὸν
2683 2436 2870 2490 αἰῶνα
2916 2437 3157 2505 χρόνον.
3188 2437 3349 2508 Δηλοῖ
3372 2437 3430 2490 δὲ
3483 2438 3585 2490 καὶ

1994 2529 2064 2582 τὰ
2120 2528 2341 2598 ἐφεξῆς,
2371 2529 2453 2581 ὅτι
2487 2529 2549 2582 ού
2597 2527 2836 2599 παντελῆ
2884 2529 3056 2599 αὐτῆς
3104 2529 3466 2601 προαγορεύει
3500 2530 3583 2606 (5)

319 2617 420 2686 τὴν
452 2618 750 2690 ἐρήμωσιν.
790 2623 872 2674 Οὐ
902 2621 1008 2692 γὰρ
1036 2621 1122 2691 μὴ
1169 2621 1526 2677 εἰσέλθωσιν
1589 2626 1676 2689 εἰς
1726 2622 1920 2692 αὐτὴν
1989 2619 2087 2673 διὰ
2135 2618 2383 2674 πολλῶν
2426 2618 2668 2689 γενεῶν-⁸
2721 2619 2798 2684 ὡς
2842 2622 2899 2673 ἐν
2955 2620 3173 2685 πολλαῖς
3233 2624 3446 2689 γενεαῖς
3477 2622 3585 2692 τῆς

321 2706 654 2777 ἐρημώσεως
689 2710 1075 2780 γενησομένης,
1103 2712 1239 2782 μετὰ
1270 2712 1327 2764 δὲ
1355 2712 1525 2767 ταῦτα
1564 2714 1724 2769 πάλιν
1751 2710 2118 2781 οἰκιζομένηςι

428 2795 518 2851 74.
552 2796 733 2868 Neque
754 2799 1044 2854 transibunt
1071 2817 1162 2868 per
1190 2819 1303 2855 eam
1336 2804 1534 2858 Arabes
1556 2846 1570 2871 ,
1608 2823 1770 2876 neque
1793 2825 1888 2877 pa-

321 2894 487 2941 stores
520 2892 835 2958 requiescent
868 2892 923 2944 in
973 2909 1054 2946 ea.
1099 2893 1363 2949 Describit
1412 2908 1660 2953 iniustam
1709 2911 1889 2953 vasta-

326 2978 529 3034 tionem
555 2980 744 3036 isthmc
775 2985 1066 3049 sententia,
1098 2986 1352 3041 nimirum
1390 2997 1595 3042 tantam
1655 2989 1770 3045 fore
1796 3008 1884 3046 so-

323 3069 633 3134 litudinem,
678 3079 737 3124 ut
787 3087 855 3126 ne
914 3085 1156 3143 pastores
1184 3076 1399 3144 quidem
1432 3079 1484 3131 in
1533 3094 1595 3132 ea
1624 3080 1889 3148 repertori

325 3169 530 3215 teetum
563 3161 691 3222 sint,
716 3175 890 3232 neque
929 3164 1236 3219 inveniendi
1280 3167 1389 3220 sint
1418 3168 1645 3231 Arabes,
1683 3169 1771 3238 qui
1800 3184 1894 3222 so-

322 3249 605 3304 litudinem
646 3252 903 3306 incolant.
955 3253 1056 3321 Qui
1121 3258 1428 3325 depopulati
1486 3274 1549 3312 ac
1599 3259 1889 3328 depraedati

323 3339 529 3405 omnia,
559 3340 721 3395 urbes
752 3352 1065 3396 scrutantur
1094 3354 1148 3398 et
1180 3347 1350 3413 vicos,
1400 3348 1434 3401 ii
1474 3349 1606 3401 nihil
1634 3364 1702 3402 ex
1724 3365 1785 3403 ea
1819 3350 1893 3404 ci-

324 3429 487 3481 vitate
514 3442 816 3498 sperantes,
858 3448 962 3487 non
1013 3434 1404 3502 ingredientnr,
1437 3439 1579 3505 quod
1607 3439 1659 3492 in
1693 3454 1756 3492 ea
1795 3455 1890 3495 ne-

323 3532 430 3589 que
462 3519 650 3574 incolae
710 3521 909 3589 adsint,
963 3539 1063 3577 nec
1113 3525 1407 3594 quidquam
1439 3543 1625 3581 eorum
1670 3544 1790 3599 quae
1822 3532 1888 3584 ad

321 3612 491 3667 vitam
523 3615 829 3668 necessaria
854 3625 1000 3678 Stllll,
1039 3617 1366 3672 inveniatur.
1397 3618 1502 3673 Sed
1533 3621 1657 3686 erit,
1688 3622 1886 3692 inquit,

323 3702 679 3758 diversorium
708 3706 1024 3771 bestiarum,
1053 3722 1115 3762 ac
1138 3709 1706 3779 implebunturdomus
1729 3715 1886 3769 echo.

323 3795 531 3850 Iudicat
554 3797 690 3852 echo
715 3799 985 3853 vastitatis
1009 3802 1452 3870 magnitudinem.
1476 3804 1567 3859 Est
1592 3811 1735 3859 enim
1755 3808 1890 3863 echo

322 3900 426 3940 vox
463 3886 741 3957 illa,'qu;e,
798 3904 830 3943 a
858 3889 1042 3945 solidis
1076 3902 1129 3946 et
1158 3893 1306 3946 duris
1353 3897 1671 3962 corporibus
1703 3889 1891 3966 reper-

320 3994 509 4043 cussa,
546 3997 734 4036 rursus
775 3983 838 4034 ad
865 3998 988 4038 eum
1034 3984 1126 4053 qui
1161 3984 1305 4038 illam
1342 3988 1540 4055 emisit,
1577 3991 1734 4043 redit.
1766 3990 1891 4046 llzec

324 4073 377 4126 in
407 4071 637 4127 desertis
666 4073 831 4144 538
865 4077 1080 4144 quidem
1129 4077 1265 4133 locis
1315 4095 1512 4136 sonore
1566 4081 1888 4137 reﬂectitur:

320 4173 378 4218 at
404 4164 456 4217 in
485 4165 708 4221 urbibus
739 4168 994 4224 habitatis
1024 4180 1117 4224 aut
1146 4173 1279 4226 vicis
1331 4189 1433 4227 non
1465 4174 1664 4228 sinitur
1704 4175 1887 4230 reddi:

319 4255 519 4326 quippe
545 4272 663 4326 qua:
691 4257 938 4327 disrupto
993 4270 1047 4314 et
1092 4261 1353 4320 interciso
1411 4280 1559 4329 aere,
1590 4266 1658 4319 ob
1690 4266 1890 4321 instru-

2060 2803 2186 2856 274.
2220 2800 2373 2856 οὐδὲ
2390 2801 2476 2871 μὴ
2510 2800 2829 2855 διέλθωσιν
2855 2799 3051 2869 αὐτὴν
3072 2800 3146 2873 (6)
3178 2803 3449 2870 Ἄραϐες,
3474 2802 3585 2858 οὐ-

1991 2896 2060 2950 δὲ
2100 2896 2378 2965 ποιμένες
2404 2897 2476 2949 οὺ
2501 2895 2586 2964 μὴ
2631 2894 3097 2948 ἀναπαύσωνται
3133 2895 3205 2947 ἐν
3231 2894 3403 2963 αὐτῇ.
3434 2896 3583 2949 Σκυ-

1995 2988 2219 3059 θρωπὴν
2237 2989 2516 3059 ἐρήμωσιν
2547 2986 2852 3058 ὑπογράφει
2873 2988 2901 3039 6
2929 2985 3105 3054 λόγος·
3125 2987 3207 3039 ὃτι
3236 2986 3408 3049 οὕτως
3425 2987 3586 3041 ἔσται

1992 3077 2373 3151 ἕρημος,ὥστε
2395 3078 2529 3150 μηδὲ
2554 3078 2778 3149 ποιμέσι
2816 3078 3022 3147 σκέπην
3060 3079 3117 3130 ἐν
3148 3077 3284 3147 αὐτῇ
3324 3076 3587 3147 εὐρίσκε⁴

1995 3169 2137 3232 σθαι,
2173 3167 2307 3239 μηδὲ
2338 3166 2603 3239 Ἄραϐας,
2644 3168 2770 3231 τοὺς
2800 3167 2897 3238 τὴν
2932 3165 3134 3239 ἔρημον
3165 3165 3466 3230 οἰκοῦντας.
3514 3167 3587 3221 Οἱ

1991 3262 2170 3314 πάντα
2215 3259 2621 3331 λεηλατοῦντες,
2650 3260 2743 3312 καὶ
2786 3259 3159 3330 λῃστεύοντες,
3190 3260 3583 3330 διερευνῶνται

1992 3353 2176 3416 πόλεις
2226 3353 2319 3406 καὶ
2369 3351 2584 3422 κώμας,
2629 3346 2776 3406 οὗτοι
2804 3353 2902 3405 ούκ
2946 3353 3302 3424 εἰσέρχονται,
3352 3353 3440 3406 διὰ
3474 3353 3587 3425 τὴν

1991 3448 2300 3515 ἀπόγνωσιν
2324 3449 2494 3519 αὐτῆς
2530 3448 2608 3518 τῷ
2639 3450 2774 3519 μήτε
2815 3449 3098 3511 οἰκοῦντας
3126 3445 3282 3512 εἶναι,
3314 3452 3449 3522 μήτε
3487 3452 3588 3504 εὐ-

1992 3538 2341 3610 ρίσκεσθαίτι
2365 3539 2474 3592 τῶν
2501 3539 2635 3612 πρὸς
2665 3540 2796 3610 βίον.
2835 3541 2972 3593 Ἀλλ’
3009 3539 3192 3603 ἔσται,
3237 3543 3399 3612 φησὶ,
3440 3559 3585 3596 κατ-

1991 3628 2229 3698 αγώγιον
2259 3630 2481 3701 θηρίων,
2534 3632 3009 3704 ἐμπλησθήσονται
3038 3632 3095 3685 δέ
3132 3633 3187 3685 αἱ
3222 3634 3389 3687 οἰκίαι
3417 3634 3580 3703 ήχου.

2003 3718 2337 3791 Ὑπερϐολὴν
2370 3720 2472 3791 τῆς
2515 3720 2847 3793 ἐρημώσεως
2875 3723 2904 3773 ὁ
2938 3716 3072 3791 ἦχος
3107 3722 3381 3793 σημαίνει.
3415 3723 3580 3795 Φωνὴ

1991 3810 2100 3882 γάρ
2133 3813 2280 3864 ἐστιν
2312 3812 2670 3883 ἀνακλωμένη
2702 3814 2729 3865 6
2761 3809 2914 3883 ἦχος.
2945 3813 3051 3865 ἀπὸ
3079 3813 3321 3885 περρὧν
3356 3814 3430 3884 (7)
3477 3815 3581 3868 καὶ

1992 3901 2299 3956 ἀντιτύπων
2318 3904 2409 3956 ἐπὶ
2444 3903 2534 3955 τὸν
2567 3904 2866 3975 προέμενον
2896 3902 3056 3957 πάλιν
3101 3903 3418 3957 ἐπανιοῦσα·
3451 3904 3581 3974 ἥτις

1992 3993 2050 4046 ἐν
2089 3993 2187 4064 μὲν
2228 3996 2349 4058 ταῖς
2379 3994 2635 4065 ἐρημίαις
2684 3994 2894 4063 εύήχως
2924 3996 3362 4065 ἐπανακάμπτει·
3405 3996 3462 4048 ἐν
3516 3994 3578 4047 δὲ

1992 4090 2112 4150 ταῖς
2138 4087 2484 4157 οἰκουμέναις
2509 4088 2727 4141 πόλεσιν
2764 4089 2797 4159 ἢ
2829 4087 3063 4159 κώμαις,
3100 4088 3205 4140 ὑπό
3245 4104 3306 4140 τε
3342 4086 3449 4140 τῶν
3475 4106 3579 4143 πα·

1998 4179 2380 4250 ραφερομένων
2414 4180 2621 4233 σκευῶν
2658 4179 2750 4233 τοῦ
2786 4181 2944 4251 ἀέρος
2994 4180 3446 4249 διακοπτομένου,
3476 4182 3580 4234 καὶ

1995 4269 2099 4321 ὑπὸ
2130 4272 2229 4339 τῆς
2263 4270 2327 4321 ἐκ
2362 4269 2591 4339 πλαγίου
2648 4271 3143 4342 παρεμπιπτούσης
3188 4270 3369 4341 φωνῆς
3404 4288 3579 4325 κατα-

323 4355 505 4399 menta
540 4347 645 4401 huc
671 4347 800 4403 illuc
830 4350 1114 4419 translata,
1139 4363 1192 4406 et
1220 4354 1289 4408 ob
1319 4369 1511 4409 sonum
1532 4370 1563 4409 ο
1584 4364 1888 4411 transverso

2035 4361 2329 4431 ραυομένη,
2375 4361 2834 4416 ἀποτελεῖσθαιού
2867 4365 3247 4434 συγχωρεῖται.
3288 4364 3435 4416 Ἐκεῖ
3457 4362 3576 4417 τοί-

321 4438 652 4495 dilabentem
688 4442 989 4513 frangatur.
1022 4444 1131 4500 Illic
1165 4446 1329 4516 igitur
1349 4449 1487 4501 echo
1515 4448 1891 4516 implebuntur

321 4530 531 4585 domus.
585 4532 732 4588 Echo
795 4536 1005 4604 signum
1055 4546 1137 4591 est
1178 4538 1504 4593 solitudinis.
1554 4537 1890 4608 Requiescent

320 4630 500 4675 autem
536 4623 647 4677 illic
706 4627 925 4689 sirenas,
977 4638 1024 4680 et
1058 4630 1320 4683 dwmonia
1362 4628 1472 4683 illic
1524 4630 1815 4693 saltabant,
1843 4642 1891 4686 et

319 4717 661 4770 onocentauri
695 4717 805 4771 illic
826 4720 1153 4784 habitabant,
1181 4727 1232 4773 et
1253 4720 1599 4789 nidiﬁcabunt
1633 4722 1896 4783 heriuacei

392 4916 468 4981 (1)
510 4915 623 4978 Illa,
650 4917 798 4986 Ταχὺ
828 4917 853 4969 ἔ
894 4937 1045 4989 χεται
1078 4919 1173 4972 καὶ
1197 4920 1257 4972 οὐ
1288 4921 1509 4989 χρονιεῖ.
1554 4921 1891 4987 reperiuntur

398 4983 535 5037 idem
575 4989 713 5041 anud
761 4937 922 5041 ΙλΧςί.
975 4990 1128 5041 initio
1169 5006 1285 5041 can.
1324 5005 1440 5041 xiv;
1482 4991 1574 5041 sed
1606 4992 1766 5041 verba
1798 5009 1887 5041 se-

319 4986 535 5058 qnidem
575 4989 713 5058 apud
761 4986 925 5049 LXX,
975 4990 1128 5043 initio
1169 4986 1440 5058 capfiuv;
1482 4991 1574 5042 sed
1606 4986 1766 5043 Verba
1798 5009 1887 5045 se-

319 5054 584 5134 quentia,“
602 5057 695 5134 καὶ
741 5058 798 5110 αἱ
846 5054 1252 5134 ἡμέραι-αὑτῆς
1286 5059 1432 5134 (alibi
1468 5059 1665 5134 αὐτῶν)
1707 5063 1766 5114 ού
1812 5064 1886 5134 μὴ

321 5123 747 5199 ἐφελκυσθῶσιν,
778 5123 916 5196 apud
941 5123 1154 5182 eosdem
1182 5123 1303 5182 non'
1327 5129 1593 5199 leguntur.
1623 5123 1884 5184 Praeterea

320 5194 789 5268 nionet_Nobilius,
816 5194 943 5253 lucc
986 5200 1099 5265 ipsa
1144 5201 1324 5263 verba,
1361 5194 1716 5267 prmterquam
1746 5204 1885 5268 quod

319 5264 459 5339 apud
489 5264 815 5339 Procopium
851 5264 1126 5324 asteriscis
1174 5264 1445 5334 notentur,
1480 5286 1509 5321 a
1546 5264 1880 5339 tiyrillo'non

320 5330 525 5405 :iﬂcrri.
573 5330 800 5390 Accedit.
843 5338 1027 5398 etiam,
1070 5339 1209 5405 quod
1259 5341 1308 5393 in
1359 5330 1462 5393 Eds
1498 5330 1892 5394 bii'Contuten-

319 5402 476 5455 tariis
506 5405 754 5457 similiter
797 5421 901 5461 non
930 5402 1293 5462 inveniantur.
1326 5409 1517 5462 Mirum
1562 5419 1739 5462 autem
1772 5413 1889 5463 cui-

320 5486 482 5539 quam
520 5473 684 5526 videri
723 5479 1052 5550 _non_dehet,
1084 5480 1127 5533 si
1172 5481 1330 5550 verba
1381 5479 1489 5545 illa,
1530 5479 1624 5533 καὶ
1666 5480 1721 5533 αἱ
1755 5481 1890 5550 ήμέ-

325 5551 596 5622 ρςιιηριςη
629 5546 810 5622 multis
845 5547 897 5599 in
936 5548 1238 5622 libris_non
1283 5549 1715 5622 leganturtcum
1757 5546 1889 5603 nihil

321 5610 465 5686 aliud
505 5614 618 5686 sint
652 5615 752 5669 nisi
782 5617 1156 5686 interpretatio
1184 5610 1666 5673 variavcarnmdem
1696 5635 1885 5674 vocum

326 5678 753 5761 Hebraicarum._
779 5678 1149 5761 Interpretatio
1181 5690 1350 5758 prior,
1380 5690 1527 5761 Ταχὺ
1558 5690 1771 5761 ἔρχεται
1790 5692 1888 5761 ,καὶ

322 5748 384 5807 οὐ
416 5755 636 5826 χρονιεῖ,
669 5748 1080 5815 ιιίιιυὶιυιίΧΧ
1112 5748 1496 5830 ιιιῐθνρτοιὶὺιίέ
1519 5748 1885 5833 ἱηῊέιίιριίες

1994 4472 2089 4508 νυν
2143 4456 2198 4507 αἱ
2247 4455 2412 4508 οἰκίαι
2460 4457 2591 4527 ἤχου
2649 4455 3141 4527 ἐμπλησθήσονται.
3210 4455 3579 4527 Ἐρημώσεως

2000 4545 2262 4616 σύμϐολον
2290 4546 2318 4598 6
2345 4543 2496 4617 ἦχος.
2535 4548 3010 4601 Ἀναπαύσονται
3041 4547 3108 4601 δὲ
3127 4546 3255 4599 ἐκεῖ
3267 4544 3573 4614 σειρῆνος,

1998 4634 2095 4687 καὶ
2129 4633 2402 4692 δαιμόνια
2449 4634 2577 4688 ἐκεῖ
2603 4635 2986 4705 ὀρχήσονται,
3018 4634 3116 4689 καὶ
3149 4633 3575 4701 όνοκένταυροι

2001 4725 2125 4779 ἐκεῖ
2163 4726 2615 4794 κατοικήσουσι,
2665 4729 2765 4783 καὶ
2792 4728 3358 4796 νοσσοποιήσουσιν
3383 4728 3576 4798 ἐχῖνοι

1995 4924 2279 4993 posterior.
2317 4924 2697 4981 Theodotioni.

2067 4993 2145 5063 (2)
2188 4994 2412 5049 Codices
2457 4995 2682 5065 aliquot,
2722 5001 2887 5052 ποιεῖ.
2940 4997 3060 5052 Mox
3111 5013 3245 5053 mss.
3298 4996 3571 5065 nonnulli,

1996 5064 2102 5117 ἀπὸ
2140 5065 2316 5126 ποίας.

2068 5135 2143 5205 (5)
2184 5134 2348 5208 ΙιιΙιιιί⁸
2364 5144 2595 5201 veteres,
2632 5137 2960 5208 μεταθεῖναι.
2990 5137 3061 5190 Ea
3091 5152 3194 5206 qua
3227 5137 3430 5190 utimur
3453 5140 3576 5192 eiii-

1994 5206 2092 5267 tio,
2127 5204 2515 5273 μετατεθείναι.

2069 5276 2144 5348 (tt)
2186 5273 2259 5325 Ita
2295 5278 2466 5330 IIoSll‘i
2515 5290 2606 5331 sex
2641 5279 2871 5332 codices.
2909 5275 3023 5331 Vox
3068 5275 3259 5348 χρόνον
3306 5276 3360 5330 in
3408 5276 3576 5334 editis

2000 5345 2354 5399 desideratur.

2069 5414 2145 5484 (5)
2187 5412 2409 5469 Veteres
2442 5426 2672 5489 quatuor
2702 5416 2847 5482 libri,
2882 5413 3301 5489 προσαγορεύει.
3335 5415 3476 5471 Editi
3511 5426 3576 5473 et

1996 5485 2100 5538 duo
2125 5500 2275 5556 mss,
2305 5485 2683 5556 προαγορεύει,

1992 5563 2036 5676 ἓ
2303 5553 2434 5625 Reg.
2472 5553 2741 5613 secundus
2769 5566 2824 5612 et
2847 5557 2952 5611 duo
2975 5556 3292 5637 Colbertini,
3316 5556 3570 5616 διέλθωσι

2063 5640 2249 5687 αυτης.

2066 5641 2337 5843 tigillo,
2369 5694 2477 5752 ἀπὸ
2512 5696 2767 5768 στερεῶν.
2808 5696 2879 5756 At
2921 5697 3095 5755 nostri
3130 5711 3224 5755 sex
3259 5712 3414 5767 ωσι,
3454 5697 3567 5763 ἅτ(

2066 5781 2081 5817 ε
2159 5784 2253 5821 ων.

1994 5781 2081 5821 στε
2093 5781 2253 5821 βρων.
