3810 6214
218 238 324 293 σοι

1038 239 1399 296 COMMENT.
1437 241 1517 296 IN
1542 238 1778 298 ISAIAM
1815 240 2262 298 PROPHETAM.
2300 241 2456 296 CAP.
2500 238 2637 296 XIII.

3383 242 3490 298 602

218 350 296 405 ἐν
322 351 452 418 τοῖς
474 353 669 421 οτκοις
696 355 915 409 αὐτῶν.
955 356 1222 429 Σειρῆνας
1249 360 1277 411 6
1308 359 1405 429 μὲν
1439 356 1637 423 ἔξωθεν
1663 358 1777 427 λόγι

1918 357 1973 411 in
2010 358 2249 411 domibus
2278 372 2481 411 eorum.
2509 356 2784 410 Externus
2834 354 3050 423 quidem
3107 368 3285 409 sermo
3325 355 3491 410 tradit

219 444 585 513 παραδέδωκε
623 447 701 517 (8)
739 449 1002 515 γυναῖκάς
1029 465 1187 511 τινας
1224 447 1587 518 μελῳδούσαςο
1625 448 1814 502 ἐνταῦ-

223 533 293 587 Θα
318 536 376 588 δὲ
412 536 685 606 δαιμόνων
720 536 896 590 ἔοικεν
920 538 1091 609 ὅνομα
1123 536 1283 604 εἷναι,
1314 540 1395 592 διὸ
1436 538 1667 603 Ἀκύλας
1713 538 1813 603 τὰς

224 626 485 696 σειρῆνας
542 627 1053 700 στρουθοκαμήλους
1093 627 1237 683 εἷπε.
1289 631 1590 703 Φιλέρημον
1640 631 1699 684 δὲ
1749 631 1812 684 τὸ

223 713 386 778 ζῶον.
415 716 509 767 καὶ
532 719 655 778 ταῖς
705 718 1076 785 ἁγονωτάταις
1104 719 1372 790 ψάμμοις,
1418 722 1492 785 ὡς
1515 720 1584 774 τά
1616 722 1808 787 πολλὰ,

219 807 563 877 ὲμφωλεῦον.
597 809 710 878 Τὴν
740 805 833 863 οὖν
875 811 1178 884 ὑπερϐολὴν
1205 812 1305 882 τῆς
1337 815 1572 884 ἐρημίας
1602 816 1630 868 6
1655 815 1811 884 λόγος

217 898 310 952 διὰ
347 899 449 967 τῆς
465 899 576 952 τῶν
604 901 1095 973 στρουοοκαμήλων
1113 902 1434 974 σκηνώσεως
1452 905 1805 975 παραδίδωσι.

218 992 363 1055 Τοὺς
397 992 455 1044 δὲ
484 993 926 1065 ὀνοκενταύρους,
957 994 1051 1058 οὓς
1082 992 1234 1049 εἷπον
1283 998 1334 1050 οἱ
1389 997 1805 1070 Ἑϐδομήκοντα,

215 1081 576 1150 τριχιῶντας
617 1085 693 1154 (9)
732 1084 1016 1155 ὠνόμασεν
1070 1088 1099 1139 6
1143 1086 1392 1151 Ἀκύλας.
1428 1089 1708 1160 Δαιμόνων
1753 1107 1807 1143 τι

216 1169 376 1237 γένος
406 1172 550 1225 ἔοικε
585 1176 876 1246 παριστᾷν,
913 1176 1145 1229 κάθυλον
1175 1178 1269 1230 καὶ
1317 1180 1700 1250 ὲσκοτιαμένον
1737 1183 1803 1252 τῇ

218 1264 539 1335 ἐπιφανείᾳ,
562 1259 639 1318 ὧν
660 1265 822 1336 ἔργον
850 1268 967 1320 ἐστὶ
993 1269 1053 1321 τὸ
1069 1267 1300 1323 ἄστατον
1330 1269 1463 1338 (10),
1493 1271 1588 1324 καὶ
1620 1270 1680 1323 τὸ
1703 1288 1808 1341 μη-

211 1352 409 1407 δέποτε
438 1355 637 1409 ἑστῶσι
660 1360 771 1421 τοῖς
807 1358 934 1411 ποσὶ
967 1361 1105 1431 μήτε
1142 1363 1207 1431 τῇ
1242 1360 1450 1432 διανοίᾳ
1480 1361 1802 1433 κεχρῆσθαι.

211 1446 329 1499 Καὶ
372 1448 799 1518 ὀνοκένταυροι
827 1451 960 1503 ἐκεῖ
1003 1452 1460 1521 κατοικήσουσι.
1502 1454 1612 1506 Καὶ
1646 1452 1805 1507 τοῦτο

210 1536 404 1607 ἕτερον
425 1533 566 1603 εἶδος
594 1539 862 1610 δαιμόνων
883 1540 1059 1596 ἔοικεν
1080 1546 1112 1614 ή
1144 1544 1335 1615 Γραφὴ
1359 1561 1434 1597 πα
1444 1546 1650 1614 ριστᾷν,
1668 1545 1804 1616 ὅπερ

208 1629 382 1681 Σίειν
406 1630 720 1700 ὠνόμασαν,
751 1631 920 1703 αὐτὴν
953 1632 1053 1704 τὴν
1091 1634 1386 1704 Ἐϐραῖκὴν
1416 1635 1601 1705 φωνὴν
1632 1652 1800 1706 μετα..

210 1716 400 1781 ϐέντες
432 1718 545 1789 (Η)
579 1721 630 1772 οι
668 1720 863 1776 λοιποί.
907 1723 1054 1776 Ἐκεῖ
1079 1723 1246 1778 δὲκαὶ
1275 1726 1463 1795 ἐχῖνοι,
1496 1726 1649 1795 φησι,
1676 1726 1803 1789 τοὺς

207 1808 398 1872 οἴκους
426 1810 608 1864 αὐτῶν
661 1812 774 1884 (12)
814 1815 1125 1886 ποιήσουσι.
1164 1816 1348 1871 Πάντα
1378 1816 1655 1889 φιλέρημα
1688 1817 1802 1880 ζῶα

205 1901 483 1971 διηγεῖται
512 1907 540 1957 6
578 1905 764 1970 τόπος,
797 1906 873 1971 ὡς
904 1907 1368 1980 οἰκειωθησόμενα
1411 1913 1477 1981 τῇ
1521 1910 1800 1966 Βαϐυλῶνι

212 1991 354 2060 μετὰ
380 1992 482 2063 τὴν
512 1993 814 2063 ἐρήμωσιν.

280 2079 409 2133 275.
446 2081 600 2149 Ταχὺ
639 2081 895 2149 ἔρχεται,
928 2083 1028 2138 καὶ
1056 2092 1128 2138 οὐ
1152 2086 1393 2152 χρονιεῖ,
1432 2088 1532 2141 καὶ
1560 2093 1619 2143 αἱ
1654 2090 1799 2158 ἡμέ-

200 2186 303 2237 ραι
324 2168 519 2238 αὐτῆς
547 2174 618 2226 οὐ
648 2173 734 2241 μὴ
754 2173 1231 2243 ἐφελκυσθῶσιν.
1261 2176 1625 2247 Ἠπειγμένην
1651 2178 1798 2247 λέγει

206 2261 309 2332 τὴν
342 2264 732 2336 καταστροφὴν
773 2265 873 2335 τῆς
893 2265 1231 2329 Βαϐυλῶνος,
1275 2269 1371 2320 καὶ
1405 2269 1663 2340 οὐδεμίαν
1690 2289 1796 2324 πα·-

209 2353 441 2423 ράτασιν
498 2357 607 2409 τῶν
659 2358 1062 2430 ἡπειλημένων.
1126 2363 1341 2433 Ἐπειδὴ
1403 2364 1459 2417 δὲ
1505 2365 1796 2437 ἡπείληται

205 2446 686 2517 καταστρέφεσθαι
720 2448 977 2504 Βαϐυλὼν
1009 2451 1085 2515 ὡς
1133 2452 1359 2523 Σόδομα,
1411 2455 1608 2509 εἰδέναι
1649 2459 1797 2527 ἡμᾶς

204 2534 308 2599 δεῖ,
337 2537 424 2589 ὅτι
455 2538 649 2592 πολλαὶ
682 2543 736 2593 αἱ
764 2542 1052 2613 ἑρμηνεῖαι
1092 2543 1188 2597 τοῦ
1219 2544 1481 2615 ὀνόματος
1525 2547 1791 2619 Σοδόμων.

217 2625 616 2697 Ἐρμηνεύεται
644 2629 754 2698 γὰρ
780 2630 841 2682 τὸ
873 2632 1004 2684 αὐτὸ
1029 2633 1198 2702 ὄνομα
1221 2634 1315 2685 καὶ
1346 2635 1673 2702 τύφλωσις,
1700 2636 1795 2690 καὶ

204 2716 550 2785 στείρωσις,
597 2720 693 2773 καὶ
716 2720 956 2775 ἑστῶσα
1002 2723 1221 2791 σιωπὴ,
1247 2725 1342 2777 καὶ
1388 2727 1668 2794 ὁμοίωμα,
1703 2728 1796 2781 καὶ

202 2807 505 2874 ἕκκλησις
529 2811 662 2880 (15),
695 2814 787 2865 καὶ
808 2813 1077 2882 θεμέλιος
1098 2815 1315 2871 αὐτῶν.
1342 2817 1378 2868 Γ
1382 2817 1408 2869 ό
1416 2819 1593 2888 μορῤα
1607 2818 1663 2871 δὲ
1687 2836 1796 2890 με-

203 2898 613 2972 ταλαμϐάνεται
636 2907 715 2968 εἰς
754 2905 975 2973 μέτρον
1000 2908 1094 2960 καὶ
1119 2908 1199 2971 εἰς
1224 2907 1463 2962 στάσιν.
1495 2910 1716 2964 Πάντων
1738 2911 1795 2965 δὲ

203 2994 307 3063 οὺχ
343 2995 587 3064 ἠγοῦμαι
637 2995 871 3097 ’χρῄζειν
920 2998 1013 3051 τὸν
1069 2999 1387 3070 βουλόμενον
1438 3000 1791 3073 ἑρμηνεῦσαι,
1821 3039 1863 3097 C

206 3086 329 3150 ταῦς
360 3089 394 3159 ἡ
443 3085 702 3141 Βαϐυλὼν
747 3089 948 3160 ὁμοίως
971 3092 1227 3162 Σοδόμοις
1253 3096 1791 3166 καταστραφήσεται.

207 3182 400 3234 Ἔοικε
426 3180 535 3252 γὰρ
552 3184 579 3234 ὀ
595 3181 748 3246 Θεὸς,
765 3184 1068 3254 εὐεργετῶν
1087 3187 1213 3249 τοὺς
1233 3203 1437 3239 καταστ
1446 3190 1792 3258 ρεφομένους,

206 3272 630 3343 καταστρέφειν,
660 3273 737 3336 ὡς
780 3275 965 3346 ἰατρὸς
1002 3276 1329 3347 τυφλότητα’
1367 3281 1716 3351 καταστροφὴ
1738 3281 1795 3334 δὲ

203 3362 565 3432 τυφλότητος,
610 3364 853 3435 ὁράσεως
907 3366 1071 3436 ἀρχή.
1108 3367 1218 3420 Καὶ
1273 3368 1638 3438 καταστρέφει
1681 3370 1791 3439 (Μ)

207 3454 517 3525 στείρωσιν,
552 3455 637 3508 ἵνα
667 3456 765 3525 τὴν
807 3457 1029 3524 ἀγονίαν
1053 3456 1330 3522 ἐξελάσας.
1368 3460 1661 3530 χαρίσηται
1694 3463 1792 3515 αὐ-

202 3551 322 3611 τοῖς
346 3549 663 3619 γεννήματα
693 3547 868 3620 ἔργων
904 3549 1271 3621 δικαιοσύνης.
1310 3553 1420 3605 Καὶ
1446 3553 1544 3622 τὴν
1586 3555 1794 3626 σιωπὴν

204 3640 306 3709 τὴν
338 3639 585 3693 ἑστῶσαν
614 3640 1002 3712 καταστρέφει,
1024 3642 1108 3695 ἵνα
1130 3643 1287 3710 λόγον
1306 3644 1518 3714 ἐμϐάλῃ
1546 3647 1795 3718 καρδίαις

204 3732 348 3803 πρὸς
397 3732 457 3785 τὸ
487 3731 728 3797 δοξάζειν
756 3733 848 3787 τὸν
879 3735 1031 3788 Θεόν.
1068 3735 1179 3788 Καὶ
1220 3736 1260 3787 Γ
1262 3735 1472 3807 όμορῤα
1495 3734 1586 3792 οὖν
1628 3756 1795 3794 κατα-

204 3825 456 3896 στρέφων
500 3824 706 3896 (ἐπειδὴ
735 3827 1020 3898 ἀμφότερα
1072 3827 1432 3899 ἑρμηνεύεται
1462 3831 1555 3883 καὶ
1574 3830 1795 3899 μέτρον

200 3915 298 3969 καὶ
328 3913 552 3981 στάσις
580 3915 647 3969 τὰ
674 3915 970 3986 Γόμορρα),
988 3916 1086 3986 τὴν
1114 3918 1302 3969 στάσιν
1323 3918 1421 3988 τὴν
1450 3919 1506 3971 ἐν
1533 3919 1669 3989 αὐτῇ
1702 3921 1793 3974 καὶ

198 4008 304 4079 τὴν
338 4007 587 4078 ταραχὴν
630 4007 907 4078 καθαιρεῖ,
940 4007 1025 4060 ἵνα
1055 4009 1105 4060 οἱ
1149 4007 1549 4073 στασιάζοντες,
1584 4010 1677 4063 καὶ
1734 4013 1792 4064 ὲν

198 4104 270 4171 τῇ
318 4101 653 4153 καταστάσει
693 4103 758 4172 τῇ
795 4101 1035 4171 ἐναντίᾳ,
1071 4104 1170 4172 τῆς
1204 4104 1447 4173 εἰρήνης,
1481 4102 1652 4167 ὄντες,
1674 4103 1791 4173 βελ-

201 4192 469 4245 τιωθῶσι.
503 4193 618 4256 Πᾶς
639 4191 696 4245 δὲ
732 4194 760 4245 ό
787 4192 853 4245 τὰ
881 4192 981 4262 τῆς
1014 4192 1283 4261 γενέσεως
1319 4193 1618 4264 πράγματα
1652 4196 1788 4247 ἀπο-

200 4283 518 4354 δεχόμενος,
545 4284 639 4337 καὶ
670 4283 918 4355 ἀνάγκην
943 4284 1038 4337 καὶ
1077 4283 1416 4354 εἱμαρμένην
1442 4286 1536 4337 καὶ
1569 4302 1789 4356 πεπρω-

1917 451 2130 504 sirenes
2156 450 2410 504 mulieres
2454 449 2622 502 fuisse
2676 448 2999 504 suavissime
3043 458 3358 503 cantantes:
3392 449 3487 504 sed

1915 538 2009 592 hic
2049 537 2152 591 isto
2173 537 2388 590 nomine
2424 536 2651 589 indicari
2680 537 2932 589 videntur
2961 538 3271 603 dzetnones;
3311 551 3487 605 quare

1914 629 2142 697 Aquilus
2176 629 2385 682 Sirenes
2423 628 2873 682 strtttltncamelos
2921 629 3074 681 dixit.
3134 629 3265 681 Illud
3303 638 3484 684 autem

1911 721 2114 775 animal
2145 735 2333 774 amans
2363 729 2448 772 est
2478 719 2805 782 solitudinis,
2837 731 2998 786 atque
3029 732 3087 772 ut
3118 720 3404 787 plurimum
3432 722 3483 775 iu

1911 815 2094 868 arenis
2128 813 2489 867 ειρτίΙίδμίιιιὶε
2524 811 2719 864 latitat.
2750 811 3029 878 Scriptura
3067 814 3227 880 igitur
3259 814 3483 865 vastita-

1913 903 1982 958 tis
2041 906 2464 973 magnitudinem
2516 905 2768 974 exprimit
2806 922 2901 974 per
2936 908 3483 962 strutltm-atneloruut

1908 995 2320 1049 habitationem.
2339 998 2442 1050 Eos
2468 1006 2646 1050 autem
2672 1014 2807 1066 quos
2823 1008 3216 1051 onocenlauros
3250 1000 3485 1063 Septua-

1908 1084 2056 1154 ginta
2103 1085 2309 1150 dixere,
2363 1087 2557 1154 pilosas
2615 1087 2911 1140 nominavit
2951 1089 3195 1154 Aquilas.
3258 1090 3483 1143 Videtur

1910 1174 2221 1244 significare
2256 1176 2527 1246 quoddam
2555 1178 2858 1231 daemonum
2896 1195 3064 1248 genus
3115 1181 3393 1233 sordidum
3427 1191 3484 1234 et

1905 1278 2122 1335 aspectu
2161 1270 2592 1336 tenebricosum,
2650 1285 2881 1338 quorum
2939 1287 3132 1324 munus
3184 1282 3262 1325 est
3302 1272 3475 1324 insta-

1904 1358 2040 1412 biles
2062 1374 2201 1425 esse,
2229 1375 2328 1412 nee
2357 1376 2588 1429 unquam
2617 1362 2788 1414 ﬁrmis
2813 1363 3037 1429 pedibus
3064 1372 3154 1414 aut
3185 1373 3363 1416 meme
3382 1363 3480 1418 uti.

1906 1447 1975 1502 Et
2006 1453 2345 1503 onocentnuri
2375 1451 2483 1503 illic
2512 1450 2845 1505 habitabant.
2891 1452 3064 1506 Aliam
3111 1469 3300 1508 rursus
3329 1454 3485 1507 exhi-

1903 1542 2031 1595 bere
2060 1543 2272 1596 videtur
2315 1543 2593 1610 Scriptura
2650 1545 2949 1597 daamonnm
2989 1546 3247 1613 specie'h,
3316 1561 3482 1615 quam

1903 1630 2094 1699 reliqui
2124 1631 2472 1684 nominavere
2504 1629 2643 1695 Siin,
2681 1633 2851 1700 ipsam
2915 1648 3099 1687 vocent
3158 1634 3479 1689 llebraicam

1833 1708 1874 1762 Β
1905 1719 2009 1773 buc
2039 1721 2446 1775 transferentes.
2479 1720 2823 1787 Quinetiam,
2852 1724 3047 1792 inquit,
3076 1725 3184 1778 illic
3207 1726 3480 1781 lterinarei

1903 1811 2092 1866 domos
2118 1827 2247 1865 suas
2289 1813 2508 1867 facient.
2532 1813 2797 1867 Animalia
2827 1818 3008 1868 omnia
3045 1832 3164 1884 qua:
3203 1817 3291 1871 hic
3324 1817 3480 1872 locus

1901 1912 2088 1956 narrat
2118 1903 2427 1956 habitatura
2457 1917 2576 1959 esse
2603 1905 2655 1959 in
2686 1903 2959 1977 Babylone
2989 1918 3113 1976 post
3142 1910 3475 1976 vastitatem,

1900 1994 2244 2049 solitudinem
2282 2006 2488 2052 amant.

1967 2086 2093 2140 275.
2137 2084 2255 2141 Cito
2282 2087 2467 2145 veniet,
2499 2099 2547 2141 et
2581 2106 2684 2143 non
2728 2090 2982 2156 tardabit,
3016 2101 3062 2145 et
3091 2093 3201 2146 die:
3229 2093 3343 2159 efus
3375 2109 3480 2147 non

1898 2177 2305 2247 eiougabuntur.
2358 2178 2448 2232 Ait
2496 2179 2785 2252 Babylonis
2865 2184 3204 2236 eversionem
3253 2185 3477 2253 instare,

1899 2269 2210 2339 nullamque
2242 2270 2360 2325 fore
2389 2274 2652 2327 malorum
2701 2274 3089 2329 intentatorum
3135 2278 3474 2334 dilationem.

1897 2361 2033 2429 Quia
2061 2379 2189 2419 vero
2227 2366 2552 2421 comminata
2577 2377 2659 2422 est
2688 2369 2966 2438 Scriptura
2999 2369 3325 2441 Babylonem
3353 2382 3475 2425 tan-

1897 2442 2054 2521 quam
2081 2455 2313 2508 Sodoma
2348 2457 2581 2510 dirutum
2613 2460 2674 2511 iri
2705 2498 2719 2524 ,
2751 2461 3032 2539 sciendum
3067 2460 3220 2514 uoltis
3263 2472 3344 2514 est
3378 2476 3478 2514 no-

1896 2560 2019 2598 men
2078 2545 2310 2601 Sudoma
2371 2548 2589 2619 multas,
2624 2550 2912 2602 admittere
2981 2551 3474 2615 interpretationes.

1893 2632 2027 2687 Nam
2057 2635 2195 2689 idem
2222 2652 2436 2703 nomen,
2470 2640 2513 2691 si
2540 2640 2935 2705 interpreteris,
2973 2654 3070 2694 SOn
3110 2646 3132 2692 t
3163 2642 3474 2705 caritatem,

1894 2726 2246 2786 sterilitatem.
2274 2738 2521 2782 constans
2552 2731 2839 2795 silentium,
2877 2731 3284 2785 similitudinem
3310 2771 3325 2795 ,
3357 2748 3477 2784 evo-

1895 2814 2147 2867 cationem
2185 2823 2234 2868 et
2286 2816 2680 2885 fundamentum
2730 2836 2931 2872 eorum.
2987 2819 3286 2874 Gotuorrba
3349 2834 3477 2875 vero

1895 2906 2155 2973 aecipitur
2181 2922 2276 2975 pro
2307 2924 2553 2960 mensura
2596 2918 2649 2962 et
2680 2906 2973 2963 seditione.
3018 2907 3216 2962 Verum
3258 2909 3302 2962 si
3352 2910 3475 2977 quis

1895 2996 2026 3050 velit
2055 2999 2397 3064 interpretari
2421 3001 2692 3068 quomodo
2716 3000 2948 3071 Babylon
2974 3015 3127 3069 aeque
3145 3016 3206 3054 ac
3239 2999 3474 3054 Sodoma

1896 3087 2137 3143 funditus
2161 3091 2384 3143 delenda
2414 3092 2507 3153 sit,
2542 3091 2674 3144 nihil
2703 3093 2775 3154 ei,
2816 3093 3030 3159 opinor,
3079 3109 3213 3162 opus
3249 3103 3331 3146 est
3358 3108 3477 3146 om-

1896 3182 2056 3234 nibus
2085 3181 2167 3234 ltis
2198 3182 2760 3249 illlel‘lll't‘lalitllliblls.
2792 3184 2930 3237 Deus
2954 3186 3098 3236 enim
3130 3199 3249 3236 eam
3278 3185 3328 3235 in
3360 3170 3502 3236 nio--

1896 3273 2018 3325 dum
2052 3274 2266 3341 medici,
2302 3276 2391 3342 qui
2423 3277 2722 3329 ea-citatent
2757 3286 2935 3337 curat,
2966 3277 3179 3329 videtur
3208 3287 3472 3342 evertere,

1896 3372 1954 3418 ut
1986 3365 2264 3419 beneﬁt-iis
2298 3365 2496 3421 allieiat
2543 3383 2786 3423 eversos.
2859 3368 2951 3421 Est
2993 3382 3171 3419 autem
3214 3369 3475 3421 (vt-citatis

1895 3457 2105 3508 eversio
2139 3456 2348 3508 initium
2384 3455 2618 3510 videndi.
2651 3457 2788 3523 Quin
2817 3459 2980 3511 etiam
3035 3473 3065 3511 e
3117 3459 3292 3510 medio
3338 3457 3474 3510 lolii!

1894 3546 2272 3612 sterilitatem,
2314 3561 2370 3602 ut
2400 3550 2647 3618 ablegata
2698 3560 2753 3602 et
2803 3549 3023 3616 expulsa
3065 3549 3470 3615 infecunditate,

1893 3639 1974 3693 eis
2006 3638 2235 3693 fructum
2265 3657 2485 3709 operum
2518 3641 2741 3709 justitir
2792 3642 3072 3709 largiatur.
3132 3642 3366 3694 Destruit
3391 3640 3472 3693 iti~

1895 3732 2013 3785 tlem
2049 3745 2306 3787 eonStans
2342 3733 2636 3798 silentium,
2698 3745 2755 3785 Ill
2791 3748 3099 3786 sermonem
3147 3734 3212 3785 ad
3245 3732 3471 3798 gloriam

1894 3822 2003 3876 Deo
2038 3824 2268 3876 dandam
2326 3824 2376 3877 in
2418 3826 2579 3878 corda
2628 3824 2906 3878 immittat.
2932 3826 3107 3892 Atque
3144 3827 3278 3877 adeo
3338 3839 3458 3877 eum

1893 3914 2252 3969 Gomorrbam
2314 3918 2509 3968 evertit
2558 3915 3019 3985 (quandoquidem
3065 3915 3391 3979 Gotnorrltzt,
3422 3914 3469 3968 si

1891 4008 2014 4075 quis
2054 4007 2461 4073 interpretetur,
2491 4019 2785 4077 utrumque
2846 4019 3031 4069 sonat,
3082 4023 3386 4061 mensuram
3418 4013 3474 4061 et

1889 4100 2245 4164 seditionem),
2288 4097 2454 4169 589
2482 4109 2592 4153 tum
2626 4104 2918 4154 excitatam
2964 4103 3015 4154 in
3042 4116 3103 4154 ea
3149 4101 3468 4154 seditionem

1890 4206 1954 4244 ac
1987 4191 2447 4259 perturbationem
2480 4195 2811 4259 comprimit,
2867 4205 2924 4247 ut
2971 4193 3210 4245 seditiosi
3255 4192 3308 4245 in
3337 4206 3473 4242 rou-

1893 4282 2062 4335 trario
2092 4289 2256 4335 'statn
2322 4284 2642 4345 etmslituti,
2687 4285 2836 4352 paris
2897 4285 3186 4345 videlicet,
3239 4283 3470 4336 evadant

202 4374 378 4445 μένην
425 4374 768 4446 πρεσϐεύων,
806 4377 900 4429 καὶ
949 4376 1010 4428 τὸ
1042 4377 1166 4429 ὅσον
1214 4377 1299 4445 ἐφ’
1336 4376 1513 4446 ἐαυτῷ
1545 4376 1631 4430 διὰ
1688 4378 1777 4449 τῆς

1902 4373 2158 4426 meliores.
2183 4373 2446 4427 Caeterum
2482 4376 2727 4443 quisquis
2749 4376 2943 4429 sideris
2968 4374 3196 4427 natalilii
3228 4374 3332 4425 vim
3368 4374 3467 4426 ad-

196 4467 410 4521 τούτων
442 4469 754 4532 συστάσεως
785 4467 1021 4539 ἀφιστὰς
1053 4469 1247 4540 τῆςείς
1275 4467 1364 4520 τὸν
1389 4468 1520 4523 Θεὸν
1554 4470 1788 4534 πίστεως

272 4692 349 4757 (8)
390 4692 619 4764 Codices
652 4693 916 4754 nonnulli,
954 4692 1289 4764 παρέδωκεν.

270 4764 348 4834 (9)
389 4762 465 4816 lla
504 4762 884 4834 Qombeﬁsiani
1123 4764 1343 4831 perinde
1389 4773 1549 4834 atque
1589 4763 1781 4816 nostri.

193 4832 313 4891 Vo‘x
359 4832 687 4904 τριχιῶντας
725 4833 1074 4904 ιγῃοετιιβιιιε
1111 4835 1411 4904 exciderat.
1459 4833 1555 4888 llic
1591 4836 1786 4887 desunt

194 4902 408 4975 ρειεὲοώ
434 4904 924 4975 aliquotinprimo
957 4902 1269 4975 Colbertiqo
1299 4903 1503 4975 codice.

271 4974 384 5043 (10)
430 4974 589 5036 Ιεὶιιὶιί,
615 4972 677 5026 τὸ
713 4973 987 5026 ἀστατείν.
1029 4972 1095 5025 At
1132 4972 1260 5026 mss.
1301 4973 1540 5042 plerique
1572 4986 1780 5036 omnes,

193 5044 257 5097 τὺ
288 5044 543 5097 ἄστατον.
1731 5060 1739 5076 ⁸

271 5116 315 5181 (ι
338 5117 384 5172 l)
428 5115 607 5165 Culex
637 5129 793 5173 unus,
823 5110 1222 5181 μετατιθέντες.
1246 5111 1445 5166 Vocem
1470 5111 1634 5166 Σίειν.
1663 5127 1784 5180 qua:

196 5183 360 5250 [uuln
396 5193 522 5235 ante
557 5184 696 5243 legitn
724 5199 768 5247 r,
804 5183 1022 5249 reperiri
1049 5184 1263 5250 quidem
1293 5185 1431 5247 apud
1463 5182 1779 5247 Procopium

195 5252 634 5307 Moturum-unius
694 5253 743 5303 in
798 5253 1054 5318 Hexaplis
1087 5254 1292 5304 tradit:
1337 5253 1430 5304 seel
1475 5254 1706 5304 litteram
1743 5255 1783 5306 Σ

195 5323 367 5375 (Μοιιὶ
409 5324 604 5375 debere
651 5333 852 5374 censet.
900 5323 1027 5387 I'Ijus
1074 5324 1187 5375 Inec
1238 5330 1356 5374 sunt
1397 5339 1410 5375 :
1457 5321 1705 5374 Litteram
1743 5324 1782 5375 Σ

196 5394 337 5446 male
374 5396 637 5456 propemit
665 5391 1022 5460 (Procopius),
1070 5401 1127 5444 ut
1180 5395 1422 5458 arguitur
1460 5409 1559 5444 non
1609 5393 1777 5445 solum

191 5478 264 5516 ea;
297 5460 559 5515 Hebruico
594 5463 866 5526 hodierno,
902 5462 992 5514 sed
1029 5464 1183 5514 etiam
1219 5478 1284 5515 ex
1325 5461 1664 5529 Hieronymo,
1688 5465 1776 5525 qni

194 5535 274 5584 sic
309 5531 460 5584 habet
490 5546 508 5583 :
542 5531 645 5585 Pro
678 5532 836 5585 ululis
881 5547 1092 5599 quoqtte
1126 5547 1314 5584 omnes
1353 5533 1522 5595 ipsum
1553 5533 1772 5585 verbum

199 5601 531 5654 llehraicum
584 5603 698 5667 iim,
730 5601 829 5656 soli
864 5599 1007 5654 LXX
1055 5612 1448 5655 onueeutauros
1481 5601 1772 5654 transtule-

201 5679 351 5726 runt.
383 5668 679 5741 Legendum
721 5672 895 5741 itaque
926 5671 1045 5725 ἱείν.
1076 5669 1239 5739 Ναηι,
1268 5681 1323 5725 ιιι
1361 5671 1518 5740 paulo
1546 5681 1664 5725 ante
1689 5672 1771 5724 di-

1897 4466 2085 4531 mittit,
2119 4475 2281 4534 atque
2308 4468 2690 4520 necessitatem
2722 4475 2777 4521 et
2807 4466 2975 4520 fatum
3007 4477 3062 4521 et
3101 4467 3307 4520 exitum
3340 4463 3472 4521 fata-

1890 4698 2152 4756 cebnmus,
2188 4691 2361 4747 σινιιεί
2398 4706 2528 4743 mem
2582 4690 2900 4744 Ilebrnieum
2933 4691 3092 4759 finale
3120 4708 3253 4749 smne
3288 4690 3471 4743 termi-

1890 4773 2017 4815 nnnt
2046 4780 2136 4828 per
2172 4779 2218 4814 ν.
2255 4761 2404 4828 Quod
2456 4762 2500 4815 si
2548 4761 2777 4812 litteram
2823 4762 2862 4813 Σ
2892 4763 2942 4814 in
2989 4761 3247 4827 Pret-opio
3299 4761 3470 4813 deleri

1890 4841 2139 4900 oportet:
2171 4834 2359 4884 eadem
2390 4834 2630 4884 deleatur
2657 4845 2876 4884 necesse
2907 4841 2986 4885 est
3024 4841 3076 4884 et
3120 4833 3169 4883 in
3202 4831 3470 4900 iliusebio,

1891 4899 1944 4955 iu
1972 4903 2123 4968 cujus
2158 4902 2562 4956 Commentario
2610 4901 2754 4954 edita
2806 4916 3021 4970 quoque
3069 4915 3153 4955 εει
3200 4899 3314 4954 bazc
3360 4913 3465 4955 vox

1889 4986 2009 5026 Cum
2051 4972 2112 5024 Σ.

1992 5041 2077 5111 1‘2)
2117 5038 2344 5094 Codices
2374 5041 2500 5101 duo,
2528 5040 2754 5095 ἑαυτῶν.

1992 5046 2077 5111 1‘2)
2117 5046 2344 5094 Codices
2374 5046 2500 5101 duo,
2528 5046 2754 5095 ἑαυτῶν.

1963 5046 2072 5182 (15)
2112 5111 2327 5177 Antiqui
2367 5121 2476 5165 tres
2532 5113 2672 5175 libri,
2706 5109 2958 5180 ὁμοίωμα
2988 5110 3084 5162 καὶ
3118 5108 3380 5182 ἔκκλισις,
3411 5119 3465 5163 et

1891 5179 1980 5234 ita
2008 5182 2201 5249 legisse
2234 5182 2443 5233 videtur
2479 5179 2764 5248 interpres,
2797 5179 2891 5248 qui
2922 5181 3180 5233 \erterit:
3215 5180 3465 5232 simi/im-

1890 5253 2085 5311 dinem,
2122 5252 2542 5304 declinationem.
2575 5253 2642 5304 At
2675 5252 2822 5315 Ιζοιιιὶι
2854 5251 3124 5303 secundus
3157 5261 3210 5301 et
3246 5252 3462 5311 tertius,

1889 5319 2177 5390 ἕκκλησιςο
2205 5336 2364 5387 quam
2413 5321 2696 5373 let-timuerit
2731 5337 2908 5373 veram
2951 5336 3071 5372 esse
3098 5321 3228 5373 satis
3265 5318 3465 5371 intelii-

1888 5391 2029 5460 gitur
2058 5406 2125 5443 ex
2165 5406 2228 5445 eo
2278 5391 2416 5450 loco,
2446 5392 2533 5443 ubi
2575 5407 2675 5442 vox
2708 5391 2943 5444 sirenum
2991 5399 3095 5440 tant
3148 5399 3298 5460 grata
3339 5401 3467 5460 esse

1886 5457 2105 5524 dicitur,
2141 5470 2197 5511 ut
2229 5470 2418 5529 evot-et
2448 5468 2501 5514 et
2526 5461 2727 5514 alliciat
2761 5461 2826 5513 ad
2861 5470 3162 5529 peccatum.
3204 5457 3326 5515 Mox
3353 5458 3470 5514 duo

1882 5544 2039 5589 mss..
2074 5530 2167 5583 καὶ
2197 5528 2455 5598 θεμέλιοι.

1955 5599 2065 5672 (14)
2107 5600 2197 5657 Sit:
2229 5597 2357 5655 mss.
2394 5603 2463 5657 At
2492 5599 2639 5667 editi,
2672 5598 2765 5654 xei
2793 5597 3210 5671 καταστρέφειν.
