3810 6214
381 239 487 294 607

1337 234 1684 291 APPENDIX
1724 233 2014 292 OPEBUM
2055 232 2113 290 S.
2157 233 2403 292 BASILII
2441 237 2679 296 MAGNI.

3543 243 3683 300 638

379 358 548 413 mitur
572 371 702 411 vero
722 353 886 410 Israel
912 369 1009 425 pro
1031 354 1397 423 praestantiori
1421 362 1479 410 et
1507 355 1803 425 spirituali.
1827 355 1959 411 0m-

2130 353 2241 416 πλως
2270 351 2382 424 (29)
2415 353 2472 406 δὲ
2501 353 2737 407 ὁἸακὼϐ
2771 353 2865 409 καὶ
2891 354 3687 427 ὀΊσραὴλἈναπαύσονται

378 450 511 504 nino
538 458 721 503 autem
753 446 922 501 Jacob
947 455 996 500 et
1028 446 1194 500 Israel
1225 444 1564 516 Requiescent
1589 449 1643 499 in
1667 460 1807 500 terra
1832 463 1949 510 sua,

381 543 641 597 nimirum
688 543 739 595 in
784 551 929 594 terra
977 538 1068 593 illa
1093 579 1107 604 ,
1152 541 1218 593 de
1254 554 1358 609 qua
1401 539 1604 592 dictum
1636 548 1764 594 est:
1802 537 1956 591 Beati

380 637 533 688 mites
569 649 587 687 :
626 633 879 703 quoniam
923 632 1024 697 ipsi
1073 632 1409 699 possidebunt
1456 633 1731 687 terram“.
1787 631 1957 685 Terra

382 727 495 778 hate
518 741 621 777 non
648 735 731 777 est
765 740 890 791 pars
918 723 1096 785 istius,
1124 739 1243 790 qua:
1265 725 1498 775 obnoxia
1527 733 1610 775 est
1637 723 1953 786 maledicto;

380 829 540 882 quam
570 814 660 882 qui
695 814 845 873 colit,
884 813 938 865 in
974 813 1254 866 dnlorihus
1283 815 1519 868 comedit
1556 813 1809 866 tmmibus
1837 812 1956 866 die-

382 905 478 958 bus
512 907 631 957 vitae
661 921 769 959 sua:
793 905 860 959 "‘.
894 906 1032 971 Quin
1069 907 1233 960 etiam
1262 906 1464 961 Jacobo
1491 907 1650 977 591
1680 917 1733 961 ct
1770 905 1955 960 lsraeli

382 998 435 1052 in
487 1011 630 1051 terra
675 1014 769 1052 sua
806 1000 1169 1066 requiescenti
1217 999 1425 1051 advena
1470 1001 1813 1067 adjungelur.
1854 996 1958 1064 Qui

384 1100 583 1145 terram
619 1092 838 1156 excolit,
868 1092 957 1146 hic
985 1092 1071 1144 ille
1122 1102 1205 1146 est
1237 1093 1541 1163 proselytus
1571 1092 1796 1146 advena.
1830 1092 1961 1146 For—

386 1193 529 1237 tasse
549 1183 635 1235 hic
656 1193 734 1236 est
753 1184 970 1252 gentilis
987 1185 1238 1252 populus,
1255 1183 1453 1240 Jacnbo
1478 1185 1782 1252 adjunctus,
1800 1201 1957 1255 quem

386 1286 641 1345 tanquam
674 1279 1017 1346 peregrinum
1050 1288 1104 1329 et
1129 1279 1463 1347 proselylum
1491 1279 1771 1347 Scriptura
1798 1280 1969 1332 adve-'

384 1384 510 1423 nam
538 1367 794 1437 appellat.
819 1369 953 1422 Cum
985 1379 1163 1423 autem
1197 1371 1231 1422 ii
1266 1371 1356 1439 qui
1382 1381 1507 1423 sunt
1536 1370 1811 1424 inferioris
1832 1385 1963 1424 con-

386 1461 607 1515 ditionis
631 1501 645 1521 ,
689 1475 786 1514 ncc
823 1460 925 1513 sibi
961 1460 1231 1528 imperare
1260 1471 1486 1521 norunt,
1530 1462 1758 1515 ducibus
1791 1476 1963 1531 tmpe-

386 1554 541 1607 raudi
583 1553 866 1607 scientiam
919 1553 1245 1606 habentibus
1284 1554 1560 1616 serviunt,
1610 1554 1662 1606 id
1709 1554 1841 1621 Ipsis
1879 1563 1964 1607 est

386 1660 490 1714 pro
520 1644 806 1716 hem-licio.
841 1644 1020 1711 Quare
1052 1647 1104 1698 in
1148 1646 1618 1701 benedictionibus
1648 1648 1849 1701 dictum
1876 1656 1964 1701 est

386 1738 569 1793 Esau:
607 1738 673 1791 Et
710 1738 872 1802 fratri
928 1748 1019 1790 tuo
1060 1740 1248 1792 servies
1271 1738 1336 1793 “.
1371 1737 1482 1793 Hoc
1524 1739 1681 1808 plane
1725 1739 1960 1803 indicat,

387 1833 532 1904 quod
557 1832 806 1900 sequitur
837 1829 1026 1896 (Vens.
1056 1828 1112 1898 2)
1143 1848 1156 1882 :
1192 1828 1257 1880 Et
1296 1829 1785 1894 multiplicabuntur
1809 1846 1965 1896 super

388 1935 580 1977 terram
614 1922 711 1975 Dei
740 1924 795 1974 in
824 1937 996 1974 servos
1019 1930 1065 1973 et
1105 1921 1351 1974 ancillas.
1393 1921 1696 1988 ltuponitur
1728 1920 1809 1974 eis
1847 1936 1965 1974 ser-

383 2014 531 2067 vitus
573 2014 690 2068 loco
726 2010 1000 2066 beneﬁcii.
1053 2009 1122 2063 Et
1170 2020 1323 2064 erunt
1357 2011 1549 2077 captivi
1599 2009 1688 2079 qui
1730 2012 1962 2079 captivos

386 2116 628 2176 ceperant
655 2121 763 2159 eos.
795 2105 872 2157 Illi
906 2103 1124 2172 quidem
1170 2104 1458 2173 tyrannice
1489 2119 1583 2157 eos
1621 2103 1964 2170 abripiebant

386 2199 441 2252 in
468 2198 858 2266 captivitatem,
889 2196 1132 2250 devictos
1163 2205 1215 2248 et
1249 2210 1542 2262 oppressos
1576 2195 1823 2249 servituti
1850 2196 1967 2250 dia-

385 2289 492 2343 boli
526 2289 881 2352 addicentes;
917 2287 970 2341 hi
1006 2302 1135 2340 vero
1170 2286 1470 2341 clementer
1492 2297 1546 2341 et
1573 2288 1810 2341 humane
1846 2303 1965 2342 ser-

384 2383 615 2434 vitutem
655 2380 923 2444 subeunt,
973 2395 1039 2435 ex
1093 2379 1289 2432 diaboli
1334 2380 1619 2449 tyrannide
1654 2380 1720 2433 ad
1758 2378 1962 2435 Christi

344 2492 351 2503 ν
387 2472 704 2527 servitutem
736 2470 974 2524 adducti.
1007 2471 1193 2524 lsraeli
1219 2486 1347 2525 vero
1372 2471 1622 2525 Iiberalio
1646 2473 1793 2526 dune
1820 2474 1963 2527 illius

387 2560 665 2614 servitutis
695 2575 857 2628 quam
891 2560 1032 2627 apud
1066 2558 1392 2630 Babylonios
1418 2562 1703 2627 servierat,
1739 2565 1965 2632 promit-

391 2652 546 2717 titur,
577 2659 741 2719 alque
780 2651 1042 2706 invitatur
1075 2653 1141 2704 ad
1184 2652 1656 2717 misericordiam,
1693 2666 1751 2707 ut
1787 2654 1966 2725 lugeat

386 2739 680 2812 Babylonis
716 2756 917 2811 regem,
950 2756 1049 2795 nec
1076 2741 1301 2797 insultet
1332 2741 1449 2811 ejus
1485 2743 1684 2810 ruinzn,
1719 2747 1810 2799 sed
1839 2762 1962 2802 eum

388 2833 580 2886 deﬂeat
613 2843 865 2901 tanquam
900 2834 989 2900 qui
1023 2848 1210 2901 pcenas
1254 2835 1732 2891 commiseratione
1771 2847 1828 2892 et
1859 2839 1965 2893 mi-

389 2921 687 2976 sericordia
716 2921 907 2991 dignas
936 2923 1006 2976 sit
1031 2937 1309 2991 passurus.

456 3098 585 3154 9.78.
642 3098 806 3153 Vens.
835 3099 923 3162 i9,
953 3099 1042 3154 ‘20.
1110 3102 1563 3166 Quemadmodum
1604 3104 1964 3158 vestimentum

389 3195 647 3263 sanguine
671 3194 1005 3262 inquinatum
1028 3233 1043 3257 ,
1080 3211 1183 3247 non
1227 3206 1302 3248 est
1346 3197 1601 3249 mundum
1627 3213 1646 3251 :
1677 3200 1753 3251 ita
1800 3214 1963 3267 neque

388 3301 445 3341 tu
470 3288 572 3341 eris
598 3289 844 3340 mundus.
883 3288 1148 3352 Quoniam
1174 3299 1367 3341 terram
1393 3306 1560 3342 meam
1585 3291 1896 3358 perdidisti,
1921 3301 1967 3345 et

388 3379 642 3447 populum
674 3394 842 3430 meum
872 3378 1226 3447 interfecisti:
1250 3396 1353 3431 non
1378 3382 1610 3433 manebis
1636 3382 1689 3433 in
1712 3393 1966 3435 mternum

389 3481 608 3538 tempus.
659 3468 754 3523 lla:
794 3469 971 3523 adhuc
995 3481 1122 3524 sunt
1154 3470 1561 3526 lamentationis
1592 3483 1775 3540 partes
1804 3515 1818 3534 ,
1861 3488 1967 3541 qua

390 3574 503 3616 tum
553 3561 846 3633 Babylonis
886 3564 1177 3633 print-ops,
1221 3574 1331 3617 tum
1373 3579 1460 3618 res
1506 3565 1651 3618 illius
1680 3564 1965 3622 deﬂentur.

390 3653 750 3721 Posteaquam
797 3655 940 3705 enim
988 3651 1206 3706 Lucifer
1248 3668 1279 3706 e
1324 3655 1462 3708 coelo
1493 3654 1675 3721 lapsus
1714 3655 1767 3707 in
1807 3656 1970 3709 corde

391 3760 492 3800 suo
534 3745 668 3797 dixit
710 3766 720 3799 :
766 3744 1054 3798 Ascemlum
1088 3745 1142 3798 in
1177 3746 1380 3804 caelum.
1407 3763 1495 3799 ero
1518 3747 1710 3799 similis
1755 3746 1971 3801 Altissi-

392 3852 478 3890 mo
501 3835 569 3902 ⁸³,
600 3844 657 3888 ut
696 3847 1032 3899 compertum
1081 3836 1174 3888 liat
1212 3846 1267 3889 et
1306 3836 1643 3903 ettplnratutu
1668 3877 1683 3896 ,
1711 3849 1968 3906 quantum

394 3936 584 3981 sancto
616 3927 895 3981 dissimilis
923 3928 994 3980 sit
1026 3927 1072 3980 is
1097 3966 1113 3992 ,
1148 3928 1237 3995 qui
1269 3929 1416 3981 omni
1451 3928 1713 3997 spurcitia
1740 3939 1793 3983 et
1821 3930 1972 3983 caede

394 4026 479 4073 est
516 4019 956 4080 contaminatus,
1008 4019 1332 4073 vestimento
1371 4030 1721 4088 comparatur
1764 4040 1778 4075 :
1829 4020 1971 4087 quod

394 4120 657 4179 quantum
707 4110 772 4163 ad
815 4110 982 4178 ipsius
1030 4119 1281 4162 naturam
1320 4111 1550 4177 attinet,
1594 4112 1660 4163 ad
1695 4112 1971 4164 hominum

397 4213 650 4256 ornatum
692 4203 1000 4269 coniicitur,
1036 4202 1297 4271 sed_quia
1340 4204 1679 4271 inquinatum
1719 4214 1804 4257 est
1843 4219 1971 4257 san-

397 4294 594 4364 guine,
636 4310 741 4347 nan
782 4294 1012 4365 amplius
1040 4295 1157 4348 usui
1187 4295 1278 4347 ulli
1314 4295 1548 4348 humano
1575 4295 1971 4349 accommodari

2056 445 2154 498 ἐπὶ
2179 444 2289 513 τῆς
2316 444 2429 515 γῆς
2456 442 2685 499 αὐτῶν·
2727 447 2832 516 γῆς
2853 448 3087 519 ἐκείνης,
3129 449 3256 519 περὶ
3286 444 3356 521 ἦς
3393 451 3625 520 εἴρηται
3653 466 3681 482 ο

2054 536 2347 605 Μακάριοι
2398 540 2453 591 οἱ
2496 539 2722 607 πραεῖς,
2770 538 2859 592 ὅτι
2902 540 3069 592 αὐτοὶ
3112 540 3687 609 κληρονομήσουσι

2056 630 2173 697 τὴν
2207 629 2325 700 γῆν
2349 647 2363 661 ·
2403 632 2525 701 ἥτις
2563 632 2663 685 οὐκ
2709 631 2824 684 ἔστι
2853 632 3017 703 μέρος
3056 633 3261 702 ταύτης
3292 634 3392 704 τῆς
3420 634 3527 703 γῆς
3548 633 3685 705 τῆς

2059 723 2165 776 ὑπὸ
2198 724 2444 794 κατάραν
2477 724 2851 795 γεγενημένης
2871 741 2885 755 ·
2922 727 2988 796 ἣν
3018 726 3075 776 ὲν
3099 724 3297 785 λύπαις
3334 726 3502 779 ἐσθίει
3540 726 3683 779 πά-

2060 832 2158 880 σας
2188 814 2287 879 τὰς
2318 816 2530 886 ἡμέρας
2561 815 2661 886 τῆς
2701 814 2846 885 ζωῆς
2888 815 3050 869 αὐτοῦ
3090 818 3117 869 6
3155 817 3525 888 ἐργαζόμενος
3558 819 3683 872 αὐ-

2058 908 2178 977 τήν.
2205 907 2644 978 Προστεθήσεται
2673 907 2729 960 δὲ
2759 909 2854 960 καὶ
2884 910 2912 961 6
2932 908 3171 979 γειώρας
3192 909 3270 980 τῷ
3305 908 3517 971 Ἰακὼϐ,
3551 911 3680 964 καὶ

2059 997 2137 1068 τῷ
2169 997 2404 1068 Ἰσραὴλ,
2439 998 2845 1068 ἀναπαυομένῳ
2866 999 2959 1052 ἐπὶ
2986 1001 3086 1070 τῆς
3113 1001 3217 1068 γῆς
3239 1000 3421 1054 αὑτοῦ.
3467 1002 3525 1054 Ὀ
3558 1018 3685 1055 πε-

2063 1089 2118 1160 ρὶ
2153 1088 2251 1159 τὴν
2282 1089 2386 1158 γῆν
2425 1087 2864 1158 διαπονούμενος,
2897 1090 2925 1143 ὁ
2973 1092 3313 1161 προσήλυτος
3346 1088 3501 1154 οὗτος
3528 1081 3676 1149 (50)

2062 1182 2208 1234 ἐστιν
2242 1181 2270 1232 ὁ
2297 1178 2553 1251 γειώρας.
2584 1180 2739 1250 Τάχα
2770 1173 2925 1243 οὗτος
2950 1183 3098 1235 ἐστιν
3134 1185 3163 1235 ὁ
3198 1182 3256 1248 ἐξ
3290 1163 3460 1237 ὲθνῶν
3494 1183 3672 1247 λαὸς,

2060 1275 2089 1326 6
2140 1271 2564 1344 προστιθέμενος
2608 1272 2687 1343 τῷ
2728 1272 2941 1335 Ἰακὼϐ,
2989 1273 3048 1325 ὃν
3087 1274 3323 1343 γειὼραν
3368 1276 3401 1345 ἡ
3451 1276 3674 1347 Γραφὴ

2062 1363 2476 1434 προσαγορεύει,
2532 1358 2644 1417 οἷον
2692 1364 2956 1435 πάροικον
2995 1366 3089 1418 καὶ
3129 1365 3465 1436 προσήλυτον
3493 1367 3670 1421 ὄντα.

2060 1456 2366 1528 Εὑεργεσία
2397 1456 2453 1509 δὲ
2494 1459 2608 1520 τοῖς
2637 1456 3047 1529 ὑποδεεστέροις
3083 1458 3176 1511 καὶ
3202 1459 3391 1529 ἄρχειν
3434 1458 3675 1513 ἑαυτῶν

2067 1550 2140 1620 μὴ
2172 1548 2575 1618 ἐπισταμένοις,
2633 1549 2694 1601 τὸ
2723 1548 2995 1602 δουλεύειν
3036 1552 3150 1613 τοῖς
3191 1551 3311 1603 κατ’
3336 1552 3679 1622 ἐπιστήμην

2066 1641 2311 1710 ἄρχουσι.
2350 1640 2547 1711 Διόπερ
2569 1640 2626 1693 ἐν
2652 1640 2923 1709 εὐλογίαις
2948 1640 3160 1711 εἴρηται
3190 1641 3266 1711 τῷ
3301 1642 3471 1695 Ἡσαῦ
3495 1660 3509 1673 ·
3538 1643 3678 1697 Καὶ

2065 1728 2146 1796 τῷ
2166 1730 2403 1799 ἀδελφῷ
2426 1747 2543 1784 σου
2564 1729 2937 1796 δουλεύσεις.
2971 1730 3142 1783 Τοῦτο
3168 1726 3261 1784 οὖν
3288 1731 3487 1784 ἔστιτὸ
3513 1731 3676 1803 (51),

2064 1821 2175 1875 Καὶ
2225 1821 2755 1889 πληθυνθήσονται
2801 1820 2900 1873 ἐπὶ
2940 1819 3051 1888 τῆς
3083 1818 3193 1890 γῆς
3234 1821 3340 1874 τοῦ
3381 1822 3533 1875 Θεοῦ
3564 1824 3680 1888 εἰς

2065 1912 2324 1979 δούλους
2364 1913 2461 1965 καὶ
2494 1912 2738 1978 δούλας.
2787 1912 2925 1964 Ἀντ’
2974 1911 3292 1984 εὐεργεσίας
3329 1913 3677 1983 πρόσκειται

2066 2005 2249 2068 αὐτοῖς
2278 2005 2340 2057 τὸ
2369 2003 2659 2057 δουλεύειν.
2690 2004 2798 2057 Καὶ
2825 2003 3069 2057 ἔσονται
3107 2006 3160 2057 οὶ
3187 2004 3553 2074 αἰχμάλωτοι
3602 2008 3674 2059 οἱ

2064 2096 2659 2164 σιίχμαλωτεύοναντες
2679 2096 2919 2160 αὐτούς.
2946 2096 3009 2147 υἱ
3040 2095 3138 2165 μὲν
3159 2095 3499 2167 τυραννικῶς
3518 2091 3676 2166 ἦγον

2066 2189 2147 2250 είς
2171 2186 2571 2257 αἰχμαλωσίαν,
2594 2189 2661 2257 τῇ
2691 2186 2907 2257 δουλείᾳ
2931 2187 3025 2240 τοῦ
3050 2187 3298 2241 διαϐόλου
3327 2187 3676 2242 ὑποϐάλλον-

2063 2296 2156 2342 τες
2188 2278 2316 2341 τοὺς
2349 2277 2788 2348 κρατουμένους·
2833 2279 2883 2331 οἱ
2917 2277 2974 2330 δὲ
3007 2277 3402 2348 φιλανθρώπως
3443 2278 3673 2332 ἀνθυπ-

2066 2373 2289 2439 άγονται
2327 2374 2392 2442 τῇ
2422 2370 2789 2442 αἰχμαλωσίᾳ,
2837 2372 2900 2423 ὲκ
2934 2371 3032 2441 τῆς
3061 2370 3372 2441 τυραννίδος
3416 2370 3512 2423 τοῦ
3548 2371 3673 2424 δια-

2067 2463 2225 2516 δόλου
2249 2465 2317 2534 τῇ
2341 2462 2556 2533 δουλείᾳ
2590 2460 2684 2514 τοῦ
2712 2460 2948 2533 Χριστοῦ
2984 2461 3409 2533 προσαγόμενοι.
3453 2462 3672 2530 Ἐπαγ-

2066 2554 2224 2624 γελία
2272 2554 2329 2607 δὲ
2379 2552 2458 2623 τῷ
2515 2552 2749 2625 Ἰσραὴλ,
2788 2552 3074 2622 ἀπαλλαγὴ
3111 2553 3209 2623 τῆς
3260 2553 3509 2617 δουλείας
3557 2553 3667 2625 τῆς

2069 2648 2332 2718 σκληρᾶς,
2387 2642 2456 2717 ἧς
2504 2646 2617 2704 (32)
2674 2645 2952 2718 ἐδούλευσε
3001 2648 3115 2709 τοῖς
3147 2644 3532 2709 Βαϐυλωνίοις,
3562 2646 3669 2702 καὶ

2066 2738 2350 2811 προτροπὴ
2377 2741 2457 2801 εἰς
2490 2736 2913 2808 εὐσπλαγχνίαν,
2950 2736 3089 2789 ὥστε
3118 2736 3301 2788 λαϐεῖν
3334 2736 3427 2788 τὸν
3458 2736 3669 2808 θρῆνον

2066 2833 2159 2885 ἐπὶ
2188 2832 2280 2884 τὸν
2311 2830 2531 2901 βασιλέα
2554 2830 2894 2895 Βαϐυλῶνος,
2925 2830 3019 2882 καὶ
3050 2828 3125 2901 μὴ
3154 2830 3464 2900 ἐπιχαίρειν
3487 2828 3665 2883 αὐτοῦ

2066 2924 2144 2994 τῷ
2177 2923 2451 2994 πτώματι,
2484 2923 2620 2977 ἀλλὰ
2641 2920 2857 2996 θρηνεῖν
2885 2922 3049 2975 αὐτὸν
3078 2923 3153 2985 ὡς
3172 2921 3356 2975 οἴκτου
3385 2922 3480 2974 καὶ
3503 2920 3663 2974 ἐλέου

1994 3046 2036 3102 C
2069 3015 2195 3079 ἄξια
2223 3031 2291 3067 πε
2299 3013 2549 3067 πονθὸτα.

2139 3107 2265 3161 278.
2306 3108 2414 3159 Ὃν
2464 3105 2687 3173 τρόπον
2729 3102 2962 3173 Ιμάτιον
3002 3102 3072 3156 ἐν
3113 3102 3313 3170 αἵματι
3352 3100 3666 3170 περυρμέο

2066 3216 2179 3253 νον
2229 3202 2340 3252 οὐκ
2365 3199 2497 3251 ἔστι
2525 3197 2820 3264 καθαρόν·
2858 3196 3047 3260 οὕτως
3090 3192 3233 3247 οὐδὲ
3269 3192 3351 3247 σὺ
3393 3193 3515 3261 ἔσῃ
3551 3209 3665 3246 κα-

2070 3294 2265 3359 θαρός.
2300 3292 2452 3343 Διότι
2476 3289 2590 3357 τὴν
2612 3288 2729 3358 γῆν
2743 3307 2861 3358 μου
2885 3288 3227 3353 ἀπώλεσας,
3251 3286 3347 3340 καὶ
3372 3286 3482 3339 τὸν
3501 3285 3667 3340 λαόν

2064 3401 2183 3453 μου
2235 3381 2620 3446 ἀπέκτεινας·
2679 3383 2750 3433 οὺ
2804 3379 2890 3449 μὴ
2935 3381 3151 3449 μείνῃς
3206 3382 3293 3444 είς
3330 3379 3440 3432 τὸν
3469 3378 3667 3434 αἰῶνα

2071 3473 2310 3542 χρόνον.
2356 3473 2475 3524 Ἔτι
2516 3471 2655 3542 μέρη
2680 3470 2878 3541 θρήνου
2913 3471 3025 3539 (55)
3059 3471 3206 3523 ἐστὶν
3233 3472 3311 3533 εἰς
3340 3469 3431 3522 τὸν
3458 3469 3670 3542 ἄρχον-

2070 3582 2137 3618 τα
2176 3564 2509 3628 Βαϐυλῶνος,
2536 3566 2629 3617 καὶ
2660 3565 2728 3618 τὰ
2764 3564 2999 3617 ἐκείνου.
3050 3563 3266 3634 Ἐπειδὴ
3302 3564 3408 3635 γὰρ
3440 3560 3598 3616 εἶπεν
3638 3565 3671 3619 ὁ

2073 3654 2318 3709 ἐκπεσὼν
2349 3655 2456 3708 ἀπὸ
2485 3655 2578 3708 τοῦ
2619 3654 2849 3725 οὐρανοῦ
2890 3655 3218 3727 Ἑωσφόρος,
3267 3658 3325 3708 ὲν
3357 3657 3423 3726 τῇ
3458 3655 3670 3727 καρδίᾳ

2073 3746 2276 3801 αὑτοῦ·
2346 3746 2737 3815 Ἇναϐήσομαι
2800 3749 2889 3812 εἰς
2947 3746 3055 3799 τὸν
3104 3745 3384 3816 οἰιοανὸν,
3446 3748 3671 3816 ἔσομαι

2075 3839 2274 3907 ὅμοιος
2322 3837 2402 3904 τῷ
2437 3840 2720 3907 ἠρ-ἴστω·
2771 3839 2857 3893 ἵνα
2898 3838 3081 3909 δειχθῇ
3126 3839 3291 3891 πόσον
3320 3838 3513 3908 ἀπέχει
3550 3837 3670 3909 (Si)

2074 3932 2172 4001 τῆς
2198 3930 2331 4002 πρὸς
2365 3930 2453 3983 τὸν
2487 3930 2641 3998 ἅγιον
2673 3928 2986 4000 ὁμοιώσεως
3015 3932 3042 3983 6
3071 3931 3129 3981 ὲν
3158 3929 3306 4001 πάσῃ
3352 3929 3675 4003 ἀκαθαρσίᾳ

2077 4023 2170 4075 καὶ
2207 4022 2488 4093 μιαιφονίᾳ
2524 4023 3040 4093 κατερρυπωμένος,
3085 4022 3285 4091 ἱματίῳ
3316 4021 3672 4091 παραϐάλλε-

2075 4130 2186 4176 ται,
2211 4114 2334 4166 ὅσον
2366 4114 2458 4166 ἐπὶ
2475 4116 2541 4184 τῇ
2569 4111 2761 4167 ἑαυτοῦ
2794 4112 2974 4178 φύσει,
3010 4114 3088 4175 εἰς
3130 4111 3334 4181 κόσμον
3367 4110 3667 4183 ἀνθρώπου

2079 4203 2452 4275 πεποιημένῳ,
2507 4203 2593 4256 διὰ
2639 4203 2697 4256 δὲ
2735 4202 2794 4255 τὸ
2839 4203 3150 4274 ἐμφυρῆναι
3193 4203 3404 4271 αἵματι,
3466 4203 3672 4274 μηκέτι

2078 4296 2359 4366 δυναμένῳ
2382 4298 2462 4358 εἰς
2483 4295 2677 4368 χρῆσιν
2702 4294 3049 4365 ἀνθρωπίνην
3080 4292 3485 4365 παραδεχθῆναι
3526 4293 3667 4361 (55).

398 4395 596 4456 potest.
632 4385 709 4440 Ex
744 4387 845 4439 hoc
871 4386 1045 4455 palam
1078 4396 1184 4448 est,
1213 4386 1511 4456 malignum
1543 4386 1691 4440 illum
1724 4404 1826 4441 non
1852 4403 1968 4443 esse

2130 4391 2184 4444 Ξκ
2210 4387 2398 4441 τούτου
2422 4388 2600 4459 δῆλον,
2642 4388 2723 4440 ὅτι
2763 4388 2864 4440 οὐκ
2901 4389 2958 4440 ἐν
2991 4389 3057 4458 τῇ
3095 4388 3409 4456 κατασκευῇ
3442 4383 3503 4436 τὸ
3533 4384 3671 4436 ἀκά-

398 4475 732 4529 innnundum
766 4477 836 4528 ob
866 4475 1258 4545 supellectilem
1292 4485 1346 4528 et
1370 4490 1522 4542 opes,
1557 4476 1650 4529 sed
1676 4477 1817 4543 quod
1847 4493 1974 4531 san-

401 4564 563 4634 guine
598 4564 845 4633 perfusus
881 4566 990 4628 sit,
1035 4565 1234 4634 quippe
1282 4563 1373 4632 qui
1415 4564 1710 4633 perdiderit
1758 4564 1971 4620 Domini

404 4667 629 4720 terram,
659 4655 1024 4726 populumque
1045 4672 1140 4726 per
1162 4666 1439 4725 peccatum
1473 4655 1827 4712 interemerit.
1854 4657 1973 4714 Jam

2075 4480 2271 4551 θαρτον
2310 4479 2422 4551 ἕχει
2457 4481 2486 4533 ὁ
2530 4478 2783 4551 πονηρὸς,
2818 4479 2932 4533 ἀλλ’
2963 4480 3152 4551 ἐπειδὴ
3182 4478 3417 4550 ἐνεφύρη
3446 4476 3665 4546 αἵματι,

2073 4573 2175 4645 τὴν
2206 4573 2307 4643 γῆν
2337 4571 2605 4636 ἀπολέσας
2633 4571 2727 4624 τοῦ
2761 4571 2987 4644 Κυρίου,
3021 4573 3115 4625 καὶ
3135 4569 3224 4623 τὸν
3247 4569 3374 4623 λαὸν
3397 4568 3503 4640 (56)
3533 4570 3671 4622 ἀποο

2083 4664 2299 4729 κτείνας
2331 4662 2420 4716 διὰ
2448 4663 2545 4734 τῆς
2571 4664 2865 4737 ἁμαρτιας.
2908 4663 3047 4736 Ἤδη
3099 4662 3194 4716 καὶ
3227 4660 3458 4733 ἀλλαχοῦ
3504 4659 3674 4730 ἐγνω-

499 4834 737 4889 °Matth.
814 4849 865 4898 ν,
891 4835 947 4888 4.
1024 4833 1068 4866 “
1105 4832 1240 4889 Gen.
1273 4851 1366 4899 ιιι,
1404 4834 1488 4892 l7.
1563 4833 1608 4867 δ’
1637 4835 1772 4891 Gen.
1814 4852 1959 4892 xxvn

2189 4837 2241 4870 δ’
2264 4837 2369 4893 lsa.
2412 4851 2523 4905 ειν,
2578 4837 2665 4893 14.

480 5033 595 5106 (29)
637 5034 791 5106 Coll).
824 5034 1110 5106 secundus,
1144 5033 1325 5106 τολος.

484 5104 597 5175 (50)
631 5104 721 5159 Sic
746 5114 971 5172 uterque
1009 5104 1255 5159 Combtf.
1286 5121 1407 5158 cum
1445 5105 1564 5158 aliis
1601 5106 1791 5157 tribus.
1822 5105 1986 5175 Edili,

414 5170 597 5239 αὺτὸςζ
642 5176 752 5229 Nec
792 5170 1071 5229 ita‘tnulto
1118 5175 1262 5228 iul'ra
1306 5176 1520 5229 codices
1566 5176 1824 5244 quinque,
1877 5170 1989 5229 οἷον

413 5250 695 5320 πάροικον.
732 5246 895 5320 Ειιίιί,
916 5245 1102 5320 οἱονεί.

485 5313 598 5389 (51)
632 5318 861 5389 Codices
893 5318 1019 5389 duo,
1065 5313 1289 5389 ξστιτό.
1336 5313 1492 5368 Deest
1521 5314 1583 5367 τό
1614 5314 1666 5366 in
1707 5314 1990 5389 pervulga-
2020 5327 2039 5351 ν

414 5383 507 5442 tis.
550 5383 747 5440 Ibidem
775 5387 926 5448 editi,
959 5386 1414 5455 πληθυνθήσεται.
1446 5389 1517 5437 At
1555 5398 1712 5450 mss.,
1754 5383 1987 5454 πληθυν⁶

415 5458 698 5530 θήσονταιἲ
721 5457 959 5510 Suhiude
987 5467 1096 5511 tres
1123 5472 1274 5523 mss.,
1305 5456 1643 5528 πρόσκειται.
1669 5455 1774 5509 Alii
1804 5457 1908 5510 duo
1933 5464 1989 5510 et

415 5527 565 5593 editi,
596 5527 898 5593 πρόκειται.

513 5587 602 5671 ζῇ)
639 5587 734 5671 §ie
757 5596 1057 5671 t_nss._Edit_i
1083 5611 1244 5671 vero._

515 5667 606 5733 33)
638 5666 801 5733 Editi,
825 5665 919 5720 τοῦ
956 5666 1176 5738 θρήνου.
1218 5665 1491 5727 A'r'ticulus
1518 5668 1571 5727 in
1601 5686 1731 5730 mss.
1757 5683 1865 5727 non
1898 5668 1981 5726 inc

2092 5039 2325 5093 venitur.

2165 5110 2276 5180 (5i)
2312 5109 2451 5164 Editi
2486 5119 2539 5164 et
2587 5109 2720 5179 Reg.
2759 5105 3277 5180 secundus,6ném.
3303 5105 3667 5180 ΔΑιίίψιιιιιιοι·

2093 5177 2492 5250 ιιιεε.,’ἀπέχει.
2518 5177 2708 5234 Statim
2740 5181 2844 5231 duo
2869 5194 3021 5237 mss...
3044 5177 3353 5249 ἀκαθαρσίᾳ
3372 5179 3464 5230 καὶ
3490 5180 3664 5249 ἁμαρσ

2090 5248 2202 5320 τίᾳ,
2226 5248 2477 5320 spurcitia
2510 5262 2555 5303 et
2577 5261 2786 5319 precata
2809 5250 3135 5319 inquinatus.

2165 5315 2277 5387 (55)
2314 5319 2491 5373 Nostri
2537 5315 2774 5388 quinque
2823 5315 2940 5371 libri
2976 5330 3203 5383 vett-tes,
3239 5315 3658 5387 πσραδεχϐἢναι.

2092 5388 2257 5462 Editi,
2300 5389 2758 5462 παραληφθῆναι·
2797 5391 2935 5456 quod
2973 5389 3111 5462 quin
3145 5388 3404 5456 optimum
3442 5404 3532 5450 sn,
3568 5400 3662 5438 nun

2095 5459 2280 5535 dubito
2301 5458 2440 5535 ;__sed
2473 5458 2939 5535 untle'stunptum,
2969 5458 3173 5535 nescio.
3433 5525 3447 5535 _
3475 5534 3481 5535 γ

2167 5529 2277 5600 (56)
2309 5530 2397 5584 Sic
2423 5543 2646 5600 uterque
2669 5525 2914 5586 Combcf.
2936 5536 2989 5584 et
3015 5528 3107 5583 alii
3132 5537 3244 5585 tres
3267 5540 3396 5583 mss.
3417 5525 3490 5580 Δι
3518 5525 3659 5585 editi.

2093 5599 2299 5655 Κυοίου
2332 5600 2423 5657 τὸν
2444 5599 2568 5657 λαὸν
2597 5600 2710 5657 καί.
