3810 6214
129 297 273 353 609

1013 288 1365 352 COMMENT.
1406 293 1472 351 IN
1511 294 1745 351 ISAIAM
1778 292 2224 352 PROPHETAM.
2263 295 2414 354 CAP.
2457 297 2595 355 XIV.

3343 308 3450 369 610

137 434 271 488 μεν
315 413 537 486 ἱματίῳ
567 426 666 485 την
705 411 1051 483 ἀνθρωπίνην
1102 429 1265 482 φυσιν
1310 412 1730 485 παρεικαζομέντ

1880 424 1935 468 et
1965 415 2072 469 alio
2108 415 2161 469 in
2202 415 2322 471 loco
2367 418 2659 471 humanam
2702 433 2948 475 naturam
2991 422 3060 477 ab
3092 424 3282 481 eodem
3317 442 3446 497 pro-

136 508 260 562 ὑπ’
305 506 490 560 αὐτοῦ
522 506 633 578 (57)
662 504 755 559 τοῦ
785 507 1083 576 προφήτου,
1107 505 1353 573 λέγοντος
1378 505 1510 577 πρὸς
1536 507 1659 572 τοὺς
1681 524 1778 559 πε-

140 596 611 667 παλαιωμένους
644 595 732 648 διὰ
759 596 858 665 τῆς
887 594 1115 658 κακίας⁸
1161 594 1305 648 ’.δοὺ
1335 594 1554 662 πάντες
1584 596 1773 665 ὑμεῖς,

141 687 244 752 ὡς
264 687 537 755 ,ἱμάτιον
562 684 1074 750 παλαιωθήσεσθε,
1108 685 1205 738 καί
1231 685 1352 752 σὴς
1379 684 1776 755 καοαφάγεται

139 777 363 847 ὑμᾶς.
394 777 558 849 Δεινὴ
587 778 647 831 δὲ
684 778 717 848 ή
742 776 962 848 ἀπειλὴ,
996 777 1058 830 τὸ
1087 776 1220 847 μηδέ
1243 778 1323 840 εἰς
1346 776 1568 848 ὕστερον
1599 777 1774 830 καθα-

149 870 263 938 ρὸν
306 868 562 922 ἑσεσθαι.
608 868 665 921 '0
686 868 783 938 μὲν
814 868 921 938 γὰρ
947 870 1004 920 ἐν
1035 868 1281 939 ἁμαρτίᾳ
1300 868 1405 921 τινί
1430 870 1773 940 πεφυρμένος

145 959 268 1030 τὴν
316 961 426 1030 μὲν
466 962 546 1023 είς
574 960 633 1014 τὸ
658 960 831 1031 παρὸν
864 959 1211 1030 καθαρότητα
1244 958 1555 1024 ἀποϐάλλει,
1590 962 1688 1030 τῆς
1715 961 1773 1014 δὲ

149 1055 248 1115 εἰς
299 1052 370 1105 τὸ
410 1052 603 1123 μέλλον
636 1054 702 1107 ἐκ
736 1052 1022 1124 μετανοίας
1050 1052 1409 1123 ἐλπιζομένης
1454 1052 1771 1125 καθάρσεως

150 1142 270 1195 οὐκ
313 1143 730 1215 ἀποστερεῖται.
769 1140 1028 1196 Ἐνταῦθα
1072 1142 1129 1194 δὲ
1170 1143 1442 1211 ἀπόφασις
1474 1143 1767 1208 παντελῶς,

149 1232 223 1285 τὸ
251 1233 410 1302 μηδέ
444 1235 523 1295 είς
553 1232 775 1303 ὕστερον
808 1231 1024 1284 ἔσεσθαι
1053 1233 1308 1304 καθαρὸν,
1345 1233 1530 1304 ἐπειδὴ
1559 1234 1771 1304 πεφυρ-

149 1341 259 1377 ται
308 1325 376 1376 ἐν
414 1323 495 1394 τῷ
538 1324 727 1393 αἵματι
771 1324 865 1377 τοῦ
909 1322 1038 1376 λαοῦ
1068 1324 1162 1377 τοῦ
1189 1325 1343 1390 Θεοῦ,
1389 1324 1449 1377 ὃν
1497 1326 1767 1398 ἐνέκρωσε

150 1413 257 1467 διὰ.
316 1413 428 1484 τῆς
484 1413 785 1483 παρακοῆς,
836 1411 1120 1482 ὑποσύρων
1180 1411 1341 1465 αὐτὸν
1402 1413 1495 1465 ἐπὶ
1540 1413 1639 1484 τὴν
1670 1431 1769 1467 κα-

153 1503 325 1557 κίαν.

233 1602 379 1658 279.
419 1602 573 1673 Τάχα
600 1600 730 1674 γὰρ,
764 1602 869 1674 πρὸ
894 1601 988 1656 τοῦ
1025 1601 1308 1675 κτισθῆναι
1329 1603 1422 1656 τὸν
1455 1603 1760 1676 ἄνθρωπον,

150 1693 344 1757 τόπος
373 1710 460 1757 τις
490 1694 776 1764 μετανοίας
803 1694 897 1746 καὶ
923 1692 998 1763 τῷ
1030 1693 1258 1763 διαϐόλῳ
1287 1692 1624 1755 ὑπελείπετο,
1664 1695 1757 1747 καὶ

155 1782 406 1835 ἐδύνατο
461 1785 490 1835 ὁ
546 1784 735 1851 τῦφος,
788 1784 836 1836 εί
885 1784 979 1836 καὶ
1018 1784 1372 1854 ἀρχαιότερον
1411 1779 1479 1854 ἦν
1523 1784 1754 1855 νόσημα,

152 1873 324 1944 ὅμως
348 1873 438 1925 διὲ
476 1873 759 1943 μετανοίας
784 1873 973 1926 ἐαυτὸν
998 1873 1352 1944 ἐξιασαμένου
1380 1873 1756 1944 θεραπευθεὶς,

154 1966 626 2035 ἀποκαταστῆσαι
653 1963 814 2017 αὐτὸν
839 1966 920 2028 είς
950 1963 1012 2017 τὸ
1043 1963 1295 2035 ὲξαρχῆς.
1340 1966 1456 2035 Ἀφ’
1490 1958 1551 2018 οὗ
1578 1967 1635 2020 δὲ
1662 1966 1757 2020 τοῦ

156 2057 386 2126 κόσμου
407 2058 441 2126 ἡ
464 2055 794 2126 κατασκευὴ.
819 2057 913 2109 καὶ
936 2055 1263 2127 παραδείσου
1300 2057 1492 2125 φυτεία
1525 2060 1633 2127 (58)
1665 2059 1759 2112 καὶ

157 2148 463 2218 ἄνθρωπος
493 2149 551 2198 ἐν
584 2145 752 2217 αὐτῷ,
791 2148 883 2200 καὶ
919 2146 1102 2217 ἐντολὴ
1134 2146 1289 2211 Θεοῦ,
1326 2150 1419 2201 καὶ
1440 2148 1630 2218 φθόνος
1661 2150 1754 2204 τοῦ

161 2239 447 2303 διαϐόλου,
480 2240 574 2292 καὶ
600 2238 757 2307 φόνος
779 2236 872 2290 τοῦ
902 2238 1285 2309 τετιμημένου,
1314 2239 1644 2313 ἀπεκλείσθη
1667 2243 1757 2295 αὑ-

159 2332 245 2404 τῷ
275 2333 375 2386 καὶ
404 2334 433 2385 ὁ
462 2333 625 2394 τόπος
651 2331 753 2400 τῆς
786 2331 1090 2401 μετανοίας.
1124 2332 1185 2384 Ei
1221 2331 1330 2402 γὰρ
1374 2331 1543 2387 Ἡσαῦ
1590 2351 1756 2404 μετα-

162 2425 319 2488 νοίας
356 2424 522 2476 τόπον
543 2423 642 2493 οὐχ
670 2418 815 2493 εὗρε,
836 2423 904 2476 τὰ
919 2423 1259 2495 πρωτοτόκια
1286 2425 1635 2496 ἀποδόμενος,
1670 2427 1754 2491 τίς

159 2516 336 2579 τόπος
369 2513 722 2571 ὑπελείπεται
761 2515 1045 2586 μετανοίας
1089 2516 1165 2587 τῷ
1204 2516 1294 2571 τδν
1333 2518 1752 2589 πρωτόπλαστον

164 2608 556 2663 ἀποκτείναντι
586 2607 890 2679 ἄνθρωπον,
933 2609 1025 2662 καὶ
1058 2609 1124 2661 δι’
1153 2609 1360 2662 ἐκείνου
1402 2610 1492 2663 τὸν
1526 2609 1750 2665 θάνατον

165 2697 533 2767 εἰσενεγκόντι
562 2696 702 2769 (59);
734 2697 868 2749 Φασὶ
895 2696 951 2749 δὲ
983 2697 1074 2750 καὶ
1101 2696 1191 2751 τὸν
1217 2699 1280 2750 ἐκ
1306 2694 1399 2750 τοῦ
1431 2697 1626 2769 λύθρου
1655 2699 1749 2753 τοῦ

168 2788 512 2860 ἀνθρωπίνου
546 2787 893 2858 ἐγγινόμενον
940 2788 1125 2841 σπῖλον
1171 2787 1250 2859 τῷ
1302 2790 1520 2861 ἱματίῳ.
1561 2791 1751 2861 μηδενὶ

167 2880 358 2950 τρόπῳ
388 2878 646 2932 δύνασθαι
670 2877 1102 2945 ἀποπλύνασθαι,
1133 2879 1266 2934 ἀλλά
1291 2883 1573 2953 συγγηρᾷν
1601 2883 1749 2955 αὐτῷ

168 2971 269 3042 τὴν
318 2969 467 3036 ἆπαξ
506 2971 868 3041 ἐγγενομένην
911 2973 974 3025 ὲκ
1001 2971 1098 3042 τῆς
1143 2972 1201 3024 ἐν
1240 2972 1318 3043 τῷ
1343 2972 1536 3043 αἵματι
1572 2974 1748 3047 βαφῆς

1877 503 2036 571 pheta
2065 519 2187 558 cum
2220 506 2544 560 vestimento
2570 505 2819 561 collatam
2852 508 3017 565 fuisse
3046 513 3318 584 novimus,
3350 519 3440 572 ubi

1876 594 2129 649 videlicet
2151 597 2407 651 adversus
2428 612 2522 651 eos
2545 599 2638 667 qui
2663 599 2714 652 in
2740 599 2942 654 malitia
2970 602 3253 660 inveterati
3279 619 3438 675 sunt,

1875 684 1984 739 ait:
2019 683 2156 740 Ecce
2181 703 2355 742 omnes
2372 704 2482 752 vos,
2503 701 2555 742 ut
2590 691 2942 744 vestionentnm
2962 693 3368 761 inveterascelis,
3391 709 3442 754 et

1875 776 2014 831 tinea
2050 781 2281 832 comedet
2313 795 2400 833 vos
2424 778 2488 834 “.
2517 781 2613 835 Est
2645 792 2823 835 autem
2855 783 3032 851 gravis
3054 788 3400 844 comminatio
3421 830 3437 856 ,

1874 867 2009 934 fore,
2032 882 2088 923 nt
2107 874 2243 926 nein
2265 882 2537 943 posterum
2567 876 2783 944 quidem
2812 878 3124 943 mandetur.
3160 879 3261 945 Qui
3292 882 3440 939 enim

1874 958 2427 1028 inquinaturpecoato
2456 964 2657 1033 aliquo,
2682 977 2997 1032 praesentem
3026 968 3243 1036 quidem
3278 974 3440 1028 amit-

1875 1051 1938 1104 tit
1971 1054 2331 1119 munditiam,
2395 1057 2488 1110 sed
2536 1057 2840 1124 expiatione
2885 1074 3004 1130 qua:
3043 1063 3299 1133 deinceps
3343 1081 3441 1135 per

1868 1143 2245 1209 paenitentiam
2270 1154 2545 1211 speratur,
2564 1161 2905 1214 nequaquam
2933 1162 3104 1207 Caret.
3135 1152 3232 1208 llic
3253 1165 3435 1210 autem

1869 1231 2026 1298 plane
2051 1237 2384 1301 pronuntiat,
2412 1252 2531 1290 eum
2564 1252 2630 1291 ne
2655 1239 2706 1290 in
2733 1251 3006 1307 posterqu
3038 1243 3255 1309 quidem
3283 1262 3439 1300 mun-

1868 1319 1993 1374 dqu
2025 1320 2159 1385 fore,
2196 1337 2316 1375 cum
2348 1325 2417 1377 sit
2446 1324 2757 1392 inquinatus
2786 1329 3051 1397 sanguine
3088 1333 3267 1400 populi
3300 1335 3432 1389 Dei:

1867 1424 2023 1477 quem
2071 1412 2137 1463 ad
2182 1412 2442 1466 malitiam
2487 1415 2818 1482 adductum,
2865 1431 2961 1486 per
3008 1418 3436 1476 inobedieutiam

1866 1501 2026 1554 morti
2056 1502 2297 1558 tradidit.

1933 1592 2060 1646 279.
2114 1592 2277 1648 Forte
2320 1593 2498 1659 enim,
2546 1594 2867 1665 priusquam
2919 1608 3198 1655 crearetur
3230 1601 3433 1667 homo,

1865 1692 2151 1750 supererat
2179 1684 2259 1736 vel
2289 1683 2387 1752 ipsi
2414 1685 2626 1739 diabolo
2660 1687 2858 1757 aliquis
2891 1691 3225 1757 pmuitentite
3258 1693 3431 1750 locus.

1789 1748 1833 1808 Β
1862 1775 2038 1840 Atque
2065 1776 2316 1840 superbia
2345 1776 2455 1839 illa,
2478 1777 2695 1832 etiamsi
2726 1778 2868 1834 foret
2899 1783 3118 1837 morbus
3147 1781 3307 1854 592
3339 1801 3432 1841 ve—

1864 1865 2212 1926 tustissimus.
2243 1865 2288 1920 si
2320 1878 2498 1919 tamen
2527 1871 2593 1920 ab
2623 1869 2739 1937 ipso
2774 1870 2879 1924 sibi.
2909 1872 3008 1940 ipsi
3038 1889 3134 1941 per
3156 1876 3434 1942 pteniten-

1861 1958 2083 2011 tentiam
2118 1961 2365 2013 medente
2390 1959 2580 2016 fuisset
2603 1974 2822 2027 curata,
2863 1966 3153 2021 restituere
3183 1967 3333 2021 illum
3372 1969 3426 2023 in

1858 2048 2142 2117 pristinum
2199 2060 2398 2103 statum
2459 2053 2747 2119 potuisset.
2803 2055 2909 2108 Sed
2963 2065 3085 2124 post
3150 2059 3425 2113 conditum

1860 2144 2158 2207 mundum,
2190 2153 2310 2211 post
2348 2145 2612 2199 consitum
2649 2147 2958 2213 paradisum
2982 2190 2997 2215 ,
3033 2158 3155 2218 post
3189 2151 3430 2206 colloca-

1859 2241 1969 2285 tum
2003 2233 2055 2287 in
2078 2248 2143 2287 eo
2174 2233 2467 2298 hominem,
2503 2246 2622 2304 post
2647 2235 2739 2290 Dei
2769 2250 3122 2307 praeceptum,
3155 2251 3276 2309 post
3307 2243 3428 2297 dia-

1856 2324 1964 2379 boli
2010 2324 2300 2397 invidiam,
2335 2335 2456 2395 post
2484 2327 2626 2382 illius
2653 2331 2747 2397 qui
2786 2330 3156 2385 honorabatur
3185 2334 3383 2388 caedem
3405 2372 3424 2399 ,

1858 2424 1968 2468 tum
2013 2416 2060 2469 ei
2110 2415 2424 2471 obstructus
2464 2426 2546 2471 est
2592 2419 2922 2487 poenitentiae
2968 2421 3141 2477 locus.
3188 2424 3246 2478 Si
3280 2428 3424 2480 enim

1856 2506 1995 2561 Esau
2016 2507 2139 2577 jure
2169 2508 2371 2577 prioris
2402 2518 2555 2563 ortus
2580 2510 2818 2575 vendito,
2852 2511 3055 2567 nullum
3082 2513 3285 2570 invenit
3308 2533 3424 2587 pm-

1855 2599 2096 2653 niteutiae
2127 2599 2303 2653 locum
2341 2615 2356 2654 :
2401 2601 2589 2670 ecquis
2618 2603 2947 2670 pmnitentize
2983 2604 3133 2660 locus
3174 2608 3225 2662 ei
3257 2609 3426 2664 relin-

1853 2692 2056 2759 quitur,
2086 2692 2178 2761 qui
2211 2693 2601 2763 protoplastum
2637 2694 2910 2749 hominem
2943 2699 3171 2766 peremit
3193 2740 3208 2763 ,
3239 2711 3295 2754 et
3325 2716 3426 2770 per

1850 2796 1974 2836 eum
2024 2792 2250 2837 mortem
2289 2783 2536 2838 invexit?
2583 2783 2789 2839 Ferunt
2833 2794 3011 2841 autem
3053 2789 3316 2844 maculam
3367 2793 3421 2846 in

1850 2871 2180 2927 vestimento
2229 2871 2300 2926 ab
2345 2873 2578 2927 humano
2613 2878 2880 2944 sanguine
2913 2878 3233 2947 impressam
3275 2881 3424 2937 nullo

1852 2962 2012 3017 modo
2046 2963 2252 3034 detergi
2294 2978 2488 3032 posse,
2529 2965 2623 3018 sed
2650 2965 3018 3021 alterationem
3051 2983 3116 3023 ex
3146 2974 3424 3042 sanguinis

167 3060 456 3114 ἀλλοίωσιν
477 3076 490 3089 ⁸
523 3060 643 3113 οὐδὲ
675 3056 766 3113 οὖν
798 3059 906 3131 (40)
938 3060 1132 3132 ἐκείνῳ
1158 3060 1397 3126 δυνατὸν,
1424 3064 1746 3137 ἀποθεμένῳ
1773 3113 1814 3137 η
1854 3056 2087 3110 Ιίιὶεῑιιτει
2137 3055 2305 3110 δθηιει
2352 3066 2721 3120 Commemini
2777 3072 2882 3110 uua
2924 3073 3046 3112 cum
3099 3063 3423 3120 vestimento

168 3151 260 3203 τὸν
283 3150 347 3203 ἐκ
383 3149 477 3203 τοῦ
505 3150 731 3220 αἵματος
761 3151 967 3215 σπῖλον,
1002 3150 1252 3219 γενέσθαι
1276 3153 1535 3224 καθαρόν.
1567 3156 1746 3229 Τήρη-

172 3257 265 3294 σον
289 3242 347 3294 δέ
382 3244 482 3311 τὴν
505 3242 648 3306 λέξιν
676 3244 1023 3314 ἐμφαντικῶς
1047 3248 1395 3317 παρεστῶσαν
1431 3248 1523 3302 τὸν
1554 3251 1617 3303 ἐκ
1644 3250 1742 3321 τῆς

174 3334 485 3406 μιαιφονίας
517 3334 705 3406 ῥύπον.
740 3335 816 3388 Οὐ
854 3335 964 3404 γὰρ
989 3331 1161 3395 εἶπεν.
1202 3337 1288 3389 Ἐν
1326 3338 1515 3407 αἵματι
1550 3338 1738 3409 βαφὲν,

171 3424 326 3486 ἀλλὰ,
354 3424 756 3493 Πεφυρμένον,
791 3425 878 3478 ἵνα
907 3424 1204 3496 ἐνδείξηται
1234 3427 1395 3479 αὐτὸν
1421 3429 1740 3500 ἐγκυλιόμε-

170 3532 260 3570 νον
283 3515 391 3586 (41)
425 3515 501 3586 τῷ
532 3516 675 3585 φόνῳ
707 3515 815 3569 τῶν
859 3517 1281 3587 ἀναιρουμένων.
1320 3513 1484 3582 Οὗτος
1511 3519 1608 3590 τὴν
1635 3520 1739 3590 γῆν

174 3604 415 3660 ἀπώλεσε
440 3604 534 3657 τοῦ
567 3603 723 3667 Θεοῦ,
751 3605 846 3656 καὶ
877 3605 966 3657 τόν
1000 3606 1127 3658 λαὸν
1150 3606 1313 3658 αὑτοῦ
1343 3608 1636 3679 ἀνῄρηκεν.
1681 3610 1738 3663 '0

180 3699 273 3767 μὲν
305 3692 395 3749 οὖν
425 3695 890 3767 Ναϐουχοδονόσορ
922 3697 1185 3767 ἠρήμωσε
1211 3698 1309 3768 τὴν
1332 3698 1456 3768 γῆν,
1491 3700 1737 3771 ἐκτεμὼν

174 3788 336 3858 αὐτῆς
359 3787 426 3840 τὰ
458 3786 779 3858 καρποφόρα
812 3787 973 3856 φυτά,
1006 3786 1197 3858 κώμας
1223 3788 1298 3860 τῷ
1330 3791 1622 3863 ἀφανισμῴ
1641 3791 1734 3845 τοῦ

175 3874 494 3947 ἐμπρησμοῦ
525 3874 870 3947 παραδιδούς.
900 3875 1068 3938 Αὐτὸς
1091 3876 1200 3946 (42)
1235 3878 1329 3930 καὶ
1370 3877 1460 3931 τὸν
1488 3878 1612 3931 λαὸν
1640 3877 1734 3932 τοῦ

187 3966 411 4038 Ἰσραήλ,
444 3966 535 4019 τὸν
566 3966 665 4036 μὲν
703 3964 1018 4018 ἀπέκτεινεν
1058 3967 1115 4017 ἐν
1152 3967 1536 4046 μαχαίρᾳητὸν
1570 3966 1627 4020 δὲ
1654 3970 1732 4021 αξ-

176 4059 444 4131 χμάλωτον
483 4060 764 4129 ἀπήγαγεν
793 4060 873 4121 είς
900 4057 998 4128 τὴν
1032 4041 1345 4110 Βαϐυλῶνα.
1378 4041 1517 4128 Ἤδη
1548 4057 1606 4112 δὲ
1638 4058 1733 4117 κα).

176 4155 205 4205 ὁ
231 4150 494 4222 μυστικῶς
518 4149 914 4219 ὀνομαζόμενος
938 4147 1255 4211 Βαϐυλῶνος
1294 4147 1545 4218 βασιλεὺς
1581 4151 1610 4202 ὁ
1639 4166 1734 4203 κο-

180 4242 488 4312 σμοκράτωρ
527 4238 621 4293 τοῦ
655 4239 859 4308 κόσμου
905 4237 1095 4292 τούτου
1142 4239 1305 4292 ἐστίν.
1348 4240 1578 4303 Οίκείως
1622 4240 1732 4312 γὰρ

177 4333 265 4384 καὶ
311 4331 402 4401 τὴν
446 4329 706 4399 σύγχυσιν
734 4329 829 4382 τοῦ
855 4328 1059 4400 κόσμου
1096 4329 1286 4382 τούτου
1333 4329 1627 4383 Βαϐυλῶνα
1666 4331 1731 4385 ἄν

176 4441 254 4487 τις
273 4424 566 4495 προσείποι.
596 4423 945 4493 Αἰχμόιλωτον
977 4423 1086 4493 γὰρ
1115 4422 1336 4495 ἐποίησε
1359 4424 1449 4476 τὸν
1472 4423 1605 4480 λαὸν
1635 4424 1728 4479 τοῦ

178 4514 321 4580 Θεοῦ,
360 4514 465 4568 ἀπὸ
504 4515 605 4584 τῆς
633 4513 777 4587 ζωῆς
813 4516 1152 4586 μεταστήσας
1187 4516 1267 4577 εἰς
1298 4514 1558 4569 θάνατον·
1594 4518 1731 4588 ἠρή-

1772 3113 1815 3170 C

1850 3160 2244 3202 consenescere
2273 3165 2286 3202 :
2323 3146 2437 3201 ﬁeri
2480 3147 2645 3216 igitur
2681 3163 2786 3201 non
2830 3158 3041 3215 potest,
3077 3160 3135 3205 ut
3170 3153 3260 3208 ille
3289 3171 3419 3209 san-

1849 3238 2061 3306 guineis
2102 3236 2330 3291 maculis
2362 3236 2557 3291 deletis
2585 3245 2638 3290 et
2669 3237 2965 3302 abstersis,
3003 3240 3199 3294 evadat
3230 3258 3416 3311 purus.

1847 3328 2089 3385 Observa
2131 3336 2311 3383 autem
2361 3329 2651 3382 dictionem
2697 3329 2884 3383 sordes
2923 3344 2987 3384 ex
3036 3334 3184 3387 caede
3235 3349 3422 3403 prove-

1848 3426 2060 3479 nieutes
2103 3422 2387 3478 evidenter
2424 3421 2843 3490 exprimentem.
2885 3421 3001 3476 Non
3038 3428 3182 3478 enim
3226 3427 3365 3483 dixit
3399 3446 3414 3483 :

1847 3513 2238 3568 Vestimentqu
2269 3521 2490 3566 unctum
2530 3512 2795 3580 sanguine
2816 3552 2831 3577 ,
2877 3513 2971 3567 sed
2993 3552 3008 3576 ,
3041 3514 3368 3583 inquinatum
3394 3537 3414 3573 :

1844 3603 1897 3656 id
1942 3612 2000 3656 ut
2043 3603 2295 3657 ostendat
2344 3603 2398 3654 in
2441 3601 2585 3655 cmde
2618 3611 3022 3672 peremptorum
3058 3604 3226 3660 fuisse
3259 3610 3416 3663 vola.

1844 3703 2036 3749 tatum.
2077 3693 2173 3748 llic
2212 3693 2450 3762 perdidit
2486 3691 2576 3745 Dei
2622 3701 2862 3754 terram,
2902 3702 2957 3747 et
3002 3697 3254 3764 populum
3297 3702 3415 3770 ejus

1844 3787 2133 3842 interemit.
2164 3786 2228 3838 Et
2258 3800 2384 3839 vero
2412 3784 2909 3839 Nabuchodonosor
2931 3795 3130 3841 terram
3154 3793 3409 3856 vastavit,

1841 3880 2038 3935 excisis
2079 3878 2274 3947 plantis
2324 3877 2441 3946 ejus
2489 3875 2821 3943 frnctil'eris,
2869 3886 2925 3931 et
2972 3879 3108 3933 vicis
3158 3882 3409 3938 incendio

1842 3983 2066 4038 prorsus
2093 3967 2424 4034 consumptis
2445 3964 2511 4019 “.
2541 3964 2680 4030 Quin
2719 3975 2774 4019 et
2799 3965 2913 4034 ipse
2952 3969 3200 4037 populum
3243 3971 3410 4028 Israel

1841 4059 2034 4129 partim
2071 4056 2269 4110 occidit
2307 4055 2518 4125 gladio,
2555 4058 2751 4125 partim
2793 4058 3063 4126 captivum
3099 4061 3323 4118 abduxit
3351 4066 3405 4119 in

1839 4147 2186 4218 Babylonem.
2225 4145 2492 4199 (Steterunt
2537 4158 2715 4200 autem
2748 4146 2913 4200 etiam
2951 4148 2996 4203 is
3042 4150 3135 4218 qui
3177 4153 3406 4220 mystice

1839 4256 1935 4295 rex
1964 4237 2252 4309 Babylonis
2276 4237 2608 4301 nominatur,
2634 4241 2818 4294 mundi
2843 4241 3005 4309 hujus
3029 4242 3281 4311 princeps
3302 4258 3406 4300 est.

1838 4333 1973 4388 Nam
2005 4330 2189 4386 mundi
2221 4328 2381 4396 hujus
2404 4332 2778 4385 conlusionem
2805 4344 2984 4402 potest
3006 4337 3128 4404 quis
3156 4348 3279 4406 apte
3306 4354 3405 4409 ap-

1839 4427 2035 4498 pellare
2066 4422 2410 4492 Babylonem.
2442 4419 2651 4475 Etenim
2686 4424 2776 4504 Dei
2809 4427 3086 4496 populum,
3121 4442 3152 4482 a
3187 4430 3297 4485 vita
3328 4433 3396 4487 ad

1836 4528 2061 4573 mortem
2087 4513 2404 4566 translatum
2429 4512 2770 4567 abstraxit'in
2795 4519 3111 4571 servitutem
3146 4536 3161 4574 :
3198 4528 3399 4577 terram

184 4623 317 4675 μωσε
336 4606 386 4659 δὲ
416 4605 513 4677 τὴν
544 4607 668 4675 γῆν,
694 4608 794 4677 τὴν
827 4607 1054 4660 ἐκάστου
1089 4606 1266 4678 σάρκα
1296 4607 1612 4679 διαφθείρας
1639 4608 1726 4663 διὰ

1859 4620 1961 4661 νει-ο
1990 4600 2312 4661 devastavit,
2339 4599 2767 4670 uniuscujusque
2792 4617 2957 4657 carne
2996 4620 3091 4673 per
3116 4620 3397 4676 peccatum

178 4697 266 4767 τῆς
293 4698 574 4768 ἁμαρτίας,
602 4698 782 4762 καθὼς
810 4698 1137 4768 γέγραπται,
1163 4700 1244 4752 ὅτι
1277 4699 1388 4769 (45)
1410 4699 1727 4769 Κατέερθει-

1859 4707 2085 4765 :orrupta
2108 4734 2123 4759 ,
2159 4692 2305 4746 sicut
2347 4691 2612 4758 scriptum
2639 4703 2762 4746 est:
2799 4692 3046 4763 Corrupit
3085 4700 3252 4754 omnis
3277 4717 3402 4756 caro

177 4804 237 4842 οε
255 4787 408 4843 πᾶσα
437 4788 593 4853 σὰοξ
612 4788 726 4857 τὴν
755 4788 899 4843 ὁδὸν
919 4789 1103 4859 αὐτῆς

242 4923 400 4980 “15a.
433 4941 486 4991 ι,
516 4924 572 4980 9.
647 4927 693 4958 ⁸⁸
724 4926 789 4982 IV
819 4927 950 4997 Reg.
981 4944 1106 4992 xxv,
1130 4930 1181 4992 l,
1231 4943 1389 4999 sqq.;
1429 4927 1628 4984 Jerem.
1659 4946 1725 4984 xx

1859 4968 1864 4989 ,
1902 4929 1926 4981 Ι
1959 4942 2080 4998 sqq.

245 5089 339 5159 (57)
382 5088 609 5144 Codices
636 5087 772 5159 _duo,
820 5083 952 5157 παρ’
993 5083 1185 5159 αὑτοῦ.⁸
1230 5082 1350 5159 Mox
1391 5083 1516 5138 editi
1536 5124 1564 5159 ,_
1591 5084 1718 5147 τοὺς

181 5153 595 5230 παλαιουμὲνους.
635 5156 781 5212 Libri
822 5153 951 5210 vero
983 5154 1208 5223 antiqui,
1247 5153 1374 5217 τοὺς
1402 5155 1716 5208 πεπαλαιω-

247 5247 367 5284 νους.

186 5232 524 5370 lhé(v3o8:’)‘;.l5diti,
556 5296 883 5370 παραδείσου
914 5293 1137 5370 (φυτεία.
1174 5292 1279 5348 Sed
1312 5308 1409 5347 vox
1442 5293 1641 5370 φυτεία
1659 5294 1711 5370 in

182 5366 432 5424 tns’s.’uon
477 5366 780 5432 invenitur;
810 5368 881 5420 ob
911 5368 1071 5432 idque
1121 5379 1239 5418 eam
1287 5379 1317 5417 a
1367 5366 1713 5433 typograpbis

183 5442 385 5493 additam
406 5452 527 5492 esse
549 5439 809 5505 suspicor.
832 5434 1063 5490 Necesse
1088 5442 1264 5505 tamen
1297 5448 1400 5487 non
1417 5433 1528 5505 luit
1555 5436 1715 5503 quid-

184 5523 320 5582 quam
356 5508 604 5582 adjicere,
636 5501 758 5561 cum
791 5522 894 5559 vox
927 5501 1235 5582 κατασκεμή
1278 5503 1512 5582 suppleri
1535 5501 1714 5582 facile

184 5571 342 5648 possit.
362 5571 484 5648 Mox
515 5571 646 5648 Reg.
690 5586 937 5648 quartus,
980 5576 1074 5648 ml.
1109 5571 1267 5648 φόνος
1306 5571 1402 5648 τοῦ
1438 5571 1707 5648 διαϐόλου,

184 5644 266 5701 καὶ
290 5646 459 5716 φθόνος
486 5646 580 5699 τοῦ
605 5644 989 5716 τετιμημένου,
1011 5644 1205 5698 diaboli
1237 5645 1425 5709 credes,
1448 5652 1495 5697 et
1516 5645 1712 5698 invidia

185 5720 305 5773 illius
322 5719 399 5785 qui
422 5717 797 5772 honorabatur.

1832 4794 1969 4846 viam
1997 4800 2149 4841 suam
2172 4783 2239 4835 “.

2157 4923 2203 4956 “
2231 4920 2367 4979 Gen.
2397 4933 2448 4975 vt
2471 4960 2486 4984 ,
2510 4920 2597 4975 12.

1892 5080 2003 5152 ('59)
2041 5079 2207 5147 Edit‘,
2262 5082 2636 5152 εἰσαγαγόντι.
2689 5083 2759 5136 At
2804 5098 2935 5140 mss.
2969 5086 3205 5158 quinque
3235 5101 3294 5146 ut
3339 5095 3395 5148 in

1819 5163 2096 5206 comextu.

1890 5223 2005 5292 (40)
2036 5222 2257 5292 ᾼηιίηυὶ
2283 5232 2391 5279 tres
2421 5222 2564 5287 libri,
2607 5221 2732 5275 οὐδὲ
2772 5219 2887 5280 οὖν.
2922 5225 3026 5278 Alii
3069 5228 3191 5289 duo,
3217 5229 3390 5287 οὐδέν.

1817 5289 2152 5370 Ειίξιξ,ὀὕτε.
2181 5289 2381 5370 ξιιιιὶιη
2407 5296 2646 5363 quinque
2676 5308 2830 5361 mss.,
2852 5294 3104 5363 γενέσθαι
3124 5297 3389 5370 καθαρόν.

1816 5360 1979 5434 Editi,
2013 5361 2257 5434 καθαρῷ.

1889 5431 2002 5504 (ιι)
2037 5432 2131 5504 §ic
2160 5430 2298 5504 mss:
2326 5446 2534 5504 omnes.
2569 5431 2730 5499 Editi,
2756 5430 3235 5504 ἐγκεκυλισμένον.

1892 5494 2007 5570 (42)
2038 5501 2199 5566 Editi,
2230 5494 2523 5572 0610;.At
2552 5516 2692 5572 ίιηεε.
2716 5494 2979 5572 quinque,
3010 5494 3201 5571 Αὖτός.
3237 5507 3390 5566 Haud

1816 5569 2131 5643 lougejiteg.
2161 5572 2377 5643 tertius,
2401 5569 2754 5643 Βαϐυλώνιος
2769 5569 3036 5643 βασιλεύς,

1889 5641 2000 5728 (όςό)
2036 5638 2199 5707 Editi,
2228 5640 2308 5694 ὅτι
2340 5640 2446 5694 ίδεν
2474 5642 2504 5694 ό
2533 5641 2666 5706 Θεὸς
2821 5644 2888 5697 At
2911 5660 3053 5723 mss,
3074 5645 3168 5712 ita,
3199 5658 3257 5705 ut
3274 5650 3392 5708 edi-

1816 5710 2013 5767 diuitis.
