3810 6214
361 281 462 342 6i!

1317 273 1662 330 APPENDIX
1702 271 1988 328 OPERUM
2029 269 2092 324 S.
2127 265 2373 322 BASILII
2409 263 2644 320 MACNL

3527 260 3649 318 612

430 401 559 458 280.
586 398 747 453 Vens.
775 396 866 461 et,
894 395 984 450 '29..
1022 395 1208 450 Semen
1252 413 1492 466 pravum,
1539 413 1780 464 pra’para
1825 405 1940 446 tuos

2133 386 2239 441 380.
2279 383 2519 453 Σπέρμα
2547 381 2834 452 πονηρὸν,
2862 381 3186 450 ἐτοιᾷιασον
3206 381 3279 434 τὰ
3303 383 3488 436 τέκνα
3510 396 3645 436 σου

361 493 524 563 ﬁlios,
556 501 612 545 ut
639 490 946 558 iugulentur
967 489 1195 556 peccatis
1224 489 1390 555 patris
1417 489 1518 551 tui,
1545 503 1605 539 ne
1631 496 1929 555 resurgant,

359 595 410 640 et
452 600 514 637 ne
558 581 813 649 impleant
855 592 1047 631 terram
1091 579 1414 632 civitatibus.
1463 578 1531 631 Et
1567 579 1839 646 insurgunt
1877 577 1934 628 in

359 691 470 739 eos,
496 674 624 726 dicit
651 671 902 724 Dominus
921 669 1180 734 Sabaoth,
1204 681 1250 723 et
1273 671 1490 739 perdam
1515 685 1696 723 eorum
1723 683 1932 731 nomen,

360 777 408 820 et
439 765 706 833 reliquias,
736 774 782 816 et
807 778 997 817 semen.
1024 760 1136 818 Nec
1159 763 1275 832 ipse
1304 762 1478 816 solum
1514 776 1619 816 non
1652 760 1758 815 erit
1780 774 1936 813 mun-

361 861 480 921 dus,
509 858 602 912 sed
630 870 947 910 successum
977 856 1140 910 etiam
1169 855 1422 909 scelerati
1456 854 1602 908 illius
1643 851 1936 922 posteritas

361 961 464 999 una
492 961 612 1000 cum
641 944 757 1012 ipso
788 944 1029 996 bonitate
1063 941 1476 996 clementissimi
1517 941 1608 995 Dei
1633 939 1932 994 delebitur:

361 1039 450 1106 qui
485 1037 640 1100 ﬁlios,
665 1035 918 1089 videlicet
943 1049 1048 1088 non
1083 1042 1190 1088 tam
1217 1035 1491 1088 carnalem
1523 1034 1751 1104 prolem,
1775 1046 1936 1100 quant

359 1145 584 1199 operum
636 1143 700 1182 ex
748 1127 887 1180 malo
933 1127 1117 1180 habitu
1161 1126 1618 1196 proﬁciscentium
1675 1125 1840 1180 letum
1905 1138 1937 1178 ο

363 1220 540 1272 medio
572 1218 679 1271 tolli
713 1217 995 1286 permittit.
1031 1215 1216 1271 Semen
1247 1234 1490 1284 pravum.
1532 1216 1684 1283 Quod
1719 1217 1938 1270 malitia:

361 1322 468 1362 non
499 1315 615 1360 erat
644 1315 817 1376 pater,
847 1307 939 1360 sed
978 1307 1121 1374 quod
1159 1307 1226 1359 ab
1270 1307 1375 1360 alio
1423 1307 1646 1360 malitiae
1671 1305 1936 1372 praeconii

361 1407 538 1452 ortum
567 1400 810 1465 accepit,
845 1409 1007 1466 atque
1038 1399 1336 1466 nequitiam
1363 1397 1518 1468 ejus,
1551 1400 1642 1468 qui
1686 1414 1746 1452 se
1778 1402 1940 1452 semi-

363 1491 530 1554 navit,
553 1488 796 1542 inuitatus
815 1496 921 1552 est,
943 1489 1062 1542 ideo
1085 1487 1288 1542 dicitur
1311 1502 1494 1541 semen
1518 1502 1764 1556 pravum.
1791 1486 1936 1539 Pro:-

361 1594 493 1646 para
529 1577 668 1647 ﬁlios
709 1592 861 1639 tuos,
909 1587 964 1629 ut
1001 1577 1320 1646 jugulentur
1363 1580 1592 1646 peccatis
1628 1579 1796 1648 patris
1837 1580 1934 1631 tui.

362 1666 761 1736 Nonnunquam
783 1668 1080 1737 cujuspiam
1112 1683 1294 1721 semen
1343 1669 1537 1722 dicitur
1559 1683 1802 1736 pravum,
1833 1685 1934 1722 non

2032 475 2340 548 σφαγῆναι
2367 474 2498 540 ταῖς
2523 473 2836 543 ἁμαρτίαις
2862 471 2972 526 τοῦ
3005 470 3232 539 πατρός
3253 483 3392 537 σου,
3419 470 3526 524 ἵνα
3539 469 3644 540 μὴ

2031 569 2340 626 ἀναστώσι
2364 567 2498 639 (Η),
2528 566 2626 620 καὶ
2663 563 3026 634 ἐμπλήσωσι
3061 563 3179 632 τὴν
3215 563 3334 632 γῆν
3366 564 3642 618 πόλεων.

2033 663 2144 718 Καὶ
2201 659 2698 728 ἑπαναστήσομαι
2741 657 2966 722 αὐτοῖς,
3023 655 3186 727 λέγει
3243 657 3459 723 Κύριος
3517 659 3652 710 Σω-

2035 753 2210 818 ϐαὼθ,
2254 751 2352 806 καὶ
2385 748 2592 804 ἀπολῶ
2621 747 2820 804 αὐτῶν
2853 747 3062 817 ὄνομα,
3095 747 3196 802 καὶ
3227 747 3642 818 κατάλειμμαε

2035 845 2134 899 καὶ
2163 843 2423 912 σπέρμα.
2455 842 2528 895 Οὐ
2559 840 2718 912 μόνον
2749 839 2912 904 αὐτὸς
2931 841 3030 893 οὐκ
3061 839 3214 892 ἔσται
3244 839 3504 911 καθαρὸς,
3541 839 3650 894 ἀ).-

2035 935 2104 988 λὰ
2129 937 2223 989 καὶ
2252 937 2285 1005 ὴ
2316 933 2534 1005 διαδοχὴ
2569 931 2662 987 τοῦ
2690 933 2926 1004 πονηροῦ
2959 931 3486 1002 συναφανισθήσεται
3532 933 3648 984 αύ-

2035 1026 2114 1098 τῷ
2141 1027 2208 1080 δι’
2231 1026 2542 1095 ὰγαθότητα
2566 1025 2658 1078 τού
2691 1023 3072 1095 φιλανθρώπου
3109 1023 3244 1077 Θεοῦ
3277 1023 3644 1094 συγχωροῦν-

2035 1137 2126 1182 τος
2145 1118 2236 1172 τὸν
2268 1119 2570 1189 ἀσανισμὸν
2590 1117 2699 1170 τῶν
2731 1117 2958 1180 τέκνων,
2986 1116 3046 1168 ού
3083 1115 3334 1168 τοσοῦτον
3356 1117 3456 1186 τῆς
3489 1133 3644 1188 σαρ-

2038 1212 2194 1282 κίνης
2244 1211 2357 1282 (45)
2403 1211 2769 1280 τεκνογονίας»
2808 1212 2930 1264 ὅσον
2972 1209 3072 1280 τῆς
3107 1209 3215 1262 τῶν
3249 1209 3354 1262 ἀπὸ
3380 1212 3640 1281 πονηρᾶς

2037 1303 2207 1370 ’ἐξεως
2265 1301 2694 1373 ἐπιτελουμένων
2757 1301 2954 1373 ἔργων.
3023 1299 3264 1370 Σπέρμα
3334 1303 3638 1368 πονηρόν.

2051 1395 2268 1466 Ἐπειδὴ
2323 1397 2423 1448 οὐκ
2472 1391 2540 1466 ἦν
2575 1395 2756 1465 πατὴρ
2806 1393 2904 1464 τῆς
2949 1393 3168 1459 κακίας,
3204 1393 3315 1446 ἀλλ’
3344 1394 3402 1459 ἐξ
3436 1394 3639 1463 ἐτέρου

2040 1487 2560 1560 προκαταρξαμὲνου
2609 1487 2708 1557 τῆς
2750 1486 2968 1550 κακίας,
3017 1486 3116 1556 τὴν
3154 1486 3366 1554 γένεσιν
3409 1485 3638 1556 εἴληφεν

2040 1580 2134 1633 καὶ
2160 1579 2424 1648 πεποίηκε
2452 1577 2593 1630 κατὰ
2618 1577 2715 1648 τὴν
2743 1577 3007 1648 πονηρίαν
3042 1575 3136 1629 τοῦ
3176 1577 3503 1648 σπείραντος
3529 1578 3638 1630 αύ-

2040 1670 2152 1733 τὸν,
2186 1671 2406 1742 σπέρμα
2433 1669 2650 1738 λέγεται
2678 1667 2930 1738 πονηρόν.
2981 1667 3328 1732 Ἑτοίμασον
3349 1666 3423 1719 τὰ
3443 1665 3642 1719 τέκνα

365 1760 510 1827 quod
532 1759 786 1812 continuo
810 1760 1095 1828 proveniat
1119 1773 1182 1812 ex
1214 1761 1423 1814 semine
1448 1763 1816 1830 prtecedentc:
1841 1762 1934 1814 sed

2133 1781 2154 1817 ν
2206 1761 2515 1832 σφαγῆναι
2561 1761 2691 1828 ταῖς
2729 1760 3041 1830 ἁμαρτίαις
3085 1759 3193 1812 τοῦ
3231 1761 3458 1828 πατρός
3485 1775 3635 1815 σου.

365 1849 508 1918 quod
539 1849 759 1902 alterius
795 1850 938 1902 ortui
968 1849 1061 1902 dut
1093 1849 1328 1913 initium,
1365 1851 1590 1904 seminis
1617 1866 1808 1904 nomen
1843 1866 1935 1904 ac-

363 1940 516 2005 cipit.
551 1938 1013 2004 Quemadmodum
1048 1939 1190 1992 euim
1235 1955 1358 1994 cum
1401 1941 1633 1994 mundus
1673 1940 1774 1994 fuit
1803 1957 1934 1994 con-

365 2031 528 2094 ditus,
556 2045 618 2084 ea
649 2045 770 2099 qua:
797 2031 1028 2096 primum
1065 2031 1442 2098 germinaverc
1463 2071 1478 2095 ,
1517 2041 1676 2084 erant
1717 2031 1934 2098 quidem

363 2122 569 2176 semina
597 2120 826 2174 aliorum
852 2160 868 2184 ,
901 2135 998 2175 nec
1033 2129 1211 2172 tamen
1245 2121 1362 2188 ipsa
1395 2135 1462 2172 ex
1491 2121 1614 2175 aliis
1639 2121 1938 2174 seminibus

364 2203 642 2284 prodiere,
688 2227 812 2266 cum
849 2213 1008 2266 rebus
1037 2226 1104 2265 ex
1134 2213 1346 2264 semine
1381 2212 1648 2280 originem
1691 2211 1939 2266 ducenti-

365 2309 466 2361 bus
496 2314 679 2360 essent
707 2303 868 2374 593
898 2303 1203 2372 antiquiora
1248 2319 1262 2356 :
1311 2304 1382 2356 ita
1429 2303 1568 2356 forte
1597 2304 1764 2357 etiam
1797 2318 1942 2358 nunc

366 2411 549 2451 semen
577 2411 801 2464 pravum
841 2395 1119 2464 Scriptura
1153 2405 1316 2448 vocat
1347 2409 1470 2446 eum
1493 2431 1507 2456 ,
1546 2395 1638 2462 qui
1684 2395 1943 2464 nequitia:

367 2487 672 2556 exemplum
707 2487 918 2556 primus
941 2487 1088 2540 dedit
1123 2487 1336 2540 caneris
1360 2525 1378 2552 ,
1425 2486 1637 2555 fuitque
1675 2489 1829 2556 quasi
1859 2504 1944 2543 se-

369 2595 493 2633 men
518 2619 534 2643 ,
573 2579 922 2647 semetipsum
964 2577 1210 2646 przrbeus
1254 2579 1577 2632 imitandum
1609 2599 1621 2634 :
1661 2595 1765 2634 non
1799 2580 1942 2648 quod

372 2672 511 2724 hanc
537 2669 866 2723 subsistendi
893 2671 1154 2722 rationem
1179 2668 1247 2722 ab
1269 2671 1703 2724 antecessoribus
1723 2671 1942 2735 habeat,

371 2760 464 2814 sed
517 2759 662 2827 quod
699 2757 930 2826 posteris
981 2758 1094 2810 suis
1139 2758 1435 2826 prteiverit.
1479 2759 1732 2812 Attamen
1770 2770 1946 2828 potest

371 2849 638 2918 quispiam
666 2864 734 2904 ex
761 2849 1056 2916 semetipso
1073 2863 1172 2902 ceu
1196 2849 1454 2918 nequitiae
1477 2857 1667 2904 auctor
1691 2859 1745 2903 et
1767 2851 1946 2904 archi-

375 2950 570 3007 tectus,
605 2955 832 3010 pravum
868 2955 1052 2994 semen
1089 2953 1244 3008 esse;
1290 2951 1344 2995 et
1383 2957 1572 2996 rursus
1612 2942 1702 3011 qui
1741 2943 1810 2996 ab
1849 2943 1947 2996 im-

373 3031 558 3102 probis
604 3031 880 3101 magistris
923 3031 1150 3084 edoctus
1195 3042 1317 3096 est,
1354 3033 1469 3100 pari
1519 3034 1736 3087 nomine
1769 3044 1946 3102 potest

2039 1854 2269 1921 Λέγεται
2297 1851 2355 1905 δέ.
2381 1869 2512 1904 ποτε
2538 1850 2762 1921 σπέρμα
2783 1847 3016 1918 πονηρόν
3040 1865 3202 1911 τινος,
3231 1849 3290 1901 οὐ
3313 1847 3535 1912 πάντως
3567 1850 3643 1902 ἐκ

2040 1943 2384 2016 προαγούσης
2416 1944 2624 2014 σπορᾶς
2651 1943 2964 2012 γενόμενον,
2986 1939 3121 1994 ἀλλὰ
3147 1939 3241 1993 καὶ
3263 1939 3323 1992 τὸ
3338 1940 3474 1992 αὐτὸ
3504 1957 3646 1993 κατ-

2041 2037 2207 2108 άρχον
2237 2039 2318 2100 είς
2366 2035 2464 2106 τὴν
2497 2034 2684 2104 ἐτέρου
2719 2033 2934 2102 γένεσιν
2971 2033 3192 2103 σπέρμα
3221 2030 3642 2102 προσαγορεύε-

2039 2144 2148 2180 ται.
2194 2127 2280 2188 Ὠς
2307 2125 2416 2196 γὰρ
2442 2127 2498 2178 ὲν
2519 2127 2584 2196 τῇ
2621 2123 2950 2194 κοσμοποιίᾳ
2983 2122 3092 2193 (46)
3121 2121 3192 2175 τὰ
3225 2120 3458 2192 πρώτως
3496 2120 3637 2189 βλα-

2043 2217 2339 2286 στήσαντα,
2386 2213 2682 2284 σπέρματα
2709 2212 2806 2282 μὲν
2831 2207 2898 2283 ἦν
2929 2211 3150 2282 ἐτέρων,
3177 2209 3317 2263 αὐτὰ
3347 2209 3405 2262 δὲ
3434 2210 3539 2262 οὐκ
3563 2204 3638 2280 ἦν

2042 2305 2101 2371 ἐξ
2129 2305 2332 2375 ἐτέρων
2360 2302 2728 2375 (πρεσϐύτερα
2761 2300 2867 2374 γὰρ
2897 2297 2966 2372 ἦν
2988 2301 3094 2354 τῶν
3125 2298 3266 2352 κατὰ
3299 2299 3525 2370 σπέρμα
3552 2315 3642 2350 τε·

2038 2393 2390 2465 λειουμένων)
2410 2410 2424 2424 ·
2457 2391 2600 2446 οὕτω
2644 2388 2785 2462 τάχὰ
2814 2393 2906 2444 καὶ
2937 2390 3030 2443 νῦν
3071 2393 3100 2444 ὁ
3143 2390 3299 2458 λόγος
3332 2389 3422 2441 τὸν
3449 2389 3638 2450 ἄλλοις

2043 2489 2120 2549 εἰς
2149 2486 2456 2555 ὑπόδειγμα
2475 2482 2739 2554 πονηρίας
2761 2483 3122 2554 κατάρχοντα.
3154 2481 3247 2534 καὶ
3271 2480 3434 2532 οἱονεὶ
3465 2480 3642 2549 σπέρ-

2049 2591 2123 2644 μα
2158 2573 2442 2643 γινόμενον
2475 2572 2586 2643 (47)
2621 2569 2708 2624 διὰ
2737 2571 2835 2642 τῆς
2867 2572 3170 2641 μιμήσεως,
3206 2569 3428 2640 σπέρμα
3463 2586 3639 2639 πονη-

2050 2666 2140 2737 ρὸν
2165 2664 2421 2736 ὀνομάζει
2459 2665 2558 2734 οὐχ
2587 2665 2662 2727 ὼς
2687 2662 2796 2716 ἀπὸ
2830 2663 3178 2734 προαγόντων
3207 2661 3305 2732 τὴν
3335 2661 3640 2714 ὑπόστασιν

2047 2757 2256 2828 ἔχοντα,
2301 2756 2416 2810 ἀλλ’
2449 2755 2524 2819 ὡς
2562 2759 2673 2818 τοῖς
2705 2755 3104 2824 ἐπιγινομένοις
3147 2752 3246 2824 τὴν
3279 2751 3455 2822 ἀρχὴν
3493 2770 3642 2822 παρ-

2047 2850 2326 2920 εχόμενον.
2355 2849 2590 2902 Δύναται
2619 2849 2674 2900 δὲ
2704 2849 2834 2919 παρ’
2867 2849 3056 2900 ἑαυτόν
3094 2864 3178 2910 τις
3213 2847 3437 2916 σπέρμα
3467 2863 3644 2914 πονη-

2051 2943 2142 3014 ρὸν
2167 2939 2327 3004 εἷναι,
2363 2941 2605 3012 ἀρχηγὸς
2624 2940 2724 3009 τῆς
2750 2939 2948 3002 κακίας
2977 2939 3238 3009 ὑπάρχων
3256 2954 3268 2966 ·
3299 2939 3392 2990 καὶ
3418 2937 3583 2990 πάλιν
3613 2939 3646 2988 ὁ

2052 3035 2306 3104 πονηροῖς
2330 3032 2671 3093 διδασκάλοις
2715 3030 3096 3100 μαθητευθεὶς,
3135 3031 3335 3100 ὁμοίιος
3367 3045 3648 3099 προσαγο-

374 3121 642 3192 insigniri.
672 3119 931 3174 Peccator
961 3119 1047 3172 ille
1075 3131 1300 3174 vocatus
1337 3132 1418 3175 est
1452 3120 1638 3174 Semen
1670 3122 1941 3184 Chanaan,

2133 3123 2326 3177 iaceat.
2345 3123 2584 3192 Σπέρμα
2605 3122 2866 3186 Χαναὰν,
2901 3123 2996 3174 καὶ
3020 3123 3133 3175 οὐκ
3173 3108 3380 3182 Ἰούδα,
3408 3121 3648 3191 ἤκουσεν

374 3223 424 3268 et
456 3230 558 3266 non
588 3212 730 3266 Juda
759 3211 801 3243 ⁸⁷
828 3228 842 3276 ;
885 3227 988 3264 non
1017 3210 1162 3281 quod
1201 3211 1382 3266 carnis
1415 3226 1584 3282 genus
1622 3214 1862 3282 Spurium
1897 3225 1952 3268 et

374 3319 442 3356 es
477 3301 736 3358 Chanaan
787 3303 1136 3356 commistutn
1185 3303 1443 3367 haberet;
1477 3304 1572 3357 sed
1615 3303 1736 3357 ideo
1767 3318 1950 3357 semen

376 3396 638 3450 Chanaan
687 3394 1010 3464 appellatur,
1053 3393 1196 3462 quod
1228 3393 1513 3449 aemulatus
1556 3395 1814 3449 Chanaan
1857 3399 1948 3450 sit.

385 3487 768 3556 Unusquisque
798 3485 962 3554 igitur
1017 3500 1113 3540 sua
1144 3485 1314 3556 ipsius
1337 3487 1612 3540 voluntate
1637 3497 1815 3556 potest
1836 3503 1955 3544 esse

383 3589 477 3634 aut
515 3593 701 3634 semen
750 3588 1034 3640 sanctum,
1086 3587 1180 3632 aut
1223 3579 1584 3633 contrarium.
1624 3581 1763 3634 Audi
1809 3583 1954 3636 enim

377 3669 605 3724 Paulum
638 3667 908 3723 dicentem
941 3685 955 3722 :
987 3667 1130 3720 Nam
1160 3667 1216 3719 in
1247 3666 1459 3721 Christo
1487 3668 1618 3721 Iesu
1653 3685 1746 3738 per
1783 3667 1958 3724 Evan-

379 3762 573 3831 gelium
596 3775 689 3830 ego
711 3775 798 3812 vos
820 3757 1060 3828 genui";
1089 3766 1143 3812 et
1167 3758 1296 3812 illud
1324 3777 1336 3812 :
1363 3758 1631 3830 Quotquot
1657 3772 1956 3830 receperunt

381 3869 519 3917 eum,
547 3853 690 3905 dedit
715 3853 790 3904 eis
824 3860 1130 3918 potestatem
1156 3851 1298 3920 ﬁlios
1329 3851 1424 3904 Dei
1446 3853 1562 3918 ﬁeri
1587 3853 1668 3920 “;
1697 3863 1752 3908 et
1779 3871 1792 3908 :
1826 3853 1956 3908 0m-

383 3947 464 3999 ιιὶιι
491 3945 579 4013 qui
607 3943 736 4014 facit
762 3953 1052 4012 peccatum,
1079 3958 1143 3996 ea:
1165 3941 1374 3996 diabolo
1400 3956 1552 3997 natus
1581 3955 1655 3998 est
1677 3946 1746 4000 ⁸⁸.

452 4115 578 4170 281.
623 4115 758 4182 Quid
788 4125 965 4170 autem
1001 4115 1104 4170 sibi
1127 4117 1239 4170 vult
1275 4116 1582 4187 Scriptura,
1617 4136 1737 4174 cum
1769 4125 1961 4192 pra-ci-

351 4209 464 4278 'pit
499 4208 690 4263 semini
742 4223 994 4276 nequam,
1041 4219 1101 4262 ut
1140 4209 1280 4264 ﬁlios
1333 4227 1461 4266 suos
1505 4213 1570 4266 ad
1615 4217 1815 4270 caedem
1863 4233 1962 4286 pro

385 4301 626 4368 peccatis
659 4301 830 4368 patris
862 4300 1169 4368 pra-paret?
1193 4300 1618 4359 Observavimus
1639 4307 1750 4375 jam
1780 4310 1962 4362 multis

384 4393 441 4446 in
486 4391 645 4458 locis,
681 4392 1108 4461 uniuscujusque
1141 4407 1303 4461 opera
1347 4403 1408 4449 ιιι·
1450 4397 1644 4452 animae
1689 4398 1829 4452 fetus
1864 4416 1959 4469 ap-

2053 3218 2082 3269 ὀ
2106 3215 2428 3286 ἁμαρτωλὸς
2450 3217 2652 3278 ἐκεῖνος
2671 3231 2684 3244 ο
2725 3215 2787 3266 ού
2822 3213 2900 3284 τῷ
2929 3213 2989 3266 τὸ
3022 3213 3179 3282 γένος
3203 3215 3300 3284 τῆς
3331 3213 3536 3284 σαρκὸς
3557 3213 3649 3266 νό-

2055 3304 2147 3358 θον
2181 3304 2326 3374 ἔχειν
2377 3302 2469 3356 καὶ
2510 3303 2798 3368 ἐπίμικτον
2829 3303 2937 3355 ἀπὸ
2968 3301 3062 3354 τοῦ
3096 3301 3341 3364 Χαναὰν,
3387 3301 3527 3354 ἀλλὰ
3555 3301 3651 3355 διὰ

2053 3395 2153 3466 τὴν
2179 3396 2408 3466 μίμησιν
2427 3393 2520 3448 τοῦ
2547 3393 2788 3457 Χαναὰν,
2821 3394 3040 3465 σπέρμα
3055 3392 3278 3447 Χαναὰν
3293 3391 3650 3464 ὀνομάζεται.

2055 3487 2288 3539 Δύναται
2315 3481 2412 3539 οὖν
2438 3484 2667 3548 ἕκαστος
2698 3487 2762 3538 ἐκ
2795 3484 2894 3554 τῆς
2919 3482 3084 3556 αὐτ-οὕ
3125 3483 3236 3555 (48)
3268 3483 3653 3556 προαιρέσεως

2056 3577 2090 3648 ἢ
2137 3577 2356 3649 σπέρμα
2391 3576 2542 3644 ἆγιον
2575 3571 2760 3639 εἶναι,
2796 3553 2946 3647 aliis
2993 3553 3256 3629 ἐναντίον.
3297 3553 3501 3630 ’Ἄκουε
3537 3577 3654 3647 γὰρ

2059 3669 2272 3724 Παύλου
2305 3669 2552 3736 λέγοντος
2571 3685 2584 3698 ·
2643 3669 2740 3722 Ἐν
2766 3667 2876 3737 γὰρ
2900 3666 3134 3736 Χριστῷ
3180 3669 3376 3735 Ἰησοῦ
3407 3668 3510 3722 διὰ
3539 3668 3653 3723 τοῦ

2053 3761 2424 3830 Εὐαγγελίου
2452 3757 2566 3829 ἐγὼ
2588 3756 2744 3827 ὑμᾶς
2767 3755 3096 3828 ἐγέννησα·
3124 3759 3218 3811 καὶ
3237 3759 3317 3823 τὺ,
3344 3760 3510 3812 Ὅσοι
3537 3760 3653 3830 (49)

2059 3852 2281 3906 ἔλαϐον
2336 3850 2543 3915 αὑτὸν,
2584 3851 2806 3904 ἔδωκεν
2857 3849 3064 3916 αὐτοῖς
3115 3851 3408 3914 ἐξουσίαν
3465 3851 3657 3906 τέκνα

2065 3941 2212 3997 Θεοῦ
2243 3942 2522 4010 γενέσθαι
2541 3959 2555 3972 ·
2592 3943 2708 4005 καὶ,
2757 3942 2882 4007 Πᾶς
2913 3945 2946 3995 ό
2987 3941 3173 3996 ποιῶν
3205 3941 3323 4008 τὴν
3355 3941 3658 4010 ἁμαρτίαν

2061 4035 2129 4100 ἐκ
2155 4033 2260 4086 τοῦ
2291 4033 2572 4087 διαϐόλου
2611 4033 2976 4104 γεγέννηται.

2132 4127 2261 4181 281.
2301 4126 2365 4178 Τί
2397 4126 2453 4178 δὲ
2485 4125 2805 4196 βουλόμενος
2839 4128 2868 4179 ὁ
2899 4126 3053 4195 λόγος
3079 4127 3416 4199 προστάσσει
3443 4127 3519 4198 τῷ
3549 4147 3655 4182 πο-

2062 4217 2214 4289 νηρῷ
2255 4216 2550 4286 σπέρματι,
2589 4217 2874 4285 ἑτοιμάσαι
2906 4217 2974 4269 τὰ
3002 4217 3168 4270 τέκνα
3201 4218 3364 4270 αὐτοῦ
3391 4219 3472 4280 εἰς
3506 4235 3657 4288 σφα-

2064 4310 2168 4380 γὴν
2204 4311 2324 4377 ταῖς
2355 4308 2653 4378 ἁμαρτίαις
2689 4307 2782 4360 τοῦ
2830 4309 3066 4379 πατρός;
3101 4307 3374 4377 Πολλαχοῦ
3410 4311 3656 4378 τετηρή-

2066 4417 2264 4470 καμεν,
2295 4399 2362 4451 τὰ
2394 4399 2622 4451 ἑκάστου
2657 4397 2790 4468 ἔργα
2832 4399 2928 4452 καὶ
2958 4400 3083 4462 τοὺς
3117 4401 3362 4468 καρποὺς
3404 4399 3502 4470 τῆς
3544 4399 3656 4468 ψυ-

385 4483 575 4554 pellari
605 4484 760 4538 ﬁlios.
801 4483 1110 4539 Saluabitur
1149 4487 1310 4551 enim,
1349 4488 1545 4556 inquit,
1590 4506 1686 4558 per
1727 4492 1947 4558 ﬁliorum

2133 4508 2165 4557 ς
2189 4489 2356 4542 τέκνα
2387 4489 2914 4560 προσαγορεύεσθαι.
2942 4487 3281 4556 Σωθήσεται
3317 4488 3448 4557 γὰρ,
3490 4492 3654 4560 φησὶ,

386 4579 790 4646 generationem,
809 4577 852 4629 si
880 4578 1166 4631 manserint
1196 4577 1252 4630 in
1277 4579 1382 4645 ﬁde
1407 4590 1454 4633 et
1478 4579 1753 4636 dilectione
1769 4593 1818 4635 et
1833 4601 1959 4636 san-

387 4666 702 4736 ctiﬁcatioue
747 4682 864 4718 eum
891 4664 1174 4722 sobrietate
1204 4668 1270 4722 ⁸⁸.
1303 4669 1436 4722 Nam
1473 4671 1676 4737 anima,
1705 4681 1959 4742 tanquam

390 4770 528 4812 uxor
555 4757 736 4827 sponsi
787 4757 877 4826 qui
911 4757 1170 4826 deceptus
1219 4773 1325 4813 non
1373 4770 1478 4824 est,
1511 4761 1658 4816 salva
1707 4761 1958 4830 eﬂicitur,

460 4891 506 4925 ⁸⁷
540 4891 674 4944 Dan.
707 4906 835 4955 xm,
859 4889 966 4944 '56.
1047 4890 1090 4923 ⁸⁸
1118 4893 1280 4948 lCor.
1324 4912 1398 4964 tv,
1430 4897 1517 4952 15.

464 5055 578 5126 (44)
619 5054 970 5128 Sienterque
1020 5055 1262 5128 combel'.
1311 5057 1746 5128 perindeqatque
1797 5063 1964 5114 nostri

391 5123 624 5200 codices.
662 5123 802 5200 Editi
838 5125 1010 5200 fusius
1048 5123 1342 5190 ὰναστῶσί,
1385 5127 1480 5200 καὶ
1519 5123 1968 5200 κληρονομήσωσι

389 5197 490 5271 τῂν
513 5195 638 5271 γῆν.
676 5197 781 5250 Sed
830 5211 952 5271 cum
988 5197 1104 5250 haec
1149 5201 1330 5259 verba,
1377 5199 1471 5250 καὶ
1519 5195 1970 5271 κληρονομῆσωσι

393 5265 494 5338 τὴν
524 5267 652 5336 γῆν,
695 5280 798 5338 non
832 5265 1216 5338 interpretetur
1245 5279 1452 5338 uitetur,
1477 5337 1484 5338 ί
1506 5265 1794 5322 veriéimile
1818 5265 1969 5324 'tnilti

395 5336 476 5401 lit,
533 5336 782 5390 librarios
827 5351 888 5388 eu
945 5337 1048 5390 huc
1089 5352 1155 5389 ex
1203 5341 1316 5388 suis
1375 5337 1561 5390 Bibliis
1609 5340 1970 5394 transtulisse.

367 5421 370 5424 ’
395 5406 594 5460 Ibidem
623 5417 730 5458 tres
764 5421 894 5459 mss.
923 5416 978 5458 et
1005 5407 1154 5472 editi,
1185 5405 1289 5474 γῆν
1317 5407 1546 5471 πόλεων,
1581 5406 1838 5472 Impleunt
1866 5421 1977 5462 ter-

395 5491 511 5548 ram
551 5475 1131 5548 civitatibus._angata
1173 5491 1415 5548 quoque,
1467 5477 1650 5545 Neque
1689 5479 1971 5548 implebunt

399 5543 587 5613 facient
627 5543 764 5597 orbis
799 5543 1090 5613 ciuitatum.
1137 5543 1207 5598 At
1251 5543 1315 5598 in,
1353 5548 1472 5602 aliis
1519 5543 1727 5602 (inultus
1759 5543 1889 5604 inss.
1919 5562 1976 5604 et.

399 5605 720 5737 ξὲειὰὸἐὶἓξὲ
770 5605 984 5684 legitur,
1015 5616 1120 5686 γῆν
1167 5615 1440 5687 πολέμων,
1475 5616 1542 5671 Et
1577 5619 1824 5688 impleant
1866 5631 1974 5674 ter-

1594 4897 1639 4930 ⁸⁹
1669 4897 1828 4953 .loan.
1865 4915 1918 4964 ι,
1959 4900 2030 4954 12

2064 4582 2160 4636 διὰ
2189 4580 2300 4648 τῆς
2338 4582 2740 4649 τεκνογονίας,
2783 4582 2892 4635 ἐὰν
2915 4582 3205 4651 μείνωσιν
3225 4580 3512 4633 ἐνπίστει
3550 4580 3658 4634 καὶ

2064 4675 2263 4746 ἀγάπῃ
2317 4674 2415 4728 καὶ
2457 4672 2729 4744 ἁγιασμῷ
2761 4674 2912 4742 μετὰ
2939 4673 3362 4741 σωφροσύνης.
3409 4671 3657 4735 Σώζεται

2066 4767 2174 4836 γὰρ
2209 4769 2242 4836 ἡ
2279 4765 2446 4836 ψυχὴ,
2471 4767 2546 4828 ὡς
2569 4763 2707 4834 γυνὴ
2759 4763 2850 4816 τοῦ
2891 4764 2965 4834 μὴ
2996 4762 3367 4834 ἀπατηθέντος
3391 4762 3658 4832 νυμφίου,

2158 4901 2202 4932 ⁸⁰
2250 4901 2263 4952 l
2293 4900 2447 4954 Joan.
2475 4915 2570 4959 ιιι,
2595 4897 2648 4950 8.
2725 4897 2768 4928 ⁵¹
2817 4898 2834 4950 1
2885 4897 3024 4951 Tim.
3057 4913 3117 4963 ιι,
3144 4897 3230 4950 i5.

2149 5060 2525 5139 (im-Codices
2573 5059 2831 5129 auinqur,
2882 5061 2980 5131 τῆς
3024 5060 3305 5132 σαρκίνης.
3346 5061 3511 5125 Editi,
3553 5065 3658 5136 τῆς

2077 5147 2366 5200 σαρκικης.
3377 5189 3385 5192 ,η

2150 5199 2262 5272 (sti)
2302 5199 2519 5267 Antiqui
2554 5201 2659 5252 duo
2691 5200 2835 5262 libri,
2871 5202 2926 5252 ὲν
2956 5203 3020 5272 τῇ
3054 5201 3403 5272 κοσμογονίᾳ.

2151 5271 2263 5340 (47)
2296 5272 2522 5322 Codices
2554 5271 2812 5334 nonnulli,
2841 5271 3152 5339 γενόμενον.

2151 5342 2264 5412 (48)
2302 5345 2354 5392 lu
2397 5343 2591 5392 nostris
2618 5343 2866 5412 quinque
2903 5359 3046 5412 mss.
3096 5342 3307 5410 legitur,
3356 5341 3523 5394 αὑτοῦ
3550 5358 3564 5371 ⁸
3604 5343 3657 5396 iu

2081 5409 2240 5484 editis
2265 5425 2414 5484 vero,
2448 5409 2664 5484 satu-too.
2714 5409 2862 5464 llaud
2901 5411 3058 5479 longe
3088 5413 3344 5484 vacillant
3377 5412 3486 5484 γάρ
3535 5423 3658 5481 post

2079 5482 2315 5535 verbum.
2335 5479 2495 5532 ἄκουε
2523 5497 2587 5532 ex
2627 5483 2832 5531 duobus
2868 5497 2996 5532 mss.
3032 5482 3230 5534 addidi.

2153 5549 2435 5624 (49)]ᾷιιιιῡ
2472 5565 2624 5617 ειιψιθ
2648 5568 2709 5602 ac
2735 5562 3114 5624 lextnssacer,
3145 5551 3298 5604 Ὅσοι
3323 5550 3401 5604 δέ.
3434 5550 3502 5605 At
3533 5566 3657 5624 pap-

2087 5620 2252 5676 liculu'
2278 5620 2337 5673 δέ
2375 5623 2427 5686 ιιι
2465 5639 2592 5674 mss.
2633 5635 2739 5673 non
2770 5622 3055 5690 reperitur.
