3810 6214
406 289 514 346 615
1364 273 1710 331 APPENDIX
1748 270 2037 329 OPERUM
2075 269 2134 326 S.
2174 265 2423 323 BASILII
2460 265 2697 320 MAGNI.
3572 264 3682 321 616

409 411 656 457 acturum
689 411 748 452 se
777 408 896 451 esse
926 393 978 447 in
1014 392 1310 447 desertum.
1336 387 1601 443 Cmterum
1636 399 1815 456 prava!
1846 382 1997 438 habi-

2161 382 2202 433 ῖ.
2226 380 2479 450 Πονηρᾶς
2504 377 2560 430 δὲ
2585 378 2852 448 οἰκήσεως
2883 378 2994 450 (58)
3023 380 3323 452 ἐρήμωσις,
3357 380 3455 433 καὶ
3477 395 3687 449 συγκε-

415 493 636 546 tatiouis
679 486 943 548 vastatio,
992 483 1223 549 vitaeque
1273 479 1509 533 c0nl'usm
1560 485 1615 531 et
1662 476 1989 544 perturbant:

2166 468 2326 539 μένου
2346 468 2461 538 βίου
2485 468 2809 537 ἀφανισμὸς,
2837 469 3039 537 ἀγαθον
3072 469 3535 540 περισπούδαστόν
3560 470 3684 523 ἐστι

415 583 663 638 abolitio.
702 581 898 634 bonum
941 573 1207 643 quoddant
1238 581 1320 624 est
1359 583 1521 623 sensu
1557 578 1611 620 et
1639 577 1817 620 mente
1849 579 1988 631 prte-

415 674 546 726 ilitis
595 671 751 723 valde
804 667 1191 735 exuptandutn.
1250 662 1477 716 Tantam
1529 669 1706 711 autem
1759 658 1993 709 minatur

418 762 534 815 fore
576 760 861 831 Babylonis
896 757 1230 817 vastitatem,
1268 764 1325 805 ιιι
1363 752 1526 804 homo
1570 748 1898 818 Babylonius
1940 745 1992 797 in

421 868 483 907 ea
521 868 624 905 non
682 852 752 903 sit
801 849 1033 917 amplius
1081 846 1456 907 habitaturus,
1509 841 1602 894 sed
1653 842 1762 892 sint
1807 835 1995 891 hericii

422 942 748 1012 subrogandi
782 942 832 993 iu
878 939 1154 993 hominum
1202 936 1400 988 locum.
1452 934 1544 987 Est
1587 941 1763 983 autem
1797 926 1998 980 animal

423 1036 555 1090 illud
611 1034 797 1103 rigidis
856 1042 910 1084 et
959 1027 1286 1082 acntissitnis
1337 1025 1509 1093 spinis
1550 1023 1995 1088 circumseptum,

423 1124 566 1195 quod
607 1135 658 1176 et
688 1129 846 1189 caput
880 1130 935 1173 et
965 1120 1145 1187 pedes,
1182 1131 1303 1169 cum
1343 1115 1475 1176 vult,
1508 1111 1803 1173 contrahit,
1841 1120 2001 1176 atque

425 1215 715 1285 perfectam
752 1214 975 1281 sphzcra:
1016 1210 1243 1279 ligarant
1280 1207 1486 1268 sumit,
1529 1204 1663 1256 adeo
1689 1202 1852 1254 utrix
1883 1215 2005 1268 pos-

427 1306 498 1360 sit
530 1305 670 1372 capi,
705 1304 877 1372 capite
905 1310 960 1354 et
1002 1300 1227 1368 pedibus
1262 1296 1404 1349 intra
1447 1294 1644 1361 spiram
1680 1308 1802 1345 sese
1846 1288 2004 1343 colli-

429 1398 700 1467 gentibus,
746 1405 909 1460 atque
957 1389 1243 1460 superhcie
1288 1387 1461 1455 spinis
1495 1383 1772 1445 undelibet
1816 1381 2007 1433 inhor-

430 1496 698 1542 resceute.
745 1483 857 1538 lIuc
896 1489 1082 1548 utique
1115 1478 1316 1532 animal
1348 1477 1548 1540 solum,
1583 1475 1664 1527 vel
1694 1475 2004 1541 quiescens,

431 1578 532 1632 sibi
558 1578 623 1629 in.
646 1577 877 1629 idiantcs
901 1572 1198 1626 ulciscitur.
1224 1568 1325 1634 Qui
1347 1569 1492 1621 enim
1510 1567 1559 1620 ei
1577 1564 1747 1632 injicit
1769 1576 2004 1626 manum,

435 1668 670 1739 graviter
698 1664 949 1735 pungitnr
978 1702 993 1727 ,
1054 1670 1108 1715 et
1162 1671 1362 1727 quanto
1404 1656 1575 1725 magis
1626 1654 1856 1711 voluerit
1890 1652 2009 1719 quis

435 1719 564 1814 illud
595 1758 989 1823 couSIriugere,
1023 1761 1171 1806 tanto
1202 1750 1420 1820 gravius
1450 1748 1621 1815 spinis
1653 1743 2008 1813 transfigitur.
2042 1719 2088 1778 Β

506 1850 634 1904 285.
673 1847 837 1901 Forte
866 1846 1027 1913 igitur
1063 1844 1339 1897 hominum
1393 1853 1572 1893 mores
1614 1837 1825 1893 occulte
1851 1837 2016 1904 signi-

436 1942 585 2005 ﬁcat,
630 1943 748 1994 vice
801 1938 1214 2008 Babyloniorum
1262 1933 1447 1986 urbem
1498 1931 1822 1992 habitantes,
1863 1930 2015 1983 inso-

436 2033 677 2095 ciabiles,
709 2032 862 2098 longe
897 2030 964 2081 ab
1009 2028 1237 2080 aliorum
1291 2022 1483 2092 agendi
1522 2023 1735 2076 ratione
1785 2021 2015 2083 alienos,

438 2136 494 2181 et
533 2124 795 2195 asperiori
836 2123 958 2174 vita;
991 2118 1237 2173 inStituto
1269 2115 1584 2184 gaudentes.
1626 2112 1762 2166 Nam
1810 2112 2019 2165 anima-

439 2217 566 2272 lium
595 2216 802 2283 species
825 2214 889 2266 ad
918 2208 1303 2280 exprimendus
1340 2206 1615 2260 hominum
1660 2218 1835 2257 mores
1860 2217 2017 2258 assu-

439 2308 538 2371 mi,
567 2306 710 2360 Petri
754 2306 960 2357 visione
991 2300 1166 2355 edocti
1216 2313 1427 2361 sumus,
1475 2295 1911 2365 quandoquidem
1966 2294 2018 2349 in

440 2411 570 2450 vase
616 2411 648 2450 e
701 2395 854 2449 caelis
890 2391 1248 2445 descendente
1292 2402 1455 2442 oame
1498 2387 1809 2440 animalium
1854 2400 2022 2455 genus

444 2487 645 2551 inerat,
700 2483 991 2553 reptilium,
1052 2479 1329 2533 volucrum
1390 2485 1444 2530 et
1500 2476 1906 2546 quadrupedum
1951 2475 2019 2528 ⁸⁸.

445 2577 723 2632 Iudicabat
746 2575 887 2628 enim
919 2572 1197 2640 Scriptura
1226 2584 1319 2624 eos
1349 2568 1438 2637 qui
1462 2583 1491 2620 a
1532 2568 1763 2623 diversis
1790 2570 2025 2637 peccatis

446 2674 605 2720 erant
634 2666 700 2718 ad
733 2665 888 2717 Iidem
914 2660 1238 2723 adducendi,
1275 2668 1367 2712 aut
1392 2658 1829 2726 quadrupedibus
1873 2658 2025 2713 simi-

445 2756 526 2810 les
558 2770 680 2811 esse
708 2756 778 2809 ob
808 2768 986 2807 mores
1022 2752 1305 2810 belluinos,
1331 2759 1424 2802 aut
1453 2749 1731 2817 reptilibus
1760 2750 1828 2803 ob
1859 2763 2024 2802 vene~

449 2862 599 2910 imm,
645 2855 738 2900 aut
766 2844 1068 2899 volucribus
1097 2844 1166 2896 ob
1193 2841 1464 2896 levitatem
1500 2849 1554 2894 et
1580 2840 2018 2894 inconstantiam.

448 2936 616 2998 Forte
651 2940 812 3007 igitur
861 2936 1183 3007 hei-inaccus
1237 2934 1398 2988 etiam
1447 2948 1542 3002 per
1569 2933 1920 3002 tropologiazn
1971 2932 2025 2985 in

451 3006 735 3099 Scriptura
777 3006 1031 3096 designat
1056 3024 1306 3078 homines
1337 3024 1583 3092 aliquos;
1630 3022 1707 3075 uti
1750 3032 2027 3091 serpentes

451 3126 708 3180 denotant
741 3119 1064 3173 Sadducaeos
1093 3126 1147 3169 et
1183 3114 1546 3169 Pharisatos'”
1571 3131 1586 3180 ;
1615 3113 1822 3182 Vulpes,
1855 3113 2027 3166 Ilers-

452 3216 574 3269 dem
605 3213 650 3243 ⁵⁸
681 3226 696 3276 ;
746 3209 870 3277 cqui
928 3198 1142 3261 feu'i'iinis
1181 3206 1475 3270 inhiantes,
1524 3204 1895 3274 voluptuarios
1932 3204 1979 3235 ⁵⁸
2009 3221 2024 3268 ;

452 3319 605 3369 oves,
637 3300 993 3369 simpliciores
1022 3298 1100 3363 ⁶⁰;
1130 3297 1348 3361 Ιιωιιιιιὶ,
1390 3296 1636 3349 inimicos
1670 3296 1945 3349 societatis
1978 3303 2034 3350 et

455 3407 671 3448 avaros.
699 3391 877 3456 Quare
903 3396 957 3442 et
993 3387 1196 3441 hericio
1228 3386 1443 3440 animali
1481 3386 1623 3454 quod
1650 3385 2033 3442 incolumitatis

456 3497 569 3539 sua:
597 3496 744 3549 spent
781 3479 834 3531 in
884 3478 1000 3533 suis
1065 3478 1235 3546 ipsius
1280 3476 1452 3545 Spinis
1499 3476 1746 3543 collocat,
1797 3491 1895 3545 par
1950 3483 2036 3530 est

458 3570 762 3640 comparari
819 3570 1015 3623 divites
1058 3567 1263 3621 scilicet
1294 3567 1450 3637 hujus
1478 3568 1681 3632 saeculi,
1719 3582 1854 3635 quos
1901 3566 2035 3619 dixit

458 3667 721 3723 Dominus
756 3662 926 3730 spinis
960 3660 1071 3714 suis
1095 3658 1361 3714 sulfocare
1408 3659 1655 3724 verbum,
1689 3673 1752 3710 ac
1794 3658 1922 3710 illud
1952 3658 2035 3710 in-

460 3757 797 3812 fructuosum
828 3754 1053 3808 reddere
1082 3752 1148 3804 ⁶¹.
1185 3751 1475 3817 Ιὶοιιίεθιυι·
1503 3761 1681 3802 autem
1710 3746 1950 3818 Babylon
1981 3748 2033 3802 in

458 3847 712 3909 nihilum,
752 3856 808 3899 et
846 3846 950 3898 erit
979 3854 1037 3896 ut
1073 3842 1168 3896 luti
1214 3842 1552 3895 barathrum.
1590 3839 1669 3892 Ad
1711 3854 1822 3892 rem
1860 3840 2035 3891 sensi-

459 3939 621 3994 bilem
653 3938 796 4007 quod
844 3939 1061 3997 attinet,
1105 3934 1308 3988 iudicat
1347 3932 1631 3998 Scriptura
1662 3929 1801 3994 fore,
1844 3940 1901 3982 ut
1934 3928 2034 3981 llu-

460 4030 582 4085 vius
622 4028 923 4093 Euphrates
948 4065 963 4090 ,
1007 4026 1146 4079 hanc
1196 4024 1426 4078 mediam
1479 4025 1835 4088 intersecans,
1876 4023 2036 4094 595

464 4136 564 4174 nec
592 4120 795 4172 exitum
827 4118 1097 4186 reperiens
1127 4131 1220 4186 per
1241 4117 1475 4180 alveum,
1504 4132 1731 4185 eamque
1752 4116 2036 4178 inundans,

465 4211 636 4281 ipsam
685 4210 1008 4263 demoliatur
1041 4208 1305 4272 funditus,
1354 4220 1740 4276 convertatque
1784 4209 1836 4261 in
1884 4211 2040 4260 bara-

467 4303 645 4357 thrmn
675 4318 778 4355 non
804 4317 942 4369 aqua
974 4300 1216 4368 litnpida,
1248 4298 1341 4352 sed
1375 4299 1501 4351 liino
1539 4301 1817 4351 relertum.
1852 4298 2039 4350 Enim-

2095 565 2211 624 τοῖς
2241 560 2673 630 αἰσθανομένοις.
2718 560 2840 612 Ἐπὶ
2873 561 3127 615 τοσοῦτον
3170 564 3227 615 δὲ
3273 561 3370 632 τὴν
3401 563 3688 633 ἐρήμωσιν

2098 653 2313 706 ἀπειλεῖ
2352 652 2449 723 τῆς
2480 651 2844 715 Βαϐυλωνίας,
2880 652 3020 705 ὥστε
3054 652 3337 723 ἄνθρωπον
3374 653 3472 723 μὲν
3502 653 3689 706 Βαϐυ-

2096 744 2283 799 λώνιον
2325 744 2519 814 μηκέτι
2555 747 2846 809 κατοικεῖν,
2897 745 3105 813 ἐχίνους
3151 745 3206 797 δὲ
3241 743 3686 811 ἀντεισάγεσθαι.

2100 837 2258 890 Ἔστι
2288 835 2343 888 δὲ
2375 835 2435 888 τὸ
2459 834 2596 900 ζῶον
2624 834 2778 887 τοῦτο
2814 834 3077 905 σκληραῖς
3109 836 3201 888 καὶ
3234 835 3523 898 ὀξυτάταις
3572 834 3689 904 (59)

2098 926 2364 989 ἀκάνθαις
2400 926 2942 997 περιπεφραγμένον,
2979 927 3072 979 καὶ
3115 926 3356 997 κεφαλὴν
3388 927 3482 979 καί
3512 926 3691 988 πόδας

2102 1017 2375 1079 συνέλκον,
2404 1018 2491 1069 ὅτε
2529 1016 2799 1086 βούλεται,
2830 1018 2924 1070 καὶ
2946 1018 3025 1079 εἰς
3052 1017 3278 1087 ἀκριϐὲς
3306 1018 3498 1088 σχῆμα
3532 1016 3697 1085 σφαί-

2106 1125 2203 1179 ρας
2237 1107 2398 1160 ἑαυτὸ
2448 1107 2803 1177 σχηματίζον,
2843 1107 2983 1160 ὥστε
3036 1108 3339 1178 δύσληπτον
3386 1104 3547 1170 εἶναι,
3588 1108 3695 1176 τῆς

2108 1201 2207 1273 μὲν
2234 1202 2479 1270 κεφαλῆς
2504 1201 2597 1253 καὶ
2620 1200 2727 1267 τῶν
2753 1200 2928 1253 ποδῶν
2958 1200 3485 1280 συνεσπειραμένων,
3510 1200 3612 1269 τῆς
3636 1198 3698 1253 δὲ

2105 1292 2429 1362 ἐπιφανείας
2488 1290 2822 1359 πανταχόθεν
2873 1290 3284 1361 ἡκανθωμένης.
3344 1291 3521 1343 Μόνον
3581 1292 3697 1364 γὰρ

2108 1383 2247 1448 ζῶον
2272 1383 2427 1436 τοῦτο
2450 1383 2720 1454 ἡσυχάζον
2759 1381 3025 1453 ἀμύνεται
3062 1385 3187 1445 τοὺς
3218 1381 3697 1445 ἐπιϐουλεύοντας.

2120 1476 2178 1528 ὐ
2201 1475 2311 1546 γάρ
2338 1474 2610 1527 ἐπιϐαλὼν
2640 1472 2788 1543 αὐτῷ
2816 1473 2915 1537 τὰς
2944 1477 3130 1544 χεῖρας
3153 1475 3458 1543 ἀμύσσεται
3479 1474 3699 1539 δεινῶς,

2110 1567 2206 1620 καὶ
2257 1568 2475 1637 ὅσῳπερ
2529 1565 2595 1619 ἂν
2650 1564 2813 1618 πλέον
2872 1566 3005 1620 αὐτὸ
3058 1564 3167 1637 (60)
3226 1566 3458 1637 βουληθῇ
3522 1585 3702 1621 κατα-

2113 1657 2356 1729 σφίγξαι,
2387 1656 2626 1712 τοσούτω
2665 1656 3048 1730 χαλεπώτερον
3082 1661 3204 1722 ταῖς
3235 1657 3497 1715 ἀκάνθαις
3540 1675 3705 1728 περι-

2120 1750 2393 1821 πείρεται.

2188 1841 2312 1895 E85.
2337 1840 2487 1911 Τάχα
2520 1836 2612 1893 οὗν
2641 1838 2745 1912 ἢθη
2776 1840 3077 1912 ἀνθρώπων
3103 1842 3401 1895 αἰνίσσεται
3439 1841 3563 1895 ἀντὶ
3590 1840 3706 1895 τῶν

2116 1932 2474 1986 Βαϐυλωνίων
2513 1933 2873 2003 ἐνοικήσαντα
2895 1935 2961 2003 τῇ
2998 1932 3170 1997 πόλει,
3207 1932 3571 2003 ἀκοινώνητα,
3602 1933 3708 1985 ἀπ-

2121 2022 2408 2087 ιδιαστικὰ,
2450 2022 2786 2092 σκληροτέρα
2811 2024 2877 2092 τῇ
2910 2023 3098 2093 ἀγωγῇ
3129 2022 3407 2092 χαίροντα.
3440 2023 3564 2073 ’Ότι
3593 2020 3708 2093 γὰρ

2118 2114 2187 2167 τὰ
2211 2114 2326 2184 εἴδη
2355 2113 2461 2166 τῶν
2497 2113 2657 2178 ζώων.
2679 2113 2815 2184 πρὸς
2834 2113 2902 2166 τὰ
2931 2114 3037 2166 τῶν
3068 2112 3366 2185 ἀνθρώπων
3394 2113 3498 2184 ἢθη
3534 2131 3710 2184 μετα-

2119 2203 2478 2274 λαμϐάνεται,
2515 2202 2870 2273 ἐδιδάχθημεν
2898 2203 3006 2255 ἀπὸ
3035 2202 3134 2272 τῆς
3172 2203 3434 2266 ὀπτασίας
3468 2203 3706 2275 Πέτρου,

2120 2296 2209 2348 ὅτε
2235 2297 2292 2347 ἐν
2317 2294 2393 2365 τῷ
2420 2294 2601 2348 σκεύει
2632 2294 2709 2365 τῷ
2732 2294 3041 2366 καθιεμένῳ
3072 2299 3135 2349 ἐκ
3168 2296 3277 2348 τῶν
3314 2297 3560 2366 οὐρανῶν
3596 2300 3708 2350 πᾶν

2122 2381 2260 2450 εἶδος
2293 2381 2359 2456 ἦν
2398 2384 2571 2450 ζώων,
2612 2385 2857 2455 ἑρπετῶν
2888 2387 2983 2439 καὶ
3017 2387 3277 2439 πετεινῶν
3312 2388 3403 2439 καὶ
3433 2387 3710 2457 τετραπό-

2122 2478 2246 2532 δων.
2305 2479 2583 2549 ᾘνίσσετο
2632 2478 2742 2549 γὰρ
2786 2481 2815 2532 6
2842 2477 3015 2547 ’λόγος
3062 2481 3189 2544 τοὺς
3245 2480 3533 2550 μέλλοντας
3599 2480 3710 2532 ἀπὸ

2125 2570 2385 2624 ποικίλων
2422 2571 2833 2642 ἁμαρτημάτων
2864 2572 2928 2641 τῇ
2955 2570 3131 2623 πίστει
3155 2571 3548 2641 προσάγεσθαι,
3580 2571 3711 2624 τού·-

2124 2678 2250 2724 τους
2281 2656 2417 2713 εἶναι
2455 2662 2582 2721 τοὺς
2610 2660 2995 2731 ώμοιωμένους
3043 2661 3074 2730 ἢ
3124 2662 3470 2732 τετραπὸδοις
3510 2661 3600 2714 διὰ
3648 2662 3711 2714 τὸ

2127 2753 2401 2826 κτηνῶδες
2419 2768 2432 2782 ·
2462 2753 2494 2824 ἢ
2521 2754 2771 2823 ἑρπετοῖς
2793 2752 2882 2805 διὰ
2912 2753 2973 2805 τὸ
3009 2753 3210 2805 ἰοϐόλον
3228 2770 3242 2783 ·
3270 2754 3302 2825 ἢ
3332 2756 3600 2817 πετεινοῖς
3621 2753 3711 2806 διὰ

2126 2845 2188 2897 τὸ
2229 2844 2428 2912 κοῦφον
2460 2843 2554 2896 καὶ
2590 2843 2840 2897 ἄστατον.
2872 2842 2983 2896 Καὶ
3011 2845 3039 2895 6
3075 2845 3249 2912 ἐχῖνος
3287 2838 3378 2895 οὖν
3408 2844 3527 2894 ἐστι
3560 2842 3712 2913 παρὰ

2126 2937 2193 3006 τῇ
2234 2935 2424 3005 Γραφῇ
2462 2933 2603 3002 τάχα
2637 2931 3130 3002 τροπολογούμενος
3178 2932 3268 2983 ἐπί
3316 2949 3467 2994 τινας
3500 2931 3713 3000 ἀνθρώ-

2131 3042 2287 3090 πους,
2330 3023 2405 3086 ὡς
2433 3026 2481 3076 οἱ
2516 3023 2667 3091 ὅφεις
2710 3022 2801 3073 ἐπὶ
2842 3022 2967 3083 τοὺς
3010 3021 3393 3084 Σαδδουκαίους
3435 3021 3530 3073 καὶ
3553 3022 3716 3093 Φαρι-

2134 3116 2317 3178 σαίους
2338 3132 2350 3144 ·
2407 3114 2502 3167 καὶ
2554 3116 2582 3167 6
2625 3112 2851 3182 ἀλώπηξ
2879 3113 2972 3164 ἐπὶ
2998 3114 3088 3165 τὸν
3127 3112 3372 3184 Ἡρώδην
3391 3130 3405 3142 ·
3436 3113 3530 3167 καὶ
3556 3114 3715 3166 ἵπποι

2132 3208 2458 3278 θηλυμανεῖς
2501 3207 2594 3258 ἐπὶ
2630 3205 2757 3269 τοῦς
2810 3206 3154 3276 φιληδόνους·
3197 3206 3266 3259 τὰ
3317 3205 3574 3275 πρόϐατα
3621 3206 3717 3258 ἐπὶ

2129 3298 2254 3359 τοὺς
2300 3295 2685 3365 ἀκακωτέρους
2725 3293 2832 3346 τῶν
2874 3294 3208 3364 ἀνθρώπων
3258 3294 3327 3347 τὰ
3376 3294 3565 3364 ἐρίφια
3620 3295 3718 3346 ἐπὶ

2130 3389 2256 3449 τοὺς
2286 3388 2683 3458 ἀκοινωνήτους
2713 3388 2805 3439 καὶ
2836 3386 3214 3457 ἀμεταδότους.
3249 3385 3411 3438 ’Ὥστε
3458 3386 3553 3437 καὶ
3586 3387 3716 3449 τοὺς

2133 3481 2345 3551 ἐχίνους
2376 3479 2595 3547 εὔλογον
2624 3477 3057 3548 παραϐαλέσθαι,
3100 3476 3223 3547 ζώω
3260 3476 3356 3547 τὴν
3388 3476 3583 3529 ἐλπίδα
3621 3475 3716 3531 τοῦ

2136 3571 2212 3641 μὴ
2257 3569 2623 3641 βλαϐήσεσθαι
2658 3570 2749 3622 ἐπὶ
2790 3571 2911 3632 ταῖς
2942 3569 3169 3632 οἰκείαις
3208 3567 3473 3629 ἀκάνθαις
3512 3567 3715 3637 ἔχοντι,

2133 3663 2259 3724 τοὺς
2293 3662 2578 3724 πλουσίους
2605 3659 2699 3715 τοῦ
2728 3661 2923 3724 αἰῶνος
2959 3660 3148 3713 τούτου
3187 3659 3317 3730 (6i),
3346 3659 3441 3723 οὓς
3474 3661 3583 3713 ὑπὸ
3612 3660 3719 3713 τῶν

2137 3753 2281 3807 ίδίων
2325 3753 2576 3807 ἀκανθῶν
2630 3754 2950 3823 συμπνίγειν
2980 3752 3071 3807 τὸν
3124 3752 3316 3819 λόγον,
3381 3753 3477 3806 καί⁵
3538 3754 3719 3819 ἄκαρ-

2136 3861 2235 3896 πον
2278 3846 2451 3896 ποιεῖν
2507 3845 2536 3896 6
2588 3844 2793 3914 Κύριος
2842 3844 3049 3913 εἴρηκε.
3104 3842 3391 3913 Γενήσεται
3445 3842 3503 3895 δὲ
3552 3845 3587 3913 ἠ
3617 3844 3722 3895 Βα-

2138 3935 2313 3990 ϐυλὼν
2374 3937 2453 4000 εἰς
2503 3935 2674 4000 οὐδὲν,
2739 3935 2834 3989 καὶ⁹
2892 3935 2967 3998 ὡς
3028 3933 3199 4006 πηλοῦ
3262 3932 3557 4004 βάραθρον.
3636 3934 3724 3995 Ὠς

2138 4029 2274 4100 πρὸς
2295 4028 2356 4081 τὸ
2377 4028 2633 4098 αἰσθητὸν
2662 4027 2990 4081 ἐνδείκνυται
3026 4030 3054 4080 6
3088 4027 3263 4095 λόγος,
3304 4027 3384 4079 ὅτι
3411 4027 3440 4079 6
3475 4026 3723 4095 ποταμὸς

2136 4122 2165 4175 ὁ
2202 4120 2493 4193 Εὐφράτης
2541 4120 2714 4191 μέσην
2758 4119 2926 4190 αὐτὴν
2971 4119 3289 4190 διατέμντιν,
3328 4120 3401 4189 μὴ
3433 4121 3723 4188 τυγχάνων

2137 4212 2233 4282 τῆς
2281 4211 2420 4264 κατά
2464 4210 2654 4281 ῥεῖθρα
2697 4210 2953 4275 διεξόδου,
3004 4210 3340 4280 ἐλλιμνάζων
3388 4210 3550 4279 αὐτῇ.
3594 4228 3725 4263 παν-

2137 4300 2306 4364 τελῶς
2331 4300 2650 4369 ἀναφανίσει
2676 4301 2866 4372 αὐτὴν,
2896 4302 2989 4354 καὶ
3015 4300 3284 4367 ἀποδείξει
3313 4300 3423 4368 (6‘2;
3448 4300 3723 4373 βάραθρον

464 4409 593 4447 vero
619 4392 710 4461 qui
748 4392 1075 4446 exacerbant
1102 4389 1385 4444 Dominum
1416 4388 1724 4459 hujnsmodi
1755 4388 1859 4442 line
1882 4404 2022 4443 ever-

2161 4395 2240 4464 ιύχ
2280 4393 2470 4457 ὓδατος
2504 4392 2769 4464 καθαροῦ,
2814 4393 2948 4445 ἀλλὰ
2985 4392 3264 4464 βορϐόρου.
3310 4393 3564 4445 Τοιοῦτον
3617 4394 3725 4463 γαρ

464 4492 668 4536 tuntur.

532 4657 660 4713 εει.
709 4657 866 4712 Vens.
902 4655 993 4722 24,
1017 4657 1107 4712 9.5.
1137 4656 1267 4711 Hau:
1316 4663 1445 4717 dicit
1493 4656 1743 4710 Dominus
1774 4655 2039 4711 Sabaoth:

469 4746 920 4812 Quemadmodum
971 4750 1107 4814 disi,
1156 4751 1233 4802 ita
1278 4751 1373 4803 erit
1416 4765 1435 4803 :
1491 4747 1548 4802 'et
1604 4751 2043 4819 quemadmodum

463 4842 645 4904 statui,
684 4841 758 4894 ita
789 4840 1061 4895 manebit:
1100 4850 1157 4895 ut
1196 4843 1494 4911 disperdam
1527 4840 1772 4911 Assyrios
1813 4840 1869 4893 in
1899 4850 2040 4894 terra

463 4946 604 4997 mea,
632 4939 681 4985 et
707 4932 762 4984 in
784 4934 1048 4987 montibus
1078 4936 1226 4987 meis.
1270 4933 1340 4986 Et
1382 4940 1536 4986 erunt
1580 4933 1637 4985 in
1678 4932 2038 4986 conculcatt'o-

528 5067 579 5102 ⁸⁸
603 5068 724 5121 Act.
764 5081 819 5132 ι,
865 5067 951 5122 Η.
1026 5067 1071 5100 ⁸⁷
1111 5067 1300 5123 Matth.
1354 5083 1437 5133 tu,
1464 5068 1517 5119 7.

537 5226 649 5301 (58.)
802 5241 934 5280 mss.
967 5242 1175 5301 omnes.
1217 5228 1379 5301 Editi,
1423 5228 1480 5301 δὲ
1512 5228 1847 5301 διοικήσεως,
1880 5232 2037 5287 male.

541 5297 650 5368 (59)
690 5298 780 5350 Sic
822 5298 1181 5368 nisshuostri.
1211 5297 1284 5350 Ex
1313 5299 1598 5368 οξυτάταις
1636 5297 1683 5351 iii
1712 5302 1858 5367 prius
1884 5304 2042 5356 editis

470 5366 670 5425 factum
710 5367 902 5429 fuerat,
936 5366 1083 5429 ἕξεσι
1111 5371 1250 5431 ταῖς.
1283 5367 1394 5423 Nec
1428 5380 1500 5423 ita
1534 5366 1723 5425 multo
1748 5369 1889 5424 infra
1931 5373 2039 5427 duo

469 5453 629 5503 mss.,
661 5434 840 5506 ἐαυτῷ
875 5452 974 5506 σχη
984 5436 1225 5506 ματίζον.

566 5507 656 5575 60)
692 5505 1148 5578 Veteresaliquot
1176 5507 1320 5573 libri,
1357 5506 1526 5578 αὐτῷ.

546 5575 657 5645 (6|)
685 5577 861 5630 Codex
894 5575 1112 5642 Regius,
1140 5592 1298 5646 quem
1336 5575 1729 5632 nominavimus
1748 5589 2024 5645 quartum.

474 5645 567 5699 hic
600 5646 815 5704 desinit,
849 5645 1273 5713 terminaturque
1304 5648 1385 5701 his
1407 5647 1601 5711 verbis,
1634 5646 1919 5713 πλουσίους
1941 5649 2036 5703 τοῦ

471 5713 670 5777 υιίῶνος
714 5714 921 5767 τούτου.
986 5712 1107 5770 Mox
1167 5731 1296 5771 tuas.
1358 5726 1610 5786 quatuor,
1657 5718 1750 5770 καὶ
1790 5712 2039 5790 ἄκαρπον

1611 5067 1658 5099 ⁵⁸
1704 5066 1834 5122 Luc.
1869 5084 1985 5132 xm,
2021 5071 2111 5125 52.

2143 4483 2205 4535 τὸ
2254 4483 2407 4545 τέλος
2450 4482 2549 4553 τῆς
2599 4484 2977 4554 καταστροφῆς
3024 4483 3132 4536 τῶν
3179 4483 3602 4556 παροξυνάντων
3636 4484 3725 4536 τὸν

2143 4574 2370 4647 Κύριον.

2213 4666 2338 4719 284.
2390 4665 2534 4721 Τάδε
2579 4666 2742 4736 λέγει
2779 4667 2993 4734 Κύριος
3025 4665 3295 4721 Σαϐαὼθ·
3350 4667 3452 4718 Ὃν
3496 4669 3724 4734 τρόπον

2146 4757 2378 4827 εἴρηκα,
2419 4759 2607 4824 οὕτως
2638 4758 2845 4811 ἔσται·
2879 4757 2978 4810 καὶ
3025 4756 3098 4810 ὃν
3126 4758 3349 4825 τρόπον
3389 4757 3714 4820 βεϐούλευ-

2140 4865 2269 4917 μαι,
2292 4848 2475 4915 οὕτως
2498 4848 2674 4918 μενεῖ
2692 4864 2704 4876 ·
2742 4848 2849 4903 τοῦ
2874 4847 3172 4902 ἀπολέσαι
3198 4848 3340 4914 τοὺς
3370 4849 3725 4917 Ἀσσυρίους

2145 4939 2245 4993 ἐπὶ
2273 4938 2385 5007 τῆς
2417 4938 2530 5009 γῆς
2577 4938 2688 5007 τῆς
2725 4939 2896 5008 ἐμῆς.
2935 4939 3037 4993 καὶ
3071 4940 3170 4993 ἐπὶ
3208 4939 3328 4993 τῶν
3371 4939 3563 5007 ὀρέων
3609 4937 3726 4993 τῶν

2187 5073 2233 5106 ⁵⁸
2262 5071 2375 5129 Jer.
2411 5089 2463 5141 ν,
2488 5073 2542 5129 8.
2618 5074 2663 5106 ‘°
2690 5073 2878 5129 Matth.
2914 5090 2970 5139 κ,
3026 5076 3115 5132 16.
3193 5077 3235 5108 ⁶¹
3264 5076 3447 5133 Matth.
3474 5090 3604 5137 xm,
3632 5073 3723 5130 ἢ.

2145 5242 2336 5292 ποιεῖν.
2384 5239 2547 5314 Editi,
2574 5240 2893 5314 καῖ-καρπὸν
2925 5242 2999 5314 μὴ
3025 5244 3216 5305 ποιεῖν,
3246 5259 3374 5313 quos
3402 5242 3540 5314 dixit
3585 5242 3722 5314 fru-

2144 5321 2282 5383 ςμιηι
2318 5326 2421 5383 non
2452 5309 2609 5383 ferre.
2647 5309 2884 5366 Subinde
2919 5309 3151 5382 quatuor
3191 5309 3343 5377 iussa,
3371 5315 3403 5383 ἡ
3430 5311 3716 5370 Βαϐυλών.

2143 5377 2306 5449 Editi,
2335 5380 2367 5449 ἡ
2394 5378 2728 5449 Βαϐυλωνία.

2216 5448 2584 5523 (θὶλνθιει-ιτε
2613 5463 2864 5523 quatuor
2905 5452 3048 5515 libri,
3107 5455 3371 5523 ἀφανισαι
3402 5451 3597 5522 αὐτὴν,
3629 5450 3723 5504 καὶ

2143 5518 2443 5593 ἀποδεῖξαι.
2471 5518 2718 5593 ﬁupple,
2755 5520 2957 5593 μέλλει,
2987 5524 3090 5578 nisi
3140 5518 3318 5589 legere
3357 5518 3549 5585 mavis,
3581 5525 3723 5589 ἁφα-

2143 5589 2397 5662 νίσει.....
2460 5588 2769 5662 ἀποδείξει(
2828 5593 3004 5657 Editi,
3065 5588 3433 5662 ἀφανίσει.....
3503 5592 3721 5650 ἀποδεῖ-

2148 5656 2258 5722 ξαι*
2288 5673 2520 5728 quorum
2543 5660 2596 5714 in
2635 5662 2808 5719 altero
2839 5656 3028 5718 vitium
3062 5656 3283 5721 subesse
3310 5672 3545 5721 constat.
