3810 6214
164 306 273 361 617

980 306 1341 365 ’(1οΜΜΕΝΤ.
1373 308 1449 362 ἸΝ
1489 307 1722 363 lSAlAM
1762 305 2202 361 PROPHETAM.
2245 305 2402 362 CAP.
2448 306 2584 362 XIV.

3329 310 3437 365 618

165 420 352 492 ἐμῶν.
388 423 498 476 Καὶ
530 423 774 476 ἔσονται
799 424 886 487 εἰς
930 420 1348 492 καταπάτημα,
1385 424 1482 477 καὶ
1518 425 1746 492 ἀφαιρε-

1865 438 1994 485 nem,
2034 435 2078 477 et
2114 424 2383 491 auferetur
2426 424 2488 474 ab
2526 423 2600 476 eis
2641 421 2831 490 jugum
2870 422 3124 490 ipsorum,
3173 430 3223 476 et
3267 423 3439 493 gloria

166 511 420 577 θήσεται
450 513 549 566 ἀπ’
578 512 779 565 αὐτῶν
805 515 838 565 ὀ
870 510 1040 581 ζυγὸς
1063 512 1288 576 αὐτῶν,
1319 514 1416 566 καὶ
1460 514 1526 567 τὸ
1565 514 1749 579 κῦδος

167 600 375 655 αὐτῶν
398 602 517 657 ἀπὸ
539 600 659 654 τῶν
688 601 860 671 ὤμων
894 602 1113 657 αὐτῶν.
1154 604 1211 656 '0
1245 603 1343 674 μὲν
1387 605 1525 658 κατά
1571 605 1749 676 σάρκα

180 694 429 765 Ἰσραὴλ,
459 695 588 767 περὶ
615 695 716 764 τῆς
744 696 1138 767 νενομισμένης
1161 697 1341 759 αὐτοῖς
1370 698 1474 766 γῆς
1494 696 1583 750 τοῦ
1615 698 1749 751 Θεοῦ

168 781 337 850 εἶναι,
365 788 459 840 καὶ
487 786 655 859 ὀρέων
685 787 887 840 τούτων
915 789 1022 841 τῶν
1051 788 1253 859 γηίνων
1279 791 1345 859 τῇ
1371 788 1600 861 αἰσθητῇ
1630 791 1752 843 Ἰου-

169 879 298 951 δαίᾳ
330 878 468 949 (65),
499 880 591 933 τὸν
619 879 773 948 λόγον
796 879 1167 950 ὑπολαμϐάνει
1199 881 1462 951 ὑπάρχειν
1508 881 1586 952 τῷ
1615 898 1751 952 προ-

170 974 322 1042 φήτῃ
348 989 361 1001 ·
402 971 499 1024 καὶ
528 971 624 1041 τὴν
680 972 969 1043 Ἀσσυρίαν
1014 971 1357 1041 αἰχμάλωτον
1399 972 1632 1041 ἀπάγειν
1662 975 1752 1026 τὸν

181 1062 427 1133 Ἰσραὴλ,
463 1061 624 1130 ζυγὸν
653 1060 893 1124 δουλείας
920 1062 1104 1124 αὐτοῖς
1138 1062 1426 1115 ἐπιθέντα·
1463 1065 1624 1133 ἡμεῖς
1674 1065 1752 1127 δὲ,

169 1154 221 1206 οἱ
258 1152 678 1223 συνεγερθέντες
707 1152 927 1223 Χριστῷ
957 1151 1088 1223 (64),
1121 1153 1214 1206 καὶ
1235 1154 1515 1225 εὐχόμενοι
1544 1154 1613 1208 τά
1645 1154 1758 1209 ἀνω

170 1245 382 1315 ζητεῖν,
410 1246 514 1314 γῆν
551 1245 650 1315 μὲν
674 1243 1013 1315 ὀνομάζομεν
1037 1244 1132 1315 τὴν
1162 1246 1386 1315 καρδίαν
1419 1246 1519 1318 τὴν
1562 1247 1754 1317 καλὴν,

169 1337 319 1390 καθὰ
345 1338 475 1407 παρ’
502 1335 666 1389 αὑτοῦ
699 1335 1056 1406 δεδιδάγμεθα
1080 1336 1171 1390 τοῦ
1206 1337 1434 1408 Κυρίου,
1475 1337 1721 1406 λέγοντος
1740 1354 1753 1365 ·

174 1428 248 1487 ῘΟ
270 1427 340 1480 δὲ
391 1427 490 1480 ἐπὶ
522 1426 640 1495 τὴν
692 1426 809 1496 γῆν
862 1420 976 1495 τὴν
1027 1429 1227 1495 καλὴν
1278 1429 1551 1497 σπαρείς,
1581 1425 1759 1496 οὗτος

168 1525 204 1573 ὁ
266 1520 380 1573 τὸν
443 1522 630 1588 λόγον
688 1510 925 1574 ἀκούων
987 1520 1087 1574 καὶ
1165 1523 1398 1587 συνιεὶς
1461 1538 1761 1592 καρποφο-

168 1612 268 1679 ρεῖ
292 1612 429 1682 (65),
462 1612 561 1665 καὶ
588 1610 750 1664 ποιεῖ
771 1614 804 1664 ὁ
825 1611 945 1679 μὲν
976 1612 1215 1674 ἑκατὸν,
1265 1616 1298 1665 ό
1331 1612 1398 1665 δὲ
1434 1612 1756 1679 ἑξήκοντα,

169 1708 205 1757 ό
231 1703 303 1756 δὲ
334 1701 669 1771 τριάκοντα.
701 1703 810 1756 Καὶ
839 1702 964 1773 ὅρος
992 1698 1084 1756 οὖν
1116 1703 1210 1755 τοῦ
1236 1703 1368 1756 Θεοῦ
1391 1704 1608 1758 δύναται
1630 1723 1763 1776 χρη-

1851 531 2034 569 eorum
2076 515 2140 567 ab
2179 514 2410 568 humeris
2454 515 2709 580 ipsorum.
2758 515 2918 567 lsrael
2955 514 3172 583 quidem
3204 517 3441 570 carnalis

1853 607 1919 660 de
1951 617 2093 660 terra
2126 620 2285 674 quam
2337 605 2426 658 Dei
2473 620 2592 658 esse
2621 603 2953 669 existimant,
3000 605 3172 674 deque
3208 610 3440 661 terrenis

1853 695 1969 749 istis
2019 695 2287 769 montibus
2337 695 2387 747 in
2436 689 2617 748 Judma
2674 693 2915 748 sensibili
2962 695 3101 759 sitis,
3145 695 3286 749 dicta
3326 698 3440 751 hate

1854 786 2017 842 fuisse
2041 802 2070 840 a
2099 788 2355 855 propheta
2383 787 2705 854 arbitratur;
2737 802 2801 841 ac
2828 786 2960 854 lore,
2990 796 3051 842 ut
3073 787 3236 843 Israel
3270 792 3440 859 Assy-

1854 880 1986 934 riam
2016 881 2245 934 abducat
2275 880 2325 932 in
2356 880 2755 949 captivitatem;
2797 880 2926 948 jugo
2962 882 3238 938 servitutis
3262 885 3435 951 Assy-

1856 972 1951 1025 riis
2002 970 2296 1040 imposito:
2346 986 2443 1024 nos
2492 987 2645 1034 vero,
2690 972 2779 1039 qui
2831 974 3269 1030 consurreximus
3313 991 3434 1030 cum

1856 1063 2096 1127 Christo,
2145 1064 2494 1129 vovimusque
2536 1063 2857 1131 qumsitnros
2904 1076 3002 1117 nos
3044 1079 3163 1133 quae
3214 1081 3429 1120 sursum

1857 1164 1981 1209 sunt
2007 1156 2049 1187 ⁶¹
2070 1194 2085 1218 ,
2113 1170 2208 1207 cor
2240 1155 2435 1209 bonum
2488 1167 2688 1208 terram
2735 1154 3099 1222 nominamus,
3131 1170 3293 1225 prout
3336 1174 3433 1211 su-

1860 1262 1979 1301 mus
2012 1247 2193 1319 edocti
2246 1248 2313 1301 ab
2358 1247 2474 1316 ipso
2517 1248 2745 1301 Domino
2782 1248 2991 1303 dicente
3024 1266 3037 1302 :
3087 1249 3189 1313 Qui
3220 1267 3339 1305 vero
3376 1252 3435 1303 in

1860 1349 2050 1391 terram
2099 1340 2286 1392 bonam
2332 1338 2618 1391 scminatus
2668 1348 2763 1406 est,
2818 1339 2901 1392 ltic
2953 1340 3159 1393 verbum
3211 1343 3432 1397 audiens

1860 1440 1907 1481 et
1936 1428 2254 1499 intelligens,
2288 1429 2519 1496 fructum
2561 1430 2738 1497 affert,
2774 1439 2821 1482 et
2864 1424 3015 1498 facit,
3053 1431 3190 1482 alius
3228 1432 3433 1499 quidem

1862 1519 2216 1584 centesimum,
2259 1518 2398 1571 alius
2448 1529 2622 1571 autem
2666 1520 3071 1588 sexagesimum,
3124 1521 3265 1573 alius
3317 1538 3433 1574 vero

1863 1611 2181 1663 tricesimum
2213 1611 2277 1663 “’.
2303 1610 2541 1679 Denique
2565 1610 2658 1663 Dei
2687 1596 2839 1664 mons
2868 1610 2920 1663 in
2951 1626 3057 1678 quo
3086 1608 3429 1666 conculcandi

1865 1698 2070 1768 Assyrii
2098 1708 2240 1762 sunt,
2280 1708 2456 1767 potest
2487 1699 2746 1768 appellari
2785 1698 2852 1762 is,
2895 1701 2983 1767 qui
3030 1699 3083 1753 in
3118 1701 3273 1754 bonis
3302 1716 3430 1769 0pc«

172 1796 445 1865 ματίζειν,
475 1798 531 1848 ὲν
550 1788 593 1862 ᾧ
623 1797 701 1858 είς
724 1796 1100 1866 καταπάτημα
1121 1796 1438 1867 γενήσονται
1468 1800 1513 1851 οἱ
1563 1799 1746 1851 Ἀσσύ-

1865 1790 2012 1844 ribus
2047 1804 2387 1859 progressum
2439 1789 2591 1852 facit,
2642 1805 2806 1858 seque
2851 1805 3010 1859 supra
3049 1791 3287 1862 reliquos
3320 1809 3429 1847 ser-

173 1910 305 1962 ριοι,
337 1896 367 1946 ὁ
395 1894 637 1963 αὐξήσας
661 1896 718 1947 ἐν
749 1895 861 1956 τοῖς
885 1892 1067 1962 ἔργοις
1095 1898 1207 1957 τοῖς
1232 1892 1478 1962 ἀγαθοῖς,
1502 1894 1596 1948 καὶ
1615 1894 1759 1962 λόγῳ

170 1986 272 2039 καὶ
302 1984 505 2053 γνώσει
536 1986 674 2054 ὑπὲρ
699 1986 824 2047 τοὺς
851 1985 1046 2047 ἄλλους
1090 1984 1405 2055 ἀνεστηκὼς
1428 2001 1441 2014 ·
1478 1987 1537 2038 ἐν
1584 1987 1757 2055 τούτῳ

170 2076 552 2147 καταπάτημα
580 2076 791 2129 ἔσονται
813 2077 861 2129 οί
897 2076 1099 2147 ἐχθροί.
1138 2078 1244 2129 Καὶ
1275 2079 1380 2141 πᾶς
1407 2078 1436 2130 ὁ
1466 2076 1627 2145 ζυγὸς
1649 2078 1756 2129 τῶν

176 2166 490 2238 ,Ἇσσυρίων
525 2166 956 2238 ἀφαιρεθήσεται
990 2167 1095 2219 ὑπὸ
1133 2165 1226 2219 τοῦ
1269 2160 1425 2220 Θεοῦ.
1469 2166 1628 2235 Μέγα
1659 2168 1757 2237 μὲν

173 2258 287 2329 γὰρ
320 2258 606 2328 ἐφρόνουν,
650 2259 725 2322 ὠς
756 2261 867 2319 τοῖς
894 2256 1065 2327 ὤμοις
1114 2258 1219 2311 τῶν
1253 2259 1361 2311 ἀπὸ
1389 2259 1487 2329 τῆς
1541 2259 1758 2329 μερίδος

173 2347 271 2400 τοῦ
301 2347 436 2400 Θεοῦ
463 2348 571 2401 τῶν
601 2347 902 2419 ἀνθρώπων
943 2348 1313 2412 ἐπιϐαίνοντες
1339 2388 1353 2413 ,
1388 2350 1480 2401 καὶ
1533 2349 1637 2402 ὑπὸ
1668 2350 1757 2402 τὸν

172 2438 309 2492 ἴδιον
336 2438 499 2508 ζυγὸν
527 2437 806 2499 ποιοῦντες
831 2439 956 2502 τοὺς
979 2441 1078 2508 τῆς
1110 2438 1350 2501 δουλείας
1384 2437 1475 2491 τοῦ
1514 2437 1648 2491 Θεοῦ
1670 2437 1759 2492 διὰ

173 2531 286 2584 τῶν
315 2531 730 2603 ἁμαρτημάτων
750 2530 1218 2594 ἀποσπασθέντας.
1250 2531 1504 2601 Ἔχοντες
1540 2527 1631 2584 οὖν
1659 2531 1757 2602 τὴν

170 2622 319 2675 κατά
352 2621 413 2674 τὸ
451 2621 739 2692 εἰρημένον
768 2620 955 2674 ἐλπίδα
994 2620 1122 2691 περὶ
1169 2619 1261 2673 τοῦ
1303 2620 1599 2675 ἀπολέσθαι
1658 2621 1758 2692 μὲν

172 2710 303 2773 τοὺς
336 2709 568 2780 ἐχθροὺς
592 2710 752 2781 ήμῶν
788 2710 882 2763 est
919 2710 1020 2780 τῆς
1045 2711 1147 2780 γῆς
1171 2710 1265 2763 τοῦ
1310 2711 1444 2764 Θεοῦ
1466 2750 1483 2776 ,
1532 2712 1627 2765 καὶ
1662 2714 1757 2769 ἐπὶ

173 2802 286 2855 τῶν
308 2802 481 2874 ὀρέων
505 2802 668 2856 αὑτοῦ
711 2803 1298 2875 καταπατηθήσεσθαι,
1340 2806 1433 2858 καὶ
1469 2805 1561 2859 τὸν
1594 2806 1758 2875 ζυγὸν

175 2896 357 2949 αὑτῶν
396 2895 879 2967 ἀφαιρεθήσεσθαι,
917 2896 1009 2949 καὶ
1044 2895 1103 2948 τὸ
1147 2897 1257 2967 (66)
1303 2897 1462 2960 κῦδος
1488 2936 1504 2962 ,
1558 2890 1603 2965 ᾧ
1659 2901 1759 2953 ἐπ-

172 2986 469 3058 ιγαυρίων,
514 2986 589 3049 ὡς
637 2987 999 3057 κατάρχοντες
1047 2986 1222 3057 ήμῶν,
1252 2990 1344 3041 καὶ
1376 2988 1760 3058 ἐπιϐεϐηκότες

174 3079 331 3147 ἡμῖν,
358 3076 810 3148 συντριϐήσεσθαι
842 3076 988 3147 (67),
1046 3078 1221 3130 πάντα
1272 3078 1619 3149 πράττωμεν,
1675 3080 1746 3133 ἵνα

174 3170 361 3223 τέλεον
416 3169 593 3224 αὐτῶν
625 3169 723 3227 τὴν
771 3170 1089 3223 δυναστείαν
1144 3171 1581 3227 ἀποσεισώμεθα.
1632 3172 1746 3227 Ἐἀι

1865 3076 2033 3123 rimus
2066 3077 2276 3122 montes
2322 3076 2436 3131 Dei,
2468 3076 2636 3135 ipsius
2685 3076 3033 3133 fundamenta
3075 3076 3308 3121 eruntin
3346 3086 3427 3121 nu-

1869 3161 1951 3214 bis
1984 3159 2029 3191 “
2056 3174 2069 3211 :
2101 3159 2294 3227 quippe
2327 3154 2582 3212 cordibus
2615 3158 2813 3211 nostris
2846 3158 3188 3212 mandabitur
3208 3158 3427 3212 verbum

173 3170 361 3223 τέλεον
416 3169 593 3224 αὐτῶν
625 3169 723 3240 τὴν
771 3170 1089 3223 δυναστείαν
1144 3171 1581 3241 ἀποσεισώμεθα.
1632 3172 1757 3227 Ἐάν

174 3264 285 3333 γάρ
317 3260 605 3332 γενώμεθα
633 3262 733 3333 ὅρη
765 3261 922 3324 Θεοῦ,
953 3263 1001 3315 οἱ
1056 3261 1293 3332 θεμέλιοι
1337 3262 1501 3316 αὑτοῦ
1547 3262 1757 3316 ἔσονται

174 3356 235 3406 ἐν
261 3356 413 3425 ήμῖν,
443 3351 538 3406 τοῦ
568 3354 725 3421 λόγου
771 3354 870 3423 τῆς
917 3352 1173 3424 ἀληθείας
1221 3353 1653 3424 καταϐληθέντος
1702 3356 1759 3407 ἐν

174 3449 297 3509 ταῖς
319 3444 569 3516 καρδίαις
598 3443 773 3516 ήμῶν,
806 3444 901 3497 καὶ
935 3443 1043 3497 τῶν
1075 3443 1294 3512 ἀγαθῶν
1327 3443 1502 3515 ἔργων
1548 3446 1761 3498 ἐποικο-

176 3537 528 3608 δομουμένων
560 3538 625 3607 τῇ
654 3536 830 3589 πίστει
869 3536 1000 3606 (68).
1042 3537 1134 3588 Δεῖ
1159 3536 1216 3587 δὲ
1248 3535 1507 3607 καθαρῶς
1556 3538 1761 3591 ἀποτά-

174 3631 377 3694 ξασθαι
407 3630 557 3699 ήμᾶς
581 3631 647 3699 τῇ
680 3628 955 3699 ἁμαρτίᾳ,
981 3628 1067 3681 ἵνα
1112 3627 1396 3700 ἐλεύθερον
1435 3628 1527 3682 τὸν
1561 3628 1763 3698 αὐχένα

176 3720 272 3774 τοῦ
304 3719 472 3788 ζυγοῦ
518 3719 730 3790 ἔχωμεν
782 3718 890 3772 τῶν
937 3718 1257 3789 Ἀσσυρίων,
1304 3720 1399 3771 καὶ
1444 3719 1763 3788 δυνηθῶμεν

177 3812 432 3881 γενέσθαι
455 3812 691 3883 Χριστοῦ
717 3810 1030 3879 ὑποζύγιον.
1066 3809 1172 3863 Δύο
1202 3810 1312 3882 γὰρ
1339 3811 1537 3879 ζυγοὺς
1574 3812 1635 3864 οὐ
1675 3812 1767 3865 δυ-

1859 1894 2018 1934 mone
2070 1876 2267 1934 attollit
2306 1890 2360 1935 et
2391 1878 2739 1950 cognitione:
2792 1881 2843 1933 in
2904 1883 3004 1937 hoc
3065 1881 3168 1936 isto
3209 1886 3429 1939 concula

1859 1971 2012 2025 candi
2054 1970 2256 2025 inimici
2314 1980 2461 2024 sunt.
2518 1971 2581 2023 Et
2624 1986 2784 2024 omne
2844 1969 3194 2045 Assyriorum
3244 1975 3428 2044 jugum

1859 2060 2133 2114 auferetur
2167 2076 2260 2130 per
2284 2059 2473 2116 Deum.
2509 2060 2717 2113 Etenim
2758 2077 2863 2115 non
2892 2078 3079 2131 parum
3128 2064 3427 2133 gloriaban-

1862 2161 1973 2216 tur,
2021 2151 2162 2218 quod
2210 2149 2265 2203 in
2320 2148 2576 2203 humeros
2613 2150 2909 2214 hominum,
2967 2151 3058 2218 qui
3113 2152 3206 2205 Dci
3256 2155 3426 2222 portio

1860 2255 1977 2295 esse
2006 2241 2387 2305 censebantur,
2422 2240 2711 2306 lnsilirent,
2744 2257 2805 2295 ac
2832 2256 2924 2295 eos
2946 2244 3036 2311 qui
3072 2258 3099 2295 a
3128 2243 3221 2295 Dci
3256 2246 3425 2296 Servi-

1859 2344 1972 2388 tute
2003 2347 2096 2403 per
2125 2342 2345 2403 peccata
2383 2333 2711 2396 defecerant,
2745 2335 3053 2403 subiugum
3085 2349 3239 2389 suum
3274 2335 3417 2388 redi-

1860 2433 2068 2494 gerent.
2099 2424 2284 2492 Itaque
2314 2438 2435 2476 cum
2467 2437 2744 2493 speremus
2781 2421 2932 2490 juxta
2961 2425 3011 2477 id
3047 2427 3189 2492 quod
3230 2425 3426 2478 dictum

1860 2525 1964 2582 est,
1991 2514 2375 2583 disperdendos
2399 2527 2519 2567 esse
2548 2513 2796 2567 inimicos
2821 2522 3030 2568 nostros
3059 2514 3110 2567 in
3145 2525 3284 2568 terra
3316 2514 3427 2580 Dei,

1859 2618 1914 2661 et
1942 2607 1995 2660 in
2041 2606 2311 2661 montibus
2355 2607 2470 2674 ejus
2511 2605 2927 2670 conculcandos,
2971 2616 3025 2661 et
3057 2604 3245 2677 iugum
3284 2609 3427 2678 ipso-

1863 2716 1978 2754 rum
2009 2715 2127 2753 esse
2151 2699 2525 2763 auferendum,
2555 2699 3040 2766 conterendztmque
3073 2699 3296 2770 gloriam
3326 2717 3428 2769 qua

1860 2792 2241 2857 ell'erebantur,
2293 2801 2352 2845 ut
2397 2791 2488 2860 qui
2536 2791 2589 2843 in
2639 2806 2735 2845 nos
2787 2790 3053 2845 baberent
3112 2792 3428 2856 dominium,

1864 2900 2069 2953 nosque
2098 2884 2459 2948 invasissent;
2491 2881 2625 2935 nihil
2652 2897 2757 2936 non
2786 2883 3091 2947 moliamur,
3124 2895 3183 2936 ut
3208 2886 3427 2937 omnino

1861 2977 2201 3031 excutiamus
2225 2990 2254 3029 a
2294 2976 2444 3029 nobis
2474 2990 2659 3029 eorum
2703 2975 3007 3043 imperium.
3044 2974 3195 3040 Quod
3233 2976 3276 3029 si
3316 2976 3427 3029 lue-

1864 3069 2033 3123 rimus
2066 3077 2276 3122 montes
2322 3067 2436 3131 Dei,
2466 3067 2636 3135 ipsius
2685 3067 3033 3133 fundamenta
3075 3068 3308 3121 eruntin
3346 3086 3428 3121 nu-

1867 3250 2141 3316 veritatis,
2191 3265 2253 3301 ac.
2315 3251 2451 3303 bona
2519 3264 2679 3317 opera
2742 3248 2799 3300 in
2856 3249 2959 3302 title
3004 3249 3427 3303 tetlilicabuutur.

1866 3340 2298 3410 Oportet'autetn
2346 3340 2658 3394 renuntiare
2697 3355 2794 3393 nos
2830 3340 3042 3394 sincere
3088 3350 3331 3408 peccato,
3371 3352 3426 3394 ut

1868 3434 2126 3489 liberetur
2156 3433 2336 3487 cervix
2371 3443 2556 3487 nostra
2582 3447 2609 3483 a
2646 3431 2774 3502 jugo
2804 3433 3175 3501 Assyriorum,
3201 3431 3427 3487 Christi-

1858 3541 1964 3595 que
1986 3525 2288 3594 jumentum
2328 3524 2598 3594 possimus
2645 3523 2781 3578 ﬁeri.
2815 3521 2946 3576 Nam
2988 3524 3187 3577 cervici
3236 3535 3426 3579 nostra'

1860 3618 2060 3686 imponi
2100 3632 2201 3671 non
2232 3624 2410 3686 potest
2449 3614 2643 3684 duplex
2694 3614 2905 3684 jugum,
2936 3613 3136 3669 Christi
3170 3626 3222 3670 et
3266 3617 3427 3682 Assy-

1863 3711 1949 3763 rii.
1980 3708 2111 3774 Qua:
2150 3710 2295 3763 enim
2336 3708 2669 3776 participatio
2701 3706 2933 3775 justitia:
2982 3725 3101 3761 cum
3132 3709 3425 3779 iniquitate,

1863 3817 1951 3859 aut
1985 3821 2100 3871 qum
2125 3806 2347 3856 societas
2370 3801 2476 3853 luci
2502 3800 2571 3852 ad
2606 3798 2842 3853 tenebras
2858 3798 2941 3852 '5?

176 3908 336 3962 νατδν
368 3903 674 3958 ἐπικεῖσθαι
702 3903 859 3974 ήμῶν
880 3902 958 3972 τῷ
996 3902 1249 3973 τραχήλῳ
1272 3919 1286 3933 °
1312 3902 1402 3955 τὸν
1456 3900 1550 3955 τοῦ
1602 3903 1827 3975 Κυρίου,
1861 3899 1954 3954 καὶ
1982 3894 2072 3948 τὸν
2100 3894 2193 3946 τοῦ
2231 3894 2534 3962 Ἀσσυρίου.
2567 3893 2659 3955 Τίς
2691 3890 2797 3961 γᾴρ
2822 3891 3047 3977 μετοχὴ
3075 3892 3424 3963 δικαιοσύνῃ

169 3997 274 4050 καὶ
307 3993 527 4063 ἀνομίᾳ
550 4033 564 4057 ,
587 3994 626 4062 ἣ
650 3993 741 4059 τις
771 3991 1050 4046 κοινωνία
1076 3990 1221 4061 φωτὶ
1255 3990 1401 4060 πρὸς
1439 3994 1690 4057 σκότοςέ

164 4148 169 4155 ,
248 4087 374 4143 285.
396 4086 558 4155 Αὕτη
585 4086 623 4153 ἡ
641 4083 876 4152 βουλὴ,
908 4083 1397 4151 ’ἣνβεϐούλευται
1422 4086 1637 4152 Κύριος
1660 4086 1758 4137 ἐπὶ

175 4180 292 4248 τὴν
316 4178 677 4247 οίκουμέιαην
709 4175 880 4244 ὅλην,
904 4174 1169 4244 καὶαῧτη
1199 4176 1236 4242 ἠ
1260 4174 1386 4242 χεὶρ
1416 4174 1630 4243 ὑψηλὴ
1657 4174 1755 4226 ἐπὶ

1933 4082 2057 4135 285.
2106 4080 2261 4134 Vsus.
2304 4078 2392 4140 ‘26,
2424 4076 2512 4129 27.
2560 4072 2671 4128 Hoc
2719 4086 2790 4129 est
2830 4078 3128 4140 consilium,
3172 4085 3426 4154 quodgce-

1859 4175 1934 4243 ρει
1969 4172 2223 4226 Dominus
2255 4185 2410 4237 super
2437 4171 2737 4222 universum
2775 4170 2984 4235 orbem;
3013 4182 3060 4224 et
3087 4185 3158 4226 est
3189 4175 3299 4228 lucc
3329 4194 3427 4229 nm-

176 4270 379 4326 πάντα
406 4267 479 4322 τὰ
508 4267 651 4333 ἔθνη
683 4265 794 4335 τῆς
828 4266 1207 4335 οἰκουμένης.
1238 4268 1296 4319 Ἃ
1330 4266 1440 4334 γὰρ
1464 4268 1497 4319 ό
1534 4266 1676 4331 Θεὸς
1723 4269 1746 4318 c‘

1865 4282 1963 4318 nus
2005 4264 2209 4317 excelsa
2247 4277 2401 4329 super
2437 4278 2613 4315 omnes
2654 4270 2831 4329 gentes
2873 4264 3035 4315 totius
3083 4274 3252 4319 terrm.
3301 4267 3429 4332 Qua:

162 4363 347 4431 ἅγιος
359 4358 776 4424 βεϐούλευται,
805 4355 896 4421 τίς
911 4354 1327 4419 διασκεδάσει;
1359 4354 1472 4422 τὴν
1499 4354 1567 4407 δὲ
1590 4356 1757 4423 χεῖρα

164 4449 368 4511 ,αὑτοῦ
406 4447 522 4516 τὴν
551 4446 807 4515 ὑψηλὴν
838 4444 931 4510 τίς
950 4442 1361 4511 ἀποστρέψει;
1406 4443 1598 4511 Σαφῶς
1646 4442 1755 4495 δεί-

177 4558 392 4605 κνυσιν,
421 4540 504 4592 ὅτι
532 4537 705 4591 ταῦτα
730 4534 944 4604 λέγεται
979 4535 1106 4606 περὶ
1127 4533 1235 4587 τῶν
1266 4536 1320 4587 ὲν
1360 4534 1458 4605 ὅλῃ
1484 4537 1548 4605 τῇ
1577 4536 1755 4586 οἰκου-

180 4634 341 4705 μένη,
376 4630 472 4684 καὶ
521 4630 578 4681 ἐν
612 4629 743 4680 πᾶσι
770 4628 882 4687 τοῖς
924 4625 1131 4679 ἔθνεσιν
1156 4640 1170 4654 ο
1221 4623 1432 4688 οὐδενὸς
1456 4624 1753 4694 δυναμένου

174 4722 528 4778 διασκεδάσαι
574 4721 711 4789 ὅπερ
757 4718 785 4769 ὁ
840 4717 970 4780 Θεὸς
1002 4718 1030 4768 ὁ
1065 4717 1216 4785 ἆγιος
1250 4716 1621 4787 βεϐούλευται,
1662 4717 1754 4768 καὶ

315 4894 436 4949 Col.
473 4908 556 4959 ut,
588 4893 638 4945 l.

249 5095 363 5166 (63)
399 5094 628 5166 Codices
656 5103 905 5166 quatuor,
929 5095 998 5166 τῇ
1028 5089 1257 5162 αἰσθητῇ
1298 5089 1545 5163 Ἰουδαίᾳ.
1584 5090 1743 5166 Editi,

175 5161 277 5237 τῆς
309 5161 573 5235 αἰσθητῆς
615 5163 896 5237 Ἰουδαίας.
920 5161 1049 5229 Qiize
1081 5161 1350 5237 scriptura
1372 5161 1518 5237 _qu_in
1557 5161 1747 5215 melior

177 5232 249 5317 sit
275 5249 328 5290 et
356 5232 563 5317 aptior,
582 5250 708 5314 non_
728 5235 1034 5314 dubitamus
1063 5249 1077 5284 :
1109 5232 1226 5298 sed,
1270 5241 1330 5285 ut
1353 5232 1611 5297 diximus,
1654 5248 1744 5285 re-

177 5308 418 5363 clamant
443 5306 568 5358 libri
599 5306 828 5371 antiqui.

249 5375 362 5445 (64)
393 5373 554 5439 Etliti,
591 5372 670 5443 τῷ
698 5371 1024 5443 Χριστῷ.Αι
1051 5372 1102 5424 in
1135 5386 1265 5425 mss.
1293 5372 1493 5425 nostris
1525 5385 1628 5425 non
1667 5386 1748 5425 re-

177 5449 389 5516 peritur
412 5445 692 5516 articulus.

250 5515 366 5585 (65)
421 5514 511 5568 Sic
538 5514 893 5585 mss._nos_tri.
951 5511 1090 5585 Editi
1139 5525 1283 5585 vero.
1327 5504 1498 5585 οζιτός⁸
1526 5512 1674 5562 ἐστιν
1721 5512 1751 5562 ὁ

177 5579 270 5641 τὸν
312 5579 469 5674 λῦγον
521 5601 622 5655 μου
678 5582 890 5635 ἀκούων
941 5580 1036 5634 καὶ
1086 5581 1307 5647 συνιεὶς,
1353 5579 1414 5643 ὃς
1452 5579 1517 5650 δὴ
1547 5596 1753 5653 καρπο-

419 5725 579 5788 Editi,
628 5720 1177 5792 καταπατηθήσεσθαι
1209 5718 1317 5775 ’τὸν
1364 5718 1522 5788 ζυγὸν
1574 5735 1751 5773 αυτων

497 5818 770 5879 Ριταοι.
818 5817 938 5877 Gn.
985 5814 1193 5909 ΧᾏΧ.

745 4891 792 4921 ⁸³
814 4890 1001 4943 Matth.
1033 4906 1152 4947 xm.
1180 4891 1270 4943 9.5.
1347 4889 1392 4919 “
1422 4890 1565 4947 Psal.
1596 4906 1815 4956 Lxxxvt,
1843 4893 1892 4945 l.

1863 4358 1999 4411 enim
2031 4356 2168 4408 Deus
2203 4363 2418 4407 sanctus
2445 4355 2689 4417 decrevit,
2734 4356 2850 4423 quis
2883 4356 3200 4424 dissipabit?
3233 4370 3279 4410 et
3313 4376 3428 4411 me-

1864 4463 1988 4500 num
2032 4445 2144 4513 ejus
2178 4444 2436 4498 excelsam
2475 4445 2592 4507 quis
2631 4445 2871 4497 avertet?
2910 4443 3202 4512 Perspicue
3248 4447 3426 4509 docet,

1863 4536 1966 4591 dici
1994 4536 2106 4589 lucc
2139 4534 2203 4588 de
2241 4535 2307 4587 iis
2338 4533 2427 4602 qui
2460 4542 2585 4587 sunt
2624 4534 2676 4587 in
2707 4536 2958 4589 universo
2984 4535 3136 4599 orbe,
3160 4537 3284 4589 etin
3310 4555 3429 4590 om—

1863 4627 2020 4681 nibus
2044 4625 2292 4695 gentibus
2323 4644 2335 4678 :
2379 4625 2458 4678 sic
2488 4634 2543 4676 ut
2576 4639 2733 4678 nemo
2769 4626 3035 4693 dissipare
3073 4626 3250 4679 valeat
3286 4630 3430 4697 quod

1863 4717 2004 4771 Deus
2043 4724 2265 4771 sanctus
2297 4715 2538 4787 .statuit,
2588 4714 2877 4785 nullusque
2923 4713 3016 4769 Dei
3073 4730 3288 4769 manum
3337 4732 3432 4788 ιιι-υ

1972 4893 2014 4923 ⁸⁵
2042 4892 2079 4945 ll
2108 4892 2230 4946 Cor.
2275 4908 2346 4955 vt,
2377 4891 2459 4947 li.

1856 5096 1950 5146 καὶ
1981 5092 2445 5165 ἀφαιρεθήσεσθαι
2478 5092 2554 5144 τό.
2598 5092 2668 5165 _A_t
2709 5107 2835 5165 mss.
2867 5090 3008 5165 ut‘in
3045 5098 3318 5165 contextu.

1927 5160 2040 5233 (67)
2065 5160 2348 5227 Etlilifxat".
2388 5160 2861 5234 συντριϐήσεσθαι.
2915 5161 3077 5234 Deest
3104 5161 3197 5212 καί
3238 5162 3291 5234 in
3339 5177 3434 5213 no-

1859 5236 1990 5288 stris
2040 5235 2336 5287 codicibus.
2378 5232 2664 5299 Aliqtianto
2700 5242 2817 5298 post
2861 5233 3031 5285 codex
3066 5246 3225 5294 unus,
3270 5232 3433 5282 δυνα-

1860 5303 2038 5356 στείαν
2072 5302 2477 5373 ἀποσειώμεθα.
2516 5302 2752 5356 Subinde
2780 5303 2884 5355 tluo
2911 5314 3065 5364 Inss.,
3090 5299 3186 5352 ἐὰν
3207 5299 3316 5367 γὰρ
3346 5317 3432 5368 γι-

1857 5373 2095 5444 νώμεθα.

1930 5438 2041 5514 (68)
2093 5443 2482 5514 Antiquirduo‘
2508 5441 2658 5514 libri,
2699 5442 2757 5493 ἐν
2799 5440 3017 5514 ⁸πίστει.
3056 5438 3210 5514 llaud
3278 5440 3432 5514 longe

1860 5510 2091 5581 quatuor
2117 5510 2273 5576 mssf,
2323 5512 2485 5581 ζυγοῦ
2520 5512 2773 5581 ἔχωμενζ
2798 5510 2959 5574 Editi,
3003 5510 3239 5581 σχῶμεν.
3294 5511 3433 5563 Suu-

1860 5579 1988 5724 inde
2036 5595 2147 5640 tres
2201 5598 2355 5651 mss.,
2402 5579 2699 5654 ήμῶντῷ.
2735 5579 2879 5638 Editi
2921 5594 2975 5635 et
3014 5579 3147 5651 Reg.
3203 5580 3411 5648 primus

1902 5670 2012 5724 μιν.

1902 5670 2012 5724 μιν.

3042 5760 3121 5867 '20
