3810 6214
376 332 481 390 619

1338 332 1685 388 APPENDIX
1722 331 2013 389 OPERL'M
2052 335 2109 390 S.
2151 334 2403 389 BASlLll
2442 333 2683 390 MAGNI.

3551 334 3664 390 ϐυ

382 466 528 507 terra
555 464 611 507 et
651 451 927 507 montibus
955 451 1069 506 suis
1097 450 1957 523 propugnantemsseavertere

2107 449 2280 516 ὒδενὸς
2320 453 2434 505 οἴου
2458 468 2518 505 τε
2555 450 2709 515 ὄντος
2735 452 2836 524 τὴν
2866 450 3182 522 ὑπέρμαχον
3212 453 3372 523 χεῖρα
3392 450 3488 505 τοῦ
3519 446 3661 508 Θεοδ

378 545 571 614 possit.
604 542 776 598 Simul
806 551 983 598 autem
1023 543 1253 601 observa
1294 560 1357 598 ea
1389 557 1541 609 voce,
1581 544 1659 599 uti
1694 543 1878 598 multis
1907 543 1958 597 in

380 637 517 693 locis
552 635 908 701 ostendimus,
932 651 1044 691 rem
1075 652 1179 692 non
1208 652 1387 691 raram
1411 636 1587 692 solum
1615 634 1958 691 etinsolitam

381 727 705 798 signiﬁcari,
775 725 1077 796 cujusmodi
1127 737 1210 783 est
1241 728 1417 782 illud:
1468 725 1601 793 Quis
1646 728 1875 792 sapiens,
1911 736 1960 778 et

382 818 638 889 intelliget
669 817 780 871 haec
817 816 907 869 “1'
932 816 1063 873 Item
1092 819 1259 872 illud:
1298 818 1430 885 Quis
1463 817 1634 887 ﬁdelis
1661 827 1708 872 et
1734 816 1960 884 prudens

381 908 711 980 dispensator
738 910 821 964 ⁸⁷2
852 907 986 965 Nam
1031 911 1134 966 hoc
1174 910 1293 966 loco
1337 910 1462 965 illud
1491 952 1506 977 ,
1555 910 1684 976 Quis
1727 908 1959 975 dissipa-

383 1004 496 1060 bit!
523 1004 662 1059 idem
687 1002 829 1057 valet
856 1001 997 1072 quod
1030 1019 1197 1056 nemo.
1224 1001 1410 1072 Neque
1436 1002 1583 1057 enim
1607 1000 1852 1071 cogitare
1880 999 1961 1054 las

379 1103 466 1149 est
493 1093 717 1165 reperiri
742 1108 1093 1163 quemquam,
1122 1092 1215 1163 qui
1247 1093 1447 1162 dissipa
1460 1105 1515 1146 re
1542 1090 1719 1145 valeat
1746 1089 1959 1145 Domini

379 1184 691 1240 consilium.

450 1278 577 1335 286.
637 1277 801 1334 Vens.
858 1279 1045 1335 ‘28-50.
1100 1275 1167 1332 In
1225 1293 1388 1341 anno,
1446 1294 1548 1347 quo
1590 1285 1829 1334 mortuus
1885 1290 1960 1334 est

384 1370 562 1424 Arhaz
599 1387 713 1437 rex,
758 1371 961 1441 factum
999 1379 1075 1425 est
1108 1372 1319 1424 verbum
1361 1370 1503 1423 istud
1523 1384 1552 1423 -:
1589 1369 1671 1425 Ne
1710 1371 1961 1426 twtemini

381 1462 686 1533 alienigena:
703 1479 899 1528 omnes,
918 1463 1200 1516 contritum
1220 1472 1295 1515 est
1312 1461 1450 1515 enim
1458 1462 1648 1531 jugum
1669 1465 1964 1531 percutien-

382 1555 450 1608 tis
499 1571 609 1609 vos.
638 1546 780 1607 Nam
812 1570 877 1607 ea:
909 1554 1101 1608 semine
1145 1564 1440 1622 serpentum
1469 1554 1800 1624 egredientur
1816 1556 1955 1625 fetus

382 1646 650 1713 aspidum,
676 1656 723 1698 et
748 1647 885 1715 [etus
917 1661 1099 1698 eorum
1126 1644 1459 1712 egredientur
1490 1656 1754 1713 serpentes
1779 1646 1962 1700 volan-

384 1748 477 1792 ‘u.
524 1734 592 1789 Et
637 1748 918 1805 pascentur
957 1752 1212 1804 pauperes
1250 1752 1340 1801 per
1376 1753 1491 1790 eum
1523 1754 1542 1791 :
1569 1738 1748 1807 inopes
1788 1748 1958 1791 autem

398 1830 620 1883 tomines
658 1829 716 1881 in
770 1844 897 1895 pace
939 1828 1256 1895 requiescent
1288 1840 1308 1878 .'
1336 1826 1474 1896 {ante
1521 1844 1637 1883 vero
1686 1829 1959 1897 interﬁciet

378 1934 560 1974 semen
593 1929 766 1983 tuum,
808 1927 854 1972 et
898 1918 1151 1989 reliquias
1184 1928 1303 1973 tuas
1349 1919 1629 1973 interinter.
1685 1918 1960 1988 Siquidem

381 2014 586 2078 omnia,
648 2027 767 2080 qua:
825 2011 1093 2078 scripsere
1146 2011 1453 2081 pr0plieta:,
1509 2012 1709 2066 dictata
1766 2021 1892 2066 sunt
1931 2027 1960 2064 a

383 2113 572 2160 sancto
602 2102 841 2174 Spiritu,
877 2104 1063 2173 utique
1096 2103 1212 2173 ipsa
1248 2103 1529 2158 adnotatio
1565 2104 1826 2171 temporis
1855 2118 1964 2172 quo

382 2195 526 2250 edita
553 2195 833 2265 prophetia
862 2203 978 2258 est,
1015 2193 1219 2249 frustra
1274 2194 1475 2248 inserta
1516 2209 1623 2248 non
1671 2202 1774 2248 est.
1822 2191 1961 2259 Quid

382 2286 529 2341 enim
578 2285 835 2340 didicisse
889 2286 1142 2355 prodest,
1197 2290 1299 2341 hoc
1327 2286 1549 2341 verbum
1584 2301 1650 2340 eo
1688 2301 1831 2341 anno
1856 2301 1964 2356 quo

382 2389 628 2436 mortuus
660 2389 741 2434 est
770 2380 951 2434 Achaz
975 2378 1173 2436 Judtetn
1200 2396 1315 2447 rex,
1347 2382 1610 2436 adversus
1632 2381 1963 2450 alienigenas

385 2472 589 2528 factum
636 2473 793 2527 esse?
855 2472 1044 2542 Itaque
1092 2473 1209 2527 haec
1260 2482 1346 2527 est
1410 2473 1677 2527 sententia
1751 2483 1959 2527 nostra.

385 2564 854 2632 Quemadmodum
904 2563 1169 2634 scriptum
1216 2575 1302 2620 est
1344 2564 1397 2618 in
1442 2564 1627 2620 Exodo
1666 2583 1679 2620 :
1720 2563 1961 2618 Mortuus

386 2664 463 2708 est
492 2671 581 2709 rex
602 2653 844 2724 x‘Egypti,
867 2666 913 2708 et
941 2655 1301 2723 ingemuerunt
1324 2654 1425 2723 ﬁlii
1438 2653 1612 2707 Israel
1632 2656 1695 2707 ab
1717 2655 1961 2723 operibus

384 2747 517 2807 suis,
553 2752 603 2799 et
631 2744 862 2797 ascendit
903 2744 1129 2807 clamor,
1173 2752 1223 2797 et
1268 2744 1534 2798 exaudivit
1566 2743 1705 2797 Deus
1739 2746 1962 2814 gemitus

384 2853 566 2892 eorum
612 2837 678 2890 ⁸⁸.
730 2834 864 2890 Nam
912 2837 1146 2905 pessimo
1200 2852 1327 2903 rege
1374 2838 1591 2892 vivente
1636 2837 1871 2906 gemitus
1910 2849 1966 2893 et

382 2928 633 2997 querelas
662 2942 792 2983 suas
821 2926 875 2980 in
907 2927 1075 2981 Deum
1113 2922 1389 2981 eﬂuttdere
1418 2941 1525 2981 non
1553 2937 1837 2996 poterant;
1868 2944 1964 2983 eos

372 3020 652 3089 aziquidem
687 3018 915 3089 cogebat
945 3018 1263 3074 incumbere
1293 3019 1345 3073 in
1370 3033 1536 3090 opera
1568 3019 1737 3077 ardua
1770 3022 1835 3089 ",
1866 3037 1964 3077 nec

2063 543 2162 613 τῆς
2182 544 2285 615 γῆς
2309 540 2472 597 αὐτοῦ
2497 542 2593 596 καὶ
2629 541 2737 594 τῶν
2764 540 2936 614 ὀρέων
2981 541 3340 612 ἀποστρέψαι.
3393 540 3545 612 ’Δμα
3598 540 3660 596 δι

2063 634 2369 706 παρατήρει
2384 633 2483 705 τὴν
2498 632 2681 704 φωνὴν
2705 632 2766 686 οὐ
2792 631 2902 704 (69)
2929 631 3090 702 μόνον
3114 632 3188 695 ὡς
3212 631 3481 703 πολλαχοῦ
3507 649 3659 704 παρ-

2060 727 2365 799 εστήσαμεν
2398 727 2490 779 ἐπὶ
2517 725 2613 779 τοῦ
2653 726 2883 779 σπανίου
2938 725 3369 795 σημαινομένην,
3411 719 3523 777 οἷον
3549 724 3616 779 τὸ
3641 765 3658 791 ,

2068 819 2166 885 Τις
2194 819 2409 888 σοφὸς,
2433 818 2531 872 καὶ
2554 817 2816 884 συνήσει
2843 816 3032 873 ταῦτα
3052 832 3072 880 ;
3090 817 3184 870 καὶ
3212 815 3293 881 τὸ,
3318 817 3415 882 Τίς
3435 812 3660 882 πιστὸς

2065 909 2164 964 καί
2202 911 2490 980 φρόνιμος
2518 910 2869 978 οἱκονόμος;
2898 907 3012 961 Νῦν
3037 906 3143 979 γὰρ
3172 907 3253 972 τὸ,
3292 908 3390 974 Τίς
3414 905 3658 960 dmonst-

2062 1003 2236 1057 δάσει
2254 1019 2273 1067 ;
2307 1005 2422 1057 ἴσον
2451 1004 2568 1057 ἐστι
2588 1002 2666 1074 τῷ
2697 1002 2917 1067 οὐδείς.
2953 1000 3088 1054 Οὐδὲ
3117 1000 3227 1072 γὰρ
3260 999 3519 1071 θεμιτὸν,
3563 1000 3661 1077 ὲντ

2063 1099 2254 1169 νοῆσαι
2285 1095 2347 1150 τὸ
2375 1093 2515 1149 εἷναί
2536 1111 2661 1149 τινα
2680 1093 2975 1164 δυνάμενον
3003 1091 3353 1146 διασκεδάσαι
3390 1090 3492 1161 τὴν
3527 1088 3656 1161 βου-

2062 1190 2160 1260 λὴν
2179 1188 2274 1242 τοῦ
2304 1188 2510 1258 Κυρίου
2535 1185 2670 1259 (70).

2132 1278 2258 1335 286.
2294 1279 2403 1333 Τοῦ
2424 1278 2622 1344 ἔτους,
2646 1272 2720 1334 οὗ
2740 1278 3043 1333 ἀπέθανεν
3079 1276 3256 1347 Ἇχὰζ
3267 1279 3301 1331 ό
3324 1273 3657 1342 βασιλεὺς,

2062 1371 2316 1443 ἐγενήθη
2343 1371 2411 1424 τὸ
2423 1369 2589 1441 ῥῆμα
2608 1370 2786 1424 τοῦτο
2802 1387 2817 1401 ·
2846 1369 2943 1439 Μὴ
2972 1369 3403 1439 εὐφρανθείητε
3425 1367 3659 1435 πάντες

2063 1469 2117 1519 cl
2144 1467 2510 1534 ἀλλόφυλοι·
2545 1464 2867 1532 συνετρίϐη
2891 1463 3002 1533 τὰρ
3033 1467 3067 1517 ὁ
3100 1458 3273 1532 ζυγὸς
3305 1460 3414 1515 τοῦ
3445 1461 3658 1515 παίον-

2063 1574 2168 1621 τος
2202 1552 2377 1624 ὑμᾶς.
2425 1555 2520 1607 Ἐκ
2548 1552 2660 1623 γὰρ
2696 1551 3042 1621 σπέρματος
3071 1548 3266 1620 ὄφεων
3289 1548 3658 1613 ἐξελεύσον-

2062 1660 2157 1699 ται
2178 1645 2399 1715 ἔγγονα
2427 1644 2726 1708 ἀσπίδων,
2762 1643 2864 1698 καὶ
2931 1642 3005 1698 τὰ
3052 1642 3272 1713 ἔγγονα
3311 1637 3514 1697 αὐτῶν
3551 1633 3627 1702 ἐξ
3649 1667 3661 1679 -

2063 1738 2417 1793 ελεύσονται
2457 1736 2623 1807 ὄφεις
2673 1735 2786 1808 (7|)
2828 1737 3160 1804 πετόμενοι.
3194 1732 3306 1788 Καὶ
3332 1729 3657 1799 ,βοσκηθή-

2062 1847 2276 1886 σονται
2315 1832 2537 1899 πτωχοὶ
2575 1829 2650 1883 δι’
2700 1828 2888 1884 αὑτοῦ
2911 1845 2924 1859 ·
2957 1825 3181 1895 πτωχοὶ
3231 1823 3300 1878 δὲ
3349 1825 3656 1891 ἅνθρωποι

2061 1924 2160 1979 ἐπὶ
2200 1925 2447 1992 εἰρήνης
2484 1922 2972 1977 ἀναπαύσονταιο
3018 1916 3231 1973 ἀνελεῖ
3273 1915 3340 1969 δὲ
3382 1912 3541 1984 λιμῷ
3582 1908 3659 1968 τὸ

2060 2015 2301 2084 σπέρμα
2320 2030 2458 2078 σου,
2486 2014 2673 2068 καὶτὸ
2697 2010 3067 2081 κατάλειμμά
3092 2028 3210 2065 σου
3225 2006 3450 2064 ἀνελεῖ.
3475 2005 3660 2079 Εἴπερ

2063 2106 2241 2161 πάντα
2291 2105 2572 2176 Πνεύματι
2601 2104 2742 2176 ἁγίῳ
2771 2104 2985 2175 εἴρηται
3016 2101 3088 2156 τὰ
3118 2099 3476 2172 γεγραμμένα
3499 2098 3660 2171 παρὰ

2062 2198 2170 2253 τῶν
2202 2196 2517 2270 προφητῶν,
2547 2195 2791 2268 δηλονότι
2813 2195 2910 2248 καὶ
2941 2197 2975 2266 ὴ
3001 2190 3292 2266 ἀναγραφὴ
3324 2189 3420 2245 τοῦ
3456 2190 3657 2261 χρόνον

2061 2291 2162 2361 τῆς
2188 2290 2526 2362 προφητείας
2572 2290 2636 2342 οὐ
2674 2289 2854 2361 μάτην
2906 2285 3375 2360 παρεμϐέδληται.
3430 2281 3498 2337 Τί
3544 2281 3660 2354 γὰρ

2063 2383 2254 2451 ὄφελος
2287 2383 2354 2436 ἐκ
2401 2382 2495 2435 τοῦ
2534 2381 2745 2452 μαθεῖν,
2798 2382 2880 2433 ὅτι
2915 2378 3073 2433 τοῦτο
3130 2377 3349 2446 ἐγένετο
3386 2373 3451 2429 τὸ
3501 2374 3658 2444 ῥῆμα

2063 2475 2201 2546 πρὸς
2232 2476 2355 2538 τοὺς
2388 2472 2721 2544 ἀλλοφύλους
2748 2471 2827 2543 τῷ
2846 2471 2955 2543 (7‘2)
2981 2470 3089 2523 ἔτει
3119 2463 3164 2538 ᾧ
3185 2467 3457 2522 ἀπέθανεν
3484 2457 3660 2535 Ἀχάζ

2062 2569 2090 2622 ὀ
2119 2565 2373 2637 βασιλεὺς
2406 2565 2507 2635 τῆς
2554 2562 2849 2627 Ἰουδαίαςς
2880 2560 3224 2631 Λογιζόμεθα
3249 2555 3373 2621 οὖν,
3416 2557 3501 2610 ὅτι
3548 2554 3659 2609 ὥσ·-

2063 2676 2169 2730 περ
2201 2658 2312 2729 (75)
2346 2659 2402 2711 ὲν
2425 2660 2490 2728 τῇ
2525 2654 2721 2726 Ἐξόδῳ
2748 2656 3079 2725 γέγραπται,
3107 2654 3187 2706 ὅτι
3225 2650 3660 2717 Ἐτελεύτησεν

2063 2750 2414 2818 όβασιλεὺς
2446 2751 2769 2820 Αἰγύπτου,
2815 2749 2913 2801 καὶ
2944 2744 3397 2810 κατεστέναξαν
3432 2746 3488 2797 οἱ
3534 2736 3655 2797 υἱοὶ

2075 2843 2324 2912 Ἰσραὴλ
2349 2842 2466 2897 ἀπὸ
2504 2841 2623 2895 τῶν
2644 2842 2835 2911 ἔργων
2854 2838 3073 2905 αὐτῶν,
3096 2839 3195 2893 καὶ
3221 2836 3407 2905 ἀνέϐη
3444 2837 3485 2904 ἦ
3503 2833 3654 2902 ,βοὴν

2064 2936 2162 2990 καὶ
2205 2933 2573 3001 είσήκουσεν
2625 2935 2656 2987 ό
2702 2934 2846 2999 Θεὸς
2898 2932 3019 2986 τῶν
3055 2928 3406 3000 στεναγμῶν
3429 2926 3655 2982 αὐτῶν.

2064 3025 2274 3088 Ζῶντος
2304 3025 2400 3095 μὲν
2431 3023 2540 3096 γὰρ
2561 3022 2672 3093 (74)
2702 3021 2797 3075 τοῦ
2833 3021 3097 3092 βασιλέως
3116 3018 3212 3073 τοῦ
3241 3015 3503 3089 πονηροῦ,
3530 3032 3656 3069 στει-

384 3110 452 3163 ad
485 3110 651 3164 Deum
682 3107 934 3163 attollere
966 3107 1152 3163 oculos
1194 3107 1427 3162 sinebat.
1455 3107 1748 3179 Postquam
1780 3120 1957 3166 autem

2107 3118 2246 3183 Ξιζειν
2282 3116 2419 3188 πρὸς
2448 3115 2538 3169 τὸν
2567 3114 2700 3167 Θεὸν
2742 3115 2844 3168 οὐκ
2899 3112 3165 3184 ἠδύναντο
3186 3126 3200 3140 °
3253 3106 3647 3181 κατηνάγκαζε

385 3214 614 3270 nequam
658 3198 747 3253 ille
788 3198 1035 3253 sublatus
1065 3209 1153 3254 est
1196 3214 1228 3254 e
1262 3198 1476 3267 medio,
1527 3209 1656 3255 tunc
1707 3215 1805 3270 par
1841 3210 1964 3257 erat

384 3293 663 3362 plaudere,
706 3291 899 3360 suique
936 3291 1105 3345 hostis
1144 3289 1317 3345 ruinae
1353 3290 1636 3347 insultare.
1684 3291 1749 3346 lli
1782 3300 1961 3347 autem

384 3385 741 3456 ingemiscere
778 3384 1090 3438 referuntur
1118 3389 1314 3452 praeter
1338 3384 1823 3452 exspectationem.
1864 3383 1962 3438 Ni-

388 3478 585 3531 mirum
616 3476 854 3531 ostendit
884 3475 1188 3542 Scriptura,
1238 3473 1384 3542 quod
1427 3474 1529 3543 ipsi
1576 3490 1685 3544 pra:
1718 3480 1960 3545 stupore,

384 3567 624 3638 quandiu
657 3581 812 3621 mens
840 3566 1084 3636 corporis
1112 3581 1305 3620 amans
1347 3565 1683 3620 dominatum
1733 3565 1964 3620 habebat

384 3673 454 3714 ne
480 3659 664 3729 lugere
687 3656 901 3727 quidem
937 3670 1151 3726 poenam
1180 3656 1249 3711 ob
1283 3664 1563 3725 peccatum
1606 3658 1710 3712 sibi
1756 3659 1960 3729 irroga-

390 3761 496 3804 tam
530 3750 844 3814 novissent;
898 3748 995 3803 scd
1051 3756 1337 3818 postquam
1391 3758 1675 3803 cessarunt
1724 3749 1872 3815 vitia,
1930 3766 1960 3804 a

385 3843 585 3910 gemitu
634 3840 846 3896 initium
890 3840 1190 3896 curationis
1220 3842 1476 3911 capiunt,
1512 3842 1712 3897 crassis
1746 3858 1810 3899 ac
1839 3858 1962 3898 cor-

387 3930 659 3998 poralibus
677 3930 933 3999 operibus
954 3930 1259 3999 degravati.
1292 3930 1421 3984 Eam
1451 3932 1521 3985 ob
1550 3945 1662 3986 rem
1686 3933 1962 3989 exaudivit

377 4037 481 4077 eos
519 4021 662 4077 Deus
707 4021 989 4077 hominum
1038 4021 1441 4076 amantissimus
1479 4022 1548 4076 "°.
1594 4022 1730 4077 lluic
1777 4024 1962 4093 utique

386 4113 747 4178 enarrationi,
779 4112 957 4167 simile
988 4113 1243 4182 quiddam
1277 4114 1581 4169 declaratur
1618 4125 1673 4169 et
1716 4115 1767 4169 in
1802 4132 1956 4186 supe-

384 4205 622 4260 rioribus
648 4204 798 4259 Isaire
815 4204 1015 4260 verbis.
1041 4201 1269 4257 Factum
1295 4217 1366 4258 est
1397 4206 1565 4273 enim,
1597 4206 1793 4276 inquit,
1820 4224 1960 4262 anno

376 4310 486 4365 quo
519 4301 758 4348 mortuus
787 4303 859 4347 est
887 4291 1046 4347 Ozias
1076 4309 1191 4355 rex,
1230 4295 1338 4347 uidi
1386 4294 1665 4349 Dominum
1700 4299 1957 4351 sedentem

382 4402 540 4453 super
562 4387 757 4439 solium
791 4385 1052 4439 excelsum
1074 4395 1122 4440 et
1148 4386 1407 4441 eleuatum
1431 4387 1497 4441 ".
1539 4387 1739 4456 Regem
1771 4387 1959 4445 Oziatn

2063 3208 2172 3280 γὰρ
2203 3208 2398 3271 αὐτοὺς
2428 3208 2483 3259 ὲν
2514 3204 2698 3275 ἔργοις
2742 3203 3017 3274 σκληροῖς,
3062 3201 3137 3273 μὴ
3171 3199 3487 3272 ἐπιτρέπων
3513 3199 3655 3253 dva-

2064 3299 2240 3355 νεύειν
2269 3298 2406 3369 πρὸς
2438 3295 2528 3349 τὸν
2553 3296 2705 3349 Θεόν.
2751 3292 2974 3365 Ἐπειδὴ
3008 3294 3067 3347 δὲ
3096 3290 3343 3346 ἐκποδὼν
3371 3291 3594 3360 ἐγένετο
3622 3292 3655 3344 ὀ

2064 3388 2320 3461 πονηρὸς,
2350 3389 2472 3441 τότε
2506 3387 2623 3442 δέον
2655 3388 2868 3461 κροτεῖν
2896 3387 2993 3439 καὶ
3023 3385 3331 3457 ἐπιχαίρειν
3351 3386 3417 3455 τῇ
3445 3382 3659 3438 πτώσει

2063 3481 2159 3536 τοῦ
2198 3479 2413 3553 ἐχθροῦ.
2441 3481 2501 3533 υἱ
2531 3480 2588 3534 δὲ
2633 3482 2697 3533 ἐκ
2726 3477 2819 3533 τοῦ
2882 3477 3186 3551 παραδόξου
3236 3474 3659 3548 ἀναγράφονται

2068 3574 2274 3627 στένειν
2295 3591 2310 3606 °
2343 3571 2753 3641 ἐνδεικνυμένου
2785 3569 2876 3623 τοῦ
2906 3570 3087 3638 λόγου,
3120 3568 3204 3621 ὅτι
3230 3567 3337 3632 ἕως
3358 3568 3389 3621 δ
3421 3565 3660 3637 φιλοσώ-

2070 3682 2236 3736 ματος
2288 3663 2413 3727 νοῦς
2453 3662 2769 3733 ἐπεκράτει,
2824 3660 2931 3713 ὑπὸ
2976 3660 3077 3731 τῆς
3114 3656 3477 3729 ἀναισθησίας
3533 3654 3658 3713 οὑδὶ

2064 3756 2260 3827 ᾔδεσαν
2291 3754 2577 3827 ὀδύρεσθαι
2605 3754 2666 3807 τὸ
2699 3756 2764 3807 ὲκ
2787 3752 2888 3822 τῆς
2910 3750 3185 3822 ἁμαρτίας
3224 3750 3396 3805 κακόν
3418 3766 3435 3782 ο
3462 3749 3659 3822 ἐπειδὴ

2064 3847 2121 3900 δὲ
2151 3848 2341 3901 ἔλαϐον
2368 3846 2559 3917 σχολὴν
2587 3844 2696 3899 ἀπὸ
2728 3844 2837 3898 τῶν
2871 3842 3083 3907 παθῶν,
3122 3842 3381 3914 ἄρχονται
3427 3841 3538 3911 τῆς
3569 3842 3659 3895 οι-

2069 3937 2301 4008 ραπείας
2330 3934 2438 3989 ἀπὸ
2468 3934 2561 3988 τοῦ
2588 3933 2817 3996 στένειν,
2850 3934 2908 3986 ὲν
2936 3934 3049 3996 τοῖς
3086 3932 3293 3996 ὑλικοῖς
3326 3932 3423 3987 καὶ
3457 3948 3657 4003 σωμαι

2064 4031 2235 4091 τικοῖς
2266 4026 2445 4099 ἔργοις
2481 4025 2862 4097 βαρυνόμενοι.
2887 4023 2979 4076 Διὸ
3004 4024 3100 4077 καὶ
3142 4023 3449 4093 ὶπήκουσεν
3471 4023 3659 4078 αὐτῶν

2065 4122 2094 4172 ὁ
2128 4118 2505 4190 φιλάνθρωπος
2527 4117 2661 4181 Θεὸς
2707 4116 2843 4188 (75).
2899 4116 3128 4187 Ὅμοιον
3157 4111 3253 4170 οὖν
3279 4117 3346 4186 τῇ
3394 4115 3658 4188 διηγήσει

2065 4212 2237 4284 ταύτῃ
2262 4210 2515 4281 δηλοῦται
2558 4209 2651 4264 καὶ
2686 4211 2744 4263 ὲν
2783 4211 2897 4272 τοῖς
2944 4208 3179 4263 κατόπιν
3235 4207 3333 4263 τοῦ
3397 4209 3653 4263 Ἡσαΐου.

2078 4302 2337 4373 Ἐγένετο
2364 4300 2494 4373 γὰρ,
2545 4302 2711 4373 φησὶ,
2763 4301 2870 4356 τοῦ
2900 4299 3184 4356 ἐνιαυτοῦ
3236 4296 3311 4357 οὖ
3350 4298 3659 4356 ἀπέθανεν

2077 4394 2265 4459 Ὄζῖας
2294 4398 2326 4449 ό
2348 4393 2649 4459 ,βασιλεὺς
2668 4434 2682 4456 ,
2714 4389 2879 4448 εἶδον
2904 4392 3015 4447 τὸν
3048 4392 3274 4461 Κύρων
3305 4392 3659 4463 καθήμενον

380 4474 555 4529 fuisse
587 4472 890 4543 improbum
938 4475 1162 4528 historia
1195 4475 1433 4543 prodidit
1466 4492 1479 4528 :
1517 4479 1955 4548 quandoquidem

2107 4487 2162 4540 τὶ
2188 4488 2405 4554 θρόνου
2429 4483 2676 4555 ὑψηλοῦ
2699 4485 2796 4540 καί
2815 4484 3178 4556 ἐπηρμένου.
3205 4483 3450 4556 Πονηρὸς
3492 4482 3654 4555 βασι-

378 4562 692 4618 Exaltatum
716 4573 792 4619 est
823 4581 913 4618 cor
931 4565 1044 4633 ejus
1087 4566 1157 4619 ad
1193 4570 1649 4635 corrumpendum,
1682 4578 1732 4623 et
1762 4571 1958 4639 injuste

384 4657 505 4726 fecit
548 4656 602 4708 in
642 4653 923 4710 Dominum
968 4656 1132 4710 Deum
1172 4671 1366 4711 suum:
1392 4666 1444 4713 et
1472 4660 1688 4715 intravit
1738 4662 1792 4716 in
1823 4676 1956 4718 tent-

336 4810 343 4816 _
378 4752 530 4819 plum
565 4746 784 4803 Domini
819 4752 890 4803 ad
929 4751 1246 4805 adolendum
1291 4769 1449 4821 super
1491 4755 1683 4822 altare,
1732 4769 1781 4812 et
1804 4757 1948 4817 lepra

446 4929 500 4962 “
519 4926 646 4985 Ose.
675 4908 786 4992 inv,
837 4930 919 4986 10.
1018 4933 1059 4963 ⁸⁷
1089 4932 1218 4987 Luc.
1255 4949 1352 4998 xu,
1384 4935 1475 4991 42.

1584 4937 1629 4970 ⁸⁸
1657 4939 1827 4994 Exod.
1857 4956 1918 5005 ll,
1948 4940 2038 4995 25.

2066 4577 2190 4642 λεὺς
2227 4575 2407 4643 Ὀζίας
2436 4577 2550 4646 (76)
2578 4576 2684 4631 ὑπὸ
2705 4578 2805 4648 τῆς
2834 4576 3077 4648 ἱστορίας
3105 4575 3488 4648 παραδέδοται,
3517 4576 3655 4631 διότι

2078 4670 2313 4738 ’Υψώθη
2337 4670 2375 4738 ἠ
2401 4668 2614 4739 καρδία
2641 4669 2828 4724 αὑτοῦ
2848 4669 2955 4723 τοῦ
2976 4667 3376 4739 καταφθεῖραι,
3399 4667 3502 4722 καί
3520 4667 3655 4737 ἠδι.

2058 4779 2248 4833 κησεν
2276 4763 2346 4815 ἐν
2368 4760 2566 4830 Κυρίῳ
2601 4761 2723 4828 Θεῷ
2763 4762 2976 4826 αὐτοῦ,
3002 4761 3104 4816 καὶ
3121 4760 3412 4831 εἰσῆλθεν
3433 4763 3525 4828 εις
3543 4763 3659 4815 τὸν

2152 4940 2196 4973 ⁶⁹
2226 4939 2397 4996 Exod.
2433 4957 2472 5007 ι,
2499 4942 2584 4996 14.

2691 4942 2738 4974 ⁷⁸
2770 4939 2943 4997 Exod.
2971 4955 3056 5005 Ill,
3091 4942 3144 4995 7.
3252 4940 3295 4971 "
3333 4939 3439 4997 lsa.
3469 4955 3550 5008 vs,
3595 4944 3645 4997 ί.

474 5156 1952 5259 332.339‘23”138M,i‘iziiizﬂeﬁif.“‘EEEJJBHES

2107 5160 2764 5259 33.“:etc.,aut.s-orntti3\.rit
2796 5187 2808 5221 :
2834 5178 2934 5251 aut
2969 5185 2997 5222 s
3027 5170 3268 5259 lihralriis
3289 5172 3490 5259 aliquid
3509 5187 3649 5243 pm

371 5227 675 5284 codicibus.
715 5227 1194 5302 Sed'tamen:luec
1237 5233 1430 5290 vocula
1461 5244 1555 5289 aut
1599 5233 1827 5302 exprimi
1856 5235 1952 5287 de-

379 5301 489 5374 hct,
530 5309 622 5353 aut
649 5300 997 5374 subintelligt.
1038 5300 1234 5358 Statim
1274 5305 1382 5360 duo
1410 5317 1541 5360 mss.
1569 5312 1624 5360 et
1650 5300 1806 5369 editi,
1846 5318 1947 5374 ση-

375 5369 741 5455 μῆὲθξξνλΑέἐί
774 5371 897 5455 συρι
930 5369 1353 5455 άηιιαενρμένιῈ

447 5439 560 5515 (29)
587 5439 968 5515 godices__tres,
983 5439 1188 5515 ’βουλὴν
1210 5439 1306 5498 τοῦ
1330 5441 1488 5515 θεοῦ.

443 5508 764 5580 (“PF-ditio
811 5508 1006 5580 {iunci
1046 5508 1289 5579 ἀσπίδες.
1350 5513 1456 5571 Sed
1506 5527 1718 5579 vocem,
1782 5512 1951 5567 ἀσπίς

374 5574 484 5700 ἔρξε
518 5574 640 5632 inde
675 5574 1014 5647 sustulimus,
1076 5574 1505 5641 tidem-veterum
1560 5574 1822 5639 librorum
1862 5600 1943 5641 se.

592 5717 833 5795 ςύίιῇοὲν
850 5722 946 5795 τῷ.
975 5723 1179 5779 Vocula
1199 5726 1257 5778 ἑν
1275 5726 1328 5779 in
1352 5739 1482 5780 mss.
1516 5739 1623 5780 non
1651 5724 1942 5795 invenitur.

448 5786 558 5859 (73)
612 5786 855 5863 Scriptor
898 5786 1067 5869 'cum.
1101 5796 1361 5854 scriberet
1428 5797 1553 5867 illa,
1611 5793 1941 5868 λογιζόμεθα

2058 5235 2524 5318 tertpissgunest.
2571 5236 2713 5291 Nihil
2758 5240 2903 5318 enim
2942 5243 3231 5318 gspondet
3280 5235 3396 5318 voci
3424 5235 3646 5318 ῷσῆτιρ.

2125 5303 2240 5376 (74)
2273 5305 2911 5387 Ειιὶιίιζτὸνστεναγμόν.
2950 5303 3240 5387 neptem;
3271 5312 3382 5387 γὰρ
3430 5303 3648 5387 ἑτι.ίῶ

2059 5389 2190 5429 mss.
2224 5378 2465 5454 nonnulli
2495 5378 2573 5433 uti
2605 5378 2661 5433 in
2696 5378 2974 5436 contextu.
3016 5378 3313 5453 Aliquanto
3347 5378 3487 5454 'post
3532 5386 3644 5440 duo

2056 5460 2214 5507 mss.,
2249 5446 2371 5500 ἐπεὶ
2394 5446 2472 5501 δέ.

2128 5515 2239 5591 (ἒξ)
2262 5516 2665 5591 ﬁdimus!»
2699 5518 2904 5591 Κύριος

2125 5584 2238 5657 (76)
2259 5586 2476 5652 Editi,6
2514 5587 2717 5652 Ὀζίας.
2747 5584 2814 5643 Αἱ
2856 5592 2912 5645 in
2967 5608 3101 5650 mss.
3148 5593 3301 5650 deest
3350 5593 3636 5652 articulus.

2053 5651 2297 5735 Mos‘duo
2307 5651 2471 5735 tussi...
2501 5651 2874 5731 παραδίδοται.
2898 5661 3142 5722 Subinde
3162 5666 3270 5722 duo
3295 5663 3484 5723 itidem
3503 5651 3639 5725 ωδ.

2049 5723 2143 5779 τοῦ
2173 5723 2481 5799 διαφθεῖραι
2587 5723 2599 5731 ’
3148 5776 3151 5783 .
