3810 6214
158 351 266 407 σει

977 350 1339 411 ὈΟΜΜΕΝΤ.
1375 350 1446 410 ΙΝ
1482 353 1717 413 ISAIAM
1754 352 2204 416 PROPHETAM.
2243 357 2393 414 CAP.
2434 359 2570 416 XIV.

163 463 321 522 ναὸν
350 463 575 573 [ξυριον
601 460 886 535 θυμιᾶσαι
919 468 1020 521 ἐπὶ
1063 468 1129 522 τὸ
1161 468 1615 573 θυσιαστήρξον.
1657 472 1755 527 καί

1867 475 2078 543 affectus
2100 484 2177 529 est
2199 474 2266 529 ".
2293 474 2430 528 Tum
2453 475 2665 530 demum
2689 472 2935 542 improbo
2952 471 3196 543 principe
3216 484 3429 537 everso,

164 553 498 624 ἂλεκρώθη.
533 557 646 610 Καὶ
668 556 790 610 τότε
817 559 997 612 τοίνυν
1025 560 1428 630 ἀνατραπέντος
1458 553 1553 615 τὸὖ
1589 579 1756 634 πονη-

169 644 268 722 ροῦ
300 645 582 719 ἄρχοντος,
643 647 736 701 καὶ
764 647 875 701 τῶν
930 649 1256 720 μιασμάτων
1298 650 1755 724 ἐλευθερωθείσης

168 739 272 810 τῆς
302 738 448 793 κατά
476 739 569 793 τὸν
596 740 763 811 νόμον
790 739 1067 811 λατρείας,
1101 742 1169 796 τὰ
1211 743 1311 814 τῆς
1342 742 1621 814 θεολογίας
1654 763 1757 815 μυ-

172 830 375 900 στήρια
430 829 764 903 φανεροῦται
797 832 911 903 (77)
940 832 1018 903 τῷ
1067 835 1341 905 προφήτῃ.
1389 836 1501 889 Καὶ
1527 837 1757 891 ἐνταῦθα

170 920 357 974 τοίνυν
375 920 468 975 τὸν
507 920 673 993 ’Δχάζ
692 925 752 975 οὐ
797 924 1082 977 σπουδαῖον
1112 924 1348 996 ἄρχοντα
1388 929 1418 979 ό
1443 926 1601 995 λόγος
1629 929 1760 981 ἀνα-

172 1013 378 1086 γράφει
397 1013 831 1086 ἀποθνήσκοντα,
856 1015 946 1069 ἵνα
975 1015 1181 1088 δειχθῇ,
1216 1017 1297 1070 ὅτι
1321 1020 1380 1071 ὲν
1423 1021 1489 1089 τῇ
1525 1019 1619 1071 τοῦ
1647 1020 1761 1089 χεί-

172 1119 329 1175 ρονος
353 1104 725 1177 ὐποχωρήσει,
751 1106 813 1160 τὸ
840 1106 995 1179 ῥῆμα
1031 1107 1241 1177 γίνεται
1282 1108 1417 1179 πρὸς
1448 1109 1575 1172 τοὺς
1601 1111 1759 1163 ἀλλο-

176 1191 379 1261 φύλους
403 1193 556 1263 παρὰ
581 1193 676 1246 τοῦ
703 1196 991 1266 εὐεργέτου
1014 1195 1171 1249 Θεοῦ.
1190 1195 1446 1268 Εὖραμεν
1469 1198 1578 1270 γὰρ
1607 1200 1665 1252 ἐν
1690 1203 1757 1272 τῇ

172 1285 412 1356 τετάρτῃ
444 1284 555 1337 τῶν
587 1285 901 1350 Βασιλειῶν,
931 1288 1014 1341 ὅτι
1050 1280 1207 1352 οὗτος
1225 1288 1437 1359 όἌχάζ
1456 1292 1558 1344 οὐκ
1575 1291 1696 1345 ἐποί
1708 1310 1763 1363 η-

174 1390 238 1428 σε
272 1374 337 1430 τὸ
384 1375 543 1438 εύθὲς
567 1377 626 1430 ὲν
654 1376 953 1448 ὀφθαλμοῖς
982 1378 1190 1449 Κυρίου
1210 1397 1223 1409 ·
1250 1379 1344 1432 καί
1369 1397 1434 1449 γε
1458 1381 1572 1435 υἱὸν
1594 1382 1758 1436 αὐτοῦ

169 1463 362 1537 διῆγεν
396 1465 508 1536 (78)
540 1468 596 1519 ἐν
624 1468 757 1539 πυρὶ
783 1469 924 1521 κατά
954 1469 1025 1522 τὰ
1051 1469 1399 1541 βδελύγματα
1421 1472 1531 1525 τῶν
1553 1472 1724 1526 ἐθνῶν
1743 1488 1757 1503 ⁸

171 1558 267 1611 καὶ
293 1557 552 1622 ἐθυσίαζε
580 1559 674 1611 καὶ
701 1559 902 1630 ἐθυμία
932 1563 991 1614 ἐν
1045 1563 1159 1626 τοῖς
1207 1561 1455 1634 ὑψηλοῖς.
1487 1558 1655 1628 Οὗτος
1702 1563 1760 1617 δὲ

170 1650 268 1703 καὶ
295 1649 409 1703 ἀπὸ
438 1649 544 1703 τῶν
565 1649 855 1723 θησαυρῶν
876 1651 970 1705 τοῦ
1004 1652 1154 1705 οἴκου
1182 1652 1389 1723 Κυρίου
1419 1654 1640 1727 χρυσίον
1664 1656 1760 1709 καὶ

64 1752 65 1755 ‘
168 1739 440 1812 ἀργύριον
472 1740 759 1794 ἀπέστειλε
805 1742 884 1813 τῷ
913 1742 1125 1813 βασιλεί
1152 1745 1261 1797 τῶν
1320 1746 1620 1817 ’Δσσυρίων
1644 1788 1659 1812 ,
1695 1748 1756 1799 ἐν

1856 572 1915 618 et
1942 563 2075 634 legis
2100 564 2248 619 cultu
2275 564 2345 619 ab
2375 564 2797 635 inquinamentis
2828 573 3056 634 purgato
3084 579 3149 617 ac
3178 563 3432 626 liberato,

1859 657 2134 726 propheta:
2167 657 2455 711 manifesta
2503 658 2640 711 ﬁunt
2680 656 2848 712 divini
2887 656 3099 712 consilii
3147 656 3429 726 mysteria.
3542 708 3548 715 ,

1858 746 1958 801 llic
2002 747 2166 817 igitur
2205 746 2373 803 refert
2418 747 2582 803 etiam
2629 746 2936 817 Scriptura,
2979 747 3277 817 principem
3320 758 3430 799 non

1857 838 2084 906 probum
2128 836 2438 901 interiisse,
2491 845 2549 891 ut
2588 846 2929 905 compertum
2973 836 3046 891 sit
3090 843 3147 889 et
3185 834 3433 901 explora-

1861 937 1994 994 tum,
2032 927 2203 982 Deum
2236 926 2559 992 beneﬁcum,
2590 928 2722 982 vitio
2754 928 3085 982 subducente
3115 940 3176 982 se
3203 938 3258 982 et
3290 942 3434 981 rece-

1857 1019 2040 1083 dente,
2077 1021 2145 1074 ad
2184 1020 2518 1088 alienigenas
2542 1021 2709 1089 loqui.
2737 1020 2791 1073 lu
2822 1028 3019 1090 quarto
3046 1019 3192 1075 enim
3220 1017 3434 1090 Regno-

1860 1126 1978 1165 rum
2031 1111 2171 1167 libro
2219 1112 2522 1166 invenimus
2549 1111 2598 1143 "
2637 1113 2779 1166 hunc
2832 1112 3016 1165 Achaz
3046 1112 3189 1180 quod
3223 1122 3431 1167 rectum

1857 1212 2005 1258 esset
2048 1203 2100 1257 in
2147 1203 2320 1259 oculis
2364 1204 2600 1266 Domini,
2638 1205 2689 1258 id
2738 1218 3078 1273 nequaquam
3107 1201 3430 1273 peregisse:

1858 1294 2054 1363 quippe
2071 1293 2232 1364 597
2253 1294 2421 1348 ﬁlium
2444 1310 2598 1349 suum
2628 1308 2724 1363 per
2748 1295 2926 1364 ignem
2951 1294 3265 1348 traducebat
3277 1291 3433 1361 juxta

1856 1384 2103 1454 gentium
2141 1385 2590 1447 abominationes.
2634 1384 3004 1453 offerebatque
3044 1382 3346 1445 sacriﬁcia,
3379 1392 3435 1435 et

1859 1476 1913 1529 in
1947 1475 2181 1531 excelsis
2221 1477 2491 1533 adolebat.
2542 1476 2642 1531 llic
2675 1490 2893 1546 quoque
2931 1484 3122 1530 aut-um
3151 1483 3207 1529 et
3229 1488 3428 1542 argeno

1858 1577 1973 1624 tum
1995 1581 2026 1621 e
2054 1569 2318 1623 thesauris
2350 1569 2541 1623 dooms
2575 1568 2789 1623 Domini
2823 1569 2972 1623 misit
2994 1571 3061 1621 ad
3085 1567 3432 1637 Assyriorum

1857 1672 2037 1724 regem
2062 1675 2077 1711 :
2109 1660 2254 1713 unde
2276 1673 2339 1713 ea
2368 1674 2490 1727 quas
2521 1660 2664 1714 circa
2689 1673 2881 1714 sacras
2911 1658 3170 1729 pecunias
3192 1655 3437 1711 admissa

1856 1749 2034 1803 fuerat
2081 1749 2352 1818 impietas,
2408 1766 2575 1819 parva
2627 1765 2734 1805 non
2785 1750 2951 1805 fuisse
3006 1751 3431 1804 demonstratur.

168 1826 255 1897 οἷς
284 1833 349 1886 οὐ
378 1831 554 1904 μικρά
577 1833 742 1887 αὑτοῦ
770 1837 1156 1906 κατηγορεῖται
1199 1839 1232 1907 ὴ
1267 1837 1494 1890 ἀσέϐεια
1535 1838 1663 1910 περὶ
1691 1837 1758 1891 τὰ

1867 1841 2054 1896 Diruto
2120 1842 2306 1912 itaque
2375 1843 2679 1914 principatu
2738 1844 3023 1913 improbo,
3100 1842 3325 1897 verbum
3373 1839 3436 1894 ﬁt

170 1924 299 1997 ιερὰ
321 1926 599 1996 χρήματα.
620 1926 796 1981 Πεσού
805 1944 902 1998 σης
927 1924 1021 1981 οὖν
1040 1928 1140 2000 τῆς
1158 1931 1402 2001 πονηρᾶς
1422 1929 1755 1996 δυναστείας,

169 2018 386 2086 γίνεται
407 2017 472 2070 τὸ
496 2018 638 2071 κατά
668 2017 777 2072 τῶν
808 2019 1126 2089 ἀλλοφύλων
1153 2021 1326 2091 ῥῆμα.
1372 2021 1681 2091 Ἀλλόφυλοι
1702 2021 1759 2074 δὲ

170 2106 323 2170 ἰδίως
352 2106 404 2159 οἱ
435 2106 765 2161 Φυλιστιαῖοι
799 2108 1069 2177 λέγονται,
1101 2109 1196 2174 οὓς
1220 2108 1613 2174 Παλαιστινοὺς
1633 2110 1760 2164 ’Έλ-

169 2199 337 2271 ληνες
358 2200 473 2271 (79)
510 2200 872 2272 ὀνομάζουσιν

241 2289 371 2346 287.
414 2292 610 2346 ’ἰστέον
641 2293 718 2358 δὲ,
752 2294 833 2347 ὅτι
863 2293 957 2347 καὶ
988 2295 1045 2346 ἐν
1068 2296 1136 2364 τῇ
1159 2292 1396 2348 ἑκάστου
1432 2293 1592 2365 ἡμῶν
1621 2295 1756 2365 ζωῇ,

170 2381 457 2453 ἐπειδὰνή
495 2381 853 2452 βασιλεύουσα
884 2384 942 2435 ἐν
994 2380 1073 2452 τῷ
1121 2381 1302 2454 θνητῷ
1345 2384 1502 2455 ήμῶν
1545 2384 1762 2455 σώματι

170 2472 421 2545 ἁμαρτία
448 2474 716 2546 ἀποθάνῃ,
750 2475 873 2528 τότε
894 2473 1105 2543 γίνεται
1149 2478 1179 2529 ὁ
1215 2476 1373 2544 λόγος
1415 2475 1510 2529 τοῦ
1554 2478 1760 2550 Κυρίου

172 2564 234 2615 ἐν
285 2566 437 2635 ἡμῖν.
491 2564 646 2636 Τάχα
679 2566 789 2635 γὰρ
827 2564 1314 2637 ἐκάστηάμαρτία
1343 2565 1479 2637 πρὸς
1531 2566 1762 2619 ἕκαστον

170 2652 282 2707 τῶν
310 2656 372 2708 ἐν
402 2656 524 2718 ταῖς
550 2655 797 2726 Γραφαίς
842 2654 1334 2726 κατηγορουμένων
1368 2655 1464 2709 καὶ
1500 2656 1635 2720 ὅλως
1672 2656 1764 2726 ψε-

172 2744 321 2799 κτῶν
374 2744 638 2815 βασιλέων
692 2745 982 2816 ἀναλογίαν
1009 2747 1130 2800 τινὰ
1183 2746 1317 2817 ἔχει,
1363 2740 1439 2800 ὧν
1491 2747 1761 2819 πολλαχοῦ

171 2835 244 2890 ea
265 2834 378 2907 (80)
407 2837 650 2908 ὀνόματα
669 2836 736 2891 δι’
752 2837 881 2908 ὅλης
906 2838 1007 2910 τῆς
1028 2839 1250 2910 Γραφῆς
1276 2837 1550 2910 δηλοῦται*
1570 2839 1646 2903 ὡς
1666 2840 1763 2893 καὶ

168 2926 271 2982 νῦν
295 2928 660 2998 ἑρμηνεύεται
691 2931 721 2983 ό
762 2927 926 3000 Ἀχάζ
953 2929 1359 2999 κατάσχεσις*
1391 2930 1657 3002 σύμϐολον
1685 2931 1762 2985 ὢν

175 3018 683 3090 προκαταλαϐόντος
735 3021 829 3075 καὶ
875 3021 1198 3092 κατέχοντος
1246 3022 1344 3094 τὴν
1393 3022 1572 3094 ψυχὴν
1602 3023 1763 3095 ἡμῶν

165 3110 448 3182 δόγματος
473 3111 744 3183 πονηροῦ·
795 3105 857 3166 οὗ
897 3113 1283 3177 ἀποθανόντος,
1332 3117 1365 3184 ἡ
1406 3113 1554 3185 ψυχὴ
1602 3113 1762 3186 ἡμῶν

168 3205 603 3273 ἐλευθερωθεῖσα
636 3205 748 3259 ἀπὸ
775 3206 869 3260 τοῦ
901 3208 1245 3278 κατέχοντος,
1296 3206 1575 3261 ίκανοῦται
1623 3208 1761 3280 πρὸς

170 3297 238 3351 τὸ
270 3295 548 3368 θεωρῆσαι
575 3298 638 3350 τὺ
672 3298 813 3351 κατά
846 3298 957 3351 τῶν
994 3298 1308 3368 ἀλλοφύλων
1347 3299 1519 3371 ῥῆμα.
1566 3299 1626 3352 '0
1662 3299 1762 3368 μὲν

170 3384 270 3443 οὖν
300 3387 594 3460 πρόχειρος
637 3386 764 3452 νοῦς
795 3382 952 3453 οὗτός
984 3391 1101 3443 ἐστι
1127 3375 1144 3416 ἶ
1193 3387 1292 3457 Μὴ
1341 3388 1759 3457 εὐφραίνεσθε,

173 3478 406 3546 πάντες
435 3479 807 3547 ἀλλόφυλοι·
846 3481 1177 3548 συνετρίϐη
1224 3481 1334 3550 γὰρ
1378 3483 1410 3533 o'
1431 3478 1604 3551 ζυγὸς
1657 3478 1764 3533 τοῦ

170 3573 468 3639 καίοντος
507 3571 685 3641 ὑμᾶς.
716 3571 809 3643 Μὴ
857 3572 1138 3642 νομίσητε,
1193 3565 1239 3624 ὦ
1271 3571 1623 3634 Φυλιστιαίοι,
1656 3573 1761 3635 ὅτι,

174 3665 542 3729 ἀποθανόντος
566 3665 660 3718 τοῦ
700 3661 887 3735 Ἀχάξ,
914 3662 1188 3736 ἐλεύθεροι
1210 3662 1502 3735 γενήσεσθε
1524 3662 1618 3716 τοῦ
1643 3667 1763 3718 ἐπι-

174 3758 430 3827 κειμένου
463 3757 592 3828 ύμίν
626 3756 793 3826 φόϐου
822 3756 932 3809 ἀπὸ
957 3755 1069 3827 (81)
1096 3755 1191 3809 τοῦ
1231 3754 1447 3830 Ἰσραήλ
1469 3770 1485 3784 ·
1513 3753 1653 3808 ὥστε
1688 3756 1761 3826 μὴ

173 3850 537 3923 εὐφραίνεσθε
566 3851 659 3903 ἐπὶ
694 3850 773 3920 τῷ
802 3848 1059 3920 πτώματι
1084 3847 1181 3902 τοῦ
1218 3848 1504 3919 βασιλέως.
1541 3849 1604 3903 El
1657 3849 1765 3920 γὰρ

172 3945 269 3997 καὶ
302 3942 594 4014 συνετρίϐη
619 3943 649 3996 ό
674 3941 859 4011 ζυγὸς,
882 3941 1161 3995 τουτέστιν
1196 3944 1230 4012 ἡ
1290 3941 1534 4004 δουλεία,
1582 3943 1615 4013 ἡ
1645 3944 1762 3995 ἐπι-

173 4036 409 4106 κειμένη
444 4035 573 4106 ύμῖν
607 4033 761 4106 παρὰ
806 4033 917 4087 τῶν
974 4030 1436 4088 καταπατούντων
1487 4033 1632 4103 ὑμᾶς
1672 4032 1765 4086 καὶ

177 4125 592 4198 μαστιγούντων
607 4125 697 4179 διὰ
719 4126 817 4196 τῆς
844 4124 1186 4187 δυναστείας,
1210 4123 1324 4177 ἀλλ’
1343 4123 1494 4194 ὅμως
1514 4126 1579 4177 ἐκ
1604 4122 1767 4195 σπέρ-

176 4235 349 4291 ματος
381 4217 563 4288 ϐφεων
594 4217 941 4283 ἐξελεύσεται
980 4216 1178 4284 ἔκγονα
1212 4216 1480 4269 ἀσπίδιον.
1509 4217 1621 4286 Τὴν
1650 4216 1767 4269 δια-

170 4309 337 4383 δοχὴν
371 4309 468 4363 τοῦ
506 4309 676 4380 ’Δχάζ
722 4309 1015 4380 σημαίνειο
1045 4310 1129 4361 ὃτι
1153 4310 1205 4360 εί
1245 4307 1422 4377 ὄφεως
1446 4300 1602 4370 οὗτος
1653 4303 1764 4377 εἶχε

172 4402 426 4475 πικρίαν,
459 4400 557 4455 κα)⁸
578 4400 668 4455 διὰ
696 4400 856 4454 τοῦτο
875 4400 1188 4473 ἐπιχαίρετε
1219 4398 1383 4453 αὐτοῦ
1408 4398 1486 4470 τῷ
1524 4398 1761 4469 θανάτῳ*

1858 1934 2122 1989 adversus
2178 1934 2530 2003 alienigenas.
2591 1935 2922 2005 Alienigena:
2974 1944 3157 1989 autem
3213 1935 3436 2002 proprie

1859 2024 2114 2081 dicuntur
2155 2024 2490 2092 Philistbmi,
2535 2041 2673 2097 quos
2719 2028 3001 2082 nominant
3044 2025 3220 2080 Graeci
3265 2024 3438 2080 Palaa

1855 2117 2054 2173 stinos.

1927 2291 2058 2348 287.
2107 2292 2396 2348 Sciendum
2429 2303 2607 2348 autem
2646 2303 2734 2348 est
2775 2302 2888 2367 tum
2929 2292 3044 2348 ﬁeri
3074 2292 3294 2347 verbum
3327 2291 3434 2343 Do-

1862 2385 1994 2439 mini
2028 2385 2081 2439 in
2115 2386 2290 2451 nobis,
2320 2400 2447 2440 cum
2476 2395 2758 2453 peccatum
2784 2387 2929 2454 quod
2954 2384 3009 2437 in
3041 2392 3221 2438 nostra
3249 2380 3435 2436 unius-

1862 2474 2125 2546 cujusque
2150 2477 2260 2529 vita
2286 2475 2617 2541 dominatur,
2657 2477 2709 2530 in
2740 2474 2958 2529 mortali
2992 2486 3182 2530 nostro
3208 2486 3438 2541 corpore

1862 2578 2134 2622 mortuum
2186 2566 2370 2623 fuerit.
2420 2567 2582 2625 Forte
2625 2569 2768 2623 enim
2821 2575 3100 2636 peccatum
3155 2564 3439 2636 quodlibet

1863 2659 2278 2715 similitudinem
2342 2662 2632 2730 quamdam
2694 2668 2753 2714 et
2811 2658 3223 2730 congruentiam
3272 2657 3440 2715 habet

1862 2767 1985 2808 cum
2010 2767 2342 2822 unoquoque
2374 2767 2564 2809 eorum
2601 2767 2813 2819 regum,
2841 2753 2937 2820 qui
2967 2752 3442 2820 reprehenduntur

1864 2844 1917 2899 in
1973 2844 2310 2914 Scripturis,
2382 2844 2586 2913 quique
2654 2844 3052 2911 vituperatione
3113 2842 3260 2913 digni
3314 2848 3443 2897 sunt

1862 2935 2084 2989 omnino
2124 2953 2138 2988 :
2184 2949 2412 3004 quorum
2478 2934 2700 2988 nomina
2757 2934 2899 2987 haud
2942 2948 3069 2987 raro
3121 2934 3442 3004 deteguntur

1863 3042 1961 3098 per
2011 3039 2177 3082 tutam
2220 3026 2586 3097 Scripturam.
2627 3024 2873 3095 Exempli
2917 3041 3104 3092 causa,
3143 3029 3441 3083 etiamnum

1865 3119 2048 3174 Acbaz
2074 3119 2504 3188 interpretantur
2525 3117 2745 3171 nomine
2771 3117 3104 3182 detentionis,
3129 3118 3272 3186 quod
3296 3132 3444 3190 sym-

1867 3212 2045 3267 bolum
2075 3212 2145 3265 sit
2180 3213 2333 3281 pravi
2371 3210 2662 3280 dogmatis,
2696 3210 2845 3278 quod
2868 3218 3209 3277 praeoccupat
3236 3209 3445 3264 animas

1864 3311 2084 3357 nostras
2130 3312 2185 3356 et
2228 3302 2613 3370 detinetzquo
2664 3308 2897 3364 mortuo,
2946 3300 3124 3352 anima
3174 3308 3361 3353 nostra
3408 3314 3441 3356 ι

1865 3392 2139 3447 detinente
2166 3407 2225 3447 se
2252 3391 2516 3455 liberata,
2565 3387 2801 3443 eﬂlcitur
2839 3390 3029 3443 idonea
3065 3403 3187 3456 qua:
3217 3390 3441 3444 verbum

1866 3484 1991 3538 illud
2032 3485 2177 3552 quod
2220 3483 2481 3537 adversus
2524 3480 2855 3550 alienigenas
2898 3482 2977 3545 ﬁt,
3021 3479 3440 3550 contempletur.

1863 3574 2049 3645 Itaque
2088 3574 2177 3629 hic
2210 3584 2295 3629 est
2343 3587 2534 3627 sensus
2569 3571 2760 3626 obvius
2790 3587 2804 3623 :
2836 3567 2920 3623 Ne
2952 3570 3223 3632 (tutemini,
3264 3585 3444 3626 omnes

1864 3667 2207 3738 alienigenam
2254 3664 2534 3718 contritum
2574 3672 2649 3716 es!
2685 3662 2826 3716 enim
2866 3662 3061 3731 jugum
3101 3660 3443 3730 percutientis

1865 3776 1975 3813 ιιοι.
2023 3758 2104 3814 Ne
2146 3757 2494 3822 existimetis,
2529 3771 2563 3809 o
2592 3754 2872 3823 Philistzei,
2904 3769 3017 3819 vos,
3047 3755 3264 3808 Aehazo
3290 3768 3439 3810 mor-

1866 3860 1977 3915 tuo,
2024 3864 2055 3904 a
2109 3850 2301 3904 timore
2337 3848 2429 3919 qui
2470 3848 2623 3903 vobis
2659 3847 2727 3902 ab
2775 3846 2976 3901 lsraele
3009 3846 3290 3911 incutitur,
3325 3846 3443 3901 fore

1865 3942 2132 3998 immunes
2163 3960 2177 3997 :
2205 3940 2561 4011 quamobrem
2584 3954 2652 3995 ne
2679 3939 2931 3994 laetemini
2979 3941 3046 3993 de
3084 3938 3226 4010 regis
3272 3939 3443 3994 inter—

1864 4033 1962 4087 itu.
2000 4033 2112 4087 Etsi
2139 4032 2302 4087 'enim
2337 4032 2630 4087 contritum
2674 4038 2758 4084 est
2784 4030 2997 4099 jugum,
3049 4031 3149 4084 hoc
3199 4037 3284 4084 est
3321 4043 3446 4085 ser-

1866 4124 2030 4188 vitus,
2063 4137 2184 4192 qua;
2210 4123 2364 4177 vobis
2388 4122 2491 4177 fuit
2517 4121 2768 4191 imposita
2788 4136 2819 4175 a
2840 4120 3285 4176 conculcantibus
3313 4134 3434 4186 vos,

1862 4223 1918 4268 et
1945 4228 2043 4283 pro
2072 4226 2169 4267 sua
2200 4213 2523 4267 auctoritate
2553 4210 2738 4281 ﬂagris
2774 4210 3132 4276 credentibus,
3168 4220 3346 4265 tamen
3373 4226 3443 4266 ex

1867 4306 2075 4361 semine
2145 4314 2460 4374 serpentum
2539 4305 2887 4374 egredientur
2956 4302 3100 4359 fetus
3168 4302 3439 4371 aspidum.

1863 4397 2067 4453 Acbazi
2102 4397 2474 4466 posteritatem
2515 4396 2804 4466 signiﬁcat.
2841 4396 2995 4463 Quod
3043 4397 3088 4451 si
3130 4395 3216 4451 hic
3254 4394 3445 4450 habuit

170 4494 542 4564 ἀναστήσεται
571 4493 657 4562 ἐφ’
697 4493 844 4563 ὑμᾶς
875 4494 941 4546 ἐκ
984 4491 1079 4544 τοῦ
1112 4491 1430 4561 σπέρματος
1465 4490 1561 4543 τοῦ
1586 4490 1758 4559 ὄφεως

1867 4489 2138 4558 serpentis
2169 4486 2609 4551 amaritudinem,
2656 4487 2726 4541 ob
2764 4486 2926 4556 idque
2964 4485 3237 4541 insultatis
3275 4485 3447 4555 ipsius

169 4586 366 4642 τούτου
395 4584 593 4655 ἔκγονα
626 4585 889 4649 ἀσπίδων,
920 4585 1016 4639 καὶ
1036 4584 1199 4637 πάλιν
1223 4583 1291 4636 τὰ
1317 4582 1539 4636 ἐκείνων
1563 4581 1762 4651 ἔκγονα

169 4676 517 4744 ἐξελεύσεται
544 4676 680 4749 (82).
699 4677 773 4730 Τὸ
802 4677 1000 4748 πικρὸν
1030 4676 1132 4746 τῆς
1158 4674 1409 4747 διαδοχῆς
1427 4673 1536 4727 τῶν
1565 4673 1763 4743 ἐφεξῆς

171 4772 573 4845 βασιλευόντων
603 4772 633 4824 ό
664 4769 822 4840 λόγος
847 4772 913 4823 ἐκ
947 4770 1140 4824 τούτου
1186 4767 1537 4839 παρίστησιν.
1583 4765 1765 4819 Ἀσπί-

168 4865 260 4929 δες
282 4864 396 4935 γὰρ
417 4863 653 4927 ἔσονται,
680 4862 836 4934 φησὶ,
864 4861 1183 4932 πετόμεναι,
1212 4858 1308 4913 καὶ
1337 4857 1399 4911 τὸ
1429 4856 1633 4911 ἰοϐόλον
1651 4854 1760 4909 τῶν

168 4952 424 5027 ἑρπετῶν
482 4951 721 5027 ἔχουσαι
750 4952 846 5006 κα)⁵
903 4951 965 5004 τὸ
983 4950 1121 5021 ταχὺ
1179 4948 1285 5003 τῶν
1344 4946 1585 5018 πτηνῶν.
1625 4940 1759 4999 Εἶτα

168 5026 364 5116 humi;
404 5046 439 5115 ἡ
471 5026 764 5097 ἀκολουθία
787 5042 889 5114 τῆς
910 5041 1267 5112 γενεαλογίας
1308 5039 1403 5092 ἐπὶ
1427 5038 1521 5092 τὸν
1552 5037 1758 5108 Κύριον

172 5137 354 5208 φέρει,
373 5132 635 5203 διακόψας
661 5136 690 5187 ό
720 5132 877 5202 λόγος
901 5134 964 5185 τὸ
992 5131 1217 5202 συνεχὲς
1236 5172 1253 5197 ,
1304 5127 1621 5201 μεταϐαίνει
1667 5128 1756 5181 ἐπ’

282 5249 331 5280 ⁷³
363 5248 402 5301 Il
438 5247 618 5302 Paral.
678 5263 830 5313 xm,
875 5245 943 5301 16
973 5260 1098 5317 sqq.

389 5405 749 5490 Ahntiquijres
776 5402 1328 5490 libri._cpavepciivrat.
1450 5473 1475 5490 .
1500 5473 1526 5486 μ’

269 5473 363 5545 78)
412 5473 575 5545 Editi,
603 5475 885 5544 διήγαγεν.
908 5473 981 5529 At
1005 5473 1240 5545 quatuor
1255 5490 1410 5539 mss.,
1446 5473 1650 5545 διῆγεν.

269 5479 341 5532 78
412 5479 575 5545 Editi,
603 5479 885 5544 διήγαγεν.
908 5479 981 5529 At
1005 5485 1240 5544 quatuor
1255 5490 1410 5539 mss.,
1446 5479 1650 5545 διῆγεν.

200 5621 215 5633 _
384 5546 549 5613 Editi,
593 5546 643 5599 οί
668 5545 948 5617 Ἕλληνες.
983 5545 1144 5600 Deest
1181 5543 1239 5598 in
1272 5546 1475 5601 nostris
1504 5557 1636 5598 mss.
1678 5558 1761 5596 ar-

171 5618 563 5763 ῗκίἓὲἷῖξάίιὶ.
738 5685 911 5740 πολλὰ
955 5683 1145 5763 τά.Αι
1176 5683 1763 5763 quatugrjtts'srjtol-

171 5747 355 5828 λαίφε’
376 5758 468 5814 τά.
492 5747 689 5814 Statim
734 5766 850 5813 tres
877 5770 1031 5821 mss.,
1053 5747 1763 5841 8ﬁ10§7¢t.’Ejlj.ll?@1m-N-

170 5843 287 5883 ται.

1172 5246 1220 5278 ⁷³
1254 5243 1317 5298 IV
1352 5244 1485 5316 Reg.
1529 5261 1637 5309 ιιι,
1678 5245 1714 5297 ‘2
1740 5258 1858 5313 sqq.

1869 4582 2054 4648 morti,
2106 4582 2352 4650 insurget
2397 4580 2450 4634 in
2491 4593 2590 4634 vos
2633 4593 2701 4633 ex
2750 4578 2911 4646 huius
2941 4578 3211 4649 serpentis
3238 4579 3446 4633 semine

1865 4671 2078 4729 soboles
2106 4670 2355 4740 aspidum
2387 4685 2404 4724 :
2433 4676 2487 4724 et
2518 4683 2709 4724 rursus
2736 4669 2972 4738 prodibit
2996 4668 3209 4724 illarum
3240 4667 3442 4738 proles.

1866 4764 1969 4820 Per
2006 4762 2150 4818 hunc
2195 4761 2475 4832 Scriptura
2522 4761 2760 4817 ostendit
2801 4773 3050 4814 amaram
3101 4757 3218 4814 fore
3254 4773 3444 4829 regum

1866 4855 2210 4925 sequentium
2250 4851 2674 4909 successionem.
2713 4849 2985 4905 Volabunt
3026 4851 3193 4915 enim,
3246 4848 3441 4918 inquit,

1868 4946 2106 5017 aspides.
2139 4944 2524 5015 reptiliumque
2549 4956 2837 5005 venenum,
2893 4949 2948 4995 et
2986 4939 3287 4996 volatilium
3322 4953 3448 5009 per-

1866 5038 2143 5093 nicitaterr.
2174 5036 2471 5091 habebunt.
2510 5034 2711 5091 Deinde
2752 5033 3008 5103 quoniam
3041 5031 3110 5086 ad
3158 5030 3447 5086 Dominum

1867 5129 2105 5200 pertinet
2128 5127 2458 5200 genealogus
2479 5127 2673 5193 series,
2711 5125 3015 5195 Scriptura,
3038 5121 3449 5179 continuatione

1941 5399 2054 5470 (8|)
2098 5398 2325 5455 Codices
2353 5397 2481 5470 duo,
2514 5393 2635 5447 ὑπό.
2681 5393 2743 5470 In
2794 5392 2948 5449 Colb.
2992 5387 3292 5470 primopin
3337 5398 3447 5458 quo

1869 5459 2095 5540 paginas
2120 5470 2326 5537 aliquot
2342 5466 2543 5540 deesse
2568 5459 3045 5540 notavimus,_et_in
3068 5459 3449 5540 aliis‘quatgor

1868 5525 2051 5593 statim
2070 5525 2302 5610 legitur,
2331 5533 2747 5610 ιιι-ἐπικειμένῃ..
2770 5534 2944 5610 ῥΕῷιί,
2984 5525 3307 5610 ἐκκειμένῃ.
3337 5525 3453 5583 Nec

1867 5610 1940 5663 ita
1973 5602 2288 5675 multo'pust
2305 5602 2455 5675 editi,
2485 5602 2662 5674 ὄφεως
2681 5602 3095 5673 ἐξελεύσονται..
3122 5602 3193 5655 At
3208 5602 3455 5670 quinque

1868 5694 2021 5742 ntss.,
2043 5672 2220 5742 θφεων
2240 5672 2612 5739 ἐξελεύσεται-ρ

1938 5739 2050 5819 (82)
2080 5739 2171 5802 Sic
2200 5760 2326 5803 mss.
2364 5757 2572 5802 omnes.
2598 5743 2760 5815 Editi,
2789 5742 2860 5798 τὰ
2884 5743 3095 5800 ἐκείνου
3122 5741 3322 5813 ἔκγονα
3354 5739 3449 5809 ἐξ-

1852 5817 2189 5875 ελεύσονται.
