3810 6214
364 352 472 409 6Ξὸ

1313 345 1657 402 APPENDIX
1694 345 1979 403 OPEllUM
2020 346 2078 402 S.
2119 343 2367 400 BASlLll
2406 342 2641 399 MAGNI.

3513 341 3641 401 σξη

366 462 629 521 orationis
670 461 947 523 intercisa,
991 459 1184 514 transit
1223 460 1291 515 ad
1337 463 1530 516 bonam
1579 460 1923 529 pollicitatio-

2099 457 2243 528 ἀθὴν
2262 455 2620 524 ἐπαγγελίαν.
2648 452 3144 521 Βοσκηθὴσονται
3175 449 3288 522 (85)
3303 450 3435 523 γὰρ,
3463 457 3625 524 φησιν

364 570 514 609 nem.
570 549 865 605 Pascentur
913 549 1088 615 enim,
1148 547 1340 618 inquit,
1389 565 1639 619 pauperes
1673 566 1764 618 per
1792 564 1932 603 eum.

368 643 567 712 Ecquis
591 649 673 695 est
695 640 784 709 qui
810 639 982 708 pascit
1007 654 1297 711 pauperes,
1320 639 1422 694 nisi
1448 647 1634 709 pastor
1652 640 1832 695 ovium
1855 638 1936 692 7‘?

370 732 642 786 ltlendicos
667 740 845 785 autem
877 729 1009 785 dicit
1044 747 1151 787 non
1191 746 1285 786 eos
1317 731 1408 801 qui
1454 731 1699 801 pecuniis
1724 739 1933 797 carent,

369 826 463 878 sed
485 837 578 878 eos
604 823 696 892 qui
725 823 921 877 mentis
955 833 1083 877 sunt
1114 823 1320 892 inopes.
1355 822 1421 877 Hi
1455 832 1635 877 autem
1673 837 1936 892 pauperes

368 920 460 987 qui
490 918 849 985 prmdicantur
876 919 944 971 ab
983 919 1101 985 ipso
1146 916 1376 972 Domino
1408 918 1547 971 beati
1594 916 1709 987 (ait
1746 916 1887 972 enim
1919 934 1934 970 :

368 1012 522 1066 Beati
542 1026 793 1079 pauperes
826 1010 1016 1078 spiritu
1044 1009 1090 1040 "
1104 1009 1147 1079 ),
1181 1008 1249 1063 In
1275 1026 1400 1077 pace
1428 1010 1764 1078 requiescent,
1797 1009 1938 1078 [ante

370 1118 488 1155 rera
513 1101 788 1167 interﬁciet
814 1117 984 1155 semen
1017 1110 1187 1154 tuum.
1234 1101 1526 1172 Disperibit
1572 1100 1716 1155 fame
1749 1101 1939 1155 alieni-

371 1211 629 1265 genarum
684 1209 891 1261 semen,
936 1203 990 1249 et
1029 1194 1269 1264 reliquiae
1310 1208 1500 1249 eorum
1550 1207 1581 1249 e
1621 1194 1798 1249 medio
1840 1194 1939 1249 tol-

370 1288 573 1340 lentur.

418 1379 567 1435 ~288.
601 1379 702 1446 Qui
744 1379 925 1447 pravis
954 1378 1266 1433 nutriuntur
1293 1379 1654 1446 sermonibus,
1702 1378 1740 1433 ii
1784 1378 1941 1433 addi-

370 1478 568 1524 cuntur
594 1469 901 1533 esuritioni,
926 1469 994 1522 ad
1035 1469 1339 1523 animarum
1375 1483 1594 1522 suarum
1631 1468 1938 1522 utilitatem.

370 1562 505 1618 Nam
529 1562 768 1633 magistri
800 1576 894 1617 eos
931 1563 997 1615 ad
1027 1562 1321 1630 nequitiam
1364 1561 1679 1617 instruentis
1719 1562 1940 1629 penuria

370 1653 527 1707 bona:
553 1652 859 1707 habitudini
887 1652 1082 1706 anima:
1102 1651 1443 1705 occasionem
1463 1653 1659 1719 praebet
1680 1663 1738 1704 et
1758 1652 1938 1705 saluti.

373 1741 529 1797 Hunc
553 1751 729 1797 autem
762 1758 980 1798 sensum
1010 1743 1255 1811 recipere
1292 1751 1466 1811 potest
1510 1742 1694 1795 istha-c
1722 1753 1942 1796 senten-

2038 547 2259 617 ,πτωχοί
2292 547 2366 600 δι’
2394 545 2606 601 αὐτοῦ.
2633 545 2730 608 Τίς
2757 547 2906 598 ἐστιν
2930 545 2959 596 ό
2987 542 3197 613 βόσκων
3219 542 3490 612 πτωχοὺς,
3522 544 3555 615 ἡ
3598 548 3631 600 ό

2038 639 2240 712 ποιμὴν
2277 637 2385 692 τῶν
2430 637 2746 709 προϐάτων;
2799 635 3057 705 Πτωχοὺς
3108 633 3167 687 δὲ
3196 635 3258 687 οὐ
3287 635 3418 698 τοὺς
3478 636 3628 691 κατὰ

2037 732 2293 801 χρήματα
2321 729 2519 793 ἐνδεεῖς
2542 728 2710 797 λέγειν
2742 726 2878 782 ἀλλά
2914 728 3040 789 τοὺς
3086 730 3153 798 τῇ
3196 726 3416 800 ’διανοίᾳ
3456 729 3631 799 ἠλατ-

2037 823 2332 892 τωμένους.
2372 815 2530 875 Οὗτοι
2569 820 2628 874 δὲ
2656 821 2706 873 οί
2733 820 2956 890 πτωχοὶ,
2986 820 3038 871 oi
3069 820 3199 891 παρ’
3233 819 3402 873 αὐτοῦ
3431 837 3624 891 μακα-

2042 912 2314 984 ριζόμενοι
2341 910 2436 967 τοῦ
2466 912 2673 984 Κυρίου
2709 909 3026 983 (Μακάριοι
3057 910 3188 981 γὰρ,
3214 910 3380 982 φησὶν
3405 912 3544 979 (84),
3570 914 3630 966 01

2040 1004 2260 1073 πτωχοὶ
2294 1003 2375 1069 τῷ
2399 1002 2747 1073 πνεύματι),
2796 1002 2921 1055 Ἐπ’
2954 1000 3201 1069 εἰρήνης
3232 1003 3633 1057 ἀναπαύσον·

2040 1108 2153 1159 ται,
2184 1092 2393 1147 ἀνελεῖ
2420 1091 2488 1144 δὲ
2523 1090 2678 1160 λιμῷ
2699 1090 2766 1144 τὸ
2793 1090 3031 1160 σπέρμα
3054 1107 3194 1145 σου.
3235 1091 3357 1145 Τῶν
3385 1092 3629 1162 ἀλλοφύ-

2040 1187 2146 1239 λων
2183 1186 2245 1238 τὸ
2286 1186 2512 1255 σπέρμα
2537 1183 2680 1255 λιμῷ
2708 1183 3173 1254 διαφθαρήσεται,
3214 1184 3310 1237 καὶ
3340 1183 3404 1237 τὸ
3454 1186 3631 1239 κατά-

2040 1277 2247 1348 λειμμα
2281 1277 2462 1330 αὐτῶν
2500 1276 2943 1346 ἀναιρεθήσεται.

2112 1368 2236 1423 288.
2269 1370 2332 1421 Oi.
2367 1368 2471 1421 ὑπὸ
2494 1366 2749 1438 πονηρῶν
2774 1366 3102 1438 τρεφόμενοι
3126 1366 3325 1435 λόγων,
3353 1367 3441 1420 ἐπ’
3475 1367 3630 1436 ὠφε-

2042 1459 2161 1530 λείᾳ.
2191 1458 2299 1511 τῶν
2325 1458 2514 1529 ψυχῶν
2542 1457 2687 1529 λιμῷ
2714 1457 3124 1529 παραδίδονται.
3179 1458 3243 1511 Ἢ
3288 1460 3400 1530 γὰρ
3450 1458 3634 1513 ἔνδεια

2041 1550 2137 1603 τοῦ
2181 1550 2317 1621 πρὸς
2346 1549 2409 1602 τὸ
2458 1548 2628 1603 κακὸν
2660 1548 3035 1617 ἐφοδιάζοντος
3062 1549 3260 1610 αὐτοὺς
3302 1548 3632 1602 διδασκάλω

2045 1641 2265 1712 ἀφορμὴ
2291 1640 2426 1711 πρὸς
2451 1639 2665 1705 εὐεξίαν
2693 1639 2802 1693 τῶν
2824 1639 3016 1710 ψυχῶν
3038 1642 3134 1694 καὶ
3169 1642 3446 1713 σωτηρίαν
3479 1641 3634 1711 γίνε-

2046 1750 2155 1785 ται.
2189 1732 2347 1786 Οὕτω
2379 1732 2437 1786 δὲ
2468 1733 2719 1786 ἐκλαϐεῖν
2753 1732 2867 1804 (85)
2922 1731 3020 1804 τὴν
3064 1732 3274 1787 ἔννοιαν
3318 1733 3412 1786 τοῦ
3458 1733 3634 1804 ῥητοῦ

372 1832 446 1893 tia
483 1849 496 1884 :
528 1828 765 1884 Laetetur
815 1844 992 1897 nemo,
1049 1809 1169 1884 cum
1205 1809 1394 1898 iugum
1440 1829 1605 1899 598
1649 1830 1793 1898 quod
1843 1830 1942 1885 sibi

2099 1824 2297 1878 »νοιτόν⁸
2357 1822 2431 1894 μὴ
2486 1822 2832 1895 εὐφραίνοιτο
2868 1824 3057 1894 μηδεὶς
3112 1826 3142 1878 ό
3189 1824 3493 1897 συντρίϐων
3539 1825 3637 1879 τὸν

372 1921 656 1984 incumbit,
697 1929 859 1989 atque
906 1936 938 1976 a
987 1921 1321 1990 percutiente
1378 1935 1438 1975 se
1486 1920 1796 1989 impositum
1843 1931 1947 1988 est,

371 2013 710 2069 contriverit.
752 2012 890 2067 Nam
924 2014 1079 2083 plaga
1114 2028 1234 2081 qua:
1262 2027 1359 2080 per
1400 2026 1705 2067 sermonem
1753 2010 1948 2082 inﬂigi-

379 2113 485 2167 tur,
516 2111 572 2155 et
604 2100 950 2170 exprobratio
975 2114 1094 2168 quae
1125 2114 1221 2168 per
1261 2102 1435 2166 ipsum
1470 2097 1548 2164 lit,
1590 2098 1821 2151 ctedens'
1854 2095 1948 2150 lla-

370 2193 483 2261 gris
514 2202 570 2245 et
600 2193 875 2262 castigans
908 2192 1025 2260 ejus
1070 2191 1163 2258 qui
1211 2191 1393 2258 lapsus
1439 2199 1522 2241 est
1548 2187 1940 2241 conscientiam

371 2285 441 2340 ob
489 2292 729 2361 peccata,
782 2283 843 2335 lit
890 2282 1208 2351 plerumque
1241 2281 1289 2334 ei
1327 2280 1417 2348 qui
1460 2279 1572 2349 jam
1609 2280 1675 2333 ad
1711 2278 1946 2333 salutem

372 2389 472 2443 per
501 2374 777 2428 Christum
806 2373 984 2427 datam
1017 2381 1244 2426 vocatus
1267 2371 1465 2437 fuerat,
1489 2385 1618 2424 ansa
1649 2379 1704 2425 et
1733 2369 1949 2423 occasio

374 2461 448 2521 ad
467 2467 655 2536 jngum
678 2463 1314 2520 Christi'conterendum.
1346 2460 1484 2515 Cum
1508 2460 1652 2515 enim
1674 2460 1947 2530 quispiam

378 2572 484 2611 non
505 2557 610 2610 {ert
634 2555 935 2610 molestiam
960 2569 1026 2607 ex
1049 2554 1470 2622 reprehensione
1494 2561 1550 2608 et
1574 2552 1951 2620 objurgatione

374 2659 591 2712 ortam,
627 2646 802 2701 instar
848 2647 968 2715 equi
1019 2654 1074 2700 et
1116 2645 1247 2699 muli
1299 2645 1572 2699 reluctans
1626 2653 1684 2698 et
1732 2642 1952 2698 rebellis

377 2734 573 2801 Iactus,
609 2751 774 2806 seque
802 2752 833 2792 e
868 2736 958 2790 Dei
995 2735 1217 2789 servitio
1247 2735 1516 2799 eximens,
1560 2740 1613 2787 et
1654 2732 1951 2802 subiiciens

375 2846 435 2887 ne
462 2837 705 2901 peccato,
738 2828 921 2883 laetitia
956 2828 1008 2881 in
1045 2826 1157 2882 Deo
1187 2827 1406 2881 fruenda
1437 2826 1689 2893 indignus
1714 2833 1817 2879 est.
1853 2824 1951 2878 Ita-

374 2938 480 2993 que
537 2922 706 2976 multo
751 2927 974 2991 praestat
1021 2920 1294 2988 patienter
1357 2918 1592 2973 tolerare
1637 2932 1949 2973 sermonem

381 3012 841 3084 objurgatorium,
874 3026 1035 3081 quam
1066 3010 1285 3079 indigne
1328 3008 1590 3065 ferentem
1616 3008 1804 3080 jugum
1832 3007 1949 3075 eius

2050 1914 2396 1985 ἐπικείμενον
2425 1912 2575 1983 αὐτῷ
2619 1912 2802 1981 ζυγὸν,
2835 1912 2926 1967 τὸν
2978 1913 3296 1968 ἐπιτεθέντα
3344 1914 3497 1987 παρὰ
3537 1914 3637 1968 τοῦ

2051 2007 2304 2070 παίοντος
2329 2006 2512 2060 αὐτόν.
2543 2004 2810 2069 Πολλάκις
2837 2005 2947 2076 γὰρ
2986 2005 3263 2078 πρόφασις
3289 2005 3501 2074 γίνεταί
3527 2024 3639 2060 τινι

2050 2098 2187 2169 πρὸς
2206 2096 2267 2150 τὺ
2293 2095 2597 2167 συντρίϐειν
2636 2095 2729 2149 τὸν
2751 2095 2845 2149 τοῦ
2871 2096 3109 2168 Χριστοῦ
3140 2097 3324 2165 ζυγὸν,
3361 2097 3460 2168 ἡδη
3502 2098 3640 2169 κληι-

2050 2188 2195 2243 θέντι
2219 2189 2313 2243 ἐπὶ
2364 2190 2463 2261 τὴν
2489 2188 2764 2259 σωτηρίαν
2813 2188 2912 2260 τὴν
2937 2190 2996 2241 ἐν
3028 2188 3284 2260 Χριστῷ,
3318 2191 3353 2261 ἡ
3378 2190 3490 2243 ἀπὸ
3537 2189 3638 2244 τοῦ

2049 2281 2208 2350 λόγου
2246 2281 2449 2353 πληγὴ.
2477 2281 2572 2335 καὶ
2594 2269 2623 2333 ό
2655 2282 2749 2334 ἀπ’
2776 2280 2945 2335 αὺτοῦ
2970 2280 3209 2351 ἐλεγχος,
3240 2280 3515 2353 μαστίζων
3539 2283 3639 2336 καὶ

2051 2373 2293 2437 κολάζων
2329 2374 2423 2425 ἐπὶ
2457 2375 2570 2437 τοῖς
2618 2373 3030 2444 ἡμαρτημένοις
3050 2372 3162 2444 (86)
3193 2373 3293 2443 τὴν
3313 2374 3408 2427 τοῦ
3440 2376 3639 2428 ἐπται-

2051 2466 2207 2529 κότος
2237 2465 2559 2533 συνείδησιν.
2596 2465 2687 2535 Μὴ
2744 2463 2927 2536 φέρων
2960 2465 3069 2536 γάρ
3115 2483 3201 2528 τις
3249 2466 3343 2518 τὸν
3396 2466 3507 2519 ἀπὸ
3538 2464 3639 2518 τοῦ

2051 2557 2272 2628 ἐλέγχου
2294 2558 2506 2628 καὶτῆς
2535 2556 2879 2627 ἐπιπλήξεως
2902 2557 3083 2620 πόνον,
3107 2556 3470 2627 ἀφηνιαστὴς,
3502 2557 3641 2628 τρό-

2051 2663 2151 2701 πον
2202 2647 2366 2699 ῐππου
2409 2646 2505 2700 καὶ
2537 2646 2791 2717 ἡμιόνου,
2844 2645 3154 2713 γενόμενος,
3209 2645 3305 2699 καὶ
3333 2645 3639 2716 ἐλευθερῶν

2055 2738 2151 2809 μὲν
2182 2738 2372 2791 ἐαυτὸν
2390 2738 2503 2790 ἀπὺ
2528 2737 2621 2790 τοῦ
2652 2736 2812 2801 Θεοῦ,
2832 2737 3036 2790 δουλῶν
3059 2737 3170 2806 (87)
3189 2737 3246 2789 δὲ
3267 2739 3335 2808 τῇ
3362 2737 3636 2808 ἁμαρτία,

2051 2828 2266 2894 ἀνάξιός
2294 2831 2408 2882 ἐστι
2433 2830 2532 2899 τῆς
2560 2831 2619 2882 ἐν
2639 2829 2759 2899 Θεῷ
2787 2829 3144 2900 εὐφροσύνης.
3173 2828 3364 2900 Πολλῷ
3389 2825 3485 2883 οῦν
3518 2827 3642 2898 βέλ-

2048 2940 2185 2987 τιον,
2204 2920 2491 2993 ἀνέχεσθαι
2506 2922 2663 2990 λόγου
2682 2920 3051 2987 παιδευτικοῦ,
3075 2920 3108 2991 ἢ
3127 2920 3639 2991 δυσανασχετοῦντα

2054 3012 2357 3085 συντρίϐειν
2381 3013 2474 3067 τὸν
2506 3011 2670 3083 ζυγὸν
2700 3012 2794 3067 τοῦ
2833 3013 3088 3077 παίοντος
3126 3013 3312 3067 αὐτόν.
3355 3015 3419 3066 Οἱ
3451 3012 3641 3083 μέντοι

375 3108 466 3177 Qui
496 3122 555 3161 se
584 3104 836 3174 percutit,
859 3111 1160 3158 conterere.
1186 3101 1291 3156 Sed
1316 3103 1404 3169 qui
1428 3116 1535 3156 non
1563 3100 1942 3165 contriverint,

2099 3105 2132 3176 ὴ
2163 3104 2568 3176 συντρίψαντες,
2591 3104 2706 3157 ἀλλ’
2734 3103 3126 3175 ὑπομείναντες
3150 3102 3249 3174 τὴν
3276 3103 3644 3175 παιδευτικὴν

375 3201 484 3252 imo
511 3196 602 3265 qui
631 3195 987 3250 visitationem
1015 3193 1080 3247 ad
1111 3194 1464 3248 erudiendum
1488 3193 1734 3247 idoneam
1769 3192 1935 3247 susti-

376 3290 613 3353 nuerint,
643 3287 695 3341 hi
718 3287 788 3342 ob
808 3286 985 3341 cordis
1008 3284 1365 3340 humilitatem
1386 3265 1634 3354 appellati
1660 3298 1948 3355 pauperes,

373 3397 471 3452 per
500 3395 624 3435 eum
652 3387 963 3450 pascentur.
1012 3376 1163 3430 Finis
1189 3377 1478 3447 fsiquidem
1514 3377 1668 3431 bona!
1711 3376 1953 3445 discipli-

376 3488 459 3526 nae
500 3473 590 3526 illa
625 3480 752 3526 sunt
792 3484 990 3538 pascua
1042 3468 1330 3539 promissa,
1371 3468 1437 3522 de
1465 3469 1661 3537 quibus
1699 3466 1951 3523 Salvator

376 3568 452 3619 ait
484 3585 498 3619 :
534 3563 889 3634 Ingredietur,
909 3572 957 3618 et
985 3562 1296 3632 egredietur,
1330 3571 1379 3614 et
1400 3577 1595 3629 pascua
1627 3561 1851 3614 inveniet
1877 3561 1946 3613 ".

376 3658 515 3723 Quin
541 3667 596 3711 et
619 3656 875 3726 propheta
908 3654 1037 3709 dicit
1062 3666 1079 3704 :
1104 3651 1131 3706 1
1137 3669 1169 3705 n
1200 3652 1410 3721 pascuis
1435 3652 1713 3721 pinguibus
1733 3666 1946 3718 pascam

378 3767 465 3804 eos
498 3749 565 3802 ".
613 3748 798 3816 Itaque
829 3746 1015 3814 inopes
1051 3743 1297 3798 homines
1336 3745 1389 3797 in
1420 3758 1551 3811 pace
1582 3744 1946 3811 requiescent,

380 3842 427 3896 si
455 3841 614 3894 modo
638 3852 743 3893 non
771 3837 1108 3907 neglexerint
1136 3834 1349 3890 Domini
1381 3834 1739 3903 disciplinam,
1774 3848 1952 3904 neque

380 3929 562 3983 animo
591 3926 947 3989 conciderint,
991 3926 1059 3979 ab
1100 3925 1217 3992 ipso
1242 3923 1501 3992 correpti.
1535 3920 1733 3977 Semen
1768 3932 1950 3976 autem

377 4018 801 4088 alienigenarum
833 4016 1170 4070 interimetur
1201 4014 1342 4068 t‘ame
1362 4056 1377 4079 ,
1410 4027 1627 4081 pinnam
1653 4012 1723 4066 ob
1750 4013 1952 4066 contri-

380 4120 495 4162 tum
526 4108 712 4177 iugum
742 4105 1019 4176 perferens
1044 4144 1058 4167 ,
1091 4104 1473 4158 alimentorum
1502 4102 1753 4157 videlicet
1783 4117 1952 4171 penu-

379 4214 539 4255 nam.

446 4289 572 4344 289.
615 4288 777 4343 Vens.
806 4287 903 4349 51,
939 4285 1026 4339 52.
1064 4284 1308 4348 Ululate,
1353 4294 1518 4351 parm
1556 4284 1858 4347 civitatum,
1896 4292 1946 4338 et

2054 3197 2362 3267 ἐπίσκεψιν,
2399 3198 2451 3251 oi
2499 3197 2588 3250 διὰ
2625 3196 2725 3269 τὴν
2751 3197 3081 3250 ταπείνωσιν
3127 3196 3228 3267 τῆς
3261 3195 3492 3268 καρδίας
3544 3197 3644 3250 καὶ

2055 3288 2258 3358 πτωχοὶ
2318 3288 2770 3358 χρηματίζοντες,
2825 3287 3255 3358 βοσκηθὴσονται
3308 3287 3374 3340 δι’
3441 3288 3637 3344 αὑτοῦ.

2055 3380 2219 3444 Τέλος
2243 3381 2354 3451 γὰρ
2382 3380 2594 3451 ἀγαθῆς
2619 3380 2952 3443 παιδεύσεως
2990 3380 3127 3450 νομὴ
3171 3381 3320 3433 ἐστιν
3371 3381 3647 3451 ἐπηγγελ-

2058 3473 2215 3544 μένη,
2247 3473 2376 3544 περὶ
2418 3468 2486 3545 ἦς
2528 3489 2694 3542 φησιν
2736 3474 2764 3525 ὁ
2798 3472 3011 3542 Σωτὴρ,
3056 3472 3138 3524 ὅτι
3179 3473 3642 3538 Είσελεύσεται,

2051 3564 2148 3618 καὶ
2167 3565 2574 3628 ἐξελεύσεται,
2612 3562 2711 3617 καὶ
2754 3561 2952 3631 νομὴν
2990 3561 3270 3630 εὑρήσειο
3309 3561 3407 3615 κα1⁵
3444 3565 3474 3615 ὁ
3512 3579 3649 3634 προ-

2052 3652 2227 3721 φήτης
2262 3650 2319 3703 δέ
2351 3667 2536 3721 φησιν,
2567 3650 2648 3703 ὃτι
2689 3651 2792 3703 Ἐν
2814 3648 2971 3718 νομῇ
3000 3651 3162 3703 πίονι
3180 3648 3493 3716 βοσκήσω
3534 3655 3647 3706 air.

2022 3766 2027 3769 λ
2051 3740 2212 3806 τούς.
2235 3741 2394 3793 Ὥστε
2419 3741 2468 3793 ol
2496 3739 2702 3809 πτωχοὶ
2730 3739 3008 3810 ἄνθρωποι
3033 3740 3120 3791 ἐπ’
3142 3740 3365 3811 εἰρήνης
3395 3740 3648 3794 ἀναπαύ-

2054 3846 2254 3896 σονται,
2285 3828 2425 3882 ἐπὰν
2462 3829 2536 3900 μὴ
2570 3828 2948 3899 ὀλιγωρὴσωσι
2969 3827 3219 3891 παιδείας
3239 3828 3470 3897 Κυρίου,
3499 3831 3645 3899 μηδὲ

2051 3920 2347 3975 ἐκλύωνται
2368 3920 2461 3973 ὑπ’
2492 3920 2658 3973 αὐτοῦ
2688 3919 3056 3989 ἐλεγχόμενοι.
3095 3917 3168 3971 Τὸ
3192 3917 3254 3971 δὲ
3281 3919 3509 3989 σπέρμα
3531 3921 3647 3973 τῶν

2051 4010 2361 4080 ἀλλοφύλων
2385 4010 2528 4081 λιμῷ
2558 4009 2995 4080 ἀναιρεθήσεται,
3025 4008 3184 4078 δίκην
3230 4009 3324 4062 τοῦ
3372 4011 3519 4064 κατὰ
3545 4013 3644 4066 τὸν

2054 4100 2216 4169 ζυγὸν
2246 4101 2584 4173 συντριμμοῦ
2639 4101 2837 4171 ὑπέχον
2898 4099 2996 4172 τὴν
3054 4098 3165 4153 τῶν
3224 4101 3442 4173 τροφῶν
3494 4106 3643 4159 ἁπο-

2094 4210 2196 4247 ιαν.

2094 4210 2196 4247 ιαν.

2057 4210 2086 4263 ρ
2122 4283 2246 4338 289.
2294 4284 2677 4348 Ὀλολύξατε,
2707 4284 2895 4338 πύλαι
2919 4286 3176 4351 πόλεων,
3226 4285 3324 4340 καὶ
3355 4289 3643 4356 κεκραγέδ

380 4380 601 4434 θίαηιιηι
639 4380 874 4432 civitates
911 4380 1152 4441 turbatw,
1189 4378 1443 4447 allophyli
1484 4393 1693 4440 omnes;
1734 4378 1857 4445 quia
1879 4376 1942 4429 ab

2099 4391 2252 4428 ευσαν
2273 4375 2472 4439 πόλεις
2493 4377 2936 4444 τεταραγμέναι,
2959 4379 3012 4430 οἱ
3027 4378 3366 4446 ἀλλόφυλοι
3388 4378 3638 4444 mir-reg“

379 4472 623 4540 aquilone
663 4473 837 4540 fumus
888 4473 1044 4531 venit,
1086 4479 1135 4522 et
1181 4487 1283 4523 non
1330 4479 1427 4534 est,
1484 4479 1539 4522 ut
1582 4469 1670 4525 sit.
1709 4468 1772 4521 Et
1822 4470 1942 4537 quid

2099 4483 2143 4518 rt
2169 4464 2287 4519 ἀπὸ
2310 4465 2506 4534 ,βορῤᾶ
2540 4466 2770 4532 καπνὸς
2796 4467 3055 4537 ἔρχεται,
3086 4470 3186 4522 καὶ
3224 4472 3333 4523 οὐκ
3355 4469 3489 4523 ἐστι
3525 4471 3640 4525 toﬁ

380 4562 753 4629 respondebunt
778 4579 919 4632 reges
942 4561 1212 4631 gentium?
1259 4561 1397 4626 Quia
1420 4560 1674 4613 Dominus
1697 4559 1942 4626 [undavit

2099 4555 2228 4612 ἴναι.
2263 4558 2373 4612 Καὶ
2426 4559 2484 4611 τί
2521 4559 3029 4628 ἀποκριθήσονται
3075 4560 3359 4625 βασιλεῖς
3408 4561 3640 4627 soror,-

380 4652 510 4707 Sion
537 4670 556 4707 :
577 4666 623 4707 et
660 4670 752 4723 per
780 4670 898 4707 eum
929 4652 1271 4705 sulvabuntur
1307 4650 1528 4703 humiles
1560 4651 1763 4717 populi.
1814 4649 1947 4701 Ulu-

451 4809 498 4841 ⁷⁵
526 4806 681 4862 Joan.
716 4823 764 4867 Χ,
794 4800 891 4861 Ἠ.
966 4806 1012 4837 ⁷⁸
1042 4805 1234 4861 Matth.
1267 4823 1315 4873 v,
1347 4808 1399 4861 3.

434 4960 561 5032 ’(85)
589 4960 679 5015 Sic
692 4960 823 5032 Reg.
845 4963 1131 5017 secundus.
1163 4961 1324 5027 Editi,
1348 4961 1771 5032 βοσγηθήσονται
1801 4978 1949 5032 πτω-

375 5032 483 5129 χρί.
509 5032 799 5129 Aliquanto
823 5043 1096 5129 BOS_IIIIISSl.
1128 5032 1387 5129 quinque,
1418 5031 1615 5097 ἐνδεεῖς
1634 5033 1800 5102 λέγει.
1831 5031 1945 5085 Vox

376 5102 524 5170 λέγει
547 5102 601 5154 in
639 5102 797 5156 editis
823 5103 1245 5156 desiderabatur.

585 5136 897 5251 [iicyoce'm
921 5172 1053 5241 φησί
1086 5188 1150 5251 eat
1184 5176 1290 5251 tum
1318 5171 1500 5251 codice
1512 5171 1837 5251 addidimus.

447 5239 560 5322 (85)
589 5240 751 5305 Editi,
794 5239 1024 5323 γίνεται,
1057 5240 1318 5323 καὶοῦτω
1358 5241 1415 5294 δὲ
1445 5239 1831 5311 ἐκλαμϐάνειν.
1879 5240 1949 5295 At

375 5320 772 5380 quinqueimss.
797 5320 854 5364 ut
882 5320 935 5364 in
965 5322 1238 5366 contextu.

447 5379 558 5451 (86)
588 5379 816 5453 Vetenes
831 5380 953 5453 libri
984 5397 1194 5453 omnes,
1229 5381 1323 5434 ἐπὶ
1350 5383 1459 5445 τοῖς
1477 5382 1850 5453 ἡμαρτηκόσι,
1878 5380 1932 5434 oi

374 5449 686 5523 peccatores.
722 5449 886 5523 Editi,
935 5450 1026 5503 ἐπὶ
1076 5454 1184 5514 τοῖς
1224 5449 1650 5523 ἡμαρτημένοις.
1685 5449 1944 5523 Suspicor

378 5521 734 5592 typographos
784 5520 926 5592 ipsos
954 5523 1018 5575 de
1058 5537 1156 5575 suo
1195 5520 1289 5590 pro
1320 5520 1663 5592 ἡμαρτηκόσι
1710 5522 1943 5576 edidisse

375 5589 814 5661 ἡμαρτημένοις.
854 5590 1078 5646 Putasse
1110 5589 1252 5646 enim
1296 5589 1564 5659 vidciitui,
1601 5593 1653 5646 id
1690 5592 1830 5659 quod
1857 5604 1944 5644 res

377 5668 483 5737 est,
516 5659 656 5712 hanc
698 5659 978 5743 lectionem
1023 5662 1192 5743 magis
1232 5663 1537 5716 convenire.
1564 5662 1737 5743 Auget
1768 5661 1944 5729 suspi-

375 5731 607 5794 cionem,
656 5728 797 5798 quod
838 5728 1039 5799 Regius
1085 5728 1308 5802 primus,
1350 5748 1455 5803 quo
1502 5734 1582 5789 usi
1641 5728 1766 5789 sunt
1794 5728 1943 5802 typo-

2060 4651 2187 4703 Ὅτι
2219 4652 2434 4718 Κύριος
2455 4650 2812 4721 ἑθεμελίωσε
2838 4650 3028 4716 Σιὼν,
3061 4650 3159 4704 καὶ
3193 4652 3266 4705 δι’
3305 4654 3491 4708 αὑτοῦ
3523 4654 3641 4725 (88)

1504 4807 1547 4836 ⁷⁸
1574 4806 1733 4861 Joan.
1767 4823 1819 4874 κ,
1845 4806 1899 4862 9.
1974 4806 2015 4836 ⁷⁷
2060 4806 2255 4859 Etcch.
2307 4820 2494 4872 xxx‘tv,
2531 4805 2613 4859 14.

2055 4963 2287 5033 graphi,
2335 4960 2534 5015 habeat
2581 4969 2636 5014 et
2692 4961 2804 5031 ipse
2835 4974 3244 5033 quoque,710t:,
3303 4978 3641 5033 ημαρτημε-

2054 5049 2185 5095 νοις.
2235 5032 2363 5087 Utut
2400 5033 2515 5087 haec
2562 5042 2709 5098 sunt,
2759 5036 3028 5101 vulgatam
3079 5032 3366 5087 lectionem
3400 5032 3637 5088 retinui-

2055 5118 2234 5243 Ιῐιιξ8τ1)
2275 5171 2375 5243 Sic
2410 5186 2542 5243 mss.
2572 5172 2787 5243 nostri:
2842 5171 2930 5226 ubi
2970 5185 3073 5226 vox
3125 5172 3320 5225 ἑαυτόν
3353 5132 3640 5226 subaudiri

2057 5240 2232 5297 debet.
2286 5241 2446 5324 Editi,
2490 5240 2773 5324 δουλεύων.
2810 5242 3024 5313 Optime
3067 5244 3284 5310 quidem
3316 5260 3330 5295 :
3365 5244 3461 5296 sed
3498 5256 3635 5297 mss.

2058 5326 2161 5366 non
2192 5322 2556 5366 consentiunt.

2129 5382 2240 5452 (88)
2276 5382 2409 5450 lleg.
2443 5382 2633 5452 tertius
2663 5380 3071 5452 codex_optima2
3099 5390 3242 5435 noue
3263 5379 3524 5452 idemque
3534 5394 3638 5452 an-

2055 5448 2410 5521 tiquissimus,
2441 5451 2537 5505 καὶ
2576 5451 2641 5505 δι’
2686 5448 2903 5512 αὑτοῦ(
2932 5461 2979 5504 et
3034 5467 3125 5519 per
3149 5465 3303 5514 eum;
3342 5464 3439 5521 nec
3477 5448 3640 5502 aliter

2050 5519 2318 5589 scripsere
2341 5520 2607 5578 Eusebius
2629 5530 2685 5576 et
2719 5521 3034 5588 Procopius.
3070 5522 3139 5575 At
3170 5521 3318 5590 Regii
3334 5519 3559 5644 (primus
3576 5529 3635 5572 et

2050 5591 2320 5645 secundus
2367 5606 2490 5645 cum
2546 5590 2702 5645 Colb.
2752 5592 2988 5645 secundo
3038 5600 3093 5644 et
3137 5605 3259 5645 cum
3301 5604 3330 5644 e
3373 5600 3480 5645 ttts.
3537 5589 3636 5643 καὶ

2050 5593 2320 5645 secundus
2367 5606 2490 5645 cum
2546 5593 2702 5645 Colb.
2752 5593 2988 5645 secundo
3038 5600 3093 5644 et
3137 5605 3259 5646 cum
3301 5593 3480 5651 editis,
3537 5593 3636 5643 καὶ

2048 5660 2139 5713 διὰ
2172 5659 2351 5722 τοῦτο,
2392 5671 2442 5715 et
2472 5661 2609 5731 ideo.
2640 5660 2858 5731 Statim
2890 5668 2999 5731 tres
3038 5675 3192 5723 mss.,
3236 5661 3331 5713 καὶ
3362 5660 3636 5731 κεκραγέ-

2048 5748 2253 5790 τωσαν.
2282 5731 2484 5788 Vocula
2512 5730 2606 5785 καί
2636 5730 2694 5789 in
2730 5729 2959 5802 vulgatis
2987 5731 3343 5789 desideratur.
