3810 6214
369 262 483 322 027

1340 262 1684 323 APPENDIX
1720 260 2011 321 omum
2050 262 2108 320 s.
2152 262 2399 320 BASlLlI
2436 229 2675 321 ment.

373 382 678 441 luculenter
715 384 974 439 dicente:
1006 382 1216 438 Ebrioei
1249 386 1394 455 regni
1450 385 1548 440 Dei
1587 385 1953 440 hereditatem

2122 384 2332 458 ραεῆναι
2370 384 2534 448 εἰς’τὺ
2560 383 2694 454 ὕψος
2725 379 2823 454 τῆς
2848 378 2943 435 τοῦ
2971 377 3106 434 Θεοῦ
3146 346 3422 451 βασιλείας
3442 415 3460 442 ,
3499 377 3663 452 nap-

378 497 488 537 non
521 481 786 550 accipient
817 481 890 535 ”.
923 479 1065 534 Sunt
1092 480 1236 533 enim
1271 495 1433 537 casus
1466 481 1646 548 multi,
1679 481 1963 550 variaeque

377 586 580 636 causa,
631 588 730 627 cur
781 586 880 627 nos
926 573 992 626 ab
1025 571 1115 626 illa
1149 571 1437 628 altitudine
1468 573 1812 636 excidamus,
1862 586 1965 627 nec

377 666 754 736 pertingamus
798 663 865 719 ad
926 664 1174 719 bravium
1233 680 1488 735 supernae
1521 664 1823 720 vocationis
1863 663 1911 695 “
1947 680 1962 717 :

314 825 327 839 ἱ
379 770 545 811 causa
570 764 751 810 autem
794 771 898 810 una
922 756 1035 809 haec
1065 765 1166 820 est.
1197 772 1297 812 nec
1327 758 1578 822 minima,
1610 757 1826 812 bibendi
1860 757 1965 812 sci-

320 855 355 924 "_
379 847 513 903 licet
558 846 830 917 cupiditas
863 856 916 902 et
957 846 1220 901 studium.
1260 846 1463 902 Horum
1496 848 1665 917 igitur
1701 849 1965 903 temulen-

374 947 558 992 torum
605 946 776 1009 porta:
819 938 987 1008 iussae
1045 946 1171 993 sunt
1223 939 1386 994 edere
1431 938 1695 994 ululatum
1726 956 1741 994 :
1770 949 1959 1010 portze,

343 1028 629 1127 l‘inquam,
662 1044 760 1100 per
793 1046 931 1100 quas
970 1046 1181 1085 merum
1216 1032 1499 1086 advectum
1528 1033 1761 1088 accersit
1797 1032 1966 1086 malo-

344 1121 500 1175 “vrum
532 1131 793 1177 turmam.
812 1121 857 1175 ν
866 1124 944 1177 ias
974 1123 1159 1193 igitur,
1184 1124 1385 1193 quibus
1409 1134 1691 1194 peccatum
1720 1125 1965 1180 commit-

378 1211 538 1277 titur,
560 1211 718 1280 jubet
759 1210 1040 1282 Scriptura
1076 1216 1144 1269 ad
1178 1214 1438 1269 ululatum
1473 1214 1789 1286 confugere,
1824 1217 1962 1270 adeo

380 1312 444 1359 ut
474 1319 572 1360 ore
619 1305 982 1374 ingemiscat,
1027 1307 1119 1376 qui
1161 1321 1257 1376 per
1306 1322 1368 1363 os
1412 1317 1690 1378 peccatum
1746 1308 1965 1362 admisit

381 1397 681 1453 ebrietatis.
730 1398 987 1453 Civitates
1038 1411 1221 1455 autem
1280 1399 1471 1453 harum
1530 1409 1807 1470 portarum
1863 1400 1962 1469 ipsi

382 1497 511 1543 sum
545 1491 739 1545 anima:
780 1504 995 1554 sensus,
1037 1489 1092 1543 in
1136 1490 1334 1559 quibus
1363 1507 1650 1560 pravarum
1682 1492 1965 1562 cogitatio-

384 1595 513 1633 num
558 1589 873 1647 conventus,
909 1580 1267 1648 cupiditatum
1307 1581 1612 1647 multitudo,
1649 1581 1882 1650 crapulae
1911 1588 1967 1634 et

2067 476 2235 549 ρήδην
2264 476 2512 539 εἰπόντος
2546 472 2758 528 Παύλου
2774 490 2788 506 ·
2850 470 3114 528 Μέθυσοι
3139 469 3469 536 βασιλείαν·
3500 470 3658 525 Θεοῦ

2063 570 2136 623 οὐ
2170 567 2721 637 κληρονομήσουσι.
2758 563 2937 619 Πολλὰ
2962 564 3073 634 γὰρ
3105 562 3174 616 τὰ
3202 560 3474 633 πτώματα
3492 600 3508 626 ,
3556 562 3659 616 καὶ

2065 658 2313 730 διάφοροι
2344 660 2400 712 αἰ
2447 658 2615 713 αἰτίαι
2666 656 2761 712 τοῦ
2794 657 2903 711 ἀπὸ
2933 656 3028 710 τοῦ
3067 655 3237 726 ὕψους
3284 656 3433 726 ἡμᾶς
3476 671 3657 709 κατα-

2064 750 2281 805 πίπτειν
2307 792 2322 816 ,
2357 753 2450 805 κα).
2505 752 2577 821 μὴ
2611 750 2833 820 φθάνειν
2872 749 2964 802 ἐπὶ
2994 748 3058 802 τὸ
3103 746 3356 819 βραϐεῖον
3385 746 3487 818 τῆς
3537 747 3664 802 ἄνω

2064 845 2341 917 κλήσεωςο
2380 845 2475 915 μία
2502 843 2559 896 δὲ
2588 845 2683 897 καὶ
2710 845 2811 896 οὐκ
2839 842 3094 913 ἐλαχίστη
3120 881 3135 903 ,
3165 843 3199 911 ή
3234 839 3362 912 περὶ
3383 839 3445 892 τὸ
3472 837 3659 893 πίνειν

2064 936 2330 1007 ἐπιθυμία
2356 955 2414 991 τε
2439 938 2533 992 καὶ
2567 936 2789 1008 σπουδή.
2829 934 3047 989 Τούτων
3070 931 3164 987 οὖν
3200 933 3310 987 τῶν
3345 931 3663 1003 μεθυόντων

2065 1031 2122 1083 αἰ
2156 1028 2322 1083 πύλαι
2364 1028 2634 1093 ὀλολύζειν
2684 1027 3140 1100 προσετάχθησαν
3165 1044 3179 1058 ο
3217 1024 3385 1079 πύλαι
3424 1023 3494 1078 δι’
3522 1016 3661 1079 ὦνό

2063 1129 2301 1200 ἄκρατος
2322 1129 2699 1201 εἰσερχόμενος
2729 1127 2860 1199 (96),
2879 1126 2987 1180 τῶν
3003 1125 3189 1180 κακῶν
3218 1125 3307 1178 τὸν
3336 1124 3504 1195 ἐσμὸν
3531 1125 3660 1176 ἐπι-

2067 1223 2310 1294 σύρεται.
2372 1220 2483 1283 Τὰς
2512 1217 2605 1273 οὖν
2634 1209 2786 1282 ὁδοὺς
2810 1261 2823 1283 ,
2852 1218 2918 1271 δι’
2950 1211 3024 1271 ὧν
3059 1220 3092 1288 ἡ
3120 1216 3363 1288 ἁμαρτία
3390 1213 3658 1268 ἐπιτελεῖ-ι

2064 1331 2178 1378 ται,
2202 1313 2407 1376 ταύτας
2429 1311 2725 1384 τρέπεσθαι
2751 1312 2830 1375 εἰς
2857 1308 3115 1381 ὀλολυγὴν
3142 1312 3170 1362 ό
3196 1308 3355 1377 λόγος
3380 1305 3659 1379 προστάσ-

2069 1422 2150 1458 σει
2179 1446 2193 1471 ,
2230 1402 2373 1457 ὥστε
2408 1403 2495 1456 διὰ
2529 1404 2794 1473 στόματος
2837 1399 3115 1464 στενάζειν
3147 1400 3237 1453 τὸν
3287 1398 3366 1469 τῷ
3422 1399 3663 1470 στόματι

2065 1496 2451 1550 ἐπιτελέσαντα
2471 1495 2570 1567 τὴν
2595 1493 2868 1565 ἁμαρτίαν
2889 1492 2991 1562 τῆς
3022 1491 3210 1563 μέθης.
3239 1491 3429 1553 Πόλεις
3452 1489 3512 1542 δὲ
3532 1485 3659 1545 τού-

2063 1606 2172 1643 των
2200 1589 2310 1643 τῶν
2348 1589 2556 1642 πολλῶν
2588 1586 2727 1641 αὐτὰ
2760 1585 2831 1639 τὰ
2861 1585 2960 1657 τῆς
2988 1584 3164 1655 ψυχῆς
3197 1586 3344 1637 ἐστιν
3389 1581 3660 1654 αἰσθητή-

384 1672 676 1726 ebrietates
722 1671 1067 1726 diversantur
1098 1687 1113 1725 :
1146 1687 1267 1740 qua:
1294 1672 1363 1725 ob
1400 1671 1741 1742 phantasiam
1782 1686 1810 1723 a
1839 1671 1958 1725 vino

384 1764 438 1788 ἃ..
485 1764 561 1788 -2-
611 1764 894 1788 Α-..ε.-.-.....
947 1765 1244 1788 --.ιη-μη...
1277 1773 1327 1788 ,ιι
1364 1764 1598 1788 -Α...Ι“.......
1685 1779 1800 1788 Ah...
1848 1778 1958 1788 οη...

2122 1702 2163 1739 ια
2185 1683 2318 1754 (97),
2347 1684 2403 1736 ἐν
2433 1677 2513 1745 οἷς
2542 1681 2862 1751 συστήματα
2888 1678 3139 1749 πονηρῶν
3164 1675 3535 1746 διαλογισμῶν
3560 1673 3660 1728 καὶ

2122 1776 2203 1788 ...λ
2298 1775 2310 1788 .
2390 1773 2415 1788 η
2532 1772 2559 1784 ο
2694 1770 2706 1785 ι
2947 1768 3032 1788 ---λ
3068 1766 3221 1788 .-ιηω
3251 1761 3660 1788 _,__,___-_u-

384 1764 439 1817 in
483 1764 564 1819 eis
606 1764 899 1819 excitatam
943 1765 1245 1819 exturbata!
1274 1773 1329 1818 et
1361 1764 1599 1819 confusa:
1625 1804 1641 1830 ,
1682 1779 1801 1818 eam
1844 1778 1964 1832 quae

383 1854 722 1910 intellectum
754 1860 1229 1925 omnem‘superat
1264 1856 1314 1889 ⁸³
1351 1870 1539 1924 pacem
1575 1871 1681 1910 non
1715 1856 1961 1920 habent;

381 1945 498 2000 imo
549 1960 765 2016 semper
798 1947 1075 2016 agitantur
1124 1959 1181 2002 et
1231 1955 1660 2002 commoventur.
1714 1946 1846 1999 Eam
1893 1947 1963 2000 ob

384 2050 607 2091 causam
686 2037 1080 2093 clamaverunt.
1165 2038 1260 2092 llis
1332 2038 1495 2092 infert
1555 2054 1697 2092 nunc
1755 2037 1960 2092 fumum

384 2126 589 2197 aquilo,
621 2127 686 2182 de
710 2141 819 2196 quo
843 2126 980 2181 dixit
1008 2126 1260 2181 Salomon
1293 2147 1305 2181 :
1332 2127 1521 2195 Aquilo
1549 2128 1712 2180 dum:
1743 2136 1963 2193 ventus;

383 2222 594 2275 nomine
612 2202 797 2274 autem
832 2221 1015 2275 dexter
1036 2220 1329 2285 vocatur”;
1365 2221 1465 2273 hoc
1488 2231 1589 2284 est,
1613 2220 1834 2289 spiritus
1865 2220 1965 2273 du-

384 2325 505 2375 rus,
523 2312 616 2385 qui
650 2311 1000 2368 reﬂat-larius
1027 2327 1089 2367 ac
1118 2323 1409 2367 contumax
1436 2312 1537 2366 fuit
1565 2294 1749 2367 curam
1775 2311 1963 2368 Omni-

383 2415 627 2475 potente,
662 2421 927 2476 suumque
944 2421 1041 2461 cor
1063 2405 1371 2461 obduravit.
1404 2405 1500 2460 llic
1524 2421 1681 2473 quem
1718 2406 1959 2461 nonnulli

391 2495 638 2549 dextrum
670 2497 834 2550 etiam
863 2505 1081 2560 vocant,
1113 2496 1247 2566 ipsis
1275 2495 1479 2549 fumum
1515 2493 1689 2559 aﬂ‘ert,
1720 2496 1964 2551 occasio-

386 2601 512 2641 nem
565 2588 777 2644 scilicet
821 2591 1218 2661 materiamque
1276 2590 1664 2663 lacrymarum.
1728 2592 1959 2659 Quinam

383 2689 566 2734 autem
597 2687 745 2743 sunt,
774 2680 877 2734 nisi
911 2680 966 2736 bi
1006 2683 1098 2751 qui
1125 2682 1386 2752 judicium
1429 2682 1624 2737 mentis
1650 2691 1961 2751 corruptum

381 2769 603 2832 habent,
652 2777 707 2824 et
745 2771 941 2826 ordine
982 2772 1198 2826 inverso
1227 2772 1292 2826 de
1336 2773 1496 2827 rebus
1534 2773 1713 2827 ferunt
1740 2784 1960 2828 senten-

383 2861 514 2915 tiam
546 2880 562 2916 :
593 2861 684 2930 qui
731 2862 923 2917 dicunt
954 2877 1226 2930 amarum,
1259 2863 1450 2929 dulce;
1506 2873 1560 2918 et
1596 2864 1768 2931 dulce,
1812 2879 1964 2918 ama-

381 2954 665 3023 rum:qui
720 2964 926 3021 ponunt
975 2954 1190 3016 lucem.
1238 2957 1490 3011 tenebras
1522 2975 1536 3011 :
1571 2966 1626 3011 et
1674 2958 1958 3023 tenebras,

2066 1775 2270 1847 πλῆθος
2294 1772 2600 1844 ἐπιθυμιῶν
2624 1770 2718 1824 καὶ
2743 1769 2916 1839 κῶμοι
2946 1768 3039 1820 καὶ
3065 1766 3225 1838 μέθαι
3249 1766 3349 1828 τὰς
3371 1761 3661 1837 διατριϐάς

2065 1868 2277 1940 ἔχουσιν
2296 1906 2311 1930 ,
2338 1866 2537 1928 αἵτινες
2566 1862 2969 1936 τεταραγμέναι
3002 1862 3097 1915 καὶ
3125 1857 3556 1931 τεθορυϐημένω
3589 1857 3661 1909 ἐκ

2065 1960 2165 2030 τῆς
2193 1959 2297 2013 ὑπὸ
2317 1956 2411 2011 τοῦ
2438 1958 2580 2010 οἴνου
2610 1954 2970 2025 ἐγγινομένης
2997 1953 3180 2015 αὐτοῖς
3201 1947 3526 2019 φαντασίας,
3552 1944 3663 2015 τὴν

2067 2050 2164 2121 μὲν
2189 2050 2411 2121 εἰρήνην
2432 2046 2531 2099 οὐκ
2553 2045 2735 2115 ἔχουσι
2754 2043 2854 2111 τὴν
2882 2042 3255 2114 ὑπερέχουσαν
3284 2036 3461 2091 πάντα
3490 2034 3658 2089 νοῦνο

2064 2140 2231 2195 ἀεὶδὲ
2265 2141 2322 2194 ἐν
2353 2138 2498 2208 σάλῳ
2527 2138 2619 2190 κα).
2644 2135 2815 2207 κλόνῳ
2846 2134 2956 2205 (98)
2985 2132 3336 2202 τυγχάνουσι.
3367 2128 3467 2182 Διὰ
3494 2127 3663 2182 τοῦτο

2064 2231 2390 2303 κεκράγασι.
2448 2229 2685 2291 Ταύταις
2715 2228 2809 2281 νῦν
2841 2227 2996 2298 φέρει
3025 2223 3228 2279 καπνὸν
3259 2221 3486 2295 βορέας·
3524 2219 3662 2291 περὶ

2063 2313 2124 2373 οὗ
2155 2315 2308 2372 εἶπεν
2336 2321 2364 2372 ὁ
2395 2315 2649 2388 Σολομὼν
2670 2356 2684 2381 ,
2714 2317 2795 2369 ὃτι
2829 2314 3052 2383 Βορέας
3075 2310 3344 2381 σκληρὸς
3396 2308 3655 2379 ἄνεμος·

2064 2412 2307 2481 ὀνόματι
2343 2407 2412 2462 δὲ
2433 2408 2733 2474 ἐπιδέξιος
2759 2406 3024 2461 καλεῖται
3042 2422 3056 2436 ·
3089 2402 3360 2465 τουτέστι,
3393 2391 3464 2454 τό
3487 2399 3663 2470 σκλη-

2065 2504 2157 2576 ρὸν
2193 2502 2429 2574 πνεῦμα.
2476 2503 2533 2556 '0
2558 2501 2927 2574 τραχηλιάσας
2960 2497 3187 2553 ἐνώπιον
3213 2496 3306 2551 τοῦ
3337 2494 3660 2566 Παντοκρά-

2061 2612 2241 2667 τορος,
2278 2595 2372 2648 καὶ
2404 2593 2708 2665 σκληρύνας
2733 2592 2927 2647 ἐαυτοῦ
2955 2591 3055 2663 τὴν
3086 2590 3335 2661 καρδίαν,
3371 2583 3530 2652 οὗτος
3559 2587 3663 2657 φέ-

2065 2704 2147 2760 ρει
2179 2688 2364 2750 αὐτοῖς
2396 2687 2624 2749 καπνὸν,
2654 2684 2903 2756 δακρύων
2932 2682 3223 2746 ὑπόθεσιν,
3271 2680 3330 2735 ὃν
3356 2680 3452 2735 καὶ
3472 2677 3658 2733 ἐπιδέ·

2065 2779 2175 2845 ξιόν
2211 2797 2355 2842 τινες
2387 2778 2730 2850 ὀνομάζουσι.
2789 2776 2945 2840 Τίνες
2977 2776 3033 2829 δὲ
3057 2816 3073 2842 ,
3106 2773 3139 2846 ἥ
3178 2775 3226 2827 οἰ
3257 2773 3367 2842 (99)
3393 2771 3661 2843 διεφθαρς

2065 2873 2224 2945 μένον
2244 2873 2337 2926 τοῦ
2363 2872 2455 2928 νοῦ
2476 2873 2535 2926 τὸ
2556 2872 2838 2945 κριτήριον
2858 2869 3094 2941 ἔχοντες,
3116 2867 3212 2921 καὶ
3235 2863 3660 2936 ἐνηλλαγμένως

2061 2966 2161 3030 τὰς
2199 2966 2327 3038 περ).
2359 2964 2468 3018 τῶν
2512 2963 2855 3035 πραγμάτων
2894 2961 3052 3028 δόξας
3081 2958 3547 3029 ἀποφαινόμενοι;
3604 2956 3660 3012 οι

380 3045 559 3100 lucem
588 3045 684 3100 “1?
717 3044 781 3100 lli
810 3047 881 3101 ab
903 3061 969 3101 eo
1007 3047 1098 3116 qui
1132 3060 1191 3100 se
1213 3048 1265 3101 in
1300 3047 1548 3117 angelum
1578 3048 1727 3117 pacis
1752 3047 1958 3102 transil-

2122 3059 2366 3121 ῑισκοντες
2392 3056 2452 3110 τὸ
2477 3054 2671 3128 πικρόν
2698 3054 2869 3123 γλυκὺ
2888 3095 2904 3121 ,
2935 3052 3028 3107 καὶ
3058 3051 3121 3104 τὸ
3146 3050 3318 3120 γλυκὺ
3342 3048 3576 3121 πικρόν;
3604 3046 3658 3102 ol

385 3144 567 3205 gurat,
614 3137 822 3206 decepti
859 3146 915 3190 et
948 3137 1221 3201 subducti,
1256 3138 1397 3190 hunc
1444 3138 1614 3206 ipsum
1654 3138 1780 3193 licet
1824 3138 1959 3191 sini-

382 3237 558 3283 strum
587 3237 641 3281 et
671 3228 838 3299 σου
857 3229 1134 3281 vitandum
1158 3269 1173 3291 ,
1225 3240 1422 3283 vocant
1474 3228 1747 3284 dextrum.
1792 3230 1960 3300 Aqui-

386 3318 564 3374 lonem
588 3328 766 3373 autem
794 3334 891 3388 pro
916 3320 1227 3374 adversaria
1262 3328 1531 3389 potestate
1566 3322 1817 3391 usurpari
1847 3322 1958 3389 pla-

381 3426 509 3465 num
540 3421 626 3465 est
655 3425 721 3466 ex
752 3412 838 3466 his
872 3411 1051 3466 verbis
1077 3410 1120 3465 A
1158 3412 1293 3480 facie
1334 3412 1595 3481 aquilonis
1622 3415 1959 3467 exardescent

378 3499 524 3554 mala
549 3499 597 3531 ⁸⁵
625 3516 641 3554 :
668 3501 811 3570 quod
843 3500 1046 3555 dictum
1088 3512 1171 3556 est
1200 3502 1250 3555 in
1280 3502 1490 3557 visione
1520 3502 1637 3556 olla:
1664 3517 1957 3559 succensae.

378 3590 482 3659 Qui
516 3600 696 3648 autem
727 3601 855 3647 sunt
895 3594 1225 3662 hujusmodi,
1260 3609 1382 3649 esse
1412 3594 1708 3650 desierunt.
1740 3595 1876 3649 Nam
1906 3596 1960 3653 in

377 3682 461 3736 eis
482 3697 605 3737 cum
640 3697 747 3737 non
777 3684 849 3738 sit
881 3685 973 3753 qui
1005 3699 1133 3740 vere
1169 3693 1254 3740 est
1286 3703 1300 3739 :
1333 3685 1456 3741 ideo
1493 3686 1694 3741 dictum
1728 3696 1813 3743 est
1843 3704 1857 3739 :
1890 3686 1960 3745 Et

378 3787 485 3828 non
506 3781 605 3839 est,
630 3784 687 3827 ut
718 3776 810 3830 sit.

449 4061 577 4118 291.
635 4061 703 4117 Et
751 4063 877 4134 quid
925 4064 1303 4131 respondebunt
1343 4082 1486 4137 reges
1521 4069 1795 4136 gentium?
1833 4070 1960 4140 quia

376 4154 639 4212 Dominus
693 4157 937 4226 fundavit
989 4157 1162 4222 Sion,
1219 4168 1267 4210 et
1322 4174 1415 4225 per
1442 4175 1559 4213 eum
1619 4160 1962 4218 calcabantur

375 4245 599 4303 humiles
641 4246 828 4315 plebis.
872 4245 1008 4314 Quia
1048 4246 1212 4316 igitur
1248 4262 1406 4303 nemo
1441 4257 1526 4304 est
1566 4248 1958 4321 allophylorum

376 4337 470 4409 qui
507 4346 636 4392 sunt
663 4336 903 4406 quidem,
933 4336 1029 4391 sed
1063 4334 1190 4390 facti
1236 4345 1366 4391 sunt
1408 4349 1668 4407 tanquam
1715 4354 1821 4392 non
1851 4338 1961 4393 sint

2062 3149 2299 3211 τιθέντες
2329 3148 2388 3201 τὸ
2421 3147 2536 3218 φῶς
2569 3146 2760 3210 σκότος
2780 3186 2796 3209 ,
2834 3145 2926 3199 καί¹
2954 3144 3015 3197 τὸ
3048 3143 3238 3207 σκότος
3269 3142 3419 3212 φῶς;
3468 3133 3656 3206 Οὗτοι,

2062 3241 2412 3314 ἀπατώμενοι
2462 3240 2566 3294 ὑπὸ
2592 3239 2686 3293 τοῦ
2721 3237 3331 3311 μετασχηματιζομένου
3362 3238 3445 3301 εἰς
3488 3236 3661 3307 ἄγγε-

2060 3334 2151 3388 λον
2181 3333 2359 3403 φωτὸς
2384 3372 2399 3396 ,
2443 3331 2709 3395 ἐπιδέξιον
2736 3330 2897 3384 αὐτὸν
2925 3329 3144 3396 λέγουσι
3192 3327 3284 3381 τὸν
3320 3327 3511 3381 σκαιδν
3559 3328 3659 3382 καὶ

2062 3426 2443 3497 ἀπόπεμπτον.
2479 3424 2601 3477 Ὅτι
2635 3423 2692 3477 δέ
2724 3423 2753 3475 ό
2782 3421 2983 3494 βορρᾶς
3005 3422 3099 3476 ἐπὶ
3130 3420 3231 3491 τῆς
3267 3419 3659 3492 ἀντικειμένης

2061 3517 2343 3590 ἐνεργείας
2368 3515 2645 3578 τέτακται,
2674 3512 2834 3584 δῆλον
2859 3512 2925 3565 ἐκ
2958 3510 3051 3564 τοῦ
3073 3527 3089 3542 ⁸
3131 3510 3264 3565 Ἁπὸ
3321 3508 3658 3579 προσώπου

2055 3607 2252 3678 ,ϐορῤᾶ
2277 3605 2719 3672 ἐκκαυθήσεται
2747 3603 2821 3659 τὰ
2851 3603 3012 3658 κακὰ
3031 3621 3044 3634 ’
3086 3603 3116 3657 ὃ
3142 3602 3356 3675 εἴρηται
3390 3602 3448 3654 ἐν
3479 3599 3560 3675 (l)
3586 3602 3657 3672 τῇ

2060 3701 2251 3772 ὁράσει
2278 3698 2372 3753 τοῦ
2404 3697 2632 3769 λέϐητος
2658 3695 2752 3750 τοῦ
2784 3694 3205 3766 ὑποκαιομένου.
3233 3693 3297 3746 Οἱ
3324 3692 3381 3746 δὲ
3414 3691 3661 3758 τοιοῦτα

2061 3792 2328 3860 ἐξέπεσαν
2375 3790 2468 3844 τοῦ
2516 3785 2676 3842 εἶναι.
2752 3787 2969 3860 Ἐπειδὴ
2999 3787 3099 3840 οὐκ
3131 3784 3278 3838 ἐστιν
3309 3785 3338 3837 ὁ
3370 3784 3545 3848 ὅντως
3577 3781 3659 3838 ὣν

2062 3884 2120 3937 ἐν
2153 3883 2356 3946 αὐτοῖς,
2385 3880 2472 3934 διὰ
2510 3878 2666 3932 τοῦτο
2696 3877 2773 3951 (2)
2807 3880 3051 3949 εἴρηται’
3082 3876 3192 3932 Καὶ
3227 3876 3339 3929 οὐκ
3374 3873 3511 3928 ἐστι
3544 3872 3658 3928 τοῦ

2060 3970 2214 4028 εἶναι

2128 4064 2258 4119 291.
2301 4061 2411 4116 Καὶ
2459 4061 2517 4114 τί
2562 4058 3070 4127 ἀποκριθήσονται
3113 4053 3396 4122 ,ϐασιλεῖς
3423 4052 3659 4120 Mulir;

2065 4158 2184 4210 ’Ότι
2220 4155 2438 4222 Κύριος
2461 4152 2820 4222 ἐθεμελίωσας
2856 4148 3045 4213 Σιὼν,
3078 4147 3177 4201 καὶ
3203 4146 3279 4200 δι’
3311 4144 3502 4200 αὐτοῦ
3536 4160 3659 4200 σω-

2062 4248 2351 4316 θήσονται
2384 4248 2437 4299 οἰ
2470 4242 2737 4298 ταπεινοὶ
2783 4241 2890 4296 τοῦ
2922 4239 3098 4295 λαοῦ.
3170 4239 3325 4292 Ἐπεὶ
3353 4233 3447 4292 οὖν
3474 4237 3657 4302 οὐδείς

2062 4345 2178 4396 ἐστι
2210 4340 2318 4393 τῶν
2346 4335 2660 4406 ἀλλοφύλων
2690 4336 2818 4406 παρ’
2847 4328 2930 4397 οἷς
2957 4332 3018 4386 τὸ
3051 4328 3187 4386 εἶναι
3207 4372 3223 4397 ,
3254 4329 3390 4385 ἀλλά
3420 4327 3657 4398 γεγόνα-

371 4436 596 4498 propter
642 4442 795 4483 suam
843 4427 1082 4497 ipsorum
1115 4427 1376 4481 malitiam
1413 4447 1427 4480 :
1464 4426 1729 4495 Deﬁciunt
1776 4428 1945 4494 enim,

2122 4450 2145 4485 ν
2173 4433 2249 4495 ὡς
2286 4430 2360 4502 μὴ
2390 4429 2539 4493 ὄντες
2567 4427 2656 4481 διὰ
2682 4427 2781 4498 τὴν
2820 4424 3027 4480 ἑαυτῶν
3048 4423 3248 4479 κακίαν
3273 4440 3287 4453 ·
3325 4420 3657 4475 Ἐκλείποι-

372 4521 571 4589 inquit,
591 4530 889 4591 peccatores
912 4537 945 4574 a
967 4530 1111 4574 terra
1135 4530 1184 4574 et
1206 4520 1400 4585 iniqui,
1426 4521 1502 4573 ita
1529 4529 1586 4573 ut
1613 4537 1717 4574 non
1746 4521 1852 4574 sint
1870 4521 1952 4587 3°;

436 4658 490 4691 eo
523 4658 540 4711 ι
575 4656 703 4711 Cor.
736 4672 808 4716 τι,
857 4656 943 4708 10.
1021 4653 1064 4685 ⁸⁸
1099 4652 1294 4708 Philip.
1334 4669 1410 4718 ιιι,
1448 4652 1532 4706 14.
1606 4653 1653 4684 ⁶²
1689 4652 1882 4723 Philip.
1931 4672 2001 4722 tv,
2044 4659 2096 4718 7.

374 4728 463 4784 ﬂ.
539 4728 588 4759 ⁸⁸
619 4726 765 4780 Psal.
790 4740 910 4789 cm,
934 4724 1028 4779 ‘35.

444 4856 842 4990 (96)“Vetercs
888 4872 1125 4934 quatuor
1170 4862 1294 4918 libri
1348 4870 1404 4915 et
1456 4862 1608 4926 editi,
1671 4865 1954 4937 εἰσχεόμε-

444 4957 483 4990 τ.
578 4946 726 4990 orlw.
763 4953 853 4990 Πϐΐ
883 4951 1013 4990 nua:
1045 4950 1246 4987 merum
1269 4931 1502 4990 infusum
1554 4935 1795 4990 ατεεηίι.
1822 4947 1951 4990 θίϐ..

369 4931 483 5003 νος.
532 4931 726 4997 Porlre.
763 4953 853 5001 per
883 4931 1246 5003 quasrrnterum
1269 4931 1502 5001 infusum
1554 4931 1795 5001 accersit,
1822 4931 1951 5002 eic.,

371 5002 482 5066 non
547 5011 618 5061 ita
667 5016 833 5062 recte.
884 5006 955 5057 At
1011 5002 1145 5072 Reg.
1202 5005 1492 5066 secundus,
1546 5004 1951 5075 εἰσερχόμενος,

371 5079 577 5138 Poma.
594 5093 688 5146 per
706 5094 836 5146 quas
858 5091 1052 5128 merum
1072 5075 1341 5146 adnectunt
1370 5075 1613 5146 accersit,
1642 5088 1774 5146 etc,
1798 5077 1954 5130 bene.

366 5149 495 5219 Mox
525 5142 767 5219 quinque
795 5161 950 5219 mss.,
987 5143 1193 5219 ταύτας
1222 5142 1539 5219 Δτρέπεσθαι
1567 5146 1647 5207 εἰς
1669 5144 1952 5216 όλολυγήν.

365 5212 1080 5287 Εάείίίταύταςτρέφεσθαι
1102 5215 1187 5287 εἰς
1213 5212 1530 5287 ὀλολυγμόν.

443 5288 559 5361 (97)
591 5284 947 5361 Αιιιίιιιιῖιίυο
972 5286 1109 5361 libri
1141 5300 1262 5361 cum
1290 5284 1469 5348 editis,
1497 5286 1812 5361 οἰκητῄρια,
1853 5287 1950 5341 do-

366 5355 589 5411 misilia.
629 5355 893 5421 Alii’tres,
931 5355 1283 5426 αἰσθητήρια,
1314 5370 1516 5426 sensus.
1542 5355 1618 5426 lui
1644 5355 1768 5419 illis,
1829 5372 1951 5426 qua:

367 5443 495 5483 mox
522 5435 843 5494 sequuntur,
872 5427 1071 5489 αἵτινες
1084 5424 1746 5496 τεταραγμέναι,νί‹ἰριιιι·
1777 5424 1954 5482 inesse

369 5497 665 5569 ἐναλλαγὴ,
690 5512 782 5551 seu
826 5500 1052 5569 nudatio
1105 5496 1339 5569 numeri.
1374 5495 1653 5569 Siquidem
1682 5499 1955 5569 superius

369 5565 640 5638 legituriti
673 5568 954 5636 singulari,
982 5568 1080 5638 τῆς
1101 5565 1299 5637 ψυχῆς,
1326 5574 1383 5620 et
1424 5575 1603 5624 tamen
1641 5565 1731 5623 hic
1759 5567 1954 5623 scribi-

367 5643 485 5707 tur,
503 5636 727 5707 αἵτινες,
752 5654 869 5707 qua:
895 5636 1107 5692 animae.

357 5706 362 5711 ’
443 5704 553 5778 (98)
579 5703 774 5767 Codex'
792 5722 951 5773 unus,
988 5708 1043 5759 ἐν
1068 5705 1241 5778 κλόνῳ
1265 5705 1360 5761 καὶ
1375 5706 1433 5763 ἐν
1466 5703 1611 5778 σάλῳ

2062 4541 2184 4581 σαν
2213 4526 2289 4595 (5)
2307 4524 2414 4595 γὰρ
2434 4562 2450 4587 ,
2484 4521 2649 4593 φησὶν
2671 4559 2685 4585 ,
2713 4516 3049 4589 ἀμαρτωλοί
3076 4515 3195 4571 ἀπὸ
3220 4511 3332 4584 τῆς
3355 4510 3471 4583 τῆς
3489 4510 3535 4576 ,’
3551 4512 3655 4568 καὶ

2196 4659 2242 4691 ³³
2276 4657 2437 4712 Prov.
2472 4668 2644 4719 xxvu,
2685 4653 2774 4708 16.
2849 4650 2897 4684 ³⁸
2940 4649 3047 4707 lsa.
3081 4666 3133 4716 ν,
3156 4648 3247 4704 20.
3326 4648 3372 4679 ⁸⁸
3398 4644 3511 4701 Jer.
3548 4665 3571 4703 ι

2139 4864 2247 4944 (99)
2272 4863 2359 4944 εἰς
2380 4862 2507 4944 ιιῤίιί
2539 4868 2594 4914 et
2622 4860 2837 4944 codices
2870 4871 3002 4944 tres.
3039 4853 3459 4944 amnissimis,
3487 4853 3655 4944 Ξςνες

2061 4921 2277 4991 δέὲίσιν
2301 4935 2371 4987 οἰ.
2400 4932 2527 5002 Reg.
2560 4931 2848 5002 secundus,
2888 4921 3450 5002 Tivs;_6e_oﬁco:,_oi.
3490 4921 3651 5002 llattd

2062 5010 2222 5075 longe
2253 5005 2381 5059 editi
2414 4992 2648 5071 etvlleg.
2683 5000 2913 5075 primus,
2941 4993 3477 5075 καὶένηλλαγμένος.
3508 4992 3654 5048 lleli-

2063 5067 2424 5145 quivqualuor
2446 5067 2723 5145 niss.,'xa‘t
2744 5067 3162 5145 ἐνηλλαγμένιυς

2137 5140 2465 5217 (1)(ἷούίοςε
2493 5152 2623 5206 tres,
2658 5140 3020 5217 enialbidem
3043 5140 3167 5217 _duo
3205 5150 3363 5217 mss.,
3396 5149 3494 5187 του
3529 5149 3650 5188 επι-

2065 5206 2396 5286 καιομένου.Δ
2420 5214 2634 5286 Rursus
2658 5214 2757 5266 hoc
2791 5212 2908 5282 ipso
2957 5220 3006 5265 in
3042 5211 3156 5263 loco
3200 5206 3438 5277 quinque
3480 5219 3643 5269 mss.,

2054 5283 2337 5353 ἐξέπεσαν.
2360 5284 2518 5338 Edili.
2549 5283 2825 5349 ἐξέπεσον.

2129 5357 2205 5420 (‘2)
2234 5356 2410 5409 Codex
2434 5342 2699 5416 υηιιεξδιὰ
2719 5353 2877 5406 τοῦτο
2897 5347 3008 5405 οὖν.
3031 5350 3221 5405 Statim
3235 5358 3461 5420 uterque
3480 5342 3647 5420 (ἴσως

2058 5429 2165 5480 bel'.
2191 5414 2250 5480 et
2272 5426 2360 5478 alii
2401 5439 2529 5478 mss.
2554 5414 2721 5477 nostri
2750 5424 2911 5477 simul
2940 5438 3057 5477 cum
3095 5422 3255 5473 editis
3288 5419 3511 5476 habent.
3545 5414 3645 5469 καὶ

2058 5497 2124 5551 δι’
2152 5495 2315 5550 αὑτοῦ
2342 5495 2697 5565 σωθήσονται,
2717 5504 2769 5565 et
2795 5509 2885 5560 per
2914 5509 3036 5565 ειιηι
3059 5492 3279 5565 salutem
3321 5502 3646 5565 consequen-

2064 5579 2170 5619 tur.
2221 5555 2509 5631 Aliquant'o
2544 5573 2662 5633 post
2686 5555 2817 5618 editi
2846 5571 2902 5633 et
2944 5560 3095 5633 _Col_b.
3134 5560 3363 5633 primus.
3423 5555 3513 5610 διὰ
3542 5555 3647 5627 τὴν

2062 5636 2287 5690 ἑαυτῶν.
2322 5628 2423 5689 Alii
2449 5628 2676 5703 quatuor
2698 5648 2851 5696 mss.,
2882 5630 3090 5703 ﬁtafip
3109 5628 3287 5703 αὐτῶν

2139 5708 2215 5779 (ὅ)
2249 5706 2389 5762 Editi
2410 5696 2613 5774 et'ileg.
2644 5703 2936 5770 secundus,
2969 5696 3315 5756 Ἐκλείποιεν.
3344 5699 3414 5753 At
3436 5696 3492 5753 in
3521 5696 3645 5752 aliis
