3810 6214
178 233 313 292 σου

1028 235 1384 291 ΕΟΜΠΕΝΤ.
1429 236 1494 292 IN
1533 237 1769 294 ISAIAM
1806 236 2249 296 PROPHETAM.
2288 236 2441 292 CAP.
2482 235 2591 292 XV.

3362 230 3467 288 650

194 352 453 421 ὁνομοι,
498 349 654 406 ὥστε
685 350 772 421 μὴ
800 352 1097 422 ὑπάρχειν
1121 355 1377 421 αὐτούς·
1437 357 1535 427 οὐχ
1584 358 1660 421 ὡς
1709 359 1824 422 εἰς,

1903 372 2000 412 non
2041 357 2182 426 quod
2210 356 2407 410 abeant
2441 355 2497 409 in
2546 349 2805 417 nihilum,
2833 350 2928 405 sed
2957 346 3097 417 quod
3143 361 3462 401 semoveau-

199 443 516 514 ἀφανισμὸν
540 444 809 515 χωρῆσαι,
836 445 950 498 ἀλλ’
976 445 1052 510 ὡς
1078 446 1177 517 τῆς
1204 449 1512 519 ἐπισκοπῆς
1535 448 1629 502 τοῦ
1655 449 1791 502 Θεοῦ

199 531 578 606 χωρισθῆναι,
610 534 759 597 ὅστις
798 534 947 588 ἐστὶν
972 536 1001 589 6
1042 535 1312 606 ἀληθινῶς
1346 535 1457 589 ὤν’
1488 537 1540 591 τί
1578 536 1793 609 ἐροῦσιν

198 627 254 678 οἱ
285 624 529 695 βασιλεῖς
557 625 761 690 αὐτῶν,
796 624 1063 697 τοσαύτην
1085 626 1347 699 διαφορὰν
1377 627 1661 698 βλέποντες
1684 627 1792 682 τῶν

197 733 266 771 τε
289 716 466 771 ἐθνῶν
494 717 590 771 καὶ
623 717 723 788 τῆς
751 716 927 783 Σιών;
963 719 1035 772 Ἦ
1056 718 1298 789 δηλονότι
1328 721 1409 782 εἰς
1443 719 1799 791 συναίσθησιν,

199 809 453 877 ἥξουσιν,
488 808 572 862 ὅτι
601 810 663 861 οι.
686 808 785 879 μὲν
814 810 955 863 κατά
993 809 1059 863 τὰ
1088 809 1214 880 ἔθνη
1246 810 1707 880 περιπατοῦντες,
1735 814 1792 863 ἐν

203 898 357 970 σάλῳ
390 899 499 953 εἰσὶ
528 898 619 953 διὰ
649 898 750 971 τὴν
799 899 1008 957 ἑαυτῶν
1056 902 1292 956 κακίανο
1328 903 1377 956 οἱ
1426 902 1483 955 δὲ
1532 902 1623 957 τὸν
1671 904 1792 961 νοῦν

200 990 421 1044 ἑαυτῶν
466 990 875 1062 κεκαθαρμένον
927 990 1140 1062 ἔχοντες
1164 1036 1179 1060 ,
1238 992 1298 1058 ὃς
1345 993 1673 1065 ὀνομάζεται
1713 995 1792 1064 (4)

204 1079 348 1135 Σιών
365 1100 378 1112 -
403 1081 596 1153 ἐπειδὴ
620 1080 830 1135 ἐκεῖθέν
850 1081 966 1135 ἔστι
986 1082 1048 1136 τὸ
1077 1085 1468 1157 σκοπευτήριον
1492 1086 1669 1158 πάσης
1693 1085 1795 1155 (96'-

204 1189 368 1237 σεως.
426 1167 553 1228 οἷον
582 1172 692 1245 γὰρ
739 1172 846 1228 ἀπό
891 1190 1038 1238 τινος
1083 1175 1392 1247 ἀκρωρείας
1427 1176 1531 1247 τῆς
1560 1177 1654 1231 τοῦ
1698 1176 1790 1231 νοῦ

204 1261 549 1333 ὑψηλότητος
576 1261 868 1333 θεωρεῖται
906 1264 1004 1334 μὲν
1031 1265 1059 1318 6
1085 1264 1289 1336 κόσμος
1316 1305 1332 1331 ,
1362 1266 1457 1320 καὶ
1483 1268 1516 1337 ή
1546 1268 1672 1339 περὶ
1703 1267 1793 1321 τὸν

201 1351 374 1407 αὐτὸν
398 1351 479 1422 (5)
518 1350 761 1417 εὐταξία,
789 1352 886 1408 καὶ
911 1352 999 1407 διὰ
1020 1352 1226 1409 τούτων
1248 1354 1277 1407 6
1308 1354 1442 1419 Θεός
1460 1373 1474 1387 ’
1509 1355 1792 1428 θεωρεῖται

202 1443 267 1497 δὲ
296 1442 368 1498 τά
391 1442 486 1498 τοῦ
519 1443 636 1515 βίου
662 1444 985 1516 πράγματα,
1015 1446 1110 1500 καὶ
1139 1449 1172 1519 ἡ
1206 1449 1264 1501 ὲν
1294 1449 1503 1514 τούτοις
1527 1449 1789 1503 εὐτέλεια.

214 1533 310 1599 Ὦς
337 1528 445 1591 οὖν,
466 1535 497 1589 6
531 1534 659 1598 νοῦς
703 1536 733 1588 6
777 1534 1209 1607 βεδαπτισμένος
1245 1537 1325 1609 τῷ
1356 1538 1482 1610 οἴνῳ
1506 1579 1521 1603 ,
1555 1539 1650 1593 καὶ
1681 1542 1793 1604 τοῖς

203 1622 418 1686 λοιποῖς
450 1622 646 1676 πάθεσι
668 1662 684 1687 ,
727 1623 915 1677 πιπτει
948 1624 1052 1678 ὑπὸ
1073 1626 1171 1697 τῆς
1202 1626 1402 1698 μέθης’
1433 1627 1607 1691 οὕτως
1631 1629 1660 1681 ὁ
1689 1645 1791 1683 κα-

1898 459 1984 505 tur
2010 464 2040 503 a
2072 456 2365 517 conspectu
2392 446 2509 509 Dei,
2543 443 2646 513 qui.
2665 442 2753 496 ille
2785 441 2902 511 ipse
2936 449 3038 505 est,
3067 439 3159 507 qui
3186 450 3312 492 vere
3341 447 3465 492 est:

1893 539 2023 610 quid
2056 538 2255 597 dicturi
2278 545 2401 593 sunt
2422 550 2579 605 reges
2598 548 2806 597 eorum,
2832 539 3035 586 tantam
3059 528 3203 584 illam
3226 529 3466 599 gentium

1895 644 1951 686 et
1985 629 2113 689 Sion
2140 629 2505 685 diversitatem
2529 623 2822 680 videntes?
2846 622 3031 677 Nonne
3057 621 3356 692 intelligent
3372 634 3466 675 eos

1894 725 1983 794 qui
2023 723 2259 794 gentium
2290 735 2440 775 more
2468 717 2767 781 ambulant,
2811 715 3003 786 agitari
3044 723 3099 768 et
3140 712 3458 769 conturbari

1893 813 1964 866 ob
2018 828 2169 867 suam
2227 810 2467 879 ipsorum
2524 806 2844 876 nequitiam,
2897 819 2991 860 eos
3054 818 3185 858 vero
3234 815 3463 872 quorum

1896 919 2046 957 mens
2096 912 2318 973 purgata
2375 909 2498 965 est,
2545 896 2867 968 tranquillos
2922 910 3044 950 esse
3096 902 3148 948 et
3195 902 3461 964 pacatos:

1898 1008 2017 1063 quae
2049 1008 2203 1048 mens
2231 991 2537 1062 appellatur
2566 989 2716 1056 Sion,
2740 987 2881 1056 quod
2909 986 3033 1040 inde
3064 995 3255 1039 natura
3285 984 3465 1039 omnis

1897 1084 2239 1156 inspiciatur.
2273 1083 2405 1139 Nam
2431 1096 2461 1137 a
2491 1081 2687 1137 mentis
2721 1078 3057 1134 sublimitate
3086 1076 3233 1131 velut
3264 1091 3291 1129 a
3317 1090 3465 1131 sum~

1894 1191 1984 1230 mo
2021 1175 2222 1230 vertice
2254 1179 2309 1228 et
2352 1171 2584 1227 mundus
2625 1180 2680 1227 et
2722 1179 2904 1224 rectus
2941 1168 3086 1223 illius
3119 1169 3251 1223 ordo
3288 1167 3466 1222 consl-

1894 1268 2135 1334 deratur,
2162 1275 2217 1321 et
2247 1280 2346 1336 per
2377 1265 2493 1320 haec
2534 1264 2696 1319 Deus.
2743 1261 3043 1329 Quinetiam
3078 1274 3167 1315 res
3194 1259 3379 1313 mundi
3409 1268 3468 1314 et

1892 1372 2081 1414 earum
2139 1357 2321 1412 vilitas
2383 1364 2714 1426 spectantur.
2770 1352 3229 1420 Quemadmodum
3291 1351 3455 1419 igitur

1894 1449 2110 1504 animus
2139 1450 2268 1504 vino
2299 1447 2529 1517 aliisque
2559 1447 2707 1501 vitiis
2733 1446 3040 1508 immersus,
3065 1456 3174 1512 prae
3195 1441 3456 1496 ebrietate

1894 1540 2038 1595 cadit
2069 1558 2082 1594 :
2113 1542 2186 1595 ita
2214 1540 2427 1594 animus
2460 1554 2625 1609 purus
2653 1537 2821 1590 Deum
2854 1534 3015 1589 habet
3057 1532 3311 1601 suiipsius
3343 1531 3467 1585 fun-

1897 1633 2161 1687 datorem.
2201 1632 2268 1685 Et
2314 1647 2409 1702 per
2447 1646 2565 1685 eum
2612 1627 2833 1682 humiles
2886 1624 3049 1697 plebis
3102 1622 3462 1678 salvabuntur.

207 1712 382 1785 θαρὸς
411 1712 525 1784 ἔχει
560 1712 891 1787 θεμελιωτὴν
925 1717 1117 1771 ἑαυτοῦ
1142 1718 1232 1773 τὸν
1263 1718 1413 1772 Θεόν.
1468 1719 1579 1775 Καὶ
1613 1718 1689 1791 (6)
1720 1720 1795 1774 δι’

1903 1721 2052 1777 Beati
2085 1724 2350 1792 siquidem
2382 1736 2648 1793 pauperes
2673 1722 2717 1754 ⁸⁷
2750 1736 2764 1773 :
2795 1726 2851 1774 et
2894 1733 2974 1773 va:
3015 1715 3290 1782 divitibus,
3332 1728 3468 1785 quo-

203 1802 400 1857 αὐτοῦ
428 1806 484 1858 οι
512 1806 777 1860 ταπεινοὶ
811 1806 919 1862 τοῦ
960 1806 1115 1862 λαοῦ
1141 1808 1540 1877 σωθήσονται.
1602 1810 1797 1865 Μακά-

1903 1813 2050 1869 niam
2083 1814 2351 1885 recipiunt
2381 1813 2803 1869 consolationem
2835 1825 2987 1867 suam
3014 1808 3079 1864 ⁸³.

207 1914 317 1970 ριοι
355 1896 466 1971 τὰρ
502 1901 553 1953 οὶ
587 1900 827 1971 πτωχοιι
859 1903 955 1956 καὶ
985 1902 1113 1957 οὐαὶ
1152 1906 1267 1968 τοῖς
1310 1902 1633 1961 πλουτοῦσιν
1653 1947 1669 1974 ,
1704 1907 1787 1961 ὅτι
1820 1905 2085 1979 ἀπέχουσι
2112 1909 2212 1981 τὴν
2240 1907 2582 1979 παράκλησιν
2606 1906 2799 1959 αὐτῶν.

672 2074 1067 2133 ΚΕΦΔΛΑΙΟΝ
1096 2078 1187 2137 ιε’
1233 2077 1331 2149 (7).

280 2162 411 2218 292.
445 2164 516 2219 Τὸ
528 2163 693 2235 ῥῆμα
724 2166 834 2234 τῆς
854 2167 1236 2235 Μωαϐίτιδος.
1274 2167 1552 2239 Συνάγαγε
1572 2170 1641 2225 τὰ
1662 2173 1791 2244 περὶ

206 2253 305 2309 τοῦ
339 2255 546 2320 Μωάὄ,
583 2257 669 2312 ἵνα
698 2256 930 2329 δυνηθῇς
962 2258 1140 2330 πάσης
1178 2260 1277 2332 τῆς
1310 2264 1428 2315 κατ’
1457 2262 1619 2318 αὐτὸν
1652 2281 1786 2336 προ-

208 2345 444 2414 φητείας
475 2346 567 2400 τὸν
595 2347 718 2401 νοῦν
749 2348 1017 2403 ὲκλα6εῑν.
1078 2349 1210 2403 Ἀπὸ
1241 2350 1338 2421 μὲν
1363 2352 1464 2422 τῆς
1497 2354 1537 2405 Γ
1539 2355 1799 2424 ενέσεωςν.

203 2438 280 2492 τὰ
308 2439 438 2510 περὶ
463 2436 606 2502 Λὼτ,
640 2440 704 2494 ὲκ
730 2441 829 2511 τῆς
855 2440 1120 2511 θυγατρὸς
1146 2443 1245 2513 τῆς
1267 2442 1640 2517 πρεσϐυτέρας
1668 2463 1790 2515 γεν-

207 2528 415 2593 νῶντος
452 2528 543 2582 τὸν
583 2528 757 2583 Μωάϐ
816 2530 1027 2604 πατέρα
1059 2532 1398 2586 Μωαϐιτῶν·
1434 2533 1542 2586 ἀπὸ
1577 2534 1633 2588 δὲ
1680 2534 1789 2588 τῶν

221 2619 523 2694 ’Δριθμῶ-ι,
552 2621 629 2683 τάη
660 2620 796 2693 μετὰ
819 2622 909 2676 τὸν
942 2622 1172 2693 χαλκοῦν
1200 2623 1342 2690 ὅφιν.
1400 2625 1654 2693 Ἀπῆραν
1680 2626 1788 2697 γὰρ

207 2714 267 2767 οι
302 2712 423 2767 vlo!
464 2712 733 2783 Ἰσραὴλ,
765 2714 862 2769 καὶ
897 2714 1307 2782 παρενέϐαλον
1335 2716 1408 2769 ἐν
1448 2715 1655 2772 Ὠϐώθ·
1691 2717 1789 2771 καὶ

207 2804 538 2874 ἐξάραντες
574 2806 645 2872 ἐξ
684 2807 893 2872 Ὠϐὼθ,
933 2807 1342 2875 παρενέϐαλον
1373 2808 1442 2861 ἐν
1470 2806 1547 2874 τῇ
1570 2806 1787 2877 ἐρήμῳ,

210 2894 255 2963 ἧ
280 2897 428 2990 fore
452 2898 604 2990 κατα
629 2897 956 2990 πρόσωπον
974 2896 1169 2952 Μωάϐ.
1198 2898 1317 2955 Ἔτι
1341 2896 1417 2968 (8)
1450 2897 1632 2952 καὶτὰ
1665 2899 1791 2969 περὶ
1818 2928 1863 2990 C

210 2986 309 3040 τοῦ
335 2986 542 3054 Βαλὰκ,
566 2986 625 3052 ὃς
651 2983 719 3060 ἦν
746 2988 858 3052 υἱὸς
883 2987 1138 3060 Σεπφὼρ,
1166 2987 1414 3058 βασιλεὺς
1442 2987 1635 3043 Μωάὂ.
1661 2987 1794 3041 Βου-

209 3078 441 3150 λόμενος
470 3079 559 3133 διά
586 3081 685 3152 τῆς
715 3080 959 3152 κατάρας
1004 3079 1382 3151 ὲξολοθρεῦσαι
1414 3080 1506 3133 τὸν
1556 3081 1789 3153 Ἰσραὴλ,

211 3173 564 3239 ἐξαπέστειλε
614 3173 750 3245 πρὸς
777 3174 1005 3246 Βαλαὰμ.
1040 3174 1153 3228 υἱὸν
1188 3173 1339 3245 Βεὼρ
1372 3173 1656 3245 Παθουρᾶ,
1704 3175 1793 3227 τὸν

210 3264 611 3329 ιῑωνοσκὸπον,
640 3266 739 3338 τῆς
771 3267 1028 3339 πορνείας
1064 3265 1157 3320 καὶ
1185 3264 1622 3337 εἰδωλολατρείας
1659 3266 1795 3338 σύμ.

215 3356 410 3417 ϐουλον
436 3356 535 3427 (9),
562 3357 629 3411 δι’
648 3356 709 3410 ὂν
735 3355 1120 3427 Ἐϐρϐηλώθη,
1144 3356 1326 3427 φησὶν,
1358 3358 1390 3408 d
1416 3355 1566 3421 λαὸς
1588 3357 1675 3419 εἰς
1690 3358 1794 3420 τὰς

211 3444 544 3517 θυγατέρας
572 3446 785 3513 Μωὰϐ,
836 3447 934 3501 καὶ
963 3444 1267 3499 ἐκάλεσαν
1300 3444 1521 3510 αὐτοὺς
1559 3444 1656 3497 ἐπὶ
1688 3448 1793 3498 θυ-

214 3540 383 3606 σίαις
408 3536 529 3592 τῶν
553 3538 821 3594 εἰδώλων
853 3537 1055 3606 αὐτῷν
1100 3536 1234 3606 (10).
1274 3536 1553 3601 Ἐξέτασον
1598 3536 1692 3588 καὶ
1725 3536 1795 3590 ca

216 3632 347 3704 περὶ
372 3633 473 3703 τῆς
510 3631 668 3685 Ῥοῦθ
717 3634 815 3702 τῆς
852 3634 917 3684 ἐκ
947 3629 1042 3685 τοῦ
1081 3628 1429 3684 Μωαϐιτικοῦ
1482 3628 1794 3700 σπέρματος

180 3718 656 3796 ’προστιθεμένης
688 3723 766 3795 τῷ
805 3723 1039 3794 Ἰσραὴλ,
1064 3725 1159 3776 καὶ
1182 3722 1272 3776 ἐπὶ
1300 3720 1549 3775 τοσοῦτον
1576 3720 1793 3790 ἐξευτε-

217 3813 527 3884 νιζομένης,
563 3813 639 3877 ὡς
669 3812 780 3883 (Η)
807 3813 867 3867 οῦ
899 3813 1058 3891 μόνον
1088 3813 1179 3867 τὸν
1205 3812 1388 3876 Δαῦὶδ,
1419 3810 1555 3865 ἀλλά
1579 3812 1674 3868 καὶ
1703 3813 1794 3865 τὸν

217 3904 427 3977 Κύριον
466 3903 623 3976 ἡμῶν
672 3906 765 3959 ἀπ’
812 3907 982 3977 αὐτῆς
1014 3906 1307 3960 ἀνατεῖλαι.
1363 3907 1473 3961 Καὶ
1507 3904 1795 3978 πειράθητι

217 3996 557 4067 πανταχόθεν
583 3998 760 4069 εὑρεῖν
789 3998 851 4051 τὸ
872 4000 938 4069 ρῆ
949 4015 1022 4069 μα
1048 3998 1147 4068 τῆς
1180 3996 1518 4060 Μωαϐίτιδος
1538 4036 1553 4062 ,
1579 3999 1635 4050 ὲν
1658 3991 1703 4065 ᾧ
1725 3997 1794 4051 τὰ

220 4088 321 4168 μὲν
346 4088 739 4159 ἀπειλητικῶς,
764 4089 833 4142 τὰ
855 4089 911 4143 δὲ
938 4090 1057 4143 κατ’
1082 4088 1412 4159 ἐπαγγελίαν
1433 4090 1805 4161 ἐσχημάτισεν,

217 4181 248 4232 ὁ
274 4177 456 4248 λόγος.
485 4180 621 4234 Μετ’
655 4179 1033 4249 ἐπικαλύψεως
1058 4180 1115 4233 δὲ
1146 4180 1359 4252 εἴρηται
1385 4180 1563 4234 πάντα
1581 4222 1596 4245 ,
1628 4181 1716 4235 ἵνα
1735 4182 1795 4234 τὸ

1803 2024 1858 2046 ἐς

2486 2075 2711 2132 CAPUT
2765 2074 2878 2129 XV.

1967 2170 2092 2226 292.
2134 2168 2357 2224 Verbum
2398 2166 2722 2221 Moabitidis.
2746 2165 2945 2234 Collige
2972 2162 3125 2217 simul
3152 2177 3215 2217 ea
3242 2177 3363 2232 qua)
3397 2164 3466 2218 de

1896 2263 2052 2319 Moab
2080 2261 2411 2327 scrilmntur,
2454 2270 2509 2313 ut
2541 2257 2704 2312 totius
2734 2257 3025 2326 prophetiae
3053 2270 3169 2324 quae
3208 2255 3466 2310 adversus

1894 2369 2017 2408 eum
2064 2350 2333 2422 profertur
2384 2349 2789 2419 intelligentiam
2838 2348 3011 2417 possis
3056 2347 3334 2418 consequi.
3386 2346 3465 2401 Ex

1893 2444 2091 2501 Genesi
2114 2443 2330 2512 quidem
2357 2457 2477 2510 quae
2509 2450 2751 2509 spectant
2773 2441 2838 2495 ad
2871 2440 2988 2505 Lot,
3017 2440 3109 2510 qui
3134 2455 3198 2495 ex
3229 2439 3333 2493 lilia
3370 2455 3465 2493 sua

1895 2515 2023 2588 natu
2078 2531 2278 2603 majore
2327 2530 2510 2602 genuit
2553 2529 2712 2586 Moab
2741 2528 3093 2584 Moabitarum
3142 2539 3348 2598 patrem
3377 2526 3465 2594 ";

1893 2629 1958 2681 ex
1991 2627 2129 2682 libro
2175 2639 2307 2680 vero
2352 2624 2732 2686 Numerorum,
2762 2637 2882 2691 quae
2910 2628 3032 2691 post
3063 2631 3303 2675 erectum
3354 2635 3453 2674 ser

1895 2728 2108 2788 pentem
2151 2731 2361 2773 aeneum
2393 2715 2726 2771 acciderunt.
2779 2712 2911 2768 Nam
2964 2709 3194 2780 Profecti
3223 2719 3343 2771 sunt
3371 2710 3463 2777 βιιρ

1895 2810 2090 2872 Israel.
2124 2821 2171 2865 et
2217 2809 2581 2864 castrametati
2623 2817 2745 2864 sunt
2784 2809 2838 2861 in
2886 2806 3093 2873 Obotlt;
3146 2815 3194 2860 et
3227 2804 3463 2858 abeuntes

1894 2919 1958 2958 ea:
1982 2900 2174 2963 Obotlt,
2210 2901 2567 2956 castrametati
2595 2909 2716 2955 sunt
2745 2902 2799 2954 in
2826 2915 3017 2960 eremo,
3042 2915 3159 2969 qua
3185 2906 3258 2951 est
3288 2906 3464 2950 contra

1895 2992 2084 3060 faciem
2116 2990 2274 3045 Moab
2316 2988 2387 3044 °°.
2436 2988 2748 3059 Adjicienda
2797 2997 2927 3045 sunt
2956 2990 3118 3044 etiam
3168 3001 3289 3058 quae
3334 2986 3459 3042 refe

1897 3093 2088 3139 runtur
2115 3085 2183 3140 de
2203 3083 2367 3139 Balac
2395 3083 2464 3148 “,
2486 3083 2576 3153 qui
2601 3090 2720 3137 erat
2752 3080 2961 3151 Sepbor
2985 3080 3144 3145 illius,
3169 3095 3265 3134 rex
3295 3079 3466 3134 Moab.

1896 3175 1995 3231 Hic
2026 3192 2150 3231 cum
2183 3177 2435 3232 lsraelem
2458 3175 2621 3232 vellet
2642 3175 2867 3243 perdere
2896 3187 2990 3245 per
3016 3172 3467 3235 maledictionem,

1898 3268 2042 3323 misit
2065 3269 2134 3322 ad
2162 3268 2379 3323 Balaam
2406 3268 2573 3322 tilium
2594 3266 2735 3322 Beor
2753 3266 2806 3320 in
2836 3264 3094 3326 Palhura,
3116 3262 3381 3317 hariolum
3398 3262 3467 3327 ”,

1894 3358 2233 3425 ejusconsilii
2257 3360 2399 3429 quod
2412 3360 2476 3413 de
2493 3358 2846 3414 fornicatione
2874 3366 2927 3411 et
2955 3354 3258 3410 idololatria
3287 3354 3468 3407 datum

1894 3460 2034 3515 erat,
2057 3458 2350 3516 auctorem,
2378 3465 2474 3520 per
2500 3465 2683 3520 quem,
2715 3448 2911 3518 inquit,
2940 3446 3169 3517 Populus
3196 3461 3314 3499 cum
3329 3443 3468 3510 filia-

1896 3541 1987 3594 bus
2013 3539 2171 3595 Moab
2209 3541 2439 3610 pollutus
2475 3552 2572 3608 ut,
2602 3557 2666 3595 ac
2696 3557 2813 3595 eum
2853 3547 3160 3594 vocaverunt
3205 3536 3363 3607 θοι
3401 3536 3469 3588 ad

1895 3632 2158 3699 sacriﬁcia
2208 3633 2468 3686 idolorum
2525 3647 2739 3686 suorum
2798 3631 2864 3684 “.
2920 3629 3264 3684 Perscrutare
3307 3628 3466 3682 etiam

1895 3738 2015 3789 qua:
2050 3725 2363 3780 scribuntur
2405 3724 2472 3779 de
2529 3722 2769 3787 Ruth“,
2824 3737 2891 3776 ex
2949 3721 3151 3776 semine
3213 3728 3467 3791 prognata

1896 3814 2276 3881 Moaliitarum,
2309 3819 2443 3885 'quze
2497 3813 2678 3870 lsraeli
2728 3814 2928 3869 sociata
2982 3820 3097 3875 est,
3141 3822 3196 3867 et
3238 3813 3304 3867 ad
3349 3824 3467 3866 eam

1896 3908 2139 3972 pervenit
2180 3907 2395 3978 generis
2437 3906 2762 3969 claritatem,
2810 3914 2870 3959 ut
2906 3920 3010 3958 non
3054 3904 3222 3959 David
3272 3905 3467 3965 solum,

1897 3998 1989 4051 sed
2009 3998 2171 4054 etiam
2207 3998 2466 4055 Dominus
2487 4007 2670 4052 noster
2688 4011 2755 4052 ex
2781 4011 2841 4051 ea
2867 3996 3127 4067 originem
3154 3994 3380 4050 traxerit
3401 3995 3467 4048 ⁸⁸.

1897 4089 2071 4156 Atque
2106 4102 2327 4157 operam
2375 4088 2479 4154 da,
2531 4095 2591 4142 ut
2633 4088 2912 4144 undelibet
2960 4101 3121 4143 eruas
3166 4085 3469 4141 Moabitidis

1899 4192 2114 4241 nomen,
2156 4193 2264 4246 quo
2304 4177 2526 4247 ﬁgurate
2555 4178 2607 4231 in
2650 4177 2932 4246 Scriptura
2960 4178 3336 4248 exprimuntur
3366 4174 3468 4228 alia

220 4269 486 4342 κάλυμμα
513 4271 572 4324 τὸ
602 4272 695 4323 ἐπὶ
714 4273 780 4341 τῇ
807 4269 1113 4339 ἀναγνώσει,
1130 4272 1227 4341 τῆς
1255 4271 1497 4335 Παλαιᾶς
1519 4273 1793 4344 Διαθήκης

1903 4269 2114 4338 quidem
2154 4270 2208 4323 in
2271 4268 2709 4325 comminationis
2764 4271 3026 4333 modum,
3086 4266 3189 4320 alia
3246 4278 3378 4319 vero
3416 4263 3468 4317 in

221 4360 506 4431 κείμενον,
546 4361 640 4415 ἐὰν
665 4361 995 4433 λυπηθῶμεν
1036 4362 1303 4430 ἀληθινῶς
1345 4364 1796 4435 ἐπιστρεφόμενοι

220 4451 361 4523 πρὸς
390 4451 629 4526 Κύριον,
661 4452 979 4525 περιαιρεθῇ
1013 4452 1188 4525 ἡμῶν.

1903 4358 2118 4413 modum
2157 4356 2578 4427 pollicitationis.
2620 4356 2769 4415 Dicta
2813 4358 2956 4413 enim
2989 4364 3117 4412 sunt
3149 4354 3329 4410 omnia
3369 4352 3469 4407 ob-

1900 4463 2081 4514 scure,
2134 4457 2194 4503 ut
2235 4447 2479 4503 velamen
2520 4449 2737 4504 lectioni
2776 4448 2985 4504 Veteris
3022 4446 3066 4501 Τ
3131 4444 3349 4500 tamenti
3381 4457 3468 4498 su-

220 4542 553 4614 l‘erpositum
581 4557 612 4596 a
644 4542 798 4597 nobis
825 4541 1119 4609 auferatur,
1151 4540 1197 4595 si
1226 4541 1382 4597 modo
1412 4540 1481 4596 ad
1508 4539 1789 4593 Dominum
1832 4552 1957 4592 vere
1987 4538 2254 4603 conversi,
2287 4537 2532 4594 molestia
2559 4537 2874 4594 alliciamur.

297 4690 344 4723 ⁸⁷
366 4685 553 4743 Matth.
577 4702 630 4748 v,
666 4686 718 4741 5.
794 4686 840 4718 ⁸⁸
868 4685 997 4739 an.
1026 4700 1098 4747 Vl,
1127 4685 1213 4738 25.
1290 4686 1334 4717 ⁸⁸
1357 4683 1494 4738 Gen.
1537 4700 1652 4752 xu,
1680 4686 1767 4739 57.

1914 4683 2070 4739 Num.
2104 4699 2219 4752 χιι,
2269 4683 2356 4746 10,
2399 4682 2484 4736 Η.
2563 4685 2605 4716 ἰ
2632 4680 2789 4736 hum.
2816 4698 2948 4748 uti,
2975 4682 3030 4738 2.
3107 4681 3153 4713 "
3173 4680 3304 4737 ibid.
3328 4679 3381 4743 5,
3412 4679 3465 4734 6.

224 4762 274 4799 ⁸³
296 4760 458 4816 Num.
485 4772 617 4821 xxv,
642 4757 771 4824 1,2.
845 4756 892 4789 "
919 4756 1062 4810 Ruth
1093 4772 1131 4821 ι,
1169 4757 1222 4810 ὅ.
1296 4756 1342 4788 ⁸⁸
1393 4755 1578 4810 Matth.
1612 4771 1651 4820 t,
1674 4756 1728 4810 5.

263 4884 456 4927 uatuor
506 4886 640 4925 mss.
691 4879 746 4925 et
772 4869 911 4937 apud
947 4866 1090 4921 LXX
1140 4867 1355 4936 legitur,
1399 4866 1795 4937 Ἐκλείποισαν.

278 4946 521 5013 liquanto
561 4936 858 5013 infraediti
898 4948 959 5013 _et
999 4940 1104 4991 duo
1136 4952 1300 5013 _mss.,
1341 4938 1370 4990 6
1418 4936 1667 5006 ἀληθινὸς
1701 4936 1792 4991 ὢν.

232 5008 350 5070 Alii
372 5022 484 5067 tros
505 5026 665 5074 mss.,
695 5008 984 5078 ἀληθινῶς,
1017 5008 1237 5078 rectius.

322 5085 373 5142 ι)
406 5081 497 5135 Sic
526 5096 657 5134 mss.
690 5075 900 5134 omnes.
937 5078 1099 5140 Editi,
1131 5077 1180 5130 οἳ
1209 5075 1585 5147 ὀνομάζονται.

321 5153 374 5223 εἰ)
398 5150 560 5217 Editi,
590 5151 625 5222 ή
652 5149 780 5220 περὶ
815 5148 910 5200 τοῦ
941 5148 1172 5219 κόσμου.
1205 5148 1274 5202 At
1300 5161 1430 5201 mss.
1484 5158 1542 5201 ut
1585 5148 1641 5209 in
1670 5161 1803 5201 con-

224 5231 397 5279 textu.

297 5292 375 5373 (6)
392 5291 653 5373 νοειιιιιιη
679 5292 775 5345 καί
790 5307 852 5373 ex
874 5289 1149 5373 codicibus
1172 5285 1441 5373 nonnullis
1471 5285 1795 5373 addidimus.

226 5356 424 5418 Statim
462 5360 597 5429 Reg.
638 5362 903 5430 secundus
939 5359 1047 5430 γάρ
1076 5374 1260 5427 φησιν.
1296 5356 1494 5418 Ibidem
1522 5357 1660 5415 idem
1708 5371 1798 5410 co-

228 5435 355 5492 dex,
378 5430 502 5485 οὐαὶ
523 5432 636 5494 τοῖς
664 5429 936 5494 πλουσίοις

301 5501 381 5571 (7)
408 5499 508 5555 llic
555 5500 836 5571 legitnruin
882 5496 1160 5571 vetustiori
1216 5494 1609 5571 Cpmlgglisiano
1639 5505 1691 5547 et
1737 5497 1790 5549 in

229 5563 566 5627 aliis'tribus
604 5563 923 5625 codicibus:
976 5563 1511 5639 "Opactghﬁ'LYt'fio
1548 5578 1733 5639 quarta
1768 5581 1791 5639 _:

228 5642 370 5712 apud
412 5639 697 5696 Eusebium
716 5652 841 5697 vero
861 5647 915 5694 et
940 5633 1076 5709 apud
1103 5636 1243 5693 LXX
1263 5655 1274 5691 :
1298 5635 1371 5689 Τὸ
1396 5633 1545 5706 ῥῆμα
1561 5633 1633 5688 τὸ
1653 5635 1791 5689 κατὰ

1901 4868 2000 4936 τῆς
2028 4865 2387 4930 Ά-Ῑωαϐἰτιδος·
2429 4863 2648 4918 Verbum
2674 4875 2853 4918 contra
2893 4863 3253 4919 Moabitidem.

1974 4938 2051 5003 (8)
2083 4937 2260 4992 Codex
2293 4952 2450 4994 unus.
2485 4936 2659 4989 Ἐστι.
3066 5002 3069 5003 ν

1974 4938 2051 5000 (8)
2083 4937 2260 4992 Codex
2293 4952 2450 4994 unus.
2485 4936 2659 4989 Ἐστι.

1973 5002 2358 5078 (9)-ltecentin_r
2396 5004 2720 5078 Coinheiisii
2750 5006 2915 5078 codex
2942 5011 2995 5057 et
3042 5002 3264 5078 duo_a_lii
3305 5016 3460 5078 _mss.

1904 5072 2553 5147 (ιιιιίιρόίιίς,σύμϐολον.
2604 5073 2757 5147 Unde
2808 5076 3099 5147 interpres,
3152 5072 3468 5147 idololatria:

1905 5146 2213 5215 symbolum.
2234 5142 2386 5200 Alter
2409 5145 2713 5199 Coinhelisii
2734 5146 2897 5199 codex
2915 5156 2967 5197 et
2993 5143 3144 5197 Colh.
3178 5142 3466 5215 secundus,

1908 5213 2227 5289 σῦμθουλον.
2254 5216 2580 5289 idololatria:
2608 5229 2900 5273 suasorem,
2928 5213 3460 5289 (τηειρ-νειμ,θριίιιιε3

1976 5280 2088 5371 ροὶ
2155 5286 2354 5371 Codex‘
2384 5300 2529 5371 utt‘us‘
2584 5300 2705 5371 eum,
2767 5294 2994 5364 utroque
3024 5280 3339 5371 "Combefq’
3374 5280 3471 5361 καὶ

1905 5348 2159 5411 ἐκάλεσεν
2207 5356 2401 5417 αὐτοὺς
2447 5355 2538 5406 ἐπὶ
2585 5354 2796 5416 θυσίαις
2836 5348 2942 5406 τῶν
2990 5351 3219 5405 εἰδώλων
3281 5348 3467 5415 αὐτοῦ,

1903 5437 1955 5481 et
1978 5429 2175 5481 uocauit
2199 5442 2284 5479 eos
2313 5430 2380 5477 ad
2404 5427 2667 5490 sacriﬁcia
2692 5426 2951 5475 idolorum
2978 5439 3214 5476 suarum.

1974 5496 2086 5565 (ll)
2109 5494 2198 5550 Sic
2219 5503 2444 5565 uterque
2467 5494 2707 5565 (gomber.
2752 5508 2871 5565 cum
2902 5494 3021 5546 aliis
3066 5494 3236 5546 tribus
3268 5489 3466 5545 cndita"

1901 5562 2021 5622 bus.
2052 5562 2212 5623 Editi.
2242 5562 2719 5633 ἐξευγενιζομένης
2744 5562 2876 5633 πρός
