3810 6214
301 166 400 223 631

1258 159 1599 217 APPENDIX
1638 157 1926 216 opsnuu
1968 157 2025 213 s.
2069 158 2315 215 BASILll
2352 134 2588 217 MAGNt-I

3463 156 3574 214 652

370 280 499 337 295.
547 275 713 334 Vnus.
772 278 827 332 1.
915 277 1091 331 Noctu
1145 276 1331 343 peribit
1393 275 1677 330 Moabitis:
1731 286 1928 335 noctu;

2070 276 2178 331 295.
2241 276 2474 341 Νυκτὸς
2516 252 2841 329 ἀπολεῖται.
2876 272 2915 339 ἦ
2962 270 3255 338 Μωαϐῖτις
3272 284 3287 299 ⁸
3346 256 3593 339 φρυκτὸςι

299 378 438 433 enim
470 374 659 444 peribit
684 390 864 427 murus
893 370 1222 425 Moabitidis.
1250 370 1403 439 Quod
1426 381 1585 425 noctu
1617 374 1888 443 irrogatur

303 465 651 535 supplicium,
683 462 818 517 solet
855 478 975 517 esse
1014 462 1285 517 acerbius.
1316 462 1451 517 Nam
1500 479 1621 518 cum
1655 465 1887 533 cuipiam

305 556 511 625 aliquid
539 556 733 610 accidit
758 556 971 609 adversi
1003 555 1257 620 interdiu,
1293 554 1381 611 lux
1414 556 1525 623 ipsa
1554 570 1739 609 eorum
1770 571 1892 625 quae

282 646 448 700 'ilunt
478 644 728 698 solatium
761 652 843 697 est
879 652 934 697 et
982 642 1266 698 levamen:
1300 658 1401 696 nox
1450 658 1578 696 vero
1619 643 1703 698 vel
1732 661 1797 697 ex
1838 661 1894 699 se

277 726 427 804 {ipsa
454 744 535 790 est
557 734 809 802 quiddam
833 735 988 787 triste
1009 743 1064 786 et
1092 734 1366 788 tetricum.
1421 733 1575 800 Quod
1626 734 1671 789 si
1699 750 1894 789 aermn-

312 841 410 880 nas
459 835 514 879 et
572 824 904 879 calamitates
942 825 1221 893 adjunctus
1271 826 1489 888 habeat,
1544 812 1781 880 dolorem
1842 839 1896 879 et

310 916 613 972 molestiam
647 932 753 994 non
788 932 977 987 parum
1014 928 1191 986 auget.
1231 915 1349 970 Tibi
1384 919 1547 986 igitur
1578 917 1740 970 velim
1775 918 1893 971 ani—

312 1023 402 1062 mo
431 1008 601 1076 liugas
634 1015 950 1060 nocturnam
981 1007 1215 1061 hostium
1257 1006 1608 1074 irruptionem
1631 1016 1684 1059 et
1726 1007 1897 1075 iuppi-

312 1111 440 1153 uam
471 1097 861 1159 incursionem,
910 1096 1196 1153 mulierum
1245 1111 1309 1150 ac
1342 1096 1634 1151 liberorum
1666 1096 1897 1151 servitu-

314 1199 448 1252 tem,
474 1203 633 1258 opum
656 1188 1031 1257 direptionem,
1056 1189 1256 1243 caedem
1279 1202 1487 1252 eorum,
1512 1189 1681 1257 quiin
1709 1202 1899 1244 manus

312 1278 551 1335 hostium
586 1280 852 1342 venerint,
885 1279 1143 1335 moenium
1182 1279 1537 1341 eversionem,
1588 1280 1894 1334 incendium

316 1372 575 1429 civitatis.
599 1370 777 1426 Nacta
805 1371 967 1439 igitur
989 1371 1174 1441 peribit
1200 1387 1381 1423 murus
1407 1371 1733 1426 Moabitidis.
1764 1370 1896 1426 Nam

315 1465 579 1521 mcenium
636 1463 842 1517 ambitu
873 1472 1122 1529 vastato,
1170 1466 1482 1518 necessario
1529 1465 1693 1519 etiam
1740 1466 1898 1520 simul

319 1555 660 1626 disperibunt
696 1556 786 1624 qui
823 1556 924 1611 sibi
967 1557 1018 1610 in
1052 1555 1182 1625 ipsis
1226 1557 1597 1626 proponebant
1640 1558 1900 1613 securita-

1986 369 2097 437 γὰρ
2130 367 2439 422 ἀπολεῖται
2467 368 2531 421 τὸ
2560 366 2757 436 τεῖχος
2793 364 2901 434 τῆς
2933 363 3316 428 Μωαϐίτιδος.
3371 360 3596 445 Πικροοξ

1987 461 2119 529 τέρα
2148 462 2181 530 ἡ
2212 459 2430 522 κόλασις
2455 461 2488 529 ή
2513 460 2571 511 ὲν
2595 458 2751 512 νυκτὶ
2776 457 3190 529 προσαγομένη.
3250 456 3311 507 '0
3342 454 3441 525 μὲν
3462 456 3579 526 γὰρ

1991 554 2048 604 ὲν
2079 551 2262 621 ἡμέρᾳ
2289 551 2514 620 πάσχων
2542 568 2595 613 τι
2622 550 2730 602 τῶν
2760 548 3184 621 περιπατικῷν,
3210 548 3343 601 αὐτὸ
3370 549 3430 601 τὸ
3458 550 3581 617 φῶς

1990 643 2104 713 ἔχει
2126 640 2474 713 παραμυθίαν
2506 641 2614 693 τῶν
2638 641 2938 711 γινομένων
2957 656 2969 669 ”
3000 642 3034 711 ἡ
3077 639 3133 693 δὲ
3174 639 3271 704 νὺξ
3310 640 3406 693 καὶ
3449 641 3579 694 καθ’

1993 733 2190 803 ἑαυτὴν
2237 733 2351 802 (12)
2401 731 2722 804 σκυθρωπόν
2766 750 2820 785 τι
2876 733 3145 803 πρᾶγμα·-
3199 730 3294 784 ὲάν
3356 732 3413 784 δὲ
3478 732 3582 784 καὶ

1992 824 2141 894 πάθη
2169 823 2449 897 προσλάϐῃ
2482 827 2578 877 καὶ
2603 825 2886 895 συμφορὰς
2906 865 2921 889 ,
2953 823 3151 895 πολλὴν
3179 827 3320 877 ποιεί
3347 825 3456 879 τῶν
3481 825 3583 878 ἀλ-

1993 915 2188 985 γεινῶν
2211 915 2309 987 τὴν
2338 917 2594 970 ἐπίδοσιν.
2629 916 2841 985 Νόησον
2869 911 2961 969 οὖν
2989 933 3079 986 μοι
3106 915 3422 987 νυκτερινὴν
3481 916 3586 985 ἑφ-

1993 1005 2111 1059 οδον
2144 1006 2439 1077 πολεμίων,
2458 1006 2862 1078 ἀπροσδόκητον
2896 1007 3271 1078 καταδρομὴν,
3302 1007 3583 1075 γυναικῶν

1995 1101 2089 1154 καὶ
2117 1099 2323 1152 παίδων
2349 1098 2841 1169 ἐξανδραποδισμδν
2860 1139 2875 1165 ,
2916 1097 3212 1169 χρημάτων
3243 1090 3595 1168 διαρπαγὴν,

1996 1191 2154 1259 φόνον
2190 1190 2298 1244 τῶν
2330 1192 2411 1252 εἰς
2436 1192 2625 1260 χεῖρας
2665 1189 3107 1260 ἀφικνουμένων,
3149 1190 3358 1260 τείχους
3403 1207 3600 1258 κατα-ε

1998 1281 2257 1352 στροφὴν,
2289 1280 2616 1352 ἐμπρησμὸν
2642 1278 2870 1342 πόλεως.
2901 1278 3137 1345 Νυκτὸς
3156 1274 3248 1333 οὖν
3268 1279 3582 1333 ἀπολεῖται

1998 1372 2065 1426 τὸ
2087 1372 2285 1441 τεῖχος
2296 1372 2407 1439 τῆς
2423 1371 2812 1439 Μωαϐίτιδος.
2830 1371 2942 1442 Τῆς
2960 1369 3067 1443 γὰρ
3084 1370 3191 1424 τῶν
3203 1371 3394 1442 τειχῶν
3424 1387 3586 1443 περι·
3600 1359 3611 1365 ’

1999 1464 2159 1535 ϐολῆς
2185 1462 2580 1534 ἐρημωθέντες,
2607 1462 2917 1530 ἀναγκαίως
2945 1462 3039 1515 xui.
3070 1463 3117 1514 οἱ
3148 1461 3247 1533 τὴν
3277 1462 3373 1517 ἀπ’
3399 1463 3588 1516 αὐτῶν

1999 1557 2299 1625 ἀσφάλειαν
2334 1553 2755 1626 προϐαλλόμενοι
2791 1552 3231 1607 συναπολοῦνται.
3278 1553 3590 1608 Λυπεῒσθε

321 1617 454 1705 tem.
490 1646 651 1703 Vsus.
682 1617 737 1705 2-.
775 1647 954 1724 Dotete
976 1617 1157 1716 igitur,
1195 1617 1391 1717 inquit,
1409 1648 1467 1702 in
1492 1648 1896 1714 vobismetipsis:
1926 1619 1928 1624 1

2070 1617 2096 1700 ν
2119 1647 2229 1719 (i3)
2263 1647 2353 1717 ἐφ’
2370 1617 2628 1712 ἑαυτοῖς,
2649 1645 2812 1717 φησίν
2828 1663 2842 1676 ο
2876 1643 3184 1699 ἀπολεῖται
3206 1645 3316 1714 γὰρ
3330 1645 3431 1698 καὶ
3446 1649 3592 1724 den-

319 1742 508 1809 peribit
540 1741 677 1795 enim
706 1750 755 1794 et
804 1740 1038 1807 Deebon,
1079 1741 1168 1794 ubi
1206 1751 1281 1795 est
1337 1756 1434 1794 ara
1461 1750 1662 1795 uestra:
1695 1740 1787 1797 illo
1818 1758 1905 1794 as-

322 1832 553 1886 cendetis
600 1833 670 1886 ad
741 1831 1078 1902 p!orandum.
1139 1830 1329 1887 Dolete
1379 1834 1436 1887 in
1504 1832 1901 1901 vobismetipsis.

320 1924 521 1980 Beatus
552 1933 636 1981 est
672 1926 889 1993 quidem
918 1924 1178 1995 quisquis
1208 1925 1444 1978 animam
1483 1940 1675 1994 puram
1709 1937 1905 1979 cause-

324 2029 502 2084 cutus,
530 2018 733 2073 nullam
766 2034 887 2089 quae
935 2019 1036 2072 sibi
1082 2018 1299 2088 propria
1330 2017 1422 2085 sit,
1452 2017 1617 2072 habet
1644 2017 1904 2072 mcerendi

325 2112 645 2167 materiam:
699 2111 792 2166 sed
841 2110 1094 2180 quoniam
1130 2109 1370 2165 charitas
1402 2125 1509 2165 non
1535 2111 1752 2179 quaerit
1787 2123 1908 2179 quae

325 2218 421 2257 sua
469 2210 595 2258 sunt
620 2203 706 2268 ⁹⁶;
752 2202 965 2257 dolente
1003 2202 1267 2265 membro,
1301 2200 1446 2255 dolet
1474 2201 1635 2255 simul
1681 2210 1738 2255 et
1772 2201 1906 2269 ipse,

327 2294 597 2363 simulque
637 2292 925 2361 aﬂligitur,
980 2300 1038 2348 et
1089 2291 1181 2345 llet
1233 2308 1355 2346 cum
1404 2289 1705 2358 ﬂentibus,
1754 2290 1907 2360 juxta

327 2384 643 2453 Apostolum
695 2384 763 2447 ’⁷,
822 2384 1019 2438 multos
1070 2384 1161 2452 qui
1210 2392 1337 2436 ante
1389 2390 1764 2451 peccaverant,
1800 2396 1911 2435 nec

329 2482 552 2543 egerant
604 2473 978 2542 paenitentiam
1047 2471 1338 2541 lugentem.
1386 2471 1488 2537 Qui
1544 2485 1733 2526 rursus
1781 2471 1907 2524 ait:

331 2565 573 2621 Tristitia
594 2566 719 2618 mihi
744 2581 936 2634 magna
962 2574 1062 2630 est,
1092 2577 1138 2618 et
1156 2566 1432 2618 continuus
1448 2565 1600 2618 dolor
1628 2564 1775 2617 cordi
1802 2579 1911 2617 meo

330 2678 427 2733 pro
455 2661 707 2730 fratribus
743 2662 895 2726 meis,
939 2663 1029 2731 qui
1077 2670 1200 2715 sunt
1241 2664 1447 2732 cognati
1478 2662 1579 2716 mei
1627 2664 1913 2716 secundum

336 2770 546 2808 carnem
567 2753 638 2810 ’⁸.
696 2753 848 2820 Quod
879 2753 922 2809 si
949 2754 1223 2823 quispiam
1243 2770 1348 2808 non
1384 2763 1467 2808 est
1503 2754 1789 2823 ejusmodi,
1822 2754 1915 2808 sed

2006 1717 2144 1803 ὄὼν,
2167 1733 2239 1793 οὗ
2261 1741 2293 1792 ὁ
2315 1737 2520 1806 ,ϐωμὸς
2547 1736 2715 1805 ὑμῶν
2733 1753 2749 1772 ε
2782 1734 2909 1789 ἐκεῖ
2920 1734 3302 1803 ἁναϐήσεσθε
3323 1717 3610 1809 uariat»;

2005 1831 2305 1887 Λινπεῖσθε
2336 1831 2429 1899 ἐφ’
2458 1829 2711 1895 ἑαυτοῖς.
2770 1829 3055 1901 Μακάριος
3100 1827 3199 1898 μὲν
3235 1828 3384 1891 ὅστις
3410 1828 3591 1882 καθα·

2010 1925 2108 1996 ράν
2149 1923 2286 1993 ἔχων
2340 1923 2440 1994 τὴν
2479 1922 2656 1993 ψυχὴν
2698 1920 2927 1985 ἑαυτοῦ,
2982 1919 3057 1991 μὴ
3091 1919 3205 1991 ἔχει
3239 1920 3346 1992 (id)
3380 1922 3593 1975 οἰκείαν

2007 2016 2262 2072 ὑπόθεσιν
2298 2017 2475 2088 λύπης
2494 2035 2508 2047 ·
2534 2016 2621 2069 διὰ
2645 2015 2702 2068 δὲ
2726 2016 2788 2067 τὸ
2818 2014 2916 2086 τὴν
2944 2015 3164 2085 ἀγάπην
3199 2014 3273 2086 μὴ
3308 2013 3492 2086 ζητεῖν
3529 2015 3595 2067 τὸ

2007 2114 2238 2185 ἑαυτῆς,
2272 2111 2573 2182 πάσχοντος
2614 2107 2841 2180 μέλους,
2892 2107 3230 2179 συμτιάσχων
3262 2109 3356 2161 καὶ
3404 2108 3594 2172 αὐτὸς,

2009 2209 2103 2262 καὶ
2124 2206 2390 2262 συλλυπού
2400 2222 2578 2277 μενος,
2595 2206 2690 2258 καὶ
2710 2203 2910 2257 κλαίων
2944 2202 3081 2274 μετά
3110 2203 3426 2268 κλαιόντων,
3450 2203 3599 2255 κατά

2011 2301 2100 2353 τὸν
2146 2297 2500 2361 Ἀπόστολον,
2551 2297 2641 2350 τὸν
2677 2294 2980 2348 πενθοῦντα
3023 2295 3254 2358 πολλοὺς
3314 2295 3421 2347 τῶν
3456 2312 3598 2363 προ-

2010 2390 2532 2463 ημαρτηκότων,κα“ι
2568 2388 2641 2459 μὴ
2681 2389 3148 2458 μετανοησάντων.
3190 2388 3284 2449 Ὃς
3313 2385 3476 2438 πάλιν
3509 2385 3601 2437 λέ-

2012 2502 2098 2553 γει
2119 2502 2131 2514 ·
2165 2485 2291 2536 Ὅτι
2323 2483 2486 2547 λύπη
2510 2481 2614 2550 μοί
2639 2481 2770 2534 ἐστι
2792 2478 3048 2548 μεγάλη,
3088 2478 3187 2530 καί
3216 2476 3602 2541 ἀδιάλειπτος

2014 2576 2198 2642 ὀδύνη
2224 2573 2298 2642 τῇ
2322 2572 2536 2641 καρδίᾳ
2553 2590 2672 2638 μου
2692 2569 2845 2638 ὑπὲρ
2868 2568 2987 2623 τῶν
3013 2567 3294 2636 ἀδελφῶν
3308 2586 3451 2638 μου,
3480 2567 3606 2621 τῶν

2014 2665 2327 2737 συγγενῶν
2350 2683 2470 2734 μου
2501 2663 2613 2734 (15)
2646 2662 2797 2716 κατὰ
2823 2661 3040 2730 σάρκα.
3098 2661 3163 2714 Εἰ
3191 2661 3248 2713 δέ
3274 2677 3357 2722 τις
3388 2659 3464 2730 μὴ
3490 2676 3605 2712 τοι-

2015 2758 2171 2822 οὗτός
2192 2761 2358 2820 ἐστιν,
2382 2755 2517 2810 ἀλλά
2541 2758 2661 2818 ταῖς
2688 2753 2844 2816 ἰδίαις
2865 2752 3161 2823 ἁμαρτίαις
3178 2751 3599 2819 ὲγκαλινδείται,

336 2844 392 2898 in
446 2844 559 2899 suis
605 2844 878 2900 volutatur
926 2846 1164 2913 peccatis
1194 2884 1209 2909 ,
1248 2845 1335 2900 hic
1378 2844 1575 2900 suimet
1628 2859 1793 2899 causa
1843 2845 1917 2900 sit

2070 2847 2173 2916 ito;
2245 2852 2331 2919 ἐφ’
2378 2848 2556 2918 ἑαυτῷ
2626 2846 2931 2906 λυπείσθω,
2986 2844 3272 2914 νικωμένῳ
3337 2842 3443 2895 ὑπὸ
3503 2839 3605 2895 τοῦ

336 2950 584 3003 maestus,
617 2946 676 2992 ut
704 2939 794 3007 qui
827 2940 894 2993 ab
917 2939 1071 2993 hoste
1097 2939 1354 2993 adversus
1381 2953 1538 3007 quem
1559 2947 1641 2993 est
1668 2938 1913 3002 luctatio,

2070 2944 2237 3016 [θροῦ,
2255 2938 2388 3015 πρὸς
2402 2944 2460 2995 ὃν
2487 2944 2631 2993 ἐστιν
2654 2941 2687 3010 ἡ
2716 2938 2884 3007 πάλη.
2901 2939 2967 2990 Ἥ
2993 2937 3181 2989 τούτου
3201 2935 3346 3004 λύπη
3375 2934 3613 3006 εὐφραί-

334 3031 515 3085 victus
549 3029 710 3083 fuerit
752 3040 807 3083 et
847 3039 1157 3099 superatus.
1203 3029 1369 3096 Hujus
1405 3030 1625 3083 tristitia
1673 3029 1917 3083 laetitiam

2070 3055 2101 3089 :t
2136 3036 2227 3088 τὸν
2253 3037 2364 3097 τοῖς
2388 3031 2787 3093 διδασκαλικοῖς
2821 3029 2998 3095 λόγοις
3038 3027 3302 3094 ὲνάγοντα
3328 3027 3493 3079 αὑτὸν
3527 3028 3609 3090 εἰς

338 3121 483 3190 parit
512 3122 559 3174 ei
589 3121 680 3191 qui
715 3122 892 3191 ipsum
935 3122 1195 3177 doctrinae
1221 3120 1399 3176 verbis
1441 3121 1508 3176 ad
1530 3122 1919 3177 conscientiam

2070 3128 2387 3198 ιναίσθησιν.
2436 3126 2522 3187 Ὠς
2554 3123 2664 3193 γὰρ
2687 3122 2756 3174 τά
2779 3120 3001 3175 καίοντα
3031 3120 3126 3173 καὶ
3149 3116 3449 3181 κολάζοντα
3474 3120 3612 3190 φάρη

339 3222 576 3268 revocat.
606 3212 1066 3280 Quemadmodum
1103 3213 1247 3269 enim
1279 3213 1570 3282 pbarmaca
1603 3228 1723 3283 qua:
1759 3222 1924 3268 urunt

2070 3239 2177 3274 ακα
2221 3219 2577 3289 ἀνακαθαίρει
2615 3214 2686 3268 τὰ
2711 3215 2843 3283 ἕλκη
2868 3254 2882 3279 ,
2919 3214 3011 3265 καὶ
3037 3211 3135 3282 τὴν
3164 3211 3271 3264 ἀπὸ
3298 3210 3408 3263 τῶν
3453 3210 3613 3263 πύων

342 3312 397 3357 et
422 3303 690 3372 cruciant,
721 3306 921 3369 ulcera,
955 3304 1314 3375 foetoremque
1341 3320 1409 3360 ex
1441 3320 1573 3375 pure
1594 3303 1925 3370 eﬂ‘usum,’et

2070 3312 2286 3366 ισωδίαν
2303 3353 2316 3374 ,
2348 3310 2442 3364 καὶ
2470 3309 2538 3363 τὰ
2565 3306 2937 3379 διεφθαρμένα
2963 3304 3271 3376 τραύματα,
3299 3303 3392 3356 καὶ
3423 3302 3616 3374 σώμα-

340 3394 565 3451 vulnera
608 3404 864 3464 corrupta
916 3404 1267 3466 exstergunt,
1313 3409 1651 3464 corporaque
1696 3396 1928 3451 reddunt

2070 3422 2093 3457 ι
2122 3402 2527 3472 ἐπιτηδειότερα
2558 3402 2701 3453 ποιεῖ
2724 3398 2860 3468 πρὸς
2883 3397 2982 3468 τὴν
3010 3395 3153 3449 κατὰ
3173 3393 3453 3465 τόπον(16)
3480 3412 3613 3447 συν-

343 3486 520 3557 magis
544 3487 734 3541 idonea
759 3487 825 3541 ad
856 3501 975 3540 eam
1000 3501 1121 3557 quae
1141 3501 1240 3541 suo
1265 3486 1383 3541 loco
1414 3486 1475 3539 ﬁt
1502 3486 1883 3540 obductionem
1910 3498 1926 3537 :

346 3578 492 3630 baud
532 3577 849 3631 dissimilem
881 3589 1102 3630 sensum
1140 3577 1343 3631 habere
1378 3575 1508 3630 mihi
1539 3575 1752 3629 videtur
1778 3573 1927 3635 illud,

346 3671 530 3723 Dotete
543 3673 596 3723 in
623 3670 1031 3738 vobismetipsis:
1054 3669 1196 3738 quod
1222 3668 1419 3723 dicitur
1434 3667 1693 3721 adversus
1709 3682 1818 3732 eos,
1839 3666 1931 3735 qui

350 3767 625 3836 sapientia:
676 3767 902 3836 alicujus
952 3765 1170 3822 nomine
1226 3765 1571 3837 gloriantur,
1628 3764 1930 3834 cujusmodi

354 3868 480 3913 sunt
518 3859 813 3913 haereseum
841 3858 1119 3927 praesides,
1152 3867 1316 3912 noctu
1353 3865 1641 3927 pereuntes
1675 3872 1690 3909 :
1736 3855 1934 3924 quippe

355 3947 541 4002 Omnis
585 3950 676 4019 qui
715 3948 854 4002 mala
897 3949 1026 4019 agit,
1063 3949 1171 4002 odit
1221 3948 1411 4010 lucem,
1457 3956 1507 4001 et
1560 3963 1663 4001 non
1697 3947 1829 4001 venit
1865 3946 1934 3999 ad

356 4041 522 4092 lucem
547 4038 612 4093 ”.
649 4039 714 4092 Et
737 4039 991 4108 quoniam
1021 4040 1113 4108 qui
1152 4040 1203 4093 in
1242 4047 1399 4093 nocte
1437 4046 1747 4104 versantur,
1779 4046 1937 4091 nocte

354 4135 628 4204 peribunt,
669 4145 828 4189 noctu
868 4136 1033 4187 etiam
1062 4134 1264 4188 excidit
1294 4133 1455 4203 602
1487 4146 1671 4186 eorum
1711 4144 1935 4194 murus;

360 4225 460 4279 hoc
491 4233 593 4287 est,
631 4226 926 4291 sophistica
974 4224 1322 4286 munimenta,
1365 4224 1563 4291 quibus
1593 4220 1936 4276 subsidentes

2027 3496 2255 3550 ούλωσιν
2276 3514 2288 3527 ·
2332 3494 2566 3548 τοιοῦτον
2595 3491 2737 3562 ἔχειν
2777 3506 2867 3559 μοι
2887 3489 3034 3542 δοκεῖ
3060 3485 3183 3541 νοῦν
3204 3486 3285 3550 τὸ,
3305 3485 3618 3540 Λυπεῖσθε

2030 3588 2120 3656 ἐφ’
2146 3585 2411 3651 ἑαυτοῖς,
2467 3583 2760 3651 λεγόμενον
2777 3578 2922 3649 ’πρὸς
2954 3578 3081 3641 τοὺς
3107 3576 3249 3647 μέγα
3276 3575 3617 3647 φρονοῦντας

2033 3682 2124 3735 ἐπί
2163 3698 2268 3734 τινι
2304 3679 2498 3749 σοφίᾳ,
2530 3673 2702 3727 ὁποῖοί
2736 3675 2871 3725 εἰσιν
2915 3673 2964 3724 oi
2993 3670 3103 3724 τῶν
3148 3669 3413 3740 αἱρέσεων
3480 3685 3617 3739 προ-

2033 3770 2283 3833 εστῶτες,
2307 3770 2354 3821 οί
2385 3765 2578 3829 νυκτὸς
2609 3761 3138 3832 ἀπολλύμενοι,διότι
3156 3755 3279 3823 Πᾶς
3304 3760 3338 3811 ό
3364 3757 3435 3811 τὰ
3462 3758 3620 3825 φαῦ-

2034 3869 2114 3919 λα
2145 3862 2456 3931 πράσσων,
2482 3856 2649 3928 μισεῖ
2676 3856 2741 3910 τὸ
2765 3854 2911 3924 φῶς,
2941 3853 3040 3908 καὶ
3072 3854 3181 3906 οὐκ
3203 3852 3437 3920 ἔρχεται
3464 3850 3621 3918 πρὸς

2035 3956 2102 4007 τὸ
2134 3953 2275 4023 φῶς.
2304 3953 2413 4004 Καὶ
2438 3949 2624 4020 ἐπειδὴ
2648 3951 2705 4001 ἐν
2734 3946 2889 4001 νυκτὶ
2915 3946 3087 4008 ὄντες,
3115 3943 3309 4005 νυκτὸς
3351 3941 3623 3996 ἀπολοῦν-

2036 4064 2145 4107 ται,
2175 4044 2370 4106 νυκτὸς
2398 4043 2573 4095 αὐτῶν
2597 4040 2692 4093 καὶ
2715 4039 2776 4092 τὸ
2798 4042 2977 4108 τεῖχος
3003 4036 3191 4089 πίπτει
3209 4051 3224 4064 ·
3250 4034 3520 4097 τουτέστι,
3549 4034 3623 4087 τὰ

2041 4133 2326 4203 σοφιστικὰ
2368 4131 2740 4203 ὀχυρώματα,
2809 4125 2889 4191 οἷς
2942 4126 3350 4195 ὑποκαθήμενοι
3395 4123 3622 4177 ἐδόκουν

2042 4226 2231 4298 ἱκανὴν
2259 4226 2356 4297 τὴν
2389 4225 2484 4277 ἀπ’
2520 4222 2700 4277 αὐτῶν
2734 4221 3030 4290 ἀσφάλειαν
3064 4216 3483 4289 προϐεϐλῆσθαι.
3553 4219 3621 4270 Ἦ

360 4330 605 4383 magnam
663 4318 949 4383 quamdam
1002 4314 1347 4367 securitatem
1393 4328 1458 4365 ex
1517 4312 1600 4366 his
1646 4311 1928 4365 obtendere

2070 4315 2149 4386 ’ἀρ
2180 4314 2491 4384 διαλεκτικὴ
2544 4313 2643 4377 τὰς
2696 4312 2935 4381 αἱρέσεις
2966 4310 3065 4379 τῆς
3095 4307 3446 4376 ψευδωνύμου
3479 4306 3626 4375 γνὼ-

360 4403 703 4457 viilebantur.
742 4403 1033 4457 Dialectica
1064 4401 1207 4454 enim
1243 4400 1406 4454 veluti
1442 4414 1629 4453 murus
1659 4408 1840 4451 tuetur
1874 4413 1938 4452 ac

363 4504 542 4548 servat
575 4497 804 4550 baareSes
827 4494 958 4550 falsa
976 4494 1200 4549 scientia
1227 4492 1457 4557 innixas;
1487 4507 1590 4561 qua
1616 4490 1936 4555 collabente,
1968 4538 1978 4553 ,

365 4586 572 4644 ulnleut
600 4602 819 4645 necesse
850 4596 951 4649 est,
983 4584 1072 4654 qni
1104 4585 1246 4653 capti
1292 4585 1508 4640 fuerunt
1539 4599 1603 4637 ac
1628 4583 1936 4653 expugnati.

365 4679 549 4733 Dolele
581 4681 744 4750 igitur
774 4684 825 4733 in
863 4678 1261 4746 vobismetipsia,
1301 4692 1422 4731 cum
1468 4675 1744 4744 perierint.

2044 4422 2200 4468 σεως,
2236 4404 2423 4475 ὥσπερ
2451 4405 2649 4472 τεῖχος,
2683 4402 2968 4470 συντηρεῖ”
2993 4395 3061 4471 ἦς
3092 4394 3474 4463 διαπεσούσης,
3501 4396 3622 4448 ὀλο-

2041 4493 2223 4555 λύζειν
2257 4492 2470 4562 ἀνάγκη
2503 4491 2629 4554 τοὺς
2660 4489 2987 4551 ἑαλωκότας.
3043 4487 3343 4541 Λυπεῖσθε
3387 4482 3485 4538 οἱυ
3529 4485 3623 4556 ἐφ’

2042 4586 2295 4652 ἑαυτοῖς,
2329 4585 2558 4655 ἐπείπερ
2586 4582 2879 4643 ἀπώλοντο.

437 4883 482 4913 ⁸⁵
515 4880 534 4936 ι
568 4881 693 4936 Cor.
744 4893 865 4945 xm,
1049 4878 1091 4909 ³⁷
1136 4876 1290 4932 Rom.
1317 4892 1415 4944 xu,
1450 4874 1534 4929 15.
1609 4875 1654 4907 ⁸⁸
1682 4876 1839 4932 Rom.
1873 4890 1925 4927 ιχ

2070 4913 2076 4935 ,
2120 4874 2193 4957 5.-
2248 4874 2291 4903 ⁹⁹
2352 4868 2509 4926 Joan.
2554 4885 2637 4933 ιιι,
2678 4868 2767 4922 20.

439 5065 552 5137 (l2)
604 5064 787 5137 Codex
830 5079 987 5137 unus,
1018 5061 1152 5137 καθ’
1186 5060 1539 5137 ἑαυτῂνῂμέν.
1565 5060 1690 5137 Mos
1713 5044 1977 5137 quinque.

366 5129 544 5199 mss,
568 5134 830 5204 ἀλγεινῶν
862 5134 960 5205 τὴν
1013 5134 1269 5205 ἐπίδοσιν.
1314 5129 1478 5205 Editi,
1514 5130 1628 5205 -τὴν
1666 5129 1941 5205 ἐπίτασιν.

370 5195 611 5262 Subinde
638 5195 868 5274 quatuor
919 5195 1076 5269 inss.,
1121 5201 1312 5272 νόησον
1346 5195 1472 5254 οὖν.
1514 5195 1711 5255 Vocula
1741 5195 1833 5259 οὖν
1889 5200 1943 5252 iu

368 5277 601 5340 vulgatis
634 5276 992 5329 desideratur.

358 5350 362 5399 ζ
445 5336 558 5417 (⁷15)
582 5345 821 5405 illorum,
852 5342 1124 5401 Λυπεῖσθε
1164 5337 1278 5404 οὖν,
1308 5355 1371 5395 ea
1402 5352 1486 5417 est
1510 5336 1943 5417 sententiag'Lu-

374 5405 495 5485 gete
535 5405 643 5469 iam
668 5418 737 5469 ob
762 5426 937 5470 vestra
973 5424 1212 5481 peccata,
1245 5426 1403 5485 quam
1436 5412 1512 5485 ob
1536 5410 1728 5485 aliena.
1784 5405 1941 5485 Unde

376 5474 656 5551 aliquanto
706 5485 843 5537 infra
877 5474 1106 5538 dicitur:
1142 5474 1413 5536 Λυπεῖσθε
1454 5474 1546 5551 οὖν
1587 5480 1943 5551 ἐφ’-Λὲαυτοῖς,

369 5548 609 5641 ιἐπείπερ
622 5553 919 5623 ἀπώλοντο,
935 5554 1116 5608 Dolete
1137 5555 1191 5607 in
1214 5548 1579 5620 vobismetipsis
1601 5549 1661 5605 ob
1680 5549 1948 5603 interitum

379 5639 581 5681 eorum.

2058 5045 2081 5056 '
2126 5058 2236 5125 (ιι)
2278 5055 2499 5125 Antiqui
2535 5063 2645 5125 tres
2673 5052 3070 5125 libri,pi}em.
3155 5114 3163 5125 ι

2150 5058 2216 5112 Μ
2278 5058 2499 5125 Antiqui
2535 5063 2645 5109 tres
2673 5058 2820 5115 libri,
2860 5058 2933 5123 μὴ
2950 5067 3070 5125 εχῃ.
3155 5114 3163 5125 ι

2150 5058 2237 5200 ίὸζ
2287 5127 2426 5181 Ειιίιί
2476 5134 2535 5200 et
2587 5123 2717 5193 Reg.
2758 5124 2987 5200 primus,
3027 5119 3325 5190 συγγενῶν.
3379 5116 3627 5200 1.).ιειηιιε

2051 5187 2232 5264 Cnlb.,'
2264 5196 2541 5266 συγγενῶν
2573 5187 2695 5266 μ.ουῖ
2744 5187 2845 5247 Alii
2875 5192 2979 5248 duo
3014 5187 3173 5256 mss;
3207 5187 3485 5259 συγγενῶν
3521 5206 3628 5259 μου

2050 5289 2179 5324 των.
3489 5300 3497 5306 .

2123 5339 2231 5409 (ιϐ)
2256 5337 2416 5405 Editi,
2459 5336 2558 5407 τὴν
2602 5333 2746 5409 κατά
2768 5332 2989 5404 τρόπον.
3024 5331 3091 5385 At
3121 5340 3351 5409 uterque
3375 5328 3623 5409 C_or_nbet:

2052 5398 2230 5463 rt‘alii
2264 5419 2373 5462 tres
2404 5398 2543 5461 'mss'.
2587 5405 2747 5458 ut-in
2790 5398 3065 5458 contextu.
3124 5401 3318 5455 Statim
3357 5399 3510 5462 editi,
3564 5398 3626 5456 τὸ

2053 5478 2347 5535 Λυπεῖσθαι
2380 5478 2464 5547 ἐφ’
2489 5476 2702 5539 ἑαυτοῖς
2727 5473 2839 5529 ἐπί.
2873 5474 2945 5530 At
2969 5486 3101 5529 mss.
3135 5481 3246 5528 tres
3266 5470 3338 5528 ita
3358 5468 3628 5542 ut_edidi-

2056 5568 2173 5607 ntus
