3810 6214
145 266 241 322 637

971 260 1336 320 (ΞΟΜΜΕΝΤ.
1378 263 1443 318 ΙΝ
1485 263 1719 319 ιεΑιΑιι
1757 263 2203 322 PROPHETAM.
2242 265 2397 325 CAP.
2437 265 2554 321 XV.

3284 271 3388 324 638

144 403 304 461 μενων
333 383 470 438 κατὰ
497 381 596 452 τῆς
625 377 882 450 γνώσεως
907 379 1002 434 τοῦ
1025 380 1185 444 Gem"),
1212 382 1321 435 είτε
1351 384 1409 438 έν
1429 383 1689 439 διαλεκτι-

1819 400 1864 440 se
1891 385 2154 442 extollunt
2183 385 2446 440 adversus
2478 383 2571 438 Dei
2595 385 2878 440 scientiam
2909 384 2975 449 ⁸ο,
3009 383 3124 439 sive
3157 399 3388 452 occupa-

142 481 203 552 ιιῇ
231 495 327 532 τινι
356 475 524 544 λόγων
551 473 809 544 διαιρέσει
843 474 939 528 καὶ
987 474 1390 546 προϐλημάτων
1437 475 1701 546 εὐκρινῶς

140 567 420 624 δοκούντων
449 563 839 633 διαλαμϐάνειν
887 563 1018 636 περὶ
1061 565 1294 618 ἑκάστου
1325 564 1434 617 τῶν
1473 581 1699 636 προκει-

143 661 320 734 μένων,
349 660 412 711 ἐκ
441 657 733 727 μετανοίας
759 655 1078 722 ὀλολυςέτω,
1111 657 1200 710 ἵνα
1223 646 1487 730 πληρώσῇ
1518 658 1577 711 τὸ
1605 673 1699 726 γε-

139 749 431 824 γραμμένον
452 765 466 779 ·
490 750 551 801 ὲν
577 751 695 812 ταῖς
731 748 1014 812 πλατείας,
1043 748 1139 800 καὶ
1163 748 1257 801 ἐπὶ
1283 749 1391 801 τῶν
1409 749 1697 819 δωμάτων,

142 844 221 899 καὶ
242 845 295 897 ἐν
315 841 422 912 (Ξθ)
453 841 660 904 πάσαις
689 843 809 904 ταῖς
851 839 1053 912 ῥύμαις
1079 840 1174 894 τοῦ
1220 840 1380 908 λόγου
1425 840 1700 910 προστάσ-

145 953 304 998 σοντος
326 934 678 1005 κεκραγέναι.
735 933 832 986 Διὰ
863 933 1020 986 τοῦτο
1045 932 1100 985 δὲ
1125 931 1204 985 δεῖ
1235 932 1404 986 ταῦτα
1431 932 1696 1001 γίνεσθαι,

143 1027 302 1096 limbi]
356 1025 627 1097 κέκραγεν
677 1022 911 1078 Ἐσεϐὠν
945 1024 1090 1091 (30)·
1154 1022 1388 1076 Ἐσεϐὼν
1443 1023 1541 1093 μὲν
1588 1023 1696 1095 γὰρ

140 1115 472 1190 ἑρμηνεύεται
495 1117 788 1186 λογισμός
808 1133 822 1146 ·
857 1114 1078 1186 Ἐλεαλὴ
1104 1116 1181 1179 δὲ,
1203 1115 1349 1175 Θεοῦ
1372 1114 1694 1180 ἀνάϐασιςο

152 1211 310 1267 ’ίασσὰ
327 1210 402 1272 δὲ,
428 1209 708 1280 γεγονυῖα
737 1207 974 1272 ἐντολή.
1006 1207 1292 1277 Κέκραγεν
1314 1202 1406 1259 οὖν
1440 1205 1694 1271 Ἐσεϐὼν,

141 1303 380 1369 τουτέστι,
415 1300 670 1372 φανερῶς
726 1299 1196 1370 διαμαρτύρεται,
1250 1300 1332 1351 ὅτι
1366 1297 1696 1368 ἀνθρώπινοί

140 1395 230 1447 είσι
259 1393 524 1464 λογισμοὶ,
559 1394 654 1446 καὶ
685 1395 744 1445 ού
780 1392 939 1445 Θείων
982 1391 1297 1462 μυστηρίων
1325 1390 1696 1460 ἀποκαλύψεις

139 1484 195 1536 τὰ
231 1483 524 1554 διδάγματα
561 1482 671 1536 τῶν
704 1481 1033 1535 Μωαϐιτῶν.
1088 1481 1200 1534 Καὶ
1253 1479 1528 1546 Ἐλεαλή.
1586 1480 1695 1533 Καὶ

139 1575 258 1645 αὕτη
283 1576 362 1629 διὰ
391 1575 497 1628 τῶν
538 1577 882 1647 πραγμάτων
911 1575 1202 1644 κέκραγεν,
1220 1574 1301 1626 ὅτι
1327 1572 1462 1625 Θεοῦ
1497 1589 1694 1625 καταν-

139 1664 453 1736 αιοχυντοῦσι
489 1666 589 1718 καὶ
649 1659 1073 1736 κατέπαίρονται
1098 1667 1146 1716 οἱ
1188 1665 1413 1724 ἐκείνοις
1447 1666 1558 1725 τοῖς
1590 1680 1694 1732 μα·-

139 1759 349 1828 θήμασιν
377 1759 606 1820 ἑαυτοὺς
640 1757 988 1818 ἐπιδιδόντες.
1015 1756 1184 1808 Τοῦτο
1218 1755 1325 1824 γάρ
1359 1757 1473 1806 ἐστι
1497 1794 1508 1812 .
1545 1754 1694 1807 θεοῦ

137 1849 434 1916 ἀνάϐασις,
485 1851 522 1918 ἡ
579 1848 679 1902 ἐπὶ
714 1849 783 1903 τὰ
835 1849 961 1917 ὕψη
1017 1851 1125 1920 (51)
1183 1849 1281 1916 τῆς
1318 1848 1692 1918 ὑπερηφανίας

137 1943 382 2008 ἔπαρσις.
434 1942 545 1998 Καὶ
602 1942 824 1995 Ὶασσά.
885 1943 946 1995 Εί
979 1944 1074 1996 καὶ
1106 1942 1253 1995 δοκεῖ
1293 1940 1570 2009 γεγονυῖα
1599 1941 1695 1993 ὲν-

139 2033 266 2100 (alii
303 2027 471 2096 εἶναι,
510 2033 648 2086 ἀλλὰ
689 2033 830 2086 κατὰ
870 2033 1126 2104 ἀλήθειαν
1160 2034 1258 2086 οὐκ
1293 2033 1476 2099 ἐντολή
1503 2050 1515 2062 ’
1560 2051 1693 2103 σχη-

142 2125 382 2195 ματισμὸς
416 2125 474 2179 δέ
507 2142 596 2188 τις
632 2126 761 2196 περὶ
808 2124 918 2192 βίον
945 2124 1231 2197 ἀκριϐείας
1255 2164 1268 2187 ,
1306 2123 1440 2195 πρὸς
1476 2124 1694 2177 πιθανό-

137 2230 253 2283 τητα
289 2216 374 2269 καὶ
418 2215 734 2286 παραδοχὴν
767 2216 876 2268 τῶν
912 2215 1162 2286 πονηρῶν
1191 2215 1301 2284 (52)
1328 2215 1435 2268 ἀπὸ
1466 2213 1560 2266 τοῦ
1593 2231 1690 2266 πο-

139 2307 280 2377 νηροῦ
306 2310 653 2379 φρονήματος
683 2305 1131 2378 ύποϐαλλομένων
1166 2306 1528 2377 διδαγμάτων.
1594 2303 1692 2357 Διὰ

137 2397 276 2451 τοῦτο
319 2401 375 2452 ὲν
406 2402 517 2464 τοῖς
551 2401 782 2453 κατόπιν
819 2399 1064 2469 εἴρηται⁸
1100 2397 1328 2463 Πάντες
1366 2398 1690 2466 ,βραχίονες

140 2490 640 2560 κατατετμημένοι’
679 2491 764 2542 ἵνα
812 2491 865 2542 εἴ
895 2507 976 2552 τις
1009 2490 1242 2560 πονηρὸς
1273 2489 1588 2550 διδάσκει).ος
1631 2489 1689 2540 ὲν

137 2581 469 2649 ψευδοδοξίαις
499 2581 787 2647 ἐξαπατῶν
812 2582 909 2644 τὰς
932 2580 1108 2650 ψυχὰς
1128 2579 1236 2632 τῶν
1263 2579 1562 2648 ἑπομένων,
1590 2579 1690 2649 βίῳ

140 2666 367 2725 δὲ’δοκῶν
397 2673 692 2743 προσέχειν
721 2672 832 2739 (55)
863 2671 1238 2741 ἀκριϐεστέρῳ
1257 2713 1270 2733 ,
1300 2673 1346 2722 οἱ
1381 2669 1689 2740 μεταμελη-

142 2762 298 2826 Θέντες
341 2763 430 2816 ἐπὶ
462 2763 540 2834 τῷ
590 2763 813 2834 τοιούτῳ
841 2761 1144 2831 διδασκάλῳ
1174 2763 1396 2823 ἑαυτοὺς
1439 2761 1690 2814 ἐπιδεδω-

141 2853 676 2925 κέναι,κατακόψωσιν
697 2853 906 2907 ἑαυτῶν
927 2855 1024 2924 μὲν
1050 2855 1175 2916 τοὺς
1199 2853 1511 2923 βραχίονας,
1534 2869 1688 2906 τουτ-

140 2947 253 3009 έστι,
291 2948 349 3001 τὺ
375 2948 680 3020 πρακτικὸν
723 2942 862 3010 εἶδος
890 2946 992 3015 τῆς
1022 2945 1313 3007 πολιτείας.
1350 2944 1689 3014 Ἀποκείρον-

1806 484 1891 530 tus
1928 477 2088 530 fuerit
2123 477 2174 530 iu
2203 475 2489 530 dialectica
2526 475 2758 545 quadam
2784 476 3074 546 partitione
3101 476 3388 530 verborum

1803 577 1856 624 et
1894 570 2312 638 problematum,
2349 584 2469 640 qua:
2504 569 2582 624 “de
2628 568 2855 639 singulis
2895 569 3061 623 rebus
3101 571 3392 639 propositis

1801 659 2056 714 distincte
2083 670 2320 713 tractare
2342 658 2614 721 videntur,
2644 657 2811 711 uiolet
2835 658 3148 727 pmnitentia
3173 659 3387 726 ductus;

1801 752 2026 820 utquod
2057 751 2320 820 scriptum
2365 761 2450 806 est
2487 751 2738 820 impleat;
2769 751 2968 820 quippe
3005 749 3059 818 in
3093 749 3302 819 plateis,
3333 757 3391 806 et

1800 857 1963 912 super
1986 850 2150 908 tecta,
2182 853 2237 896 et
2269 842 2320 897 in
2347 843 2598 896 omnibus
2635 842 2768 900 viris
2811 840 3104 896 clamorem
3129 841 3213 898 edi
3234 841 3389 911 jubet

1801 932 2104 1003 Scriptura.
2154 934 2360 988 Idcirco
2410 943 2590 988 autem
2642 933 2758 988 haec
2811 933 2927 988 tleri
2971 943 3208 1002 oportet,
3260 935 3385 1003 quia

1799 1024 2092 1089 clamavit;
2128 1023 2338 1080 Esebon
2366 1025 2536 1090 enim,
2576 1024 2620 1078 si
2644 1024 2768 1093 quis
2791 1023 3197 1094 interpretetur,
3227 1033 3388 1077 sonat

1799 1117 2285 1181 ratiocinationem,
2317 1116 2498 1172 Eleale
2536 1125 2740 1182 autem,
2765 1116 2860 1170 Dei
2895 1132 3200 1180 ascensum;
3227 1114 3385 1170 Jassa

1799 1221 1950 1272 vero,
1991 1211 2189 1275 factum
2241 1218 2576 1279 pra’ceplum.
2613 1209 2880 1262 Clamavit
2936 1208 3098 1279 igitur
3147 1206 3382 1273 Esebon,

1797 1300 1900 1355 hoc
1947 1300 2113 1372 604
2141 1310 2260 1366 est,
2322 1299 2679 1355 Moabitarutn
2726 1301 3049 1356 documenta
3089 1301 3382 1355 ratiocina-

1797 1392 1971 1445 tiones
2005 1393 2274 1448 huiuanas
2314 1407 2436 1448 esse
2485 1391 2774 1446 manifesto
2801 1392 3067 1456 declarat,
3099 1407 3205 1446 non
3247 1391 3384 1446 divi-

1796 1497 1988 1536 norum
2028 1482 2410 1551 mysteriorum
2439 1483 2821 1540 revelationes.
2854 1481 2922 1536 Et
2963 1482 3166 1537 Eleale.
3207 1483 3384 1552 Atque

1795 1575 1911 1628 hzcc
1941 1574 2116 1642 reipsa
2171 1573 2451 1641 clamavit,
2512 1589 2606 1628 eos
2660 1575 2751 1643 qui
2785 1573 2854 1628 ad
2891 1572 3013 1628 illas
3071 1571 3382 1644 disciplinas

1798 1677 2032 1722 mentem
2078 1668 2394 1737 appellunt,
2458 1670 2719 1722 adversus
2797 1666 2966 1722 Deum
3038 1666 3384 1736 impudenter

1796 1775 1978 1828 agere,
2005 1775 2170 1828 seque
2195 1771 2384 1814 contra
2412 1775 2534 1815 eum
2561 1757 2770 1814 eﬂ‘erre.
2803 1757 2957 1812 llunc
2986 1759 3128 1812 enim
3159 1771 3379 1812 sensum

1795 1851 2000 1906 indicat
2045 1851 2142 1904 Dei
2181 1867 2449 1915 ascensus,
2489 1865 2586 1905 ceu
2629 1849 2844 1905 animus
2882 1849 2950 1904 ad
2991 1847 3256 1917 superbia.-
3292 1847 3381 1915 [a-

1796 1943 1952 2011 stigia
1990 1941 2183 1994 elatus.
2241 1940 2306 1994 Et
2361 1941 2542 1997 Jassa.
2589 1941 2700 1996 Etsi
2745 1939 2956 1994 videtur
3003 1953 3126 1994 esse
3182 1938 3382 2008 factum

1795 2043 2132 2102 praceptum,
2176 2043 2355 2085 tamen
2386 2048 2576 2087 revera
2611 2040 2936 2101 praeceptum
2969 2031 3245 2100 impletum
3274 2047 3380 2085 non

1795 2131 1913 2176 est:
1945 2126 2038 2176 sed
2062 2133 2144 2177 est
2178 2123 2452 2177 simulatio
2483 2123 2730 2192 quaedam
2761 2122 3052 2192 diligentia:
3081 2121 3226 2176 circa
3255 2120 3382 2176 vita

1795 2215 2098 2279 rationem;
2150 2230 2252 2284 qua
2288 2231 2450 2283 prava
2502 2217 2824 2270 documenta
2875 2214 2944 2269 ab
2986 2214 3170 2268 animo
3210 2227 3380 2282 pravo

1793 2318 2065 2374 suggestu,
2096 2308 2306 2361 suaderi
2340 2317 2390 2360 et
2412 2307 2586 2377 excipi
2623 2315 2843 2375 queant.
2880 2305 3011 2360 Eam
3042 2305 3110 2361 ob
3154 2319 3374 2361 causam

1791 2400 1994 2454 dictum
2021 2408 2102 2452 est
2125 2415 2286 2468 supra
2328 2398 2487 2452 Vsus.
2533 2397 2600 2458 2;
2631 2397 2820 2452 Omnia
2855 2395 3070 2452 brachia
3103 2397 3298 2462 excisa,
3321 2401 3383 2450 ut

1791 2491 1834 2544 si
1868 2491 1990 2558 quis
2027 2490 2199 2544 tualus
2231 2490 2486 2558 magister
2514 2489 2861 2559 opinionibus
2909 2488 3064 2544 falsis
3105 2487 3384 2556 deceperit

1793 2591 2122 2634 sectatorum
2163 2580 2396 2641 animus,
2431 2581 2526 2633 sed
2566 2581 2876 2634 accuratius
2902 2579 3023 2633 vita:
3069 2578 3377 2632 institutum

1795 2670 2042 2740 amplecti
2071 2671 2335 2734 videatur,
2368 2681 2546 2724 tamen
2579 2670 2612 2724 ii
2640 2685 2771 2740 quos
2795 2671 3044 2740 paenituit
3085 2667 3376 2723 adlmsisso

1791 2761 2056 2830 ejusmodi
2107 2763 2388 2831 magistro,
2432 2774 2676 2818 rcseccnt
2717 2780 2811 2818 sua
2861 2765 3100 2832 ipsomm
3133 2760 3377 2826 brachia,

1791 2854 1894 2908 hoc
1923 2865 2028 2917 est,
2053 2854 2264 2908 vivendi
2291 2869 2459 2923 genus
2485 2853 2773 2924 praticum.
2794 2853 3056 2908 Cmterum
3085 2852 3382 2907 detondent

1787 2945 1902 3014 ejus
1932 2947 2085 3017 quasi
2120 2961 2355 3010 comam,
2401 2959 2631 3014 eamque
2684 2960 2714 2999 a
2746 2960 2844 3000 suo
2891 2959 3119 3014 corpore
3163 2959 3382 3014 separa-

139 3055 213 3092 ται
238 3039 288 3093 δὲ
317 3040 474 3094 αὑτοῦ
501 3039 666 3095 οἱονεὶ
693 3039 892 3110 κόμην,
916 3038 1010 3092 καὶ
1030 3035 1446 3107 ἀλλοτριώσουσι
1464 3035 1573 3106 (54)
1591 3035 1684 3088 τοῦ

1819 3046 1957 3091 lunt:
1991 3037 2425 3106 quandoquidem
2459 3038 2550 3106 qui
2584 3039 2794 3107 corpori
2831 3036 3196 3106 Ecclesiarum
3237 3051 3380 3106 pra:-

141 3129 320 3183 ἑαυτῶν
349 3131 633 3200 σώματος·
671 3131 804 3184 διότι
837 3130 960 3183 ἀντὶ
994 3129 1235 3198 κεφαλῆς
1277 3132 1416 3182 εἰσιν
1451 3130 1499 3181 οἱ
1557 3146 1687 3200 προ-

141 3221 344 3286 εστῶτες
371 3223 463 3276 τοῦ
501 3222 756 3292 σώματος
784 3222 893 3274 τῶν
937 3221 1293 3292 Ἐκκλησιῶν.
1323 3221 1427 3274 Καὶ
1453 3221 1548 3273 νῦν
1581 3222 1689 3275 τοί-

142 3327 220 3364 νυν
262 3313 433 3367 Ἰασσὰ
474 3315 752 3385 κέκραγεν
774 3329 787 3342 ⁸
835 3315 917 3367 ὅτι
942 3313 1132 3384 δέλεάρ
1162 3316 1275 3388 ἐστι
1302 3313 1438 3383 πρὸς
1462 3312 1557 3384 τὴν
1588 3312 1688 3383 τῆς

143 3401 363 3473 ἀληθείας
389 3406 727 3476 πιθανότητα
751 3408 782 3476 ἡ
813 3404 955 3458 κατὰ
975 3406 1071 3475 τὴν
1097 3405 1367 3458 πολιτείαν
1389 3404 1689 3457 ἐπιδεικνυ-

145 3492 384 3565 μένηιδὸ)
413 3496 693 3568 ἀκρίϐεια.
740 3496 910 3549 Τοῦτο
957 3493 1049 3548 οὖν
1105 3497 1222 3548 ἐστι
1272 3497 1333 3548 τὸ
1381 3494 1550 3548 αἴτιον
1592 3493 1686 3547 τοῦ

143 3580 377 3648 ὀλολύζειν
407 3586 546 3657 μετὰ
573 3586 852 3656 κλαυθμοῦ
876 3630 890 3652 ,
925 3588 1006 3640 ὅτι
1033 3588 1300 3656 κέκραγεν
1338 3586 1569 3639 Ἐσεϐὼν
1595 3587 1687 3639 καὶ

154 3672 345 3747 Ἐλεαλὴ
365 3677 465 3742 ἕως
497 3679 702 3732 Ἰασσά.

198 3782 305 3837 297.
337 3787 435 3841 Διὰ
461 3787 642 3842 τοῦτο
675 3788 712 3854 ἡ
743 3787 940 3856 ὀσφὺς
977 3787 1086 3855 τῆς
1127 3789 1491 3854 Μωαϐίτιδος
1541 3787 1684 3856 βοᾷ.

155 3871 208 3927 Ἦ
233 3879 395 3946 ’ὀσφὺς
425 3878 694 3950 πολλαχοῦ
730 3880 849 3935 ἀντὶ
884 3879 992 3932 τῶν
1036 3881 1368 3951 γεννητικῶν
1417 3880 1688 3951 λαμϐάνε⁹

145 3980 241 4018 ται·
275 3971 386 4024 Ἔτι
415 3971 524 4041 γὰρ
560 3971 632 4024 ἐν
664 3969 739 4038 τῇ
769 3971 957 4038 ὀσφύϊ
979 3971 1086 4024 τοῦ
1127 3971 1350 4038 πατρὸς
1388 3971 1574 4026 αὐτοῦ
1610 3967 1690 4042 ἦν

145 4056 430 4128 (δηλονότιὸ
482 4063 616 4118 Acut
668 4062 762 4116 τοῦ
809 4062 1102 4133 Ἀϐραὰμ),
1151 4063 1249 4116 ὅτε
1298 4065 1688 4132 συνήντησεν

144 4151 278 4217 αὐτῷ
302 4155 690 4226 Μελχισεδέκ.
713 4155 825 4210 Καὶ
857 4157 1170 4210 Ἔστωσαν
1192 4159 1250 4208 αἱ
1277 4158 1503 4226 ὀσφύες
1522 4155 1688 4226 ὑμῶν

144 4243 584 4316 περιεζωσμέναι.
649 4247 892 4317 Νοοῦμεν
915 4288 930 4310 ,
964 4248 1048 4301 ὃτι
1081 4247 1382 4302 αἰνίσσεται
1414 4248 1686 4302 συστεῖλαι

144 4328 224 4394 τὰς
248 4336 318 4399 εἰς
349 4337 594 4409 γέννησιν
623 4336 1001 4410 ὑπουργούσας
1033 4339 1262 4410 ὀρέξεις.
1330 4339 1402 4392 Τὸ
1433 4335 1526 4392 οὖν
1560 4340 1686 4392 πέν-

1795 3128 2068 3192 ίὶι·ἱυιιιιιι·,
2127 3129 2286 3181 iidem
2333 3126 2454 3182 loco
2500 3127 2693 3197 capitis
2744 3135 2890 3183 sunt.
2943 3127 3128 3198 Itaque
3176 3127 3379 3183 clamat

1790 3221 2086 3272 etiamnum
2115 3217 2300 3284 Jassa,
2353 3220 2495 3288 quod
2546 3219 2735 3288 ingens
2777 3220 3012 3275 studium
3063 3220 3209 3275 circa
3254 3220 3378 3276 vita

1791 3309 2055 3362 rationem
2105 3310 2428 3374 adhibitum,
2474 3308 2696 3364 illicium
2730 3310 2998 3379 quoddam
3047 3310 3120 3365 sit
3149 3309 3217 3364 ad
3252 3325 3376 3380 per-

1791 3401 2117 3454 suadendum
2144 3403 2448 3460 veritatem.
2480 3404 2602 3459 llaac
2631 3413 2714 3459 est
2748 3405 2911 3471 igitur
2942 3417 3104 3457 causa
3134 3402 3372 3472 ejulandi

1790 3505 1911 3542 cum
1938 3491 2178 3559 planctu,
2202 3495 2344 3562 quod
2372 3493 2626 3548 clamavit
2663 3491 2874 3550 Esebon
2899 3501 2954 3548 et
2985 3491 3167 3548 Eleale
3206 3506 3377 3562 usque

1790 3579 1940 3635 .Iassa

1859 3779 1985 3835 εει.
2043 3779 2266 3850 Propter
2307 3784 2405 3836 hac
2457 3783 2664 3838 lumbus
2711 3782 3021 3839 Moabitidis
3072 3784 3280 3840 clamat.
3314 3785 3372 3841 In

1739 3875 2062 3943 'plerisque
2121 3875 2255 3929 locis
2320 3875 2533 3932 lumbus
2597 3875 2830 3930 sumitur
2894 3892 2993 3949 pro
3047 3875 3370 3947 genitalibus

1790 3968 2084 4023 membris:
2133 3969 2320 4022 Adhuc
2369 3970 2507 4022 enim
2557 3970 2611 4024 in
2659 3971 2848 4026 lumbis
2898 3971 3067 4040 patris
3114 3969 3202 4026 sui
3235 3979 3373 4036 erat,

1789 4060 2040 4113 nimirum
2099 4059 2225 4115 Levi
2285 4060 2428 4115 ﬁlius
2483 4061 2750 4127 Abrahae,
2806 4063 3017 4132 quando
3069 4063 3292 4116 obviavit
3323 4063 3372 4117 ei

1792 4153 2170 4208 Melchisedech
2201 4155 2266 4208 “.
2316 4153 2404 4222 Et,
2447 4155 2552 4209 sint
2597 4155 2762 4210 lumbi
2795 4156 2948 4212 vestri
2997 4156 3264 4224 pracincti
3305 4157 3369 4210 ".

1789 4245 2136 4318 lntelligimus
2207 4245 2478 4312 indicari,
2545 4249 2814 4318 appetitus
2881 4249 2970 4320 qui
3033 4248 3372 4318 generationi

1790 4336 2158 4404 subserviunt,
2202 4338 2575 4408 reprimendas
2604 4356 2744 4396 esse.
2779 4340 2983 4396 Luctus
3023 4341 3186 4410 igitur
3217 4338 3370 4394 Moa-

144 4415 220 4484 θος
246 4423 299 4475 τὸ
327 4428 666 4498 ἐπικείμενον
701 4431 765 4498 τῇ
814 4427 1144 4490 Μωαϐίτιδι,
1199 4426 1370 4481 αίτιον
1407 4427 1686 4498 γινόμενον

1819 4430 1942 4484 υἱιὶόί
1974 4431 2279 4496 imminens,
2309 4432 2398 4501 qui
2443 4447 2604 4486 causa
2644 4443 2731 4488 est
2770 4445 2823 4489 et
2853 4435 3006 4504 origo
3043 4433 3371 4488 continentis

143 4513 220 4565 τοῦ
252 4516 509 4590 σώφρονος
534 4520 670 4591 βίου,
704 4520 802 4590 βοᾷ
829 4520 919 4572 ἐπὶ
941 4523 1005 4591 τῇ
1029 4521 1140 4591 (56)
1175 4523 1390 4592 κραυγῇ
1416 4520 1512 4591 τῆς
1540 4521 1690 4574 Ἐσε-

146 4599 236 4654 ϐὼν
262 4609 346 4660 καὶ
383 4609 604 4680 Ἐλεαλὴ
643 4611 736 4663 και⁹
777 4610 978 4663 Ἰασσά.
1017 4611 1076 4664 Ἠ
1101 4611 1272 4680 ψυχὴ
1294 4609 1504 4679 αὐτῆς,
1530 4612 1684 4681 φησὶ,

144 4693 418 4766 γνώσεται,
457 4701 596 4769 Ἤδη
632 4701 915 4772 προκοπὴν
953 4701 1060 4753 τῶν
1088 4701 1158 4754 τὰ
1191 4703 1564 4773 προειρημένα
1594 4703 1686 4754 ἐπὶ

147 4783 199 4851 τῇ
231 4792 467 4862 μετανοίᾳ
527 4791 902 4862 πεποιηκότων
959 4793 985 4844 ὁ
1040 4791 1196 4860 λόγος
1249 4791 1518 4862 ἐμφαίνει.
1551 4792 1681 4854 Καὶ,

209 4994 247 5026 ⁸⁸
269 4998 301 5050 ΙΙ
323 4999 440 5056 Cor.
477 5018 531 5068 ι,
560 5001 610 5055 5.
690 5003 728 5034 ⁸¹
765 5002 926 5056 "chr.
965 5019 1052 5063 vn,
1085 5001 1163 5054 l0.
1245 5002 1286 5032 "
1316 5001 1442 5056 Luc.
1468 5018 1564 5067 xu,
1590 5003 1677 5057 55.

110 5257 113 5260 -
205 5220 301 5288 (29)
329 5224 546 5283 Codices
583 5238 708 5285 tres.
734 5230 827 5284 καὶ
858 5231 970 5283 ἐπί.

205 5290 304 5360 (30)
335 5295 487 5370 Edidi,
520 5298 754 5370 Ἐσεϐὼν
789 5302 882 5354 καὶ
924 5299 1148 5370 Ἐλεαλὴ
1172 5301 1275 5362 ἓως
1314 5300 1515 5353 Ἰασσά.
1571 5299 1675 5354 Sed

149 5356 242 5439 ma.
274 5356 607 5439 iul-_’_Elsa.iti;
632 5370 736 5424 ἕως
774 5371 979 5433 Ίασσά,
1017 5374 1065 5422 in
1101 5356 1232 5422 nlss.
1259 5356 1369 5426 ιιοιι
1399 5370 1678 5439 reperiun-

149 5434 514 5514 wri-oblidque
543 5434 765 5514 delenda
792 5442 1158 5514 indicavimus

334 5503 502 5580 (god—ex
529 5524 687 5580 unus,
722 5503 814 5580 έπὶ
843 5509 911 5564 τὰ
936 5509 1137 5580 ὑψηλά.

226 5571 552 5652 32)_A_ntiqui
581 5571 691 5652 tres
719 5579 863 5652 libri,
894 5571 1238 5650 πειρασμῶν.
1272 5577 1476 5652 Ibidem
1521 5579 1673 5644 editi,

257 5635 610 5720 τοῇὲναντίου,
637 5648 702 5702 ab
726 5635 900 5704 animo
923 5635 1156 5705 (ιίιὶνρτεὶ).
1184 5654 1249 5706 At
1269 5650 1503 5720 quinque
1519 5635 1674 5714 mSS-i

145 5703 232 5761 ua
267 5711 349 5766 τοῦ
375 5730 503 5788 πονη
511 5703 620 5790 ρού.

1789 4529 1842 4574 et
1871 4521 2078 4589 pudicae
2103 4522 2250 4584 vitae.
2275 4522 2473 4578 clamat
2507 4523 2579 4578 ob
2604 4523 3046 4582 vociferationem
3073 4523 3284 4580 Esebon
3315 4533 3370 4578 et

1787 4611 1968 4666 Eleale
1997 4612 2245 4669 etJassa.
2280 4615 2470 4669 Anima
2505 4615 2643 4683 ejus,
2693 4615 2887 4684 inquit,
2924 4625 3215 4686 cognoscet.
3248 4613 3366 4668 Jatn

1788 4705 2067 4774 Scriptura
2106 4721 2452 4776 progressum
2479 4706 2718 4762 ostendit
2747 4721 2956 4771 eorum,
2985 4709 3076 4776 qui
3106 4708 3362 4777 przedicta

1786 4812 1882 4866 per
1915 4797 2292 4868 pmnitentiam
2334 4801 2574 4855 exsecuti
2603 4810 2749 4855 sunt.
2787 4799 2854 4854 Et
2913 4799 3019 4856 Cor
3057 4799 3364 4854 Moabitidis

1857 5230 1966 5301 ('53)
2017 5229 2176 5301 Editi,
2229 5231 2501 5300 προέχειν.
2554 5229 2700 5301 Libri
2753 5237 3149 5301 veteres,_npo

1859 5299 1984 5371 ('54),
2013 5300 2176 5371 Editi,
2201 5299 2604 5371 ἀποκείρωνται
2632 5299 2688 5353 δὲ
2719 5300 2944 5361 ἑαυτοὺς
2977 5299 3138 5351 οἱονεὶ
3167 5299 3365 5371 κόμην,

1785 5372 1877 5424 καὶ
1909 5369 2330 5439 ἀλλοτριώτωσι.
2365 5367 2434 5424 Αἰ
2464 5372 2630 5425 nostri
2654 5371 2891 5440 quinque
2923 5385 3050 5424 mss.
3080 5379 3137 5422 ut
3170 5367 3224 5420 in
3242 5367 3370 5421 cuu-

1787 5450 1954 5494 textu.

1860 5510 1972 5580 (55)
2027 5511 2254 5566 Codices
2287 5511 2513 5577 aliquot,
2546 5507 2951 5580 ὲνδεικνυμένη.
2983 5507 3092 5562 Nec
3120 5508 3194 5562 ita
3224 5506 3363 5560 mul-

1789 5587 1844 5635 to
1872 5578 2005 5647 post
2036 5582 2186 5647 editi,
2219 5583 2247 5634 ὁ
2274 5580 2469 5650 ὀσφύς.
2490 5583 2559 5634 At
2585 5595 2738 5650 mss.,
2767 5578 3009 5650 ὴόσφύς.

1858 5650 1970 5719 (36';
2033 5651 2249 5720 Antiqui
2286 5649 2390 5706 duo
2420 5649 2566 5715 libri,
2596 5649 2713 5720 τῆς.
2756 5649 2858 5702 Alii
2884 5661 2992 5703 tres
3028 5665 3147 5705 cum
3172 5649 3359 5712 editis,

3155 5226 3357 5312 σέχειν.
