3810 6214
407 253 514 309 6'39

1366 258 1709 315 APPENDIX
1752 260 2038 320 OPEBUM
2074 257 2132 314 S.
2174 257 2422 313 BASILII
2463 256 2697 313 MAGNL

3565 262 3671 318 040

410 364 611 418 clamat
649 364 704 418 in
752 381 806 419 se
852 366 1113 437 usquead
1147 367 1333 437 Segor.
1379 371 1474 424 Est
1523 380 1702 426 autem
1744 374 1917 443 Segor
1946 373 1975 427 is

2107 369 2168 424 'H
2186 370 2396 438 καρδία
2417 369 2528 438 τῆς
2554 368 2917 434 Μωαϐίτιδος
2944 336 3067 437 ,εοᾷ
3087 369 3156 424 ἐν
3197 370 3397 440 ἑαυτῆ
3417 368 3526 443 (57)
3559 373 3669 440 ἕως

410 455 529 525 ipse
574 458 720 511 locus
749 459 813 511 ad
857 472 1017 527 quem
1062 458 1163 513 Lot
1213 475 1243 513 e
1275 459 1526 516 Sodomis
1555 478 1824 532 egressus,
1865 480 1987 535 per-

409 547 596 602 venire
629 549 816 616 potuit.
851 549 1113 604 Volebant
1146 551 1288 604 enim
1340 552 1515 620 angeli
1566 555 1619 608 in
1666 565 1901 609 montem
1929 565 1988 610 ut

394 640 835 706 conscenderet,
890 641 1050 709 eique
1108 643 1397 699 dicebant:
1455 644 1670 700 Salvam
1719 646 1805 715 fac
1841 659 1986 701 tuam

408 727 573 793 ipsius
629 731 880 785 animum.
956 731 1040 786 Ne
1118 736 1368 803 respicias
1413 746 1600 791 re!ro:-
1638 752 1731 791 nec
1788 747 1890 793 sm
1931 740 1988 793 in

409 817 552 869 omni
582 818 980 888 circnmjacente
1007 823 1231 891 regione.
1266 822 1332 876 In
1370 838 1593 878 montem
1623 836 1672 879 te
1709 828 1896 895 recipe,
1924 842 1987 881 ne

409 906 544 976 forte
562 910 718 964 simul
737 914 1206 978 comprehendaris.
1240 914 1339 968 Ille
1365 932 1536 970 autem
1568 917 1701 971 dixit
1719 918 1984 987 εραωεο,

406 996 665 1064 Domine,
703 1018 767 1055 ne
801 1006 1185 1073 appreltcndant
1221 1022 1301 1059 me
1338 1008 1448 1061 [nec
1485 1008 1644 1069 mala,
1681 1018 1728 1062 et
1766 1009 1984 1062 moriar.

407 1089 543 1145 Ecce
592 1095 782 1148 civitas
824 1099 935 1149 hare
979 1112 1136 1164 prope
1175 1107 1270 1162 est,
1314 1109 1368 1151 ut
1398 1099 1694 1169 confugiam
1736 1116 1829 1169 ego
1862 1102 1981 1155 huc.

407 1181 597 1238 Nonne
617 1201 778 1254 parva
803 1197 877 1240 est
898 1188 921 1240 ?
946 1187 1013 1242 Et
1038 1191 1165 1243 vivet
1189 1192 1366 1244 anima
1391 1208 1502 1245 mea
1529 1192 1594 1246 ³³.
1624 1192 1753 1246 Eam
1779 1193 1846 1245 ob
1874 1207 1982 1246 rem

404 1288 656 1331 vocatum
692 1290 776 1334 est
805 1296 997 1336 nomen
1040 1285 1219 1349 urbis,
1271 1282 1479 1355 Segor:
1518 1285 1622 1339 hoc
1658 1293 1773 1349 est,
1803 1301 1982 1353 pana.
2018 1326 2027 1337 .

402 1367 614 1424 Clamat
647 1370 807 1438 igitur
834 1386 929 1426 cor
974 1373 1277 1428 Moabitidis
1306 1390 1475 1442 usque
1522 1374 1597 1430 ad
1620 1374 1810 1447 Segor,
1866 1391 1984 1445 qua:

403 1474 548 1514 nunc
582 1462 634 1514 in
664 1460 965 1518 Palaestinae
990 1463 1186 1521 ﬁnibus
1200 1464 1364 1534 jacet.
1393 1465 1679 1522 Strenuam
1712 1468 1891 1537 itaque
1920 1481 1983 1522 ac

403 1550 677 1607 eliicacem
737 1556 1149 1623 pmnitentiam,
1219 1559 1333 1612 sive
1383 1573 1601 1629 gravem
1654 1559 1856 1613 luctum
1913 1559 1983 1613 ob

403 1657 625 1698 suorum
685 1646 1089 1702 maleiactorum
1154 1648 1362 1719 plagam
1416 1650 1619 1705 editum
1670 1652 1742 1706 ob
1796 1651 1981 1706 oculos

2092 464 2316 530 Σηγώρ.
2360 462 2519 514 Ἐστι
2545 460 2602 514 δὲ
2633 462 2665 532 ὴ
2697 460 2892 533 Σηγὼρ
2921 461 3059 533 αὕτη
3079 503 3093 527 ,
3124 461 3254 516 ἔνθα
3285 462 3408 517 Λὼτ
3441 464 3549 518 ἀπὸ
3576 467 3673 518 Σο-

2090 551 2269 621 δόμων
2299 549 2549 617 ὲξελθὼν,
2586 551 2788 621 φθάσαι
2812 552 3114 624 δεδύνηται.
3144 554 3205 606 Οἱ
3237 553 3335 624 μὲν
3363 554 3473 627 γὰρ
3500 556 3671 626 ἄγγε-

2089 641 2170 694 λοι
2193 640 2475 693 ἐϐούλοντο
2502 643 2582 704 είς
2600 641 2661 694 τὸ
2679 642 2804 712 ὅρος
2828 642 3157 705 ἀναϐαίνειν,
3184 643 3278 696 καὶ
3305 639 3458 696 εἷπον
3486 645 3668 716 αὐτῷ·

2087 729 2239 790 Σῶζε
2272 729 2387 798 τὴν
2409 730 2627 785 ἑαυτοῦ
2659 730 2890 799 ψυχήν.
2918 731 3015 799 Μὴ
3047 731 3412 802 περιϐλέψῃς
3453 736 3541 800 εις
3598 736 3673 789 τὰ

2087 822 2312 885 ὀπίσω,
2339 820 2495 890 μηδὲ
2537 820 2691 890 στῆς
2721 823 2790 876 ἐν
2820 823 2987 893 πάσῃ
3015 822 3091 894 τῇ
3123 823 3446 893 περιχώρῳ.
3471 828 3577 892 Eli;
3604 825 3670 879 τὸ

2087 914 2224 981 ὄρος
2251 912 2463 978 σώζου,
2488 912 2720 983 μήποτε
2743 914 3288 983 συμπαραληφθῇς.
3324 915 3386 968 '0
3410 914 3479 968 es
3500 912 3635 969 εἶπε
3652 935 3665 946 ·

2085 1005 2315 1075 Δέομαι,
2341 1008 2536 1075 Κύριε,
2557 1005 2645 1074 μὴ
2679 1004 2981 1075 καταλάϐῃ
3005 1022 3081 1075 με
3108 1005 3180 1058 τὰ
3196 1006 3370 1069 κακὰ,
3396 1007 3495 1060 καὶ
3521 1009 3669 1061 ἀπο-

2085 1097 2263 1152 θάνω.
2311 1096 2458 1151 Ἰδοὺ
2511 1099 2550 1167 ὴ
2597 1098 2774 1164 πόλις
2806 1097 2958 1166 αὕτη
2993 1097 3203 1167 ἐγγὺς,
3238 1098 3351 1152 τοῦ·
3401 1115 3669 1168 καταφυ-

2082 1188 2211 1259 γεῖν
2232 1206 2309 1259 με
2335 1188 2448 1259 (38)
2475 1188 2619 1243 ἐκεῖ.
2665 1192 2757 1243 Οὐ
2774 1189 2959 1259 μικρά
3002 1190 3134 1243 ἐστι
3151 1206 3170 1254 ;
3208 1190 3317 1244 Καὶ
3351 1188 3597 1256 ζήσεται
3627 1190 3666 1258 ἠ

2083 1280 2253 1350 ’ψυχή
2278 1300 2417 1351 μου.
2470 1280 2568 1334 Διὰ
2592 1281 2750 1335 τοῦτο
2777 1281 2980 1353 ἐκλήθη
3003 1282 3064 1335 τὺ
3098 1282 3269 1353 δνομα
3299 1282 3406 1353 τῆς
3432 1281 3666 1347 πόλεως,

2084 1373 2279 1443 Σηγιὶῳ
2298 1390 2312 1403 ο
2339 1372 2603 1436 τουτέστι,
2629 1371 2832 1442 μικρά.
2858 1368 3075 1443 Βοᾷοῦν
3098 1376 3131 1445 ἡ
3154 1373 3349 1445 καρδία
3377 1374 3476 1442 τῆς
3496 1375 3669 1428 Μωα-

2084 1463 2280 1528 ϐίτιδος
2324 1464 2429 1529 ἕως
2474 1463 2668 1535 Σηγὼρ
2692 1504 2708 1526 ,
2747 1465 2870 1536 ἥτις
2919 1465 3012 1519 ἐπὶ
3048 1465 3157 1535 (59)
3186 1468 3300 1530 τοῖς
3347 1464 3517 1538 ὁρίοις
3561 1466 3664 1536 ἥδη

2083 1557 2261 1608 κεῖται
2307 1554 2404 1625 τῆς
2437 1554 2822 1627 Παλαιστίνης.
2864 1555 2975 1625 Τὴν
3002 1552 3103 1609 οὖν
3127 1555 3353 1628 ἰσχυρὰν
3379 1557 3478 1609 καὶ
3511 1554 3668 1609 εὔτο-

2087 1663 2177 1700 νον
2232 1647 2519 1717 μετάνοιαν
2547 1687 2560 1709 ,
2596 1648 2646 1718 ἢ⁴
2667 1646 2759 1700 τὸν
2803 1645 2973 1719 βαρὺν
3018 1647 3213 1719 θρῆνον
3237 1687 3251 1712 ,
3299 1647 3391 1701 τὸν
3422 1648 3534 1701 ἀπὸ
3564 1645 3666 1715 τῆς

401 1747 608 1801 ponens
656 1734 934 1807 Scriptum
960 1779 975 1804 ,
1016 1740 1174 1795 nobis
1222 1740 1836 1811 patefacitintervallum
1868 1783 1883 1807 ,
1916 1744 1975 1795 ad

2107 1738 2298 1810 τληγῆζ
2326 1739 2432 1792 τῶν
2460 1738 2645 1802 κακῶς
2673 1739 2808 1810 αὐτῇ
2844 1738 3247 1811 πεπραγμένων
3264 1778 3279 1802 ,
3320 1738 3668 1809 ἐνδεικνύμε-

402 1825 559 1891 (ιιιοάη
588 1840 756 1896 usque
803 1830 1089 1912 exauditus
1115 1840 1197 1885 est
1229 1830 1536 1886 Moabitidis
1563 1831 1788 1887 clamor.
1821 1832 1975 1904 605

2107 1848 2174 1894 νος
2207 1832 2235 1883 ὁ
2263 1831 2449 1898 λόγος,
2481 1830 2549 1883 τὸ·
2574 1830 2850 1901 διάστημα
2877 1831 3008 1901 ἡμῖν
3030 1830 3351 1899 ὑποφαίνει,
3389 1830 3555 1901 μέχρι
3587 1829 3670 1905 τίέ

399 1912 597 1970 Invitat
637 1928 815 1973 autem
846 1921 1164 1989 paenitentia
1190 1963 1207 1989 ,
1244 1933 1305 1978 ut
1349 1925 1471 1992 quis
1500 1924 1665 1994 prius
1686 1925 1739 1979 in
1776 1941 1836 1981 se
1868 1928 1975 1996 ipso

2107 1940 2173 1986 νος
2205 1922 2443 1992 ἀκουστὴ
2471 1921 2682 1990 γίνεται
2713 1922 2746 1991 ἡ
2776 1919 2872 1991 βοὴ
2896 1920 2997 1992 τῆς
3023 1920 3197 1974 Μωάϐ
3226 1919 3356 1989 (40).
3404 1921 3579 1973 Καλεί
3609 1918 3668 1973 δὲ

400 2006 627 2072 clamet,
683 2023 883 2078 corque
935 2026 1091 2065 suum
1144 2024 1419 2081 conterat;
1475 2015 1669 2071 deinde
1717 2019 1879 2071 etiam
1926 2028 1986 2072 ut

398 2100 731 2166 paenitentiae
772 2116 885 2156 sua:
924 2104 1141 2158 modum
1178 2103 1502 2158 audiendum
1552 2116 1725 2173 curet,
1752 2122 1985 2179 eumque

398 2197 585 2244 notum
631 2190 846 2258 eiiieiat,
893 2194 959 2248 ad
989 2194 1186 2249 bonum
1229 2197 1532 2265 exemplum
1573 2196 1692 2252 aliis
1726 2209 1985 2268 praestan-

396 2279 544 2335 dum.
589 2280 770 2336 Vitula
809 2285 948 2337 enim
988 2285 1147 2338 trima
1189 2287 1433 2347 est,'boc
1461 2296 1566 2353 est,
1614 2289 1848 2359 perfecta
1880 2299 1978 2353 est,

396 2375 538 2441 quod
595 2373 663 2427 ad
717 2383 928 2428 aetatem
982 2376 1205 2435 attinet.
1256 2375 1388 2430 Nam
1438 2378 1598 2432 trima
1653 2379 1816 2433 vitula
1869 2379 1978 2448 jam

396 2477 680 2531 generare,
702 2463 937 2534 iugoque
977 2465 1171 2519 collum
1213 2466 1531 2521 submittere
1560 2477 1754 2537 potest.
1793 2470 1980 2540 itaque

398 2564 457 2607 ut
480 2556 668 2610 doceat
702 2557 753 2611 id
789 2572 1001 2620 eorum,
1033 2559 1123 2627 qui
1159 2560 1399 2613 converti
1435 2570 1678 2629 possunt,
1707 2563 1979 2630 proprium

396 2659 534 2709 esse,
570 2655 627 2701 ut
660 2648 891 2702 humana
936 2659 1092 2703 aetate
1137 2650 1360 2719 perfecti
1397 2652 1505 2704 sint
1539 2661 1594 2706 et
1625 2652 1815 2717 adulti,
1861 2656 1981 2725 pol-

396 2734 649 2805 leantqne
701 2737 940 2804 ratione,
990 2755 1095 2809 qua
1151 2755 1212 2794 se
1255 2741 1497 2795 verilatis
1540 2742 1670 2812 jugo
1718 2745 1983 2810 subjicere

394 2826 624 2894 possint,
648 2828 786 2881 dixit
816 2830 1033 2884 vitulam
1067 2831 1304 2885 trimam.
1334 2831 1437 2899 Qui
1461 2834 1602 2887 enim
1633 2849 1731 2905 per
1767 2846 1979 2893 aetatem

395 2920 631 2974 nondum
702 2932 984 2976 assecutus
1044 2932 1127 2977 est
1182 2923 1474 2978 humanam
1547 2926 1932 2993 perfectionem
1964 2970 1980 2996 ,

393 3013 622 3066 necdum
651 3015 888 3082 possidet
903 3026 1135 3070 mentem
1164 3016 1480 3087 perfectam,
1508 3020 1601 3073 sed
1634 3020 1980 3088 imperfectus

376 3113 478 3158 est
518 3104 589 3159 ob
634 3106 893 3161 minorem
935 3117 1173 3172 aetatem,
1229 3124 1406 3179 neque
1456 3109 1524 3164 ab
1576 3126 1640 3166 co
1692 3114 1979 3182 exiguntur

393 3198 724 3264 pmnilentia:
752 3213 937 3268 Opera.
971 3199 1312 3272 Quapropter
1338 3210 1392 3255 et
1415 3202 1467 3255 in
1490 3201 1683 3258 Genesi
1706 3205 1974 3260 Abraham

391 3299 423 3339 a
466 3286 577 3342 Deo
624 3288 837 3359 signum
881 3291 1213 3360 requirente,
1263 3299 1318 3346 et
1363 3291 1615 3348 dicente:
1672 3294 1980 3353 Dominalor

392 3376 637 3442 Domine,
682 3383 941 3450 quomodo
971 3385 1136 3435 sciam
1171 3398 1252 3436 me
1284 3384 1642 3437 Itwretlilatem
1686 3396 1842 3442 terra:
1869 3404 1979 3442 esse

392 3474 775 3540 accepturum?
833 3473 974 3529 Deus
1028 3476 1213 3533 dixit:
1275 3477 1460 3544 Accipe
1521 3479 1648 3531 mihi
1695 3481 1977 3548 juvencam

394 3562 605 3617 trimam
658 3573 704 3617 et
757 3567 972 3620 arietem
1021 3570 1234 3623 trimum
1277 3570 1322 3602 “
1373 3589 1387 3626 :
1454 3572 1652 3642 quippe
1710 3572 1761 3625 in
1810 3573 1980 3627 tribus

394 3655 553 3707 anuis
620 3655 1003 3722 perfectiOnem
1079 3661 1439 3715 constituebat
1501 3662 1852 3728 animalium,
1925 3674 1979 3718 et

396 3742 646 3798 idoneam
683 3748 977 3814 generandi
1022 3747 1330 3803 facultatem
1363 3749 1613 3818 eligebat.
1644 3749 1748 3803 Sed
1784 3753 1976 3805 turturi

396 3844 451 3887 et
479 3837 742 3891 columba:
772 3840 972 3895 nullum
997 3842 1325 3911 prmscripsit
1359 3847 1618 3910 temporis
1655 3844 1884 3911 spatium
1912 3845 1976 3909 ³⁸,

397 3928 540 3996 quod
576 3929 689 3984 haec
717 3929 969 3985 animalia
1004 3946 1265 4002 generare
1307 3934 1492 3988 statim
1557 3934 1835 3989 incipiant.

470 4130 596 4187 9.98.
648 4130 714 4185 In
757 4149 975 4187 ascensu
1019 4140 1194 4187 autem
1244 4131 1402 4186 Luith
1451 4135 1630 4203 flentes
1680 4135 1975 4190 accendent.

403 4226 586 4281 Fletus
617 4226 1031 4281 bonusinitium
1065 4236 1149 4281 est
1197 4224 1428 4294 laetitia;
1484 4234 1539 4281 et
1588 4226 1829 4293 tristitia,
1862 4242 1981 4296 qua:

400 4316 692 4370 secundum
745 4316 910 4370 Deum
953 4324 1056 4380 est,
1088 4314 1298 4369 initium
1352 4325 1437 4371 est
1469 4327 1746 4380 ascensus,
1776 4323 1830 4368 et
1864 4314 1981 4384 ejus

2085 2016 2125 2086 ἡ
2168 2014 2458 2085 μετάνοια,
2512 2014 2577 2066 τδ
2624 2013 2889 2085 πρότερον
2940 2013 2999 2065 ὲν
3043 2010 3221 2082 ἑαυτῷ
3270 2028 3392 2075 τινα
3446 2010 3664 2082 βοῆσαι,

2085 2108 2177 2161 καὶ
2205 2105 2398 2160 ἑαυτοῦ
2431 2105 2716 2176 συντρῖψαι
2751 2104 2850 2176 τὴν
2877 2103 3137 2177 καρδίαν·
3167 2102 3355 2156 ἔπειτα
3389 2103 3485 2156 καὶ
3522 2103 3666 2172 ὑπὲρ

2080 2198 2175 2251 τοῦ
2207 2198 2386 2261 ἄλλοις
2415 2196 2617 2263 ἀγαθὸν
2652 2195 2904 2264 γενέσθαι
2947 2194 3285 2266 ὑπόδειγμα,
3336 2194 3667 2258 ἐξάκουστον

2084 2283 2278 2336 ἑαυτοῦ
2327 2283 2774 2347 κατασκευάσαι,
2818 2283 2913 2336 καὶ
2944 2282 3296 2354 δημοσιεῦσαι
3321 2283 3412 2336 τὸν
3456 2281 3685 2353 τρόπον.

2081 2377 2180 2445 τῆς
2211 2374 2514 2444 μετανοίας.
2532 2373 2793 2444 Δάμαλις
2809 2374 2919 2443 γὰρ
2945 2375 3178 2444 τριετήζ
3204 2376 3357 2436 ἐστι,
3386 2373 3663 2433 τουτέστι,

2079 2466 2261 2520 τελεία
2315 2467 2434 2519 ἐστὶ
2479 2466 2599 2520 καθ’
2638 2465 2869 2538 ἡλικίαν.
2934 2465 3002 2520 Ἦ
3032 2466 3142 2538 γὰρ
3166 2464 3383 2544 τριετὴς
3426 2463 3669 2533 δάμαλις

2081 2560 2182 2631 ἠδη
2216 2558 2312 2613 τοῦ
2345 2560 2542 2630 γεννᾷν
2591 2559 2822 2630 δύναμιν
2869 2557 3002 2629 ἔχει.
3032 2559 3134 2612 καὶ
3160 2550 3252 2610 τοῦ
3300 2557 3526 2627 ὑπέχειν
3573 2556 3671 2609 τὸν

2080 2652 2348 2724 τράχηλον
2378 2651 2456 2722 τῷ
2487 2651 2656 2722 ζυγῷ.
2694 2652 2812 2704 Ἵνα
2836 2647 2929 2704 οὖν
2959 2649 3107 2723 δείξῃ
3138 2649 3266 2703 ἴδιον
3295 2648 3405 2721 (41)
3433 2646 3549 2700 τῶν
3583 2648 3668 2701 δυ-

2080 2742 2329 2812 ναμένων
2363 2740 2714 2811 ἐπιστρέφειν
2751 2740 2811 2793 τὸ
2840 2738 3219 2792 τετελειῶσθαι
3253 2737 3351 2808 μὲν
3375 2736 3523 2789 κατὰ
3566 2736 3669 2806 τὴν

2078 2832 2172 2887 τοῦ
2202 2831 2487 2903 ἀνθρώπου
2512 2832 2751 2904 ἡλικίαν,
2785 2830 2927 2902 ἔχειν
2952 2831 3009 2884 δὲ
3035 2831 3126 2884 τὸν
3156 2830 3331 2899 λόγον,
3364 2829 3673 2900 δυνάμενον

2082 2924 2395 2979 ὑποϐαίνειν
2435 2923 2514 2995 τῷ
2559 2922 2707 2995 ζυγῷ
2740 2924 2835 2995 τῆς
2866 2922 3123 2994 ἀληθείας
3146 2963 3161 2987 ,
3208 2920 3395 2994 εἴρηκε
3430 2920 3671 2992 δάμαλιν

2080 3015 2286 3088 τριετῆ.
2307 3016 2363 3068 Ὁ
2391 3015 2499 3086 γὰρ
2533 3016 2699 3087 μήπω
2726 3014 2816 3067 διὰ
2844 3014 2946 3084 τῆς
2961 3014 3180 3085 ἡλικίας
3194 3012 3254 3064 τὸ
3273 3010 3670 3082 ἐνοάνθρὼποις

2078 3106 2281 3159 τέλειον
2310 3103 2562 3175 ἐσχηκὼς
2580 3142 2594 3166 ,
2634 3102 2767 3174 μηδὲ
2794 3102 2885 3155 τὸν
2907 3099 3030 3154 νοῦν
3059 3102 3175 3171 ἀπη
3185 3098 3469 3171 ρτισμένον
3496 3097 3664 3167 ἔχων,

2079 3197 2194 3250 ἀλλ’
2217 3196 2414 3268 ἀτελής
2441 3197 2557 3249 ἐστι
2584 3195 2674 3248 διὰ
2700 3194 3041 3266 σμικρότητα
3059 3233 3073 3254 ,
3101 3193 3221 3246 οὐδὲ
3247 3193 3562 3244 ἀπαιτεῖται
3596 3189 3681 3241 τὰ·

2080 3289 2215 3362 ἔργα
2264 3290 2365 3359 τῆς
2420 3286 2726 3359 μετανοίας.
2813 3286 2903 3339 Διδ
2949 3286 3043 3339 καὶ
3082 3288 3140 3339 ὲν
3184 3288 3250 3356 τῇ
3301 3283 3523 3337 Γενέσει
3569 3282 3666 3335 τοῦ

2092 3380 2341 3451 Ἀϐραὰμ
2368 3377 2657 3450 ζητοῦντος
2703 3379 2928 3447 σημεῖον
2962 3379 3114 3447 παρὰ
3141 3375 3233 3429 τοῦ
3262 3373 3418 3435 Θεοῦ,
3452 3373 3551 3426 καὶ
3575 3371 3665 3425 λέ·-

2079 3486 2295 3539 γοντος’
2325 3470 2600 3523 Δέσποτα
2651 3469 2860 3536 Κύριε,
2910 3466 3062 3520 κατὰ
3115 3466 3172 3519 τι
3200 3464 3537 3535 γνώσομαι,
3576 3463 3679 3515 ὅτι.

2080 3561 2516 3631 κληρονομήσω
2564 3559 2681 3628 τὴν
2706 3558 2860 3630 γῆνς
2915 3555 3066 3612 εἶπεν
3099 3558 3209 3629 (42)
3240 3557 3269 3610 ὁ
3305 3556 3439 3619 856;
3461 3571 3476 3584 '
3506 3554 3679 3609 Λάϐε-ι

2074 3673 2175 3724 μοι
2206 3654 2465 3723 δάμαλιν
2490 3651 2897 3721 τριετίζουσαν
2926 3652 3024 3705 καὶ
3063 3650 3232 3719 κριὸν
3271 3647 3663 3717 τριετίζοντα·

2079 3747 2139 3800 ὲν
2161 3748 2273 3808 τοῖς
2299 3745 2477 3817 τρισὶν
2505 3744 2649 3797 ἔτεσι
2681 3743 2742 3797 τὸ
2764 3744 2968 3797 τέλειον
2991 3743 3100 3797 τῶν
3126 3741 3279 3807 ζώων
3309 3741 3404 3794 καὶ
3435 3740 3497 3793 τὸ
3524 3739 3666 3810 πρὸς

2081 3841 2335 3910 γέννησιν
2388 3838 2693 3909 ἐπιτήδειον
2740 3835 3114 3907 ἐκλεγόμενος.
3199 3832 3451 3905 Τρυγόνα
3477 3831 3537 3885 δὲ
3570 3833 3665 3884 καὶ

2081 3927 2410 4000 περιστερὰν
2435 3929 2612 4000 χρόνῳ
2641 3928 2702 3980 οὐ
2742 3926 3079 3998 περιέγραψε
3109 3966 3123 3989 ,
3172 3925 3260 3979 διὰ
3309 3924 3372 3977 τὸ
3400 3923 3566 3987 εὐθὺς
3596 3922 3680 3975 τὼ

2082 4018 2196 4083 ζῶα
2229 4020 2400 4074 ταῦτα
2430 4020 2527 4092 τῆς
2563 4022 2869 4091 γεννήσεως
2902 4018 3185 4090 ἄρχεσθαι.

2150 4132 2275 4188 298.
2308 4131 2439 4186 Ἐπὶ
2458 4123 2664 4200 δὲ’τῆς
2690 4130 3039 4196 ἀναϐάσεως
3061 4129 3171 4199 τῆς
3197 4127 3381 4183 Λουῒθ
3416 4128 3666 4180 κλαίον-

2082 4242 2180 4291 τες
2200 4223 2622 4292 ἀναϐήσονται.
2664 4223 2830 4295 Ἀρχὴ
2856 4220 3193 4296 εὐφροσύνης
3220 4219 3337 4273 ἐστὶ
3368 4219 3428 4272 τὸ
3454 4218 3667 4271 κλαίειν

2083 4315 2285 4380 καλῶς,
2347 4316 2442 4368 καὶ
2490 4314 2807 4376 ἀναϐάσεως
2843 4313 2937 4367 καὶ
2984 4309 3269 4383 προκοπῆς
3320 4308 3418 4379 τῆς
3459 4309 3553 4361 ἐπὶ
3597 4306 3666 4359 τὰ

296 4460 299 4461 ν
399 4408 490 4476 qui
522 4408 588 4463 ad
614 4421 847 4477 superna
877 4406 935 4461 iit
965 4419 1306 4476 progressus.
1330 4405 1693 4472 Quamobrem
1743 4417 1800 4461 et
1834 4408 1975 4476 Apo-

2107 4405 2228 4470 ἱνω,
2264 4406 2298 4475 ἡ
2340 4403 2480 4458 κατὰ
2505 4402 2639 4457 Θεὸν
2682 4402 2941 4474 γινομένη
2972 4400 3139 4472 λύπη.
3198 4398 3288 4452 Διὸ
3316 4399 3413 4452 καὶ
3438 4399 3467 4451 ὁ
3504 4396 3668 4449 Ἀπό-

400 4500 571 4553 stolus
595 4500 811 4554 laetatur
841 4514 1005 4554 causa
1037 4514 1244 4560 eorum,
1264 4499 1352 4566 qui
1399 4496 1613 4553 fuerant
1656 4498 1978 4565 contristati,

401 4605 525 4643 cum
557 4590 763 4643 videret
807 4602 902 4644 eos
930 4589 1042 4643 suis
1073 4588 1244 4657 ipsius
1285 4588 1628 4644 sermonibus
1664 4588 1729 4642 ad
1760 4604 1977 4644 suorum

402 4682 716 4736 delictorum
751 4681 1137 4737 conscientiam
1173 4679 1338 4735 fuisse
1365 4681 1646 4743 adductos,
1686 4689 1739 4732 et
1772 4680 1835 4733 ad
1857 4695 1976 4735 eam

402 4790 523 4844 qua:
536 4775 828 4830 secundum
860 4774 1026 4829 Deum
1043 4781 1126 4828 est
1148 4772 1423 4828 tristitiam
1443 4771 1689 4826 inductos
1703 4772 1769 4839 “,
1788 4771 1977 4826 videli-

477 4974 522 5006 ¹³
566 4974 701 5029 Gen.
751 4989 860 5038 six,
915 4973 1093 5027 i7-20.
1180 4971 1222 5006 "’
1247 4972 1384 5030 Gen.
1416 4988 1508 5038 xv,
1542 4973 1597 5037 8,
1626 4972 1681 5027 9.
1759 4974 1802 5005 “'
1840 4972 1969 5029 ibid.
1996 4973 2047 5029 9.

472 5191 585 5264 ('57)
616 5191 794 5264 Codex
847 5206 986 5264 unus
1011 5205 1136 5264 cum
1166 5189 1350 5253 editis,
1396 5190 1455 5264 ἐν
1482 5192 1643 5262 αὐτῇ.
1699 5190 1975 5264 Alii_qna-

401 5258 545 5325 tuor,
566 5258 574 5263 ’
596 5263 655 5315 ὲν
703 5263 892 5332 ἑαυτῇ.
927 5261 1078 5332 ijaud
1115 5259 1270 5329 longe
1292 5262 1461 5314 nostri
1490 5258 1644 5326 mss),
1670 5261 1766 5314 καὶ
1786 5258 1938 5315 εἶπον

402 5332 573 5403 αὐτῷ.
604 5332 769 5403 Editi,
797 5327 892 5386 κάι
914 5327 1094 5403 εῐπαν.

477 5398 586 5473 (58)
620 5401 696 5473 Ita
718 5414 951 5473 uterque
983 5398 1227 5473 Combel'.
1255 5406 1310 5452 et
1330 5398 1422 5473 alii
1455 5409 1566 5452 tres
1599 5399 1836 5473 codices.
1862 5399 1979 5473 Vox

410 5467 578 5538 pein'
597 5472 758 5526 editis
786 5467 1146 5526 desideratur.
1185 5467 1320 5523 Nota
1350 5469 1790 5538 interrogationis
1809 5469 1976 5538 {apud

452 5541 551 5595 XX
598 5543 838 5611 ponitur,
888 5543 989 5595 hoc
1021 5540 1180 5594 modo
1215 5539 1348 5611 :_O:’i_
1372 5540 1546 5611 μικρά
1585 5540 1732 5611 eum;
1762 5539 1979 5611 _Nonne

409 5628 569 5680 parva
595 5608 671 5665 est
688 5613 714 5667 ?
740 5610 846 5666 Sed
874 5624 976 5665 nec
1002 5611 1228 5665 Ducaeus
1246 5608 1300 5663 in
1333 5608 1516 5680 Regiis
1545 5610 1658 5663 suis
1679 5609 1976 5676 codicibus,

412 5698 511 5735 nec
539 5698 640 5738 nos
667 5681 721 5737 in
753 5681 953 5737 nostris
986 5680 1146 5736 talem
1175 5688 1357 5735 notam
1397 5679 1719 5736 invenimus.

2086 4493 2270 4558 στολος
2300 4493 2646 4565 εὐφραίνεται
2676 4492 2785 4565 (45)
2811 4492 2919 4546 ἀπὸ
2945 4490 3052 4544 τῶν
3080 4488 3434 4560 λυπουμένων
3454 4526 3469 4549 ,
3520 4486 3665 4557 ὁρῶν

2084 4589 2164 4649 εἰς
2198 4584 2547 4655 συναίσθησιν
2599 4584 2830 4653 ἄγοντας
2877 4585 3002 4646 τοὺς
3049 4578 3242 4633 ἑαυτοῦ
3291 4578 3520 4647 λόγους,
3572 4576 3666 4629 καὶ

2087 4673 2544 4746 ἐνεργαζομένους
2576 4675 2760 4737 αὐτοῖς
2788 4673 2886 4744 τὴν
2918 4671 3057 4726 κατὰ
3100 4669 3233 4723 Θεὸν
3271 4667 3453 4740 λύπην
3500 4666 3669 4737 μετά-

2084 4786 2239 4824 νοιαν
2266 4770 2344 4831 εἰς
2376 4768 2649 4838 σωτηρίαν
2687 4767 3117 4839 ἀμεταμέλητον.
3155 4764 3218 4817 Οἱ
3248 4763 3357 4835 γὰρ
3386 4761 3673 4826 κλαίοντες

2164 4970 2207 5002 ¹⁶
2238 4971 2274 5027 ll
2306 4970 2433 5026 Cor.
2466 4986 2560 5035 vn,
2590 4970 2644 5026 9.

2155 5191 2268 5261 (39)
2287 5191 2514 5248 Codices
2549 5189 2772 5261 aliquot.
2806 5189 2882 5261 ἐν.

2179 5257 2269 5331 40)
2310 5263 2491 5316 Codex
2518 5257 2677 5331 unus,
2706 5257 3190 5331 τῆς-Μωαϐίτιδος.

2156 5192 2247 5261 (39
2287 5192 2514 5248 Codices
2549 5192 2772 5259 aliquot.
2806 5192 2882 5243 ἐν.

2179 5263 2248 5316 40
2310 5263 2491 5316 Codex
2518 5277 2677 5322 unus,
2706 5260 2805 5331 τῆς
2832 5257 3190 5320 Μωαϐίτιδος.

2156 5192 2269 5405 (ΗΞ
2297 5332 2460 5399 Editi,
2489 5332 2571 5385 ὅτι
2604 5330 2752 5383 ἴδιον.
2792 5327 2906 5383 Vox
2936 5329 3017 5381 ὅτι
3050 5331 3101 5381 in
3138 5344 3268 5385 mss.
3310 5342 3416 5381 non
3464 5325 3670 5399 reperi-

2084 5409 2497 5540 wlii‘ZWcteres
2525 5478 2758 5540 quatuor
2790 5467 2934 5540 libri,
2967 5483 3119 5519 ειπεν
3148 5466 3229 5540 δέ.
3369 5490 3380 5502 ο

2160 5472 2248 5540 (42
2276 5472 2497 5529 Veteres
2525 5478 2758 5540 quatuor
2790 5472 2934 5534 libri,
2967 5483 3119 5519 ειπεν
3148 5472 3224 5520 δέ,
3369 5490 3380 5502 ο

2160 5472 2270 5615 (45)
2307 5543 2471 5611 Editi,
2506 5539 2854 5612 ηὐφραίνετο.
2885 5539 2949 5593 At
2982 5554 3112 5593 mss.
3142 5538 3402 5607 quinque,
3444 5532 3666 5608 εὐφραί-

2086 5631 2233 5669 νεται
