3810 6214
429 285 538 341 6ἰῖ

1394 285 1737 341 Ai‘PENDIX
1776 285 2066 344 OPERUM
2108 286 2167 340 S.
2211 285 2455 340 BASi-I."
2496 283 2735 340 MAGNL

3620 283 3742 340 648

432 419 580 474 esse,
612 413 699 458 tua
748 413 920 457 matre
957 404 1027 459 ob
1075 409 1286 458 noctem
1321 413 1376 458 et
1419 405 1603 459 vinum
1631 418 1814 459 semen
1847 413 2010 475 pater-

2159 405 2311 475 Οπερ
2336 399 2425 476 ἧς,
2454 402 2612 456 τοῦτο
2643 402 3111 473 φανερωθήσεταιι.
3160 401 3451 455 Ἐπελάθου
3483 402 3596 470 γὰρ
3626 401 3741 470 τῆς

438 511 566 548 num
592 492 886 548 sulfuranle
910 494 956 526 ”
1024 536 1031 543 .

2139 493 2454 562 δυσγενείας
2505 492 2702 563 ἑαυτῆς
2726 532 2740 555 ,
2774 492 2856 544 ὅτι
2905 492 3114 561 πατρὸς
3151 492 3336 559 ἐγένου
3368 490 3476 544 άπὸ
3519 490 3739 560 γάμων

437 587 778 657 κλοπιμαίων
818 585 1203 657 προσελθόντος
1222 626 1237 651 ,
1269 586 1425 641 νυκτί⁸
1459 586 1552 639 καί⁸
1582 584 1711 658 οἴνῳ
1753 585 1889 656 πρὸς
1920 584 2020 656 τὴν
2052 582 2146 637 τοῦ
2174 584 2440 656 πατρικοῦ
2470 584 2780 654 σπέρματος
2802 581 3007 654 κλοπὴν
3033 581 3134 652 τῆς
3168 582 3375 653 μητρός
3433 598 3525 634 σου
3590 596 3738 651 συγο

434 676 814 751 χρησαμένης.

506 769 632 824 502.
671 767 872 821 Deinde
916 784 1055 834 vero,
1091 768 1271 822 Arnen
1295 807 1310 833 ,
1342 768 1498 839 plura
1534 769 1791 825 delibera.
1837 768 2025 837 Quan—

436 858 726 927 doquidem
762 857 898 911 nihil
928 857 1051 922 tibi,
1094 873 1125 912 ο
1160 861 1370 924 Arnon,
1408 860 1637 914 attulere
1672 850 2025 915 emolumenti
2059 882 2065 890 -

436 948 670 1004 consilia
713 949 918 1018 priore,
962 964 1139 1018 neque
1178 951 1383 1019 proluit
1412 955 1478 1006 de
1511 953 1851 1021 dogmatibus
1901 967 2025 1004 curn

434 1043 584 1095 omni
628 1041 971 1111 philosophia
1013 1045 1277 1099 connexis
1317 1044 1512 1099 multas
1540 1045 1865 1112 quaestiones
1902 1045 2027 1114 phi-

432 1129 740 1201 losophicas
771 1134 1023 1187 habuisse
1048 1151 1063 1197 ;
1110 1135 1409 1203 multiplica
1436 1175 1451 1200 ,
1496 1137 1542 1192 si
1571 1138 1866 1201 videbitur,
1891 1152 2027 1193 con-

434 1224 581 1278 silia.
610 1222 837 1279 Videtur
870 1238 965 1293 per
996 1223 1289 1278 ludibrium
1342 1235 1397 1279 et
1456 1227 1689 1282 ironiam
1744 1218 2025 1282 exhortari

434 1318 623 1372 Arnon
679 1315 745 1369 ad
800 1315 966 1369 stulta
1027 1316 1254 1370 consilia
1299 1319 1584 1387 capienda,
1634 1331 1692 1374 ut
1722 1320 1877 1374 vanis
1913 1319 2026 1375 suis

435 1407 701 1462 exsatiata
763 1406 1047 1474 consiliis,
1092 1415 1148 1460 et
1187 1423 1388 1462 eorum
1422 1412 1613 1466 edocta
1652 1410 2025 1477 inutilitatem,

432 1499 542 1553 hoc
572 1507 733 1567 pacto
758 1497 985 1552 accedat
1011 1497 1078 1552 ad
1109 1514 1298 1552 sanam
1330 1500 1659 1556 doctrinam.
1704 1503 1800 1558 Est
1839 1512 2023 1558 autem

434 1590 646 1653 Arnon,
708 1590 965 1657 oppidum
1014 1589 1398 1656 Moabitieum,
1442 1604 1498 1646 et
1542 1594 1644 1648 hoc
1682 1610 1788 1648 uno
1827 1594 2025 1662 oppido

438 1682 718 1751 Scriptura
753 1682 909 1736 nobis
954 1682 1159 1736 indicat
1187 1697 1405 1738 omnem
1429 1686 1644 1741 Arabiae
1673 1687 1870 1740 locum.
1905 1685 2028 1740 Fuit

2191 754 2326 819 .302.
2362 764 2609 816 Ἔπειτα
2644 761 2744 827 δὲ,
2794 763 3017 829 ’Λρνῶν
3040 801 3055 826 ,
3095 763 3349 816 πλείονα
3381 761 3734 825 βουλεύου.

2139 854 2360 923 Ἐπειδὴ
2393 845 2546 908 οὐδέν
2586 872 2645 907 σε
2673 853 2849 925 ὢνησε
2880 855 2949 908 τὰ
2980 856 3220 927 πρότερα
3255 845 3607 926 βουλεύματα
3630 896 3649 919 ,
3690 846 3737 905 ὦ

2137 946 2363 1018 Ἀρνῶν,
2394 946 2515 999 οὐδὲ
2541 945 2601 998 τὸ
2634 944 2804 999 πολλὰ
2834 947 2963 1018 περὶ
2986 947 3271 1018 δογμάτων
3300 949 3407 1001 τῶν
3439 948 3587 1001 κατὰ
3621 951 3737 1001 τεᾶ-

2126 1055 2224 1091 σαν
2258 1037 2577 1107 φιλοσοφίαν
2617 1037 3124 1109 συμπεπλεγμένων
3167 1038 3279 1111 (68)
3316 1039 3694 1111 φιλοσοφῆσαι
3718 1053 3733 1070 ·

2124 1129 2382 1202 πρόσθες,
2415 1133 2464 1183 εἰ
2489 1130 2657 1195 δοκεῖ,
2689 1133 2802 1194 τοῖς
2835 1130 3184 1203 βουλεύμασι.
3236 1135 3396 1185 Δοκεῖ
3423 1120 3568 1186 κατᾶ
3596 1149 3733 1186 τινα

2121 1219 2320 1291 ,χλεύην
2354 1221 2447 1274 καὶ
2491 1221 2779 1290 εἰρωνείαν
2824 1222 3214 1293 προκαλεῖσθαι
3251 1220 3342 1275 ἐπὶ
3383 1222 3454 1275 τά
3479 1222 3734 1292 ἀνόνητα

2124 1301 2467 1383 βουλεύματα
2488 1313 2587 1383 τὴν
2632 1312 2859 1384 Ἀρνῶν,
2892 1314 2980 1368 ἴνα
3012 1313 3172 1385 κόρον
3202 1314 3442 1368 λαϐοῦσα
3467 1302 3582 1368 τῶν
3616 1332 3730 1385 μα-

2121 1403 2290 1457 ταίων
2318 1404 2519 1475 ἑαυτῆς
2556 1404 2961 1476 βουλευμάτων,
2999 1406 3094 1459 καὶ
3126 1406 3371 1476 μαθοῦσα
3401 1407 3462 1459 τὸ
3489 1407 3591 1459 ἀπ’
3620 1407 3731 1460 αύ-

2122 1494 2231 1549 τῶν
2257 1495 2568 1566 ἀνωφελὲς,
2617 1495 2762 1550 οὕτω
2792 1497 3065 1569 προσέλθῃ
3088 1501 3155 1569 τῇ
3204 1489 3520 1570 ὑγιαινούσῃ
3577 1498 3709 1552 διδα

2127 1584 2346 1657 σκαλίᾳ.
2385 1587 2541 1639 Ἐστι
2574 1586 2632 1640 δὲ
2662 1566 3013 1640 Μωαϐιτικδν
3037 1566 3304 1659 χωρίονήῆ
3347 1566 3551 1660 ’Δρνῶν
3578 1630 3594 1651 ,
3629 1590 3731 1642 καὶ

2123 1678 2231 1731 ἀπὸ
2264 1678 2383 1741 ἐνὸς
2418 1678 2538 1733 ὅλον
2571 1681 2702 1750 ἡμῖν
2736 1680 3071 1734 ἐνδείκνυται
3102 1681 3192 1734 τὸν
3224 1681 3389 1736 τόπον
3413 1683 3514 1752 τῆς
3554 1681 3731 1753 ’Δρα-

436 1782 619 1827 autem
646 1788 841 1828 nomen
895 1776 1078 1826 Arnon
1129 1776 1494 1844 antepositum
1517 1817 1531 1841 ,
1569 1778 1638 1831 ob
1663 1777 1782 1846 ejus
1814 1777 2010 1846 signiﬁ-

2154 1769 2246 1833 ῖίας
2274 1771 2303 1822 ὁ
2327 1768 2503 1839 λόγος.
2561 1771 2912 1842 Προετιμήθη
2940 1771 2997 1824 δὲ
3023 1772 3084 1824 τὸ
3129 1772 3299 1842 ὄνομα
3341 1776 3446 1845 τῆς
3485 1773 3727 1844 Ἀρνῶν,

435 1865 702 1920 cationem
752 1866 821 1920 ab
874 1866 1266 1935 interpretibus
1321 1867 1588 1922 allatam:
1623 1869 1807 1923 Arnon
1845 1870 2010 1939 siqui-

2160 1857 2213 1911 ιὰ
2244 1859 2343 1928 τὴν
2385 1839 2834 1932 ἑρμηνευομένῆν
2881 1839 2976 1914 ἄπ’
3008 1861 3174 1915 αὐτοῦ
3220 1839 3495 1917 διάνοιαν
3540 1839 3727 1935 ἑρμη-

435 1955 580 2021 dem,
619 1955 663 2010 si
701 1955 1099 2024 interpreteris,
1152 1967 1312 2013 sonat
1354 1959 1772 2013 illustrationem
1816 1976 2021 2015 eorum.

435 2045 704 2115 Quoniam
755 2048 918 2117 igitur
975 2048 1011 2102 ii
1065 2050 1301 2104 maxime
1333 2050 1428 2120 qui
1460 2050 1685 2104 multum
1724 2051 2026 2109 ell‘eruntnr

435 2142 505 2194 ob
539 2139 820 2208 sapientia:
856 2155 968 2194 suae
1012 2141 1504 2205 exiStimationem,
1538 2135 1743 2197 ve'rsari
1796 2144 1851 2198 in
1905 2145 2026 2199 luce

432 2245 590 2286 suum
623 2232 880 2298 animum
926 2241 1157 2299 putant,
1203 2234 1418 2288 etiamsi
1470 2235 1646 2303 reipsa
1694 2236 1806 2289 sint
1845 2246 2027 2291 mente

434 2323 718 2387 excaecati,
743 2334 800 2376 et
823 2323 1046 2377 alienati
1076 2338 1108 2377 a
1140 2322 1274 2387 Deo,
1306 2323 1426 2378 ideo
1457 2326 1721 2395 propheta
1755 2327 2023 2381 adversus

435 2428 532 2469 eos
559 2414 823 2482 loquitur,
851 2416 946 2483 qui
979 2429 1040 2468 se
1077 2415 1423 2470 arbitrantur
1453 2432 1676 2472 manere
1699 2418 1752 2472 in
1784 2418 1903 2474 luce
1928 2435 2026 2475 co-

435 2505 695 2576 gnitionis
726 2517 780 2560 et
802 2507 1069 2560 scientiae.

430 2644 433 2647 .
507 2596 634 2651 503.
668 2596 801 2651 Dein
848 2598 1098 2650 hortatur
1144 2605 1201 2653 et
1251 2599 1547 2655 admonet:
1581 2598 1769 2656 Facite
1823 2611 2024 2671 tegmen

435 2689 609 2744 luctus
651 2689 700 2743 ei
743 2706 949 2756 semper
976 2691 1042 2744 ³⁸.
1080 2691 1267 2746 Deusti
1313 2703 1442 2747 sunt
1486 2693 1676 2749 Nadab
1726 2705 1783 2751 et
1824 2697 2021 2764 Abiud,

432 2780 613 2836 oblato
639 2781 692 2836 in
723 2796 814 2836 ara
852 2783 981 2851 igne
1012 2785 1213 2839 alieno.
1253 2785 1320 2839 Et
1358 2786 1452 2856 qui
1503 2804 1606 2840 non
1639 2802 1899 2857 recepere
1933 2804 2023 2844 ve-

434 2885 552 2927 ram
585 2871 789 2937 lucem,
820 2873 927 2926 imo
952 2874 1045 2942 qui
1073 2890 1201 2928 eum
1235 2874 1328 2944 qui
1359 2890 1420 2930 se
1456 2876 1812 2946 transﬁgurat
1842 2878 1894 2932 in
1939 2878 2021 2933 lu-

434 2961 516 3016 cis
544 2961 793 3032 angelum
823 2963 889 3027 ⁸³,
925 2964 1259 3033 suscipiunt,
1290 2965 1336 3020 si
1380 2966 1692 3038 intelligant
1716 2984 1776 3022 se
1806 2969 1858 3023 iu
1887 2968 2023 3025 falsa

434 3047 689 3102 scientiae
731 3048 991 3116 Opinione
1033 3061 1282 3107 versatos
1311 3052 1518 3121 fuisse,
1554 3065 1609 3109 et
1645 3058 1932 3113 aberrasse
1965 3076 2024 3114 se

428 3153 464 3189 a
499 3138 761 3203 veritate,
794 3143 1103 3194 necessario
1135 3143 1499 3213 semeptipsos
1553 3144 1832 3215 lugebant.
1887 3149 2019 3204 Eam
2049 3185 2091 3243 ο

432 3230 505 3283 ob
550 3244 665 3283 rem
717 3227 1003 3300 Scriptura
1041 3231 1319 3289 transtulit
1351 3236 1638 3291 consilium
1684 3241 1750 3294 ad
1805 3257 1897 3296 eos
1927 3244 2019 3309 qui

430 3334 621 3376 eorum
668 3335 856 3376 curam
896 3324 1211 3392 habebant,
1254 3336 1313 3383 et
1361 3330 1541 3385 dicit:
1578 3329 1764 3387 Facite
1821 3347 2023 3405 tegmen

451 3420 605 3466 actus
630 3414 679 3467 ei
706 3430 925 3481 semper.
959 3414 1061 3482 Qui
1099 3416 1247 3472 enim
1279 3432 1575 3477 maerorem
1603 3433 1797 3478 creant
1820 3435 1876 3479 et
1908 3441 2023 3480 mo-

428 3505 650 3559 estiam
673 3507 742 3561 ob
763 3518 1018 3576 peccata,
1049 3522 1169 3578 qua:
1189 3510 1558 3566 admittuntur
1584 3523 1694 3568 tum
1726 3516 1779 3569 in
1808 3518 1875 3571 iis
1898 3533 2022 3587 quae

436 3596 674 3650 attinent
718 3597 785 3652 ad
834 3599 1041 3664 vitam,
1080 3611 1192 3655 tum
1225 3602 1276 3656 in
1309 3602 1377 3658 iis
1416 3619 1538 3674 quae
1576 3608 1643 3661 ad
1690 3607 2018 3678 doctrinam,

438 3687 522 3742 sic
562 3695 622 3741 ut
649 3689 890 3742 nonnulli
932 3691 998 3744 ad
1031 3691 1246 3746 beatum
1279 3692 1481 3748 luctum
1515 3697 1843 3768 pertingant,
1877 3699 1913 3754 ii
1944 3700 2021 3755 fa-

432 3777 587 3831 ciunt
620 3785 829 3846 tegmen
866 3779 1064 3834 luctus.
1097 3779 1225 3836 Vidi
1257 3796 1357 3851 ego
1381 3786 1673 3851 quosdam,
1711 3789 1803 3854 qui
1838 3788 2024 3842 immo-

433 3868 558 3921 dico
590 3869 778 3923 dolore
820 3870 1085 3938 correpti,
1115 3869 1459 3927 includerent
1486 3888 1543 3928 se
1575 3875 1626 3928 in
1661 3876 1929 3942 cubiculo,
1969 3888 2024 3932 et

437 3957 578 4012 lucis
606 3959 756 4012 aditu
792 3961 938 4013 omni
984 3962 1240 4015 ohturato
1266 4000 1282 4026 ,
1312 3962 1476 4017 veluti
1516 3979 1574 4018 se
1606 3966 1705 4035 ipsi
1744 3983 1840 4035 per
1881 3967 2023 4036 ejus-

436 4051 584 4104 modi
631 4051 798 4104 vitam
833 4051 886 4105 in
938 4054 1182 4108 tenebris
1227 4063 1564 4115 transactam
1608 4057 2019 4115 ulciscerentur.

404 4137 623 4207 'ltaque
653 4156 718 4195 ne
747 4152 1005 4197 consueta
1039 4144 1128 4197 illa
1159 4159 1327 4213 quam
1363 4147 1429 4200 de
1479 4161 1576 4200 sua
1624 4149 1891 4218 sapientia
1925 4151 2020 4203 ha-

433 4232 570 4288 bent
594 4233 928 4289 existimatio
953 4250 1144 4291 sensus
1180 4252 1392 4302 eurum,
1433 4238 1665 4308 decepta
1701 4251 1903 4305 mente,
1933 4243 2025 4297 ob-

437 4322 646 4387 turbet,
691 4338 814 4377 cum
860 4323 978 4390 ipsa
1033 4339 1162 4379 vere
1194 4326 1267 4380 sit
1311 4327 1584 4393 tenebrae,
1632 4340 1689 4383 et
1724 4338 1901 4385 tamen
1932 4330 2021 4384 lux

434 4426 558 4466 csse
613 4422 855 4481 putetur,
912 4413 1248 4471 aitzFacite
1306 4426 1659 4487 tegumentum
1715 4419 1886 4474 luctus
1924 4422 2018 4474 eis.

2125 1952 2338 2007 νεύεται
2367 1955 2476 2024 γὰρ
2501 1955 2534 2024 ἡ
2579 1954 2807 2024 Ἀρνῶν,
2831 1955 3137 2024 φωτισμὸς
3161 1954 3361 2009 αὐτῶν
3383 1953 3518 2026 (69).
3559 1957 3726 2008 Ἐπεὶ

2123 2041 2216 2099 οὖν
2254 2045 2491 2116 μάλιστα
2517 2047 2566 2099 οἱ
2598 2045 2797 2117 πολλὴν
2836 2048 2901 2099 ὲκ
2927 2046 3027 2116 τῆς
3059 2047 3288 2117 οἰήσεως
3321 2046 3422 2117 τῆς
3454 2046 3602 2101 κατὰ
3634 2064 3725 2099 σο-

2124 2136 2253 2206 φίαν
2281 2135 2514 2206 ἔπαρσιν
2538 2135 2845 2207 πάσχοντες
2866 2176 2881 2199 ,
2909 2138 2966 2190 ὲν
2996 2137 3134 2206 φωτὶ
3159 2137 3359 2191 οἴονται
3389 2137 3599 2207 διάγειν
3628 2139 3722 2191 τὸν

2125 2226 2332 2281 ἑαυτῶν
2365 2226 2512 2292 νοῦν,
2542 2227 2683 2280 κατὰ
2711 2226 2970 2298 ἀλήθειαν
2999 2228 3374 2298 ὲσκοτισμένοι
3402 2230 3469 2299 τῇ
3502 2228 3721 2297 διανοίᾳ.

2124 2315 2300 2382 ὅντες,
2338 2316 2432 2369 καὶ
2468 2314 2971 2388 ἀπηλλοτριωμένοι
2999 2315 3093 2368 τοῦ
3124 2304 3260 2367 Θεοῦ
3280 2356 3294 2380 ,
3323 2315 3460 2385 πρὸς
3490 2315 3621 2377 τοὺς
3660 2315 3719 2366 ἐν

2125 2410 2264 2478 φωτὶ
2298 2408 2375 2479 τῷ
2414 2408 2527 2480 (70)
2554 2410 2620 2462 ὲκ
2646 2410 2746 2480 τῆς
2775 2405 3029 2477 γνώσεως
3060 2406 3543 2478 ὑπολαμϐάνοντας
3575 2401 3718 2459 εἶναι

2123 2501 2215 2555 τὸν
2241 2502 2401 2570 λόγον
2430 2504 2687 2555 ποιεῖται.

2195 2594 2318 2648 ὄθό.
2351 2588 2483 2646 Εἶτα
2536 2596 2827 2665 παραινεῖ⁸
2882 2592 3112 2648 Ποιεῐτε
3156 2590 3396 2659 σκέπην
3449 2582 3716 2655 πένθους

2124 2685 2277 2754 αὐτῇ
2317 2685 2413 2739 διὰ
2461 2689 2708 2752 παντός.
2775 2685 2963 2741 Ναδὰὸ
3003 2685 3097 2740 καὶ
3142 2684 3353 2738 Ἀϐιούδ
3378 2724 3394 2748 ,
3435 2685 3716 2757 ἀλλότριον

2126 2778 2239 2850 πῦρ
2278 2779 2742 2851 προσενέγκαντες
2796 2779 2873 2849 τῷ
2924 2777 3321 2848 θυσιαστηρίῳ,
3375 2774 3715 2861 κατεφλέγη-

2128 2882 2246 2921 σαν.
2284 2868 2395 2920 Καὶ
2425 2868 2474 2919 οἰ
2508 2867 2567 2919 τὸ
2607 2867 2718 2936 φῶς
2755 2866 2815 2919 τὸ
2845 2867 3098 2937 ἀληθινὸν
3131 2866 3205 2939 μὴ
3234 2866 3542 2938 δεξάμενοι,
3581 2865 3714 2920 ἀλλὰ

2124 2957 2217 3010 τὸν
2250 2956 2863 3029 μετασχηματιζόμενον
2911 2961 2995 3023 εἰς
3036 2958 3265 3028 ἄγγελον
3303 2959 3479 3029 φωτὸς
3528 2958 3712 3013 τοῦτον

2125 3053 2543 3123 ὑποδεχόμενοι,
2580 3053 2676 3106 ἐὰν
2726 3052 3058 3119 αἴσθωνται,
3107 3055 3188 3105 ὅτι
3214 3055 3272 3105 ὲν
3306 3054 3581 3123 φαντασίᾳ.
3618 3052 3711 3122 μὲν

2125 3148 2379 3215 γνώσεως
2406 3141 2568 3215 ἦσαν,
2594 3144 2922 3216 ἐσφαλμένοι
2951 3146 3007 3198 δὲ
3032 3146 3131 3217 τῆς
3162 3144 3417 3216 ἀληθείας
3444 3145 3708 3217 ὑπῆρχον,

2124 3236 2438 3305 ἀναγκαίως
2492 3236 2718 3301 ἑαυτοὺς
2779 3236 3273 3308 καταπενθήσουσι.
3322 3237 3416 3289 Διὸ
3478 3240 3709 3307 μετήγα-

2123 3345 2217 3398 γεν
2247 3332 2275 3381 ὁ
2297 3327 2452 3397 λόγος
2476 3327 2574 3400 τὴν
2603 3328 2925 3400 παραίνεσιν
2965 3329 3058 3381 ἐπὶ
3096 3330 3223 3392 τοὺς
3252 3326 3710 3398 ἐπιμελουμένους

2124 3420 2323 3483 αὐτῶν,
2347 3420 2440 3474 καί
2467 3437 2598 3491 φησι
2616 3437 2630 3449 '
2657 3420 2861 3474 Ποεῖτε
2894 3421 3135 3487 σκέπην
3154 3420 3415 3485 πένθους
3440 3418 3599 3487 αὐτῇ
3619 3418 3709 3471 διὰ

2124 3513 2369 3576 παντός.
2424 3512 2487 3562 Oi
2526 3511 2634 3581 γὰρ
2663 3510 2758 3562 ἐπὶ
2804 3513 2916 3574 τοῖς
2947 3511 3391 3580 ἡμαρτημένοις,
3431 3511 3544 3563 εἴτε
3575 3510 3709 3563 κατὰ

2123 3602 2212 3655 τὸν
2235 3601 2368 3671 βίον,
2391 3603 2498 3655 εἴτε
2525 3603 2663 3656 κατὰ
2691 3603 2792 3673 τὴν⁴
2812 3603 3032 3672 γνῶσιν,
3064 3602 3484 3676 ἐνεργαζόμενοι
3509 3596 3703 3672 λύπην,

2124 3690 2263 3743 ὥστε
2299 3691 2451 3754 τινὰς
2487 3690 2662 3744 ὲλθεῖν
2695 3692 2788 3744 ἐπὶ
2820 3689 2881 3744 τὸ
2926 3690 3214 3764 μακαρίως
3258 3691 3509 3758 πενθεῖν,
3566 3684 3708 3745 οὗτοι

2124 3782 2337 3837 ποιοῦσι
2367 3783 2574 3855 σκέπην
2617 3782 2863 3847 πένθους.
2921 3780 3073 3837 Εἷδόν
3116 3801 3270 3848 τινας
3313 3783 3427 3853 ἐγὼ
3471 3785 3585 3838 τῶν
3610 3776 3709 3837 ὕπο

2123 3875 2302 3948 λύπης
2351 3877 2593 3947 ἀκράτου
2642 3879 3023 3948 κατεχομένων
3064 3878 3454 3941 ἀποκλείοντας
3485 3878 3708 3940 ἑαυτοὺς

2121 3971 2204 4032 είς
2236 3969 2499 4032 οἰκίσκον,
2528 3967 2621 4023 καὶ
2656 3971 2836 4049 πᾶσαν
2864 3968 3042 4037 φωτὸς
3078 3969 3308 4041 πάροδον
3338 3971 3710 4042 ἀποφράσσον-

2124 4078 2244 4125 τας,
2276 4061 2368 4113 καὶ
2394 4059 2558 4113 οἱονεὶ
2588 4060 3035 4132 τιμωρουμένους
3069 4062 3292 4125 ἑαυτοὺς
3315 4061 3404 4115 διὰ
3431 4062 3534 4132 τῆς
3557 4064 3614 4115 ὲν
3636 4056 3708 4130 τῷ

2127 4149 2305 4202 σκότει
2324 4148 2622 4219 διαγωγῆς.
2653 4150 2771 4205 ’Ίνα
2797 4146 2889 4204 οὖν
2919 4150 2993 4221 μὴ
3012 4149 3074 4202 τὸ
3100 4149 3353 4223 σύνηθες,
3416 4152 3602 4205 αὐτῶν
3636 4150 3707 4214 ἐξ·

2124 4241 2349 4294 απατῶν
2377 4240 2476 4313 τὴν
2508 4243 2745 4296 διάνοιαν
2764 4280 2778 4307 ,
2806 4245 2903 4315 τῆς
2934 4246 3127 4315 σοφίας
3172 4247 3343 4317 οἴημα
3363 4285 3377 4309 ,
3414 4246 3560 4299 κατὰ
3589 4245 3708 4314 ἀλή-

2125 4332 2276 4386 θειαν
2310 4334 2502 4398 σκότος
2545 4334 2791 4406 ὑπάρχον
2813 4376 2827 4399 ,
2868 4338 2982 4406 φῶς
3013 4337 3070 4391 δὲ
3102 4334 3239 4392 εἶναι
3283 4337 3702 4410 φανταζόμενον,

2123 4423 2304 4496 διοχλῇ
2338 4426 2518 4479 αὐτῶν
2549 4429 2671 4490 ταῖς
2699 4427 2982 4499 αἰσθήσεσι
3013 4428 3124 4501 (71)
3145 4447 3159 4458 ·
3189 4429 3513 4497 Ποιήσατε,
3553 4428 3699 4499 φησὶ.

437 4498 705 4556 Nimirum
729 4541 746 4567 ,
799 4514 859 4557 ut
909 4505 1154 4560 exclusis
1189 4507 1571 4560 haereticorum
1599 4510 1912 4577 erroribus,
1946 4511 2010 4563 lu-

2154 4514 2364 4584 ’κέπην
2394 4515 2654 4585 πένθους
2677 4518 2882 4585 αὐτοῖς
2904 4558 2919 4583 ,
2950 4520 3039 4573 ἵνα
3072 4522 3131 4574 ὲν
3159 4520 3238 4591 τῷ
3266 4520 3590 4575 ἀποκλεῖσαι
3612 4519 3702 4589 τὴν

438 4592 572 4646 mini
606 4609 734 4647 vero
768 4595 940 4648 locum
972 4598 1110 4649 detis
1134 4635 1149 4656 .
1201 4612 1309 4665 quo
1340 4599 1504 4650 cnrJa
1538 4613 1726 4652 eorum
1756 4600 1847 4669 qui
1880 4604 1931 4654 in
1960 4617 2020 4657 se

436 4683 683 4748 credunt,
716 4687 945 4740 illustret
974 4687 1157 4758 609.
1213 4687 1370 4742 Prius
1427 4689 1594 4759 igitur
1639 4707 1805 4761 quam
1840 4694 2019 4748 veniat

507 4841 553 4873 ³³
578 4839 713 4897 Gen.
752 4858 864 4908 χιχ,
889 4843 1068 4898 35-37.
1167 4846 1212 4877 ”
1244 4845 1422 4902 chit.
1456 4863 1486 4900 x
1512 4888 1528 4913 ,
1569 4848 1620 4903 l.

438 4993 730 5082 θύγατερ,τ
760 4995 918 5089 bene.
987 4996 1214 5089 Ibitl‘em'
1245 5000 1426 5089 editi“
1458 5001 1683 5089 b59215";
1733 5003 2012 5089 τουτέστιν

438 5066 655 5137 ὥσπερ
681 5066 751 5119 εἷ.
800 5066 1035 5137 Uterque
1065 5068 1337 5134 (Iombel'.,
1370 5070 1583 5138 Μωά6;
1632 5066 1769 5145 ὅπερ
1807 5070 1875 5127 εἷ.
1909 5074 2014 5130 Alii

441 5142 472 5188 d
484 5154 748 5213 t19_tttss._,_
771 5131 856 5210 ᾗς.
890 5138 1001 5213 μου
1025 5140 1141 5206 ipso
1179 5141 1230 5213 in
1266 5140 1382 5213 loco
1408 5152 1638 5213 quatuor
1666 5159 1817 5213 mss.,
1845 5161 2011 5213 φανε-

443 5206 824 5285 ρωθήσῃ.ῌΜόΞ‹
848 5209 999 5285 editi,
1032 5206 1469 5285 mepbgsyévou.
1504 5209 1615 5285 _Vox
1640 5206 1826 5280 ἐγένου
1857 5206 2007 5269 deest

442 5280 728 5359 ill-lltlsizl'is
786 5280 1340 5359 quinquecodicihus
1378 5298 1391 5334 :
1429 5283 1725 5359 sedeam.
1788 5285 2004 5353 opinor,

440 5347 742 5422 addendam
787 5363 908 5422 esse
934 5347 1246 5422 iudicarunt
1271 5351 1625 5421 typographi;
1680 5355 1732 5405 iu
1777 5347 1885 5422 quo
1908 5371 2004 5411 eos

441 5430 547 5491 non
608 5418 681 5470 ita
715 5418 939 5491 multum
972 5418 1447 5489 reprehendendos
1495 5418 1814 5491 arbitrarer;
1868 5426 1913 5479 si
1942 5440 2009 5482 ea

440 5484 509 5538 de
534 5501 593 5540 re
617 5488 967 5542 monuissent.

513 5557 625 5625 (68)
657 5557 793 5633 lf‘uliti
816 5567 870 5610 et
899 5557 1028 5627 Reg.
1063 5559 1293 5633 primus,
1350 5561 1885 5633 συμπεπλασμένων,
1939 5564 2005 5619 de

439 5623 796 5703 dogmatibus:
832 5642 948 5703 quae
974 5623 1198 5703 Eon/icta
1223 5623 1341 5703 sunt
1379 5623 1442 5684 ei:
1481 5636 1637 5686 (eius
1666 5623 2006 5703 philosophia:

437 5693 733 5764 pmceptit.
773 5693 958 5752 Lectio
990 5693 1213 5767 Optima.
1253 5701 1320 5754 At
1378 5703 1466 5757 alii
1504 5693 1735 5772 quatuor
1791 5693 2005 5759 codices

2127 4610 2192 4660 ἐκ
2215 4606 2323 4661 τῶν
2350 4608 2671 4678 ἑτεροδόξων
2700 4609 2811 4680 (72)
2840 4611 3079 4681 ἀπάτην,
3108 4610 3291 4682 χώραν
3310 4611 3446 4664 δῶτε
3474 4611 3559 4683 τῷ
3588 4611 3702 4678 ἀλη-

2126 4697 2259 4769 θινῷ
2302 4699 2442 4768 φωτὶ
2472 4698 2746 4770 ὲλλάμψαι
2776 4703 2896 4764 ταῖς
2929 4702 3179 4774 καρδίαις
3210 4701 3320 4756 τῶν
3349 4705 3427 4766 είς
3451 4704 3586 4757 αὐτὸ
3612 4717 3699 4752 πε-

1723 4849 1768 4882 ”
1804 4849 1844 4904 ll
1872 4850 2000 4906 Cor.
2049 4854 2237 4918 30,14.

2120 5008 2373 5085 meliores
2398 5019 2562 5085 notae,
2596 5013 3121 5085 συμπεπλεγμένων.

2192 5079 2303 5149 (69)
2331 5081 2551 5148 Antiqui
2606 5079 2713 5139 tres
2748 5087 2868 5140 libri
2897 5079 2954 5139 et
3009 5087 3161 5151 editi,
3208 5086 3409 5144 αὐτῶν.
3459 5088 3568 5143 Alii
3602 5088 3697 5143 duo

2121 5163 2275 5212 mss.,
2310 5151 2405 5204 ἀπ’
2439 5152 2640 5206 αὐτῶν.

2187 5219 2297 5289 (70)
2328 5221 2670 5297 Editi._cpti;.
2710 5225 2779 5276 At
2808 5240 2962 5297 mss.,
2996 5225 3094 5296 τῷ.
3146 5225 3263 5297 Nec
3285 5227 3359 5281 ita
3390 5228 3564 5285 multo
3590 5238 3694 5297 p05t

2115 5297 2237 5366 tres
2254 5307 2411 5366 tt_tss._,
2446 5291 2523 5366 τῷ
2548 5292 2942 5366 θυσιαστηρίῳ,
2970 5291 3440 5366 κατεφλέχθησαν.

2186 5360 2298 5430 (71)
2324 5360 2622 5428 Εύιιί,’τὰς
2668 5360 2972 5436 αἰσθῆσεις.
3029 5360 3313 5422 Alnus—8.-
3359 5370 3482 5430 ταῖς
3521 5364 3693 5433 αἰσθή-

2116 5445 2258 5486 σεσι.

2188 5500 2521 5578 g7?)_Nostri
2556 5503 2794 5578 quinque
2824 5520 2978 5569 mss.,
3009 5505 3357 5578 ἑτεροδόξων.
3382 5506 3548 5573 Ειιίιί,
3586 5507 3687 5578 ἑτε-

2118 5570 2493 5646 ρόδοξούντων.
2564 5570 2856 5646 Aliquanto
2908 5585 3031 5643 post
3093 5570 3567 5646 chfsecuudné,
3618 5575 3685 5634 εἰς
3786 5580 3787 5631 l

2114 5641 2246 5694 αὐτὸ
2276 5642 2732 5702 πεπιστευκότων.
2772 5641 2919 5700 Editi
2949 5655 3000 5700 et
3033 5647 3122 5701 aiii
3149 5641 3305 5713 uias,
3330 5648 3411 5710 εἰς
3436 5648 3614 5701 αὑτόν.
