3810 6214
166 237 264 294 649

964 224 1318 284 COMMENT.
1359 223 1427 279 IN
1462 221 1695 279 ISAIAM
1734 219 2173 277 PROPllETAM.
2214 218 2368 276 CAP.
2408 217 2546 275 XVI.

3307 213 3413 269 630

167 350 547 407 πιστευκέτων.
580 350 719 417 Πρὶν
745 340 838 400 οῦν
857 345 1032 399 ἐλθεῖν
1056 346 1155 417 τὴν
1182 346 1393 416 ἡμεραν
1420 340 1649 416 Κυρίου,
1673 343 1731 395 ὲν

1841 343 1949 397 dies
1989 339 2236 403 Domini,
2279 338 2334 393 in
2365 353 2469 408 qua
2504 337 2763 409 plangant
2801 348 2993 391 omnes
3037 333 3209 390 tribus
3256 341 3412 390 terra

163 439 196 519 ᾖ
230 442 486 512 κόψονται
530 441 694 493 πᾶσαι
723 440 780 491 αί
814 439 977 507 φυλαὶ
1002 438 1102 509 τῆς
1130 438 1234 507 γῆς
1256 477 1271 499 ,
1306 435 1446 489 κατὰ
1477 435 1539 489 τὸ
1566 438 1624 489 ὲν
1652 434 1732 507 τῷ

164 535 402 606 Ζαχαρία
437 531 727 604 εἰρημένον
749 571 763 588 .
797 531 910 593 ὅτι,
938 528 1469 599 Μεγαλυνθήσεται
1505 530 1539 581 ὀ
1566 542 1735 579 κοπε-

162 627 259 689 τὸς
283 625 392 693 (75)
414 623 488 675 ἐν
523 621 940 690 Ἰερουσαλὴμ,
970 622 1050 687 ὡς
1068 619 1319 685 κοπετὸρ
1342 618 1600 687 ροὧνος’
1632 617 1733 671 καὶ

164 718 401 783 κόψε-ται
427 716 467 783 ἡ
496 712 571 783 γῆ
596 713 746 766 κατὰ
765 711 966 782 φυλὰς
983 753 1001 775 ,
1022 711 1188 781 φυλὴ
1211 711 1380 765 οἴκου
1407 708 1583 763 Δαϐὶδ
1602 710 1730 763 καθ’

163 804 394 871 ἑαυτὴν,
424 803 529 858 καί
560 806 621 857 αι
649 803 932 874 γυναῖκες
960 801 1160 855 αὐτῶν
1189 802 1320 857 καθ’
1345 798 1596 863 ἑαυτάς·
1620 817 1732 868 φυε

163 893 235 961 λὴ
266 894 435 948 οἴκου
491 892 696 948 Νάθαν
729 894 857 947 καθ’
907 891 1134 958 ἑαυτὴν
1152 931 1168 956 ,
1221 890 1319 944 καὶ
1355 893 1416 944 al
1452 889 1733 961 γυναῖκες

163 983 349 1038 αὐτῶν
381 981 516 1039 καθ’
542 983 794 1049 ἑαυτοῖς·⁸
841 982 1031 1038 πᾶσαι
1070 981 1183 1052 (74)
1227 984 1287 1035 αἱ
1318 979 1737 1049 ὑπολελειμμέ-

162 1091 252 1127 rat
292 1075 481 1143 φυλαὶ
508 1115 524 1136 ,
564 1073 732 1143 φυλὴ
772 1073 901 1128 καθ’
929 1069 1154 1140 ἑαυτὴν
1173 1111 1189 1136 ,
1225 1073 1323 1126 καὶ
1361 1074 1421 1125 al
1452 1071 1735 1141 γνναῖκες

163 1162 350 1215 αὐτῶν
373 1158 507 1217 amo"
533 1161 754 1228 ἑαυτάς
776 1179 790 1194 ο
827 1162 986 1233 ὑμεῖς
1014 1164 1063 1214 οῖ
1104 1161 1445 1224 διδάσκοντες
1487 1160 1578 1213 τὸν
1605 1150 1734 1214 λαὸν

165 1251 250 1303 καὶ
295 1251 718 1322 ἐπιστρέφοντες
743 1252 868 1313 τοὺς
902 1250 1289 1321 ἡμαρτηκότας
1336 1252 1394 1302 ὲν
1447 1240 1609 1302 παντὶ
1657 1247 1735 1317 τῷ

163 1341 249 1394 τοῦ
287 1341 400 1411 βίου
445 1341 661 1412 καιρῷ,
715 1340 941 1395 Ποιεῖτε
994 1339 1236 1408 σκέπην
1265 1340 1523 1405 πένθους
1554 1338 1731 1408 αὐτῇ,

1832 434 1985 505 juxta
2009 433 2060 487 id
2082 433 2224 503 quod
2258 432 2311 484 in
2334 429 2605 485 Zacharia
2635 430 2841 484 dictum
2871 435 2955 482 est
2996 444 3012 482 :
3053 426 3280 496 Magnus
3312 429 3412 481 erit

1836 523 2081 593 planctus
2139 521 2195 575 in
2250 519 2549 574 Jerusalem
2604 536 2623 574 :
2676 521 2810 573 sicut
2858 518 3100 588 planctus
3140 516 3412 587 malogra-s

1839 614 1983 677 nati;
2016 623 2062 666 et
2101 611 2309 681 plangat
2358 622 2498 664 terra
2541 626 2635 680 per
2663 612 2863 673 tribus;
2897 609 3064 663 tribus
3093 609 3277 662 domus
3307 607 3415 663 Das

1838 706 1923 759 uid
1953 719 2188 758 seorsum
2209 744 2225 769 ,
2258 712 2307 756 et
2331 701 2573 757 mulieres
2601 716 2782 756 eorum
2820 716 3051 759 seorsum
3069 717 3090 765 ς
3121 700 3286 753 tribus
3319 703 3417 753 dos

1838 812 1953 850 mus
1990 794 2212 849 Nathan
2250 809 2506 861 seorsum,
2543 802 2592 847 et
2622 792 2868 847 mulieres
2894 805 3076 846 eorum
3110 807 3352 847 seorsum
3394 799 3414 845 .‘

1838 902 2016 941 omnes
2047 886 2264 956 reliquie
2288 886 2484 951 tribus,
2541 886 2708 939 tribus
2762 897 3031 948 seorsum,
3083 894 3132 939 et
3173 882 3418 938 mulieres

1838 994 2021 1033 eorum
2041 993 2274 1032 seorsum
2300 977 2380 1044 ἐς
2410 992 2505 1032 vos
2535 975 2627 1044 qui
2653 975 2890 1032 edocetis
2915 974 3204 1047 populum,
3252 985 3418 1043 atque

1839 1078 2153 1143 peccatores
2202 1068 2256 1122 in
2304 1067 2453 1121 omni
2497 1069 2621 1122 vita:
2657 1065 2890 1122 articulo
2929 1068 3266 1143 convenitis,
3307 1061 3418 1121 Faa

1838 1163 1938 1216 cite
1971 1142 2174 1231 tegmen
2197 1161 2368 1214 luctus
2398 1161 2478 1225 ei;
2512 1168 2573 1215 ut
2603 1159 2698 1228 qui
2740 1159 2897 1231 prius
2928 1160 3064 1214 vitio
3102 1142 3243 1237 male
3276 1157 3417 1213 afﬂi-

1839 1254 2146 1320 Ctabantur,
2180 1251 2293 1321 jam
2315 1252 2383 1306 ad
2408 1252 2625 1307 beatum
2646 1252 2851 1307 luctum
2874 1265 3124 1307 sermone
3138 1260 3319 1307 vestro
3336 1252 3418 1306 ind

1839 1340 2125 1394 ducantur.

165 1426 227 1487 iv"
248 1436 310 1486 ὲκ
335 1432 429 1486 τοῦ
458 1433 725 1504 ὑμετέρου
758 1433 915 1502 λόγου
953 1433 1001 1485 oi
1060 1431 1163 1485 ὑπὸ
1189 1432 1286 1503 τῆς
1318 1432 1516 1494 κακίας
1549 1431 1813 1503 πρότερον
1849 1432 2266 1503 κεκακωμένοι,
2297 1434 2377 1496 είς
2422 1428 2484 1487 τὸ
2529 1431 2813 1504 μακαρίως
2853 1431 3066 1486 πενθεῖν
3096 1428 3417 1502 ἐναχθῶσιν.

225 1547 342 1603 504.
390 1548 490 1601 Ἐν
528 1544 907 1616 μεσημϐρινῇ
945 1546 1160 1613 σκοτίᾳ
1197 1544 1539 1615 φεύξονται.
1579 1546 1734 1598 Δοκεῖ

1905 1545 2027 1600 ⁸504.
2064 1544 2131 1599 In
2172 1545 2481 1601 meridianis
2529 1546 2756 1601 tenebris
2795 1546 3017 1617 fugient.
3052 1544 3170 1602 Lux
3210 1547 3265 1601 in
3301 1563 3415 1603 me-

164 1638 220 1692 τὸ
254 1638 622 1710 μεσημϐρινὸν
648 1640 746 1708 τῆς
777 1637 988 1708 ἡμέρας
1013 1638 1337 1707 κατάστημα
1360 1636 1736 1707 λαμπρότερον

165 1727 297 1797 ἔχειν
328 1728 422 1782 καὶ
453 1728 748 1800 φανότερον
776 1728 838 1780 τὸ
863 1727 999 1796 φῶς.
1034 1728 1147 1798 Τῆς
1190 1724 1284 1781 οὖν
1323 1726 1580 1799 ἀληθείας
1627 1727 1737 1780 ἀπὸ

161 1819 384 1900 μιτίσεως
427 1819 641 1889 κόσμου
695 1819 931 1872 νοεῖσθαι
988 1816 1293 1890 δυναμένης
1351 1821 1464 1881 τοῖς
1503 1816 1736 1881 συνετῶς

165 1913 267 1973 τοῖς
295 1910 471 1978 λόγοις
502 1912 606 1981 τῆς
638 1911 868 1973 κτίσεως
896 1910 1299 1975 ἐπιϐάλλουσιν,
1339 1912 1388 1964 oi
1424 1912 1484 1964 ὲν
1526 1909 1604 1981 τῷ
1647 1908 1737 1963 κό-

166 2018 279 2072 σμῳ
301 2001 501 2066 ζῶντες
532 2002 628 2055 καὶ
650 2001 984 2072 πανταχόθεν
1006 2002 1111 2055 ὑπὸ
1140 2003 1239 2074 τῆς
1267 2001 1360 2056 τοῦ
1385 2000 1520 2055 Θεοῦ
1545 2001 1737 2071 σοφίας

168 2092 646 2163 περιλαμπόμενοι,
680 2092 963 2158 νοσοῦντες
993 2094 1051 2147 δὲ
1091 2094 1188 2165 τὴν
1213 2094 1304 2147 τοῦ
1334 2094 1468 2147 Θεοῦ
1492 2093 1734 2162 ἄγνοιαν,

166 2177 297 2237 οὗτοί
324 2186 460 2237 είσιν
487 2185 538 2238 oi
563 2185 623 2237 ὲν
652 2185 996 2256 μεσημϐρινῇ
1023 2185 1210 2256 σκοτία
1237 2179 1602 2257 ὑπάρχοντες·
1625 2183 1736 2238 τῶν

172 2274 259 2344 μὲν
288 2276 628 2345 πραγμάτων
651 2275 750 2345 τὴν
789 2275 1136 2348 μεσημϐρίαν
1159 2276 1413 2347 ἐχόντων,
1440 2279 1498 2329 ὲν
1538 2278 1595 2330 δὲ
1619 2279 1736 2340 ταῖς

166 2361 349 2433 ψυχαῖς
377 2363 485 2418 τῶν
530 2363 867 2432 ἀγνοούντων
905 2364 1005 2436 τῆς
1051 2364 1269 2428 σκοτίας
1302 2364 1732 2436 ἐνυπαρχούσης.

169 2454 224 2506 Οί
248 2451 471 2507 τοιοῦτοι
516 2449 614 2507 οῦν
669 2455 727 2506 ὲν
782 2453 1130 2525 μεσημϐρινῇ
1182 2454 1372 2525 σκοτία
1419 2454 1732 2524 φεύγουσιν,

170 2541 448 2616 ἐξέστησαν
472 2562 485 2575 ⁸
525 2545 663 2599 διότι
719 2545 820 2614 τῆς
850 2546 1153 2614 φαντασίας
1180 2587 1194 2610 ,
1232 2548 1298 2616 ἢν
1331 2547 1381 2599 οἱ
1432 2546 1737 2617 μεμηνότες

172 2635 594 2703 φαντασιοῦνται,
626 2637 778 2692 οὐδὲν
799 2638 1045 2708 διαφέρει
1076 2636 1145 2691 τὰ
1187 2637 1297 2692 τῶν
1347 2637 1603 2690 τοιούτων
1652 2637 1736 2690 δός

169 2734 357 2796 γματα.
382 2730 492 2782 Καὶ
527 2728 791 2799 ἑρμηνεία
829 2730 948 2782 ὲστὶ
973 2728 1067 2781 τοῦ
1114 2728 1485 2800 μεσημϐρινοῦ
1511 2727 1734 2792 σκότους

172 2817 483 2888 ηέκστασις,
522 2820 646 2872 ἐπεὶ
678 2820 772 2873 καὶ
800 2822 849 2873 οῖ
906 2819 1066 2873 πάθει
1097 2819 1206 2872 τινὶ
1259 2818 1534 2889 λογισμῶν
1594 2834 1736 2889 παρ-

173 2908 481 2978 ενεχθὲντες,
506 2908 634 2963 οὔτε
656 2906 746 2962 τὸν
776 2908 926 2978 ἥλιον
947 2909 1185 2979 λάμπειν
1209 2909 1433 2974 οἴονται,
1467 2909 1591 2963 οὔτε
1623 2908 1739 2978 φῶς

174 2995 298 3055 εἶναι
327 3003 451 3074 περὶ
477 3003 572 3055 τὸν
605 3001 763 3072 ἀέρα.
791 3002 1085 3064 Ἔκστασις
1113 2996 1205 3054 οὖν
1225 3001 1415 3066 ὅντως,
1440 3003 1534 3056 καὶ
1574 3004 1740 3073 μανία

179 3092 354 3163 σαφὴς,
381 3093 554 3157 οὓτως
580 3093 692 3163 (75)
717 3092 961 3163 ἐναργῶν
987 3092 1328 3164 πραγμάτων
1359 3095 1740 3164 κηρυσσόντων

178 3180 260 3235 τοῦ
291 3186 611 3255 ποιήσαντος
641 3185 788 3254 ἡμᾶς
813 3186 912 3255 τὴν
954 3184 1218 3254 δύναμιν,
1285 3183 1522 3249 εἰδώλοις
1568 3202 1739 3256 προσι

181 3272 310 3344 ἐχειν
337 3275 427 3329 καὶ
454 3275 764 3346 πλάσμασι,
817 3275 914 3329 καὶ
963 3274 1229 3329 θεοποιεῖν
1260 3275 1329 3330 τὰ
1364 3275 1438 3346 μὴ
1465 3276 1611 3341 ὄντα,
1645 3279 1739 3330 καὶ

180 3365 413 3431 πολλάκις
433 3367 523 3421 διὰ
554 3366 840 3438 δογμάτων
876 3366 1169 3436 αἱρετικῶν
1198 3366 1304 3431 ἔξω
1337 3366 1600 3438 φέρεσθαι
1636 3368 1739 3438 τῆς

180 3453 431 3525 ἀληθείας,
456 3458 555 3511 καὶ
584 3457 746 3510 οἱονεὶ
780 3456 1050 3519 ἐκϐάντας
1087 3457 1146 3510 τὸ
1193 3457 1309 3527 φῶς
1339 3460 1398 3511 ὲν
1424 3458 1502 3529 τῷ
1556 3460 1737 3513 σκότει

178 3543 382 3612 διάγειν.
408 3547 507 3616 Μὴ
535 3540 752 3617 ἀχθοῇς.
783 3548 1161 3620 Προτρέπεται
1193 3549 1338 3618 ἡμᾶς
1381 3551 1410 3601 ὁ
1444 3548 1621 3617 λόγος,
1662 3549 1737 3621 μὴ

182 3632 384 3703 ἄγεσθαι
412 3640 516 3693 ὑπὸ
544 3639 646 3708 τῆς
674 3634 1034 3711 πιθανότητος
1056 3640 1163 3692 τῶν
1187 3640 1510 3711 ἑτεροδόξων
1533 3658 1546 3672 ·
1573 3641 1738 3711 μανία

182 3724 276 3796 γὰρ
317 3730 505 3802 σαφὴς,
554 3730 905 3802 ὲξεστηκόσιν
936 3731 1253 3786 ἀκολουθεῖν
1300 3730 1433 3801 (76).
1470 3731 1737 3803 Γνώρισον

183 3817 377 3885 αὐτοὺς,
406 3822 489 3874 ὅτι
518 3820 840 3893 ἐξέστησαν.
871 3823 1016 3888 Ἔξω
1044 3824 1149 3876 εἰσὶ
1195 3823 1294 3893 τῆς
1314 3823 1433 3877 ὁδοῦ
1458 3824 1556 3894 τῆς
1600 3825 1737 3896 πρὸς

183 3905 299 3962 Θεὸν
323 3911 592 3985 ἀγούσης*
646 3914 722 3986 μὴ
751 3916 929 3987 χρήσῃ
959 3915 1142 3979 αὐτοῖς
1185 3914 1400 3986 ὁδηγοῖς
1424 3952 1440 3978 ,
1500 3916 1574 3987 μή
1605 3932 1737 3970 ποτε

183 3995 332 4070 ἀχθῇς
360 4003 446 4056 ὑπ’
463 4003 644 4057 αὐτῶν
662 4006 742 4068 είς
763 4006 1004 4077 κρημνὸν
1031 4005 1125 4058 καὶ
1160 4003 1452 4076 βάραθρον.
1496 4003 1733 4072 Τυφλὸς

185 4092 280 4156 τὰρ
310 4091 414 4147 ἐὰν
441 4095 681 4165 τυφλὸν
706 4095 920 4167 ὁδηγῇ,
973 4098 1293 4166 ἀμφότεροι
1338 4097 1427 4161 εὶς
1465 4095 1737 4160 βόθυνον

186 4183 484 4241 πεσοῦνται
514 4187 654 4258 (77).

246 4355 357 4412 505.
403 4362 860 4431 Παροικήσουσί
900 4378 1001 4417 σοι
1030 4361 1295 4432 φυγάδες
1347 4362 1543 4419 Μωάϐ.
1576 4363 1732 4419 Μετὰ

186 4446 336 4503 ταῦτα
368 4453 422 4506 δὲ
466 4458 533 4527 τῇ
570 4455 801 4526 θυγατρὶ
835 4456 974 4509 Σιὼν
1032 4455 1253 4524 λέγεται
1305 4455 1410 4509 ὑπὸ
1454 4455 1549 4509 τοῦ
1600 4472 1735 4528 χρη-

190 4537 297 4592 στοῦ
322 4541 426 4612 (78)
451 4547 547 4599 καὶ
570 4545 947 4615 φιλανθρώπου
976 4545 1113 4600 Θεοῦ
1144 4546 1273 4617 περὶ
1301 4545 1407 4598 τῶν
1430 4546 1735 4601 Μωαϐιτῶν

188 4627 590 4707 ἐπιστρεφόντων
611 4640 705 4694 καὶ
727 4643 1009 4711 παροικεῖν
1038 4640 1337 4711 μελλόντων
1363 4642 1522 4713 αὐτῇ,
1543 4642 1739 4706 οἵτινες

190 4720 333 4777 πάλαι
377 4731 707 4800 πεφευγότες
752 4731 845 4786 τὸν
890 4731 1044 4796 Θεὸν,
1105 4730 1431 4804 ὲπανήξουσι
1469 4732 1607 4805 πρὸς
1639 4734 1732 4789 τὸν

252 4938 468 5003 “Zach.
491 4963 587 5013 xu,
620 4946 800 5003 H-M.
873 4950 916 4981 ³⁷
954 4949 1149 5006 Matth.
1187 4964 1276 5014 xv,
1310 4950 1398 5004 14.

257 5112 542 5194 (Ἰωβρσοι
581 5139 741 5188 unus,
771 5127 800 5179 ὁ
830 5141 1057 5188 κοπετος
1097 5142 1211 5180 σου.
1247 5125 1604 5194 Hieronymus
1631 5127 1725 5178 do-

1761 4244 1814 4304 D

1841 1638 2052 1693 ridiano
2097 1638 2203 1692 diei
2255 1647 2401 1693 statu
2451 1637 2669 1692 videtur
2707 1636 2908 1693 clarior
2939 1654 3063 1695 esse
3087 1649 3145 1694 et
3173 1639 3419 1710 splendi-

1838 1730 1977 1786 dior.
2030 1730 2369 1800 Quapropter
2399 1745 2523 1785 cum
2554 1729 2758 1785 veritas
2783 1745 2882 1800 per
2920 1731 3104 1787 mundi
3139 1743 3419 1787 creaturas

1836 1822 1905 1877 ab
1936 1822 2006 1877 iis
2043 1822 2135 1892 qui
2183 1823 2420 1876 animum
2472 1835 2627 1875 suum
2660 1820 2729 1874 ad
2773 1821 3013 1877 rationes
3042 1830 3417 1878 creaturarum

1836 1912 2212 1981 percipiendas
2248 1910 2481 1966 solerter
2510 1910 2842 1979 adjungunt,
2874 1910 3208 1979 deprehendi
3250 1921 3416 1981 queat

1835 2014 1893 2059 et
1923 2001 2177 2072 intelligi;
2213 2001 2304 2070 qui
2339 2001 2393 2055 in
2428 1999 2630 2054 mundo
2657 1999 2856 2068 degunt
2877 2039 2893 2064 ,
2920 2000 3124 2070 Deique
3149 2002 3415 2070 sapientia

1837 2095 2078 2165 undique
2100 2094 2521 2170 collustrantur,
2554 2102 2610 2146 et
2645 2099 2826 2146 tamen
2854 2093 2949 2147 Dei
2977 2092 3291 2161 ignorantia
3331 2094 3416 2148 la-

1836 2187 2060 2249 borant,
2089 2185 2145 2239 bi
2172 2192 2462 2239 versantur
2486 2184 2540 2237 in
2568 2182 2890 2238 meridianis
2914 2182 3153 2239 tenebris
3177 2201 3191 2239 :
3217 2185 3414 2253 quippe

1838 2292 1924 2333 res
1970 2277 2188 2348 quidem
2238 2275 2518 2331 meridiem
2565 2289 2677 2344 prae
2710 2290 2770 2329 se
2801 2274 3019 2343 lerunt,
3072 2277 3170 2331 sed
3214 2276 3412 2331 nihilo-

1835 2370 2014 2424 minus
2044 2367 2282 2423 tenebrte
2323 2366 2379 2421 in
2430 2364 2624 2420 horum
2660 2366 2976 2436 ignarorum
3029 2366 3229 2422 animis
3270 2367 3414 2422 exsi-

1836 2468 2005 2515 stunt.
2039 2458 2198 2514 Tales
2258 2458 2444 2528 itaque
2498 2457 2622 2527 fuga
2678 2457 2732 2511 in
2798 2456 3118 2514 meridianis
3175 2459 3415 2517 tenebris

1837 2558 1993 2620 capta
2018 2588 2034 2616 ,
2073 2558 2255 2605 mente
2283 2550 2503 2606 alienati
2538 2558 2667 2605 sunt
2690 2591 2708 2619 ,
2749 2551 2894 2618 quod
2942 2564 3131 2606 eorum
3166 2551 3414 2622 dogmata

1837 2656 1867 2696 a
1909 2641 2193 2710 phantasia
2243 2656 2406 2711 quam
2462 2641 2568 2697 sibi
2607 2643 2946 2699 insanientes
2997 2641 3246 2712 ﬁngunt,
3282 2643 3414 2697 nihil

1837 2732 2110 2789 differant.
2147 2733 2324 2803 Atque
2383 2735 2632 2789 tenebras
2686 2736 3019 2791 meridianas
3070 2735 3413 2804 interpretari

1838 2825 1964 2880 licet
2010 2824 2396 2880 alienationem
2451 2826 2691 2880 mentis:
2729 2823 3170 2895 quandoquidem
3219 2835 3292 2882 et,
3322 2824 3414 2893 qui

1765 2889 1807 2947 C
1842 2916 2031 2971 morbo
2067 2915 2250 2985 aliquo
2288 2929 2318 2970 a
2360 2929 2495 2970 sana
2524 2926 2709 2972 mente
2739 2889 2933 2984 dejecti
2962 2889 3114 2984 sunt,
3151 2930 3326 2984 neque
3342 2889 3413 2970 ril-

1840 3008 2117 3065 lucescere
2149 3008 2351 3074 solem.
2409 3023 2586 3078 neque
2637 3021 2821 3065 aerem
2881 3008 3002 3065 luce
3053 3008 3416 3066 circumfundi

1838 3102 2152 3168 epiuantur.
2184 3099 2373 3171 Itaque
2401 3102 2564 3157 rebus
2596 3102 2730 3157 adeo
2751 3101 2915 3158 claris
2943 3101 3239 3171 potentiam
3268 3101 3411 3156 Con-

1839 3194 2031 3248 (litoris
2082 3193 2255 3247 nostri
2307 3191 2768 3260 praedicantibus,
2825 3190 2990 3247 fuerit
3043 3205 3174 3246 vere
3218 3190 3414 3245 mentis

1838 3281 2091 3337 alienatio
2122 3291 2181 3336 et
2209 3281 2437 3336 stultitia
2482 3278 2771 3335 manifesta
2795 3318 2812 3346 ,
2844 3279 3002 3335 idolis
3047 3289 3103 3335 et
3145 3279 3412 3349 ﬁgmentis

1838 3374 2075 3430 studium
2111 3373 2429 3441 impertire,
2482 3372 2549 3427 iis
2581 3385 2700 3442 quae
2736 3385 2843 3426 non
2879 3378 3007 3426 sunt
3046 3379 3294 3425 naturam
3318 3363 3413 3424 Del

1838 3466 2162 3531 attribuere,
2194 3464 2515 3535 plerumque
2547 3479 2578 3518 a
2619 3464 2851 3521 veritate
2887 3461 3081 3521 abduci
3118 3477 3216 3534 per
3242 3462 3413 3518 haere-

1839 3558 1943 3614 tica
1973 3558 2226 3628 dogmata
2250 3597 2266 3624 ,
2307 3565 2362 3611 et
2384 3555 2506 3612 luce
2528 3555 2698 3612 veluti
2728 3556 2943 3612 deserta
2973 3555 3026 3611 in
3055 3555 3298 3611 tenebris
3329 3555 3409 3609 dio

1837 3649 2067 3706 versari.
2109 3650 2189 3704 Ne
2232 3649 2535 3702 abducat-is.
2579 3647 2918 3702 Adhortatur
2963 3661 3064 3702 nos
3107 3645 3410 3715 Scriptura,

1838 3750 1898 3796 ut
1930 3755 1999 3796 ne
2047 3754 2078 3794 a
2130 3739 2396 3795 suasoriis
2445 3737 2826 3794 haereticorum
2860 3736 3042 3792 verbis
3087 3734 3410 3802 alliciamur,

1838 3846 1961 3885 cum
2016 3838 2197 3885 mente
2237 3828 2503 3884 alienatos
2548 3827 2701 3897 sequi
2743 3826 3027 3898 perspicua
3055 3826 3129 3881 sit
3164 3825 3409 3882 stultitia.

1839 3919 1988 3975 Scito
2020 3919 2143 3973 illos
2182 3920 2384 3975 mentis
2425 3934 2531 3975 non
2575 3933 2696 3974 esse
2732 3926 3031 3988 compotes.
3060 3916 3408 3971 Declinarunl

1838 4008 1906 4062 de
1928 4007 2014 4061 via
2046 4022 2167 4076 quae
2199 4006 2269 4061 ad
2300 4008 2467 4062 Deum
2498 4006 2745 4077 perducit
2782 4020 2796 4061 :
2840 4006 2909 4060 iis
2940 4020 3009 4061 ne
3047 4006 3220 4061 utaris
3259 4004 3408 4060 duci-

1836 4098 1959 4163 bus,
1989 4096 2275 4167 nequando
2314 4098 2385 4153 ab
2427 4098 2562 4168 ipsis
2594 4098 2647 4152 in
2678 4098 3037 4168 praecipitium
3065 4098 3409 4153 barathrum-

1837 4204 1944 4260 que
1972 4190 2279 4245 deducaris.
2302 4188 2487 4245 Caecus
2509 4190 2649 4245 enim
2671 4191 2717 4244 si
2746 4205 2886 4246 cteco
2912 4194 3165 4245 ducatum
3184 4198 3410 4256 prtestet,

1840 4280 1992 4336 ambo
2017 4282 2074 4334 in
2106 4279 2310 4349 foveam
2339 4280 2525 4335 cadent
2550 4277 2618 4335 "'.

1909 4370 2036 4427 505.
2070 4371 2400 4425 Habitabant
2429 4372 2593 4440 juxta
2624 4380 2673 4427 te
2705 4372 2917 4443 profugi
2943 4371 3121 4427 Moab.
3152 4369 3279 4425 Post
3300 4370 3409 4426 hau:

1841 4472 2023 4517 autem
2073 4476 2104 4516 a
2153 4461 2542 4532 benignissimo
2596 4472 2651 4517 et
2693 4464 2974 4518 hominum
3033 4462 3409 4518 amantissimo

1845 4552 2173 4609 Deodieitur
2203 4551 2327 4607 illius
2357 4551 2489 4609 Sion
2539 4553 2610 4609 de
2656 4551 2906 4610 Moabitis
2933 4568 3055 4610 sese
3102 4555 3169 4610 ad
3213 4555 3408 4610 bonam

1845 4641 2058 4712 frugem
2095 4642 2424 4715 recepturis,
2454 4652 2511 4698 et
2533 4643 2686 4713 juxta
2718 4644 2891 4713 ipsam
2921 4644 3286 4712 habitatoris,
3315 4644 3406 4714 qni

1842 4735 2058 4805 quidem
2087 4732 2256 4791 Deum
2284 4732 2415 4792 olim
2447 4732 2800 4805 refugerunt,
2829 4737 2924 4791 sed
2966 4738 3238 4792 reversuri
3281 4744 3407 4791 sunt

1824 5116 2022 5207 Ibidem
2041 5131 2150 5207 tres
2167 5120 2405 5207 ηιέεημί
2427 5122 2904 5207 ἀπολελειμμέναι.
2931 5116 3046 5180 Hoc
3062 5136 3185 5207 ipso
3211 5120 3262 5176 in
3287 5121 3404 5177 loco

193 5195 284 5250 cet,
311 5191 380 5242 uti
407 5191 628 5263 legimus
652 5195 706 5248 in
736 5196 877 5250 notis
902 5194 1124 5260 Nohilii,
1180 5198 1251 5249 ita
1301 5190 1558 5263 appellari
1615 5208 1724 5249 non

194 5263 601 5336 animamur”)
632 5264 895 5336 malorum
941 5277 1317 5336 gratuitorum:
1364 5265 1416 5316 id
1445 5271 1553 5336 95‘:
1596 5263 1727 5336 mali

1841 5193 1972 5254 :diti.
2001 5190 2031 5246 ὑ
2080 5197 2157 5258 εἰς
2182 5190 2311 5252 οὖνς
2333 5194 2528 5251 Vocula
2560 5191 2653 5249 οὖν
2676 5190 2739 5249 ἱιῐ
2767 5210 2896 5252 mss.
2925 5210 3029 5248 non
3062 5190 3258 5264 legitur

1894 5262 2009 5336 (15)
2036 5211 2199 5336 Edi‘ti,
2234 5266 2423 5330 ὅντως.
2453 5266 2596 5320 Libri
2630 5274 2858 5336 veteres,
2887 5262 3082 5328 οὕτως.

194 5263 601 5336 animamur”)
632 5264 895 5336 malorum
941 5277 1317 5336 gratuitorum:
1364 5265 1416 5316 id
1445 5271 1553 5336 95‘:
1596 5263 1727 5336 mali

194 5317 491 5403 Pu_nici,se_d
524 5332 695 5388 locum
724 5317 821 5388 his
846 5317 1157 5390 artioribus
1172 5317 1468 5390 consitum.
1492 5317 1724 5403 Campi.

196 5387 528 5522 bahet,'mbv,
550 5387 809 5457 mulorum
847 5387 1211 5474 granatorunt.

256 5461 351 5522 (74)
452 5482 505 5522 ιιι
525 5482 581 5522 et
608 5473 714 5522 duo
745 5488 899 5522 mss..
921 5472 1059 5522 φυλὴ
1083 5473 1211 5522 οἶκοι

378 5461 581 5554 ﬁdit-iet
608 5473 714 5554 due
745 5461 901 5554 πισοί,
921 5472 1060 5554 φυλὴ
1083 5473 1231 5554 οἴκου
1255 5472 1417 5554 1Δαϐὶδ
1439 5471 1722 5554 καθξ-ἐαυ-

196 5526 315 5610 filii;
331 5526 416 5610 καί
448 5542 502 5593 αι
545 5526 1021 5610 γυναῖκεςῃαῦτῶν
1047 5526 1196 5596 ⁸καθ’
1252 5526 1491 5607 ἑαυτάς(
1522 5544 1720 5598 Πᾶσαι.

199 5598 258 5651 At
286 5602 415 5675 Regii
440 5598 715 5665 duo'cum
744 5598 899 5668 C'olb.
943 5615 1182 5669 secundo
1231 5623 1288 5668 ut
1337 5614 1391 5667 in
1429 5598 1720 5670 'contextu.

442 5706 708 5767 PATROL.
741 5705 859 5767 Gn.
885 5704 1094 5767 XXX.

1917 5262 2009 5335 l5)
2036 5262 2199 5335 eum,
2234 5266 2423 5330 ὅντως.
2453 5266 2596 5320 Libri
2630 5274 2858 5335 veteres,
2887 5262 3082 5328 οὕτως.

1952 5332 2007 5399 6)
2034 5334 2216 5388 Codex
2248 5350 2405 5400 unus,
2431 5332 2870 5390 κατακολουθεῖν.

1922 5403 2013 5476 ’ζ’ζ)
2040 5402 2262 5476 Victores
2289 5415 2520 5475 quatuor
2542 5402 3102 5476 libri,ﬁy.1t$605v1!_tt.

1928 5472 2015 5545 7_8)
2046 5473 2189 5527 Editi
2238 5472 2325 5545 et‘
2345 5490 2474 5530 mss.
2512 5472 2777 5545 nonnulli,
2819 5473 3082 5545 Χριστοῦ,
3107 5485 3399 5545 _corrup.e.

1830 5540 2077 5620 At'ﬁeg.
2109 5544 2375 5620 secundus
2415 5554 2465 5598 ct
2498 5544 2653 5600 Colb.
2690 5540 2886 5600 itidetn'
2920 5543 3215 5609 secundus,
3266 5558 3403 5613 χρηκ

1832 5612 1980 5676 στοῦ,
2018 5612 2237 5681 optime.

3002 5704 3086 5769 .91.
