3810 6214
366 244 465 305 651

1315 235 1659 295 ΑΡΡΕΝῐὶΙΧ
1696 238 1983 297 OPERUM
2022 239 2079 295 S.
2122 238 2366 296 BASILII
2410 239 2645 297 MAGNI.

3523 247 3639 304 652

369 373 437 427 ad
488 382 645 425 suum
704 366 941 435 ipsorum
996 361 1318 427 Dominum;
1381 362 1601 429 dicitur,
1663 362 1926 431 inquam:

2080 361 2246 416 ιυτῶν
2312 363 2590 435 Δεσπότην
2615 379 2628 392 '
2684 362 3142 432 Παροικήσουσί
3192 382 3294 421 σοι
3360 367 3639 438 φυγάδες

377 461 702 516 Habitabant
725 458 884 529 juxta
915 466 965 511 te
992 454 1201 526 profugi
1236 454 1419 510 Moab.
1462 456 1527 509 Et
1566 463 1938 525 protegentur,

368 553 569 624 inquit.
611 550 663 606 hi
687 548 829 619 apud
855 562 977 614 vos,
1005 547 1141 602 nihil
1177 561 1207 600 a
1240 546 1380 602 facie
1406 548 1788 618 persequentis
1817 562 1941 618 per-

368 643 598 713 pessuri.
648 628 754 708 Qui
807 638 953 696 enim
989 647 1148 695 erant
1193 639 1486 709 aliquando
1518 639 1940 706 conmilitones,

367 736 420 790 hi
454 741 831 804 persecutores
865 729 1016 797 iient,
1048 742 1170 785 eum
1198 743 1263 784 eo
1292 729 1608 798 praeliaturi,
1637 730 1781 800 quod
1819 744 1943 785 con-

365 833 645 880 vertentur
703 824 771 878 ad
831 823 1000 878 Deum
1037 836 1246 877 verum.
1294 819 1561 888 Quoniam
1599 821 1767 893 igitur
1809 821 1940 876 facti

364 924 492 970 sunt
519 922 577 968 ut
601 911 719 968 avis
749 911 1021 966 avolantis
1046 909 1228 981 pullus
1257 910 1493 971 ablatus.
1519 911 1709 981 utique
1731 911 1940 966 solutus

361 1018 446 1063 est
497 1004 643 1061 malo
709 1004 877 1076 διο
943 1004 1211 1074 imperio,
1276 1002 1646 1073 liberatusque
1693 1003 1940 1073 principe

357 1112 549 1169 pravo,
602 1096 695 1167 qui
737 1095 989 1150 omnibus
1037 1108 1136 1165 per
1167 1093 1475 1164 superbiam
1514 1102 1570 1146 et
1597 1092 1936 1165 tyrannidem

358 1186 697 1244 conculcatis
741 1185 953 1241 interiit
982 1203 997 1239 :
1029 1199 1139 1256 quo
1178 1184 1395 1239 sublato
1428 1198 1459 1239 e
1485 1184 1663 1239 medio
1683 1225 1698 1248 ,
1746 1184 1940 1238 vatici-

357 1284 508 1337 nium
542 1280 754 1337 inducit
780 1294 901 1349 quae
936 1287 1202 1334 eventura
1245 1287 1429 1332 essent
1473 1278 1610 1332 bona
1643 1295 1657 1331 :
1693 1275 1936 1331 Thronus

356 1375 518 1441 enim,
555 1372 752 1442 inquit,
775 1381 824 1425 et
855 1386 1074 1441 regnum
1103 1368 1278 1423 David
1308 1368 1715 1422 restaurabitur.
1747 1367 1936 1438 Itaque

356 1480 482 1520 cum
530 1461 855 1535 subjiciendi
902 1461 1011 1516 sint
1036 1473 1227 1517 omnes
1276 1457 1477 1514 Christi
1511 1458 1736 1529 imperio
1779 1458 1935 1530 juxta

355 1556 459 1611 hoc
495 1551 981 1619 dictumz0portet
1033 1550 1189 1604 illum
1247 1564 1488 1618 regnare,
1545 1550 1712 1603 donec
1776 1558 1938 1619 ponat

2047 454 2241 510 Μωάϐ.
2278 456 2388 509 Καὶ
2422 454 2891 527 σκεπασθήσονται
2921 451 3089 519 οὗτοι,
3131 459 3286 528 φησὶ,
3318 462 3448 533 παρ’
3474 460 3633 530 ὑμῖν,

2050 545 2214 616 μηδὲν
2234 547 2545 617 πεισόμενοι
2576 546 2684 600 ἀπὸ
2718 546 3009 618 προσώπου
3051 547 3358 613 διώκοντος.
3408 552 3471 605 Οἱ
3515 552 3638 625 γάρ

2045 652 2175 689 ποτε
2208 636 2642 708 συμμαχοῦντες,
2671 630 2817 690 οὗτοι
2846 637 3072 692 διῶκται
3101 644 3443 711 γενήσονται,
3475 642 3636 697 πολε-

2049 728 2275 800 μοῦντες
2297 728 2463 799 αὐτῷ,
2500 728 2588 782 διὰ
2612 727 2711 798 τὴν
2731 729 2868 800 πρὸς
2897 729 2989 782 τὸν
3032 730 3284 801 ἀληθινὸν
3322 731 3454 787 Θεὸν
3499 736 3635 788 ἐπι-

2046 821 2305 891 στροφήν.
2354 820 2506 874 Ἐπεὶ
2529 817 2622 875 οὖν
2655 821 2903 889 ἐγένοντο
2926 822 3002 883 ὠς
3034 822 3283 877 πετεινοῦ
3322 824 3636 896 ἀνιπταμέ-

2043 929 2134 967 νου
2193 912 2412 976 νεοσσὸς
2469 913 2840 984 ἀφῃρημένος,
2901 913 3042 986 ἤρθη
3094 915 3194 984 μὲν
3250 916 3348 986 τῆς
3380 920 3635 989 πονηρᾶς

2043 1001 2397 1072 προστασίας,
2428 1001 2636 1054 καὶτοῦ
2667 1002 2943 1074 μοχθηροῦ
2978 1002 3090 1075 (79)
3118 1005 3377 1076 ἄρχοντος
3402 1005 3635 1077 ἠλευθε-

2045 1090 2214 1163 ρώθη,
2251 1091 2310 1156 ὃς
2352 1092 2599 1146 ἀπώλετο
2657 1092 2726 1146 δι’
2776 1093 3152 1164 ὑπερηφανίαν
3206 1096 3299 1148 καὶ
3337 1097 3633 1168 τυραννίδα

2042 1183 2228 1237 πατῶν
2258 1184 2465 1248 πάντας
2489 1203 2501 1214 ·
2537 1186 2622 1254 ἐφ’
2655 1178 2699 1253 ᾧ
2733 1185 2952 1257 ἀρθέντι
3002 1185 3198 1255 ἐπάγει
3233 1188 3267 1258 ἡ
3317 1189 3633 1259 προφητεία

2039 1275 2107 1329 τὰ
2127 1276 2362 1346 ἐσόμενα
2411 1277 2632 1346 ἀγαθά·
2685 1278 2739 1329 '0
2793 1280 3006 1345 θρόνος
3051 1278 3183 1347 γὰρ,
3239 1280 3392 1350 φησὶ,
3449 1281 3547 1334 καὶ
3585 1281 3631 1350 ἦ

2034 1368 2326 1433 ,βασιλεία
2350 1368 2527 1422 Δαϐὶδ
2554 1367 3082 1436 κατορθωθήσεται.
3123 1371 3276 1424 Ἐπεὶ
3300 1366 3395 1424 οὖν
3424 1372 3633 1436 πάντες

2040 1460 2521 1534 βασιλευθὴσονται
2544 1461 2648 1514 ὑπὸ
2674 1461 2768 1515 τοῦ
2790 1462 3027 1533 Χριστοῦ
3054 1463 3195 1517 κατὰ
3218 1463 3278 1517 τὸ
3308 1463 3627 1536 εἰρημένον,

2036 1552 2117 1605 ὅτι
2162 1553 2264 1606 Δεῖ
2283 1554 2470 1607 αὑτὸν
2482 1554 2840 1618 βασιλεύειν
2860 1554 2970 1621 ἕως
2998 1553 3077 1609 ἂν
3105 1555 3180 1624 θῇ
3202 1557 3342 1623 τοὺς
3369 1557 3631 1625 ἐχθροὺς

354 1646 598 1700 inimicos
630 1642 726 1698 sub
762 1639 984 1710 pedibus
1009 1640 1124 1710 ejus
1155 1637 1238 1706 ¹⁸;
1279 1638 1533 1691 thronum
1558 1637 1696 1690 dixit
1725 1644 1926 1691 restau-

2080 1643 2154 1698 πὸ
2187 1645 2331 1711 τοὺς
2363 1645 2555 1712 πόδας
2585 1645 2795 1712 αὐτοῦ,
2828 1647 2920 1700 τὸν
2956 1647 3145 1718 θρόνον
3165 1643 3288 1702 εἷπε
3319 1648 3629 1721 διορθωθή-

353 1747 535 1794 ratum
577 1734 671 1802 iri,
707 1733 853 1803 quod
885 1744 1224 1802 quacunque
1260 1731 1312 1784 in
1348 1729 1466 1800 ejus
1501 1728 1760 1783 ditionem
1790 1727 1926 1783 redi-

2080 1737 2247 1802 εσθαι,
2280 1738 2356 1810 τῷ
2385 1738 2495 1810 (80)
2528 1738 2869 1810 διορθώσεως
2899 1714 3186 1810 τυχχάνειν
3231 1740 3298 1794 τὰ
3342 1714 3632 1812 βασιλευό-

351 1834 572 1897 gentut‘,
620 1821 927 1892 reparanda
973 1820 1084 1875 sint
1124 1828 1183 1874 et
1229 1819 1579 1874 instauranda
1615 1819 1799 1887 :quod
1839 1820 1926 1874 mi-

2082 1846 2197 1894 ενα,
2231 1831 2369 1902 ὅπερ
2415 1831 2625 1901 γίνεται
2662 1831 2723 1885 οὺ
2771 1832 2911 1886 κατὰ
2936 1833 3034 1904 τὴν
3059 1833 3215 1900 ἀξίαν
3258 1833 3366 1887 τῶν
3400 1834 3633 1906 μελλόν-

350 1917 500 1972 nime
551 1914 612 1970 ﬁt
671 1915 744 1969 ob
787 1912 1042 1968 meritum
1069 1924 1258 1966 eorum
1290 1909 1386 1981 qui
1416 1910 1671 1979 potestati
1716 1909 1837 1981 ejus
1867 1924 1926 1965 ac

2080 1940 2144 1976 ων
2175 1921 2569 1991 βασιλεύεσθαι,
2599 1922 2733 1977 ἀλλὰ
2757 1923 2898 1977 κατὰ
2928 1925 3021 1978 τὸν
3042 1925 3190 1979 ἔλεον
3219 1927 3312 1979 καὶ
3340 1926 3440 1998 τὴν
3483 1944 3621 1999 χρη-

349 2009 583 2080 imperio
629 2015 759 2063 sunt
817 2004 1195 2068 submittendi,
1233 2005 1329 2058 sed
1357 2018 1456 2072 per
1495 2002 1926 2058 misericordiam

2080 2013 2266 2084 τότητα
2295 2014 2389 2067 τοῦ
2419 2014 2575 2070 Θεοῦ.
2606 2015 2928 2070 Καθεδεῖται
2957 2013 3072 2081 οὖν,
3121 2017 3286 2090 φησὶν
3304 2060 3320 2085 ,
3362 2021 3392 2072 ό
3417 2019 3622 2073 Δαϐίδ-

347 2117 414 2157 ac
459 2099 849 2171 benignitatem
910 2096 1030 2151 Dei.
1087 2095 1178 2151 Ait
1218 2095 1403 2165 itaque
1433 2112 1450 2150 :
1476 2094 1698 2150 Sedebit
1738 2095 1926 2160 David,

346 2193 451 2248 hoc
481 2199 595 2256 est,
648 2189 905 2247 Christus
956 2188 1075 2256 ipse
1119 2201 1282 2241 manu
1313 2200 1378 2242 ac
1406 2185 1647 2256 potentia
1674 2185 1923 2247 idoneus,

346 2297 469 2336 cum
506 2281 757 2338 veritate.
794 2279 862 2335 Et
909 2279 1163 2350 regnabit
1221 2277 1276 2332 in
1334 2275 1723 2342 tabernaculo,
1755 2277 1929 2332 donec

344 2371 595 2442 judicans
620 2369 889 2441 judicium
915 2368 1059 2424 ferat
1097 2368 1165 2423 de
1190 2367 1466 2423 omnibus.
1495 2365 1572 2420 Ea
1599 2376 1780 2422 autem
1807 2382 1929 2437 quae

347 2478 470 2516 eum
497 2462 730 2517 veritate
758 2460 821 2516 iit
857 2459 1030 2516 sessio
1077 2457 1430 2515 abolitionem
1478 2458 1682 2513 indicat
1712 2459 1930 2529 menda-

346 2554 440 2608 cii.
478 2552 748 2624 Reguabit
775 2565 906 2608 vero
933 2553 1108 2607 donec
1134 2549 1333 2607 fecerit
1364 2549 1653 2619 judicium.
1677 2549 1929 2604 Ostendit

344 2644 466 2713 ejus
497 2642 552 2697 in
583 2640 838 2696 omnibus
871 2625 1076 2710 justum
1116 2638 1381 2709 judicium
1401 2677 1417 2703 ,
1458 2637 1753 2694 secundum
1783 2638 1926 2708 quod

344 2748 454 2789 non
492 2741 699 2788 temere
736 2730 803 2787 de
841 2729 1072 2801 singulis
1108 2728 1317 2800 profert
1345 2728 1704 2795 sententiam;
1744 2728 1839 2782 sed
1872 2727 1924 2781 id

346 2824 488 2896 quod
542 2837 755 2895 aequum
794 2822 867 2879 sit
896 2836 964 2878 ac
1010 2835 1346 2891 congruum,
1378 2819 1648 2889 inquirit,
1685 2819 1821 2875 adeo
1868 2827 1927 2874 ut

343 2916 602 2989 judicium
635 2916 702 2973 de
740 2927 1072 2985 unoquoque
1122 2913 1292 2968 latum
1327 2913 1592 2982 perducat
1623 2912 1691 2967 ad
1726 2913 1923 2968 bonum

345 3008 549 3061 exitum
577 3024 592 3059 :
618 3004 815 3075 quippe
842 3004 931 3072 qui
968 3001 1302 3058 festinanter
1325 3000 1605 3071 ;acceleret
1629 3010 1926 3072 urgeatque

341 3098 643 3167 justitiam,
683 3111 782 3152 nec
821 3096 1049 3151 remisse
1091 3102 1186 3148 aut
1236 3093 1382 3148 lento
1416 3093 1625 3165 gradu,
1664 3096 1759 3149 sed
1801 3108 1926 3149 cum
1954 3074 1997 3132 C

346 3187 867 3257 omnitestinatione
895 3202 1018 3241 eam
1057 3184 1241 3240 faciat.

416 3280 541 3336 306.
582 3279 745 3333 Vens.
789 3276 913 3331 6-8.
953 3276 1265 3331 Audiuimus
1299 3276 1674 3331 contumeliam
1729 3277 1924 3346 Moab;

347 3371 757 3429 contumeliosus
795 3369 984 3430 valde;
1018 3368 1317 3435 superbiam
1338 3368 1454 3438 ejus
1475 3368 1702 3434 sustuli;
1728 3379 1777 3423 et
1798 3386 1925 3426 con-

347 3464 569 3518 tumelia
598 3461 736 3530 ejus,
771 3469 819 3515 et
851 3459 933 3513 ira
965 3474 984 3512 :
1019 3473 1124 3513 non
1151 3458 1226 3513 sic
1261 3458 1515 3514 divinatio
1542 3470 1657 3523 tua,
1695 3476 1799 3515 non
1826 3462 1923 3516 sic.

348 3555 587 3611 Ululabit
620 3551 812 3617 Moab;
845 3567 968 3605 nam
994 3552 1050 3604 in
1092 3549 1384 3605 Moabitide
1415 3567 1592 3606 omnes
1618 3550 1923 3608 ululabunt.

350 3645 728 3701 Habitantibus
755 3641 920 3698 Sedet:
946 3641 1244 3706 meditatio,
1278 3650 1329 3695 et
1366 3642 1568 3709 pudore
1590 3658 1694 3697 non
1717 3643 1926 3713 suffun-

344 3739 507 3793 deris.
531 3734 716 3804 Campi
760 3732 965 3787 Esebon
1000 3732 1269 3803 lugebant.
1314 3730 1438 3787 Haec
1467 3732 1536 3787 ab
1575 3731 1747 3787 altero
1777 3735 1928 3801 prin.

328 3831 490 3899 lcipio
516 3843 636 3884 cum
678 3834 953 3897 petantur,
995 3825 1070 3880 ita
1113 3824 1338 3895 legenda
1374 3833 1503 3879 sunt
1523 3824 1682 3894 quasi
1713 3839 1744 3878 a
1781 3825 1928 3896 prio-

347 3921 505 3975 ribus
549 3931 892 3987 nequaquam
925 3916 1218 3986 pendeant.
1271 3913 1551 3986 Scriptura
1607 3917 1751 3971 enim
1804 3931 1927 3988 quae

338 4023 453 4066 non
484 4025 610 4065 raro
634 4008 799 4065 efﬁcit
837 4017 899 4063 ut
932 4006 1152 4063 auditor
1186 4006 1472 4063 meliorum
1499 4007 1814 4063 narratione
1835 4024 1926 4065 re-

344 4110 585 4165 creetur,
631 4100 834 4169 Deique
883 4100 1186 4155 bonitatem
1237 4106 1294 4154 et
1341 4098 1582 4154 futurum
1627 4099 1787 4154 linem
1828 4115 1925 4170 per

341 4205 463 4246 eam
507 4190 791 4246 fruendum
819 4189 1105 4259 inspiciat,
1149 4190 1216 4245 ad
1252 4190 1650 4245 convertendos
1692 4202 1792 4246 nos
1823 4192 1926 4246 mi-

342 4296 442 4337 nas
468 4282 695 4337 resumit
726 4291 779 4336 et
809 4282 1096 4352 supplicia.
1144 4280 1453 4352 lndigemus
1496 4282 1644 4337 enim
1674 4284 1925 4354 plerique

2034 2104 2333 2170 τουτέστιν,
2356 2108 2384 2159 ὁ
2402 2107 2582 2171 ἱκανὸς
2608 2108 2753 2180 χειρὶ
2779 2108 2872 2161 καὶ
2893 2108 3119 2181 δυνάμει
3144 2111 3173 2161 ό
3200 2110 3453 2181 Χριστὸς,
3481 2110 3628 2182 μετὰ

2034 2196 2312 2269 ἀληθείας.
2347 2198 2457 2251 Καὶ
2488 2198 2798 2270 βασιλεύσει
2828 2204 2887 2255 ὲν
2915 2204 3109 2273 σκηνῇ,
3136 2203 3240 2266 ἕως
3261 2205 3465 2277 ποιήσῃ
3499 2205 3627 2275 κρί-

2034 2305 2139 2342 νων
2170 2291 2268 2361 τὴν
2300 2291 2394 2343 ἐπὶ
2424 2293 2558 2346 πᾶσι
2585 2294 2787 2365 κρίσιν.
2827 2294 2893 2346 Ἣ
2925 2295 2983 2347 δὲ
3015 2294 3155 2365 μετὰ
3186 2295 3447 2367 ἀληθείας
3478 2297 3625 2351 καθ-

2033 2377 2162 2455 έδρα
2206 2378 2446 2434 δείκνυσι
2484 2381 2576 2435 τὸν
2607 2381 2699 2436 τοῦ
2727 2382 2958 2451 ψεύδους
2988 2383 3311 2454 ἀφανισμόν.
3360 2383 3625 2438 Βασιλεύς

2036 2486 2117 2523 σει
2152 2470 2265 2541 (8|)
2290 2472 2347 2525 δὲ
2380 2472 2486 2537 ἕως
2514 2474 2713 2545 ποιήσῃ
2743 2474 2943 2545 κρίσιν.
2977 2475 3089 2546 Τὴν
3120 2475 3215 2528 ἐπὶ
3259 2477 3426 2529 πᾶσιν
3451 2475 3624 2529 αὐτοῦ

2032 2560 2428 2633 δικαιοκρισίαν
2471 2564 2805 2637 παρίστησι,
2846 2565 2970 2619 καθ’
3012 2565 3101 2637 ἢν,
3149 2566 3247 2638 οὐχ
3292 2568 3370 2630 ὡς
3402 2566 3620 2640 ἔτυχεν,

2033 2654 2393 2723 ἀποφαίνεται
2419 2657 2548 2728 περὶ
2578 2656 2832 2720 ἑκάστου,
2860 2657 2973 2712 ἀλλ’
3020 2657 3272 2730 ἐκζητῶν
3304 2659 3365 2712 τὸ
3405 2659 3623 2731 πρέπον

2032 2746 2127 2799 καὶ
2157 2746 2218 2799 τὸ
2233 2746 2491 2818 ἁρμόζον,
2519 2747 2596 2811 ὼς
2623 2749 2760 2819 πρὸς
2776 2748 2927 2813 τέλος
2957 2749 3161 2818 ἀγαθὸν
3183 2750 3369 2821 φέρειν
3400 2751 3623 2823 ἑκάστῳ

2030 2837 2093 2889 τὸ
2123 2840 2316 2909 κρῖμα,
2339 2839 2692 2908 ἠπειγμένως
2722 2840 3115 2894 κατασπεύδων
3145 2842 3238 2894 καὶ
3271 2843 3623 2911 κατεπείγων

2029 2927 2132 2997 τὴν
2179 2927 2562 2999 δικαιοσύνην·
2616 2930 2738 3001 οὐχὶ
2792 2930 2849 2983 δὲ
2882 2927 3183 3002 ἀνειμένως
3238 2932 3360 2985 οὐδὲ
3424 2931 3620 3004 βάδην,

2030 3018 2167 3073 ἀλλὰ
2199 3021 2349 3094 πάσῃ
2378 3021 2578 3092 σπουδῇ
2606 3021 2974 3094 ἐργαζόμενος
3004 3023 3196 3093 αὑτήν.

2095 3282 2221 3338 506.
2260 3284 2636 3354 Ἠκούσαμεν
2679 3284 2795 3353 τὴν
2832 3284 3006 3353 ὕϐριν
3056 3284 3267 3340 Μωάϐο
3324 3286 3621 3357 ὑϐριστὴς

2026 3374 2295 3443 σφόδραο
2351 3375 2464 3443 τὴν
2508 3376 2933 3444 ὑπερηφανίαν
2971 3375 3159 3430 αὐτοῦ
3184 3374 3372 3444 ἐξῆρα
3397 3417 3413 3442 ,
3445 3376 3550 3431 καὶ
3576 3377 3621 3446 ἠ

2026 3466 2193 3533 ὕϐρις
2228 3467 2415 3522 αὐτοῦ
2441 3467 2541 3521 ναὶ
2567 3467 2606 3534 ἠ
2626 3466 2809 3537 μῆνις
2839 3466 2948 3538 (82)
2969 3483 2984 3498 ³
3020 3469 3134 3537 οὐχ
3169 3468 3356 3534 οὕτως
3391 3470 3433 3537 ἠ
3458 3485 3622 3538 μανε-

2026 3560 2153 3613 tela
2180 3575 2317 3625 σου,
2352 3562 2465 3629 οὐχ
2501 3560 2705 3626 οὕτως.
2750 3561 3055 3625 Ὀλολύξει
3083 3561 3263 3617 Μωάϐ
3277 3579 3293 3594 ο
3313 3563 3384 3617 ἐν
3406 3564 3520 3633 γὰρ
3541 3562 3622 3634 τῇ

2025 3652 2343 3705 Μωαϐίτιδι
2381 3653 2602 3718 πάντες
2649 3653 3043 3719 όλολύξουσι.
3088 3653 3216 3721 Τοῖς
3257 3655 3622 3712 κατοικοῦσι

2025 3742 2210 3797 Σεδὲκ
2244 3741 2586 3813 μελέτησις,
2621 3744 2723 3798 καὶ
2757 3746 2869 3799 οὐκ
2889 3745 3263 3815 ἐντραπήσῃ.
3317 3745 3395 3800 Τὰ
3435 3746 3623 3802 πεδία

2037 3833 2294 3888 Ἐσεϐὼν
2319 3835 2608 3902 πενθήσει
2640 3835 2776 3908 (85).
2811 3836 3000 3891 Ταῦτα
3026 3836 3135 3891 ἀπὸ
3164 3837 3360 3908 ἐτέρας
3409 3839 3617 3910 ἀρχῆς,

2024 3922 2101 3987 ὡς
2131 3923 2205 3996 μὴ
2233 3926 2517 3997 ἠρτημένα
2544 3926 2651 3980 τῶν
2696 3928 2998 3999 προτέρων,
3044 3927 3441 3997 ἀναγνωστέον.
3474 3930 3621 3983 Πολ-

2024 4014 2189 4085 λαχοῦ
2222 4016 2279 4069 δὲ
2317 4019 2349 4087 ή
2382 4017 2571 4090 Γραφὴ
2599 4017 2688 4071 διὰ
2712 4018 2821 4072 τῶν
2844 4019 3224 4091 χρηστοτέρων
3269 4020 3620 4076 ἀναπνεῦσαι

2025 4105 2254 4160 ποιοῦσα
2276 4107 2366 4162 τὸν
2394 4108 2693 4179 ἀκροατὴν,
2725 4110 2820 4163 καὶ
2852 4111 3042 4164 ἐνιδεῖν
3061 4112 3125 4181 τῇ
3162 4110 3493 4181 χρηστότητι
3515 4114 3616 4166 τοῦ

2023 4194 2159 4248 Θεοῦ
2194 4197 2288 4250 καὶ
2315 4197 2391 4268 τῷ
2419 4199 2539 4251 κατ’
2566 4198 2735 4272 αὐτὴν
2774 4200 3016 4271 ἐσομένῳ
3065 4199 3243 4265 τέλει,
3283 4202 3615 4267 ἐπαναλαμ-

2025 4285 2178 4339 ϐάνει
2213 4287 2324 4358 (84)
2359 4288 2440 4352 εἰς
2468 4290 2801 4361 ἐπιστροφὴν
2823 4290 2978 4361 ἡμῶν
3006 4290 3105 4354 τὰς
3136 4289 3383 4357 ἀπειλὰς,
3422 4293 3519 4346 καὶ
3542 4295 3617 4348 τὰ.

343 4371 648 4440 hujusmodi
688 4373 961 4429 terriculis
981 4411 998 4440 ,
1036 4380 1095 4428 ut
1126 4387 1192 4428 ne
1231 4372 1438 4428 divitiis
1464 4373 1725 4431 bonitatis
1752 4383 1808 4431 et
1839 4384 1922 4431 to-

2080 4380 2154 4450 ερὶ
2180 4379 2289 4433 τῶν
2324 4380 2616 4434 κολάσεων.
2652 4384 2715 4435 Οἱ
2763 4382 2872 4454 γὰρ
2920 4382 3164 4445 πλείονες
3198 4382 3456 4437 τοιούτων
3501 4384 3618 4438 δεό-

341 4464 585 4520 lerantiaa
626 4467 953 4535 contemptis
977 4505 995 4533 ,
1028 4464 1183 4533 juxta
1218 4475 1461 4520 nostram
1500 4466 1741 4535 ipsorum
1769 4468 1920 4523 duri-

342 4558 470 4613 tiam
503 4567 567 4611 et
588 4570 684 4613 cor
714 4557 979 4626 paenitere
1029 4558 1274 4612 nescium
1304 4596 1319 4619 ,
1368 4557 1689 4628 colligamus
1728 4560 1916 4615 nobis-

314 4634 586 4725 ,metipsis
625 4649 782 4715 iram,
830 4648 1006 4705 indie
1040 4649 1138 4704 irae
1184 4661 1240 4705 et
1287 4648 1655 4714 revelationis,
1702 4658 1757 4705 et
1784 4651 1919 4721 justi

336 4738 525 4809 judicii
556 4737 654 4792 Dei
680 4738 749 4790 ”.
809 4736 943 4793 Nam
996 4738 1202 4808 aliquid
1253 4737 1713 4794 taleiuvenimus
1749 4740 1914 4795 etiam

403 4889 425 4912 ι
485 4877 502 4929 i
537 4875 662 4931 Cor.
692 4890 781 4943 xv,
807 4874 898 4929 25.
977 4877 1022 4910 ’θ
1053 4875 1211 4933 Rom.
1254 4891 1313 4937 ιι,
1348 4874 1399 4930 4.

411 5028 523 5101 (79)
556 5029 932 5101 AntiquiAtres
964 5028 1105 5097 libri,
1136 5028 1228 5083 τοῦ
1261 5028 1516 5101 πονηροῦ.
1575 5030 1775 5085 ibidem
1827 5046 1915 5087 re-

341 5099 548 5171 cettliOr
573 5099 881 5171 Gombeiisii
908 5100 1077 5171 codex
1107 5111 1163 5154 et
1204 5102 1353 5163 editi,
1384 5099 1454 5164 ὃς
1490 5101 1793 5171 ἀπολεῖται,
1824 5103 1915 5171 qui

338 5168 546 5292 Quibit.
585 5169 738 5224 Alter
769 5169 1076 5226 Combeiisii
1105 5171 1269 5225 codex
1301 5186 1423 5225 cum
1464 5170 1584 5225 aliis
1612 5172 1803 5234 tribus,
1836 5168 1914 5235 ’ὃς

380 5256 464 5291 πω
497 5255 605 5292 ετο.

380 5256 464 5291 πω
468 5255 586 5292 Αετο
593 5280 605 5293 .

415 5309 647 5380 (80)Sic
677 5324 809 5364 mss.
853 5308 1093 5380 plerique
1139 5323 1348 5364 omnes.
1391 5307 1554 5373 Editi,
1598 5308 1912 5380 όρθωθήσε-

344 5378 467 5432 σθαι
494 5378 575 5432 τό.
606 5379 758 5433 Haud
797 5380 952 5449 longe
979 5378 1113 5447 Reg.
1148 5382 1435 5449 secundus,
1487 5378 1720 5432 κατὰτὸ
1748 5378 1912 5445 ἔλεος.

344 5450 582 5503 Subinde
611 5464 742 5503 mss.
780 5447 1041 5512 nonnulli,
1073 5448 1343 5502 καθιεῖται
1375 5447 1488 5505 οὖν.

418 5517 774 5588 (81)Αιιιίψιί
808 5529 915 5572 tres
955 5518 1099 5581 libri,
1140 5519 1442 5574 Βασιλεύει.
1477 5518 1767 5587 Aliquanto
1793 5531 1914 5588 post

343 5588 491 5649 edi-ti,
528 5587 884 5657 ἀπφανεῖται
922 5588 1068 5658 περί.
1102 5591 1169 5643 At
1193 5590 1429 5660 quinque
1474 5605 1627 5657 tuss.,
1676 5587 1915 5659 ἀποφαί-

342 5673 509 5710 νεται.
1181 5672 1195 5680 ’

2028 4470 2186 4541 μεθα,
2221 4472 2307 4561 ἵνα
2340 4473 2413 4545 μὴ
2448 4473 2540 4526 τοῦ
2581 4472 2810 4527 πλούτου
2838 4476 2937 4545 τῆς
2965 4472 3334 4544 χρηστότητος
3378 4475 3474 4527 καὶ
3508 4476 3615 4547 τῆς

2026 4561 2408 4634 μακροθυμίας
2438 4564 2926 4637 καταφρονοῦντες,
2960 4564 3102 4618 κατὰ
3134 4564 3231 4636 τὴν
3260 4565 3613 4637 σκληρότητα

2026 4651 2230 4705 ἑαυτῶν
2250 4653 2344 4706 καὶ
2373 4655 2739 4725 ἀμετανόητον
2759 4655 3007 4724 καρδίαν,
3034 4654 3456 4726 θησαυρίσωμεν
3481 4657 3614 4710 ἑαυ-

2025 4745 2136 4807 τοῖς
2162 4746 2370 4817 ὀργὴν,
2407 4749 2465 4800 ὲν
2490 4747 2675 4819 ἡμέρᾳ
2703 4748 2815 4820 (85)
2856 4749 3026 4821 ὀργῆς
3074 4750 3166 4803 καὶ
3210 4749 3612 4820 ἀποκαλύψεως

2082 5030 2194 5103 (82)
2243 5031 2409 5096 Editi,
2464 5034 2624 5103 μῆνις
2664 5030 2851 5085 αὐτοῦ.
2911 5032 3027 5086 Vox
3076 5030 3241 5086 αὐτοῦ
3303 5048 3332 5086 a
3400 5035 3608 5094 nostris

2021 5103 2261 5172 quinque
2289 5117 2418 5172 mss.
2453 5102 2622 5172 abest.
2655 5102 2849 5156 Statim
2879 5104 3029 5172 editi,
3058 5103 3298 5170 ὀλολύξει
3325 5104 3439 5166 τοῖς
3466 5121 3607 5158 κατ-

2020 5169 2228 5226 οικοῦσι
2261 5171 2443 5224 Σεδέκ.
2476 5169 2623 5225 Libri
2649 5183 2858 5225 veteres
2886 5181 2943 5225 ut
2978 5170 3030 5225 in
3064 5169 3341 5227 contestu.

2094 5242 2205 5316 (85)
2229 5240 2534 5316 Editi,_'_l‘&_
2572 5242 2732 5316 1_'c_s_6ia
2768 5240 3015 5316 Ἑσεόιῇν,
3059 5242 3304 5316 πενθήσῃ
3326 5283 3341 5307 ,
3382 5243 3602 5316 vitiose.

2022 5310 2241 5382 Antiqui
2268 5313 2374 5367 duo
2414 5310 2557 5378 libri,
2588 5312 2669 5364 Τὰ
2696 5312 2888 5366 παιδία
2925 5311 3182 5381 Ἐσεϐών,
3216 5310 3362 5378 pueri
3395 5312 3606 5368 Esebon

2023 5384 2241 5450 ﬂebunt.
2265 5383 2369 5437 Alii
2402 5392 2511 5437 tres
2544 5384 2614 5433 ita
2652 5392 2711 5435 ut
2740 5382 3027 5436 edidimus.

2093 5452 2204 5523 (84)
2235 5453 2394 5517 Editi,
2448 5451 2888 5523 ἐπαναλαμϐάνει
2949 5452 3131 5506 πάλιν.
3169 5453 3280 5508 Vox
3325 5452 3512 5507 ultima
3548 5454 3606 5508 in

2023 5522 2153 5576 mss.
2192 5538 2296 5576 nou
2329 5522 2618 5577 invenitur.

2019 5665 2051 5715 ᾗ
2094 5592 2397 5677 (βῧλΕάὶιί,
2439 5592 2519 5654 εἰς
2554 5592 2787 5664 ἡμέραν.
2840 5591 3064 5650 Veteres
3094 5592 3331 5665 quinque
3359 5593 3511 5661 libri,
3543 5593 3603 5647 ὲν

2045 5679 2218 5715 .ιιεο;ι.

2040 5679 2218 5733 tace;-
