3810 6214
344 250 448 309 655

1299 247 1632 304 APPENDIX
1673 247 1957 304 OPERUM
1998 248 2054 304 S.
2099 247 2343 304 BASlLll
2383 249 2619 304 MAGNI.

3501 249 3619 309 6?;6

345 384 470 425 cum
503 364 743 422 ululatus
770 376 869 417 vos
909 370 979 416 sut
1017 360 1202 416 dolore
1231 361 1387 431 plena
1408 405 1423 426 ,
1458 378 1488 416 a
1517 363 1834 418 mulieribus
1864 370 1919 415 ut

2072 360 2095 430 ᾖ
2134 363 2450 418 Μωαϐίτιδι
2489 362 2713 430 πάντες
2766 362 3192 428 ὀλολύξουσιν.
3253 364 3406 417 Ἐπεὶ
3436 360 3535 418 οὖν
3578 365 3618 419 ὁ

345 461 638 533 plurimum
680 455 1007 526 gravissimo
1069 453 1214 509 luctu
1260 457 1530 525 correptis
1577 456 1813 520 emissa;
1866 464 1927 508 ut

346 552 524 623 plagae
562 547 778 604 inﬂicta
815 543 1167 600 acerbitatem
1191 582 1206 608 ,
1235 542 1309 597 ita
1339 558 1527 598 eorum
1551 544 1641 611 qui
1672 543 1813 597 male
1839 541 1923 595 al"—

347 637 1012 709 ﬁciunturjnlirmitatem
1043 636 1318 701 ostendit,
1349 651 1473 692 cum
1520 637 1651 693 dicit
1684 654 1700 694 :
1736 634 1926 693 Uluta-

347 738 419 791 bit
450 730 630 789 Moab.

416 954 543 1013 .108.
581 951 965 1008 Habitantibus
1013 950 1178 1008 Sedec
1214 951 1507 1006 meditatio.
1559 952 1709 1010 Hanc
1736 968 1924 1009 vocem

345 1062 467 1119 qua:
491 1046 724 1102 obscura
754 1052 859 1111 est,
888 1041 1185 1114 explanant
1213 1043 1408 1114 reliqui
1452 1044 1799 1116 interpretes.
1834 1047 1925 1101 Ait

344 1141 491 1195 enim
517 1137 879 1211 Symmachus
904 1152 919 1190 :
944 1135 1029 1190 Ad
1066 1134 1390 1190 exsultantes
1429 1136 1484 1190 in
1514 1152 1665 1191 muro
1697 1147 1924 1192 testaceo

344 1231 639 1302 loquimini.
670 1228 788 1284 Non
826 1230 1023 1285 desunt
1061 1230 1156 1298 qui
1208 1226 1492 1298 magniﬁce
1522 1228 1589 1281 de
1620 1242 1679 1283 se
1707 1228 1778 1282 ob
1807 1229 1926 1283 dia-

349 1322 606 1378 lecticam
630 1321 890 1386 sentiant,
913 1329 968 1377 et
988 1320 1243 1391 praesidio
1272 1320 1341 1374 ab
1373 1332 1436 1372 ea
1466 1321 1634 1390 petito
1670 1330 1922 1390 tanquam

348 1428 511 1469 muro
558 1412 962 1484 inexpugnabili
1016 1413 1269 1482 dogmata
1324 1427 1424 1468 sua
1466 1410 1923 1483 circumcingant.

355 1503 424 1559 lli
456 1504 622 1574 igitur
651 1504 742 1574 qui
780 1504 1053 1568 laetantur,
1090 1504 1444 1559 inveniuntur
1482 1503 1535 1557 in
1566 1518 1724 1558 muro
1754 1511 1925 1559 testa-

344 1612 463 1654 ceo.
490 1597 557 1652 Et
583 1605 641 1652 ut
674 1596 892 1667 planum
916 1595 1093 1662 lleret,
1135 1574 1264 1666 quid
1289 1596 1361 1651 sit
1392 1612 1580 1651 murus
1627 1606 1921 1663 testaceus,

343 1687 546 1758 adjecit
572 1688 705 1744 illud
732 1706 746 1743 :
773 1686 1097 1759 Loquimini.
1131 1688 1337 1759 Ecquid
1374 1697 1554 1743 autem
1579 1698 1718 1745 testa
1757 1688 1923 1743 fuerit

343 1791 505 1851 captu
538 1780 800 1837 facilius?
844 1780 944 1848 Qui
980 1781 1034 1835 in
1076 1780 1276 1836 fabulis
1303 1781 1498 1836 vilibus
1524 1790 1580 1836 et
1614 1797 1710 1851 pro
1753 1781 1924 1836 nihilo

344 1870 616 1926 ducendis
640 1871 963 1942 gloriantur,
999 1871 1034 1925 ii
1066 1871 1119 1926 in
1151 1886 1305 1927 muro
1336 1881 1576 1927 testaceo
1601 1871 1916 1942 loquentes,

342 1960 707 2017 oblectamur.
735 1959 850 2016 Hoc
874 1960 975 2016 sibi
1005 1960 1121 2014 vult
1154 1960 1285 2014 illud
1308 1978 1321 2015 :
1348 1959 1731 2016 Habilantibus
1754 1961 1921 2018 Sedec

341 2052 636 2106 meditatio.
676 2051 742 2105 Et
769 2052 986 2123 quidem
1019 2052 1159 2107 bona
1193 2060 1281 2108 est
1319 2053 1921 2118 meditatio,'meditari

341 2138 514 2211 legem
552 2141 764 2197 Domini
807 2142 893 2198 die
933 2157 998 2198 ac
1046 2153 1244 2199 nocte:
1273 2144 1367 2199 sed
1395 2144 1676 2200 meditatio
1712 2145 1922 2201 Moabi-

339 2242 522 2287 tarum
570 2234 708 2287 mala
751 2243 837 2289 est
880 2244 935 2289 et
969 2248 1133 2303 prava
1159 2275 1176 2299 ,
1236 2235 1365 2305 quia
1415 2237 1524 2291 erit
1551 2237 1924 2293 habitantibus

344 2321 519 2381 Sedec
549 2325 850 2380 meditatio.
881 2324 1205 2396 Quicunque
1227 2340 1359 2397 ergo
1386 2327 1597 2383 l'abulas
1630 2330 1921 2397 ignominia

342 2414 534 2486 dignas
570 2416 924 2476 meditantur,
967 2431 1312 2487 nequaquam
1347 2418 1553 2485 pudore
1594 2418 1917 2475 aﬂlcientur.

343 2501 523 2569 Quare
569 2503 742 2571 campi
778 2501 982 2557 Esebon
1012 2503 1280 2574 lugebant.
1324 2503 1564 2575 lrrogata
1613 2523 1711 2576 pro
1748 2508 1922 2580 impu-

343 2595 526 2650 tientia
578 2609 736 2665 paena
762 2636 777 2662 ,
830 2594 1196 2651 infecunditas
1226 2606 1309 2651 est
1339 2611 1653 2667 camporum
1686 2599 1920 2656 Esebon.

341 2687 437 2742 Est
466 2696 645 2742 autem
678 2687 889 2743 Esebon
911 2688 1076 2760 612
1101 2704 1293 2743 nomen
1334 2688 1572 2745 civitatis
1594 2688 1919 2761 Moabiticae,

344 2794 466 2850 quae
524 2779 576 2833 in
636 2778 915 2835 suburbiis
967 2780 1069 2835 sibi
1118 2780 1638 2851 circumjacentibus
1683 2783 1922 2855 amplum

344 2880 535 2939 agrum
577 2868 739 2924 habet
767 2888 780 2924 :
814 2884 937 2940 quae
971 2870 1040 2924 ob
1063 2869 1388 2939 llagitiosam
1417 2870 1719 2928 incolarum
1750 2875 1923 2930 medi-

343 2959 605 3015 tationem
664 2958 951 3015 infecunda
1004 2972 1164 3016 erunt
1200 2971 1255 3015 et
1306 2960 1678 3031 infructuosa,
1714 2965 1924 3022 emolu-

2024 454 2322 527 ὀλολυγμὸς
2351 454 2502 528 φωνὴ
2534 455 2765 527 ὀδυνηρά
2791 456 2939 508 ἐστιν
2974 455 3080 508 ὑπὸ
3105 455 3400 523 γυναικῶν,
3431 455 3511 519 ὡς
3534 455 3617 510 τὰ

2026 545 2217 607 πολλὰ,
2253 548 2311 600 ὲν
2341 545 2526 601 πένθει
2549 546 2834 618 βαρυτάτῳ
2862 546 3287 617 κεκρατημένων
3307 546 3615 618 ἀφιεμένη,

2024 638 2264 692 δείκνυσι
2291 638 2386 692 καὶ
2437 640 2536 710 τῆς
2563 637 2775 710 πληγῆς
2797 636 2860 689 τὸ
2911 636 3180 705 ἀλγεινὸν,
3233 636 3328 690 καὶ
3357 638 3464 690 τῶν
3501 655 3606 690 πα-

2029 731 2263 803 σχόντων
2299 731 2360 784 τὸ
2395 730 2620 795 ἀσθενὲς
2658 732 2723 784 ὲκ
2774 727 2869 783 τοῦ
2903 728 3121 799 λέγειν,
3167 730 3249 783 ὃτι
3299 729 3615 795 Ὀλολύξει

2028 822 2223 878 Μωάϐ.

2093 956 2220 1013 508.
2256 956 2380 1024 Τοῖς
2407 955 2755 1011 κατοικοῦσι
2786 956 2971 1011 Σεδὲκ
2989 954 3339 1025 μελέτησις.
3386 951 3614 1024 Ταύτην

2025 1047 2121 1121 τὴν
2147 1048 2330 1119 φωνὴν
2365 1048 2594 1119 ἀσαφῶς
2631 1048 2862 1119 ἔχουσαν
2898 1049 2946 1102 οἱ
2987 1046 3161 1100 λοιποὶ
3198 1044 3607 1115 σαφηνίξουσιν.

2037 1142 2095 1197 Ὀ
2130 1142 2239 1213 γὰρ
2270 1141 2565 1213 Σύμμαχός
2600 1158 2733 1212 φησι
2754 1157 2769 1172 '
2828 1140 2957 1206 Τοῖς
3000 1137 3490 1208 εὐφραινομένοις
3537 1138 3615 1191 ἐν

2024 1229 2106 1297 τῷ
2126 1232 2307 1301 τείχει
2334 1231 2672 1298 ὀστρακίνῳ
2699 1228 3038 1299 φθέγξασθε
3060 1228 3198 1299 (93).
3236 1226 3355 1279 Εἰσί
3381 1243 3527 1289 τινες
3557 1225 3612 1279 oi

2029 1323 2172 1395 μέγα
2200 1321 2523 1394 φρονοῦντες
2562 1321 2656 1375 ἐπὶ
2683 1321 3021 1391 διαλεκτικῇ,
3075 1319 3168 1372 κα)⁸
3221 1319 3383 1371 οἱονεὶ
3426 1320 3615 1388 τεῖχος

2024 1414 2384 1487 ἀκαθαίρετον
2435 1412 2535 1485 τὴν
2580 1413 2675 1467 ἀπ’
2732 1414 2902 1484 αὐτῆς
2955 1409 3205 1483 βοήθειαν
3230 1413 3341 1475 τοῖς
3371 1408 3613 1478 δόγμασι

2026 1505 2461 1579 περιϐάλλοντες.
2486 1498 2647 1559 Οὗτοι
2674 1504 2852 1558 τοίνυν
2874 1503 3309 1575 εὐφραινόμενοι,
3333 1500 3618 1572 εὑρίσκον-

2025 1614 2115 1651 ται
2145 1598 2203 1650 ὲν
2224 1595 2300 1667 τῷ
2322 1596 2490 1666 τείχει
2517 1593 2595 1666 τῷ
2618 1594 2942 1666 ὀστρακίνῳ.
2974 1594 3083 1646 Καὶ
3114 1594 3199 1647 ἴνα
3219 1592 3425 1663 δειχθῇ,
3464 1590 3519 1644 τί
3550 1589 3616 1643 τὸ

1956 1718 1999 1779 Β
2025 1689 2343 1762 ὀστράκινον
2366 1691 2565 1758 τεῖχος,
2592 1688 2900 1759 προσέθηκε
2931 1687 3013 1752 τὸ,
3054 1686 3414 1756 Φθέγξασθε.
3458 1685 3526 1737 Τί
3564 1684 3615 1737 δ’

2026 1778 2093 1833 ἂν
2116 1779 2383 1850 ὀστράκου
2416 1778 2629 1848 γένοιτο
2656 1777 3088 1849 εὐαλωτότερον;
3122 1778 3185 1830 Οἱ
3213 1780 3270 1830 ὲν
3311 1776 3423 1846 (94)
3451 1775 3616 1828 εὐτε-

2027 1871 2142 1925 λέσι
2168 1872 2262 1926 καὶ
2290 1871 2501 1935 οὐδενὸς
2526 1870 2686 1939 λόγου
2726 1870 2900 1937 ἀξίοις
2932 1870 3122 1941 μύθοις
3168 1868 3613 1941 ὲναϐρυνὸμενοι,

2027 1958 2172 2018 οὗτοι
2200 1961 2582 2035 εὐφραίνονται
2607 1963 2664 2016 ὲν
2696 1960 2775 2032 τῷ
2807 1962 2978 2032 τείχει
3004 1960 3083 2032 τῷ
3114 1961 3421 2033 ὀστρακίνῳ
3441 1960 3620 2029 φθεγ-

2027 2056 2268 2126 γόμενοι.
2302 2054 2471 2108 Τοῦτό
2506 2054 2619 2106 ἐστι
2649 2053 2732 2117 τὸ,
2770 2053 2899 2119 Τοῖς
2927 2053 3273 2107 κατοικοῦσι
3299 2052 3485 2108 Σεδὲκ
3501 2069 3617 2122 με·-

2025 2145 2293 2213 λέτησις.
2336 2145 2539 2216 Ἀγαθὴ
2576 2144 2673 2217 μὲν
2702 2141 2796 2198 οὖν
2824 2144 3134 2216 μελέτησις,
3160 2144 3223 2198 τὸ
3262 2144 3493 2216 μελετᾷν
3516 2144 3619 2199 τὸν

2028 2238 2190 2308 νόμον
2215 2239 2418 2309 Κυρίου
2450 2237 2662 2309 ἡμέρας
2690 2239 2783 2291 κα).
2812 2237 3005 2300 νυκτός
3024 2255 3036 2268 υ
3074 2236 3286 2308 πονηρὰ
3324 2236 3382 2290 δὲ
3431 2239 3467 2307 ή
3500 2235 3618 2289 τῶν

2027 2329 2356 2392 Μωαϐιτῶν,
2380 2331 2460 2383 ὅτι
2494 2329 2646 2382 ἔσται
2673 2331 2784 2393 τοῖς
2807 2326 3122 2382 κατοικοῦσι
3169 2328 3333 2381 Σεδὲκ
3381 2326 3620 2398 μελέτη-

2029 2437 2131 2485 σις.
2163 2422 2226 2474 Oi
2251 2421 2431 2474 τοίνυν
2462 2419 2794 2491 μελετῶντες
2831 2420 2918 2473 ἐπ’
2943 2414 3207 2490 αἰσχύνης
3230 2419 3400 2483 ἀξίοις
3429 2419 3616 2489 λόγοις

2028 2516 2128 2569 οὐκ
2159 2514 2614 2585 ἐντραπήσονται.
2655 2513 2755 2566 Διὰ
2796 2513 2956 2569 τοῦτο
3012 2516 3089 2569 Τὰ
3128 2513 3306 2568 πεδία
3349 2514 3619 2569 Ἐσεϐὼν

2029 2605 2336 2673 πενθήσει.
2361 2605 2611 2677 Τιμωρία
2639 2604 2732 2659 τοῦ
2774 2604 2848 2677 μὴ
2874 2605 3229 2677 ἐντρέπεσθαι
3253 2643 3269 2669 ,
3317 2607 3351 2676 ἡ
3407 2605 3623 2677 ἀφορία

2029 2691 2136 2745 τῶν
2169 2692 2366 2745 πεδίων
2408 2692 2663 2745 Ἐσεῦών.
2701 2693 2855 2747 Ἔστι
2889 2694 2947 2747 δὲ
2989 2693 3199 2758 πόλεως
3244 2693 3415 2765 ὄνομα
3443 2696 3617 2748 Μωα-

2030 2783 2263 2855 6ιτικῆς,
2299 2783 2638 2856 εὐρυχωρίαν
2682 2785 2914 2856 ἐχούσης
2948 2785 3006 2839 ὲν
3052 2786 3165 2849 τοῖς
3206 2785 3619 2857 περικειμένοις

2030 2876 2165 2947 αὐτῇ
2191 2876 2536 2947 προαστείοις
2560 2894 2574 2907 ο
2599 2876 2635 2931 ἃ
2658 2877 2746 2931 διὰ
2770 2878 2867 2948 τὴν
2896 2877 3137 2949 πονηρὰν
3165 2877 3272 2930 τῶν
3301 2878 3620 2931 κατοικούν-

2028 2981 2138 3019 των
2177 2965 2465 3037 μελέτησιν
2507 2966 2677 3035 ἄγονα
2724 2966 2876 3020 ἔσται
2920 2967 3015 3019 καὶ
3053 2964 3311 3036 ἄκαρπα,
3352 2966 3617 3037 οὐδεμίαν

343 3061 587 3109 mentum
617 3052 823 3106 nullum
852 3052 1060 3108 colonis
1083 3055 1199 3109 suis
1241 3054 1546 3111 alierentia.
1586 3054 1744 3123 Quod
1777 3057 1824 3114 si
1855 3075 1919 3115 ex

2072 3058 2296 3128 ιφέλειαν
2321 3062 2435 3123 τοῖς
2463 3059 2775 3113 κατοικοῦσι
2805 3060 3132 3131 παρέχοντα.
3157 3062 3220 3113 Εἰ
3246 3058 3303 3113 δὲ
3326 3059 3525 3112 δεῖκαὶ
3548 3063 3618 3113 ὲκ

343 3142 463 3214 ipsa
511 3142 676 3199 etiam
730 3142 878 3199 verbi
931 3144 1154 3200 notione
1209 3159 1272 3200 ac
1323 3145 1682 3217 intelligentia
1718 3164 1819 3221 par
1851 3152 1925 3207 sit

344 3236 586 3307 aliquam
618 3235 865 3305 arripere
906 3235 1252 3292 occasionem
1281 3255 1294 3290 :
1323 3235 1532 3292 Esebon
1552 3278 1568 3305 ,
1611 3243 1658 3295 si
1689 3240 1812 3309 quis
1836 3242 1925 3296 in-

345 3338 638 3400 terpretor,
685 3327 827 3383 idem
869 3326 1012 3383 valet
1040 3327 1183 3399 quod
1230 3329 1505 3398 cogitatio.
1538 3330 1723 3402 itaque
1760 3348 1927 3389 vana-

342 3436 467 3476 rum
504 3435 568 3476 ac
602 3419 839 3475 lutilium
895 3419 1287 3489 cogitationum
1340 3424 1628 3479 multitudo
1668 3440 1789 3495 qua:
1828 3442 1928 3482 no-

347 3513 494 3568 mine
549 3526 863 3583 camporum
927 3510 1263 3582 designatur,
1320 3512 1443 3566 ideo
1501 3512 1737 3583 lugebit,
1781 3516 1926 3585 quod

346 3603 636 3674 impiorum
687 3603 1002 3673 dogmatum
1057 3602 1300 3672 pravitas
1348 3604 1483 3661 nihil
1532 3605 1606 3661 sit
1646 3606 1751 3663 sibi
1794 3623 1924 3679 pro-

345 3694 577 3751 lectura.

418 3825 545 3882 309.
596 3824 761 3880 Vinea
791 3824 1047 3893 Sebama,
1077 3827 1169 3896 qui
1192 3826 1463 3897 deglutitis
1491 3838 1687 3899 gentes,
1714 3830 1927 3885 concul-

348 3929 466 3974 cata
489 3920 665 3973 uineas
698 3918 814 3988 ejus
858 3934 1026 3989 usque
1055 3917 1218 3973 laser
1247 3935 1266 3973 :
1292 3936 1355 3974 ne
1396 3920 1778 3990 conjunxeritis
1801 3938 1820 3978 :
1844 3940 1926 3978 er-

346 4022 465 4066 rata
487 4026 582 4079 per
608 4009 914 4064 desertum:
941 4011 1090 4064 missi
1139 4009 1377 4065 derelicti
1414 4022 1563 4076 sunt,
1599 4014 1925 4067 transierunt

346 4102 488 4156 enim
538 4115 702 4153 mare.
749 4097 913 4155 Vens.
966 4099 1023 4164 9,
1076 4099 1167 4155 10.
1201 4097 1267 4152 Et
1314 4100 1431 4154 ideo
1464 4100 1746 4170 plorabant
1773 4104 1926 4173 quasi

347 4192 613 4248 oloratum
641 4191 828 4253 laser.
855 4192 1058 4245 vineam
1095 4191 1344 4245 Sebama.
1379 4192 1604 4246 Arbores
1633 4205 1754 4247 tuas
1787 4194 1917 4263 deje.

346 4286 416 4339 cit
444 4284 649 4340 Esebon
673 4294 723 4338 et
745 4282 950 4350 Eleale,
976 4283 1103 4353 quia
1124 4298 1344 4341 messem
1369 4292 1514 4336 tuam
1535 4293 1582 4337 et
1611 4285 1926 4338 vindemiam

349 4385 497 4430 tuam
543 4377 887 4437 conculcabo,
927 4380 977 4427 et
1016 4373 1197 4428 omnia
1248 4372 1545 4429 concident.
1599 4373 1668 4427 Et
1712 4374 1927 4429 tolletur

347 4467 542 4523 latitia
583 4475 631 4521 et
671 4464 962 4521 exsultatio
997 4464 1061 4518 de
1092 4463 1258 4518 uineis
1278 4479 1299 4515 :
1320 4474 1369 4517 et
1406 4464 1463 4517 in
1495 4464 1660 4518 vineis
1693 4465 1796 4518 tuis
1822 4481 1925 4520 non

349 4557 689 4623 (relabuntur,
718 4571 885 4621 neque
923 4552 1205 4608 calcabunt
1232 4552 1412 4607 uinum
1446 4555 1501 4607 in
1524 4554 1883 4608 torcularibus
1905 4570 1926 4611 :

347 4649 535 4703 etenim
554 4647 797 4702 cessavit.
822 4644 1088 4715 Superius
1115 4644 1318 4699 dictum
1348 4652 1438 4698 est
1462 4660 1478 4697 :
1505 4640 1690 4715 Campi
1720 4644 1925 4698 Esebon

346 4737 618 4810 lugebunt.
657 4736 812 4792 Nunc
863 4734 1128 4791 additur:
1161 4734 1233 4789 Et
1271 4735 1423 4790 uinea
1478 4732 1709 4789 Sebama
1747 4749 1768 4788 :
1795 4735 1925 4790 sub-

345 4832 584 4898 auditur,
640 4829 856 4900 lugebit.
905 4827 1098 4900 Itaque
1148 4840 1489 4898 unaquaeque
1528 4841 1661 4897 gens
1708 4825 1922 4881 vineam

346 4926 586 4998 aliquant
624 4922 830 4979 habere
866 4919 1084 4986 dicitur,
1118 4918 1282 4975 sicuti
1334 4925 1419 4974 est
1475 4917 1835 4973 Sodomorum
1866 4925 1923 4972 et

418 5126 777 5201 (95),Codices
796 5123 860 5201 Ε.
895 5121 963 5179 ll.
1004 5119 1055 5178 .l.
1082 5136 1211 5201 cum
1248 5117 1407 5201 (ξομ)ζ
1432 5117 1627 5201 primo,
1683 5113 1918 5201 φθέγξαέ

348 5186 660 5267 σθαι.ἰὶεε.
712 5196 903 5267 tertius
930 5201 986 5267 et
1031 5191 1184 5257 editi,
1237 5186 1730 5267 φθέγξασθεηηοο
1761 5187 1921 5240 aliter

348 5273 545 5342 legitur
571 5256 710 5337 apud
733 5263 1075 5342 Procopium,
1091 5256 1225 5342 pag.
1241 5256 1366 5313 256.
1393 5256 1695 5342 Notandum
1712 5264 1917 5342 tamen,

349 5325 491 5408 quod
516 5325 648 5405 lleg.
677 5334 869 5390 tertius
907 5325 1112 5408 habeat
1133 5325 1201 5408 et"
1216 5329 1515 5408 ipsepaulo
1550 5337 1669 5394 post
1696 5325 1919 5395 perinde

348 5396 517 5478 atque
538 5396 627 5462 alii
650 5400 1134 5478 ωδε.,προσέρηκε
1143 5400 1216 5478 λτὸ
1239 5396 1601 5478 ξφθέγξασθαι.
1704 5463 1717 5478 _
1792 5464 1803 5476 θ

421 5463 531 5550 (91)
562 5477 727 5543 Editi,
750 5463 813 5529 0i
841 5463 1088 5543 οὐκ,Ρώ
1111 5466 1203 5524 οὖν
1240 5463 1291 5524 in
1330 5463 1502 5524 tribus
1543 5480 1673 5521 mss.
1704 5463 1918 5535 legitur,

381 5568 534 5689 ν’(93)
572 5615 831 5689 Εᾴἰιίκοὶ
883 5610 1246 5689 διαλογισμοί.
1306 5607 1566 5689 Atﬁegii
1598 5605 1815 5689 primus
1867 5613 1923 5659 et

356 5679 571 5755 tertius,
617 5687 646 5739 ὁ
671 5679 1035 5755 διαλογισμὸς.
1059 5679 1167 5740 nec
1197 5681 1268 5736 ita
1305 5679 1471 5736 multo
1492 5688 1619 5765 post.
1640 5691 1803 5767 mss.”
1826 5689 1924 5764 uo-

2025 3151 2126 3222 τῆς
2156 3149 2252 3204 τοῦ
2297 3152 2541 3223 ῥήματος
2591 3150 2834 3214 διανοίας
2890 3152 3075 3205 λαϐεῖν
3131 3168 3253 3204 τινα
3312 3150 3615 3221 ἀφορμήν·

2040 3240 2276 3298 Ἐσεὸὼν
2310 3246 2344 3298 ό
2380 3242 2769 3314 διαλογισμὸς
2810 3243 2921 3313 (95)
2954 3242 3335 3316 ἑρμηνεύεται.
3391 3241 3475 3294 Τὰ
3518 3237 3615 3295 οὖν

2027 3335 2208 3407 πλήθη
2229 3335 2337 3388 τῶν
2361 3335 2605 3405 ματαίων
2638 3335 3003 3406 διαλογισμῶν
3034 3334 3070 3388 ἃ
3093 3335 3250 3387 πεδία
3274 3333 3613 3397 ὠνόμασται,

2024 3428 2305 3499 πενθήσει,
2344 3428 2420 3491 ὡς
2444 3429 2524 3491 είς
2547 3428 2698 3481 οὐδὲν
2733 3427 3127 3499 προχωρούσης
3148 3427 3248 3497 τῆς
3291 3426 3457 3479 οἱονεὶ
3510 3442 3615 3478 πο-

2027 3518 2220 3590 νηρίας
2240 3518 2348 3572 τῶν
2381 3517 2593 3573 ἀσεϐῶν
2614 3518 2921 3589 δογμάτων.

2096 3820 2221 3878 309.
2258 3822 2552 3891 Ἀμπελος
2570 3823 2823 3891 Σεϐαμὰ,
2854 3823 3288 3900 καταπίνοντες
3328 3823 3404 3878 τὰ
3430 3826 3608 3893 ἔθνη,

2027 3911 2493 3980 καταπατήσατε
2530 3914 2636 3979 τὰς
2666 3912 2979 3983 ἀμπέλους
3027 3914 3218 3982 αὐτῆς
3255 3914 3367 3982 ἕως
3407 3914 3611 3987 Ἰαζήρ.

2030 4005 2114 4058 Οὐ
2144 4002 2232 4073 μὴ
2268 4004 2622 4072 συνάψητε·
2658 4004 3012 4073 πλανήθητε
3071 4004 3188 4073 τὴν
3234 4006 3461 4075 ἔρημον
3484 4024 3498 4038 ·
3554 4008 3615 4062 οι

2025 4092 2471 4161 ἀπεσταλμένοι
2523 4093 3081 4162 ἐγκατελείφθησαν
3127 4094 3277 4165 (96)·
3317 4096 3616 4164 διέϐησαν

2025 4187 2138 4256 γὰρ
2156 4186 2271 4255 τὴν
2285 4187 2626 4241 θάλασσαν.
2651 4186 2763 4240 Καὶ
2777 4186 2877 4241 διὰ
2894 4188 3069 4242 τοῦτο
3084 4189 3456 4243 κλαύσονται
3472 4189 3610 4259 (97),

2026 4279 2107 4344 ὡς
2140 4278 2247 4332 τὸν
2293 4277 2606 4347 κλαυθμὸν
2664 4276 2866 4347 Ἰαζὴρ,
2922 4279 3197 4349 ἄμπελον
3215 4279 3471 4350 Σεϐαμά.
3536 4281 3614 4334 Τὰ

2027 4368 2247 4438 δένδρα
2274 4387 2391 4424 σου
2422 4370 2752 4424 κατέϐαλεν
2800 4370 3066 4425 Ἐσεϐὼν
3089 4372 3188 4425 καὶ
3220 4372 3503 4439 Ἐλεαλὴ,
3522 4371 3616 4426 ὅτι

2029 4460 2130 4515 ἐπὶ
2152 4460 2234 4526 τῷ
2266 4459 2523 4529 θερισμῷ
2554 4476 2670 4514 σου
2702 4460 2802 4514 καὶ
2836 4460 2918 4527 τῷ
2951 4459 3218 4531 τρυγητῷ
3257 4478 3374 4515 σου
3429 4477 3617 4515 κατα-

2031 4548 2303 4616 πατήσω,
2358 4549 2458 4603 καὶ
2492 4549 2691 4603 πάντα
2736 4551 3235 4604 καταπεσοῦνται.
3274 4550 3386 4604 Καὶ
3428 4551 3613 4618 ἀρθή-

2033 4654 2202 4694 σεται
2225 4641 2573 4709 εὺρροσύνη
2599 4640 2697 4694 καὶ
2728 4641 3070 4710 ἀγαλλιαμα
3092 4641 3161 4694 ἐκ
3198 4640 3317 4694 τῶν
3335 4640 3616 4709 ἀμπελῦ-

2031 4749 2174 4798 νων,
2206 4732 2305 4786 καὶ
2325 4732 2396 4785 ἐν
2422 4732 2546 4798 τοῖς
2573 4732 2887 4802 ἀμπελῶσί
2918 4749 3035 4787 σου
3071 4734 3144 4786 οὐ
3163 4732 3251 4801 μὴ
3277 4732 3617 4801 εὐφρανθή-

2033 4840 2268 4891 σονται,
2308 4823 2408 4877 καὶ
2440 4827 2508 4878 οὐ
2532 4824 2620 4894 μὴ
2665 4824 3023 4893 πατήσωσιν
3053 4826 3142 4890 εὶς
3190 4824 3264 4878 τὰ
3306 4824 3617 4890 ὑπολήνια

2029 4911 2228 4969 οἶνον·
2265 4914 2567 4969 πέπαυται
2598 4915 2732 4984 γάρ.
2767 4915 3012 4969 Κατόπιν
3041 4913 3278 4986 εἴρηται·
3329 4916 3405 4968 Τὰ
3433 4913 3617 4968 πεδία

2026 5113 2148 5179 stri,
2177 5113 2214 5167 ἃ
2243 5113 2420 5167 πεδια.
2456 5111 2652 5166 Vocula
2687 5110 2722 5165 ἆ
2751 5110 2801 5164 in
2834 5121 2997 5164 eatt.s
3030 5110 3393 5165 desideratur.

2098 5185 2210 5254 (96)
2255 5185 2437 5238 Codex
2495 5198 2651 5244 unus,
2712 5179 3221 5251 ἐγκατελήφθησαν,
3271 5182 3615 5236 circumuenti

2026 5263 2208 5393 ,αῖεῆ
2256 5321 2405 5376 Ειίἰίῖ
2446 5323 2712 5393 etuastri
2757 5329 2987 5392 quatuor
3017 5335 3171 5393 mss.,
3254 5319 3608 5393 κλαύσονται,

2025 5390 2326 5476 plorabant.
2353 5394 2421 5476 At
2445 5391 2609 5476 mg,
2637 5390 3005 5476 EtlﬁCPlllSillle
3025 5401 3079 5443 et
3101 5390 3415 5476 Procgpms‘,
3441 5390 3614 5476 κλέύ-

2025 5479 2209 5533 σομαι,
2240 5461 2475 5529 plorubo.
2507 5462 2629 5516 Mox
2657 5463 2788 5516 editi
2824 5471 2877 5512 et
2914 5464 3018 5513 duo
3049 5476 3202 5522 tnss.,
3235 5461 3480 5530 ἄμπελον
3510 5462 3611 5514 Σε-

2025 5533 2197 5602 6αμά.
2231 5534 2335 5585 Alii
2370 5533 2656 5602 1111011135..
2689 5528 2953 5602 ἄμπελος.
3003 5528 3162 5602 Vinea
3194 5529 3441 5585 Sebuma.
3464 5530 3616 5602 Suti—

2026 5597 2151 5673 intie
2175 5604 2326 5660 editi.
2361 5600 2605 5673 θερισμῷ
2635 5597 2851 5658 καϊὲπὶ
2875 5600 2972 5673 τῷ.
3010 5600 3157 5656 Libri
3190 5610 3420 5667 veteres,
3459 5597 3612 5672 θερι-

2027 5672 2151 5745 σμῷ
2178 5689 2271 5725 σου
2308 5672 2401 5725 καὶ
2439 5672 2531 5744 τῷ.
2796 5676 2811 5682 ’λ
