3810 6214
138 329 234 383 637

943 325 1297 380 COMMENT.
1341 325 1408 378 IN
1449 326 1687 383 lSAlAM
1725 328 2162 385 PROPHETAM.
2205 331 2359 387 CAP.
2405 332 2536 388 XVI.

3283 337 3384 391 653

138 439 381 492 Ἐσεϐὼν
401 439 727 506 πενθήσει·
753 439 848 494 νῦν
870 441 1188 513 πρόσκειται
1217 443 1350 510 (98),
1377 445 1456 497 ὅτι
1479 445 1572 497 καὶ
1591 447 1716 514 ’Ἁμ-

1826 449 2140 503 Gomorrba:
2189 451 2406 520 propria
2457 451 2701 520 quadam
2754 460 2808 506 et
2868 452 3153 520 peculiaris
3205 456 3384 512 vinea.

139 536 313 597 πειος
335 532 573 599 Σεϐαμά
591 551 603 564 ο
623 533 728 586 ἀπὸ
745 532 854 600 (99)
881 533 1059 586 κοινοῦ
1082 535 1142 586 τὸ
1159 534 1433 606 πενθήσει.
1452 536 1714 590 Ἐκάστου

140 621 305 674 τοίνυν
338 622 530 684 ἔθνους
560 623 776 691 λέγεταί
804 641 884 687 τις
903 624 1168 693 ἄμπελος,
1200 621 1310 678 οἷον
1340 626 1589 697 Σοδόμων
1621 629 1715 683 καὶ

141 713 408 784 Γομόρρας
435 713 720 777 ἰδιάζουσά
743 717 890 768 ἐστιν
915 717 948 786 ἡ
973 715 1234 785 ἄμπελος.
1270 718 1361 770 Διὸ
1403 719 1714 790 γέγραπται

140 805 212 866 τὸ,
241 806 318 856 δτι
359 805 456 865 Ἐξ
486 806 765 873 ἀμπέλου
800 806 1079 876 Σοδόμων
1116 809 1155 875 ἡ
1185 806 1456 876 ἄμπελος
1493 810 1712 877 αὐτῶν,

143 897 229 948 καὶ
263 896 297 961 ἡ
332 897 635 965 κληματίς
661 896 859 950 αὐτῶν
880 898 948 952 ἐκ
993 901 1044 952 Γ
1047 902 1324 968 ομόρῤας.
1367 899 1556 966 Οὕτως
1599 903 1715 956 ἐστὶ

143 987 223 1037 καὶ
250 987 279 1056 ἡ
304 987 629 1055 Αἰγυπτίων
657 989 922 1059 ἄμπελος,
945 991 1010 1060 ἣν
1043 992 1309 1044 πατάσσει
1339 995 1368 1045 ό
1395 992 1546 1057 Θεὸς,
1574 993 1716 1048 κατά

142 1079 193 1130 τὺ
213 1078 533 1150 εἰρημένονο
601 1079 972 1136 Ἇπέκτεινεν
1009 1083 1080 1136 ἐν
1115 1082 1342 1153 χαλάζῃ
1385 1083 1500 1151 τὴν
1529 1083 1715 1153 ἄμπε-

139 1175 242 1224 λον
270 1173 493 1236 αὐτῶν,
535 1173 636 1227 καὶ
681 1174 788 1242 τὰς
845 1176 1222 1244 συκαμίνους
1270 1177 1468 1230 αὐτῶν
1520 1177 1590 1230 ἐν
1639 1176 1714 1245 τῇ

141 1264 347 1333 πάχνη.
375 1267 539 1319 Ἐστι
563 1267 622 1320 δέ
659 1284 744 1332 τις
777 1268 1050 1338 ἄμπελος,
1101 1269 1168 1339 ἢν
1209 1268 1504 1338 ἐφύτευσεν
1543 1271 1571 1322 ὁ
1604 1267 1714 1321 Κύ-

141 1372 262 1425 920;.
300 1358 466 1426 ’ᾼσω
503 1359 615 1430 γὰρ
641 1356 722 1423 τῷ
763 1359 1129 1428 ἠγαπημένῳ
1155 1358 1318 1428 ᾆσμα
1345 1358 1451 1412 τοῦ
1482 1360 1713 1428 ἀγαπη-

139 1444 234 1497 τοῦ
255 1445 331 1511 τῷ
359 1447 681 1515 ἀμπελῶνί
703 1466 846 1518 μου.
893 1447 1196 1520 Ἀμπελὼν
1224 1449 1300 1520 (1)
1351 1447 1605 1518 ἐγενήθη
1635 1447 1716 1513 τῷ

139 1537 493 1606 ἠγαπημένῳ
509 1539 585 1592 ἐν
612 1515 812 1607 κέρατι
837 1539 908 1592 ἐν
935 1515 1096 1606 imi...
1130 1515 1313 1594 πίοιρι.
1347 1515 1523 1592 Πάλιν
1543 1515 1716 1608 ἀμπεο

139 1627 234 1679 λὼν
255 1629 286 1698 ἡ
308 1628 560 1698 βασιλεία
592 1631 685 1684 τοῦ
716 1631 852 1684 Θεοῦ
885 1629 1123 1702 εἴρηται,
1153 1630 1230 1694 ὡς
1261 1629 1289 1680 ὁ
1314 1629 1519 1700 Κύριος
1573 1646 1715 1700 παρ-

140 1720 318 1790 έστησε
347 1722 436 1775 διὰ
465 1722 572 1792 τῆς
607 1723 921 1795 παραϐολῆς
953 1723 1062 1776 τῶν
1083 1721 1342 1794 γεωργῶν
1368 1762 1383 1787 ,
1418 1721 1525 1776 τῶν
1559 1720 1716 1774 ἐκλα-

1819 535 2158 608 Quapropter
2182 542 2440 610 scriptum
2469 551 2551 596 est
2585 559 2598 595 :
2632 542 2716 596 Ea:
2740 544 2888 598 vinea
2915 543 3288 609 Sodomorum,
3312 551 3388 600 vi-

1817 645 1916 682 nea
1967 641 2260 684 eorum:et
2316 631 2516 702 palmes
2576 650 2758 687 eorum
2800 651 2865 688 ea:
2917 632 3390 693 Gomorrha“.lta

1815 736 2031 790 quoque
2061 725 2310 791 quaedam
2354 733 2436 780 est
2469 724 2844 797 Egyptiorum
2874 728 3054 793 vinea,
3089 743 3246 798 quam
3274 745 3391 797 per-

1817 815 1954 867 cutit
1985 815 2145 879 Deus,
2181 813 2333 885 juxta
2368 817 2572 872 dictum
2628 817 2754 872 illud
2784 836 2796 871 :
2825 817 3030 872 Occidi!
3057 819 3110 871 in
3133 819 3390 888 grandine

1819 908 2023 960 vineam
2077 923 2280 970 eorum,
2331 918 2379 961 et
2418 924 2590 963 moros
2636 925 2820 962 eorum
2881 910 2940 963 in
2984 909 3253 978 pruina".
3292 909 3387 965 Est

1819 1009 1999 1049 autem
2026 999 2183 1052 vinea
2215 998 2420 1067 aliqua,
2456 1014 2618 1069 quam
2645 1001 2908 1070 plantavit
2939 999 3217 1056 Dominus.
3247 1001 3390 1055 Can-

1820 1082 1941 1134 tabo
1972 1084 2113 1138 enim
2149 1084 2339 1138 dilecto
2375 1087 2640 1139 canticum
2673 1086 2851 1140 dilecti
2885 1087 2986 1140 mei
3021 1088 3182 1142 uinea:
3229 1103 3378 1143 metu.

1826 1170 1993 1226 Vinea
2038 1174 2184 1242 facta
2221 1183 2297 1228 est
2340 1175 2531 1230 dilecto
2577 1177 2632 1230 in
2676 1193 2862 1242 cornu,
2896 1177 3090 1232 inloco
3123 1178 3305 1248 pingui
3320 1179 3386 1234 ³⁸.

1818 1263 2025 1320 Rursus
2071 1281 2290 1334 regnum
2341 1268 2433 1322 Dei
2463 1268 2790 1338 appellatum
2825 1278 2909 1323 est
2943 1273 3120 1333 vinea,
3159 1271 3236 1322 uti
3283 1285 3382 1324 ex-

1819 1358 2024 1425 pressit
2098 1357 2358 1414 Dominus
2404 1359 2457 1414 iu
2518 1361 2878 1431 agricolarum
2945 1361 3197 1432 parabola
3220 1363 3264 1395 ³⁸
3296 1363 3388 1433 qui

1817 1451 2033 1520 quidem
2067 1467 2251 1506 curam
2293 1462 2643 1522 susceperant
2667 1453 2905 1508 colendae
2934 1453 3123 1520 vineae,
3153 1453 3245 1508 sed
3272 1454 3386 1508 ιω-

1817 1552 1938 1597 etes
1993 1557 2334 1613 nequaquam
2385 1545 2702 1599 reddebant.
2761 1544 3045 1613 Auferetur
3099 1545 3266 1612 enim,
3305 1545 3390 1599 in-

1818 1633 1958 1701 quit.
1995 1650 2026 1687 a
2061 1635 2206 1688 vobis
2256 1650 2470 1705 regnum
2505 1635 2777 1699 caelorum,
2808 1645 2856 1688 et
2902 1635 3120 1688 dabitur
3142 1635 3284 1704 genti
3314 1635 3393 1704 [a-

1817 1725 1974 1778 cienti
2026 1726 2236 1794 fructus
2262 1727 2377 1796 ejus
2395 1727 2462 1780 ⁸ο.
2488 1728 2565 1781 Ac
2594 1727 2639 1780 si
2671 1727 2875 1782 diceret
2908 1745 2921 1780 :
2950 1726 3176 1796 Eloquia
3207 1727 3391 1782 divina

141 1810 327 1864 ϐόντων
369 1813 469 1882 μὲν
499 1814 596 1868 τὸν
627 1814 946 1886 ἀμπελῶνα,
970 1815 1096 1878 τοὺς
1123 1814 1178 1866 δὲ
1206 1815 1452 1886 καρποὺς
1486 1812 1561 1884 μὴ
1587 1812 1717 1865 ἁπο-

1826 1831 1850 1869 a
1879 1817 2030 1872 vobis
2054 1818 2385 1885 auferentnr,
2411 1820 2491 1873 lex
2525 1819 2734 1875 scilicet
2767 1830 2821 1874 et
2850 1819 3158 1887 prophetae;
3192 1819 3391 1888 quippe

140 1899 391 1956 διδόντων.
439 1906 787 1973 Ἁρθήσεται
827 1905 957 1978 γὰρ,
999 1907 1163 1977 φησὶν
1197 1905 1309 1974 (2),
1341 1905 1440 1974 ἀφ’
1472 1903 1638 1974 ὑμῶν
1676 1904 1712 1972 ἦ

143 1993 406 2055 βασιλεία
435 1995 559 2048 τῶν
598 1997 886 2066 οὐρανῶν,
919 1999 1016 2052 καὶ
1043 1997 1364 2063 δοθήσεται
1397 1996 1554 2050 ἔθνει
1579 2010 1712 2050 ποι-

142 2072 230 2135 οῦῖ
245 2103 291 2136 τι
322 2087 464 2152 τοὺς
512 2088 785 2155 καρποὺς
815 2087 1026 2157 αὐτῆς.
1060 2088 1204 2141 Ὠσεὶ
1244 2087 1432 2157 ἔλεγεο
1476 2087 1558 2141 Τὰ
1595 2087 1715 2142 θεῖα

144 2175 281 2242 λόγια
307 2177 398 2247 ἀφ’
422 2178 585 2247 ὑμῶν
606 2178 924 2250 ἀρθήσεται,
947 2181 975 2231 ό
1004 2180 1165 2250 νόμος
1201 2179 1294 2232 καὶ
1326 2181 1374 2233 οἱ
1418 2181 1711 2250 προφῆται,

145 2265 219 2316 διὰ
243 2267 298 2318 τὸ
330 2266 404 2336 μὴ
444 2267 829 2321 πολιτεύεσθαι
859 2269 1004 2339 ὑμᾶς
1034 2269 1177 2322 κατὰ
1224 2269 1287 2322 τὸ
1328 2267 1573 2339 βούλημα
1620 2270 1716 2322 αὑ-

146 2356 264 2407 τῶνο
298 2357 391 2409 κα).
421 2358 714 2428 δοθήσεται
753 2357 821 2411 τὰ
849 2360 1095 2430 νοήματα
1125 2357 1269 2412 ἔθνει
1300 2357 1389 2410 διὰ
1434 2357 1533 2427 τῆς
1567 2357 1715 2410 πολι-

146 2451 274 2514 τείας
311 2452 557 2505 ποιοῦντι
584 2455 708 2515 τοὺς
748 2453 992 2523 καρποὺς
1027 2449 1213 2505 αὐτοῦ.
1248 2451 1335 2515 Ὠς
1363 2444 1456 2504 οὖν
1485 2448 1716 2502 ἐνταῦθα

145 2541 365 2610 ἄμπελος
395 2545 422 2595 ό
445 2543 610 2612 λόγος
638 2545 734 2614 τῆς
760 2543 1034 2613 ἀληθείας,
1063 2542 1237 2606 οὕτως
1259 2543 1502 2613 ἄμπελος
1551 2539 1718 2608 Αἰγύ-

147 2647 262 2684 πτου
305 2635 332 2686 ὁ
358 2634 515 2702 λόγος
547 2637 578 2686 ὁ
608 2633 810 2706 ψευδὴς
857 2634 1348 2704 ἐμπολιτευόμενος
1393 2637 1506 2697 τοῖς
1553 2633 1718 2702 Αἰγυ-

147 2725 324 2787 πτίοις,
351 2726 503 2797 παρά
525 2724 622 2778 τοῦ
651 2725 1093 2798 κοσμοκράτορος
1123 2725 1218 2778 τοῦ
1257 2726 1482 2788 σκότους
1523 2723 1714 2778 τούτου

148 2817 570 2888 παραδεδομένος
605 2819 790 2882 αὐτοῖς
843 2821 924 2880 εἰς
961 2817 1263 2890 γεωργίαν,
1323 2817 1418 2870 κα).
1455 2814 1715 2886 ἀμπελὼν

149 2909 535 2978 πεφυτευμένος
585 2911 643 2962 ἐν
673 2910 926 2979 Σοδόμοις
983 2910 1012 2962 ὁ
1063 2910 1278 2981 πονηρᾷ
1327 2906 1584 2978 συνηθείᾳ
1619 2904 1714 2960 τοῦ

150 2997 250 3068 βίου
282 3002 382 3053 ὑπὸ
403 3002 594 3054 κακῶν
609 3002 718 3055 τῶν
737 3004 852 3055 ἐκεῖ
879 3001 1355 3072 μισθαρνουμένων
1380 2999 1458 3071 τῷ
1488 2998 1716 3069 διαϐόλῳ

151 3091 547 3162 ἐκπονούμενος.
599 3087 778 3146 Οίοῦν
822 3094 890 3146 τὰ
943 3093 1153 3146 ἐκείνου
1189 3091 1470 3163 μαθόντες,
1520 3089 1615 3143 καὶ
1647 3087 1715 3142 τά

1818 1909 1944 1976 quia
1981 1923 2046 1963 ex
2091 1909 2302 1964 illorum
2343 1920 2525 1965 mente
2577 1925 2642 1964 ac
2684 1911 2896 1980 placitis
2934 1913 3100 1964 vitam
3152 1921 3388 1964 vestram

1821 1999 2044 2054 minime
2097 1999 2445 2064 instituistis;
2495 2009 2550 2053 et
2595 2015 2782 2053 eorum
2837 1999 3188 2070 intelligentia
3243 1997 3389 2068 genti

1815 2103 1936 2158 qua:
1981 2088 2214 2146 fructum
2271 2090 2389 2159 ejus
2437 2107 2532 2162 per
2566 2093 2690 2145 vita:
2732 2092 3036 2145 institutum
3079 2089 3263 2150 faciet,
3295 2089 3392 2142 da-

1815 2179 1982 2234 bitur.
2021 2180 2484 2246 Quemadmodum
2527 2182 2694 2251 igitur
2731 2178 2820 2234 llic
2854 2180 3012 2234 vinea
3041 2179 3238 2234 dicitur
3273 2191 3395 2233 ser-

1821 2285 1910 2324 mo
1953 2270 2237 2325 veritatis:
2273 2271 2344 2325 ita
2375 2273 2527 2327 vinea
2568 2270 2786 2342 Egypti
2832 2281 2916 2326 est
2945 2285 3125 2325 sermo
3155 2268 3389 2324 mendax

1819 2359 1964 2415 inter
1990 2359 2274 2432 Egyptios
2323 2377 2692 2426 commorans,
2733 2361 2824 2430 qui
2866 2375 2893 2412 a
2926 2361 3166 2430 principe
3205 2359 3390 2412 mundi

1821 2453 2170 2506 tenebrarum
2223 2455 2414 2509 harum
2451 2455 2532 2508 eis
2567 2453 2665 2506 fuit
2709 2455 2774 2506 ad
2813 2452 3096 2508 colendum
3140 2450 3389 2504 traditus.

1821 2543 1991 2598 'Vinea
2021 2558 2236 2613 quoque
2273 2546 2322 2598 in
2355 2543 2604 2599 Sodomis
2638 2544 2906 2611 plantata,
2937 2557 3000 2597 ea
3025 2550 3108 2597 est
3148 2555 3268 2609 qua:
3296 2555 3394 2610 per

1823 2626 2147 2706 ﬂagitiosam
2187 2635 2312 2689 vita:
2346 2635 2792 2690 consuetudinem
2843 2650 2872 2686 a
2903 2633 3185 2704 quibusvis
3220 2631 3393 2686 scele-

1822 2729 1956 2782 ratis
1991 2727 2098 2781 illic
2123 2727 2338 2781 diabolo
2371 2742 2592 2796 operam
2625 2743 2781 2780 suam
2806 2728 3058 2780 mercede
3088 2725 3392 2780 locautibus

1817 2818 2108 2874 excolitur.
2163 2817 2348 2888 Itaque
2375 2819 2463 2887 qui
2511 2818 2726 2887 rejectis
2775 2818 2983 2872 Domini
3031 2816 3390 2886 dogmatibus,

1818 2907 2023 2962 diaboli
2059 2907 2252 2977 placita
2286 2908 2522 2973 discunt,
2557 2909 2589 2961 ii
2621 2923 2650 2961 a
2686 2923 2814 2962 vera
2851 2908 2938 2962 illa
2985 2907 3075 2961 Dei
3127 2908 3237 2960 vite
3269 2919 3396 2960 sese

1819 2999 2088 3053 radicitus
2121 2998 2392 3064 avulsere,
2418 2997 2855 3068 quandoquidem
2915 2997 3086 3053 dicit:
3115 2995 3226 3068 Ego
3275 3011 3394 3048 sum

1816 3087 1935 3142 vitis
1989 3087 2190 3146 vera“.
2226 3089 2266 3142 E
2299 3089 2548 3144 Sodomis
2594 3099 2774 3144 autem
2823 3098 2878 3143 et
2911 3087 3215 3144 Gomorrha
3247 3101 3397 3140 sum.

152 3183 231 3235 τοῦ
263 3185 460 3257 Κυρίου
490 3186 743 3255 δόγματα
775 3185 1168 3248 ἀποϐάλλοντες
1196 3185 1272 3250 (³5)
1294 3224 1309 3248 ,
1344 3182 1710 3254 ὲξερῤίξωσαν

1826 3192 1972 3247 psere
2021 3194 2176 3232 suum
2251 3179 2526 3250 palmitem
2560 3187 2929 3250 :quapropter
2967 3179 3199 3232 fructum
3256 3177 3395 3232 refe-

153 3274 236 3342 μὲν
265 3276 482 3340 ἑαυτοὺς
512 3277 625 3330 ἀπὸ
652 3279 750 3352 τῆς
789 3275 1034 3346 ἀμπέλου
1078 3274 1170 3328 τοῦ
1201 3273 1334 3327 Θεοῦ
1378 3274 1478 3344 τῆς
1521 3271 1709 3342 ἀληθι-

161 3365 256 3434 γῆς,
285 3369 371 3421 τοῦ
428 3369 706 3431 εἰπόντος·
761 3367 899 3436 Ἐγώ
925 3369 1042 3436 εἶμι
1080 3367 1119 3433 ἡ
1159 3365 1427 3435 ἄμπελος
1469 3366 1508 3433 ἡ
1561 3365 1711 3430 ἀλη-

155 3458 290 3522 θινή.
335 3461 638 3528 Ἦγάγοντο
669 3459 728 3512 δὲ
760 3459 869 3512 ἀπὸ
897 3459 1145 3532 Σοδόμων
1172 3458 1264 3510 καὶ
1292 3457 1584 3528 Γομόρρων
1614 3453 1713 3525 τὴν

1819 3279 1964 3335 ruut,
1989 3271 2152 3342 613
2195 3287 2353 3326 uvam
2390 3271 2600 3326 scilicet
2630 3271 2791 3337 fellis,
2815 3280 2864 3324 et
2899 3272 3112 3324 botrum
3135 3268 3396 3322 amaritu-

1819 3363 1992 3428 dinis;
2027 3375 2079 3418 et
2115 3366 2264 3418 furor
2289 3366 2583 3419 draconum
2609 3372 2694 3434 est
2718 3364 2900 3418 viuum
2931 3371 3212 3426 eorum,et
3245 3361 3395 3416 furor

1821 3456 2064 3524 aspidum
2102 3457 2414 3511 insanabilis
2435 3457 2500 3512 "'.

156 3549 458 3622 κληματίδα,
534 3552 618 3606 διὸ
673 3552 766 3605 καὶ
786 3551 1092 3621 γεωργοῦσι
1150 3549 1424 3619 σταφυλὴν
1479 3545 1641 3617 χολῆς
1691 3546 1786 3600 καὶ
1825 3545 2020 3618 βότρυν
2058 3549 2317 3618 πικρίαςο
2367 3549 2462 3603 καὶ
2507 3548 2674 3620 θυμός
2708 3547 2822 3601 ἐστι
2846 3547 3150 3620 δρακόντων
3187 3548 3216 3598 ὁ
3257 3541 3397 3609 οἶνος

157 3646 333 3709 αὐτῶν,
367 3650 457 3701 καὶ
485 3646 658 3716 θυμὸς
686 3647 927 3700 ἀσπίδων
941 3641 1168 3708 ’ἀνίατος

219 3739 330 3792 310.
365 3740 475 3792 Καὶ
505 3741 540 3808 ἡ
571 3739 644 3806 (4)
677 3736 856 3790 τοίνυν
883 3734 1150 3805 λεγομένη
1183 3731 1423 3803 ἄμπελος
1473 3729 1720 3800 Σεϐαμὰ,

159 3830 326 3901 ἐπειδὴ
363 3827 728 3901 ἑρμηνεύεται
759 3827 822 3880 τὸ
877 3824 1102 3895 Σεϐαμά
1149 3822 1518 3891 ἐπιστροφὴ,
1583 3822 1722 3893 τάχα

159 3917 296 3987 λόγος
317 3922 397 3984 τίς
421 3923 539 3973 ἐστι
564 3916 1036 3989 ἐσχηματισμένος
1054 3954 1070 3978 ,
1109 3913 1574 3984 προσποιούμενος
1619 3913 1720 3982 μὲν

161 4008 429 4078 ἔχειντινά
459 4008 750 4063 εὐλάϐειαν
777 4006 872 4060 κα).
907 4002 1252 4074 ἀναχώρησιν
1279 4003 1387 4055 ἀπὸ
1411 4002 1519 4054 τῶν
1551 4018 1717 4072 πονη-

165 4097 259 4166 ρῶν
289 4099 698 4170 προσκλήσεων,
722 4097 780 4148 ὲν
803 4095 860 4149 δὲ
893 4094 966 4164 τῷ
995 4091 1363 4164 σχηματισμῷ
1388 4091 1562 4160 τούτῳ
1616 4091 1718 4143 ὑπ-

163 4188 404 4257 αγόμενος
424 4189 656 4252 πολλοὺς
678 4190 756 4250 εἰς
783 4189 882 4256 τὴν
904 4186 1108 4238 οἰκείαν
1149 4185 1498 4256 διαστροφήν.
1526 4183 1719 4256 Εὖροις

162 4276 198 4327 δ’
228 4280 285 4333 ἂν
313 4284 401 4335 καὶ
427 4282 658 4344 πολλοὺς
708 4279 816 4334 τῶν
857 4277 1308 4349 ὲτεροδοξούντων
1354 4276 1430 4346 (5)
1463 4277 1722 4346 ἐπιστρε-

1900 3730 2025 3785 ⁸510.
2070 3729 2258 3801 Itaque
2284 3746 2405 3800 qua:
2449 3732 2601 3786 vinea
2632 3731 2830 3787 dicitur
2873 3729 3103 3785 Sebama
3137 3725 3400 3796 (quando-

1823 3821 2042 3891 quidem
2077 3822 2121 3876 si
2162 3823 2560 3891 interpreteris,
2598 3821 2829 3878 Sebama
2879 3819 3021 3875 idem
3055 3827 3213 3874 sonat
3253 3817 3400 3888 quod

1823 3915 2138 3984 conversio),
2174 3915 2315 3970 forte
2347 3930 2528 3970 sermo
2575 3915 2796 3985 quidam
2837 3923 2922 3970 est
2969 3912 3272 3975 simulatus,
3306 3909 3402 3980 qui

1821 4005 2045 4074 quidem
2074 4008 2319 4062 nonnihil
2351 4008 2571 4078 pietatis
2600 4016 2656 4063 et
2680 4008 2970 4078 quemdam
2998 4022 3028 4060 a
3069 4005 3249 4075 pravis
3282 4002 3402 4057 ille-

1825 4098 2002 4152 cebris
2045 4115 2318 4154 recessum
2351 4116 2463 4170 pra:
2508 4116 2568 4156 se
2601 4099 2746 4154 ferre
2800 4100 3040 4162 simulat,
3074 4099 3167 4153 sed
3196 4111 3292 4168 per
3326 4093 3404 4150 si-

1831 4187 2178 4243 mulationem
2212 4189 2353 4244 hanc
2399 4205 2502 4244 non
2541 4205 2742 4260 paucos
2771 4188 2976 4259 pellicit
2999 4188 3050 4242 in
3082 4201 3236 4241 suam
3276 4199 3402 4254 per-

1835 4277 2164 4333 versitatem.
2207 4279 2457 4334 invenias
2481 4280 2645 4334 etiam
2685 4278 2992 4348 complures
3041 4275 3401 4332 laeterodoxo-

165 4373 368 4437 πτικοὺς
393 4375 487 4427 καὶ
517 4375 600 4436 εἰς
635 4371 746 4442 βίον
796 4369 1128 4440 τεταγμένον
1164 4369 1600 4441 προτρεπτικοὺς
1637 4366 1717 4420 λό-

1829 4384 1946 4422 rum
1977 4369 2165 4436 libros,
2193 4371 2282 4439 qui
2319 4371 2385 4425 ad
2418 4385 2632 4426 morum
2664 4370 3104 4425 emendationem
3127 4375 3398 4432 spectent,

165 4476 296 4527 γους,
323 4464 412 4528 οὓς
452 4482 607 4528 τινας
636 4464 729 4516 ἐὰν
748 4465 1028 4534 νοήσωμεν
1056 4462 1154 4514 οὐκ
1177 4458 1446 4532 ἀληθινῶς
1469 4457 1717 4529 επιστρέ-

167 4567 362 4618 φοντας,
405 4556 518 4610 ἀλλ’
567 4554 895 4623 ἐγκαθέτους
930 4554 1024 4606 ὲπ).
1071 4552 1352 4624 θεοσεϐείᾳ
1369 4552 1476 4606 τῶν
1507 4549 1718 4604 πολλῶν

171 4645 615 4718 προϐαλλομένους
635 4665 648 4677 ·
693 4645 1150 4716 ἐπιφθεγξώμεθα
1181 4645 1474 4715 εὐκαίρως,
1501 4645 1582 4695 δτι
1611 4643 1722 4695 τῶν

231 4758 271 4790 ³⁸
298 4758 444 4813 Deut.
489 4777 663 4822 χχχιι,
701 4761 788 4814 '52.
867 4759 907 4790 ³⁷
944 4759 1084 4814 Psal.
1130 4774 1337 4820 Lxxvn,
1375 4757 1464 4810 47.

170 4839 250 4886 xv.
277 4831 322 4882 l.
399 4830 441 4862 “
469 4831 622 4886 Deut.
655 4847 826 4898 xxxii,
858 4830 947 4885 5'2.

237 4993 338 5064 (98)
375 4994 512 5068 Edili
555 5003 610 5050 et
640 5006 750 5068 tres
780 5008 934 5058 mss.,
979 4995 1279 5068 πρόκειται.
1333 4992 1421 5046 Ait
1449 4992 1718 5068 Contbeli-
1753 5046 1778 5068 ο

177 5058 293 5125 sius,
322 5058 471 5118 malle
506 5082 563 5120 se
605 5066 960 5137 πρόσκειταιο
1013 5058 1104 5137 sed
1147 5065 1418 5137 debuerat
1454 5063 1724 5137 antiquio-

181 5143 277 5182 rem
303 5149 450 5213 suntm
500 5132 740 5192 codicem
792 5135 990 5205 legere,
1033 5135 1086 5188 in
1136 5148 1242 5202 quo
1281 5134 1422 5202 quod
1464 5132 1720 5197 malebat,

181 5211 459 5266 reperisset.

191 5333 202 5348 ,
244 5269 342 5348 (99)
373 5273 635 5348 Praeclara
661 5283 751 5348 est
776 5284 830 5329 et
877 5273 1086 5348 erudita
1120 5271 1293 5348 Dircaei
1328 5279 1454 5324 nota
1491 5269 1718 5348 in_illud,

181 5338 276 5414 dub
307 5344 478 5414 κοινοῦ
501 5361 515 5374 ·
553 5345 704 5413 cujus
740 5345 1074 5414 ignoratione
1099 5343 1224 5414 _viri
1275 5341 1597 5414 cceteroquin
1628 5355 1721 5408 pc-

182 5409 398 5463 ritissimi
451 5430 562 5467 non
588 5409 708 5468 raro
741 5409 875 5480 lapsi
905 5422 1050 5467 sunt.
1085 5411 1264 5478 Quare
1312 5427 1430 5463 eam
1477 5410 1562 5480 hic
1588 5423 1724 5480 quo-

183 5481 432 5555 il‘}.e.|ytiis
461 5487 730 5555 mandare
766 5479 869 5536 non
904 5483 1123 5555 pigebit.
1157 5479 1488 5540 Tilmnnnus,
1526 5479 1720 5555 inquit,

185 5544 416 5611 edideidt.
446 5554 488 5605 A
520 5555 789 5606 communi
816 5544 1029 5620 quidem
1065 5553 1129 5606 de
1156 5563 1382 5611 utraque
1409 5557 1566 5616 gente
1588 5544 1722 5620 dici-

189 5620 282 5691 tur,
309 5619 424 5684 quia
460 5623 734 5689 lugebunt,
765 5617 930 5691 seque
961 5623 1234 5691 plangent.
1265 5621 1386 5691 [ioc
1407 5623 1566 5691 estde
1595 5617 1725 5671 Eae-

192 5679 274 5762 δοζι
293 5679 422 5762 ei:
464 5679 684 5762 Sebama
703 5679 732 5756 ί
753 5679 856 5745 sed.
887 5679 981 5744 illd
1009 5679 1212 5760 phFasis
1247 5689 1430 5762 Cragon
1466 5689 1572 5740 ἀπὸ
1599 5705 1724 5762 ’κοι-

190 5759 269 5805 νοῦ
293 5759 411 5811 nihil
441 5761 580 5818 aliud
613 5773 782 5829 sonat,
815 5778 969 5830 quam
1007 5759 1207 5817 rerbum
1245 5760 1498 5832 πενθήσει
1527 5759 1717 5813 ειιὺαιιο

1565 4759 1608 4789 ³⁸
1636 4758 1828 4828 lsa.!v,
1886 4758 1936 4813 Ι.

1825 4466 1880 4512 et
1906 4458 1974 4512 ad
1998 4458 2164 4512 vitam
2215 4459 2317 4514 rite
2350 4459 2737 4515 instituendam
2769 4461 3148 4514 adhortentur.
3180 4456 3328 4524 Quos
3353 4457 3402 4511 si

1829 4551 2260 4607 intellexerimus
2298 4567 2406 4606 non
2438 4568 2565 4606 vere
2592 4552 2934 4606 conversioni
2994 4551 3280 4614 inservire,
3307 4551 3402 4603 sed

1832 4642 1953 4696 ideo
1979 4642 2210 4710 proferri
2252 4651 2310 4695 ut
2332 4642 2540 4697 insidia:
2573 4643 2758 4711 pietati
2787 4643 2927 4715 vulgi
2951 4650 3252 4706 struantur,
3279 4641 3403 4710 jure

2018 4758 2060 4789 "
2089 4757 2278 4812 Matth.
2310 4771 2423 4820 xxx,
2455 4756 2524 4810 33
2555 4770 2672 4826 seq.
2775 4755 2822 4788 ι’
2849 4757 2976 4812 ibid.
3005 4755 3095 4812 45.
3175 4755 3215 4786 ⁸³
3242 4753 3399 4812 Joan.

1829 4992 2096 5066 diendum.
2124 4991 2284 5046 Plura
2317 4990 2406 5060 qui
2447 4986 2618 5056 cupit,
2663 4985 2860 5040 fontem
2895 4983 3068 5053 ipsum
3119 4981 3266 5036 adire
3311 4994 3400 5048 po-

1828 5071 2136 5201 ιθᾔδοιζιιίιί
2183 5129 2389 5201 ειιΙιιο
2439 5143 2594 5188 mss.,
2645 5123 2724 5194 τῷ
2751 5121 3070 5195 ἀμπελῶνι·
3119 5118 3398 5192 ἀμπελὼν.

1828 5201 1980 5255 Alius
2019 5217 2120 5256 ms.
2157 5210 2215 5254 ut
2253 5200 2304 5253 in
2329 5208 2604 5253 contextu.

1899 5269 1977 5338 (ἓ)
2007 5271 2244 5324 Verbum
2271 5269 2434 5338 φησίν
2464 5283 2494 5320 ε
2520 5265 2654 5334 Reg.
2672 5263 2928 5338 secundo
2954 5260 3280 5338 addidimus.

1901 5330 1978 5407 (5)
2012 5341 2172 5410 Edili,
2205 5330 2628 5410 ἀειτοϐἀλλοντεςζ⁷
2656 5337 2729 5410 At
2759 5351 2913 5410 mss.,
2946 5330 3328 5394 ἀποϐαλόντες.
3353 5400 3365 5410 ⁹

1899 5404 1978 5480 (ll
2003 5404 2167 5474 Editi,
2216 5411 2250 5476 ὴ
2278 5409 2395 5464 νῦν.
2444 5407 2638 5462 Vocula
2669 5404 2764 5458 νῦν
2795 5404 2848 5458 ἰιι
2894 5418 3024 5458 mss.
3051 5416 3152 5455 non
3191 5404 3400 5468 reperi-

1830 5490 1978 5618 ιυῗὸ)
2004 5550 2227 5603 Veteres
2255 5556 2485 5616 quatuor
2531 5545 2676 5609 libri,
2708 5541 3179 5618 ἑτερόδοξοόντων.
3197 5609 3217 5618 Δ
3239 5538 3402 5618 plani,

1829 5609 2171 5691 ἑτεροδόξων.
2207 5609 2496 5691 Aliquanto
2516 5609 2822 5691 Apostediti',
2848 5615 2963 5691 ἀλλ’
2985 5609 3398 5680 ὲγκαταθέτους.

1828 5693 1898 5747 At
1925 5683 2057 5748 mss.
2091 5683 2341 5760 quatuor,
2369 5686 2482 5742 ἀλλ’
2513 5683 2864 5756 ἐγκαθέτους,
2907 5688 3061 5741 bene.
