3810 6214
377 340 481 396 6'9

1335 352 1681 410 APPENDIX
1716 355 2002 414 OPEltUM
2045 359 2105 416 S.
2147 357 2389 412 BASlLll
2429 357 2665 413 MAGNI.

3547 362 3660 419 660

376 458 580 525 optimo
609 459 906 517 dixerimus
933 475 1121 520 eorum
1157 468 1425 524 culturam
1456 485 1577 529 esse
1610 473 1823 530 vineam
1854 475 1953 532 Se-

2127 477 2312 531 ιούτων
2360 478 2421 532 τὸ
2473 478 2742 551 γεώργιόν
2773 478 2850 550 (6)
2911 480 3060 534 ἐστιν
3107 481 3351 552 ἄμπελος
3383 482 3656 554 Σεϐαμάο

376 550 537 606 hama
564 569 580 606 :
605 552 709 609 hoe
744 564 849 620 est,
888 555 1217 626 doctrinam,
1257 577 1324 616 ex
1367 563 1566 633 pietate
1622 577 1679 623 et
1724 583 1788 624 ex
1821 584 1951 625 sana

379 641 649 714 theologia
683 660 1026 719 nequaquam
1066 649 1432 723 desumptam,
1469 659 1565 712 sed
1603 672 1728 715 esse
1791 661 1950 716 docu-

374 743 555 788 rnenta
596 738 841 804 quaedam
886 755 952 796 ac
981 752 1275 814 prtecepta.
1299 747 1497 814 quibus
1540 765 1750 806 morum
1786 754 1954 810 hone-

374 833 511 891 stas,
578 828 923 900 societasque
964 842 1021 887 et
1076 833 1380 891 liberalitas
1430 840 1842 899 contineantur.
1898 844 1955 902 ld

375 914 551 984 ipsum
587 929 673 973 est
701 920 860 976 vinea
912 922 1172 993 Sebama,
1206 941 1236 981 a
1268 926 1524 987 Moabitis
1552 933 1769 989 exculta
1799 950 1956 1005 :quae

377 1020 499 1098 cum
534 1022 600 1062 ex
632 1023 691 1065 se
716 1012 910 1069 uberes
959 1015 1172 1072 fructus
1195 1020 1426 1087 profert,
1468 1031 1658 1093 gentes
1690 1026 1956 1098 deglutire

376 1097 596 1154 dicitur.
628 1100 696 1156 Hi
730 1105 875 1159 enim
920 1106 1220 1165 alienorum
1293 1114 1606 1185 dogmatum
1660 1097 1954 1190 antistites,

2062 570 2337 624 τουτέστιν
2365 610 2380 634 ,
2423 571 2484 624 οὑ
2535 571 2663 641 περὶ
2718 570 3029 637 θεοσεϐείας
3061 573 3183 644 μὲν,
3236 575 3357 628 οὑδὲ
3392 577 3521 647 περὶ
3552 575 3662 647 τῆς

2064 661 2249 731 ὑγιοῦς
2274 661 2551 731 θεολογίας
2582 662 2923 731 διδασκαλία,
2950 664 3079 736 περὶ
3113 665 3442 736 σεμνότητος
3470 667 3529 720 δὲ
3556 669 3662 721 καὶ

2063 753 2301 825 περὶτοῦ
2322 753 2639 808 κοινωνικοῦ
2663 754 2759 808 καὶ
2808 754 3159 825 μεταδοτικοῦ
3188 756 3460 827 ὑποθῆκαί
3482 776 3659 822 τινες.

2063 845 2232 899 Τοῦτό
2267 847 2413 900 ἐστιν
2434 846 2677 917 ἄμπελος
2699 847 2942 918 Σεϐαμά,
2975 849 3008 919 ἡ
3028 848 3133 901 ὑπὸ
3156 849 3464 903 Μωαϐιτῶν
3483 868 3666 922 γεωρ-

2064 936 2329 1008 γουμένη,
2363 937 2506 1007 ἥτις,
2540 937 2710 991 πολλά
2736 938 2964 992 ποιοῦσα
2990 939 3060 992 τὰ
3082 940 3283 1009 ἑαυτῆς
3309 942 3663 1012 γεννήματα,

2067 1031 2387 1086 καταπίνειν
2411 1031 2482 1085 τά
2505 1030 2630 1103 ἔθνη
2657 1031 2892 1101 λέγεται.
2917 1033 2978 1086 Oi
2997 1032 3106 1103 γὰρ
3126 1033 3419 1106 ἀλλοτρίων
3443 1035 3666 1106 δογμά-

2066 1139 2176 1175 των
2203 1123 2619 1193 προεστηκότες,
2653 1123 2742 1177 διά
2777 1125 2877 1196 τῆς
2906 1124 3253 1196 διαλεκτικῆς
3275 1121 3344 1197 ἧς
3372 1143 3667 1197 γεγυμνα-

373 1204 473 1258 per
515 1190 860 1251 dialecticam
906 1199 959 1253 in
1003 1215 1109 1270 qua
1140 1209 1593 1277 suntexercitati,
1628 1220 1683 1265 et
1711 1228 1807 1282 per
1834 1229 1955 1270 orn-

2127 1190 2261 1269 ιένοι
2286 1190 2638 1286 τυγχάνουσι,
2659 1217 2752 1270 καὶ
2782 1190 2965 1288 πάσης
2986 1219 3084 1290 τῆς
3114 1221 3173 1272 ἐν
3192 1190 3669 1290 λόγοις-ἱκανότη-

375 1294 501 1375 nem
531 1283 819 1340 verborum
852 1290 1103 1357 peritiam
1162 1296 1433 1364 quoslibet
1473 1300 1828 1372 philosophiae
1868 1321 1959 1360 ru-

2129 1322 2176 1368 ς,
2203 1283 2472 1375 ἡττῶντες
2500 1305 2626 1369 τοὺς
2652 1283 3012 1375 ἀφιλοσόφους
3039 1283 3134 1361 καὶ
3164 1283 3393 1371 πολλοὺς
3425 1309 3535 1362 τῶν
3561 1283 3666 1364 ἀύ-

375 1371 496 1469 des
526 1381 688 1444 atque
735 1378 1017 1437 hominum
1062 1389 1255 1454 vulgus
1306 1390 1649 1462 subigentes,
1691 1371 1790 1450 eos
1823 1413 1960 1468 quos

2127 1392 2323 1458 ubmov,
2396 1393 2560 1447 οἱονεὶ
2624 1394 2983 1449 καταπίνουσι
3056 1397 3185 1460 τοὺς
3234 1397 3661 1469 ἁλισκομένους.

377 1463 621 1533 capiunt,
657 1471 813 1539 quasi
851 1474 1176 1545 deglutiunt.
1214 1478 1450 1537 Proinde
1493 1485 1562 1539 ad
1620 1485 1720 1541 bos
1751 1463 1961 1558 spectat

2127 1485 2214 1556 ρδς
2265 1481 2359 1539 οῦν
2393 1484 2615 1550 τούτους
2660 1488 2689 1539 6
2719 1485 2895 1555 λόγος,
2944 1488 3028 1541 ὅτι
3070 1487 3267 1557 Ὑμεῖς
3304 1492 3360 1542 οἱ
3392 1463 3657 1544 καταπί-

376 1559 651 1613 sententia
693 1559 931 1619 isthmc:
973 1564 1075 1621 Vos
1126 1568 1215 1637 qui
1253 1569 1523 1640 deglutitir
1575 1586 1772 1644 gentes.
1802 1577 1960 1635 Post-

2127 1593 2279 1644 >ντες
2305 1577 2378 1632 τὰ
2401 1577 2570 1646 ἔθνη.
2598 1578 3128 1650 Καταφρονήσαντες
3153 1579 3261 1633 τῶν
3282 1580 3540 1635 τοιούτων
3565 1582 3667 1635 λό-

379 1660 543 1714 quam
570 1662 853 1708 sermones
885 1654 1150 1723 ejusmodi
1194 1664 1664 1732 contempseritis,
1698 1681 1794 1721 eos
1823 1683 1959 1722 con-

2127 1686 2204 1732 ον,
2238 1671 2666 1740 καταπατήσατε
2709 1670 2926 1734 αὑτούς.
2968 1671 3042 1725 Οὐ
3091 1670 3201 1744 γὰρ
3232 1670 3552 1743 δυνήσεσθε,
3597 1674 3673 1727 ἐκ

380 1736 612 1833 calcate.
633 1739 751 1796 Non
783 1745 926 1799 enim
962 1750 1234 1817 poteritis,
1266 1763 1455 1824 utpote
1485 1755 1538 1809 in
1570 1755 1656 1812 his
1686 1760 1960 1829 occupati,

2127 1759 2169 1813 δῦ
2205 1761 2334 1832 περὶ
2368 1761 2540 1815 ταῦτα
2578 1762 2946 1833 ἀσχολεῖσθαι,
3006 1762 3242 1833 συνάψαι
3291 1765 3519 1827 ὲαυτοῦς
3567 1764 3674 1818 καὶ

380 1828 714 1903 conjungere
754 1852 851 1892 vos
890 1853 954 1893 ac
994 1854 1320 1899 connectere
1360 1860 1483 1900 cum
1547 1846 1728 1916 Jazer,
1759 1828 1878 1919 qua:
1922 1853 1968 1907 si

2127 1828 2365 1923 ‘UJO'at‘Tﬁ
2411 1851 2613 1924 Ἰαζὴρ,
2653 1828 2778 1921 ζἥτις
2802 1828 3169 1923 ἑρμηνεύεται
3187 1854 3386 1921 ἰσχύς.
3434 1853 3672 1907 Ἀδύνα-

382 1920 784 1994 interpreteris,
834 1930 1036 1987 dicitur
1086 1934 1364 2004 fortitudo.
1434 1938 1577 1996 Fieri
1636 1941 1801 2011 igitur
1862 1959 1966 1999 non

2127 1958 2163 1994 N
2197 1936 2290 1994 οῦν
2326 1942 2473 1994 ἐστιν
2496 1941 2639 2010 ὑμᾶς
2668 1940 2767 2011 τὴν
2798 1940 2952 2009 ἰσχὺν
2979 1939 3077 2010 τὴν
3108 1940 3173 1993 ὲκ
3210 1938 3307 1992 τοῦ
3337 1937 3668 2006 Πνεύματος

381 2023 564 2081 potest
620 2025 679 2072 ut
733 2021 1024 2090 excipiatis
1074 2025 1472 2095 fortitudinem,
1515 2045 1683 2101 quam
1729 2032 1969 2104 Spiritus

383 2105 601 2162 confert
650 2120 802 2167 recte
859 2115 1293 2185 ambulantibus,
1343 2120 1450 2176 nisi
1489 2122 1680 2180 vineas
1736 2122 1967 2182 Sebama

383 2197 743 2257 eonculcetis.
802 2203 1211 2264 Obliviscamini
1246 2221 1445 2268 vestrae
1496 2213 1825 2282 solitudinis,
1868 2234 1969 2275 nec

384 2288 623 2358 amplius
654 2290 709 2347 in
740 2308 804 2349 ea
830 2299 1197 2365 permaneatis
1224 2316 1240 2354 :
1266 2301 1396 2372 quin
1423 2305 1602 2372 potius
1622 2307 1690 2362 ab
1720 2322 1783 2362 ea
1808 2308 1967 2364 aber-

384 2389 594 2447 rantes,
629 2386 989 2458 eamdemque
1022 2390 1406 2462 relinquentes,
1439 2394 1494 2449 in
1541 2394 1673 2453 locis
1709 2409 1971 2469 praestan—

385 2470 617 2529 tioribus
656 2475 1042 2537 immoremini.

458 2565 582 2620 511.
615 2564 773 2623 Missi
825 2572 1063 2628 derelicti
1116 2586 1259 2635 sunt.
1300 2577 1438 2635 Sunt
1481 2582 1723 2639 nonnulli
1770 2585 1967 2655 pseud-

387 2656 657 2724 spostoli,
719 2662 954 2731 operarii
1002 2664 1217 2733 dolosi,
1288 2668 1342 2723 in
1424 2672 1694 2740 apostolos
1767 2674 1969 2730 Christi

388 2749 790 2820 transﬁgurati,
823 2755 916 2825 qui
947 2767 1073 2813 sunt
1105 2757 1346 2815 derelicti
1388 2777 1420 2816 a
1463 2763 1591 2819 Deo.
1627 2763 1827 2821 Cavete
1862 2766 1966 2822 ita-

386 2852 498 2907 que
527 2842 799 2910 decipiant
845 2859 966 2911 vos,
1000 2849 1155 2917 quasi
1194 2850 1375 2920 reipsa
1422 2853 1629 2911 viribus
1677 2855 1966 2926 polleant:

394 2930 543 2984 omni
565 2932 769 3003 quippe
797 2936 1003 2995 auxilio
1030 2939 1418 3011 destituuntur,
1443 2954 1677 3017 suntque
1702 2947 1969 3005 derelicti.

391 3020 500 3075 Sed
536 3022 590 3077 hi
639 3025 740 3095 ipsi
790 3027 960 3084 etiam
1004 3033 1341 3089 transierunt
1380 3052 1551 3093 mare.
1611 3038 1750 3108 Quid
1789 3051 1967 3097 autem

390 3114 497 3171 hoc
523 3115 625 3172 sibi
654 3117 805 3187 velit,
837 3119 910 3175 ita
942 3120 1352 3193 intelligendum
1390 3136 1496 3194 est,
1528 3130 1786 3187 nimirum
1814 3134 1886 3189 ob
1914 3133 1964 3187 id

392 3220 505 3263 non
535 3207 807 3267 immerito
831 3212 1007 3269 deseri
1034 3214 1268 3285 aliquos,
1292 3217 1435 3286 quod
1460 3218 1665 3290 aliquid
1695 3222 1965 3292 vitupera-

394 3298 543 3353 tione
579 3300 803 3368 dignum
835 3303 1064 3373 egerint,
1099 3304 1350 3364 videlicet
1377 3308 1520 3378 quod
1555 3325 1706 3366 mare
1754 3312 1977 3380 trajece-

392 3391 526 3449 rint.
558 3392 678 3450 Meo
716 3396 934 3466 quidem
962 3396 1165 3466 judicio
1203 3414 1355 3456 mare
1398 3401 1597 3472 accipit
1647 3418 1745 3474 pro
1774 3406 1978 3461 amaris

399 3483 816 3551 tentationibus,
848 3501 969 3556 qua:
1003 3490 1227 3545 tentatis
1258 3490 1694 3553 accidunt..Tale
1718 3503 1805 3549 est
1830 3495 1975 3550 enim

392 3574 522 3630 illud
549 3594 562 3630 :
594 3574 722 3631 Veni
740 3578 797 3631 in
817 3579 1156 3635 altitudinem
1181 3582 1344 3636 maris
1363 3580 1432 3635 ".
1456 3581 1748 3639 Enimvero
1775 3584 1979 3639 athleta

393 3668 652 3724 adversos
697 3683 858 3726 casus
902 3685 1011 3726 non
1073 3672 1294 3744 refugit,
1330 3688 1509 3744 neque
1544 3674 1748 3745 trajicit
1783 3692 1973 3732 mare:

342 3765 353 3779 '
396 3761 511 3816 imo
554 3760 621 3817 iis
672 3763 935 3830 occurrit,
970 3764 1284 3836 nullamque
1310 3782 1417 3822 non
1453 3769 1699 3823 adoritur
1723 3771 1977 3825 tentatio-

397 3866 544 3907 nem.
601 3851 704 3921 Qui
745 3865 951 3921 autem,
1005 3870 1076 3909 ne
1112 3857 1520 3927 persecutiones
1560 3860 1858 3929 patiantur,
1894 3877 1981 3918 se-

395 3944 658 4015 metipsos
678 3947 921 4017 gentium
954 3949 1116 4017 genio
1145 3951 1585 4015 accommodant,
1620 3966 1755 4008 neve
1780 3954 1833 4007 in
1861 3967 1981 4008 cer-

399 4047 580 4092 tamen
630 4038 965 4096 descendant
1012 4056 1076 4097 ac
1124 4041 1338 4098 labores
1384 4044 1667 4100 exantlent
1721 4045 1981 4102 adversus

396 4132 671 4187 desideria
702 4142 760 4189 et
793 4135 1065 4205 appetitus
1092 4136 1360 4206 corporis,
1396 4138 1596 4192 cedunt
1647 4137 1979 4208 voluptatum

399 4222 691 4290 illecebris,
722 4224 780 4279 hi
818 4239 969 4280 mare
1007 4225 1361 4295 traiecerunt.
1408 4228 1578 4301 614
1621 4229 1813 4284 Postea
1850 4232 1983 4286 sub.

397 4313 645 4386 jungitur
678 4332 691 4369 :
722 4315 854 4371 Ideo
901 4317 1118 4379 βίοναὺο
1161 4318 1316 4388 quasi
1353 4320 1621 4389 ploratum
1673 4318 1856 4385 Jazer,
1904 4323 1981 4376 ci-

401 4424 555 4462 neam
596 4408 845 4463 Sebama.
898 4408 1050 4464 Haud
1103 4411 1355 4481 equidem
1391 4414 1508 4467 scio
1532 4431 1598 4467 an
1634 4412 1791 4471 ﬂetus
1826 4414 1985 4473 Jazer

2070 2028 2430 2102 ὲγγινομένην
2459 2031 2570 2092 τοϊς
2622 2027 2801 2102 ὀρθῶς
2844 2028 3232 2100 πορευομένοις
3274 2024 3670 2091 ὑποδέξασθαι,

2070 2123 2166 2177 ἐὰν
2199 2120 2275 2193 μὴ
2327 2120 2425 2185 τὰς
2453 2120 2732 2191 ἀμπέλους
2779 2120 2880 2183 τὰς
2932 2119 3158 2191 Σεϐαμά
3211 2119 3664 2188 καταπατήσητε.

2084 2212 2435 2267 Ἐπιλάθεσθε
2472 2212 2547 2282 (7)
2583 2211 2686 2283 τῆς
2726 2211 2997 2283 ὑμετέρας
3023 2209 3293 2282 ἐρημίας,
3323 2210 3419 2262 καὶ
3459 2206 3668 2279 μηκέτι

2073 2305 2211 2375 αὐτῇ
2241 2302 2632 2373 ὲνδιατρίϐητε,
2660 2302 2777 2356 ἀλλ’
2802 2301 3280 2374 ἀποπλανηθέντες
3317 2299 3524 2369 αὐτῆς,
3562 2297 3667 2352 καὶ

2073 2394 2482 2461 καταλιπόντες,
2516 2393 2787 2465 κρείττοσι
2828 2392 3051 2464 χωρίοις
3083 2389 3486 2462 ὲνδιατρίψατε.

2145 2568 2272 2625 511.
2317 2573 2382 2624 Οἱ
2420 2569 2868 2639 ἀπεσταλμένοι
2915 2568 3491 2639 ἐγκατελείφθησαν.
3539 2566 3667 2619 Εἰσί

2071 2680 2224 2726 τινες
2256 2662 2711 2734 ψευδαπόστολοι,
2747 2663 2977 2734 ἐργάται
3010 2660 3173 2714 δόλιοι
3193 2700 3207 2725 ,
3248 2674 3668 2731 μετασχηματι-

2072 2752 2288 2826 ζόμενοι
2301 2756 2382 2819 εἰς
2394 2754 2725 2829 ἀποστόλους
2743 2752 3002 2825 Χριστοῦ,
3017 2752 3213 2816 οἵτινες
3234 2750 3669 2821 ἐγκαταλελειμ-

2076 2845 2225 2917 μένοι
2259 2847 2397 2900 εἰσὶν
2414 2845 2523 2900 ἀπὸ
2544 2844 2704 2900 Θεοῦ.
2734 2844 2826 2917 Μὴ
2842 2844 3022 2897 τοίνυν
3053 2842 3479 2909 ὲξαπατάτωσαν
3494 2842 3525 2892 ὑ
3534 2843 3666 2912 μᾶς,

2070 2937 2148 3002 ὼς
2182 2938 2402 3009 ἔχοντες
2436 2938 2589 3008 ίσχὺν
2610 2939 2720 2997 τοῖς
2736 2936 3059 3007 πράγμασιν
3076 2952 3089 2966 °
3106 2933 3397 3006 ἁϐοήθητοι
3416 2934 3527 3005 γάρ
3558 2936 3669 2986 εἰσι

2072 3032 2167 3086 καὶ
2179 3031 2752 3103 ἐγκαταλελειμμένα.
2773 3023 2933 3084 Οὗτοι
2947 3031 3002 3084 δὲ
3018 3031 3173 3085 αὑτοὶ
3191 3031 3282 3085 καὶ
3293 3028 3556 3100 διέϐησαν
3568 3029 3669 3100 τὴν

2073 3124 2369 3179 θάλασσαν.
2411 3123 2477 3178 Τί
2506 3124 2563 3177 δὲ
2592 3125 2686 3178 καὶ
2726 3123 2883 3177 τοῦτο
2927 3124 3247 3187 αἰνίσσεται,
3277 3121 3668 3191 κατανοητέον,

2079 3216 2246 3281 ἀξίως
2263 3217 2336 3288 (8)
2350 3217 2437 3270 διὰ
2452 3216 2611 3270 τοῦτο
2626 3216 3112 3287 ἐγκαταλελεῖφθαι
3126 3234 3296 3282 τινας,
3332 3216 3458 3268 ἐπεὶ
3466 3214 3675 3280 ψεκτὸν

2080 3312 2435 3380 πεποιήκασι,
2448 3309 2509 3361 τὸ
2520 3309 2770 3379 διαϐῆναι
2785 3308 2882 3380 τὴν
2898 3309 3192 3364 θάλασσαν.
3211 3310 3369 3361 Δοκεῖ
3381 3307 3568 3362 τοίνυν
3581 3325 3673 3379 μοι

2082 3401 2180 3473 τὴν
2202 3400 2485 3455 θάλασσαν
2510 3401 2811 3473 λαμϐάνειν
2827 3402 3049 3464 είςτοὺς
3061 3399 3421 3473 πειρασμοὺς,
3438 3399 3676 3469 πικροὺς

2080 3493 2448 3564 τυγχάνοντας
2489 3496 2603 3558 τοῖς
2634 3492 3070 3566 πειραζομένοις.
3107 3492 3361 3546 Τοιοῦτον
3395 3491 3507 3562 γάρ
3553 3493 3676 3544 ἐστι

2081 3585 2142 3639 τὸ
2166 3585 2263 3656 (9),
2294 3581 2516 3640 Ἦλθον
2547 3588 2635 3652 εἰς
2659 3584 2732 3639 τὰ
2764 3585 2927 3652 ,ϐάθη
2952 3585 3062 3653 τῆς
3088 3583 3427 3651 θαλάσσης.
3459 3582 3677 3636 Οὐκοῦν

2080 3680 2110 3731 6
2137 3678 2236 3748 μὲν
2265 3677 2505 3749 ἀθλητὴς
2544 3679 2603 3730 οὑ
2640 3677 2834 3747 φεύγει
2863 3677 2961 3741 τὰς
2996 3676 3364 3748 περιστάσεις,
3400 3675 3527 3728 οὑδὲ
3559 3675 3674 3728 δια-

2082 3768 2257 3823 ϐαίνει
2288 3768 2388 3843 τὴν
2419 3768 2716 3833 θάλασσαν,
2751 3768 2866 3822 ἀλλ’
2902 3768 3067 3840 ὁμόσε
3106 3768 3275 3838 χωρεῖ
3307 3764 3544 3829 τούτοις,
3579 3765 3679 3819 καὶ

2086 3860 2384 3932 ὑπέρχεται
2440 3861 2604 3913 παντὶ
2657 3859 2967 3932 πειρασμῷ.
3021 3857 3087 3913 Οἱ
3138 3858 3195 3910 δὲ
3246 3856 3386 3928 ὑπὲρ
3434 3856 3532 3909 τοῦ
3597 3855 3675 3927 μὴ

2084 3951 2375 4009 διώκεσθαι
2417 3956 2531 4016 τοῖς
2573 3951 2749 4006 ἔθνεσι
2787 3949 3344 4024 συμπεριφερόμενοι,
3383 3947 3479 4001 καὶ
3532 3948 3680 4020 ὑπὲρ

2084 4044 2180 4099 τοῦ
2209 4044 2284 4117 μὴ
2309 4043 2674 4115 ἀγωνίζεσθαι
2700 4042 2795 4097 καὶ
2826 4047 3007 4096 πονεῖν
3036 4041 3175 4095 κατά
3203 4039 3312 4092 τῶν
3339 4039 3677 4110 σωματικῶν

2083 4137 2339 4214 ὀρέξεων,
2371 4136 2666 4201 ἐνδιδόντες
2699 4135 2836 4209 πρὸς
2865 4134 2964 4199 τὰς
2993 4133 3205 4204 ἡδονὰς,
3237 4123 3384 4185 οὗτοι
3411 4130 3679 4201 διέϐησαν

2085 4230 2186 4301 τὴν
2245 4227 2542 4282 θάλασσαν.
2604 4227 2761 4281 Μετά
2820 4224 2978 4280 τοῦτο
3038 4224 3286 4294 λέγεταισ
3338 4222 3444 4277 Διὰ
3491 4224 3676 4277 τοῦτο

2086 4320 2459 4389 κλαύσομαι,
2507 4320 2587 4386 ὠς
2630 4318 2738 4372 τὸν
2774 4316 3095 4389 κλαυθμὸν
3143 4314 3356 4385 Ἰαζὴρ,
3397 4313 3677 4385 ἄμπελον

2087 4409 2340 4481 Σεϐαμά.
2377 4412 2604 4483 Μήποτε
2650 4406 2745 4464 οῦν
2781 4410 3059 4481 κλαυθμὸς
3114 4407 3296 4479 Ἰαζὴρ
3335 4407 3437 4476 τῆς
3491 4407 3678 4478 ἰσχύος

398 4499 561 4556 ﬂetus
584 4500 656 4556 sit
693 4500 1055 4565 fortitudinis,
1088 4517 1248 4572 quem
1276 4502 1625 4558 laudabiliter
1652 4502 1780 4558 ﬂent
1817 4505 1968 4560 forte:

2127 4503 2206 4557 στί
2238 4502 2513 4575 κλαυθμὸς
2533 4543 2547 4565 ,
2575 4503 2634 4556 ὃν
2668 4501 2913 4555 κλαίουσι
2964 4499 3320 4572 μακαριστῶς
3352 4500 3401 4552 οἱ
3437 4500 3675 4571 ἰσχυροὶ,

403 4593 532 4661 viri,
557 4594 667 4680 .qui
706 4609 862 4650 suam
909 4594 962 4648 in
997 4595 1100 4649 bac
1134 4594 1243 4649 vita
1276 4596 1761 4651 commorationem
1797 4597 1989 4668 lugen-

401 4695 508 4753 tes,
543 4694 601 4741 et
625 4685 693 4741 de
721 4700 786 4741 ea
812 4684 1078 4751 dolentes,
1102 4685 1298 4741 anima:
1339 4687 1611 4743 desiderio
1652 4687 1898 4744 feruntur
1923 4705 1986 4745 ac

2097 4593 2446 4661 στενάζοντες
2475 4594 2574 4665 μὲν
2606 4596 2672 4669 τῇ
2708 4595 2787 4657 εἰς
2813 4594 2902 4647 τὸν
2930 4593 3043 4664 βίον
3071 4591 3352 4666 παροικίᾳ,
3382 4592 3476 4644 καὶ
3503 4589 3675 4662 βαρυ-

2093 4687 2306 4757 νόμενοι
2340 4686 2426 4738 ἐπ’
2456 4686 2616 4757 αὐτῇ,
2648 4684 2940 4749 ποθοῦντες
2979 4684 3036 4737 δὲ
3065 4686 3131 4755 τῇ
3175 4683 3320 4755 ψυχῇ
3358 4684 3453 4736 καὶ
3491 4682 3675 4737 ἐκλεί-

403 4776 665 4833 deficiunt
685 4777 739 4832 in
792 4776 932 4832 atria
970 4775 1184 4831 Domini
1205 4775 1273 4829 “.
1315 4774 1413 4832 Vel
1451 4775 1592 4833 forte
1640 4780 1968 4847 quemadmo

2127 4795 2289 4841 ;οντες
2324 4779 2406 4843 είς
2436 4777 2545 4841 ’τὰς
2579 4777 2751 4841 αὑλάς
2796 4776 2890 4831 τοῦ
2940 4775 3169 4848 Κυρίου.
3222 4775 3295 4828 ’Ἡ
3343 4776 3555 4846 μήποτε
3602 4773 3677 4836 ὡς

404 4869 531 4925 dum
558 4869 787 4925 deiletur
818 4867 1082 4924 fortitudo
1112 4867 1306 4924 morbo
1342 4879 1685 4940 consumpta,
1714 4873 1858 4941 quod
1887 4888 1983 4927 ca-

404 4972 525 5019 reat
554 4962 645 5033 qui
672 4975 736 5017 ea
770 4960 899 5017 olim
930 4959 1215 5016 fruebatur
1248 4979 1261 5017 :
1297 4960 1373 5015 ita
1397 4971 1451 5017 et
1479 4962 1637 5019 fletus
1668 4963 1838 5020 vinea:
1879 4964 1981 5020 Se-

481 5149 527 5177 “
557 5144 701 5201 Psal.
734 5162 923 5211 uvut,
948 5146 1002 5200 5.
1078 5145 1125 5177 ⁸⁸
1165 5145 1308 5202 Psal.
1341 5163 1567 5216 Lxmn,
1602 5146 1655 5200 3.

479 5328 555 5412 (6)
585 5328 864 5412 Ειιίλιίλότι
896 5327 1138 5412 τοιοῦτον
1179 5330 1246 5412 τδ
1267 5331 1595 5412 γεωργικόν.
1645 5333 1712 5386 At
1734 5332 1996 5412 negasc—

2096 4873 2344 4928 κλαίεται
2383 4872 2535 4942 ἰσχὺς
2566 4872 2674 4926 ὑπὸ
2716 4871 2873 4926 νόσου
2918 4868 3284 4941 μαρανθεῖσα,
3317 4866 3467 4939 παρά
3501 4867 3568 4920 τὸ
3604 4866 3676 4937 μὴ

2099 4968 2353 5040 παρεῖναι
2390 4963 2469 5037 τῷ
2514 4981 2646 5021 ποτε
2702 4963 2873 5035 αὐτὴν
2924 4961 3285 5050 κεκτημένῳ,
3316 4959 3460 5013 οὑτω
3507 4959 3609 5013 καὶ
3648 4959 3677 5010 6

2178 5330 2251 5414 ιε)
2276 5329 2443 5414 Etim.
2468 5326 2827 5414 WW5;
2846 5323 3203 5414 ςρευεῦείιξξ
3230 5317 3675 5414 ξκξξει-.ξεξ⁴ῖ2¹ξε¹’

407 5390 629 5476 fundus
647 5409 702 5453 et
726 5390 963 5476 Colbert.
995 5402 1204 5468 primus
1232 5390 1332 5463 it'a,
1362 5390 1499 5476 tit'in
1524 5411 1781 5457 contextu
1814 5390 2000 5476 videre
2104 5390 2199 5456 τοῦ
2232 5390 2284 5454 in
2321 5390 2535 5476 duobus
2567 5390 2679 5476 suis
2710 5395 2986 5476 codicibus
3012 5397 3203 5476 deesse
3239 5410 3254 5447 :
3286 5393 3344 5476 in
3377 5390 3578 5476 quibus
3598 5398 3676 5476 ta-

409 5470 553 5541 licet.
585 5470 706 5541 Nec
742 5470 825 5541 ita
847 5460 1016 5541 multo
1039 5479 1177 5541 post
1203 5460 1373 5525 nostri
1410 5480 1641 5539 quatuor
1684 5487 1838 5537 mss.,
1883 5471 2001 5525 θεο-
2104 5486 2229 5528 Iuen
2262 5471 2485 5541 perinde
2519 5470 2653 5541 utin
2679 5467 2901 5541 reliquis
2944 5464 3430 5541 reperir_i_con_stat.
3599 5470 3675 5511 ta-

406 5538 625 5613 λογίαςῇ
650 5537 775 5593 οὔτε
808 5537 1281 5613 6t6aoantg71rz-zp‘t
1308 5537 1657 5613 σεμνότητος,
1685 5544 1799 5596 καί.

480 5610 559 5683 (7)
592 5610 668 5663 Ita
696 5626 825 5664 tuss.
868 5612 1063 5683 nostri.
1095 5610 1247 5683 Editi‘
1271 5610 1433 5683 vero,
1462 5610 1742 5683 ἀμπέλους
1778 5614 1877 5683 τῆς
1909 5613 2002 5665 Σε-

2108 5557 2231 5596 men
2262 5529 2403 5595 'earn
2432 5539 2677 5594 voculam
2725 5529 2906 5592 delere
2931 5529 3037 5589 non
3067 5532 3327 5595 dubitavi,
3352 5546 3475 5585 cum
3506 5529 3671 5597 ipsam

2110 5610 2407 5683 παρέλκειν
2467 5610 2755 5683 obscurum
2806 5621 2912 5661 non
2964 5605 3056 5660 sit.
3112 5601 3293 5659 Facile
3322 5600 3574 5672 _adducor
3621 5602 3678 5650 ut

410 5677 567 5752 ϐαμὰ
617 5681 1065 5752 καταπατήσατε.
1090 5680 1475 5752 ΑἘπιλάθησθε
1505 5677 1594 5736 δέ.
1634 5682 1751 5738 Mox
1786 5677 1913 5737 editi
1949 5702 1968 5736 ι

2127 5677 2325 5737 :re'dam
2354 5695 2452 5749 pro
2474 5678 2574 5752 τοῦ
2599 5679 2968 5752 legipportere
2991 5692 3118 5752 που.

392 5748 544 5823 ὕει.
584 5753 795 5816 tertius,
831 5748 1231 5822 ἐνδιατρίψατε-
1270 5748 1373 5810 Alii
1416 5763 1523 5813 tres
1559 5771 1709 5821 ιιιελτι,
1752 5753 2003 5823 ἐνδιατρί-

407 5819 474 5891 Cra
484 5836 558 5877 τε.

2188 5733 2515 5819 (υγΑιῖίῑέιιιῑ
2545 5733 2818 5813 σαυνιωὲί,
2845 5746 2945 5819 και
2963 5745 3043 5819 τε.
3072 5744 3352 5811 Aliquanto
3372 5746 3495 5813 post
3529 5733 3677 5799 editi,

2114 5814 2421 5893 ἐπέρχεται.
2445 5814 2526 5877 Ἀι
2550 5834 2679 5875 mss.
2713 5817 2899 5883 nostri,
2926 5814 3236 5889 ὑπέρχεται.
