3810 6214
189 318 282 379 661
994 327 1347 385 COMMENT.
1391 330 1458 385 IN
1496 331 1731 389 lSAIAM
1768 332 2212 393 PBOPHETAM.
2255 340 2404 397 CAP.
2445 330 2585 397 XVI.

3312 331 3416 389 6"!

189 439 458 511 κλαυθμὸς
481 440 590 512 τῆς
612 442 856 513 ἀμπέλου
880 444 1103 516 Σεϐαμά
1129 449 1417 520 γενήσεται
1444 450 1520 514 ὡς
1543 451 1758 522 ἀπομα-

1878 456 2029 510 bama
2081 460 2207 522 erit,
2256 470 2441 531 quOte
2480 475 2600 530 quae
2643 459 3043 528 immarcuerit,
3096 459 3274 529 sitque
3320 459 3422 528 igni

190 532 491 608 ρανθείσης,
523 534 622 586 καὶ
647 537 780 606 πυρὶ
811 536 1111 609 μελλούσης
1136 539 1541 611 παραδίδοσθαι.

250 624 369 681 512.
410 624 573 679 Μετά
601 627 757 680 τοῦτο
786 630 924 699 πρὸς
958 630 1057 700 τὴν
1090 632 1372 685 Μωαϐῖτιν
1396 631 1612 701 λέγεται
1631 651 1645 663 ·
1681 633 1759 688 Τὰ

186 714 390 782 δένδρα
408 729 530 768 σου
548 717 876 771 κατέϐαλεν
913 720 1167 774 Ἐσεΰὼν
1192 722 1290 775 καὶ
1322 724 1595 782 Ἐλεαλίή.
1620 725 1759 778 Οὐκ-

187 805 271 858 οῦν
316 806 385 861 τὰ
451 807 653 879 δένδρα
716 813 817 881 τῆς
870 812 1213 876 Μωαϐίτιδος
1266 815 1300 884 ἡ
1371 815 1605 868 Ἐσεϐὼν
1665 818 1760 871 καὶ

201 896 410 969 Ἐλεαλὴ
445 899 741 954 κατέϐαλε.
782 900 846 953 Τί
877 902 934 954 δὲ
978 904 1073 956 καὶ
1115 903 1224 957 ἀπὸ
1251 905 1455 958 τούτων
1482 906 1758 977 δηλοῦται,

190 988 311 1061 φέρε
336 989 482 1043 κατά
520 992 587 1044 τὸ
610 992 834 1048 δυνατὸν
862 996 1328 1067 παραστήσωμεν.
1374 998 1758 1069 Ἑρμηνεύεται

190 1080 335 1150 ἠμὲν
361 1081 623 1147 Ἐσεϐὼν,
656 1085 967 1154 λογισμοί·
999 1088 1032 1156 ὴ
1069 1085 1126 1138 δὲ
1167 1087 1410 1156 Ἐλεαλὴ,
1441 1089 1588 1143 Θεοῦ
1619 1090 1762 1145 circi—

192 1172 372 1238 ϐασις.
420 1173 842 1228 Καταὸάλλεται
891 1169 985 1229 οὖν
1037 1175 1283 1246 ἄμπελος
1337 1177 1611 1249 ἀλλοτρία,
1669 1180 1762 1234 καὶ

190 1261 367 1334 δένδρα
394 1264 500 1318 ὅσα
531 1267 638 1319 οὐκ
671 1267 966 1336 ἐφύτευσεν
1009 1269 1039 1322 ὁ
1081 1269 1273 1340 Πατὴρ
1305 1269 1333 1320 ὁ
1369 1269 1637 1340 οὐράνιος,
1667 1272 1762 1325 καὶ

189 1353 548 1426 ἀνατρέπεται
579 1360 613 1430 ἡ
654 1359 846 1429 φυτεία
870 1360 981 1416 τῶν
1011 1361 1334 1432 ἑτεροδόξων
1359 1362 1463 1414 ὑπὸ
1490 1361 1762 1434 λογισμῶν

189 1444 352 1514 ὀρθῶν
380 1447 476 1501 καὶ
508 1449 617 1520 τῆς
642 1452 831 1505 ἀνόδου
872 1454 973 1523 τῆς
1009 1454 1147 1525 πρὸς
1173 1455 1304 1509 Θεὸν
1347 1456 1587 1529 ὑψούσης
1615 1461 1763 1529 ἡμᾶς

190 1535 251 1587 δι’
292 1535 466 1606 ἔργων
521 1541 768 1610 ἀγαθῶν.
801 1544 1105 1614 Μακάριος
1151 1543 1244 1603 οῦν
1286 1548 1443 1618 ἀνὴρ
1490 1548 1562 1607 οὗ
1595 1552 1765 1606 ἐστιν

190 1625 500 1698 ἀντίληψις
533 1633 724 1687 αὑτοῦ
775 1635 886 1705 (ιθ)
911 1638 1072 1705 παρὰ
1117 1638 1256 1703 σοῦ,
1291 1641 1616 1707 ἀναϐάσεις
1647 1659 1764 1697 σου

190 1717 344 1787 ἐνῖῇ
374 1720 594 1790 καρδίᾳ
628 1725 833 1779 αὐτοῦ.
886 1726 944 1781 '0
975 1724 1070 1782 οῦν
1108 1728 1248 1801 ἔχων
1276 1731 1369 1785 ἐπὶ
1395 1733 1495 1805 τὴν
1539 1733 1767 1805 καρδίαν

195 1809 347 1864 αὑτοῦ
378 1812 476 1876 τάς
504 1814 603 1866 τοῦ
646 1814 781 1869 Θεοῦ
814 1818 1107 1884 ἀναϐάσεις
1129 1860 1142 1885 ,
1175 1822 1268 1875 καὶ
1297 1822 1407 1876 τῶν
1451 1823 1641 1877 ἑαυτοῦ
1674 1824 1761 1878 λο-

193 1901 393 1969 γισμῶν
413 1904 736 1974 ἐπιμέλειαν
762 1906 1104 1977 ποιούμενος,
1131 1909 1353 1975 δυνατὸς
1380 1911 1532 1966 ἔσται
1562 1911 1631 1966 τά
1654 1914 1761 1970 τῶν

196 1986 504 2058 ἑτεροδόξων
546 1994 1019 2065 καταστρέφεσθαι
1064 1996 1329 2068 eti-maca,
1361 1998 1547 2065 κακῶς
1585 2019 1759 2071 πεφυ-

195 2080 452 2146 τευμένα,
497 2084 599 2137 καὶ
639 2086 724 2139 ἐπ’
764 2086 970 2158 ὀλέθρῳ
1013 2088 1484 2161 καρποφοροῦντα.
1532 2074 1763 2148 Ἔπειτά

198 2186 368 2272 φησιν,
411 2173 495 2228 δτι
537 2176 668 2228 Ἐπὶ
698 2175 778 2242 τῷ
807 2176 1066 2249 θερισμῷ
1107 2197 1227 2235 σου
1262 2182 1360 2235 καὶ
1393 2181 1492 2235 ἐπὶ
1521 2181 1601 2249 τῷ
1625 2200 1764 2254 τρυ-

197 2268 342 2331 γητῷ
368 2281 485 2318 σου
518 2268 923 2335 καταπατήσω
941 2310 955 2333 ,
987 2271 1086 2324 καὶ
1121 2271 1318 2326 πάντα
1353 2274 1765 2329 καταπεσοῦν·

196 2366 299 2405 ται.
339 2353 558 2427 Ἐπειδὴ
582 2357 693 2429 γὰρ
714 2357 773 2411 ὃν
798 2358 1000 2431 θερίζει
1026 2363 1189 2428 σῖτον,
1210 2363 1304 2416 καὶ
1325 2362 1383 2417 δν
1407 2365 1581 2434 τρυγᾷ
1598 2360 1760 2430 οἶνον,

198 2444 439 2510 ἐναντίως
466 2447 656 2518 έχουσι
683 2450 759 2521 τῷ
790 2451 939 2523 ἄρτῳ
970 2452 1047 2524 τῷ
1079 2454 1384 2526 στηρίζοντι
1413 2457 1640 2528 καρδίαν
1671 2460 1766 2515 ἀν-

199 2532 428 2604 θρώπου,
457 2540 557 2593 καὶ
586 2539 712 2611 οἴνῳ
735 2542 814 2614 τῷ
838 2544 1181 2617 εὐφραίνοντι
1204 2546 1432 2619 καρδίαν
1452 2547 1547 2603 ἀνθ
1557 2549 1760 2620 ρώπουο

200 2625 269 2690 ὠς
298 2629 495 2698 ἀγαθὸς
520 2634 552 2685 ὁ
581 2633 713 2697 Θεὸς
738 2639 931 2699 πατεῖ.
961 2637 1061 2691 οὐκ
1086 2638 1191 2694 ἐῶν
1215 2640 1467 2708 γενέσθαι
1496 2644 1702 2716 τροφὴν
1728 2643 1763 2715 ἢ

204 2716 351 2771 ποτὸν
377 2723 488 2784 τοῖς
514 2720 591 2775 δι’
616 2720 841 2791 ἄγνοιαν
870 2726 969 2797 τῆς
1006 2728 1137 2798 παρ’
1171 2728 1350 2783 αὐτῶν
1378 2729 1583 2802 βλάϐης
1610 2732 1765 2786 ἀδια-

204 2807 392 2875 κρίτως
417 2815 906 2886 προσφερομένοις.
957 2818 1081 2872 Ἐπί
1112 2815 1207 2874 οῦν
1239 2820 1320 2887 τῷ
1357 2823 1612 2894 θερισμῷ
1648 2839 1767 2880 σου

204 2897 292 2950 καί
318 2899 395 2965 τῷ
421 2903 698 2973 τρυγητῷ
725 2920 841 2961 σου
874 2911 1293 2981 καταπατήσω,
1323 2913 1421 2968 καὶ
1445 2914 1642 2971 πάντα
1666 2932 1768 2972 πε-

207 2990 463 3047 σοῦνται.
489 2995 731 3052 Δύναται
754 2997 912 3054 τοῦτο
936 3001 1031 3054 καὶ
1054 3002 1192 3074 πρὸς
1214 3003 1276 3056 τὸ
1299 3007 1607 3076 σωματικὸν
1626 3010 1768 3062 οἰκο-

1863 549 2121 603 tradenda

1933 638 2058 692 512.
2104 639 2308 695 Deinde
2349 641 2610 697 adversus
2661 639 3006 696 Moabitidem
3046 639 3285 694 dicitur:
3320 640 3426 692 Ar-

1862 726 2016 783 bores
2051 738 2169 784 tuas
2219 731 2407 800 dejecit
2455 731 2660 786 Esebon
2697 743 2745 786 et
2784 732 2982 786 Elealc.
3025 731 3233 787 Esebon
3264 732 3428 802 igitur

1861 829 1918 874 et
1950 819 2132 875 Eleale
2179 823 2403 878 arbores
2433 823 2741 880 Moabitidis
2782 832 3111 880 everterunt.
3153 821 3291 890 Quid
3332 839 3428 875 au-

1866 920 1973 965 tem
2003 912 2155 968 hisce
2191 915 2373 970 verbis
2399 915 2686 980 indicetur,
2712 916 2936 987 agedum
2973 929 3071 984 pro
3092 914 3231 968 virili
3261 928 3428 981 expo-

1863 1019 2085 1061 namus.
2118 1006 2327 1061 Esebon
2359 1007 2599 1077 quidem,
2623 1009 2765 1077 quod
2801 1006 2868 1061 ad
2896 1006 3129 1061 nominis
3166 1007 3429 1074 interpre-

1864 1096 2122 1151 tationem
2151 1097 2365 1160 attinet,
2422 1106 2582 1151 sonat
2626 1097 2989 1165 cogitationem
3012 1108 3031 1146 :
3056 1094 3235 1150 Eleale
3276 1109 3427 1161 vero,

1864 1187 1963 1241 Dei
1995 1205 2295 1245 ascensum.
2334 1187 2520 1257 Itaque
2545 1188 2669 1243 vitis
2693 1189 2891 1253 aliena,
2922 1197 2977 1243 et
3009 1186 3235 1242 arbores
3265 1200 3428 1255 quas-

1865 1292 2078 1348 cunque
2096 1277 2260 1333 Pater
2288 1278 2525 1333 caelestis
2551 1294 2655 1333 non
2687 1278 2967 1347 plantavit,
2997 1276 3319 1347 dejiciuntur
3339 1275 3383 1308 ⁸⁸
3409 1293 3427 1331 :

1865 1378 1923 1424 at
1962 1379 2120 1424 rectae
2161 1368 2604 1425 ratiocinationes
2647 1379 2703 1424 et
2745 1383 3006 1423 ascensus
3033 1366 3123 1438 qui
3161 1380 3258 1436 per
3288 1368 3427 1421 bona

1865 1476 2030 1530 opera
2078 1462 2146 1515 ad
2189 1462 2358 1517 Deum
2394 1476 2494 1516 nos
2519 1461 2724 1523 evehit,
2758 1459 3145 1530 plantationem
3179 1466 3431 1512 evertunt

1872 1553 2350 1607 heterodoxorum.
2379 1552 2612 1607 Proinde
2665 1550 2859 1606 Beatus
2892 1552 2967 1605 vir
2992 1548 3141 1618 cujus
3171 1559 3246 1603 est
3277 1548 3432 1601 auxi-

1869 1642 2002 1695 lium
2032 1642 2147 1710 ejus
2180 1644 2274 1696 abs
2306 1652 2355 1695 te
2384 1657 2403 1696 :
2427 1642 2758 1696 ascensioncs
2797 1650 2902 1694 tua:
2943 1641 2995 1692 in
3042 1638 3198 1693 corde
3236 1638 3348 1708 ejus
3363 1637 3428 1690 ⁸⁸.

1872 1732 2132 1801 Quisquis
2163 1732 2326 1801 igitur
2355 1732 2408 1786 in
2431 1747 2529 1786 suo
2557 1732 2724 1786 corde
2750 1731 2911 1785 habet
2938 1729 3031 1785 Dei
3062 1730 3430 1794 escensiones,

1870 1835 1926 1879 et
1962 1823 2249 1894 diligenter
2298 1838 2425 1879 suas
2468 1825 2723 1877 observat
2766 1821 3143 1890 cogitationes,
3182 1821 3432 1889 dogmata

1868 1913 2246 1968 haereticorum
2288 1910 2426 1966 male
2475 1910 2733 1980 plantata,
2758 1916 2812 1962 et
2858 1907 3193 1975 perniciosos
3226 1905 3435 1958 fructus

1870 2004 2147 2061 alierentia
2181 2013 2426 2057 evertere
2485 2000 2683 2071 poterit
2727 2007 2782 2052 et
2808 2012 3136 2066 expugnare.
3170 1996 3434 2063 Deinceps

1868 2097 1944 2151 ait
1971 2112 1986 2149 :
2019 2093 2243 2149 Messem
2298 2100 2443 2146 tuam
2490 2100 2541 2144 et
2567 2089 2879 2144 vindemiam
2912 2099 3055 2140 tuam
3095 2084 3432 2151 conculcabo,

1866 2197 1917 2243 et
1945 2187 2121 2241 omnia
2152 2184 2445 2239 concident.
2486 2181 2620 2236 Nam
2646 2179 2861 2251 quando
2884 2178 3026 2248 quod
3061 2178 3285 2232 demetit
3320 2176 3432 2231 fru-

1868 2287 2136 2343 mentum,
2181 2284 2236 2330 et
2283 2272 2426 2344 quod
2466 2270 2763 2327 vindemiat
2819 2270 3025 2334 vinum,
3074 2267 3437 2322 adversantur

1871 2378 1982 2424 tum
2011 2368 2134 2438 pani
2159 2364 2555 2436 quiconiirmat
2577 2377 2673 2417 cor
2695 2361 2949 2427 hominis,
2988 2370 3098 2413 tum
3135 2358 3259 2413 vino
3291 2357 3435 2428 quod

1868 2460 2105 2515 laztilicat
2128 2473 2222 2514 cor
2250 2454 2538 2512 hominis"
2568 2472 2583 2510 :
2611 2453 2754 2510 Deus
2780 2460 2964 2522 utpote
2997 2451 3175 2506 bonus
3207 2464 3269 2504 ea
3307 2462 3436 2518 pro-

1869 2551 2068 2617 culcat,
2108 2565 2208 2605 nec
2233 2549 2286 2603 in
2315 2548 2496 2603 cibum
2532 2553 2627 2600 aut
2651 2553 2835 2615 potum
2860 2542 3052 2597 cedere
3078 2540 3206 2596 sinit
3241 2540 3309 2593 iis
3345 2538 3439 2609 qui

1870 2643 2127 2698 damnum
2158 2640 2301 2710 quod
2327 2636 2558 2693 afferunt
2583 2636 2915 2707 ignorantes,
2931 2642 3132 2688 temere
3159 2639 3215 2686 et
3246 2631 3438 2684 incon-

1871 2732 2016 2789 sulte
2058 2739 2242 2788 essent
2282 2744 2345 2785 ea
2398 2727 2688 2799 sumpturi.
2720 2725 2911 2795 Itaque
2946 2722 3168 2779 Messem
3208 2731 3352 2775 tuam
3387 2729 3439 2774 et

1873 2823 2187 2879 vindemiam
2228 2833 2373 2875 tuam
2411 2815 2752 2881 conculcabo,
2804 2824 2854 2868 et
2912 2815 3091 2868 omnia
3142 2811 3437 2866 concident.

1874 2912 1989 2968 Hoc
2025 2911 2193 2965 etiam
2223 2908 2290 2963 ad
2327 2907 2547 2962 verbum
2580 2912 2757 2976 potest
2797 2903 2953 2959 nobis
2995 2908 3251 2971 praestare
3272 2899 3442 2954 aedili-

1873 3003 2166 3065 cationem,
2190 2999 2332 3070 quod
2363 3014 2470 3054 non
2511 2997 2668 3068 pauci
2706 2993 2817 3064 jam
2852 2992 3128 3047 fructuum
3164 2988 3437 3044 collectio-

207 3079 535 3194 Bolusiv‘gii)‘
564 3090 733 3194 ἡμας,
760 3092 843 3145 ὅτι
870 3092 1055 3148 πολλοὶ
1086 3096 1144 3148 ὲν
1177 3098 1300 3160 ταῖς
1339 3098 1525 3170 χερσὶν
1557 3098 1768 3170 ἔχοντες

1878 3111 1998 3151 nem
2039 3093 2095 3149 in
2139 3093 2390 3149 manibus
2420 3090 2704 3153 habentes,
2748 3085 2965 3156 inopina
3007 3082 3237 3152 quadam
3284 3080 3439 3150 plaga

208 3174 299 3246 τὴν
325 3177 588 3251 συλλογὴν
610 3182 719 3238 τῶν
755 3185 1012 3256 καρπῶν,
1051 3186 1224 3260 ἀθρόα
1248 3190 1356 3243 τινὶ
1387 3182 1568 3262 πληγῇ
1595 3192 1661 3244 ἐκ
1684 3210 1772 3263 χαι

209 3264 414 3363 iam
446 3274 504 3340 ἐξ
529 3275 699 3346 ἄλλης
726 3278 869 3342 τινὸς
906 3278 1169 3350 μάστιγος
1194 3280 1481 3336 ἀπώλεσαν
1505 3281 1575 3336 τὰ
1599 3300 1771 3355 προσ-

211 3354 494 3431 δοκῶμενα,
542 3366 634 3421 διὰ
676 3369 735 3421 τὸ
778 3369 1071 3441 ἀχάριστον
1111 3372 1207 3424 καὶ
1246 3371 1628 3426 πλεονεκτικὸν
1644 3354 1770 3429 τῶν

213 3447 516 3523 ἀνθρώπων,
546 3458 648 3511 οὑκ
675 3458 934 3513 ὲάσαντοι-
960 3458 1053 3513 τοῦ
1079 3459 1214 3513 Θεοῦ
1245 3462 1326 3514 εἰς
1354 3461 1651 3519 ἀπόλαυσιν
1677 3464 1772 3518 αὖ·

214 3544 314 3607 τοῖς
337 3546 629 3616 ἀφικέσθαι
668 3550 799 3625 (12).

278 3633 393 3691 515.
431 3640 547 3693 Καὶ
576 3640 899 3710 ἀρθήσεται
928 3645 1274 3714 ευφροσύνη
1304 3647 1402 3700 καὶ
1431 3647 1773 3718 ἀγαλλίαμα

218 3721 279 3778 ἐκ
308 3727 422 3781 τῶν
443 3730 842 3801 ἀμπελώνωνο
882 3735 980 3788 καὶ
1014 3736 1086 3789 οὐ
1115 3735 1201 3805 μὴ
1233 3738 1771 3807 εὐφρανθήσονται,

218 3815 306 3868 καὶ
346 3820 414 3873 οὐ
448 3821 540 3890 μὴ
580 3821 967 3890 πατήσουσιν
1009 3826 1180 3882 οἶνον
1208 3830 1295 3894 εἰς
1336 3830 1407 3884 τὰ
1437 3831 1771 3900 ὑπολήνιαο

219 3903 495 3966 πέπαυται
526 3912 660 3982 γάρ.
691 3915 871 3986 Ἧρθη
912 3918 1010 3987 μὲν
1041 3913 1133 3973 οὖν
1161 3920 1464 3993 εὐφροσύνη
1495 3923 1588 3977 καὶ
1616 3923 1777 3992 ἀγαλ-

219 3993 372 4070 λίαμα
430 4004 494 4058 ὲκ
556 4003 665 4058 τῶν
734 4006 1086 4078 ἀμπελώνων.
1168 4010 1443 4083 Ἀφῃρέθη
1507 4014 1616 4066 ἀπὸ
1680 4014 1774 4069 τοῦ

231 4084 430 4162 Ἰσραὴλ
485 4094 521 4165 ή
583 4093 828 4165 βασιλεία
882 4096 976 4150 τοῦ
1037 4097 1208 4165 Θεοῦ,
1269 4102 1365 4154 καὶ
1422 4101 1579 4171 ἐδόθη
1634 4102 1775 4158 ἔθνει

223 4184 446 4240 ποιοῦντι
479 4189 610 4251 τοὺς
644 4188 892 4260 καρποὺς
925 4188 1107 4242 αὐτοῦ.
1146 4190 1377 4245 Δύναται
1404 4190 1460 4244 δὲ
1501 4193 1596 4247 καὶ
1638 4194 1779 4248 κατά

222 4270 277 4325 τὸ
320 4277 623 4346 σωματικὸν
674 4278 911 4332 νοεῖσθαι
961 4281 996 4349 ἡ
1041 4278 1206 4345 λέξις,
1256 4280 1337 4334 ὅτι
1371 4280 1583 4352 αἴρεται
1627 4285 1778 4339 πᾶσα

225 4362 509 4439 εὐφροσύνη
565 4368 673 4422 τῶν
719 4368 927 4442 ἀθρόως
963 4356 1380 4442 ἀέραιρουμένων
1424 4373 1523 4436 τὰς
1562 4374 1657 4429 ἐπὶ
1709 4379 1776 4449 τῇ

1877 3202 1972 3259 per
1995 3185 2309 3257 grandinem
2353 3183 2437 3236 vel
2485 3180 2631 3235 aliud
2675 3177 2905 3248 quodvis
2944 3173 3211 3244 ﬂagellum
3246 3186 3442 3241 exspe-

1873 3275 2109 3330 ctatione
2148 3286 2245 3325 sua
2284 3269 2517 3324 fraudati
2551 3267 2658 3322 sint
2683 3283 2698 3319 :
2722 3265 2919 3334 quippe
2944 3263 3012 3318 ob
3041 3262 3316 3317 hominum
3356 3261 3440 3313 ir-

1876 3369 2091 3433 gratum
2126 3361 2362 3415 animum
2393 3367 2555 3413 atoue
2591 3355 2898 3411 avaritiam.
2933 3353 3150 3410 eosdem
3209 3352 3275 3407 iis
3321 3365 3442 3422 per-

1873 3452 1979 3509 frui
2008 3452 2149 3508 Deus
2175 3465 2281 3506 non
2310 3448 2440 3506 sinit

1962 3634 2086 3689 515.
2130 3630 2200 3685 Et
2239 3630 2451 3685 tolletur
2472 3627 2661 3683 la’titia
2692 3636 2741 3682 ct
2770 3625 3049 3682 exsultatio
3077 3623 3141 3678 de
3169 3621 3332 3677 vineis
3354 3636 3373 3674 :
3395 3630 3445 3674 et

1881 3742 1984 3781 non
2007 3724 2350 3788 (relabuntur,
2379 3736 2540 3792 neque
2570 3719 2851 3775 calcabunt
2877 3719 3058 3773 vinum
3084 3716 3140 3770 in
3164 3712 3447 3769 torculari-

1878 3822 2010 3876 bus:
2040 3819 2230 3874 etenim
2265 3817 2513 3871 cessavit.
2542 3814 2611 3870 Et
2634 3826 2763 3868 vero
2801 3810 3011 3867 sublata
3048 3817 3134 3866 est
3168 3806 3354 3862 laetitia
3387 3812 3445 3860 et

1876 3913 2168 3970 exsultatio
2204 3927 2236 3968 e
2266 3910 2459 3966 vineis.
2502 3908 2584 3964 Ab
2636 3904 2929 3962 Israelitico
2973 3901 3170 3975 populo
3203 3899 3448 3955 ablatum

1878 4017 1964 4063 est
1987 4022 2215 4078 regnum
2252 4004 2367 4071 Dei,
2390 4012 2445 4059 et
2483 4002 2666 4057 datum
2697 4007 2781 4055 est
2813 3996 2960 4067 genti
2992 3994 3207 4051 facienti
3241 3990 3450 4047 fructus

1878 4097 1996 4167 ejus
2014 4096 2082 4152 ³⁸.
2114 4095 2302 4152 Potest
2339 4095 2503 4150 etiam
2555 4093 2672 4147 haec
2702 4087 2968 4146 sententia
3014 4084 3187 4154 accipi
3220 4082 3287 4137 ad
3323 4095 3447 4135 ver-

1878 4190 2028 4255 bum,
2055 4202 2121 4244 eo
2153 4188 2299 4258 quod
2333 4185 2581 4242 aufertur
2611 4183 2796 4239 laetitia
2830 4179 3009 4237 omnis
3035 4178 3105 4232 ab
3136 4176 3226 4243 iis,
3261 4173 3354 4243 qui
3383 4172 3451 4227 de

1883 4294 1980 4350 spe
2028 4279 2229 4351 segetis
2272 4277 2589 4349 colligendae
2632 4275 2814 4331 subito
2861 4272 3137 4329 decidunt.
3167 4269 3270 4321 Aut
3317 4265 3444 4334 quia

1881 4371 2095 4424 vineam
2120 4369 2354 4423 diximus
2386 4381 2508 4421 esse
2536 4359 2844 4420 sermonem
2881 4362 3217 4419 mendacem,
3256 4362 3441 4424 potest

228 4460 507 4531 συγκομιδῇ
560 4459 668 4513 τῶν
709 4461 1142 4533 γεωργουμένων
1184 4462 1423 4527 ἐλπίδας.
1473 4466 1543 4519 ’Ἡ
1592 4446 1769 4539 ἐπειδῆ

1897 4460 2121 4530 intelligi
2153 4459 2393 4516 laetitiam
2424 4472 2492 4513 ex
2527 4456 2662 4513 falsa
2688 4455 2837 4512 omni
2871 4451 3099 4509 scientia
3140 4447 3335 4503 animis
3358 4446 3453 4501 de-

225 4545 447 4617 ἄμπελον
471 4554 708 4625 εἴπαμεν
734 4554 824 4609 τὸν
852 4554 1023 4626 ψευδῆ
1051 4555 1228 4625 λόγον,
1254 4556 1471 4613 δύναται
1497 4558 1555 4612 δὲ
1584 4559 1776 4631 νοηθῆ-

227 4652 305 4690 ναι
327 4640 455 4711 (15),
486 4646 627 4715 ὅτιή
662 4642 770 4698 ἀπὸ
801 4646 984 4717 πάσης
1011 4645 1362 4717 ψευδωνύμου
1392 4648 1649 4718 γνώσεως
1684 4652 1776 4720 ὲγ-

228 4730 466 4803 γινομένη
487 4736 608 4800 ⁵τοῖς
626 4735 808 4807 ἠπατη
818 4736 999 4806 μένοις
1025 4737 1349 4809 εὐφροσύνη,
1376 4738 1450 4804 ὡς
1475 4740 1582 4793 ἀπὸ
1600 4741 1778 4812 ἀμπέ-

228 4812 309 4871 λου
338 4825 682 4897 γεωργούσης
714 4828 1013 4897 φαντασίαν
1041 4828 1399 4901 εὐφροσύνης,
1427 4831 1547 4903 οὐχὶ
1570 4831 1627 4886 δὲ
1651 4833 1781 4905 ἀλή-

232 4907 365 4969 θειαν
394 4918 740 4992 ἀφαιρεῖται,
783 4920 858 4984 ὡς
898 4922 1094 4992 μηκέτι
1127 4917 1267 4977 εἶναι
1308 4924 1436 4987 τοὺς
1484 4925 1780 4995 ἀπατωμέ-

232 5016 356 5068 νους.
390 5010 582 5064 Οὐκέτι
613 5011 724 5083 γὰρ
756 5012 1219 5086 εὐφρανθήσονται
1253 5016 1344 5068 ἐπὶ
1369 5018 1482 5079 τοῖς
1515 5014 1785 5086 ὲλεγχθεϊο

237 5105 310 5145 σιν
328 5097 374 5148 οἱ
397 5099 656 5172 πρότερον
682 5099 822 5154 αὐτά
851 5099 1241 5172 θαυμάζοντες,
1269 5101 1390 5156 οὐδὲ
1410 5103 1783 5175 γεωργήσουσι

312 5294 549 5361 “Matth.
576 5321 668 5373 xv,
703 5304 792 5361 i5.
866 5309 914 5342 ⁸⁸
938 5303 1080 5361 Psal.
1115 5318 1346 5370 until,
1379 5299 1434 5358 6.
1510 5302 1556 5335 ⁸⁷
1582 5301 1722 5358 Psal.
1750 5316 1867 5370 cut,
1893 5300 1978 5355 15.

301 5456 419 5549 ρθὶ
442 5461 660 5549 Antiqui
683 5470 796 5549 tres
822 5462 967 5549 libri.
992 5458 1161 5549 αξτῷ.
1185 5459 1780 5549 ΑΙξιιέιιιηιοιῃοξὲοόίιῑ,

290 5525 532 5602 οὗθ’ἒχων
554 5525 654 5609 τὰς
679 5532 773 5585 ἐπὶ
796 5533 897 5603 τὴν
924 5525 1441 5609 καρδίανητοῦβεοῦ
1467 5525 1782 5609 ἀναϐάσεις..

244 5594 307 5670 At
333 5594 456 5670 mss.
484 5612 542 5656 ut
577 5594 646 5657 in
666 5594 921 5657 contex'tu
953 5619 967 5655 :
1001 5594 1090 5656 ilbi
1132 5599 1387 5655 libentius
1406 5599 1665 5670 legerem,
1690 5599 1782 5654 ἐπὶ

244 5667 304 5737 τῇ
322 5669 594 5743 καρδίᾳ,λεί
626 5685 724 5743 per
749 5682 961 5727 veteres
992 5670 1156 5743 libros
1186 5671 1392 5743 liceret.

310 5739 410 5811 (li)
429 5739 695 5814 scriptum
711 5741 1014 5801 invenimus
1029 5743 1082 5799 in
1105 5740 1311 5800 duobus
1333 5739 1624 5810 codicibus,
1646 5739 1777 5795 oixo-

1882 4560 2161 4622 ceptorum
2194 4550 2421 4605 inditam
2454 4547 2565 4603 tolli
2600 4557 2656 4602 et
2682 4543 2910 4609 auferri,
2943 4540 3087 4612 quod
3118 4554 3150 4594 a
3183 4538 3292 4593 vite
3322 4550 3452 4606 pro-

1884 4641 2023 4695 l‘ecta
2046 4640 2141 4707 sit,
2179 4654 2298 4707 quae
2322 4638 2523 4693 laetitiae
2553 4636 2838 4707 ingenerat
2868 4633 3135 4704 speciem,
3165 4644 3271 4684 non
3307 4627 3452 4682 veri-

1885 4742 2071 4799 tatem,
2107 4741 2167 4786 ut
2196 4745 2264 4784 ne
2292 4730 2547 4798 deinceps
2578 4728 2904 4783 inducantur
2934 4725 2989 4780 in
3025 4736 3290 4778 errorem.
3333 4718 3452 4773 Non

1884 4824 2027 4882 enim
2056 4824 2092 4878 ii
2121 4822 2449 4877 laetabuntur
2478 4819 2711 4890 amplius
2736 4819 2806 4873 ob
2837 4831 2903 4872 ea
2949 4828 3179 4885 quorum
3210 4810 3451 4881 coarguti

1887 4926 2039 4982 sunt,
2068 4914 2159 4985 qui
2199 4914 2386 4968 eadem
2424 4912 2573 4982 prius
2600 4909 3010 4965 admirabantur
3037 4922 3052 4960 :
3079 4919 3253 4975 neque
3293 4912 3467 4956 uvam“

1889 5006 2234 5063 Moabiticam
2272 5002 2547 5068 excolent,
2590 5002 2679 5073 qui
2725 4999 2868 5069 quod
2916 4998 3171 5053 damnum
3197 4992 3359 5066 615
3384 5007 3452 5046 ex

1888 5114 1953 5155 ea
1990 5095 2203 5153 accedit
2259 5092 2590 5162 bibentibus,
2634 5088 2939 5148 didicerint.
2988 5085 3239 5142 Fortasse
3272 5094 3452 5139 autem

2081 5299 2126 5331 ⁸⁸
2156 5297 2343 5354 Matth.
2382 5311 2495 5362 nl,
2523 5294 2611 5350 45.

1886 5461 2095 5527 νομείν,
2123 5456 2389 5527 ordinare,
2412 5452 2624 5527 referre.

1957 5515 2321 5596 '(lﬁi'Antiqui
2356 5515 2636 5596 tres'libri,
2696 5515 3008 5590 ἀφικέσθαι.
3056 5515 3206 5573 Alius
3262 5516 3450 5582 codex,

1887 5591 2164 5668 ἀφίεσθαι,
2194 5591 2421 5668 relinqui
2440 5591 2509 5646 ad
2539 5607 2712 5668 usum.

1957 5666 2070 5740 (15)
2096 5659 2276 5724 (iudex
2316 5659 2472 5733 unus,
2504 5659 2758 5719 νοεῖσθαι.
