3810 6214
164 317 262 375 £65

969 314 1328 372 COMMENT.
1369 315 1437 370 IN
1477 315 1710 372 ISAIAM
1751 315 2193 374 PROPHETAM.
2235 316 2386 373 CAP.
2425 316 2565 373 XVI.

3318 318 3417 374 636

158 434 294 502 Πρός
311 429 401 482 τὸν
429 428 596 483 αὐτὸν
619 429 648 482 ό
671 416 846 497 λόγος.
880 428 944 481 Τί
973 424 1064 483 οὖν
1098 428 1344 500 βούλεται
1371 430 1430 482 τὸ
1449 429 1737 501 τολμηρῶς

1869 430 1941 483 Ilu
1965 434 2001 482 ι.
2036 429 2179 498 quod
2219 437 2423 483 temere
2452 428 2656 482 dictum
2684 426 2922 491 videtur,
2955 427 3023 481 Et
3061 428 3162 482 erit
3190 429 3258 502 a_d
3287 444 3417 481 con-

157 522 337 576 δοκοῦν
369 521 648 593 είῄσθαι,
680 521 763 586 τὸ,
791 522 1006 574 Ἔσται
1035 523 1121 586 εὶς
1143 522 1208 573 τὸ
1226 519 1596 589 ἐντραπῆναί
1623 535 1732 586 σε;

159 614 251 664 Διά
292 610 449 663 τοῦτό
483 626 597 681 μοι,
627 611 814 681 φησιν,
840 610 1094 682 ἰσχυροὺς
1115 610 1353 681 ἐχαρίσω
1373 610 1583 665 ἔνδοθεν
1610 613 1737 675 τοὺς

158 701 554 772 διαλογισμοὺς,
582 699 723 755 ὥστε
760 702 889 765 τοὺς
922 701 1015 754 νῦν
1052 702 1125 773 μὴ
1173 703 1600 772 ἐπιστρέφοντας
1645 704 1739 757 ἐπὶ

165 791 218 843 σὲ
249 791 586 863 ἐντραπῆναί
621 809 681 845 σε
720 790 808 845 διὰ
837 792 947 845 τῶν
980 791 1217 862 ἐλέγχων
1250 791 1358 844 τῶν
1395 795 1738 865 προσαγομέ-

162 899 259 936 νων
297 883 501 946 αὐτοῖς,
556 886 619 937 ἐκ
670 883 769 954 τῆς
819 883 928 937 τῶν
975 883 1276 955 δεδομένων
1329 901 1419 955 μοι
1459 884 1738 956 λογισμῶν

161 971 413 1036 εὐτονίας.
443 972 640 1026 Λείπει
670 969 763 1027 οὖν
790 973 873 1038 τὸ,
915 973 1114 1038 αὐτούς
1133 990 1146 1004 ·
1181 974 1267 1028 ἵνα
1295 974 1465 1043 ὑγιῶς
1489 974 1597 1028 τῶν
1637 977 1738 1048 ρη-

166 1064 337 1136 μάτων
359 1067 388 1119 ό
425 1064 557 1128 νοῦς
586 1064 824 1138 ἀποδοθῇ
851 1082 865 1096 ο
899 1065 1012 1122 Καὶ
1045 1065 1217 1120 ἔσται
1240 1069 1328 1133 εὶς
1351 1067 1415 1120 τὸ
1444 1066 1740 1137 ἐντραπῆ-

163 1173 252 1210 ναι
278 1156 475 1221 αὐτούς
501 1173 580 1211 σε
605 1157 741 1227 (‘20).
780 1158 990 1231 Ὥσπερ
1017 1158 1124 1230 γὰρ
1146 1160 1194 1212 οἱ
1222 1162 1281 1213 ὲν
1321 1162 1435 1223 τοῖς
1478 1160 1740 1231 πολέμοις

164 1249 561 1323 ἀντιπρόσωποι
605 1249 870 1317 ἑστῶτες,
900 1251 1005 1316 ἓως
1044 1251 1144 1323 μὲν
1190 1252 1467 1317 ίσοπαλεῖς
1492 1252 1738 1306 δοκοῦσιν

165 1337 311 1407 εἶναι,
359 1343 420 1396 ού
475 1343 807 1415 τρέπονται,
846 1343 969 1396 οὐδὲ
1015 1343 1386 1397 ἐκκλίνουσινο
1421 1343 1643 1397 ἐπειδὰν
1683 1343 1739 1398 δὲ

166 1435 396 1509 ὑπερέχῃ
431 1435 617 1489 αὐτῶν
654 1436 716 1489 τὸ
742 1436 929 1508 ἕτερον
963 1435 1147 1508 μέρος,
1183 1437 1482 1509 τραπέντες
1510 1437 1742 1507 φεύγου-

167 1542 272 1579 σινο
306 1526 450 1580 οὕτω
497 1528 597 1582 καὶ
635 1526 782 1600 ψυχὴ
818 1528 923 1581 ὑπὸ
966 1528 1239 1592 ἀναιδείας
1277 1529 1739 1602 παρατεταγμένη

164 1617 401 1689 ἔστηκεν,
428 1619 535 1672 οὐκ
566 1619 957 1692 ἐντρεπομένη,
1003 1619 1322 1693 ἐλεγχθεῖσα
1359 1620 1415 1675 δὲ
1443 1621 1549 1674 ὑπὸ
1579 1621 1738 1691 λόγου

166 1707 575 1778 καθαπτομένου
608 1710 802 1782 αὐτῆς,
838 1710 1100 1782 τρέπεται
1141 1711 1279 1784 πρὸς
1310 1711 1592 1784 αἰσχύνην.
1630 1713 1740 1767 Καὶ

1843 495 2102 590 fusionem
2137 522 2215 573 tui
2235 522 2260 577 .9
2289 519 2436 583 Ideo,
2472 517 2666 587 inquit,
2701 517 2886 573 firmas
2920 518 3054 574 mihi
3091 495 3237 573 intus
3273 516 3415 588 cogi.

1845 613 2077 666 taliones
2105 611 2368 682 elargitus
2416 625 2498 675 es,
2537 619 2596 664 ut
2632 610 2724 679 qui
2759 624 2819 664 se
2852 625 2996 664 nunc
3031 610 3253 665 minime
3285 625 3418 665 con-

1841 711 2060 756 vertunt
2103 703 2169 757 ad
2228 713 2301 766 te,
2352 701 2656 757 confundas
2696 710 2751 757 tu
2790 701 2859 756 ob
2920 711 3265 772 argumenta,
3297 715 3417 771 qua!

1841 796 1943 850 sibi
1972 811 2038 850 ex
2066 794 2257 850 inditis
2282 793 2415 848 mihi
2447 793 2754 864 praevalidis
2787 793 3208 862 cogitationibus
3247 794 3418 847 addu-

1841 898 2059 942 cuntur.
2095 885 2256 942 Deest
2289 886 2453 955 igitur
2476 885 2629 950 illud,
2657 885 2821 954 ipsos,
2854 886 2935 940 sic
2960 895 3017 939 ut
3042 900 3172 940 sana
3199 894 3415 940 senten-

1843 982 1914 1034 tia
1952 980 2229 1043 reddatur,
2267 978 2334 1032 fit
2376 979 2473 1032 erit
2519 987 2572 1030 ut
2619 977 2787 1047 616
2823 986 2881 1031 tu
2930 978 3073 1047 ipsos
3101 977 3416 1046 confundas.

1840 1072 2305 1141 Quemadmodum
2362 1072 2505 1125 enim
2563 1068 2657 1137 qui
2703 1068 2757 1123 in
2787 1068 2944 1123 bellis
2992 1070 3215 1123 adversa
3278 1068 3418 1123 facie

1839 1167 2172 1231 consistunt,
2203 1163 2445 1232 quandiu
2474 1176 2629 1232 aequo
2666 1169 2840 1216 marte
2879 1175 3122 1230 pugnare
3147 1160 3415 1224 videntur,

1843 1272 1951 1312 non
1985 1261 2136 1324 terga
2178 1253 2328 1315 dant,
2387 1265 2563 1320 neque
2607 1249 2802 1320 pedem
2846 1250 3123 1313 referunt,
3157 1249 3249 1301 sed
3295 1263 3416 1299 rum

1840 1364 1967 1421 pars
2006 1347 2190 1403 altera.
2224 1345 2504 1415 praevalet,
2554 1348 2685 1396 tunc
2738 1341 2995 1396 cedentes
3032 1355 3091 1394 se
3132 1340 3183 1392 in
3240 1337 3418 1408 fugam

1841 1442 1972 1497 dant
2007 1453 2022 1494 :
2053 1439 2126 1493 ita
2175 1446 2229 1492 et
2273 1437 2453 1490 anima
2492 1434 2834 1504 impudenter
2860 1433 2913 1487 in
2946 1433 3064 1487 acie
3087 1432 3285 1488 stabat.
3323 1444 3421 1483 nec

1840 1532 2216 1593 reverebatur,
2259 1529 2355 1583 sed
2406 1528 2573 1581 verbo
2631 1523 3001 1595 obiurgatorio
3054 1522 3325 1585 convicta,
3368 1521 3421 1574 in

1842 1624 2102 1694 pudorem
2159 1629 2215 1677 et
2271 1619 2636 1674 reverentiam
2686 1618 2938 1671 vertitur.
2985 1616 3052 1669 Et
3083 1616 3334 1684 quoniam
3369 1614 3424 1666 in

1846 1715 2059 1771 occulta
2106 1714 2347 1770 hominis
2399 1719 2557 1781 parte
2609 1713 2725 1766 haec
2751 1711 3041 1765 conversio
3062 1708 3312 1769 efficitur,
3344 1709 3426 1759 ὲν-

167 1797 339 1871 ὲπειδὴ
365 1801 423 1853 ὲν
450 1799 533 1871 τῷ
559 1800 787 1874 κρυπτῷ
808 1801 898 1855 τοῦ
928 1801 1217 1874 ἀνθρώπου
1246 1803 1454 1871 γίνεται
1483 1805 1514 1873 ἡ
1541 1804 1738 1876 τροπὴ,

1859 1809 2044 1879 τροπή,
2075 1806 2191 1861 sive
2242 1804 2573 1859 verecundia
2602 1809 2851 1857 vocatur.
2892 1800 3015 1856 Ideo
3065 1816 3194 1871 ergo
3236 1806 3424 1853 venter

168 1890 387 1962 ἐντροπὴ
414 1892 877 1965 προσηγόρευται.
911 1892 1012 1950 Διά
1030 1893 1190 1947 τοῦτο
1217 1889 1309 1948 οὖν
1332 1897 1364 1965 ὴ
1394 1895 1572 1948 κοιλία
1598 1896 1740 1966 ἠχή-

168 1998 264 2047 σει,
302 1982 397 2036 καὶ
430 1981 501 2036 τὰ
531 1983 684 2047 ὲντδς
712 1982 846 2036 ὡσεὶ
885 1986 1063 2055 τεῖχος
1104 1984 1133 2038 ὃ
1174 1986 1509 2039 ἐνεκαίνισεν
1544 1988 1572 2039 ὁ
1611 1986 1744 2050 Θεὸς

167 2071 252 2125 τοῦ
296 2074 601 2145 προφήτου,
640 2074 728 2128 ἵνα
764 2074 1109 2145 μεταϐάλωσι
1142 2077 1237 2129 καὶ
1278 2076 1610 2148 ὲντραπῶσι,
1649 2078 1742 2132 τοῦ

169 2163 418 2217 αἰδεῖσθαι
451 2163 570 2234 (21)
604 2164 759 2231 Θεὸν,
808 2165 1075 2237 πρότερον
1116 2166 1218 2220 οὐκ
1249 2168 1607 2238 ἐπιστάμενοι
1645 2169 1743 2241 τὴν

169 2254 427 2325 ὠφέλιμον
462 2253 753 2326 αἰσχύνην.

232 2346 347 2401 315.
392 2347 525 2401 Ὅτι
559 2348 849 2402 ἐκοπίασε
874 2346 1055 2403 Μωὰϐ
1071 2347 1172 2402 ἐπὶ
1199 2348 1327 2416 τοῖς
1348 2350 1577 2421 ,ϐωμοῖς
1595 2391 1612 2417 ,
1644 2351 1743 2406 καὶ

170 2438 573 2491 εἰσελεύσεται
603 2440 692 2505 είς
737 2437 810 2493 τὰ
849 2439 1261 2508 χειροποίητα,
1300 2439 1456 2495 ὥστε
1489 2443 1746 2512 προσεύ-

172 2527 396 2592 ξασθαιο
422 2530 525 2584 καὶ
553 2533 624 2584 οὺ
644 2530 731 2599 μὴ
753 2529 1049 2585 δύνωνται
1070 2531 1386 2597 ἐξελέσθαι
1410 2535 1618 2601 αὐτόν.
1642 2534 1745 2589 Τὸν

173 2620 257 2673 ἐπὶ
292 2621 432 2674 τέλει
482 2621 796 2693 ἀφανισμὸν
836 2620 1019 2694 πάσης
1061 2624 1506 2695 εἰδωλολατρείας
1541 2629 1607 2679 ὲκ
1646 2626 1747 2696 τῆς

172 2711 256 2765 τοῦ
280 2714 449 2782 Λόγου
467 2713 586 2785 (22)
608 2714 933 2784 ἐπιφανείας
954 2715 1289 2787 προφητεύει
1311 2716 1407 2771 νῦν
1435 2719 1463 2770 ό
1499 2716 1746 2782 Ἡσαΐας,

174 2801 248 2857 ὅτι
271 2804 487 2870 μάταιοι
513 2805 718 2870 πάντες
742 2807 790 2860 oi
812 2806 907 2861 ἐπὶ
931 2810 1052 2872 ταῖς
1081 2811 1445 2872 κατασκευαῖς
1468 2809 1578 2862 τῶν
1603 2804 1748 2864 ναῶν

177 2898 374 2968 μόχθοι,
403 2900 501 2953 κα)⁵
534 2900 593 2952 αἱ
623 2897 734 2970 (3'5)
766 2899 1063 2968 ἀνωφελεῖς
1095 2902 1175 2964 εἰς
1199 2899 1269 2954 τὰ
1290 2901 1643 2973 χειροποίητα
1665 2902 1749 2955 ιλ-

177 2990 334 3055 πίδες.
365 2990 774 3065 Προσεύξονται
808 2990 940 3064 γὰρ,
971 2994 1124 3063 φησι,
1154 2994 1265 3047 Καὶ
1299 2996 1371 3047 οὐ
1403 2993 1491 3063 μὴ
1524 2994 1751 3048 δύνων-

176 3093 261 3131 ται
296 3080 614 3145 ἐξελέσθαι
651 3082 858 3135 αὐτόν.
903 3079 1076 3135 Τοῦτο
1115 3081 1210 3137 νῦν
1254 3082 1348 3136 ἐπὶ
1380 3083 1479 3154 τῆς
1509 3085 1747 3156 Χριστοῦ

177 3169 455 3243 ἐπιδημίας
505 3172 889 3246 πεπλήρωται.
962 3173 1108 3227 Ἀντὶ
1162 3175 1440 3229 σκοπέλων
1496 3179 1592 3249 μὲν
1640 3177 1750 3249 γὰρ

178 3262 457 3335 ἑστήκασιν
501 3267 555 3320 οἱ
589 3266 710 3321 ναοὶ
754 3267 803 3321 oi
844 3266 1191 3339 περιϐόητοι*
1227 3269 1410 3322 οὐκέτι
1450 3270 1508 3323 δὲ
1549 3272 1605 3324 αἱ
1644 3272 1752 3325 ἀπὸ

178 3353 277 3410 τῶν
313 3356 586 3428 δαιμόνων
619 3356 857 3422 ἀπάται,
899 3358 1329 3430 φυγαδευθείσης
1360 3361 1460 3431 τῆς
1509 3363 1749 3415 ἀντικει-

184 3445 335 3517 μένης
370 3448 658 3520 δυνάμεως
689 3446 777 3501 διά
812 3447 873 3500 τὸ
924 3449 1224 3520 μυστήριον
1256 3450 1349 3505 τοῦ
1391 3451 1625 3523 σταυροῦ
1655 3451 1750 3508 τοῦ

182 3538 309 3593 κατά
346 3541 529 3594 πᾶσαν
567 3538 667 3609 τὴν
713 3537 1039 3609 οἰκουμένην
1082 3541 1521 3610 κεκηρυγμένον.
1571 3542 1751 3596 Τοῦτο

183 3634 280 3701 γὰρ
307 3630 372 3685 τὸ
393 3631 583 3703 ῥῆμα,
615 3631 647 3685 ὃ
674 3630 941 3699 ἐλάλησε
972 3632 1190 3699 Κύριος
1215 3633 1317 3686 ἐπὶ
1345 3634 1541 3697 Μωὰϐ,
1574 3636 1753 3689 ὁπότε

184 3723 272 3775 καὶ
297 3724 624 3793 ἐλάλησεν.
675 3718 798 3777 Οἷον
839 3722 1092 3792 ἐπίλογός
1131 3726 1247 3778 ἐστι
1282 3726 1484 3789 παντὸς
1526 3725 1622 3780 τοῦ
1656 3729 1754 3798 ῥή-

188 3830 341 3883 ματος
394 3816 489 3870 τοῦ
554 3815 696 3869 κατά
748 3815 849 3886 τῆς
902 3815 1245 3882 Μωαϐίτιδος
1303 3818 1749 3890 κεκηρυγμένου·

193 3906 354 3961 Τοῦτο
379 3912 444 3962 τὸ
467 3906 637 3977 ῥῆμα
660 3906 693 3961 ὃ
716 3907 985 3976 malum;
1012 3909 1250 3977 Κύριος.
1281 3909 1626 3981 Προτέτακτο
1656 3911 1755 3981 μὲν

188 3996 343 4070 γὰρὴ
380 4000 527 4067 λέξις
567 3997 740 4064 οὕτως
786 3998 1006 4070 ἔχουσα,
1048 4001 1118 4056 Τὸ
1162 4000 1328 4071 ῥῆμα
1357 4002 1424 4056 τὸ
1457 4004 1607 4058 κατὰ
1646 4003 1757 4074 τῆς

187 4089 569 4157 Μωαϐίτιδος·
604 4090 919 4159 ὲπιλέγεται
952 4091 1008 4146 δὲ
1041 4093 1204 4146 παντὶ
1227 4091 1306 4164 τῷ
1339 4093 1493 4168 μέρει
1522 4096 1622 4166 τῆς
1659 4113 1757 4149 περ

192 4182 424 4254 ρικοπῆς.
477 4180 660 4237 Τοῦτο
693 4183 759 4236 τὸ
790 4182 978 4251 ῥῆμα,
1032 4182 1063 4236 ὃ
1100 4182 1368 4252 ἐλάλησε
1399 4185 1613 4254 Κύριος
1658 4185 1757 4239 ἐπὶ

190 4274 368 4338 Μωὰϐ,
406 4278 592 4332 ὁπότε
636 4275 735 4332 καί
767 4275 1054 4343 ἐλάλησε.
1091 4276 1156 4328 Τί
1186 4278 1363 4343 ἐστιν,
1413 4278 1619 4332 Ὁπότε
1658 4280 1755 4333 καὶ

191 4344 477 4435 ἐλάλησα
520 4368 772 4421 Δείκνυσι
802 4368 863 4421 τὺ
911 4369 1136 4423 σπάνιον
1168 4370 1267 4439 τῆς
1307 4368 1402 4422 τοῦ
1447 4369 1583 4424 Θεοῦ
1622 4370 1758 4443 πρὸς

192 4457 306 4520 τοὺς
369 4459 667 4521 Μωαϐίτας
722 4457 1018 4528 γινομένης
1082 4456 1288 4527 φωνῆς.
1348 4456 1439 4529 Τῷ
1494 4458 1592 4530 μὲν
1644 4459 1756 4529 γὰρ

205 4549 407 4621 Ἰσραὴλ
440 4548 685 4621 συνεχῶς
716 4548 1049 4617 διαλέγεται,
1083 4552 1197 4612 τοῖς
1236 4548 1293 4602 δὲ
1326 4548 1535 4604 ἔθνεσιν
1577 4551 1654 4615 ὼς
1693 4551 1763 4605 τὰ

198 4639 352 4694 πολλά
382 4643 585 4712 σιωπᾷ,
615 4641 690 4704 ὡς
719 4640 1020 4713 ἀλλοτρίοις
1053 4640 1153 4711 τῆς
1186 4641 1380 4695 ἑαυτοῦ
1416 4641 1652 4714 μερίδος.
1685 4644 1791 4697 Οὑ⁹

202 4732 297 4801 μὴν
337 4732 618 4796 παντελῶς
657 4732 1003 4802 ἀποκρύπτει
1030 4732 1120 4786 τὸν
1150 4732 1325 4801 λόγον,
1357 4733 1492 4786 ἀλλά
1522 4734 1616 4787 καὶ
1642 4734 1763 4787 τού-

199 4836 311 4885 τους
341 4823 452 4895 (24)
485 4823 639 4894 γεύει
683 4825 782 4895 τῆς
825 4823 1022 4878 ἑαυτοῦ
1064 4824 1494 4898 φιλανθρωπίας,
1544 4826 1631 4879 ἵνα
1675 4826 1763 4880 διὰ

199 4913 286 4977 τῆς
322 4917 376 4969 ἐν
404 4917 605 4986 ὀλίγοις
633 4917 833 4990 πείρας
871 4917 1007 4989 πρὸς
1046 4919 1146 4990 τὴν
1192 4919 1300 4972 τῶν
1328 4919 1550 4973 τελείων
1576 4919 1763 4974 ἐπιθυ-

204 5004 320 5074 μίαν
342 5009 600 5080 ὁρμῶσιν.
647 5012 802 5064 Ἐπεὶ
830 5006 924 5065 οῦν
962 5012 1257 5075 σπανιάκις
1283 5012 1437 5066 λαλεῖ
1462 5016 1573 5076 τοῖς
1603 5015 1766 5068 Μωα-

202 5093 383 5163 ϐίταις,
407 5099 494 5153 διὰ
520 5100 678 5156 τοῦτο
704 5101 942 5173 εἴρηται,
969 5102 1052 5156 ὃτι
1091 5102 1269 5156 Τοῦτο
1294 5102 1362 5157 τὸ
1387 5102 1554 5173 ῥῆμα
1575 5101 1607 5156 ὃ
1631 5101 1765 5159 ἐλά-

203 5190 344 5257 λησε
373 5192 602 5262 Κύριος,
633 5196 816 5250 ὁπότε
847 5195 947 5250 καί
980 5193 1304 5264 ἐλάλησεν.

272 5348 316 5380 ⁸⁸
343 5349 442 5407 lsa.
497 5367 589 5418 xv,
626 5353 681 5406 1.

274 5506 541 5579 (20)Editi
570 5520 626 5567 et
668 5508 805 5581 Reg.
858 5511 1089 5581 primus,
1139 5526 1199 5562 σε
1261 5509 1479 5581 αὐτούς.
1529 5509 1632 5563 Alii
1665 5510 1769 5563 dno

212 5587 353 5648 mss.,
378 5581 572 5645 αύτούς
602 5599 719 5635 σου.
752 5579 824 5636 At
864 5579 1002 5648 Reg.
1067 5580 1279 5644 tertius,
1309 5579 1508 5643 αὐτούς
1549 5595 1628 5645 σε,
1668 5595 1769 5634 nec

216 5644 358 5723 aliter
380 5651 571 5723 tegitur
597 5652 739 5721 apud
776 5644 1089 5723 Eusebium,
1128 5665 1308 5718 quem,
1355 5659 1413 5705 ut
1443 5650 1575 5703 alias
1604 5644 1767 5721 Sa‘pe,

218 5720 280 5766 ita
304 5728 359 5789 _et
386 5721 469 5776 hic
493 5738 521 5775 a
549 5720 819 5788 scriptore
840 5720 1184 5789 compilatmn
1217 5736 1338 5775 esse
1369 5729 1579 5777 consta‘

281 5787 378 5861 (Ἦ)
403 5794 610 5865 Antiqui
645 5787 753 5848 duo
774 5790 917 5858 iibt‘i,
951 5787 1275 5861 αἰδεσθῆναι.

1846 1903 2083 1965 sonabit,
2111 1909 2165 1954 et
2197 1899 2459 1954 interiora
2491 1897 2647 1967 quasi
2683 1912 2897 1961 murus,
2946 1909 3104 1964 quem
3148 1893 3426 1946 innovavit

1848 1995 1988 2049 Deus
2037 1993 2332 2062 prophetae,
2379 2000 2438 2045 ut
2494 1997 2770 2044 mutentur
2819 1998 2875 2044 et
2902 1988 3323 2051 confundantur,
3358 1985 3423 2039 ad

1844 2086 2205 2156 praestandam
2243 2082 2355 2138 Deo
2400 2081 2783 2147 reverentiam,
2841 2080 2903 2147 ii,
2943 2078 3035 2149 qui
3066 2087 3222 2132 antea
3276 2075 3426 2130 utilis

1846 2177 2066 2248 pudoris
2096 2182 2253 2230 erant
2275 2175 2444 2246 ignari

1915 2353 2044 2409 515.
2088 2352 2230 2419 Quia
2264 2334 2709 2420 defatigatuswest
2750 2347 2907 2403 Moab
2961 2348 3018 2401 in
3055 2328 3335 2407 altaribus,
3378 2351 3426 2395 et

1845 2445 2172 2515 ingredietur
2192 2445 2248 2496 in
2290 2442 2600 2511 manufacta
2634 2440 2702 2493 ad
2747 2440 3045 2503 orandum;
3075 2447 3121 2490 et
3152 2452 3254 2488 non
3284 2444 3430 2501 pote-

1848 2547 1969 2590 runt
2010 2551 2192 2590 eruere
2246 2534 2420 2590 illum.
2462 2534 2617 2589 Nunc
2665 2530 2838 2587 Isaias
2880 2531 3058 2586 omnis
3105 2526 3430 2582 idololatria:

1849 2627 2278 2683 destructionem
2327 2627 2382 2681 in
2436 2625 2541 2680 fine
2575 2640 2644 2681 ex
2684 2626 2917 2680 adventu
2976 2620 3132 2676 Verbi
3195 2620 3430 2672 futuram

1853 2719 2206 2786 vaticinatur,
2229 2719 2372 2788 quod
2398 2733 2587 2773 omnes
2611 2719 2664 2772 in
2688 2713 3069 2773 construendis
3099 2710 3314 2780 templis
3347 2710 3433 2763 in-

1850 2809 2053 2876 sumpti
2109 2808 2322 2865 labores
2367 2809 2493 2862 vani
2547 2809 2677 2873 sint,
2732 2806 3179 2869 infructuosaque
3221 2814 3344 2867 spes
3374 2800 3431 2852 in

1850 2900 2177 2957 manufactis
2205 2903 2386 2972 posita
2415 2902 2506 2956 sit.
2535 2900 2694 2964 Nam,
2731 2898 2930 2968 inquit,
2961 2894 3215 2957 orabunt,
3234 2889 3301 2944 Et
3328 2905 3433 2944 non

1849 3003 2094 3062 poterunt
2125 3010 2306 3047 eruere
2333 2993 2504 3047 illum.
2532 2992 2649 3048 Hoc
2686 2991 2797 3060 iam
2844 2990 2900 3043 in
2932 2988 3168 3042 adventu
3221 2982 3431 3037 Christi

1854 3083 2180 3153 completum
2223 3090 2328 3139 est.
2374 3083 2463 3136 Illa
2514 3084 2659 3138 enim
2700 3080 2902 3150 templa
2938 3078 3066 3133 olim
3099 3076 3304 3129 famosa
3336 3085 3434 3142 pro

1852 3175 2091 3245 scopulis
2140 3177 2450 3230 habentur:
2486 3191 2582 3230 nec
2614 3174 2753 3229 ultra
2791 3172 2897 3226 illa;
2929 3170 3235 3224 daemonum
3277 3163 3434 3217 falla-

1852 3271 1951 3324 ciae
1987 3268 2321 3333 consistunt,
2353 3266 2669 3322 adversaria
2712 3264 2799 3320 illa
2836 3265 3112 3333 potestate
3168 3271 3266 3327 per
3318 3268 3434 3325 my-

1854 3358 2081 3415 sterium
2113 3359 2294 3413 crucis
2351 3358 2402 3412 in
2435 3364 2550 3412 toto
2600 3355 2733 3411 orbe
2779 3354 3130 3422 praedicatum
3161 3350 3215 3403 in
3255 3347 3434 3414 fugam

1857 3465 2038 3506 versa.
2068 3448 2238 3504 Vens.
2277 3450 2364 3505 15.
2406 3448 2520 3502 Hoc
2557 3449 2696 3502 enim
2712 3446 2930 3500 verbum
2958 3444 3096 3514 quod
3125 3440 3331 3516 loeutus
3358 3443 3434 3490 est

1855 3542 2116 3596 Dominus
2168 3558 2329 3611 super
2378 3540 2558 3602 Moab.
2589 3538 2802 3611 quando
2830 3548 2877 3591 et
2910 3536 3118 3590 locutus
3145 3542 3242 3586 est.
3268 3528 3435 3596 Quasi

1854 3634 2099 3702 epilogus
2128 3641 2211 3689 est
2243 3633 2413 3688 totius
2441 3633 2590 3686 verbi
2618 3631 2878 3686 adversus
2907 3624 3253 3682 Moabitidem
3304 3636 3435 3691 pro-

1857 3727 2111 3793 nuntiati,
2166 3726 2449 3789 nimirum,
2486 3723 2602 3778 Iloc
2663 3722 2876 3778 verbum
2920 3719 3059 3790 quod
3110 3717 3317 3771 locutus
3361 3722 3437 3768 est

1858 3816 2142 3871 Dominus.
2177 3815 2465 3871 Praemisso
2493 3813 2638 3868 enim
2662 3810 2845 3866 fuerat
2871 3807 3166 3870 sententia,
3196 3804 3280 3858 bis
3310 3817 3437 3857 ver-

1855 3909 1942 3962 bis
1987 3924 2242 3978 expressa
2294 3926 2308 3962 :
2349 3906 2575 3961 Verbum
2642 3913 2827 3958 contra
2860 3898 3204 3956 Moabitidem
3227 3895 3273 3927 ⁸ο
3298 3911 3313 3946 :
3341 3892 3438 3947 toti

1855 4018 1987 4057 vero
2039 4001 2322 4055 sententiae
2374 4001 2513 4069 parti
2554 4000 2608 4052 in
2658 3995 2877 4051 modum
2927 3991 3122 4062 epilogi
3164 3988 3438 4049 subditur,

1872 4093 2093 4148 Verbum
2119 4095 2240 4157 hoc,
2264 4094 2401 4163 quod
2429 4091 2636 4144 locutus
2664 4096 2742 4142 est
2793 4085 3054 4140 Dominus
3080 4097 3237 4151 super
3259 4077 3440 4141 Moab,

1862 4188 2077 4257 quando
2113 4195 2161 4239 et
2188 4184 2394 4237 locutus
2417 4193 2512 4237 est.
2540 4181 2678 4248 Quid
2718 4186 2800 4235 est
2820 4179 2946 4243 hoc,
2979 4173 3207 4241 Quando
3229 4180 3277 4226 et
3297 4169 3438 4224 locu-

1860 4287 1944 4331 tus
1978 4275 2104 4331 est?
2134 4275 2385 4330 Ostendit
2434 4272 2606 4327 Deum
2655 4270 2922 4329 Moabitas
2962 4283 3088 4322 raro
3121 4264 3285 4320 fuisse
3312 4261 3439 4317 allo—

1866 4376 2078 4423 cntum.
2111 4367 2326 4422 Etenim
2358 4382 2480 4423 cum
2519 4365 2817 4421 Israelitico
2846 4361 3042 4432 populo
3090 4358 3306 4413 assidue
3329 4353 3439 4408 eol-

1794 4494 1836 4547 D
1870 4461 2129 4530 loquitur,
2167 4476 2195 4513 a
2230 4475 2326 4514 sua
2359 4459 2608 4529 portione
2639 4456 2832 4511 alienis
2859 4460 2918 4507 ut
2941 4453 3232 4523 plurimum
3277 4452 3439 4501 tacet.

1871 4552 1987 4608 Non
2021 4553 2241 4625 quidem
2285 4552 2509 4606 omnino
2543 4551 2744 4606 occulit
2775 4562 3081 4604 sermonem
3132 4558 3311 4607 suum,
3350 4539 3440 4595 sed

1871 4646 2220 4702 clementiam
2273 4660 2339 4699 ac
2390 4643 2778 4714 benignitatem
2827 4655 2979 4695 suam
3009 4638 3089 4693 eis
3111 4647 3327 4705 quoque
3355 4632 3439 4686 de-

1871 4737 2197 4808 gustandam
2243 4734 2463 4805 praabet,
2497 4741 2560 4788 ut
2597 4747 2771 4803 pauca
2794 4728 3026 4799 experti,
3054 4742 3176 4797 quae
3210 4723 3440 4794 perfert:

1877 4837 2006 4885 sunt
2068 4846 2190 4885 cum
2245 4830 2391 4884 omni
2442 4827 2623 4881 studio
2665 4839 2730 4878 ac
2786 4822 2989 4892 impetu
3037 4817 3437 4886 concupiscant.

1872 4920 2140 4988 Quoniam
2186 4920 2352 4990 igitur
2391 4920 2567 4973 rarius
2623 4917 2863 4985 loquitur
2917 4910 3189 4972 Moabitis,
3248 4906 3439 4961 idcirct

1873 5014 2081 5068 dictum
2117 5020 2203 5069 est
2236 5032 2249 5067 :
2287 5012 2403 5067 Hoc
2430 5012 2639 5067 verbum
2667 5008 2805 5079 quod
2845 5006 3047 5060 locutus
3072 5010 3145 5055 est
3175 4997 3439 5053 Dominus.

1868 5106 2079 5177 quando
2104 5117 2149 5161 et
2180 5107 2386 5161 locutus
2414 5114 2511 5159 est.

1951 5505 2063 5576 (22)
2091 5504 2303 5559 Rursus
2328 5502 2433 5558 duo
2456 5500 2580 5576 libri
2610 5493 3132 5576 8pligtti,_XptG:t96.

2090 5576 2274 5649 codex_
2300 5589 2457 5634 unus,
2483 5573 2578 5625 καὶ
2599 5572 2677 5623 αἱ.
2703 5559 2904 5649 copula
2927 5559 3027 5620 ’καί
3055 5566 3109 5618 in
3139 5560 3296 5649 editis
3312 5559 3436 5649 das}

1879 5632 2122 5701 dei-amr.
2149 5644 2312 5699 Paulo
2341 5632 2463 5713 post
2490 5655 2675 5696 vocem
2703 5632 2838 5709 φησι
2863 5654 2928 5693 ex
2965 5650 3069 5692 uno
3092 5634 3277 5690 codice
3307 5632 3440 5701 adje-

1872 5733 2068 5772 ριιηιις.

1949 5787 2059 5859 (ει)
2091 5797 2269 5841 υοαριι
2302 5796 2462 5848 unus,
2490 5781 2716 5841 τούτοις.
