3810 6214
330 320 431 378 667

1299 317 1642 374 APPENDIX
1679 316 1967 375 OPERUM
2004 316 2060 371 S.
2101 315 2347 373 BASILII
2384 315 2596 372 MAGNI

3480 313 3617 369 668

405 432 535 491 3162
562 432 731 487 Vens.
772 431 858 485 Η.
888 429 954 484 Et
980 446 1115 483 nunc
1135 430 1252 484 dico
1284 431 1392 485 :lu
1416 432 1581 487 tribus
1619 433 1772 486 annis
1809 448 1901 485 tm-

2085 431 2207 485 516.
2254 430 2365 485 Καὶ
2405 430 2524 484 νῦν
2566 429 2751 498 λέγω·
2806 428 2910 482 Ἐν
2946 427 3144 496 τρισὶν
3183 428 3388 483 ἐτεσιν
3434 431 3618 485 ἐτῶν

331 542 518 579 uorum
545 523 878 586 mercenarii,
896 522 1298 576 dedecorabitur
1320 525 1490 593 gloria
1521 524 1675 578 Moab
1699 525 1751 578 in
1790 541 1897 578 om-

331 618 483 669 nibus
509 615 705 668 divitiis
740 612 918 666 multis
943 629 962 665 :
985 622 1032 666 et
1070 613 1390 683 relinquetur
1434 615 1702 681 minimus,
1729 625 1777 669 et
1805 632 1906 670 non

331 707 640 761 honoratus.
676 706 909 761 Videtur
931 706 1061 759 mihi
1090 705 1240 762 hisce
1285 707 1467 762 verbis
1490 706 1764 762 Moabitidi
1795 708 1901 762 cir-

330 797 695 853 cumscribere
730 797 980 867 supplicii
1016 805 1072 850 et
1125 812 1404 865 poenarum
1467 806 1708 869 tempus,
1763 800 1903 868 quod

331 891 637 945 nominavit
671 897 785 943 tres
813 904 988 945 annos
1019 891 1362 945 mercenarii.
1388 889 1526 954 Quia
1560 892 1725 963 igitur
1764 892 1905 946 divi-

330 982 475 1035 ditur
511 981 564 1033 in
608 987 720 1034 tres
752 986 935 1048 partes
985 986 1095 1032 tota
1128 979 1391 1047 temporis
1432 988 1647 1045 natura,
1690 980 1903 1049 plenum

330 1079 494 1142 atque
528 1071 828 1140 perfectum
860 1077 1076 1138 tempus
1126 1070 1435 1138 exprimere
1480 1070 1729 1138 cupiens,
1769 1069 1905 1123 dixit

329 1177 502 1217 annos
542 1170 673 1216 tres.
706 1161 892 1229 Itaque
922 1160 991 1215 In
1021 1161 1186 1215 tribus
1215 1162 1372 1214 armis
1409 1177 1668 1215 annorum
1707 1176 1903 1215 nterce-

330 1256 491 1321 narii,
528 1254 932 1307 dedecorabitur
958 1252 1130 1320 gloria
1167 1250 1345 1305 Moab.
1374 1251 1511 1318 Quin
1549 1263 1604 1306 et
1634 1253 1689 1306 in
1724 1252 1902 1305 Evan-

329 1344 470 1413 gelio
511 1341 733 1396 infamia
768 1340 1109 1395 mercenario
1158 1338 1396 1393 inuritur
1423 1354 1450 1392 a
1482 1336 1792 1404 Servatore,
1823 1338 1906 1392 di-

329 1444 526 1487 cente:
562 1430 919 1486 Mercenarius
967 1439 1165 1495 autem,
1208 1438 1257 1483 et
1289 1429 1380 1499 qui
1413 1446 1518 1483 non
1572 1438 1649 1483 est
1699 1439 1902 1499 pastor,

330 1524 480 1593 cujus
509 1539 611 1576 non
639 1531 763 1576 sunt
798 1538 911 1576 oves
934 1521 1186 1591 propr-ite,
1217 1521 1354 1574 videt
1384 1520 1562 1590 lupum
1590 1523 1900 1588 venientem,

329 1626 377 1670 et
411 1615 566 1684 fugit,
601 1615 725 1684 quia
771 1615 1126 1669 mercenarius
1168 1623 1265 1679 est,
1286 1624 1333 1667 et
1380 1630 1493 1667 oves
1532 1630 1636 1667 non
1673 1624 1793 1667 sunt
1821 1614 1904 1669 illi

331 1706 562 1760 curta“.
605 1705 906 1773 lnquilinus
952 1703 1175 1773 insuper
1209 1713 1266 1759 et
1303 1705 1678 1758 mercenarius
1719 1719 1908 1758 sacer-

332 1796 474 1850 dotis
497 1789 604 1851 non
629 1796 876 1850 comedet
909 1807 1098 1850 sancta
1133 1797 1433 1852 secundum
1464 1796 1632 1865 legem
1654 1798 1722 1852 ³³.
1750 1796 1906 1852 Moab
1939 1766 1979 1824 Β

332 1889 501 1958 igitur
530 1903 589 1943 se
617 1888 781 1959 617
814 1888 927 1957 ipse
988 1898 1127 1944 stata
1173 1890 1423 1944 mercede
1469 1889 1693 1957 locavit,
1733 1898 1790 1945 et
1824 1890 1904 1945 fa-

330 1990 451 2037 ctus
468 1989 552 2035 est
573 1980 961 2034 mercenarius.
982 1979 1097 2035 Non
1116 1981 1258 2035 enim
1278 1980 1471 2035 dilexit
1491 1980 1660 2035 Deum
1688 1998 1703 2035 :
1732 1983 1825 2036 sed
1837 1982 1906 2037 ob

330 2074 600 2128 mercedis
629 2074 939 2143 opinionem
975 2084 1031 2129 et
1064 2075 1146 2128 sui
1184 2074 1454 2129 commodi
1485 2090 1658 2141 spem,
1686 2090 1793 2129 non
1827 2075 1902 2129 rei

330 2165 590 2220 facienda:
624 2166 806 2221 studio
830 2165 1018 2236 agebat
1045 2166 1185 2236 quod
1208 2168 1425 2238 agebat.
1445 2166 1640 2222 Tribus
1661 2181 1790 2234 ergo
1810 2182 1906 2221 an-

330 2259 414 2311 nis
449 2272 713 2312 annorum
741 2259 1062 2314 mercenarii
1094 2257 1359 2313 allicietur
1379 2258 1907 2329 ignominia.Quem-

329 2347 616 2402 admodum
630 2363 760 2417 ergo
780 2349 1230 2417 pastormercede
1248 2348 1566 2415 conductus,
1595 2357 1776 2418 pastor
1797 2364 1902 2403 non

329 2448 414 2494 est
442 2456 456 2492 :
497 2439 568 2492 ita
601 2439 766 2492 etiam
811 2439 1057 2508 quisquis
1087 2436 1214 2492 facit
1243 2437 1638 2507 eleemosynam
1663 2440 1728 2492 ad
1760 2438 1904 2494 acci-

329 2523 580 2594 piendam
610 2525 677 2577 ab
704 2524 1013 2579 hominibus
1040 2521 1286 2594 gloriam,
1322 2524 1525 2592 recepit
1549 2539 1702 2579 suam
1753 2539 1904 2579 mer-

329 2613 514 2671 cedem
531 2613 601 2680 ",
650 2630 750 2670 nec
792 2614 1103 2669 misericors
1130 2624 1216 2669 est
1259 2629 1359 2670 nec
1411 2615 1717 2671 muniﬁcus.
1768 2616 1899 2671 Item

328 2707 640 2776 quicunque
671 2713 981 2775 temperans
1011 2714 1098 2761 est
1144 2708 1212 2761 ad
1243 2705 1535 2761 ineundam
1568 2707 1638 2761 ab
1669 2709 1903 2764 homini-

329 2799 432 2854 bus
451 2798 705 2869 gratiam,
736 2807 1046 2867 temperans
1089 2812 1197 2852 non
1224 2806 1330 2863 est,
1363 2813 1485 2853 cum
1514 2800 1770 2854 virtutem
1795 2815 1900 2855 non

329 2901 558 2962 quierat,
612 2891 706 2946 sed
750 2891 981 2961 gloriam
1030 2905 1097 2946 ex
1137 2905 1203 2945 ea
1233 2902 1622 2960 proventuram
1652 2901 1898 2948 vehetur.

329 2983 515 3054 Itaque
558 2983 593 3038 ii
625 2991 749 3038 sunt
788 2984 925 3053 apud
964 2983 1133 3038 Deum
1175 2983 1510 3048 inhonorati,
1562 2984 1651 3053 qui
1699 2984 1901 3054 aliquid

2002 522 2300 591 μισθωτοῦ
2319 521 2455 593 (25),
2494 518 2965 590 ἁτιμιισθήσεται
3014 521 3052 588 ἡ
3094 519 3242 585 δόξα
3291 524 3475 576 Μωὰϐ
3516 526 3618 578 ἐν

2007 614 2184 667 παντὶ
2213 613 2290 679 τῷ
2316 613 2556 676 πλούτῳ
2593 610 2672 676 τῷ
2699 610 2906 676 πολλῷ
2923 629 2938 643 ·
2980 613 3079 665 καὶ
3110 615 3613 683 καταλειφθήσε-

2006 722 2099 758 ται
2127 702 2461 773 ὀλιγοστὸς,
2496 702 2596 758 καὶ
2626 703 2737 756 οὐκ
2770 702 3020 772 ἔντιμος.
3065 702 3162 756 Διά
3203 703 3409 757 τούτων
3437 706 3614 759 δοκεῖ

2009 813 2098 866 μοι
2141 794 2343 866 ὁρίζειν
2372 794 2562 865 χρόνον
2608 794 2883 857 κολάσεως
2908 796 2974 865 τῇ
3016 793 3211 860 Μωάὄ,
3245 794 3305 846 δν
3329 795 3608 867 ὠνόμασε

2004 886 2132 957 τρία
2164 885 2259 955 ἐτη
2295 883 2586 955 μισθωτοῦ.
2631 884 2784 937 Ἐπεὶ
2811 878 2903 937 οὖν
2935 885 3014 947 εἰς
3039 883 3166 955 τρία
3199 883 3338 956 μέρη
3366 886 3400 956 ἡ
3434 888 3607 940 πᾶσα

2005 979 2099 1032 τοῦ
2132 979 2324 1050 χρόνου
2358 974 2646 1049 διαιρεῖται
2678 974 2861 1046 φύσις,
2909 974 2972 1029 τὸ
3002 974 3206 1028 τέλειον
3247 975 3344 1029 τοῦ
3388 977 3603 1049 χρόνου

2006 1071 2355 1144 παραστῆσαι
2408 1070 2748 1141 βουλόμενος,
2801 1068 2929 1143 τρία
2979 1069 3132 1123 εἶπεν
3176 1068 3293 1137 ἐτη.
3356 1070 3463 1123 Ἐν
3493 1066 3604 1125 οὖν

2004 1165 2204 1234 τρισὶν
2253 1166 2457 1219 ἔτεσιν
2487 1163 2637 1218 ἐτῶν⁴
2672 1163 2994 1232 μισθωτοῦ,
3038 1161 3520 1232 ἀτιμασθήσεταί
3547 1166 3601 1233 ἡ

2005 1256 2154 1321 δόξα
2180 1255 2371 1311 Μωάϐ.
2424 1257 2483 1309 Ὀ
2513 1254 2781 1326 μισθωτὸς
2807 1254 2900 1307 καὶ
2925 1254 2985 1307 ὲν
3014 1252 3091 1324 τῷ
3122 1253 3441 1325 Εύαγγελίῳ
3467 1253 3600 1307 δια-

2007 1348 2262 1418 ϐέϐληται
2279 1347 2384 1400 ὑπὸ
2403 1347 2496 1400 τοῦ
2511 1347 2781 1417 Σωτῆρος,
2802 1345 3070 1413 λέγοντος·
3106 1345 3157 1396 '0
3178 1343 3246 1397 δὲ
3259 1343 3597 1413 μισθωτὸς,

2006 1441 2107 1494 καὶ
2146 1442 2256 1493 οὐκ
2285 1439 2370 1492 ὢν
2393 1438 2637 1507 ποιμὴν,
2662 1433 2733 1493 οὗ
2766 1438 2877 1491 οὐκ
2897 1437 3029 1491 ἔστι
3055 1434 3129 1490 τὰ
3151 1436 3416 1503 πρόϐατα
3438 1434 3597 1500 ἴδια,

2007 1531 2203 1599 θεωρεῖ
2226 1529 2331 1583 τὸν
2352 1531 2545 1583 λύκον
2575 1528 2918 1597 ἐρχόμενον,
2950 1526 3051 1580 καὶ
3098 1526 3324 1596 φεύγει,
3362 1523 3453 1578 ὅτι
3494 1542 3605 1592 μι-

2007 1622 2233 1685 σθωτός
2262 1621 2415 1685 ἐστι,
2455 1619 2553 1675 καὶ
2586 1621 2658 1672 οὐ
2686 1617 2855 1687 μέλει
2877 1615 3036 1683 αὐτῷ
3067 1616 3340 1687 περὶτῶν
3362 1614 3600 1684 προϐά-

2007 1730 2143 1766 των.
2186 1711 2295 1765 Καὶ
2334 1712 2595 1783 πάροικος
2625 1710 2683 1763 δὲ
2724 1712 2820 1764 καὶ
2850 1709 3117 1781 μισθωτὸς
3147 1706 3241 1762 τοῦ
3266 1709 3458 1781 ἱερέως
3489 1708 3602 1761 οὐκ

2008 1802 2183 1856 ἔδεται
2214 1802 2345 1870 ἆγια
2376 1801 2518 1855 κατὰ
2554 1800 2648 1854 τὸν
2684 1801 2868 1872 νόμον.
2910 1798 3307 1871 Ἐξεμίσθωσεν
3334 1796 3428 1853 οὖν
3462 1800 3602 1852 ἑαυ-

2006 1896 2097 1949 τὸν
2125 1897 2153 1949 6
2177 1895 2371 1959 Μωὰϐ,
2408 1895 2504 1948 καὶ
2530 1893 2722 1963 γέγονε
2754 1892 3043 1964 μισθωτός.
3083 1892 3157 1944 Ού
3191 1890 3301 1961 γὰρ
3328 1890 3599 1962 ἠγάπησε

2004 1988 2093 2041 τὸν
2121 1986 2274 2053 Θεὸν,
2309 1986 2444 2040 ἀλλὰ
2477 1986 2751 2057 φαντασίᾳ
2785 1983 2994 2055 μισθῶν
3039 1984 3132 2037 καὶ
3165 1982 3341 2036 ἐλπίδι
3378 1983 3600 2046 οίκειας

2005 2079 2304 2148 ὠφελείας,
2352 2079 2473 2148 οὐχὶ
2515 2077 2572 2130 δὲ
2610 2079 2678 2148 τῇ
2732 2075 2869 2146 πρὸς
2909 2075 2969 2129 τὸ
3001 2076 3283 2146 γινόμενον
3323 2073 3596 2138 διαθέσει,

2006 2169 2276 2240 ἔπραττεν
2301 2170 2330 2223 ὃ
2359 2169 2618 2240 ἔπραττε.
2651 2168 2840 2239 Τρισὶν
2867 2161 2961 2221 οὖν
2992 2165 3171 2219 ἐτεσιν
3214 2163 3598 2235 ἀτιμασθήσε-

2002 2275 2094 2312 ται
2138 2257 2276 2311 ἐτῶν
2325 2257 2619 2329 μισθωτοῦ.
2678 2257 2768 2320 Ὠς
2811 2251 2904 2310 οὖν
2947 2257 2976 2309 6
3008 2254 3214 2326 ποιμὴν
3247 2256 3276 2307 6
3316 2252 3600 2324 μισθωτὸς

2002 2351 2104 2403 οὐκ
2135 2348 2251 2402 ἔστι
2276 2349 2502 2419 ποιμὴν,
2534 2346 2675 2401 οὕτω
2721 2347 2815 2400 καὶ⁸
2848 2348 2875 2399 6
2905 2344 3075 2399 ποιῶν
3104 2342 3474 2414 ἐλεημοσύνην
3508 2344 3601 2406 εἰς

2003 2443 2063 2496 τὸ
2087 2441 2405 2512 δοξασθῆναι
2434 2441 2540 2494 ὑπὸ
2558 2439 2666 2494 τῶν
2689 2437 2786 2492 ἀνθ
2795 2437 3013 2510 ρώπων,
3032 2437 3229 2507 ἀπέχει
3250 2436 3341 2489 τὸν
3371 2433 3596 2505 μισθὸν,

2003 2534 2098 2587 καὶ
2127 2535 2227 2588 οὐκ
2256 2533 2402 2586 ἔστιν
2437 2533 2684 2602 ἐλεήμων
2727 2529 2849 2583 οὐδὲ
2890 2527 3230 2590 κοινωνικός.
3262 2525 3372 2580 Καὶ
3402 2527 3431 2577 6
3477 2524 3598 2577 σώ-

2003 2644 2155 2699 φρων
2194 2625 2282 2679 διὰ
2326 2625 2425 2696 τὴν
2468 2621 2816 2695 ἀνθρωπίνην
2848 2619 2960 2691 (26)
2989 2618 3285 2691 ἀρέσκειαν
3329 2616 3430 2669 οὐκ
3467 2615 3599 2669 ἔστι

2005 2715 2258 2785 σώφρων,
2285 2715 2346 2768 οὐ
2374 2714 2474 2783 τὴν
2507 2712 2709 2783 ἀρετὴν
2742 2710 2975 2773 διώκων,
3009 2707 3147 2762 ἀλλά
3173 2707 3272 2779 τὴν
3296 2706 3389 2760 ἀπ’
3413 2705 3599 2774 αὐτῆς

2001 2806 2159 2873 δόξαν
2193 2804 2528 2877 θηρώμενος.
2565 2804 2784 2871 Ἀτιμοι
2820 2801 2997 2854 τοίνυν
3040 2799 3190 2871 παρὰ
3217 2797 3336 2869 Θεῷ
3364 2798 3415 2850 οἱ
3445 2796 3600 2866 πρὸς

2002 2898 2226 2966 ἔνδειξίν
2257 2915 2308 2951 τι
2344 2896 2643 2959 ποιοῦντες.
2674 2896 2838 2948 Ὥστε
2872 2894 2968 2947 καὶ
3014 2896 3043 2946 6
3084 2890 3260 2947 Μωάὅ
3300 2893 3359 2944 ὲν
3402 2889 3601 2963 τοισιν

2001 2990 2179 3044 ἔτεσιν
2212 2989 2323 3061 (27)
2357 2985 2792 3058 ἁτιμασθήσεται
2813 3000 2829 3016 ⁸
2863 2983 3165 3046 τουτέστιν,
3208 2984 3268 3035 ὲν
3306 2981 3468 3034 παντὶ
3499 2980 3596 3051 τῷ

332 3070 719 3125 ostentationis
746 3085 909 3125 causa
932 3069 1158 3125 faciunt.
1182 3071 1360 3138 Quare
1389 3082 1443 3127 et
1469 3072 1626 3127 Moab
1672 3074 1901 3130 dedeco-

2023 3082 2194 3153 μέτρῳ
2218 3080 2314 3134 τοῦ
2341 3079 2565 3152 χρόνου·
2601 3077 2826 3148 ἀτιμίαν
2855 3076 2912 3129 δὲ
2958 3072 3251 3164 μισθωτού,
3284 3074 3373 3127 διὰ
3403 3073 3465 3128 τὸ
3509 3075 3598 3145 μὴ

328 3162 542 3218 rabitur
583 3163 743 3219 annis
792 3164 999 3232 tribus;
1047 3164 1151 3219 hoc
1194 3173 1300 3231 est,
1338 3165 1392 3219 in
1453 3166 1600 3220 omni
1645 3167 1901 3235 temporis

2023 3187 2072 3224 εκ
2099 3169 2408 3233 διαθέσεως,
2461 3169 2577 3223 ἀλλ’
2615 3167 2949 3220 ἐπίπλαστον
2976 3164 3126 3235 αὐτῷ
3159 3160 3385 3218 εἶναιτὸ
3423 3164 3599 3236 ἔργον

327 3269 604 3309 mensura.
682 3253 960 3309 lnierctur
1036 3262 1214 3310 autem
1269 3256 1590 3311 mercenarii
1644 3257 1899 3322 dedecus,

326 3348 468 3417 quod
496 3362 605 3402 non
644 3361 709 3403 ex
745 3348 947 3411 animo,
999 3347 1097 3403 sed
1135 3346 1387 3402 simulate
1430 3354 1486 3401 et
1541 3346 1666 3402 ﬁcte
1704 3361 1901 3401 munus

326 3437 545 3492 virtutis
589 3436 909 3507 expleverit.
953 3435 1322 3493 Dedecoratur
1373 3448 1556 3491 autem
1605 3435 1673 3490 In
1727 3437 1902 3491 omni-

326 3528 423 3583 bus
452 3529 652 3583 divitiis
682 3528 882 3583 multis.
920 3529 1214 3583 Enimvero
1247 3538 1508 3599 quantum
1545 3527 1593 3584 ei
1622 3529 1904 3582 existima-

326 3622 494 3677 tionis
524 3622 578 3675 in
614 3622 719 3677 hac
757 3621 1099 3690 vitajnerat,
1129 3628 1341 3674 tantum
1373 3619 1550 3675 eidem
1581 3619 1818 3673 infamim
1848 3625 1904 3674 et

325 3713 613 3769 dedecoris
646 3728 745 3783 pro
788 3714 1043 3768 mercede
1076 3712 1422 3782 rependetur,
1458 3711 1550 3767 ubi
1580 3710 1898 3767 abscondita

326 3818 513 3864 nostra
540 3808 744 3864 fuerint
779 3810 1051 3865 revelata.
1080 3807 1149 3863 Et
1191 3809 1281 3878 qui
1314 3808 1509 3863 multas
1535 3822 1624 3862 res
1656 3822 1823 3861 vanas
1847 3814 1903 3861 et

327 3901 695 3957 infructuosus
734 3902 985 3957 manibus
1036 3902 1150 3957 suis
1210 3901 1478 3972 congerit,
1519 3900 1566 3956 is
1621 3899 1903 3955 dedecoris

328 3990 430 4045 sibi
466 3991 808 4059 imprimendi
844 4000 1081 4061 segetem
1127 3990 1388 4060 majorem
1422 3990 1623 4054 habet;
1657 3989 1748 4059 qui
1775 4005 1904 4045 vero

326 4079 509 4149 lingua
536 4080 781 4135 mendaci
812 4079 967 4135 efﬁcit
1006 4080 1312 4145 thesauros,
1346 4080 1389 4134 is
1412 4078 1760 4149 prosequitur
1783 4079 1903 4132 ina-

326 4170 437 4235 nia,
470 4180 633 4240 atque
666 4173 720 4226 in
753 4172 946 4225 mortis
973 4170 1197 4240 laqueos
1223 4171 1425 4225 veniet.
1474 4173 1543 4225 Et
1578 4170 1905 4240 relinquetur

2004 3262 2104 3332 τῆς
2130 3261 2350 3332 ἀρετῆς.
2394 3259 2745 3331 Ἀτιμάζεται
2780 3257 2836 3310 δὲ
2878 3258 2974 3310 Ἐν
3017 3255 3197 3310 παντὶ
3235 3253 3316 3320 τῷ
3344 3255 3600 3321 πλούτῳ

2005 3351 2086 3418 τῷ
2128 3351 2355 3417 πολλῷ.
2397 3351 2561 3404 Ὅσον
2605 3348 2715 3421 γὰρ
2758 3346 2907 3418 αὐτῷ
2954 3346 3153 3419 περιῆν
3196 3345 3294 3416 τῆς
3349 3343 3594 3399 ἐνταῦθα

2012 3442 2349 3513 ὑπολήψεως,
2392 3439 2644 3494 τοσοῦτον
2689 3438 2827 3510 μετὰ
2854 3438 2916 3491 τὸ
2945 3435 3394 3508 ἀποκαλυφθῆναι
3426 3436 3593 3507 ἡμῶν

2008 3533 2077 3586 τὰ
2101 3535 2340 3605 κρυπτά,
2372 3533 2764 3606 ἀποδοθήσεται
2787 3533 2891 3604 τῆς
2928 3532 3157 3605 αίχύνης
3180 3534 3209 3586 6
3239 3532 3449 3602 μισθός.
3471 3533 3592 3587 Καὶ

2006 3626 2035 3677 6
2058 3623 2258 3696 πολλὴν
2289 3625 2534 3694 συνάγων
2563 3627 2681 3689 ταῖς
2702 3626 2889 3697 χερσὶν
2911 3625 3190 3697 ἀκαρπίαν
3202 3623 3335 3695 (28),
3363 3623 3592 3677 πλείονα

2009 3714 2119 3786 ἔχει
2154 3717 2285 3789 ὓλην
2329 3719 2427 3789 τῆς
2468 3719 2871 3790 ἐπιφερομένης
2916 3716 3064 3787 αὐτῷ
3110 3715 3363 3787 ἀτιμίας’
3414 3715 3509 3768 καὶ
3556 3717 3591 3767 ὁ

2006 3808 2246 3881 ἐνεργῶν
2278 3809 2699 3883 θησαυρίσματα
2731 3809 2949 3881 γλώσσῃ
2989 3808 3192 3879 ψευδεῖ,
3230 3809 3436 3880 μάταια
3459 3806 3592 3860 διώ-

2000 3918 2110 3966 κει,
2164 3902 2259 3956 καὶ
2296 3903 2576 3957 ἐλεύσεται
2628 3904 2721 3957 ἐπὶ
2774 3902 3010 3972 παγίδας
3028 3900 3136 3974 (29)
3179 3901 3432 3956 θανάτου.
3467 3900 3587 3953 Καὶ

2000 3995 2541 4065 καταλειφθήσεται
2591 3995 2910 4066 ὀλιγοστὸς
2932 4034 2946 4058 ,
3000 3993 3099 4048 καί
3153 3996 3263 4048 οὐκ
3319 3995 3582 4062 ἔντιμος.

2000 4085 2303 4159 Εὐεργεσία
2319 4087 2427 4143 τῶν
2449 4088 2542 4141 ἐπὶ
2567 4088 2736 4160 κακία
2765 4086 3308 4159 συγκεκροτημένων,
3336 4088 3371 4157 ἡ
3402 4082 3587 4139 ἐντεῦ-

2004 4175 2096 4231 θεν
2122 4180 2423 4243 παίδευσις.

325 4266 600 4330 minimus,
639 4275 689 4320 et
728 4281 831 4319 non
881 4266 1192 4319 honoratus.
1247 4264 1378 4331 Quae
1423 4263 1512 4319 hic
1564 4261 1891 4318 describitur
1927 4266 2349 4342 animadversio,
2395 4272 2464 4329 iis
2507 4270 2600 4344 qui
2675 4269 2742 4326 ad
2795 4269 2993 4325 vitium
3038 4266 3290 4323 alendum
3356 4264 3576 4336 conspi-

330 4368 472 4425 rant,
506 4359 623 4415 loco
660 4368 744 4414 est
776 4357 902 4413 doni
940 4372 1004 4413 ac
1029 4355 1284 4412 beneﬁcii

398 4496 442 4527 ⁸¹
474 4494 628 4551 Joan.
660 4514 715 4560 κ,
754 4496 843 4562 12,
875 4495 963 4549 15.
1041 4493 1086 4525 ⁸³
1124 4491 1255 4547 [.ev.
1292 4507 1431 4555 nn,
1459 4491 1547 4546 10.
1624 4491 1671 4524 ⁸³
1700 4489 1888 4559 Matth.
1921 4504 1994 4553 vr,

332 4649 3555 4700 W

1104 4820 1459 4882 MONITUM
1486 4820 1568 4880 IN
1599 4817 1892 4880 LIBRUM
1922 4814 2020 4875 DE
2049 4815 2257 4876 VERA
2284 4813 2796 4876 VIRGINITATE.

398 5121 511 5178 Hoc
561 5135 698 5191 opus
747 5120 1090 5175 commendat
1136 5119 1451 5188 antiquitas.
1495 5118 1771 5189 Scriptum
1819 5124 1904 5172 est
1961 5130 2103 5170 enim
2156 5123 2351 5186 quarto
2397 5114 2617 5183 saeculo,
2656 5113 2944 5183 eidemque
2999 5119 3338 5180 nuncupatur
3392 5108 3581 5166 Leloio

323 5212 675 5280 Melitinensi,
708 5212 777 5268 ad
817 5226 978 5281 quem
1010 5220 1065 5267 et
1087 5204 1807 5281 Gregoriiﬁysseni‘exstat
1848 5207 2085 5277 Epistola
2121 5209 2399 5262 canonica.
2430 5206 2548 5261 Huc
2598 5204 2813 5261 accedit
2844 5204 3092 5260 auctoris
3126 5202 3385 5274 dignitas,
3418 5216 3580 5272 quem

355 5368 507 5450 .(25)
535 5367 718 5423 Codex
750 5381 911 5436 unus,
967 5367 1279 5440 μισθωτῶν,
1324 5382 1585 5421 annorum
1637 5381 1907 5419 mercena-

323 5453 543 5492 norum.

383 5508 505 5589 ,(ᾎθ)
534 5507 824 5589 Editi.6:&
856 5507 957 5580 τὴν
1011 5508 1121 5562 τῶν
1150 5506 1476 5580 ἀνθρώπων.
1522 5507 1595 5562 At
1630 5520 1760 5563 mss.
1795 5515 1905 5560 tres

323 5578 397 5630 uti
426 5578 477 5629 in
509 5587 787 5633 contextu.

392 5645 505 5712 (‘27)
536 5646 715 5700 Codex
749 5663 908 5711 unus,
945 5647 1122 5702 ἔτεσιν
1156 5648 1314 5713 ἐτῶν,
1354 5647 1508 5701 armis
1551 5658 1830 5700 armorum.

396 5715 510 5785 (28)
543 5715 835 5773 Rcrentior
860 5718 1168 5771 Cmnbeﬁsii
1198 5719 1388 5779 codex,
1426 5715 1720 5787 ἁμαρτίαν.
1752 5714 1902 5769 Unde

324 5783 600 5852 interpres
623 5795 775 5841 vetus
802 5801 816 5841 :
849 5787 987 5841 Nam
1022 5788 1111 5845 qui
1140 5783 1759 5844 numerosamcdurerrat
1786 5800 1903 5855 pec-

2008 5364 2115 5418 cati
2158 5363 2570 5418 multitudinem.
2624 5361 2695 5416 At
2730 5360 3003 5430 antiquior
3045 5358 3358 5430 Combeﬁsii
3406 5359 3577 5414 codex

2009 5450 2131 5505 cum
2147 5433 2295 5505 ﬁeg.
2318 5434 2571 5499 secundo,
2598 5429 2915 5505 ἀκιιιρπίοιν,Δ
2929 5429 3152 5505 rectius.

2082 5503 2191 5571 (29)
2215 5497 2393 5558 codex
2427 5497 2587 5565 unus,
2629 5497 2726 5555 ὲπϊ
2754 5499 2974 5568 παγίδα.
3015 5498 3134 5571 Μοιί
3170 5509 3395 5571 uterque
3416 5497 3584 5571 _Co_m_-

2009 5574 2116 5627 Itef.
2144 5568 2266 5628 cum
2303 5573 2435 5639 Reg.
2486 5574 2741 5637 secundo,
2771 5571 3006 5639 ἔντιμος,
3059 5568 3366 5640 εὐεργεσίᾳ.
3416 5568 3577 5640 Editi,

2296 5624 2740 5713 ὲπὶῃεύεργεσίςιί
2764 5624 2902 5694 haud
2937 5624 3263 5713 eritentlate._
3298 5624 3392 5713 Hic
3437 5624 3582 5713 «tesi;

2007 5707 2143 5836 lubuit
2188 5728 2375 5768 omnes
2410 5707 2526 5767 tum
2553 5707 2762 5768 calamo
2784 5709 2974 5776 notati,
3017 5718 3126 5763 tum
3157 5709 3296 5779 typis
3323 5707 3581 5776 descripti

2027 5800 2039 5836 ι
2086 5797 2145 5836 ΙΊ.
2969 5793 2975 5799 ‘

2027 5783 2145 5838 ibri.
2969 5793 2975 5799 ‘
