  <div class='ocr_page' id='page_1' title='image "/cluster/home/n/w/nwhite01/storage/ocr_20150623/30/nnc1.0046978810/356.png"; bbox 0 0 3810 6214; ppageno 0'>
   <div class='ocr_carea' id='block_1_1' title="bbox 276 336 3522 403">
    <p class='ocr_par' dir='ltr' id='par_1_1' title="bbox 276 336 3522 403">
     <span class='ocr_line' id='line_1_1' title="bbox 276 336 3522 403; baseline 0.003 -10"><span class='ocrx_word' id='word_1_1' title='bbox 276 336 387 394; x_wconf 83' lang='lat'><strong>669</strong></span> <span class='ocrx_word' id='word_1_2' title='bbox 1483 344 1686 401; x_wconf 81' lang='lat' dir='ltr'><strong>LIBER</strong></span> <span class='ocrx_word' id='word_1_3' title='bbox 1725 344 1812 400; x_wconf 87' lang='lat' dir='ltr'><strong>DE</strong></span> <span class='ocrx_word' id='word_1_4' title='bbox 1850 343 2312 402; x_wconf 73' lang='lat' dir='ltr'><strong>VIRGINITATE.</strong></span> <span class='ocrx_word' id='word_1_5' title='bbox 3420 349 3485 403; x_wconf 78' lang='lat'><strong>67</strong></span> <span class='ocrx_word' id='word_1_6' title='bbox 3488 347 3522 403; x_wconf 91' lang='lat'><strong>0</strong></span> 
     </span>
    </p>
   </div>
   <div class='ocr_carea' id='block_1_2' title="bbox 275 459 1842 536">
    <p class='ocr_par' dir='ltr' id='par_1_2' title="bbox 275 459 1839 526">
     <span class='ocr_line' id='line_1_2' title="bbox 275 459 1839 526; baseline 0.004 -16"><span class='ocrx_word' id='word_1_7' title='bbox 275 459 594 526; x_wconf 83' lang='lat' dir='ltr'><strong>episcopum</strong></span> <span class='ocrx_word' id='word_1_8' title='bbox 631 460 800 517; x_wconf 79' lang='lat' dir='ltr'><strong>fuisse</strong></span> <span class='ocrx_word' id='word_1_9' title='bbox 820 461 1064 519; x_wconf 88' lang='lat' dir='ltr'><strong>declarat</strong></span> <span class='ocrx_word' id='word_1_10' title='bbox 1091 463 1205 520; x_wconf 80' lang='lat' dir='ltr'><strong>haec</strong></span> <span class='ocrx_word' id='word_1_11' title='bbox 1236 463 1504 521; x_wconf 76' lang='lat' dir='ltr'><strong>salutandi</strong></span> <span class='ocrx_word' id='word_1_12' title='bbox 1540 464 1711 521; x_wconf 88' lang='lat' dir='ltr'><strong>Letoii</strong></span> <span class='ocrx_word' id='word_1_13' title='bbox 1740 465 1839 518; x_wconf 89' lang='lat' dir='ltr'><strong>rati</strong></span> 
     </span>
    </p>
   </div>
   <div class='ocr_carea' id='block_1_3' title="bbox 1953 459 3495 536">
    <p class='ocr_par' dir='ltr' id='par_1_3' title="bbox 1954 462 3495 536">
     <span class='ocr_line' id='line_1_3' title="bbox 1954 462 3495 536; baseline 0.001 -19"><span class='ocrx_word' id='word_1_14' title='bbox 1954 466 2242 519; x_wconf 84' lang='grc' dir='ltr'>πισκὸπων</span> <span class='ocrx_word' id='word_1_15' title='bbox 2280 462 2524 536; x_wconf 73' lang='grc' dir='ltr'>ὁμόψυχε</span> <span class='ocrx_word' id='word_1_16' title='bbox 2554 463 2774 534; x_wconf 82' lang='grc' dir='ltr'><strong>Λητόῖε,</strong></span> <span class='ocrx_word' id='word_1_17' title='bbox 2810 465 3076 520; x_wconf 82' lang='lat' dir='ltr'><strong>unanimis</strong></span> <span class='ocrx_word' id='word_1_18' title='bbox 3102 464 3226 520; x_wconf 71' lang='lat' dir='ltr'><strong>mihi</strong></span> <span class='ocrx_word' id='word_1_19' title='bbox 3249 468 3386 522; x_wconf 81' lang='lat' dir='ltr'><strong>inter</strong></span> <span class='ocrx_word' id='word_1_20' title='bbox 3411 485 3495 533; x_wconf 70' lang='lat' dir='ltr'><strong>cpi</strong></span> 
     </span>
    </p>
   </div>
   <div class='ocr_carea' id='block_1_4' title="bbox 275 548 3491 630">
    <p class='ocr_par' dir='ltr' id='par_1_4' title="bbox 275 548 3491 630">
     <span class='ocr_line' id='line_1_4' title="bbox 275 548 3491 630; baseline 0.004 -30"><span class='ocrx_word' id='word_1_21' title='bbox 275 561 464 613; x_wconf 77' lang='lat' dir='ltr'><strong>scopas</strong></span> <span class='ocrx_word' id='word_1_22' title='bbox 493 548 661 604; x_wconf 79' lang='lat' dir='ltr'><strong>Leloi.</strong></span> <span class='ocrx_word' id='word_1_23' title='bbox 695 551 802 607; x_wconf 82' lang='lat' dir='ltr'><strong>Sed</strong></span> <span class='ocrx_word' id='word_1_24' title='bbox 830 560 1008 605; x_wconf 89' lang='lat' dir='ltr'><strong>tamen</strong></span> <span class='ocrx_word' id='word_1_25' title='bbox 1044 551 1103 607; x_wconf 91' lang='lat' dir='ltr'><strong>S.</strong></span> <span class='ocrx_word' id='word_1_26' title='bbox 1136 551 1337 609; x_wconf 83' lang='lat' dir='ltr'><strong>Basilio</strong></span> <span class='ocrx_word' id='word_1_27' title='bbox 1370 555 1483 608; x_wconf 65' lang='lat' dir='ltr'><strong>haec</strong></span> <span class='ocrx_word' id='word_1_28' title='bbox 1521 553 1863 609; x_wconf 86' lang='lat' dir='ltr'><strong>elucubratio</strong></span> <span class='ocrx_word' id='word_1_29' title='bbox 1892 553 2116 607; x_wconf 86' lang='lat' dir='ltr'><strong>attribui</strong></span> <span class='ocrx_word' id='word_1_30' title='bbox 2152 568 2256 609; x_wconf 92' lang='lat' dir='ltr'><strong>non</strong></span> <span class='ocrx_word' id='word_1_31' title='bbox 2291 563 2498 623; x_wconf 87' lang='lat' dir='ltr'><strong>potest;</strong></span> <span class='ocrx_word' id='word_1_32' title='bbox 2530 554 2691 622; x_wconf 82' lang='lat' dir='ltr'><strong>idque</strong></span> <span class='ocrx_word' id='word_1_33' title='bbox 2739 553 3117 611; x_wconf 86' lang='lat' dir='ltr'><strong>Tiﬂemontius</strong></span> <span class='ocrx_word' id='word_1_34' title='bbox 3156 573 3262 613; x_wconf 92' lang='lat' dir='ltr'><strong>non</strong></span> <span class='ocrx_word' id='word_1_35' title='bbox 3296 570 3355 612; x_wconf 92' lang='lat' dir='ltr'><strong>ut</strong></span> <span class='ocrx_word' id='word_1_36' title='bbox 3392 573 3491 630; x_wconf 90' lang='lat' dir='ltr'><strong>pro</strong></span> 
     </span>
    </p>
   </div>
   <div class='ocr_carea' id='block_1_5' title="bbox 278 633 2677 711">
    <p class='ocr_par' dir='ltr' id='par_1_5' title="bbox 278 633 2677 711">
     <span class='ocr_line' id='line_1_5' title="bbox 278 633 2677 711; baseline 0.003 -20"><span class='ocrx_word' id='word_1_37' title='bbox 278 636 514 692; x_wconf 83' lang='lat' dir='ltr'><strong>habilem</strong></span> <span class='ocrx_word' id='word_1_38' title='bbox 548 640 936 708; x_wconf 88' lang='lat' dir='ltr'><strong>conjecturam,</strong></span> <span class='ocrx_word' id='word_1_39' title='bbox 967 644 1061 700; x_wconf 87' lang='lat' dir='ltr'><strong>sed</strong></span> <span class='ocrx_word' id='word_1_40' title='bbox 1098 653 1156 699; x_wconf 93' lang='lat' dir='ltr'><strong>ut</strong></span> <span class='ocrx_word' id='word_1_41' title='bbox 1184 660 1299 700; x_wconf 90' lang='lat' dir='ltr'><strong>rem</strong></span> <span class='ocrx_word' id='word_1_42' title='bbox 1332 644 1661 700; x_wconf 84' lang='lat' dir='ltr'><strong>necessariis</strong></span> <span class='ocrx_word' id='word_1_43' title='bbox 1687 643 2026 711; x_wconf 73' lang='lat' dir='ltr'><strong>exploratam</strong></span> <span class='ocrx_word' id='word_1_44' title='bbox 2054 643 2358 698; x_wconf 88' lang='lat' dir='ltr'><strong>rationibus</strong></span> <span class='ocrx_word' id='word_1_45' title='bbox 2395 633 2677 698; x_wconf 63' lang='lat' dir='ltr'><strong>defendit?</strong></span> 
     </span>
    </p>
   </div>
   <div class='ocr_carea' id='block_1_6' title="bbox 352 725 3517 809">
    <p class='ocr_par' dir='ltr' id='par_1_6' title="bbox 352 725 3517 809">
     <span class='ocr_line' id='line_1_6' title="bbox 352 725 3517 809; baseline 0.004 -29"><span class='ocrx_word' id='word_1_46' title='bbox 352 725 472 782; x_wconf 85' lang='lat' dir='ltr'><strong>Non</strong></span> <span class='ocrx_word' id='word_1_47' title='bbox 509 730 683 785; x_wconf 92' lang='lat' dir='ltr'><strong>solum</strong></span> <span class='ocrx_word' id='word_1_48' title='bbox 721 733 867 788; x_wconf 89' lang='lat' dir='ltr'><strong>enim</strong></span> <span class='ocrx_word' id='word_1_49' title='bbox 904 735 1030 792; x_wconf 86' lang='lat' dir='ltr'><strong>huic</strong></span> <span class='ocrx_word' id='word_1_50' title='bbox 1058 738 1310 808; x_wconf 86' lang='lat' dir='ltr'><strong>scriptori</strong></span> <span class='ocrx_word' id='word_1_51' title='bbox 1337 753 1546 793; x_wconf 88' lang='lat' dir='ltr'><strong>summa</strong></span> <span class='ocrx_word' id='word_1_52' title='bbox 1586 746 1669 792; x_wconf 91' lang='lat' dir='ltr'><strong>est</strong></span> <span class='ocrx_word' id='word_1_53' title='bbox 1702 752 1823 791; x_wconf 92' lang='lat' dir='ltr'><strong>cum</strong></span> <span class='ocrx_word' id='word_1_54' title='bbox 1853 738 2058 793; x_wconf 87' lang='lat' dir='ltr'><strong>Basilio</strong></span> <span class='ocrx_word' id='word_1_55' title='bbox 2101 738 2225 809; x_wconf 84' lang='lat' dir='ltr'><strong>styli</strong></span> <span class='ocrx_word' id='word_1_56' title='bbox 2259 737 2667 802; x_wconf 84' lang='lat' dir='ltr'><strong>dissimilitudo,</strong></span> <span class='ocrx_word' id='word_1_57' title='bbox 2705 735 2798 793; x_wconf 90' lang='lat' dir='ltr'><strong>sed</strong></span> <span class='ocrx_word' id='word_1_58' title='bbox 2822 738 2984 791; x_wconf 88' lang='lat' dir='ltr'><strong>etiam</strong></span> <span class='ocrx_word' id='word_1_59' title='bbox 3006 738 3175 791; x_wconf 85' lang='lat' dir='ltr'><strong>multa</strong></span> <span class='ocrx_word' id='word_1_60' title='bbox 3212 746 3517 807; x_wconf 84' lang='lat' dir='ltr'><strong>pertractat</strong></span> 
     </span>
    </p>
   </div>
   <div class='ocr_carea' id='block_1_7' title="bbox 281 818 3511 902">
    <p class='ocr_par' dir='ltr' id='par_1_7' title="bbox 281 818 3511 902">
     <span class='ocr_line' id='line_1_7' title="bbox 281 818 3511 902; baseline 0.003 -29"><span class='ocrx_word' id='word_1_61' title='bbox 281 818 526 888; x_wconf 84' lang='lat' dir='ltr'><strong>incaute,</strong></span> <span class='ocrx_word' id='word_1_62' title='bbox 551 839 676 893; x_wconf 64' lang='lat' dir='ltr'><strong>quae</strong></span> <span class='ocrx_word' id='word_1_63' title='bbox 701 840 821 881; x_wconf 93' lang='lat' dir='ltr'><strong>cum</strong></span> <span class='ocrx_word' id='word_1_64' title='bbox 862 830 1161 901; x_wconf 80' lang='lat' dir='ltr'><strong>virgineum</strong></span> <span class='ocrx_word' id='word_1_65' title='bbox 1195 834 1453 902; x_wconf 91' lang='lat' dir='ltr'><strong>pudorem</strong></span> <span class='ocrx_word' id='word_1_66' title='bbox 1497 832 1819 902; x_wconf 82' lang='lat' dir='ltr'><strong>imaginibus</strong></span> <span class='ocrx_word' id='word_1_67' title='bbox 1849 846 1954 885; x_wconf 92' lang='lat' dir='ltr'><strong>non</strong></span> <span class='ocrx_word' id='word_1_68' title='bbox 1989 832 2202 887; x_wconf 87' lang='lat' dir='ltr'><strong>decoris</strong></span> <span class='ocrx_word' id='word_1_69' title='bbox 2233 832 2514 901; x_wconf 89' lang='lat' dir='ltr'><strong>inquinare</strong></span> <span class='ocrx_word' id='word_1_70' title='bbox 2544 830 2788 897; x_wconf 87' lang='lat' dir='ltr'><strong>possint,</strong></span> <span class='ocrx_word' id='word_1_71' title='bbox 2822 844 2922 884; x_wconf 91' lang='lat' dir='ltr'><strong>nec</strong></span> <span class='ocrx_word' id='word_1_72' title='bbox 2960 831 3310 897; x_wconf 87' lang='lat' dir='ltr'><strong>semetipsum</strong></span> <span class='ocrx_word' id='word_1_73' title='bbox 3357 829 3511 885; x_wconf 86' lang='lat' dir='ltr'><strong>Basi-</strong></span> 
     </span>
    </p>
   </div>
   <div class='ocr_carea' id='block_1_8' title="bbox 276 911 3510 995">
    <p class='ocr_par' dir='ltr' id='par_1_8' title="bbox 276 911 3510 995">
     <span class='ocr_line' id='line_1_8' title="bbox 276 911 3510 995; baseline 0.002 -29"><span class='ocrx_word' id='word_1_74' title='bbox 276 911 413 982; x_wconf 84' lang='lat' dir='ltr'><strong>lius,</strong></span> <span class='ocrx_word' id='word_1_75' title='bbox 439 932 537 971; x_wconf 89' lang='lat' dir='ltr'><strong>nec</strong></span> <span class='ocrx_word' id='word_1_76' title='bbox 574 918 808 977; x_wconf 88' lang='lat' dir='ltr'><strong>lectores</strong></span> <span class='ocrx_word' id='word_1_77' title='bbox 865 923 917 977; x_wconf 92' lang='lat' dir='ltr'><strong>in</strong></span> <span class='ocrx_word' id='word_1_78' title='bbox 975 924 1239 995; x_wconf 83' lang='lat' dir='ltr'><strong>ejusmodi</strong></span> <span class='ocrx_word' id='word_1_79' title='bbox 1281 926 1577 995; x_wconf 88' lang='lat' dir='ltr'><strong>periculum</strong></span> <span class='ocrx_word' id='word_1_80' title='bbox 1610 926 1949 995; x_wconf 88' lang='lat' dir='ltr'><strong>conjecisset.</strong></span> <span class='ocrx_word' id='word_1_81' title='bbox 2004 924 2247 979; x_wconf 81' lang='lat' dir='ltr'><strong>Providit</strong></span> <span class='ocrx_word' id='word_1_82' title='bbox 2293 924 2408 993; x_wconf 91' lang='lat' dir='ltr'><strong>ipse</strong></span> <span class='ocrx_word' id='word_1_83' title='bbox 2450 924 2685 993; x_wconf 89' lang='lat' dir='ltr'><strong>scriptor</strong></span> <span class='ocrx_word' id='word_1_84' title='bbox 2718 924 2794 991; x_wconf 87' lang='grc' dir='ltr'><strong>(η.</strong></span> <span class='ocrx_word' id='word_1_85' title='bbox 2830 920 2943 991; x_wconf 84' lang='grc'>65),</span> <span class='ocrx_word' id='word_1_86' title='bbox 2980 936 3037 975; x_wconf 90' lang='lat' dir='ltr'><strong>se</strong></span> <span class='ocrx_word' id='word_1_87' title='bbox 3069 922 3120 974; x_wconf 93' lang='lat' dir='ltr'><strong>in</strong></span> <span class='ocrx_word' id='word_1_88' title='bbox 3162 920 3510 975; x_wconf 80' lang='lat' dir='ltr'><strong>oli‘ensionem</strong></span> 
     </span>
    </p>
   </div>
   <div class='ocr_carea' id='block_1_9' title="bbox 276 1003 3513 1084">
    <p class='ocr_par' dir='ltr' id='par_1_9' title="bbox 276 1003 3513 1084">
     <span class='ocr_line' id='line_1_9' title="bbox 276 1003 3513 1084; baseline 0.002 -26"><span class='ocrx_word' id='word_1_89' title='bbox 276 1003 530 1073; x_wconf 87' lang='lat' dir='ltr'><strong>pluribus</strong></span> <span class='ocrx_word' id='word_1_90' title='bbox 557 1019 865 1077; x_wconf 83' lang='lat' dir='ltr'><strong>venturum,</strong></span> <span class='ocrx_word' id='word_1_91' title='bbox 895 1028 961 1068; x_wconf 92' lang='lat' dir='ltr'><strong>ac</strong></span> <span class='ocrx_word' id='word_1_92' title='bbox 994 1014 1405 1083; x_wconf 88' lang='lat' dir='ltr'><strong>reprehensioni</strong></span> <span class='ocrx_word' id='word_1_93' title='bbox 1433 1016 1672 1070; x_wconf 87' lang='lat' dir='ltr'><strong>occurrit</strong></span> <span class='ocrx_word' id='word_1_94' title='bbox 1695 1016 1798 1069; x_wconf 89' lang='lat' dir='ltr'><strong>hoc</strong></span> <span class='ocrx_word' id='word_1_95' title='bbox 1828 1015 2056 1069; x_wconf 84' lang='lat' dir='ltr'><strong>rationis</strong></span> <span class='ocrx_word' id='word_1_96' title='bbox 2099 1023 2395 1083; x_wconf 89' lang='lat' dir='ltr'><strong>momento,</strong></span> <span class='ocrx_word' id='word_1_97' title='bbox 2419 1014 2561 1084; x_wconf 87' lang='lat' dir='ltr'><strong>quod</strong></span> <span class='ocrx_word' id='word_1_98' title='bbox 2589 1013 2762 1083; x_wconf 73' lang='lat' dir='ltr'><strong>virgo,</strong></span> <span class='ocrx_word' id='word_1_99' title='bbox 2795 1013 2841 1068; x_wconf 92' lang='lat' dir='ltr'><strong>si</strong></span> <span class='ocrx_word' id='word_1_100' title='bbox 2890 1012 3049 1066; x_wconf 92' lang='lat' dir='ltr'><strong>modo</strong></span> <span class='ocrx_word' id='word_1_101' title='bbox 3089 1027 3194 1067; x_wconf 92' lang='lat' dir='ltr'><strong>non</strong></span> <span class='ocrx_word' id='word_1_102' title='bbox 3225 1012 3298 1067; x_wconf 89' lang='lat' dir='ltr'><strong>sit</strong></span> <span class='ocrx_word' id='word_1_103' title='bbox 3334 1013 3513 1080; x_wconf 90' lang='lat' dir='ltr'><strong>impu-</strong></span> 
     </span>
    </p>
   </div>
   <div class='ocr_carea' id='block_1_10' title="bbox 275 1094 2151 1175">
    <p class='ocr_par' dir='ltr' id='par_1_10' title="bbox 275 1094 2151 1175">
     <span class='ocr_line' id='line_1_10' title="bbox 275 1094 2151 1175; baseline 0.004 -24"><span class='ocrx_word' id='word_1_104' title='bbox 275 1094 389 1159; x_wconf 78' lang='lat' dir='ltr'><strong>bis,</strong></span> <span class='ocrx_word' id='word_1_105' title='bbox 425 1098 558 1152; x_wconf 87' lang='lat' dir='ltr'><strong>nihil</strong></span> <span class='ocrx_word' id='word_1_106' title='bbox 589 1115 777 1156; x_wconf 90' lang='lat' dir='ltr'><strong>eorum</strong></span> <span class='ocrx_word' id='word_1_107' title='bbox 811 1118 932 1172; x_wconf 68' lang='lat' dir='ltr'><strong>qua:</strong></span> <span class='ocrx_word' id='word_1_108' title='bbox 961 1105 1027 1158; x_wconf 90' lang='lat' dir='ltr'><strong>ad</strong></span> <span class='ocrx_word' id='word_1_109' title='bbox 1067 1106 1290 1159; x_wconf 88' lang='lat' dir='ltr'><strong>masculi</strong></span> <span class='ocrx_word' id='word_1_110' title='bbox 1327 1106 1895 1174; x_wconf 81' lang='lat' dir='ltr'><strong>naturampertinent,</strong></span> <span class='ocrx_word' id='word_1_111' title='bbox 1921 1106 2151 1175; x_wconf 85' lang='lat' dir='ltr'><strong>ignoret.</strong></span> 
     </span>
    </p>
   </div>
   <div class='ocr_carea' id='block_1_11' title="bbox 353 1185 3507 1265">
    <p class='ocr_par' dir='ltr' id='par_1_11' title="bbox 353 1185 3507 1265">
     <span class='ocr_line' id='line_1_11' title="bbox 353 1185 3507 1265; baseline 0 -22"><span class='ocrx_word' id='word_1_112' title='bbox 353 1185 461 1243; x_wconf 86' lang='lat' dir='ltr'><strong>Sed</strong></span> <span class='ocrx_word' id='word_1_113' title='bbox 494 1191 658 1259; x_wconf 88' lang='lat' dir='ltr'><strong>petita</strong></span> <span class='ocrx_word' id='word_1_114' title='bbox 703 1206 771 1247; x_wconf 82' lang='lat' dir='ltr'><strong>ex</strong></span> <span class='ocrx_word' id='word_1_115' title='bbox 822 1194 963 1265; x_wconf 81' lang='lat' dir='ltr'><strong>stylo</strong></span> <span class='ocrx_word' id='word_1_116' title='bbox 1000 1208 1321 1264; x_wconf 86' lang='lat' dir='ltr'><strong>argumenta</strong></span> <span class='ocrx_word' id='word_1_117' title='bbox 1357 1196 1540 1251; x_wconf 90' lang='lat' dir='ltr'><strong>multis</strong></span> <span class='ocrx_word' id='word_1_118' title='bbox 1574 1197 1705 1251; x_wconf 87' lang='lat' dir='ltr'><strong>tanti</strong></span> <span class='ocrx_word' id='word_1_119' title='bbox 1743 1210 1865 1251; x_wconf 89' lang='lat' dir='ltr'><strong>esse</strong></span> <span class='ocrx_word' id='word_1_120' title='bbox 1905 1211 2011 1251; x_wconf 91' lang='lat' dir='ltr'><strong>non</strong></span> <span class='ocrx_word' id='word_1_121' title='bbox 2044 1196 2318 1259; x_wconf 84' lang='lat' dir='ltr'><strong>videntur,</strong></span> <span class='ocrx_word' id='word_1_122' title='bbox 2352 1201 2415 1248; x_wconf 88' lang='lat' dir='ltr'><strong>ut</strong></span> <span class='ocrx_word' id='word_1_123' title='bbox 2460 1191 2840 1261; x_wconf 70' lang='lat' dir='ltr'><strong>prmjudicatas</strong></span> <span class='ocrx_word' id='word_1_124' title='bbox 2892 1191 3171 1261; x_wconf 89' lang='lat' dir='ltr'><strong>opiniones</strong></span> <span class='ocrx_word' id='word_1_125' title='bbox 3219 1190 3507 1258; x_wconf 75' lang='lat' dir='ltr'><strong>deponant.</strong></span> 
     </span>
    </p>
   </div>
   <div class='ocr_carea' id='block_1_12' title="bbox 277 1276 3506 1356">
    <p class='ocr_par' dir='ltr' id='par_1_12' title="bbox 277 1276 3506 1356">
     <span class='ocr_line' id='line_1_12' title="bbox 277 1276 3506 1356; baseline -0.001 -25"><span class='ocrx_word' id='word_1_126' title='bbox 277 1276 383 1333; x_wconf 86' lang='lat' dir='ltr'><strong>llic</strong></span> <span class='ocrx_word' id='word_1_127' title='bbox 414 1289 593 1335; x_wconf 90' lang='lat' dir='ltr'><strong>autem</strong></span> <span class='ocrx_word' id='word_1_128' title='bbox 637 1283 922 1337; x_wconf 79' lang='lat' dir='ltr'><strong>manifesta</strong></span> <span class='ocrx_word' id='word_1_129' title='bbox 964 1291 1047 1339; x_wconf 92' lang='lat' dir='ltr'><strong>est</strong></span> <span class='ocrx_word' id='word_1_130' title='bbox 1096 1294 1398 1356; x_wconf 87' lang='lat' dir='ltr'><strong>temporum</strong></span> <span class='ocrx_word' id='word_1_131' title='bbox 1436 1286 1811 1356; x_wconf 81' lang='lat' dir='ltr'><strong>repugnantia,</strong></span> <span class='ocrx_word' id='word_1_132' title='bbox 1854 1285 2000 1354; x_wconf 90' lang='lat' dir='ltr'><strong>quod</strong></span> <span class='ocrx_word' id='word_1_133' title='bbox 2053 1283 2258 1338; x_wconf 91' lang='lat' dir='ltr'><strong>nullum</strong></span> <span class='ocrx_word' id='word_1_134' title='bbox 2294 1296 2524 1352; x_wconf 90' lang='lat' dir='ltr'><strong>prorsus</strong></span> <span class='ocrx_word' id='word_1_135' title='bbox 2556 1282 2800 1352; x_wconf 80' lang='lat' dir='ltr'><strong>litigandi</strong></span> <span class='ocrx_word' id='word_1_136' title='bbox 2855 1280 3029 1337; x_wconf 91' lang='lat' dir='ltr'><strong>locum</strong></span> <span class='ocrx_word' id='word_1_137' title='bbox 3068 1281 3337 1348; x_wconf 85' lang='lat' dir='ltr'><strong>relinquit.</strong></span> <span class='ocrx_word' id='word_1_138' title='bbox 3373 1277 3506 1331; x_wconf 73' lang='lat' dir='ltr'><strong>Nam</strong></span> 
     </span>
    </p>
   </div>
   <div class='ocr_carea' id='block_1_13' title="bbox 276 1368 3511 1446">
    <p class='ocr_par' dir='ltr' id='par_1_13' title="bbox 276 1368 3511 1446">
     <span class='ocr_line' id='line_1_13' title="bbox 276 1368 3511 1446; baseline -0.001 -24"><span class='ocrx_word' id='word_1_139' title='bbox 276 1368 500 1426; x_wconf 84' lang='lat' dir='ltr'><strong>Letoius</strong></span> <span class='ocrx_word' id='word_1_140' title='bbox 527 1372 878 1429; x_wconf 76' lang='lat' dir='ltr'><strong>Melitinensis</strong></span> <span class='ocrx_word' id='word_1_141' title='bbox 906 1375 1211 1445; x_wconf 87' lang='lat' dir='ltr'><strong>episcopus,</strong></span> <span class='ocrx_word' id='word_1_142' title='bbox 1233 1377 1318 1430; x_wconf 90' lang='lat' dir='ltr'><strong>cui</strong></span> <span class='ocrx_word' id='word_1_143' title='bbox 1354 1384 1695 1446; x_wconf 87' lang='lat' dir='ltr'><strong>nuncupatus</strong></span> <span class='ocrx_word' id='word_1_144' title='bbox 1736 1385 1820 1430; x_wconf 87' lang='lat' dir='ltr'><strong>est</strong></span> <span class='ocrx_word' id='word_1_145' title='bbox 1854 1375 1992 1430; x_wconf 87' lang='lat' dir='ltr'><strong>liber</strong></span> <span class='ocrx_word' id='word_1_146' title='bbox 2033 1373 2108 1427; x_wconf 81' lang='lat' dir='ltr'><strong>De</strong></span> <span class='ocrx_word' id='word_1_147' title='bbox 2158 1389 2282 1427; x_wconf 81' lang='lat' dir='ltr'><strong>uera</strong></span> <span class='ocrx_word' id='word_1_148' title='bbox 2315 1374 2649 1442; x_wconf 81' lang='lat' dir='ltr'><strong>virginitate,</strong></span> <span class='ocrx_word' id='word_1_149' title='bbox 2687 1370 2926 1441; x_wconf 84' lang='lat' dir='ltr'><strong>pluribus</strong></span> <span class='ocrx_word' id='word_1_150' title='bbox 2974 1378 3093 1439; x_wconf 89' lang='lat' dir='ltr'><strong>post</strong></span> <span class='ocrx_word' id='word_1_151' title='bbox 3134 1368 3317 1422; x_wconf 85' lang='lat' dir='ltr'><strong>Basilii</strong></span> <span class='ocrx_word' id='word_1_152' title='bbox 3368 1383 3511 1423; x_wconf 87' lang='lat' dir='ltr'><strong>mor-</strong></span> 
     </span>
    </p>
   </div>
   <div class='ocr_carea' id='block_1_14' title="bbox 274 1460 3508 1536">
    <p class='ocr_par' dir='ltr' id='par_1_14' title="bbox 274 1460 3508 1536">
     <span class='ocr_line' id='line_1_14' title="bbox 274 1460 3508 1536; baseline -0.001 -22"><span class='ocrx_word' id='word_1_153' title='bbox 274 1470 389 1515; x_wconf 86' lang='lat' dir='ltr'><strong>tem</strong></span> <span class='ocrx_word' id='word_1_154' title='bbox 440 1463 597 1518; x_wconf 90' lang='lat' dir='ltr'><strong>annis</strong></span> <span class='ocrx_word' id='word_1_155' title='bbox 642 1466 710 1517; x_wconf 88' lang='lat' dir='ltr'><strong>ad</strong></span> <span class='ocrx_word' id='word_1_156' title='bbox 760 1465 904 1520; x_wconf 89' lang='lat' dir='ltr'><strong>hanc</strong></span> <span class='ocrx_word' id='word_1_157' title='bbox 935 1466 1249 1536; x_wconf 86' lang='lat' dir='ltr'><strong>dignitatem</strong></span> <span class='ocrx_word' id='word_1_158' title='bbox 1291 1467 1557 1536; x_wconf 88' lang='lat' dir='ltr'><strong>pervenit.</strong></span> <span class='ocrx_word' id='word_1_159' title='bbox 1607 1466 1738 1534; x_wconf 82' lang='lat' dir='ltr'><strong>Ejus</strong></span> <span class='ocrx_word' id='word_1_160' title='bbox 1779 1467 2045 1521; x_wconf 83' lang='lat' dir='ltr'><strong>decessor</strong></span> <span class='ocrx_word' id='word_1_161' title='bbox 2069 1463 2289 1519; x_wconf 88' lang='lat' dir='ltr'><strong>Otreius</strong></span> <span class='ocrx_word' id='word_1_162' title='bbox 2334 1462 2581 1517; x_wconf 81' lang='lat' dir='ltr'><strong>interluit</strong></span> <span class='ocrx_word' id='word_1_163' title='bbox 2626 1463 2874 1518; x_wconf 81' lang='lat' dir='ltr'><strong>secundae</strong></span> <span class='ocrx_word' id='word_1_164' title='bbox 2913 1462 3117 1532; x_wconf 84' lang='lat' dir='ltr'><strong>synodo</strong></span> <span class='ocrx_word' id='word_1_165' title='bbox 3140 1460 3508 1522; x_wconf 66' lang='lat' dir='ltr'><strong>(ecumenicre,</strong></span> 
     </span>
    </p>
   </div>
   <div class='ocr_carea' id='block_1_15' title="bbox 275 1550 3512 1627">
    <p class='ocr_par' dir='ltr' id='par_1_15' title="bbox 275 1550 3512 1627">
     <span class='ocr_line' id='line_1_15' title="bbox 275 1550 3512 1627; baseline 0 -23"><span class='ocrx_word' id='word_1_166' title='bbox 275 1568 401 1621; x_wconf 71' lang='lat' dir='ltr'><strong>quae</strong></span> <span class='ocrx_word' id='word_1_167' title='bbox 431 1556 888 1624; x_wconf 82' lang='lat' dir='ltr'><strong>perhonoriﬁcum</strong></span> <span class='ocrx_word' id='word_1_168' title='bbox 915 1561 982 1613; x_wconf 90' lang='lat' dir='ltr'><strong>de</strong></span> <span class='ocrx_word' id='word_1_169' title='bbox 1017 1558 1162 1612; x_wconf 89' lang='lat' dir='ltr'><strong>illius</strong></span> <span class='ocrx_word' id='word_1_170' title='bbox 1195 1557 1298 1611; x_wconf 88' lang='lat' dir='ltr'><strong>lide</strong></span> <span class='ocrx_word' id='word_1_171' title='bbox 1326 1557 1589 1627; x_wconf 84' lang='lat' dir='ltr'><strong>judicium</strong></span> <span class='ocrx_word' id='word_1_172' title='bbox 1622 1555 1772 1619; x_wconf 85' lang='lat' dir='ltr'><strong>fecit,</strong></span> <span class='ocrx_word' id='word_1_173' title='bbox 1799 1569 2028 1624; x_wconf 92' lang='lat' dir='ltr'><strong>eumque</strong></span> <span class='ocrx_word' id='word_1_174' title='bbox 2065 1553 2119 1607; x_wconf 92' lang='lat' dir='ltr'><strong>in</strong></span> <span class='ocrx_word' id='word_1_175' title='bbox 2159 1552 2383 1608; x_wconf 88' lang='lat' dir='ltr'><strong>Pontica</strong></span> <span class='ocrx_word' id='word_1_176' title='bbox 2429 1553 2647 1609; x_wconf 71' lang='lat' dir='ltr'><strong>dimcesi</strong></span> <span class='ocrx_word' id='word_1_177' title='bbox 2686 1567 2809 1608; x_wconf 92' lang='lat' dir='ltr'><strong>cum</strong></span> <span class='ocrx_word' id='word_1_178' title='bbox 2839 1551 3079 1606; x_wconf 86' lang='lat' dir='ltr'><strong>Helladio</strong></span> <span class='ocrx_word' id='word_1_179' title='bbox 3110 1550 3430 1605; x_wconf 82' lang='lat' dir='ltr'><strong>Caesariensi</strong></span> <span class='ocrx_word' id='word_1_180' title='bbox 3457 1561 3512 1605; x_wconf 87' lang='lat' dir='ltr'><strong>et</strong></span> 
     </span>
    </p>
   </div>
   <div class='ocr_carea' id='block_1_16' title="bbox 273 1644 2380 1718">
    <p class='ocr_par' dir='ltr' id='par_1_16' title="bbox 273 1644 2380 1718">
     <span class='ocr_line' id='line_1_16' title="bbox 273 1644 2380 1718; baseline -0 -17"><span class='ocrx_word' id='word_1_181' title='bbox 273 1644 546 1715; x_wconf 77' lang='lat' dir='ltr'><strong>Gregorio</strong></span> <span class='ocrx_word' id='word_1_182' title='bbox 574 1645 823 1717; x_wconf 87' lang='lat' dir='ltr'><strong>Nysseno</strong></span> <span class='ocrx_word' id='word_1_183' title='bbox 853 1648 1019 1703; x_wconf 82' lang='lat' dir='ltr'><strong>veluti</strong></span> <span class='ocrx_word' id='word_1_184' title='bbox 1057 1650 1327 1718; x_wconf 84' lang='lat' dir='ltr'><strong>quoddam</strong></span> <span class='ocrx_word' id='word_1_185' title='bbox 1359 1657 1611 1703; x_wconf 89' lang='lat' dir='ltr'><strong>centrum</strong></span> <span class='ocrx_word' id='word_1_186' title='bbox 1641 1645 2042 1703; x_wconf 90' lang='lat' dir='ltr'><strong>communionis</strong></span> <span class='ocrx_word' id='word_1_187' title='bbox 2068 1644 2380 1700; x_wconf 83' lang='lat' dir='ltr'><strong>constituit.</strong></span> 
     </span>
    </p>
   </div>
   <div class='ocr_carea' id='block_1_17' title="bbox 349 1732 3509 1810">
    <p class='ocr_par' dir='ltr' id='par_1_17' title="bbox 349 1732 3509 1810">
     <span class='ocr_line' id='line_1_17' title="bbox 349 1732 3509 1810; baseline -0.002 -18"><span class='ocrx_word' id='word_1_188' title='bbox 349 1737 534 1792; x_wconf 88' lang='lat' dir='ltr'><strong>Sensit</strong></span> <span class='ocrx_word' id='word_1_189' title='bbox 564 1736 804 1807; x_wconf 90' lang='lat' dir='ltr'><strong>Dupinus</strong></span> <span class='ocrx_word' id='word_1_190' title='bbox 853 1739 1014 1810; x_wconf 84' lang='lat' dir='ltr'><strong>hujus</strong></span> <span class='ocrx_word' id='word_1_191' title='bbox 1065 1739 1365 1808; x_wconf 87' lang='lat' dir='ltr'><strong>argumenti</strong></span> <span class='ocrx_word' id='word_1_192' title='bbox 1403 1740 1633 1808; x_wconf 90' lang='lat' dir='ltr'><strong>pondus,</strong></span> <span class='ocrx_word' id='word_1_193' title='bbox 1663 1752 1763 1792; x_wconf 90' lang='lat' dir='ltr'><strong>nec</strong></span> <span class='ocrx_word' id='word_1_194' title='bbox 1812 1747 1991 1791; x_wconf 86' lang='lat' dir='ltr'><strong>tamen</strong></span> <span class='ocrx_word' id='word_1_195' title='bbox 2043 1738 2244 1800; x_wconf 87' lang='lat' dir='ltr'><strong>cessit,</strong></span> <span class='ocrx_word' id='word_1_196' title='bbox 2287 1737 2382 1791; x_wconf 88' lang='lat' dir='ltr'><strong>sed</strong></span> <span class='ocrx_word' id='word_1_197' title='bbox 2413 1746 2502 1790; x_wconf 89' lang='lat' dir='ltr'><strong>aut</strong></span> <span class='ocrx_word' id='word_1_198' title='bbox 2533 1734 2782 1790; x_wconf 87' lang='lat' dir='ltr'><strong>Letoium</strong></span> <span class='ocrx_word' id='word_1_199' title='bbox 2835 1732 3073 1788; x_wconf 91' lang='lat' dir='ltr'><strong>nondum</strong></span> <span class='ocrx_word' id='word_1_200' title='bbox 3106 1733 3272 1788; x_wconf 81' lang='lat' dir='ltr'><strong>fuisse</strong></span> <span class='ocrx_word' id='word_1_201' title='bbox 3298 1734 3509 1803; x_wconf 89' lang='lat' dir='ltr'><strong>episco-</strong></span> 
     </span>
    </p>
   </div>
   <div class='ocr_carea' id='block_1_18' title="bbox 269 1824 3514 1903">
    <p class='ocr_par' dir='ltr' id='par_1_18' title="bbox 269 1824 3514 1903">
     <span class='ocr_line' id='line_1_18' title="bbox 269 1824 3514 1903; baseline -0.001 -20"><span class='ocrx_word' id='word_1_202' title='bbox 269 1845 427 1901; x_wconf 85' lang='lat' dir='ltr'><strong>pum,</strong></span> <span class='ocrx_word' id='word_1_203' title='bbox 462 1845 583 1885; x_wconf 92' lang='lat' dir='ltr'><strong>cum</strong></span> <span class='ocrx_word' id='word_1_204' title='bbox 610 1832 725 1886; x_wconf 58' lang='lat' dir='ltr'><strong>hac</strong></span> <span class='ocrx_word' id='word_1_205' title='bbox 751 1833 801 1887; x_wconf 91' lang='lat' dir='ltr'><strong>ei</strong></span> <span class='ocrx_word' id='word_1_206' title='bbox 838 1843 1144 1903; x_wconf 84' lang='lat' dir='ltr'><strong>nuncupata</strong></span> <span class='ocrx_word' id='word_1_207' title='bbox 1171 1833 1529 1899; x_wconf 89' lang='lat' dir='ltr'><strong>elucubratio,</strong></span> <span class='ocrx_word' id='word_1_208' title='bbox 1562 1841 1651 1885; x_wconf 88' lang='lat' dir='ltr'><strong>aut</strong></span> <span class='ocrx_word' id='word_1_209' title='bbox 1682 1847 1780 1901; x_wconf 91' lang='lat' dir='ltr'><strong>pro</strong></span> <span class='ocrx_word' id='word_1_210' title='bbox 1821 1830 2002 1885; x_wconf 87' lang='lat' dir='ltr'><strong>Letoio</strong></span> <span class='ocrx_word' id='word_1_211' title='bbox 2054 1831 2336 1900; x_wconf 89' lang='lat' dir='ltr'><strong>legendum</strong></span> <span class='ocrx_word' id='word_1_212' title='bbox 2370 1845 2491 1885; x_wconf 90' lang='lat' dir='ltr'><strong>esse</strong></span> <span class='ocrx_word' id='word_1_213' title='bbox 2542 1829 2782 1884; x_wconf 85' lang='lat' dir='ltr'><strong>Otreinm</strong></span> <span class='ocrx_word' id='word_1_214' title='bbox 2831 1828 3125 1881; x_wconf 76' lang='lat' dir='ltr'><strong>existimat.</strong></span> <span class='ocrx_word' id='word_1_215' title='bbox 3175 1827 3352 1882; x_wconf 88' lang='lat' dir='ltr'><strong>Prima</strong></span> <span class='ocrx_word' id='word_1_216' title='bbox 3388 1824 3514 1881; x_wconf 67' lang='lat' dir='ltr'><strong>eru-</strong></span> 
     </span>
    </p>
   </div>
   <div class='ocr_carea' id='block_1_19' title="bbox 270 1919 3510 1994">
    <p class='ocr_par' dir='ltr' id='par_1_19' title="bbox 270 1919 3510 1994">
     <span class='ocr_line' id='line_1_19' title="bbox 270 1919 3510 1994; baseline -0.001 -17"><span class='ocrx_word' id='word_1_217' title='bbox 270 1922 375 1977; x_wconf 87' lang='lat' dir='ltr'><strong>diti</strong></span> <span class='ocrx_word' id='word_1_218' title='bbox 398 1921 500 1975; x_wconf 86' lang='lat' dir='ltr'><strong>viri</strong></span> <span class='ocrx_word' id='word_1_219' title='bbox 528 1920 836 1990; x_wconf 89' lang='lat' dir='ltr'><strong>conjectura</strong></span> <span class='ocrx_word' id='word_1_220' title='bbox 870 1925 1183 1994; x_wconf 75' lang='lat' dir='ltr'><strong>prplligatur</strong></span> <span class='ocrx_word' id='word_1_221' title='bbox 1213 1941 1282 1979; x_wconf 82' lang='lat' dir='ltr'><strong>ex</strong></span> <span class='ocrx_word' id='word_1_222' title='bbox 1322 1925 1504 1979; x_wconf 81' lang='lat' dir='ltr'><strong>verbis</strong></span> <span class='ocrx_word' id='word_1_223' title='bbox 1543 1924 1702 1979; x_wconf 91' lang='lat' dir='ltr'><strong>modo</strong></span> <span class='ocrx_word' id='word_1_224' title='bbox 1750 1923 1953 1989; x_wconf 85' lang='lat' dir='ltr'><strong>citatis,</strong></span> <span class='ocrx_word' id='word_1_225' title='bbox 1988 1926 2250 1978; x_wconf 77' lang='lat' dir='ltr'><strong>unanimis</strong></span> <span class='ocrx_word' id='word_1_226' title='bbox 2304 1924 2433 1976; x_wconf 83' lang='lat' dir='ltr'><strong>mihi</strong></span> <span class='ocrx_word' id='word_1_227' title='bbox 2482 1925 2618 1977; x_wconf 83' lang='lat' dir='ltr'><strong>inter</strong></span> <span class='ocrx_word' id='word_1_228' title='bbox 2644 1924 2910 1991; x_wconf 76' lang='lat' dir='ltr'><strong>episcopos</strong></span> <span class='ocrx_word' id='word_1_229' title='bbox 2937 1919 3103 1975; x_wconf 80' lang='lat' dir='ltr'><strong>Letoi.</strong></span> <span class='ocrx_word' id='word_1_230' title='bbox 3128 1920 3308 1975; x_wconf 82' lang='lat' dir='ltr'><strong>Altera</strong></span> <span class='ocrx_word' id='word_1_231' title='bbox 3332 1932 3510 1977; x_wconf 76' lang='lat' dir='ltr'><strong>autem</strong></span> 
     </span>
    </p>
   </div>
   <div class='ocr_carea' id='block_1_20' title="bbox 269 2016 3092 2088">
    <p class='ocr_par' dir='ltr' id='par_1_20' title="bbox 269 2016 3092 2088">
     <span class='ocr_line' id='line_1_20' title="bbox 269 2016 3092 2088; baseline -0.003 -14"><span class='ocrx_word' id='word_1_232' title='bbox 269 2032 340 2074; x_wconf 80' lang='lat' dir='ltr'><strong>ex</strong></span> <span class='ocrx_word' id='word_1_233' title='bbox 371 2029 440 2070; x_wconf 89' lang='lat' dir='ltr'><strong>eo</strong></span> <span class='ocrx_word' id='word_1_234' title='bbox 461 2028 663 2085; x_wconf 88' lang='lat' dir='ltr'><strong>genere</strong></span> <span class='ocrx_word' id='word_1_235' title='bbox 694 2025 798 2078; x_wconf 86' lang='lat' dir='ltr'><strong>est,</strong></span> <span class='ocrx_word' id='word_1_236' title='bbox 827 2019 969 2086; x_wconf 90' lang='lat' dir='ltr'><strong>quod</strong></span> <span class='ocrx_word' id='word_1_237' title='bbox 995 2018 1064 2073; x_wconf 91' lang='lat' dir='ltr'><strong>ab</strong></span> <span class='ocrx_word' id='word_1_238' title='bbox 1091 2018 1345 2072; x_wconf 88' lang='lat' dir='ltr'><strong>omnibus</strong></span> <span class='ocrx_word' id='word_1_239' title='bbox 1377 2032 1599 2086; x_wconf 88' lang='lat' dir='ltr'><strong>prorsus</strong></span> <span class='ocrx_word' id='word_1_240' title='bbox 1639 2017 1851 2087; x_wconf 74' lang='lat' dir='ltr'><strong>explodi</strong></span> <span class='ocrx_word' id='word_1_241' title='bbox 1887 2019 2185 2088; x_wconf 67' lang='lat' dir='ltr'><strong>debeat,§et</strong></span> <span class='ocrx_word' id='word_1_242' title='bbox 2212 2032 2241 2070; x_wconf 88' lang='lat' dir='ltr'><strong>a</strong></span> <span class='ocrx_word' id='word_1_243' title='bbox 2267 2031 2325 2071; x_wconf 92' lang='lat' dir='ltr'><strong>re</strong></span> <span class='ocrx_word' id='word_1_244' title='bbox 2356 2017 2544 2070; x_wconf 86' lang='lat' dir='ltr'><strong>critica</strong></span> <span class='ocrx_word' id='word_1_245' title='bbox 2579 2016 2794 2084; x_wconf 90' lang='lat' dir='ltr'><strong>penitus</strong></span> <span class='ocrx_word' id='word_1_246' title='bbox 2826 2016 3092 2070; x_wconf 73' lang='lat' dir='ltr'><strong>facessere</strong></span> 
     </span>
    </p>
   </div>
   <div class='ocr_carea' id='block_1_21' title="bbox 339 2106 3510 2181">
    <p class='ocr_par' dir='ltr' id='par_1_21' title="bbox 339 2106 3510 2181">
     <span class='ocr_line' id='line_1_21' title="bbox 339 2106 3510 2181; baseline 0.001 -20"><span class='ocrx_word' id='word_1_247' title='bbox 339 2106 484 2162; x_wconf 86' lang='lat' dir='ltr'><strong>Nihil</strong></span> <span class='ocrx_word' id='word_1_248' title='bbox 540 2122 724 2161; x_wconf 89' lang='lat' dir='ltr'><strong>moror</strong></span> <span class='ocrx_word' id='word_1_249' title='bbox 766 2108 1009 2176; x_wconf 88' lang='lat' dir='ltr'><strong>Suidam,</strong></span> <span class='ocrx_word' id='word_1_250' title='bbox 1054 2110 1146 2179; x_wconf 92' lang='lat' dir='ltr'><strong>qui</strong></span> <span class='ocrx_word' id='word_1_251' title='bbox 1198 2109 1391 2164; x_wconf 90' lang='lat' dir='ltr'><strong>librum</strong></span> <span class='ocrx_word' id='word_1_252' title='bbox 1445 2110 1521 2164; x_wconf 83' lang='lat' dir='ltr'><strong>De</strong></span> <span class='ocrx_word' id='word_1_253' title='bbox 1563 2111 1859 2181; x_wconf 79' lang='lat' dir='ltr'><strong>virginitate</strong></span> <span class='ocrx_word' id='word_1_254' title='bbox 1903 2112 2159 2180; x_wconf 92' lang='lat' dir='ltr'><strong>scriptum</strong></span> <span class='ocrx_word' id='word_1_255' title='bbox 2190 2127 2217 2166; x_wconf 90' lang='lat' dir='ltr'><strong>a</strong></span> <span class='ocrx_word' id='word_1_256' title='bbox 2247 2110 2444 2165; x_wconf 88' lang='lat' dir='ltr'><strong>Basilio</strong></span> <span class='ocrx_word' id='word_1_257' title='bbox 2474 2118 2887 2165; x_wconf 83' lang='lat' dir='ltr'><strong>commemorat.</strong></span> <span class='ocrx_word' id='word_1_258' title='bbox 2942 2107 3123 2179; x_wconf 87' lang='lat' dir='ltr'><strong>Longe</strong></span> <span class='ocrx_word' id='word_1_259' title='bbox 3164 2110 3333 2179; x_wconf 87' lang='lat' dir='ltr'><strong>major</strong></span> <span class='ocrx_word' id='word_1_260' title='bbox 3374 2107 3510 2165; x_wconf 79' lang='lat' dir='ltr'><strong>Gre-</strong></span> 
     </span>
    </p>
   </div>
   <div class='ocr_carea' id='block_1_22' title="bbox 264 2198 3510 2271">
    <p class='ocr_par' dir='ltr' id='par_1_22' title="bbox 264 2198 3510 2271">
     <span class='ocr_line' id='line_1_22' title="bbox 264 2198 3510 2271; baseline 0 -19"><span class='ocrx_word' id='word_1_261' title='bbox 264 2200 406 2266; x_wconf 84' lang='lat' dir='ltr'><strong>gorii</strong></span> <span class='ocrx_word' id='word_1_262' title='bbox 434 2199 762 2255; x_wconf 84' lang='lat' dir='ltr'><strong>Nazianzeni</strong></span> <span class='ocrx_word' id='word_1_263' title='bbox 791 2200 1104 2263; x_wconf 88' lang='lat' dir='ltr'><strong>auctoritas,</strong></span> <span class='ocrx_word' id='word_1_264' title='bbox 1134 2201 1286 2268; x_wconf 91' lang='lat' dir='ltr'><strong>cujus</strong></span> <span class='ocrx_word' id='word_1_265' title='bbox 1316 2200 1628 2255; x_wconf 90' lang='lat' dir='ltr'><strong>testimonio</strong></span> <span class='ocrx_word' id='word_1_266' title='bbox 1655 2200 2015 2257; x_wconf 73' lang='lat' dir='ltr'><strong>Combelisius</strong></span> <span class='ocrx_word' id='word_1_267' title='bbox 2054 2212 2107 2256; x_wconf 91' lang='lat' dir='ltr'><strong>et</strong></span> <span class='ocrx_word' id='word_1_268' title='bbox 2146 2202 2389 2271; x_wconf 89' lang='lat' dir='ltr'><strong>Dupinus</strong></span> <span class='ocrx_word' id='word_1_269' title='bbox 2432 2202 2698 2254; x_wconf 88' lang='lat' dir='ltr'><strong>nituntur.</strong></span> <span class='ocrx_word' id='word_1_270' title='bbox 2764 2198 2869 2253; x_wconf 88' lang='lat' dir='ltr'><strong>Sed</strong></span> <span class='ocrx_word' id='word_1_271' title='bbox 2897 2213 3018 2253; x_wconf 87' lang='lat' dir='ltr'><strong>cum</strong></span> <span class='ocrx_word' id='word_1_272' title='bbox 3052 2201 3346 2269; x_wconf 85' lang='lat' dir='ltr'><strong>Gregorius</strong></span> <span class='ocrx_word' id='word_1_273' title='bbox 3376 2200 3510 2253; x_wconf 91' lang='lat' dir='ltr'><strong>scri-</strong></span> 
     </span>
    </p>
   </div>
   <div class='ocr_carea' id='block_1_23' title="bbox 265 2290 3508 2361">
    <p class='ocr_par' dir='ltr' id='par_1_23' title="bbox 265 2290 3508 2361">
     <span class='ocr_line' id='line_1_23' title="bbox 265 2290 3508 2361; baseline -0 -17"><span class='ocrx_word' id='word_1_274' title='bbox 265 2300 359 2360; x_wconf 91' lang='lat' dir='ltr'><strong>pta</strong></span> <span class='ocrx_word' id='word_1_275' title='bbox 392 2290 573 2348; x_wconf 88' lang='lat' dir='ltr'><strong>Basilii</strong></span> <span class='ocrx_word' id='word_1_276' title='bbox 622 2292 822 2355; x_wconf 88' lang='lat' dir='ltr'><strong>laudat,</strong></span> <span class='ocrx_word' id='word_1_277' title='bbox 850 2291 1050 2360; x_wconf 88' lang='lat' dir='ltr'><strong>quibus</strong></span> <span class='ocrx_word' id='word_1_278' title='bbox 1076 2290 1444 2361; x_wconf 67' lang='lat' dir='ltr'><strong>virginitatem</strong></span> <span class='ocrx_word' id='word_1_279' title='bbox 1484 2306 1613 2346; x_wconf 80' lang='lat' dir='ltr'><strong>vere</strong></span> <span class='ocrx_word' id='word_1_280' title='bbox 1644 2292 1823 2346; x_wconf 88' lang='lat' dir='ltr'><strong>colere</strong></span> <span class='ocrx_word' id='word_1_281' title='bbox 1853 2294 2101 2358; x_wconf 87' lang='lat' dir='ltr'><strong>docebat,</strong></span> <span class='ocrx_word' id='word_1_282' title='bbox 2134 2291 2363 2361; x_wconf 69' lang='lat' dir='ltr'><strong>Regula:</strong></span> <span class='ocrx_word' id='word_1_283' title='bbox 2413 2292 2638 2356; x_wconf 89' lang='lat' dir='ltr'><strong>indicat,</strong></span> <span class='ocrx_word' id='word_1_284' title='bbox 2679 2304 2801 2360; x_wconf 69' lang='lat' dir='ltr'><strong>qua:</strong></span> <span class='ocrx_word' id='word_1_285' title='bbox 2850 2290 2982 2344; x_wconf 87' lang='lat' dir='ltr'><strong>nihil</strong></span> <span class='ocrx_word' id='word_1_286' title='bbox 3037 2306 3258 2359; x_wconf 91' lang='lat' dir='ltr'><strong>prorsus</strong></span> <span class='ocrx_word' id='word_1_287' title='bbox 3288 2290 3508 2356; x_wconf 85' lang='lat' dir='ltr'><strong>habent,</strong></span> 
     </span>
    </p>
   </div>
   <div class='ocr_carea' id='block_1_24' title="bbox 200 2380 3511 2454">
    <p class='ocr_par' dir='ltr' id='par_1_24' title="bbox 200 2380 3511 2454">
     <span class='ocr_line' id='line_1_24' title="bbox 200 2380 3511 2454; baseline 0 -19"><span class='ocrx_word' id='word_1_288' title='bbox 200 2384 217 2399; x_wconf 86' lang='lat'><strong><em>&#39;</em></strong></span> <span class='ocrx_word' id='word_1_289' title='bbox 277 2383 424 2451; x_wconf 90' lang='lat' dir='ltr'><strong>quod</strong></span> <span class='ocrx_word' id='word_1_290' title='bbox 452 2397 560 2437; x_wconf 89' lang='lat' dir='ltr'><strong>non</strong></span> <span class='ocrx_word' id='word_1_291' title='bbox 592 2384 658 2436; x_wconf 89' lang='lat' dir='ltr'><strong>ad</strong></span> <span class='ocrx_word' id='word_1_292' title='bbox 686 2383 948 2450; x_wconf 83' lang='lat' dir='ltr'><strong>optimam</strong></span> <span class='ocrx_word' id='word_1_293' title='bbox 973 2380 1285 2437; x_wconf 72' lang='lat' dir='ltr'><strong>excolenda:</strong></span> <span class='ocrx_word' id='word_1_294' title='bbox 1318 2382 1649 2452; x_wconf 78' lang='lat' dir='ltr'><strong>virginitatis</strong></span> <span class='ocrx_word' id='word_1_295' title='bbox 1676 2385 1939 2439; x_wconf 87' lang='lat' dir='ltr'><strong>rationem</strong></span> <span class='ocrx_word' id='word_1_296' title='bbox 1962 2384 2247 2454; x_wconf 87' lang='lat' dir='ltr'><strong>pertineat.</strong></span> <span class='ocrx_word' id='word_1_297' title='bbox 2279 2384 2458 2453; x_wconf 85' lang='lat' dir='ltr'><strong>Atque</strong></span> <span class='ocrx_word' id='word_1_298' title='bbox 2493 2383 2705 2438; x_wconf 84' lang='lat' dir='ltr'><strong>etiamsi</strong></span> <span class='ocrx_word' id='word_1_299' title='bbox 2737 2392 3015 2439; x_wconf 87' lang='lat' dir='ltr'><strong>constaret</strong></span> <span class='ocrx_word' id='word_1_300' title='bbox 3042 2381 3297 2437; x_wconf 90' lang='lat' dir='ltr'><strong>Basilium</strong></span> <span class='ocrx_word' id='word_1_301' title='bbox 3328 2383 3511 2451; x_wconf 87' lang='lat' dir='ltr'><strong>singu-</strong></span> 
     </span>
    </p>
   </div>
   <div class='ocr_carea' id='block_1_25' title="bbox 263 2473 3511 2546">
    <p class='ocr_par' dir='ltr' id='par_1_25' title="bbox 263 2473 3511 2546">
     <span class='ocr_line' id='line_1_25' title="bbox 263 2473 3511 2546; baseline 0 -19"><span class='ocrx_word' id='word_1_302' title='bbox 263 2473 367 2527; x_wconf 83' lang='lat' dir='ltr'><strong>lari</strong></span> <span class='ocrx_word' id='word_1_303' title='bbox 399 2488 562 2543; x_wconf 88' lang='lat' dir='ltr'><strong>opera</strong></span> <span class='ocrx_word' id='word_1_304' title='bbox 591 2473 669 2529; x_wconf 81' lang='lat' dir='ltr'><strong>De</strong></span> <span class='ocrx_word' id='word_1_305' title='bbox 700 2474 1003 2544; x_wconf 79' lang='lat' dir='ltr'><strong>virginitate</strong></span> <span class='ocrx_word' id='word_1_306' title='bbox 1050 2474 1375 2543; x_wconf 88' lang='lat' dir='ltr'><strong>scripsisse;</strong></span> <span class='ocrx_word' id='word_1_307' title='bbox 1408 2490 1595 2529; x_wconf 82' lang='lat' dir='ltr'><strong>verum</strong></span> <span class='ocrx_word' id='word_1_308' title='bbox 1634 2475 1764 2531; x_wconf 89' lang='lat' dir='ltr'><strong>illud</strong></span> <span class='ocrx_word' id='word_1_309' title='bbox 1818 2491 1954 2546; x_wconf 90' lang='lat' dir='ltr'><strong>opus</strong></span> <span class='ocrx_word' id='word_1_310' title='bbox 2011 2474 2426 2531; x_wconf 85' lang='lat' dir='ltr'><strong>desiderandum</strong></span> <span class='ocrx_word' id='word_1_311' title='bbox 2471 2485 2635 2539; x_wconf 90' lang='lat' dir='ltr'><strong>esset,</strong></span> <span class='ocrx_word' id='word_1_312' title='bbox 2681 2477 2904 2529; x_wconf 90' lang='lat' dir='ltr'><strong>minime</strong></span> <span class='ocrx_word' id='word_1_313' title='bbox 2942 2488 3073 2529; x_wconf 77' lang='lat' dir='ltr'><strong>vero</strong></span> <span class='ocrx_word' id='word_1_314' title='bbox 3106 2473 3255 2537; x_wconf 89' lang='lat' dir='ltr'><strong>illud,</strong></span> <span class='ocrx_word' id='word_1_315' title='bbox 3282 2473 3424 2542; x_wconf 91' lang='lat' dir='ltr'><strong>quod</strong></span> <span class='ocrx_word' id='word_1_316' title='bbox 3456 2473 3511 2528; x_wconf 90' lang='lat' dir='ltr'><strong>in</strong></span> 
     </span>
    </p>
   </div>
   <div class='ocr_carea' id='block_1_26' title="bbox 269 2563 3387 2637">
    <p class='ocr_par' dir='ltr' id='par_1_26' title="bbox 269 2563 3387 2637">
     <span class='ocr_line' id='line_1_26' title="bbox 269 2563 3387 2637; baseline -0.001 -16"><span class='ocrx_word' id='word_1_317' title='bbox 269 2566 526 2621; x_wconf 84' lang='lat' dir='ltr'><strong>manibus</strong></span> <span class='ocrx_word' id='word_1_318' title='bbox 566 2567 852 2631; x_wconf 87' lang='lat' dir='ltr'><strong>habemus,</strong></span> <span class='ocrx_word' id='word_1_319' title='bbox 885 2564 1064 2636; x_wconf 71' lang='lat' dir='ltr'><strong>attingi</strong></span> <span class='ocrx_word' id='word_1_320' title='bbox 1087 2564 1136 2619; x_wconf 91' lang='lat' dir='ltr'><strong>ei</strong></span> <span class='ocrx_word' id='word_1_321' title='bbox 1162 2565 1215 2619; x_wconf 93' lang='lat' dir='ltr'><strong>in</strong></span> <span class='ocrx_word' id='word_1_322' title='bbox 1258 2573 1366 2618; x_wconf 91' lang='lat' dir='ltr'><strong>tam</strong></span> <span class='ocrx_word' id='word_1_323' title='bbox 1396 2563 1684 2620; x_wconf 80' lang='lat' dir='ltr'><strong>manifesta</strong></span> <span class='ocrx_word' id='word_1_324' title='bbox 1727 2565 1851 2637; x_wconf 77' lang='lat' dir='ltr'><strong>styli</strong></span> <span class='ocrx_word' id='word_1_325' title='bbox 1887 2564 2325 2620; x_wconf 88' lang='lat' dir='ltr'><strong>dissimilitudine</strong></span> <span class='ocrx_word' id='word_1_326' title='bbox 2351 2573 2407 2619; x_wconf 91' lang='lat' dir='ltr'><strong>et</strong></span> <span class='ocrx_word' id='word_1_327' title='bbox 2432 2572 2729 2634; x_wconf 89' lang='lat' dir='ltr'><strong>temporum</strong></span> <span class='ocrx_word' id='word_1_328' title='bbox 2759 2565 3119 2633; x_wconf 90' lang='lat' dir='ltr'><strong>discrepantia</strong></span> <span class='ocrx_word' id='word_1_329' title='bbox 3147 2564 3387 2621; x_wconf 64' lang='lat' dir='ltr'><strong>deberet.</strong></span> 
     </span>
    </p>
   </div>
   <div class='ocr_carea' id='block_1_27' title="bbox 1730 2824 2058 2878">
    <p class='ocr_par' dir='ltr' id='par_1_27' title="bbox 1730 2824 2058 2878">
     <span class='ocr_line' id='line_1_27' title="bbox 1730 2824 2058 2878; baseline -0.006 0"><span class='ocrx_word' id='word_1_330' title='bbox 1730 2825 1891 2878; x_wconf 88' lang='grc' dir='ltr'><strong>ΠΕΡΙ</strong></span> <span class='ocrx_word' id='word_1_331' title='bbox 1923 2824 2058 2878; x_wconf 82' lang='grc' dir='ltr'><strong>ΤΗΣ</strong></span> 
     </span>
    </p>
   </div>
   <div class='ocr_carea' id='block_1_28' title="bbox 878 2982 2882 3077">
    <p class='ocr_par' dir='ltr' id='par_1_28' title="bbox 878 2982 2882 3077">
     <span class='ocr_line' id='line_1_28' title="bbox 878 2982 2882 3077; baseline 0 -2"><span class='ocrx_word' id='word_1_332' title='bbox 878 2989 1023 3075; x_wconf 87' lang='grc' dir='ltr'><strong>ΕΝ</strong></span> <span class='ocrx_word' id='word_1_333' title='bbox 1097 2982 1660 3076; x_wconf 84' lang='grc' dir='ltr'><strong>ΠΑΡΘΕΝΙΑ</strong></span> <span class='ocrx_word' id='word_1_334' title='bbox 1730 2986 2261 3075; x_wconf 83' lang='grc' dir='ltr'><strong>ΑΛΗΘΟΥΣ</strong></span> <span class='ocrx_word' id='word_1_335' title='bbox 2332 2987 2882 3077; x_wconf 89' lang='grc' dir='ltr'><strong>ΑΦΘΟΡΙΑΣ</strong></span> 
     </span>
    </p>
   </div>
   <div class='ocr_carea' id='block_1_29' title="bbox 1073 3168 2687 3241">
    <p class='ocr_par' dir='ltr' id='par_1_29' title="bbox 1073 3168 2687 3241">
     <span class='ocr_line' id='line_1_29' title="bbox 1073 3168 2687 3241; baseline -0.001 -18"><span class='ocrx_word' id='word_1_336' title='bbox 1073 3172 1261 3223; x_wconf 89' lang='grc' dir='ltr'><strong>ΠΡΟΣ</strong></span> <span class='ocrx_word' id='word_1_337' title='bbox 1297 3168 1619 3225; x_wconf 81' lang='grc' dir='ltr'><strong>ΛΗΤΟΙΟΝ</strong></span> <span class='ocrx_word' id='word_1_338' title='bbox 1642 3170 2079 3224; x_wconf 82' lang='grc' dir='ltr'><strong>ΕΠΙΣΚΟΠΟΝ</strong></span> <span class='ocrx_word' id='word_1_339' title='bbox 2109 3170 2539 3228; x_wconf 71' lang='grc' dir='ltr'><strong>ΜΕΛΙἸἨΛἨΣ</strong></span> <span class='ocrx_word' id='word_1_340' title='bbox 2575 3169 2687 3241; x_wconf 79' lang='grc'>(50)</span> 
     </span>
    </p>
   </div>
   <div class='ocr_carea' id='block_1_30' title="bbox 1766 3431 2033 3491">
    <p class='ocr_par' dir='ltr' id='par_1_30' title="bbox 1766 3431 2033 3491">
     <span class='ocr_line' id='line_1_30' title="bbox 1766 3431 2033 3491; baseline -0.004 0"><span class='ocrx_word' id='word_1_341' title='bbox 1766 3431 2033 3491; x_wconf 85' lang='lat' dir='ltr'>LIBER</span> 
     </span>
    </p>
   </div>
   <div class='ocr_carea' id='block_1_31' title="bbox 703 3609 3079 3738">
    <p class='ocr_par' dir='ltr' id='par_1_31' title="bbox 703 3609 3079 3738">
     <span class='ocr_line' id='line_1_31' title="bbox 703 3609 3079 3738; baseline -0.001 -35"><span class='ocrx_word' id='word_1_342' title='bbox 703 3615 849 3703; x_wconf 89' lang='lat' dir='ltr'><strong>DE</strong></span> <span class='ocrx_word' id='word_1_343' title='bbox 923 3611 1233 3707; x_wconf 83' lang='lat' dir='ltr'><strong>VEBA</strong></span> <span class='ocrx_word' id='word_1_344' title='bbox 1306 3609 2144 3705; x_wconf 83' lang='lat' dir='ltr'><strong>VIRGINITATIS</strong></span> <span class='ocrx_word' id='word_1_345' title='bbox 2216 3609 3079 3738; x_wconf 74' lang='lat' dir='ltr'><strong>INTEGRITATE,</strong></span> 
     </span>
    </p>
   </div>
   <div class='ocr_carea' id='block_1_32' title="bbox 1100 3798 2690 3860">
    <p class='ocr_par' dir='ltr' id='par_1_32' title="bbox 1100 3798 2690 3860">
     <span class='ocr_line' id='line_1_32' title="bbox 1100 3798 2690 3860; baseline 0 -2"><span class='ocrx_word' id='word_1_346' title='bbox 1100 3805 1196 3860; x_wconf 79' lang='lat' dir='ltr'><strong>AD</strong></span> <span class='ocrx_word' id='word_1_347' title='bbox 1233 3802 1564 3860; x_wconf 82' lang='lat' dir='ltr'><strong>LETOIUM</strong></span> <span class='ocrx_word' id='word_1_348' title='bbox 1610 3798 2197 3857; x_wconf 72' lang='lat' dir='ltr'><strong>MELITINENSEM</strong></span> <span class='ocrx_word' id='word_1_349' title='bbox 2236 3800 2690 3859; x_wconf 80' lang='lat' dir='ltr'><strong>EPISCOPUM.</strong></span> 
     </span>
    </p>
   </div>
   <div class='ocr_carea' id='block_1_33' title="bbox 338 4073 1842 4151">
    <p class='ocr_par' dir='ltr' id='par_1_33' title="bbox 338 4075 1842 4151">
     <span class='ocr_line' id='line_1_33' title="bbox 338 4075 1842 4151; baseline -0.005 -16"><span class='ocrx_word' id='word_1_350' title='bbox 338 4081 390 4151; x_wconf 55' lang='grc' dir='ltr'>ι.</span> <span class='ocrx_word' id='word_1_351' title='bbox 427 4082 490 4135; x_wconf 85' lang='grc' dir='ltr'><strong>Οἱ</strong></span> <span class='ocrx_word' id='word_1_352' title='bbox 522 4080 620 4150; x_wconf 83' lang='grc' dir='ltr'>μὲν</span> <span class='ocrx_word' id='word_1_353' title='bbox 656 4078 842 4131; x_wconf 78' lang='grc' dir='ltr'>πολλοὶ</span> <span class='ocrx_word' id='word_1_354' title='bbox 873 4078 982 4131; x_wconf 82' lang='grc' dir='ltr'>τῶν</span> <span class='ocrx_word' id='word_1_355' title='bbox 1014 4077 1104 4132; x_wconf 79' lang='grc' dir='ltr'><strong>τὸν</strong></span> <span class='ocrx_word' id='word_1_356' title='bbox 1145 4075 1376 4147; x_wconf 70' lang='grc' dir='ltr'>νυμφίον</span> <span class='ocrx_word' id='word_1_357' title='bbox 1411 4075 1566 4147; x_wconf 79' lang='grc' dir='ltr'>ἡμῶν</span> <span class='ocrx_word' id='word_1_358' title='bbox 1596 4076 1707 4146; x_wconf 76' lang='grc'>(51)</span> <span class='ocrx_word' id='word_1_359' title='bbox 1748 4093 1842 4128; x_wconf 84' lang='grc' dir='ltr'><strong>πε-</strong></span> 
     </span>
    </p>
   </div>
   <div class='ocr_carea' id='block_1_34' title="bbox 1953 4073 3514 4151">
    <p class='ocr_par' dir='ltr' id='par_1_34' title="bbox 2015 4073 3514 4148">
     <span class='ocr_line' id='line_1_34' title="bbox 2015 4073 3514 4148; baseline 0.001 -16"><span class='ocrx_word' id='word_1_360' title='bbox 2015 4076 2183 4147; x_wconf 77' lang='lat'><strong>618</strong></span> <span class='ocrx_word' id='word_1_361' title='bbox 2243 4076 2291 4130; x_wconf 83' lang='lat' dir='ltr'><strong>l.</strong></span> <span class='ocrx_word' id='word_1_362' title='bbox 2330 4074 2580 4145; x_wconf 88' lang='lat' dir='ltr'><strong>Plerique</strong></span> <span class='ocrx_word' id='word_1_363' title='bbox 2626 4090 2750 4129; x_wconf 92' lang='lat' dir='ltr'><strong>cum</strong></span> <span class='ocrx_word' id='word_1_364' title='bbox 2795 4073 3015 4129; x_wconf 78' lang='lat' dir='ltr'><strong>videant</strong></span> <span class='ocrx_word' id='word_1_365' title='bbox 3061 4090 3408 4148; x_wconf 85' lang='lat' dir='ltr'><strong>quoscunque</strong></span> <span class='ocrx_word' id='word_1_366' title='bbox 3448 4096 3514 4138; x_wconf 78' lang='lat' dir='ltr'><strong>ex</strong></span> 
     </span>
    </p>
   </div>
   <div class='ocr_carea' id='block_1_35' title="bbox 267 4165 1842 4243">
    <p class='ocr_par' dir='ltr' id='par_1_35' title="bbox 267 4167 1841 4243">
     <span class='ocr_line' id='line_1_35' title="bbox 267 4167 1841 4243; baseline -0.006 -16"><span class='ocrx_word' id='word_1_367' title='bbox 267 4174 563 4243; x_wconf 70' lang='grc' dir='ltr'><strong>μετιόντων</strong></span> <span class='ocrx_word' id='word_1_368' title='bbox 588 4170 840 4242; x_wconf 79' lang='grc' dir='ltr'>Χριστὸν,</span> <span class='ocrx_word' id='word_1_369' title='bbox 865 4170 1021 4233; x_wconf 83' lang='grc' dir='ltr'><strong>ὅσους</strong></span> <span class='ocrx_word' id='word_1_370' title='bbox 1066 4172 1095 4222; x_wconf 87' lang='grc' dir='ltr'>ὁ</span> <span class='ocrx_word' id='word_1_371' title='bbox 1126 4167 1376 4240; x_wconf 73' lang='grc' dir='ltr'>οὐράνιος</span> <span class='ocrx_word' id='word_1_372' title='bbox 1405 4168 1545 4239; x_wconf 83' lang='grc' dir='ltr'>ἔρως</span> <span class='ocrx_word' id='word_1_373' title='bbox 1573 4167 1711 4238; x_wconf 85' lang='grc' dir='ltr'>πρὸς</span> <span class='ocrx_word' id='word_1_374' title='bbox 1740 4167 1841 4238; x_wconf 82' lang='grc' dir='ltr'><strong>τὴν</strong></span> 
     </span>
    </p>
   </div>
   <div class='ocr_carea' id='block_1_36' title="bbox 1953 4165 3515 4243">
    <p class='ocr_par' dir='ltr' id='par_1_36' title="bbox 1953 4165 3515 4237">
     <span class='ocr_line' id='line_1_36' title="bbox 1953 4165 3515 4237; baseline 0.004 -16"><span class='ocrx_word' id='word_1_375' title='bbox 1953 4169 2126 4237; x_wconf 83' lang='lat' dir='ltr'><strong>sponsi</strong></span> <span class='ocrx_word' id='word_1_376' title='bbox 2169 4167 2341 4222; x_wconf 89' lang='lat' dir='ltr'><strong>nostri</strong></span> <span class='ocrx_word' id='word_1_377' title='bbox 2375 4165 2577 4222; x_wconf 88' lang='lat' dir='ltr'><strong>Christi</strong></span> <span class='ocrx_word' id='word_1_378' title='bbox 2618 4167 2913 4221; x_wconf 81' lang='lat' dir='ltr'><strong>cultoribus</strong></span> <span class='ocrx_word' id='word_1_379' title='bbox 2959 4169 3192 4223; x_wconf 77' lang='lat' dir='ltr'><strong>ctelestis</strong></span> <span class='ocrx_word' id='word_1_380' title='bbox 3248 4186 3399 4227; x_wconf 87' lang='lat' dir='ltr'><strong>amor</strong></span> <span class='ocrx_word' id='word_1_381' title='bbox 3448 4174 3515 4228; x_wconf 90' lang='lat' dir='ltr'><strong>ad</strong></span> 
     </span>
    </p>
   </div>
   <div class='ocr_carea' id='block_1_37' title="bbox 263 4259 1839 4333">
    <p class='ocr_par' dir='ltr' id='par_1_37' title="bbox 263 4259 1839 4333">
     <span class='ocr_line' id='line_1_37' title="bbox 263 4259 1839 4333; baseline -0.004 -14"><span class='ocrx_word' id='word_1_382' title='bbox 263 4265 359 4319; x_wconf 73' lang='grc' dir='ltr'><strong>τοῦ</strong></span> <span class='ocrx_word' id='word_1_383' title='bbox 377 4264 543 4318; x_wconf 79' lang='grc' dir='ltr'>καλοῦ</span> <span class='ocrx_word' id='word_1_384' title='bbox 573 4262 896 4332; x_wconf 73' lang='grc' dir='ltr'><strong>κατανόησιν</strong></span> <span class='ocrx_word' id='word_1_385' title='bbox 917 4261 1177 4333; x_wconf 76' lang='grc' dir='ltr'><strong>ἔτρωσεν,</strong></span> <span class='ocrx_word' id='word_1_386' title='bbox 1193 4261 1359 4324; x_wconf 75' lang='grc' dir='ltr'>ἄλλας</span> <span class='ocrx_word' id='word_1_387' title='bbox 1378 4261 1504 4329; x_wconf 89' lang='grc' dir='ltr'>παρ’</span> <span class='ocrx_word' id='word_1_388' title='bbox 1527 4260 1706 4323; x_wconf 82' lang='grc' dir='ltr'>ἄλλοις</span> <span class='ocrx_word' id='word_1_389' title='bbox 1724 4259 1839 4330; x_wconf 73' lang='grc'>(52)</span> 
     </span>
    </p>
   </div>
   <div class='ocr_carea' id='block_1_38' title="bbox 262 4351 1843 4424">
    <p class='ocr_par' dir='ltr' id='par_1_38' title="bbox 262 4351 1843 4424">
     <span class='ocr_line' id='line_1_38' title="bbox 262 4351 1843 4424; baseline -0.004 -14"><span class='ocrx_word' id='word_1_390' title='bbox 262 4357 359 4412; x_wconf 75' lang='grc' dir='ltr'><strong>τοῦ</strong></span> <span class='ocrx_word' id='word_1_391' title='bbox 394 4356 563 4412; x_wconf 80' lang='grc' dir='ltr'>καλοῦ</span> <span class='ocrx_word' id='word_1_392' title='bbox 604 4355 706 4419; x_wconf 75' lang='grc' dir='ltr'>τὰς</span> <span class='ocrx_word' id='word_1_393' title='bbox 755 4355 896 4419; x_wconf 76' lang='grc' dir='ltr'>ἰδέας</span> <span class='ocrx_word' id='word_1_394' title='bbox 933 4353 1279 4424; x_wconf 80' lang='grc' dir='ltr'>ἁσκουμὲνας</span> <span class='ocrx_word' id='word_1_395' title='bbox 1330 4355 1387 4406; x_wconf 82' lang='grc' dir='ltr'>ὲν</span> <span class='ocrx_word' id='word_1_396' title='bbox 1433 4355 1500 4424; x_wconf 76' lang='grc' dir='ltr'><strong>τῇ</strong></span> <span class='ocrx_word' id='word_1_397' title='bbox 1547 4351 1843 4423; x_wconf 72' lang='grc' dir='ltr'>Ἐκκλησία</span> 
     </span>
    </p>
   </div>
   <div class='ocr_carea' id='block_1_39' title="bbox 266 4438 1839 4516">
    <p class='ocr_par' dir='ltr' id='par_1_39' title="bbox 266 4438 1839 4516">
     <span class='ocr_line' id='line_1_39' title="bbox 266 4438 1839 4516; baseline -0.006 -14"><span class='ocrx_word' id='word_1_398' title='bbox 266 4448 489 4512; x_wconf 69' lang='grc' dir='ltr'><strong>ἰδόντες,</strong></span> <span class='ocrx_word' id='word_1_399' title='bbox 540 4448 590 4499; x_wconf 85' lang='grc' dir='ltr'>οἱ</span> <span class='ocrx_word' id='word_1_400' title='bbox 630 4445 726 4516; x_wconf 79' lang='grc' dir='ltr'>μὲν</span> <span class='ocrx_word' id='word_1_401' title='bbox 781 4444 880 4515; x_wconf 82' lang='grc' dir='ltr'>τῆς</span> <span class='ocrx_word' id='word_1_402' title='bbox 927 4442 1222 4514; x_wconf 80' lang='grc' dir='ltr'>παρθενίας</span> <span class='ocrx_word' id='word_1_403' title='bbox 1257 4442 1482 4514; x_wconf 77' lang='grc' dir='ltr'>ὕμνους,</span> <span class='ocrx_word' id='word_1_404' title='bbox 1528 4443 1577 4495; x_wconf 87' lang='grc' dir='ltr'>οἱ</span> <span class='ocrx_word' id='word_1_405' title='bbox 1627 4441 1683 4494; x_wconf 83' lang='grc' dir='ltr'>δὲ</span> <span class='ocrx_word' id='word_1_406' title='bbox 1731 4438 1839 4493; x_wconf 83' lang='grc' dir='ltr'>τῶν</span> 
     </span>
    </p>
   </div>
   <div class='ocr_carea' id='block_1_40' title="bbox 266 4531 1841 4609">
    <p class='ocr_par' dir='ltr' id='par_1_40' title="bbox 266 4531 1841 4609">
     <span class='ocr_line' id='line_1_40' title="bbox 266 4531 1841 4609; baseline -0.005 -17"><span class='ocrx_word' id='word_1_407' title='bbox 266 4539 544 4609; x_wconf 71' lang='grc' dir='ltr'>νηστείαις</span> <span class='ocrx_word' id='word_1_408' title='bbox 573 4553 631 4590; x_wconf 82' lang='grc' dir='ltr'>τε</span> <span class='ocrx_word' id='word_1_409' title='bbox 665 4535 759 4590; x_wconf 70' lang='grc' dir='ltr'>καὶ</span> <span class='ocrx_word' id='word_1_410' title='bbox 786 4534 1105 4606; x_wconf 78' lang='grc' dir='ltr'>χαμευνίαις</span> <span class='ocrx_word' id='word_1_411' title='bbox 1136 4534 1560 4598; x_wconf 77' lang='grc' dir='ltr'>ὑπωπιαζόντων</span> <span class='ocrx_word' id='word_1_412' title='bbox 1595 4532 1656 4585; x_wconf 80' lang='grc' dir='ltr'><strong>τὸ</strong></span> <span class='ocrx_word' id='word_1_413' title='bbox 1681 4531 1841 4602; x_wconf 86' lang='grc' dir='ltr'>σῶμα</span> 
     </span>
    </p>
   </div>
   <div class='ocr_carea' id='block_1_41' title="bbox 263 4623 1843 4699">
    <p class='ocr_par' dir='ltr' id='par_1_41' title="bbox 263 4623 1843 4699">
     <span class='ocr_line' id='line_1_41' title="bbox 263 4623 1843 4699; baseline -0.004 -16"><span class='ocrx_word' id='word_1_414' title='bbox 263 4629 542 4699; x_wconf 67' lang='grc' dir='ltr'>ἐγκώμια,</span> <span class='ocrx_word' id='word_1_415' title='bbox 574 4627 723 4682; x_wconf 81' lang='grc' dir='ltr'>ἄλλοι</span> <span class='ocrx_word' id='word_1_416' title='bbox 763 4626 820 4679; x_wconf 83' lang='grc' dir='ltr'>δὲ</span> <span class='ocrx_word' id='word_1_417' title='bbox 859 4625 920 4678; x_wconf 83' lang='grc' dir='ltr'><strong>τὸ</strong></span> <span class='ocrx_word' id='word_1_418' title='bbox 952 4625 1328 4696; x_wconf 72' lang='grc' dir='ltr'><strong>μεγαλόψυχον</strong></span> <span class='ocrx_word' id='word_1_419' title='bbox 1356 4623 1465 4676; x_wconf 83' lang='grc' dir='ltr'><strong>τῶν</strong></span> <span class='ocrx_word' id='word_1_420' title='bbox 1499 4623 1843 4695; x_wconf 64' lang='grc' dir='ltr'>πιπρασκόνο</span> 
     </span>
    </p>
   </div>
   <div class='ocr_carea' id='block_1_42' title="bbox 264 4711 1842 4789">
    <p class='ocr_par' dir='ltr' id='par_1_42' title="bbox 264 4711 1842 4789">
     <span class='ocr_line' id='line_1_42' title="bbox 264 4711 1842 4789; baseline -0.005 -16"><span class='ocrx_word' id='word_1_421' title='bbox 264 4737 374 4773; x_wconf 82' lang='grc' dir='ltr'>των</span> <span class='ocrx_word' id='word_1_422' title='bbox 400 4718 490 4771; x_wconf 79' lang='grc' dir='ltr'>διὰ</span> <span class='ocrx_word' id='word_1_423' title='bbox 513 4717 604 4771; x_wconf 79' lang='grc' dir='ltr'><strong>τὸν</strong></span> <span class='ocrx_word' id='word_1_424' title='bbox 638 4716 841 4789; x_wconf 81' lang='grc' dir='ltr'>Κύριον</span> <span class='ocrx_word' id='word_1_425' title='bbox 866 4717 935 4770; x_wconf 79' lang='grc' dir='ltr'><strong>τὰ</strong></span> <span class='ocrx_word' id='word_1_426' title='bbox 961 4715 1272 4787; x_wconf 84' lang='grc' dir='ltr'>ὑπάρχοντα</span> <span class='ocrx_word' id='word_1_427' title='bbox 1295 4711 1686 4783; x_wconf 76' lang='grc' dir='ltr'>Θαυμάζοντες,</span> <span class='ocrx_word' id='word_1_428' title='bbox 1714 4713 1842 4777; x_wconf 83' lang='grc' dir='ltr'>τοὺς</span> 
     </span>
    </p>
   </div>
   <div class='ocr_carea' id='block_1_43' title="bbox 265 4804 1841 4880">
    <p class='ocr_par' dir='ltr' id='par_1_43' title="bbox 265 4804 1841 4880">
     <span class='ocr_line' id='line_1_43' title="bbox 265 4804 1841 4880; baseline -0.004 -16"><span class='ocrx_word' id='word_1_429' title='bbox 265 4811 523 4873; x_wconf 75' lang='grc' dir='ltr'>ἐπαίνους</span> <span class='ocrx_word' id='word_1_430' title='bbox 558 4810 616 4862; x_wconf 81' lang='grc' dir='ltr'>ὲν</span> <span class='ocrx_word' id='word_1_431' title='bbox 651 4807 847 4880; x_wconf 83' lang='grc' dir='ltr'>μακρῷ</span> <span class='ocrx_word' id='word_1_432' title='bbox 882 4808 1278 4880; x_wconf 76' lang='grc' dir='ltr'>διεξέρχονται’</span> <span class='ocrx_word' id='word_1_433' title='bbox 1315 4806 1412 4876; x_wconf 79' lang='grc' dir='ltr'>οὐχ</span> <span class='ocrx_word' id='word_1_434' title='bbox 1441 4806 1588 4869; x_wconf 82' lang='grc' dir='ltr'>ὅπως</span> <span class='ocrx_word' id='word_1_435' title='bbox 1612 4804 1841 4858; x_wconf 84' lang='grc' dir='ltr'>’ἑκαστον</span> 
     </span>
    </p>
   </div>
   <div class='ocr_carea' id='block_1_44' title="bbox 271 4893 1842 4976">
    <p class='ocr_par' dir='ltr' id='par_1_44' title="bbox 271 4893 1842 4976">
     <span class='ocr_line' id='line_1_44' title="bbox 271 4893 1842 4976; baseline -0.004 -19"><span class='ocrx_word' id='word_1_436' title='bbox 271 4904 517 4976; x_wconf 77' lang='grc' dir='ltr'><strong>μετιέναι</strong></span> <span class='ocrx_word' id='word_1_437' title='bbox 549 4902 820 4972; x_wconf 83' lang='grc' dir='ltr'>προσήκει</span> <span class='ocrx_word' id='word_1_438' title='bbox 858 4900 967 4954; x_wconf 82' lang='grc' dir='ltr'>τῶν</span> <span class='ocrx_word' id='word_1_439' title='bbox 1012 4899 1338 4972; x_wconf 73' lang='grc' dir='ltr'><strong>εἰρημένων,</strong></span> <span class='ocrx_word' id='word_1_440' title='bbox 1373 4899 1670 4967; x_wconf 83' lang='grc' dir='ltr'>ἀναγκαῖον</span> <span class='ocrx_word' id='word_1_441' title='bbox 1703 4893 1842 4951; x_wconf 83' lang='grc' dir='ltr'>εἶναι</span> 
     </span>
    </p>
   </div>
   <div class='ocr_carea' id='block_1_45' title="bbox 266 4988 1843 5064">
    <p class='ocr_par' dir='ltr' id='par_1_45' title="bbox 266 4988 1843 5064">
     <span class='ocr_line' id='line_1_45' title="bbox 266 4988 1843 5064; baseline -0.007 -13"><span class='ocrx_word' id='word_1_442' title='bbox 266 4996 539 5051; x_wconf 77' lang='grc' dir='ltr'>διδάσκειν</span> <span class='ocrx_word' id='word_1_443' title='bbox 584 4994 843 5064; x_wconf 77' lang='grc' dir='ltr'>οἰόμενοι,</span> <span class='ocrx_word' id='word_1_444' title='bbox 872 4990 1009 5045; x_wconf 81' lang='grc' dir='ltr'><strong>ἀλλὰ</strong></span> <span class='ocrx_word' id='word_1_445' title='bbox 1034 4991 1160 5052; x_wconf 79' lang='grc' dir='ltr'>τοὺς</span> <span class='ocrx_word' id='word_1_446' title='bbox 1188 4988 1446 5052; x_wconf 74' lang='grc' dir='ltr'>ἐπαίνους</span> <span class='ocrx_word' id='word_1_447' title='bbox 1472 4989 1581 5041; x_wconf 78' lang='grc' dir='ltr'><strong>τῶν</strong></span> <span class='ocrx_word' id='word_1_448' title='bbox 1613 4988 1843 5059; x_wconf 79' lang='grc' dir='ltr'><strong>εἰρημέ-</strong></span> 
     </span>
    </p>
   </div>
   <div class='ocr_carea' id='block_1_46' title="bbox 268 5081 1846 5159">
    <p class='ocr_par' dir='ltr' id='par_1_46' title="bbox 268 5081 1846 5159">
     <span class='ocr_line' id='line_1_46' title="bbox 268 5081 1846 5159; baseline -0.005 -16"><span class='ocrx_word' id='word_1_449' title='bbox 268 5107 380 5143; x_wconf 86' lang='grc' dir='ltr'>νων</span> <span class='ocrx_word' id='word_1_450' title='bbox 426 5089 508 5152; x_wconf 80' lang='grc' dir='ltr'><strong>εἰς</strong></span> <span class='ocrx_word' id='word_1_451' title='bbox 555 5086 651 5159; x_wconf 78' lang='grc' dir='ltr'>τὴν</span> <span class='ocrx_word' id='word_1_452' title='bbox 683 5085 777 5141; x_wconf 79' lang='grc' dir='ltr'><strong>τοῦ</strong></span> <span class='ocrx_word' id='word_1_453' title='bbox 810 5083 977 5139; x_wconf 78' lang='grc' dir='ltr'>καλοῦ</span> <span class='ocrx_word' id='word_1_454' title='bbox 1027 5081 1309 5155; x_wconf 78' lang='grc' dir='ltr'>προκοπὴν</span> <span class='ocrx_word' id='word_1_455' title='bbox 1328 5082 1437 5153; x_wconf 87' lang='grc'>(55)</span> <span class='ocrx_word' id='word_1_456' title='bbox 1472 5082 1629 5153; x_wconf 89' lang='grc' dir='ltr'>μόνον</span> <span class='ocrx_word' id='word_1_457' title='bbox 1656 5081 1846 5154; x_wconf 81' lang='grc' dir='ltr'>ἀρκεῖν</span> 
     </span>
    </p>
   </div>
   <div class='ocr_carea' id='block_1_47' title="bbox 350 5239 1844 5317">
    <p class='ocr_par' dir='ltr' id='par_1_47' title="bbox 350 5239 1844 5317">
     <span class='ocr_line' id='line_1_47' title="bbox 350 5239 1844 5317; baseline -0.005 -15"><span class='ocrx_word' id='word_1_458' title='bbox 350 5247 455 5313; x_wconf 78' lang='grc'>’50)</span> <span class='ocrx_word' id='word_1_459' title='bbox 494 5245 854 5317; x_wconf 74' lang='grc' dir='ltr'><strong>Μελιτηνῆς.</strong></span> <span class='ocrx_word' id='word_1_460' title='bbox 906 5244 1003 5317; x_wconf 70' lang='lat' dir='ltr'><strong>Sic</strong></span> <span class='ocrx_word' id='word_1_461' title='bbox 1044 5241 1344 5317; x_wconf 59' lang='lat' dir='ltr'><strong>reperimus</strong></span> <span class='ocrx_word' id='word_1_462' title='bbox 1382 5239 1435 5294; x_wconf 87' lang='lat' dir='ltr'><strong>in</strong></span> <span class='ocrx_word' id='word_1_463' title='bbox 1483 5241 1689 5295; x_wconf 87' lang='lat' dir='ltr'><strong>duobus</strong></span> <span class='ocrx_word' id='word_1_464' title='bbox 1729 5239 1844 5317; x_wconf 56' lang='lat' dir='ltr'><strong>Be-</strong></span> 
     </span>
    </p>
   </div>
   <div class='ocr_carea' id='block_1_48' title="bbox 310 5311 1842 5379">
    <p class='ocr_par' dir='ltr' id='par_1_48' title="bbox 310 5311 1842 5379">
     <span class='ocr_line' id='line_1_48' title="bbox 310 5311 1842 5379; baseline -0.001 -11"><span class='ocrx_word' id='word_1_465' title='bbox 310 5317 375 5372; x_wconf 91' lang='lat' dir='ltr'><strong>iis</strong></span> <span class='ocrx_word' id='word_1_466' title='bbox 413 5311 793 5373; x_wconf 51' lang='lat' dir='ltr'><strong>codicibus&#39;et</strong></span> <span class='ocrx_word' id='word_1_467' title='bbox 817 5311 1158 5370; x_wconf 79' lang='lat' dir='ltr'><strong>Colbertino.</strong></span> <span class='ocrx_word' id='word_1_468' title='bbox 1208 5311 1380 5365; x_wconf 84' lang='lat' dir='ltr'><strong>liabet</strong></span> <span class='ocrx_word' id='word_1_469' title='bbox 1416 5319 1645 5379; x_wconf 90' lang='lat' dir='ltr'><strong>utraque</strong></span> <span class='ocrx_word' id='word_1_470' title='bbox 1676 5312 1842 5367; x_wconf 89' lang='lat' dir='ltr'><strong>editio</strong></span> 
     </span>
    </p>
   </div>
   <div class='ocr_carea' id='block_1_49' title="bbox 1946 4260 3517 4329">
    <p class='ocr_par' dir='ltr' id='par_1_49' title="bbox 1946 4260 3517 4329">
     <span class='ocr_line' id='line_1_49' title="bbox 1946 4260 3517 4329; baseline 0.006 -17"><span class='ocrx_word' id='word_1_471' title='bbox 1946 4260 2162 4314; x_wconf 83' lang='lat' dir='ltr'><strong>virtutis</strong></span> <span class='ocrx_word' id='word_1_472' title='bbox 2194 4260 2700 4329; x_wconf 88' lang='lat' dir='ltr'><strong>contemplationem</strong></span> <span class='ocrx_word' id='word_1_473' title='bbox 2751 4262 3035 4325; x_wconf 85' lang='lat' dir='ltr'><strong>sauciavit,</strong></span> <span class='ocrx_word' id='word_1_474' title='bbox 3065 4262 3200 4317; x_wconf 90' lang='lat' dir='ltr'><strong>alios</strong></span> <span class='ocrx_word' id='word_1_475' title='bbox 3232 4264 3362 4319; x_wconf 90' lang='lat' dir='ltr'><strong>alias</strong></span> <span class='ocrx_word' id='word_1_476' title='bbox 3408 4267 3517 4321; x_wconf 84' lang='lat' dir='ltr'><strong>vir-</strong></span> 
     </span>
    </p>
   </div>
   <div class='ocr_carea' id='block_1_50' title="bbox 1949 4352 3513 4424">
    <p class='ocr_par' dir='ltr' id='par_1_50' title="bbox 1949 4352 3513 4424">
     <span class='ocr_line' id='line_1_50' title="bbox 1949 4352 3513 4424; baseline 0.003 -17"><span class='ocrx_word' id='word_1_477' title='bbox 1949 4355 2078 4408; x_wconf 87' lang='lat' dir='ltr'><strong>tutis</strong></span> <span class='ocrx_word' id='word_1_478' title='bbox 2140 4353 2347 4421; x_wconf 88' lang='lat' dir='ltr'><strong>species</strong></span> <span class='ocrx_word' id='word_1_479' title='bbox 2389 4366 2642 4407; x_wconf 79' lang='lat' dir='ltr'><strong>exercere</strong></span> <span class='ocrx_word' id='word_1_480' title='bbox 2705 4352 2759 4406; x_wconf 94' lang='lat' dir='ltr'><strong>in</strong></span> <span class='ocrx_word' id='word_1_481' title='bbox 2829 4353 3102 4418; x_wconf 82' lang='lat' dir='ltr'><strong>Ecclesia;</strong></span> <span class='ocrx_word' id='word_1_482' title='bbox 3150 4354 3239 4408; x_wconf 90' lang='lat' dir='ltr'><strong>alii</strong></span> <span class='ocrx_word' id='word_1_483' title='bbox 3297 4356 3513 4424; x_wconf 80' lang='lat' dir='ltr'><strong>quidem</strong></span> 
     </span>
    </p>
   </div>
   <div class='ocr_carea' id='block_1_51' title="bbox 1946 4443 3514 4516">
    <p class='ocr_par' dir='ltr' id='par_1_51' title="bbox 1946 4443 3514 4516">
     <span class='ocr_line' id='line_1_51' title="bbox 1946 4443 3514 4516; baseline 0.006 -21"><span class='ocrx_word' id='word_1_484' title='bbox 1946 4444 2272 4514; x_wconf 84' lang='lat' dir='ltr'><strong>virginitatis</strong></span> <span class='ocrx_word' id='word_1_485' title='bbox 2304 4443 2523 4508; x_wconf 86' lang='lat' dir='ltr'><strong>laudes;</strong></span> <span class='ocrx_word' id='word_1_486' title='bbox 2566 4443 2656 4498; x_wconf 87' lang='lat' dir='ltr'><strong>alii</strong></span> <span class='ocrx_word' id='word_1_487' title='bbox 2683 4458 2813 4498; x_wconf 84' lang='lat' dir='ltr'><strong>vero</strong></span> <span class='ocrx_word' id='word_1_488' title='bbox 2859 4460 3044 4498; x_wconf 90' lang='lat' dir='ltr'><strong>eorum</strong></span> <span class='ocrx_word' id='word_1_489' title='bbox 3087 4447 3175 4513; x_wconf 89' lang='lat' dir='ltr'><strong>qui</strong></span> <span class='ocrx_word' id='word_1_490' title='bbox 3212 4446 3431 4516; x_wconf 86' lang='lat' dir='ltr'><strong>jejuniis</strong></span> <span class='ocrx_word' id='word_1_491' title='bbox 3461 4459 3514 4504; x_wconf 90' lang='lat' dir='ltr'><strong>ct</strong></span> 
     </span>
    </p>
   </div>
   <div class='ocr_carea' id='block_1_52' title="bbox 1946 4535 3513 4606">
    <p class='ocr_par' dir='ltr' id='par_1_52' title="bbox 1946 4535 3513 4606">
     <span class='ocr_line' id='line_1_52' title="bbox 1946 4535 3513 4606; baseline 0.001 -17"><span class='ocrx_word' id='word_1_492' title='bbox 1946 4535 2280 4589; x_wconf 85' lang='lat' dir='ltr'><strong>chameuniis</strong></span> <span class='ocrx_word' id='word_1_493' title='bbox 2315 4551 2511 4606; x_wconf 91' lang='lat' dir='ltr'><strong>corpus</strong></span> <span class='ocrx_word' id='word_1_494' title='bbox 2556 4537 2844 4605; x_wconf 84' lang='lat' dir='ltr'><strong>castigant,</strong></span> <span class='ocrx_word' id='word_1_495' title='bbox 2882 4538 3158 4603; x_wconf 91' lang='lat' dir='ltr'><strong>encomia;</strong></span> <span class='ocrx_word' id='word_1_496' title='bbox 3197 4537 3286 4591; x_wconf 90' lang='lat' dir='ltr'><strong>alii</strong></span> <span class='ocrx_word' id='word_1_497' title='bbox 3338 4547 3513 4592; x_wconf 89' lang='lat' dir='ltr'><strong>autem</strong></span> 
     </span>
    </p>
   </div>
   <div class='ocr_carea' id='block_1_53' title="bbox 1947 4626 3513 4698">
    <p class='ocr_par' dir='ltr' id='par_1_53' title="bbox 1947 4626 3513 4698">
     <span class='ocr_line' id='line_1_53' title="bbox 1947 4626 3513 4698; baseline 0 -17"><span class='ocrx_word' id='word_1_498' title='bbox 1947 4626 2446 4696; x_wconf 85' lang='lat' dir='ltr'><strong>magnanimitatem</strong></span> <span class='ocrx_word' id='word_1_499' title='bbox 2493 4641 2681 4681; x_wconf 90' lang='lat' dir='ltr'><strong>eorum</strong></span> <span class='ocrx_word' id='word_1_500' title='bbox 2737 4628 3012 4690; x_wconf 86' lang='lat' dir='ltr'><strong>admirati,</strong></span> <span class='ocrx_word' id='word_1_501' title='bbox 3072 4629 3163 4698; x_wconf 88' lang='lat' dir='ltr'><strong>qui</strong></span> <span class='ocrx_word' id='word_1_502' title='bbox 3224 4628 3513 4691; x_wconf 82' lang='lat' dir='ltr'><strong>facultates</strong></span> 
     </span>
    </p>
   </div>
   <div class='ocr_carea' id='block_1_54' title="bbox 1947 4717 3517 4787">
    <p class='ocr_par' dir='ltr' id='par_1_54' title="bbox 1947 4717 3517 4787">
     <span class='ocr_line' id='line_1_54' title="bbox 1947 4717 3517 4787; baseline 0.001 -16"><span class='ocrx_word' id='word_1_503' title='bbox 1947 4717 2191 4772; x_wconf 78' lang='lat' dir='ltr'><strong>vendunt</strong></span> <span class='ocrx_word' id='word_1_504' title='bbox 2219 4727 2440 4787; x_wconf 89' lang='lat' dir='ltr'><strong>propter</strong></span> <span class='ocrx_word' id='word_1_505' title='bbox 2475 4717 2781 4781; x_wconf 89' lang='lat' dir='ltr'><strong>Dominum,</strong></span> <span class='ocrx_word' id='word_1_506' title='bbox 2803 4731 2987 4771; x_wconf 91' lang='lat' dir='ltr'><strong>eorum</strong></span> <span class='ocrx_word' id='word_1_507' title='bbox 3021 4719 3283 4786; x_wconf 67' lang='lat' dir='ltr'><strong>praeconia</strong></span> <span class='ocrx_word' id='word_1_508' title='bbox 3311 4719 3517 4787; x_wconf 78' lang='lat' dir='ltr'><strong>prolixo</strong></span> 
     </span>
    </p>
   </div>
   <div class='ocr_carea' id='block_1_55' title="bbox 1946 4807 3516 4877">
    <p class='ocr_par' dir='ltr' id='par_1_55' title="bbox 1946 4807 3516 4877">
     <span class='ocr_line' id='line_1_55' title="bbox 1946 4807 3516 4877; baseline -0.001 -13"><span class='ocrx_word' id='word_1_509' title='bbox 1946 4822 2198 4864; x_wconf 73' lang='lat' dir='ltr'><strong>sermone</strong></span> <span class='ocrx_word' id='word_1_510' title='bbox 2234 4816 2639 4877; x_wconf 85' lang='lat' dir='ltr'><strong>prosequuntur</strong></span> <span class='ocrx_word' id='word_1_511' title='bbox 2670 4825 2684 4861; x_wconf 89' lang='lat'>:</span> <span class='ocrx_word' id='word_1_512' title='bbox 2711 4821 2819 4860; x_wconf 89' lang='lat' dir='ltr'><strong>non</strong></span> <span class='ocrx_word' id='word_1_513' title='bbox 2870 4807 3143 4875; x_wconf 87' lang='lat' dir='ltr'><strong>quomodo</strong></span> <span class='ocrx_word' id='word_1_514' title='bbox 3182 4808 3516 4877; x_wconf 91' lang='lat' dir='ltr'><strong>unumquod-</strong></span> 
     </span>
    </p>
   </div>
   <div class='ocr_carea' id='block_1_56' title="bbox 1948 4897 3515 4968">
    <p class='ocr_par' dir='ltr' id='par_1_56' title="bbox 1948 4897 3515 4968">
     <span class='ocr_line' id='line_1_56' title="bbox 1948 4897 3515 4968; baseline 0.001 -17"><span class='ocrx_word' id='word_1_515' title='bbox 1948 4914 2053 4968; x_wconf 88' lang='lat' dir='ltr'><strong>que</strong></span> <span class='ocrx_word' id='word_1_516' title='bbox 2085 4913 2298 4962; x_wconf 90' lang='lat' dir='ltr'><strong>eorum,</strong></span> <span class='ocrx_word' id='word_1_517' title='bbox 2331 4913 2451 4968; x_wconf 60' lang='lat' dir='ltr'><strong>quae</strong></span> <span class='ocrx_word' id='word_1_518' title='bbox 2481 4898 2737 4962; x_wconf 75' lang='lat' dir='ltr'><strong>diximus,</strong></span> <span class='ocrx_word' id='word_1_519' title='bbox 2772 4897 3126 4952; x_wconf 64' lang='lat' dir='ltr'><strong>excolendum</strong></span> <span class='ocrx_word' id='word_1_520' title='bbox 3148 4900 3237 4965; x_wconf 87' lang='lat' dir='ltr'><strong>sit,</strong></span> <span class='ocrx_word' id='word_1_521' title='bbox 3262 4914 3515 4955; x_wconf 88' lang='lat' dir='ltr'><strong>necessa-</strong></span> 
     </span>
    </p>
   </div>
   <div class='ocr_carea' id='block_1_57' title="bbox 1949 4991 3519 5055">
    <p class='ocr_par' dir='ltr' id='par_1_57' title="bbox 1949 4991 3519 5055">
     <span class='ocr_line' id='line_1_57' title="bbox 1949 4991 3519 5055; baseline 0 -7"><span class='ocrx_word' id='word_1_522' title='bbox 1949 4993 2088 5048; x_wconf 88' lang='lat' dir='ltr'><strong>rium</strong></span> <span class='ocrx_word' id='word_1_523' title='bbox 2150 4992 2523 5047; x_wconf 82' lang='lat' dir='ltr'><strong>existimantes</strong></span> <span class='ocrx_word' id='word_1_524' title='bbox 2573 4992 2787 5055; x_wconf 86' lang='lat' dir='ltr'><strong>docere,</strong></span> <span class='ocrx_word' id='word_1_525' title='bbox 2839 4991 2932 5044; x_wconf 91' lang='lat' dir='ltr'><strong>sed</strong></span> <span class='ocrx_word' id='word_1_526' title='bbox 2973 4991 3118 5047; x_wconf 88' lang='lat' dir='ltr'><strong>solas</strong></span> <span class='ocrx_word' id='word_1_527' title='bbox 3158 4992 3339 5048; x_wconf 88' lang='lat' dir='ltr'><strong>laudes</strong></span> <span class='ocrx_word' id='word_1_528' title='bbox 3385 4994 3519 5049; x_wconf 89' lang='lat' dir='ltr'><strong>satis</strong></span> 
     </span>
    </p>
   </div>
   <div class='ocr_carea' id='block_1_58' title="bbox 1950 5080 3515 5152">
    <p class='ocr_par' dir='ltr' id='par_1_58' title="bbox 1950 5080 3515 5152">
     <span class='ocr_line' id='line_1_58' title="bbox 1950 5080 3515 5152; baseline 0.002 -14"><span class='ocrx_word' id='word_1_529' title='bbox 1950 5097 2071 5138; x_wconf 92' lang='lat' dir='ltr'><strong>esse</strong></span> <span class='ocrx_word' id='word_1_530' title='bbox 2119 5081 2185 5135; x_wconf 90' lang='lat' dir='ltr'><strong>ad</strong></span> <span class='ocrx_word' id='word_1_531' title='bbox 2247 5081 2465 5136; x_wconf 84' lang='lat' dir='ltr'><strong>virtutis</strong></span> <span class='ocrx_word' id='word_1_532' title='bbox 2506 5080 2805 5152; x_wconf 82' lang='lat' dir='ltr'><strong>profectum</strong></span> <span class='ocrx_word' id='word_1_533' title='bbox 2843 5080 3124 5136; x_wconf 91' lang='lat' dir='ltr'><strong>ducentes.</strong></span> <span class='ocrx_word' id='word_1_534' title='bbox 3166 5081 3279 5152; x_wconf 83' lang='lat' dir='ltr'><strong>Ego</strong></span> <span class='ocrx_word' id='word_1_535' title='bbox 3332 5096 3515 5141; x_wconf 86' lang='lat' dir='ltr'><strong>autem</strong></span> 
     </span>
    </p>
   </div>
   <div class='ocr_carea' id='block_1_59' title="bbox 1943 5239 3151 5316">
    <p class='ocr_par' dir='ltr' id='par_1_59' title="bbox 1943 5239 3151 5316">
     <span class='ocr_line' id='line_1_59' title="bbox 1943 5239 3151 5316; baseline 0.002 -21"><span class='ocrx_word' id='word_1_536' title='bbox 1943 5239 2239 5316; x_wconf 61' lang='lat' dir='ltr'><strong>Mo§_unus</strong></span> <span class='ocrx_word' id='word_1_537' title='bbox 2268 5255 2333 5295; x_wconf 76' lang='lat' dir='ltr'><strong>ex</strong></span> <span class='ocrx_word' id='word_1_538' title='bbox 2378 5241 2573 5309; x_wconf 81' lang='lat' dir='ltr'><strong>Regiis,</strong></span> <span class='ocrx_word' id='word_1_539' title='bbox 2602 5243 2660 5316; x_wconf 77' lang='grc' dir='ltr'>ὲν</span> <span class='ocrx_word' id='word_1_540' title='bbox 2682 5244 2800 5316; x_wconf 64' lang='lat' dir='ltr'><strong>rei;</strong></span> <span class='ocrx_word' id='word_1_541' title='bbox 2818 5242 3151 5316; x_wconf 75' lang='grc' dir='ltr'>ἐκκλησίαις.</span> 
     </span>
    </p>
   </div>
   <div class='ocr_carea' id='block_1_60' title="bbox 2014 5310 3515 5397">
    <p class='ocr_par' dir='ltr' id='par_1_60' title="bbox 2014 5310 3515 5397">
     <span class='ocr_line' id='line_1_60' title="bbox 2014 5310 3515 5397; baseline 0.002 -32"><span class='ocrx_word' id='word_1_542' title='bbox 2014 5310 2129 5383; x_wconf 87' lang='grc'>(55)</span> <span class='ocrx_word' id='word_1_543' title='bbox 2156 5311 2717 5397; x_wconf 23' lang='grc' dir='ltr'><strong>,Εὶςῖηϋπροκοπήπ</strong></span> <span class='ocrx_word' id='word_1_544' title='bbox 2734 5310 3018 5397; x_wconf 39' lang='lat' dir='ltr'><strong>‘Legitur&#39;,</strong></span> <span class='ocrx_word' id='word_1_545' title='bbox 3045 5313 3251 5397; x_wconf 60' lang='grc' dir='ltr'><strong>ιξιῖρὸς.ιζ</strong></span> <span class='ocrx_word' id='word_1_546' title='bbox 3282 5330 3515 5397; x_wconf 74' lang='grc' dir='ltr'>προτρο-</span> 
     </span>
    </p>
   </div>
   <div class='ocr_carea' id='block_1_61' title="bbox 321 5380 3514 5504">
    <p class='ocr_par' dir='ltr' id='par_1_61' title="bbox 321 5380 3514 5504">
     <span class='ocr_line' id='line_1_61' title="bbox 321 5380 3514 5504; baseline 0 -67"><span class='ocrx_word' id='word_1_547' title='bbox 321 5400 479 5441; x_wconf 82' lang='lat' dir='ltr'><strong>enela</strong></span> <span class='ocrx_word' id='word_1_548' title='bbox 517 5396 573 5441; x_wconf 89' lang='lat' dir='ltr'><strong>et</strong></span> <span class='ocrx_word' id='word_1_549' title='bbox 608 5385 955 5448; x_wconf 87' lang='lat' dir='ltr'><strong>Parisiensis,</strong></span> <span class='ocrx_word' id='word_1_550' title='bbox 988 5382 1251 5504; x_wconf 53' lang='grc' dir='ltr'><strong>Μελίτῃς.</strong></span> <span class='ocrx_word' id='word_1_551' title='bbox 1285 5380 1377 5435; x_wconf 74' lang='lat' dir='ltr'><strong>Sic</strong></span> <span class='ocrx_word' id='word_1_552' title='bbox 1416 5382 1576 5434; x_wconf 87' lang='lat' dir='ltr'><strong>etiam</strong></span> <span class='ocrx_word' id='word_1_553' title='bbox 1610 5395 1747 5434; x_wconf 89' lang='lat' dir='ltr'><strong>unus</strong></span> <span class='ocrx_word' id='word_1_554' title='bbox 1773 5396 1838 5434; x_wconf 83' lang='lat' dir='ltr'><strong>ex</strong></span> <span class='ocrx_word' id='word_1_555' title='bbox 1943 5380 2073 5453; x_wconf 85' lang='grc' dir='ltr'>πήν.</span> <span class='ocrx_word' id='word_1_556' title='bbox 2099 5380 2168 5434; x_wconf 71' lang='lat' dir='ltr'><strong>ad</strong></span> <span class='ocrx_word' id='word_1_557' title='bbox 2206 5381 2412 5435; x_wconf 75' lang='lat' dir='ltr'><strong>uirtutis</strong></span> <span class='ocrx_word' id='word_1_558' title='bbox 2442 5382 2860 5450; x_wconf 76' lang='lat' dir='ltr'><strong>incitamentum,</strong></span> <span class='ocrx_word' id='word_1_559' title='bbox 2899 5384 2951 5437; x_wconf 92' lang='lat' dir='ltr'><strong>in</strong></span> <span class='ocrx_word' id='word_1_560' title='bbox 2994 5380 3178 5438; x_wconf 82' lang='lat' dir='ltr'><strong>tribus</strong></span> <span class='ocrx_word' id='word_1_561' title='bbox 3211 5380 3394 5453; x_wconf 82' lang='lat' dir='ltr'><strong>Regiis</strong></span> <span class='ocrx_word' id='word_1_562' title='bbox 3423 5380 3514 5440; x_wconf 79' lang='lat' dir='ltr'><strong>co-</strong></span> 
     </span>
     <span class='ocr_line' id='line_1_62' title="bbox 321 5448 3514 5504; baseline 0 0"><span class='ocrx_word' id='word_1_563' title='bbox 321 5457 463 5504; x_wconf 18' lang='lat' dir='ltr'><strong>regiis</strong></span> <span class='ocrx_word' id='word_1_564' title='bbox 494 5457 790 5504; x_wconf 82' lang='lat' dir='ltr'><strong>codicibus.</strong></span> <span class='ocrx_word' id='word_1_565' title='bbox 837 5455 949 5504; x_wconf 85' lang='lat' dir='ltr'><strong>Duo</strong></span> <span class='ocrx_word' id='word_1_566' title='bbox 985 5453 1074 5504; x_wconf 87' lang='lat' dir='ltr'><strong>alii</strong></span> <span class='ocrx_word' id='word_1_567' title='bbox 1105 5453 1163 5504; x_wconf 91' lang='lat' dir='ltr'><strong>iti</strong></span> <span class='ocrx_word' id='word_1_568' title='bbox 1204 5466 1288 5503; x_wconf 92' lang='lat' dir='ltr'><strong>em</strong></span> <span class='ocrx_word' id='word_1_569' title='bbox 1321 5448 1844 5504; x_wconf 66' lang='grc' dir='ltr'><strong>Ιίεαίἰ.Μελιτινῆς.</strong></span> <span class='ocrx_word' id='word_1_570' title='bbox 1950 5451 2159 5504; x_wconf 88' lang='lat' dir='ltr'><strong>dicibus</strong></span> <span class='ocrx_word' id='word_1_571' title='bbox 2209 5460 2265 5504; x_wconf 91' lang='lat' dir='ltr'><strong>et</strong></span> <span class='ocrx_word' id='word_1_572' title='bbox 2311 5449 2639 5504; x_wconf 87' lang='lat' dir='ltr'><strong>Colbertino.</strong></span> <span class='ocrx_word' id='word_1_573' title='bbox 2697 5452 2828 5504; x_wconf 74' lang='lat' dir='ltr'><strong>Ouae</strong></span> <span class='ocrx_word' id='word_1_574' title='bbox 2880 5453 3145 5504; x_wconf 76' lang='lat' dir='ltr'><strong>scriptura</strong></span> <span class='ocrx_word' id='word_1_575' title='bbox 3195 5452 3295 5504; x_wconf 88' lang='lat' dir='ltr'><strong>etsi</strong></span> <span class='ocrx_word' id='word_1_576' title='bbox 3343 5455 3514 5504; x_wconf 81' lang='lat' dir='ltr'><strong>prima</strong></span> 
     </span>
    </p>
   </div>
   <div class='ocr_carea' id='block_1_62' title="bbox 276 5448 1844 5529">
    <p class='ocr_par' dir='ltr' id='par_1_62' title="bbox 276 5448 1844 5529">
     <span class='ocr_line' id='line_1_63' title="bbox 276 5448 1844 5529; baseline -0.005 -18"><span class='ocrx_word' id='word_1_577' title='bbox 276 5454 463 5529; x_wconf 66' lang='lat' dir='ltr'><strong>Regiis</strong></span> <span class='ocrx_word' id='word_1_578' title='bbox 494 5457 790 5529; x_wconf 84' lang='lat' dir='ltr'><strong>codicibus.</strong></span> <span class='ocrx_word' id='word_1_579' title='bbox 821 5455 949 5529; x_wconf 82' lang='lat' dir='ltr'><strong>_Dn_o</strong></span> <span class='ocrx_word' id='word_1_580' title='bbox 985 5448 1288 5529; x_wconf 79' lang='lat' dir='ltr'><strong>ai_ii___it_ide_m</strong></span> <span class='ocrx_word' id='word_1_581' title='bbox 1321 5449 1507 5529; x_wconf 67' lang='lat' dir='ltr'><strong>Begii,</strong></span> <span class='ocrx_word' id='word_1_582' title='bbox 1528 5448 1844 5529; x_wconf 52' lang='grc' dir='ltr'><strong>Μεᾉιῖινῆς.</strong></span> 
     </span>
    </p>
   </div>
   <div class='ocr_carea' id='block_1_63' title="bbox 349 5519 1846 5595">
    <p class='ocr_par' dir='ltr' id='par_1_63' title="bbox 349 5519 1846 5595">
     <span class='ocr_line' id='line_1_64' title="bbox 349 5519 1846 5595; baseline -0.003 -17"><span class='ocrx_word' id='word_1_583' title='bbox 349 5519 462 5595; x_wconf 78' lang='grc'>(51)</span> <span class='ocrx_word' id='word_1_584' title='bbox 498 5527 778 5595; x_wconf 70' lang='grc' dir='ltr'>Νυμφιον</span> <span class='ocrx_word' id='word_1_585' title='bbox 801 5524 990 5595; x_wconf 75' lang='grc' dir='ltr'><strong>ἡμῶν.</strong></span> <span class='ocrx_word' id='word_1_586' title='bbox 1012 5522 1192 5595; x_wconf 78' lang='lat' dir='ltr'><strong>Editio</strong></span> <span class='ocrx_word' id='word_1_587' title='bbox 1220 5519 1540 5595; x_wconf 66' lang='lat' dir='ltr'><strong>Parisiensis</strong></span> <span class='ocrx_word' id='word_1_588' title='bbox 1566 5520 1733 5587; x_wconf 87' lang='lat' dir='ltr'><strong>addit,</strong></span> <span class='ocrx_word' id='word_1_589' title='bbox 1754 5519 1846 5595; x_wconf 66' lang='grc' dir='ltr'>τον</span> 
     </span>
    </p>
   </div>
   <div class='ocr_carea' id='block_1_64' title="bbox 273 5585 1847 5677">
    <p class='ocr_par' dir='ltr' id='par_1_64' title="bbox 273 5585 1847 5677">
     <span class='ocr_line' id='line_1_65' title="bbox 273 5585 1847 5677; baseline -0.004 -25"><span class='ocrx_word' id='word_1_590' title='bbox 273 5585 564 5676; x_wconf 70' lang='grc' dir='ltr'>ἁοᾷνατον.</span> <span class='ocrx_word' id='word_1_591' title='bbox 586 5585 1086 5677; x_wconf 51' lang='grc' dir='ltr'><strong>’δέἀηιιαιὲμᾳεξιιηι</strong></span> <span class='ocrx_word' id='word_1_592' title='bbox 1122 5591 1176 5647; x_wconf 86' lang='lat' dir='ltr'><strong>in</strong></span> <span class='ocrx_word' id='word_1_593' title='bbox 1209 5589 1451 5646; x_wconf 76' lang='lat' dir='ltr'><strong>editione</strong></span> <span class='ocrx_word' id='word_1_594' title='bbox 1473 5585 1676 5644; x_wconf 81' lang='lat' dir='ltr'><strong>Veneta</strong></span> <span class='ocrx_word' id='word_1_595' title='bbox 1709 5585 1763 5645; x_wconf 85' lang='lat' dir='ltr'><strong>et</strong></span> <span class='ocrx_word' id='word_1_596' title='bbox 1793 5592 1847 5645; x_wconf 86' lang='lat' dir='ltr'><strong>in</strong></span> 
     </span>
    </p>
   </div>
   <div class='ocr_carea' id='block_1_65' title="bbox 277 5664 1842 5808">
    <p class='ocr_par' dir='ltr' id='par_1_65' title="bbox 277 5664 1842 5808">
     <span class='ocr_line' id='line_1_66' title="bbox 277 5664 1011 5733; baseline 0.001 -16"><span class='ocrx_word' id='word_1_597' title='bbox 277 5666 406 5733; x_wconf 82' lang='lat' dir='ltr'><strong>quin</strong></span> <span class='ocrx_word' id='word_1_598' title='bbox 450 5683 516 5720; x_wconf 85' lang='lat' dir='ltr'><strong>ue</strong></span> <span class='ocrx_word' id='word_1_599' title='bbox 551 5665 822 5718; x_wconf 84' lang='lat' dir='ltr'><strong>veteribus</strong></span> <span class='ocrx_word' id='word_1_600' title='bbox 862 5664 1011 5718; x_wconf 85' lang='lat' dir='ltr'><strong>libris</strong></span> 
     </span>
     <span class='ocr_line' id='line_1_67' title="bbox 350 5681 1842 5808; baseline -0.002 -20"><span class='ocrx_word' id='word_1_601' title='bbox 350 5681 465 5808; x_wconf 68' lang='grc' dir='ltr'>(ὂὲ)</span> <span class='ocrx_word' id='word_1_602' title='bbox 503 5736 644 5805; x_wconf 78' lang='grc' dir='ltr'><strong>Πιφ’</strong></span> <span class='ocrx_word' id='word_1_603' title='bbox 670 5732 899 5801; x_wconf 67' lang='grc' dir='ltr'>ἄλλοις.</span> <span class='ocrx_word' id='word_1_604' title='bbox 928 5722 1061 5791; x_wconf 77' lang='lat' dir='ltr'><strong>Tres</strong></span> <span class='ocrx_word' id='word_1_605' title='bbox 1086 5731 1299 5790; x_wconf 88' lang='lat' dir='ltr'><strong>codices</strong></span> <span class='ocrx_word' id='word_1_606' title='bbox 1339 5743 1491 5795; x_wconf 67' lang='lat' dir='ltr'><strong>mss,</strong></span> <span class='ocrx_word' id='word_1_607' title='bbox 1523 5729 1610 5783; x_wconf 72' lang='grc' dir='ltr'><strong>ἐπ’</strong></span> <span class='ocrx_word' id='word_1_608' title='bbox 1641 5727 1842 5794; x_wconf 74' lang='grc' dir='ltr'>ἄλλοις.</span> 
     </span>
    </p>
   </div>
   <div class='ocr_carea' id='block_1_66' title="bbox 1950 5449 3515 5522">
    <p class='ocr_par' dir='ltr' id='par_1_66' title="bbox 1950 5449 3515 5522">
     <span class='ocr_line' id='line_1_68' title="bbox 1950 5449 3515 5522; baseline 0.003 -18"><span class='ocrx_word' id='word_1_609' title='bbox 1950 5449 2159 5522; x_wconf 75' lang='lat' dir='ltr'><strong>dicibus</strong></span> <span class='ocrx_word' id='word_1_610' title='bbox 2209 5460 2267 5522; x_wconf 83' lang='lat' dir='ltr'><strong>et</strong></span> <span class='ocrx_word' id='word_1_611' title='bbox 2311 5449 2639 5506; x_wconf 89' lang='lat' dir='ltr'><strong>Colbertino.</strong></span> <span class='ocrx_word' id='word_1_612' title='bbox 2684 5449 2851 5522; x_wconf 59' lang='lat' dir='ltr'><strong>Qua!</strong></span> <span class='ocrx_word' id='word_1_613' title='bbox 2880 5453 3145 5522; x_wconf 88' lang='lat' dir='ltr'><strong>scriptura</strong></span> <span class='ocrx_word' id='word_1_614' title='bbox 3195 5449 3319 5509; x_wconf 63' lang='lat' dir='ltr'><strong>etsi&#39;</strong></span> <span class='ocrx_word' id='word_1_615' title='bbox 3343 5455 3515 5522; x_wconf 81' lang='lat' dir='ltr'><strong>prima</strong></span> 
     </span>
    </p>
   </div>
   <div class='ocr_carea' id='block_1_67' title="bbox 1952 5519 3515 5590">
    <p class='ocr_par' dir='ltr' id='par_1_67' title="bbox 1952 5519 3515 5590">
     <span class='ocr_line' id='line_1_69' title="bbox 1952 5519 3515 5590; baseline 0.001 -15"><span class='ocrx_word' id='word_1_616' title='bbox 1952 5520 2137 5590; x_wconf 23' lang='lat' dir='ltr'><strong>specie,</strong></span> <span class='ocrx_word' id='word_1_617' title='bbox 2168 5519 2301 5590; x_wconf 86' lang='lat' dir='ltr'><strong>satis</strong></span> <span class='ocrx_word' id='word_1_618' title='bbox 2333 5523 2612 5574; x_wconf 87' lang='lat' dir='ltr'><strong>commoda</strong></span> <span class='ocrx_word' id='word_1_619' title='bbox 2644 5520 2876 5585; x_wconf 79' lang='lat' dir='ltr'><strong>videtur,</strong></span> <span class='ocrx_word' id='word_1_620' title='bbox 2915 5519 3048 5576; x_wconf 84' lang='lat' dir='ltr'><strong>nihil</strong></span> <span class='ocrx_word' id='word_1_621' title='bbox 3083 5532 3259 5578; x_wconf 89' lang='lat' dir='ltr'><strong>tamen</strong></span> <span class='ocrx_word' id='word_1_622' title='bbox 3298 5519 3515 5578; x_wconf 59' lang='lat' dir='ltr'><strong>m&#39;utan-</strong></span> 
     </span>
    </p>
   </div>
   <div class='ocr_carea' id='block_1_68' title="bbox 1957 5589 3500 5662">
    <p class='ocr_par' dir='ltr' id='par_1_68' title="bbox 1957 5589 3500 5662">
     <span class='ocr_line' id='line_1_70' title="bbox 1957 5589 3500 5662; baseline 0.003 -18"><span class='ocrx_word' id='word_1_623' title='bbox 1957 5589 2083 5662; x_wconf 85' lang='lat' dir='ltr'><strong>dum</strong></span> <span class='ocrx_word' id='word_1_624' title='bbox 2110 5589 2415 5662; x_wconf 78' lang='lat' dir='ltr'><strong>duxi._qu_ia</strong></span> <span class='ocrx_word' id='word_1_625' title='bbox 2454 5590 2662 5644; x_wconf 84' lang='lat' dir='ltr'><strong>auctori</strong></span> <span class='ocrx_word' id='word_1_626' title='bbox 2713 5590 2870 5662; x_wconf 84' lang='lat' dir='ltr'><strong>hujus</strong></span> <span class='ocrx_word' id='word_1_627' title='bbox 2902 5594 3083 5660; x_wconf 87' lang='lat' dir='ltr'><strong>operis</strong></span> <span class='ocrx_word' id='word_1_628' title='bbox 3111 5608 3215 5646; x_wconf 92' lang='lat' dir='ltr'><strong>non</strong></span> <span class='ocrx_word' id='word_1_629' title='bbox 3250 5603 3356 5648; x_wconf 91' lang='lat' dir='ltr'><strong>tam</strong></span> <span class='ocrx_word' id='word_1_630' title='bbox 3390 5609 3500 5662; x_wconf 84' lang='lat' dir='ltr'><strong>pro-</strong></span> 
     </span>
    </p>
   </div>
   <div class='ocr_carea' id='block_1_69' title="bbox 1949 5658 3515 5742">
    <p class='ocr_par' dir='ltr' id='par_1_69' title="bbox 1949 5658 3515 5742">
     <span class='ocr_line' id='line_1_71' title="bbox 1949 5658 3515 5742; baseline 0.003 -29"><span class='ocrx_word' id='word_1_631' title='bbox 1949 5658 2277 5742; x_wconf 42' lang='lat' dir='ltr'><strong>positum&#39;ad</strong></span> <span class='ocrx_word' id='word_1_632' title='bbox 2317 5660 2569 5742; x_wconf 69' lang='lat' dir='ltr'><strong>virtutem</strong></span> <span class='ocrx_word' id='word_1_633' title='bbox 2613 5658 3065 5742; x_wconf 83' lang='lat' dir='ltr'><strong>amplectendam</strong></span> <span class='ocrx_word' id='word_1_634' title='bbox 3094 5662 3318 5742; x_wconf 73' lang='lat' dir='ltr'><strong>hortari.</strong></span> <span class='ocrx_word' id='word_1_635' title='bbox 3356 5658 3515 5733; x_wconf 74' lang='lat' dir='ltr'><strong>quam</strong></span> 
     </span>
    </p>
   </div>
   <div class='ocr_carea' id='block_1_70' title="bbox 1925 5727 3287 5810">
    <p class='ocr_par' dir='ltr' id='par_1_70' title="bbox 1925 5727 3287 5810">
     <span class='ocr_line' id='line_1_72' title="bbox 1925 5727 3287 5810; baseline 0.002 -25"><span class='ocrx_word' id='word_1_636' title='bbox 1925 5727 2039 5810; x_wconf 76' lang='lat' dir='ltr'><strong>iis,</strong></span> <span class='ocrx_word' id='word_1_637' title='bbox 2070 5728 2159 5798; x_wconf 92' lang='lat' dir='ltr'><strong>qui</strong></span> <span class='ocrx_word' id='word_1_638' title='bbox 2184 5729 2294 5799; x_wconf 85' lang='lat' dir='ltr'><strong>jam</strong></span> <span class='ocrx_word' id='word_1_639' title='bbox 2322 5727 2549 5798; x_wconf 78' lang='lat' dir='ltr'><strong>amplexi</strong></span> <span class='ocrx_word' id='word_1_640' title='bbox 2581 5727 2726 5797; x_wconf 75' lang='lat' dir='ltr'><strong>sunt,</strong></span> <span class='ocrx_word' id='word_1_641' title='bbox 2751 5742 3017 5803; x_wconf 62' lang='lat' dir='ltr'><strong>priet-cpta</strong></span> <span class='ocrx_word' id='word_1_642' title='bbox 3054 5733 3287 5790; x_wconf 85' lang='lat' dir='ltr'><strong>tradere.</strong></span> 
     </span>
    </p>
   </div>
  </div>
