3810 6214
290 241 386 295 (ἴτ’
1256 256 1604 310 APPENDIX
1638 257 1921 314 OPEltUM
1960 259 2019 315 S.
2060 249 2305 314 BASILII
2346 256 2579 313 MAGNI.

3450 251 3569 305 673

298 357 416 422 tibi,
461 361 730 416 unanimis
764 364 890 417 mihi
928 364 1069 420 inter
1103 366 1383 438 episcenos
1413 371 1584 437 Letoi,
1620 388 1727 428 non
1761 373 1862 429 vir-

1991 374 2327 446 .ογιζόμενοι.
2379 374 2521 443 Ἐγὼ
2566 373 2622 427 δέ
2657 391 2761 440 σοι,
2808 372 3123 428 ἐπισκόπων
3163 367 3407 441 ὁμὸψυχε
3444 368 3566 439 Λη-

294 448 542 518 ginitatis
595 451 829 518 laudem,
862 470 969 510 non
999 461 1347 515 vendentium
1380 462 1671 520 facultates
1706 481 1871 521 enco-

294 540 484 607 mium,
523 552 617 596 aut
662 544 882 613 jejuniis
931 563 1130 620 corpus
1157 556 1550 610 macerantium
1577 561 1865 628 praeconia,

293 630 389 683 sed
419 631 546 699 quid
579 639 1001 708 unumquodque
1033 643 1227 698 horum
1269 646 1362 710 sit,
1398 656 1453 702 et
1478 652 1746 718 quomodo
1775 668 1872 707 ex-

292 720 498 775 cultum
524 725 589 777 ad
619 741 802 781 veram
842 731 1098 787 virtutem
1130 736 1397 803 conferat,
1431 740 1578 795 velut
1605 742 1659 797 in
1686 744 1870 812 aprico

291 827 560 881 exponere
608 817 661 871 in
716 821 953 878 animum
1011 824 1242 882 induxi:
1276 845 1379 884 non
1425 832 1675 901 equidem
1725 842 1870 901 utte

286 905 610 976 jampridem
681 911 870 967 horum
941 914 1349 989 intelligentiam
1406 935 1744 990 assecutum,
1796 926 1867 982 ad

292 998 424 1050 recti
473 1006 528 1051 ct
573 1000 785 1055 honesti
821 1006 1321 1064 considerationem
1361 1011 1415 1065 in
1447 1016 1868 1084 contemplanda

290 1090 551 1144 virtutum
590 1093 901 1149 discrimine
936 1099 1233 1167 adducam;
1268 1104 1359 1157 sed
1408 1114 1467 1159 ul.
1528 1122 1632 1160 una
1691 1115 1864 1162 tecum

290 1178 589 1246 explanatis
629 1172 860 1251 singula,
891 1188 1038 1255 quali
1080 1189 1189 1243 sint
1229 1202 1442 1254 natura.
1468 1211 1573 1249 non
1602 1194 1667 1251 iis
1692 1197 1865 1252 solum

291 1270 380 1337 qui
416 1286 444 1322 a
483 1279 534 1324 te
568 1286 853 1343 reguntur,
879 1280 1101 1347 jamque
1139 1282 1272 1336 recti
1305 1292 1359 1337 et
1386 1284 1595 1339 honeSIi
1623 1301 1864 1341 amorem

290 1374 386 1428 per
415 1371 464 1415 te
500 1366 789 1432 genuinum
820 1379 1037 1437 pectore
1079 1385 1466 1441 conceperunt,
1500 1378 1592 1430 sed
1619 1387 1672 1431 et
1708 1389 1868 1432 caete-

288 1453 366 1505 ris
394 1456 482 1537 qui
513 1459 625 1511 haec
670 1459 870 1529 legent,
898 1463 1044 1516 velut
1085 1463 1139 1517 in
1188 1465 1383 1519 tabella
1422 1468 1689 1537 depictam
1720 1485 1862 1525 veras

288 1533 621 1612 virginitatis
681 1550 1166 1620 pulchritudinem,
1213 1533 1577 1625 quomodo—et
1626 1560 1767 1615 unde
1811 1570 1867 1616 et

292 1637 548 1704 qualibus
593 1641 813 1697 virtutis
853 1646 1129 1701 coloribus
1167 1660 1412 1713 ornetur,
1449 1660 1707 1706 accurate
1752 1653 1867 1707 edi-

1971 469 2103 531 τόῖε,
2149 467 2271 536 οὐχ).
2303 464 2597 537 παρθενίας
2628 463 2817 535 ὕμνον,
2850 464 2970 518 οὐδὲ
3003 462 3111 516 τῶν
3137 462 3205 515 τὰ
3234 460 3565 530 ὑπάρχοντα.

1972 554 2393 626 πιπρασκόντων
2439 551 2800 624 ἐγκώμιον,ἢ
2845 552 2953 607 τῶν
2995 551 3271 622 νηστείαις
3311 564 3565 619 κατατη-

1971 645 2176 699 κόντων
2206 644 2273 698 τὰ
2307 643 2537 717 σώματα
2567 644 2807 710 ἔπαινον,
2833 645 2969 699 ἀλλὰ
2993 643 3047 697 τί
3067 642 3274 697 τούτων
3295 641 3553 703 ἕκαστον,

1971 738 2066 791 καὶ
2097 737 2214 801 πῶς
2246 736 2676 810 κατορθούμενον
2709 738 2846 810 πρὸς
2867 737 2967 809 τὴν
2997 738 3163 801 ὅντως
3192 736 3395 806 ἀρετὴν
3423 750 3555 786 συν-

1969 832 2136 895 τελεῖ,
2168 830 2358 901 ὥσπερ
2391 832 2448 884 ἐν
2477 830 2664 903 αἰθρίᾳ
2695 829 2957 895 ἐπιδεῖξαι
2991 826 3410 900 προεθυμήθηνο
3450 825 3552 893 οὐχ

1970 920 2056 974 ἵνα
2081 939 2138 974 σε
2171 921 2634 993 προλαϐόνταβά)
2658 921 2862 976 τούτων
2884 920 2982 991 τὴν
3006 919 3240 983 σύνεσιν,
3274 917 3414 987 πρὸς
3445 916 3548 986 τὴν

1968 1011 2063 1065 τοῦ
2101 1012 2264 1066 καλοῦ
2300 1012 2624 1082 κατανόησιν
2671 1015 2728 1067 ἐν
2773 1014 2840 1084 τῇ
2891 1011 3096 1082 θεωρίᾳ
3138 1009 3241 1079 τῆς
3276 1008 3549 1078 διαφορᾶς

1967 1102 2076 1156 τῶν
2108 1103 2316 1175 ἀρετῶν
2359 1104 2471 1175 (55)
2510 1106 2820 1176 ἐπιστήσω·
2856 1104 2969 1158 ἀλλ’
3018 1104 3082 1157 ἵν’
3126 1102 3244 1173 ἅμα
3274 1120 3358 1156 σοι
3386 1102 3544 1171 διαρ-

1970 1192 2114 1263 θρῶν
2149 1193 2399 1259 ἕκαστον,
2438 1188 2549 1247 οἷόν
2582 1211 2633 1246 τι
2664 1195 2764 1265 τὴν
2795 1194 2954 1263 φύσιν
2979 1193 3151 1258 ἐστὶν,
3180 1193 3243 1247 οὐ
3289 1192 3416 1255 τοὺς
3443 1190 3555 1245 ὑπὸ

1971 1284 2067 1338 σοῦ
2104 1284 2261 1355 μόνον
2292 1284 2470 1356 ἔρωτα
2502 1284 2596 1339 τοῦ
2631 1285 2798 1339 καλοῦ
2837 1284 3020 1339 λοιπὸν
3056 1283 3146 1337 διὰ
3179 1284 3238 1337 σὲ
3269 1282 3384 1353 ('56)
3413 1282 3551 1353 γνή-

1970 1392 2082 1430 σιον
2134 1377 2191 1430 ἐν
2233 1376 2474 1447 στέρνοις
2516 1376 2801 1441 λαϐόντας,
2838 1375 2975 1431 ἀλλὰ
3010 1376 3103 1429 καὶ
3146 1377 3273 1438 τοὺς
3323 1373 3552 1436 λοιποὺς

1966 1464 2076 1517 τῶν
2109 1463 2563 1534 ἐντυγχανόντων,
2589 1464 2839 1535 καθάπερ
2859 1465 2916 1516 ἐν
2942 1463 3127 1516 πίνακι
3151 1475 3549 1532 χρωματογρα-

1969 1555 2140 1628 φηθὲν
2163 1557 2260 1627 τῆς
2284 1556 2451 1620 ὅντως
2473 1556 2770 1628 παρθενίας
2785 1557 2846 1609 τὸ
2867 1555 3082 1619 κάλλος,
3104 1553 3222 1618 πῶς
3243 1553 3337 1607 καὶ
3358 1551 3547 1637 ποθεν,

1970 1647 2067 1703 καὶ
2099 1647 2273 1711 ποίοις
2303 1648 2412 1701 τισὶ
2459 1646 2745 1719 χρώμασιν
2788 1649 2990 1720 ἀρετῆς
3032 1647 3193 1701 τοῦτο
3235 1648 3548 1718 κοσμεῖται,

288 1730 546 1783 scendam
581 1733 863 1800 exhibens,
901 1738 1067 1793 tutius
1092 1755 1526 1810 unumquemque
1553 1754 1862 1812 exoptatum

1991 1737 2212 1810 ικριϐῶς
2237 1738 2572 1809 καταμαθεῖν
2630 1738 2949 1809 παρασχὼν,
2980 1737 3386 1809 ἀσφαλέστερον
3414 1737 3550 1791 ἔκα-

288 1818 514 1887 bonmn,
561 1834 764 1901 quanta
799 1836 989 1897 potero
1041 1831 1434 1902 benevolentia,
1476 1836 1725 1905 persequi
1765 1836 1863 1892 do-

283 1925 457 1966 ceam.
1746 1980 1751 1984 ι

362 2003 413 2061 2.
448 2003 697 2076 Magnum
731 2010 875 2064 enim
901 2013 1159 2082 quiddam
1184 2026 1291 2082 est,
1322 2032 1533 2087 revera,
1562 2019 1860 2090 virginitas,

286 2102 681 2169 «corruptibili
732 2104 862 2170 Deo,
906 2115 966 2160 ut
1016 2108 1069 2161 in
1130 2124 1342 2164 summa
1385 2110 1585 2179 dicam,
1630 2112 1863 2167 similem

285 2190 525 2248 efﬁciens
563 2194 857 2253 hominem.
889 2196 1242 2271 Nequaquam
1275 2209 1457 2257 autem
1485 2219 1513 2259 a
1547 2207 1864 2274 corporibus

283 2284 353 2337 ad
393 2285 605 2341 animas
651 2287 763 2356 ipsa
816 2292 1201 2360 progreditur:
1233 2296 1329 2348 sed
1374 2308 1497 2348 cum
1535 2296 1730 2351 animae
1779 2297 1863 2350 in-

284 2387 562 2444 corporeas
606 2378 822 2447 propria
847 2380 942 2447 sit,
973 2396 1070 2449 per
1098 2392 1314 2452 gratam
1345 2384 1455 2440 Deo
1496 2386 1860 2456 virginitatem

284 2466 500 2535 animat,
529 2468 839 2539 incorrupta
869 2484 1050 2528 servat
1079 2489 1332 2545 corpora.
1373 2474 1500 2530 Veri
1543 2477 1687 2532 enim
1733 2479 1860 2534 boni

285 2559 469 2611 anima
513 2561 784 2615 notionem
830 2564 1162 2633 concipiens,
1195 2566 1363 2621 veluti
1397 2582 1570 2635 penna
1626 2569 1859 2638 quadam

286 2649 354 2703 ad
385 2648 536 2717 illud,
581 2666 775 2721 nempe
823 2653 1251 2725 incorruptione,
1288 2657 1568 2724 subvecta,
1597 2669 1653 2714 et
1695 2660 1859 2715 simili

286 2739 485 2807 simile,
522 2742 572 2795 id
617 2752 719 2806 est,
745 2759 806 2799 ea
838 2754 1048 2801 tantum
1086 2764 1207 2818 quae
1240 2749 1292 2803 in
1332 2750 1445 2819 ipsa
1491 2758 1576 2804 est
1606 2754 1857 2806 incorru-

289 2830 492 2901 ptione,
549 2832 1010 2903 iucorruptibilem
1058 2837 1226 2891 Deum
1284 2838 1444 2909 digne
1501 2839 1605 2894 coli
1652 2841 1862 2910 perspi-

286 2921 457 2987 ciens,
498 2926 741 2992 corporis
772 2926 1162 2996 virginitatem,
1199 2929 1341 2983 velut
1371 2931 1618 2986 ancillam
1654 2933 1720 2986 ad
1748 2949 1861 2989 suae

284 3014 456 3084 ipsius
502 3016 917 3085 pulchritudinis
967 3019 1278 3074 famulatum
1330 3024 1605 3088 adsciscit,
1630 3040 1859 3094 eamque

1970 1847 2095 1883 στον
2145 1830 2391 1901 μετιέναι
2435 1830 2496 1883 τὸ
2552 1830 2984 1901 σπουδαζόμενον
3032 1829 3196 1884 καλὸν
3252 1828 3392 1900 μετὰ
3442 1830 3547 1901 τῆς

1968 1920 2192 1991 ἐνούσης
2221 1920 2431 1985 εὐνοίας
2467 1920 2577 1991 (57)
2600 1921 2813 1987 διδάξω.

2036 2013 2089 2066 2.
2143 2013 2302 2081 Μέγα
2355 2013 2454 2083 μὲν
2508 2014 2637 2086 γὰρ,
2696 2014 2772 2078 ὼς
2832 2014 3068 2085 ἀληθῶς,
3120 2014 3409 2087 παρθενία,
3466 2014 3548 2087 τῷ

1965 2102 2228 2173 ἀφθάρτῳ
2256 2103 2396 2175 Θεῷ,
2447 2103 2522 2167 ὼς
2566 2104 2624 2158 ἐν
2674 2104 2955 2175 κεφαλαίῳ
2991 2107 3187 2169 εἰπεῖν,
3219 2104 3545 2176 ἐξομοιοῦσα

1965 2195 2055 2248 τὸν
2082 2194 2388 2265 ἄνθρωπον.
2418 2197 2533 2248 Οὐκ
2570 2195 2679 2249 ἀπὸ
2712 2196 2981 2265 σωμάτων
3009 2196 3068 2249 δὲ
3099 2197 3210 2267 ἄρα
3249 2198 3344 2249 ἐπὶ
3365 2196 3546 2268 ψυχὰς

1965 2287 2108 2357 αὐτὴ
2142 2286 2339 2339 ὁδεύειο
2376 2286 2515 2340 ἀλλὰ
2546 2285 2725 2357 ψυχῆς
2764 2288 2865 2358 τῆς
2911 2288 3202 2359 ἀσωμάτου
3234 2284 3367 2342 οὖσα
3395 2288 3546 2355 ἐξαί-

1967 2395 2141 2449 ρετος,
2167 2380 2234 2448 τῇ
2264 2378 2469 2448 ταύτης
2492 2378 2732 2447 θεοφιλεί
2756 2378 3023 2450 παρθενίᾳ
3043 2378 3258 2451 ἄφθορα
3286 2378 3547 2449 φυλάττει

1963 2470 2032 2523 τὰ
2064 2468 2311 2540 σώματα.
2335 2469 2440 2524 Τοῦ
2471 2470 2579 2540 γὰρ
2608 2469 2779 2533 ὅντως
2806 2469 2969 2524 καλοῦ
3003 2471 3034 2540 ἡ
3066 2469 3213 2541 ψυχὴ
3241 2470 3547 2538 φαντασίαν

1964 2563 2224 2625 λαϐοῦσα,
2277 2563 2525 2634 καθάπερ
2551 2562 2663 2633 (58)
2719 2564 2828 2616 τινὶ
2880 2562 3065 2634 πτερῷ
3109 2563 3246 2634 πρὸς
3297 2563 3431 2615 αὐτὸ
3473 2565 3546 2634 τῇ

1965 2655 2243 2727 ἀφθαρσίᾳ
2273 2654 2632 2726 περωθείσα,
2665 2656 2761 2710 καὶ
2787 2654 2866 2726 τῷ
2913 2655 3086 2726 ὁμοίῳ
3130 2655 3192 2708 τὸ
3231 2656 3437 2725 ὅμοιον,
3474 2655 3548 2725 τῇ

1965 2748 2022 2799 ἐν
2055 2747 2192 2816 αὐτῇ
2227 2746 2507 2819 ἀφθαρσίᾳ
2541 2749 2705 2818 φημὶ,
2753 2748 2845 2799 τὸν
2880 2746 3157 2816 ἄφθαρτον
3201 2746 3333 2800 Θεὸν
3374 2746 3552 2817 θερα·

1967 2837 2227 2890 πεύεσθαι
2263 2837 2371 2908 (59)
2416 2840 2592 2909 μόνως
2632 2839 2768 2910 πρὸς
2817 2838 2974 2904 ἀξίαν
3020 2839 3281 2909 ἀθροῦσα,
3315 2838 3414 2909 τὴν
3444 2837 3551 2890 τοῦ

1966 2927 2214 2999 σώματος
2268 2929 2585 3001 παρθενίαν,
2633 2929 2968 3001 θεράπαιναν
3012 2932 3093 2993 εἰς
3134 2931 3234 3000 τὴν
3277 2928 3370 2982 τοῦ
3418 2929 3553 2982 καθ’

1966 3020 2160 3091 ἑαυτὴν
2184 3021 2414 3085 κάλλους
2443 3022 2553 3093 (40)
2587 3022 2886 3092 θεραπείαν
2934 3022 3219 3090 ἐπάγεται,
3267 3022 3361 3075 καὶ⁴
3395 3020 3550 3089 πάρ-

285 3102 387 3158 sibi
446 3111 711 3159 astantem
760 3106 879 3162 sine
926 3108 1355 3177 interpellatione
1400 3113 1466 3166 ad
1523 3086 1687 3167 Deum
1722 3086 1856 3168 cen-

1991 3086 2129 3182 δρον-
2149 3111 2428 3183 ἁοχλήτως
2450 3086 2599 3183 ’πρὸς
2771 3111 2862 3166 τοῦ
2895 3111 3030 3164 Θεοῦ
3057 3086 3301 3183 ⁷θεωρίαν
3337 3086 3551 3182 ταύτην

288 3194 650 3264 templandum
696 3212 911 3268 semper
949 3201 1149 3255 habere
1199 3204 1444 3272 cupiens,
1479 3205 1859 3275 obstrepentes

286 3284 362 3340 illi
415 3287 663 3357 corporis
701 3288 1004 3359 voluptates
1060 3305 1221 3360 quam
1269 3292 1582 3364 longissime
1626 3296 1859 3366 repellit.

285 3378 463 3448 Atque
507 3380 575 3434 ab
607 3380 674 3435 iis
718 3382 958 3451 quidem,
989 3398 1109 3452 quae
1146 3386 1247 3440 sub
1296 3395 1482 3441 ventre
1519 3397 1666 3454 sunt,
1697 3389 1866 3460 619

285 3469 651 3538 voluptatibus
721 3474 1153 3540 continentiam,
1191 3490 1465 3545 corporea:
1537 3479 1864 3547 virginitatis

288 3560 561 3624 ancillam,
604 3563 850 3631 corporis
898 3573 1080 3618 autem
1127 3567 1491 3636 virginitatem
1544 3584 1656 3625 sua:
1693 3571 1863 3639 ipsius

286 3650 619 3720 virginitatis
649 3652 902 3706 ancillam
932 3655 1083 3722 facit,
1114 3656 1473 3725 ita_utcaetera
1504 3660 1718 3729 quidem
1750 3676 1866 3714 om-

288 3742 402 3806 nia,
438 3751 493 3797 et
526 3743 769 3798 ciborum
797 3747 1209 3813 abstinentiam,
1252 3757 1306 3803 et
1340 3749 1601 3821 reliquam
1626 3754 1862 3807 austeri-

286 3837 481 3897 tatem,
531 3850 652 3904 qum
687 3851 809 3890 cum
860 3838 1226 3906 voluptatibus
1275 3857 1372 3911 per
1436 3857 1631 3898 sensus
1674 3854 1863 3899 contra

287 3927 536 3994 corporis
564 3927 933 3998 virginitatem
965 3928 1255 3988 ﬂuentibus
1299 3944 1534 4004 pugnat;
1562 3936 1657 3990 sed
1695 3942 1750 3990 et
1781 3936 1863 4006 ip-

199 4028 205 4035 ’
288 4033 405 4073 sam
434 4019 595 4074 etiam
632 4021 874 4090 corporis
898 4023 1285 4093 virginitatem,
1316 4041 1421 4079 non
1473 4034 1693 4096 propter
1717 4027 1863 4082 aliud

286 4112 583 4183 quidquam
630 4113 734 4168 nisi
787 4127 1008 4182 propter
1039 4116 1385 4186 semetipsam
1418 4118 1658 4174 studiese
1702 4134 1865 4174 exer-

295 4210 451 4269 ceat;
486 4210 547 4256 ut
593 4217 747 4256 suam
787 4204 956 4272 ipsius
993 4205 1357 4275 virginitatem
1403 4207 1772 4276 incorruptam
1798 4210 1865 4263 ab

294 4293 441 4348 omni
495 4292 633 4347 mala
674 4293 1002 4362 cogitatione
1072 4296 1410 4363 custodiens,
1459 4298 1864 4352 similitudinem

1962 3199 2104 3270 ἔχειν
2142 3200 2227 3253 ἀεὶ
2266 3200 2586 3272 βουλομένη,
2626 3201 2728 3263 τὰς
2759 3200 3083 3272 ἐνοχλούσας
3134 3202 3272 3272 αὐτῇ
3305 3200 3400 3254 τοῦ
3434 3199 3553 3253 σώ-

1966 3306 2131 3359 ματος
2165 3289 2357 3360 ἡδονὰς
2402 3290 2478 3353 ὡς
2523 3290 2863 3361 πορρωτάτω
2894 3289 3127 3343 ἐλαύνει.
3160 3291 3271 3361 Τὴν
3305 3290 3403 3361 μὲν
3430 3290 3554 3344 τῶν

1965 3380 2071 3433 ὑπὸ
2123 3369 2365 3450 γαστέρα
2416 3380 2617 3450 ἡδονῶν
2668 3380 3018 3453 ἐγκράτειαν,
3071 3382 3171 3450 τῆς
3224 3379 3554 3448 σωματικῆς

1965 3473 2260 3544 παρθενίας
2307 3472 2663 3544 θεράπαιναν,
2712 3472 2883 3543 αὐτὴν
2920 3471 2978 3524 δέ
3014 3470 3219 3541 ταύτην
3269 3471 3368 3541 τῆς
3418 3471 3550 3524 καθ’

1965 3563 2182 3635 ἑαυτὴν,
2237 3563 2568 3634 ποιουμένη·
2613 3562 2691 3625 ὡς
2734 3561 2804 3615 τὰ
2848 3562 2987 3616 ἄλλα
3039 3561 3140 3632 μὲν
3178 3561 3414 3625 ἅπαντα,
3447 3563 3554 3616 καὶ

1962 3658 2178 3730 τροφῶν
2210 3656 2560 3728 ἐγκράτειαν.
2604 3657 2699 3710 καὶ
2736 3655 2833 3727 τὴν
2869 3655 3062 3726 λοιπὴν
3098 3654 3552 3725 σκληραγωγίαν,

1968 3748 2280 3820 μαχομένην
2307 3750 2425 3811 ταῖς
2458 3747 2710 3818 ῥεούσαις
2743 3746 2885 3801 κατὰ
2914 3748 3014 3818 τῆς
3041 3749 3098 3800 ἐν
3148 3747 3359 3816 σώματι
3402 3762 3557 3819 παρ-

1965 3840 2144 3903 θενίας
2176 3840 2263 3894 διὰ
2292 3839 2400 3893 τῶν
2433 3839 2738 3909 αἰσθήσεων
2771 3838 2987 3909 ἡδοναῖς
3007 3855 3021 3868 ο
3054 3837 3190 3892 ἀλλά
3236 3838 3332 3891 καὶ
3373 3836 3555 3907 αὐτὴν

1965 3929 2063 4000 τὴν
2097 3928 2192 3981 τοῦ
2232 3926 2486 3998 σώματος
2513 3925 2816 3999 παρθενίαν
2839 3924 2970 3996 (41),
3000 3925 3060 3978 ού
3093 3924 3161 3977 δι’
3190 3924 3377 3994 ἔτερόν
3402 3940 3474 3983 τι,
3509 3921 3551 3992 ἢ

1964 4021 2030 4074 δι’
2058 4019 2256 4089 ἑαυτὴν
2284 4018 2588 4087 φιλοκάλως
2608 4017 2921 4082 ἀσκεῖσθαι,
2944 4018 3031 4071 ἵνα
3056 4017 3157 4086 τὴν
3181 4015 3383 4084 ἑαυτῆς
3404 4031 3556 4083 παρ-

1967 4109 2149 4165 θενίαν
2176 4108 2410 4181 ἄφθορον
2445 4111 2664 4179 ἁπάσης
2689 4108 2967 4180 μοχθηρᾶς
2999 4107 3208 4169 ἐννοίας
3237 4103 3550 4174 φυλάξασα,

1965 4205 2066 4277 τὴν
2104 4204 2241 4275 πρὸς
2269 4203 2361 4257 τὸν
2392 4202 2671 4274 ἄφθαρτον
2710 4201 2842 4254 Θεὸν
2886 4199 3227 4271 ἐξομοίωσιν,
3268 4196 3455 4269 ὥσπερ
3484 4199 3552 4251 ἐν

1967 4294 2287 4367 ἀκηλιδώτῳ
2319 4294 2612 4367 κατόπτρῳ
2645 4293 2829 4346 λοιπὸν
2858 4290 3022 4345 αὑτοῦ
3054 4291 3156 4355 τὰς
3187 4290 3319 4361 παρ’
3349 4289 3553 4342 ἑαυτοῦ

291 4401 417 4440 cum
469 4386 864 4456 iucorrnptihili
899 4385 1033 4453 Deo,
1079 4389 1169 4456 qui
1200 4387 1310 4455 jam
1349 4388 1402 4443 in
1436 4388 1603 4454 illam,
1631 4389 1780 4443 velut
1810 4390 1862 4444 in

1991 4390 2108 4460 ιύτῇ
2155 4387 2546 4455 ἐναυγάζοντος
2582 4388 2829 4457 χάριτας,
2862 4388 2942 4450 εἰς
2985 4385 3183 4448 κάλλος
3217 4382 3419 4482 ἑαυτῆς
3449 4381 3554 4434 καὶ

290 4477 641 4546 purissimum
690 4479 989 4549 speculum,
1022 4480 1318 4549 gratiarum
1363 4495 1582 4535 suarum
1611 4481 1863 4551 splendo-

293 4584 383 4625 res
411 4568 673 4636 immittit,
702 4571 768 4626 ad
803 4586 957 4627 suam
989 4572 1160 4644 ipsius
1185 4572 1639 4643 pulchritudinem
1677 4581 1731 4628 et
1759 4571 1870 4628 lau-

366 4839 480 4911 (54)
517 4841 921 4909 Προλαϐόντα.
977 4840 1235 4905 Quamvis
1268 4840 1321 4893 in
1356 4849 1596 4911 utraque
1635 4839 1871 4911 editione

293 4921 349 4966 et
398 4909 470 4964 in'
508 4912 780 4980 plerisque
828 4912 1108 4965 codicibus
1163 4925 1293 4963 mss.
1353 4910 1579 4980 legatur.
1630 4909 1872 4980 προσλα-

294 4981 480 5047 ϐόντα,
508 4978 672 5052 longe
697 4978 887 5059 potior
908 4980 1127 5059 codicis
1172 4980 1450 5059 b‘rancisci
1504 4978 1685 5059 Primi
1732 4981 1873 5034 scri-

292 5062 472 5122 ptura,
502 5049 662 5122 quain
694 5065 745 5122 ra
775 5049 1099 5122 Ctheﬁsio
1131 5052 1416 5122 adductam
1447 5049 1616 5122 secuti
1660 5065 1866 5122 sumus.

364 5120 478 5192 (55)
521 5119 648 5176 Τῶν
672 5120 918 5189 ἀρετῶν.
946 5119 1062 5173 Νοη
1093 5130 1237 5174 recte
1265 5119 1480 5189 legitur,
1502 5120 1607 5192 τῶν
1630 5119 1865 5188 φύσεων,

293 5191 348 5245 in
372 5190 609 5246 editione
641 5192 860 5253 Veneta,
880 5205 1112 5260 quacum
1141 5198 1321 5243 tamen
1347 5190 1694 5245 consentiunt
1718 5193 1864 5259 quiu-

295 5275 401 5331 que
437 5278 566 5331 mss.
588 5263 839 5331 codices.

371 5330 479 5403 (56)
507 5330 611 5386 Διὰ
660 5329 754 5385 σέ.
787 5331 991 5399 Malim,
1038 5330 1128 5384 διὰ
1179 5329 1295 5395 σοῦ,
1347 5345 1506 5399 apera
1554 5336 1682 5391 tua,
1722 5329 1868 5396 sive,

361 5417 387 5453 r
422 5413 489 5457 te.

294 5416 489 5537 "$5178;
523 5472 803 5537 Εὐνοίας.
844 5471 1065 5539 Legitur
1100 5471 1154 5524 in
1201 5483 1307 5523 uno
1340 5469 1528 5539 codice
1561 5468 1748 5533 Regio,
1790 5471 1871 5521 ev-

298 5539 470 5609 νοίας.
496 5542 552 5595 lu
582 5542 709 5606 alio,
741 5542 832 5609 qui
860 5541 962 5595 fuit
980 5542 1108 5597 olim
1135 5538 1733 5609 cardinalisMazariui,
1762 5539 1877 5593 δια-

299 5608 470 5673 νοίας.
501 5609 700 5664 lbidem
745 5607 885 5664 unus
908 5627 971 5665 ex
1016 5612 1221 5678 llcgiis,
1247 5607 1498 5672 ἐπιδείξω

375 5679 489 5752 ('58)
522 5678 815 5749 Καθάπερ.
854 5679 1030 5737 Editio
1070 5679 1267 5744 Paris,
1314 5678 1409 5733 καὶ
1456 5679 1724 5751 καθαπερ.
1772 5680 1875 5736 aed

1972 4483 2194 4538 ἔπαινον
2242 4479 2679 4551 κατορθωθεῖσαν
2721 4478 2982 4550 κερδήσῃ.
3023 4474 3238 4546 Ἐπειδὴ
3277 4468 3370 4527 οὖν
3405 4489 3555 4543 παρ-

1972 4573 2123 4628 θενία
2159 4573 2278 4644 μὲν,
2312 4571 2412 4643 τὴν
2450 4569 2563 4642 (42)
2595 4569 2764 4633 ὄντως
2798 4568 2961 4641 φημὶ,
2981 4567 3057 4632 ὡς
3084 4567 3186 4638 ἤδη
3214 4583 3279 4636 γε
3301 4566 3360 4617 ἐν
3381 4563 3553 4634 ὀλίγῳ

1974 4840 2125 4895 deest
2156 4839 2465 4912 conjunctio
2493 4839 2546 4893 in
2575 4837 2817 4894 editione
2854 4836 3057 4894 Veneta
3102 4845 3158 4892 et
3186 4835 3423 4905 antiquis
3452 4847 3553 4889 co-

1973 4912 2204 4965 dicihtts.

2048 4981 2174 5050 (59)
2195 4979 2652 5050 Θεραπεύεσϐαι.
2683 4978 2912 5050 Legitur
2929 4976 2981 5050 in
3007 4975 3245 5050 quinque
3266 4973 3552 5050 codicibus

1976 5043 2500 5120 ηιέεηθερὰπεύειν.
2533 5050 2624 5104 Sic
2643 5043 2806 5102 etiam
2819 5047 2996 5120 editio
3017 5044 3233 5099 Veneta.
3263 5043 3371 5120 Sed
3393 5044 3553 5120 longe

1977 5121 2155 5189 potior
2203 5113 2417 5189 vulgata
2468 5120 2759 5188 scriptura.
2815 5117 3017 5172 Ibidem
3058 5130 3196 5169 unus
3234 5129 3299 5169 ex
3339 5113 3548 5183 Regiis,

1974 5189 2550 5265 «resudééavﬁm'bw:
2662 5257 2700 5265 _
2783 5256 2815 5265 ..
2946 5254 2975 5265 ..
3099 5254 3187 5265 ..
3432 5253 3450 5265 .
3497 5254 3524 5265 -

2047 5260 2158 5330 (ιθ)
2189 5253 2487 5325 Κάλλὸυς.
2520 5259 2632 5330 Duo
2662 5256 2833 5330 Regii
2858 5254 3072 5330 codices
3099 5254 3342 5330 h_al_)ent,_
3360 5253 3549 5330 καλοῦἲ

1980 5323 2179 5382 ΙΙΟΤυιίι
2224 5330 2274 5382 in
2322 5323 2490 5383 altero
2526 5329 2722 5397 legitur
2751 5323 2986 5397 ibidem,
3020 5323 3143 5378 καθ’
3176 5323 3373 5395 ἐαυτῷ,
3406 5326 3553 5394 quod

1980 5400 2211 5468 positum
2246 5398 2453 5451 videtur
2486 5394 2739 5466 ρι’όκαθ*
2769 5394 2951 5451 ἑαυτό.

2052 5469 2163 5538 (Η)
2194 5463 2548 5535 Παρθενίαν.
2569 5537 2574 5538 ί
2593 5468 2706 5521 Duo
2734 5468 2947 5521 codices
2973 5463 3381 5538 Regii‘babent,
3418 5481 3550 5534 παρ-

1975 5532 2154 5590 θενίαν
2187 5532 2518 5608 δι’ᾼέκείνην.
2545 5537 2743 5592 Ibidem
2768 5538 2872 5608 duo
2897 5550 3053 5608 m_s_s.,
3076 5532 3552 5608 8t‘-906év_§_1spov.

2049 5608 2161 5678 (Η)
2190 5606 2331 5678 (Τήν.
2375 5603 2549 5662 Εώιίο
2584 5608 2809 5669 Veneta,
2835 5605 2894 5675 ἦ.
2939 5603 3057 5678 M03
3103 5605 3271 5678 codex
3323 5604 3545 5659 Mazariﬁ

1976 5672 2149 5745 uacus,
2174 5677 2361 5747 ἔδειξε,
2394 5688 2447 5734 ct
2484 5679 2550 5735 ad
2579 5672 2899 5747 marginem,
2930 5672 3194 5740 ὑπέδειξε.
