3810 6214
328 239 432 298 675

1279 236 1622 292 APPENDIX
1658 234 1944 291 OPERUM
1986 235 2043 291 S.
2084 235 2330 290 BASlLll
2366 236 2596 292 MAGNI.

3484 233 3591 295 676

326 365 599 428 sumptum
628 362 730 421 est,
764 353 840 409 uti
880 360 1090 423 partem
1131 353 1232 409 toti
1268 367 1298 408 a
1328 370 1437 425 quo
1471 362 1747 424 sumptum
1783 359 1908 414 est,

2036 368 2075 402 ιν
2107 351 2272 423 μέρος
2315 351 2423 421 ὅλῳ
2464 349 2543 421 τῷ
2591 350 2682 418 ἀφ’
2717 344 2778 404 οὗ
2823 347 3030 421 ἐλήφθη
3078 349 3404 415 καταπειθές
3449 351 3594 407 εἶναι

328 449 679 507 summissum
709 460 830 501 esse
855 454 911 500 et
934 444 1163 511 imperio
1185 459 1378 513 parere
1400 445 1633 500 sancivit
1660 461 1676 499 :
1708 451 1768 498 ut
1811 458 1907 498 au-

328 548 438 597 tem
473 537 777 600 masculus,
813 550 933 590 eam
966 550 1086 605 quae
1128 550 1197 590 ex
1232 549 1292 589 se
1343 546 1623 605 assumpta
1656 543 1775 600 est,
1812 549 1908 603 ap-

328 640 557 703 peteret,
600 645 665 685 ac
702 628 843 682 illius
874 642 1225 698 congressum
1254 628 1648 697 persequendo,
1686 643 1781 697 per
1807 628 1909 683 hu-

324 723 561 793 iusmodi
594 720 846 791 copulam
881 719 1162 790 proprium
1215 718 1516 775 membrum
1569 721 1623 774 in
1668 720 1906 788 seipsum

329 815 632 881 reciperet,
664 811 900 867 naturali
948 812 1185 881 quadam
1230 811 1560 867 necessitate
1596 813 1903 868 constituit.

329 905 422 961 Sic
450 906 557 959 duo
600 917 667 957 ex
702 918 849 970 uno,
889 910 1053 971 atque
1101 901 1297 956 iterum
1338 915 1404 954 ex
1447 901 1656 957 duobus
1702 916 1904 965 unum,

327 999 627 1052 masculum
681 1002 739 1048 et
801 992 1082 1058 feminam,
1136 993 1411 1061 sapienter
1439 991 1693 1047 ostendit.
1732 991 1911 1061 Atque

330 1094 574 1140 mutuum
596 1085 744 1140 hunc
766 1083 1106 1152 complexum
1131 1096 1237 1137 non
1263 1082 1330 1137 iis
1357 1082 1553 1147 solum,
1585 1097 1725 1151 quos
1759 1083 1911 1152 prius

329 1176 466 1241 dixi,
498 1174 678 1231 modis
706 1174 962 1244 praestitit
987 1158 1230 1243 ipsorum
1259 1174 1578 1243 corporibus
1608 1174 1908 1244 jucundum

330 1277 387 1322 et
414 1280 664 1331 suavem,
721 1267 817 1320 sed
849 1265 1015 1319 etiam
1075 1263 1496 1333 multiplicandae
1552 1265 1740 1333 prolis,
1788 1278 1911 1333 qua:

337 1372 435 1428 per
456 1369 811 1427 congressum
831 1352 1254 1425 praelucentibus
1276 1353 1478 1407 amoris
1508 1352 1717 1408 facibus
1736 1356 1912 1409 susci-

333 1458 500 1517 tatur,
552 1447 794 1503 studium
832 1461 898 1503 ac
926 1445 1256 1502 desiderium
1311 1445 1502 1517 ingens
1532 1445 1750 1502 insevit.
1789 1444 1910 1500 Ma-

332 1541 539 1597 sculum
569 1540 786 1611 quidem
844 1548 1093 1611 agentem
1149 1546 1337 1608 utpote
1396 1539 1548 1609 prius
1594 1539 1910 1604 conditum,

2009 441 2145 513 πρὸς
2183 442 2282 510 τὴν
2321 440 2494 512 ἀρχὴν
2541 439 2836 503 δικαιώσας
2860 456 2874 471 ⁸
2904 440 2966 492 τὸ
3007 440 3064 493 δὲ
3102 441 3268 512 ἄρρεν
3304 441 3492 495 ποθεῖν
3529 445 3594 497 τὸ

2008 536 2100 587 ἀπ’
2127 534 2292 587 αὐτοῦ
2320 534 2542 605 ληφθὲν,
2572 535 2666 586 καὶ
2690 533 2789 602 τὴν
2818 532 2953 602 πρὸς
2973 532 3104 586 αὐτὸ
3121 533 3315 586 διῶκον
3344 536 3594 605 συμπλο-

2007 625 2130 697 κὴν,
2171 629 2249 690 είς
2298 626 2481 689 ἑαυτὸ,
2524 625 2612 679 διὰ
2655 627 2755 695 τῆς
2800 624 3021 695 μίξεως,
3060 625 3124 678 τὸ
3172 627 3371 679 οἰκεῖον
3426 626 3591 696 μέλος

2008 717 2411 789 ἀναλαμϐάνειν
2440 719 2559 780 ταῖς
2588 716 2688 785 τῆς
2723 714 2939 784 φύσεως
2962 710 3233 784 ἀνάγκαις
3262 717 3588 787 μηχανησάο

2012 827 2172 882 μενος
2189 828 2203 840 ’
2239 811 2426 864 τοῦτον
2452 810 2507 862 δὲ
2532 809 2623 863 τὸν
2652 809 2877 881 τρόπον,
2904 808 2963 872 ἐξ
2988 806 3105 870 ἐνὸς
3132 807 3247 872 δύο,
3279 809 3373 861 καὶ
3402 808 3469 861 ὲκ
3497 807 3595 861 δύο

2009 905 2172 958 πάλιν
2202 904 2282 967 ἓν,
2310 904 2372 957 τό
2403 920 2463 957 τε
2505 903 2673 974 ἄρρεν
2718 902 2813 955 καὶ
2844 901 2905 954 τὸ
2947 900 3081 972 θῆλυ
3124 899 3303 970 σοφῶς
3324 900 3438 970 (54)
3462 902 3596 956 ἁνα-

2007 994 2205 1062 δείξας.
2243 993 2354 1046 Kal.
2384 993 2444 1046 ού
2493 991 2591 1062 τὴν
2644 990 2780 1063 πρὸς
2820 989 3024 1060 ἄλληλα
3054 989 3374 1061 συμπλοκὴν
3406 990 3590 1060 μόνον,

2008 1085 2098 1139 διὰ
2128 1085 2236 1137 τῶν
2274 1083 2688 1157 προειρημένων
2724 1082 2962 1154 τρόπων,
2986 1082 3169 1152 ἡδεῖαν
3196 1085 3308 1145 τοῖς
3343 1081 3593 1152 σώμασιν

2010 1176 2189 1231 αὐτῶν
2226 1177 2622 1248 ἐργασάμενος,
2656 1174 2795 1228 ἀλλὰ
2826 1174 2924 1227 καὶ
2951 1174 3088 1245 πρὸς
3114 1173 3175 1226 τὸ
3204 1174 3269 1226 ἐκ
3310 1173 3411 1243 τῆς
3450 1191 3518 1232 συ
3528 1192 3597 1244 μ-

2012 1269 2220 1339 πλοκῆς
2247 1271 2369 1331 ταῖς
2405 1267 2499 1320 τοῦ
2529 1266 2729 1337 ἔρωτος
2762 1264 3011 1333 λαμπάσι
3037 1262 3465 1334 δᾳδουχούμενον
3494 1263 3593 1332 γέ-

2011 1378 2121 1425 νος,
2176 1360 2311 1414 πολὺ
2342 1360 2405 1412 τὸ
2451 1359 2674 1430 φίλτρον
2721 1356 3193 1429 ἐγκατασπείρας’
3226 1357 3594 1429 ’ἐνεργητικὸν

2016 1454 2115 1523 μὲν
2141 1453 2204 1505 τὸ
2232 1454 2420 1523 ἄρρεν,
2449 1451 2525 1514 ὡς
2547 1451 2612 1505 ἂν
2635 1450 2729 1504 καὶ
2760 1448 2903 1503 κατὰ
2926 1448 3023 1519 τὴν
3049 1449 3413 1520 δημιουργίαν
3442 1466 3598 1519 πρω-

2013 1543 2170 1596 τεῦον
2189 1560 2203 1575 ·
2245 1542 2545 1614 παθητικὸν
2593 1541 2651 1594 δὲ
2683 1541 2745 1594 τὸ
2786 1540 2941 1611 θῆλυ,
2985 1541 3062 1604 ὼς
3094 1538 3161 1593 ἂν
3191 1539 3294 1608 τῆς
3316 1538 3410 1593 τοῦ
3437 1541 3601 1611 appa-

334 1632 595 1689 feminam
646 1647 777 1689 vero
813 1633 1108 1702 patientem
1152 1640 1412 1701 tanquam
1448 1632 1493 1702 {a
1540 1630 1731 1700 maris;
1758 1641 1908 1701 parte

2036 1653 2103 1700 νος
2134 1633 2326 1707 μοῖρας
2364 1633 2740 1697 ἀποσπασθὲν,
2779 1633 2876 1704 τὴν
2913 1632 3077 1702 φύσιν
3125 1630 3441 1703 ἐργάζεται.
3484 1632 3602 1683 Καὶ

330 1723 581 1778 avulsam
614 1737 682 1779 ex
721 1699 837 1792 ipsa
864 1732 1057 1776 natura
1084 1699 1285 1776 efﬁcit:
1312 1722 1380 1776 Et
1404 1699 1472 1776 ne
1506 1699 1908 1778 feminarveluti

2036 1699 2104 1781 να
2133 1699 2208 1799 μὴ
2227 1699 2315 1798 ’τῷ
2346 1727 2482 1799 πρὸς
2509 1726 2607 1797 τὴν
2627 1725 2723 1778 τοῦ
2748 1699 2938 1797 ὁμοίου
2967 1699 3172 1794 γένους-
3189 1699 3442 1794 διαδοχήν
3470 1722 3600 1791 φίλ-

329 1812 541 1884 patiens
563 1851 581 1880 ,
616 1812 819 1868 amoris
867 1808 1062 1867 affectu
1099 1812 1169 1867 ad
1215 1812 1408 1869 similis
1439 1814 1658 1883 generis
1688 1828 1907 1870 succes-

333 1906 539 1960 sionem
558 1905 813 1976 impulsa,
842 1904 1045 1961 auxilio
1076 1904 1492 1972 destitueretur,
1524 1907 1786 1963 feminam
1807 1922 1907 1963 ceu

332 2007 504 2053 totum
539 1996 834 2068 voluptatis
873 1996 1327 2053 medicamentum
1387 2002 1632 2057 masculo
1660 2006 1906 2074 paravit,

328 2098 494 2160 atque
537 2089 780 2145 violento
826 2090 1058 2159 quodam
1099 2091 1338 2160 pondere
1366 2107 1571 2148 marem
1611 2096 1679 2158 ad
1732 2096 1903 2166 ipsam

330 2184 512 2252 rapit;
544 2196 650 2237 non
690 2181 757 2236 ad
789 2181 1089 2237 masculum
1123 2184 1446 2253 pertrahens
1490 2185 1768 2253 feminam,
1810 2189 1908 2245 sed

331 2286 430 2341 per
466 2272 680 2327 feminae
716 2272 1046 2343 voluptatem
1084 2274 1381 2330 masculum
1427 2277 1494 2331 ad
1532 2278 1702 2347 ipsam
1733 2281 1908 2349 capti-

330 2378 459 2417 vum
487 2363 709 2418 ducens.
738 2362 1207 2429 Quemadmodum
1234 2366 1379 2421 enim
1409 2381 1635 2437 magnes
1657 2368 1795 2438 lapis
1817 2386 1911 2426 ar-

331 2467 526 2508 canam
554 2455 847 2523 quamdam
881 2454 989 2508 vim
1016 2456 1069 2509 in
1096 2455 1300 2510 ferrum
1331 2467 1527 2528 suapte
1562 2470 1756 2515 natura
1786 2477 1908 2518 sor-

333 2544 486 2609 titus,
517 2558 625 2599 non
672 2543 788 2613 ipse
812 2545 1024 2614 rapitur
1060 2545 1128 2599 ad
1178 2545 1405 2613 ferrum,
1434 2548 1530 2603 sed
1563 2550 1776 2606 eminus
1800 2551 1910 2607 fer-

334 2651 456 2692 rum
490 2636 558 2691 ad
595 2637 834 2708 seipsum
880 2638 1185 2706 pertrahit:
1219 2640 1300 2695 sic
1321 2641 1538 2696 feminae
1571 2658 1772 2713 corpus
1801 2659 1907 2700 non

335 2728 695 2784 enarrabilem
741 2729 1028 2798 quamdam
1063 2729 1117 2784 in
1160 2733 1459 2787 masculum
1499 2734 1607 2788 vim
1650 2743 1866 2790 nactum
1892 2776 1908 2801 ,

335 2820 619 2891 ignorante
657 2821 845 2884 etiam,
889 2822 1041 2876 utita
1076 2824 1201 2893 quis
1230 2825 1451 2892 dixerit,
1496 2826 1667 2895 ipsius
1707 2830 1907 2894 auima,

333 2913 502 2968 maris
521 2927 717 2982 corpus
748 2913 890 2969 ultro
920 2914 986 2968 ad
1018 2916 1365 2970 concubitum
1397 2921 1684 2985 pertrahit.
1724 2918 1907 2975 Voluit

332 3002 440 3057 hoc
461 3003 622 3058 modo
650 3018 808 3074 opem
841 3005 984 3061 ferre
1019 3006 1304 3060 inllrmiori
1327 3007 1547 3062 animali
1578 3026 1757 3065 rerum
1785 3013 1900 3081 opi-

333 3093 445 3158 fex,
468 3100 528 3148 ut
554 3108 650 3149 sua
676 3094 848 3165 ipsius
886 3096 1162 3166 voluptate
1203 3112 1406 3153 marem
1447 3098 1766 3167 incantans,
1803 3117 1908 3157 non

334 3183 507 3239 solum
560 3186 630 3241 ob
672 3186 966 3242 liberorum
1016 3189 1474 3257 procreationem,
1519 3206 1707 3246 verum
1746 3195 1910 3250 etiam

335 3285 556 3348 propter
606 3279 783 3349 ipsum
817 3294 1141 3349 congressus
1181 3289 1431 3347 (nstrum,
1483 3285 1781 3340 masculum
1812 3287 1912 3342 de-

336 3370 609 3441 fensorem
650 3372 893 3426 haberet.
934 3372 1067 3426 Eam
1105 3373 1266 3443 igitur
1302 3374 1371 3429 ob
1410 3388 1630 3431 causam
1668 3395 1682 3432 :
1722 3378 1909 3434 Beli-u-

333 3472 452 3531 quet
473 3462 627 3515 homo
650 3471 850 3529 patrem
877 3480 1033 3517 suum
1053 3473 1102 3517 et
1127 3476 1346 3520 matrem
1375 3482 1395 3520 :
1430 3482 1538 3523 non
1571 3469 1794 3535 femina,
1815 3474 1911 3528 sed

339 3554 613 3610 masculus
644 3554 714 3609 ab
744 3554 907 3610 insito
947 3555 1166 3610 stimulo
1195 3557 1262 3612 ad
1298 3556 1514 3615 feminae
1555 3564 1908 3621 concubitum

338 3644 627 3716 impulsus.
665 3644 734 3699 Et
763 3646 1051 3700 adhazrebit
1088 3649 1243 3701 uxori
1270 3648 1367 3712 vir,
1405 3649 1602 3718 inquit,
1634 3666 1740 3707 non
1775 3669 1916 3708 uxor

337 3737 475 3801 viro,
510 3744 559 3790 et
589 3745 742 3790 erunt
778 3737 884 3791 duo
916 3738 974 3791 in
1003 3754 1161 3793 carne
1196 3756 1303 3793 una
1325 3740 1398 3794 ".
1432 3741 1546 3798 Hoc
1588 3751 1771 3798 autem
1809 3745 1915 3799 im-

336 3827 548 3897 perium
582 3827 817 3885 femineo
849 3829 1001 3883 sexui
1033 3828 1087 3883 in
1126 3844 1287 3885 suum
1339 3830 1618 3887 dominum
1671 3834 1911 3906 largiens

334 3917 618 3980 Conditor,
667 3918 837 3988 ipsam
877 3919 1047 3975 etiam
1090 3921 1336 3991 corporis
1380 3922 1803 3995 descriptionem
1845 3942 1911 3983 ac

336 4009 562 4064 formam
600 4009 811 4065 femina:
841 4010 1142 4067 molliorem
1175 4011 1399 4080 effluxit,
1437 4021 1498 4069 ut
1536 4025 1710 4083 tactu,
1752 4033 1913 4091 aspe-

335 4109 452 4164 ctu,
489 4110 660 4165 motu,
688 4102 1059 4160 membrorum
1095 4102 1327 4173 denique
1356 4100 1603 4173 mollitie,
1643 4110 1912 4178 aspiciens

335 4203 393 4246 et
420 4201 636 4260 aspecta
658 4191 958 4247 masculum
989 4192 1261 4262 voluptate
1301 4196 1557 4260 molliret,
1588 4215 1708 4255 sese
1741 4205 1912 4257 unde-

346 4280 474 4335 libet
499 4281 565 4335 ad
591 4295 808 4335 onmem
840 4295 1097 4337 sensuum
1126 4286 1407 4353 appulsum
1443 4287 1698 4343 aﬂ'creus.

2016 1838 2129 1892 τρῳ
2154 1820 2215 1873 τὸ
2240 1819 2371 1889 θῆλυ
2400 1819 2689 1890 ἀγόμενον,
2718 1817 2794 1881 ὡς
2830 1817 2897 1872 ἂν
2937 1815 3258 1888 παθητικὸν,
3288 1815 3600 1886 ἀϐοήθητον

2018 1912 2417 1976 καταλείποιτο,
2458 1912 2651 1983 ἡδονῆς
2679 1910 2799 1964 ὅλον
2845 1909 3138 1981 φάρμακον
3181 1908 3259 1980 τῷ
3301 1909 3492 1981 appetit
3536 1907 3604 1961 τὸ

2017 2003 2150 2076 θῆλυ
2180 2001 2617 2065 κατασκευάσας,
2652 2000 2846 2071 βιαίοις
2876 1998 3082 2063 ὁλκαῖς,
3114 1999 3212 2052 καὶ
3238 1999 3332 2052 ἐπὶ
3356 1998 3457 2069 τὴν
3489 2015 3601 2051 κα·-

2016 2095 2248 2166 ταὸολὴν
2286 2094 2387 2165 τῆς
2427 2095 2611 2163 γονῆς,
2646 2091 2784 2162 πρὸς
2818 2089 2950 2143 αὐτὸ
2993 2089 3119 2159 ἄγει
3149 2088 3210 2142 τὸ
3248 2089 3448 2161 appar
3476 2087 3609 2158 οὐχὶ

2017 2188 2154 2261 πρὸς
2177 2188 2237 2241 τὸ
2265 2188 2431 2259 appet.
2461 2184 2611 2254 ἄγων
2629 2183 2740 2255 (5'5)
2764 2182 2824 2236 τδ
2848 2182 3005 2254 θῆλυ,
3034 2181 3171 2236 ἀλλὰ
3198 2184 3264 2253 τῇ
3290 2180 3384 2235 τοῦ
3408 2179 3608 2253 θήλεος

2015 2284 2176 2354 ἡδονῇ
2206 2280 2266 2333 τὸ
2290 2280 2457 2352 ἄρρεν
2483 2277 2622 2348 πρὸς
2650 2277 2781 2329 αὐτὸ
2810 2274 3156 2345 αἰχμάλωτον
3185 2274 3353 2343 άγων.
3380 2274 3469 2337 Ὠς
3486 2272 3607 2345 γὰρ

2018 2377 2051 2447 ἡ
2100 2374 2366 2446 μαγνῆτις
2409 2370 2555 2434 λίθος
2593 2368 2830 2441 άρῤητόν
2870 2384 2993 2422 τινα
3038 2366 3267 2437 δύναμιν
3317 2365 3461 2419 κατὰ
3500 2364 3607 2418 τοῦ

2019 2470 2240 2540 σιδήρου
2273 2469 2331 2519 ἐν
2359 2468 2425 2537 τῇ
2461 2464 2620 2534 φύσει
2652 2462 2914 2527 λαϐοῦσα,
2947 2462 3048 2515 οὐκ
3080 2462 3218 2534 αὐτή
3243 2463 3433 2531 ἄγεται
3461 2460 3610 2532 πρὸς

2016 2562 2106 2616 τὸν
2141 2561 2378 2630 σίδηρον,
2420 2556 2556 2611 ἀλλὰ
2588 2555 2871 2628 πόρρωθεν
2903 2555 3040 2628 πρὸς
3086 2555 3286 2627 ἑαυτὴν
3318 2554 3409 2608 τὸν
3450 2554 3611 2624 σίδη-

2020 2672 2112 2726 ρον
2137 2653 2285 2707 ἕλκει
2304 2668 2319 2683 ο
2354 2649 2499 2705 οὕτω
2523 2650 2582 2703 τὸ
2607 2649 2703 2702 τοῦ
2731 2649 2921 2719 θήλεος
2945 2648 3125 2720 σῶμα,
3152 2648 3431 2720 ἄφραστον
3456 2646 3611 2701 κατὰ

2016 2745 2110 2798 τοῦ
2138 2745 2366 2816 ἄρρενος
2387 2744 2486 2815 τὴν
2508 2740 2735 2812 δύναμιν
2751 2740 2862 2811 (56)
2887 2740 3128 2810 εἰληφὸς,
3151 2740 3246 2793 καὶ
3270 2738 3344 2811 μὴ
3372 2739 3610 2803 εἰδυίας,

2016 2837 2091 2901 ὡς
2116 2838 2180 2892 ἂν
2209 2836 2351 2891 εἴποι
2385 2853 2491 2900 τις,
2522 2836 2622 2907 τῆς
2662 2836 2721 2886 ἐν
2756 2833 2904 2903 αὐτῷ
2929 2833 3129 2905 ψυχῆς,
3163 2833 3224 2886 τὸ
3247 2832 3343 2886 τοῦ
3369 2834 3612 2905 ἄρρενος

2020 2930 2177 3001 σῶμα
2219 2929 2355 3001 πρὸς
2404 2928 2505 3001 τὴν
2555 2926 2702 2997 μίξιν
2748 2925 3051 2995 αὐτόματον
3097 2925 3267 2979 ἕλκει.
3314 2924 3474 2978 Οὕτω
3522 2924 3612 2996 τῷ

1938 3054 1984 3113 C
2017 3020 2391 3090 ἀσθενεστέρῳ
2413 3016 2538 3089 ζώῳ
2566 3016 2663 3069 τοῦ
2682 3014 3026 3087 Δημιουργοῦ
3052 3015 3318 3087 βοηθῆσαι
3348 3014 3612 3088 θελήσανη

2010 3135 2124 3183 τος,
2152 3118 2239 3170 ἵνα
2265 3115 2333 3185 τῇ
2365 3111 2558 3183 ἐνούσῃ
2584 3108 2734 3180 αὐτῷ
2758 3109 2921 3181 ἡδονῇ
2949 3109 3290 3180 μαγγανεῦον
3318 3109 3380 3162 τὸ
3399 3110 3602 3180 ἄρρεν,

2008 3214 2071 3267 οὐ
2094 3210 2184 3265 διὰ
2210 3207 2309 3281 τὴν
2342 3204 2686 3259 παιδοποιίαν
2717 3202 2897 3274 μόνον,
2938 3201 3073 3255 ἀλλὰ
3097 3202 3192 3255 καὶ
3217 3201 3286 3254 δι’
3308 3201 3472 3254 αὐτὸν
3503 3200 3609 3254 τὸν

2006 3303 2107 3373 τῆς
2136 3297 2334 3371 μίξεως
2361 3291 2599 3366 οἶστρον,
2630 3291 2989 3365 ὑπερμαχοῦν
3012 3293 3161 3363 αύτῷ
3191 3292 3289 3364 ἔχῃ
3311 3293 3373 3346 τὸ
3402 3292 3608 3364 ἄρρεν.

2021 3393 2167 3447 Ἀντὶ
2203 3389 2396 3443 τούτου
2421 3387 2573 3457 γοῦν,
2605 3388 2975 3454 Καταλείψει
3006 3383 3317 3452 ἅνθρωπος
3352 3384 3461 3437 τὸν
3485 3400 3609 3437 παρ

2008 3483 2149 3553 τέρα
2195 3480 2382 3535 αὐτοῦ
2413 3477 2513 3532 καὶ
2540 3477 2657 3546 τὴν
2686 3477 2948 3547 μητέριν
2986 3476 3047 3530 ού
3075 3476 3136 3528 τὸ
3167 3475 3300 3545 θῆλυ
3322 3474 3458 3545 (57),
3479 3475 3609 3529 ἀλλ’

2008 3575 2038 3627 ό
2064 3574 2261 3645 ἄρρην,
2289 3571 2395 3624 ὑπὸ
2414 3570 2511 3624 τοῦ
2536 3569 2858 3640 ἐγκειμένου
2880 3568 3096 3640 οἴστρου
3122 3567 3259 3639 πρὸς
3280 3568 3380 3638 τὴν
3409 3583 3610 3620 συνου-

2013 3666 2131 3719 σίαν
2158 3664 2252 3719 τοῦ
2282 3664 2472 3737 θήλεος
2513 3662 2889 3734 ἐλαυνόμενος.
2918 3661 3027 3716 Kal
3062 3658 3613 3729 προσκολληθήσε-

2010 3774 2105 3811 ται
2131 3757 2208 3825 τῇ
2227 3756 2489 3826 γυναικὶ,
2514 3756 2698 3826 φησὶν,
2726 3757 2759 3808 ό
2778 3753 2956 3822 ἀνὴρ,
2983 3754 3081 3823 οὐχ
3100 3754 3134 3823 ἡ
3156 3750 3294 3823 γυνὴ
3320 3749 3398 3821 τῷ
3422 3750 3609 3821 ἀνδρὶ,

2011 3850 2110 3904 καὶ
2159 3847 2519 3919 γενήσονται
2548 3851 2602 3903 οι
2624 3848 2733 3902 δύο
2759 3849 2846 3913 είς
2876 3846 3077 3916 σάρκα
3103 3846 3271 3915 μίαν.
3299 3844 3517 3914 Ταύτην
3543 3844 3609 3899 δὲ

2008 3940 2110 4011 τὴν
2135 3940 2458 3995 δυναστείαν
2500 3940 2644 3994 κατὰ
2669 3940 2763 3993 τοῦ
2800 3938 3131 4010 κρατοῦντος
3168 3938 3249 4009 τῷ
3273 3937 3370 3991 τοῦ
3410 3937 3611 4010 θήλεος

2013 4033 2164 4101 γένει
2193 4032 2222 4084 ό
2262 4032 2609 4104 Δημιουργὸς
2644 4030 3026 4103 χαριζόμενος,
3054 4032 3147 4085 καὶ
3175 4031 3347 4102 αὐτὴν
3374 4029 3473 4101 τὴν
3502 4028 3601 4081 τοῦ

2009 4121 2259 4195 σώματος
2293 4122 2490 4177 πλάσιν
2513 4140 2571 4177 τε
2608 4124 2703 4176 καὶ
2734 4123 2876 4176 ἰδέαν
2918 4122 3014 4176 τοῦ
3058 4121 3250 4193 θήλεος
3279 4118 3604 4191 μαλακωτέ-

2009 4232 2111 4286 ραν
2138 4215 2451 4287 εἰργάσατο,
2501 4216 2588 4269 ἴνα
2619 4215 2712 4269 καὶ
2762 4216 2897 4286 ἁφῇ,
2932 4215 3027 4268 καὶ
3068 4213 3363 4284 βλέμματι,
3393 4214 3490 4266 καὶ
3521 4230 3602 4265 κι-

2008 4305 2234 4376 νήματι,
2270 4306 2365 4360 καὶ
2403 4308 2471 4376 τῇ
2515 4304 2625 4359 τῶν
2665 4305 2842 4376 μελῶν
2892 4304 3128 4368 συνόλως
3167 4304 3451 4375 ἁϐρότητι,
3500 4303 3601 4356 καὶ

331 4368 474 4468 δξῶν
502 4370 598 4424 καὶ
634 4368 931 4444 ὁρώμενον,
966 4370 1228 4444 μάλαγμα
1273 4373 1464 4447 ἡδονῆς
1573 4379 1652 4449 τῷ
1697 4380 1907 4453 ἆρῤενι,
1949 4368 2094 4447 κατᾶ
2148 4397 2327 4451 πᾶσαν
2356 4368 2676 4468 αἰσθήσεως.
2728 4395 3032 4468 προσϐολὴν
3073 4368 3407 4465 πανταχόθεν
3436 4412 3600 4467 προσ-

332 4463 548 4517 πῖπτον.

401 4552 460 4607 4.
499 4551 635 4608 Cum
659 4561 839 4609 autem
874 4568 936 4610 ea
966 4556 1050 4611 vis
1092 4556 1411 4626 corporibus
1439 4562 1641 4617 nostris
1684 4565 1754 4620 ob
1787 4580 1905 4623 eam

2083 4573 2138 4631 4.
2172 4574 2386 4647 Ταύτης
2412 4576 2469 4629 δὲ
2500 4577 2599 4648 τῆς
2626 4576 2743 4648 βίας
2777 4578 2834 4630 ἐν
2878 4582 2989 4643 τοῖς
3033 4588 3281 4650 σώμασιν
3309 4581 3468 4651 ήμῶν
3505 4582 3598 4638 διὰ

334 4658 497 4713 quam
536 4644 650 4713 jam
702 4646 812 4701 dixi
860 4664 1078 4704 causam
1129 4650 1289 4705 insita
1320 4651 1426 4717 sit,
1473 4654 1624 4725 virgo
1668 4659 1906 4715 animam

2039 4664 2103 4736 ὴν
2130 4644 2536 4740 προειρημένην
2555 4644 2741 4723 αἰτίαν
2771 4644 3207 4743 ἐνυπαρχούσης,
3236 4674 3269 4743 ή
3297 4644 3589 4744 παρθένος,

333 4737 632 4807 aequalem,
658 4748 715 4793 et
755 4742 1000 4798 eamdem
1029 4744 1263 4798 essentia
1298 4752 1408 4799 tum
1444 4747 1561 4802 viro
1596 4755 1711 4803 tum
1739 4751 1899 4823 621

333 4828 555 4885 femina:
582 4831 756 4887 inesse
792 4835 1164 4905 perspiciens,
1197 4845 1251 4891 et
1278 4851 1345 4892 ex
1387 4842 1632 4910 corporis
1664 4843 1716 4897 in
1756 4851 1909 4898 utro-

342 4941 447 4997 que
477 4941 607 4982 sexu
639 4926 944 4995 affectione,
977 4930 1201 4985 alteram
1225 4914 1524 4989 effeminari
1553 4938 1908 4994 considerans

332 5028 388 5074 et
415 5016 641 5073 alteram
669 5019 964 5076 masculam
999 5021 1154 5087 fieri;
1201 5031 1361 5094 atque
1398 5025 1561 5080 etiam
1601 5029 1811 5085 animas
1839 5044 1908 5084 ex

428 5202 450 5232 ⁸
478 5197 644 5254 Marc.
685 5215 744 5266 κ,
782 5202 831 5260 7.

402 5376 513 5449 (54)
548 5377 772 5449 Σαφῶς.
807 5378 897 5435 Sic
941 5389 1051 5435 tres
1088 5394 1219 5435 mss.
1256 5380 1395 5436 Editi
1419 5421 1433 5447 ,
1479 5380 1699 5450 σαψῶς,
1735 5383 1909 5436 mani-

330 5448 514 5642 :éfééi)
552 5520 766 5587 Ἀγων.
803 5529 878 5572 .ta
913 5536 1041 5576 mss.
1077 5536 1270 5576 manus
1311 5536 1471 5590 quam
1512 5522 1680 5577 editio
1707 5521 1902 5590 Paris.,

549 5657 666 5727 Τὴν
684 5658 956 5731 δύναμιν.
988 5660 1102 5717 Duo
1128 5661 1278 5731 llcgii
1304 5661 1536 5731 codices,
1560 5662 1657 5734 τὴν
1686 5663 1899 5734 ἡδονήν.

2008 4757 2128 4828 ἴσην
2164 4759 2260 4828 μὲν
2304 4760 2398 4812 καὶ
2435 4758 2534 4831 τὴν
2563 4759 2732 4832 αὐτὴν
2774 4764 2841 4832 τῇ
2871 4762 3031 4833 οὐσίᾳ
3068 4761 3267 4832 ψυχὴν,
3304 4764 3398 4815 καὶ
3436 4764 3597 4836 ἀνδρὶ

2007 4849 2102 4900 καὶ
2124 4850 2343 4915 γυναικὶ⁵
2378 4849 2796 4923 ἐνυπάρχουσαν
2824 4852 3104 4923 θεωροῦσα
3124 4872 3137 4885 ο
3178 4857 3245 4926 τῇ
3275 4854 3332 4907 δὲ
3368 4873 3501 4926 προς
3533 4858 3596 4910 -..b

2007 4937 2141 5009 θῆλύ
2166 4956 2225 4992 τε
2256 4941 2350 4993 καὶ
2374 4940 2541 5011 ἀρρεν
2563 4942 2655 4995 τοῦ
2682 4942 2931 5013 σώματος
2953 4945 3320 5017 προσπαθείᾳ,
3361 4949 3461 5019 τὴν
3493 4950 3593 5019 μὲν

2009 5027 2400 5100 θηλυνομένην,
2427 5030 2525 5102 τὴν
2571 5031 2627 5084 δὲ
2670 5033 3077 5104 άρῤενουμένην
3117 5033 3483 5102 γινώσκουσα,
3528 5038 3596 5091 ἐκ

2017 5383 2253 5452 Uterque
2283 5399 2548 5457 vulgatam
2587 5389 2871 5442 lectionem
2908 5389 3063 5445 habet
3100 5391 3164 5442 ml
3195 5392 3517 5454 marginem.

2084 5457 2198 5527 (57)
2236 5458 2347 5512 Καὶ
2381 5457 2494 5524 τὴν
2527 5459 2781 5526 μητέριν
2811 5462 2884 5513 οὐ
2917 5460 2983 5513 τὸ
3013 5459 3187 5527 θῆλυ.
3219 5464 3354 5516 Male
3389 5466 3439 5514 iu
3476 5464 3596 5515 alio

2014 5526 2157 5601 tione
2182 5526 2379 5594 Puris"
2415 5529 2476 5580 οὐ
2510 5529 2608 5601 τήν
2640 5529 2872 5601 μητέρα,
2903 5531 2965 5583 ού
2996 5531 3057 5583 τὸ
3085 5530 3242 5600 θῆλυ.
3279 5532 3478 5587 Ibidem
3504 5547 3597 5586 cu-

2011 5597 2157 5654 diccs
2188 5602 2448 5663 nonnulli,
2487 5597 2602 5652 ἀλλ’
2636 5597 2664 5652 ό
2690 5597 2877 5670 ἄρσην.
