3810 6214
129 246 229 303 C77

1322 241 1521 297 LlliER
1561 240 1649 294 DE
1686 236 2156 295 V'IRGINITATE.

3268 237 3371 294 C73

128 385 184 420 τε
209 381 308 434 της
344 362 457 417 τῶν
498 360 783 432 σωμάτων.
827 352 909 422 οἷς
939 357 1238 412 ἐνδέδενται
1263 357 1395 427 (58),
1428 359 1697 429 ερωτικῆς

1814 355 2062 409 nnatorio
2111 367 2431 423 corporum,
2488 353 2687 425 quibus
2754 352 2986 426 alligata:
3035 364 3181 421 sunt,
3237 373 3369 414 con-

132 456 460 529 συμπλοκῆς,
507 449 1151 525 μυρίαςοάναδεχομένας
1196 448 1380 503 παθῶν
1422 450 1563 514 ἰδέας
1596 450 1699 514 τὰς

128 548 296 617 ψυχὰς
319 544 632 613 καθορῶσα,
671 542 981 612 ἀποστῆσαι
1011 542 1109 611 μὲν
1130 541 1232 610 τῆς
1278 540 1412 612 πρὸς
1438 541 1498 594 τδ
1539 540 1700 612 σῶμα

131 633 496 707 προσπαθείας
544 632 747 703 ταύτην
789 632 877 685 ἀεὶ
925 630 1305 701 προθυμεῖται,
1348 630 1601 700 διακόψαι
1643 630 1701 683 δὲ

134 729 221 797 τὴν
244 725 376 797 πρὸς
415 724 480 778 τὸ
513 725 680 795 ἄρρεν
725 722 909 792 σχέσιν
937 721 1031 775 τοῦ
1065 721 1272 794 θήλεος,
1306 724 1427 784 ταῖς
1457 722 1564 774 ἀπὸ
1604 720 1697 774 τοῦ

135 816 369 886 σώματος
399 814 542 885 πρὸς
581 814 642 867 τὸ
681 815 881 867 οἰκεῖον
921 813 1085 867 καλὸν
1128 814 1496 884 ἀποστροφαῖς
1523 815 1697 881 ὲπαγ-

134 908 382 977 γέλλεται.
437 905 659 977 Ταύτην
708 905 765 958 δὲ
815 905 916 978 τὴν
956 904 1076 958 ὀδόν
1107 904 1208 974 τῆς
1242 905 1445 975 ἀρετῆς
1484 903 1700 957 ὁδεῦσαι

139 996 518 1059 σπουδάζουσα,
557 997 659 1049 οὐκ
696 995 868 1067 αὐτὴν
904 995 997 1048 τοῦ
1043 994 1314 1066 σώματος,
1345 996 1535 1066 ἥντινα
1565 995 1704 1067 πρὸς

136 1086 189 1139 τὸ
208 1085 368 1159 ἄρρεν
398 1085 514 1155 ἔχει
541 1085 743 1157 σχέσιν,
766 1085 953 1138 λοιπὸν
974 1087 1164 1149 ὲννοεῖ,
1193 1085 1330 1139 ἀλλά
1350 1087 1449 1158 τὴν
1471 1087 1529 1139 ὲν
1551 1085 1703 1156 αὐτῷ

137 1178 296 1248 ψυχήν
325 1178 622 1248 ἀσώματον
644 1172 809 1231 οὖσαν
827 1176 963 1248 (59),
987 1177 1112 1231 τινα
1145 1177 1257 1248 ἔχει
1285 1178 1420 1249 πρὸς
1444 1178 1535 1231 τὸν
1563 1176 1701 1230 ἀσώ-

141 1284 294 1337 ματον
329 1267 464 1320 Θεὸν
489 1268 818 1337 οἰκειότητα,
842 1266 955 1332 ὀξεῖ
975 1266 1054 1337 τῷ
1092 1265 1301 1337 ὅμματι
1337 1267 1703 1339 περισκέπτε-

137 1375 236 1422 ται,
265 1358 485 1413 καὶτοῦ
530 1360 825 1430 ἀσωμάτου
866 1358 1069 1431 ἔρωτος
1105 1358 1284 1429 πολλῷ
1320 1358 1702 1429 λαμπροτέραν

139 1451 373 1521 ἁνάψασα
396 1450 511 1522 (60)
539 1451 641 1524 τὴν
663 1451 941 1524 λαμπάδα,
971 1454 1085 1514 τοῖς
1124 1451 1263 1522 ὑπὲρ
1295 1450 1462 1505 αὑτοῦ
1494 1450 1702 1523 ἱδρῶσι,

138 1542 332 1613 γυμνὴν
352 1543 449 1596 καὶ
473 1541 875 1614 ἀνεπαίσθητον
896 1541 1005 1595 τῶν
1028 1542 1085 1596 ὲν
1172 1541 1238 1612 ζῇ
1264 1539 1478 1612 σώματι
1502 1540 1705 1613 ἡδονῶν

1806 460 2036 515 gressu,
2077 445 2392 500 innumeras
2445 447 2687 516 recipere
2737 445 3080 502 affectionum
3126 448 3370 519 species;

1802 538 2041 590 animam
2088 551 2119 591 a
2158 536 2405 607 corporis
2438 537 2723 595 affectione
2762 554 2976 608 semper
3013 548 3240 595 conatur
3278 542 3371 597 ab-

1800 625 2031 692 ducere;
2070 624 2285 680 feminae
2311 641 2438 681 vero
2463 640 2590 698 erga
2626 627 2920 684 masculum
2953 627 3323 685 habitudinem
3344 668 3362 694 ,

1801 732 1922 772 sese
1953 732 1983 771 a
2008 732 2237 787 corpore
2280 719 2346 772 ad
2382 718 2547 773 decus
2587 728 2642 771 et
2677 726 3058 774 ornamentum
3102 719 3203 774 sibi
3249 736 3372 790 pru-

1803 809 1981 876 prium
2027 808 2410 871 convertendo,
2438 806 2760 863 intercidere
2792 808 3099 875 proﬁtetur.
3129 807 3241 864 lloc
3271 810 3372 864 iter

1804 898 2022 953 virtutis
2062 911 2320 970 peragere
2353 900 2576 954 studens
2597 938 2613 963 ,
2644 913 2750 953 non
2781 898 2894 967 jam
2922 898 3093 969 ipsam
3129 899 3373 968 corporis

1809 1005 1936 1060 erga
1964 989 2262 1046 masculum
2294 990 2661 1045 habitudinem
2682 992 3010 1059 considerat,
3035 992 3131 1047 sed
3153 993 3371 1057 animae,

1805 1095 1925 1150 quae
1942 1080 1996 1134 in
2029 1095 2254 1150 corpore
2280 1081 2596 1151 incorporea
2618 1091 2721 1148 est,
2748 1083 2925 1153 qualis
2952 1084 3023 1139 sit
3042 1098 3163 1139 cum
3195 1085 3372 1141 incur-

1807 1186 1972 1242 porco
2010 1171 2119 1227 Deo
2141 1172 2396 1239 afﬁnitas,
2426 1174 2595 1230 veloci
2623 1174 2782 1232 oculo
2808 1175 3076 1244 intuetur;
3111 1187 3167 1233 et
3190 1177 3373 1233 incor-

1806 1262 1954 1333 porci
1986 1263 2190 1318 amoris
2217 1263 2376 1335 longo
2399 1264 2817 1335 Splendidiorem
2847 1266 3019 1322 facem
3050 1271 3370 1331 accendens,

1811 1354 2105 1410 sudoribus
2128 1369 2228 1424 pro
2256 1370 2321 1411 eo
2343 1357 2691 1425 perferendis,
2719 1357 2918 1412 nudam
2957 1366 3015 1414 et
3038 1359 3374 1429 voluptatum

1806 1446 2071 1515 corporis,
2099 1446 2152 1500 in
2181 1462 2290 1515 quo
2317 1447 2450 1502 vivit
2474 1487 2490 1510 ,
2541 1451 2881 1520 inexpertam
2910 1450 3258 1521 semetipsam
3283 1464 3376 1505 ex-

1809 1535 1997 1591 hibere
2029 1547 2280 1592 conatur.
2319 1538 2451 1592 Cum
2508 1539 2672 1610 igitur
2717 1539 2960 1595 divinum
2984 1554 3134 1603 vere.
3160 1549 3215 1595 et
3242 1541 3376 1597 inta-

140 1632 319 1703 ἑαυτὴν
339 1632 612 1699 ἐπιδεῖξαι
637 1632 948 1697 σπουδάζει.
986 1632 1205 1704 Ἐπειδὴ
1227 1626 1321 1685 οῦν
1367 1631 1509 1684 θεῖον
1537 1630 1705 1694 ὀντως

1814 1630 2023 1683 minata!
2047 1629 2241 1683 anima:
2272 1628 2548 1699 proprium
2588 1630 2842 1701 quiddam
2874 1632 2944 1686 sit
2974 1631 3280 1702 virginitas,
3313 1648 3379 1689 ac

137 1726 221 1776 καὶ
252 1725 346 1794 τῆς
380 1725 656 1796 ἀχράντου
698 1724 874 1796 ψυχῆς
902 1723 1177 1793 ἐξαίρετόν
1212 1741 1264 1777 τι
1290 1723 1534 1795 χρῆμαὴ
1567 1738 1705 1792 παρ-

1814 1716 1936 1772 talis
1983 1717 2352 1773 masculorum
2390 1726 2446 1773 et
2500 1718 2859 1775 femineorum
2908 1735 3198 1790 corporum
3235 1721 3378 1775 inter

138 1814 273 1866 θενία
288 1815 422 1878 ἐστὶ,
439 1814 666 1885 τοιαύτη
689 1813 746 1867 δὲ
770 1814 913 1883 καὶὴ
934 1813 1041 1865 τῶν
1065 1812 1309 1885 ἀρρένων
1336 1828 1395 1864 τε
1421 1810 1516 1863 καὶ
1533 1808 1708 1878 θηλει-

139 1903 205 1953 ῶν
233 1903 495 1974 σωμάτων
530 1904 667 1974 πρὸς
696 1902 901 1974 ἄλληλα
929 1900 1132 1972 σχέσις,
1158 1903 1191 1971 ἡ
1219 1900 1277 1954 δὲ
1302 1899 1413 1971 (61)
1439 1898 1707 1970 παρθένος

140 1994 274 2049 οὐδὲν
307 1996 407 2065 τῆς
458 1995 658 2067 θήλεος
701 1994 896 2066 ἡδονῆς
931 1991 1301 2064 ἐπιφερομένη
1348 1992 1413 2044 ὲκ
1456 1988 1707 2060 σώματος

144 2084 396 2156 μόλυσμα,
418 2086 603 2139 πάντα
622 2085 678 2138 δὲ
706 2083 775 2138 τά
807 2083 1007 2154 σαρκὸς
1038 2082 1185 2153 πάθη
1218 2081 1441 2147 ἐκδῦσα,
1465 2079 1705 2151 καθαρὰν

144 2175 323 2246 ἑαυτήν
350 2175 430 2246 τῷ
458 2175 604 2246 Θεῷ,
648 2169 709 2230 οὗ
742 2176 873 2247 ὲρᾷν
914 2172 1328 2243 ἐπαγγέλλεται,
1360 2172 1706 2244 παραστῆσαι

146 2261 488 2334 φιλοτιμεῖται
505 2280 521 2294 ο
552 2263 711 2334 δῆλον
741 2263 817 2326 ὡς
850 2261 1085 2333 βιαστῶν
1112 2260 1223 2332 (62)
1251 2256 1413 2314 ἆθλον
1441 2256 1579 2314 εἶναι
1607 2260 1706 2330 τὴν

144 2352 240 2405 τῶν
263 2352 504 2423 οὐρανῶν
531 2352 812 2422 βασιλείαν
843 2350 1208 2418 γινώσκουσα,
1253 2348 1546 2419 βιάσασθαι
1572 2347 1708 2419 πρὸς

147 2441 226 2495 τὸν
254 2442 615 2513 προκείμενον
650 2440 852 2494 σκοπὸν
891 2439 991 2512 τὴν
1030 2438 1232 2508 ἑαυτῆς
1265 2436 1427 2507 φύσιν
1472 2435 1703 2505 ὀφείλει·

148 2531 252 2598 οὐχ).
273 2531 370 2601 τῆς
400 2531 542 2603 πρὸς
571 2531 664 2583 τὸν
693 2530 871 2602 γάμον
914 2529 1265 2602 ἐρεθιζούσης
1312 2531 1369 2583 ὲν
1405 2528 1485 2600 τῷ
1522 2528 1707 2599 τοιῷδε

152 2622 496 2694 πεπλασμένῳ
545 2621 757 2693 σώματι
800 2621 996 2693 ἡδονῆς
1043 2621 1202 2693 μόνον
1243 2619 1543 2693 κρατοῦσα,
1572 2620 1708 2673 ἀλλὰ

150 2713 268 2783 πρὸς
296 2715 400 2768 πᾶν
428 2709 574 2777 εἶδος
603 2713 794 2785 ἡδονῆς
817 2713 1100 2784 καρτερῶς
1135 2711 1416 2782 ἱσταμένη.
1446 2711 1565 2765 Μία
1598 2711 1707 2781 γὰρ

152 2798 266 2857 οὖσα
284 2804 357 2875 τῷ
381 2805 535 2875 γένει
564 2806 598 2876 ἡ
627 2803 811 2875 ἡδονὴ,
842 2802 1028 2875 ῶσπερ
1066 2802 1215 2873 πηγή
1244 2819 1328 2864 τις
1359 2801 1465 2855 ἀπὸ
1490 2800 1707 2872 σαρκῶν

152 2892 437 2959 ἀναϐλύζει,
459 2893 561 2945 καὶ
582 2890 833 2962 καθάπερ
861 2891 940 2954 εἰς
971 2890 1132 2943 πέντε
1152 2889 1393 2960 ὀχετοὺς,
1421 2889 1520 2953 τὰς
1545 2891 1708 2942 πέντε

154 2982 407 3055 αἰσθήσεις
437 2982 798 3054 διαιρεθεῖσα,
844 2980 931 3035 διὰ
978 2982 1182 3035 τούτων
1215 2983 1311 3035 ἐπὶ
1363 2981 1433 3034 τὰ
1476 2980 1709 3052 αἰσθητά

1809 1821 1868 1861 se
1901 1806 2195 1873 haditudo;
2232 1823 2464 1877 cumque
2493 1809 2646 1878 virgo
2676 1808 2877 1865 nullam
2935 1809 3181 1866 femineas
3227 1810 3377 1867 volu-

1807 1898 1971 1966 ptatis
2002 1897 2176 1953 labem
2213 1912 2278 1952 ex
2302 1913 2529 1967 corpore
2564 1901 2784 1956 trahens
2802 1941 2818 1966 ,
2838 1916 2900 1956 ac
2926 1901 3178 1957 omnibus
3197 1902 3377 1959 carnis

1808 1986 2092 2044 aﬂ‘ectibus
2138 1999 2334 2054 exuta,
2370 2005 2558 2060 puram
2595 1992 2941 2062 semetipsam
2971 1992 3102 2059 Deo,
3129 2007 3289 2063 quem
3318 2008 3381 2049 se

1806 2080 2094 2150 prolltetur
2122 2080 2346 2148 diligere
2370 2121 2387 2146 ,
2410 2082 2671 2139 exhibere
2715 2091 2976 2150 conetur;
3031 2085 3378 2155 perspicuum

1809 2183 1895 2230 est
1934 2189 2055 2231 eam
2115 2176 2259 2231 haud
2309 2176 2641 2246 ignorantem
2692 2177 3050 2233 violentorum
3095 2178 3379 2250 praemium

1807 2280 1930 2321 esse
1962 2265 2223 2322 caelorum
2274 2281 2523 2338 regnum,
2575 2268 2679 2323 vim
2714 2268 2918 2325 inferre
2949 2270 3018 2325 ad
3046 2269 3379 2340 propositum

1809 2372 2031 2426 scopum
2067 2367 2276 2413 naturae
2301 2372 2414 2413 suae
2450 2359 2801 2426 debere;‘ita
2837 2366 2896 2414 ut
2942 2375 3046 2416 non
3076 2361 3250 2416 solum
3277 2360 3379 2416 sti-

1808 2445 2106 2502 mulantem
2144 2447 2212 2502 ad
2259 2448 2476 2518 nuptias
2515 2448 2567 2502 in
2602 2462 2828 2518 corpore
2876 2449 2955 2505 sic
3008 2450 3184 2506 edicto
3220 2451 3378 2506 volu-

1807 2543 2012 2605 ptatem
2049 2544 2288 2607 superet,
2341 2537 2434 2592 sed
2463 2537 2625 2592 etiam
2655 2538 2805 2594 omni
2854 2540 3145 2610 voluptatis
3181 2541 3383 2610 speciei

1812 2629 2025 2683 fortiter
2051 2630 2287 2684 resistat.
2325 2627 2446 2685 Una
2477 2631 2622 2685 enim
2647 2645 2770 2686 cum
2793 2631 2863 2703 sit
2892 2647 3090 2701 genere
3110 2632 3378 2703 voluptas,

1810 2717 1978 2771 veluti
2012 2716 2133 2773 fons
2163 2719 2381 2788 quidam
2416 2732 2447 2772 a
2485 2720 2741 2791 carnibus
2772 2702 3034 2789 scaturit,
3060 2730 3114 2777 et
3143 2702 3288 2777 velut
3318 2723 3375 2779 in

1808 2806 2049 2877 quinque
2088 2807 2325 2873 canales,
2355 2808 2427 2863 ita
2467 2808 2520 2863 in
2550 2810 2785 2879 quinque
2820 2825 3011 2866 sensus
3042 2811 3245 2879 divisa,
3279 2828 3377 2883 per

1809 2911 1903 2951 eos
1928 2897 1995 2952 ad
2029 2899 2305 2953 sensibilia
2336 2900 2405 2955 ab
2436 2899 2642 2955 intimis
2667 2898 2804 2955 fluit.
2831 2900 3072 2968 Quorum
3105 2902 3376 2957 canalium

1812 2988 2218 3058 unusquisque,
2278 3004 2374 3058 per
2428 2990 2708 3059 proprium
2771 3006 3027 3047 sensuum
3082 2991 3375 3061 foramen,

156 3047 341 3128 ἔνδοθεν
369 3047 471 3146 psi.
501 3047 605 3127 τόν
629 3073 879 3136 ἕκαστος,
902 3072 991 3126 διὰ
1014 3072 1115 3142 τῆς
1150 3071 1355 3136 οἰκείας
1383 3072 1493 3125 τῶν
1522 3047 1705 3144 αἰσθη-

1814 3073 2068 3132 ﬂuentum
2103 3093 2261 3132 suum
2305 3078 2358 3132 in
2391 3095 2547 3135 suum
2579 3080 2837 3137 sensibile
2874 3083 3224 3139 vehementer
3254 3085 3380 3160 inii:

154 3165 335 3236 τηρίων
363 3166 529 3236 ὀπῆς,
558 3165 622 3217 τὸ
651 3162 843 3217 ἑαυτοῦ
875 3163 1086 3234 ῥεῖθρον
1118 3162 1196 3233 τῷ
1224 3162 1347 3216 καθ’
1388 3163 1583 3217 ἑαυτὸν
1622 3165 1711 3217 αἰ·-

159 3256 319 3328 σθητῷ
352 3256 601 3331 σφοδρῶς
640 3255 947 3328 ἐμϐάλλων,
983 3256 1091 3309 πᾶν
1124 3256 1177 3308 εί
1200 3272 1253 3308 τι
1282 3255 1542 3323 συγγενὲς
1571 3256 1711 3308 ἀπο-

158 3346 339 3412 κλύσας
386 3349 524 3420 πρὸς
555 3348 749 3402 ἑαυτὸν
776 3347 888 3418 (65)
920 3346 1274 3419 ὲπισύρεται·
1316 3346 1458 3410 ἰλύος
1511 3363 1571 3398 τε
1614 3350 1713 3418 τῆς

159 3435 251 3488 ἀπὸ
286 3437 497 3509 σαρκῶν
538 3435 846 3508 πληρωθεὶς
859 3435 994 3508 (64),
1029 3437 1122 3489 καὶ
1156 3436 1458 3506 χειμάρρου
1508 3435 1712 3507 τρόπον

159 3528 500 3600 ἀντιστρόφως
528 3525 685 3591 αὖθις
708 3528 817 3583 ἀπὸ
844 3527 953 3582 τῶν
979 3526 1082 3593 ἔξω
1107 3527 1196 3580 διὰ
1223 3527 1332 3580 τῶν
1360 3527 1538 3580 αὐτῶν
1566 3527 1712 3580 ὀπῶν

162 3622 229 3683 εἰς
253 3623 342 3685 τὰς
371 3623 578 3695 σαρκὸς·
618 3622 763 3685 δίνας
795 3621 1047 3693 ὀξύτερον
1083 3622 1241 3693 ῥέων,
1268 3620 1367 3692 τὴν
1401 3619 1571 3690 αὐτῆς
1606 3619 1712 3690 ψυ-

164 3711 246 3780 χὴν
279 3714 551 3783 κυμαίνων
590 3715 702 3776 τοῖς
749 3711 977 3767 πάθεσιν
1015 3711 1345 3785 ὑποϐρύχιον
1390 3710 1568 3784 φέρει.
1620 3710 1713 3765 Διὸ

164 3802 443 3870 ἀναγκαίως
474 3806 510 3876 ἡ
544 3803 809 3874 παρθένος
843 3802 1045 3872 ὀφείλει
1069 3806 1189 3867 ταῖς
1209 3802 1316 3855 τῶν
1343 3801 1711 3874 αἰσθητηρίων

165 3891 299 3957 ὀπαῖς
328 3896 415 3949 τὸν
444 3895 705 3966 λογισμὸν
739 3894 972 3966 φρουρὸν
1004 3894 1363 3964 ὲπιστὴσᾳσα,
1404 3896 1499 3965 τήν
1528 3909 1588 3945 τε
1620 3892 1712 3944 ἐπὶ

165 3983 223 4035 τὰ
239 3982 332 4050 ἔξω
353 3987 556 4041 τούτων
581 3986 770 4059 φορὰν,
797 3986 897 4040 οὐκ
920 3985 1144 4048 ἀνέτους
1165 3983 1500 4052 ἁπαξαπλῶς
1528 3983 1713 4047 αὐτοῖς

166 4075 473 4150 ἑφιεῖσα(65)
516 4078 615 4141 τάς
651 4077 937 4142 διεξόδους,
980 4076 1293 4149 σύμμετρόν
1338 4094 1397 4130 τε
1437 4076 1533 4129 καί⁵
1579 4077 1711 4146 ἡρε-

170 4168 301 4233 μαῖον
332 4170 616 4242 παρέχειν·
650 4169 738 4223 ἵνα
771 4169 846 4241 μὴ
879 4168 1171 4231 ἀκωλύτως
1199 4168 1334 4239 πρὸς
1365 4166 1400 4222 ἀ
1432 4166 1710 4238 βούλονται

168 4257 465 4329 ἐκχεόμενοι,
499 4259 897 4331 ὲπινηχομένην
926 4261 1109 4322 αὐτοῖς
1142 4259 1253 4312 ἐσθ’
1287 4261 1376 4312 ὅτε
1401 4259 1501 4331 τὴν
1533 4258 1709 4329 ψυχὴν

1812 3169 1981 3232 ciens,
2019 3170 2281 3240 quidquid
2309 3170 2412 3225 sibi
2444 3179 2735 3243 cognatum
2775 3173 2940 3229 fuerit
2967 3175 3193 3232 abluens
3221 3177 3287 3232 ad
3320 3192 3382 3235 se

1812 3261 2121 3330 pertrahit:
2170 3270 2225 3317 et
2270 3262 2473 3318 carnali
2517 3264 2774 3333 impletus
2814 3266 2966 3331 limo,
3015 3281 3079 3322 ac
3120 3270 3382 3326 torrentis

1813 3354 1986 3408 instar
2007 3390 2023 3418 ,
2054 3367 2243 3409 rursus
2275 3368 2539 3410 converso
2571 3363 2719 3411 motu
2739 3396 2754 3421 ,
2789 3356 2857 3412 ab
2889 3357 3252 3413 exterioribus
3285 3374 3382 3428 per

1814 3445 2008 3500 eadem
2035 3444 2302 3500 foramina
2331 3444 2383 3499 in
2405 3447 2590 3502 carnis
2612 3447 2848 3503 vortices
2870 3448 3125 3503 celeriter
3157 3448 3296 3516 fluit,
3328 3458 3382 3505 et

1813 3535 2051 3589 animam
2086 3535 2337 3604 quatiens
2357 3537 2825 3607 perturbationum
2853 3536 3104 3594 ﬂuctibus
3133 3540 3383 3595 submer~

1812 3628 1907 3697 git.
1948 3626 2311 3693 Quamobrem
2363 3629 2675 3685 necessario
2711 3629 2873 3686 debet
2921 3630 3073 3698 virgo
3123 3645 3381 3686 sensuum

1813 3719 2077 3774 meatibus
2107 3718 2375 3774 rationem
2418 3720 2696 3775 custodem
2736 3719 3035 3791 praeficiens
3061 3760 3077 3785 ,
3115 3735 3239 3776 cum
3284 3735 3383 3777 eo-

1812 3823 1932 3862 rum
1984 3808 2053 3863 ad
2101 3810 2372 3864 exteriora
2416 3818 2642 3877 motum,
2670 3824 3014 3880 nequaquam
3055 3809 3228 3867 libero
3273 3811 3383 3867 illis

1811 3897 2015 3967 passim
2060 3898 2208 3953 exitu
2238 3913 2531 3967 concesso,
2564 3899 2900 3955 moderatum
2926 3914 2991 3955 ac
3033 3900 3381 3970 tranquillum

1811 3988 2054 4056 ellicere;
2092 4004 2161 4044 ne
2192 3989 2365 4045 libere
2406 4004 2733 4060 quocunque
2758 3990 3029 4047 voluerint
3060 3989 3239 4056 effusi,
3263 4000 3382 4045 tan-

1812 4079 1934 4135 dem
1967 4078 2254 4150 aliquando
2285 4081 2521 4135 animam
2548 4080 2678 4150 ipsis
2701 4088 3141 4149 supernatantem
3161 4120 3177 4147 ,
3215 4082 3283 4136 ad
3312 4097 3379 4138 ea

1813 4185 1934 4239 quae
1971 4169 2072 4225 sibi
2119 4169 2339 4240 propria
2394 4179 2519 4226 sunt
2560 4162 2845 4241 agitantes
2872 4172 3234 4242 pertrabant:
3268 4182 3379 4229 tum

1811 4261 1975 4316 etiam
2006 4275 2193 4316 eorum
2228 4258 2512 4326 ﬂuentum,
2537 4260 2663 4316 dum
2691 4262 3029 4319 extrinsecus
3058 4264 3112 4318 in
3142 4266 3379 4320 animam

170 4345 284 4414 πρὸς
326 4348 389 4402 τά
434 4352 613 4404 οἰκεῖα
661 4349 1018 4420 κυμαίνοντες
1068 4348 1446 4420 κατασύρωσι’
1503 4349 1598 4402 καὶ
1649 4347 1705 4401 τό

1814 4366 2042 4421 pronum
2067 4351 2353 4420 relabitur,
2378 4353 2687 4408 constrictis
2709 4356 2980 4411 meatibus
3004 4356 3302 4427 percolare,
3326 4367 3379 4413 et

170 4429 341 4494 ἔξωθεν
391 4438 475 4491 ἐπ’
516 4437 684 4509 αὐτὴν
728 4434 884 4500 αὖθις
935 4436 1112 4490 αὐτῶν
1166 4438 1463 4509 φερόμενον
1508 4436 1707 4508 ῥεῦμα,

172 4520 393 4581 θλίϐουσα
414 4533 534 4593 ταῖς
562 4529 722 4593 ὀπαῖς
750 4528 974 4600 διηθεῖν,
1001 4531 1096 4583 καὶ
1119 4532 1319 4594 παντὸς
1352 4529 1523 4602 ῥύπου
1552 4529 1715 4582 καθα-

174 4614 251 4682 ρὸν
282 4621 354 4683 εἰς
382 4621 550 4693 αὐτὴν
581 4621 989 4692 παραπέμπειν,
1022 4620 1107 4674 ἵνα
1141 4620 1215 4692 μὴ
1256 4623 1320 4693 τῇ
1352 4621 1459 4674 ἀπὸ
1489 4620 1708 4693 σαρκῶν

177 4680 264 4759 ua:
292 4680 672 4783 πλημμόροῡνξ
702 4711 769 4781 ἣν
796 4680 1057 4781 mea,
1094 4680 1396 4784 ιτὶεᾶύρέιτο
1413 4710 1545 4783 (66),
1564 4680 1728 4781 ’δληςῗ

175 4797 319 4871 αὐτὴν
347 4806 452 4868 τοῖς
473 4804 695 4866 οἰκείοις
723 4801 1029 4874 μολύσμασι
1065 4803 1335 4874 ταράσσον
1366 4802 1576 4878 θολὼσῃ

234 4953 334 5026 (58)
369 4956 755 5013 'Erdédmat.
798 4957 891 5013 Sic
939 4957 1181 5026 legerunt
1212 4957 1555 5026 interpretes,
1596 4960 1700 5013 sic-

177 5032 265 5096 gue
288 5025 471 5082 habent
492 5031 597 5083 duo
627 5030 839 5096 codices
870 5025 1009 5080 mss;
1026 5029 1220 5094 quibus
1247 5028 1424 5080 favent
1451 5028 1541 5081 alii
1573 5029 1699 5094 duo,

174 5095 223 5163 jlt
248 5095 431 5167 quibus
459 5097 668 5167 legitur,
701 5095 1004 5167 adeat-:th
1017 5096 1176 5167 Edtti,
1206 5095 1524 5167 ἐνδέδυνται.

1814 4445 1883 4499 ab
1910 4443 2057 4500 omni
2079 4443 2238 4499 sorde
2269 4458 2461 4514 purum
2500 4444 2889 4511 transmittere,
2912 4461 2979 4501 ne
3015 4448 3219 4504 carnali
3250 4449 3379 4505 limo

1814 4536 2115 4600 exundans,
2150 4549 2310 4604 quem
2333 4549 2430 4605 per
2462 4536 2687 4592 vitiosos
2713 4535 2939 4592 affectus
2977 4539 3178 4605 traxit,
3214 4548 3377 4595 totam

1815 4624 1961 4680 illam
1987 4624 2101 4680 suis
2124 4624 2544 4695 inquinamentis
2569 4625 2871 4681 obturbans
2886 4628 3238 4683 contaminet.

1871 4955 1979 5027 (6‘2)
2009 4954 2303 5011 Βιαστῶν.
2375 4955 2467 5011 Sic
2519 4971 2648 5011 mss.
2691 4967 2940 5025 quatuor.
3012 4954 3175 5014 Editi.
3221 4955 3374 5011 ϐιασ-

1798 5024 1909 5079 τόν.

1872 5096 1983 5165 (65)
2024 5095 2401 5164 Ἀποκλύσας
2434 5096 2583 5165 πρὸς
2605 5095 2840 5151 ἑαυτόν.
2871 5092 3216 5165 Sicquatuor
3240 5110 3373 5149 mss.

238 5162 576 5235 (59)01'Saa'r.
622 5162 678 5219 In
710 5168 948 5221 editione
974 5164 1263 5220 Parisiensi
1307 5181 1405 5235 pro
1446 5168 1547 5222 hac
1576 5182 1705 5223 voce

1814 5162 2095 5218 Editi‘cum
2145 5162 2487 5231 Colliertitto,
2525 5165 2837 5235 ἀποκλύσαν
2882 5164 3019 5233 πρὸς
3056 5165 3238 5218 ἑαυτό.
3284 5166 3374 5220 Sit:

178 5224 377 5306 legitur,
394 5235 605 5306 ἔχουσα.

238 5303 334 5373 (60)
369 5303 695 5375 Ἀ’ἱιάψασα.
744 5304 836 5375 Sic
880 5314 991 5375 tres
1036 5303 1280 5375 codices_
1303 5319 1466 5371 mss.,
1510 5304 1706 5359 melius

1800 5238 1964 5287 etiam
2005 5251 2142 5290 unus
2164 5252 2230 5290 ex
2279 5236 2479 5304 Regiis,
2516 5240 2609 5291 sed
2642 5234 2875 5290 secunda
2911 5250 3069 5286 manu

1871 5301 2473 5375 (ϐυβληρωθείςῖιιιι
2508 5321 2634 5360 mss.
2670 5307 2928 5375 quinque.
2963 5304 3124 5369 EJiti,
3157 5301 3391 5373 πληρῶ--

180 5372 323 5446 (Inani
354 5372 858 5444 εάὶιί,’ἀνάψασθαι.
895 5374 1014 5446 Mox
1062 5374 1224 5446 editio
1249 5372 1448 5446 Paris.,
1494 5376 1705 5446 γυμνήν

1814 5372 1928 5446 σαν.
1964 5372 2088 5446 Mox
2111 5372 2216 5429 duo
2246 5376 2485 5440 codices,
2508 5374 2606 5446 τὴν
2633 5372 2699 5440 ἐξ
2732 5373 2943 5434 αὐταῖς.
2984 5375 3085 5428 Alii
3117 5372 3375 5445 ιιυο,⁷τὴν

179 5450 245 5489 τε.
278 5439 419 5497 Deest
442 5439 627 5499 v0cula
648 5439 727 5497 σε·
754 5445 804 5499 in
827 5444 1062 5499 editione
1092 5442 1292 5497 Veneta
1319 5452 1376 5498 et
1416 5445 1470 5498 in
1505 5439 1634 5499 inss.

240 5508 338 5579 (6i)
362 5512 449 5568 Δέ.
481 5514 675 5569 Vocula
715 5528 785 5567 ex
830 5528 958 5567 mss.
1012 5524 1069 5567 et
1103 5514 1339 5567 editione
1368 5512 1577 5567 Veneta
1611 5516 1708 5567 ad—

183 5572 395 5716 Ἑξῃόξι.
431 5584 594 5641 Paulo
625 5592 743 5655 post
782 5598 917 5639 unus
947 5597 1014 5641 ex
1045 5582 1228 5652 Regiis
1292 5582 1438 5654 πάθη
1472 5582 1701 5637 é/a-m.

1803 5443 1861 5493 ὲν
1888 5442 2130 5506 ταύταις.

1898 5513 1986 5584 65)
2024 5512 2321 5584 φἘεςιεῖσα.
2361 5512 2609 5568 Nonnulli
2641 5513 2877 5575 codices,
2918 5516 3141 5584 ἀφιεῖσα

1898 5513 1986 5576 65)
2033 5513 2321 5581 Ἐεςιεῖσα.
2361 5513 2609 5568 Nonnulli
2641 5513 2877 5575 codices,
2918 5516 3141 5584 ἀφιεῖσα

1876 5513 1985 5653 ξϋϐ)
2022 5582 2407 5652 Ἐπεσύρατο.
2443 5585 2588 5640 Unus
2634 5587 2800 5641 codex
2865 5586 3082 5656 Regius,
3115 5580 3375 5655 ἐπεσύρε-

1807 5667 1892 5705 το.
