3810 6214
362 225 467 281 679

1309 215 1652 271 APPENDIX
1688 213 1974 272 OPERUM
2014 215 2070 270 S.
2113 213 2358 270 BASlLll
2397 212 2633 269 MAGNI.

3517 215 3618 272 680

433 334 598 409 632
637 335 692 390 5.
747 332 914 401 Igitur
948 344 1122 400 neque
1149 328 1333 384 oculos
1380 330 1448 385 ad
1480 344 1696 385 omnem
1738 331 1937 398 passim

2113 327 2167 382 5.
2199 327 2409 381 Οὐκοῦν
2437 327 2558 382 οὔτε
2586 328 2714 390 τοὺς
2740 327 3051 399 ὀφθαλμοὺς
3076 329 3211 401 πρὸς
3231 330 3412 385 πᾶσαν
3434 331 3621 397 ἁπλῶς

362 445 545 486 rerum
582 425 869 481 visibilium
903 431 1182 491 aspectum
1209 421 1436 489 aperiet,
1460 436 1530 476 ne
1559 422 1687 476 dum
1717 436 1936 475 omnem

363 523 482 578 sine
514 516 829 573 discrimine
854 514 1150 584 ﬁgurarum
1180 521 1236 567 et
1266 512 1564 568 formarum
1590 514 1828 582 speciem
1848 514 1945 566 ad-

361 612 567 673 sciscit,
592 607 705 664 suis
725 605 869 659 illam
897 603 1224 673 imaginibus
1245 602 1587 671 perturbent.
1609 603 1747 669 Quin
1771 603 1939 655 etiam

363 705 492 760 dum
532 704 599 756 ad
635 700 813 769 aliqua
849 695 1163 766 aspicienda
1200 696 1540 765 aperientur,
1570 696 1640 749 ob
1686 709 1942 749 necessaa

364 795 505 851 rium
559 791 626 846 ad
669 792 808 843 hanc
836 787 1003 841 vitam
1047 786 1184 841 lucis
1236 802 1394 841 usum
1421 823 1436 853 ,
1472 786 1716 856 corporis
1755 786 1896 840 oculi
1923 822 1939 851 ,

366 887 559 942 animae
590 881 776 938 oculos
823 879 1037 936 claudet
1068 896 1084 933 :
1119 877 1187 931 ad
1240 878 1352 932 veri
1385 889 1565 931 autem
1616 877 1857 943 luminis,
1886 886 1943 931 et

364 973 806 1049 pulchritudinis,
858 986 978 1042 quae
1032 971 1131 1041 ipsi
1184 971 1289 1025 hoc
1351 970 1556 1025 lumine
1612 971 1939 1037 ostenditur,

364 1067 890 1127 considerationem,
941 1064 1107 1117 etiam
1165 1072 1324 1118 antea
1371 1063 1589 1117 clausos
1653 1063 1943 1129 diligenter

364 1159 589 1229 aperiet.
619 1157 804 1224 Neque
841 1169 1030 1208 aurem
1060 1154 1209 1208 omni
1245 1153 1514 1220 colloquio
1536 1154 1655 1209 sine
1688 1156 1943 1208 examine

363 1249 642 1320 praebebit,
698 1245 793 1299 sed
845 1244 1031 1311 pravis
1074 1242 1295 1312 quidem
1346 1244 1722 1309 sermonibus,
1777 1242 1940 1297 veluti

360 1339 581 1393 cuidam
622 1333 984 1405 graveolentis
1015 1333 1235 1402 soporis
1269 1331 1526 1401 impulsui
1566 1346 1686 1385 eam
1718 1331 1943 1386 obsera-

364 1432 478 1496 bit;
525 1431 766 1485 honestis
815 1436 1001 1481 autem
1038 1437 1092 1482 et
1122 1441 1320 1497 purum
1349 1426 1686 1482 stillantibus
1720 1427 1942 1481 virtutis

362 1524 604 1587 laticem,
635 1522 878 1577 studiose
907 1519 1355 1575 accommodabit.
1387 1518 1451 1572 Et
1481 1528 1696 1588 gustum
1723 1519 1939 1588 quidem

364 1620 624 1675 suavibus
653 1630 867 1685 semper
898 1614 1195 1668 inhiantem
1226 1610 1461 1665 frenabit
1497 1612 1725 1677 ratione,
1752 1609 1818 1663 ad
1848 1624 1940 1664 ne-

362 1710 597 1766 cessaria
632 1678 813 1764 autem
849 1704 1199 1776 percipienda
1224 1702 1406 1757 sobrie
1449 1702 1798 1771 temperabit.
1828 1699 1933 1753 Ta-
1973 1678 2014 1732 Β

364 1808 509 1855 ctum
541 1805 744 1863 autem,
788 1804 847 1851 ut
881 1791 1367 1849 illiberalissimum
1399 1790 1641 1844 omnium
1682 1802 1939 1843 sensuum

365 1893 566 1961 quique
600 1896 827 1944 caeteros
855 1900 1045 1941 omnes
1070 1880 1295 1953 propria
1324 1880 1561 1963 lzevitate
1587 1879 1659 1933 ad
1691 1878 1942 1947 voluptas

365 1992 476 2039 tem
511 1983 671 2038 veluti
705 1980 1029 2051 quibusdam
1062 1976 1350 2048 praestigiis
1386 1974 1612 2044 pellicit,
1640 1987 1837 2042 purum
1875 1969 1944 2025 ab

368 2074 520 2130 omni
550 2087 776 2143 prorsus
805 2069 1162 2139 cupiditatum
1200 2072 1411 2122 macula
1452 2079 1614 2135 quam
1641 2063 1941 2117 accuratis-

364 2168 500 2222 sime
524 2164 781 2221 servabit.
826 2162 927 2217 Hic
965 2161 1108 2216 enim
1144 2166 1260 2215 toto
1291 2172 1520 2227 corpore
1555 2153 1808 2221 diﬁ'usus,
1840 2168 1942 2222 per

370 2272 542 2319 totam
568 2263 718 2316 illius
755 2258 1096 2330 superﬁciem
1124 2295 1141 2323 ,
1176 2272 1281 2311 non
1308 2271 1427 2311 eam
1473 2252 1645 2307 solum
1694 2265 1814 2319 qua:
1843 2265 1942 2303 ex-

366 2356 637 2409 trinsecus
684 2358 928 2422 apparet,
955 2351 1051 2405 sed
1093 2363 1211 2404 eam
1262 2348 1427 2401 ctiam
1462 2360 1581 2414 qua:
1611 2344 1943 2399 reconditior

365 2454 485 2509 est,
519 2446 585 2499 ad
616 2445 844 2498 vitiosos
889 2447 1172 2497 contactus
1204 2438 1545 2509 tyrannidem
1593 2436 1648 2490 in
1705 2434 1938 2489 animam

361 2544 601 2592 exercet.
632 2534 822 2588 Manus
842 2539 1021 2585 autem
1048 2530 1305 2592 maxime,
1334 2534 1392 2580 ut
1415 2526 1936 2596 opportunissimum

2040 421 2141 493 τὴν
2166 420 2276 473 τῶν
2301 420 2514 491 ὁρατῶν
2543 420 2670 474 θέαν
2691 420 2803 491 (67)
2839 422 3192 485 ἀναπετὰσει,
3222 423 3307 475 ἵνα
3337 423 3412 495 μὴ
3440 425 3619 478 πᾶσαν

2042 512 2368 585 ἀδιακρίτως
2395 515 2758 585 χαρακτήρων
2790 530 2850 565 τε
2889 513 2985 566 καὶ
3027 514 3249 584 μορφῶν
3283 515 3428 568 ἰδέαν
3468 518 3604 570 εἰσοι

2042 602 2339 676 λιζομένη,
2383 604 2449 657 δι’
2480 603 2657 657 αὐτῶν
2703 604 2838 675 πρὸς
2872 604 2971 667 τὰς
3017 603 3076 669 ἐξ
3107 604 3283 658 αὐτῶν
3326 609 3623 674 φαντασίας

2040 697 2400 768 ταράσσηται.
2444 697 2603 750 Ἀλλά
2654 696 2789 768 πρὸς
2835 697 2936 766 μέν
2982 714 3104 751 τινα
3143 699 3238 751 καὶ
3279 698 3622 769 ἀνεῳγότων,

2041 791 2106 843 δι’
2135 791 2380 862 ἀνάγκην
2408 790 2509 861 τῆς
2530 790 2665 861 πρὸς
2694 786 2786 843 τὸν
2817 789 3060 862 παρόντα
3088 788 3201 859 βίον
3234 790 3622 858 φωταγωγίας,

2041 882 2148 936 τῶν
2176 882 2268 936 τοῦ
2303 881 2556 953 σώματος
2584 881 2899 952 ὀφθαλμῶν,
2928 882 3057 944 τοὺς
3085 881 3185 951 τῆς
3210 881 3391 951 ψυχῆς
3418 883 3625 952 ἐπιμύ-

2044 991 2158 1028 σει·
2188 976 2325 1045 πρὸς
2354 974 2411 1027 δὲ
2440 976 2539 1045 τὴν
2568 974 2660 1027 τοῦ
2686 973 2940 1044 ἀληθινοῦ
2976 973 3155 1042 φωτὸς
3183 974 3276 1026 καὶ
3305 974 3400 1026 τοῦ
3431 974 3500 1027 δι’
3526 976 3625 1027 αύ-

2040 1064 2136 1117 τοῦ
2170 1063 2519 1134 δεικνυμένου
2554 1062 2785 1125 κάλλους
2826 1064 2962 1133 αὐτῇ
3001 1058 3351 1132 κατανόησιν,
3392 1065 3489 1116 καὶ
3528 1082 3627 1134 μευ

2046 1157 2286 1227 μυκὸτας
2306 1156 2570 1227 πρότερον
2591 1154 2898 1219 σπουδαίως
2921 1153 3142 1219 ἀνοίξει.
3169 1154 3306 1209 Οὔτε
3328 1157 3429 1226 τὴν
3451 1157 3627 1229 ἀκοὴν

2043 1249 2204 1303 παντὶ
2226 1247 2336 1318 (68)
2370 1248 2513 1317 λόγῳ
2551 1247 2923 1312 ἀνεξετάστως
2951 1245 3160 1315 ὑφέξει,
3191 1247 3328 1302 ἀλλὰ
3355 1249 3495 1320 πρὸς
3524 1250 3627 1319 μὲν

2039 1340 2166 1402 τοὺς
2195 1338 2431 1407 φαύλους
2461 1337 2570 1392 τῶν
2596 1338 2791 1407 λόγων,
2821 1339 3009 1411 ὥσπερ
3036 1336 3172 1412 πρός
3203 1358 3327 1394 τινα
3349 1340 3631 1404 δυσώδους

2040 1430 2314 1501 γεύματος
2331 1429 2440 1501 (69)
2473 1430 2647 1503 φορὰν
2672 1431 2842 1502 αὐτὴν
2866 1431 3191 1502 ύποφράξει,
3223 1430 3338 1495 τοῖς
3369 1432 3427 1484 δὲ
3456 1448 3632 1484 σπου-

2040 1524 2211 1586 δαίοις
2242 1523 2481 1595 καθαρὸν
2511 1522 2692 1595 ῥέουσι
2715 1523 2815 1594 τῆς
2852 1525 3055 1595 ἀρετῆς
3080 1518 3144 1577 τὸ
3181 1527 3351 1595 νᾶμα,
3380 1524 3628 1594 φιλομα-

2042 1614 2151 1679 θῶς
2180 1615 2468 1687 ὑποθήσει.
2500 1617 2611 1670 Καὶ
2638 1615 2735 1687 τὴν
2786 1616 2883 1688 μὲν
2926 1616 3114 1686 γεῦσιν
3145 1615 3284 1688 πρὸς
3316 1617 3387 1670 τὰ
3425 1618 3630 1688 ἥδοντα

2042 1708 2129 1762 ἀεὶ
2156 1711 2445 1779 κεχηνυῖαν
2470 1706 2823 1778 ἐγχαλινώσει
2843 1708 2922 1779 τῷ
2945 1704 3109 1779 λόγῳ,
3140 1704 3277 1780 πρὸς
3302 1709 3360 1762 δέ
3382 1710 3484 1780 τὴν
3512 1709 3630 1763 τῶν

2041 1801 2354 1868 ἀναγκαίων
2391 1780 2692 1871 μετάληψιν
2732 1801 3023 1872 σωφρόνως
3059 1800 3364 1872 ἡνιοχήσει.
3409 1801 3524 1873 Τὴν
3565 1802 3629 1855 δὲ

2040 1891 2207 1963 ἁφὴν,
2235 1891 2311 1954 ὡς
2344 1891 2410 1944 ἂν
2427 1889 2538 1960 (70)
2563 1890 3067 1962 ἀνδραποδεστᾶτην
3096 1891 3192 1960 μὲν
3218 1889 3406 1945 πασῶν
3430 1892 3633 1964 αἰσθή-

2044 1998 2180 2035 σεων
2206 1978 2393 2047 οὖσαν,
2425 1982 2605 2045 πάσας
2646 1982 2703 2034 δέ
2738 1980 2839 2044 τὰς
2865 1979 3057 2045 λοιπὰς
3080 1984 3144 2053 τῇ
3182 1981 3359 2054 οἰκείᾳ
3382 1982 3633 2055 λειότητι

2043 2075 2180 2147 πρὸς
2212 2072 2403 2146 ἡδονὴν
2435 2073 2904 2145 μαγγανεύουσαν,
2944 2073 3278 2145 ἀκηλίδωτον
3321 2075 3513 2129 παθῶν
3543 2077 3629 2141 ὡς

2043 2168 2278 2239 μάλιστα
2313 2166 2486 2220 διόλου
2520 2166 2763 2236 φυλάξει.
2797 2160 2946 2236 "(Dup
2977 2164 3088 2236 γὰρ
3115 2165 3195 2236 τῷ
3226 2165 3438 2237 σώματι
3475 2168 3631 2238 αὕτη

2041 2258 2465 2329 παρεκταθεῖσα,
2497 2258 2585 2312 διὰ
2621 2258 2720 2329 μὲν
2762 2259 2859 2329 τῆς
2911 2259 3040 2329 ὅλης
3075 2259 3400 2326 ἐπιφανείας
3428 2260 3625 2325 αὐτοῦ,

2040 2346 2101 2405 ού
2135 2350 2235 2419 τῆς
2267 2349 2600 2421 φαινομένης
2644 2349 2844 2415 ἔξωθεν
2884 2349 3064 2420 μόνον,
3107 2348 3245 2403 ἀλλὰ
3291 2350 3386 2404 καὶ
3427 2353 3533 2422 τῆς
3565 2353 3635 2406 ἐν

2039 2445 2119 2516 τῷ
2146 2445 2318 2516 βάθει,
2348 2445 2485 2516 πρὸς
2520 2445 2619 2508 τὰς
2650 2443 2916 2514 ἐμπαθεῖς
2949 2442 3112 2513 ἁφὰς.
3146 2443 3291 2496 κατά
3307 2444 3407 2515 τῆς
3440 2443 3633 2515 ψυχῆς

2040 2538 2377 2592 δυναστεύει.
2416 2537 2538 2590 Τῶν
2572 2537 2627 2590 δέ
2654 2536 2851 2607 χειρῶν
2883 2535 3119 2607 μάλιστα
3144 2534 3529 2589 καταλαϐοῦσα
3565 2534 3633 2589 τὸ

364 2630 618 2700 quiddam
648 2625 1079 2698 apprehendens,
1107 2638 1203 2693 per
1228 2637 1343 2685 eas,
1376 2622 1540 2676 veluti
1571 2636 1668 2690 per
1688 2620 1938 2690 quaedam

2066 2628 2435 2702 εαιριώτατον,
2478 2628 2566 2681 διὰ
2601 2627 2837 2692 τούτων,
2892 2625 3084 2698 ὥσπερ
3120 2625 3207 2680 διά
3253 2644 3416 2681 τινων
3448 2627 3632 2698 θηράι

367 2722 525 2786 retia,
553 2735 744 2775 omnes
772 2717 939 2788 capit,
971 2716 1285 2785 quicunque
1315 2715 1369 2768 in
1399 2729 1462 2768 ea
1489 2713 1801 2767 inciderint.
1837 2711 1938 2766 Ne-

2066 2741 2185 2793 τρων
2207 2722 2342 2793 (71),
2374 2723 2501 2784 τοὺς
2529 2720 2868 2792 ἐμπεσόντας
2901 2719 3125 2791 ἀγρεύει
3152 2719 3379 2784 πάντας.
3408 2715 3481 2775 Ού
3517 2720 3636 2792 μὴν

362 2827 469 2882 que
499 2814 662 2865 etiam
694 2810 989 2863 immunem
1033 2823 1064 2862 a
1103 2808 1335 2877 propriis
1361 2806 1651 2876 praestigiis
1685 2805 1938 2874 relinquit

2066 2812 2247 2883 ἱρημον
2279 2811 2380 2882 τῆς
2408 2811 2615 2873 οἰκείας
2646 2809 2900 2879 γοητείας
2930 2806 3328 2878 καταλιμπάνει
3353 2807 3453 2879 τὴν
3476 2808 3631 2879 ὄψιν.

365 2909 668 2973 aSpectum.
698 2899 804 2955 Sed
831 2900 896 2954 ad
921 2898 1179 2954 confusos
1196 2899 1410 2967 quidem
1449 2897 1680 2961 colores,
1703 2903 1758 2950 et
1789 2910 1938 2963 aspe-

2066 2905 2217 2958 Ἀλλά
2265 2903 2402 2975 πρὸς
2453 2902 2551 2973 μὲν
2574 2900 2673 2964 τὰς
2734 2898 3146 2970 συγκεχυμένας
3173 2898 3284 2969 (72)
3321 2895 3488 2971 χρόας
3531 2901 3633 2954 καὶ

366 3011 457 3050 ras
478 2995 698 3064 ﬁguras,
725 3007 1055 3062 exasperatis
1093 2990 1241 3044 illum
1289 2999 1349 3044 et
1376 2988 1750 3044 confundens:
1781 2988 1845 3041 ad
1879 3002 1938 3041 ea

2066 2997 2170 3059 ποὺς
2195 2997 2417 3068 τραχεῖς
2458 2993 2811 3064 χαρακτῆρας
2842 2990 3185 3061 τραχύνουσα
3228 2990 3454 3063 ταύτην,
3488 2993 3635 3063 ὁμοῦ

369 3094 549 3141 autem
573 3099 692 3152 quae
724 3084 873 3138 lzevia
906 3090 1068 3148 sunt,
1108 3090 1162 3136 et
1187 3080 1256 3135 ad
1295 3084 1626 3135 venustatem
1652 3077 1836 3132 colore
1883 3084 1937 3131 et

2066 3089 2137 3141 ια).
2181 3086 2515 3157 συγχέουσω
2552 3086 2688 3157 πρὸς
2733 3084 2789 3138 δὲ
2836 3085 2964 3148 τοὺς
3006 3078 3185 3147 λείους
3234 3100 3295 3137 τε
3344 3085 3439 3137 καὶ
3485 3086 3631 3156 πρὸς

369 3176 550 3245 specie
570 3165 799 3229 formata
818 3174 1067 3244 decipere
1091 3173 1291 3237 valent,
1322 3171 1534 3226 eminus
1561 3184 1685 3224 eum
1715 3167 1937 3238 perfun-

2066 3183 2271 3251 ιύφυῖαν
2300 3182 2394 3234 καὶ
2430 3179 2569 3251 χρόα
2593 3178 2706 3251 (7⁵5)
2754 3179 2849 3232 κα)¹
2896 3179 3135 3248 σχήματι
3165 3176 3458 3249 ἀπατηλῶς
3487 3195 3634 3249 μορ-ι

366 3270 498 3322 dens
549 3273 603 3320 et
642 3266 955 3321 demulcens
981 3305 996 3329 ,
1039 3279 1190 3318 suam
1237 3263 1405 3330 ipsius
1474 3267 1801 3331 potestatem
1840 3273 1938 3328 per

2066 3271 2326 3341 ρωθέντας
2375 3270 2659 3343 πόρρωθεν
2706 3268 2999 3339 διαχέουσά
3048 3286 3108 3322 τε
3166 3270 3334 3340 αὐτὴν
3369 3268 3479 3339 (74)
3528 3269 3631 3323 καὶ

368 3363 511 3417 hunc
550 3362 712 3416 etiam
758 3361 892 3415 satis
931 3359 1193 3414 ostendit.
1221 3357 1328 3412 Sed
1361 3366 1416 3411 et
1457 3358 1700 3411 auditum
1732 3357 1938 3425 asperis

2066 3362 2350 3425 λεαίνουσα,
2397 3360 2497 3431 τὴν
2530 3359 2728 3430 ἐαυτῆς
2761 3357 3102 3424 δυναστείαν,
3153 3356 3247 3412 καὶ
3286 3358 3373 3412 διὰ
3419 3358 3632 3429 ταύτης

365 3454 581 3521 quidem
610 3453 833 3508 vocibus
859 3451 1071 3522 fugaus,
1101 3451 1353 3506 mollibus
1377 3458 1560 3504 autem
1596 3464 1691 3518 per
1717 3447 1938 3502 ﬂantem

2069 3453 2250 3518 κανῶς
2292 3452 2675 3505 ἐπιδείκνυται.
2721 3450 2881 3505 Ἀλλά
2917 3452 3010 3504 καὶ
3039 3453 3139 3521 τὴν
3176 3450 3344 3522 ἀκοὴν
3373 3454 3493 3514 ταῖς
3526 3452 3629 3522 μὲν

368 3545 562 3602 leniter
586 3561 768 3601 aerem
820 3546 1150 3600 intrinsecus
1200 3544 1478 3608 relaxans,
1512 3542 1653 3610 quod
1694 3542 1775 3597 sui
1823 3556 1942 3595 mu-

368 3639 512 3693 neris
539 3646 624 3692 est
648 3639 714 3691 ad
734 3637 1027 3706 voluptatis
1049 3650 1188 3705 Opus
1212 3650 1311 3703 per
1335 3636 1479 3688 hunc
1507 3634 1673 3687 etiam
1708 3631 1939 3701 perﬁcit.

367 3729 597 3785 Gustum
650 3730 1048 3799 praetermitto,
1078 3733 1137 3781 ut
1179 3726 1272 3795 qui
1326 3726 1548 3778 omnino
1590 3725 1734 3779 illius
1760 3738 1943 3779 comes

367 3823 458 3874 sit.
487 3819 570 3874 Ad
611 3834 706 3874 eos
744 3819 960 3889 quidem
987 3833 1231 3888 sapores,
1278 3817 1372 3886 qui
1400 3829 1560 3870 secus
1616 3830 1676 3870 se
1723 3815 1944 3881 habent,

367 3910 755 3982 constringitur
791 3920 847 3966 et
888 3921 1153 3976 nauseat;
1179 3910 1245 3965 ad
1280 3923 1374 3965 eos
1404 3917 1584 3965 autem
1614 3910 1706 3979 qui
1745 3925 1942 3965 suaves

368 4010 514 4069 sunt,
545 4016 672 4057 suos
716 4002 886 4072 ipsius
929 4001 1146 4056 canales
1176 4001 1528 4072 inexplebiles
1570 4002 1768 4069 aperit.
1804 4002 1943 4067 Quid

368 4095 510 4147 enim
543 4104 597 4148 et
643 4093 708 4148 de
737 4094 1065 4161 genitalibus
1105 4093 1364 4150 membris
1414 4092 1631 4148 dicam?
1667 4093 1942 4162 quomodo

367 4181 618 4239 videlicet
648 4184 866 4263 insitam
895 4182 1002 4237 illis
1036 4184 1144 4237 vim
1176 4184 1239 4237 ad
1265 4182 1459 4237 similis
1491 4183 1894 4253 generationem
1924 4218 1940 4246 ,

2046 3544 2329 3617 τραχείαις
2354 3542 2462 3597 τῶν
2483 3543 2673 3613 φωνῶν
2699 3542 3094 3611 φυγαδεύουσα,
3121 3546 3240 3606 ταῖς
3268 3543 3324 3596 δὲ
3353 3543 3635 3613 μαλακαῖς

2046 3637 2133 3691 διὰ
2153 3635 2250 3690 τοῦ
2275 3632 2600 3707 ἐμπνέοντος
2624 3632 2781 3698 λείως
2810 3631 2972 3706 ἀέρος
3015 3637 3072 3688 ὲν
3109 3634 3259 3705 βάθει
3286 3635 3531 3704 χαλῶσα,
3564 3637 3635 3690 τὸ

2049 3728 2169 3783 καθ’
2202 3727 2397 3798 ἑαυτὴν
2426 3725 2560 3798 πρὸς
2585 3727 2776 3797 ἡδονὴν
2799 3726 2960 3798 ἔργον
2984 3729 3079 3780 καὶ
3101 3725 3187 3779 διὰ
3214 3727 3418 3797 ταύτης
3448 3727 3627 3784 ἀνύει.

2066 3820 2171 3874 Ἐῶ
2204 3819 2314 3892 γὰρ
2339 3819 2517 3887 λέγειν
2549 3819 2648 3891 τὴν
2685 3816 2895 3887 γεῦσιν,
2925 3820 3001 3881 ὡς
3037 3818 3099 3871 τὸ
3122 3818 3241 3871 ὅλον
3280 3818 3485 3889 ταύτης
3511 3819 3633 3891 (75)

2054 3906 2350 3981 σύντροφον
2382 3906 2568 3963 οὖσαν.
2608 3909 2752 3980 Πρὸς
2790 3906 2890 3980 μέν
2927 3910 3052 3968 τοὺς
3080 3907 3251 3972 ἄλλως
3283 3907 3504 3978 ἔχοντας
3530 3927 3629 3980 χυο

2055 4003 2187 4072 μοὺς
2226 4000 2578 4071 ἐπιστύφεταί
2628 4018 2687 4053 τε
2730 4000 2825 4053 καὶ
2868 3998 3177 4069 ἁηδίζεταιο
3229 4000 3364 4071 πρὸς
3401 3999 3457 4053 δέ
3498 4003 3629 4066 τοὺς

2048 4091 2222 4155 λείους
2245 4091 2344 4156 τὰς
2375 4092 2573 4163 ἑαυτῆς
2601 4090 2899 4162 δεξαμενὰς
2921 4090 3278 4163 ἀπληρώτους
3301 4093 3527 4161 ἀνοίγει.
3560 4093 3631 4146 Τί

2048 4182 2156 4254 γὰρ
2175 4183 2239 4238 ἄν
2254 4200 2338 4246 τις
2354 4182 2496 4236 εἴποι
2522 4183 2616 4237 καὶ
2633 4183 2761 4236 «so‘t
2782 4183 2891 4238 τῶν
2913 4183 3243 4252 παιδογύνων
3267 4185 3471 4256 μορίων
3485 4185 3630 4256 (76);

402 4426 407 4432 .
443 4380 553 4455 (67)
573 4383 759 4461 "Oeae.
790 4380 953 4461 Addit
980 4380 1120 4461 idem
1156 4381 1346 4442 codex,
1387 4397 1419 4450 η
1455 4378 1741 4461 παρθένος.
1775 4377 1938 4434 Paulo

2066 4394 2166 4461 luas
2191 4392 2508 4461 sequuntur,
2532 4381 2626 4461 καὶ
2653 4381 2977 4452 συγχέουσα.
3011 4380 3164 4437 Hanc
3187 4379 3626 4449 coniunctionem

369 4451 493 4523 post
520 4452 686 4523 editio
725 4452 916 4523 l’aris.,
942 4451 1297 4523 ταράσσεται,
1328 4464 1456 4523 mss.
1489 4463 1546 4502 ut
1580 4451 1632 4503 in
1662 4460 1831 4506 textu.

442 4469 493 4505 ει
520 4469 686 4507 editio
726 4469 916 4515 I'arls.,
942 4469 1012 4504 τα
1052 4469 1297 4513 ασσεται,
1328 4469 1456 4502 mss.
1489 4469 1546 4502 ιιι
1581 4469 1583 4501 ι

440 4522 552 4583 (68)
582 4521 788 4576 Παντὶ.
818 4469 1069 4574 Nonnurli
1094 4522 1330 4580 codices,
1365 4519 1583 4574 ἅπαντι.

442 4589 552 4663 (69)
591 4592 916 4663 Γεύμριτος.
950 4591 1040 4645 Sic
1074 4591 1239 4663 editio
1286 4591 1487 4663 veneta
1515 4599 1569 4642 et
1606 4605 1736 4643 mss.
1779 4589 1941 4663 quin-

370 4657 494 4729 que.
530 4657 944 4732 EditiuiPuisu
1002 4660 1292 4732 ῥεύματος.
1328 4657 1531 4732 Ibidem
1562 4676 1700 4714 unus
1738 4657 1809 4714 exi
1838 4659 1943 4712 Re-

371 4731 844 4803 giis,_&«otppd§et,
876 4740 930 4783 et
956 4729 1114 4803 paulo
1138 4743 1275 4798 post,
1307 4729 1614 4803 χαλινώσει.

468 4800 556 4855 70)
614 4800 736 4855 Ἂν.
804 4802 962 4854 Deest
1005 4801 1135 4854 haec.
1167 4800 1356 4853 vocula
1404 4801 1456 4852 in
1509 4800 1688 4855 tribus
1738 4814 1869 4853 mss.

468 4802 534 4855 70
614 4803 736 4855 Ἂν.
804 4802 962 4854 Deest
1005 4802 1135 4854 haec.
1167 4802 1356 4853 vocula
1404 4802 1456 4852 in
1509 4802 1688 4855 tribus
1738 4814 1869 4853 mss.

580 4870 683 4954 Διᾴ
705 4887 882 4954 tortor?
909 4870 1230 4954 θηράτρων.
1261 4871 1391 4954 llaec.
1406 4869 1669 4952 scriptura
1695 4868 1945 4954 editionis

372 4940 693 5008 Parisiensis
736 4942 946 4993 videtur
988 4941 1321 5009 praeferenda
1359 4941 1425 4992 iis
1464 4954 1584 5006 qua:
1617 4941 1670 4992 in
1707 4940 1944 5009 editione

372 5010 579 5067 Veneta
619 5022 674 5065 et
715 5012 768 5066 in
799 5008 1075 5064 codicibus
1112 5025 1241 5062 mss.
1284 5010 1548 5079 leguntur.
1584 5009 1766 5079 Codex
1802 5008 1939 5079 Maz.

373 5093 428 5137 et
455 5082 591 5136 alius
629 5097 782 5145 mss.,
808 5080 899 5133 διά
926 5095 1089 5132 τινων
1131 5081 1266 5151 αὐτῇ
1303 5078 1701 5150 πεφραγμένων
1728 5078 1906 5151 ὃπλων
1926 5095 1941 5109 ·

373 5152 465 5206 sed
495 5152 628 5207 liber
654 5151 789 5204 Maz.
825 5151 1140 5204 emendatus
1170 5148 1288 5216 est,
1340 5152 1393 5202 in
1421 5148 1615 5215 eoque,
1644 5163 1738 5215 pro
1764 5148 1944 5200 ὃπλων

375 5222 635 5289 scriptum
670 5219 785 5286 fuit,
826 5218 997 5274 ὀπῶν.
1031 5218 1165 5289 Reg.
1216 5220 1424 5280 tertius,
1475 5218 1821 5287 συναισθήσει
1850 5218 1946 5287 θη-

412 5291 590 5376 ἀτρων
615 5290 1036 5380 πεφραγμένων.
1070 5289 1248 5375 Eul'itio
1287 5290 1417 5380 \f'eu.
1446 5299 1495 5341 cl
1519 5299 1942 5380 ll‘llss.'t|llllll|0r;

412 5308 590 5362 ατρων
615 5308 1036 5380 πεφραγμενων.
1070 5308 1248 5343 Luttlo
1293 5308 1417 5341 velt.
1446 5308 1495 5341 et
1528 5308 1654 5339 mss.
1691 5308 1942 5354 tlllllllltﬂ‘,

372 5308 464 5414 gtti
489 5378 649 5415 τινων
687 5364 823 5431 αυτῇ
865 5360 1269 5431 πεφραγμένων
1307 5357 1486 5411 ὅπλων
1518 5356 1843 5428 θερμότερον
1875 5360 1943 5427 τῇ

376 5431 717 5502 συναισθήσει
747 5416 1053 5502 θῆράτρών.

446 5447 717 5500 ναισυησει
747 5447 920 5501 υηρατ
1005 5447 1053 5483 ν.

446 5496 556 5570 (72)
592 5447 1070 5569 Συγκεχυμέῒέις.
1117 5497 1371 5570 Quamvis
1395 5498 1516 5570 haec
1550 5498 1708 5570 lectio
1751 5496 1804 5550 in
1838 5510 1944 5549 uno

376 5567 581 5622 tantum
614 5567 875 5623 occurrat
894 5571 1081 5624 codice
1122 5570 1286 5632 Regio
1317 5568 1482 5632 2879,
1520 5567 1729 5621 videtur
1762 5578 1941 5619 tamen

377 5636 707 5709 praeferenda
739 5639 986 5709 vulgata,
1012 5638 1338 5708 κεχυμένας,
1380 5654 1444 5696 ac
1476 5638 1828 5696 conﬁrmatur
1858 5637 1942 5691 his

2044 4448 2295 4504 addimus
2324 4465 2390 4503 ex
2432 4452 2674 4518 pluribus
2706 4448 2815 4505 mss

2137 4519 2225 4591 73;)
2257 4519 2366 4573 Καὶ
2392 4519 2561 4591 χρόᾳ.
2594 4520 2939 4591 H:ec_t_lcsnnt
2966 4522 3020 4576 in
3056 4520 3244 4576 codice
3265 4520 3432 4591 Regio
3456 4521 3625 4577 2879.

2146 4538 2225 4586 ιο)
2257 4538 2366 4573 nat
2392 4539 2428 4589 γ
2469 4538 2561 4587 ou.
2594 4538 2715 4574 n:ec
2745 4538 2939 4575 uesnnt
2966 4538 3020 4576 ιιι
3056 4538 3244 4576 conice
3267 4538 3432 4591 uegio
3456 4538 3623 4577 2513.

2138 4589 2226 4661 74)
2265 4538 2489 4658 Αὑτῆξο.
2522 4590 2700 4645 Editio
2723 4588 2923 4645 Veneta
2957 4601 3012 4645 et
3055 4600 3166 4645 tres
3214 4605 3367 4655 mss.,
3397 4593 3623 4661 ἑαυτήν.

2047 4657 2214 4733 ξειιιιρ
2244 4673 2357 4726 post
2392 4657 2698 4733 e’dili,ipost
2727 4661 3051 4715 δυναστείαν
3082 4660 3347 4733 inserunt,
3377 4663 3409 4732 ἡ
3435 4657 3623 4733 ἡδονή.

2046 4728 2152 4782 Sed
2179 4730 2292 4782 haec
2324 4746 2428 4783 non
2464 4731 2590 4798 legit
2621 4742 2776 4783 vetns
2806 4733 3094 4798 interpres,
3132 4746 3237 4783 non
3288 4728 3539 4798 leguntur
3571 4728 3624 4785 in

2043 4799 2246 4869 Optimo
2274 4802 2460 4853 codice
2486 4798 2653 4869 Hegio
2669 4799 2836 4862 2879,
2867 4816 2976 4868 quo
3004 4815 3146 4869 saepe
3173 4801 3377 4854 utiliter
3406 4811 3623 4856 utemur

2044 4870 2110 4920 ad
2140 4868 2281 4939 hunc
2314 4869 2507 4939 librum
2538 4869 2957 4923 emendandum.
2991 4868 3260 4923 Praeterea
3306 4885 3500 4924 sensus
3534 4886 3627 4939 po-

2044 4938 2228 4998 Stulat,
2261 4946 2319 4990 ut
2356 4938 2470 4991 haec
2508 4954 2901 5006 expungamus.
2945 4940 3042 4994 llic
3072 4941 3215 4993 enim
3253 4938 3607 5008 probatur’ta

2044 5016 2188 5061 ctum
2220 5008 2272 5060 in
2295 5009 2546 5062 omnibus
2567 5010 2817 5063 sensibus
2842 5010 3128 5063 dominari.
3157 5008 3247 5062 Sic
3272 5009 3435 5063 etiam
3462 5013 3624 5076 paqu

2045 5085 2177 5157 post
2192 5076 2466 5157 legebatur
2498 5078 3147 5157 i1editiqne_Parisiensi,
3169 5078 3242 5157 τὸ
3272 5077 3395 5157 καθ’
3421 5080 3628 5157 ἑαυτὴν

2045 5142 2272 5268 ίὶήδονὴ
2311 5145 2495 5269 ἔργον.
2533 5147 2950 5230 Emendavimus
2993 5163 3097 5228 ope
3134 5142 3375 5229 ejusdem
3417 5142 3623 5203 codicis

2043 5214 2528 5338 (estiuseneue
2558 5219 2812 5274 editionis
2837 5233 2852 5283 ;
2881 5233 2981 5273 nec
3011 5219 3171 5273 aliter
3199 5217 3328 5288 legit
3354 5228 3627 5288 Interpres

2096 5301 2380 5340 IIIDI'OSIUS.

2119 5355 2229 5424 (75)
2268 5358 2513 5429 Ταύτης.
2548 5357 2661 5411 Duo
2688 5372 2842 5429 mss.,
2876 5356 3494 5429 tadmzlbidgmeditjo
3518 5356 3620 5412 Ve-

2046 5436 2171 5500 neta
2195 5423 2262 5500 et
2278 5443 2406 5500 mss.
2429 5428 2684 5500 quipqne,
2711 5426 3006 5500 σύντροφος
3021 5423 3186 5500 οὖσα.
3216 5427 3396 5500 Edi_t_io
3417 5425 3625 5500 Paris,

2046 5494 2184 5565 πρὸς
2211 5495 2310 5566 μὲν
2333 5494 2461 5568 γάρ.
2515 5494 2891 5568 Deestultinia
2921 5494 3123 5568 :vocula
3168 5498 3224 5552 in
3256 5496 3496 5551 editione
3521 5496 3621 5552 Ve-

2049 5577 2171 5618 neta
2197 5577 2250 5618 et
2274 5566 2546 5620 veteribus
2581 5566 2752 5621 libris.
2924 5566 2929 5568 ⁷
3200 5610 3214 5625 .

2120 5634 2231 5706 (76)
2271 5637 2333 5689 Τί
2374 5637 2481 5705 γὰρ
2525 5635 2601 5690 ἄν
2648 5652 2740 5704 τις
2764 5636 2918 5691 εἴποι
2957 5636 3056 5693 καί
3103 5636 3235 5701 περὶ
3268 5633 3387 5692 τῶν
3414 5636 3620 5692 παιδον-

3632 5138 3653 5169 κ
