3810 6214
182 275 293 329 681

1404 271 1606 325 LIBER
1645 271 1734 326 DE
1778 269 2242 330 VlRGlNlTATE.

3337 287 3441 342 682

179 389 263 455 ὡς
292 391 392 461 τὴν
423 386 714 459 δεδομένην
756 387 941 452 αὐτοῖς
987 389 1123 460 πρὸς
1158 389 1257 460 τὴν
1295 389 1388 443 τοῦ
1429 389 1759 460 ὁμοιογενοῦ‹

1881 392 1996 447 suis
2030 393 2197 463 ipsius
2231 395 2454 451 omnino
2481 399 2856 468 constringens
2883 402 3177 468 veneﬁciis,
3205 418 3303 473 per
3329 421 3448 461 seu-

184 481 406 552 σπορὰν
426 479 677 549 δύναμιν,
693 481 806 541 τοῖς
836 479 1037 550 ἑαυτῆς
1063 478 1123 531 τὺ
1141 479 1261 532 ὅλον
1286 481 1773 553 ὲγκαταδησαμένη

182 571 528 643 φαρμάκοις,
558 573 623 642 τῇ
666 569 1013 641 συναισθήσει
1039 571 1140 640 τῆς
1183 571 1326 624 κατὰ
1356 570 1452 642 τὴν
1490 573 1633 642 ἁφὴν
1660 573 1778 626 τούο

181 679 298 714 των
326 660 620 730 λειότητος,
651 657 992 729 αἰχμάλωτον
1013 657 1104 711 διὰ
1127 661 1225 729 τῆς
1245 661 1364 711 κατ’
1383 658 1550 730 αὐτὴν
1583 659 1776 732 ἡδονῆς

180 751 314 818 ἄγει
337 750 450 822 (77)
477 749 566 803 τὸν
605 750 910 822 ἄνθρωπον.
942 751 1020 802 Δι’
1065 751 1209 820 ἁφῆς
1237 745 1329 802 οὖν
1353 767 1497 814 τινος
1529 750 1770 822 ἐδείχθη,

183 843 289 895 καὶ
331 841 452 910 ὄψις
484 841 582 912 τὴν
607 839 784 912 ψυχὴν
809 839 946 912 πρὸς
983 839 1173 911 ἡδονὴν
1195 840 1482 894 ἁπατῶσα.
1517 841 1647 905 Ταῖς
1666 840 1774 913 γὰρ

182 933 298 986 τῶν
340 934 609 1002 ὀμμάτων
659 932 862 1002 βολαῖς,
913 931 1164 1003 καθάπερ
1202 932 1517 1003 ἀσωμάτοις
1562 931 1771 1002 χερσὶν,

183 1017 263 1077 ὧν
294 1024 361 1078 ἂν
407 1024 565 1095 ἐθέλῃ
606 1022 887 1095 πόρρωθεν
914 1023 1216 1093 ἁπτομένη,
1263 1024 1358 1077 καὶ
1403 1017 1478 1076 ὧν
1521 1027 1640 1086 ταῖς
1679 1022 1770 1076 τοῦ

187 1115 445 1185 σώματος
493 1115 679 1184 χερσὶν
727 1113 967 1182 ἅψασθαι
1025 1115 1115 1166 ἐπ’
1150 1113 1401 1177 ἐξουσίας
1462 1115 1563 1166 οὐκ
1619 1113 1769 1184 ἔχει,

183 1207 362 1261 ταῦτα
388 1209 509 1270 ταῖς
546 1205 656 1259 τῶν
677 1205 941 1275 ὀμμάτων
969 1204 1245 1267 ἐπιϐολαῖς
1275 1205 1538 1275 ἐμπαθῶς
1575 1221 1772 1276 περιπ-

182 1299 484 1360 τύσσουσα,
523 1297 589 1350 δι’
621 1290 695 1350 ὧν
726 1297 1047 1366 ἀπεμάξατο
1090 1296 1296 1361 τύπων,
1333 1298 1451 1351 ὅλον
1495 1298 1632 1369 πρὸς
1672 1295 1772 1360 τὰς

186 1389 556 1459 ἐγγινομένας
605 1388 903 1457 φαντασίας
942 1387 1004 1440 τὸ
1051 1387 1210 1459 σῶμα
1256 1388 1615 1460 κυμαίνουσα.
1659 1389 1771 1440 Καὶ

183 1483 328 1551 ἀκοὴ
353 1481 463 1533 τῶν
499 1479 657 1533 λείων
681 1478 874 1549 φωνῶν
901 1479 969 1532 δι’
1006 1481 1149 1550 ἁφῆς
1181 1480 1487 1551 ἁπτομένη,
1526 1479 1617 1533 διὰ
1640 1480 1770 1534 ταύ-

183 1586 293 1638 της
333 1569 433 1638 τὴν
481 1567 658 1638 ψυχὴν
697 1567 1053 1639 γοητεύουσα.
1098 1570 1208 1622 Καὶ
1262 1569 1533 1623 συνελόντι
1583 1570 1767 1640 φάναι,

185 1663 343 1714 πᾶσα
371 1658 620 1729 αἴσθησις
643 1658 777 1730 (78),
806 1659 994 1732 ῶσπερ
1017 1660 1078 1713 τὸ
1102 1660 1260 1732 σῶμα
1285 1663 1342 1714 ἐν
1376 1655 1420 1728 ᾧ
1452 1661 1766 1716 δυναστεύει

1877 500 1994 540 sum
2013 500 2196 540 eorum
2226 487 2495 555 levitatis,
2522 504 2642 558 qua:
2669 492 2939 562 tangendo
2963 495 3277 563 percipitur,
3315 513 3436 567 cap-

1877 577 2048 631 tivum
2077 592 2174 632 sua
2199 578 2474 648 voluptate
2503 582 2650 635 ducit
2688 584 2982 640 hominem.
3014 585 3118 642 Per
3155 590 3442 658 quemdam

1877 667 2040 735 igitur
2068 676 2268 724 tactum
2297 671 2459 742 623
2516 672 2631 742 ipse
2675 684 2946 743 aspectus,
2977 685 3034 730 ut
3063 680 3398 735 ostendimus
3425 720 3437 744 ,

1875 761 2116 822 animam,
2145 760 2211 814 ad
2243 760 2568 830 voluptatem
2597 762 2820 832 pellicit.
2855 763 2986 819 Nam
3011 766 3286 822 oculorum
3319 769 3440 823 icti-

1875 851 1997 915 bus,
2049 851 2200 906 velut
2239 853 2571 922 incorporeis
2605 855 2872 921 manibus,
2897 872 3230 928 quascunque
3258 859 3438 915 volue-

1873 941 1945 994 rit
1991 941 2203 996 eminus
2245 943 2544 1013 attingens,
2576 953 2630 997 et
2662 960 2783 1014 quae
2816 949 3058 1016 corporis
3087 949 3333 1004 manibus
3361 961 3436 1004 at-

1877 1031 2088 1101 tingere
2114 1048 2218 1087 non
2257 1041 2451 1101 potest,
2484 1049 2547 1088 ea
2576 1035 2852 1089 oculorum
2879 1037 3123 1106 coniectu
3150 1039 3438 1096 libidinose

1873 1123 2268 1192 complectens,
2310 1139 2405 1194 per
2442 1140 2535 1180 eas
2585 1141 2722 1196 quas
2745 1126 2944 1198 eiiingit
2983 1129 3210 1198 species,
3267 1139 3437 1186 totum

1872 1228 2070 1283 corpus
2093 1215 2162 1270 ob
2196 1216 2532 1272 iutroductas
2558 1218 2816 1289 imagines
2835 1219 3084 1276 ﬂuctibus
3113 1223 3308 1291 quatit.
3326 1224 3438 1278 Au-

1873 1305 2016 1358 ditus
2052 1306 2164 1369 ipse
2188 1320 2382 1361 suaves
2419 1321 2579 1362 voces
2603 1323 2700 1376 per
2731 1317 2932 1364 tactum
2975 1311 3278 1380 percipiens
3298 1351 3314 1376 ,
3343 1328 3440 1383 per

1873 1396 2023 1450 illum
2057 1400 2292 1452 animam
2317 1399 2788 1473 incantat.Atque,
2821 1412 2880 1457 ut
2907 1403 3288 1472 verbodicam,
3322 1421 3440 1461 om-

1874 1493 1957 1546 nis
1981 1491 2260 1561 voluptas,
2291 1501 2352 1547 ut
2390 1510 2679 1550 commune
2715 1511 2910 1564 corpus
2946 1500 2999 1550 in
3052 1513 3158 1567 quo
3195 1498 3439 1554 domina-

1873 1591 1981 1648 tur,
2028 1585 2101 1638 ita
2137 1599 2482 1642 communem
2518 1589 2568 1641 in
2598 1603 2826 1658 corpore
2873 1595 3076 1642 tactum
3125 1599 3316 1656 nacta,
3347 1604 3442 1659 per

1872 1689 1994 1729 eum
2034 1676 2275 1746 singulos
2309 1691 2502 1734 sensus
2531 1680 2597 1734 ad
2628 1681 2873 1750 proprias
2907 1681 3200 1735 suavitates
3226 1722 3241 1748 ,
3274 1697 3336 1737 ac
3359 1689 3442 1734 to-

183 1751 392 1814 κοινὺν,
411 1749 553 1804 οὕτω
583 1750 676 1803 καὶ
708 1751 806 1822 τὴν
832 1751 888 1804 ὲν
916 1749 1092 1823 τούτῳ
1113 1753 1258 1823 ἁφὴν
1280 1753 1466 1824 κοινὴν
1496 1753 1759 1825 είληφυῖα,

1879 1774 1992 1820 tum
2027 1768 2249 1822 omnino
2280 1769 2332 1822 itt
2379 1778 2522 1824 tactu
2565 1748 2920 1825 constitutum
2953 1787 3150 1841 corpus
3195 1785 3439 1828 nostrum

183 1843 278 1898 διὰ
303 1842 508 1913 ταύτης
536 1843 773 1914 ἑκάστην
796 1859 853 1896 τε
883 1843 1137 1914 αἴσθησιν
1169 1843 1308 1913 πρὸς
1338 1843 1398 1896 τὸ
1419 1846 1616 1900 οἰκεῖον
1645 1844 1768 1915 ἡδὺ,

185 1937 287 1990 καὶ
321 1936 389 1989 δι’
421 1935 559 1988 ὅλων
599 1934 719 1988 ὅλον
765 1937 823 1988 ὲν
871 1937 981 2006 ἁφῇ
1027 1935 1278 2005 κείμενον
1319 1936 1474 2006 ἡμῶν
1509 1936 1571 1990 τὸ
1611 1936 1771 2007 σῶμα

187 2027 329 2101 πρὸς
367 2027 465 2095 τὴν
493 2026 722 2079 καθόλου
756 2027 948 2098 ἡδονὴν
982 2026 1239 2090 ποικίλως
1272 2027 1630 2098 μοχλεύουσα.

262 2119 316 2174 6.
363 2119 580 2190 Ἐπειδὴ
610 2115 702 2173 οὖν
736 2121 793 2172 ὲν
831 2119 1035 2183 πάσαις
1071 2118 1170 2189 μὲν
1206 2121 1240 2188 ἡ
1273 2120 1406 2189 ἁφὴ,
1454 2119 1688 2190 μάλιστα
1716 2121 1773 2174 δὲ

186 2211 246 2263 ἑν
299 2210 487 2279 γεύσει
530 2215 622 2265 καὶ
655 2214 764 2276 τοῖς
797 2210 1135 2280 παιδογόνοις
1183 2210 1498 2264 δυναστεύει
1542 2211 1769 2282 μορίοις,

187 2302 284 2354 καὶ
311 2301 480 2374 ἑτέρα
512 2303 612 2372 τῆς
651 2302 863 2373 ἐτέρας,
899 2300 1090 2372 ὥσπερ
1132 2303 1191 2353 ὲν
1239 2300 1450 2369 ἁλύσει,
1487 2299 1770 2371 ἐξημμένη

186 2393 377 2450 texat
406 2393 681 2464 κρατοῦσα
715 2393 825 2464 ἁφὴ
848 2392 983 2466 (79),
1021 2395 1054 2463 ἡ
1107 2393 1205 2463 μὲν
1250 2392 1598 2454 διακονεῖται,
1641 2394 1674 2462 ἡ
1715 2392 1770 2446 δὲ

186 2482 438 2546 διάκονος
467 2483 699 2552 γίνεται,
735 2486 907 2536 πᾶσαι
932 2482 990 2536 δέ
1018 2500 1082 2552 γε
1115 2482 1208 2534 ἐπὶ
1237 2481 1335 2552 τὴν
1370 2481 1616 2551 βασιλίδα
1648 2481 1773 2534 ἐαυ-

187 2573 297 2628 τῶν
323 2575 542 2646 ἡδονὴν,
575 2575 676 2646 τὴν
704 2573 812 2628 τῶν
841 2573 1166 2646 αἰσθήσεων,
1201 2573 1265 2626 δι’
1295 2574 1460 2643 ἁφῆς.
1491 2571 1771 2641 ἐνέργειαν

189 2668 682 2741 παραπέμπουσαι,
738 2665 817 2720 ἔτι
869 2667 964 2719 καὶ
1019 2666 1220 2737 μᾶλλον
1268 2668 1379 2729 τοῖς
1425 2664 1624 2717 πάθεσι
1670 2665 1769 2735 τὴν

185 2764 370 2834 ψυχὴν
413 2761 758 2834 σωματοῦσι·
801 2761 1086 2833 πρόκειται
1114 2759 1170 2813 δὲ
1203 2762 1269 2830 τῇ
1301 2759 1558 2831 παρθένῳ
1591 2759 1772 2829 πάσης

188 2855 385 2926 ἡδονῆς
411 2853 733 2924 σωματικῆς
767 2852 1007 2924 καθαρὸν
1043 2851 1324 2917 ἀποδεῖξαι
1360 2851 1454 2904 τὸν
1493 2849 1650 2903 νοῦν·
1682 2849 1771 2903 διὰ

188 2946 351 3001 τοῦτο
378 2945 480 3016 τὴν
512 2945 749 3016 μάλιστα
783 2943 1141 3016 σωματοῦσαν
1180 2942 1323 3014 ἁφὴν
1353 2943 1433 2996 δεῖ
1460 2943 1557 3013 τῆς
1594 2941 1772 3012 ψυχῆς

188 3036 544 3100 ἀποκόπτειν,
577 3035 653 3100 ὡς
680 3035 746 3090 ἂν
769 3034 831 3088 τὸ
857 3035 1042 3106 ὄχημα
1060 3034 1170 3088 τῶν
1203 3033 1342 3088 κατὰ
1366 3033 1466 3098 τὰς
1497 3033 1663 3097 ἄλλας
1687 3035 1771 3087 αί-

191 3128 414 3200 σθήσεις
444 3127 597 3198 ἁφῶν
638 3125 927 3192 ἀνελοῦσα,
960 3124 1241 3178 συνανέλοι
1271 3124 1347 3188 ὠς
1389 3123 1470 3177 ένι
1500 3125 1769 3177 κάκείνων

190 3215 328 3286 πρὸς
355 3215 424 3268 τὰ
455 3217 633 3268 οἰκεῖα
661 3213 791 3284 ἡδέα
824 3213 920 3276 τὰς
954 3212 1107 3276 ὔλας.
1141 3213 1206 3266 Τί
1239 3209 1332 3266 οὖν
1365 3211 1600 3283 μάλιστά
1623 3214 1769 3265 ἐστιν

187 3303 219 3356 ὃ
248 3307 492 3374 σωματοῖ
513 3305 650 3376 πρὸς
673 3303 816 3374 ἁφὴν
838 3304 936 3374 τὴν
957 3303 1068 3374 (80)
1085 3303 1282 3374 ψυχὴν,
1314 3304 1410 3356 καὶ
1435 3302 1534 3367 τὰς
1562 3305 1621 3356 ἐν
1648 3305 1765 3366 ταῖς

189 3395 378 3458 ἄλλαις
411 3394 725 3466 αἰσθήσεσιν
756 3394 952 3464 ἡδονὰς
991 3394 1356 3466 πολυμόρφως
1379 3394 1492 3466 (81)
1540 3393 1772 3464 βλαστά-

190 3504 308 3552 νει;
351 3487 416 3540 Ἠ
449 3489 506 3540 ὲν
545 3485 732 3555 γεύσει
761 3503 842 3552 τε,
892 3486 1056 3556 φημὶ,
1093 3487 1185 3538 καὶ
1217 3488 1250 3556 ἡ
1287 3485 1423 3556 πρὸς
1450 3485 1548 3550 τὰς
1585 3502 1772 3538 συνου-

193 3581 313 3642 σίας
343 3579 407 3633 tib
446 3578 605 3650 σῶμα
639 3579 750 3649 ἁφὴ
793 3577 1059 3650 ἐμπαθῶς
1086 3576 1516 3648 γαργαλίζουσα.
1554 3576 1770 3629 Τούτων

190 3671 234 3724 δ’
264 3671 443 3724 αὐτῶν
475 3673 690 3741 ἡγεῖται
711 3671 864 3742 μὲνὴ
895 3669 994 3740 τῆς
1015 3669 1274 3738 γεύσεως,
1305 3672 1338 3738 ἡ
1372 3669 1428 3722 δὲ
1449 3669 1548 3740 τῆς
1574 3667 1771 3738 μίξεως

191 3763 412 3815 ἕσπεται·
449 3761 530 3814 ὃτι
557 3760 646 3814 διὰ
677 3759 776 3829 τῆς
802 3760 860 3812 ὲν
888 3761 956 3829 τῇ
995 3757 1182 3828 γεύσει
1209 3757 1372 3827 ἁφῆς,
1403 3754 1770 3825 κολακευομέ-

190 3871 285 3924 νης
313 3853 451 3925 πρὸς
486 3850 927 3923 γαστριμαργίαν
962 3851 1048 3904 ἀεὶ
1080 3849 1180 3919 τῆς
1214 3848 1590 3910 καταπόσεως,
1624 3864 1772 3900 πιαι-

191 3943 415 4013 νόμενόν
442 3959 503 3995 τε
531 3943 592 3996 τὸ
623 3942 783 4012 σῶμα
823 3942 919 3995 καὶ
951 3940 1056 3994 ὑπὸ
1084 3940 1194 3992 τῶν
1232 3941 1289 3991 ὲν
1316 3938 1395 4008 τῷ
1423 3937 1576 4008 βάθει
1609 3937 1773 4010 βρασδ

193 4036 439 4105 σομένων
457 4034 615 4088 λείων
636 4033 824 4105 χυμῶν
845 4032 1091 4104 ἀσχέτως
1113 4029 1601 4103 γαργαλιζόμενον,
1632 4030 1772 4104 πρὸς

190 4129 290 4200 τὴν
320 4127 419 4198 τῆς
449 4126 650 4196 μίξεως
685 4125 826 4196 ἁφὴν
864 4121 1248 4195 οἰστρούμενον
1277 4119 1523 4192 φέρεται.

1879 1857 1946 1910 ad
1975 1856 2282 1912 universam
2307 1857 2636 1929 voluptatem
2669 1861 2818 1914 varie
2851 1858 3097 1930 impellit.

1944 2120 1997 2174 6.
2036 2121 2169 2176 Cum
2213 2121 2374 2191 igitur
2407 2121 2460 2176 in
2495 2123 2746 2176 omnibus
2791 2119 3005 2192 quidem
3054 2129 3252 2186 tactus,
3296 2137 3438 2190 pra:-

1875 2213 2033 2282 eipue
2059 2228 2186 2268 vero
2216 2213 2268 2266 in
2303 2223 2458 2282 gustu
2495 2224 2547 2267 et
2590 2213 2914 2283 genitalibus
2941 2213 3250 2268 dominetur
3273 2215 3444 2281 parti-

1874 2304 1996 2367 bus,
2023 2319 2086 2358 ac
2112 2304 2248 2358 alter
2271 2319 2337 2358 ex
2368 2305 2537 2358 altero
2558 2311 2753 2368 tactus,
2785 2305 2933 2359 velut
2962 2306 3015 2359 in
3046 2313 3261 2366 catena,
3283 2314 3442 2373 aptus

1872 2400 1928 2447 et
1966 2408 2136 2448 nexus
2168 2395 2258 2456 sit,
2291 2407 2354 2448 ac
2413 2394 2569 2449 alteri
2626 2394 2842 2463 quidem
2905 2394 3264 2459 ministretur,
3306 2393 3444 2447 alter

1875 2497 2054 2542 autem
2095 2488 2387 2552 ministret,
2423 2503 2612 2544 omnes
2660 2495 2838 2543 autem
2887 2487 2954 2540 ad
2999 2488 3239 2554 reginam
3287 2501 3440 2541 suam

1873 2578 2230 2648 voluptatem,
2251 2594 2503 2634 sensuum
2534 2594 2628 2647 per
2652 2588 2851 2634 tactum
2869 2578 3238 2647 operationem
3262 2585 3444 2632 trans-

1873 2669 2156 2724 mittentes
2182 2711 2196 2736 ,
2239 2670 2418 2724 adhuc
2461 2670 2632 2738 magis
2669 2671 2903 2723 animam
2956 2671 3446 2740 perturbationibus

1871 2762 2268 2830 quodammodo
2307 2776 2622 2830 corpoream
2659 2760 2926 2827 etIiciaut;
2969 2777 3200 2831 cumque
3248 2779 3440 2832 propoo

1875 2851 2038 2906 situm
2070 2852 2142 2906 sit
2177 2853 2374 2923 virgini
2406 2851 2473 2906 ab
2500 2853 2645 2906 omni
2675 2853 2948 2922 voluptate
2967 2869 3225 2923 corporea
3256 2871 3443 2924 puram

1871 2944 2131 2999 exhibere
2167 2950 2438 3008 mentem;
2469 2951 2753 3012 propterea
2785 2951 3012 3009 tactum,
3049 2946 3138 3014 qui
3181 2946 3448 3015 praecipue

1873 3033 2110 3085 animam
2141 3046 2456 3101 corpoream
2497 3031 2680 3095 eiIicit,
2713 3033 2874 3088 debet
2917 3033 2984 3088 ab
3027 3035 3206 3089 anima
3235 3036 3446 3090 abscin-

1872 3119 2022 3184 dere,
2052 3127 2110 3173 ut
2138 3120 2438 3174 vehiculum
2489 3128 2728 3174 tactuum
2753 3123 2819 3174 ad
2850 3123 2985 3176 alios
3002 3138 3191 3178 sensus
3213 3126 3447 3177 attinen-

1871 3213 2006 3266 tium
2034 3227 2310 3277 resecans,
2338 3213 2500 3266 simul
2547 3213 2711 3265 etiam
2759 3220 2986 3276 resecet,
3039 3223 3295 3282 quantum
3327 3214 3446 3269 ﬁeri

1871 3313 2080 3372 potest,
2128 3319 2315 3358 eorum
2371 3303 2437 3356 ad
2491 3304 2741 3374 proprias
2786 3305 3082 3358 suavitates
3135 3305 3442 3358 materiam.

1871 3392 2009 3459 Quid
2059 3403 2141 3447 est
2193 3393 2377 3462 igitur,
2413 3393 2554 3460 quod
2601 3395 2833 3447 maxime
2872 3407 3182 3460 corpoream
3218 3409 3315 3464 per
3359 3403 3441 3447 ta-

1873 3495 2016 3539 ntum
2055 3486 2292 3538 animam
2341 3483 2538 3550 elIicit,
2571 3494 2626 3539 et
2655 3486 2790 3539 sitas
2819 3486 2870 3538 in
2916 3485 3036 3540 aliis
3068 3485 3316 3540 sensibus
3350 3501 3445 3540 vo-

1873 3579 2109 3646 luptates
2158 3576 2321 3631 variis
2351 3578 2522 3632 modis
2563 3576 2869 3647 germinat?
2914 3576 3137 3639 Tactus,
3192 3578 3438 3647 inquam,

1873 3678 1986 3721 tum
2020 3668 2108 3736 qui
2152 3669 2202 3720 in
2231 3677 2389 3736 gustu
2430 3669 2566 3722 situs
2596 3671 2700 3733 est,
2743 3674 2856 3720 tum
2905 3667 2994 3736 qui
3030 3682 3225 3736 corpus
3255 3669 3321 3722 ad
3349 3685 3444 3724 co-

1875 3759 2008 3813 itum
2035 3757 2322 3812 libidinose
2353 3757 2554 3812 titillat.
2589 3756 2789 3810 Horum
2815 3763 2995 3810 autem
3016 3757 3264 3826 ipsorum
3290 3759 3443 3828 prmit

1875 3849 1919 3902 is
1953 3848 2046 3919 qui
2090 3849 2142 3902 in
2175 3858 2332 3916 gustu
2366 3849 2502 3902 situs
2547 3857 2658 3913 est,
2691 3848 2940 3916 sequitur
2966 3863 3096 3902 vero
3138 3849 3227 3904 ille
3255 3855 3344 3919 qui
3390 3851 3442 3904 in

1873 3941 2018 3994 coitu
2043 3956 2058 4003 ;
2092 3942 2216 4007 quia
2251 3953 2346 4008 per
2373 3947 2561 4010 gustus
2587 3947 2789 3992 tactum
2822 3955 3034 4009 semper
3061 3939 3127 3994 ad
3152 3941 3442 4010 ingluviem

1876 4031 2174 4085 voracitate
2202 4030 2534 4095 blandiente,
2567 4045 2764 4099 corpus
2807 4032 3195 4100 pinguescens,
3225 4039 3281 4088 et
3307 4048 3337 4086 a
3369 4031 3444 4086 le-

1874 4121 2034 4176 nibus
2078 4121 2396 4175 humoribus
2428 4122 2574 4176 intus
2605 4121 2986 4176 ebullientibus
3013 4123 3446 4194 insuperabiliter

1874 4214 2172 4280 titillatum,
2200 4213 2267 4267 ad
2299 4220 2503 4267 tactum
2529 4213 2702 4269 coitus
2726 4221 2894 4268 (nstro
2917 4215 3149 4284 quodam
3179 4215 3444 4284 percitum

1876 4305 2067 4361 fertur.

259 4399 316 4454 7.
345 4398 436 4452 Διὸ
458 4398 754 4466 ἀναγκαῖον
791 4395 889 4466 τὴν
918 4393 1217 4466 μέλλουσαν
1248 4391 1358 4445 τῶν
1387 4390 1523 4462 πρὸς
1556 4387 1655 4452 τὰς
1683 4389 1759 4460 μί-

1945 4397 1999 4452 7.
2054 4394 2232 4460 Quare
2294 4411 2516 4450 necesse
2558 4403 2661 4460 est,
2707 4403 2764 4450 ut
2808 4412 2930 4467 qua:
2984 4396 3302 4452 concubitus
3346 4411 3445 4449 vo-

192 4490 305 4555 ξεις
350 4486 552 4558 ἡδονῶν
595 4485 684 4540 διὰ
732 4485 1028 4557 παρθενίας
1076 4486 1320 4554 κρατεῖν,
1377 4480 1554 4551 πολλῷ
1606 4480 1768 4534 πλέον

191 4579 456 4650 πρότερον
497 4578 596 4648 τῆς
643 4577 788 4632 κατὰ
835 4577 936 4648 τὴν
980 4573 1167 4644 γεῦσιν
1226 4574 1441 4646 ἡδονῆς,
1486 4573 1560 4637 ὡς
1606 4573 1772 4628 ἐπαν-

191 4673 421 4743 τλούσης
456 4672 645 4744 ἐκείνῃ
669 4669 782 4742 (82)
811 4669 913 4733 τὰς
947 4668 1100 4731 ὔλας,
1135 4667 1408 4738 ἄρχουσαν
1439 4665 1766 4718 δείκνυσθαι.

203 4767 299 4818 Ἐκ
343 4763 564 4832 λογικοῦ
605 4763 715 4834 γὰρ
752 4763 848 4815 καὶ
894 4760 1113 4828 ἀλόγου,
1155 4758 1298 4812 κατὰ
1353 4757 1414 4810 τὸ
1459 4757 1771 4826 Ἑλληνικὸν

190 4856 328 4930 πρὸς
383 4856 728 4926 φυσιολογίαν
784 4853 1028 4924 πλάσμα,
1085 4850 1274 4920 ῶσπερ
1309 4847 1432 4902 τινὰ
1473 4849 1768 4919 κένταυρον

193 5062 384 5129 τόνων
400 5078 644 5130 μορίων.
680 5059 768 5115 Sic
798 5073 898 5128 ope
933 5057 1430 5130 dttortttn_c0tiicuut
1475 5055 1760 5130 Regiorum

193 5126 517 5186 iittttaviitttis
554 5130 696 5197 quod
751 5131 802 5182 in
836 5126 1091 5182 editione
1139 5126 1340 5197 veneta
1369 5132 1440 5179 et
1491 5127 1759 5197 nonnullis

1878 4485 2111 4555 luptates
2165 4483 2473 4554 virginitate
2528 4486 2641 4539 vult
2705 4501 2981 4554 superare,
3042 4486 3210 4540 tnulto
3269 4489 3441 4558 magis

1868 4576 2194 4646 voluptatis,
2243 4591 2361 4646 qua:
2411 4591 2476 4630 ex
2530 4588 2687 4645 gustu
2748 4579 3062 4648 percipitur,
3113 4585 3170 4632 ut
3220 4594 3338 4648 qua:
3363 4580 3444 4632 al~

1868 4668 1970 4721 teri
2017 4667 2248 4722 fomenta
2295 4666 2619 4736 suppeditet,
2664 4667 2812 4735 prius
2836 4683 2895 4722 se
2939 4670 3212 4722 victricem
3259 4681 3439 4725 osten-

1869 4759 1979 4813 dat.
2038 4758 2115 4811 Ex
2176 4757 2422 4812 rationali
2475 4760 2620 4812 enim
2673 4765 2727 4812 et
2785 4759 3109 4825 irrationali,
3137 4761 3434 4816 secundum

1878 4850 2188 4905 Graecorum
2216 4851 2271 4904 in
2305 4850 2642 4921 physiologia
2670 4862 3058 4916 commentum,
3077 4853 3446 4922 velutiquem-

1873 5066 2073 5111 tactum
2108 5055 2383 5125 impellere
2416 5057 2628 5112 dicitur.

1934 5128 2046 5197 (79)
2093 5125 2399 5197 Άφήηδὶο
2439 5137 2549 5182 tres
2601 5128 2818 5197 codices,
2863 5144 2991 5182 mss.
3036 5129 3201 5182 multo
3245 5130 3442 5186 melius

191 5215 320 5253 mss.
352 5195 642 5267 legebatur,
683 5199 762 5269 Τί
789 5197 897 5269 γὰρ
928 5195 1290 5269 άν-τις-εῐτὶοι
1323 5198 1417 5248 καὶ
1457 5195 1759 5269 περὶ...-έτι

1877 5195 2218 5269 turalitetlitio
2247 5195 2470 5269 Veneta,
2505 5199 2765 5269 (ﬂammat
2803 5196 3140 5269 Parisiensis,
3166 5200 3332 5269 ἁφῆς.

190 5270 285 5321 καὶ
314 5263 482 5336 λέγοι.
520 5270 693 5324 Editio
744 5263 939 5332 Paris,
974 5266 1039 5318 Τί
1079 5267 1191 5338 γὰρ
1220 5263 1285 5317 ἄν
1325 5283 1408 5330 τις
1437 5263 1759 5336 καὶπερὶ...

193 5338 274 5392 ἔτι
305 5341 400 5393 καί
429 5341 596 5406 λέγοι.

268 5411 378 5477 (77)
417 5405 596 5478 Ἀγεε.
628 5407 874 5478 Unusex
907 5405 1090 5476 Regiis
1121 5406 1417 5478 codicibus,
1445 5405 1672 5478 εἰσάγει,
1709 5416 1764 5461 et

193 5472 349 5546 paulo
363 5472 514 5547 post;
547 5472 622 5532 ὧν
648 5477 712 5531 ἂν
749 5476 912 5541 θέλοι,
950 5472 1023 5547 εἰ,
1051 5476 1412 5547 ὲγγενομένας
1440 5472 1756 5546 φαντασίας.

260 5546 384 5618 (78)
403 5546 582 5623 Πᾶσᾳ
609 5547 912 5623 αἴσθησις.
944 5546 1219 5623 Voluptas,
1247 5546 1340 5601 seu
1375 5549 1640 5613 perceptio
1667 5560 1762 5615 per

189 5633 400 5684 sensus,
438 5622 538 5673 hac
559 5618 689 5671 voce
717 5619 1030 5684 designatur
1062 5618 1162 5668 hoc
1190 5619 1329 5681 loco,
1356 5626 1414 5667 ut
1433 5631 1493 5668 ex
1522 5631 1586 5668 eo
1610 5625 1760 5682 patet

189 5690 332 5757 quod
382 5689 624 5756 singulos
674 5701 866 5741 sensus
915 5688 980 5738 ad
1027 5687 1276 5754 proprias
1331 5697 1626 5741 sumtates
1667 5700 1760 5754 per

505 5779 778 5839 ΡΑτιιοι..
825 5776 942 5840 Gn.
991 5777 1196 5838 XXX.

1936 5266 2048 5336 (80)
2077 5265 2231 5334 Πρὸς
2258 5266 2422 5336 ἁφὴν
2451 5255 2725 5333 ττὶτλ.”’8ἰο
2767 5268 3002 5322 nonnulli
3047 5255 3439 5325 codicéspmss.

1865 5335 2028 5407 Editi,
2069 5336 2201 5406 πρὸς
2225 5335 2322 5405 τὴν
2360 5337 2506 5407 ἁφήν

1868 5379 2047 5527 λικῖέέίν)
2075 5379 2685 5474 ’ἦόνῖύλύρὲδξῖύηυε
2714 5423 2778 5463 ex
2809 5405 2990 5474 Βεεὶῑε
3014 5408 3308 5473 θοδίθίδυδν
3341 5425 3443 5463 πεδ’

1902 5493 1978 5527 υυ.
2015 5492 2198 5527 οιοους.

1907 5475 2354 5614 ὰῗξὲςρῗὲδκείνῃ.
2407 5544 2626 5614 Legitur
2681 5544 2730 5598 in
2771 5547 3006 5601 editione
3047 5548 3247 5603 Veneta
3295 5558 3349 5602 et
3386 5548 3442 5603 in

1871 5617 2107 5682 quinque
2137 5631 2288 5679 mss.,
2321 5614 2553 5684 εκείνης.
2586 5615 2689 5669 Sed
2721 5617 3047 5682 praeferenda
3078 5620 3293 5674 videtur
3314 5621 3444 5675 εει-ξε

1870 5696 2024 5753 ptura
2049 5684 2302 5740 editionis
2327 5685 2497 5740 Paris.
2527 5701 2686 5755 quam
2717 5688 2884 5742 secuti
2924 5703 3132 5742 sumus.

3039 5782 3119 5840 2‘2
