3810 6214
412 293 517 348 685

1357 286 1702 343 ΑΡΙἘΝΒΙΧ
1739 285 2025 344 OPERUM
2066 287 2123 342 S.
2167 287 2412 344 BASILII
2448 289 2685 346 MAGNI.

3540 293 3607 347 63
3618 295 3656 347 ι

412 412 537 466 dam
568 414 905 473 centaurum,
933 413 1105 463 totum
1140 404 1413 459 hominem
1443 405 1671 459 Creator
1695 405 1966 476 elIiugens,

2087 404 2295 469 συνθεὶς
2321 407 2350 460 ὀ
2370 404 2714 478 Δημιουργδς
2738 404 2857 460 ὀλον
2882 406 2975 460 τὸν
2999 405 3305 479 ἄνθρωπον,
3337 404 3418 477 τῷ
3446 406 3667 479 ἀνθρω-

412 502 680 574 superiori
709 501 846 571 parti
879 501 1167 555 humanam
1198 499 1428 553 formam
1455 511 1485 549 a
1518 496 1696 566 capite
1719 511 1888 565 usque
1910 497 1977 551 ad

411 609 600 667 pectus
624 592 867 657 habenti,
915 592 968 646 id
992 590 1132 660 quod
1161 588 1229 643 ab
1271 587 1526 642 umbilico
1552 595 1607 641 et
1634 586 1830 640 lumbis
1856 600 1975 656 pro-

415 688 669 750 tenditur,
698 684 842 739 velut
890 683 1013 752 equi
1046 688 1315 744 naturam,
1375 686 1487 732 tum
1539 677 1606 731 ad
1655 677 1859 731 ventris
1884 690 1978 729 vo-

408 778 642 848 luptates
667 776 965 831 belluarum
1024 773 1079 827 in
1115 786 1319 826 morem
1368 783 1719 839 propensum,
1769 776 1882 823 tum
1910 767 1977 822 ad

410 870 726 926 concubitus
775 867 1033 924 eii‘reuate
1090 863 1363 935 proclive,
1422 858 1653 914 inferius
1696 857 1977 912 collocans

410 958 686 1028 adaptavit
713 977 727 1013 :
759 971 867 1011 non
895 956 1041 1025 quod
1090 953 1158 1007 ab
1203 949 1505 1007 irrationali
1538 958 1692 1017 parte
1737 948 1979 1001 rationa-

407 1050 511 1105 lem
548 1047 721 1117 abripi
755 1045 935 1109 vellet,
960 1044 1052 1099 sed
1085 1040 1465 1107 rationali,cui
1490 1039 1731 1109 subjecta
1751 1048 1835 1095 est
1850 1054 1976 1108 pars

407 1139 760 1206 irrationalis,
807 1139 1046 1193 habenas
1093 1137 1160 1190 ad
1220 1133 1559 1189 necessarios
1609 1141 1817 1187 natura:
1847 1147 1978 1187 usus

406 1231 671 1299 regendos
706 1226 1099 1298 sapientissime
1138 1225 1501 1279 committens.
1562 1222 1788 1295 Propter
1837 1223 1975 1277 hanc

407 1322 573 1392 igitur
598 1318 870 1376 datamilli
900 1324 1248 1388 potestatem,
1279 1316 1497 1385 quando
1542 1330 1647 1370 non
1679 1314 1848 1374 ducit.
1884 1312 1977 1368 sed

407 1414 623 1469 ducitur
650 1409 817 1485 624
838 1410 906 1464 ab
933 1408 1235 1464 irrationali
1265 1424 1391 1477 pars
1428 1406 1736 1471 rationalis,
1778 1420 1977 1477 expro-

405 1506 573 1561 brans
607 1505 810 1575 aurigae
850 1503 1151 1571 Scriptura,
1180 1508 1238 1555 ut
1272 1500 1338 1553 ad
1363 1498 1694 1554 irrationalis
1728 1498 1977 1568 volupta-

409 1608 514 1655 tem
544 1613 707 1668 prave
751 1611 783 1651 e
822 1597 1082 1666 superiori
1118 1603 1271 1663 parte
1304 1591 1534 1661 dejecto,
1575 1592 1682 1646 ait:
1720 1590 1859 1661 Equi
1894 1591 1976 1645 in-

407 1692 665 1747 sanientes
703 1691 757 1744 in
780 1689 1004 1760 feminas
1037 1688 1165 1757 {acti
1192 1696 1336 1750 sunt,
1361 1685 1714 1754 unusquisque
1742 1684 1814 1737 ad
1843 1699 1977 1737 uxo-

406 1800 516 1839 rem
539 1783 768 1852 proximi
794 1781 877 1835 sui
905 1779 1172 1834 hinniebat
1192 1778 1258 1831 ⁸⁶.
1290 1776 1356 1831 Ει
1379 1776 1505 1830 alibi
1541 1790 1635 1845 per
1661 1774 1972 1829 umbilicum

406 1882 461 1929 et
492 1871 703 1927 lumbos
732 1869 1067 1924 irrationalis
1100 1867 1270 1938 partis
1292 1866 1346 1919 in
1370 1866 1606 1918 animam
1636 1864 1972 1919 dominatum

404 1964 755 2020 subindicans
783 1977 797 2014 :
823 1960 958 2015 Ecce
993 1960 1152 2014 robur
1180 1959 1313 2022 ejus,
1343 1957 1537 2026 inquit,
1572 1958 1628 2009 in
1673 1956 1883 2021 lumbis,
1923 1964 1973 2009 et

402 2065 634 2127 potestas
674 2055 788 2125 ejus
822 2054 876 2106 in
912 2053 1180 2117 _umbilico
1221 2051 1413 2105 ventris
1464 2049 1528 2101 ⁵⁷.
1582 2047 1975 2118 Pinguescente

403 2149 550 2204 enim
579 2163 646 2202 ex
679 2157 835 2217 gustu
868 2152 1076 2207 ventre,
1111 2157 1332 2198 necesse
1348 2150 1450 2204 est,
1482 2147 1541 2195 ut
1565 2139 1823 2209 subjectae
1845 2153 1975 2193 ven-

402 2242 471 2294 tri
501 2249 703 2309 partes,
753 2237 823 2292 ab
860 2238 1163 2293 exundante
1205 2234 1434 2288 humore
1464 2272 1480 2296 ,
1528 2232 1618 2302 qui
1665 2232 1719 2285 in
1771 2231 1974 2285 intimis

401 2331 729 2395 eiiervescit,
782 2330 848 2384 ad
905 2327 1179 2383 naturales
1230 2327 1575 2397 operationes
1635 2331 1973 2378 moveantur.

405 2423 722 2493 Suppeditat
750 2423 894 2477 enim
931 2430 1120 2476 venter
1139 2421 1225 2474 his
1253 2420 1545 2473 imminens
1570 2432 1657 2481 ea,
1684 2416 1974 2487 quibushte

403 2515 749 2584 operationes
778 2512 927 2567 velut
967 2520 1135 2566 (nstro
1181 2510 1519 2565 incitantur:
1560 2509 1682 2577 gula
1734 2516 1912 2561 autem
1942 2522 1974 2561 e

402 2606 668 2676 superiori
693 2611 845 2673 parte
900 2602 1156 2656 materias
1198 2599 1343 2655 velut
1402 2614 1469 2654 ex
1500 2599 1647 2654 fante
1676 2597 1969 2665 profundit.

402 2697 631 2755 Gustum
672 2695 835 2766 igitur
873 2694 1024 2763 virgo
1048 2692 1227 2746 vincat
1251 2699 1377 2745 ante
1423 2690 1602 2745 omnia
1624 2729 1639 2754 ,
1667 2688 1847 2744 fontes
1879 2705 1973 2743 vo-

401 2790 669 2859 luptatum
692 2801 755 2841 ac
778 2786 903 2841 inde
925 2785 991 2839 ad
1025 2783 1500 2855 intemperantiam
1541 2780 1821 2835 ﬂuentium
1849 2781 1971 2834 irri-

400 2890 787 2944 tamentorum,
826 2893 858 2934 e
911 2876 1176 2947 superiori
1222 2884 1376 2945 parte
1422 2874 1694 2943 sapienter
1742 2886 1969 2942 regens;

401 2989 471 3030 ne
500 2974 626 3028 dum
679 2969 1048 3041 virginitatem
1102 2967 1411 3037 proﬁtetur,
1470 2980 1534 3019 ac
1572 2977 1761 3035 postea
1787 2966 1967 3035 gustui

2082 496 2349 567 πομόρφῳ
2396 496 2504 550 ἀπὸ
2536 497 2779 566 κεφαλῆς
2810 497 2916 560 ἕως
2947 498 3188 569 στέρνων
3224 497 3433 552 ἄνωθεν
3476 501 3660 571 μέρει,

2076 585 2138 641 τὸ
2177 586 2285 640 ἀπὸ
2316 586 2561 657 ὀμφαλοῦ
2592 588 2686 640 καὶ
2719 587 2939 656 ὀσφύος,
2974 588 3224 659 καθάπερ
3265 589 3434 642 ῖππου
3475 588 3663 658 φύσιν,

2079 679 2216 751 πρός
2242 697 2300 731 τε
2327 681 2428 742 τὰς
2456 679 2691 749 γαστρὸς
2721 679 2913 750 ήδονάς
2951 679 3228 751 κτηνῶδες
3256 681 3525 750 ὑπάρχον,
3565 682 3664 735 καὶ

2079 770 2215 841 πρὸς
2244 771 2347 833 τὰς
2382 771 2555 841 μίξεις
2580 771 2789 840 ἀλόγως
2821 770 3156 842 κινούμενον,
3192 770 3441 825 κατώθεν
3478 773 3664 845 φέρων

2079 865 2462 936 προσήρμοσεν
2485 881 2497 894 ·
2534 864 2631 935 οὑχ
2688 864 2793 917 ὑπὸ
2835 864 2929 917 τοῦ
2964 863 3158 932 ἀλόγου
3189 864 3390 935 μέρους
3423 865 3486 917 τὸ
3514 866 3664 933 λογι-

2078 955 2173 1008 κὸν
2202 955 2599 1028 ἐξαρπάζεσθαι
2633 956 2931 1028 βουληθεὶς,
2966 957 3102 1011 ἀλλά
3143 958 3222 1028 τῷ
3269 958 3476 1027 λογικῷ
3531 958 3666 1011 ὑπο-

2078 1046 2414 1117 ϐεϐλημένον
2435 1047 2546 1118 (85)
2581 1047 2756 1118 ἔχοντι
2793 1048 2853 1101 τὸ
2886 1049 3077 1117 ἄλογον
3113 1050 3298 1120 μέρος,
3330 1050 3665 1120 ἡνιοχεῖσθαι

2078 1140 2214 1211 πρὸς
2250 1140 2348 1202 τὰς
2373 1139 2471 1209 τῆς
2505 1138 2719 1209 φύσεως
2744 1140 2990 1209 ἀνάγκας
3016 1138 3308 1209 πανσόφως
3341 1142 3515 1209 ἐφείς.
3567 1142 3666 1193 Διά

2079 1231 2207 1299 γοῦν
2239 1226 2441 1301 ταύτην
2478 1231 2579 1302 τὴν
2612 1230 2899 1301 δεδομένην
2930 1230 3078 1302 αὑτῷ
3112 1231 3383 1297 ἐξουσίαν,
3424 1232 3559 1285 ὅταν
3589 1232 3665 1302 μὴ

2079 1322 2208 1394 ἄγῃ,
2244 1322 2357 1375 ἀλλ’
2387 1323 2585 1393 ἄγηται
2613 1323 2718 1375 ὑπὸ
2753 1322 2846 1375 τοῦ
2871 1322 3066 1392 ἀλόγου
3093 1324 3153 1377 τὸ
3176 1324 3412 1393 λογικὸν.
3446 1326 3666 1377 ἐπονει-

2042 1482 2047 1487 ι
2076 1410 2237 1475 δίζων
2264 1410 2343 1480 τῷ
2370 1411 2568 1481 ἡνιόχῳ
2597 1413 2625 1465 ὀ
2657 1410 2833 1479 λόγος,
2862 1411 2939 1474 ῶς
2964 1410 3030 1465 ἂν
3058 1412 3196 1483 πρὸς
3222 1413 3320 1484 τὴν
3341 1411 3435 1464 τοῦ
3463 1411 3665 1479 ἀλόγου

2076 1498 2268 1570 ἡδονὴν
2291 1499 2478 1563 κακῶς
2506 1499 2711 1553 ἄνωθεν
2746 1499 3037 1553 κενωθέντι
3082 1501 3193 1572 (84)
3237 1501 3419 1571 φησίν·
3456 1503 3669 1557 "Iarth

2077 1591 2443 1659 θηλυμανεῖς
2472 1591 2869 1661 ἐγενήθησαν,
2896 1592 3153 1659 ἕκαστος
3184 1594 3282 1646 ἐπὶ
3310 1592 3424 1660 τὴν
3452 1591 3669 1661 γυναῖ-

2076 1700 2153 1737 κα
2179 1682 2285 1736 τοῦ
2323 1685 2591 1752 πλησίον
2622 1683 2807 1738 αὑτοῦ
2832 1684 3159 1754 ἐχρεμέτιζε
3190 1685 3319 1758 (85).
3352 1686 3463 1739 Καὶ
3494 1686 3670 1740 ἀλλα-

2075 1773 2171 1844 χοῦ
2211 1775 2305 1827 ἀπ’
2327 1775 2570 1845 ὀμφαλοῦ
2605 1775 2698 1828 καὶ
2729 1775 2930 1844 ὀσφύος
2954 1775 3016 1827 τὸ
3043 1774 3235 1843 ἄλογον
3262 1774 3404 1828 κατά
3427 1776 3528 1846 τῆς
3554 1775 3668 1845 ψυ-

2073 1864 2172 1936 χῆς
2196 1866 2542 1919 δυναστεύειν
2569 1865 3020 1937 ὑπαινισσόμενος
3039 1882 3052 1896 ·
3098 1866 3244 1921 Ἰδοὺ
3267 1866 3378 1937 (86)
3405 1867 3443 1935 ὴ
3474 1867 3669 1935 ἰσχὺς

2072 1959 2281 2023 αὐτοῦ,
2318 1959 2505 2026 φησὶν,
2537 1957 2629 2011 ἐπ’
2671 1959 2877 2027 ὀσφύϊ,
2911 1960 2949 2027 ἠ
2976 1957 3046 2011 δὲ
3069 1957 3321 2028 δύναμις
3348 1958 3538 2012 αὑτοῦ
3561 1959 3668 2011 ἐπ’

2074 2050 2347 2120 ὀμφαλοῦ
2385 2050 2663 2120 γαστρός.
2688 2046 3049 2120 Πιαινομένης
3072 2048 3180 2122 γὰρ
3200 2049 3401 2120 ταύτης
3431 2049 3539 2102 ὑπὸ
3558 2050 3668 2120 τῆς

2073 2142 2334 2211 γεύσεως,
2365 2141 2576 2211 ἀνάγκη
2603 2138 2673 2192 τὰ
2701 2139 2791 2192 ὑπ’
2826 2138 2994 2210 αὐτὴν
3021 2138 3185 2209 μόρια
3215 2139 3319 2191 ὑπὸ
3348 2138 3440 2191 τοῦ
3468 2138 3668 2209 πλημ-

2076 2233 2373 2305 μυροῦντος
2401 2230 2568 2302 ὑγροῦ
2600 2228 2966 2301 βρασσομένου
2989 2231 3049 2283 ἐν
3077 2229 3252 2300 βάθει,
3280 2229 3417 2301 πρὸς
3440 2227 3542 2291 τὰς
3562 2245 3668 2297 φυ-

2074 2324 2231 2387 σικάς
2258 2323 2536 2394 ἐνεργείας
2556 2322 2844 2376 κινεῖσθαι.
2866 2323 3107 2394 Χορηγεῖ
3127 2322 3226 2391 μὲν
3247 2319 3355 2391 γάρ
3380 2322 3414 2390 ἡ
3439 2320 3667 2391 γαστὴρ

2072 2415 2398 2484 ἐπικειμένη
2426 2415 2636 2478 τούτοις
2663 2415 2805 2490 πρὸς
2836 2414 2928 2469 τὸν
2951 2410 3166 2485 οἶστρον
3189 2413 3258 2466 τά
3282 2412 3665 2466 ὑπεκκαίοντα

2071 2508 2272 2571 ταύτας
2300 2507 2410 2577 (87)
2435 2525 2448 2538 ’
2481 2508 2782 2570 κατάποσις
2807 2506 2916 2578 (88)
2947 2507 3006 2559 δὲ
3038 2505 3243 2560 ἄνωθεν
3281 2504 3518 2575 πηγάζει
3556 2505 3662 2569 τάς

2073 2599 2221 2663 ὑλας.
2254 2587 2485 2671 Πρώτης
2510 2595 2605 2654 οὖν
2632 2599 2731 2670 τῆς
2758 2598 3049 2669 γεύσεωςὴ
3072 2597 3340 2670 παρθένος
3361 2598 3661 2669 κρατήσει,

2071 2692 2171 2757 τὰς
2206 2691 2389 2763 πηγὰς
2425 2691 2534 2745 τῶν
2566 2690 2806 2764 γαστρὸς
2846 2690 3069 2763 ἡδονῶν,
3116 2689 3211 2744 καὶ
3259 2689 3367 2743 τῶν
3400 2688 3662 2742 ἐντεῦθεν

2071 2787 2209 2857 πρὸς
2235 2786 2532 2840 ἀκολασίαν
2559 2786 2795 2857 ῥεουσῶν
2827 2785 3093 2858 ἀφορμῶν
3123 2784 3330 2838 ἄνωθεν
3358 2783 3659 2854 σωφρόνως

2069 2877 2395 2950 ἡνιοχοῦσαο
2452 2878 2541 2931 ῖνα
2601 2878 2675 2949 μὴ
2730 2876 3086 2950 παρθενεύειν
3150 2874 3512 2947 προελομένη,
3574 2870 3658 2926 εἷ-

2069 2988 2138 3025 τα
2196 2972 2331 3040 πρὸς
2371 2971 2471 3041 τὴν
2521 2969 2709 3038 γεῦσιν
2756 2968 2990 3038 ἀφειδῶς
3039 2967 3463 3040 ἐκπορνεύουσα,
3513 2966 3658 3038 λάθῃ

402 3081 522 3122 sese
560 3063 911 3119 immoderate
959 3059 1282 3131 prostituit,
1345 3058 1659 3128 imprudens
1710 3057 1812 3110 alia
1852 3072 1966 3126 per-

2087 3063 2191 3118 ιαθ⁹
2252 3062 2444 3135 ἑτέραν
2514 3060 2866 3124 ἀπολαύσεως
2929 3058 3124 3131 ἡδονὴν
3187 3058 3285 3129 τὴν
3349 3058 3655 3126 παρθενίαν

400 3158 616 3215 fruendi
643 3157 920 3225 voluptate
951 3153 1317 3222 virginitatem
1355 3152 1522 3208 stulte
1551 3151 1827 3206 divendat.
1847 3150 1968 3206 Vir-

399 3250 577 3321 ginem
607 3247 754 3302 enim
787 3253 840 3299 et
901 3251 1116 3314 gustum
1182 3256 1303 3295 esse
1347 3249 1561 3311 oportet
1599 3241 1855 3311 virginis;
1895 3241 1968 3295 ita

401 3349 459 3394 ut
484 3338 625 3394 nulla
657 3353 833 3392 rerum
865 3336 1042 3406 gulam
1068 3334 1457 3389 oblectantiqu
1488 3333 1743 3388 illecebra
1781 3334 1847 3387 ad
1881 3348 1970 3388 vo-

399 3431 657 3501 luptatem
686 3438 1095 3499 corrumpatur,
1143 3427 1238 3482 sed
1272 3426 1640 3493 incorruptam
1673 3440 1732 3481 se
1774 3426 1826 3479 in
1867 3425 1970 3479 hoc

399 3536 614 3592 quoque
648 3528 805 3575 caute
835 3519 1130 3585 custodiat,
1151 3533 1351 3587 corpus
1371 3525 1570 3581 autem,
1601 3525 1661 3569 ut
1687 3516 1881 3570 animae
1902 3516 1969 3570 ad

397 3613 570 3670 otiicia
604 3611 947 3677 adimplenda
972 3610 1263 3675 ministret,
1289 3608 1584 3679 prudenter
1619 3618 1790 3678 regat.

467 3794 521 3849 8.
562 3791 678 3846 Non
704 3792 847 3846 enim
869 3796 1104 3860 oportet.
1139 3796 1195 3843 ut
1223 3788 1351 3843 dum
1399 3796 1576 3854 cavet,
1622 3802 1689 3842 ne
1715 3803 1968 3844 succum-

397 3881 489 3938 bat
513 3891 701 3953 gustus
728 3881 1006 3950 voluptati,
1036 3890 1091 3936 et
1132 3881 1490 3936 scaturientes
1533 3895 1601 3934 ex
1653 3890 1841 3936 ventre
1876 3897 1970 3936 vo-

395 3976 629 4045 luptates
668 3973 994 4042 constringit
1032 3983 1087 4026 et
1134 3981 1403 4036 attenuat,
1456 3987 1647 4026 rursus
1677 3971 1729 4024 in
1753 3982 1969 4026 contra-

396 4066 532 4119 riam
565 4073 774 4135 partem
798 4064 1046 4131 corporis
1076 4079 1229 4117 usum
1262 4071 1569 4118 convertat.
1605 4060 1688 4115 Ne
1716 4065 1853 4116 enim
1875 4067 1967 4119 dc-

298 4225 307 4230 -
394 4160 578 4223 clines,
638 4157 833 4225 inquit,
895 4156 962 4208 ad
1017 4153 1288 4209 dexteram
1345 4164 1439 4207 aut
1493 4154 1565 4207 ad
1596 4155 1867 4208 sinistram
1895 4156 1962 4209 ⁵⁸.

392 4252 855 4321 Quemadmodum
883 4250 1025 4304 enim
1060 4248 1288 4302 liberum
1313 4249 1379 4301 ad
1404 4262 1595 4301 omnes
1617 4262 1844 4316 prorsus
1876 4252 1958 4303 ci-

392 4348 491 4403 bos
514 4345 761 4401 emittere
778 4352 1018 4415 gustum,
1061 4357 1188 4397 vere
1221 4343 1292 4396 ob
1326 4355 1387 4394 ea
1432 4355 1552 4407 qum
1588 4340 1823 4395 diximus
1846 4357 1944 4409 per

392 4437 658 4491 niciosum
692 4443 809 4499 est;
842 4433 923 4488 sic
946 4446 1069 4488 eum
1103 4434 1407 4495 obstruere,
1444 4430 1513 4483 ita
1551 4438 1608 4481 ut
1656 4444 1853 4497 corpus
1892 4431 1960 4483 ob

392 4527 721 4581 debilitatem
750 4524 938 4580 inutile
962 4523 1077 4585 tiat,
1111 4521 1338 4577 omnino
1384 4536 1416 4576 a
1479 4521 1689 4575 ratione
1724 4520 1958 4575 alienum

390 4625 491 4672 est.
530 4616 786 4671 Extrema
822 4615 967 4670 enim
998 4628 1145 4675 vere,
1177 4622 1235 4665 ut
1261 4613 1337 4666 ait
1372 4613 1590 4681 sapiens
1626 4612 1867 4681 quidam,
1906 4613 1961 4668 in

390 4712 495 4766 hoc
516 4724 730 4779 quoque
750 4706 979 4777 mqualia
1027 4713 1172 4759 sunt.
1224 4704 1688 4768 Quemadmodum
1716 4705 1860 4757 enim
1894 4707 1963 4761 ob

466 4803 513 4834 ⁵⁸
537 4800 815 4864 Jerem.v,
840 4796 897 4851 8.
970 4795 1015 4827 "
1046 4793 1146 4850 Job
1204 4808 1293 4857 XL,
1331 4795 1418 4847 il.
1495 4791 1543 4823 ⁸³
1581 4794 1736 4846 Deut.
1790 4809 1841 4852 v.
1866 4794 1956 4847 52.

459 4885 1141 4965 (83)__'Y:to6e§.1npér_or.
1159 4886 1259 4965 ῥὶς
1289 4900 1415 4965 mss.
1441 4884 1673 4965 quinque
1699 4899 1818 4965 cum
1842 4884 1955 4965 edif

388 4953 533 5020 tione
566 4960 788 5015 Veneta.
821 4953 1017 5022 Paris,
1047 4955 1472 5025 ὑποϐεϐημένον.
1500 4953 1612 5007 Non
1643 4954 1810 5008 multo
1833 4962 1953 5023 post

387 5048 526 5089 unus
556 5047 618 5085 ex
660 5030 858 5098 Regiis,
890 5026 1178 5096 πανσόφως
1212 5026 1387 5093 ἀφείς.

457 5102 569 5173 (Si)
618 5090 965 5173 Κενῖοθέντι.
1018 5090 1493 5173 Satis_couuuode
1540 5090 1947 5173 editioni’aris"

386 5164 680 5242 κινηθέντι,
718 5183 891 5235 neque
924 5171 1060 5220 hanc
1090 5166 1410 5232 scripturam
1445 5164 1947 5242 sequi‘jlubitaretn,

391 5247 436 5299 si
471 5230 575 5296 u'ou
623 5230 982 5307 repugnarent
1013 5251 1143 5292 mss.
1194 5230 1383 5307 (illlnes
1434 5248 1555 5307 cum
1591 5230 1795 5307 Veneta
1831 5231 1948 5307 edi.

388 5298 550 5368 tione.
576 5298 837 5363 Prw-terea
869 5316 1098 5373 utraque
1130 5304 1395 5372 scriptura
1422 5305 1608 5355 eodem
1644 5301 1799 5373 rediit.
1831 5298 1951 5351 Non

389 5382 655 5437 assentior
679 5370 1113 5431 Combelisio'ita
1158 5370 1400 5429 reddenti
1432 5388 1445 5425 :
1490 5387 1646 5440 prave
1675 5370 1797 5423 olim
1831 5386 1956 5423 eva-

385 5449 865 5515 cuarit,dejecerit.
1036 5514 1039 5515 ν
1330 5512 1359 5515 γ’
1514 5513 1523 5515 _
1696 5509 1706 5515 -
1774 5508 1799 5515 μ
1912 5484 1917 5489 .

456 5508 576 5591 (85)
611 5508 987 5591 Ἐχρεμέτιζε.
1020 5514 1209 5569 Plures
1240 5508 1880 5591 cotlireskexpspértCov.

458 5581 568 5657 (86)
610 5581 1313 5657 788;}.Qotltcesitonuulli,
1342 5582 1449 5635 ίδοὺ
1476 5581 1562 5652 δή.
1596 5582 1787 5635 Statim
1816 5592 1954 5634 unus

388 5674 452 5715 ex
491 5653 686 5725 Regiis,
714 5654 874 5721 ὀσφύϊ
903 5653 1088 5707 αὑτοῦ.

457 5720 840 5801 (δηταύτας.
873 5724 1119 5779 Nonnulli
1152 5720 1380 5792 codices,
1409 5720 1628 5793 ταύτην.

2072 3156 2281 3224 ἀλόγως
2326 3154 2737 3226 ἀπεμπολοῦσα.
2788 3151 3062 3225 Παρθένον
3117 3152 3223 3222 γάρ
3257 3150 3351 3204 καὶ
3389 3150 3492 3220 τὴν
3523 3148 3655 3217 γεῦ-

2073 3265 2157 3301 σιν
2213 3243 2351 3301 εἶναι
2410 3246 2492 3298 δεῖ
2546 3246 2647 3317 τῆς
2699 3242 2989 3316 παρθένου,
3043 3243 3150 3297 ὑπὸ
3211 3243 3488 3313 μηδεμιᾶς
3554 3240 3652 3295 τοῦ

2069 3341 2287 3411 ἥδοντος
2315 3339 2414 3411 τὴν
2443 3339 2743 3393 κατάποσιν
2774 3336 3062 3400 κολακείας
3097 3335 3233 3407 πρὸς
3263 3335 3461 3406 ἡδονὴν
3496 3333 3651 3404 φθει-

2073 3431 2326 3504 ρομένην,
2357 3430 2470 3484 ἀλλ’
2500 3428 2733 3501 ἄφθορον
2762 3428 2860 3499 μὲν
2897 3428 2999 3481 κάν
3035 3426 3207 3497 τούτῳ
3232 3427 3431 3495 ἑαυτὴν
3465 3423 3656 3497 φρονί-

2074 3538 2188 3591 μως
2219 3519 2610 3589 φυλάττουσαν,
2650 3517 2801 3589 ’πρὸς
2855 3516 2913 3570 δὲ
2958 3515 3055 3588 τὴν
3102 3517 3200 3587 τῆς
3236 3515 3414 3587 ψυχῆς
3456 3517 3538 3578 εἰς
3580 3514 3655 3567 τὰ

2069 3615 2428 3668 ἐπιϐάλλοντα
2474 3612 2800 3685 ὑπηρεσίαν,
2849 3611 2912 3665 τὸ
2966 3611 3125 3683 σῶμα
3172 3610 3460 3682 ἐμφρόνως
3500 3612 3656 3681 ἡνιο-

2071 3707 2169 3779 χοῦ
2178 3723 2297 3760 σαν.

2141 3802 2193 3853 8.
2231 3798 2367 3853 Οὐδὲ
2408 3797 2515 3869 γὰρ
2553 3797 2634 3851 δεῖ
2681 3794 3091 3867 φυλαττομένην
3125 3794 3419 3847 ὑποπεσεῖν
3442 3794 3512 3864 τῇ
3543 3792 3653 3862 τῆς

2069 3888 2311 3960 γεύσεως
2335 3887 2517 3959 ἡδονῇ,
2547 3886 2759 3950 καὶτὰς
2787 3883 3140 3957 πηγαζούσας
3167 3885 3232 3936 ἐκ
3265 3882 3501 3953 γαστρὸς
3519 3882 3649 3951 ἡδο-

2068 3983 2166 4044 νὰς
2192 3979 2278 4033 διά
2302 3981 2401 4050 τῆς
2426 3979 2565 4050 πρὸς
2588 3979 2660 4033 τά
2697 3972 2817 4032 σῖτα
2854 3975 3179 4048 ἐγκρατείας
3214 3974 3650 4029 ἀναστέλλουσάν

2066 4091 2126 4127 τε
2153 4073 2247 4128 καὶ
2282 4072 2675 4143 ἰσχναίνουσαν,
2720 4072 2802 4134 είς
2834 4070 2895 4123 τὸ
2921 4068 3163 4123 ἐναντίον
3197 4064 3351 4131 αὖθις
3385 4066 3645 4139 περιτρὲο

2068 4182 2189 4219 πειν
2213 4163 2323 4235 (89)
2352 4165 2451 4235 τὴν
2472 4162 2567 4216 τοῦ
2594 4161 2845 4233 σώματος
2871 4162 3078 4233 χρείαν.
3101 4158 3198 4228 Μὴ
3212 4160 3502 4228 ἐκκλίνῃς
3527 4158 3646 4229 (90)

2064 4259 2198 4330 γὰρ,
2228 4260 2413 4329 φησὶν,
2449 4262 2537 4325 εὶς
2573 4259 2647 4313 τὰ
2684 4256 2853 4322 δεξιὰ
2898 4257 2936 4324 ἢ
2964 4259 3053 4321 εὶς
3090 4253 3162 4308 τὰ
3205 4254 3509 4322 ἀριστερὰ.
3553 4254 3645 4316 Ὧς

2079 4350 2175 4421 γὰρ
2203 4348 2265 4402 τὸ
2297 4348 2483 4403 ἄνετον
2514 4348 2656 4403 κατὰ
2684 4347 2902 4401 πάντων
2932 4346 3117 4409 ἁπλῶς
3146 4345 3457 4413 ἐδεσμάτων
3488 4344 3646 4413 ἀφιέ-

2078 4459 2155 4496 tat
2187 4442 2296 4510 (91)
2332 4443 2430 4513 τὴν
2458 4440 2644 4511 γεῦσιν
2684 4439 2772 4493 διὰ
2811 4439 2879 4492 τὰ
2908 4436 3279 4509 προειρημένα
3320 4436 3396 4499 ὡς
3427 4435 3644 4506 ἀληθῶς

2069 4532 2337 4603 χαλεπόνο
2389 4530 2532 4585 οὑτω
2579 4531 2640 4583 τὸ
2692 4530 3013 4584 ἀποκλεῖσαι
3067 4528 3271 4598 ταύτην
3320 4528 3401 4590 εἰς
3434 4526 3532 4598 τὴν
3580 4527 3643 4592 ἐξ

2068 4620 2349 4684 ἀσθενείας
2385 4620 2476 4673 τοῦ
2506 4618 2754 4689 σώματος
2782 4618 3100 4692 ἀχρηστίαν,
3142 4618 3488 4670 παντάπασιν
3516 4617 3643 4670 ἀλο-

2070 4710 2331 4779 γώτατον.
2379 4711 2445 4764 Αἱ
2491 4707 2790 4782 ἀκρότητες
2822 4710 2931 4782 γάρ
2974 4710 3142 4771 ὀντως
3169 4708 3303 4776 (9'2),
3326 4708 3402 4771 ὡς
3428 4709 3529 4781 ἔφη
3555 4726 3642 4772 τις

2092 4886 2244 4967 ~(88)
2273 4885 2636 4971 ξίατάποσις.
2669 4884 2815 4941 Unus
2839 4899 2903 4940 ex
2934 4883 3136 4953 Regiis,
3172 4884 3206 4954 ή
3238 4882 3295 4935 δὲ
3335 4883 3637 4948 κατάποσις

2058 4973 2159 5026 της
2199 4974 2457 5024 γεύσεως.
2708 5023 2746 5026 __
2999 5023 3026 5026 _
3112 5009 3121 5026 ε

2130 5022 2239 5095 (89)
2274 5028 2669 5093 Περιτρέπειν.
2707 5023 2855 5079 Unus
2888 5040 2951 5079 ex
2996 5022 3178 5094 Regiis
3211 5032 3335 5076 ante
3364 5022 3508 5077 hanc
3539 5039 3635 5079 vo-

2058 5109 2172 5149 cem
2205 5098 2380 5159 habet,
2412 5095 2608 5158 νόσοις.

2130 5164 2240 5236 (90)
2293 5164 2650 5236 Ἐκκλίνῃςα
2682 5166 2782 5236 Sic
2833 5173 2943 5218 tres
2986 5162 3202 5217 codices
3256 5176 3388 5216 mss.
3441 5164 3636 5218 melius

2058 5234 2297 5302 quam'iu
2326 5238 2507 5298 editis,
2536 5234 2826 5298 ἐκκλίνεις.

2130 5304 2243 5372 (9|)
2284 5304 2560 5373 ’Agatérat.
2604 5305 2753 5361 Unus
2786 5303 2977 5367 codex,
3011 5302 3232 5372 ἀφεῖναι

2127 5369 2239 5443 (92)
2259 5369 2504 5441 "ortam.
2536 5373 2671 5431 Male
2701 5376 2752 5426 in
2776 5369 3485 5443 utraqueedittonetobswg,
3514 5386 3634 5425 con-

2052 5440 2144 5496 tra'
2163 5454 2402 5497 veterum
2435 5440 2693 5497 librorum
2717 5444 2897 5497 (idem.
2915 5440 3043 5496 Mox
3067 5443 3235 5495 editio
3263 5440 3460 5505 Paris,
3484 5444 3627 5495 κατά

2049 5511 2207 5565 τοῦτὸ
2230 5514 2385 5568 εἰσιν.
2418 5512 2521 5577 Sed
2551 5515 2702 5567 deest
2731 5512 2953 5573 verbum
2980 5510 3372 5565 substantiVum
3400 5510 3453 5563 in
3478 5514 3635 5580 quin-

2050 5598 2157 5650 que
2185 5586 2385 5639 nostris
2413 5584 2709 5648 codicibus,
2736 5596 2965 5653 quorum
2988 5581 3093 5636 duo
3119 5580 3413 5647 habebant,
3442 5581 3631 5636 ἀνισό-

2049 5666 2230 5722 τητες.
