  <div class='ocr_page' id='page_1' title='image "/cluster/home/n/w/nwhite01/storage/ocr_20150623/30/nnc1.0046978810/364.png"; bbox 0 0 3810 6214; ppageno 0'>
   <div class='ocr_carea' id='block_1_1' title="bbox 138 314 248 371">
    <p class='ocr_par' dir='ltr' id='par_1_1' title="bbox 138 314 248 371">
     <span class='ocr_line' id='line_1_1' title="bbox 138 314 248 371; baseline 0 0"><span class='ocrx_word' id='word_1_1' title='bbox 138 314 248 371; x_wconf 78' lang='grc'><strong>685</strong></span> 
     </span>
    </p>
   </div>
   <div class='ocr_carea' id='block_1_2' title="bbox 1339 309 2167 368">
    <p class='ocr_par' dir='ltr' id='par_1_2' title="bbox 1339 309 2167 368">
     <span class='ocr_line' id='line_1_2' title="bbox 1339 309 2167 368; baseline 0.001 -3"><span class='ocrx_word' id='word_1_2' title='bbox 1339 310 1540 367; x_wconf 78' lang='lat' dir='ltr'><strong>LIBER</strong></span> <span class='ocrx_word' id='word_1_3' title='bbox 1577 309 1666 365; x_wconf 88' lang='lat' dir='ltr'><strong>DE</strong></span> <span class='ocrx_word' id='word_1_4' title='bbox 1705 309 2167 368; x_wconf 81' lang='lat' dir='ltr'><strong>VIRGINITATE.</strong></span> 
     </span>
    </p>
   </div>
   <div class='ocr_carea' id='block_1_3' title="bbox 3293 304 3417 397">
    <p class='ocr_par' dir='ltr' id='par_1_3' title="bbox 3293 304 3417 397">
     <span class='ocr_line' id='line_1_3' title="bbox 3293 304 3417 397; baseline -0.016 -37"><span class='ocrx_word' id='word_1_5' title='bbox 3293 304 3417 397; x_wconf 44' lang='lat'><strong>686’</strong></span> 
     </span>
    </p>
   </div>
   <div class='ocr_carea' id='block_1_4' title="bbox 138 421 1759 500">
    <p class='ocr_par' dir='ltr' id='par_1_4' title="bbox 138 425 1732 500">
     <span class='ocr_line' id='line_1_4' title="bbox 138 425 1732 500; baseline -0.004 -14"><span class='ocrx_word' id='word_1_6' title='bbox 138 432 255 486; x_wconf 88' lang='grc' dir='ltr'><strong>τῶν</strong></span> <span class='ocrx_word' id='word_1_7' title='bbox 280 428 482 500; x_wconf 87' lang='grc' dir='ltr'>σοφῶν,</span> <span class='ocrx_word' id='word_1_8' title='bbox 531 427 626 482; x_wconf 81' lang='grc' dir='ltr'>καὶ</span> <span class='ocrx_word' id='word_1_9' title='bbox 673 425 818 482; x_wconf 89' lang='grc' dir='ltr'><strong>κατά</strong></span> <span class='ocrx_word' id='word_1_10' title='bbox 852 425 1013 481; x_wconf 88' lang='grc' dir='ltr'>τοῦτο</span> <span class='ocrx_word' id='word_1_11' title='bbox 1056 425 1321 498; x_wconf 68' lang='grc' dir='ltr'>ἰσότητας.</span> <span class='ocrx_word' id='word_1_12' title='bbox 1381 426 1469 491; x_wconf 83' lang='grc' dir='ltr'>Ὧς</span> <span class='ocrx_word' id='word_1_13' title='bbox 1496 426 1605 499; x_wconf 86' lang='grc' dir='ltr'><strong>γάρ</strong></span> <span class='ocrx_word' id='word_1_14' title='bbox 1643 427 1732 480; x_wconf 84' lang='grc' dir='ltr'>διὰ</span> 
     </span>
    </p>
   </div>
   <div class='ocr_carea' id='block_1_5' title="bbox 1863 421 3401 500">
    <p class='ocr_par' dir='ltr' id='par_1_5' title="bbox 1867 421 3401 496">
     <span class='ocr_line' id='line_1_5' title="bbox 1867 421 3401 496; baseline -0.002 -15"><span class='ocrx_word' id='word_1_15' title='bbox 1867 427 2042 496; x_wconf 90' lang='lat' dir='ltr'><strong>opiam</strong></span> <span class='ocrx_word' id='word_1_16' title='bbox 2066 426 2310 480; x_wconf 87' lang='lat' dir='ltr'><strong>ciborum</strong></span> <span class='ocrx_word' id='word_1_17' title='bbox 2343 421 2696 477; x_wconf 78' lang='lat' dir='ltr'><strong>recalcitrans</strong></span> <span class='ocrx_word' id='word_1_18' title='bbox 2730 434 2901 490; x_wconf 86' lang='lat' dir='ltr'><strong>equus</strong></span> <span class='ocrx_word' id='word_1_19' title='bbox 2947 428 3155 486; x_wconf 80' lang='lat' dir='ltr'><strong>noster,</strong></span> <span class='ocrx_word' id='word_1_20' title='bbox 3207 421 3401 478; x_wconf 88' lang='lat' dir='ltr'><strong>vitiose</strong></span> 
     </span>
    </p>
   </div>
   <div class='ocr_carea' id='block_1_6' title="bbox 142 513 1728 592">
    <p class='ocr_par' dir='ltr' id='par_1_6' title="bbox 142 513 1728 592">
     <span class='ocr_line' id='line_1_6' title="bbox 142 513 1728 592; baseline -0.005 -17"><span class='ocrx_word' id='word_1_21' title='bbox 142 521 353 592; x_wconf 83' lang='grc' dir='ltr'>πλῆθος</span> <span class='ocrx_word' id='word_1_22' title='bbox 379 517 599 591; x_wconf 81' lang='grc' dir='ltr'>τροφῶν</span> <span class='ocrx_word' id='word_1_23' title='bbox 618 516 727 587; x_wconf 79' lang='grc'><strong>(95)</strong></span> <span class='ocrx_word' id='word_1_24' title='bbox 752 514 1100 587; x_wconf 85' lang='grc' dir='ltr'>ἀποσκιρτῶν</span> <span class='ocrx_word' id='word_1_25' title='bbox 1129 513 1287 585; x_wconf 81' lang='grc' dir='ltr'>ἡμῶν</span> <span class='ocrx_word' id='word_1_26' title='bbox 1312 516 1343 567; x_wconf 82' lang='grc' dir='ltr'><strong>ὁ</strong></span> <span class='ocrx_word' id='word_1_27' title='bbox 1365 514 1550 580; x_wconf 86' lang='grc' dir='ltr'>ῖππος,</span> <span class='ocrx_word' id='word_1_28' title='bbox 1575 514 1728 584; x_wconf 84' lang='grc' dir='ltr'>φέρει</span> 
     </span>
    </p>
   </div>
   <div class='ocr_carea' id='block_1_7' title="bbox 142 603 1732 681">
    <p class='ocr_par' dir='ltr' id='par_1_7' title="bbox 142 603 1732 681">
     <span class='ocr_line' id='line_1_7' title="bbox 142 603 1732 681; baseline -0.008 -12"><span class='ocrx_word' id='word_1_29' title='bbox 142 613 334 675; x_wconf 81' lang='grc' dir='ltr'>κακῶς</span> <span class='ocrx_word' id='word_1_30' title='bbox 361 612 470 681; x_wconf 85' lang='grc' dir='ltr'>ὅπη</span> <span class='ocrx_word' id='word_1_31' title='bbox 506 608 753 680; x_wconf 83' lang='grc' dir='ltr'>βούλεται</span> <span class='ocrx_word' id='word_1_32' title='bbox 775 608 868 662; x_wconf 80' lang='grc' dir='ltr'><strong>τὸν</strong></span> <span class='ocrx_word' id='word_1_33' title='bbox 893 606 1140 677; x_wconf 88' lang='grc' dir='ltr'>ήνίοχον·</span> <span class='ocrx_word' id='word_1_34' title='bbox 1185 604 1327 659; x_wconf 78' lang='grc' dir='ltr'>οὕτω</span> <span class='ocrx_word' id='word_1_35' title='bbox 1358 604 1428 657; x_wconf 89' lang='grc' dir='ltr'>δι’</span> <span class='ocrx_word' id='word_1_36' title='bbox 1460 603 1732 677; x_wconf 58' lang='grc' dir='ltr'>ὑπερϐάλ-</span> 
     </span>
    </p>
   </div>
   <div class='ocr_carea' id='block_1_8' title="bbox 144 694 1731 771">
    <p class='ocr_par' dir='ltr' id='par_1_8' title="bbox 144 694 1731 771">
     <span class='ocr_line' id='line_1_8' title="bbox 144 694 1731 771; baseline -0.006 -14"><span class='ocrx_word' id='word_1_37' title='bbox 144 705 346 758; x_wconf 86' lang='grc' dir='ltr'>λουσαν</span> <span class='ocrx_word' id='word_1_38' title='bbox 369 702 580 756; x_wconf 73' lang='grc' dir='ltr'>ἔνδειαν</span> <span class='ocrx_word' id='word_1_39' title='bbox 603 696 742 771; x_wconf 81' lang='grc' dir='ltr'>πρὸς</span> <span class='ocrx_word' id='word_1_40' title='bbox 759 700 860 770; x_wconf 80' lang='grc' dir='ltr'><strong>τὴν</strong></span> <span class='ocrx_word' id='word_1_41' title='bbox 882 696 1249 769; x_wconf 79' lang='grc' dir='ltr'><strong>προκειμένην</strong></span> <span class='ocrx_word' id='word_1_42' title='bbox 1270 697 1370 767; x_wconf 84' lang='grc' dir='ltr'>τῆς</span> <span class='ocrx_word' id='word_1_43' title='bbox 1390 695 1590 766; x_wconf 79' lang='grc' dir='ltr'>ἀρετῆς</span> <span class='ocrx_word' id='word_1_44' title='bbox 1613 694 1731 748; x_wconf 84' lang='grc' dir='ltr'>ὁδὸν</span> 
     </span>
    </p>
   </div>
   <div class='ocr_carea' id='block_1_9' title="bbox 145 788 1733 865">
    <p class='ocr_par' dir='ltr' id='par_1_9' title="bbox 145 788 1733 865">
     <span class='ocr_line' id='line_1_9' title="bbox 145 788 1733 865; baseline -0.006 -15"><span class='ocrx_word' id='word_1_45' title='bbox 145 794 450 865; x_wconf 77' lang='grc' dir='ltr'>ἐμποδίζει.</span> <span class='ocrx_word' id='word_1_46' title='bbox 492 792 604 845; x_wconf 68' lang='grc' dir='ltr'><strong>Καὶ</strong></span> <span class='ocrx_word' id='word_1_47' title='bbox 631 790 821 862; x_wconf 83' lang='grc' dir='ltr'>ὥσπερ</span> <span class='ocrx_word' id='word_1_48' title='bbox 866 791 929 843; x_wconf 83' lang='grc' dir='ltr'>οὐ</span> <span class='ocrx_word' id='word_1_49' title='bbox 972 789 1053 842; x_wconf 90' lang='grc' dir='ltr'><strong>δεῖ</strong></span> <span class='ocrx_word' id='word_1_50' title='bbox 1085 791 1206 851; x_wconf 91' lang='grc' dir='ltr'>ταῖς</span> <span class='ocrx_word' id='word_1_51' title='bbox 1245 788 1468 852; x_wconf 89' lang='grc' dir='ltr'>πολλαῖς</span> <span class='ocrx_word' id='word_1_52' title='bbox 1506 790 1733 859; x_wconf 82' lang='grc' dir='ltr'><strong>τροφαῖς</strong></span> 
     </span>
    </p>
   </div>
   <div class='ocr_carea' id='block_1_10' title="bbox 144 877 1735 951">
    <p class='ocr_par' dir='ltr' id='par_1_10' title="bbox 144 877 1735 951">
     <span class='ocr_line' id='line_1_10' title="bbox 144 877 1735 951; baseline -0.004 -13"><span class='ocrx_word' id='word_1_53' title='bbox 144 885 339 938; x_wconf 88' lang='grc' dir='ltr'>τοῦτον</span> <span class='ocrx_word' id='word_1_54' title='bbox 372 882 675 946; x_wconf 88' lang='grc' dir='ltr'>πιαίνοντα,</span> <span class='ocrx_word' id='word_1_55' title='bbox 702 883 823 945; x_wconf 89' lang='grc' dir='ltr'>ταῖς</span> <span class='ocrx_word' id='word_1_56' title='bbox 848 879 957 933; x_wconf 86' lang='grc' dir='ltr'><strong>τῶν</strong></span> <span class='ocrx_word' id='word_1_57' title='bbox 985 880 1373 951; x_wconf 83' lang='grc' dir='ltr'><strong>σκιρτημάτων</strong></span> <span class='ocrx_word' id='word_1_58' title='bbox 1406 877 1573 933; x_wconf 82' lang='grc' dir='ltr'>αὑτοῦ</span> <span class='ocrx_word' id='word_1_59' title='bbox 1604 879 1735 931; x_wconf 88' lang='grc' dir='ltr'>ἀτα-</span> 
     </span>
    </p>
   </div>
   <div class='ocr_carea' id='block_1_11' title="bbox 149 968 1735 1042">
    <p class='ocr_par' dir='ltr' id='par_1_11' title="bbox 149 968 1735 1042">
     <span class='ocr_line' id='line_1_11' title="bbox 149 968 1735 1042; baseline -0.003 -17"><span class='ocrx_word' id='word_1_60' title='bbox 149 973 291 1039; x_wconf 80' lang='grc' dir='ltr'>ξίαις</span> <span class='ocrx_word' id='word_1_61' title='bbox 317 970 649 1026; x_wconf 82' lang='grc' dir='ltr'>κακοπαθεῖν</span> <span class='ocrx_word' id='word_1_62' title='bbox 670 970 761 1024; x_wconf 81' lang='grc' dir='ltr'><strong>τὸν</strong></span> <span class='ocrx_word' id='word_1_63' title='bbox 788 970 1019 1042; x_wconf 82' lang='grc' dir='ltr'>ἡνίοχον,</span> <span class='ocrx_word' id='word_1_64' title='bbox 1052 970 1148 1024; x_wconf 75' lang='grc' dir='ltr'><strong>καὶ</strong></span> <span class='ocrx_word' id='word_1_65' title='bbox 1174 968 1485 1040; x_wconf 85' lang='grc' dir='ltr'>ἁπανταχοῦ</span> <span class='ocrx_word' id='word_1_66' title='bbox 1508 968 1735 1040; x_wconf 78' lang='grc' dir='ltr'>περιφέ-</span> 
     </span>
    </p>
   </div>
   <div class='ocr_carea' id='block_1_12' title="bbox 151 1058 1734 1137">
    <p class='ocr_par' dir='ltr' id='par_1_12' title="bbox 151 1058 1734 1137">
     <span class='ocr_line' id='line_1_12' title="bbox 151 1058 1734 1137; baseline -0.004 -19"><span class='ocrx_word' id='word_1_67' title='bbox 151 1065 345 1137; x_wconf 87' lang='grc' dir='ltr'>ρεσθαι</span> <span class='ocrx_word' id='word_1_68' title='bbox 388 1064 527 1135; x_wconf 83' lang='grc' dir='ltr'>πρὸς</span> <span class='ocrx_word' id='word_1_69' title='bbox 560 1062 660 1132; x_wconf 83' lang='grc' dir='ltr'>τὴν</span> <span class='ocrx_word' id='word_1_70' title='bbox 697 1061 924 1124; x_wconf 75' lang='grc' dir='ltr'>ζέουσάν</span> <span class='ocrx_word' id='word_1_71' title='bbox 964 1077 1023 1113; x_wconf 89' lang='grc' dir='ltr'><strong>τε</strong></span> <span class='ocrx_word' id='word_1_72' title='bbox 1057 1061 1151 1113; x_wconf 77' lang='grc' dir='ltr'><strong>καὶ</strong></span> <span class='ocrx_word' id='word_1_73' title='bbox 1185 1059 1535 1130; x_wconf 81' lang='grc' dir='ltr'>δύσκαμπτον</span> <span class='ocrx_word' id='word_1_74' title='bbox 1570 1058 1734 1113; x_wconf 80' lang='grc' dir='ltr'>αὑτοῦ</span> 
     </span>
    </p>
   </div>
   <div class='ocr_carea' id='block_1_13' title="bbox 147 1150 1735 1226">
    <p class='ocr_par' dir='ltr' id='par_1_13' title="bbox 147 1150 1735 1226">
     <span class='ocr_line' id='line_1_13' title="bbox 147 1150 1735 1226; baseline -0.006 -15"><span class='ocrx_word' id='word_1_75' title='bbox 147 1157 382 1226; x_wconf 78' lang='grc' dir='ltr'>δύναμιν</span> <span class='ocrx_word' id='word_1_76' title='bbox 408 1154 683 1218; x_wconf 82' lang='grc' dir='ltr'>παντελῶς</span> <span class='ocrx_word' id='word_1_77' title='bbox 706 1154 806 1207; x_wconf 76' lang='grc' dir='ltr'><strong>οὐκ</strong></span> <span class='ocrx_word' id='word_1_78' title='bbox 833 1150 1125 1222; x_wconf 83' lang='grc' dir='ltr'>ἀντέχοντα</span> <span class='ocrx_word' id='word_1_79' title='bbox 1141 1167 1156 1181; x_wconf 84' lang='grc'>⁶</span> <span class='ocrx_word' id='word_1_80' title='bbox 1178 1150 1349 1215; x_wconf 81' lang='grc' dir='ltr'>οὓτως</span> <span class='ocrx_word' id='word_1_81' title='bbox 1376 1151 1499 1204; x_wconf 83' lang='grc' dir='ltr'><strong>οὐδέ</strong></span> <span class='ocrx_word' id='word_1_82' title='bbox 1524 1151 1622 1220; x_wconf 81' lang='grc' dir='ltr'>τὴν</span> <span class='ocrx_word' id='word_1_83' title='bbox 1649 1151 1735 1202; x_wconf 86' lang='grc' dir='ltr'>ἐπ’</span> 
     </span>
    </p>
   </div>
   <div class='ocr_carea' id='block_1_14' title="bbox 148 1241 1740 1317">
    <p class='ocr_par' dir='ltr' id='par_1_14' title="bbox 148 1241 1740 1317">
     <span class='ocr_line' id='line_1_14' title="bbox 148 1241 1740 1317; baseline -0.004 -17"><span class='ocrx_word' id='word_1_84' title='bbox 148 1247 356 1317; x_wconf 78' lang='grc' dir='ltr'>ἀρετὴν</span> <span class='ocrx_word' id='word_1_85' title='bbox 400 1245 519 1297; x_wconf 78' lang='grc' dir='ltr'>ὁδὸν</span> <span class='ocrx_word' id='word_1_86' title='bbox 566 1245 663 1297; x_wconf 72' lang='grc' dir='ltr'><strong>σὺν</strong></span> <span class='ocrx_word' id='word_1_87' title='bbox 713 1242 888 1313; x_wconf 83' lang='grc' dir='ltr'>τούτῳ</span> <span class='ocrx_word' id='word_1_88' title='bbox 928 1241 1145 1296; x_wconf 76' lang='grc' dir='ltr'>ὁδεῦσαι</span> <span class='ocrx_word' id='word_1_89' title='bbox 1183 1242 1537 1316; x_wconf 80' lang='grc' dir='ltr'>προθέμενον,</span> <span class='ocrx_word' id='word_1_90' title='bbox 1576 1243 1740 1313; x_wconf 83' lang='grc' dir='ltr'>ὑπερ-</span> 
     </span>
    </p>
   </div>
   <div class='ocr_carea' id='block_1_15' title="bbox 151 1331 1738 1407">
    <p class='ocr_par' dir='ltr' id='par_1_15' title="bbox 151 1331 1738 1407">
     <span class='ocr_line' id='line_1_15' title="bbox 151 1331 1738 1407; baseline -0.002 -18"><span class='ocrx_word' id='word_1_91' title='bbox 151 1336 430 1407; x_wconf 81' lang='grc' dir='ltr'>ϐαλλούσῃ</span> <span class='ocrx_word' id='word_1_92' title='bbox 475 1335 653 1406; x_wconf 61' lang='grc' dir='ltr'>ἐνδείᾳ</span> <span class='ocrx_word' id='word_1_93' title='bbox 693 1334 828 1406; x_wconf 86' lang='grc' dir='ltr'>πρὸς</span> <span class='ocrx_word' id='word_1_94' title='bbox 870 1334 932 1387; x_wconf 79' lang='grc' dir='ltr'><strong>τὸ</strong></span> <span class='ocrx_word' id='word_1_95' title='bbox 971 1334 1189 1405; x_wconf 89' lang='grc' dir='ltr'>ἀχρέῖον</span> <span class='ocrx_word' id='word_1_96' title='bbox 1219 1332 1407 1397; x_wconf 84' lang='grc' dir='ltr'>αὑτοῦ,</span> <span class='ocrx_word' id='word_1_97' title='bbox 1444 1334 1609 1404; x_wconf 72' lang='grc' dir='ltr'>φημὶ,</span> <span class='ocrx_word' id='word_1_98' title='bbox 1641 1331 1738 1399; x_wconf 88' lang='grc' dir='ltr'>τὴν</span> 
     </span>
    </p>
   </div>
   <div class='ocr_carea' id='block_1_16' title="bbox 151 1423 1741 1498">
    <p class='ocr_par' dir='ltr' id='par_1_16' title="bbox 151 1423 1741 1498">
     <span class='ocr_line' id='line_1_16' title="bbox 151 1423 1741 1498; baseline -0.003 -17"><span class='ocrx_word' id='word_1_99' title='bbox 151 1427 387 1498; x_wconf 83' lang='grc' dir='ltr'>δύναμιν</span> <span class='ocrx_word' id='word_1_100' title='bbox 410 1426 736 1481; x_wconf 79' lang='grc' dir='ltr'>καταϐαλεῖν</span> <span class='ocrx_word' id='word_1_101' title='bbox 757 1425 866 1495; x_wconf 68' lang='grc'><strong>(94)</strong></span> <span class='ocrx_word' id='word_1_102' title='bbox 884 1442 898 1456; x_wconf 82' lang='grc'><strong>’</strong></span> <span class='ocrx_word' id='word_1_103' title='bbox 920 1425 1008 1478; x_wconf 80' lang='grc' dir='ltr'><strong>ἵνα</strong></span> <span class='ocrx_word' id='word_1_104' title='bbox 1031 1425 1106 1496; x_wconf 82' lang='grc' dir='ltr'>μὴ</span> <span class='ocrx_word' id='word_1_105' title='bbox 1129 1425 1551 1496; x_wconf 82' lang='grc' dir='ltr'>ἐξασθενήσαντι</span> <span class='ocrx_word' id='word_1_106' title='bbox 1567 1423 1741 1494; x_wconf 79' lang='grc' dir='ltr'>τούτῳ</span> 
     </span>
    </p>
   </div>
   <div class='ocr_carea' id='block_1_17' title="bbox 155 1514 1741 1590">
    <p class='ocr_par' dir='ltr' id='par_1_17' title="bbox 155 1514 1741 1590">
     <span class='ocr_line' id='line_1_17' title="bbox 155 1514 1741 1590; baseline -0.002 -20"><span class='ocrx_word' id='word_1_107' title='bbox 155 1518 604 1590; x_wconf 83' lang='grc' dir='ltr'>προσδεδεμένος,</span> <span class='ocrx_word' id='word_1_108' title='bbox 648 1518 909 1588; x_wconf 79' lang='grc' dir='ltr'>ἀνήνυτον</span> <span class='ocrx_word' id='word_1_109' title='bbox 960 1516 1099 1588; x_wconf 83' lang='grc' dir='ltr'>ὑπὲρ</span> <span class='ocrx_word' id='word_1_110' title='bbox 1143 1516 1307 1570; x_wconf 81' lang='grc' dir='ltr'>αὑτοῦ</span> <span class='ocrx_word' id='word_1_111' title='bbox 1354 1516 1605 1587; x_wconf 79' lang='grc' dir='ltr'>ὑπομένῃ</span> <span class='ocrx_word' id='word_1_112' title='bbox 1651 1514 1741 1568; x_wconf 76' lang='grc' dir='ltr'>τὸν</span> 
     </span>
    </p>
   </div>
   <div class='ocr_carea' id='block_1_18' title="bbox 154 1607 1744 1680">
    <p class='ocr_par' dir='ltr' id='par_1_18' title="bbox 154 1607 1744 1680">
     <span class='ocr_line' id='line_1_18' title="bbox 154 1607 1744 1680; baseline -0.002 -16"><span class='ocrx_word' id='word_1_113' title='bbox 154 1611 321 1664; x_wconf 74' lang='grc' dir='ltr'>πόνον</span> <span class='ocrx_word' id='word_1_114' title='bbox 342 1627 355 1639; x_wconf 81' lang='lat'><strong><em>°</em></strong></span> <span class='ocrx_word' id='word_1_115' title='bbox 390 1611 517 1680; x_wconf 86' lang='grc' dir='ltr'>μήτ’</span> <span class='ocrx_word' id='word_1_116' title='bbox 547 1611 759 1680; x_wconf 80' lang='grc' dir='ltr'>ἐγεῖραι</span> <span class='ocrx_word' id='word_1_117' title='bbox 793 1608 872 1661; x_wconf 77' lang='grc' dir='ltr'>ἔτι</span> <span class='ocrx_word' id='word_1_118' title='bbox 908 1609 1287 1663; x_wconf 86' lang='grc' dir='ltr'>καταπεσόντα</span> <span class='ocrx_word' id='word_1_119' title='bbox 1325 1607 1460 1679; x_wconf 81' lang='grc' dir='ltr'>πρὸς</span> <span class='ocrx_word' id='word_1_120' title='bbox 1492 1608 1584 1661; x_wconf 81' lang='grc' dir='ltr'><strong>τὸν</strong></span> <span class='ocrx_word' id='word_1_121' title='bbox 1623 1607 1744 1680; x_wconf 91' lang='grc' dir='ltr'>δρό-</span> 
     </span>
    </p>
   </div>
   <div class='ocr_carea' id='block_1_19' title="bbox 158 1699 1745 1773">
    <p class='ocr_par' dir='ltr' id='par_1_19' title="bbox 158 1699 1745 1773">
     <span class='ocr_line' id='line_1_19' title="bbox 158 1699 1745 1773; baseline -0.001 -18"><span class='ocrx_word' id='word_1_122' title='bbox 158 1718 260 1773; x_wconf 90' lang='grc' dir='ltr'><strong>μον</strong></span> <span class='ocrx_word' id='word_1_123' title='bbox 274 1701 593 1771; x_wconf 83' lang='grc' dir='ltr'>δυνάμενος,</span> <span class='ocrx_word' id='word_1_124' title='bbox 631 1700 757 1772; x_wconf 78' lang='grc' dir='ltr'>μήτ’</span> <span class='ocrx_word' id='word_1_125' title='bbox 791 1701 1008 1769; x_wconf 75' lang='grc' dir='ltr'>ἀφεῖναι</span> <span class='ocrx_word' id='word_1_126' title='bbox 1040 1699 1144 1753; x_wconf 77' lang='grc' dir='ltr'><strong>ὑπὸ</strong></span> <span class='ocrx_word' id='word_1_127' title='bbox 1165 1700 1264 1769; x_wconf 83' lang='grc' dir='ltr'>τῆς</span> <span class='ocrx_word' id='word_1_128' title='bbox 1292 1699 1429 1769; x_wconf 87' lang='grc' dir='ltr'>πρὸς</span> <span class='ocrx_word' id='word_1_129' title='bbox 1457 1699 1620 1753; x_wconf 79' lang='grc' dir='ltr'>αὐτὸν</span> <span class='ocrx_word' id='word_1_130' title='bbox 1648 1715 1745 1768; x_wconf 84' lang='grc' dir='ltr'>φυ-</span> 
     </span>
    </p>
   </div>
   <div class='ocr_carea' id='block_1_20' title="bbox 158 1766 1818 1864">
    <p class='ocr_par' dir='ltr' id='par_1_20' title="bbox 158 1766 1818 1864">
     <span class='ocr_line' id='line_1_20' title="bbox 158 1766 1818 1864; baseline -0.001 -18"><span class='ocrx_word' id='word_1_131' title='bbox 158 1766 320 1863; x_wconf 69' lang='grc' dir='ltr'>σικῆς</span> <span class='ocrx_word' id='word_1_132' title='bbox 350 1766 587 1863; x_wconf 55' lang='grc' dir='ltr'>σχέσεως</span> <span class='ocrx_word' id='word_1_133' title='bbox 620 1766 1103 1863; x_wconf 75' lang='grc' dir='ltr'>συγχωρούμενος·</span> <span class='ocrx_word' id='word_1_134' title='bbox 1138 1766 1255 1845; x_wconf 86' lang='grc' dir='ltr'>ἀλλ’</span> <span class='ocrx_word' id='word_1_135' title='bbox 1298 1766 1387 1845; x_wconf 76' lang='grc' dir='ltr'>ἀεὶ</span> <span class='ocrx_word' id='word_1_136' title='bbox 1439 1791 1538 1862; x_wconf 83' lang='grc' dir='ltr'>μὲν</span> <span class='ocrx_word' id='word_1_137' title='bbox 1568 1766 1743 1864; x_wconf 78' lang='grc' dir='ltr'>τούτῳ</span> <span class='ocrx_word' id='word_1_138' title='bbox 1774 1766 1818 1824; x_wconf 74' lang='grc' dir='ltr'><strong>Β</strong></span> 
     </span>
    </p>
   </div>
   <div class='ocr_carea' id='block_1_21' title="bbox 156 1883 1817 1956">
    <p class='ocr_par' dir='ltr' id='par_1_21' title="bbox 156 1883 1817 1956">
     <span class='ocr_line' id='line_1_21' title="bbox 156 1883 1817 1956; baseline -0.001 -16"><span class='ocrx_word' id='word_1_139' title='bbox 156 1887 247 1940; x_wconf 80' lang='grc' dir='ltr'><strong>διά</strong></span> <span class='ocrx_word' id='word_1_140' title='bbox 272 1884 375 1956; x_wconf 79' lang='grc' dir='ltr'>τὴν</span> <span class='ocrx_word' id='word_1_141' title='bbox 403 1884 687 1937; x_wconf 85' lang='grc' dir='ltr'>κοινωνίαν</span> <span class='ocrx_word' id='word_1_142' title='bbox 712 1885 1009 1949; x_wconf 85' lang='grc' dir='ltr'>συστένειν,</span> <span class='ocrx_word' id='word_1_143' title='bbox 1040 1884 1135 1937; x_wconf 79' lang='grc' dir='ltr'><strong>καὶ</strong></span> <span class='ocrx_word' id='word_1_144' title='bbox 1159 1883 1286 1944; x_wconf 82' lang='grc' dir='ltr'>περὶ</span> <span class='ocrx_word' id='word_1_145' title='bbox 1308 1883 1407 1955; x_wconf 82' lang='grc' dir='ltr'><strong>τὴν</strong></span> <span class='ocrx_word' id='word_1_146' title='bbox 1429 1883 1744 1955; x_wconf 82' lang='grc' dir='ltr'>ἐπιμέλειαν</span> <span class='ocrx_word' id='word_1_147' title='bbox 1814 1888 1817 1891; x_wconf 84' lang='grc'><em>’</em></span> 
     </span>
    </p>
   </div>
   <div class='ocr_carea' id='block_1_22' title="bbox 157 1972 1747 2046">
    <p class='ocr_par' dir='ltr' id='par_1_22' title="bbox 157 1972 1747 2046">
     <span class='ocr_line' id='line_1_22' title="bbox 157 1972 1747 2046; baseline -0.001 -18"><span class='ocrx_word' id='word_1_148' title='bbox 157 1977 259 2046; x_wconf 78' lang='grc' dir='ltr'><strong>τῆς</strong></span> <span class='ocrx_word' id='word_1_149' title='bbox 298 1975 490 2043; x_wconf 81' lang='grc' dir='ltr'>ὑγείας</span> <span class='ocrx_word' id='word_1_150' title='bbox 533 1975 697 2029; x_wconf 83' lang='grc' dir='ltr'>αὐτοῦ</span> <span class='ocrx_word' id='word_1_151' title='bbox 739 1975 1016 2030; x_wconf 85' lang='grc' dir='ltr'>πονεῖσθαι</span> <span class='ocrx_word' id='word_1_152' title='bbox 1063 1974 1504 2045; x_wconf 78' lang='grc' dir='ltr'>ἀναγκαζόμενος</span> <span class='ocrx_word' id='word_1_153' title='bbox 1527 1989 1540 2003; x_wconf 89' lang='grc'><strong>·</strong></span> <span class='ocrx_word' id='word_1_154' title='bbox 1575 1972 1654 2042; x_wconf 84' lang='grc' dir='ltr'>τῷ</span> <span class='ocrx_word' id='word_1_155' title='bbox 1689 1973 1747 2026; x_wconf 82' lang='grc' dir='ltr'><strong>δὲ</strong></span> 
     </span>
    </p>
   </div>
   <div class='ocr_carea' id='block_1_23' title="bbox 164 2065 1748 2140">
    <p class='ocr_par' dir='ltr' id='par_1_23' title="bbox 164 2065 1748 2140">
     <span class='ocr_line' id='line_1_23' title="bbox 164 2065 1748 2140; baseline 0 -20"><span class='ocrx_word' id='word_1_156' title='bbox 164 2068 240 2140; x_wconf 78' lang='grc' dir='ltr'><strong>μὴ</strong></span> <span class='ocrx_word' id='word_1_157' title='bbox 273 2066 422 2138; x_wconf 74' lang='grc' dir='ltr'>ἔχειν</span> <span class='ocrx_word' id='word_1_158' title='bbox 461 2067 719 2138; x_wconf 83' lang='grc' dir='ltr'>σθεναρὸν</span> <span class='ocrx_word' id='word_1_159' title='bbox 746 2067 836 2120; x_wconf 76' lang='grc' dir='ltr'><strong>τὸν</strong></span> <span class='ocrx_word' id='word_1_160' title='bbox 864 2067 973 2137; x_wconf 84' lang='grc'><strong>(95)</strong></span> <span class='ocrx_word' id='word_1_161' title='bbox 1004 2066 1140 2138; x_wconf 78' lang='grc' dir='ltr'>πρὸς</span> <span class='ocrx_word' id='word_1_162' title='bbox 1174 2066 1274 2138; x_wconf 84' lang='grc' dir='ltr'>τὴν</span> <span class='ocrx_word' id='word_1_163' title='bbox 1300 2066 1610 2136; x_wconf 79' lang='grc' dir='ltr'>γυμνασίαν</span> <span class='ocrx_word' id='word_1_164' title='bbox 1638 2065 1748 2120; x_wconf 84' lang='grc' dir='ltr'><strong>τῶν</strong></span> 
     </span>
    </p>
   </div>
   <div class='ocr_carea' id='block_1_24' title="bbox 159 2155 1751 2229">
    <p class='ocr_par' dir='ltr' id='par_1_24' title="bbox 159 2155 1751 2229">
     <span class='ocr_line' id='line_1_24' title="bbox 159 2155 1751 2229; baseline -0.003 -17"><span class='ocrx_word' id='word_1_165' title='bbox 159 2158 565 2213; x_wconf 81' lang='grc' dir='ltr'>ἐπιϐαλλόντων</span> <span class='ocrx_word' id='word_1_166' title='bbox 584 2158 662 2228; x_wconf 80' lang='grc' dir='ltr'><strong>τῷ</strong></span> <span class='ocrx_word' id='word_1_167' title='bbox 682 2157 867 2229; x_wconf 84' lang='grc' dir='ltr'>δρόμῳ</span> <span class='ocrx_word' id='word_1_168' title='bbox 895 2156 1355 2229; x_wconf 80' lang='grc' dir='ltr'>ὑπηρετοῦμενον,</span> <span class='ocrx_word' id='word_1_169' title='bbox 1388 2156 1456 2209; x_wconf 89' lang='grc' dir='ltr'>δι’</span> <span class='ocrx_word' id='word_1_170' title='bbox 1483 2155 1751 2227; x_wconf 79' lang='grc' dir='ltr'>ἀμελετη-</span> 
     </span>
    </p>
   </div>
   <div class='ocr_carea' id='block_1_25' title="bbox 162 2248 1749 2321">
    <p class='ocr_par' dir='ltr' id='par_1_25' title="bbox 162 2248 1749 2321">
     <span class='ocr_line' id='line_1_25' title="bbox 162 2248 1749 2321; baseline -0.001 -17"><span class='ocrx_word' id='word_1_171' title='bbox 162 2250 289 2304; x_wconf 83' lang='grc' dir='ltr'>σίαν</span> <span class='ocrx_word' id='word_1_172' title='bbox 325 2249 513 2304; x_wconf 85' lang='grc' dir='ltr'>λοιπὸν</span> <span class='ocrx_word' id='word_1_173' title='bbox 541 2250 610 2304; x_wconf 86' lang='grc' dir='ltr'>τὰ</span> <span class='ocrx_word' id='word_1_174' title='bbox 639 2249 809 2303; x_wconf 90' lang='grc' dir='ltr'>πολλά</span> <span class='ocrx_word' id='word_1_175' title='bbox 837 2249 938 2320; x_wconf 82' lang='grc' dir='ltr'>τῆς</span> <span class='ocrx_word' id='word_1_176' title='bbox 960 2250 1168 2313; x_wconf 86' lang='grc' dir='ltr'>οίκείας</span> <span class='ocrx_word' id='word_1_177' title='bbox 1205 2250 1517 2321; x_wconf 81' lang='grc' dir='ltr'>ἐπιστήμης</span> <span class='ocrx_word' id='word_1_178' title='bbox 1554 2248 1749 2303; x_wconf 80' lang='grc' dir='ltr'>ἑαυτοῦ</span> 
     </span>
    </p>
   </div>
   <div class='ocr_carea' id='block_1_26' title="bbox 162 2340 1751 2412">
    <p class='ocr_par' dir='ltr' id='par_1_26' title="bbox 162 2340 1751 2412">
     <span class='ocr_line' id='line_1_26' title="bbox 162 2340 1751 2412; baseline -0.001 -17"><span class='ocrx_word' id='word_1_179' title='bbox 162 2341 450 2396; x_wconf 79' lang='grc' dir='ltr'>ἐκϐάλλων</span> <span class='ocrx_word' id='word_1_180' title='bbox 480 2340 614 2409; x_wconf 81' lang='grc'><strong>(96).</strong></span> <span class='ocrx_word' id='word_1_181' title='bbox 667 2340 877 2395; x_wconf 82' lang='grc' dir='ltr'>υύκοῦν</span> <span class='ocrx_word' id='word_1_182' title='bbox 920 2342 1044 2394; x_wconf 79' lang='grc' dir='ltr'>ἐπεὶ</span> <span class='ocrx_word' id='word_1_183' title='bbox 1095 2341 1178 2394; x_wconf 88' lang='grc' dir='ltr'><strong>δεῖ</strong></span> <span class='ocrx_word' id='word_1_184' title='bbox 1221 2340 1283 2394; x_wconf 82' lang='grc' dir='ltr'><strong>τὸ</strong></span> <span class='ocrx_word' id='word_1_185' title='bbox 1336 2341 1583 2411; x_wconf 82' lang='grc' dir='ltr'>συμφυὲς</span> <span class='ocrx_word' id='word_1_186' title='bbox 1619 2343 1751 2412; x_wconf 78' lang='grc' dir='ltr'>ἡμῖν</span> 
     </span>
    </p>
   </div>
   <div class='ocr_carea' id='block_1_27' title="bbox 164 2427 1753 2504">
    <p class='ocr_par' dir='ltr' id='par_1_27' title="bbox 164 2427 1753 2504">
     <span class='ocr_line' id='line_1_27' title="bbox 164 2427 1753 2504; baseline -0.001 -19"><span class='ocrx_word' id='word_1_187' title='bbox 164 2433 372 2504; x_wconf 77' lang='grc' dir='ltr'>ὄχημα,</span> <span class='ocrx_word' id='word_1_188' title='bbox 412 2434 551 2503; x_wconf 90' lang='grc' dir='ltr'>μήτε</span> <span class='ocrx_word' id='word_1_189' title='bbox 592 2433 842 2496; x_wconf 81' lang='grc' dir='ltr'>ἀνιέντας</span> <span class='ocrx_word' id='word_1_190' title='bbox 872 2432 1032 2501; x_wconf 79' lang='grc' dir='ltr'>ἄγαν,</span> <span class='ocrx_word' id='word_1_191' title='bbox 1072 2434 1195 2503; x_wconf 87' lang='grc' dir='ltr'>μήτ’</span> <span class='ocrx_word' id='word_1_192' title='bbox 1219 2427 1285 2486; x_wconf 82' lang='grc' dir='ltr'><strong>αὖ</strong></span> <span class='ocrx_word' id='word_1_193' title='bbox 1311 2432 1475 2485; x_wconf 87' lang='grc' dir='ltr'>πάλιν</span> <span class='ocrx_word' id='word_1_194' title='bbox 1508 2432 1753 2504; x_wconf 83' lang='grc' dir='ltr'>σφοδρῶς</span> 
     </span>
    </p>
   </div>
   <div class='ocr_carea' id='block_1_28' title="bbox 167 2524 1752 2597">
    <p class='ocr_par' dir='ltr' id='par_1_28' title="bbox 167 2524 1752 2597">
     <span class='ocr_line' id='line_1_28' title="bbox 167 2524 1752 2597; baseline -0.001 -17"><span class='ocrx_word' id='word_1_195' title='bbox 167 2526 571 2590; x_wconf 60' lang='grc' dir='ltr'>ἐπιτείνοντας,</span> <span class='ocrx_word' id='word_1_196' title='bbox 591 2526 729 2597; x_wconf 81' lang='grc' dir='ltr'>πρὸς</span> <span class='ocrx_word' id='word_1_197' title='bbox 756 2524 846 2577; x_wconf 81' lang='grc' dir='ltr'><strong>τὸν</strong></span> <span class='ocrx_word' id='word_1_198' title='bbox 891 2526 990 2596; x_wconf 81' lang='grc' dir='ltr'>τῆς</span> <span class='ocrx_word' id='word_1_199' title='bbox 1012 2525 1211 2596; x_wconf 84' lang='grc' dir='ltr'>ἀρετῆς</span> <span class='ocrx_word' id='word_1_200' title='bbox 1244 2524 1443 2596; x_wconf 89' lang='grc' dir='ltr'>δρόμον</span> <span class='ocrx_word' id='word_1_201' title='bbox 1469 2526 1752 2596; x_wconf 83' lang='grc' dir='ltr'>προάγειν,</span> 
     </span>
    </p>
   </div>
   <div class='ocr_carea' id='block_1_29' title="bbox 166 2616 1752 2688">
    <p class='ocr_par' dir='ltr' id='par_1_29' title="bbox 166 2616 1752 2688">
     <span class='ocr_line' id='line_1_29' title="bbox 166 2616 1752 2688; baseline -0.001 -17"><span class='ocrx_word' id='word_1_202' title='bbox 166 2619 257 2672; x_wconf 76' lang='grc' dir='ltr'>διὰ</span> <span class='ocrx_word' id='word_1_203' title='bbox 284 2617 446 2671; x_wconf 88' lang='grc' dir='ltr'>τοῦτο</span> <span class='ocrx_word' id='word_1_204' title='bbox 482 2618 747 2688; x_wconf 88' lang='grc' dir='ltr'>προσήκει</span> <span class='ocrx_word' id='word_1_205' title='bbox 775 2617 870 2670; x_wconf 71' lang='grc' dir='ltr'><strong>καὶ</strong></span> <span class='ocrx_word' id='word_1_206' title='bbox 890 2616 990 2687; x_wconf 79' lang='grc' dir='ltr'>τὴν</span> <span class='ocrx_word' id='word_1_207' title='bbox 1010 2616 1362 2681; x_wconf 89' lang='grc' dir='ltr'>κατάστασιν,</span> <span class='ocrx_word' id='word_1_208' title='bbox 1391 2616 1467 2680; x_wconf 85' lang='grc' dir='ltr'>ὡς</span> <span class='ocrx_word' id='word_1_209' title='bbox 1495 2616 1630 2686; x_wconf 80' lang='grc' dir='ltr'>ἔχει,</span> <span class='ocrx_word' id='word_1_210' title='bbox 1658 2616 1752 2669; x_wconf 88' lang='grc' dir='ltr'><strong>τοῦ</strong></span> 
     </span>
    </p>
   </div>
   <div class='ocr_carea' id='block_1_30' title="bbox 170 2707 1753 2782">
    <p class='ocr_par' dir='ltr' id='par_1_30' title="bbox 170 2707 1753 2782">
     <span class='ocr_line' id='line_1_30' title="bbox 170 2707 1753 2782; baseline -0.001 -17"><span class='ocrx_word' id='word_1_211' title='bbox 170 2712 448 2782; x_wconf 81' lang='grc' dir='ltr'>σώματος,</span> <span class='ocrx_word' id='word_1_212' title='bbox 498 2711 595 2764; x_wconf 70' lang='grc' dir='ltr'><strong>καὶ</strong></span> <span class='ocrx_word' id='word_1_213' title='bbox 632 2710 731 2774; x_wconf 86' lang='grc' dir='ltr'>τὰς</span> <span class='ocrx_word' id='word_1_214' title='bbox 775 2709 1067 2780; x_wconf 80' lang='grc' dir='ltr'>ποιότητας</span> <span class='ocrx_word' id='word_1_215' title='bbox 1108 2708 1216 2763; x_wconf 90' lang='grc' dir='ltr'><strong>τῶν</strong></span> <span class='ocrx_word' id='word_1_216' title='bbox 1258 2707 1474 2782; x_wconf 80' lang='grc' dir='ltr'>τροφῶν</span> <span class='ocrx_word' id='word_1_217' title='bbox 1506 2708 1753 2780; x_wconf 80' lang='grc' dir='ltr'>θεωρεῖν,</span> 
     </span>
    </p>
   </div>
   <div class='ocr_carea' id='block_1_31' title="bbox 171 2797 1759 2871">
    <p class='ocr_par' dir='ltr' id='par_1_31' title="bbox 171 2797 1759 2871">
     <span class='ocr_line' id='line_1_31' title="bbox 171 2797 1759 2871; baseline -0.004 -15"><span class='ocrx_word' id='word_1_218' title='bbox 171 2804 266 2856; x_wconf 70' lang='grc' dir='ltr'>καὶ</span> <span class='ocrx_word' id='word_1_219' title='bbox 304 2801 612 2871; x_wconf 78' lang='grc' dir='ltr'>ἀκμάζοντι</span> <span class='ocrx_word' id='word_1_220' title='bbox 656 2802 754 2871; x_wconf 81' lang='grc' dir='ltr'>μὲν</span> <span class='ocrx_word' id='word_1_221' title='bbox 793 2799 870 2869; x_wconf 86' lang='grc' dir='ltr'>τῷ</span> <span class='ocrx_word' id='word_1_222' title='bbox 900 2798 1112 2869; x_wconf 88' lang='grc' dir='ltr'>σώματι</span> <span class='ocrx_word' id='word_1_223' title='bbox 1149 2799 1244 2851; x_wconf 78' lang='grc' dir='ltr'><strong>καὶ</strong></span> <span class='ocrx_word' id='word_1_224' title='bbox 1286 2797 1496 2868; x_wconf 80' lang='grc' dir='ltr'>θέρμης</span> <span class='ocrx_word' id='word_1_225' title='bbox 1526 2798 1759 2868; x_wconf 73' lang='grc' dir='ltr'>φυσικῆς</span> 
     </span>
    </p>
   </div>
   <div class='ocr_carea' id='block_1_32' title="bbox 172 2886 1761 2962">
    <p class='ocr_par' dir='ltr' id='par_1_32' title="bbox 172 2886 1761 2962">
     <span class='ocr_line' id='line_1_32' title="bbox 172 2886 1761 2962; baseline -0.008 -12"><span class='ocrx_word' id='word_1_226' title='bbox 172 2894 527 2959; x_wconf 68' lang='grc' dir='ltr'>πλεονάζοντι</span> <span class='ocrx_word' id='word_1_227' title='bbox 560 2893 806 2962; x_wconf 83' lang='grc' dir='ltr'>ἐπισχεῖν</span> <span class='ocrx_word' id='word_1_228' title='bbox 836 2890 938 2955; x_wconf 77' lang='grc' dir='ltr'>ἐτι,</span> <span class='ocrx_word' id='word_1_229' title='bbox 970 2890 1065 2942; x_wconf 81' lang='grc' dir='ltr'>καὶ</span> <span class='ocrx_word' id='word_1_230' title='bbox 1127 2888 1217 2942; x_wconf 88' lang='grc' dir='ltr'><strong>διά</strong></span> <span class='ocrx_word' id='word_1_231' title='bbox 1267 2887 1375 2941; x_wconf 88' lang='grc' dir='ltr'><strong>τῶν</strong></span> <span class='ocrx_word' id='word_1_232' title='bbox 1402 2888 1617 2958; x_wconf 82' lang='grc' dir='ltr'>τροφῶν</span> <span class='ocrx_word' id='word_1_233' title='bbox 1674 2886 1761 2952; x_wconf 81' lang='grc' dir='ltr'>ἐξ·</span> 
     </span>
    </p>
   </div>
   <div class='ocr_carea' id='block_1_33' title="bbox 170 2972 1763 3056">
    <p class='ocr_par' dir='ltr' id='par_1_33' title="bbox 170 2972 1763 3056">
     <span class='ocr_line' id='line_1_33' title="bbox 170 2972 1763 3056; baseline -0.008 -15"><span class='ocrx_word' id='word_1_234' title='bbox 170 2987 334 3042; x_wconf 73' lang='grc' dir='ltr'><strong>ωθεῖν</strong></span> <span class='ocrx_word' id='word_1_235' title='bbox 358 2986 418 3039; x_wconf 80' lang='grc' dir='ltr'><strong>τὸ</strong></span> <span class='ocrx_word' id='word_1_236' title='bbox 434 2984 656 3056; x_wconf 78' lang='grc' dir='ltr'>θερμὸν,</span> <span class='ocrx_word' id='word_1_237' title='bbox 675 2985 762 3036; x_wconf 78' lang='grc' dir='ltr'>ἵνα</span> <span class='ocrx_word' id='word_1_238' title='bbox 794 2982 868 3054; x_wconf 82' lang='grc' dir='ltr'>μὴ</span> <span class='ocrx_word' id='word_1_239' title='bbox 896 2979 1283 3053; x_wconf 81' lang='grc' dir='ltr'>ἦπολυχύμοις</span> <span class='ocrx_word' id='word_1_240' title='bbox 1310 2981 1537 3050; x_wconf 77' lang='grc' dir='ltr'>τροφαῖς</span> <span class='ocrx_word' id='word_1_241' title='bbox 1558 2977 1655 3049; x_wconf 84' lang='grc' dir='ltr'>τὴν</span> <span class='ocrx_word' id='word_1_242' title='bbox 1678 2972 1763 3029; x_wconf 77' lang='grc' dir='ltr'><strong>οὗ·</strong></span> 
     </span>
    </p>
   </div>
   <div class='ocr_carea' id='block_1_34' title="bbox 1830 511 3403 583">
    <p class='ocr_par' dir='ltr' id='par_1_34' title="bbox 1830 511 3403 583">
     <span class='ocr_line' id='line_1_34' title="bbox 1830 511 3403 583; baseline -0.002 -14"><span class='ocrx_word' id='word_1_243' title='bbox 1830 518 2071 583; x_wconf 83' lang='lat' dir='ltr'><strong>aurigam</strong></span> <span class='ocrx_word' id='word_1_244' title='bbox 2102 514 2203 568; x_wconf 92' lang='lat' dir='ltr'><strong>fert</strong></span> <span class='ocrx_word' id='word_1_245' title='bbox 2250 527 2572 582; x_wconf 90' lang='lat' dir='ltr'><strong>quocunque</strong></span> <span class='ocrx_word' id='word_1_246' title='bbox 2631 511 2786 577; x_wconf 91' lang='lat' dir='ltr'><strong>vult;</strong></span> <span class='ocrx_word' id='word_1_247' title='bbox 2844 511 2916 564; x_wconf 88' lang='lat' dir='ltr'><strong>ita</strong></span> <span class='ocrx_word' id='word_1_248' title='bbox 2959 511 3029 564; x_wconf 88' lang='lat' dir='ltr'><strong>ob</strong></span> <span class='ocrx_word' id='word_1_249' title='bbox 3063 511 3286 565; x_wconf 85' lang='lat' dir='ltr'><strong>nimiam</strong></span> <span class='ocrx_word' id='word_1_250' title='bbox 3319 513 3403 566; x_wconf 84' lang='lat' dir='ltr'><strong>in-</strong></span> 
     </span>
    </p>
   </div>
   <div class='ocr_carea' id='block_1_35' title="bbox 1832 603 3400 675">
    <p class='ocr_par' dir='ltr' id='par_1_35' title="bbox 1832 603 3400 675">
     <span class='ocr_line' id='line_1_35' title="bbox 1832 603 3400 675; baseline -0.003 -12"><span class='ocrx_word' id='word_1_251' title='bbox 1832 608 2006 663; x_wconf 90' lang='lat' dir='ltr'><strong>ediam</strong></span> <span class='ocrx_word' id='word_1_252' title='bbox 2041 607 2107 661; x_wconf 86' lang='lat' dir='ltr'><strong>ad</strong></span> <span class='ocrx_word' id='word_1_253' title='bbox 2141 606 2469 675; x_wconf 87' lang='lat' dir='ltr'><strong>propositum</strong></span> <span class='ocrx_word' id='word_1_254' title='bbox 2501 605 2716 657; x_wconf 85' lang='lat' dir='ltr'><strong>virtutis</strong></span> <span class='ocrx_word' id='word_1_255' title='bbox 2742 603 2843 657; x_wconf 92' lang='lat' dir='ltr'><strong>iter</strong></span> <span class='ocrx_word' id='word_1_256' title='bbox 2878 603 3267 671; x_wconf 90' lang='lat' dir='ltr'><strong>impedimento</strong></span> <span class='ocrx_word' id='word_1_257' title='bbox 3298 614 3400 659; x_wconf 85' lang='lat' dir='ltr'><strong>est.</strong></span> 
     </span>
    </p>
   </div>
   <div class='ocr_carea' id='block_1_36' title="bbox 1832 696 3404 766">
    <p class='ocr_par' dir='ltr' id='par_1_36' title="bbox 1832 696 3404 766">
     <span class='ocr_line' id='line_1_36' title="bbox 1832 696 3404 766; baseline -0.001 -12"><span class='ocrx_word' id='word_1_258' title='bbox 1832 701 2300 766; x_wconf 79' lang='lat' dir='ltr'><strong>Quemadmodum</strong></span> <span class='ocrx_word' id='word_1_259' title='bbox 2336 699 2478 753; x_wconf 91' lang='lat' dir='ltr'><strong>enim</strong></span> <span class='ocrx_word' id='word_1_260' title='bbox 2519 713 2626 752; x_wconf 92' lang='lat' dir='ltr'><strong>non</strong></span> <span class='ocrx_word' id='word_1_261' title='bbox 2651 704 2886 766; x_wconf 92' lang='lat' dir='ltr'><strong>oportet,</strong></span> <span class='ocrx_word' id='word_1_262' title='bbox 2925 696 3249 764; x_wconf 91' lang='lat' dir='ltr'><strong>utpluribus</strong></span> <span class='ocrx_word' id='word_1_263' title='bbox 3267 698 3404 752; x_wconf 87' lang='lat' dir='ltr'><strong>cibis</strong></span> 
     </span>
    </p>
   </div>
   <div class='ocr_carea' id='block_1_37' title="bbox 1833 788 3407 860">
    <p class='ocr_par' dir='ltr' id='par_1_37' title="bbox 1833 788 3407 860">
     <span class='ocr_line' id='line_1_37' title="bbox 1833 788 3407 860; baseline -0.004 -13"><span class='ocrx_word' id='word_1_264' title='bbox 1833 793 1984 847; x_wconf 85' lang='lat' dir='ltr'><strong>illum</strong></span> <span class='ocrx_word' id='word_1_265' title='bbox 2016 791 2292 860; x_wconf 85' lang='lat' dir='ltr'><strong>saginans,</strong></span> <span class='ocrx_word' id='word_1_266' title='bbox 2318 790 2641 844; x_wconf 87' lang='lat' dir='ltr'><strong>inordinatis</strong></span> <span class='ocrx_word' id='word_1_267' title='bbox 2699 789 2869 860; x_wconf 83' lang='lat' dir='ltr'><strong>ipsius</strong></span> <span class='ocrx_word' id='word_1_268' title='bbox 2916 788 3143 844; x_wconf 84' lang='lat' dir='ltr'><strong>saltibus</strong></span> <span class='ocrx_word' id='word_1_269' title='bbox 3180 800 3407 843; x_wconf 79' lang='lat' dir='ltr'><strong>vexetur</strong></span> 
     </span>
    </p>
   </div>
   <div class='ocr_carea' id='block_1_38' title="bbox 1834 878 3408 954">
    <p class='ocr_par' dir='ltr' id='par_1_38' title="bbox 1834 878 3408 954">
     <span class='ocr_line' id='line_1_38' title="bbox 1834 878 3408 954; baseline -0.001 -17"><span class='ocrx_word' id='word_1_270' title='bbox 1834 885 2039 954; x_wconf 80' lang='lat' dir='ltr'><strong>auriga,</strong></span> <span class='ocrx_word' id='word_1_271' title='bbox 2087 892 2143 939; x_wconf 84' lang='lat' dir='ltr'><strong>et</strong></span> <span class='ocrx_word' id='word_1_272' title='bbox 2192 897 2630 954; x_wconf 77' lang='lat' dir='ltr'><strong>quoquoversum</strong></span> <span class='ocrx_word' id='word_1_273' title='bbox 2689 881 3122 947; x_wconf 91' lang='lat' dir='ltr'><strong>circumferatur,</strong></span> <span class='ocrx_word' id='word_1_274' title='bbox 3182 878 3408 937; x_wconf 78' lang='lat' dir='ltr'><strong>fervidis</strong></span> 
     </span>
    </p>
   </div>
   <div class='ocr_carea' id='block_1_39' title="bbox 1837 974 3410 1032">
    <p class='ocr_par' dir='ltr' id='par_1_39' title="bbox 1837 974 3410 1032">
     <span class='ocr_line' id='line_1_39' title="bbox 1837 974 3410 1032; baseline -0.003 -1"><span class='ocrx_word' id='word_1_275' title='bbox 1837 976 1981 1031; x_wconf 90' lang='lat' dir='ltr'><strong>illius</strong></span> <span class='ocrx_word' id='word_1_276' title='bbox 2006 985 2061 1031; x_wconf 89' lang='lat' dir='ltr'><strong>et</strong></span> <span class='ocrx_word' id='word_1_277' title='bbox 2093 976 2372 1032; x_wconf 88' lang='lat' dir='ltr'><strong>indomitis</strong></span> <span class='ocrx_word' id='word_1_278' title='bbox 2400 976 2607 1031; x_wconf 91' lang='lat' dir='ltr'><strong>viribus</strong></span> <span class='ocrx_word' id='word_1_279' title='bbox 2636 975 2859 1031; x_wconf 92' lang='lat' dir='ltr'><strong>omnino</strong></span> <span class='ocrx_word' id='word_1_280' title='bbox 2912 975 3112 1029; x_wconf 88' lang='lat' dir='ltr'><strong>cedens</strong></span> <span class='ocrx_word' id='word_1_281' title='bbox 3139 990 3152 1025; x_wconf 91' lang='lat'><strong>:</strong></span> <span class='ocrx_word' id='word_1_282' title='bbox 3200 974 3272 1028; x_wconf 90' lang='lat' dir='ltr'><strong>ita</strong></span> <span class='ocrx_word' id='word_1_283' title='bbox 3307 988 3410 1027; x_wconf 92' lang='lat' dir='ltr'><strong>nec</strong></span> 
     </span>
    </p>
   </div>
   <div class='ocr_carea' id='block_1_40' title="bbox 1838 1063 3412 1135">
    <p class='ocr_par' dir='ltr' id='par_1_40' title="bbox 1838 1063 3412 1135">
     <span class='ocr_line' id='line_1_40' title="bbox 1838 1063 3412 1135; baseline -0.003 -15"><span class='ocrx_word' id='word_1_284' title='bbox 1838 1068 2053 1122; x_wconf 84' lang='lat' dir='ltr'><strong>virtutis</strong></span> <span class='ocrx_word' id='word_1_285' title='bbox 2078 1067 2184 1122; x_wconf 83' lang='lat' dir='ltr'><strong>iter</strong></span> <span class='ocrx_word' id='word_1_286' title='bbox 2205 1083 2326 1122; x_wconf 92' lang='lat' dir='ltr'><strong>cum</strong></span> <span class='ocrx_word' id='word_1_287' title='bbox 2359 1082 2423 1122; x_wconf 91' lang='lat' dir='ltr'><strong>eo</strong></span> <span class='ocrx_word' id='word_1_288' title='bbox 2448 1080 2709 1135; x_wconf 82' lang='lat' dir='ltr'><strong>peragere</strong></span> <span class='ocrx_word' id='word_1_289' title='bbox 2759 1072 3021 1120; x_wconf 86' lang='lat' dir='ltr'><strong>statutum</strong></span> <span class='ocrx_word' id='word_1_290' title='bbox 3064 1063 3309 1128; x_wconf 88' lang='lat' dir='ltr'><strong>babenti,</strong></span> <span class='ocrx_word' id='word_1_291' title='bbox 3332 1063 3412 1116; x_wconf 88' lang='lat' dir='ltr'><strong>ni-</strong></span> 
     </span>
    </p>
   </div>
   <div class='ocr_carea' id='block_1_41' title="bbox 1839 1154 3410 1227">
    <p class='ocr_par' dir='ltr' id='par_1_41' title="bbox 1839 1154 3410 1227">
     <span class='ocr_line' id='line_1_41' title="bbox 1839 1154 3410 1227; baseline -0.005 -13"><span class='ocrx_word' id='word_1_292' title='bbox 1839 1161 1946 1215; x_wconf 90' lang='lat' dir='ltr'><strong>mia</strong></span> <span class='ocrx_word' id='word_1_293' title='bbox 2009 1160 2211 1224; x_wconf 89' lang='lat' dir='ltr'><strong>inedia,</strong></span> <span class='ocrx_word' id='word_1_294' title='bbox 2265 1174 2331 1213; x_wconf 91' lang='lat' dir='ltr'><strong>ex</strong></span> <span class='ocrx_word' id='word_1_295' title='bbox 2358 1174 2462 1227; x_wconf 88' lang='lat' dir='ltr'><strong>qua</strong></span> <span class='ocrx_word' id='word_1_296' title='bbox 2516 1158 2720 1213; x_wconf 86' lang='lat' dir='ltr'><strong>inutilis</strong></span> <span class='ocrx_word' id='word_1_297' title='bbox 2773 1157 2906 1224; x_wconf 88' lang='lat' dir='ltr'><strong>ﬁat,</strong></span> <span class='ocrx_word' id='word_1_298' title='bbox 2955 1156 3100 1210; x_wconf 91' lang='lat' dir='ltr'><strong>vires</strong></span> <span class='ocrx_word' id='word_1_299' title='bbox 3143 1156 3261 1225; x_wconf 83' lang='lat' dir='ltr'><strong>ejus</strong></span> <span class='ocrx_word' id='word_1_300' title='bbox 3287 1154 3410 1207; x_wconf 85' lang='lat' dir='ltr'><strong>dico</strong></span> 
     </span>
    </p>
   </div>
   <div class='ocr_carea' id='block_1_42' title="bbox 1840 1243 3410 1320">
    <p class='ocr_par' dir='ltr' id='par_1_42' title="bbox 1840 1243 3410 1320">
     <span class='ocr_line' id='line_1_42' title="bbox 1840 1243 3410 1320; baseline -0.005 -17"><span class='ocrx_word' id='word_1_301' title='bbox 1840 1249 2205 1320; x_wconf 82' lang='lat' dir='ltr'><strong>frangendas:</strong></span> <span class='ocrx_word' id='word_1_302' title='bbox 2240 1265 2308 1304; x_wconf 89' lang='lat' dir='ltr'><strong>ne</strong></span> <span class='ocrx_word' id='word_1_303' title='bbox 2368 1249 2446 1303; x_wconf 90' lang='lat' dir='ltr'><strong>illi</strong></span> <span class='ocrx_word' id='word_1_304' title='bbox 2506 1248 2786 1303; x_wconf 84' lang='lat' dir='ltr'><strong>debilitate</strong></span> <span class='ocrx_word' id='word_1_305' title='bbox 2852 1246 3134 1317; x_wconf 78' lang='lat' dir='ltr'><strong>alligatus,</strong></span> <span class='ocrx_word' id='word_1_306' title='bbox 3196 1243 3410 1297; x_wconf 84' lang='lat' dir='ltr'><strong>irritum</strong></span> 
     </span>
    </p>
   </div>
   <div class='ocr_carea' id='block_1_43' title="bbox 1840 1334 3412 1413">
    <p class='ocr_par' dir='ltr' id='par_1_43' title="bbox 1840 1334 3412 1413">
     <span class='ocr_line' id='line_1_43' title="bbox 1840 1334 3412 1413; baseline -0.006 -19"><span class='ocrx_word' id='word_1_307' title='bbox 1840 1340 2012 1410; x_wconf 90' lang='lat' dir='ltr'><strong>ipsius</strong></span> <span class='ocrx_word' id='word_1_308' title='bbox 2058 1354 2219 1394; x_wconf 85' lang='lat' dir='ltr'><strong>causa</strong></span> <span class='ocrx_word' id='word_1_309' title='bbox 2280 1339 2545 1394; x_wconf 86' lang='lat' dir='ltr'><strong>sustineat</strong></span> <span class='ocrx_word' id='word_1_310' title='bbox 2594 1338 2874 1404; x_wconf 90' lang='lat' dir='ltr'><strong>laborem;</strong></span> <span class='ocrx_word' id='word_1_311' title='bbox 2919 1350 3020 1391; x_wconf 88' lang='lat' dir='ltr'><strong>nec</strong></span> <span class='ocrx_word' id='word_1_312' title='bbox 3065 1335 3174 1413; x_wconf 78' lang='lat' dir='ltr'><strong>iam</strong></span> <span class='ocrx_word' id='word_1_313' title='bbox 3204 1334 3412 1403; x_wconf 89' lang='lat' dir='ltr'><strong>lapsum</strong></span> 
     </span>
    </p>
   </div>
   <div class='ocr_carea' id='block_1_44' title="bbox 1840 1427 3406 1501">
    <p class='ocr_par' dir='ltr' id='par_1_44' title="bbox 1840 1427 3406 1501">
     <span class='ocr_line' id='line_1_44' title="bbox 1840 1427 3406 1501; baseline -0.004 -16"><span class='ocrx_word' id='word_1_314' title='bbox 1840 1430 2047 1501; x_wconf 78' lang='lat' dir='ltr'><strong>erigere</strong></span> <span class='ocrx_word' id='word_1_315' title='bbox 2068 1432 2134 1485; x_wconf 87' lang='lat' dir='ltr'><strong>ad</strong></span> <span class='ocrx_word' id='word_1_316' title='bbox 2155 1445 2373 1486; x_wconf 84' lang='lat' dir='ltr'><strong>cursum</strong></span> <span class='ocrx_word' id='word_1_317' title='bbox 2407 1430 2613 1496; x_wconf 83' lang='lat' dir='ltr'><strong>valens,</strong></span> <span class='ocrx_word' id='word_1_318' title='bbox 2647 1443 2747 1485; x_wconf 90' lang='lat' dir='ltr'><strong>nec</strong></span> <span class='ocrx_word' id='word_1_319' title='bbox 2786 1427 3112 1492; x_wconf 85' lang='lat' dir='ltr'><strong>dimittendi,</strong></span> <span class='ocrx_word' id='word_1_320' title='bbox 3149 1427 3219 1480; x_wconf 91' lang='lat' dir='ltr'><strong>ob</strong></span> <span class='ocrx_word' id='word_1_321' title='bbox 3250 1433 3406 1480; x_wconf 86' lang='lat' dir='ltr'><strong>natu-</strong></span> 
     </span>
    </p>
   </div>
   <div class='ocr_carea' id='block_1_45' title="bbox 1841 1518 3416 1591">
    <p class='ocr_par' dir='ltr' id='par_1_45' title="bbox 1841 1518 3416 1591">
     <span class='ocr_line' id='line_1_45' title="bbox 1841 1518 3416 1591; baseline -0.004 -13"><span class='ocrx_word' id='word_1_322' title='bbox 1841 1521 2010 1578; x_wconf 87' lang='lat' dir='ltr'><strong>ralem</strong></span> <span class='ocrx_word' id='word_1_323' title='bbox 2044 1537 2167 1577; x_wconf 92' lang='lat' dir='ltr'><strong>cum</strong></span> <span class='ocrx_word' id='word_1_324' title='bbox 2219 1537 2285 1577; x_wconf 88' lang='lat' dir='ltr'><strong>eo</strong></span> <span class='ocrx_word' id='word_1_325' title='bbox 2338 1521 2797 1591; x_wconf 74' lang='lat' dir='ltr'><strong>coniunctionem.</strong></span> <span class='ocrx_word' id='word_1_326' title='bbox 2840 1519 3156 1574; x_wconf 79' lang='lat' dir='ltr'><strong>facultatem</strong></span> <span class='ocrx_word' id='word_1_327' title='bbox 3186 1518 3416 1580; x_wconf 85' lang='lat' dir='ltr'><strong>habens,</strong></span> 
     </span>
    </p>
   </div>
   <div class='ocr_carea' id='block_1_46' title="bbox 1842 1609 3420 1685">
    <p class='ocr_par' dir='ltr' id='par_1_46' title="bbox 1842 1609 3420 1685">
     <span class='ocr_line' id='line_1_46' title="bbox 1842 1609 3420 1685; baseline -0.003 -15"><span class='ocrx_word' id='word_1_328' title='bbox 1842 1615 1935 1670; x_wconf 85' lang='lat' dir='ltr'><strong>sed</strong></span> <span class='ocrx_word' id='word_1_329' title='bbox 1962 1629 2177 1684; x_wconf 86' lang='lat' dir='ltr'><strong>semper</strong></span> <span class='ocrx_word' id='word_1_330' title='bbox 2202 1615 2425 1685; x_wconf 86' lang='lat' dir='ltr'><strong>quidem</strong></span> <span class='ocrx_word' id='word_1_331' title='bbox 2476 1630 2583 1668; x_wconf 87' lang='lat' dir='ltr'><strong>una</strong></span> <span class='ocrx_word' id='word_1_332' title='bbox 2628 1628 2749 1667; x_wconf 89' lang='lat' dir='ltr'><strong>cum</strong></span> <span class='ocrx_word' id='word_1_333' title='bbox 2788 1628 2855 1668; x_wconf 91' lang='lat' dir='ltr'><strong>eo</strong></span> <span class='ocrx_word' id='word_1_334' title='bbox 2899 1626 3137 1679; x_wconf 83' lang='lat' dir='ltr'><strong>gemere,</strong></span> <span class='ocrx_word' id='word_1_335' title='bbox 3175 1625 3239 1665; x_wconf 89' lang='lat' dir='ltr'><strong>ac</strong></span> <span class='ocrx_word' id='word_1_336' title='bbox 3276 1609 3420 1665; x_wconf 87' lang='lat' dir='ltr'><strong>illius</strong></span> 
     </span>
    </p>
   </div>
   <div class='ocr_carea' id='block_1_47' title="bbox 1844 1703 3419 1771">
    <p class='ocr_par' dir='ltr' id='par_1_47' title="bbox 1844 1703 3419 1771">
     <span class='ocr_line' id='line_1_47' title="bbox 1844 1703 3419 1771; baseline -0.004 -12"><span class='ocrx_word' id='word_1_337' title='bbox 1844 1706 2167 1761; x_wconf 88' lang='lat' dir='ltr'><strong>valetudinis</strong></span> <span class='ocrx_word' id='word_1_338' title='bbox 2191 1721 2319 1760; x_wconf 92' lang='lat' dir='ltr'><strong>cura</strong></span> <span class='ocrx_word' id='word_1_339' title='bbox 2343 1716 2563 1760; x_wconf 88' lang='lat' dir='ltr'><strong>coactus</strong></span> <span class='ocrx_word' id='word_1_340' title='bbox 2588 1705 2865 1766; x_wconf 86' lang='lat' dir='ltr'><strong>laborare;</strong></span> <span class='ocrx_word' id='word_1_341' title='bbox 2899 1710 2955 1757; x_wconf 88' lang='lat' dir='ltr'><strong>at</strong></span> <span class='ocrx_word' id='word_1_342' title='bbox 2988 1717 3054 1757; x_wconf 91' lang='lat' dir='ltr'><strong>eo</strong></span> <span class='ocrx_word' id='word_1_343' title='bbox 3077 1703 3220 1771; x_wconf 87' lang='lat' dir='ltr'><strong>quod</strong></span> <span class='ocrx_word' id='word_1_344' title='bbox 3265 1705 3419 1755; x_wconf 87' lang='lat' dir='ltr'><strong>inva-</strong></span> 
     </span>
    </p>
   </div>
   <div class='ocr_carea' id='block_1_48' title="bbox 1845 1794 3424 1853">
    <p class='ocr_par' dir='ltr' id='par_1_48' title="bbox 1845 1794 3424 1853">
     <span class='ocr_line' id='line_1_48' title="bbox 1845 1794 3424 1853; baseline -0.003 0"><span class='ocrx_word' id='word_1_345' title='bbox 1845 1799 1952 1853; x_wconf 88' lang='lat' dir='ltr'><strong>lido</strong></span> <span class='ocrx_word' id='word_1_346' title='bbox 1980 1806 2165 1853; x_wconf 87' lang='lat' dir='ltr'><strong>utatur</strong></span> <span class='ocrx_word' id='word_1_347' title='bbox 2188 1799 2253 1852; x_wconf 89' lang='lat' dir='ltr'><strong>ad</strong></span> <span class='ocrx_word' id='word_1_348' title='bbox 2282 1799 2730 1852; x_wconf 81' lang='lat' dir='ltr'><strong>exercitationem</strong></span> <span class='ocrx_word' id='word_1_349' title='bbox 2755 1794 3052 1849; x_wconf 85' lang='lat' dir='ltr'><strong>ofﬁciorum</strong></span> <span class='ocrx_word' id='word_1_350' title='bbox 3105 1809 3297 1849; x_wconf 91' lang='lat' dir='ltr'><strong>cursus</strong></span> <span class='ocrx_word' id='word_1_351' title='bbox 3322 1795 3424 1848; x_wconf 84' lang='lat' dir='ltr'><strong>mi-</strong></span> 
     </span>
    </p>
   </div>
   <div class='ocr_carea' id='block_1_49' title="bbox 1846 1886 3424 1959">
    <p class='ocr_par' dir='ltr' id='par_1_49' title="bbox 1846 1886 3424 1959">
     <span class='ocr_line' id='line_1_49' title="bbox 1846 1886 3424 1959; baseline -0.004 -14"><span class='ocrx_word' id='word_1_352' title='bbox 1846 1894 2039 1953; x_wconf 89' lang='lat' dir='ltr'><strong>nistro,</strong></span> <span class='ocrx_word' id='word_1_353' title='bbox 2095 1903 2192 1959; x_wconf 91' lang='lat' dir='ltr'><strong>per</strong></span> <span class='ocrx_word' id='word_1_354' title='bbox 2253 1888 2515 1942; x_wconf 88' lang='lat' dir='ltr'><strong>desidiam</strong></span> <span class='ocrx_word' id='word_1_355' title='bbox 2573 1887 2829 1956; x_wconf 85' lang='lat' dir='ltr'><strong>deinceps</strong></span> <span class='ocrx_word' id='word_1_356' title='bbox 2880 1901 3129 1956; x_wconf 85' lang='lat' dir='ltr'><strong>magnam</strong></span> <span class='ocrx_word' id='word_1_357' title='bbox 3192 1886 3424 1955; x_wconf 71' lang='lat' dir='ltr'><strong>preprite</strong></span> 
     </span>
    </p>
   </div>
   <div class='ocr_carea' id='block_1_50' title="bbox 1846 1977 3426 2055">
    <p class='ocr_par' dir='ltr' id='par_1_50' title="bbox 1846 1977 3426 2055">
     <span class='ocr_line' id='line_1_50' title="bbox 1846 1977 3426 2055; baseline -0.008 -16"><span class='ocrx_word' id='word_1_358' title='bbox 1846 1984 2056 2055; x_wconf 69' lang='lat' dir='ltr'><strong>peritia:</strong></span> <span class='ocrx_word' id='word_1_359' title='bbox 2117 1990 2325 2052; x_wconf 90' lang='lat' dir='ltr'><strong>partem</strong></span> <span class='ocrx_word' id='word_1_360' title='bbox 2380 1981 2651 2034; x_wconf 87' lang='lat' dir='ltr'><strong>amittens.</strong></span> <span class='ocrx_word' id='word_1_361' title='bbox 2708 1977 2871 2050; x_wconf 77' lang='lat'><strong>625</strong></span> <span class='ocrx_word' id='word_1_362' title='bbox 2922 1978 3193 2044; x_wconf 81' lang='lat' dir='ltr'><strong>Quoniam</strong></span> <span class='ocrx_word' id='word_1_363' title='bbox 3258 1977 3426 2046; x_wconf 79' lang='lat' dir='ltr'><strong>igitur</strong></span> 
     </span>
    </p>
   </div>
   <div class='ocr_carea' id='block_1_51' title="bbox 1848 2068 3424 2145">
    <p class='ocr_par' dir='ltr' id='par_1_51' title="bbox 1848 2068 3424 2145">
     <span class='ocr_line' id='line_1_51' title="bbox 1848 2068 3424 2145; baseline -0.006 -15"><span class='ocrx_word' id='word_1_364' title='bbox 1848 2084 2085 2145; x_wconf 78' lang='lat' dir='ltr'><strong>oportet,</strong></span> <span class='ocrx_word' id='word_1_365' title='bbox 2117 2085 2179 2127; x_wconf 87' lang='lat' dir='ltr'><strong>ut</strong></span> <span class='ocrx_word' id='word_1_366' title='bbox 2205 2082 2396 2127; x_wconf 89' lang='lat' dir='ltr'><strong>natura</strong></span> <span class='ocrx_word' id='word_1_367' title='bbox 2460 2069 2750 2136; x_wconf 77' lang='lat' dir='ltr'><strong>conjuncta</strong></span> <span class='ocrx_word' id='word_1_368' title='bbox 2805 2070 3088 2141; x_wconf 84' lang='lat' dir='ltr'><strong>nobiscum</strong></span> <span class='ocrx_word' id='word_1_369' title='bbox 3150 2068 3424 2131; x_wconf 86' lang='lat' dir='ltr'><strong>vehiculo,</strong></span> 
     </span>
    </p>
   </div>
   <div class='ocr_carea' id='block_1_52' title="bbox 1850 2160 3427 2224">
    <p class='ocr_par' dir='ltr' id='par_1_52' title="bbox 1850 2160 3427 2224">
     <span class='ocr_line' id='line_1_52' title="bbox 1850 2160 3427 2224; baseline -0.005 -3"><span class='ocrx_word' id='word_1_370' title='bbox 1850 2180 1951 2221; x_wconf 91' lang='lat' dir='ltr'><strong>nec</strong></span> <span class='ocrx_word' id='word_1_371' title='bbox 1977 2164 2200 2219; x_wconf 92' lang='lat' dir='ltr'><strong>nimium</strong></span> <span class='ocrx_word' id='word_1_372' title='bbox 2217 2161 2519 2216; x_wconf 83' lang='lat' dir='ltr'><strong>relaxantes</strong></span> <span class='ocrx_word' id='word_1_373' title='bbox 2532 2160 2896 2224; x_wconf 86' lang='lat' dir='ltr'><strong>habenas,nec</strong></span> <span class='ocrx_word' id='word_1_374' title='bbox 2919 2175 3105 2214; x_wconf 88' lang='lat' dir='ltr'><strong>rursus</strong></span> <span class='ocrx_word' id='word_1_375' title='bbox 3128 2160 3427 2215; x_wconf 83' lang='lat' dir='ltr'><strong>vehemen-</strong></span> 
     </span>
    </p>
   </div>
   <div class='ocr_carea' id='block_1_53' title="bbox 1778 2251 3424 2323">
    <p class='ocr_par' dir='ltr' id='par_1_53' title="bbox 1778 2251 3424 2323">
     <span class='ocr_line' id='line_1_53' title="bbox 1778 2251 3424 2323; baseline -0.004 -11"><span class='ocrx_word' id='word_1_376' title='bbox 1778 2317 1782 2323; x_wconf 54' lang='grc'><strong>,</strong></span> <span class='ocrx_word' id='word_1_377' title='bbox 1852 2265 1936 2311; x_wconf 88' lang='lat' dir='ltr'><strong>ter</strong></span> <span class='ocrx_word' id='word_1_378' title='bbox 1964 2256 2300 2320; x_wconf 84' lang='lat' dir='ltr'><strong>retinentes,</strong></span> <span class='ocrx_word' id='word_1_379' title='bbox 2357 2251 2425 2306; x_wconf 88' lang='lat' dir='ltr'><strong>ad</strong></span> <span class='ocrx_word' id='word_1_380' title='bbox 2479 2251 2697 2307; x_wconf 87' lang='lat' dir='ltr'><strong>virtutis</strong></span> <span class='ocrx_word' id='word_1_381' title='bbox 2747 2266 2965 2307; x_wconf 87' lang='lat' dir='ltr'><strong>cursum</strong></span> <span class='ocrx_word' id='word_1_382' title='bbox 3025 2254 3424 2321; x_wconf 88' lang='lat' dir='ltr'><strong>procedamus;</strong></span> 
     </span>
    </p>
   </div>
   <div class='ocr_carea' id='block_1_54' title="bbox 1851 2344 3427 2419">
    <p class='ocr_par' dir='ltr' id='par_1_54' title="bbox 1851 2344 3427 2419">
     <span class='ocr_line' id='line_1_54' title="bbox 1851 2344 3427 2419; baseline -0.003 -16"><span class='ocrx_word' id='word_1_383' title='bbox 1851 2358 2139 2419; x_wconf 87' lang='lat' dir='ltr'><strong>propterea</strong></span> <span class='ocrx_word' id='word_1_384' title='bbox 2172 2345 2449 2409; x_wconf 78' lang='lat' dir='ltr'><strong>convenit,</strong></span> <span class='ocrx_word' id='word_1_385' title='bbox 2487 2351 2541 2398; x_wconf 92' lang='lat' dir='ltr'><strong>et</strong></span> <span class='ocrx_word' id='word_1_386' title='bbox 2557 2352 2754 2398; x_wconf 85' lang='lat' dir='ltr'><strong>statum</strong></span> <span class='ocrx_word' id='word_1_387' title='bbox 2786 2344 3029 2413; x_wconf 90' lang='lat' dir='ltr'><strong>corporis</strong></span> <span class='ocrx_word' id='word_1_388' title='bbox 3054 2355 3109 2399; x_wconf 87' lang='lat' dir='ltr'><strong>et</strong></span> <span class='ocrx_word' id='word_1_389' title='bbox 3135 2344 3427 2413; x_wconf 85' lang='lat' dir='ltr'><strong>qualitates</strong></span> 
     </span>
    </p>
   </div>
   <div class='ocr_carea' id='block_1_55' title="bbox 1853 2436 3432 2507">
    <p class='ocr_par' dir='ltr' id='par_1_55' title="bbox 1853 2436 3432 2507">
     <span class='ocr_line' id='line_1_55' title="bbox 1853 2436 3432 2507; baseline -0.004 -11"><span class='ocrx_word' id='word_1_390' title='bbox 1853 2441 2099 2496; x_wconf 78' lang='lat' dir='ltr'><strong>ciborum</strong></span> <span class='ocrx_word' id='word_1_391' title='bbox 2127 2438 2503 2496; x_wconf 82' lang='lat' dir='ltr'><strong>considerare,</strong></span> <span class='ocrx_word' id='word_1_392' title='bbox 2536 2449 2601 2489; x_wconf 89' lang='lat' dir='ltr'><strong>ac</strong></span> <span class='ocrx_word' id='word_1_393' title='bbox 2621 2436 2810 2505; x_wconf 88' lang='lat' dir='ltr'><strong>vigens</strong></span> <span class='ocrx_word' id='word_1_394' title='bbox 2873 2437 3092 2503; x_wconf 83' lang='lat' dir='ltr'><strong>quidem</strong></span> <span class='ocrx_word' id='word_1_395' title='bbox 3142 2451 3342 2507; x_wconf 92' lang='lat' dir='ltr'><strong>corpus</strong></span> <span class='ocrx_word' id='word_1_396' title='bbox 3373 2445 3432 2489; x_wconf 91' lang='lat' dir='ltr'><strong>et</strong></span> 
     </span>
    </p>
   </div>
   <div class='ocr_carea' id='block_1_56' title="bbox 1856 2526 3433 2596">
    <p class='ocr_par' dir='ltr' id='par_1_56' title="bbox 1856 2526 3433 2596">
     <span class='ocr_line' id='line_1_56' title="bbox 1856 2526 3433 2596; baseline -0.004 -9"><span class='ocrx_word' id='word_1_397' title='bbox 1856 2530 2093 2587; x_wconf 88' lang='lat' dir='ltr'><strong>naturali</strong></span> <span class='ocrx_word' id='word_1_398' title='bbox 2147 2530 2330 2583; x_wconf 86' lang='lat' dir='ltr'><strong>calore</strong></span> <span class='ocrx_word' id='word_1_399' title='bbox 2387 2527 2572 2582; x_wconf 83' lang='lat' dir='ltr'><strong>adhuc</strong></span> <span class='ocrx_word' id='word_1_400' title='bbox 2630 2526 2912 2581; x_wconf 89' lang='lat' dir='ltr'><strong>abundans</strong></span> <span class='ocrx_word' id='word_1_401' title='bbox 2944 2526 3218 2592; x_wconf 87' lang='lat' dir='ltr'><strong>cohibere,</strong></span> <span class='ocrx_word' id='word_1_402' title='bbox 3251 2536 3305 2582; x_wconf 88' lang='lat' dir='ltr'><strong>et</strong></span> <span class='ocrx_word' id='word_1_403' title='bbox 3334 2542 3433 2596; x_wconf 89' lang='lat' dir='ltr'><strong>per</strong></span> 
     </span>
    </p>
   </div>
   <div class='ocr_carea' id='block_1_57' title="bbox 1858 2618 3430 2690">
    <p class='ocr_par' dir='ltr' id='par_1_57' title="bbox 1858 2618 3430 2690">
     <span class='ocr_line' id='line_1_57' title="bbox 1858 2618 3430 2690; baseline -0.005 -12"><span class='ocrx_word' id='word_1_404' title='bbox 1858 2624 2009 2678; x_wconf 78' lang='lat' dir='ltr'><strong>cibos</strong></span> <span class='ocrx_word' id='word_1_405' title='bbox 2037 2621 2305 2690; x_wconf 87' lang='lat' dir='ltr'><strong>depellere</strong></span> <span class='ocrx_word' id='word_1_406' title='bbox 2336 2621 2609 2686; x_wconf 87' lang='lat' dir='ltr'><strong>calorem;</strong></span> <span class='ocrx_word' id='word_1_407' title='bbox 2634 2635 2716 2673; x_wconf 16' lang='lat' dir='ltr'><strong>ene</strong></span> <span class='ocrx_word' id='word_1_408' title='bbox 2746 2619 2882 2674; x_wconf 86' lang='lat' dir='ltr'><strong>cibis</strong></span> <span class='ocrx_word' id='word_1_409' title='bbox 2900 2619 3115 2688; x_wconf 88' lang='lat' dir='ltr'><strong>plurimi</strong></span> <span class='ocrx_word' id='word_1_410' title='bbox 3145 2618 3293 2674; x_wconf 87' lang='lat' dir='ltr'><strong>succi</strong></span> <span class='ocrx_word' id='word_1_411' title='bbox 3330 2635 3430 2673; x_wconf 85' lang='lat' dir='ltr'><strong>na-</strong></span> 
     </span>
    </p>
   </div>
   <div class='ocr_carea' id='block_1_58' title="bbox 1859 2709 3437 2783">
    <p class='ocr_par' dir='ltr' id='par_1_58' title="bbox 1859 2709 3437 2783">
     <span class='ocr_line' id='line_1_58' title="bbox 1859 2709 3437 2783; baseline -0.005 -13"><span class='ocrx_word' id='word_1_412' title='bbox 1859 2713 2090 2770; x_wconf 90' lang='lat' dir='ltr'><strong>turalem</strong></span> <span class='ocrx_word' id='word_1_413' title='bbox 2138 2712 2521 2783; x_wconf 80' lang='lat' dir='ltr'><strong>pinguedinem</strong></span> <span class='ocrx_word' id='word_1_414' title='bbox 2553 2709 2961 2765; x_wconf 86' lang='lat' dir='ltr'><strong>accessionibus</strong></span> <span class='ocrx_word' id='word_1_415' title='bbox 2996 2721 3290 2781; x_wconf 88' lang='lat' dir='ltr'><strong>augentes,</strong></span> <span class='ocrx_word' id='word_1_416' title='bbox 3341 2718 3437 2762; x_wconf 91' lang='lat' dir='ltr'><strong>aut</strong></span> 
     </span>
    </p>
   </div>
   <div class='ocr_carea' id='block_1_59' title="bbox 1860 2801 3436 2870">
    <p class='ocr_par' dir='ltr' id='par_1_59' title="bbox 1860 2801 3436 2870">
     <span class='ocr_line' id='line_1_59' title="bbox 1860 2801 3436 2870; baseline -0.001 -11"><span class='ocrx_word' id='word_1_417' title='bbox 1860 2805 1968 2860; x_wconf 89' lang='lat' dir='ltr'><strong>vini</strong></span> <span class='ocrx_word' id='word_1_418' title='bbox 2019 2804 2295 2860; x_wconf 86' lang='lat' dir='ltr'><strong>infusione</strong></span> <span class='ocrx_word' id='word_1_419' title='bbox 2352 2803 2616 2858; x_wconf 87' lang='lat' dir='ltr'><strong>fervidum</strong></span> <span class='ocrx_word' id='word_1_420' title='bbox 2668 2801 2911 2870; x_wconf 89' lang='lat' dir='ltr'><strong>corporis</strong></span> <span class='ocrx_word' id='word_1_421' title='bbox 2971 2803 3211 2870; x_wconf 77' lang='lat' dir='ltr'><strong>vigorem</strong></span> <span class='ocrx_word' id='word_1_422' title='bbox 3258 2802 3436 2857; x_wconf 89' lang='lat' dir='ltr'><strong>adhuc</strong></span> 
     </span>
    </p>
   </div>
   <div class='ocr_carea' id='block_1_60' title="bbox 1863 2891 3433 2966">
    <p class='ocr_par' dir='ltr' id='par_1_60' title="bbox 1863 2891 3433 2966">
     <span class='ocr_line' id='line_1_60' title="bbox 1863 2891 3433 2966; baseline -0.004 -15"><span class='ocrx_word' id='word_1_423' title='bbox 1863 2896 2036 2966; x_wconf 85' lang='lat' dir='ltr'><strong>magis</strong></span> <span class='ocrx_word' id='word_1_424' title='bbox 2072 2896 2446 2957; x_wconf 88' lang='lat' dir='ltr'><strong>incendentes,</strong></span> <span class='ocrx_word' id='word_1_425' title='bbox 2476 2893 2768 2949; x_wconf 89' lang='lat' dir='ltr'><strong>secundum</strong></span> <span class='ocrx_word' id='word_1_426' title='bbox 2791 2891 3104 2947; x_wconf 82' lang='lat' dir='ltr'><strong>Graecorum</strong></span> <span class='ocrx_word' id='word_1_427' title='bbox 3135 2894 3433 2961; x_wconf 85' lang='lat' dir='ltr'><strong>sapientem</strong></span> 
     </span>
    </p>
   </div>
   <div class='ocr_carea' id='block_1_61' title="bbox 1861 2984 3436 3057">
    <p class='ocr_par' dir='ltr' id='par_1_61' title="bbox 1861 2984 3436 3057">
     <span class='ocr_line' id='line_1_61' title="bbox 1861 2984 3436 3057; baseline -0.004 -15"><span class='ocrx_word' id='word_1_428' title='bbox 1861 3003 1991 3042; x_wconf 86' lang='lat' dir='ltr'><strong>vere</strong></span> <span class='ocrx_word' id='word_1_429' title='bbox 2028 2987 2203 3057; x_wconf 89' lang='lat' dir='ltr'><strong>ignem</strong></span> <span class='ocrx_word' id='word_1_430' title='bbox 2238 2985 2348 3054; x_wconf 82' lang='lat' dir='ltr'><strong>igni</strong></span> <span class='ocrx_word' id='word_1_431' title='bbox 2382 2987 2785 3039; x_wconf 86' lang='lat' dir='ltr'><strong>admoveamus.</strong></span> <span class='ocrx_word' id='word_1_432' title='bbox 2827 2985 2933 3039; x_wconf 91' lang='lat' dir='ltr'><strong>Sed</strong></span> <span class='ocrx_word' id='word_1_433' title='bbox 2982 2984 3181 3053; x_wconf 84' lang='lat' dir='ltr'><strong>vigenti</strong></span> <span class='ocrx_word' id='word_1_434' title='bbox 3216 2984 3436 3050; x_wconf 88' lang='lat' dir='ltr'><strong>quidem</strong></span> 
     </span>
    </p>
   </div>
   <div class='ocr_carea' id='block_1_62' title="bbox 175 3067 1759 3160">
    <p class='ocr_par' dir='ltr' id='par_1_62' title="bbox 175 3067 1759 3150">
     <span class='ocr_line' id='line_1_62' title="bbox 175 3067 1759 3150; baseline -0.009 -16"><span class='ocrx_word' id='word_1_435' title='bbox 175 3099 277 3134; x_wconf 87' lang='grc' dir='ltr'><strong>σαν</strong></span> <span class='ocrx_word' id='word_1_436' title='bbox 311 3080 424 3150; x_wconf 85' lang='grc'><strong>(97)</strong></span> <span class='ocrx_word' id='word_1_437' title='bbox 449 3079 513 3131; x_wconf 79' lang='grc' dir='ltr'><strong>ἐκ</strong></span> <span class='ocrx_word' id='word_1_438' title='bbox 548 3077 762 3146; x_wconf 83' lang='grc' dir='ltr'>φύσεως</span> <span class='ocrx_word' id='word_1_439' title='bbox 787 3074 1022 3146; x_wconf 85' lang='grc' dir='ltr'>πιμελὴν</span> <span class='ocrx_word' id='word_1_440' title='bbox 1053 3075 1118 3125; x_wconf 87' lang='grc' dir='ltr'><strong>ἐκ</strong></span> <span class='ocrx_word' id='word_1_441' title='bbox 1147 3070 1463 3142; x_wconf 82' lang='grc' dir='ltr'>προσθήκης</span> <span class='ocrx_word' id='word_1_442' title='bbox 1487 3067 1759 3139; x_wconf 81' lang='grc' dir='ltr'>αὐξήσαν-</span> 
     </span>
    </p>
   </div>
   <div class='ocr_carea' id='block_1_63' title="bbox 1863 3067 3439 3160">
    <p class='ocr_par' dir='ltr' id='par_1_63' title="bbox 1865 3074 3439 3144">
     <span class='ocr_line' id='line_1_63' title="bbox 1865 3074 3439 3144; baseline -0.004 -10"><span class='ocrx_word' id='word_1_443' title='bbox 1865 3089 1917 3134; x_wconf 88' lang='lat' dir='ltr'><strong>et</strong></span> <span class='ocrx_word' id='word_1_444' title='bbox 1948 3077 2180 3133; x_wconf 84' lang='lat' dir='ltr'><strong>naturali</strong></span> <span class='ocrx_word' id='word_1_445' title='bbox 2221 3076 2403 3131; x_wconf 86' lang='lat' dir='ltr'><strong>calore</strong></span> <span class='ocrx_word' id='word_1_446' title='bbox 2456 3075 2780 3130; x_wconf 87' lang='lat' dir='ltr'><strong>redundauti</strong></span> <span class='ocrx_word' id='word_1_447' title='bbox 2839 3090 3032 3144; x_wconf 91' lang='lat' dir='ltr'><strong>purum</strong></span> <span class='ocrx_word' id='word_1_448' title='bbox 3090 3089 3156 3129; x_wconf 91' lang='lat' dir='ltr'><strong>ex</strong></span> <span class='ocrx_word' id='word_1_449' title='bbox 3195 3074 3439 3129; x_wconf 89' lang='lat' dir='ltr'><strong>fontibus</strong></span> 
     </span>
    </p>
   </div>
   <div class='ocr_carea' id='block_1_64' title="bbox 172 3159 1759 3240">
    <p class='ocr_par' dir='ltr' id='par_1_64' title="bbox 172 3159 1758 3240">
     <span class='ocr_line' id='line_1_64' title="bbox 172 3159 1758 3240; baseline -0.006 -17"><span class='ocrx_word' id='word_1_450' title='bbox 172 3187 288 3233; x_wconf 85' lang='grc' dir='ltr'>τες,</span> <span class='ocrx_word' id='word_1_451' title='bbox 316 3168 352 3240; x_wconf 85' lang='grc' dir='ltr'><strong>ἣ</strong></span> <span class='ocrx_word' id='word_1_452' title='bbox 376 3171 441 3239; x_wconf 84' lang='grc' dir='ltr'>τῇ</span> <span class='ocrx_word' id='word_1_453' title='bbox 472 3166 564 3220; x_wconf 90' lang='grc' dir='ltr'><strong>τοῦ</strong></span> <span class='ocrx_word' id='word_1_454' title='bbox 595 3168 736 3221; x_wconf 75' lang='grc' dir='ltr'>οἴνου</span> <span class='ocrx_word' id='word_1_455' title='bbox 762 3166 982 3233; x_wconf 81' lang='grc' dir='ltr'>ἐγχυσει</span> <span class='ocrx_word' id='word_1_456' title='bbox 1008 3161 1234 3227; x_wconf 78' lang='grc' dir='ltr'>ζέουσαν</span> <span class='ocrx_word' id='word_1_457' title='bbox 1263 3160 1358 3213; x_wconf 90' lang='grc' dir='ltr'><strong>τοῦ</strong></span> <span class='ocrx_word' id='word_1_458' title='bbox 1385 3159 1635 3230; x_wconf 86' lang='grc' dir='ltr'>σώματος</span> <span class='ocrx_word' id='word_1_459' title='bbox 1662 3159 1758 3231; x_wconf 80' lang='grc' dir='ltr'>τὴν</span> 
     </span>
    </p>
   </div>
   <div class='ocr_carea' id='block_1_65' title="bbox 1863 3159 3403 3240">
    <p class='ocr_par' dir='ltr' id='par_1_65' title="bbox 1863 3165 3403 3235">
     <span class='ocr_line' id='line_1_65' title="bbox 1863 3165 3403 3235; baseline -0.003 -11"><span class='ocrx_word' id='word_1_460' title='bbox 1863 3169 2077 3224; x_wconf 85' lang='lat' dir='ltr'><strong>laticem</strong></span> <span class='ocrx_word' id='word_1_461' title='bbox 2143 3176 2511 3235; x_wconf 87' lang='lat' dir='ltr'><strong>temperanter</strong></span> <span class='ocrx_word' id='word_1_462' title='bbox 2579 3165 2944 3231; x_wconf 86' lang='lat' dir='ltr'><strong>inftmdamus,</strong></span> <span class='ocrx_word' id='word_1_463' title='bbox 3008 3165 3272 3220; x_wconf 82' lang='lat' dir='ltr'><strong>fervidam</strong></span> <span class='ocrx_word' id='word_1_464' title='bbox 3337 3181 3403 3219; x_wconf 89' lang='lat' dir='ltr'><strong>na</strong></span> 
     </span>
    </p>
   </div>
   <div class='ocr_carea' id='block_1_66' title="bbox 173 3250 1761 3332">
    <p class='ocr_par' dir='ltr' id='par_1_66' title="bbox 173 3250 1761 3332">
     <span class='ocr_line' id='line_1_66' title="bbox 173 3250 1761 3332; baseline -0.008 -17"><span class='ocrx_word' id='word_1_465' title='bbox 173 3264 368 3332; x_wconf 80' lang='grc' dir='ltr'>ἀκμὴν</span> <span class='ocrx_word' id='word_1_466' title='bbox 400 3259 482 3312; x_wconf 75' lang='grc' dir='ltr'>ἔτι</span> <span class='ocrx_word' id='word_1_467' title='bbox 506 3257 704 3329; x_wconf 84' lang='grc' dir='ltr'>μᾶλλον</span> <span class='ocrx_word' id='word_1_468' title='bbox 726 3254 1046 3325; x_wconf 78' lang='grc' dir='ltr'>ἐξάψαντες,</span> <span class='ocrx_word' id='word_1_469' title='bbox 1078 3252 1220 3307; x_wconf 84' lang='grc' dir='ltr'>κατὰ</span> <span class='ocrx_word' id='word_1_470' title='bbox 1241 3251 1332 3305; x_wconf 78' lang='grc' dir='ltr'>τὸν</span> <span class='ocrx_word' id='word_1_471' title='bbox 1352 3250 1460 3305; x_wconf 88' lang='grc' dir='ltr'><strong>τῶν</strong></span> <span class='ocrx_word' id='word_1_472' title='bbox 1494 3251 1761 3322; x_wconf 87' lang='grc' dir='ltr'>Ἑλλήνων</span> 
     </span>
    </p>
   </div>
   <div class='ocr_carea' id='block_1_67' title="bbox 177 3342 1757 3423">
    <p class='ocr_par' dir='ltr' id='par_1_67' title="bbox 177 3342 1757 3423">
     <span class='ocr_line' id='line_1_67' title="bbox 177 3342 1757 3423; baseline -0.008 -16"><span class='ocrx_word' id='word_1_473' title='bbox 177 3353 368 3423; x_wconf 80' lang='grc' dir='ltr'>σοφὸν,</span> <span class='ocrx_word' id='word_1_474' title='bbox 394 3349 507 3422; x_wconf 88' lang='grc' dir='ltr'><strong>πῦρ</strong></span> <span class='ocrx_word' id='word_1_475' title='bbox 534 3350 702 3411; x_wconf 75' lang='grc' dir='ltr'>ὅντως</span> <span class='ocrx_word' id='word_1_476' title='bbox 734 3349 826 3400; x_wconf 81' lang='grc' dir='ltr'><strong>ἐπὶ</strong></span> <span class='ocrx_word' id='word_1_477' title='bbox 861 3344 973 3417; x_wconf 86' lang='grc' dir='ltr'><strong>πῦρ</strong></span> <span class='ocrx_word' id='word_1_478' title='bbox 1000 3343 1363 3415; x_wconf 80' lang='grc' dir='ltr'>όχετεόωμεν.</span> <span class='ocrx_word' id='word_1_479' title='bbox 1403 3342 1542 3395; x_wconf 86' lang='grc' dir='ltr'>Ἀλλ’</span> <span class='ocrx_word' id='word_1_480' title='bbox 1580 3342 1757 3413; x_wconf 78' lang='grc' dir='ltr'>ἀκμά-</span> 
     </span>
    </p>
   </div>
   <div class='ocr_carea' id='block_1_68' title="bbox 177 3434 1768 3513">
    <p class='ocr_par' dir='ltr' id='par_1_68' title="bbox 177 3434 1768 3513">
     <span class='ocr_line' id='line_1_68' title="bbox 177 3434 1768 3513; baseline -0.007 -15"><span class='ocrx_word' id='word_1_481' title='bbox 177 3445 330 3508; x_wconf 79' lang='grc' dir='ltr'>ζοντι</span> <span class='ocrx_word' id='word_1_482' title='bbox 362 3443 459 3513; x_wconf 82' lang='grc' dir='ltr'><strong>μὲν</strong></span> <span class='ocrx_word' id='word_1_483' title='bbox 481 3440 575 3494; x_wconf 76' lang='grc' dir='ltr'><strong>καὶ</strong></span> <span class='ocrx_word' id='word_1_484' title='bbox 603 3440 811 3511; x_wconf 82' lang='grc' dir='ltr'>θέρμης</span> <span class='ocrx_word' id='word_1_485' title='bbox 839 3436 1076 3507; x_wconf 82' lang='grc' dir='ltr'>φυσικῆς</span> <span class='ocrx_word' id='word_1_486' title='bbox 1101 3434 1468 3507; x_wconf 83' lang='grc' dir='ltr'>περιττεύοντι</span> <span class='ocrx_word' id='word_1_487' title='bbox 1487 3434 1551 3487; x_wconf 82' lang='grc' dir='ltr'><strong>τὸ</strong></span> <span class='ocrx_word' id='word_1_488' title='bbox 1575 3435 1640 3488; x_wconf 85' lang='grc' dir='ltr'><strong>ἐκ</strong></span> <span class='ocrx_word' id='word_1_489' title='bbox 1668 3452 1768 3506; x_wconf 88' lang='grc' dir='ltr'>πη-</span> 
     </span>
    </p>
   </div>
   <div class='ocr_carea' id='block_1_69' title="bbox 177 3524 1766 3602">
    <p class='ocr_par' dir='ltr' id='par_1_69' title="bbox 177 3524 1766 3602">
     <span class='ocr_line' id='line_1_69' title="bbox 177 3524 1766 3602; baseline -0.007 -15"><span class='ocrx_word' id='word_1_490' title='bbox 177 3535 295 3601; x_wconf 89' lang='grc' dir='ltr'><strong>γῶν</strong></span> <span class='ocrx_word' id='word_1_491' title='bbox 323 3530 568 3602; x_wconf 84' lang='grc' dir='ltr'>καθαρὸν</span> <span class='ocrx_word' id='word_1_492' title='bbox 605 3529 817 3602; x_wconf 79' lang='grc' dir='ltr'>ῥεῖθρον</span> <span class='ocrx_word' id='word_1_493' title='bbox 846 3526 1138 3599; x_wconf 84' lang='grc' dir='ltr'>σωφρόνως</span> <span class='ocrx_word' id='word_1_494' title='bbox 1161 3525 1635 3596; x_wconf 82' lang='grc' dir='ltr'>ἐποχετεύσωμεν,</span> <span class='ocrx_word' id='word_1_495' title='bbox 1666 3524 1766 3595; x_wconf 82' lang='grc' dir='ltr'><strong>τὴν</strong></span> 
     </span>
    </p>
   </div>
   <div class='ocr_carea' id='block_1_70' title="bbox 179 3615 1771 3695">
    <p class='ocr_par' dir='ltr' id='par_1_70' title="bbox 179 3615 1771 3695">
     <span class='ocr_line' id='line_1_70' title="bbox 179 3615 1771 3695; baseline -0.008 -16"><span class='ocrx_word' id='word_1_496' title='bbox 179 3629 241 3679; x_wconf 78' lang='grc' dir='ltr'><strong>ἐν</strong></span> <span class='ocrx_word' id='word_1_497' title='bbox 267 3627 337 3695; x_wconf 83' lang='grc' dir='ltr'>τῇ</span> <span class='ocrx_word' id='word_1_498' title='bbox 374 3624 534 3693; x_wconf 83' lang='grc' dir='ltr'>φύσει</span> <span class='ocrx_word' id='word_1_499' title='bbox 564 3621 788 3687; x_wconf 83' lang='grc' dir='ltr'>ζέουσαν</span> <span class='ocrx_word' id='word_1_500' title='bbox 818 3620 990 3689; x_wconf 74' lang='grc' dir='ltr'>φλόγα</span> <span class='ocrx_word' id='word_1_501' title='bbox 1022 3621 1090 3689; x_wconf 81' lang='grc' dir='ltr'>τῇ</span> <span class='ocrx_word' id='word_1_502' title='bbox 1124 3616 1217 3670; x_wconf 92' lang='grc' dir='ltr'><strong>τοῦ</strong></span> <span class='ocrx_word' id='word_1_503' title='bbox 1257 3617 1448 3680; x_wconf 81' lang='grc' dir='ltr'>ὓδατος</span> <span class='ocrx_word' id='word_1_504' title='bbox 1481 3615 1771 3669; x_wconf 86' lang='grc' dir='ltr'>ἀντιπαθεῖ</span> 
     </span>
    </p>
   </div>
   <div class='ocr_carea' id='block_1_71' title="bbox 180 3705 1769 3787">
    <p class='ocr_par' dir='ltr' id='par_1_71' title="bbox 180 3705 1769 3787">
     <span class='ocr_line' id='line_1_71' title="bbox 180 3705 1769 3787; baseline -0.008 -16"><span class='ocrx_word' id='word_1_505' title='bbox 180 3717 412 3787; x_wconf 63' lang='grc' dir='ltr'>δυνάμει</span> <span class='ocrx_word' id='word_1_506' title='bbox 438 3713 961 3785; x_wconf 77' lang='grc' dir='ltr'>καταμαραίνοντες,</span> <span class='ocrx_word' id='word_1_507' title='bbox 992 3711 1083 3764; x_wconf 77' lang='grc' dir='ltr'>καὶ</span> <span class='ocrx_word' id='word_1_508' title='bbox 1113 3709 1248 3781; x_wconf 84' lang='grc' dir='ltr'>πρὸς</span> <span class='ocrx_word' id='word_1_509' title='bbox 1277 3708 1339 3761; x_wconf 84' lang='grc' dir='ltr'><strong>τὸ</strong></span> <span class='ocrx_word' id='word_1_510' title='bbox 1359 3710 1563 3779; x_wconf 78' lang='grc' dir='ltr'>ἥμερον</span> <span class='ocrx_word' id='word_1_511' title='bbox 1600 3705 1679 3776; x_wconf 83' lang='grc' dir='ltr'>τῷ</span> <span class='ocrx_word' id='word_1_512' title='bbox 1713 3709 1769 3759; x_wconf 91' lang='grc' dir='ltr'><strong>ἐν</strong></span> 
     </span>
    </p>
   </div>
   <div class='ocr_carea' id='block_1_72' title="bbox 186 3800 1774 3882">
    <p class='ocr_par' dir='ltr' id='par_1_72' title="bbox 186 3800 1774 3882">
     <span class='ocr_line' id='line_1_72' title="bbox 186 3800 1774 3882; baseline -0.007 -20"><span class='ocrx_word' id='word_1_513' title='bbox 186 3811 317 3882; x_wconf 72' lang='grc' dir='ltr'>ήμῖν</span> <span class='ocrx_word' id='word_1_514' title='bbox 351 3810 496 3878; x_wconf 82' lang='grc' dir='ltr'>λόγῳ</span> <span class='ocrx_word' id='word_1_515' title='bbox 522 3808 631 3878; x_wconf 82' lang='grc'><strong>(98)</strong></span> <span class='ocrx_word' id='word_1_516' title='bbox 663 3806 955 3876; x_wconf 86' lang='grc' dir='ltr'>κιρνῶντες</span> <span class='ocrx_word' id='word_1_517' title='bbox 977 3821 991 3834; x_wconf 92' lang='grc'><strong>·</strong></span> <span class='ocrx_word' id='word_1_518' title='bbox 1028 3802 1345 3875; x_wconf 76' lang='grc' dir='ltr'>παρηϐῶντι</span> <span class='ocrx_word' id='word_1_519' title='bbox 1365 3801 1421 3854; x_wconf 86' lang='grc' dir='ltr'>δὲ</span> <span class='ocrx_word' id='word_1_520' title='bbox 1454 3800 1548 3853; x_wconf 70' lang='grc' dir='ltr'><strong>καὶ</strong></span> <span class='ocrx_word' id='word_1_521' title='bbox 1578 3816 1774 3870; x_wconf 89' lang='grc' dir='ltr'>μαραι-</span> 
     </span>
    </p>
   </div>
   <div class='ocr_carea' id='block_1_73' title="bbox 182 3890 1771 3972">
    <p class='ocr_par' dir='ltr' id='par_1_73' title="bbox 182 3890 1771 3972">
     <span class='ocr_line' id='line_1_73' title="bbox 182 3890 1771 3972; baseline -0.008 -17"><span class='ocrx_word' id='word_1_522' title='bbox 182 3901 400 3972; x_wconf 77' lang='grc' dir='ltr'>νομένῳ</span> <span class='ocrx_word' id='word_1_523' title='bbox 425 3901 529 3971; x_wconf 82' lang='grc' dir='ltr'>τὴν</span> <span class='ocrx_word' id='word_1_524' title='bbox 558 3901 623 3951; x_wconf 82' lang='grc' dir='ltr'><strong>ἐκ</strong></span> <span class='ocrx_word' id='word_1_525' title='bbox 644 3898 752 3951; x_wconf 86' lang='grc' dir='ltr'><strong>τῶν</strong></span> <span class='ocrx_word' id='word_1_526' title='bbox 775 3897 994 3968; x_wconf 84' lang='grc' dir='ltr'>τροφῶν</span> <span class='ocrx_word' id='word_1_527' title='bbox 1022 3895 1117 3949; x_wconf 80' lang='grc' dir='ltr'><strong>καὶ</strong></span> <span class='ocrx_word' id='word_1_528' title='bbox 1140 3893 1234 3947; x_wconf 89' lang='grc' dir='ltr'><strong>τοῦ</strong></span> <span class='ocrx_word' id='word_1_529' title='bbox 1260 3894 1500 3963; x_wconf 86' lang='grc' dir='ltr'>πόματος</span> <span class='ocrx_word' id='word_1_530' title='bbox 1525 3890 1771 3962; x_wconf 84' lang='grc' dir='ltr'>βοήθειαν</span> 
     </span>
    </p>
   </div>
   <div class='ocr_carea' id='block_1_74' title="bbox 186 3983 1773 4064">
    <p class='ocr_par' dir='ltr' id='par_1_74' title="bbox 186 3983 1773 4064">
     <span class='ocr_line' id='line_1_74' title="bbox 186 3983 1773 4064; baseline -0.008 -17"><span class='ocrx_word' id='word_1_531' title='bbox 186 3993 482 4064; x_wconf 75' lang='grc' dir='ltr'>σύμμαχον</span> <span class='ocrx_word' id='word_1_532' title='bbox 508 3990 886 4061; x_wconf 82' lang='grc' dir='ltr'>ἐπεισάξωμεν</span> <span class='ocrx_word' id='word_1_533' title='bbox 916 3988 1064 4058; x_wconf 88' lang='grc'><strong>(99)·</strong></span> <span class='ocrx_word' id='word_1_534' title='bbox 1098 3986 1160 4040; x_wconf 84' lang='grc' dir='ltr'>οὐ</span> <span class='ocrx_word' id='word_1_535' title='bbox 1191 3985 1288 4057; x_wconf 81' lang='grc' dir='ltr'>τὴν</span> <span class='ocrx_word' id='word_1_536' title='bbox 1308 3985 1583 4055; x_wconf 88' lang='grc' dir='ltr'>ποσότητα</span> <span class='ocrx_word' id='word_1_537' title='bbox 1615 3983 1773 4053; x_wconf 90' lang='grc' dir='ltr'>μόνον</span> 
     </span>
    </p>
   </div>
   <div class='ocr_carea' id='block_1_75' title="bbox 183 4074 1774 4153">
    <p class='ocr_par' dir='ltr' id='par_1_75' title="bbox 183 4074 1774 4153">
     <span class='ocr_line' id='line_1_75' title="bbox 183 4074 1774 4153; baseline -0.007 -17"><span class='ocrx_word' id='word_1_538' title='bbox 183 4083 298 4137; x_wconf 85' lang='grc' dir='ltr'><strong>τῶν</strong></span> <span class='ocrx_word' id='word_1_539' title='bbox 330 4082 548 4153; x_wconf 73' lang='grc' dir='ltr'>τροφῶν</span> <span class='ocrx_word' id='word_1_540' title='bbox 580 4078 893 4150; x_wconf 84' lang='grc' dir='ltr'>ἁπανταχοῦ</span> <span class='ocrx_word' id='word_1_541' title='bbox 932 4079 1068 4150; x_wconf 78' lang='grc' dir='ltr'>πρὸς</span> <span class='ocrx_word' id='word_1_542' title='bbox 1091 4076 1191 4147; x_wconf 83' lang='grc' dir='ltr'>τὴν</span> <span class='ocrx_word' id='word_1_543' title='bbox 1223 4076 1451 4146; x_wconf 79' lang='grc' dir='ltr'>δύναμιν</span> <span class='ocrx_word' id='word_1_544' title='bbox 1497 4074 1774 4146; x_wconf 84' lang='grc' dir='ltr'>φρονίμως</span> 
     </span>
    </p>
   </div>
   <div class='ocr_carea' id='block_1_76' title="bbox 188 4164 1777 4247">
    <p class='ocr_par' dir='ltr' id='par_1_76' title="bbox 188 4164 1777 4247">
     <span class='ocr_line' id='line_1_76' title="bbox 188 4164 1777 4247; baseline -0.008 -20"><span class='ocrx_word' id='word_1_545' title='bbox 188 4174 539 4247; x_wconf 82' lang='grc' dir='ltr'>μετροῦντες,</span> <span class='ocrx_word' id='word_1_546' title='bbox 575 4171 707 4224; x_wconf 77' lang='grc' dir='ltr'>ἀλλὰ</span> <span class='ocrx_word' id='word_1_547' title='bbox 747 4172 840 4223; x_wconf 73' lang='grc' dir='ltr'>καὶ</span> <span class='ocrx_word' id='word_1_548' title='bbox 873 4169 970 4241; x_wconf 82' lang='grc' dir='ltr'><strong>τήν</strong></span> <span class='ocrx_word' id='word_1_549' title='bbox 1016 4170 1277 4239; x_wconf 87' lang='grc' dir='ltr'>ποιότητα</span> <span class='ocrx_word' id='word_1_550' title='bbox 1312 4166 1545 4236; x_wconf 88' lang='grc' dir='ltr'>μάλιστα</span> <span class='ocrx_word' id='word_1_551' title='bbox 1599 4164 1777 4231; x_wconf 81' lang='grc' dir='ltr'>σοφῶς</span> 
     </span>
    </p>
   </div>
   <div class='ocr_carea' id='block_1_77' title="bbox 187 4254 1777 4336">
    <p class='ocr_par' dir='ltr' id='par_1_77' title="bbox 187 4254 1777 4336">
     <span class='ocr_line' id='line_1_77' title="bbox 187 4254 1777 4336; baseline -0.006 -17"><span class='ocrx_word' id='word_1_552' title='bbox 187 4266 582 4336; x_wconf 75' lang='grc' dir='ltr'>ἐπικρίνοντες.</span> <span class='ocrx_word' id='word_1_553' title='bbox 623 4262 756 4316; x_wconf 82' lang='grc' dir='ltr'><strong>Οὐδὲ</strong></span> <span class='ocrx_word' id='word_1_554' title='bbox 785 4261 896 4332; x_wconf 84' lang='grc' dir='ltr'>γὰρ</span> <span class='ocrx_word' id='word_1_555' title='bbox 931 4263 997 4331; x_wconf 83' lang='grc' dir='ltr'>τῇ</span> <span class='ocrx_word' id='word_1_556' title='bbox 1035 4257 1234 4323; x_wconf 77' lang='grc' dir='ltr'>ἔξωθεν</span> <span class='ocrx_word' id='word_1_557' title='bbox 1271 4256 1541 4327; x_wconf 81' lang='grc' dir='ltr'>φαντασίᾳ</span> <span class='ocrx_word' id='word_1_558' title='bbox 1573 4254 1777 4309; x_wconf 85' lang='grc' dir='ltr'>τούτων</span> 
     </span>
    </p>
   </div>
   <div class='ocr_carea' id='block_1_78' title="bbox 191 4347 1777 4431">
    <p class='ocr_par' dir='ltr' id='par_1_78' title="bbox 191 4347 1777 4431">
     <span class='ocr_line' id='line_1_78' title="bbox 191 4347 1777 4431; baseline -0.008 -20"><span class='ocrx_word' id='word_1_559' title='bbox 191 4358 355 4431; x_wconf 85' lang='grc' dir='ltr'>μόνον</span> <span class='ocrx_word' id='word_1_560' title='bbox 378 4355 734 4428; x_wconf 78' lang='grc' dir='ltr'>προσέξομεν.</span> <span class='ocrx_word' id='word_1_561' title='bbox 757 4353 893 4407; x_wconf 82' lang='grc' dir='ltr'>ἀλλὰ</span> <span class='ocrx_word' id='word_1_562' title='bbox 926 4354 1020 4406; x_wconf 76' lang='grc' dir='ltr'><strong>καὶ</strong></span> <span class='ocrx_word' id='word_1_563' title='bbox 1047 4351 1146 4423; x_wconf 86' lang='grc' dir='ltr'>τὴν</span> <span class='ocrx_word' id='word_1_564' title='bbox 1173 4351 1231 4403; x_wconf 86' lang='grc' dir='ltr'><strong>ἐν</strong></span> <span class='ocrx_word' id='word_1_565' title='bbox 1263 4347 1342 4419; x_wconf 82' lang='grc' dir='ltr'>τῷ</span> <span class='ocrx_word' id='word_1_566' title='bbox 1371 4347 1524 4419; x_wconf 88' lang='grc' dir='ltr'>βάθει</span> <span class='ocrx_word' id='word_1_567' title='bbox 1549 4348 1777 4418; x_wconf 78' lang='grc' dir='ltr'>δύναμιν</span> 
     </span>
    </p>
   </div>
   <div class='ocr_carea' id='block_1_79' title="bbox 1862 3255 3441 3326">
    <p class='ocr_par' dir='ltr' id='par_1_79' title="bbox 1862 3255 3441 3326">
     <span class='ocr_line' id='line_1_79' title="bbox 1862 3255 3441 3326; baseline -0.004 -12"><span class='ocrx_word' id='word_1_568' title='bbox 1862 3268 1997 3314; x_wconf 62' lang='lat' dir='ltr'><strong>tura!</strong></span> <span class='ocrx_word' id='word_1_569' title='bbox 2046 3255 2646 3311; x_wconf 68' lang='lat' dir='ltr'><strong>flammamcontraria</strong></span> <span class='ocrx_word' id='word_1_570' title='bbox 2699 3271 2959 3325; x_wconf 88' lang='lat' dir='ltr'><strong>aquarum</strong></span> <span class='ocrx_word' id='word_1_571' title='bbox 2999 3255 3050 3308; x_wconf 88' lang='lat' dir='ltr'><strong>vi</strong></span> <span class='ocrx_word' id='word_1_572' title='bbox 3099 3256 3441 3326; x_wconf 84' lang='lat' dir='ltr'><strong>restinguen-</strong></span> 
     </span>
    </p>
   </div>
   <div class='ocr_carea' id='block_1_80' title="bbox 1867 3347 3441 3415">
    <p class='ocr_par' dir='ltr' id='par_1_80' title="bbox 1867 3347 3441 3415">
     <span class='ocr_line' id='line_1_80' title="bbox 1867 3347 3441 3415; baseline -0.003 -10"><span class='ocrx_word' id='word_1_573' title='bbox 1867 3360 1970 3412; x_wconf 88' lang='lat' dir='ltr'><strong>tes,</strong></span> <span class='ocrx_word' id='word_1_574' title='bbox 2017 3359 2224 3403; x_wconf 88' lang='lat' dir='ltr'><strong>etcum</strong></span> <span class='ocrx_word' id='word_1_575' title='bbox 2285 3364 2350 3401; x_wconf 87' lang='lat' dir='ltr'><strong>eo</strong></span> <span class='ocrx_word' id='word_1_576' title='bbox 2403 3348 2544 3415; x_wconf 89' lang='lat' dir='ltr'><strong>quod</strong></span> <span class='ocrx_word' id='word_1_577' title='bbox 2595 3347 2767 3402; x_wconf 90' lang='lat' dir='ltr'><strong>lenius</strong></span> <span class='ocrx_word' id='word_1_578' title='bbox 2819 3356 2921 3413; x_wconf 88' lang='lat' dir='ltr'><strong>est,</strong></span> <span class='ocrx_word' id='word_1_579' title='bbox 2959 3349 3118 3403; x_wconf 89' lang='lat' dir='ltr'><strong>insita</strong></span> <span class='ocrx_word' id='word_1_580' title='bbox 3166 3348 3320 3403; x_wconf 90' lang='lat' dir='ltr'><strong>nobis</strong></span> <span class='ocrx_word' id='word_1_581' title='bbox 3350 3363 3441 3401; x_wconf 85' lang='lat' dir='ltr'><strong>ra-</strong></span> 
     </span>
    </p>
   </div>
   <div class='ocr_carea' id='block_1_81' title="bbox 1867 3439 3439 3495">
    <p class='ocr_par' dir='ltr' id='par_1_81' title="bbox 1867 3439 3439 3495">
     <span class='ocr_line' id='line_1_81' title="bbox 1867 3439 3439 3495; baseline -0.001 0"><span class='ocrx_word' id='word_1_582' title='bbox 1867 3444 2017 3495; x_wconf 90' lang='lat' dir='ltr'><strong>tione</strong></span> <span class='ocrx_word' id='word_1_583' title='bbox 2050 3439 2347 3493; x_wconf 88' lang='lat' dir='ltr'><strong>miscentes</strong></span> <span class='ocrx_word' id='word_1_584' title='bbox 2381 3457 2395 3492; x_wconf 91' lang='lat'>:</span> <span class='ocrx_word' id='word_1_585' title='bbox 2432 3439 2734 3493; x_wconf 86' lang='lat' dir='ltr'><strong>senescenti</strong></span> <span class='ocrx_word' id='word_1_586' title='bbox 2778 3447 2955 3493; x_wconf 88' lang='lat' dir='ltr'><strong>autem</strong></span> <span class='ocrx_word' id='word_1_587' title='bbox 2991 3451 3047 3493; x_wconf 86' lang='lat' dir='ltr'><strong>et</strong></span> <span class='ocrx_word' id='word_1_588' title='bbox 3085 3441 3439 3494; x_wconf 89' lang='lat' dir='ltr'><strong>marcescenti</strong></span> 
     </span>
    </p>
   </div>
   <div class='ocr_carea' id='block_1_82' title="bbox 1869 3529 3437 3599">
    <p class='ocr_par' dir='ltr' id='par_1_82' title="bbox 1869 3529 3437 3599">
     <span class='ocr_line' id='line_1_82' title="bbox 1869 3529 3437 3599; baseline 0 -14"><span class='ocrx_word' id='word_1_589' title='bbox 1869 3532 2237 3599; x_wconf 85' lang='lat' dir='ltr'><strong>adjumentum</strong></span> <span class='ocrx_word' id='word_1_590' title='bbox 2275 3543 2340 3583; x_wconf 84' lang='lat' dir='ltr'><strong>ex</strong></span> <span class='ocrx_word' id='word_1_591' title='bbox 2381 3529 2517 3585; x_wconf 87' lang='lat' dir='ltr'><strong>cibis</strong></span> <span class='ocrx_word' id='word_1_592' title='bbox 2567 3538 2622 3584; x_wconf 86' lang='lat' dir='ltr'><strong>et</strong></span> <span class='ocrx_word' id='word_1_593' title='bbox 2676 3537 2807 3596; x_wconf 88' lang='lat' dir='ltr'><strong>potu</strong></span> <span class='ocrx_word' id='word_1_594' title='bbox 2868 3529 3273 3584; x_wconf 87' lang='lat' dir='ltr'><strong>adhibeamus:</strong></span> <span class='ocrx_word' id='word_1_595' title='bbox 3331 3546 3437 3585; x_wconf 91' lang='lat' dir='ltr'><strong>non</strong></span> 
     </span>
    </p>
   </div>
   <div class='ocr_carea' id='block_1_83' title="bbox 1870 3623 3443 3697">
    <p class='ocr_par' dir='ltr' id='par_1_83' title="bbox 1870 3623 3443 3697">
     <span class='ocr_line' id='line_1_83' title="bbox 1870 3623 3443 3697; baseline -0.002 -17"><span class='ocrx_word' id='word_1_596' title='bbox 1870 3625 2231 3697; x_wconf 86' lang='lat' dir='ltr'><strong>quantitatem</strong></span> <span class='ocrx_word' id='word_1_597' title='bbox 2267 3624 2439 3680; x_wconf 90' lang='lat' dir='ltr'><strong>solum</strong></span> <span class='ocrx_word' id='word_1_598' title='bbox 2461 3624 2707 3679; x_wconf 91' lang='lat' dir='ltr'><strong>ciborum</strong></span> <span class='ocrx_word' id='word_1_599' title='bbox 2741 3624 2940 3693; x_wconf 90' lang='lat' dir='ltr'><strong>ubique</strong></span> <span class='ocrx_word' id='word_1_600' title='bbox 2964 3623 3173 3679; x_wconf 90' lang='lat' dir='ltr'><strong>viribus</strong></span> <span class='ocrx_word' id='word_1_601' title='bbox 3207 3625 3443 3694; x_wconf 89' lang='lat' dir='ltr'><strong>pruden-</strong></span> 
     </span>
    </p>
   </div>
   <div class='ocr_carea' id='block_1_84' title="bbox 1871 3716 3447 3785">
    <p class='ocr_par' dir='ltr' id='par_1_84' title="bbox 1871 3716 3447 3785">
     <span class='ocr_line' id='line_1_84' title="bbox 1871 3716 3447 3785; baseline -0.002 -13"><span class='ocrx_word' id='word_1_602' title='bbox 1871 3729 1954 3774; x_wconf 90' lang='lat' dir='ltr'><strong>ter</strong></span> <span class='ocrx_word' id='word_1_603' title='bbox 1994 3718 2302 3781; x_wconf 89' lang='lat' dir='ltr'><strong>metientes,</strong></span> <span class='ocrx_word' id='word_1_604' title='bbox 2363 3718 2457 3770; x_wconf 85' lang='lat' dir='ltr'><strong>sed</strong></span> <span class='ocrx_word' id='word_1_605' title='bbox 2509 3717 2745 3772; x_wconf 84' lang='lat' dir='ltr'><strong>maxime</strong></span> <span class='ocrx_word' id='word_1_606' title='bbox 2782 3716 3094 3785; x_wconf 88' lang='lat' dir='ltr'><strong>qualitatem</strong></span> <span class='ocrx_word' id='word_1_607' title='bbox 3131 3716 3303 3785; x_wconf 88' lang='lat' dir='ltr'><strong>ipsam</strong></span> <span class='ocrx_word' id='word_1_608' title='bbox 3358 3731 3447 3769; x_wconf 90' lang='lat' dir='ltr'><strong>sa-</strong></span> 
     </span>
    </p>
   </div>
   <div class='ocr_carea' id='block_1_85' title="bbox 1873 3805 3442 3878">
    <p class='ocr_par' dir='ltr' id='par_1_85' title="bbox 1873 3805 3442 3878">
     <span class='ocr_line' id='line_1_85' title="bbox 1873 3805 3442 3878; baseline -0.002 -16"><span class='ocrx_word' id='word_1_609' title='bbox 1873 3809 2085 3878; x_wconf 78' lang='lat' dir='ltr'><strong>pienter</strong></span> <span class='ocrx_word' id='word_1_610' title='bbox 2117 3808 2509 3863; x_wconf 88' lang='lat' dir='ltr'><strong>discernentes.</strong></span> <span class='ocrx_word' id='word_1_611' title='bbox 2549 3806 2735 3877; x_wconf 82' lang='lat' dir='ltr'><strong>Neque</strong></span> <span class='ocrx_word' id='word_1_612' title='bbox 2765 3806 2908 3861; x_wconf 90' lang='lat' dir='ltr'><strong>enim</strong></span> <span class='ocrx_word' id='word_1_613' title='bbox 2930 3805 3191 3860; x_wconf 81' lang='lat' dir='ltr'><strong>exteriori</strong></span> <span class='ocrx_word' id='word_1_614' title='bbox 3234 3815 3442 3860; x_wconf 89' lang='lat' dir='ltr'><strong>tantum</strong></span> 
     </span>
    </p>
   </div>
   <div class='ocr_carea' id='block_1_86' title="bbox 1874 3898 3446 3971">
    <p class='ocr_par' dir='ltr' id='par_1_86' title="bbox 1874 3898 3446 3971">
     <span class='ocr_line' id='line_1_86' title="bbox 1874 3898 3446 3971; baseline 0 -17"><span class='ocrx_word' id='word_1_615' title='bbox 1874 3901 2092 3955; x_wconf 88' lang='lat' dir='ltr'><strong>illorum</strong></span> <span class='ocrx_word' id='word_1_616' title='bbox 2154 3902 2353 3971; x_wconf 88' lang='lat' dir='ltr'><strong>speciei</strong></span> <span class='ocrx_word' id='word_1_617' title='bbox 2413 3901 2771 3964; x_wconf 83' lang='lat' dir='ltr'><strong>attendemus,</strong></span> <span class='ocrx_word' id='word_1_618' title='bbox 2835 3899 2930 3953; x_wconf 91' lang='lat' dir='ltr'><strong>sed</strong></span> <span class='ocrx_word' id='word_1_619' title='bbox 2995 3898 3157 3952; x_wconf 89' lang='lat' dir='ltr'><strong>etiam</strong></span> <span class='ocrx_word' id='word_1_620' title='bbox 3212 3900 3446 3954; x_wconf 85' lang='lat' dir='ltr'><strong>maxime</strong></span> 
     </span>
    </p>
   </div>
   <div class='ocr_carea' id='block_1_87' title="bbox 1874 3989 3446 4059">
    <p class='ocr_par' dir='ltr' id='par_1_87' title="bbox 1874 3989 3446 4059">
     <span class='ocr_line' id='line_1_87' title="bbox 1874 3989 3446 4059; baseline 0 -16"><span class='ocrx_word' id='word_1_621' title='bbox 1874 4006 2034 4059; x_wconf 89' lang='lat' dir='ltr'><strong>quam</strong></span> <span class='ocrx_word' id='word_1_622' title='bbox 2075 3989 2181 4044; x_wconf 88' lang='lat' dir='ltr'><strong>vim</strong></span> <span class='ocrx_word' id='word_1_623' title='bbox 2220 3992 2367 4045; x_wconf 85' lang='lat' dir='ltr'><strong>intus</strong></span> <span class='ocrx_word' id='word_1_624' title='bbox 2393 3992 2650 4051; x_wconf 68' lang='lat' dir='ltr'><strong>habeant,</strong></span> <span class='ocrx_word' id='word_1_625' title='bbox 2700 3989 2994 4058; x_wconf 81' lang='lat' dir='ltr'><strong>prudenter</strong></span> <span class='ocrx_word' id='word_1_626' title='bbox 3044 3990 3446 4057; x_wconf 87' lang='lat' dir='ltr'><strong>spectabimus;</strong></span> 
     </span>
    </p>
   </div>
   <div class='ocr_carea' id='block_1_88' title="bbox 1875 4079 3445 4149">
    <p class='ocr_par' dir='ltr' id='par_1_88' title="bbox 1875 4079 3445 4149">
     <span class='ocr_line' id='line_1_88' title="bbox 1875 4079 3445 4149; baseline 0.001 -15"><span class='ocrx_word' id='word_1_627' title='bbox 1875 4081 2004 4149; x_wconf 89' lang='lat' dir='ltr'><strong>quia</strong></span> <span class='ocrx_word' id='word_1_628' title='bbox 2037 4096 2147 4135; x_wconf 89' lang='lat' dir='ltr'><strong>non</strong></span> <span class='ocrx_word' id='word_1_629' title='bbox 2210 4081 2384 4136; x_wconf 88' lang='lat' dir='ltr'><strong>solum</strong></span> <span class='ocrx_word' id='word_1_630' title='bbox 2446 4082 2713 4135; x_wconf 89' lang='lat' dir='ltr'><strong>seminum</strong></span> <span class='ocrx_word' id='word_1_631' title='bbox 2769 4089 2825 4133; x_wconf 89' lang='lat' dir='ltr'><strong>et</strong></span> <span class='ocrx_word' id='word_1_632' title='bbox 2871 4079 3223 4149; x_wconf 87' lang='lat' dir='ltr'><strong>leguminum,</strong></span> <span class='ocrx_word' id='word_1_633' title='bbox 3268 4081 3363 4135; x_wconf 90' lang='lat' dir='ltr'><strong>sed</strong></span> <span class='ocrx_word' id='word_1_634' title='bbox 3393 4089 3445 4135; x_wconf 91' lang='lat' dir='ltr'><strong>et</strong></span> 
     </span>
    </p>
   </div>
   <div class='ocr_carea' id='block_1_89' title="bbox 1876 4171 3480 4241">
    <p class='ocr_par' dir='ltr' id='par_1_89' title="bbox 1876 4171 3480 4241">
     <span class='ocr_line' id='line_1_89' title="bbox 1876 4171 3480 4241; baseline -0.001 -15"><span class='ocrx_word' id='word_1_635' title='bbox 1876 4173 2083 4226; x_wconf 91' lang='lat' dir='ltr'><strong>olerum</strong></span> <span class='ocrx_word' id='word_1_636' title='bbox 2118 4173 2371 4226; x_wconf 89' lang='lat' dir='ltr'><strong>nonnulla</strong></span> <span class='ocrx_word' id='word_1_637' title='bbox 2405 4185 2551 4234; x_wconf 86' lang='lat' dir='ltr'><strong>sunt,</strong></span> <span class='ocrx_word' id='word_1_638' title='bbox 2584 4187 2703 4241; x_wconf 74' lang='lat' dir='ltr'><strong>quae</strong></span> <span class='ocrx_word' id='word_1_639' title='bbox 2739 4172 2789 4224; x_wconf 93' lang='lat' dir='ltr'><strong>in</strong></span> <span class='ocrx_word' id='word_1_640' title='bbox 2836 4171 2989 4226; x_wconf 90' lang='lat' dir='ltr'><strong>cibos</strong></span> <span class='ocrx_word' id='word_1_641' title='bbox 3036 4171 3303 4238; x_wconf 87' lang='lat' dir='ltr'><strong>adhibita,</strong></span> <span class='ocrx_word' id='word_1_642' title='bbox 3336 4173 3438 4226; x_wconf 80' lang='lat' dir='ltr'><strong>etsi</strong></span> <span class='ocrx_word' id='word_1_643' title='bbox 3476 4207 3480 4210; x_wconf 54' lang='grc' dir='ltr'><strong>ι</strong></span> 
     </span>
    </p>
   </div>
   <div class='ocr_carea' id='block_1_90' title="bbox 1879 4263 3451 4333">
    <p class='ocr_par' dir='ltr' id='par_1_90' title="bbox 1879 4263 3451 4333">
     <span class='ocr_line' id='line_1_90' title="bbox 1879 4263 3451 4333; baseline -0.001 -15"><span class='ocrx_word' id='word_1_644' title='bbox 1879 4263 2126 4319; x_wconf 80' lang='lat' dir='ltr'><strong>exterior</strong></span> <span class='ocrx_word' id='word_1_645' title='bbox 2162 4264 2372 4333; x_wconf 89' lang='lat' dir='ltr'><strong>species</strong></span> <span class='ocrx_word' id='word_1_646' title='bbox 2412 4265 2563 4318; x_wconf 86' lang='lat' dir='ltr'><strong>utilis</strong></span> <span class='ocrx_word' id='word_1_647' title='bbox 2594 4264 2829 4327; x_wconf 88' lang='lat' dir='ltr'><strong>videtur,</strong></span> <span class='ocrx_word' id='word_1_648' title='bbox 2869 4279 2973 4317; x_wconf 92' lang='lat' dir='ltr'><strong>non</strong></span> <span class='ocrx_word' id='word_1_649' title='bbox 3036 4275 3215 4319; x_wconf 89' lang='lat' dir='ltr'><strong>tamen</strong></span> <span class='ocrx_word' id='word_1_650' title='bbox 3252 4272 3451 4319; x_wconf 69' lang='lat' dir='ltr'><strong>ascetm</strong></span> 
     </span>
    </p>
   </div>
   <div class='ocr_carea' id='block_1_91' title="bbox 1885 4352 3451 4422">
    <p class='ocr_par' dir='ltr' id='par_1_91' title="bbox 1885 4352 3451 4422">
     <span class='ocr_line' id='line_1_91' title="bbox 1885 4352 3451 4422; baseline 0 -16"><span class='ocrx_word' id='word_1_651' title='bbox 1885 4354 1952 4406; x_wconf 89' lang='lat' dir='ltr'><strong>ad</strong></span> <span class='ocrx_word' id='word_1_652' title='bbox 1988 4352 2257 4422; x_wconf 88' lang='lat' dir='ltr'><strong>placidam</strong></span> <span class='ocrx_word' id='word_1_653' title='bbox 2289 4354 2733 4421; x_wconf 84' lang='lat' dir='ltr'><strong>gubernationem</strong></span> <span class='ocrx_word' id='word_1_654' title='bbox 2758 4361 3000 4422; x_wconf 89' lang='lat' dir='ltr'><strong>prosunt,</strong></span> <span class='ocrx_word' id='word_1_655' title='bbox 3028 4354 3121 4406; x_wconf 88' lang='lat' dir='ltr'><strong>sed</strong></span> <span class='ocrx_word' id='word_1_656' title='bbox 3148 4362 3201 4408; x_wconf 90' lang='lat' dir='ltr'><strong>et</strong></span> <span class='ocrx_word' id='word_1_657' title='bbox 3229 4355 3451 4407; x_wconf 90' lang='lat' dir='ltr'><strong>intimas</strong></span> 
     </span>
    </p>
   </div>
   <div class='ocr_carea' id='block_1_92' title="bbox 189 4439 1759 4516">
    <p class='ocr_par' dir='ltr' id='par_1_92' title="bbox 189 4439 1754 4516">
     <span class='ocr_line' id='line_1_92' title="bbox 189 4439 1754 4516; baseline -0.008 -14"><span class='ocrx_word' id='word_1_658' title='bbox 189 4448 401 4502; x_wconf 72' lang='grc' dir='ltr'>τούτων</span> <span class='ocrx_word' id='word_1_659' title='bbox 469 4446 705 4516; x_wconf 85' lang='grc' dir='ltr'>μάλιστα</span> <span class='ocrx_word' id='word_1_660' title='bbox 766 4444 946 4514; x_wconf 85' lang='grc' dir='ltr'>σοφῶς</span> <span class='ocrx_word' id='word_1_661' title='bbox 1006 4443 1082 4513; x_wconf 58' lang='grc' dir='ltr'>(λι)</span> <span class='ocrx_word' id='word_1_662' title='bbox 1148 4439 1629 4511; x_wconf 66' lang='grc' dir='ltr'>κατοπτεύσομενθ</span> <span class='ocrx_word' id='word_1_663' title='bbox 1693 4441 1754 4492; x_wconf 82' lang='grc' dir='ltr'>ὅτ</span> 
     </span>
    </p>
   </div>
   <div class='ocr_carea' id='block_1_93' title="bbox 1863 4439 3457 4516">
    <p class='ocr_par' dir='ltr' id='par_1_93' title="bbox 1884 4443 3457 4512">
     <span class='ocr_line' id='line_1_93' title="bbox 1884 4443 3457 4512; baseline 0.001 -14"><span class='ocrx_word' id='word_1_664' title='bbox 1884 4458 2079 4498; x_wconf 89' lang='lat' dir='ltr'><strong>carnes</strong></span> <span class='ocrx_word' id='word_1_665' title='bbox 2113 4443 2418 4498; x_wconf 87' lang='lat' dir='ltr'><strong>vellicantia</strong></span> <span class='ocrx_word' id='word_1_666' title='bbox 2448 4459 2511 4497; x_wconf 89' lang='lat' dir='ltr'><strong>ac</strong></span> <span class='ocrx_word' id='word_1_667' title='bbox 2562 4445 2804 4512; x_wconf 87' lang='lat' dir='ltr'><strong>pruritus</strong></span> <span class='ocrx_word' id='word_1_668' title='bbox 2838 4452 2892 4498; x_wconf 84' lang='lat' dir='ltr'><strong>et</strong></span> <span class='ocrx_word' id='word_1_669' title='bbox 2957 4444 3288 4498; x_wconf 89' lang='lat' dir='ltr'><strong>titillationes</strong></span> <span class='ocrx_word' id='word_1_670' title='bbox 3340 4443 3457 4499; x_wconf 69' lang='grc' dir='ltr'><strong>σω.</strong></span> 
     </span>
    </p>
   </div>
   <div class='ocr_carea' id='block_1_94' title="bbox 190 4531 1781 4610">
    <p class='ocr_par' dir='ltr' id='par_1_94' title="bbox 190 4531 1781 4610">
     <span class='ocr_line' id='line_1_94' title="bbox 190 4531 1781 4610; baseline -0.006 -17"><span class='ocrx_word' id='word_1_671' title='bbox 190 4539 252 4593; x_wconf 67' lang='grc' dir='ltr'><strong>οὐ</strong></span> <span class='ocrx_word' id='word_1_672' title='bbox 316 4540 653 4610; x_wconf 86' lang='grc' dir='ltr'>σπερμάτων</span> <span class='ocrx_word' id='word_1_673' title='bbox 710 4536 868 4608; x_wconf 86' lang='grc' dir='ltr'>μόνον</span> <span class='ocrx_word' id='word_1_674' title='bbox 919 4552 1002 4602; x_wconf 88' lang='grc' dir='ltr'><strong>τε,</strong></span> <span class='ocrx_word' id='word_1_675' title='bbox 1051 4534 1147 4587; x_wconf 75' lang='grc' dir='ltr'><strong>καὶ</strong></span> <span class='ocrx_word' id='word_1_676' title='bbox 1193 4532 1457 4605; x_wconf 85' lang='grc' dir='ltr'>ὀσπρίων,</span> <span class='ocrx_word' id='word_1_677' title='bbox 1513 4531 1650 4585; x_wconf 84' lang='grc' dir='ltr'>ἀλλά</span> <span class='ocrx_word' id='word_1_678' title='bbox 1686 4531 1781 4585; x_wconf 76' lang='grc' dir='ltr'><strong>καὶ</strong></span> 
     </span>
    </p>
   </div>
   <div class='ocr_carea' id='block_1_95' title="bbox 191 4623 1782 4701">
    <p class='ocr_par' dir='ltr' id='par_1_95' title="bbox 191 4623 1782 4701">
     <span class='ocr_line' id='line_1_95' title="bbox 191 4623 1782 4701; baseline -0.004 -17"><span class='ocrx_word' id='word_1_679' title='bbox 191 4630 303 4685; x_wconf 85' lang='grc' dir='ltr'><strong>τῶν</strong></span> <span class='ocrx_word' id='word_1_680' title='bbox 371 4631 623 4701; x_wconf 82' lang='grc' dir='ltr'>λαχάνων</span> <span class='ocrx_word' id='word_1_681' title='bbox 679 4629 826 4683; x_wconf 79' lang='grc' dir='ltr'>ἐστὶν</span> <span class='ocrx_word' id='word_1_682' title='bbox 882 4629 982 4681; x_wconf 79' lang='grc' dir='ltr'><strong>οὐκ</strong></span> <span class='ocrx_word' id='word_1_683' title='bbox 1046 4626 1223 4695; x_wconf 85' lang='grc' dir='ltr'>ὀλίγα,</span> <span class='ocrx_word' id='word_1_684' title='bbox 1284 4625 1321 4679; x_wconf 81' lang='grc' dir='ltr'>ἃ</span> <span class='ocrx_word' id='word_1_685' title='bbox 1379 4625 1441 4678; x_wconf 81' lang='grc' dir='ltr'><strong>οὐ</strong></span> <span class='ocrx_word' id='word_1_686' title='bbox 1490 4623 1632 4679; x_wconf 78' lang='grc' dir='ltr'>κατὰ</span> <span class='ocrx_word' id='word_1_687' title='bbox 1682 4625 1782 4695; x_wconf 85' lang='grc' dir='ltr'><strong>τὴν</strong></span> 
     </span>
    </p>
   </div>
   <div class='ocr_carea' id='block_1_96' title="bbox 1888 4530 3453 4600">
    <p class='ocr_par' dir='ltr' id='par_1_96' title="bbox 1888 4530 3453 4600">
     <span class='ocr_line' id='line_1_96' title="bbox 1888 4530 3453 4600; baseline -0.003 -13"><span class='ocrx_word' id='word_1_688' title='bbox 1888 4532 2113 4595; x_wconf 90' lang='lat' dir='ltr'><strong>cientia,</strong></span> <span class='ocrx_word' id='word_1_689' title='bbox 2146 4546 2253 4585; x_wconf 89' lang='lat' dir='ltr'><strong>non</strong></span> <span class='ocrx_word' id='word_1_690' title='bbox 2282 4532 2459 4585; x_wconf 89' lang='lat' dir='ltr'><strong>minus</strong></span> <span class='ocrx_word' id='word_1_691' title='bbox 2491 4547 2652 4600; x_wconf 90' lang='lat' dir='ltr'><strong>quam</strong></span> <span class='ocrx_word' id='word_1_692' title='bbox 2678 4546 2797 4599; x_wconf 74' lang='lat' dir='ltr'><strong>quze</strong></span> <span class='ocrx_word' id='word_1_693' title='bbox 2826 4545 2921 4584; x_wconf 89' lang='lat' dir='ltr'><strong>sua</strong></span> <span class='ocrx_word' id='word_1_694' title='bbox 2961 4540 3152 4600; x_wconf 90' lang='lat' dir='ltr'><strong>sponte</strong></span> <span class='ocrx_word' id='word_1_695' title='bbox 3203 4530 3453 4599; x_wconf 82' lang='lat' dir='ltr'><strong>fugienda</strong></span> 
     </span>
    </p>
   </div>
   <div class='ocr_carea' id='block_1_97' title="bbox 1889 4615 3291 4691">
    <p class='ocr_par' dir='ltr' id='par_1_97' title="bbox 1889 4615 3291 4691">
     <span class='ocr_line' id='line_1_97' title="bbox 1889 4615 3291 4691; baseline -0.004 -13"><span class='ocrx_word' id='word_1_696' title='bbox 1889 4634 2036 4686; x_wconf 83' lang='lat' dir='ltr'><strong>sunt,</strong></span> <span class='ocrx_word' id='word_1_697' title='bbox 2077 4622 2315 4677; x_wconf 81' lang='lat' dir='ltr'><strong>latenter</strong></span> <span class='ocrx_word' id='word_1_698' title='bbox 2339 4615 2574 4690; x_wconf 77' lang='lat' dir='ltr'><strong>corpora</strong></span> <span class='ocrx_word' id='word_1_699' title='bbox 2609 4622 2860 4675; x_wconf 87' lang='lat' dir='ltr'><strong>inficiunt</strong></span> <span class='ocrx_word' id='word_1_700' title='bbox 2888 4630 2943 4675; x_wconf 87' lang='lat' dir='ltr'><strong>et</strong></span> <span class='ocrx_word' id='word_1_701' title='bbox 2973 4623 3291 4691; x_wconf 84' lang='lat' dir='ltr'><strong>perturbant</strong></span> 
     </span>
    </p>
   </div>
   <div class='ocr_carea' id='block_1_98' title="bbox 194 4709 3458 4793">
    <p class='ocr_par' dir='ltr' id='par_1_98' title="bbox 194 4709 3458 4793">
     <span class='ocr_line' id='line_1_98' title="bbox 194 4709 3458 4793; baseline -0.003 -17"><span class='ocrx_word' id='word_1_702' title='bbox 194 4722 396 4790; x_wconf 69' lang='grc' dir='ltr'>ἔξωθεν</span> <span class='ocrx_word' id='word_1_703' title='bbox 420 4723 580 4789; x_wconf 74' lang='grc' dir='ltr'>δόξαν</span> <span class='ocrx_word' id='word_1_704' title='bbox 613 4722 748 4793; x_wconf 88' lang='grc' dir='ltr'>πρὸς</span> <span class='ocrx_word' id='word_1_705' title='bbox 802 4720 902 4790; x_wconf 83' lang='grc' dir='ltr'>τὴν</span> <span class='ocrx_word' id='word_1_706' title='bbox 965 4719 1170 4791; x_wconf 75' lang='grc' dir='ltr'>ἥμερον</span> <span class='ocrx_word' id='word_1_707' title='bbox 1207 4715 1485 4787; x_wconf 78' lang='grc' dir='ltr'>ἡνιόχησιν</span> <span class='ocrx_word' id='word_1_708' title='bbox 1523 4717 1603 4777; x_wconf 85' lang='grc' dir='ltr'>εἰς</span> <span class='ocrx_word' id='word_1_709' title='bbox 1641 4713 1846 4783; x_wconf 86' lang='grc' dir='ltr'>τροφὰς</span> <span class='ocrx_word' id='word_1_710' title='bbox 1882 4712 1960 4782; x_wconf 84' lang='grc' dir='ltr'><strong>τῷ</strong></span> <span class='ocrx_word' id='word_1_711' title='bbox 2019 4714 2232 4783; x_wconf 85' lang='grc' dir='ltr'>ἀσκητῇ</span> <span class='ocrx_word' id='word_1_712' title='bbox 2284 4709 2535 4775; x_wconf 75' lang='grc' dir='ltr'>καθάπαξ</span> <span class='ocrx_word' id='word_1_713' title='bbox 2592 4709 2954 4780; x_wconf 73' lang='grc' dir='ltr'>συμϐάλλεται</span> <span class='ocrx_word' id='word_1_714' title='bbox 2977 4750 2992 4773; x_wconf 93' lang='grc'><strong>,</strong></span> <span class='ocrx_word' id='word_1_715' title='bbox 3044 4711 3178 4763; x_wconf 84' lang='grc' dir='ltr'>ἀλλὰ</span> <span class='ocrx_word' id='word_1_716' title='bbox 3234 4712 3295 4766; x_wconf 87' lang='grc' dir='ltr'>τὸ</span> <span class='ocrx_word' id='word_1_717' title='bbox 3349 4713 3458 4766; x_wconf 86' lang='grc' dir='ltr'><strong>τῶν</strong></span> 
     </span>
    </p>
   </div>
   <div class='ocr_carea' id='block_1_99' title="bbox 197 4800 3458 4886">
    <p class='ocr_par' dir='ltr' id='par_1_99' title="bbox 197 4800 3458 4886">
     <span class='ocr_line' id='line_1_99' title="bbox 197 4800 3458 4886; baseline -0.003 -17"><span class='ocrx_word' id='word_1_718' title='bbox 197 4812 419 4886; x_wconf 83' lang='grc' dir='ltr'>σαρκῶν</span> <span class='ocrx_word' id='word_1_719' title='bbox 467 4811 628 4881; x_wconf 83' lang='grc' dir='ltr'>βάθος</span> <span class='ocrx_word' id='word_1_720' title='bbox 678 4807 993 4881; x_wconf 76' lang='grc' dir='ltr'>άμύσσοντά</span> <span class='ocrx_word' id='word_1_721' title='bbox 1057 4823 1117 4859; x_wconf 90' lang='grc' dir='ltr'><strong>τε</strong></span> <span class='ocrx_word' id='word_1_722' title='bbox 1188 4806 1282 4860; x_wconf 76' lang='grc' dir='ltr'>καὶ</span> <span class='ocrx_word' id='word_1_723' title='bbox 1349 4801 1673 4874; x_wconf 86' lang='grc' dir='ltr'>κνισμὼδεις</span> <span class='ocrx_word' id='word_1_724' title='bbox 1720 4803 2137 4874; x_wconf 79' lang='grc' dir='ltr'>γαργαλισμοὺς</span> <span class='ocrx_word' id='word_1_725' title='bbox 2203 4800 2576 4873; x_wconf 83' lang='grc' dir='ltr'>ἐμποιοῦντα,</span> <span class='ocrx_word' id='word_1_726' title='bbox 2639 4803 2740 4854; x_wconf 80' lang='grc' dir='ltr'><strong>οὐκ</strong></span> <span class='ocrx_word' id='word_1_727' title='bbox 2796 4801 3014 4856; x_wconf 76' lang='grc' dir='ltr'>ἔλαττον</span> <span class='ocrx_word' id='word_1_728' title='bbox 3066 4804 3174 4856; x_wconf 89' lang='grc' dir='ltr'><strong>τῶν</strong></span> <span class='ocrx_word' id='word_1_729' title='bbox 3235 4806 3458 4860; x_wconf 82' lang='grc' dir='ltr'>αὐτόθεν</span> 
     </span>
    </p>
   </div>
   <div class='ocr_carea' id='block_1_100' title="bbox 197 4896 2079 4982">
    <p class='ocr_par' dir='ltr' id='par_1_100' title="bbox 197 4896 2079 4982">
     <span class='ocr_line' id='line_1_100' title="bbox 197 4896 2079 4982; baseline -0.007 -18"><span class='ocrx_word' id='word_1_730' title='bbox 197 4908 474 4982; x_wconf 85' lang='grc' dir='ltr'>φευκτῶν,</span> <span class='ocrx_word' id='word_1_731' title='bbox 505 4905 646 4961; x_wconf 86' lang='grc' dir='ltr'><strong>κατά</strong></span> <span class='ocrx_word' id='word_1_732' title='bbox 681 4906 744 4958; x_wconf 75' lang='grc' dir='ltr'>τὸ</span> <span class='ocrx_word' id='word_1_733' title='bbox 778 4903 1002 4974; x_wconf 86' lang='grc' dir='ltr'>λεληθὸς</span> <span class='ocrx_word' id='word_1_734' title='bbox 1035 4902 1274 4956; x_wconf 87' lang='grc' dir='ltr'>ἐπιθολοῖ</span> <span class='ocrx_word' id='word_1_735' title='bbox 1298 4901 1391 4954; x_wconf 73' lang='grc' dir='ltr'>καὶ</span> <span class='ocrx_word' id='word_1_736' title='bbox 1423 4899 1690 4971; x_wconf 89' lang='grc' dir='ltr'>ταράσσει</span> <span class='ocrx_word' id='word_1_737' title='bbox 1723 4898 1792 4952; x_wconf 77' lang='grc' dir='ltr'><strong>τά</strong></span> <span class='ocrx_word' id='word_1_738' title='bbox 1827 4896 2079 4969; x_wconf 85' lang='grc' dir='ltr'>σώματα.</span> 
     </span>
    </p>
   </div>
   <div class='ocr_carea' id='block_1_101' title="bbox 270 4991 1796 5071">
    <p class='ocr_par' dir='ltr' id='par_1_101' title="bbox 270 4991 1796 5071">
     <span class='ocr_line' id='line_1_101' title="bbox 270 4991 1796 5071; baseline -0.007 -17"><span class='ocrx_word' id='word_1_739' title='bbox 270 5004 323 5059; x_wconf 88' lang='grc'><strong>9.</strong></span> <span class='ocrx_word' id='word_1_740' title='bbox 358 5000 561 5071; x_wconf 84' lang='grc' dir='ltr'>Διόπερ</span> <span class='ocrx_word' id='word_1_741' title='bbox 599 4997 726 5051; x_wconf 82' lang='grc' dir='ltr'>οὐδὲ</span> <span class='ocrx_word' id='word_1_742' title='bbox 770 4999 883 5060; x_wconf 85' lang='grc' dir='ltr'>τοῖς</span> <span class='ocrx_word' id='word_1_743' title='bbox 932 4994 1086 5047; x_wconf 72' lang='grc' dir='ltr'>ἁλσὶν</span> <span class='ocrx_word' id='word_1_744' title='bbox 1128 4992 1311 5056; x_wconf 82' lang='grc' dir='ltr'>ἁπλῶς</span> <span class='ocrx_word' id='word_1_745' title='bbox 1354 4992 1449 5045; x_wconf 74' lang='grc' dir='ltr'><strong>καὶ</strong></span> <span class='ocrx_word' id='word_1_746' title='bbox 1486 4991 1796 5060; x_wconf 81' lang='grc' dir='ltr'>ἀδιαφόρως</span> 
     </span>
    </p>
   </div>
   <div class='ocr_carea' id='block_1_102' title="bbox 1972 4988 3462 5057">
    <p class='ocr_par' dir='ltr' id='par_1_102' title="bbox 1972 4988 3462 5057">
     <span class='ocr_line' id='line_1_102' title="bbox 1972 4988 3462 5057; baseline -0.003 -12"><span class='ocrx_word' id='word_1_747' title='bbox 1972 4990 2026 5045; x_wconf 87' lang='grc'><strong>9.</strong></span> <span class='ocrx_word' id='word_1_748' title='bbox 2060 4990 2236 5055; x_wconf 86' lang='lat' dir='ltr'><strong>Quare</strong></span> <span class='ocrx_word' id='word_1_749' title='bbox 2271 5003 2369 5042; x_wconf 87' lang='lat' dir='ltr'><strong>nec</strong></span> <span class='ocrx_word' id='word_1_750' title='bbox 2397 4988 2598 5043; x_wconf 90' lang='lat' dir='ltr'><strong>salibus</strong></span> <span class='ocrx_word' id='word_1_751' title='bbox 2622 4988 2940 5057; x_wconf 85' lang='lat' dir='ltr'><strong>simpliciter</strong></span> <span class='ocrx_word' id='word_1_752' title='bbox 2971 5004 3036 5043; x_wconf 90' lang='lat' dir='ltr'><strong>ac</strong></span> <span class='ocrx_word' id='word_1_753' title='bbox 3091 4988 3462 5044; x_wconf 78' lang='lat' dir='ltr'><strong>indifferenter</strong></span> 
     </span>
    </p>
   </div>
   <div class='ocr_carea' id='block_1_103' title="bbox 195 5080 1759 5169">
    <p class='ocr_par' dir='ltr' id='par_1_103' title="bbox 195 5082 1758 5169">
     <span class='ocr_line' id='line_1_103' title="bbox 195 5082 1758 5169; baseline -0.011 -19"><span class='ocrx_word' id='word_1_754' title='bbox 195 5091 543 5169; x_wconf 74' lang='grc' dir='ltr'>γρησόμεθα,</span> <span class='ocrx_word' id='word_1_755' title='bbox 570 5090 759 5160; x_wconf 81' lang='grc' dir='ltr'>ὥσπερ</span> <span class='ocrx_word' id='word_1_756' title='bbox 785 5088 959 5152; x_wconf 84' lang='grc' dir='ltr'>ἐνίους</span> <span class='ocrx_word' id='word_1_757' title='bbox 994 5085 1105 5139; x_wconf 88' lang='grc' dir='ltr'><strong>τῶν</strong></span> <span class='ocrx_word' id='word_1_758' title='bbox 1136 5085 1367 5155; x_wconf 84' lang='grc' dir='ltr'>ἀσκήσει</span> <span class='ocrx_word' id='word_1_759' title='bbox 1410 5082 1758 5152; x_wconf 87' lang='grc' dir='ltr'>προσεχόντω</span> 
     </span>
    </p>
   </div>
   <div class='ocr_carea' id='block_1_104' title="bbox 1863 5080 3465 5169">
    <p class='ocr_par' dir='ltr' id='par_1_104' title="bbox 1896 5080 3465 5150">
     <span class='ocr_line' id='line_1_104' title="bbox 1896 5080 3465 5150; baseline -0.001 -14"><span class='ocrx_word' id='word_1_760' title='bbox 1896 5092 2151 5145; x_wconf 87' lang='lat' dir='ltr'><strong>utemur,</strong></span> <span class='ocrx_word' id='word_1_761' title='bbox 2195 5080 2646 5150; x_wconf 87' lang='lat' dir='ltr'><strong>quemadmodum</strong></span> <span class='ocrx_word' id='word_1_762' title='bbox 2698 5080 2983 5135; x_wconf 88' lang='lat' dir='ltr'><strong>nonnullos</strong></span> <span class='ocrx_word' id='word_1_763' title='bbox 3038 5081 3285 5134; x_wconf 65' lang='lat' dir='ltr'><strong>asceticze</strong></span> <span class='ocrx_word' id='word_1_764' title='bbox 3338 5089 3465 5135; x_wconf 59' lang='lat' dir='ltr'><strong>vdae</strong></span> 
     </span>
    </p>
   </div>
   <div class='ocr_carea' id='block_1_105' title="bbox 272 5236 1781 5319">
    <p class='ocr_par' dir='ltr' id='par_1_105' title="bbox 272 5236 1781 5319">
     <span class='ocr_line' id='line_1_105' title="bbox 272 5236 1781 5319; baseline -0.009 -16"><span class='ocrx_word' id='word_1_765' title='bbox 272 5248 391 5319; x_wconf 15' lang='lat'><strong>(95),</strong></span> <span class='ocrx_word' id='word_1_766' title='bbox 427 5243 685 5319; x_wconf 70' lang='grc' dir='ltr'>Γροςρῶν.</span> <span class='ocrx_word' id='word_1_767' title='bbox 723 5242 877 5299; x_wconf 87' lang='lat' dir='ltr'><strong>Unus</strong></span> <span class='ocrx_word' id='word_1_768' title='bbox 905 5257 971 5296; x_wconf 81' lang='lat' dir='ltr'><strong>ex</strong></span> <span class='ocrx_word' id='word_1_769' title='bbox 1016 5239 1227 5309; x_wconf 81' lang='lat' dir='ltr'><strong>Regiis,</strong></span> <span class='ocrx_word' id='word_1_770' title='bbox 1273 5236 1493 5302; x_wconf 84' lang='grc' dir='ltr'>σιτίων,</span> <span class='ocrx_word' id='word_1_771' title='bbox 1530 5247 1586 5291; x_wconf 88' lang='lat' dir='ltr'><strong>et</strong></span> <span class='ocrx_word' id='word_1_772' title='bbox 1636 5252 1781 5309; x_wconf 85' lang='lat' dir='ltr'><strong>mox,</strong></span> 
     </span>
    </p>
   </div>
   <div class='ocr_carea' id='block_1_106' title="bbox 196 5317 642 5388">
    <p class='ocr_par' dir='ltr' id='par_1_106' title="bbox 196 5317 642 5388">
     <span class='ocr_line' id='line_1_106' title="bbox 196 5317 642 5388; baseline -0.013 -15"><span class='ocrx_word' id='word_1_773' title='bbox 196 5324 335 5377; x_wconf 83' lang='grc' dir='ltr'>ὅπου</span> <span class='ocrx_word' id='word_1_774' title='bbox 373 5317 642 5388; x_wconf 78' lang='grc' dir='ltr'>βούλεται.</span> 
     </span>
    </p>
   </div>
   <div class='ocr_carea' id='block_1_107' title="bbox 276 5374 1782 5457">
    <p class='ocr_par' dir='ltr' id='par_1_107' title="bbox 276 5374 1782 5457">
     <span class='ocr_line' id='line_1_107' title="bbox 276 5374 1782 5457; baseline -0.008 -16"><span class='ocrx_word' id='word_1_775' title='bbox 276 5374 390 5457; x_wconf 68' lang='grc' dir='ltr'><strong>(9ι)</strong></span> <span class='ocrx_word' id='word_1_776' title='bbox 422 5382 813 5457; x_wconf 66' lang='grc' dir='ltr'>καταϐαλεῖν.</span> <span class='ocrx_word' id='word_1_777' title='bbox 859 5380 994 5457; x_wconf 54' lang='lat' dir='ltr'><strong>Tres</strong></span> <span class='ocrx_word' id='word_1_778' title='bbox 1040 5394 1195 5443; x_wconf 86' lang='lat' dir='ltr'><strong>mss.,</strong></span> <span class='ocrx_word' id='word_1_779' title='bbox 1237 5376 1620 5432; x_wconf 79' lang='grc' dir='ltr'>καταϐάλλειν.</span> <span class='ocrx_word' id='word_1_780' title='bbox 1662 5374 1782 5429; x_wconf 76' lang='lat' dir='ltr'><strong>Mox</strong></span> 
     </span>
    </p>
   </div>
   <div class='ocr_carea' id='block_1_108' title="bbox 888 5450 1786 5586">
    <p class='ocr_par' dir='ltr' id='par_1_108' title="bbox 888 5450 1786 5586">
     <span class='ocr_line' id='line_1_108' title="bbox 888 5450 1786 5586; baseline -0.002 -15"><span class='ocrx_word' id='word_1_781' title='bbox 888 5450 1164 5586; x_wconf 38' lang='lat' dir='ltr'><strong>{Quatuor</strong></span> <span class='ocrx_word' id='word_1_782' title='bbox 1205 5533 1333 5571; x_wconf 86' lang='lat' dir='ltr'><strong>mss.</strong></span> <span class='ocrx_word' id='word_1_783' title='bbox 1376 5531 1500 5571; x_wconf 87' lang='lat' dir='ltr'><strong>emn</strong></span> <span class='ocrx_word' id='word_1_784' title='bbox 1546 5514 1786 5586; x_wconf 72' lang='lat' dir='ltr'><strong>editione</strong></span> 
     </span>
    </p>
   </div>
   <div class='ocr_carea' id='block_1_109' title="bbox 200 5455 809 5523">
    <p class='ocr_par' dir='ltr' id='par_1_109' title="bbox 200 5455 809 5523">
     <span class='ocr_line' id='line_1_109' title="bbox 200 5455 809 5523; baseline -0.018 -9"><span class='ocrx_word' id='word_1_785' title='bbox 200 5476 344 5514; x_wconf 77' lang='lat' dir='ltr'><strong>unus</strong></span> <span class='ocrx_word' id='word_1_786' title='bbox 370 5473 433 5510; x_wconf 86' lang='lat' dir='ltr'><strong>ex</strong></span> <span class='ocrx_word' id='word_1_787' title='bbox 473 5456 676 5523; x_wconf 74' lang='lat' dir='ltr'><strong>Regiis,</strong></span> <span class='ocrx_word' id='word_1_788' title='bbox 704 5455 809 5505; x_wconf 82' lang='grc' dir='ltr'>ὑπο</span> 
     </span>
    </p>
   </div>
   <div class='ocr_carea' id='block_1_110' title="bbox 278 5522 878 5597">
    <p class='ocr_par' dir='ltr' id='par_1_110' title="bbox 278 5522 878 5597">
     <span class='ocr_line' id='line_1_110' title="bbox 278 5522 878 5597; baseline -0.012 -17"><span class='ocrx_word' id='word_1_789' title='bbox 278 5528 393 5597; x_wconf 78' lang='grc'><strong>(95)</strong></span> <span class='ocrx_word' id='word_1_790' title='bbox 424 5522 726 5597; x_wconf 62' lang='lat' dir='ltr'><strong>Ederer</strong></span> <span class='ocrx_word' id='word_1_791' title='bbox 757 5522 878 5597; x_wconf 50' lang='lat' dir='ltr'><strong>eda;</strong></span> 
     </span>
    </p>
   </div>
   <div class='ocr_carea' id='block_1_111' title="bbox 202 5583 1782 5708">
    <p class='ocr_par' dir='ltr' id='par_1_111' title="bbox 202 5583 1782 5708">
     <span class='ocr_line' id='line_1_111' title="bbox 202 5583 1782 5708; baseline -0.008 -57"><span class='ocrx_word' id='word_1_792' title='bbox 202 5583 411 5651; x_wconf 60' lang='lat' dir='ltr'><strong>Veneta</strong></span> <span class='ocrx_word' id='word_1_793' title='bbox 442 5583 703 5660; x_wconf 73' lang='grc' dir='ltr'>σθεναρὸν</span> <span class='ocrx_word' id='word_1_794' title='bbox 727 5592 809 5647; x_wconf 85' lang='grc' dir='ltr'><strong>τό,</strong></span> <span class='ocrx_word' id='word_1_795' title='bbox 832 5583 983 5643; x_wconf 76' lang='lat' dir='ltr'><strong>Alius</strong></span> <span class='ocrx_word' id='word_1_796' title='bbox 1011 5590 1198 5653; x_wconf 85' lang='lat' dir='ltr'><strong>codex,</strong></span> <span class='ocrx_word' id='word_1_797' title='bbox 1228 5586 1488 5708; x_wconf 58' lang='grc' dir='ltr'>σθεναὲὸν</span> <span class='ocrx_word' id='word_1_798' title='bbox 1513 5585 1574 5637; x_wconf 87' lang='grc' dir='ltr'><strong>τὸ</strong></span> <span class='ocrx_word' id='word_1_799' title='bbox 1600 5583 1782 5654; x_wconf 82' lang='grc' dir='ltr'>σῶμα.</span> 
     </span>
     <span class='ocr_line' id='line_1_112' title="bbox 206 5654 1635 5708; baseline 0 0"><span class='ocrx_word' id='word_1_800' title='bbox 206 5668 407 5708; x_wconf 70' lang='grc' dir='ltr'>ιιιίιΙμιιι</span> <span class='ocrx_word' id='word_1_801' title='bbox 456 5680 595 5708; x_wconf 71' lang='lat' dir='ltr'><strong>unus</strong></span> <span class='ocrx_word' id='word_1_802' title='bbox 622 5679 683 5708; x_wconf 74' lang='lat' dir='ltr'><strong>ex</strong></span> <span class='ocrx_word' id='word_1_803' title='bbox 724 5662 922 5708; x_wconf 61' lang='lat' dir='ltr'><strong>Regiis.</strong></span> <span class='ocrx_word' id='word_1_804' title='bbox 972 5657 1369 5708; x_wconf 72' lang='grc' dir='ltr'>ἐπιϐαλλόντων</span> <span class='ocrx_word' id='word_1_805' title='bbox 1436 5654 1635 5708; x_wconf 73' lang='grc' dir='ltr'>οόαων.</span> 
     </span>
    </p>
   </div>
   <div class='ocr_carea' id='block_1_112' title="bbox 204 5654 1635 5731">
    <p class='ocr_par' dir='ltr' id='par_1_112' title="bbox 204 5654 1635 5731">
     <span class='ocr_line' id='line_1_113' title="bbox 204 5654 1635 5731; baseline -0.011 -7"><span class='ocrx_word' id='word_1_806' title='bbox 204 5668 408 5724; x_wconf 74' lang='lat' dir='ltr'><strong>Ibidem</strong></span> <span class='ocrx_word' id='word_1_807' title='bbox 456 5680 595 5717; x_wconf 89' lang='lat' dir='ltr'><strong>unus</strong></span> <span class='ocrx_word' id='word_1_808' title='bbox 612 5654 683 5714; x_wconf 75' lang='lat' dir='ltr'><strong>ex</strong></span> <span class='ocrx_word' id='word_1_809' title='bbox 724 5662 923 5731; x_wconf 72' lang='lat' dir='ltr'><strong>Regiis,</strong></span> <span class='ocrx_word' id='word_1_810' title='bbox 972 5657 1369 5731; x_wconf 74' lang='grc' dir='ltr'>ἐπιϐαλλόντων</span> <span class='ocrx_word' id='word_1_811' title='bbox 1399 5654 1635 5726; x_wconf 84' lang='grc' dir='ltr'>δρόμων.</span> 
     </span>
    </p>
   </div>
   <div class='ocr_carea' id='block_1_113' title="bbox 280 5722 1786 5807">
    <p class='ocr_par' dir='ltr' id='par_1_113' title="bbox 280 5722 1786 5807">
     <span class='ocr_line' id='line_1_114' title="bbox 280 5722 1786 5807; baseline -0.007 -16"><span class='ocrx_word' id='word_1_812' title='bbox 280 5737 393 5807; x_wconf 74' lang='lat'><strong>(9(3)</strong></span> <span class='ocrx_word' id='word_1_813' title='bbox 435 5722 831 5788; x_wconf 59' lang='grc' dir='ltr'><strong>Ἑκὸἁλλωνῖ</strong></span> <span class='ocrx_word' id='word_1_814' title='bbox 853 5722 943 5785; x_wconf 71' lang='lat' dir='ltr'><strong>Sic</strong></span> <span class='ocrx_word' id='word_1_815' title='bbox 988 5728 1094 5783; x_wconf 88' lang='lat' dir='ltr'><strong>duo</strong></span> <span class='ocrx_word' id='word_1_816' title='bbox 1136 5729 1350 5782; x_wconf 80' lang='lat' dir='ltr'><strong>codices</strong></span> <span class='ocrx_word' id='word_1_817' title='bbox 1399 5722 1552 5791; x_wconf 64' lang='lat' dir='ltr'><strong>mss},</strong></span> <span class='ocrx_word' id='word_1_818' title='bbox 1593 5722 1786 5781; x_wconf 86' lang='lat' dir='ltr'><strong>melius</strong></span> 
     </span>
    </p>
   </div>
   <div class='ocr_carea' id='block_1_114' title="bbox 1891 5231 3468 5303">
    <p class='ocr_par' dir='ltr' id='par_1_114' title="bbox 1891 5231 3468 5303">
     <span class='ocr_line' id='line_1_115' title="bbox 1891 5231 3468 5303; baseline -0.002 -13"><span class='ocrx_word' id='word_1_819' title='bbox 1891 5251 2051 5302; x_wconf 86' lang='lat' dir='ltr'><strong>quam</strong></span> <span class='ocrx_word' id='word_1_820' title='bbox 2083 5235 2233 5303; x_wconf 88' lang='lat' dir='ltr'><strong>editi,</strong></span> <span class='ocrx_word' id='word_1_821' title='bbox 2267 5234 2533 5290; x_wconf 83' lang='grc' dir='ltr'>ἐκϐαλών.</span> <span class='ocrx_word' id='word_1_822' title='bbox 2581 5235 2789 5290; x_wconf 81' lang='lat' dir='ltr'><strong>[labent</strong></span> <span class='ocrx_word' id='word_1_823' title='bbox 2837 5236 2996 5291; x_wconf 89' lang='lat' dir='ltr'><strong>iidem</strong></span> <span class='ocrx_word' id='word_1_824' title='bbox 3037 5235 3270 5298; x_wconf 72' lang='lat' dir='ltr'><strong>codices,</strong></span> <span class='ocrx_word' id='word_1_825' title='bbox 3300 5231 3468 5289; x_wconf 75' lang='grc' dir='ltr'>αὑτοῦ</span> 
     </span>
    </p>
   </div>
   <div class='ocr_carea' id='block_1_115' title="bbox 1890 5306 2451 5377">
    <p class='ocr_par' dir='ltr' id='par_1_115' title="bbox 1890 5306 2451 5377">
     <span class='ocr_line' id='line_1_116' title="bbox 1890 5306 2451 5377; baseline -0.004 -18"><span class='ocrx_word' id='word_1_826' title='bbox 1890 5306 2217 5377; x_wconf 83' lang='grc' dir='ltr'>ἐπιστήμης.</span> <span class='ocrx_word' id='word_1_827' title='bbox 2307 5370 2334 5377; x_wconf 76' lang='lat'><strong><em>_</em></strong></span> <span class='ocrx_word' id='word_1_828' title='bbox 2442 5324 2451 5329; x_wconf 89' lang='grc'><strong>·</strong></span> 
     </span>
    </p>
   </div>
   <div class='ocr_carea' id='block_1_116' title="bbox 1984 5370 3374 5444">
    <p class='ocr_par' dir='ltr' id='par_1_116' title="bbox 1984 5370 3374 5444">
     <span class='ocr_line' id='line_1_117' title="bbox 1984 5370 3374 5444; baseline -0.002 -15"><span class='ocrx_word' id='word_1_829' title='bbox 1984 5370 2234 5443; x_wconf 72' lang='grc' dir='ltr'><strong>97)”Τὴν</strong></span> <span class='ocrx_word' id='word_1_830' title='bbox 2263 5370 2477 5430; x_wconf 80' lang='grc' dir='ltr'>οὖσαν.</span> <span class='ocrx_word' id='word_1_831' title='bbox 2521 5374 2670 5429; x_wconf 79' lang='lat' dir='ltr'><strong>Unus</strong></span> <span class='ocrx_word' id='word_1_832' title='bbox 2697 5391 2760 5429; x_wconf 79' lang='lat' dir='ltr'><strong>ex</strong></span> <span class='ocrx_word' id='word_1_833' title='bbox 2793 5373 2995 5441; x_wconf 73' lang='lat' dir='ltr'><strong>Regiis,</strong></span> <span class='ocrx_word' id='word_1_834' title='bbox 3024 5374 3121 5444; x_wconf 74' lang='grc' dir='ltr'><strong>τὴν</strong></span> <span class='ocrx_word' id='word_1_835' title='bbox 3150 5373 3374 5427; x_wconf 78' lang='grc' dir='ltr'>ἐνοῦσαν</span> 
     </span>
    </p>
   </div>
   <div class='ocr_carea' id='block_1_117' title="bbox 1987 5444 3469 5515">
    <p class='ocr_par' dir='ltr' id='par_1_117' title="bbox 1987 5444 3469 5515">
     <span class='ocr_line' id='line_1_118' title="bbox 1987 5444 3469 5515; baseline -0.003 -15"><span class='ocrx_word' id='word_1_836' title='bbox 1987 5446 2077 5515; x_wconf 81' lang='grc'><strong>98)</strong></span> <span class='ocrx_word' id='word_1_837' title='bbox 2110 5445 2257 5510; x_wconf 71' lang='lat' dir='ltr'><strong>I&#39;q&#39;)...</strong></span> <span class='ocrx_word' id='word_1_838' title='bbox 2286 5447 2463 5514; x_wconf 72' lang='grc' dir='ltr'>λόγῳ.</span> <span class='ocrx_word' id='word_1_839' title='bbox 2491 5446 2631 5498; x_wconf 84' lang='lat' dir='ltr'><strong>Idem</strong></span> <span class='ocrx_word' id='word_1_840' title='bbox 2659 5449 2824 5497; x_wconf 82' lang='lat' dir='ltr'><strong>codex</strong></span> <span class='ocrx_word' id='word_1_841' title='bbox 2848 5444 3009 5497; x_wconf 85' lang='grc' dir='ltr'>τοῦ...</span> <span class='ocrx_word' id='word_1_842' title='bbox 3036 5444 3218 5511; x_wconf 82' lang='grc' dir='ltr'>λόγου,</span> <span class='ocrx_word' id='word_1_843' title='bbox 3254 5461 3370 5496; x_wconf 82' lang='lat' dir='ltr'><strong>cum</strong></span> <span class='ocrx_word' id='word_1_844' title='bbox 3401 5445 3469 5497; x_wconf 77' lang='lat' dir='ltr'><strong>la-</strong></span> 
     </span>
    </p>
   </div>
   <div class='ocr_carea' id='block_1_118' title="bbox 1893 5514 3111 5579">
    <p class='ocr_par' dir='ltr' id='par_1_118' title="bbox 1893 5514 3111 5579">
     <span class='ocr_line' id='line_1_119' title="bbox 1893 5514 3111 5579; baseline -0.002 -9"><span class='ocrx_word' id='word_1_845' title='bbox 1893 5514 2053 5570; x_wconf 67' lang='lat' dir='ltr'><strong>nitate</strong></span> <span class='ocrx_word' id='word_1_846' title='bbox 2085 5516 2257 5567; x_wconf 75' lang='lat' dir='ltr'><strong>insita:</strong></span> <span class='ocrx_word' id='word_1_847' title='bbox 2299 5522 2445 5567; x_wconf 76' lang='lat' dir='ltr'><strong>nobis</strong></span> <span class='ocrx_word' id='word_1_848' title='bbox 2478 5514 2696 5566; x_wconf 79' lang='lat' dir='ltr'><strong>rationis</strong></span> <span class='ocrx_word' id='word_1_849' title='bbox 2725 5515 3111 5579; x_wconf 78' lang='lat' dir='ltr'><strong>permiscentes.</strong></span> 
     </span>
    </p>
   </div>
   <div class='ocr_carea' id='block_1_119' title="bbox 1965 5583 3463 5657">
    <p class='ocr_par' dir='ltr' id='par_1_119' title="bbox 1965 5583 3463 5657">
     <span class='ocr_line' id='line_1_120' title="bbox 1965 5583 3463 5657; baseline 0.001 -19"><span class='ocrx_word' id='word_1_850' title='bbox 1965 5584 2078 5657; x_wconf 82' lang='grc'><strong>(99)</strong></span> <span class='ocrx_word' id='word_1_851' title='bbox 2096 5583 2797 5657; x_wconf 49' lang='grc' dir='ltr'>Ἐπξισάξωμεπβούίςεε</span> <span class='ocrx_word' id='word_1_852' title='bbox 2812 5584 3463 5657; x_wconf 40' lang='grc' dir='ltr'>ιιοιηιιιΙΙίζέπεισάξομεκλε</span> 
     </span>
    </p>
   </div>
   <div class='ocr_carea' id='block_1_120' title="bbox 1964 5652 3149 5725">
    <p class='ocr_par' dir='ltr' id='par_1_120' title="bbox 1964 5652 3149 5725">
     <span class='ocr_line' id='line_1_121' title="bbox 1964 5652 3149 5725; baseline 0.004 -18"><span class='ocrx_word' id='word_1_853' title='bbox 1964 5652 2041 5725; x_wconf 65' lang='grc' dir='ltr'><strong>(ιι)</strong></span> <span class='ocrx_word' id='word_1_854' title='bbox 2076 5652 2301 5722; x_wconf 66' lang='grc' dir='ltr'>Σορῶς.</span> <span class='ocrx_word' id='word_1_855' title='bbox 2346 5653 2596 5708; x_wconf 74' lang='lat' dir='ltr'><strong>Nonnulli</strong></span> <span class='ocrx_word' id='word_1_856' title='bbox 2626 5653 2859 5719; x_wconf 84' lang='lat' dir='ltr'><strong>codices,</strong></span> <span class='ocrx_word' id='word_1_857' title='bbox 2892 5653 3149 5718; x_wconf 83' lang='grc' dir='ltr'>συνετῶς.</span> 
     </span>
    </p>
   </div>
  </div>
