  <div class='ocr_page' id='page_1' title='image "/cluster/home/n/w/nwhite01/storage/ocr_20150623/30/nnc1.0046978810/365.png"; bbox 0 0 3802 6216; ppageno 0'>
   <div class='ocr_carea' id='block_1_1' title="bbox 356 307 462 364">
    <p class='ocr_par' dir='ltr' id='par_1_1' title="bbox 356 307 462 364">
     <span class='ocr_line' id='line_1_1' title="bbox 356 307 462 364; baseline -0.038 -1"><span class='ocrx_word' id='word_1_1' title='bbox 356 307 462 364; x_wconf 70' lang='lat'><strong>687</strong></span> 
     </span>
    </p>
   </div>
   <div class='ocr_carea' id='block_1_2' title="bbox 1309 274 2638 346">
    <p class='ocr_par' dir='ltr' id='par_1_2' title="bbox 1309 274 2638 346">
     <span class='ocr_line' id='line_1_2' title="bbox 1309 274 2638 346; baseline -0.011 0"><span class='ocrx_word' id='word_1_2' title='bbox 1309 287 1652 346; x_wconf 77' lang='lat' dir='ltr'><strong>APPENDIX</strong></span> <span class='ocrx_word' id='word_1_3' title='bbox 1691 285 1976 344; x_wconf 80' lang='lat' dir='ltr'><strong>OPERUM</strong></span> <span class='ocrx_word' id='word_1_4' title='bbox 2017 283 2076 340; x_wconf 87' lang='lat' dir='ltr'><strong>S.</strong></span> <span class='ocrx_word' id='word_1_5' title='bbox 2119 278 2360 338; x_wconf 70' lang='lat' dir='ltr'><strong>BASlLll</strong></span> <span class='ocrx_word' id='word_1_6' title='bbox 2402 274 2638 333; x_wconf 78' lang='lat' dir='ltr'><strong>MAGNL</strong></span> 
     </span>
    </p>
   </div>
   <div class='ocr_carea' id='block_1_3' title="bbox 360 383 1936 484">
    <p class='ocr_par' dir='ltr' id='par_1_3' title="bbox 360 407 1929 484">
     <span class='ocr_line' id='line_1_3' title="bbox 360 407 1929 484; baseline -0.014 -3"><span class='ocrx_word' id='word_1_7' title='bbox 360 423 632 481; x_wconf 74' lang='lat' dir='ltr'><strong>studiosos</strong></span> <span class='ocrx_word' id='word_1_8' title='bbox 669 417 924 480; x_wconf 80' lang='lat' dir='ltr'><strong>vidimus,</strong></span> <span class='ocrx_word' id='word_1_9' title='bbox 971 413 1062 484; x_wconf 88' lang='lat' dir='ltr'><strong>qui</strong></span> <span class='ocrx_word' id='word_1_10' title='bbox 1103 411 1174 467; x_wconf 94' lang='lat' dir='ltr'><strong>ob</strong></span> <span class='ocrx_word' id='word_1_11' title='bbox 1215 425 1483 465; x_wconf 82' lang='lat' dir='ltr'><strong>summam</strong></span> <span class='ocrx_word' id='word_1_12' title='bbox 1549 407 1929 464; x_wconf 73' lang='lat' dir='ltr'><strong>abstinentiam</strong></span> 
     </span>
    </p>
   </div>
   <div class='ocr_carea' id='block_1_4' title="bbox 2064 383 3606 484">
    <p class='ocr_par' dir='ltr' id='par_1_4' title="bbox 2064 383 3606 472">
     <span class='ocr_line' id='line_1_4' title="bbox 2064 383 3606 472; baseline -0.012 -16"><span class='ocrx_word' id='word_1_13' title='bbox 2064 399 2398 472; x_wconf 87' lang='grc' dir='ltr'>θεασάμεθα,</span> <span class='ocrx_word' id='word_1_14' title='bbox 2455 398 2522 450; x_wconf 85' lang='grc' dir='ltr'>δι’</span> <span class='ocrx_word' id='word_1_15' title='bbox 2580 391 2880 465; x_wconf 79' lang='grc' dir='ltr'>ὑπερϐολὴν</span> <span class='ocrx_word' id='word_1_16' title='bbox 2941 386 3284 460; x_wconf 76' lang='grc' dir='ltr'>ἐγκρατείας,</span> <span class='ocrx_word' id='word_1_17' title='bbox 3320 385 3470 440; x_wconf 82' lang='grc' dir='ltr'>ἄπαν</span> <span class='ocrx_word' id='word_1_18' title='bbox 3511 383 3606 456; x_wconf 69' lang='grc' dir='ltr'>μὲν</span> 
     </span>
    </p>
   </div>
   <div class='ocr_carea' id='block_1_5' title="bbox 358 500 1933 580">
    <p class='ocr_par' dir='ltr' id='par_1_5' title="bbox 358 500 1933 580">
     <span class='ocr_line' id='line_1_5' title="bbox 358 500 1933 580; baseline -0.012 -11"><span class='ocrx_word' id='word_1_19' title='bbox 358 515 540 570; x_wconf 85' lang='lat' dir='ltr'><strong>omnia</strong></span> <span class='ocrx_word' id='word_1_20' title='bbox 571 509 788 580; x_wconf 89' lang='lat' dir='ltr'><strong>quidem</strong></span> <span class='ocrx_word' id='word_1_21' title='bbox 831 506 1120 576; x_wconf 86' lang='lat' dir='ltr'><strong>rejicerent</strong></span> <span class='ocrx_word' id='word_1_22' title='bbox 1142 501 1438 572; x_wconf 90' lang='lat' dir='ltr'><strong>pulmenta,</strong></span> <span class='ocrx_word' id='word_1_23' title='bbox 1459 500 1592 556; x_wconf 90' lang='lat' dir='ltr'><strong>solis</strong></span> <span class='ocrx_word' id='word_1_24' title='bbox 1609 506 1786 554; x_wconf 88' lang='lat' dir='ltr'><strong>autem</strong></span> <span class='ocrx_word' id='word_1_25' title='bbox 1811 511 1933 552; x_wconf 86' lang='lat' dir='ltr'><strong>cum</strong></span> 
     </span>
    </p>
   </div>
   <div class='ocr_carea' id='block_1_6' title="bbox 358 590 1938 679">
    <p class='ocr_par' dir='ltr' id='par_1_6' title="bbox 358 590 1938 679">
     <span class='ocr_line' id='line_1_6' title="bbox 358 590 1938 679; baseline -0.01 -17"><span class='ocrx_word' id='word_1_26' title='bbox 358 622 499 679; x_wconf 90' lang='lat' dir='ltr'><strong>pane</strong></span> <span class='ocrx_word' id='word_1_27' title='bbox 534 603 739 660; x_wconf 90' lang='lat' dir='ltr'><strong>salibus</strong></span> <span class='ocrx_word' id='word_1_28' title='bbox 763 615 862 670; x_wconf 92' lang='lat' dir='ltr'><strong>pro</strong></span> <span class='ocrx_word' id='word_1_29' title='bbox 895 600 1045 654; x_wconf 92' lang='lat' dir='ltr'><strong>omni</strong></span> <span class='ocrx_word' id='word_1_30' title='bbox 1098 604 1382 652; x_wconf 91' lang='lat' dir='ltr'><strong>uterentur</strong></span> <span class='ocrx_word' id='word_1_31' title='bbox 1437 594 1803 648; x_wconf 77' lang='lat' dir='ltr'><strong>condimento.</strong></span> <span class='ocrx_word' id='word_1_32' title='bbox 1838 590 1938 646; x_wconf 87' lang='lat' dir='ltr'><strong>Ne-</strong></span> 
     </span>
    </p>
   </div>
   <div class='ocr_carea' id='block_1_7' title="bbox 359 681 1928 766">
    <p class='ocr_par' dir='ltr' id='par_1_7' title="bbox 359 681 1928 766">
     <span class='ocr_line' id='line_1_7' title="bbox 359 681 1928 766; baseline -0.009 -17"><span class='ocrx_word' id='word_1_33' title='bbox 359 710 464 766; x_wconf 89' lang='lat' dir='ltr'><strong>que</strong></span> <span class='ocrx_word' id='word_1_34' title='bbox 500 693 551 746; x_wconf 91' lang='lat' dir='ltr'><strong>hi</strong></span> <span class='ocrx_word' id='word_1_35' title='bbox 588 691 844 746; x_wconf 86' lang='lat' dir='ltr'><strong>nimirum</strong></span> <span class='ocrx_word' id='word_1_36' title='bbox 899 687 1207 756; x_wconf 84' lang='lat' dir='ltr'><strong>intelligunt</strong></span> <span class='ocrx_word' id='word_1_37' title='bbox 1236 686 1400 752; x_wconf 86' lang='lat' dir='ltr'><strong>sales,</strong></span> <span class='ocrx_word' id='word_1_38' title='bbox 1439 699 1558 738; x_wconf 86' lang='lat' dir='ltr'><strong>cum</strong></span> <span class='ocrx_word' id='word_1_39' title='bbox 1600 692 1795 737; x_wconf 89' lang='lat' dir='ltr'><strong>natura</strong></span> <span class='ocrx_word' id='word_1_40' title='bbox 1841 681 1928 735; x_wconf 62' lang='lat' dir='ltr'><strong>fe-</strong></span> 
     </span>
    </p>
   </div>
   <div class='ocr_carea' id='block_1_8' title="bbox 359 774 1934 848">
    <p class='ocr_par' dir='ltr' id='par_1_8' title="bbox 359 774 1934 848">
     <span class='ocr_line' id='line_1_8' title="bbox 359 774 1934 848; baseline -0.01 -6"><span class='ocrx_word' id='word_1_41' title='bbox 359 785 520 842; x_wconf 84' lang='lat' dir='ltr'><strong>eundi</strong></span> <span class='ocrx_word' id='word_1_42' title='bbox 549 783 681 848; x_wconf 85' lang='lat' dir='ltr'><strong>sint,</strong></span> <span class='ocrx_word' id='word_1_43' title='bbox 713 789 769 834; x_wconf 93' lang='lat' dir='ltr'><strong>et</strong></span> <span class='ocrx_word' id='word_1_44' title='bbox 791 779 1037 848; x_wconf 90' lang='lat' dir='ltr'><strong>pruritus</strong></span> <span class='ocrx_word' id='word_1_45' title='bbox 1067 777 1283 848; x_wconf 88' lang='lat' dir='ltr'><strong>corpori</strong></span> <span class='ocrx_word' id='word_1_46' title='bbox 1337 777 1570 845; x_wconf 82' lang='lat' dir='ltr'><strong>pariant,</strong></span> <span class='ocrx_word' id='word_1_47' title='bbox 1623 774 1741 842; x_wconf 92' lang='lat' dir='ltr'><strong>plus</strong></span> <span class='ocrx_word' id='word_1_48' title='bbox 1775 780 1934 827; x_wconf 76' lang='lat' dir='ltr'><strong>caete-</strong></span> 
     </span>
    </p>
   </div>
   <div class='ocr_carea' id='block_1_9' title="bbox 358 865 1932 941">
    <p class='ocr_par' dir='ltr' id='par_1_9' title="bbox 358 865 1932 941">
     <span class='ocr_line' id='line_1_9' title="bbox 358 865 1932 941; baseline -0.009 -7"><span class='ocrx_word' id='word_1_49' title='bbox 358 879 436 934; x_wconf 78' lang='lat' dir='ltr'><strong>ris</strong></span> <span class='ocrx_word' id='word_1_50' title='bbox 460 879 526 931; x_wconf 90' lang='lat' dir='ltr'><strong>ad</strong></span> <span class='ocrx_word' id='word_1_51' title='bbox 560 873 842 930; x_wconf 91' lang='lat' dir='ltr'><strong>libidinem</strong></span> <span class='ocrx_word' id='word_1_52' title='bbox 876 885 1102 941; x_wconf 85' lang='lat' dir='ltr'><strong>corpora</strong></span> <span class='ocrx_word' id='word_1_53' title='bbox 1157 870 1394 924; x_wconf 87' lang='lat' dir='ltr'><strong>irritare.</strong></span> <span class='ocrx_word' id='word_1_54' title='bbox 1447 868 1599 935; x_wconf 87' lang='lat' dir='ltr'><strong>Quod</strong></span> <span class='ocrx_word' id='word_1_55' title='bbox 1639 868 1684 922; x_wconf 93' lang='lat' dir='ltr'><strong>si</strong></span> <span class='ocrx_word' id='word_1_56' title='bbox 1741 867 1794 920; x_wconf 93' lang='lat' dir='ltr'><strong>in</strong></span> <span class='ocrx_word' id='word_1_57' title='bbox 1846 865 1932 920; x_wconf 89' lang='lat' dir='ltr'><strong>his</strong></span> 
     </span>
    </p>
   </div>
   <div class='ocr_carea' id='block_1_10' title="bbox 359 962 1934 1034">
    <p class='ocr_par' dir='ltr' id='par_1_10' title="bbox 359 962 1934 1034">
     <span class='ocr_line' id='line_1_10' title="bbox 359 962 1934 1034; baseline -0.01 -7"><span class='ocrx_word' id='word_1_58' title='bbox 359 969 638 1028; x_wconf 86' lang='lat' dir='ltr'><strong>sumendis</strong></span> <span class='ocrx_word' id='word_1_59' title='bbox 663 967 826 1021; x_wconf 86' lang='lat' dir='ltr'><strong>debet</strong></span> <span class='ocrx_word' id='word_1_60' title='bbox 857 965 1136 1034; x_wconf 87' lang='lat' dir='ltr'><strong>sapienter</strong></span> <span class='ocrx_word' id='word_1_61' title='bbox 1163 962 1231 1018; x_wconf 89' lang='lat' dir='ltr'><strong>ad</strong></span> <span class='ocrx_word' id='word_1_62' title='bbox 1263 962 1602 1032; x_wconf 86' lang='lat' dir='ltr'><strong>propositum</strong></span> <span class='ocrx_word' id='word_1_63' title='bbox 1656 973 1813 1014; x_wconf 92' lang='lat' dir='ltr'><strong>usum</strong></span> <span class='ocrx_word' id='word_1_64' title='bbox 1839 974 1934 1012; x_wconf 89' lang='lat' dir='ltr'><strong>au-</strong></span> 
     </span>
    </p>
   </div>
   <div class='ocr_carea' id='block_1_11' title="bbox 359 1051 1930 1136">
    <p class='ocr_par' dir='ltr' id='par_1_11' title="bbox 359 1051 1930 1136">
     <span class='ocr_line' id='line_1_11' title="bbox 359 1051 1930 1136; baseline -0.011 -15"><span class='ocrx_word' id='word_1_65' title='bbox 359 1067 472 1136; x_wconf 89' lang='lat' dir='ltr'><strong>riga</strong></span> <span class='ocrx_word' id='word_1_66' title='bbox 506 1060 735 1126; x_wconf 89' lang='lat' dir='ltr'><strong>versari,</strong></span> <span class='ocrx_word' id='word_1_67' title='bbox 773 1058 943 1114; x_wconf 89' lang='lat' dir='ltr'><strong>multo</strong></span> <span class='ocrx_word' id='word_1_68' title='bbox 1009 1056 1182 1128; x_wconf 84' lang='lat' dir='ltr'><strong>magis</strong></span> <span class='ocrx_word' id='word_1_69' title='bbox 1235 1057 1286 1110; x_wconf 89' lang='lat' dir='ltr'><strong>in</strong></span> <span class='ocrx_word' id='word_1_70' title='bbox 1324 1055 1580 1109; x_wconf 86' lang='lat' dir='ltr'><strong>arborum</strong></span> <span class='ocrx_word' id='word_1_71' title='bbox 1643 1051 1930 1113; x_wconf 81' lang='lat' dir='ltr'><strong>fructibus,</strong></span> 
     </span>
    </p>
   </div>
   <div class='ocr_carea' id='block_1_12' title="bbox 359 1142 1936 1230">
    <p class='ocr_par' dir='ltr' id='par_1_12' title="bbox 359 1142 1936 1230">
     <span class='ocr_line' id='line_1_12' title="bbox 359 1142 1936 1230; baseline -0.014 -18"><span class='ocrx_word' id='word_1_72' title='bbox 359 1156 682 1230; x_wconf 81' lang='lat' dir='ltr'><strong>qualitatum</strong></span> <span class='ocrx_word' id='word_1_73' title='bbox 716 1165 840 1204; x_wconf 89' lang='lat' dir='ltr'><strong>cum</strong></span> <span class='ocrx_word' id='word_1_74' title='bbox 877 1149 944 1202; x_wconf 89' lang='lat' dir='ltr'><strong>iis</strong></span> <span class='ocrx_word' id='word_1_75' title='bbox 971 1161 1092 1216; x_wconf 77' lang='lat' dir='ltr'><strong>qum</strong></span> <span class='ocrx_word' id='word_1_76' title='bbox 1141 1143 1424 1200; x_wconf 86' lang='lat' dir='ltr'><strong>manifeste</strong></span> <span class='ocrx_word' id='word_1_77' title='bbox 1466 1142 1628 1196; x_wconf 84' lang='lat' dir='ltr'><strong>noxia</strong></span> <span class='ocrx_word' id='word_1_78' title='bbox 1661 1149 1807 1204; x_wconf 89' lang='lat' dir='ltr'><strong>sunt,</strong></span> <span class='ocrx_word' id='word_1_79' title='bbox 1850 1153 1936 1191; x_wconf 88' lang='lat' dir='ltr'><strong>co-</strong></span> 
     </span>
    </p>
   </div>
   <div class='ocr_carea' id='block_1_13' title="bbox 359 1233 1934 1321">
    <p class='ocr_par' dir='ltr' id='par_1_13' title="bbox 359 1233 1934 1321">
     <span class='ocr_line' id='line_1_13' title="bbox 359 1233 1934 1321; baseline -0.015 -16"><span class='ocrx_word' id='word_1_80' title='bbox 359 1248 670 1321; x_wconf 82' lang='lat' dir='ltr'><strong>gnationem</strong></span> <span class='ocrx_word' id='word_1_81' title='bbox 698 1241 950 1298; x_wconf 86' lang='lat' dir='ltr'><strong>convenit</strong></span> <span class='ocrx_word' id='word_1_82' title='bbox 971 1239 1284 1293; x_wconf 86' lang='lat' dir='ltr'><strong>discernere</strong></span> <span class='ocrx_word' id='word_1_83' title='bbox 1324 1255 1338 1291; x_wconf 93' lang='lat'><strong>:</strong></span> <span class='ocrx_word' id='word_1_84' title='bbox 1374 1236 1446 1290; x_wconf 91' lang='lat' dir='ltr'><strong>ita</strong></span> <span class='ocrx_word' id='word_1_85' title='bbox 1493 1245 1551 1289; x_wconf 92' lang='lat' dir='ltr'><strong>ut</strong></span> <span class='ocrx_word' id='word_1_86' title='bbox 1608 1233 1807 1301; x_wconf 87' lang='lat' dir='ltr'><strong>ubique</strong></span> <span class='ocrx_word' id='word_1_87' title='bbox 1847 1244 1934 1284; x_wconf 89' lang='lat' dir='ltr'><strong>so-</strong></span> 
     </span>
    </p>
   </div>
   <div class='ocr_carea' id='block_1_14' title="bbox 360 1323 1935 1401">
    <p class='ocr_par' dir='ltr' id='par_1_14' title="bbox 360 1323 1935 1401">
     <span class='ocr_line' id='line_1_14' title="bbox 360 1323 1935 1401; baseline -0.017 0"><span class='ocrx_word' id='word_1_88' title='bbox 360 1345 471 1401; x_wconf 85' lang='lat' dir='ltr'><strong>lum</strong></span> <span class='ocrx_word' id='word_1_89' title='bbox 505 1340 572 1395; x_wconf 88' lang='lat' dir='ltr'><strong>ad</strong></span> <span class='ocrx_word' id='word_1_90' title='bbox 605 1339 773 1393; x_wconf 91' lang='lat' dir='ltr'><strong>vitam</strong></span> <span class='ocrx_word' id='word_1_91' title='bbox 807 1335 1171 1390; x_wconf 91' lang='lat' dir='ltr'><strong>necessarium</strong></span> <span class='ocrx_word' id='word_1_92' title='bbox 1207 1332 1386 1385; x_wconf 89' lang='lat' dir='ltr'><strong>cibum</strong></span> <span class='ocrx_word' id='word_1_93' title='bbox 1440 1327 1734 1397; x_wconf 82' lang='lat' dir='ltr'><strong>prudenter</strong></span> <span class='ocrx_word' id='word_1_94' title='bbox 1779 1323 1935 1376; x_wconf 78' lang='lat' dir='ltr'><strong>adiri-</strong></span> 
     </span>
    </p>
   </div>
   <div class='ocr_carea' id='block_1_15' title="bbox 247 1416 1936 1502">
    <p class='ocr_par' dir='ltr' id='par_1_15' title="bbox 247 1416 1936 1502">
     <span class='ocr_line' id='line_1_15' title="bbox 247 1416 1936 1502; baseline -0.02 -2"><span class='ocrx_word' id='word_1_95' title='bbox 247 1429 252 1434; x_wconf 43' lang='grc'><strong><em>⁷</em></strong></span> <span class='ocrx_word' id='word_1_96' title='bbox 356 1441 605 1502; x_wconf 88' lang='lat' dir='ltr'><strong>beamus,</strong></span> <span class='ocrx_word' id='word_1_97' title='bbox 645 1429 998 1487; x_wconf 89' lang='lat' dir='ltr'><strong>obsoniorum</strong></span> <span class='ocrx_word' id='word_1_98' title='bbox 1025 1435 1203 1480; x_wconf 89' lang='lat' dir='ltr'><strong>autem</strong></span> <span class='ocrx_word' id='word_1_99' title='bbox 1228 1422 1551 1491; x_wconf 79' lang='lat' dir='ltr'><strong>exquisitam</strong></span> <span class='ocrx_word' id='word_1_100' title='bbox 1587 1419 1653 1472; x_wconf 89' lang='lat' dir='ltr'><strong>ad</strong></span> <span class='ocrx_word' id='word_1_101' title='bbox 1691 1416 1936 1483; x_wconf 91' lang='lat' dir='ltr'><strong>volupta-</strong></span> 
     </span>
    </p>
   </div>
   <div class='ocr_carea' id='block_1_16' title="bbox 358 1505 1934 1585">
    <p class='ocr_par' dir='ltr' id='par_1_16' title="bbox 358 1505 1934 1585">
     <span class='ocr_line' id='line_1_16' title="bbox 358 1505 1934 1585; baseline -0.015 -2"><span class='ocrx_word' id='word_1_102' title='bbox 358 1531 431 1585; x_wconf 86' lang='lat' dir='ltr'><strong>tis</strong></span> <span class='ocrx_word' id='word_1_103' title='bbox 463 1527 755 1584; x_wconf 85' lang='lat' dir='ltr'><strong>illecebras</strong></span> <span class='ocrx_word' id='word_1_104' title='bbox 785 1522 1110 1578; x_wconf 79' lang='lat' dir='ltr'><strong>suavitatem</strong></span> <span class='ocrx_word' id='word_1_105' title='bbox 1141 1513 1507 1585; x_wconf 86' lang='lat' dir='ltr'><strong>repudiemus.</strong></span> <span class='ocrx_word' id='word_1_106' title='bbox 1536 1507 1670 1563; x_wconf 87' lang='lat' dir='ltr'><strong>Nam</strong></span> <span class='ocrx_word' id='word_1_107' title='bbox 1703 1507 1746 1561; x_wconf 93' lang='lat' dir='ltr'><strong>si</strong></span> <span class='ocrx_word' id='word_1_108' title='bbox 1779 1505 1934 1576; x_wconf 89' lang='lat' dir='ltr'><strong>panis</strong></span> 
     </span>
    </p>
   </div>
   <div class='ocr_carea' id='block_1_17' title="bbox 357 1600 1935 1679">
    <p class='ocr_par' dir='ltr' id='par_1_17' title="bbox 357 1600 1935 1679">
     <span class='ocr_line' id='line_1_17' title="bbox 357 1600 1935 1679; baseline -0.018 0"><span class='ocrx_word' id='word_1_109' title='bbox 357 1638 453 1679; x_wconf 91' lang='lat' dir='ltr'><strong>cor</strong></span> <span class='ocrx_word' id='word_1_110' title='bbox 485 1618 720 1676; x_wconf 90' lang='lat' dir='ltr'><strong>hominis</strong></span> <span class='ocrx_word' id='word_1_111' title='bbox 750 1614 1041 1671; x_wconf 84' lang='lat' dir='ltr'><strong>conﬁrmat</strong></span> <span class='ocrx_word' id='word_1_112' title='bbox 1060 1610 1130 1676; x_wconf 69' lang='lat'><strong>‘9,</strong></span> <span class='ocrx_word' id='word_1_113' title='bbox 1168 1623 1273 1661; x_wconf 91' lang='lat' dir='ltr'><strong>non</strong></span> <span class='ocrx_word' id='word_1_114' title='bbox 1298 1612 1511 1673; x_wconf 82' lang='lat' dir='ltr'><strong>Oportet</strong></span> <span class='ocrx_word' id='word_1_115' title='bbox 1534 1600 1807 1671; x_wconf 83' lang='lat' dir='ltr'><strong>copiosius</strong></span> <span class='ocrx_word' id='word_1_116' title='bbox 1837 1612 1935 1651; x_wconf 87' lang='lat' dir='ltr'><strong>ne-</strong></span> 
     </span>
    </p>
   </div>
   <div class='ocr_carea' id='block_1_18' title="bbox 357 1691 1926 1772">
    <p class='ocr_par' dir='ltr' id='par_1_18' title="bbox 357 1691 1926 1772">
     <span class='ocr_line' id='line_1_18' title="bbox 357 1691 1926 1772; baseline -0.02 0"><span class='ocrx_word' id='word_1_117' title='bbox 357 1714 600 1772; x_wconf 83' lang='lat' dir='ltr'><strong>cessario</strong></span> <span class='ocrx_word' id='word_1_118' title='bbox 634 1711 757 1767; x_wconf 89' lang='lat' dir='ltr'><strong>cibo</strong></span> <span class='ocrx_word' id='word_1_119' title='bbox 783 1707 1070 1764; x_wconf 88' lang='lat' dir='ltr'><strong>obsonium</strong></span> <span class='ocrx_word' id='word_1_120' title='bbox 1110 1700 1388 1756; x_wconf 86' lang='lat' dir='ltr'><strong>adhibere.</strong></span> <span class='ocrx_word' id='word_1_121' title='bbox 1410 1695 1546 1748; x_wconf 87' lang='lat' dir='ltr'><strong>Nam</strong></span> <span class='ocrx_word' id='word_1_122' title='bbox 1578 1707 1677 1748; x_wconf 91' lang='lat' dir='ltr'><strong>nec</strong></span> <span class='ocrx_word' id='word_1_123' title='bbox 1709 1691 1926 1756; x_wconf 87' lang='lat' dir='ltr'><strong>salium,</strong></span> 
     </span>
    </p>
   </div>
   <div class='ocr_carea' id='block_1_19' title="bbox 2037 476 3608 565">
    <p class='ocr_par' dir='ltr' id='par_1_19' title="bbox 2037 476 3608 565">
     <span class='ocr_line' id='line_1_19' title="bbox 2037 476 3608 565; baseline -0.011 -17"><span class='ocrx_word' id='word_1_124' title='bbox 2037 492 2467 565; x_wconf 80' lang='grc' dir='ltr'><strong>παρωσαμένους</strong></span> <span class='ocrx_word' id='word_1_125' title='bbox 2497 485 2742 560; x_wconf 70' lang='grc' dir='ltr'>προσέφη</span> <span class='ocrx_word' id='word_1_126' title='bbox 2751 500 2847 554; x_wconf 86' lang='grc' dir='ltr'><strong>μα,</strong></span> <span class='ocrx_word' id='word_1_127' title='bbox 2894 480 3084 552; x_wconf 85' lang='grc' dir='ltr'><strong>μόνους</strong></span> <span class='ocrx_word' id='word_1_128' title='bbox 3121 480 3177 533; x_wconf 83' lang='grc' dir='ltr'>δὲ</span> <span class='ocrx_word' id='word_1_129' title='bbox 3221 478 3441 541; x_wconf 84' lang='grc' dir='ltr'>τούτους</span> <span class='ocrx_word' id='word_1_130' title='bbox 3475 476 3608 546; x_wconf 77' lang='grc' dir='ltr'>μετὰ</span> 
     </span>
    </p>
   </div>
   <div class='ocr_carea' id='block_1_20' title="bbox 2033 570 3607 653">
    <p class='ocr_par' dir='ltr' id='par_1_20' title="bbox 2033 570 3607 653">
     <span class='ocr_line' id='line_1_20' title="bbox 2033 570 3607 653; baseline -0.011 -16"><span class='ocrx_word' id='word_1_131' title='bbox 2033 583 2128 636; x_wconf 84' lang='grc' dir='ltr'><strong>τοῦ</strong></span> <span class='ocrx_word' id='word_1_132' title='bbox 2173 583 2338 653; x_wconf 80' lang='grc' dir='ltr'>ἄρτου</span> <span class='ocrx_word' id='word_1_133' title='bbox 2383 580 2506 634; x_wconf 79' lang='grc' dir='ltr'>ἀντὶ</span> <span class='ocrx_word' id='word_1_134' title='bbox 2539 577 2738 640; x_wconf 83' lang='grc' dir='ltr'>παντὸς</span> <span class='ocrx_word' id='word_1_135' title='bbox 2768 573 3243 646; x_wconf 79' lang='grc' dir='ltr'>προσφερομένους</span> <span class='ocrx_word' id='word_1_136' title='bbox 3284 570 3607 641; x_wconf 76' lang='grc' dir='ltr'>ἡδύσματος.</span> 
     </span>
    </p>
   </div>
   <div class='ocr_carea' id='block_1_21' title="bbox 2035 659 3610 742">
    <p class='ocr_par' dir='ltr' id='par_1_21' title="bbox 2035 659 3610 742">
     <span class='ocr_line' id='line_1_21' title="bbox 2035 659 3610 742; baseline -0.011 -13"><span class='ocrx_word' id='word_1_137' title='bbox 2035 677 2110 729; x_wconf 90' lang='grc' dir='ltr'>Οὑ</span> <span class='ocrx_word' id='word_1_138' title='bbox 2148 675 2358 728; x_wconf 77' lang='grc' dir='ltr'>συνιᾶσι</span> <span class='ocrx_word' id='word_1_139' title='bbox 2387 673 2443 726; x_wconf 87' lang='grc' dir='ltr'><strong>δὲ</strong></span> <span class='ocrx_word' id='word_1_140' title='bbox 2469 672 2577 742; x_wconf 88' lang='grc' dir='ltr'><strong>ἄρα</strong></span> <span class='ocrx_word' id='word_1_141' title='bbox 2606 669 2700 723; x_wconf 82' lang='lat' dir='ltr'><strong>xui.</strong></span> <span class='ocrx_word' id='word_1_142' title='bbox 2722 660 2885 729; x_wconf 73' lang='grc' dir='ltr'>οὗτοι,</span> <span class='ocrx_word' id='word_1_143' title='bbox 2910 667 2991 720; x_wconf 84' lang='grc' dir='ltr'><strong>ὅτι</strong></span> <span class='ocrx_word' id='word_1_144' title='bbox 3027 666 3240 736; x_wconf 84' lang='grc' dir='ltr'>γόνιμοι</span> <span class='ocrx_word' id='word_1_145' title='bbox 3281 661 3424 715; x_wconf 86' lang='grc' dir='ltr'><strong>κατᾶ</strong></span> <span class='ocrx_word' id='word_1_146' title='bbox 3453 659 3610 728; x_wconf 80' lang='grc' dir='ltr'>φύσιν</span> 
     </span>
    </p>
   </div>
   <div class='ocr_carea' id='block_1_22' title="bbox 2036 751 3612 837">
    <p class='ocr_par' dir='ltr' id='par_1_22' title="bbox 2036 751 3612 837">
     <span class='ocr_line' id='line_1_22' title="bbox 2036 751 3612 837; baseline -0.011 -18"><span class='ocrx_word' id='word_1_147' title='bbox 2036 766 2373 837; x_wconf 81' lang='grc' dir='ltr'>ὑπάρχοντες</span> <span class='ocrx_word' id='word_1_148' title='bbox 2395 762 2491 815; x_wconf 79' lang='grc' dir='ltr'><strong>καὶ</strong></span> <span class='ocrx_word' id='word_1_149' title='bbox 2527 758 2863 830; x_wconf 79' lang='grc' dir='ltr'>ὀδαξησμοὺς</span> <span class='ocrx_word' id='word_1_150' title='bbox 2891 757 2968 827; x_wconf 81' lang='grc' dir='ltr'>τῷ</span> <span class='ocrx_word' id='word_1_151' title='bbox 3003 755 3213 826; x_wconf 86' lang='grc' dir='ltr'>σώματι</span> <span class='ocrx_word' id='word_1_152' title='bbox 3239 751 3612 823; x_wconf 75' lang='grc' dir='ltr'>ἐμποιοῦντες,</span> 
     </span>
    </p>
   </div>
   <div class='ocr_carea' id='block_1_23' title="bbox 2037 839 3619 928">
    <p class='ocr_par' dir='ltr' id='par_1_23' title="bbox 2037 839 3619 928">
     <span class='ocr_line' id='line_1_23' title="bbox 2037 839 3619 928; baseline -0.009 -18"><span class='ocrx_word' id='word_1_153' title='bbox 2037 857 2236 928; x_wconf 79' lang='grc' dir='ltr'>μᾶλλον</span> <span class='ocrx_word' id='word_1_154' title='bbox 2261 855 2373 908; x_wconf 89' lang='grc' dir='ltr'><strong>τῶν</strong></span> <span class='ocrx_word' id='word_1_155' title='bbox 2401 853 2575 908; x_wconf 82' lang='grc' dir='ltr'>ἄλλων</span> <span class='ocrx_word' id='word_1_156' title='bbox 2611 851 2744 922; x_wconf 85' lang='grc' dir='ltr'>πρὸς</span> <span class='ocrx_word' id='word_1_157' title='bbox 2764 850 2862 913; x_wconf 85' lang='grc' dir='ltr'><strong>τὰς</strong></span> <span class='ocrx_word' id='word_1_158' title='bbox 2896 847 3071 919; x_wconf 78' lang='grc' dir='ltr'>μίξεις</span> <span class='ocrx_word' id='word_1_159' title='bbox 3099 844 3167 898; x_wconf 83' lang='grc' dir='ltr'>τὰ</span> <span class='ocrx_word' id='word_1_160' title='bbox 3197 843 3424 914; x_wconf 88' lang='grc' dir='ltr'>σώματα</span> <span class='ocrx_word' id='word_1_161' title='bbox 3448 839 3619 912; x_wconf 76' lang='grc' dir='ltr'>ἐρεθί·</span> 
     </span>
    </p>
   </div>
   <div class='ocr_carea' id='block_1_24' title="bbox 2035 936 3618 1013">
    <p class='ocr_par' dir='ltr' id='par_1_24' title="bbox 2035 936 3618 1013">
     <span class='ocr_line' id='line_1_24' title="bbox 2035 936 3618 1013; baseline -0.011 -12"><span class='ocrx_word' id='word_1_162' title='bbox 2035 949 2238 1013; x_wconf 81' lang='grc' dir='ltr'>ζουσιν.</span> <span class='ocrx_word' id='word_1_163' title='bbox 2264 948 2326 998; x_wconf 81' lang='lat' dir='ltr'><strong>Ei</strong></span> <span class='ocrx_word' id='word_1_164' title='bbox 2353 946 2397 998; x_wconf 87' lang='grc' dir='ltr'>δ’</span> <span class='ocrx_word' id='word_1_165' title='bbox 2421 947 2477 998; x_wconf 81' lang='grc' dir='ltr'>ὲν</span> <span class='ocrx_word' id='word_1_166' title='bbox 2507 942 2712 1006; x_wconf 87' lang='grc' dir='ltr'>τούτοις</span> <span class='ocrx_word' id='word_1_167' title='bbox 2750 941 2831 995; x_wconf 90' lang='grc' dir='ltr'><strong>δεῖ</strong></span> <span class='ocrx_word' id='word_1_168' title='bbox 2871 938 3050 1008; x_wconf 79' lang='grc' dir='ltr'>σοφῶς</span> <span class='ocrx_word' id='word_1_169' title='bbox 3086 937 3221 1008; x_wconf 85' lang='grc' dir='ltr'>πρὸς</span> <span class='ocrx_word' id='word_1_170' title='bbox 3260 936 3358 1004; x_wconf 77' lang='grc' dir='ltr'><strong>τὴν</strong></span> <span class='ocrx_word' id='word_1_171' title='bbox 3402 947 3618 1003; x_wconf 81' lang='grc' dir='ltr'><strong>προκει⁸</strong></span> 
     </span>
    </p>
   </div>
   <div class='ocr_carea' id='block_1_25' title="bbox 2037 1023 3618 1111">
    <p class='ocr_par' dir='ltr' id='par_1_25' title="bbox 2037 1023 3618 1111">
     <span class='ocr_line' id='line_1_25' title="bbox 2037 1023 3618 1111; baseline -0.011 -18"><span class='ocrx_word' id='word_1_172' title='bbox 2037 1040 2205 1111; x_wconf 87' lang='grc' dir='ltr'>μένην</span> <span class='ocrx_word' id='word_1_173' title='bbox 2252 1037 2438 1109; x_wconf 87' lang='grc' dir='ltr'>χρείαν</span> <span class='ocrx_word' id='word_1_174' title='bbox 2471 1037 2562 1089; x_wconf 86' lang='grc' dir='ltr'><strong>τὸν</strong></span> <span class='ocrx_word' id='word_1_175' title='bbox 2593 1034 2804 1105; x_wconf 79' lang='grc' dir='ltr'>ἡνίοχον</span> <span class='ocrx_word' id='word_1_176' title='bbox 2837 1029 3188 1099; x_wconf 84' lang='grc' dir='ltr'>διαγίνεσθαι,</span> <span class='ocrx_word' id='word_1_177' title='bbox 3242 1026 3419 1095; x_wconf 87' lang='grc' dir='ltr'>πολλῷ</span> <span class='ocrx_word' id='word_1_178' title='bbox 3458 1023 3618 1077; x_wconf 89' lang='grc' dir='ltr'>πλέον</span> 
     </span>
    </p>
   </div>
   <div class='ocr_carea' id='block_1_26' title="bbox 2031 1114 3621 1199">
    <p class='ocr_par' dir='ltr' id='par_1_26' title="bbox 2031 1114 3621 1199">
     <span class='ocr_line' id='line_1_26' title="bbox 2031 1114 3621 1199; baseline -0.011 -17"><span class='ocrx_word' id='word_1_179' title='bbox 2031 1129 2140 1182; x_wconf 90' lang='grc' dir='ltr'><strong>τῶν</strong></span> <span class='ocrx_word' id='word_1_180' title='bbox 2169 1125 2482 1199; x_wconf 84' lang='grc' dir='ltr'>ἀκροδρύων</span> <span class='ocrx_word' id='word_1_181' title='bbox 2513 1123 2611 1194; x_wconf 81' lang='grc' dir='ltr'>τὴν</span> <span class='ocrx_word' id='word_1_182' title='bbox 2642 1123 2778 1193; x_wconf 87' lang='grc' dir='ltr'>πρὸς</span> <span class='ocrx_word' id='word_1_183' title='bbox 2797 1121 2864 1174; x_wconf 87' lang='grc' dir='ltr'><strong>τά</strong></span> <span class='ocrx_word' id='word_1_184' title='bbox 2893 1117 3334 1190; x_wconf 78' lang='grc' dir='ltr'>ὁμολογουμένως</span> <span class='ocrx_word' id='word_1_185' title='bbox 3356 1114 3621 1185; x_wconf 66' lang='grc' dir='ltr'>βλάπτονο</span> 
     </span>
    </p>
   </div>
   <div class='ocr_carea' id='block_1_27' title="bbox 2033 1208 3621 1288">
    <p class='ocr_par' dir='ltr' id='par_1_27' title="bbox 2033 1208 3621 1288">
     <span class='ocr_line' id='line_1_27' title="bbox 2033 1208 3621 1288; baseline -0.01 -14"><span class='ocrx_word' id='word_1_186' title='bbox 2033 1239 2102 1274; x_wconf 90' lang='grc' dir='ltr'><strong>τα</strong></span> <span class='ocrx_word' id='word_1_187' title='bbox 2155 1221 2472 1288; x_wconf 88' lang='grc' dir='ltr'>συγγένειαν</span> <span class='ocrx_word' id='word_1_188' title='bbox 2531 1215 2641 1269; x_wconf 91' lang='grc' dir='ltr'><strong>τῶν</strong></span> <span class='ocrx_word' id='word_1_189' title='bbox 2693 1215 2992 1286; x_wconf 81' lang='grc' dir='ltr'>ποιοτήτων</span> <span class='ocrx_word' id='word_1_190' title='bbox 3051 1212 3316 1282; x_wconf 82' lang='grc' dir='ltr'>προσήκει</span> <span class='ocrx_word' id='word_1_191' title='bbox 3356 1208 3621 1277; x_wconf 76' lang='grc' dir='ltr'>φυλοκρι-</span> 
     </span>
    </p>
   </div>
   <div class='ocr_carea' id='block_1_28' title="bbox 2033 1296 3624 1381">
    <p class='ocr_par' dir='ltr' id='par_1_28' title="bbox 2033 1296 3624 1381">
     <span class='ocr_line' id='line_1_28' title="bbox 2033 1296 3624 1381; baseline -0.01 -16"><span class='ocrx_word' id='word_1_192' title='bbox 2033 1315 2144 1366; x_wconf 85' lang='grc' dir='ltr'>νεῖν</span> <span class='ocrx_word' id='word_1_193' title='bbox 2177 1310 2274 1381; x_wconf 71' lang='grc'><strong>(2),</strong></span> <span class='ocrx_word' id='word_1_194' title='bbox 2306 1305 2618 1378; x_wconf 80' lang='grc' dir='ltr'>ἁπανταχοῦ</span> <span class='ocrx_word' id='word_1_195' title='bbox 2671 1306 2768 1376; x_wconf 85' lang='grc' dir='ltr'><strong>μὲν</strong></span> <span class='ocrx_word' id='word_1_196' title='bbox 2819 1305 2881 1357; x_wconf 88' lang='grc' dir='ltr'><strong>τὸ</strong></span> <span class='ocrx_word' id='word_1_197' title='bbox 2931 1305 3222 1371; x_wconf 84' lang='grc' dir='ltr'>ἀναγκαῖον</span> <span class='ocrx_word' id='word_1_198' title='bbox 3267 1301 3366 1368; x_wconf 83' lang='grc' dir='ltr'>τῆς</span> <span class='ocrx_word' id='word_1_199' title='bbox 3413 1296 3624 1368; x_wconf 72' lang='grc' dir='ltr'>τροφῆς</span> 
     </span>
    </p>
   </div>
   <div class='ocr_carea' id='block_1_29' title="bbox 2035 1389 3613 1474">
    <p class='ocr_par' dir='ltr' id='par_1_29' title="bbox 2035 1389 3613 1474">
     <span class='ocr_line' id='line_1_29' title="bbox 2035 1389 3613 1474; baseline -0.011 -19"><span class='ocrx_word' id='word_1_200' title='bbox 2035 1403 2170 1474; x_wconf 84' lang='grc' dir='ltr'>πρὸς</span> <span class='ocrx_word' id='word_1_201' title='bbox 2198 1401 2342 1471; x_wconf 80' lang='grc' dir='ltr'>ζωὴν</span> <span class='ocrx_word' id='word_1_202' title='bbox 2367 1400 2526 1471; x_wconf 89' lang='grc' dir='ltr'>μόνον</span> <span class='ocrx_word' id='word_1_203' title='bbox 2551 1397 2828 1470; x_wconf 84' lang='grc' dir='ltr'>φρονίμως</span> <span class='ocrx_word' id='word_1_204' title='bbox 2848 1394 3217 1465; x_wconf 78' lang='grc' dir='ltr'>ἐγκρίνοντας,</span> <span class='ocrx_word' id='word_1_205' title='bbox 3243 1390 3351 1443; x_wconf 87' lang='grc' dir='ltr'><strong>τῶν</strong></span> <span class='ocrx_word' id='word_1_206' title='bbox 3377 1389 3435 1442; x_wconf 84' lang='grc' dir='ltr'>δὲ</span> <span class='ocrx_word' id='word_1_207' title='bbox 3457 1403 3613 1458; x_wconf 85' lang='grc' dir='ltr'>προσ·</span> 
     </span>
    </p>
   </div>
   <div class='ocr_carea' id='block_1_30' title="bbox 2033 1478 3627 1567">
    <p class='ocr_par' dir='ltr' id='par_1_30' title="bbox 2033 1478 3627 1567">
     <span class='ocr_line' id='line_1_30' title="bbox 2033 1478 3627 1567; baseline -0.011 -18"><span class='ocrx_word' id='word_1_208' title='bbox 2033 1495 2136 1567; x_wconf 67' lang='grc' dir='ltr'><strong>εψη</strong></span> <span class='ocrx_word' id='word_1_209' title='bbox 2147 1495 2330 1565; x_wconf 89' lang='grc' dir='ltr'>μάτων</span> <span class='ocrx_word' id='word_1_210' title='bbox 2362 1492 2460 1563; x_wconf 82' lang='grc' dir='ltr'>τὴν</span> <span class='ocrx_word' id='word_1_211' title='bbox 2501 1493 2745 1558; x_wconf 82' lang='grc' dir='ltr'>ὲπινενοη</span> <span class='ocrx_word' id='word_1_212' title='bbox 2756 1487 2922 1558; x_wconf 82' lang='grc' dir='ltr'>μένην</span> <span class='ocrx_word' id='word_1_213' title='bbox 2955 1487 3028 1556; x_wconf 68' lang='lat' dir='ltr'><strong>t3)</strong></span> <span class='ocrx_word' id='word_1_214' title='bbox 3058 1483 3346 1538; x_wconf 80' lang='grc' dir='ltr'>κολακείαν</span> <span class='ocrx_word' id='word_1_215' title='bbox 3390 1480 3532 1552; x_wconf 75' lang='grc' dir='ltr'>πρὸς</span> <span class='ocrx_word' id='word_1_216' title='bbox 3557 1478 3627 1532; x_wconf 79' lang='grc' dir='ltr'><strong>τά</strong></span> 
     </span>
    </p>
   </div>
   <div class='ocr_carea' id='block_1_31' title="bbox 2035 1569 3627 1659">
    <p class='ocr_par' dir='ltr' id='par_1_31' title="bbox 2035 1569 3627 1659">
     <span class='ocr_line' id='line_1_31' title="bbox 2035 1569 3627 1659; baseline -0.011 -18"><span class='ocrx_word' id='word_1_217' title='bbox 2035 1587 2227 1659; x_wconf 86' lang='grc' dir='ltr'>ἡδονῆς</span> <span class='ocrx_word' id='word_1_218' title='bbox 2261 1583 2488 1637; x_wconf 86' lang='grc' dir='ltr'>δελέατα</span> <span class='ocrx_word' id='word_1_219' title='bbox 2520 1579 2914 1638; x_wconf 85' lang='grc' dir='ltr'>ἀποπτύοντας.</span> <span class='ocrx_word' id='word_1_220' title='bbox 2951 1577 3012 1628; x_wconf 86' lang='grc' dir='ltr'>Εἰ</span> <span class='ocrx_word' id='word_1_221' title='bbox 3048 1575 3157 1646; x_wconf 86' lang='grc' dir='ltr'>γὰρ</span> <span class='ocrx_word' id='word_1_222' title='bbox 3196 1573 3357 1645; x_wconf 80' lang='grc' dir='ltr'>ἄρτος</span> <span class='ocrx_word' id='word_1_223' title='bbox 3395 1569 3627 1642; x_wconf 80' lang='grc' dir='ltr'>καρδίαν</span> 
     </span>
    </p>
   </div>
   <div class='ocr_carea' id='block_1_32' title="bbox 2037 1660 3627 1746">
    <p class='ocr_par' dir='ltr' id='par_1_32' title="bbox 2037 1660 3627 1746">
     <span class='ocr_line' id='line_1_32' title="bbox 2037 1660 3627 1746; baseline -0.014 -13"><span class='ocrx_word' id='word_1_224' title='bbox 2037 1677 2322 1746; x_wconf 85' lang='grc' dir='ltr'>ἀνθρώπου</span> <span class='ocrx_word' id='word_1_225' title='bbox 2359 1673 2625 1744; x_wconf 74' lang='grc' dir='ltr'>στηρίξει,</span> <span class='ocrx_word' id='word_1_226' title='bbox 2659 1671 2721 1723; x_wconf 88' lang='grc' dir='ltr'><strong>οὑ</strong></span> <span class='ocrx_word' id='word_1_227' title='bbox 2760 1669 2842 1722; x_wconf 87' lang='grc' dir='ltr'><strong>δεῖ</strong></span> <span class='ocrx_word' id='word_1_228' title='bbox 2881 1667 3041 1720; x_wconf 82' lang='grc' dir='ltr'>πλέον</span> <span class='ocrx_word' id='word_1_229' title='bbox 3068 1665 3163 1718; x_wconf 87' lang='grc' dir='ltr'><strong>τοῦ</strong></span> <span class='ocrx_word' id='word_1_230' title='bbox 3199 1662 3500 1730; x_wconf 83' lang='grc' dir='ltr'>ἀναγκαίου</span> <span class='ocrx_word' id='word_1_231' title='bbox 3525 1660 3627 1726; x_wconf 73' lang='grc' dir='ltr'>τῆς</span> 
     </span>
    </p>
   </div>
   <div class='ocr_carea' id='block_1_33' title="bbox 357 1751 1936 1879">
    <p class='ocr_par' dir='ltr' id='par_1_33' title="bbox 357 1751 1924 1879">
     <span class='ocr_line' id='line_1_33' title="bbox 357 1751 1922 1772; baseline -0.019 0"><span class='ocrx_word' id='word_1_232' title='bbox 357 1751 600 1772; x_wconf 63' lang='grc' dir='ltr'>υσθυε-..υ</span> <span class='ocrx_word' id='word_1_233' title='bbox 635 1751 757 1767; x_wconf 74' lang='grc' dir='ltr'>...νυ</span> <span class='ocrx_word' id='word_1_234' title='bbox 785 1751 1070 1764; x_wconf 70' lang='grc' dir='ltr'><strong>ν---...-.--</strong></span> <span class='ocrx_word' id='word_1_235' title='bbox 1111 1751 1212 1756; x_wconf 50' lang='grc' dir='ltr'><strong>,η</strong></span> <span class='ocrx_word' id='word_1_236' title='bbox 1243 1751 1296 1754; x_wconf 31' lang='grc' dir='ltr'>ί,</span> <span class='ocrx_word' id='word_1_237' title='bbox 1351 1751 1385 1753; x_wconf 65' lang='lat'><strong>,_</strong></span> <span class='ocrx_word' id='word_1_238' title='bbox 1911 1751 1922 1756; x_wconf 88' lang='lat'>_</span> 
     </span>
     <span class='ocr_line' id='line_1_34' title="bbox 357 1783 1924 1879; baseline -0.02 -15"><span class='ocrx_word' id='word_1_239' title='bbox 357 1809 450 1879; x_wconf 89' lang='lat' dir='ltr'><strong>qui</strong></span> <span class='ocrx_word' id='word_1_240' title='bbox 499 1804 656 1877; x_wconf 91' lang='lat' dir='ltr'><strong>panis</strong></span> <span class='ocrx_word' id='word_1_241' title='bbox 704 1801 1110 1858; x_wconf 90' lang='lat' dir='ltr'><strong>condimentum</strong></span> <span class='ocrx_word' id='word_1_242' title='bbox 1166 1797 1325 1854; x_wconf 87' lang='lat' dir='ltr'><strong>sunt,</strong></span> <span class='ocrx_word' id='word_1_243' title='bbox 1374 1797 1583 1842; x_wconf 89' lang='lat' dir='ltr'><strong>tantum</strong></span> <span class='ocrx_word' id='word_1_244' title='bbox 1639 1783 1924 1843; x_wconf 88' lang='lat' dir='ltr'><strong>sumimus,</strong></span> 
     </span>
    </p>
   </div>
   <div class='ocr_carea' id='block_1_34' title="bbox 2064 1751 3630 1879">
    <p class='ocr_par' dir='ltr' id='par_1_34' title="bbox 2064 1751 3630 1879">
     <span class='ocr_line' id='line_1_35' title="bbox 2069 1751 3630 1838; baseline -0.011 -17"><span class='ocrx_word' id='word_1_245' title='bbox 2069 1768 2238 1838; x_wconf 81' lang='grc' dir='ltr'>ροφῆς</span> <span class='ocrx_word' id='word_1_246' title='bbox 2283 1766 2345 1819; x_wconf 85' lang='grc' dir='ltr'><strong>τὸ</strong></span> <span class='ocrx_word' id='word_1_247' title='bbox 2387 1763 2633 1836; x_wconf 60' lang='grc' dir='ltr'>προσέφη</span> <span class='ocrx_word' id='word_1_248' title='bbox 2645 1779 2717 1831; x_wconf 90' lang='grc' dir='ltr'><strong>μα</strong></span> <span class='ocrx_word' id='word_1_249' title='bbox 2755 1759 2964 1826; x_wconf 86' lang='grc' dir='ltr'>ἀλόγως</span> <span class='ocrx_word' id='word_1_250' title='bbox 3007 1755 3428 1828; x_wconf 79' lang='grc' dir='ltr'>προσφέρεσθαι.</span> <span class='ocrx_word' id='word_1_251' title='bbox 3472 1751 3630 1805; x_wconf 80' lang='grc' dir='ltr'>Ἐπεὶ</span> 
     </span>
     <span class='ocr_line' id='line_1_36' title="bbox 2064 1846 3629 1879; baseline 0 0"><span class='ocrx_word' id='word_1_252' title='bbox 2064 1878 2067 1879; x_wconf 65' lang='lat'>,</span> <span class='ocrx_word' id='word_1_253' title='bbox 2094 1860 2165 1879; x_wconf 52' lang='grc' dir='ltr'><strong>,θλ</strong></span> <span class='ocrx_word' id='word_1_254' title='bbox 2204 1860 2287 1879; x_wconf 65' lang='lat'><strong>__\,</strong></span> <span class='ocrx_word' id='word_1_255' title='bbox 2309 1875 2324 1879; x_wconf 72' lang='lat'><em>_</em></span> <span class='ocrx_word' id='word_1_256' title='bbox 2358 1858 2486 1879; x_wconf 50' lang='grc' dir='ltr'>ξιξ..-</span> <span class='ocrx_word' id='word_1_257' title='bbox 2533 1854 2745 1879; x_wconf 50' lang='grc' dir='ltr'><strong>αξη-η..</strong></span> <span class='ocrx_word' id='word_1_258' title='bbox 2769 1851 2859 1879; x_wconf 64' lang='grc' dir='ltr'><strong>--π</strong></span> <span class='ocrx_word' id='word_1_259' title='bbox 2888 1852 3047 1879; x_wconf 60' lang='grc' dir='ltr'>ιιι-...ιι</span> <span class='ocrx_word' id='word_1_260' title='bbox 3075 1851 3418 1879; x_wconf 59' lang='grc' dir='ltr'><strong>,τα-ιηυλυρηι</strong></span> <span class='ocrx_word' id='word_1_261' title='bbox 3472 1846 3629 1879; x_wconf 61' lang='grc' dir='ltr'><strong>ῗηηηρ</strong></span> 
     </span>
    </p>
   </div>
   <div class='ocr_carea' id='block_1_35' title="bbox 357 1870 1929 1973">
    <p class='ocr_par' dir='ltr' id='par_1_35' title="bbox 357 1870 1929 1973">
     <span class='ocr_line' id='line_1_37' title="bbox 357 1870 1929 1973; baseline -0.022 -16"><span class='ocrx_word' id='word_1_262' title='bbox 357 1870 620 1973; x_wconf 67' lang='lat' dir='ltr'><strong>quantum</strong></span> <span class='ocrx_word' id='word_1_263' title='bbox 651 1895 824 1965; x_wconf 92' lang='lat' dir='ltr'><strong>panis.</strong></span> <span class='ocrx_word' id='word_1_264' title='bbox 872 1888 1022 1956; x_wconf 87' lang='lat' dir='ltr'><strong>Quod</strong></span> <span class='ocrx_word' id='word_1_265' title='bbox 1044 1890 1090 1940; x_wconf 90' lang='lat' dir='ltr'><strong>si</strong></span> <span class='ocrx_word' id='word_1_266' title='bbox 1141 1896 1301 1938; x_wconf 89' lang='lat' dir='ltr'><strong>nemo</strong></span> <span class='ocrx_word' id='word_1_267' title='bbox 1359 1886 1564 1932; x_wconf 91' lang='lat' dir='ltr'><strong>tantum</strong></span> <span class='ocrx_word' id='word_1_268' title='bbox 1600 1870 1929 1930; x_wconf 90' lang='lat' dir='ltr'><strong>condimenti</strong></span> 
     </span>
    </p>
   </div>
   <div class='ocr_carea' id='block_1_36' title="bbox 357 1967 1930 2065">
    <p class='ocr_par' dir='ltr' id='par_1_36' title="bbox 357 1967 1930 2065">
     <span class='ocr_line' id='line_1_38' title="bbox 357 1967 1930 2065; baseline -0.022 -15"><span class='ocrx_word' id='word_1_269' title='bbox 357 1967 620 2065; x_wconf 75' lang='lat' dir='ltr'><strong>quantum</strong></span> <span class='ocrx_word' id='word_1_270' title='bbox 655 1987 823 2060; x_wconf 75' lang='lat'><strong>626</strong></span> <span class='ocrx_word' id='word_1_271' title='bbox 852 1984 994 2037; x_wconf 90' lang='lat' dir='ltr'><strong>illius</strong></span> <span class='ocrx_word' id='word_1_272' title='bbox 1053 1979 1153 2042; x_wconf 92' lang='lat' dir='ltr'><strong>rei,</strong></span> <span class='ocrx_word' id='word_1_273' title='bbox 1216 1974 1370 2044; x_wconf 87' lang='lat' dir='ltr'><strong>cujus</strong></span> <span class='ocrx_word' id='word_1_274' title='bbox 1405 1981 1489 2026; x_wconf 89' lang='lat' dir='ltr'><strong>est</strong></span> <span class='ocrx_word' id='word_1_275' title='bbox 1522 1967 1930 2024; x_wconf 86' lang='lat' dir='ltr'><strong>condimentum</strong></span> 
     </span>
    </p>
   </div>
   <div class='ocr_carea' id='block_1_37' title="bbox 357 2057 1932 2149">
    <p class='ocr_par' dir='ltr' id='par_1_37' title="bbox 357 2057 1932 2149">
     <span class='ocr_line' id='line_1_39' title="bbox 357 2057 1932 2149; baseline -0.023 -8"><span class='ocrx_word' id='word_1_276' title='bbox 357 2091 636 2147; x_wconf 91' lang='lat' dir='ltr'><strong>assumet;</strong></span> <span class='ocrx_word' id='word_1_277' title='bbox 675 2057 968 2149; x_wconf 36' lang='lat' dir='ltr'><strong>vquomodo</strong></span> <span class='ocrx_word' id='word_1_278' title='bbox 1022 2071 1377 2127; x_wconf 88' lang='lat' dir='ltr'><strong>obsoniorum</strong></span> <span class='ocrx_word' id='word_1_279' title='bbox 1439 2075 1596 2116; x_wconf 90' lang='lat' dir='ltr'><strong>usum</strong></span> <span class='ocrx_word' id='word_1_280' title='bbox 1662 2057 1932 2128; x_wconf 68' lang='lat' dir='ltr'><strong>praecipuo</strong></span> 
     </span>
    </p>
   </div>
   <div class='ocr_carea' id='block_1_38' title="bbox 358 2146 1934 2243">
    <p class='ocr_par' dir='ltr' id='par_1_38' title="bbox 358 2146 1934 2243">
     <span class='ocr_line' id='line_1_40' title="bbox 358 2146 1934 2243; baseline -0.021 -11"><span class='ocrx_word' id='word_1_281' title='bbox 358 2177 479 2231; x_wconf 91' lang='lat' dir='ltr'><strong>cibo</strong></span> <span class='ocrx_word' id='word_1_282' title='bbox 503 2146 859 2243; x_wconf 83' lang='lat' dir='ltr'><strong>copiosiorem</strong></span> <span class='ocrx_word' id='word_1_283' title='bbox 899 2162 1216 2220; x_wconf 85' lang='lat' dir='ltr'><strong>adhibebit?</strong></span> <span class='ocrx_word' id='word_1_284' title='bbox 1264 2157 1381 2213; x_wconf 84' lang='lat' dir='ltr'><strong>Non</strong></span> <span class='ocrx_word' id='word_1_285' title='bbox 1433 2155 1576 2208; x_wconf 91' lang='lat' dir='ltr'><strong>enim</strong></span> <span class='ocrx_word' id='word_1_286' title='bbox 1629 2150 1744 2204; x_wconf 61' lang='lat' dir='ltr'><strong>haec</strong></span> <span class='ocrx_word' id='word_1_287' title='bbox 1779 2146 1934 2243; x_wconf 81' lang='lat' dir='ltr'><strong>panis</strong></span> 
     </span>
    </p>
   </div>
   <div class='ocr_carea' id='block_1_39' title="bbox 356 2237 1934 2323">
    <p class='ocr_par' dir='ltr' id='par_1_39' title="bbox 356 2237 1934 2323">
     <span class='ocr_line' id='line_1_41' title="bbox 356 2237 1934 2323; baseline -0.022 1"><span class='ocrx_word' id='word_1_288' title='bbox 356 2282 488 2323; x_wconf 83' lang='lat' dir='ltr'><strong>vere</strong></span> <span class='ocrx_word' id='word_1_289' title='bbox 516 2264 861 2320; x_wconf 89' lang='lat' dir='ltr'><strong>condimenta</strong></span> <span class='ocrx_word' id='word_1_290' title='bbox 882 2263 1079 2319; x_wconf 91' lang='lat' dir='ltr'><strong>erunt,</strong></span> <span class='ocrx_word' id='word_1_291' title='bbox 1124 2251 1219 2306; x_wconf 90' lang='lat' dir='ltr'><strong>sed</strong></span> <span class='ocrx_word' id='word_1_292' title='bbox 1261 2261 1450 2303; x_wconf 93' lang='lat' dir='ltr'><strong>rursus</strong></span> <span class='ocrx_word' id='word_1_293' title='bbox 1511 2244 1702 2297; x_wconf 89' lang='lat' dir='ltr'><strong>horum</strong></span> <span class='ocrx_word' id='word_1_294' title='bbox 1743 2237 1934 2293; x_wconf 89' lang='lat' dir='ltr'><strong>condi-</strong></span> 
     </span>
    </p>
   </div>
   <div class='ocr_carea' id='block_1_40' title="bbox 357 2331 1932 2423">
    <p class='ocr_par' dir='ltr' id='par_1_40' title="bbox 357 2331 1932 2423">
     <span class='ocr_line' id='line_1_42' title="bbox 357 2331 1932 2423; baseline -0.021 -9"><span class='ocrx_word' id='word_1_295' title='bbox 357 2365 600 2414; x_wconf 87' lang='lat' dir='ltr'><strong>mentum</strong></span> <span class='ocrx_word' id='word_1_296' title='bbox 630 2352 808 2423; x_wconf 87' lang='lat' dir='ltr'><strong>panis.</strong></span> <span class='ocrx_word' id='word_1_297' title='bbox 832 2348 907 2402; x_wconf 83' lang='lat' dir='ltr'><strong>Ac</strong></span> <span class='ocrx_word' id='word_1_298' title='bbox 934 2343 1326 2414; x_wconf 89' lang='lat' dir='ltr'><strong>imprudentem</strong></span> <span class='ocrx_word' id='word_1_299' title='bbox 1362 2349 1550 2392; x_wconf 88' lang='lat' dir='ltr'><strong>rursus</strong></span> <span class='ocrx_word' id='word_1_300' title='bbox 1584 2333 1688 2387; x_wconf 90' lang='lat' dir='ltr'><strong>alia</strong></span> <span class='ocrx_word' id='word_1_301' title='bbox 1720 2331 1932 2384; x_wconf 90' lang='lat' dir='ltr'><strong>ratione</strong></span> 
     </span>
    </p>
   </div>
   <div class='ocr_carea' id='block_1_41' title="bbox 359 2420 1932 2520">
    <p class='ocr_par' dir='ltr' id='par_1_41' title="bbox 359 2420 1932 2520">
     <span class='ocr_line' id='line_1_43' title="bbox 359 2420 1932 2520; baseline -0.022 -16"><span class='ocrx_word' id='word_1_302' title='bbox 359 2457 550 2520; x_wconf 85' lang='lat' dir='ltr'><strong>gustus</strong></span> <span class='ocrx_word' id='word_1_303' title='bbox 575 2420 822 2512; x_wconf 80' lang='lat' dir='ltr'><strong>aurigam</strong></span> <span class='ocrx_word' id='word_1_304' title='bbox 857 2452 955 2508; x_wconf 90' lang='lat' dir='ltr'><strong>per</strong></span> <span class='ocrx_word' id='word_1_305' title='bbox 977 2433 1328 2492; x_wconf 90' lang='lat' dir='ltr'><strong>obsoniorum</strong></span> <span class='ocrx_word' id='word_1_306' title='bbox 1381 2426 1701 2480; x_wconf 76' lang='lat' dir='ltr'><strong>varietatem</strong></span> <span class='ocrx_word' id='word_1_307' title='bbox 1738 2420 1805 2474; x_wconf 90' lang='lat' dir='ltr'><strong>ad</strong></span> <span class='ocrx_word' id='word_1_308' title='bbox 1834 2433 1932 2473; x_wconf 87' lang='lat' dir='ltr'><strong>vo-</strong></span> 
     </span>
    </p>
   </div>
   <div class='ocr_carea' id='block_1_42' title="bbox 357 2511 1934 2610">
    <p class='ocr_par' dir='ltr' id='par_1_42' title="bbox 357 2511 1934 2610">
     <span class='ocr_line' id='line_1_44' title="bbox 357 2511 1934 2610; baseline -0.02 -16"><span class='ocrx_word' id='word_1_309' title='bbox 357 2511 620 2610; x_wconf 64' lang='lat' dir='ltr'><strong>luptatem</strong></span> <span class='ocrx_word' id='word_1_310' title='bbox 649 2511 888 2604; x_wconf 20' lang='lat' dir='ltr'><strong>peilliciet</strong></span> <span class='ocrx_word' id='word_1_311' title='bbox 915 2547 927 2580; x_wconf 93' lang='lat'><strong>:</strong></span> <span class='ocrx_word' id='word_1_312' title='bbox 973 2542 1038 2582; x_wconf 92' lang='lat' dir='ltr'><strong>ac</strong></span> <span class='ocrx_word' id='word_1_313' title='bbox 1069 2524 1194 2578; x_wconf 89' lang='lat' dir='ltr'><strong>inde</strong></span> <span class='ocrx_word' id='word_1_314' title='bbox 1247 2517 1632 2587; x_wconf 87' lang='lat' dir='ltr'><strong>comperietur,</strong></span> <span class='ocrx_word' id='word_1_315' title='bbox 1664 2511 1809 2582; x_wconf 89' lang='lat' dir='ltr'><strong>quod</strong></span> <span class='ocrx_word' id='word_1_316' title='bbox 1839 2525 1934 2578; x_wconf 90' lang='lat' dir='ltr'><strong>per</strong></span> 
     </span>
    </p>
   </div>
   <div class='ocr_carea' id='block_1_43' title="bbox 357 2607 1929 2685">
    <p class='ocr_par' dir='ltr' id='par_1_43' title="bbox 357 2607 1929 2685">
     <span class='ocr_line' id='line_1_45' title="bbox 357 2607 1929 2685; baseline -0.02 0"><span class='ocrx_word' id='word_1_317' title='bbox 357 2607 486 2685; x_wconf 74' lang='lat' dir='ltr'><strong>vita:</strong></span> <span class='ocrx_word' id='word_1_318' title='bbox 509 2627 764 2684; x_wconf 71' lang='lat' dir='ltr'><strong>asceticaa</strong></span> <span class='ocrx_word' id='word_1_319' title='bbox 796 2617 1243 2677; x_wconf 84' lang='lat' dir='ltr'><strong>exercitationem</strong></span> <span class='ocrx_word' id='word_1_320' title='bbox 1297 2611 1455 2680; x_wconf 80' lang='lat' dir='ltr'><strong>fugit,</strong></span> <span class='ocrx_word' id='word_1_321' title='bbox 1503 2607 1556 2661; x_wconf 92' lang='lat' dir='ltr'><strong>id</strong></span> <span class='ocrx_word' id='word_1_322' title='bbox 1590 2618 1779 2659; x_wconf 91' lang='lat' dir='ltr'><strong>rursus</strong></span> <span class='ocrx_word' id='word_1_323' title='bbox 1806 2616 1929 2672; x_wconf 88' lang='lat' dir='ltr'><strong>per-</strong></span> 
     </span>
    </p>
   </div>
   <div class='ocr_carea' id='block_1_44' title="bbox 360 2693 1934 2793">
    <p class='ocr_par' dir='ltr' id='par_1_44' title="bbox 360 2693 1934 2793">
     <span class='ocr_line' id='line_1_46' title="bbox 360 2693 1934 2793; baseline -0.02 -15"><span class='ocrx_word' id='word_1_324' title='bbox 360 2721 535 2793; x_wconf 88' lang='lat' dir='ltr'><strong>sequi.</strong></span> <span class='ocrx_word' id='word_1_325' title='bbox 561 2712 1024 2784; x_wconf 86' lang='lat' dir='ltr'><strong>Quemadmodum</strong></span> <span class='ocrx_word' id='word_1_326' title='bbox 1045 2708 1205 2777; x_wconf 81' lang='lat' dir='ltr'><strong>igitur</strong></span> <span class='ocrx_word' id='word_1_327' title='bbox 1230 2705 1281 2757; x_wconf 93' lang='lat' dir='ltr'><strong>in</strong></span> <span class='ocrx_word' id='word_1_328' title='bbox 1302 2698 1666 2760; x_wconf 89' lang='lat' dir='ltr'><strong>tetrachordo,</strong></span> <span class='ocrx_word' id='word_1_329' title='bbox 1691 2706 1750 2750; x_wconf 92' lang='lat' dir='ltr'><strong>ut</strong></span> <span class='ocrx_word' id='word_1_330' title='bbox 1767 2693 1934 2748; x_wconf 88' lang='lat' dir='ltr'><strong>verbo</strong></span> 
     </span>
    </p>
   </div>
   <div class='ocr_carea' id='block_1_45' title="bbox 360 2789 1936 2872">
    <p class='ocr_par' dir='ltr' id='par_1_45' title="bbox 360 2789 1936 2872">
     <span class='ocr_line' id='line_1_47' title="bbox 360 2789 1936 2872; baseline -0.019 -8"><span class='ocrx_word' id='word_1_331' title='bbox 360 2789 558 2872; x_wconf 76' lang='lat' dir='ltr'><strong>dicam,</strong></span> <span class='ocrx_word' id='word_1_332' title='bbox 591 2805 728 2858; x_wconf 89' lang='lat' dir='ltr'><strong>bona</strong></span> <span class='ocrx_word' id='word_1_333' title='bbox 780 2809 864 2856; x_wconf 90' lang='lat' dir='ltr'><strong>est</strong></span> <span class='ocrx_word' id='word_1_334' title='bbox 915 2794 1233 2856; x_wconf 89' lang='lat' dir='ltr'><strong>harmonia;</strong></span> <span class='ocrx_word' id='word_1_335' title='bbox 1291 2789 1548 2860; x_wconf 87' lang='lat' dir='ltr'><strong>quoniam</strong></span> <span class='ocrx_word' id='word_1_336' title='bbox 1593 2801 1661 2841; x_wconf 80' lang='lat' dir='ltr'><strong>ex</strong></span> <span class='ocrx_word' id='word_1_337' title='bbox 1701 2793 1936 2853; x_wconf 88' lang='lat' dir='ltr'><strong>quatuor</strong></span> 
     </span>
    </p>
   </div>
   <div class='ocr_carea' id='block_1_46' title="bbox 359 2882 1935 2962">
    <p class='ocr_par' dir='ltr' id='par_1_46' title="bbox 359 2882 1935 2962">
     <span class='ocr_line' id='line_1_48' title="bbox 359 2882 1935 2962; baseline -0.018 -6"><span class='ocrx_word' id='word_1_338' title='bbox 359 2898 663 2962; x_wconf 89' lang='lat' dir='ltr'><strong>elementis,</strong></span> <span class='ocrx_word' id='word_1_339' title='bbox 690 2904 834 2950; x_wconf 89' lang='lat' dir='ltr'><strong>terra</strong></span> <span class='ocrx_word' id='word_1_340' title='bbox 867 2899 922 2946; x_wconf 88' lang='lat' dir='ltr'><strong>et</strong></span> <span class='ocrx_word' id='word_1_341' title='bbox 965 2904 1104 2959; x_wconf 89' lang='lat' dir='ltr'><strong>aqua</strong></span> <span class='ocrx_word' id='word_1_342' title='bbox 1155 2897 1209 2941; x_wconf 88' lang='lat' dir='ltr'><strong>et</strong></span> <span class='ocrx_word' id='word_1_343' title='bbox 1238 2900 1365 2939; x_wconf 90' lang='lat' dir='ltr'><strong>aere</strong></span> <span class='ocrx_word' id='word_1_344' title='bbox 1413 2893 1467 2938; x_wconf 89' lang='lat' dir='ltr'><strong>et</strong></span> <span class='ocrx_word' id='word_1_345' title='bbox 1516 2882 1638 2953; x_wconf 84' lang='lat' dir='ltr'><strong>igne</strong></span> <span class='ocrx_word' id='word_1_346' title='bbox 1681 2885 1935 2934; x_wconf 87' lang='lat' dir='ltr'><strong>constant</strong></span> 
     </span>
    </p>
   </div>
   <div class='ocr_carea' id='block_1_47' title="bbox 361 2973 1934 3056">
    <p class='ocr_par' dir='ltr' id='par_1_47' title="bbox 361 2973 1934 3056">
     <span class='ocr_line' id='line_1_49' title="bbox 361 2973 1934 3056; baseline -0.017 -10"><span class='ocrx_word' id='word_1_347' title='bbox 361 2999 548 3047; x_wconf 89' lang='lat' dir='ltr'><strong>nostra</strong></span> <span class='ocrx_word' id='word_1_348' title='bbox 583 2999 834 3056; x_wconf 90' lang='lat' dir='ltr'><strong>corpora,</strong></span> <span class='ocrx_word' id='word_1_349' title='bbox 878 2978 1146 3050; x_wconf 84' lang='lat' dir='ltr'><strong>indigenti</strong></span> <span class='ocrx_word' id='word_1_350' title='bbox 1178 2977 1394 3045; x_wconf 90' lang='lat' dir='ltr'><strong>quidem</strong></span> <span class='ocrx_word' id='word_1_351' title='bbox 1421 2987 1518 3043; x_wconf 89' lang='lat' dir='ltr'><strong>per</strong></span> <span class='ocrx_word' id='word_1_352' title='bbox 1549 2973 1699 3026; x_wconf 86' lang='lat' dir='ltr'><strong>cibos</strong></span> <span class='ocrx_word' id='word_1_353' title='bbox 1721 2982 1934 3037; x_wconf 88' lang='lat' dir='ltr'><strong>semper</strong></span> 
     </span>
    </p>
   </div>
   <div class='ocr_carea' id='block_1_48' title="bbox 364 3059 2005 3167">
    <p class='ocr_par' dir='ltr' id='par_1_48' title="bbox 364 3059 2005 3167">
     <span class='ocr_line' id='line_1_50' title="bbox 364 3059 2005 3167; baseline -0.016 -32"><span class='ocrx_word' id='word_1_354' title='bbox 364 3078 741 3140; x_wconf 77' lang='lat' dir='ltr'><strong>auxiliabitur,</strong></span> <span class='ocrx_word' id='word_1_355' title='bbox 779 3070 1140 3129; x_wconf 88' lang='lat' dir='ltr'><strong>redundantis</strong></span> <span class='ocrx_word' id='word_1_356' title='bbox 1191 3078 1396 3133; x_wconf 86' lang='lat' dir='ltr'><strong>autem,</strong></span> <span class='ocrx_word' id='word_1_357' title='bbox 1433 3061 1768 3119; x_wconf 88' lang='lat' dir='ltr'><strong>detrahendo</strong></span> <span class='ocrx_word' id='word_1_358' title='bbox 1793 3068 1846 3114; x_wconf 87' lang='lat' dir='ltr'><strong>et</strong></span> <span class='ocrx_word' id='word_1_359' title='bbox 1868 3059 1932 3111; x_wconf 91' lang='lat' dir='ltr'><strong>ad</strong></span> <span class='ocrx_word' id='word_1_360' title='bbox 1963 3109 2005 3167; x_wconf 77' lang='lat' dir='ltr'>C</span> 
     </span>
    </p>
   </div>
   <div class='ocr_carea' id='block_1_49' title="bbox 361 3155 1935 3233">
    <p class='ocr_par' dir='ltr' id='par_1_49' title="bbox 361 3155 1935 3233">
     <span class='ocr_line' id='line_1_51' title="bbox 361 3155 1935 3233; baseline -0.015 -4"><span class='ocrx_word' id='word_1_361' title='bbox 361 3171 786 3230; x_wconf 79' lang='lat' dir='ltr'><strong>exercitationes</strong></span> <span class='ocrx_word' id='word_1_362' title='bbox 815 3168 1084 3228; x_wconf 91' lang='lat' dir='ltr'><strong>ducendo,</strong></span> <span class='ocrx_word' id='word_1_363' title='bbox 1106 3159 1448 3233; x_wconf 85' lang='lat' dir='ltr'><strong>tyrannidem</strong></span> <span class='ocrx_word' id='word_1_364' title='bbox 1502 3155 1741 3211; x_wconf 88' lang='lat' dir='ltr'><strong>emolliet</strong></span> <span class='ocrx_word' id='word_1_365' title='bbox 1777 3171 1791 3207; x_wconf 92' lang='lat'><strong>:</strong></span> <span class='ocrx_word' id='word_1_366' title='bbox 1829 3165 1935 3206; x_wconf 95' lang='lat' dir='ltr'><strong>non</strong></span> 
     </span>
    </p>
   </div>
   <div class='ocr_carea' id='block_1_50' title="bbox 363 3243 1940 3337">
    <p class='ocr_par' dir='ltr' id='par_1_50' title="bbox 363 3243 1940 3337">
     <span class='ocr_line' id='line_1_52' title="bbox 363 3243 1940 3337; baseline -0.017 -15"><span class='ocrx_word' id='word_1_367' title='bbox 363 3266 694 3337; x_wconf 79' lang='lat' dir='ltr'><strong>quantitates</strong></span> <span class='ocrx_word' id='word_1_368' title='bbox 759 3258 934 3317; x_wconf 92' lang='lat' dir='ltr'><strong>solum</strong></span> <span class='ocrx_word' id='word_1_369' title='bbox 980 3255 1138 3311; x_wconf 89' lang='lat' dir='ltr'><strong>calidi</strong></span> <span class='ocrx_word' id='word_1_370' title='bbox 1189 3254 1241 3308; x_wconf 88' lang='lat' dir='ltr'><strong>in</strong></span> <span class='ocrx_word' id='word_1_371' title='bbox 1299 3250 1455 3305; x_wconf 92' lang='lat' dir='ltr'><strong>nobis</strong></span> <span class='ocrx_word' id='word_1_372' title='bbox 1495 3256 1550 3302; x_wconf 91' lang='lat' dir='ltr'><strong>et</strong></span> <span class='ocrx_word' id='word_1_373' title='bbox 1580 3245 1801 3316; x_wconf 80' lang='lat' dir='ltr'><strong>frigidi,</strong></span> <span class='ocrx_word' id='word_1_374' title='bbox 1845 3243 1940 3297; x_wconf 92' lang='lat' dir='ltr'><strong>sed</strong></span> 
     </span>
    </p>
   </div>
   <div class='ocr_carea' id='block_1_51' title="bbox 362 3333 1941 3414">
    <p class='ocr_par' dir='ltr' id='par_1_51' title="bbox 362 3333 1941 3414">
     <span class='ocr_line' id='line_1_53' title="bbox 362 3333 1941 3414; baseline -0.016 0"><span class='ocrx_word' id='word_1_375' title='bbox 362 3333 524 3414; x_wconf 70' lang='lat' dir='ltr'><strong>etiam</strong></span> <span class='ocrx_word' id='word_1_376' title='bbox 549 3353 680 3410; x_wconf 91' lang='lat' dir='ltr'><strong>sicci</strong></span> <span class='ocrx_word' id='word_1_377' title='bbox 712 3360 768 3408; x_wconf 92' lang='lat' dir='ltr'><strong>et</strong></span> <span class='ocrx_word' id='word_1_378' title='bbox 811 3346 1017 3405; x_wconf 84' lang='lat' dir='ltr'><strong>buntidi</strong></span> <span class='ocrx_word' id='word_1_379' title='bbox 1077 3345 1372 3414; x_wconf 86' lang='lat' dir='ltr'><strong>qualitates</strong></span> <span class='ocrx_word' id='word_1_380' title='bbox 1421 3339 1677 3408; x_wconf 87' lang='lat' dir='ltr'><strong>probans.</strong></span> <span class='ocrx_word' id='word_1_381' title='bbox 1710 3336 1789 3389; x_wconf 86' lang='lat' dir='ltr'><strong>Ac</strong></span> <span class='ocrx_word' id='word_1_382' title='bbox 1821 3333 1941 3388; x_wconf 90' lang='lat' dir='ltr'><strong>aliis</strong></span> 
     </span>
    </p>
   </div>
   <div class='ocr_carea' id='block_1_52' title="bbox 363 3427 1938 3520">
    <p class='ocr_par' dir='ltr' id='par_1_52' title="bbox 363 3427 1938 3520">
     <span class='ocr_line' id='line_1_54' title="bbox 363 3427 1938 3520; baseline -0.018 -14"><span class='ocrx_word' id='word_1_383' title='bbox 363 3449 580 3520; x_wconf 90' lang='lat' dir='ltr'><strong>quidem</strong></span> <span class='ocrx_word' id='word_1_384' title='bbox 611 3444 676 3500; x_wconf 87' lang='lat' dir='ltr'><strong>ad</strong></span> <span class='ocrx_word' id='word_1_385' title='bbox 700 3441 1062 3514; x_wconf 88' lang='lat' dir='ltr'><strong>quantitatem</strong></span> <span class='ocrx_word' id='word_1_386' title='bbox 1083 3435 1309 3498; x_wconf 86' lang='lat' dir='ltr'><strong>addens,</strong></span> <span class='ocrx_word' id='word_1_387' title='bbox 1328 3431 1448 3486; x_wconf 86' lang='lat' dir='ltr'><strong>aliis</strong></span> <span class='ocrx_word' id='word_1_388' title='bbox 1461 3445 1593 3485; x_wconf 91' lang='lat' dir='ltr'><strong>vero</strong></span> <span class='ocrx_word' id='word_1_389' title='bbox 1622 3427 1938 3491; x_wconf 87' lang='lat' dir='ltr'><strong>detrahens,</strong></span> 
     </span>
    </p>
   </div>
   <div class='ocr_carea' id='block_1_53' title="bbox 363 3517 1942 3594">
    <p class='ocr_par' dir='ltr' id='par_1_53' title="bbox 363 3517 1942 3594">
     <span class='ocr_line' id='line_1_55' title="bbox 363 3517 1942 3594; baseline -0.016 0"><span class='ocrx_word' id='word_1_390' title='bbox 363 3517 422 3594; x_wconf 67' lang='lat' dir='ltr'><strong>et</strong></span> <span class='ocrx_word' id='word_1_391' title='bbox 454 3537 588 3592; x_wconf 90' lang='lat' dir='ltr'><strong>alias</strong></span> <span class='ocrx_word' id='word_1_392' title='bbox 613 3532 923 3594; x_wconf 89' lang='lat' dir='ltr'><strong>intendens,</strong></span> <span class='ocrx_word' id='word_1_393' title='bbox 944 3527 1078 3581; x_wconf 87' lang='lat' dir='ltr'><strong>alias</strong></span> <span class='ocrx_word' id='word_1_394' title='bbox 1107 3539 1237 3580; x_wconf 90' lang='lat' dir='ltr'><strong>vero</strong></span> <span class='ocrx_word' id='word_1_395' title='bbox 1272 3521 1555 3578; x_wconf 89' lang='lat' dir='ltr'><strong>remittens</strong></span> <span class='ocrx_word' id='word_1_396' title='bbox 1599 3519 1726 3574; x_wconf 84' lang='lat' dir='ltr'><strong>vitae</strong></span> <span class='ocrx_word' id='word_1_397' title='bbox 1789 3517 1942 3571; x_wconf 86' lang='lat' dir='ltr'><strong>insti-</strong></span> 
     </span>
    </p>
   </div>
   <div class='ocr_carea' id='block_1_54' title="bbox 363 3601 1942 3698">
    <p class='ocr_par' dir='ltr' id='par_1_54' title="bbox 363 3601 1942 3698">
     <span class='ocr_line' id='line_1_56' title="bbox 363 3601 1942 3698; baseline -0.015 -13"><span class='ocrx_word' id='word_1_398' title='bbox 363 3639 481 3685; x_wconf 90' lang='lat' dir='ltr'><strong>tuto</strong></span> <span class='ocrx_word' id='word_1_399' title='bbox 519 3625 858 3698; x_wconf 87' lang='lat' dir='ltr'><strong>qualitates,</strong></span> <span class='ocrx_word' id='word_1_400' title='bbox 908 3619 1044 3674; x_wconf 88' lang='lat' dir='ltr'><strong>alias</strong></span> <span class='ocrx_word' id='word_1_401' title='bbox 1096 3617 1413 3678; x_wconf 84' lang='lat' dir='ltr'><strong>immutans,</strong></span> <span class='ocrx_word' id='word_1_402' title='bbox 1463 3612 1597 3666; x_wconf 88' lang='lat' dir='ltr'><strong>alias</strong></span> <span class='ocrx_word' id='word_1_403' title='bbox 1619 3601 1770 3674; x_wconf 86' lang='lat' dir='ltr'><strong>vero,</strong></span> <span class='ocrx_word' id='word_1_404' title='bbox 1822 3622 1942 3677; x_wconf 73' lang='lat' dir='ltr'><strong>quae</strong></span> 
     </span>
    </p>
   </div>
   <div class='ocr_carea' id='block_1_55' title="bbox 365 3699 1940 3776">
    <p class='ocr_par' dir='ltr' id='par_1_55' title="bbox 365 3699 1940 3776">
     <span class='ocr_line' id='line_1_57' title="bbox 365 3699 1940 3776; baseline -0.014 0"><span class='ocrx_word' id='word_1_405' title='bbox 365 3722 664 3776; x_wconf 79' lang='lat' dir='ltr'><strong>secundum</strong></span> <span class='ocrx_word' id='word_1_406' title='bbox 707 3723 961 3769; x_wconf 86' lang='lat' dir='ltr'><strong>naturam</strong></span> <span class='ocrx_word' id='word_1_407' title='bbox 1019 3718 1168 3774; x_wconf 89' lang='lat' dir='ltr'><strong>sunt,</strong></span> <span class='ocrx_word' id='word_1_408' title='bbox 1209 3720 1563 3768; x_wconf 76' lang='lat' dir='ltr'><strong>conservans,</strong></span> <span class='ocrx_word' id='word_1_409' title='bbox 1589 3702 1669 3758; x_wconf 92' lang='lat' dir='ltr'><strong>sic</strong></span> <span class='ocrx_word' id='word_1_410' title='bbox 1699 3701 1768 3756; x_wconf 89' lang='lat' dir='ltr'><strong>ab</strong></span> <span class='ocrx_word' id='word_1_411' title='bbox 1793 3699 1940 3754; x_wconf 93' lang='lat' dir='ltr'><strong>omni</strong></span> 
     </span>
    </p>
   </div>
   <div class='ocr_carea' id='block_1_56' title="bbox 364 3801 1939 3871">
    <p class='ocr_par' dir='ltr' id='par_1_56' title="bbox 364 3801 1939 3871">
     <span class='ocr_line' id='line_1_58' title="bbox 364 3801 1939 3871; baseline -0.014 -4"><span class='ocrx_word' id='word_1_412' title='bbox 364 3809 700 3869; x_wconf 88' lang='lat' dir='ltr'><strong>dissonantia</strong></span> <span class='ocrx_word' id='word_1_413' title='bbox 759 3806 1014 3870; x_wconf 86' lang='lat' dir='ltr'><strong>liberum,</strong></span> <span class='ocrx_word' id='word_1_414' title='bbox 1068 3815 1302 3871; x_wconf 79' lang='lat' dir='ltr'><strong>apteque</strong></span> <span class='ocrx_word' id='word_1_415' title='bbox 1339 3801 1688 3860; x_wconf 91' lang='lat' dir='ltr'><strong>instructum,</strong></span> <span class='ocrx_word' id='word_1_416' title='bbox 1728 3809 1939 3859; x_wconf 89' lang='lat' dir='ltr'><strong>revera,</strong></span> 
     </span>
    </p>
   </div>
   <div class='ocr_carea' id='block_1_57' title="bbox 365 3889 1940 3965">
    <p class='ocr_par' dir='ltr' id='par_1_57' title="bbox 365 3889 1940 3965">
     <span class='ocr_line' id='line_1_59' title="bbox 365 3889 1940 3965; baseline -0.013 -9"><span class='ocrx_word' id='word_1_417' title='bbox 365 3898 773 3959; x_wconf 87' lang='lat' dir='ltr'><strong>tetrachordum</strong></span> <span class='ocrx_word' id='word_1_418' title='bbox 807 3894 1053 3965; x_wconf 89' lang='lat' dir='ltr'><strong>corporis</strong></span> <span class='ocrx_word' id='word_1_419' title='bbox 1075 3891 1242 3947; x_wconf 91' lang='lat' dir='ltr'><strong>nostri</strong></span> <span class='ocrx_word' id='word_1_420' title='bbox 1267 3891 1330 3943; x_wconf 93' lang='lat' dir='ltr'><strong>ad</strong></span> <span class='ocrx_word' id='word_1_421' title='bbox 1349 3889 1565 3942; x_wconf 89' lang='lat' dir='ltr'><strong>virtutis</strong></span> <span class='ocrx_word' id='word_1_422' title='bbox 1595 3893 1940 3945; x_wconf 86' lang='lat' dir='ltr'><strong>concentum,</strong></span> 
     </span>
    </p>
   </div>
   <div class='ocr_carea' id='block_1_58' title="bbox 365 3980 1945 4061">
    <p class='ocr_par' dir='ltr' id='par_1_58' title="bbox 365 3980 1945 4061">
     <span class='ocr_line' id='line_1_60' title="bbox 365 3980 1945 4061; baseline -0.012 -11"><span class='ocrx_word' id='word_1_423' title='bbox 365 3993 562 4050; x_wconf 64' lang='lat' dir='ltr'><strong>animae</strong></span> <span class='ocrx_word' id='word_1_424' title='bbox 590 3987 934 4061; x_wconf 62' lang='lat' dir='ltr'><strong>praeparabit.</strong></span> <span class='ocrx_word' id='word_1_425' title='bbox 961 3986 1139 4054; x_wconf 82' lang='lat' dir='ltr'><strong>Atque</strong></span> <span class='ocrx_word' id='word_1_426' title='bbox 1161 3985 1277 4038; x_wconf 61' lang='lat' dir='ltr'><strong>haec</strong></span> <span class='ocrx_word' id='word_1_427' title='bbox 1300 3983 1516 4052; x_wconf 82' lang='lat' dir='ltr'><strong>quidem</strong></span> <span class='ocrx_word' id='word_1_428' title='bbox 1545 3980 1612 4035; x_wconf 91' lang='lat' dir='ltr'><strong>de</strong></span> <span class='ocrx_word' id='word_1_429' title='bbox 1637 3989 1750 4045; x_wconf 71' lang='lat' dir='ltr'><strong>trust</strong></span> <span class='ocrx_word' id='word_1_430' title='bbox 1763 3995 1824 4034; x_wconf 90' lang='lat' dir='ltr'><strong>us</strong></span> <span class='ocrx_word' id='word_1_431' title='bbox 1853 3994 1945 4032; x_wconf 90' lang='lat' dir='ltr'><strong>ra-</strong></span> 
     </span>
    </p>
   </div>
   <div class='ocr_carea' id='block_1_59' title="bbox 370 4067 1944 4148">
    <p class='ocr_par' dir='ltr' id='par_1_59' title="bbox 370 4067 1944 4148">
     <span class='ocr_line' id='line_1_61' title="bbox 370 4067 1944 4148; baseline -0.01 -10"><span class='ocrx_word' id='word_1_432' title='bbox 370 4085 517 4140; x_wconf 90' lang='lat' dir='ltr'><strong>tione</strong></span> <span class='ocrx_word' id='word_1_433' title='bbox 553 4083 696 4136; x_wconf 84' lang='lat' dir='ltr'><strong>dicla</strong></span> <span class='ocrx_word' id='word_1_434' title='bbox 723 4081 835 4135; x_wconf 94' lang='lat' dir='ltr'><strong>sint</strong></span> <span class='ocrx_word' id='word_1_435' title='bbox 864 4085 1088 4148; x_wconf 90' lang='lat' dir='ltr'><strong>propter</strong></span> <span class='ocrx_word' id='word_1_436' title='bbox 1116 4089 1231 4138; x_wconf 92' lang='lat' dir='ltr'><strong>eos,</strong></span> <span class='ocrx_word' id='word_1_437' title='bbox 1257 4074 1347 4141; x_wconf 92' lang='lat' dir='ltr'><strong>qui</strong></span> <span class='ocrx_word' id='word_1_438' title='bbox 1378 4073 1429 4124; x_wconf 95' lang='lat' dir='ltr'><strong>in</strong></span> <span class='ocrx_word' id='word_1_439' title='bbox 1470 4069 1823 4141; x_wconf 83' lang='lat' dir='ltr'><strong>virginitatis,</strong></span> <span class='ocrx_word' id='word_1_440' title='bbox 1858 4067 1944 4124; x_wconf 90' lang='lat' dir='ltr'><strong>vel</strong></span> 
     </span>
    </p>
   </div>
   <div class='ocr_carea' id='block_1_60' title="bbox 367 4165 1764 4247">
    <p class='ocr_par' dir='ltr' id='par_1_60' title="bbox 367 4165 1764 4247">
     <span class='ocr_line' id='line_1_62' title="bbox 367 4165 1764 4247; baseline -0.012 -15"><span class='ocrx_word' id='word_1_441' title='bbox 367 4175 545 4247; x_wconf 87' lang='lat' dir='ltr'><strong>potius</strong></span> <span class='ocrx_word' id='word_1_442' title='bbox 575 4174 628 4230; x_wconf 92' lang='lat' dir='ltr'><strong>in</strong></span> <span class='ocrx_word' id='word_1_443' title='bbox 651 4171 816 4228; x_wconf 88' lang='lat' dir='ltr'><strong>totius</strong></span> <span class='ocrx_word' id='word_1_444' title='bbox 839 4168 1064 4224; x_wconf 88' lang='lat' dir='ltr'><strong>virtutis</strong></span> <span class='ocrx_word' id='word_1_445' title='bbox 1099 4165 1378 4222; x_wconf 88' lang='lat' dir='ltr'><strong>curriculo</strong></span> <span class='ocrx_word' id='word_1_446' title='bbox 1411 4172 1764 4220; x_wconf 83' lang='lat' dir='ltr'><strong>exercentur.</strong></span> 
     </span>
    </p>
   </div>
   <div class='ocr_carea' id='block_1_61' title="bbox 2036 1846 3629 1932">
    <p class='ocr_par' dir='ltr' id='par_1_61' title="bbox 2036 1846 3629 1932">
     <span class='ocr_line' id='line_1_63' title="bbox 2036 1846 3629 1932; baseline -0.012 -18"><span class='ocrx_word' id='word_1_447' title='bbox 2036 1860 2172 1932; x_wconf 83' lang='grc' dir='ltr'>μηδὲ</span> <span class='ocrx_word' id='word_1_448' title='bbox 2199 1860 2324 1922; x_wconf 83' lang='grc' dir='ltr'>τοὺς</span> <span class='ocrx_word' id='word_1_449' title='bbox 2356 1858 2508 1920; x_wconf 78' lang='grc' dir='ltr'>άιλας,</span> <span class='ocrx_word' id='word_1_450' title='bbox 2532 1854 2750 1926; x_wconf 78' lang='grc' dir='ltr'>ἥδυσμα</span> <span class='ocrx_word' id='word_1_451' title='bbox 2769 1851 2860 1904; x_wconf 88' lang='grc' dir='ltr'><strong>τοῦ</strong></span> <span class='ocrx_word' id='word_1_452' title='bbox 2885 1852 3048 1922; x_wconf 85' lang='grc' dir='ltr'>ἄρτου</span> <span class='ocrx_word' id='word_1_453' title='bbox 3075 1851 3439 1919; x_wconf 82' lang='grc' dir='ltr'>ὑπάρχοντας.</span> <span class='ocrx_word' id='word_1_454' title='bbox 3472 1846 3629 1907; x_wconf 77' lang='grc' dir='ltr'>ἴσους</span> 
     </span>
    </p>
   </div>
   <div class='ocr_carea' id='block_1_62' title="bbox 2033 1936 3631 2020">
    <p class='ocr_par' dir='ltr' id='par_1_62' title="bbox 2033 1936 3631 2020">
     <span class='ocr_line' id='line_1_64' title="bbox 2033 1936 3631 2020; baseline -0.011 -16"><span class='ocrx_word' id='word_1_455' title='bbox 2033 1950 2379 2020; x_wconf 70' lang='grc' dir='ltr'>ποσότητιμ)</span> <span class='ocrx_word' id='word_1_456' title='bbox 2405 1947 2542 2018; x_wconf 88' lang='grc' dir='ltr'><strong>μετά</strong></span> <span class='ocrx_word' id='word_1_457' title='bbox 2562 1943 2653 1998; x_wconf 83' lang='grc' dir='ltr'><strong>τοῦ</strong></span> <span class='ocrx_word' id='word_1_458' title='bbox 2681 1943 2846 2014; x_wconf 80' lang='grc' dir='ltr'>ἄρτου</span> <span class='ocrx_word' id='word_1_459' title='bbox 2869 1939 3319 2012; x_wconf 70' lang='grc' dir='ltr'>παραληψόμεθα.</span> <span class='ocrx_word' id='word_1_460' title='bbox 3349 1936 3489 1990; x_wconf 84' lang='grc' dir='ltr'>Είδὲ</span> <span class='ocrx_word' id='word_1_461' title='bbox 3525 1937 3631 1988; x_wconf 86' lang='grc' dir='ltr'><strong>οὑκ</strong></span> 
     </span>
    </p>
   </div>
   <div class='ocr_carea' id='block_1_63' title="bbox 2036 2028 3633 2108">
    <p class='ocr_par' dir='ltr' id='par_1_63' title="bbox 2036 2028 3633 2108">
     <span class='ocr_line' id='line_1_65' title="bbox 2036 2028 3633 2108; baseline -0.011 -11"><span class='ocrx_word' id='word_1_462' title='bbox 2036 2042 2100 2097; x_wconf 82' lang='grc' dir='ltr'><strong>ἄν</strong></span> <span class='ocrx_word' id='word_1_463' title='bbox 2122 2061 2204 2107; x_wconf 88' lang='grc' dir='ltr'><strong>τις</strong></span> <span class='ocrx_word' id='word_1_464' title='bbox 2227 2043 2342 2096; x_wconf 79' lang='grc' dir='ltr'>ἴσον</span> <span class='ocrx_word' id='word_1_465' title='bbox 2378 2040 2440 2092; x_wconf 85' lang='grc' dir='ltr'>τὺ</span> <span class='ocrx_word' id='word_1_466' title='bbox 2473 2039 2693 2108; x_wconf 90' lang='grc' dir='ltr'>ἄρτυμα</span> <span class='ocrx_word' id='word_1_467' title='bbox 2723 2035 2802 2106; x_wconf 82' lang='grc' dir='ltr'>τῷ</span> <span class='ocrx_word' id='word_1_468' title='bbox 2838 2028 2899 2088; x_wconf 74' lang='grc' dir='ltr'>οὗ</span> <span class='ocrx_word' id='word_1_469' title='bbox 2927 2033 3417 2105; x_wconf 74' lang='grc' dir='ltr'>παραλαμϐάνεται</span> <span class='ocrx_word' id='word_1_470' title='bbox 3451 2029 3633 2100; x_wconf 83' lang='grc' dir='ltr'>ἄρτυ-</span> 
     </span>
    </p>
   </div>
   <div class='ocr_carea' id='block_1_64' title="bbox 2041 2118 3630 2206">
    <p class='ocr_par' dir='ltr' id='par_1_64' title="bbox 2041 2118 3630 2206">
     <span class='ocr_line' id='line_1_66' title="bbox 2041 2118 3630 2206; baseline -0.009 -19"><span class='ocrx_word' id='word_1_471' title='bbox 2041 2151 2118 2206; x_wconf 91' lang='grc' dir='ltr'><strong>μα</strong></span> <span class='ocrx_word' id='word_1_472' title='bbox 2150 2129 2588 2204; x_wconf 83' lang='grc' dir='ltr'>προσενέγκοιτο,</span> <span class='ocrx_word' id='word_1_473' title='bbox 2613 2126 2728 2189; x_wconf 88' lang='grc' dir='ltr'><strong>πῶς</strong></span> <span class='ocrx_word' id='word_1_474' title='bbox 2751 2127 2814 2180; x_wconf 88' lang='grc' dir='ltr'><strong>ἄν</strong></span> <span class='ocrx_word' id='word_1_475' title='bbox 2845 2142 2928 2187; x_wconf 89' lang='grc' dir='ltr'><strong>τις</strong></span> <span class='ocrx_word' id='word_1_476' title='bbox 2958 2122 3355 2185; x_wconf 78' lang='grc' dir='ltr'>πλεονάζουσαν</span> <span class='ocrx_word' id='word_1_477' title='bbox 3381 2120 3482 2189; x_wconf 80' lang='grc' dir='ltr'><strong>τὴν</strong></span> <span class='ocrx_word' id='word_1_478' title='bbox 3515 2118 3630 2173; x_wconf 83' lang='grc' dir='ltr'><strong>τῶν</strong></span> 
     </span>
    </p>
   </div>
   <div class='ocr_carea' id='block_1_65' title="bbox 2035 2204 3632 2294">
    <p class='ocr_par' dir='ltr' id='par_1_65' title="bbox 2035 2204 3632 2294">
     <span class='ocr_line' id='line_1_67' title="bbox 2035 2204 3632 2294; baseline -0.013 -18"><span class='ocrx_word' id='word_1_479' title='bbox 2035 2204 2476 2294; x_wconf 69' lang='grc' dir='ltr'>προσεψημάτων</span> <span class='ocrx_word' id='word_1_480' title='bbox 2533 2215 2742 2286; x_wconf 87' lang='grc' dir='ltr'>χρείαν,</span> <span class='ocrx_word' id='word_1_481' title='bbox 2801 2211 2902 2280; x_wconf 80' lang='grc' dir='ltr'>τῆς</span> <span class='ocrx_word' id='word_1_482' title='bbox 2950 2208 3368 2281; x_wconf 79' lang='grc' dir='ltr'>προηγουμένης</span> <span class='ocrx_word' id='word_1_483' title='bbox 3414 2204 3632 2274; x_wconf 78' lang='grc' dir='ltr'>τροφῆς</span> 
     </span>
    </p>
   </div>
   <div class='ocr_carea' id='block_1_66' title="bbox 2035 2297 3631 2385">
    <p class='ocr_par' dir='ltr' id='par_1_66' title="bbox 2035 2297 3631 2385">
     <span class='ocr_line' id='line_1_68' title="bbox 2035 2297 3631 2385; baseline -0.013 -19"><span class='ocrx_word' id='word_1_484' title='bbox 2035 2311 2341 2385; x_wconf 77' lang='grc' dir='ltr'>παραλάϐοι</span> <span class='ocrx_word' id='word_1_485' title='bbox 2367 2326 2380 2374; x_wconf 91' lang='grc'><strong>;</strong></span> <span class='ocrx_word' id='word_1_486' title='bbox 2415 2308 2610 2361; x_wconf 79' lang='grc' dir='ltr'>Οὐκέτι</span> <span class='ocrx_word' id='word_1_487' title='bbox 2649 2305 2757 2376; x_wconf 84' lang='grc' dir='ltr'><strong>γὰρ</strong></span> <span class='ocrx_word' id='word_1_488' title='bbox 2788 2303 2940 2356; x_wconf 78' lang='grc' dir='ltr'>ἔσται</span> <span class='ocrx_word' id='word_1_489' title='bbox 2964 2301 3139 2355; x_wconf 89' lang='grc' dir='ltr'>ταῦτα</span> <span class='ocrx_word' id='word_1_490' title='bbox 3171 2299 3264 2353; x_wconf 87' lang='grc' dir='ltr'><strong>τοῦ</strong></span> <span class='ocrx_word' id='word_1_491' title='bbox 3294 2298 3461 2369; x_wconf 83' lang='grc' dir='ltr'>ἄρτου</span> <span class='ocrx_word' id='word_1_492' title='bbox 3490 2297 3631 2366; x_wconf 85' lang='grc' dir='ltr'>ἁλη-</span> 
     </span>
    </p>
   </div>
   <div class='ocr_carea' id='block_1_67' title="bbox 2035 2388 3630 2474">
    <p class='ocr_par' dir='ltr' id='par_1_67' title="bbox 2035 2388 3630 2474">
     <span class='ocr_line' id='line_1_69' title="bbox 2035 2388 3630 2474; baseline -0.011 -17"><span class='ocrx_word' id='word_1_493' title='bbox 2035 2404 2143 2467; x_wconf 85' lang='grc' dir='ltr'><strong>θῶς</strong></span> <span class='ocrx_word' id='word_1_494' title='bbox 2199 2399 2622 2474; x_wconf 72' lang='grc' dir='ltr'>προσεψήματα,</span> <span class='ocrx_word' id='word_1_495' title='bbox 2665 2394 2804 2449; x_wconf 83' lang='grc' dir='ltr'>ἀλλὰ</span> <span class='ocrx_word' id='word_1_496' title='bbox 2839 2396 2868 2446; x_wconf 88' lang='grc' dir='ltr'>ὁ</span> <span class='ocrx_word' id='word_1_497' title='bbox 2907 2393 3070 2464; x_wconf 82' lang='grc' dir='ltr'>ἄρτος</span> <span class='ocrx_word' id='word_1_498' title='bbox 3098 2389 3363 2446; x_wconf 85' lang='grc' dir='ltr'>ἀνάπαλιν</span> <span class='ocrx_word' id='word_1_499' title='bbox 3395 2388 3630 2441; x_wconf 80' lang='grc' dir='ltr'>τούτων.</span> 
     </span>
    </p>
   </div>
   <div class='ocr_carea' id='block_1_68' title="bbox 2035 2483 3629 2565">
    <p class='ocr_par' dir='ltr' id='par_1_68' title="bbox 2035 2483 3629 2565">
     <span class='ocr_line' id='line_1_70' title="bbox 2035 2483 3629 2565; baseline -0.012 -16"><span class='ocrx_word' id='word_1_500' title='bbox 2035 2496 2144 2550; x_wconf 72' lang='grc' dir='ltr'>Καὶ</span> <span class='ocrx_word' id='word_1_501' title='bbox 2168 2495 2392 2565; x_wconf 85' lang='grc' dir='ltr'>λήσεται</span> <span class='ocrx_word' id='word_1_502' title='bbox 2428 2490 2589 2543; x_wconf 89' lang='grc' dir='ltr'>πάλιν</span> <span class='ocrx_word' id='word_1_503' title='bbox 2623 2488 2770 2557; x_wconf 85' lang='grc' dir='ltr'>ἄλλῳ</span> <span class='ocrx_word' id='word_1_504' title='bbox 2797 2485 2938 2555; x_wconf 85' lang='grc' dir='ltr'>λόγῳ</span> <span class='ocrx_word' id='word_1_505' title='bbox 2965 2486 2999 2554; x_wconf 80' lang='grc' dir='ltr'>ή</span> <span class='ocrx_word' id='word_1_506' title='bbox 3033 2483 3221 2551; x_wconf 82' lang='grc' dir='ltr'>γεῦσις</span> <span class='ocrx_word' id='word_1_507' title='bbox 3247 2496 3629 2547; x_wconf 67' lang='grc' dir='ltr'>κατασοφισα-</span> 
     </span>
    </p>
   </div>
   <div class='ocr_carea' id='block_1_69' title="bbox 2038 2567 3628 2660">
    <p class='ocr_par' dir='ltr' id='par_1_69' title="bbox 2038 2567 3628 2660">
     <span class='ocr_line' id='line_1_71' title="bbox 2038 2567 3628 2660; baseline -0.012 -20"><span class='ocrx_word' id='word_1_508' title='bbox 2038 2587 2194 2660; x_wconf 89' lang='grc' dir='ltr'>μένη,</span> <span class='ocrx_word' id='word_1_509' title='bbox 2218 2583 2306 2638; x_wconf 85' lang='grc' dir='ltr'>διὰ</span> <span class='ocrx_word' id='word_1_510' title='bbox 2340 2582 2442 2653; x_wconf 76' lang='grc' dir='ltr'><strong>τῆς</strong></span> <span class='ocrx_word' id='word_1_511' title='bbox 2469 2579 2742 2642; x_wconf 83' lang='grc' dir='ltr'>ποικιλίας</span> <span class='ocrx_word' id='word_1_512' title='bbox 2772 2577 2880 2630; x_wconf 88' lang='grc' dir='ltr'><strong>τῶν</strong></span> <span class='ocrx_word' id='word_1_513' title='bbox 2910 2576 3078 2645; x_wconf 53' lang='grc' dir='ltr'>δᾴων,</span> <span class='ocrx_word' id='word_1_514' title='bbox 3120 2574 3254 2642; x_wconf 78' lang='grc' dir='ltr'>πρὸς</span> <span class='ocrx_word' id='word_1_515' title='bbox 3291 2572 3486 2641; x_wconf 76' lang='grc' dir='ltr'>ἡδονὴν</span> <span class='ocrx_word' id='word_1_516' title='bbox 3533 2567 3628 2622; x_wconf 79' lang='grc' dir='ltr'><strong>τὸν</strong></span> 
     </span>
    </p>
   </div>
   <div class='ocr_carea' id='block_1_70' title="bbox 2035 2662 3630 2751">
    <p class='ocr_par' dir='ltr' id='par_1_70' title="bbox 2035 2662 3630 2751">
     <span class='ocr_line' id='line_1_72' title="bbox 2035 2662 3630 2751; baseline -0.013 -19"><span class='ocrx_word' id='word_1_517' title='bbox 2035 2679 2248 2751; x_wconf 73' lang='grc' dir='ltr'>ἡνίοχον</span> <span class='ocrx_word' id='word_1_518' title='bbox 2271 2693 2285 2706; x_wconf 86' lang='grc'><strong>·</strong></span> <span class='ocrx_word' id='word_1_519' title='bbox 2324 2670 2444 2727; x_wconf 82' lang='grc' dir='ltr'>εἶτα</span> <span class='ocrx_word' id='word_1_520' title='bbox 2479 2671 2727 2726; x_wconf 73' lang='grc' dir='ltr'>ἐντεῦθεν</span> <span class='ocrx_word' id='word_1_521' title='bbox 2753 2668 3123 2741; x_wconf 84' lang='grc' dir='ltr'>εὑρεθήσεται,</span> <span class='ocrx_word' id='word_1_522' title='bbox 3149 2665 3176 2717; x_wconf 88' lang='grc' dir='ltr'>ὃ</span> <span class='ocrx_word' id='word_1_523' title='bbox 3199 2663 3387 2734; x_wconf 79' lang='grc' dir='ltr'>φεύγει</span> <span class='ocrx_word' id='word_1_524' title='bbox 3416 2662 3504 2715; x_wconf 77' lang='grc' dir='ltr'><strong>διά</strong></span> <span class='ocrx_word' id='word_1_525' title='bbox 3527 2662 3630 2731; x_wconf 76' lang='grc' dir='ltr'>τῆς</span> 
     </span>
    </p>
   </div>
   <div class='ocr_carea' id='block_1_71' title="bbox 2035 2757 3631 2840">
    <p class='ocr_par' dir='ltr' id='par_1_71' title="bbox 2035 2757 3631 2840">
     <span class='ocr_line' id='line_1_73' title="bbox 2035 2757 3631 2840; baseline -0.013 -15"><span class='ocrx_word' id='word_1_526' title='bbox 2035 2771 2342 2840; x_wconf 78' lang='grc' dir='ltr'>ἀσκήσεως,</span> <span class='ocrx_word' id='word_1_527' title='bbox 2383 2766 2546 2820; x_wconf 86' lang='grc' dir='ltr'>πάλιν</span> <span class='ocrx_word' id='word_1_528' title='bbox 2588 2763 2820 2818; x_wconf 82' lang='grc' dir='ltr'>διώκων.</span> <span class='ocrx_word' id='word_1_529' title='bbox 2852 2758 3082 2820; x_wconf 78' lang='grc' dir='ltr'>Οὐκοῦν,</span> <span class='ocrx_word' id='word_1_530' title='bbox 3114 2757 3302 2825; x_wconf 83' lang='grc' dir='ltr'>ὥσπερ</span> <span class='ocrx_word' id='word_1_531' title='bbox 3343 2758 3400 2808; x_wconf 81' lang='grc' dir='ltr'><strong>ἐν</strong></span> <span class='ocrx_word' id='word_1_532' title='bbox 3431 2771 3631 2826; x_wconf 82' lang='grc' dir='ltr'>τετρα-</span> 
     </span>
    </p>
   </div>
   <div class='ocr_carea' id='block_1_72' title="bbox 2036 2843 3630 2933">
    <p class='ocr_par' dir='ltr' id='par_1_72' title="bbox 2036 2843 3630 2933">
     <span class='ocr_line' id='line_1_74' title="bbox 2036 2843 3630 2933; baseline -0.011 -19"><span class='ocrx_word' id='word_1_533' title='bbox 2036 2861 2210 2933; x_wconf 84' lang='grc' dir='ltr'>χόρδῳ</span> <span class='ocrx_word' id='word_1_534' title='bbox 2239 2857 2338 2929; x_wconf 81' lang='grc'>(5),</span> <span class='ocrx_word' id='word_1_535' title='bbox 2379 2856 2650 2912; x_wconf 82' lang='grc' dir='ltr'>συνελόντι</span> <span class='ocrx_word' id='word_1_536' title='bbox 2682 2855 2868 2924; x_wconf 79' lang='grc' dir='ltr'>φάναι,</span> <span class='ocrx_word' id='word_1_537' title='bbox 2901 2850 3080 2921; x_wconf 85' lang='grc' dir='ltr'>ἀγαθὴ</span> <span class='ocrx_word' id='word_1_538' title='bbox 3127 2846 3382 2918; x_wconf 86' lang='grc' dir='ltr'>ἁρμονία,</span> <span class='ocrx_word' id='word_1_539' title='bbox 3437 2843 3630 2915; x_wconf 76' lang='grc' dir='ltr'>ἐπειδὴ</span> 
     </span>
    </p>
   </div>
   <div class='ocr_carea' id='block_1_73' title="bbox 2036 2935 3626 3023">
    <p class='ocr_par' dir='ltr' id='par_1_73' title="bbox 2036 2935 3626 3023">
     <span class='ocr_line' id='line_1_75' title="bbox 2036 2935 3626 3023; baseline -0.012 -17"><span class='ocrx_word' id='word_1_540' title='bbox 2036 2955 2101 3006; x_wconf 81' lang='grc' dir='ltr'>ὲκ</span> <span class='ocrx_word' id='word_1_541' title='bbox 2128 2950 2427 3023; x_wconf 86' lang='grc' dir='ltr'>τεττάρων,</span> <span class='ocrx_word' id='word_1_542' title='bbox 2457 2949 2560 3020; x_wconf 82' lang='grc' dir='ltr'><strong>γῆς</strong></span> <span class='ocrx_word' id='word_1_543' title='bbox 2601 2948 2695 3000; x_wconf 78' lang='grc' dir='ltr'><strong>καὶ</strong></span> <span class='ocrx_word' id='word_1_544' title='bbox 2745 2945 2958 3008; x_wconf 80' lang='grc' dir='ltr'>ὓδατος,</span> <span class='ocrx_word' id='word_1_545' title='bbox 3013 2941 3172 3012; x_wconf 87' lang='grc' dir='ltr'>ἀέρος</span> <span class='ocrx_word' id='word_1_546' title='bbox 3204 2956 3262 2992; x_wconf 84' lang='grc' dir='ltr'><strong>τε</strong></span> <span class='ocrx_word' id='word_1_547' title='bbox 3303 2937 3396 2991; x_wconf 86' lang='lat' dir='ltr'><strong>xui.</strong></span> <span class='ocrx_word' id='word_1_548' title='bbox 3427 2935 3626 3007; x_wconf 76' lang='grc' dir='ltr'>πυρὸς,</span> 
     </span>
    </p>
   </div>
   <div class='ocr_carea' id='block_1_74' title="bbox 2041 3027 3632 3113">
    <p class='ocr_par' dir='ltr' id='par_1_74' title="bbox 2041 3027 3632 3113">
     <span class='ocr_line' id='line_1_76' title="bbox 2041 3027 3632 3113; baseline -0.009 -16"><span class='ocrx_word' id='word_1_549' title='bbox 2041 3044 2366 3113; x_wconf 83' lang='grc' dir='ltr'>συνέστηκεν</span> <span class='ocrx_word' id='word_1_550' title='bbox 2410 3040 2566 3111; x_wconf 79' lang='grc' dir='ltr'>ἡμῶν</span> <span class='ocrx_word' id='word_1_551' title='bbox 2607 3038 2676 3091; x_wconf 84' lang='grc' dir='ltr'>τὰ</span> <span class='ocrx_word' id='word_1_552' title='bbox 2716 3036 2966 3107; x_wconf 82' lang='grc' dir='ltr'>σώματα,</span> <span class='ocrx_word' id='word_1_553' title='bbox 3013 3033 3088 3104; x_wconf 82' lang='grc' dir='ltr'>τῷ</span> <span class='ocrx_word' id='word_1_554' title='bbox 3126 3032 3222 3103; x_wconf 78' lang='grc' dir='ltr'><strong>μὲν</strong></span> <span class='ocrx_word' id='word_1_555' title='bbox 3262 3030 3494 3084; x_wconf 81' lang='grc' dir='ltr'>ὲνδέοντι</span> <span class='ocrx_word' id='word_1_556' title='bbox 3539 3027 3632 3082; x_wconf 74' lang='grc' dir='ltr'><strong>διὰ</strong></span> 
     </span>
    </p>
   </div>
   <div class='ocr_carea' id='block_1_75' title="bbox 2038 3121 3627 3204">
    <p class='ocr_par' dir='ltr' id='par_1_75' title="bbox 2038 3121 3627 3204">
     <span class='ocr_line' id='line_1_77' title="bbox 2038 3121 3627 3204; baseline -0.001 -29"><span class='ocrx_word' id='word_1_557' title='bbox 2038 3134 2146 3188; x_wconf 77' lang='grc' dir='ltr'>τῶν</span> <span class='ocrx_word' id='word_1_558' title='bbox 2192 3131 2408 3204; x_wconf 81' lang='grc' dir='ltr'>τροφῶν</span> <span class='ocrx_word' id='word_1_559' title='bbox 2456 3130 2542 3183; x_wconf 77' lang='grc' dir='ltr'>ἀεὶ</span> <span class='ocrx_word' id='word_1_560' title='bbox 2578 3128 2856 3200; x_wconf 83' lang='grc' dir='ltr'>βοηθήσει,</span> <span class='ocrx_word' id='word_1_561' title='bbox 2907 3124 3000 3178; x_wconf 89' lang='grc' dir='ltr'><strong>τοῦ</strong></span> <span class='ocrx_word' id='word_1_562' title='bbox 3043 3125 3100 3178; x_wconf 82' lang='grc' dir='ltr'>δὲ</span> <span class='ocrx_word' id='word_1_563' title='bbox 3140 3121 3528 3185; x_wconf 77' lang='grc' dir='ltr'>πλεονάζοντος</span> <span class='ocrx_word' id='word_1_564' title='bbox 3560 3121 3627 3189; x_wconf 82' lang='grc' dir='ltr'>τῇ</span> 
     </span>
    </p>
   </div>
   <div class='ocr_carea' id='block_1_76' title="bbox 2041 3214 3631 3298">
    <p class='ocr_par' dir='ltr' id='par_1_76' title="bbox 2041 3214 3631 3298">
     <span class='ocr_line' id='line_1_78' title="bbox 2041 3214 3631 3298; baseline -0.011 -16"><span class='ocrx_word' id='word_1_565' title='bbox 2041 3228 2345 3298; x_wconf 74' lang='grc' dir='ltr'>ὑφαιρέσει,</span> <span class='ocrx_word' id='word_1_566' title='bbox 2372 3226 2467 3278; x_wconf 82' lang='lat' dir='ltr'><strong>xui.</strong></span> <span class='ocrx_word' id='word_1_567' title='bbox 2499 3223 2636 3294; x_wconf 85' lang='grc' dir='ltr'>πρὸς</span> <span class='ocrx_word' id='word_1_568' title='bbox 2659 3222 2757 3284; x_wconf 79' lang='grc' dir='ltr'>τὰς</span> <span class='ocrx_word' id='word_1_569' title='bbox 2780 3221 3086 3290; x_wconf 82' lang='grc' dir='ltr'>γυμνασίας</span> <span class='ocrx_word' id='word_1_570' title='bbox 3107 3219 3317 3288; x_wconf 85' lang='grc' dir='ltr'>ἀγωγῇ,</span> <span class='ocrx_word' id='word_1_571' title='bbox 3344 3214 3441 3286; x_wconf 80' lang='grc' dir='ltr'>τὴν</span> <span class='ocrx_word' id='word_1_572' title='bbox 3469 3214 3631 3266; x_wconf 82' lang='grc' dir='ltr'>δυνα-</span> 
     </span>
    </p>
   </div>
   <div class='ocr_carea' id='block_1_77' title="bbox 2043 3308 3627 3389">
    <p class='ocr_par' dir='ltr' id='par_1_77' title="bbox 2043 3308 3627 3389">
     <span class='ocr_line' id='line_1_79' title="bbox 2043 3308 3627 3389; baseline -0.009 -17"><span class='ocrx_word' id='word_1_573' title='bbox 2043 3321 2225 3373; x_wconf 87' lang='grc' dir='ltr'>στείαν</span> <span class='ocrx_word' id='word_1_574' title='bbox 2253 3316 2478 3389; x_wconf 79' lang='grc' dir='ltr'>μαλάξει</span> <span class='ocrx_word' id='word_1_575' title='bbox 2497 3331 2511 3345; x_wconf 75' lang='grc' dir='ltr'><strong>ο</strong></span> <span class='ocrx_word' id='word_1_576' title='bbox 2547 3316 2608 3368; x_wconf 87' lang='grc' dir='ltr'><strong>οὐ</strong></span> <span class='ocrx_word' id='word_1_577' title='bbox 2637 3313 2736 3377; x_wconf 76' lang='grc' dir='ltr'><strong>τὰς</strong></span> <span class='ocrx_word' id='word_1_578' title='bbox 2770 3312 3059 3381; x_wconf 82' lang='grc' dir='ltr'>ποιότητας</span> <span class='ocrx_word' id='word_1_579' title='bbox 3095 3310 3252 3380; x_wconf 85' lang='grc' dir='ltr'>μόνον</span> <span class='ocrx_word' id='word_1_580' title='bbox 3285 3308 3381 3360; x_wconf 90' lang='grc' dir='ltr'><strong>τοῦ</strong></span> <span class='ocrx_word' id='word_1_581' title='bbox 3407 3310 3466 3359; x_wconf 82' lang='grc' dir='ltr'>ὲν</span> <span class='ocrx_word' id='word_1_582' title='bbox 3491 3308 3627 3377; x_wconf 78' lang='grc' dir='ltr'>ἡμῖν</span> 
     </span>
    </p>
   </div>
   <div class='ocr_carea' id='block_1_78' title="bbox 2041 3395 3627 3483">
    <p class='ocr_par' dir='ltr' id='par_1_78' title="bbox 2041 3395 3627 3483">
     <span class='ocr_line' id='line_1_80' title="bbox 2041 3395 3627 3483; baseline -0.01 -17"><span class='ocrx_word' id='word_1_583' title='bbox 2041 3411 2246 3483; x_wconf 87' lang='grc' dir='ltr'>θερμοῦ</span> <span class='ocrx_word' id='word_1_584' title='bbox 2270 3428 2327 3464; x_wconf 90' lang='grc' dir='ltr'><strong>τε</strong></span> <span class='ocrx_word' id='word_1_585' title='bbox 2350 3409 2443 3463; x_wconf 74' lang='grc' dir='ltr'><strong>καὶ</strong></span> <span class='ocrx_word' id='word_1_586' title='bbox 2467 3405 2696 3476; x_wconf 75' lang='grc' dir='ltr'>ψυχροῦ,</span> <span class='ocrx_word' id='word_1_587' title='bbox 2725 3403 2861 3457; x_wconf 83' lang='grc' dir='ltr'>ἀλλὰ</span> <span class='ocrx_word' id='word_1_588' title='bbox 2894 3405 2987 3456; x_wconf 80' lang='grc' dir='ltr'><strong>καὶ</strong></span> <span class='ocrx_word' id='word_1_589' title='bbox 3011 3402 3107 3465; x_wconf 75' lang='grc' dir='ltr'>τὰς</span> <span class='ocrx_word' id='word_1_590' title='bbox 3137 3401 3427 3471; x_wconf 87' lang='grc' dir='ltr'>ποιότητας</span> <span class='ocrx_word' id='word_1_591' title='bbox 3457 3395 3627 3468; x_wconf 79' lang='grc' dir='ltr'>ξηροῦ</span> 
     </span>
    </p>
   </div>
   <div class='ocr_carea' id='block_1_79' title="bbox 2039 3490 3632 3570">
    <p class='ocr_par' dir='ltr' id='par_1_79' title="bbox 2039 3490 3632 3570">
     <span class='ocr_line' id='line_1_81' title="bbox 2039 3490 3632 3570; baseline -0.009 -16"><span class='ocrx_word' id='word_1_592' title='bbox 2039 3520 2101 3556; x_wconf 91' lang='grc' dir='ltr'><strong>τε</strong></span> <span class='ocrx_word' id='word_1_593' title='bbox 2143 3503 2238 3556; x_wconf 86' lang='lat' dir='ltr'><strong>xui.</strong></span> <span class='ocrx_word' id='word_1_594' title='bbox 2276 3499 2444 3570; x_wconf 83' lang='grc' dir='ltr'>ὑγροῦ</span> <span class='ocrx_word' id='word_1_595' title='bbox 2481 3496 2810 3566; x_wconf 79' lang='grc' dir='ltr'>δοκιμάζων.</span> <span class='ocrx_word' id='word_1_596' title='bbox 2838 3493 2946 3546; x_wconf 79' lang='grc' dir='ltr'><strong>Καὶ</strong></span> <span class='ocrx_word' id='word_1_597' title='bbox 2974 3495 3093 3556; x_wconf 88' lang='grc' dir='ltr'>ταῖς</span> <span class='ocrx_word' id='word_1_598' title='bbox 3120 3492 3215 3563; x_wconf 82' lang='grc' dir='ltr'><strong>μὲν</strong></span> <span class='ocrx_word' id='word_1_599' title='bbox 3241 3493 3321 3553; x_wconf 80' lang='grc' dir='ltr'>εἰς</span> <span class='ocrx_word' id='word_1_600' title='bbox 3351 3490 3632 3558; x_wconf 82' lang='grc' dir='ltr'>ποσότητα</span> 
     </span>
    </p>
   </div>
   <div class='ocr_carea' id='block_1_80' title="bbox 2043 3580 3632 3664">
    <p class='ocr_par' dir='ltr' id='par_1_80' title="bbox 2043 3580 3632 3664">
     <span class='ocr_line' id='line_1_82' title="bbox 2043 3580 3632 3664; baseline -0.009 -19"><span class='ocrx_word' id='word_1_601' title='bbox 2043 3591 2378 3664; x_wconf 76' lang='grc' dir='ltr'>προστιθεὶς,</span> <span class='ocrx_word' id='word_1_602' title='bbox 2411 3589 2519 3642; x_wconf 92' lang='grc' dir='ltr'><strong>τῶν</strong></span> <span class='ocrx_word' id='word_1_603' title='bbox 2553 3588 2609 3640; x_wconf 79' lang='grc' dir='ltr'>δὲ</span> <span class='ocrx_word' id='word_1_604' title='bbox 2638 3584 2902 3657; x_wconf 73' lang='grc' dir='ltr'>ὑφαιρῶν,</span> <span class='ocrx_word' id='word_1_605' title='bbox 2935 3583 3027 3637; x_wconf 73' lang='grc' dir='ltr'><strong>καὶ</strong></span> <span class='ocrx_word' id='word_1_606' title='bbox 3059 3582 3166 3635; x_wconf 89' lang='grc' dir='ltr'><strong>τῶν</strong></span> <span class='ocrx_word' id='word_1_607' title='bbox 3202 3581 3298 3652; x_wconf 82' lang='grc' dir='ltr'>μὲν</span> <span class='ocrx_word' id='word_1_608' title='bbox 3321 3580 3632 3643; x_wconf 81' lang='grc' dir='ltr'>ἐπιτείνων,</span> 
     </span>
    </p>
   </div>
   <div class='ocr_carea' id='block_1_81' title="bbox 2042 3670 3636 3750">
    <p class='ocr_par' dir='ltr' id='par_1_81' title="bbox 2042 3670 3636 3750">
     <span class='ocr_line' id='line_1_83' title="bbox 2042 3670 3636 3750; baseline -0.01 -12"><span class='ocrx_word' id='word_1_609' title='bbox 2042 3683 2150 3738; x_wconf 86' lang='grc' dir='ltr'><strong>τῶν</strong></span> <span class='ocrx_word' id='word_1_610' title='bbox 2179 3684 2235 3736; x_wconf 76' lang='grc' dir='ltr'>δὲ</span> <span class='ocrx_word' id='word_1_611' title='bbox 2257 3682 2427 3745; x_wconf 71' lang='grc' dir='ltr'>ἀνιεὶς</span> <span class='ocrx_word' id='word_1_612' title='bbox 2453 3681 2541 3733; x_wconf 88' lang='grc' dir='ltr'>διὰ</span> <span class='ocrx_word' id='word_1_613' title='bbox 2569 3680 2665 3750; x_wconf 78' lang='grc' dir='ltr'><strong>τῆς</strong></span> <span class='ocrx_word' id='word_1_614' title='bbox 2697 3677 2921 3746; x_wconf 77' lang='grc' dir='ltr'>ἀγωγῆς</span> <span class='ocrx_word' id='word_1_615' title='bbox 2943 3675 3042 3738; x_wconf 83' lang='grc' dir='ltr'>τὰς</span> <span class='ocrx_word' id='word_1_616' title='bbox 3061 3674 3376 3743; x_wconf 78' lang='grc' dir='ltr'>ποιότητας,</span> <span class='ocrx_word' id='word_1_617' title='bbox 3403 3672 3496 3724; x_wconf 88' lang='lat' dir='ltr'><strong>xui.</strong></span> <span class='ocrx_word' id='word_1_618' title='bbox 3527 3670 3636 3732; x_wconf 78' lang='grc' dir='ltr'>τὰς</span> 
     </span>
    </p>
   </div>
   <div class='ocr_carea' id='block_1_82' title="bbox 2046 3761 3634 3849">
    <p class='ocr_par' dir='ltr' id='par_1_82' title="bbox 2046 3761 3634 3849">
     <span class='ocr_line' id='line_1_84' title="bbox 2046 3761 3634 3849; baseline -0.01 -20"><span class='ocrx_word' id='word_1_619' title='bbox 2046 3777 2145 3849; x_wconf 85' lang='grc' dir='ltr'><strong>μὲν</strong></span> <span class='ocrx_word' id='word_1_620' title='bbox 2175 3773 2542 3841; x_wconf 82' lang='grc' dir='ltr'>ἐξαλλάσσων,</span> <span class='ocrx_word' id='word_1_621' title='bbox 2569 3771 2664 3833; x_wconf 81' lang='grc' dir='ltr'><strong>τὰς</strong></span> <span class='ocrx_word' id='word_1_622' title='bbox 2691 3769 2747 3822; x_wconf 84' lang='grc' dir='ltr'>δὲ</span> <span class='ocrx_word' id='word_1_623' title='bbox 2770 3768 2911 3821; x_wconf 79' lang='grc' dir='ltr'>κατὰ</span> <span class='ocrx_word' id='word_1_624' title='bbox 2932 3766 3092 3835; x_wconf 81' lang='grc' dir='ltr'>φύσιν</span> <span class='ocrx_word' id='word_1_625' title='bbox 3118 3764 3321 3834; x_wconf 87' lang='grc' dir='ltr'>τηρῶν,</span> <span class='ocrx_word' id='word_1_626' title='bbox 3348 3761 3488 3815; x_wconf 76' lang='grc' dir='ltr'>οὕτω</span> <span class='ocrx_word' id='word_1_627' title='bbox 3525 3763 3634 3815; x_wconf 82' lang='grc' dir='ltr'>πά-</span> 
     </span>
    </p>
   </div>
   <div class='ocr_carea' id='block_1_83' title="bbox 2045 3853 3636 3941">
    <p class='ocr_par' dir='ltr' id='par_1_83' title="bbox 2045 3853 3636 3941">
     <span class='ocr_line' id='line_1_85' title="bbox 2045 3853 3636 3941; baseline -0.012 -18"><span class='ocrx_word' id='word_1_628' title='bbox 2045 3887 2145 3941; x_wconf 89' lang='grc' dir='ltr'><strong>σης</strong></span> <span class='ocrx_word' id='word_1_629' title='bbox 2209 3864 2579 3938; x_wconf 88' lang='grc' dir='ltr'>ἀναρμοστίας</span> <span class='ocrx_word' id='word_1_630' title='bbox 2629 3860 3068 3934; x_wconf 85' lang='grc' dir='ltr'>ἀπηλλαγμένον,</span> <span class='ocrx_word' id='word_1_631' title='bbox 3125 3857 3487 3928; x_wconf 79' lang='grc' dir='ltr'>εὐάρμοστον,</span> <span class='ocrx_word' id='word_1_632' title='bbox 3552 3853 3636 3917; x_wconf 84' lang='grc' dir='ltr'><strong>ὡς</strong></span> 
     </span>
    </p>
   </div>
   <div class='ocr_carea' id='block_1_84' title="bbox 2043 3946 3630 4030">
    <p class='ocr_par' dir='ltr' id='par_1_84' title="bbox 2043 3946 3630 4030">
     <span class='ocr_line' id='line_1_86' title="bbox 2043 3946 3630 4030; baseline -0.012 -16"><span class='ocrx_word' id='word_1_633' title='bbox 2043 3958 2279 4030; x_wconf 85' lang='grc' dir='ltr'>άληθῶς,</span> <span class='ocrx_word' id='word_1_634' title='bbox 2315 3957 2375 4012; x_wconf 85' lang='grc' dir='ltr'><strong>τὸ</strong></span> <span class='ocrx_word' id='word_1_635' title='bbox 2410 3954 2766 4026; x_wconf 84' lang='grc' dir='ltr'>τετράχορδον</span> <span class='ocrx_word' id='word_1_636' title='bbox 2800 3951 2895 4005; x_wconf 86' lang='grc' dir='ltr'><strong>τοῦ</strong></span> <span class='ocrx_word' id='word_1_637' title='bbox 2940 3949 3188 4020; x_wconf 87' lang='grc' dir='ltr'>σώματος</span> <span class='ocrx_word' id='word_1_638' title='bbox 3225 3947 3402 4018; x_wconf 77' lang='grc' dir='ltr'>ἡμῶν,</span> <span class='ocrx_word' id='word_1_639' title='bbox 3460 3946 3630 4015; x_wconf 76' lang='grc' dir='ltr'>φημὶ,</span> 
     </span>
    </p>
   </div>
   <div class='ocr_carea' id='block_1_85' title="bbox 2044 4037 3627 4123">
    <p class='ocr_par' dir='ltr' id='par_1_85' title="bbox 2044 4037 3627 4123">
     <span class='ocr_line' id='line_1_87' title="bbox 2044 4037 3627 4123; baseline -0.009 -17"><span class='ocrx_word' id='word_1_640' title='bbox 2044 4053 2180 4123; x_wconf 85' lang='grc' dir='ltr'>πρὸς</span> <span class='ocrx_word' id='word_1_641' title='bbox 2211 4051 2311 4121; x_wconf 80' lang='grc' dir='ltr'><strong>τὴν</strong></span> <span class='ocrx_word' id='word_1_642' title='bbox 2336 4047 2431 4102; x_wconf 86' lang='grc' dir='ltr'><strong>τοῦ</strong></span> <span class='ocrx_word' id='word_1_643' title='bbox 2463 4045 2630 4100; x_wconf 84' lang='grc' dir='ltr'>καλοῦ</span> <span class='ocrx_word' id='word_1_644' title='bbox 2674 4043 2960 4115; x_wconf 85' lang='grc' dir='ltr'>μελῳδίαν,</span> <span class='ocrx_word' id='word_1_645' title='bbox 3012 4043 3076 4111; x_wconf 85' lang='grc' dir='ltr'>τῇ</span> <span class='ocrx_word' id='word_1_646' title='bbox 3117 4040 3260 4110; x_wconf 77' lang='grc' dir='ltr'>ψυχῇ</span> <span class='ocrx_word' id='word_1_647' title='bbox 3294 4037 3627 4108; x_wconf 82' lang='grc' dir='ltr'>εὑτρεπίσει.</span> 
     </span>
    </p>
   </div>
   <div class='ocr_carea' id='block_1_86' title="bbox 2056 4128 3630 4209">
    <p class='ocr_par' dir='ltr' id='par_1_86' title="bbox 2056 4128 3630 4209">
     <span class='ocr_line' id='line_1_88' title="bbox 2056 4128 3630 4209; baseline -0.01 -13"><span class='ocrx_word' id='word_1_648' title='bbox 2056 4142 2220 4196; x_wconf 83' lang='grc' dir='ltr'>Ἀλλά</span> <span class='ocrx_word' id='word_1_649' title='bbox 2245 4139 2418 4194; x_wconf 89' lang='grc' dir='ltr'>ταῦτα</span> <span class='ocrx_word' id='word_1_650' title='bbox 2441 4139 2538 4209; x_wconf 79' lang='grc' dir='ltr'><strong>μὲν</strong></span> <span class='ocrx_word' id='word_1_651' title='bbox 2561 4139 2692 4208; x_wconf 82' lang='grc' dir='ltr'>ἡμῖν</span> <span class='ocrx_word' id='word_1_652' title='bbox 2718 4137 2796 4199; x_wconf 80' lang='grc' dir='ltr'><strong>εἰς</strong></span> <span class='ocrx_word' id='word_1_653' title='bbox 2811 4135 2904 4186; x_wconf 81' lang='grc' dir='ltr'><strong>τὸν</strong></span> <span class='ocrx_word' id='word_1_654' title='bbox 2923 4133 3022 4202; x_wconf 78' lang='grc' dir='ltr'>τῆς</span> <span class='ocrx_word' id='word_1_655' title='bbox 3048 4130 3286 4199; x_wconf 87' lang='grc' dir='ltr'>γεύσεως</span> <span class='ocrx_word' id='word_1_656' title='bbox 3310 4129 3508 4199; x_wconf 85' lang='grc' dir='ltr'>τρόπον</span> <span class='ocrx_word' id='word_1_657' title='bbox 3526 4128 3630 4198; x_wconf 84' lang='grc'>(6),</span> 
     </span>
    </p>
   </div>
   <div class='ocr_carea' id='block_1_87' title="bbox 2043 4220 3632 4299">
    <p class='ocr_par' dir='ltr' id='par_1_87' title="bbox 2043 4220 3632 4299">
     <span class='ocr_line' id='line_1_89' title="bbox 2043 4220 3632 4299; baseline -0.009 -10"><span class='ocrx_word' id='word_1_658' title='bbox 2043 4236 2132 4290; x_wconf 77' lang='grc' dir='ltr'>διὰ</span> <span class='ocrx_word' id='word_1_659' title='bbox 2160 4235 2285 4296; x_wconf 78' lang='grc' dir='ltr'>τοὺς</span> <span class='ocrx_word' id='word_1_660' title='bbox 2319 4233 2397 4295; x_wconf 83' lang='grc' dir='ltr'>εἰς</span> <span class='ocrx_word' id='word_1_661' title='bbox 2426 4231 2515 4284; x_wconf 87' lang='grc' dir='ltr'><strong>τὸν</strong></span> <span class='ocrx_word' id='word_1_662' title='bbox 2544 4228 2686 4299; x_wconf 86' lang='grc' dir='ltr'>ὑπὲρ</span> <span class='ocrx_word' id='word_1_663' title='bbox 2728 4224 3024 4298; x_wconf 85' lang='grc' dir='ltr'>παρθενίας</span> <span class='ocrx_word' id='word_1_664' title='bbox 3056 4223 3252 4293; x_wconf 87' lang='grc' dir='ltr'>δρόμον</span> <span class='ocrx_word' id='word_1_665' title='bbox 3289 4222 3389 4291; x_wconf 82' lang='grc'><strong>(7),</strong></span> <span class='ocrx_word' id='word_1_666' title='bbox 3425 4220 3632 4291; x_wconf 81' lang='grc' dir='ltr'>μᾶλλον</span> 
     </span>
    </p>
   </div>
   <div class='ocr_carea' id='block_1_88' title="bbox 2044 4311 3543 4397">
    <p class='ocr_par' dir='ltr' id='par_1_88' title="bbox 2044 4311 3543 4397">
     <span class='ocr_line' id='line_1_90' title="bbox 2044 4311 3543 4397; baseline -0.009 -16"><span class='ocrx_word' id='word_1_667' title='bbox 2044 4329 2100 4382; x_wconf 84' lang='grc' dir='ltr'>δὲ</span> <span class='ocrx_word' id='word_1_668' title='bbox 2125 4327 2263 4397; x_wconf 82' lang='grc' dir='ltr'>ὑπὲρ</span> <span class='ocrx_word' id='word_1_669' title='bbox 2291 4325 2458 4394; x_wconf 82' lang='grc' dir='ltr'>αὐτῆς</span> <span class='ocrx_word' id='word_1_670' title='bbox 2484 4322 2610 4392; x_wconf 82' lang='grc' dir='ltr'>ὅλης</span> <span class='ocrx_word' id='word_1_671' title='bbox 2639 4318 2844 4390; x_wconf 75' lang='grc' dir='ltr'>ἀρετῆς</span> <span class='ocrx_word' id='word_1_672' title='bbox 2874 4313 3263 4385; x_wconf 86' lang='grc' dir='ltr'>ἀσκουμένους,</span> <span class='ocrx_word' id='word_1_673' title='bbox 3283 4311 3543 4384; x_wconf 83' lang='grc' dir='ltr'>εἰρήσθω.</span> 
     </span>
    </p>
   </div>
   <div class='ocr_carea' id='block_1_89' title="bbox 441 4424 1936 4523">
    <p class='ocr_par' dir='ltr' id='par_1_89' title="bbox 441 4427 1936 4499">
     <span class='ocr_line' id='line_1_91' title="bbox 441 4427 1936 4499; baseline -0.003 -9"><span class='ocrx_word' id='word_1_674' title='bbox 441 4435 530 4490; x_wconf 86' lang='lat' dir='ltr'><strong>l0.</strong></span> <span class='ocrx_word' id='word_1_675' title='bbox 559 4434 944 4489; x_wconf 89' lang='lat' dir='ltr'><strong>Demonstrant</strong></span> <span class='ocrx_word' id='word_1_676' title='bbox 971 4436 1178 4494; x_wconf 89' lang='lat' dir='ltr'><strong>autem,</strong></span> <span class='ocrx_word' id='word_1_677' title='bbox 1208 4427 1663 4498; x_wconf 88' lang='lat' dir='ltr'><strong>quemadmodum</strong></span> <span class='ocrx_word' id='word_1_678' title='bbox 1697 4428 1936 4499; x_wconf 83' lang='lat' dir='ltr'><strong>corporis</strong></span> 
     </span>
    </p>
   </div>
   <div class='ocr_carea' id='block_1_90' title="bbox 2064 4424 3633 4523">
    <p class='ocr_par' dir='ltr' id='par_1_90' title="bbox 2117 4424 3633 4500">
     <span class='ocr_line' id='line_1_92' title="bbox 2117 4424 3633 4500; baseline -0.009 -7"><span class='ocrx_word' id='word_1_679' title='bbox 2117 4439 2204 4494; x_wconf 84' lang='grc'><strong>10.</strong></span> <span class='ocrx_word' id='word_1_680' title='bbox 2247 4437 2624 4490; x_wconf 86' lang='grc' dir='ltr'>’Υποδείκνυσι</span> <span class='ocrx_word' id='word_1_681' title='bbox 2663 4433 2731 4498; x_wconf 84' lang='grc' dir='ltr'>δ’,</span> <span class='ocrx_word' id='word_1_682' title='bbox 2763 4433 2867 4498; x_wconf 82' lang='grc' dir='ltr'>ὅτι,</span> <span class='ocrx_word' id='word_1_683' title='bbox 2901 4431 2976 4492; x_wconf 88' lang='grc' dir='ltr'>ὡς</span> <span class='ocrx_word' id='word_1_684' title='bbox 3012 4431 3044 4500; x_wconf 84' lang='grc' dir='ltr'><strong>ἡ</strong></span> <span class='ocrx_word' id='word_1_685' title='bbox 3076 4428 3169 4481; x_wconf 89' lang='grc' dir='ltr'><strong>τοῦ</strong></span> <span class='ocrx_word' id='word_1_686' title='bbox 3205 4427 3454 4497; x_wconf 85' lang='grc' dir='ltr'>σώματος</span> <span class='ocrx_word' id='word_1_687' title='bbox 3486 4424 3633 4480; x_wconf 86' lang='grc' dir='ltr'><strong>κατά</strong></span> 
     </span>
    </p>
   </div>
   <div class='ocr_carea' id='block_1_91' title="bbox 371 4521 1941 4590">
    <p class='ocr_par' dir='ltr' id='par_1_91' title="bbox 371 4521 1941 4590">
     <span class='ocr_line' id='line_1_93' title="bbox 371 4521 1941 4590; baseline -0.008 -6"><span class='ocrx_word' id='word_1_688' title='bbox 371 4529 426 4584; x_wconf 93' lang='lat' dir='ltr'><strong>in</strong></span> <span class='ocrx_word' id='word_1_689' title='bbox 455 4527 689 4581; x_wconf 89' lang='lat' dir='ltr'><strong>animam</strong></span> <span class='ocrx_word' id='word_1_690' title='bbox 711 4524 1020 4580; x_wconf 86' lang='lat' dir='ltr'><strong>dominatus</strong></span> <span class='ocrx_word' id='word_1_691' title='bbox 1049 4523 1116 4576; x_wconf 91' lang='lat' dir='ltr'><strong>ad</strong></span> <span class='ocrx_word' id='word_1_692' title='bbox 1146 4521 1363 4574; x_wconf 91' lang='lat' dir='ltr'><strong>virtutis</strong></span> <span class='ocrx_word' id='word_1_693' title='bbox 1405 4521 1819 4590; x_wconf 81' lang='lat' dir='ltr'><strong>acquisitiouetn</strong></span> <span class='ocrx_word' id='word_1_694' title='bbox 1841 4521 1941 4573; x_wconf 89' lang='lat' dir='ltr'><strong>im-</strong></span> 
     </span>
    </p>
   </div>
   <div class='ocr_carea' id='block_1_92' title="bbox 369 4611 1944 4688">
    <p class='ocr_par' dir='ltr' id='par_1_92' title="bbox 369 4611 1944 4688">
     <span class='ocr_line' id='line_1_94' title="bbox 369 4611 1944 4688; baseline -0.001 -19"><span class='ocrx_word' id='word_1_695' title='bbox 369 4617 682 4688; x_wconf 78' lang='lat' dir='ltr'><strong>pedimento</strong></span> <span class='ocrx_word' id='word_1_696' title='bbox 705 4623 791 4670; x_wconf 89' lang='lat' dir='ltr'><strong>est</strong></span> <span class='ocrx_word' id='word_1_697' title='bbox 815 4652 832 4674; x_wconf 90' lang='lat'><strong>.</strong></span> <span class='ocrx_word' id='word_1_698' title='bbox 867 4613 946 4667; x_wconf 90' lang='lat' dir='ltr'><strong>sic</strong></span> <span class='ocrx_word' id='word_1_699' title='bbox 975 4627 1162 4666; x_wconf 92' lang='lat' dir='ltr'><strong>rursus</strong></span> <span class='ocrx_word' id='word_1_700' title='bbox 1186 4611 1540 4677; x_wconf 88' lang='lat' dir='ltr'><strong>debilitatem,</strong></span> <span class='ocrx_word' id='word_1_701' title='bbox 1583 4626 1688 4665; x_wconf 92' lang='lat' dir='ltr'><strong>non</strong></span> <span class='ocrx_word' id='word_1_702' title='bbox 1731 4613 1944 4668; x_wconf 88' lang='lat' dir='ltr'><strong>valente</strong></span> 
     </span>
    </p>
   </div>
   <div class='ocr_carea' id='block_1_93' title="bbox 371 4705 1940 4777">
    <p class='ocr_par' dir='ltr' id='par_1_93' title="bbox 371 4705 1940 4777">
     <span class='ocr_line' id='line_1_95' title="bbox 371 4705 1940 4777; baseline -0.004 -12"><span class='ocrx_word' id='word_1_703' title='bbox 371 4709 620 4777; x_wconf 88' lang='lat' dir='ltr'><strong>corporis</strong></span> <span class='ocrx_word' id='word_1_704' title='bbox 646 4708 1011 4761; x_wconf 87' lang='lat' dir='ltr'><strong>instrumento</strong></span> <span class='ocrx_word' id='word_1_705' title='bbox 1041 4705 1238 4759; x_wconf 70' lang='lat' dir='ltr'><strong>anima:</strong></span> <span class='ocrx_word' id='word_1_706' title='bbox 1277 4705 1560 4760; x_wconf 89' lang='lat' dir='ltr'><strong>desideriis</strong></span> <span class='ocrx_word' id='word_1_707' title='bbox 1606 4705 1940 4772; x_wconf 89' lang='lat' dir='ltr'><strong>ministrare,</strong></span> 
     </span>
    </p>
   </div>
   <div class='ocr_carea' id='block_1_94' title="bbox 369 4794 1942 4867">
    <p class='ocr_par' dir='ltr' id='par_1_94' title="bbox 369 4794 1942 4867">
     <span class='ocr_line' id='line_1_96' title="bbox 369 4794 1942 4867; baseline -0.003 -12"><span class='ocrx_word' id='word_1_708' title='bbox 369 4799 589 4856; x_wconf 89' lang='lat' dir='ltr'><strong>virtutis</strong></span> <span class='ocrx_word' id='word_1_709' title='bbox 630 4811 851 4852; x_wconf 87' lang='lat' dir='ltr'><strong>cursum</strong></span> <span class='ocrx_word' id='word_1_710' title='bbox 879 4796 1236 4866; x_wconf 87' lang='lat' dir='ltr'><strong>supprimere.</strong></span> <span class='ocrx_word' id='word_1_711' title='bbox 1289 4794 1404 4849; x_wconf 86' lang='lat' dir='ltr'><strong>Non</strong></span> <span class='ocrx_word' id='word_1_712' title='bbox 1453 4797 1597 4850; x_wconf 89' lang='lat' dir='ltr'><strong>enim</strong></span> <span class='ocrx_word' id='word_1_713' title='bbox 1626 4797 1796 4867; x_wconf 76' lang='lat' dir='ltr'><strong>magis</strong></span> <span class='ocrx_word' id='word_1_714' title='bbox 1825 4812 1942 4850; x_wconf 86' lang='lat' dir='ltr'><strong>sar-</strong></span> 
     </span>
    </p>
   </div>
   <div class='ocr_carea' id='block_1_95' title="bbox 372 4889 1940 4958">
    <p class='ocr_par' dir='ltr' id='par_1_95' title="bbox 372 4889 1940 4958">
     <span class='ocr_line' id='line_1_97' title="bbox 372 4889 1940 4958; baseline -0.004 -9"><span class='ocrx_word' id='word_1_715' title='bbox 372 4895 493 4949; x_wconf 91' lang='lat' dir='ltr'><strong>cina</strong></span> <span class='ocrx_word' id='word_1_716' title='bbox 515 4891 780 4956; x_wconf 88' lang='lat' dir='ltr'><strong>carnium,</strong></span> <span class='ocrx_word' id='word_1_717' title='bbox 803 4889 994 4942; x_wconf 75' lang='lat' dir='ltr'><strong>animae</strong></span> <span class='ocrx_word' id='word_1_718' title='bbox 1011 4902 1216 4958; x_wconf 87' lang='lat' dir='ltr'><strong>pennas</strong></span> <span class='ocrx_word' id='word_1_719' title='bbox 1233 4890 1300 4942; x_wconf 89' lang='lat' dir='ltr'><strong>ad</strong></span> <span class='ocrx_word' id='word_1_720' title='bbox 1320 4890 1424 4943; x_wconf 88' lang='lat' dir='ltr'><strong>ima</strong></span> <span class='ocrx_word' id='word_1_721' title='bbox 1447 4889 1762 4954; x_wconf 88' lang='lat' dir='ltr'><strong>detrahens,</strong></span> <span class='ocrx_word' id='word_1_722' title='bbox 1778 4905 1940 4957; x_wconf 84' lang='lat' dir='ltr'><strong>quant</strong></span> 
     </span>
    </p>
   </div>
   <div class='ocr_carea' id='block_1_96' title="bbox 478 5007 937 5078">
    <p class='ocr_par' dir='ltr' id='par_1_96' title="bbox 478 5007 937 5078">
     <span class='ocr_line' id='line_1_98' title="bbox 478 5007 937 5078; baseline -0.007 -13"><span class='ocrx_word' id='word_1_723' title='bbox 478 5013 522 5044; x_wconf 77' lang='grc'><strong>³⁸</strong></span> <span class='ocrx_word' id='word_1_724' title='bbox 549 5009 690 5064; x_wconf 88' lang='lat' dir='ltr'><strong>Psal.</strong></span> <span class='ocrx_word' id='word_1_725' title='bbox 723 5024 836 5078; x_wconf 83' lang='lat' dir='ltr'><strong>cur,</strong></span> <span class='ocrx_word' id='word_1_726' title='bbox 869 5007 937 5062; x_wconf 85' lang='lat' dir='ltr'><strong>l5</strong></span> 
     </span>
    </p>
   </div>
   <div class='ocr_carea' id='block_1_97' title="bbox 438 5100 1938 5186">
    <p class='ocr_par' dir='ltr' id='par_1_97' title="bbox 438 5100 1938 5186">
     <span class='ocr_line' id='line_1_99' title="bbox 438 5100 1938 5186; baseline -0.003 -28"><span class='ocrx_word' id='word_1_727' title='bbox 438 5105 522 5186; x_wconf 48' lang='lat' dir='ltr'><strong>i2)</strong></span> <span class='ocrx_word' id='word_1_728' title='bbox 561 5101 970 5186; x_wconf 52' lang='grc' dir='ltr'>Φυθοκρινεῖγ.</span> <span class='ocrx_word' id='word_1_729' title='bbox 1006 5101 1098 5157; x_wconf 85' lang='lat' dir='ltr'><strong>Sic</strong></span> <span class='ocrx_word' id='word_1_730' title='bbox 1136 5100 1335 5183; x_wconf 73' lang='lat' dir='ltr'><strong>Regius</strong></span> <span class='ocrx_word' id='word_1_731' title='bbox 1366 5100 1530 5155; x_wconf 83' lang='lat' dir='ltr'><strong>codex</strong></span> <span class='ocrx_word' id='word_1_732' title='bbox 1571 5101 1731 5159; x_wconf 69' lang='lat'><strong>2879.</strong></span> <span class='ocrx_word' id='word_1_733' title='bbox 1775 5101 1938 5184; x_wconf 81' lang='lat' dir='ltr'><strong>Edili,</strong></span> 
     </span>
    </p>
   </div>
   <div class='ocr_carea' id='block_1_98' title="bbox 378 5171 1944 5246">
    <p class='ocr_par' dir='ltr' id='par_1_98' title="bbox 378 5171 1944 5246">
     <span class='ocr_line' id='line_1_100' title="bbox 378 5171 1944 5246; baseline -0.001 -18"><span class='ocrx_word' id='word_1_734' title='bbox 378 5171 726 5246; x_wconf 67' lang='grc' dir='ltr'>φιλοκρινεῖν.</span> <span class='ocrx_word' id='word_1_735' title='bbox 758 5171 1038 5246; x_wconf 77' lang='lat' dir='ltr'><strong>Scriptura</strong></span> <span class='ocrx_word' id='word_1_736' title='bbox 1078 5186 1238 5246; x_wconf 80' lang='lat' dir='ltr'><strong>quam</strong></span> <span class='ocrx_word' id='word_1_737' title='bbox 1287 5171 1357 5246; x_wconf 88' lang='lat' dir='ltr'><strong>in_</strong></span> <span class='ocrx_word' id='word_1_738' title='bbox 1387 5185 1701 5246; x_wconf 72' lang='lat' dir='ltr'><strong>C0l_ll_e_Xllllll</strong></span> <span class='ocrx_word' id='word_1_739' title='bbox 1737 5176 1944 5241; x_wconf 80' lang='lat' dir='ltr'><strong>recepi-</strong></span> 
     </span>
    </p>
   </div>
   <div class='ocr_carea' id='block_1_99' title="bbox 378 5241 1942 5368">
    <p class='ocr_par' dir='ltr' id='par_1_99' title="bbox 378 5241 1942 5368">
     <span class='ocr_line' id='line_1_101' title="bbox 378 5241 1942 5368; baseline -0.001 -70"><span class='ocrx_word' id='word_1_740' title='bbox 378 5241 899 5368; x_wconf 33' lang='lat' dir='ltr'><strong>ripis-“continuatur</strong></span> <span class='ocrx_word' id='word_1_741' title='bbox 922 5243 976 5296; x_wconf 91' lang='lat' dir='ltr'><strong>iu</strong></span> <span class='ocrx_word' id='word_1_742' title='bbox 1004 5244 1144 5296; x_wconf 89' lang='lat' dir='ltr'><strong>notis</strong></span> <span class='ocrx_word' id='word_1_743' title='bbox 1167 5242 1232 5294; x_wconf 90' lang='lat' dir='ltr'><strong>ad</strong></span> <span class='ocrx_word' id='word_1_744' title='bbox 1275 5241 1433 5310; x_wconf 88' lang='lat' dir='ltr'><strong>epist.</strong></span> <span class='ocrx_word' id='word_1_745' title='bbox 1457 5242 1584 5308; x_wconf 72' lang='grc'>257,</span> <span class='ocrx_word' id='word_1_746' title='bbox 1611 5259 1676 5297; x_wconf 82' lang='lat' dir='ltr'><strong>ex</strong></span> <span class='ocrx_word' id='word_1_747' title='bbox 1701 5242 1942 5312; x_wconf 90' lang='lat' dir='ltr'><strong>pluribus</strong></span> 
     </span>
     <span class='ocr_line' id='line_1_102' title="bbox 378 5329 679 5368; baseline -0.007 0"><span class='ocrx_word' id='word_1_748' title='bbox 378 5334 404 5368; x_wconf 90' lang='lat' dir='ltr'><strong>a</strong></span> <span class='ocrx_word' id='word_1_749' title='bbox 431 5331 495 5368; x_wconf 82' lang='lat' dir='ltr'><strong>ns</strong></span> <span class='ocrx_word' id='word_1_750' title='bbox 549 5329 679 5368; x_wconf 86' lang='lat' dir='ltr'><strong>ocrs.</strong></span> 
     </span>
    </p>
   </div>
   <div class='ocr_carea' id='block_1_100' title="bbox 376 5329 679 5368">
    <p class='ocr_par' dir='ltr' id='par_1_100' title="bbox 376 5329 679 5368">
     <span class='ocr_line' id='line_1_103' title="bbox 376 5329 679 5368; baseline -0.007 0"><span class='ocrx_word' id='word_1_751' title='bbox 376 5329 495 5368; x_wconf 76' lang='lat' dir='ltr'><strong>aIIIS</strong></span> <span class='ocrx_word' id='word_1_752' title='bbox 531 5329 679 5368; x_wconf 70' lang='lat' dir='ltr'><strong>IOCIS.</strong></span> 
     </span>
    </p>
   </div>
   <div class='ocr_carea' id='block_1_101' title="bbox 447 5379 1948 5456">
    <p class='ocr_par' dir='ltr' id='par_1_101' title="bbox 447 5379 1948 5456">
     <span class='ocr_line' id='line_1_104' title="bbox 447 5379 1948 5456; baseline -0.003 -18"><span class='ocrx_word' id='word_1_753' title='bbox 447 5381 1089 5456; x_wconf 63' lang='lat' dir='ltr'><strong>(3)__’Emreronpémr.</strong></span> <span class='ocrx_word' id='word_1_754' title='bbox 1123 5379 1253 5456; x_wconf 66' lang='lat' dir='ltr'><strong>Reg.</strong></span> <span class='ocrx_word' id='word_1_755' title='bbox 1286 5383 1406 5435; x_wconf 90' lang='lat' dir='ltr'><strong>cod.</strong></span> <span class='ocrx_word' id='word_1_756' title='bbox 1436 5381 1948 5456; x_wconf 45' lang='lat' dir='ltr'><strong>9579,}grtvooutté-</strong></span> 
     </span>
    </p>
   </div>
   <div class='ocr_carea' id='block_1_102' title="bbox 374 5450 1946 5523">
    <p class='ocr_par' dir='ltr' id='par_1_102' title="bbox 374 5450 1946 5523">
     <span class='ocr_line' id='line_1_105' title="bbox 374 5450 1946 5523; baseline -0.002 -16"><span class='ocrx_word' id='word_1_757' title='bbox 374 5450 649 5523; x_wconf 66' lang='grc' dir='ltr'>νην.’Μοκ</span> <span class='ocrx_word' id='word_1_758' title='bbox 693 5457 832 5508; x_wconf 86' lang='lat' dir='ltr'><strong>idem</strong></span> <span class='ocrx_word' id='word_1_759' title='bbox 867 5450 1034 5506; x_wconf 75' lang='lat' dir='ltr'><strong>Codex</strong></span> <span class='ocrx_word' id='word_1_760' title='bbox 1072 5453 1204 5523; x_wconf 82' lang='lat' dir='ltr'><strong>satis</strong></span> <span class='ocrx_word' id='word_1_761' title='bbox 1252 5450 1946 5523; x_wconf 32' lang='grc' dir='ltr'>οο-ιιιιηοάειηδελεάσματα</span> 
     </span>
    </p>
   </div>
   <div class='ocr_carea' id='block_1_103' title="bbox 377 5521 1948 5590">
    <p class='ocr_par' dir='ltr' id='par_1_103' title="bbox 377 5521 1948 5590">
     <span class='ocr_line' id='line_1_106' title="bbox 377 5521 1948 5590; baseline -0.003 -12"><span class='ocrx_word' id='word_1_762' title='bbox 377 5521 774 5588; x_wconf 77' lang='grc' dir='ltr'>ἀποπτύοντας,</span> <span class='ocrx_word' id='word_1_763' title='bbox 826 5537 944 5590; x_wconf 67' lang='lat' dir='ltr'><strong>quae</strong></span> <span class='ocrx_word' id='word_1_764' title='bbox 993 5522 1258 5588; x_wconf 88' lang='lat' dir='ltr'><strong>scriptura</strong></span> <span class='ocrx_word' id='word_1_765' title='bbox 1311 5521 1465 5588; x_wconf 80' lang='lat' dir='ltr'><strong>longe</strong></span> <span class='ocrx_word' id='word_1_766' title='bbox 1508 5522 1721 5575; x_wconf 75' lang='lat' dir='ltr'><strong>videtur</strong></span> <span class='ocrx_word' id='word_1_767' title='bbox 1757 5521 1948 5589; x_wconf 70' lang='lat' dir='ltr'><strong>praele-</strong></span> 
     </span>
    </p>
   </div>
   <div class='ocr_carea' id='block_1_104' title="bbox 377 5590 1945 5661">
    <p class='ocr_par' dir='ltr' id='par_1_104' title="bbox 377 5590 1945 5661">
     <span class='ocr_line' id='line_1_107' title="bbox 377 5590 1945 5661; baseline -0.001 -15"><span class='ocrx_word' id='word_1_768' title='bbox 377 5597 542 5646; x_wconf 83' lang='lat' dir='ltr'><strong>reuda</strong></span> <span class='ocrx_word' id='word_1_769' title='bbox 578 5595 820 5661; x_wconf 72' lang='lat' dir='ltr'><strong>vulgatae,</strong></span> <span class='ocrx_word' id='word_1_770' title='bbox 868 5590 1290 5661; x_wconf 78' lang='grc' dir='ltr'>ὑποπτεύοντάς,</span> <span class='ocrx_word' id='word_1_771' title='bbox 1334 5590 1668 5646; x_wconf 79' lang='lat' dir='ltr'><strong>obsoniorum</strong></span> <span class='ocrx_word' id='word_1_772' title='bbox 1717 5593 1945 5660; x_wconf 73' lang='lat' dir='ltr'><strong>exquisi-</strong></span> 
     </span>
    </p>
   </div>
   <div class='ocr_carea' id='block_1_105' title="bbox 378 5660 1428 5728">
    <p class='ocr_par' dir='ltr' id='par_1_105' title="bbox 378 5660 1428 5728">
     <span class='ocr_line' id='line_1_108' title="bbox 378 5660 1428 5728; baseline -0.002 -13"><span class='ocrx_word' id='word_1_773' title='bbox 378 5673 486 5715; x_wconf 83' lang='lat' dir='ltr'><strong>tam</strong></span> <span class='ocrx_word' id='word_1_774' title='bbox 513 5660 822 5714; x_wconf 74' lang='lat' dir='ltr'><strong>suavitatem</strong></span> <span class='ocrx_word' id='word_1_775' title='bbox 852 5673 1140 5728; x_wconf 74' lang='lat' dir='ltr'><strong>suspectam</strong></span> <span class='ocrx_word' id='word_1_776' title='bbox 1165 5660 1428 5713; x_wconf 81' lang='lat' dir='ltr'><strong>habentes.</strong></span> 
     </span>
    </p>
   </div>
   <div class='ocr_carea' id='block_1_106' title="bbox 446 5730 1941 5805">
    <p class='ocr_par' dir='ltr' id='par_1_106' title="bbox 446 5730 1941 5805">
     <span class='ocr_line' id='line_1_109' title="bbox 446 5730 1941 5805; baseline 0.001 -22"><span class='ocrx_word' id='word_1_777' title='bbox 446 5732 525 5802; x_wconf 59' lang='lat' dir='ltr'><strong>ii)</strong></span> <span class='ocrx_word' id='word_1_778' title='bbox 550 5731 869 5797; x_wconf 84' lang='grc' dir='ltr'>Ἠοσότητι.</span> <span class='ocrx_word' id='word_1_779' title='bbox 899 5731 975 5784; x_wconf 88' lang='lat' dir='ltr'><strong>lta</strong></span> <span class='ocrx_word' id='word_1_780' title='bbox 1005 5745 1137 5786; x_wconf 84' lang='lat' dir='ltr'><strong>mss.</strong></span> <span class='ocrx_word' id='word_1_781' title='bbox 1167 5732 1424 5800; x_wconf 87' lang='lat' dir='ltr'><strong>quinque.</strong></span> <span class='ocrx_word' id='word_1_782' title='bbox 1457 5730 1615 5798; x_wconf 86' lang='lat' dir='ltr'><strong>Editi,</strong></span> <span class='ocrx_word' id='word_1_783' title='bbox 1651 5731 1941 5805; x_wconf 68' lang='grc' dir='ltr'>ποσότητα.</span> 
     </span>
    </p>
   </div>
   <div class='ocr_carea' id='block_1_107' title="bbox 2047 4517 3634 4602">
    <p class='ocr_par' dir='ltr' id='par_1_107' title="bbox 2047 4517 3634 4602">
     <span class='ocr_line' id='line_1_110' title="bbox 2047 4517 3634 4602; baseline -0.011 -17"><span class='ocrx_word' id='word_1_784' title='bbox 2047 4533 2145 4602; x_wconf 79' lang='grc' dir='ltr'>τῆς</span> <span class='ocrx_word' id='word_1_785' title='bbox 2171 4532 2349 4601; x_wconf 75' lang='grc' dir='ltr'>ψυχῆς</span> <span class='ocrx_word' id='word_1_786' title='bbox 2377 4526 2661 4581; x_wconf 86' lang='grc' dir='ltr'>δυναστεία</span> <span class='ocrx_word' id='word_1_787' title='bbox 2695 4523 2832 4594; x_wconf 79' lang='grc' dir='ltr'>πρὸς</span> <span class='ocrx_word' id='word_1_788' title='bbox 2856 4523 2955 4593; x_wconf 82' lang='grc' dir='ltr'>τὴν</span> <span class='ocrx_word' id='word_1_789' title='bbox 2993 4519 3084 4573; x_wconf 91' lang='grc' dir='ltr'><strong>τοῦ</strong></span> <span class='ocrx_word' id='word_1_790' title='bbox 3111 4517 3274 4573; x_wconf 87' lang='grc' dir='ltr'>καλοῦ</span> <span class='ocrx_word' id='word_1_791' title='bbox 3303 4518 3496 4588; x_wconf 83' lang='grc' dir='ltr'>κτῆσιν</span> <span class='ocrx_word' id='word_1_792' title='bbox 3528 4518 3634 4588; x_wconf 83' lang='grc' dir='ltr'>έμ-</span> 
     </span>
    </p>
   </div>
   <div class='ocr_carea' id='block_1_108' title="bbox 2051 4611 3634 4691">
    <p class='ocr_par' dir='ltr' id='par_1_108' title="bbox 2051 4611 3634 4691">
     <span class='ocr_line' id='line_1_111' title="bbox 2051 4611 3634 4691; baseline -0.01 -13"><span class='ocrx_word' id='word_1_793' title='bbox 2051 4624 2230 4686; x_wconf 88' lang='grc' dir='ltr'>πόδιος</span> <span class='ocrx_word' id='word_1_794' title='bbox 2263 4623 2502 4691; x_wconf 88' lang='grc' dir='ltr'>γίνεται·</span> <span class='ocrx_word' id='word_1_795' title='bbox 2532 4619 2674 4672; x_wconf 76' lang='grc' dir='ltr'>οὕτω</span> <span class='ocrx_word' id='word_1_796' title='bbox 2704 4615 2968 4670; x_wconf 87' lang='grc' dir='ltr'>ἀνάπαλιν</span> <span class='ocrx_word' id='word_1_797' title='bbox 2993 4617 3026 4684; x_wconf 78' lang='grc' dir='ltr'><strong>ἡ</strong></span> <span class='ocrx_word' id='word_1_798' title='bbox 3061 4612 3331 4676; x_wconf 86' lang='grc' dir='ltr'>ἀσθενεία,</span> <span class='ocrx_word' id='word_1_799' title='bbox 3377 4611 3437 4664; x_wconf 89' lang='grc' dir='ltr'><strong>ού</strong></span> <span class='ocrx_word' id='word_1_800' title='bbox 3466 4611 3634 4663; x_wconf 90' lang='grc' dir='ltr'>δυνα-</span> 
     </span>
    </p>
   </div>
   <div class='ocr_carea' id='block_1_109' title="bbox 2055 4704 3634 4788">
    <p class='ocr_par' dir='ltr' id='par_1_109' title="bbox 2055 4704 3634 4788">
     <span class='ocr_line' id='line_1_112' title="bbox 2055 4704 3634 4788; baseline -0.009 -18"><span class='ocrx_word' id='word_1_801' title='bbox 2055 4718 2214 4788; x_wconf 89' lang='grc' dir='ltr'>μένου</span> <span class='ocrx_word' id='word_1_802' title='bbox 2244 4715 2632 4785; x_wconf 78' lang='grc' dir='ltr'>ὑπηρετεῖσθαι</span> <span class='ocrx_word' id='word_1_803' title='bbox 2666 4708 2759 4762; x_wconf 83' lang='grc' dir='ltr'><strong>τοῦ</strong></span> <span class='ocrx_word' id='word_1_804' title='bbox 2795 4704 3105 4778; x_wconf 86' lang='grc' dir='ltr'>σωματικοῦ</span> <span class='ocrx_word' id='word_1_805' title='bbox 3133 4705 3364 4775; x_wconf 82' lang='grc' dir='ltr'>ὀργάνου</span> <span class='ocrx_word' id='word_1_806' title='bbox 3386 4706 3503 4766; x_wconf 86' lang='grc' dir='ltr'>ταῖς</span> <span class='ocrx_word' id='word_1_807' title='bbox 3523 4707 3634 4775; x_wconf 80' lang='grc' dir='ltr'>τῆς</span> 
     </span>
    </p>
   </div>
   <div class='ocr_carea' id='block_1_110' title="bbox 2048 4796 3633 4879">
    <p class='ocr_par' dir='ltr' id='par_1_110' title="bbox 2048 4796 3633 4879">
     <span class='ocr_line' id='line_1_113' title="bbox 2048 4796 3633 4879; baseline -0.008 -18"><span class='ocrx_word' id='word_1_808' title='bbox 2048 4808 2228 4879; x_wconf 77' lang='grc' dir='ltr'>ψυχῆς</span> <span class='ocrx_word' id='word_1_809' title='bbox 2259 4803 2606 4879; x_wconf 86' lang='grc' dir='ltr'>προθυμίαις,</span> <span class='ocrx_word' id='word_1_810' title='bbox 2654 4801 2746 4853; x_wconf 76' lang='grc' dir='ltr'><strong>τὸν</strong></span> <span class='ocrx_word' id='word_1_811' title='bbox 2791 4799 2926 4869; x_wconf 78' lang='grc' dir='ltr'>πρὸς</span> <span class='ocrx_word' id='word_1_812' title='bbox 2967 4797 3033 4850; x_wconf 86' lang='grc' dir='ltr'><strong>τὰ</strong></span> <span class='ocrx_word' id='word_1_813' title='bbox 3070 4796 3210 4850; x_wconf 88' lang='grc' dir='ltr'><strong>καλά</strong></span> <span class='ocrx_word' id='word_1_814' title='bbox 3237 4796 3434 4867; x_wconf 88' lang='grc' dir='ltr'>δρόμον</span> <span class='ocrx_word' id='word_1_815' title='bbox 3465 4797 3633 4849; x_wconf 83' lang='grc' dir='ltr'><strong>ὲκκό-</strong></span> 
     </span>
    </p>
   </div>
   <div class='ocr_carea' id='block_1_111' title="bbox 2049 4885 3631 4966">
    <p class='ocr_par' dir='ltr' id='par_1_111' title="bbox 2049 4885 3631 4966">
     <span class='ocr_line' id='line_1_114' title="bbox 2049 4885 3631 4966; baseline -0.007 -15"><span class='ocrx_word' id='word_1_816' title='bbox 2049 4915 2172 4951; x_wconf 86' lang='grc' dir='ltr'>πτει</span> <span class='ocrx_word' id='word_1_817' title='bbox 2234 4896 2400 4950; x_wconf 82' lang='grc' dir='ltr'>Οὐδὲν</span> <span class='ocrx_word' id='word_1_818' title='bbox 2429 4894 2538 4966; x_wconf 80' lang='grc' dir='ltr'><strong>γάρ</strong></span> <span class='ocrx_word' id='word_1_819' title='bbox 2570 4892 2819 4964; x_wconf 82' lang='grc' dir='ltr'>μᾶλλονὴ</span> <span class='ocrx_word' id='word_1_820' title='bbox 2857 4887 3098 4959; x_wconf 74' lang='grc' dir='ltr'>μολιόδὶς</span> <span class='ocrx_word' id='word_1_821' title='bbox 3121 4888 3198 4959; x_wconf 70' lang='grc'><strong>(8)</strong></span> <span class='ocrx_word' id='word_1_822' title='bbox 3240 4885 3349 4940; x_wconf 88' lang='grc' dir='ltr'><strong>τῶν</strong></span> <span class='ocrx_word' id='word_1_823' title='bbox 3384 4885 3631 4956; x_wconf 87' lang='grc' dir='ltr'>σαρκῶν,</span> 
     </span>
    </p>
   </div>
   <div class='ocr_carea' id='block_1_112' title="bbox 2125 5095 3632 5172">
    <p class='ocr_par' dir='ltr' id='par_1_112' title="bbox 2125 5095 3632 5172">
     <span class='ocr_line' id='line_1_115' title="bbox 2125 5095 3632 5172; baseline -0.003 -16"><span class='ocrx_word' id='word_1_824' title='bbox 2125 5099 2201 5172; x_wconf 83' lang='grc'><strong>(5)</strong></span> <span class='ocrx_word' id='word_1_825' title='bbox 2238 5102 2342 5156; x_wconf 78' lang='grc' dir='ltr'><em>Ἔν</em></span> <span class='ocrx_word' id='word_1_826' title='bbox 2362 5101 2753 5170; x_wconf 80' lang='grc' dir='ltr'>τετραχόρδῳ.</span> <span class='ocrx_word' id='word_1_827' title='bbox 2777 5101 2867 5156; x_wconf 92' lang='lat' dir='ltr'><strong>Sic</strong></span> <span class='ocrx_word' id='word_1_828' title='bbox 2889 5099 3253 5172; x_wconf 15' lang='lat' dir='ltr'><strong>idemﬂRegius</strong></span> <span class='ocrx_word' id='word_1_829' title='bbox 3274 5095 3441 5172; x_wconf 60' lang='lat' dir='ltr'><strong>code;</strong></span> <span class='ocrx_word' id='word_1_830' title='bbox 3469 5097 3632 5152; x_wconf 90' lang='lat' dir='ltr'><strong>modo</strong></span> 
     </span>
    </p>
   </div>
   <div class='ocr_carea' id='block_1_113' title="bbox 2049 5167 3634 5243">
    <p class='ocr_par' dir='ltr' id='par_1_113' title="bbox 2049 5167 3634 5243">
     <span class='ocr_line' id='line_1_116' title="bbox 2049 5167 3634 5243; baseline -0.004 -15"><span class='ocrx_word' id='word_1_831' title='bbox 2049 5167 2266 5228; x_wconf 81' lang='lat' dir='ltr'><strong>enatus.</strong></span> <span class='ocrx_word' id='word_1_832' title='bbox 2287 5167 2469 5243; x_wconf 56' lang='lat' dir='ltr'><strong>_Editi,&#39;</strong></span> <span class='ocrx_word' id='word_1_833' title='bbox 2499 5167 2572 5225; x_wconf 66' lang='grc' dir='ltr'>ὲκ</span> <span class='ocrx_word' id='word_1_834' title='bbox 2603 5167 2985 5243; x_wconf 79' lang='grc' dir='ltr'>τετραχόρδου.</span> <span class='ocrx_word' id='word_1_835' title='bbox 3021 5171 3185 5223; x_wconf 84' lang='lat' dir='ltr'><strong>Paulo</strong></span> <span class='ocrx_word' id='word_1_836' title='bbox 3215 5178 3332 5235; x_wconf 83' lang='lat' dir='ltr'><strong>post</strong></span> <span class='ocrx_word' id='word_1_837' title='bbox 3369 5167 3509 5221; x_wconf 88' lang='lat' dir='ltr'><strong>idem</strong></span> <span class='ocrx_word' id='word_1_838' title='bbox 3543 5182 3634 5222; x_wconf 86' lang='lat' dir='ltr'><strong>co-</strong></span> 
     </span>
    </p>
   </div>
   <div class='ocr_carea' id='block_1_114' title="bbox 2053 5239 2768 5312">
    <p class='ocr_par' dir='ltr' id='par_1_114' title="bbox 2053 5239 2768 5312">
     <span class='ocr_line' id='line_1_117' title="bbox 2053 5239 2768 5312; baseline -0.007 -13"><span class='ocrx_word' id='word_1_839' title='bbox 2053 5245 2173 5305; x_wconf 75' lang='lat' dir='ltr'><strong>dcx,</strong></span> <span class='ocrx_word' id='word_1_840' title='bbox 2207 5239 2344 5311; x_wconf 85' lang='grc' dir='ltr'>πρὸς</span> <span class='ocrx_word' id='word_1_841' title='bbox 2372 5242 2441 5296; x_wconf 84' lang='grc' dir='ltr'>τὰ</span> <span class='ocrx_word' id='word_1_842' title='bbox 2471 5239 2768 5312; x_wconf 79' lang='grc' dir='ltr'>γυμνάσία.</span> 
     </span>
    </p>
   </div>
   <div class='ocr_carea' id='block_1_115' title="bbox 2085 5306 3630 5395">
    <p class='ocr_par' dir='ltr' id='par_1_115' title="bbox 2085 5306 3630 5395">
     <span class='ocr_line' id='line_1_118' title="bbox 2085 5306 3630 5395; baseline -0.003 -30"><span class='ocrx_word' id='word_1_843' title='bbox 2085 5312 2199 5395; x_wconf 43' lang='grc'>,(6)</span> <span class='ocrx_word' id='word_1_844' title='bbox 2236 5306 2664 5395; x_wconf 41' lang='grc' dir='ltr'>Τρόπονζ-Μεε.</span> <span class='ocrx_word' id='word_1_845' title='bbox 2685 5322 2931 5395; x_wconf 60' lang='lat' dir='ltr'><strong>quatuor,</strong></span> <span class='ocrx_word' id='word_1_846' title='bbox 2968 5309 3157 5395; x_wconf 77' lang='grc' dir='ltr'>τόπον,</span> <span class='ocrx_word' id='word_1_847' title='bbox 3186 5306 3250 5360; x_wconf 82' lang='lat' dir='ltr'><strong>de</strong></span> <span class='ocrx_word' id='word_1_848' title='bbox 3273 5315 3456 5375; x_wconf 72' lang='lat' dir='ltr'><strong>gustus</strong></span> <span class='ocrx_word' id='word_1_849' title='bbox 3491 5306 3630 5376; x_wconf 87' lang='lat' dir='ltr'><strong>loco,</strong></span> 
     </span>
    </p>
   </div>
   <div class='ocr_carea' id='block_1_116' title="bbox 2054 5384 3110 5451">
    <p class='ocr_par' dir='ltr' id='par_1_116' title="bbox 2054 5384 3110 5451">
     <span class='ocr_line' id='line_1_119' title="bbox 2054 5384 3110 5451; baseline -0.004 -13"><span class='ocrx_word' id='word_1_850' title='bbox 2054 5384 2168 5438; x_wconf 86' lang='lat' dir='ltr'><strong>sive</strong></span> <span class='ocrx_word' id='word_1_851' title='bbox 2202 5384 2425 5451; x_wconf 81' lang='lat' dir='ltr'><strong>materia</strong></span> <span class='ocrx_word' id='word_1_852' title='bbox 2455 5384 2518 5434; x_wconf 86' lang='lat' dir='ltr'><strong>ad</strong></span> <span class='ocrx_word' id='word_1_853' title='bbox 2551 5393 2762 5451; x_wconf 82' lang='lat' dir='ltr'><strong>gustum</strong></span> <span class='ocrx_word' id='word_1_854' title='bbox 2788 5384 3110 5451; x_wconf 69' lang='lat' dir='ltr'><strong>pertinente.</strong></span> 
     </span>
    </p>
   </div>
   <div class='ocr_carea' id='block_1_117' title="bbox 2072 5445 3638 5533">
    <p class='ocr_par' dir='ltr' id='par_1_117' title="bbox 2072 5445 3638 5533">
     <span class='ocr_line' id='line_1_120' title="bbox 2072 5445 3638 5533; baseline 0 -31"><span class='ocrx_word' id='word_1_855' title='bbox 2072 5520 2084 5533; x_wconf 45' lang='lat'><strong><em>.</em></strong></span> <span class='ocrx_word' id='word_1_856' title='bbox 2120 5451 2198 5523; x_wconf 82' lang='grc'><strong>(7)</strong></span> <span class='ocrx_word' id='word_1_857' title='bbox 2228 5450 2332 5533; x_wconf 75' lang='grc' dir='ltr'>Διά</span> <span class='ocrx_word' id='word_1_858' title='bbox 2357 5452 2499 5518; x_wconf 80' lang='grc' dir='ltr'>τοὺς</span> <span class='ocrx_word' id='word_1_859' title='bbox 2523 5445 2609 5533; x_wconf 64' lang='grc' dir='ltr'>εἷς</span> <span class='ocrx_word' id='word_1_860' title='bbox 2635 5451 2740 5533; x_wconf 57' lang='grc' dir='ltr'>τόν</span> <span class='ocrx_word' id='word_1_861' title='bbox 2769 5445 3265 5533; x_wconf 45' lang='grc' dir='ltr'>..δρέιςοη</span> <span class='ocrx_word' id='word_1_862' title='bbox 3287 5445 3638 5533; x_wconf 41' lang='grc' dir='ltr'>,δῖοιῦςιιὶιετο</span> 
     </span>
    </p>
   </div>
   <div class='ocr_carea' id='block_1_118' title="bbox 2050 5517 3634 5643">
    <p class='ocr_par' dir='ltr' id='par_1_118' title="bbox 2050 5517 3634 5643">
     <span class='ocr_line' id='line_1_121' title="bbox 2050 5517 3634 5643; baseline 0.002 -71"><span class='ocrx_word' id='word_1_863' title='bbox 2050 5517 2194 5643; x_wconf 37' lang='lat' dir='ltr'><strong>gigna-</strong></span> <span class='ocrx_word' id='word_1_864' title='bbox 2234 5524 2403 5576; x_wconf 80' lang='lat' dir='ltr'><strong>codex</strong></span> <span class='ocrx_word' id='word_1_865' title='bbox 2435 5517 2487 5576; x_wconf 80' lang='lat' dir='ltr'><strong>et</strong></span> <span class='ocrx_word' id='word_1_866' title='bbox 2515 5517 2620 5576; x_wconf 82' lang='lat' dir='ltr'><strong>duo</strong></span> <span class='ocrx_word' id='word_1_867' title='bbox 2655 5524 2827 5592; x_wconf 69' lang='lat' dir='ltr'><strong>liegii.</strong></span> <span class='ocrx_word' id='word_1_868' title='bbox 2874 5517 3046 5584; x_wconf 81' lang='lat' dir='ltr'><strong>Editi,</strong></span> <span class='ocrx_word' id='word_1_869' title='bbox 3087 5517 3175 5574; x_wconf 68' lang='grc' dir='ltr'>διξὰ</span> <span class='ocrx_word' id='word_1_870' title='bbox 3221 5522 3346 5582; x_wconf 86' lang='grc' dir='ltr'>τοὺς</span> <span class='ocrx_word' id='word_1_871' title='bbox 3380 5517 3558 5589; x_wconf 82' lang='grc' dir='ltr'>ὑπὲρ.</span> <span class='ocrx_word' id='word_1_872' title='bbox 3614 5557 3634 5575; x_wconf 91' lang='grc'><strong>.</strong></span> 
     </span>
     <span class='ocr_line' id='line_1_122' title="bbox 2152 5607 2303 5643; baseline -0.007 0"><span class='ocrx_word' id='word_1_873' title='bbox 2152 5607 2303 5643; x_wconf 76' lang='grc' dir='ltr'>μους.</span> 
     </span>
    </p>
   </div>
   <div class='ocr_carea' id='block_1_119' title="bbox 2084 5607 2303 5662">
    <p class='ocr_par' dir='ltr' id='par_1_119' title="bbox 2084 5607 2303 5662">
     <span class='ocr_line' id='line_1_123' title="bbox 2084 5607 2303 5662; baseline -0.009 -18"><span class='ocrx_word' id='word_1_874' title='bbox 2084 5607 2143 5662; x_wconf 88' lang='grc' dir='ltr'><strong>ρο</strong></span> <span class='ocrx_word' id='word_1_875' title='bbox 2151 5607 2303 5662; x_wconf 85' lang='grc' dir='ltr'>μους.</span> 
     </span>
    </p>
   </div>
   <div class='ocr_carea' id='block_1_120' title="bbox 2125 5657 3634 5729">
    <p class='ocr_par' dir='ltr' id='par_1_120' title="bbox 2125 5657 3634 5729">
     <span class='ocr_line' id='line_1_124' title="bbox 2125 5657 3634 5729; baseline -0.001 -16"><span class='ocrx_word' id='word_1_876' title='bbox 2125 5657 2201 5720; x_wconf 80' lang='lat' dir='ltr'><strong>t8)</strong></span> <span class='ocrx_word' id='word_1_877' title='bbox 2229 5660 2535 5727; x_wconf 77' lang='grc' dir='ltr'>Μολιϐδίς.</span> <span class='ocrx_word' id='word_1_878' title='bbox 2566 5661 2656 5715; x_wconf 89' lang='lat' dir='ltr'><strong>Sic</strong></span> <span class='ocrx_word' id='word_1_879' title='bbox 2682 5676 2812 5716; x_wconf 91' lang='lat' dir='ltr'><strong>mss.</strong></span> <span class='ocrx_word' id='word_1_880' title='bbox 2847 5661 3108 5718; x_wconf 88' lang='lat' dir='ltr'><strong>nonnulli.</strong></span> <span class='ocrx_word' id='word_1_881' title='bbox 3141 5661 3292 5717; x_wconf 90' lang='lat' dir='ltr'><strong>Unus</strong></span> <span class='ocrx_word' id='word_1_882' title='bbox 3321 5675 3388 5714; x_wconf 82' lang='lat' dir='ltr'><strong>cx</strong></span> <span class='ocrx_word' id='word_1_883' title='bbox 3425 5657 3634 5729; x_wconf 74' lang='lat' dir='ltr'><strong>Regiis,</strong></span> 
     </span>
    </p>
   </div>
   <div class='ocr_carea' id='block_1_121' title="bbox 2055 5729 2785 5802">
    <p class='ocr_par' dir='ltr' id='par_1_121' title="bbox 2055 5729 2785 5802">
     <span class='ocr_line' id='line_1_125' title="bbox 2055 5729 2785 5802; baseline 0.003 -20"><span class='ocrx_word' id='word_1_884' title='bbox 2055 5729 2292 5800; x_wconf 77' lang='grc' dir='ltr'>μολιὸὀς.</span> <span class='ocrx_word' id='word_1_885' title='bbox 2320 5730 2481 5797; x_wconf 87' lang='lat' dir='ltr'><strong>Editi,</strong></span> <span class='ocrx_word' id='word_1_886' title='bbox 2521 5731 2746 5802; x_wconf 75' lang='grc' dir='ltr'>μολιὸίς.</span> <span class='ocrx_word' id='word_1_887' title='bbox 2777 5743 2785 5749; x_wconf 84' lang='grc'><strong>’</strong></span> 
     </span>
    </p>
   </div>
  </div>
