3802 6216
173 313 273 371 639

1358 316 1564 374 LIBER
1603 316 1692 373 DE
1725 316 2192 375 VIRGINITATE.

3322 311 3432 370 690

168 429 227 483 τὸ
250 427 351 501 τῆς
382 414 565 502 ψυχῆς
598 427 797 502 πτερὸν
834 429 927 485 ἐπὶ
963 429 1034 484 τὰ
1076 431 1227 485 κάτω
1251 430 1614 497 καθέλκουσα,
1642 429 1676 502 ἢ
1716 436 1727 482 1

1854 429 2099 500 corporis
2128 425 2376 484 debilitas
2423 424 2478 480 in
2514 439 2579 481 eo
2622 421 2867 478 curando
2906 421 3006 478 bas
3057 436 3263 493 pennas
3295 423 3431 480 deti-

169 520 258 575 τοῦ
288 519 544 592 σώματος
569 521 824 576 ἀσθένεια
854 538 923 576 πε
932 521 986 595 pl.
1016 521 1148 575 αὐτὸ
1173 521 1476 593 ἀσχολοῦσά
1506 540 1564 576 τε
1594 521 1754 576 τοῦτο

170 612 260 666 καὶ
283 610 546 666 θλίϐουσα
569 611 669 666 οὐκ
700 612 765 683 ἑᾷ
796 612 932 685 πρὸς
960 612 1030 667 τὰ
1062 612 1312 683 οὐράνια,
1342 611 1418 677 ὡς
1453 613 1616 676 θέλει,
1653 614 1751 666 ἀν-

174 705 427 760 ίπτασθαι
446 721 464 738 ·
503 705 566 759 οὐ
594 705 693 776 τῆς
715 705 823 760 τῶν
852 704 1035 760 καλῶν
1069 706 1315 778 κτήσεως
1335 706 1507 777 αὐτὴν
1534 706 1601 758 δι’
1626 705 1752 759 ἀδυ-

170 796 357 867 ναμίαν
386 796 550 867 μόνον
577 795 958 868 ἀποστεροῦσα
984 796 1083 869 τὴν
1115 796 1441 868 παρουσίαν,
1487 796 1626 849 ἀλλά
1656 795 1752 849 καὶ

170 887 269 940 τῶν
299 887 611 958 κτηθέντων
636 887 759 959 ήδη,
798 886 887 941 διὰ
909 886 1008 961 τὴν
1034 890 1099 942 ἐκ
1130 887 1230 958 τῆς
1251 887 1531 951 ἀσθενείας
1553 889 1751 958 ἀμελε-

167 978 370 1049 τησίαν,
410 978 746 1035 ἀποσυλῶσα
796 980 872 1052 (9)
917 979 980 1033 τὸ
1015 977 1231 1043 κάλλος.
1283 978 1373 1042 Ὦς
1404 978 1511 1050 γὰρ
1550 981 1749 1049 παχεῖα

169 1070 368 1142 γαστὴρ
425 1069 573 1140 (οὐχ)⁵
624 1072 692 1142 τῇ
744 1072 1055 1141 κατασκευῇ
1095 1069 1192 1123 καὶ
1228 1071 1296 1140 τῇ
1325 1068 1483 1139 φύσει
1522 1072 1745 1142 παχεῖα,

168 1162 272 1215 ἀλλ’
318 1164 400 1227 είς
455 1163 527 1234 ἦν
566 1162 821 1235 παχύτης
870 1161 1090 1235 τροφῶν
1151 1162 1242 1217 δὶά
1300 1165 1747 1236 γαστριμαργίαν

168 1253 400 1322 ἀφθόνως
429 1254 536 1325 ῥεῖ,
564 1244 890 1308 ὲπιθόλοῦσα
914 1254 1006 1308 τὸν
1031 1251 1157 1307 νοῦν
1184 1253 1280 1306 καὶ
1306 1254 1639 1324 παχύνουσα)
1666 1254 1746 1309 λε-

168 1344 288 1398 πτὸν
323 1346 383 1399 οὐ
408 1346 587 1400 τίκτει
619 1347 715 1401 νόα
735 1364 748 1376 ·
777 1346 950 1411 οὕτως
978 1347 1011 1418 ἡ
1046 1345 1187 1415 ἄγαν
1211 1345 1403 1418 λεπτὴ,
1428 1346 1495 1399 δι’
1527 1347 1745 1402 ἀτονίαν

166 1434 350 1490 ἀπνοον
374 1436 568 1491 τοῦτον
600 1436 848 1499 ποιοῦσα,
884 1439 944 1490 ὲν
976 1440 1043 1509 τῇ
1071 1436 1326 1509 ἀσθενείᾳ
1359 1437 1453 1492 τοῦ
1493 1438 1745 1510 σώματος

165 1528 251 1581 καὶ
287 1528 379 1582 τὸν
422 1529 624 1584 λεπτὸν
675 1530 774 1602 ήδη
814 1530 1133 1602 τικτόμενον
1166 1531 1579 1586 ἀποσϐέννυσιν.
1633 1534 1744 1587 Καὶ

164 1619 237 1672 ὅτι
275 1620 334 1673 οὐ
361 1620 626 1687 καθάπαξ
650 1622 748 1686 τὰς
776 1624 875 1694 μὲν
910 1623 991 1677 δεῖ
1021 1623 1122 1688 τὰς
1155 1625 1362 1697 τροφὰς
1400 1626 1742 1700 ἀποστρέφε-

166 1709 300 1775 σθαι,
326 1712 435 1766 τῶν
471 1712 534 1766 δὲ
575 1713 761 1777 ἁπλῶς
792 1716 1171 1787 ἐμφορεῖσθαι,
1203 1716 1321 1770 ἀλλῖ
1350 1719 1432 1771 ὅτι
1472 1721 1742 1792 προσήκει

1852 535 1989 575 nens
2023 527 2078 575 et
2123 532 2399 591 premens,
2461 514 2854 585 impedimento
2915 521 3001 570 est
3046 515 3340 585 quominus
3362 518 3430 571 ad

1852 611 2093 667 coelestia
2123 625 2224 682 pro
2252 609 2394 664 votis
2421 606 2635 672 avolet;
2675 622 2773 662 nec
2807 619 2928 661 eam
2953 605 3128 660 solum
3161 606 3429 661 bonorum

1852 704 2218 775 acquisitione
2248 704 2319 761 ob
2363 700 2785 756 imbecillitatem
2818 699 3036 769 privat;
3094 697 3190 753 sed
3215 707 3272 754 et
3315 698 3429 769 jam

1849 804 2154 867 partorum,
2188 796 2259 851 ob
2284 806 2459 850 ortam
2486 808 2552 847 ex
2601 792 2971 848 imbecillitate
2994 791 3281 858 desidiam,
3308 791 3431 862 pul-

1849 887 2211 944 chritudinem
2255 885 2615 955 depraedatur.
2651 882 3118 952 Quemadmodum
3141 883 3287 937 enim
3302 883 3428 952 pin-

1848 978 1970 1049 guis
1997 986 2193 1033 venter
2244 976 2372 1051 (non
2408 974 2799 1032 constitutione
2849 982 2905 1028 et
2953 980 3148 1028 natura
3187 973 3424 1044 pinguis,

1848 1075 1942 1131 sed
1976 1075 2030 1130 in
2060 1089 2223 1145 quem
2284 1073 2560 1146 pinguedo
2601 1072 2845 1128 ciborum
2880 1072 2952 1127 ob
2996 1069 3180 1141 gulam
3209 1071 3427 1126 abunde

1846 1165 1984 1235 ﬂuit,
2035 1166 2341 1222 obturbans
2395 1173 2629 1221 mentem
2661 1173 2719 1219 et
2743 1161 3174 1234 pinguel'aciens)
3206 1170 3423 1218 tenuem

1848 1271 1954 1311 non
1975 1239 2149 1327 gignit
2168 1256 2537 1312 intellectum:
2568 1254 2647 1310 sic
2677 1255 2767 1326 qui
2796 1253 3021 1308 nimium
3056 1253 3275 1324 gracilis
3308 1262 3416 1320 est,

1845 1349 1999 1416 quasi
2028 1357 2333 1404 emortuum
2368 1347 2518 1402 illum
2543 1347 2612 1402 ob
2637 1345 3018 1401 infirmitatem
3062 1344 3336 1414 redigens,
3364 1345 3420 1400 in

1846 1438 2216 1495 imbecillitate
2248 1439 2495 1509 corporis
2550 1437 2713 1494 etiam
2779 1452 2926 1503 eum,
2961 1437 3053 1507 qui
3080 1437 3192 1508 jam
3238 1437 3420 1493 tenuis

1844 1532 2057 1601 genitus
2089 1542 2231 1594 erat.
2258 1532 2578 1603 exstinguit.
2609 1530 2745 1586 Illud
2776 1531 2939 1586 etiam
2963 1530 3420 1586 ostendimusnon

1843 1624 1977 1678 satis
2008 1638 2130 1679 esse
2153 1624 2294 1680 alios
2355 1625 2573 1694 quidem
2630 1623 2782 1679 cibos
2842 1621 3094 1691 rejicere,
3143 1621 3423 1689 aliisvero

1843 1715 2167 1785 simpliciter
2185 1716 2405 1781 satiari;
2433 1715 2526 1770 sed
2555 1714 2607 1769 in
2634 1715 2718 1770 bis
2739 1714 2903 1769 etiam
2928 1728 3036 1770 non
3063 1714 3221 1770 modo
3248 1729 3424 1785 quan-

162 1800 256 1852 κάν
284 1800 492 1867 τούτοις
536 1803 611 1875 μὴ
653 1803 812 1875 μόνον
837 1803 937 1875 τὴν
967 1805 1238 1878 ποσότητα
1277 1809 1599 1882 σωφροσύνῃ
1622 1808 1727 1883 (10]

1854 1809 2079 1871 titatem,
2110 1822 2230 1878 quae
2267 1809 2337 1863 ob
2362 1808 2571 1878 copiam
2602 1806 2742 1862 idem
2766 1815 2945 1877 potest
2983 1821 3050 1863 ac
3084 1822 3191 1862 non
3223 1820 3424 1863 conve-

166 1892 488 1963 μετρεῖσθαι,
521 1894 830 1968 δυναμένην
857 1895 945 1951 διά
972 1896 1175 1968 πλῆθος
1198 1898 1394 1953 ταυτὸν
1426 1902 1539 1963 τοῖς
1577 1899 1732 1953 ἐκδε-

162 1979 436 2051 δλημένοις
459 1984 793 2056 ἐργάξεσθαι
812 2004 826 2017 θ
856 1986 992 2041 ἀλλά
1024 1988 1119 2041 καὶ
1146 1989 1247 2061 τὴν
1275 1991 1538 2062 ποιότητα
1564 1992 1735 2045 ἰσοδυ-

162 2073 423 2143 ναμοῦσαν
450 2076 716 2141 πολλάκις
741 2081 856 2143 τοῖς
887 2080 1183 2152 προφανῶς
1218 2080 1501 2155 βλαϐεροῖς
1519 2084 1736 2155 ἐπικρίδ

162 2180 281 2228 νειν,
305 2168 398 2221 καὶ
430 2169 695 2235 συνόλως,
725 2170 900 2240 Λόγον
926 2172 1204 2239 σέϐοντας,
1229 2173 1373 2246 λόγῳ
1398 2176 1491 2229 καὶ
1516 2176 1591 2250 μὴ
1618 2178 1741 2233 ἀλο-.

160 2257 247 2328 γίᾳ
266 2257 576 2314 ἀσκεῖσθαι.

224 2348 306 2401 Η.
338 2349 400 2403 Εί
451 2351 515 2403 δὲ
549 2351 857 2423 ἀγαπήσεις
894 2353 987 2408 τὸν
1017 2355 1241 2426 πλησίον
1271 2373 1365 2411 σου
1413 2357 1490 2422 ὡς
1518 2359 1728 2427 ἑαυτὸν,

162 2439 244 2491 καὶ
289 2439 374 2493 διὰ
419 2441 628 2512 ταύτην
668 2442 768 2515 τὴν
815 2444 1035 2518 ἐντολὴν
1081 2446 1161 2518 τῷ
1201 2448 1439 2520 εἰπόντι,
1489 2453 1731 2522 Γυμνός

160 2527 324 2599 ἥμην,
363 2533 460 2587 καὶ
487 2534 874 2604 περιεϐάλετέ
897 2554 996 2607 με,
1029 2539 1324 2593 πεινῶντα
1353 2542 1451 2597 καί
1479 2543 1731 2614 ἐθρέψα-

160 2636 233 2686 τε,
257 2622 635 2680 ἀσθενοῦντα
656 2627 755 2681 καὶ
776 2627 1203 2699 ἐπεσκέψασθε
1230 2630 1364 2704 (Η),
1401 2635 1539 2704 μετά
1559 2654 1728 2691 σπου-

158 2708 242 2800 δῆς
267 2715 672 2787 παριστάμεθα.
720 2717 1103 2792 ’Υποκρίνεται
1125 2721 1224 2794 τὴν
1252 2723 1471 2796 ἐντολὴν
1498 2728 1527 2780 6
1555 2726 1728 2800 ἑτέρῳ

162 2797 249 2869 μὲν
284 2803 652 2874 παρίστασθαι
679 2807 1097 2879 προνοούμενος,
1134 2811 1325 2867 ἑαυτὸν
1353 2813 1410 2867 δὲ
1442 2797 1730 2871 ἀσθενοῧνζ

158 2906 217 2943 τα
235 2894 467 2964 ἀνηλεῶς
492 2896 558 2949 λυ
567 2898 911 2970 μαινόμενος.
939 2901 1178 2975 Φανερὸν
1202 2904 1331 2973 γὰρ,
1355 2904 1432 2969 ὡς
1452 2907 1727 2980 ἐσφαλμέ-

160 2996 252 3076 tuo;
279 2984 462 3076 ἀγαπᾷ
497 2987 590 3041 τὸν
614 2989 859 3060 πλησίον,
890 2984 950 3045 οὗ
984 2999 1234 3076 προνοεῖν
1274 2997 1662 3070 προθυμεῖται,
1697 3003 1727 3056 6

1843 1900 2057 1955 nientes
2085 1899 2193 1955 cibi
2222 1898 2457 1966 eﬂicere,
2496 1898 2855 1969 temperantia
2888 1899 3217 1954 metiendam
3264 1912 3385 1954 esse
3400 1894 3431 1966 ,’

1841 1992 1936 2046 sed
1964 1991 2127 2047 etiam
2158 1991 2497 2061 qualitatem,
2529 2004 2653 2060 quae
2679 1989 2981 2058 smpeidem
3010 1987 3152 2044 valet
3173 2004 3237 2044 ac
3274 1989 3421 2045 noxii

1843 2079 2131 2137 manifeste
2154 2079 2289 2144 cibi,
2319 2078 2732 2134 discernendam
2756 2091 2915 2145 esse;
2946 2093 3010 2132 ac
3023 2078 3243 2131 omnino
3256 2074 3418 2133 Verbi

1839 2171 2078 2228 cultores
2139 2171 2406 2226 rationem
2491 2170 2546 2224 in
2611 2170 2846 2225 ascetica
2884 2169 2992 2223 vita
3033 2170 3224 2225 ducem
3257 2168 3415 2239 sequi

1839 2263 2060 2330 debere,
2087 2277 2194 2319 non
2230 2262 2492 2329 impetum
2531 2275 2561 2315 a
2590 2261 2803 2316 ratione
2835 2261 3095 2316 alienum.

1909 2355 1998 2410 tl.
2034 2354 2188 2423 Quod
2240 2357 2284 2410 si
2321 2353 2511 2424 diliges
2537 2353 2846 2423 proximum
2900 2361 3052 2408 tuum
3117 2359 3180 2408 ut
3226 2360 3418 2406 temet-

1837 2447 2036 2516 ipsum,
2060 2456 2114 2503 et
2137 2454 2359 2519 propter
2385 2447 2488 2502 hoc
2511 2456 2836 2517 praeceptum
2858 2447 2907 2502 ei
2929 2446 3023 2516 qui
3047 2445 3186 2500 dixit
3212 2461 3225 2497 :
3250 2442 3417 2517 627

1839 2536 2034 2594 Nudus
2059 2553 2207 2592 eram
2232 2545 2283 2592 et
2313 2536 2593 2606 aperuisti:
2622 2551 2703 2589 me
2721 2575 2736 2600 ,
2788 2536 3200 2606 esurientemque
3248 2533 3417 2588 nutri-

1834 2631 2001 2697 vim‘s,
2027 2640 2076 2685 et
2101 2630 2370 2700 inﬁrmum
2398 2628 2766 2692 visitastis,“‘,
2787 2628 3029 2684 studiose
3065 2626 3412 2697 opitulamur.

1833 2721 1885 2778 Is
1916 2723 2137 2778 simulat
2164 2720 2605 2776 observationem
2647 2717 2902 2788 praecepti
2931 2758 2946 2785 ,
2982 2717 3074 2788 qui
3104 2717 3262 2772 alteri
3296 2716 3416 2785 qui-

1835 2819 1956 2873 dem
1988 2815 2246 2886 opitulari
2284 2813 2487 2881 studet,
2525 2812 2875 2879 semetipsum
2915 2818 3096 2864 autem
3138 2806 3414 2862 inﬁrmum

1833 2908 2134 2964 crudeliter
2156 2905 2353 2976 perdit.
2380 2903 2512 2958 Nam
2547 2903 2639 2973 qui
2691 2901 3040 2969 semetipsum
3092 2913 3281 2953 amare
3310 2913 3409 2954 ne-

1832 3000 1956 3065 scit,
1982 2999 2151 3068 liquet
2182 2996 2251 3052 ab
2280 3010 2346 3052 eo
2372 2994 2679 3065 proximum
2742 2992 2880 3047 falso
2915 2991 3086 3062 diligi,
3116 2994 3203 3045 cui
3228 2989 3413 3046 studet

160 3071 332 3185 ἑαυτδν
374 3078 449 3185 μὴ
488 3078 649 3146 εἰδὼς
693 3084 934 3156 ἀγαπᾷν.
970 3086 1083 3140 Καὶ
1102 3071 1229 3151 ’πῶς
1263 3087 1362 3161 τὴν
1398 3091 1618 3164 ἐντολὴν
1648 3093 1727 3147 δι-

1854 3092 2140 3146 πονίᾱετε.
2168 3087 2526 3160 thuomodo
2549 3094 2873 3156 praeceptum
2901 3083 3141 3154 legitime
3164 3080 3408 3153 impleat,

159 3166 312 3258 καίῳς
352 3170 558 3243 πληροῖ
606 3175 634 3227 6
669 3172 769 3245 τὴν
816 3175 954 3248 πρὸς
1004 3174 1065 3230 τὸ
1112 3177 1297 3239 δοῦλον
1354 3180 1514 3253 σῶμα
1569 3183 1726 3258 δίκην

163 3256 309 3325 ὖγιῶς
338 3259 411 3333 μὴ
447 3262 700 3331 δικάσας,
730 3264 867 3323 ἀλλά
906 3269 1176 3341 προφάσει
1214 3270 1314 3343 μὲν
1353 3256 1727 3345 δουλαγωγίας

162 3346 475 3440 ὁπιυπιάζειν
536 3356 1026 3429 ἐπαγγειλάμενος,
1075 3364 1144 3433 τῇ
1194 3361 1252 3416 δὲ
1309 3363 1519 3437 ἀκρίτῳ
1580 3369 1725 3440 ὁρμῇ

161 3439 300 3495 τοῦτο
343 3444 534 3509 κακῶς
578 3446 898 3514 ἁναλώσας;
932 3449 1059 3514 Πῶς
1100 3451 1211 3524 γὰρ
1243 3451 1323 3506 ἔτι
1358 3453 1544 3509 δοῦλον
1573 3439 1727 3511 ἔσται

162 3530 301 3586 τοῦτο
347 3536 441 3590 τοῦ
492 3537 930 3605 δεσποτεύοντος,
981 3542 1145 3595 αὐτὸν
1190 3542 1282 3598 τὸν
1328 3544 1593 3618 δεσπότην
1646 3550 1728 3612 είς

164 3621 440 3696 ὑπηρεσίαν
467 3628 572 3700 τῆς
604 3629 746 3699 βίας,
780 3626 848 3703 ἧς
886 3632 1000 3704 (12)
1039 3632 1367 3706 παρίαύτοῦ
1408 3638 1725 3714 ὑπέμεινεν,

164 3714 385 3788 εἰληφός;
415 3721 545 3785 Πῶς
576 3723 633 3775 δὲ
665 3723 939 3778 δουλεύσει
971 3725 1049 3795 τῷ
1091 3724 1325 3801 δεσπότῃ
1365 3731 1445 3792 είς
1474 3728 1573 3801 τὴν
1617 3730 1727 3785 τῶν

165 3807 380 3879 ἀδελφῶν
405 3813 677 3879 εὐποιίαν,
709 3814 920 3879 πάντας
950 3816 1076 3881 τοὺς
1110 3813 1168 3871 εὖ
1202 3822 1376 3873 ποιεῖν
1398 3819 1727 3893 δυναμένους

164 3900 232 3963 είς
253 3901 342 3975 τὴν
367 3904 570 3966 ἑαυτοῦ,
599 3905 897 3978 θεραπείαν
923 3908 1142 3977 δούλους
1169 3911 1538 3986 παρειληφὸς;
1581 3917 1726 3971 Οὐκ-

163 3990 232 4084 ετι
260 3995 362 4069 γὰρ
392 3999 532 4071 πρὸς
570 3999 638 4054 τὰ
675 4000 776 4079 τῆς
814 4001 1013 4073 ἀρετῆς
1054 4005 1331 4075 κινήματα
1375 4005 1454 4078 τῷ
1490 4007 1727 4084 δεσπότῃ

163 4080 471 4162 ὑπηρετήσει
493 4107 509 4121 ο
546 4093 605 4146 ὲν
641 4092 896 4165 ἀσθενείᾳ
948 4093 1006 4146 δὲ
1054 4095 1324 4167 κείμενον,
1370 4100 1485 4164 τοῖς
1519 4080 1726 4167 λοιποῖς

164 4175 340 4236 ἅπασιν
392 4184 642 4249 εὐποιίας
687 4185 840 4240 ἔσται
879 4186 1172 4253 ὑπόθεσιςο
1230 4190 1601 4262 οἰκτιζόμενον
1634 4195 1727 4250 τὸν

163 4264 400 4344 δεσπότην
433 4274 543 4330 ὑπὸ
576 4275 792 4339 πάντων
832 4276 975 4348 ἕχον,
1006 4277 1093 4332 διὰ
1129 4277 1229 4351 τὴν
1272 4280 1399 4352 περὶ
1424 4280 1582 4337 τοῦτο
1610 4284 1725 4358 (l3)

164 4358 534 4448 ταλαιπωρίαν,
588 4366 907 4438 ἐλεούμενον
964 4367 1021 4422 δὲ
1069 4369 1163 4423 τὸν
1221 4369 1427 4436 δοῦλον,
1488 4373 1577 4427 διὰ
1625 4374 1725 4448 τὴν

1830 3181 1922 3252 qui
1959 3181 2101 3237 servi
2135 3179 2380 3249 corporis
2417 3191 2638 3232 causam
2672 3190 2780 3231 non
2832 3184 2983 3230 recte
3033 3173 3274 3244 judicat,
3312 3172 3410 3227 sed

1830 3272 1961 3328 illud
1988 3270 2256 3340 castigare
2295 3269 2575 3340 professus
2633 3281 2729 3337 per
2773 3280 2994 3320 causam
3045 3263 3322 3334 redigendi
3354 3261 3410 3317 in

1830 3364 2166 3428 servitutem,
2196 3362 2596 3418 inconsiderato
2625 3360 2828 3430 impetu
2860 3355 2999 3412 male
3038 3355 3314 3411 consumit
3355 3363 3412 3410 et

1829 3453 2388 3525 perimit‘rQuomodo
2416 3453 2561 3507 enim
2602 3452 2780 3507 adhuc
2810 3463 3025 3504 servum
3052 3447 3158 3502 erit
3181 3445 3406 3513 domini,

1830 3548 2005 3618 ipsum
2040 3547 2316 3602 dominum
2347 3545 2413 3600 ad
2445 3543 2697 3600 solatium
2725 3540 3027 3606 violentiae,
3060 3553 3223 3609 quam
3258 3538 3410 3594 abeo

1830 3653 2049 3710 passum
2083 3646 2191 3703 est,
2244 3652 2460 3693 servum
2521 3634 2845 3705 accipiens?
2882 3631 3165 3699 Quomodo
3207 3630 3412 3686 serviet

1830 3732 2050 3787 domino
2078 3730 2145 3785 ad
2171 3728 2310 3785 bene
2352 3728 2473 3783 aliis
2518 3726 2866 3790 faciendum,
2913 3739 3103 3780 omnes
3150 3724 3242 3793 qui
3270 3724 3409 3777 bene

1830 3822 2010 3878 facere
2039 3830 2286 3893 possunt,
2307 3821 2372 3876 ad
2398 3833 2550 3875 suam
2617 3817 2790 3888 ipsius
2817 3830 3003 3871 curam
3053 3828 3239 3870 servos
3264 3813 3409 3869 acci-

1827 3913 2028 3986 piens?
2060 3912 2175 3968 Non
2205 3914 2350 3969 enim
2373 3911 2485 3982 jam
2517 3910 2584 3966 ad
2612 3909 2830 3964 virtutis
2854 3921 3022 3979 opera
3056 3906 3281 3963 domino
3304 3904 3411 3960 mi-

1829 4005 2125 4073 nistrabit;
2164 4006 2259 4061 sed
2296 4006 2349 4060 in
2382 4002 2698 4065 inﬁrmitate
2722 3999 2937 4072 jacens,
2987 3997 3202 4056 caeteris
3236 3999 3412 4052 omni-

1828 4097 1929 4154 bus
1949 4103 2054 4154 ertt
2083 4096 2330 4154 beneﬁcii
2356 4095 2584 4152 materia
2610 4095 2920 4161 ,_dominum
2938 4093 3145 4148 habens
3167 4091 3410 4147 omnium

1829 4189 2184 4244 miseratione
2205 4189 2450 4260 dignum,
2471 4190 2541 4245 ob
2564 4201 2925 4243 aerumnosam
2954 4185 3101 4240 circa
3128 4183 3255 4238 illud
3278 4196 3410 4253 ope-

1829 4296 1965 4348 ram,
1997 4296 2061 4337 ac
2096 4282 2268 4352 ipsum
2295 4281 2457 4334 etiam
2508 4293 2724 4334 servum
2781 4275 3171 4341 miserabilem,
3206 4272 3277 4330 ob
3313 4287 3407 4328 ac-

1828 4382 2015 4443 ceptas
2047 4386 2077 4426 a
2111 4371 2331 4427 domino
2378 4370 2711 4425 insanabiles
2758 4368 2967 4439 plagas.
2996 4364 3129 4420 Nam
3163 4379 3264 4420 nec
3290 4364 3407 4419 suis

162 4447 355 4541 άςίατον
372 4457 563 4527 τούτου
590 4459 792 4513 αἰκίαν.
823 4458 961 4513 Οὔτε
992 4459 1102 4533 γάρ
1122 4462 1150 4514 6
1176 4461 1445 4535 δεσπότης
1465 4464 1573 4520 τῶν
1599 4447 1726 4520 ἑαυ-

1854 4464 2153 4536 ampﬂiciis
2176 4461 2715 4534 dominusperfungi
2746 4470 2947 4532 potest,
2976 4461 3122 4517 circa
3149 4459 3279 4515 illud
3313 4473 3408 4514 oc-

163 4540 244 4594 τοῢ
275 4544 438 4618 ἔργων
477 4548 831 4604 ἐπιλαϐέσθαι
872 4549 1079 4617 λοιπὸν,
1122 4550 1209 4605 διὰ
1253 4552 1353 4625 τὴν
1396 4555 1526 4627 περὶ
1563 4555 1737 4623 τοῦτο,

164 4630 410 4705 ἀσχολίαν,
441 4640 560 4707 ἀλλ’
604 4638 728 4694 οὔτε
759 4641 1126 4710 ἀναγκασθεὶς
1160 4641 1249 4696 διὰ
1285 4643 1386 4714 τῆς
1420 4644 1557 4716 πρὸς
1587 4645 1721 4700 αὐτὸ

166 4726 453 4799 συνδέσεως»,
484 4732 767 4803 ἐλεύθερος
794 4732 1059 4805 ἀφεθῆναι
1091 4733 1333 4789 ἐπίνοιαν
1360 4735 1470 4806 ἔχει
1494 4753 1508 4767 ο
1535 4736 1659 4791 οὔτε
1691 4740 1721 4792 6

164 4813 325 4884 δοῦλος
350 4822 638 4891 ἔτιεὲλέους
664 4824 865 4897 τυχὼν,
901 4826 1309 4898 ἀνακτήσασθαι
1341 4828 1441 4899 τὴν
1478 4828 1723 4900 πρέπου-

168 4922 251 4964 σαν
288 4914 418 4986 πρὸς
454 4916 545 4973 τὸν
588 4917 855 4989 δεσπότην
892 4917 1169 4972 δουλείαν
1208 4917 1322 4973 ἀλλ’
1351 4921 1380 4973 6
1417 4919 1603 4992 ἔτερος
1646 4920 1727 4993 τῷ

168 4997 319 5074 ἑτέρῳ
345 5006 599 5073 ὑπόθεσις
635 5008 857 5063 ἀνιάτου
887 5009 1245 5083 κολαστηρίου
1281 5012 1592 5083 γενόμενος,
1626 5013 1725 5086 τὴν

169 5089 362 5165 ἀλογίαν
386 5100 589 5172 ἔχουσι,
628 5100 725 5156 τοῦ
761 5104 842 5167 είς
870 5102 933 5156 τδ
963 5102 1332 5176 δεσμωτήριον
1360 5102 1519 5171 τοῦτο
1544 5107 1726 5177 ἀμφοτ-

226 5293 286 5327 ⁸⁹“
315 5295 497 5362 Ilattb.
532 5315 659 5367 xxv,
693 5300 784 5357 56.

231 5490 732 5583 φλᾏποσιιλᾶβα.
773 5502 956 5583 Regiis
979 5501 1099 5561 cod.
1141 5503 1305 5567 2879.
1344 5502 1710 5573 ἀποσυλοῠσα,

171 5569 218 5612 et
240 5567 386 5635 paulo
410 5580 542 5635 post,
575 5573 750 5626 τίκτει
777 5567 923 5627 νοῦν.

356 5630 744 5719 ξ’ῲςοροσύνῃς
775 5645 866 5698 Sic
898 5644 1238 5700 Colbertinus
1265 5656 1318 5701 et
1343 5660 1481 5701 unus
1508 5661 1571 5701 ex
1608 5646 1715 5702 ite-

174 5703 460 5783 g'tifrgditi,‘
479 5703 866 5783 ’σῶφροᾶύνην.

236 5769 335 5846 (ll)
372 5769 709 5839 Πέιυῶιλέα..
773 5769 1208 5854 ἐπεσκέψασθε,
1254 5786 1367 5844 Duo
1409 5795 1617 5844 veteres
1647 5786 1714 5842 li-

1827 4565 2077 4628 cupatus,
2123 4569 2227 4611 nec
2272 4554 2585 4610 necessario
2638 4553 2925 4622 colligatus
2961 4565 3083 4606 cum
3112 4564 3200 4617 eo,
3234 4548 3409 4606 libere

1827 4646 2086 4702 evadendi
2117 4643 2399 4701 consilium
2420 4644 2666 4703 invenire
2682 4651 2893 4713 potest;
2921 4656 3021 4697 nec
3043 4656 3255 4705 servus,
3280 4640 3407 4695 dum

1826 4739 2007 4796 adhuc
2038 4739 2271 4810 benigne
2297 4747 2544 4804 curatur,
2584 4750 2876 4806 congruam
2914 4733 3134 4791 domino
3187 4732 3409 4788 servitu-

1824 4842 1931 4886 tem
1960 4846 2287 4901 recuperare
2312 4849 2326 4886 :
2361 4830 2456 4886 sed
2496 4844 2620 4885 cum
2648 4828 2790 4884 alter
2812 4826 2969 4881 alteri
2996 4826 3225 4881 materia
3256 4826 3407 4879 insa-

1825 4922 2021 4978 nabilis
2059 4923 2132 4977 sit
2195 4922 2483 4994 supplicii,
2511 4921 2771 4994 probrum
2807 4919 3092 4976 dementiae
3113 4920 3404 4983 sustinent,

1823 5023 1878 5070 et
1905 5030 1936 5069 a
1971 5016 2234 5087 magistro
2262 5015 2603 5083 certaminis,
2651 5014 2746 5084 qui
2799 5010 2989 5068 ambos
3015 5012 3141 5068 huic
3192 5010 3403 5066 carceri

1827 5106 2073 5178 illigavit,
2136 5116 2195 5165 et
2229 5123 2261 5163 a
2322 5108 2720 5180 spectatoribus
2769 5106 3033 5171 inustum,
3075 5119 3143 5161 eo
3167 5102 3309 5175 quod
3337 5103 3405 5159 ad

1818 5503 2183 5645 Erbesgstvdw,
2210 5504 2304 5559 καὶ
2341 5502 2608 5575 ἐθρέψατέ
2628 5519 2716 5574 με,
2749 5499 3011 5566 ἀσθενῶν,
3052 5502 3144 5554 καὶ
3174 5501 3405 5557 ἐπεσκέ-

1862 5590 1933 5645 ασ
2026 5591 2116 5645 με.
2208 5643 2229 5645 ᾗ
2288 5643 2300 5645 _
2360 5642 2379 5645 _
2529 5641 2653 5645 μω
2722 5643 2740 5645 Α
2992 5612 2997 5619 .

1862 5590 1995 5644 ασυε
2026 5591 2116 5644 με.

1895 5643 2009 5786 ήίὲζ
2028 5641 2165 5711 "Hc.
2193 5643 2325 5698 Cod.
2359 5642 2490 5712 lteg.
2520 5641 2682 5707 9.879,
2715 5643 2783 5712 ἦν

1924 5716 1987 5786 15
2042 5713 2183 5786 Περί
2217 5713 2415 5786 τοῦτο.
2470 5715 2612 5786 Itlt'ltl
2647 5718 2779 5767 code

1924 5712 2008 5788 l6)
2042 5713 2183 5788 Περί
2217 5713 2415 5788 τοῦτο.
2470 5715 2612 5788 Itlt'ltl
2647 5718 2814 5767 codex
2837 5751 2861 5788 ,ι
2890 5728 3019 5788 περι
3035 5712 3223 5788 -ταντδ
3253 5729 3407 5788 περι·

1823 5780 2082 5857 κειμένην
2115 5780 2281 5856 αὐτῷ.
2320 5785 2379 5838 Et
2424 5783 2580 5856 paulo
2604 5793 2743 5853 post,
2773 5780 2975 5836 τούτου
2995 5782 3227 5838 ἀδικίαν.
