3802 6216
343 296 449 352 69!

1296 298 1642 354 APPENDIX
1680 300 1964 357 ()PERUM
2003 304 2062 359 S.
2108 305 2347 365 BASILII
2389 307 2625 363 MAGNI.

3490 313 3597 371 692

348 408 627 465 ctelestem
651 422 865 463 cursum
893 408 995 464 iste
1017 411 1346 482 adscriptus,
1375 412 1687 482 imprudens
1700 413 1772 470 ob
1793 430 1922 470 con-

2064 420 2215 491 έρους
2245 420 2495 492 βαλόντος
2527 420 2660 490 (14),
2708 421 2803 476 καὶ
2828 421 2977 493 παρὰ
3004 422 3097 476 τοῦ
3130 425 3469 490 ἀγωνοθέτου
3504 430 3596 481 καὶ

346 499 529 555 silium
556 499 781 555 rationis
814 514 1029 569 expers,
1069 517 1175 556 non
1212 505 1371 557 modo
1400 505 1532 559 nihil
1571 520 1922 577 eorum,quae

351 595 421 646 ad
456 591 688 647 stadium
727 592 1036 660 pertinent,
1101 595 1393 664 prudenter
1452 600 1778 665 exercuerit,
1827 603 1922 656 sed

350 684 515 737 etiam
543 698 687 747 eum,
715 684 809 752 qui
863 684 962 753 ipsi
1010 686 1074 738 ad
1129 700 1348 740 cursum
1390 689 1595 744 servire
1642 692 1920 759 debuerat,

349 774 534 844 inique
557 776 911 843 oppresserit,
958 792 1023 831 ac
1073 780 1420 849 semetipsum
1475 782 1639 837 simul
1684 800 1807 839 cum
1858 800 1924 842 eo

351 865 517 920 stulte
553 867 829 920 everterit.
862 867 1204 939 Quapropter
1244 872 1552 928 necessario
1599 875 1683 930 his
1734 879 1823 947 qui
1857 880 1924 933 ad

351 957 606 1012 virtutem
650 961 1070 1030 comparandam
1129 976 1329 1032 corpus
1379 965 1672 1037 castigant,
1728 968 1923 1023 iterum

351 1047 690 1104 clamamus:
719 1049 802 1105 Ne
845 1052 1070 1107 declines
1122 1055 1191 1106 ad
1247 1058 1515 1110 dexteram
1541 1068 1633 1112 aut
1688 1062 1759 1114 ad
1792 1062 1924 1116 sini-

350 1150 517 1195 stram
550 1143 617 1196 °°.
657 1143 1121 1210 Quemadmodum
1176 1147 1320 1201 enim
1375 1148 1441 1202 ad
1488 1149 1780 1219 ingluviem
1830 1153 1927 1206 de-

352 1228 574 1286 ﬂectere
602 1233 966 1303 periculosum
992 1245 1097 1301 est,
1127 1238 1197 1293 ita
1227 1238 1535 1294 vehementi
1581 1241 1759 1296 inedia
1805 1257 1927 1297 cor-

353 1339 458 1393 pus
487 1338 552 1379 eo
577 1326 864 1396 redigere‘-,
920 1336 978 1382 ut
1008 1328 1078 1383 ob
1124 1330 1551 1387 imbecillitatem
1595 1334 1783 1389 inutile
1832 1336 1924 1402 sit,

356 1434 484 1473 vere
513 1430 597 1474 est
622 1436 651 1475 a
676 1423 885 1478 ratione
912 1425 1327 1483 alienissimum.
1353 1427 1470 1483 Non
1522 1430 1666 1484 enim
1692 1431 1806 1499 ipsa
1832 1446 1928 1500 per

354 1524 415 1563 se
439 1511 763 1567 abstinentia
802 1528 831 1567 a
856 1515 1059 1569 ventris
1082 1516 1450 1586 voluptatibus
1477 1520 1676 1575 bonum
1706 1532 1808 1586 est,
1833 1523 1927 1577 sed

356 1599 585 1688 quiaad
636 1603 891 1659 virtutem
947 1610 1365 1676 comparandam
1414 1610 1645 1666 confert.
1692 1613 1843 1679 Quod
1883 1619 1927 1669 si

357 1692 513 1761 cujus
562 1709 723 1749 causa
780 1696 1169 1757 abstinentiam
1227 1701 1468 1756 ciborum
1501 1703 1770 1774 eligimus,
1800 1706 1928 1761 illud

356 1784 746 1843 vehementiori
781 1789 1103 1846 abstinentia
1135 1792 1476 1864 negligimus,
1515 1795 1571 1849 in
1603 1798 1929 1851 contrarium
1961 1779 2004 1835 Β

359 1877 541 1943 nobis,
571 1879 640 1933 ob
657 1880 897 1934 animum
924 1883 1150 1938 rationis
1180 1894 1481 1953 expertem,
1506 1887 1734 1942 instituti
1760 1887 1930 1943 forma

357 1976 603 2020 vertetur
637 1985 649 2020 :
678 1969 948 2038 siquidem
977 1988 1084 2026 non
1114 1973 1225 2040 jam
1245 1974 1315 2029 ob
1341 1975 1664 2030 labefactum
1703 1987 1759 2032 et
1778 1993 1929 2032 ever-

359 2072 480 2113 sum
510 2058 929 2117 instrumentum
957 2077 1052 2133 per
1090 2063 1351 2121 lectiones
1376 2074 1431 2121 et
1474 2082 1667 2136 preces
1716 2069 1934 2125 assidue

358 2151 565 2204 versari
602 2166 721 2205 cum
757 2152 866 2208 Deo
905 2156 1238 2224 poterimus,
1283 2165 1378 2212 aut
1438 2158 1493 2213 in
1537 2157 1801 2220 fratribus
1845 2160 1935 2227 ju-

356 2243 553 2298 vandis
609 2244 844 2302 ofﬁcium
909 2249 1126 2305 virtutis
1157 2250 1478 2321 adimplere.
1533 2251 1757 2321 Oportet
1802 2267 1934 2323 ergo

298 2397 303 2402 ι
359 2334 522 2388 etiam
550 2340 795 2407 corporis
834 2355 1020 2396 curam
1051 2356 1263 2412 gerere,
1296 2358 1403 2397 non
1451 2351 1673 2413 propter
1715 2359 1931 2413 corpus,

359 2426 455 2479 sed
483 2435 540 2480 ut
567 2429 927 2486 ministerium
946 2433 1013 2487 ad
1034 2433 1429 2503 philosophiam
1450 2435 1763 2490 habeamus.
1789 2436 1933 2491 Fieri

359 2516 506 2570 enim
559 2534 666 2575 non
725 2531 950 2591 potest,
1009 2532 1069 2578 ut
1121 2525 1214 2594 qui
1263 2524 1634 2580 ministerium
1689 2527 1934 2595 corporis

359 2621 670 2680 promptum
701 2622 756 2666 et
786 2614 1096 2682 expeditum
1130 2616 1197 2671 ad
1249 2615 1648 2686 philosophiam
1692 2633 1796 2672 non
1842 2619 1935 2672 ha-

359 2700 512 2764 bent,
561 2701 615 2756 hi
676 2702 761 2758 vel
803 2703 1128 2762 lectionibus
1168 2705 1523 2776 philosophia:
1562 2712 1935 2779 comparandae

361 2792 569 2872 idoneis
600 2809 758 2863 pares
790 2797 919 2862 sint,
958 2797 1041 2853 vel
1074 2799 1316 2853 animum
1341 2799 1394 2853 in
1424 2814 1652 2868 corpore
1686 2800 1937 2871 languen-

365 2895 471 2940 tem
495 2888 664 2958 628
692 2890 758 2943 ad
802 2891 1133 2959 precandum
1188 2891 1576 2947 convenienter
1630 2893 1933 2959 intendant,

362 2979 449 3033 vel
475 2980 696 3036 omnino
724 2982 1017 3050 quidquam
1050 2996 1237 3037 eorum
1268 2997 1389 3051 quae
1430 2981 1499 3036 ad
1534 2983 1932 3052 philosophiam

365 3069 619 3134 attinent,
645 3069 712 3123 ad
741 3084 895 3124 suam
925 3068 1190 3139 ipsorum,
1220 3079 1314 3124 aut
1347 3070 1415 3124 ad
1453 3085 1665 3137 eorum,
1712 3072 1933 3140 quibus-

2023 511 2173 582 παρά
2202 513 2309 565 τῶν
2350 511 2557 566 θεατῶν
2595 509 2944 584 στιξομένην·
2975 515 3055 567 ὅτι
3100 515 3237 582 πρὸς
3273 515 3474 586 δρόμον
3505 519 3599 571 οὑ-

2024 603 2206 673 ράνιον
2252 598 2406 667 οὗτος
2449 605 2922 675 ἀπογραψάμενος,
2973 604 3130 658 ἔλαθε
3166 606 3233 659 δι’
3258 606 3505 674 ἀλογίαν,
3536 609 3599 662 οὐ

2026 696 2184 765 μόνον
2214 696 2364 748 οὐδὲν
2382 694 2491 750 τῶν
2524 696 2660 767 πρὸς
2692 696 2754 749 τὸ
2783 696 2996 749 στάδιον
3019 697 3296 767 φρονίμως
3329 698 3600 768 ἀσκήσας,

2023 781 2158 836 ἀλλά
2198 784 2293 837 καὶ
2317 783 2407 836 τὸν
2436 784 2574 855 πρὸς
2603 785 2799 856 δρόμον
2837 785 2985 856 αὐτῷ
3017 785 3296 839 δουλεῦσαι
3318 786 3603 856 ὀφείλοντα

2024 870 2222 934 ἀδίκως
2270 872 2609 936 καταϐαλὼν,
2662 876 2756 928 καὶ
2788 874 2868 927 ἔτι
2913 875 3102 928 ἐαυτὸν
3144 875 3318 944 τούτῳ
3361 877 3604 945 ἀνοήτως

2026 964 2531 1035 συγκαταστρέψας.
2562 966 2652 1018 Διὸ
2679 966 2988 1036 ἀναγκαίως
3007 969 3119 1030 τοῖς
3137 966 3224 1020 διά
3249 967 3348 1039 τὴν
3366 968 3462 1021 τοῦ
3490 967 3604 1039 (l5)

2025 1055 2191 1108 καλοῦ
2223 1057 2414 1128 κτῆσιν
2448 1058 2824 1122 ὑπωπιάζουσι
2869 1058 2931 1112 τὸ
2973 1058 3132 1130 σῶμα
3172 1059 3332 1113 πάλιν
3380 1061 3605 1127 ὑποφω-

2026 1145 2243 1217 νοῦμενο
2297 1147 2391 1216 Μὴ
2433 1150 2720 1218 ἐκκλίνῃς
2751 1152 2839 1215 είς
2877 1150 2949 1204 τὰ
2986 1148 3154 1214 δεξιὰ
3184 1149 3222 1218 ἢ
3255 1153 3342 1216 εἰς
3376 1152 3451 1203 τὰ
3484 1151 3611 1219 ἀρι-

2026 1238 2231 1308 στερά.
2269 1241 2356 1304 Ὦς
2387 1241 2495 1312 γὰρ
2523 1240 2584 1294 τὸ
2619 1243 2698 1304 είς
2723 1242 3164 1313 γαστριμαργίαν
3195 1243 3440 1296 ἐκκλῖναί
3489 1244 3611 1299 ἐστι

2028 1334 2279 1404 χαλεπὸν,
2319 1333 2462 1387 οὕτω
2502 1336 2564 1388 τὸ
2604 1335 2690 1388 διά
2724 1334 3119 1405 ἐπιτεταμένης
3158 1335 3455 1406 κακουχίας
3496 1336 3609 1407 (16)

2027 1428 2107 1491 εἰς
2139 1425 2438 1498 ἀχρηστίαν
2472 1426 2539 1479 δι’
2569 1426 2849 1489 ἀσθενείας
2874 1427 2934 1478 τὸ
2959 1427 3117 1496 σῶμα
3151 1426 3500 1491 καταϐαλεῖν,
3534 1428 3615 1490 ὡς

2028 1517 2242 1588 ἀληθῶς
2279 1517 2637 1585 ἀλογώτατον.
2666 1518 2739 1570 Οὐ
2766 1516 2873 1588 γὰρ
2901 1518 2969 1570 δι’
2995 1518 3193 1588 ἑαυτὴν
3227 1521 3260 1587 ἠ
3292 1519 3474 1589 ἀποχὴ
3501 1518 3615 1571 τῶν

2028 1609 2127 1679 τῆς
2150 1609 2386 1680 γαστρὸς
2437 1609 2638 1681 ἡδονῶν
2680 1611 2795 1663 ἐστι
2841 1609 3027 1673 καλὸν,
3062 1610 3179 1663 ἀλλ’
3208 1612 3291 1663 ὅτι
3333 1612 3474 1683 πρὸς
3514 1610 3616 1681 τὴν

2027 1699 2121 1753 τοῦ
2157 1699 2322 1753 καλοῦ
2361 1701 2553 1770 κτῆσιν
2582 1699 2966 1771 συμϐάλλεται.
3002 1702 3065 1754 Εί
3103 1702 3161 1755 δὲ
3200 1701 3268 1755 δι’
3303 1702 3331 1754 δ
3367 1702 3470 1772 τὴν
3503 1703 3616 1754 ἀπ·-

2032 1791 2161 1863 οχὴν
2193 1794 2301 1846 τῶν
2331 1792 2634 1863 βρωμάτων
2662 1793 3008 1864 ἐγκρίνομεν,
3033 1793 3222 1845 τούτου
3255 1793 3343 1846 διὰ
3362 1793 3467 1861 τῆς
3495 1795 3620 1845 επις

2031 1886 2335 1956 τεταμένης
2365 1884 2574 1955 ἀποχῆς
2606 1883 2973 1954 ἀμελήσομεν,
2998 1885 3076 1947 είς
3103 1884 3163 1937 τὸ
3186 1884 3428 1937 ἐναντίον
3456 1886 3619 1953 ἡμῖν,

2033 1976 2136 2029 ὑπὸ
2171 1974 2412 2043 ἀλογίας.
2439 1976 2537 2045 τῆς
2569 1974 2792 2045 ἀγωγῆς
2829 1975 2858 2027 ὁ
2892 1973 3062 2037 τύπος
3100 1975 3575 2045 περιτραπήσεται
3601 1989 3617 2003 ·

2031 2066 2214 2119 οὐκέτι
2237 2066 2333 2137 μὲν
2353 2066 2441 2119 διὰ
2460 2067 2558 2138 τὴν
2576 2065 2827 2138 σύντηξιν
2846 2070 2941 2119 καὶ
2953 2065 3313 2136 παρατροπὴν
3335 2064 3431 2116 τοῦ
3448 2064 3623 2134 ὀργά-

2031 2174 2123 2211 νου
2161 2158 2227 2210 δι’
2255 2158 2696 2228 ἀναγνωσμάτων
2726 2175 2785 2211 τε
2828 2159 2922 2212 καὶ
2947 2157 3120 2227 εὐχῶν
3158 2156 3367 2226 ὁμιλεῖν
3391 2156 3472 2227 τῷ
3494 2154 3622 2225 Θεῷ

2029 2248 2368 2318 δυναμένοις,
2399 2247 2523 2301 οὗτε
2542 2249 2676 2320 πρὸς
2705 2250 2806 2320 τὴν
2830 2248 2940 2319 (l7)
2960 2248 3069 2301 τῶν
3095 2246 3338 2317 ἀδελφῶν
3363 2246 3621 2301 εὐποιίαν

2030 2340 2111 2411 τῷ
2134 2340 2283 2411 καλῷ
2317 2340 2631 2395 ὑπακούειν,
2659 2341 2779 2412 Χρὴ
2796 2336 2888 2394 οὖν
2903 2341 2995 2395 καὶ
3018 2339 3266 2411 σώματος
3292 2341 3622 2409 ἐπιμέλειαν

2033 2432 2322 2498 ποιεῖσθαι,
2347 2433 2405 2485 οὑ
2430 2431 2519 2485 διά
2543 2432 2604 2484 τὸ
2630 2431 2811 2501 σῶμα,
2839 2431 2952 2485 ἀλλ’
2979 2430 3299 2503 ὑπηρεσίαν,
3329 2432 3496 2501 φημὶ,
3525 2447 3625 2498 φι-

2031 2523 2255 2593 λοσοφίᾳ
2295 2522 2624 2593 κτωμένους.
2679 2521 2962 2576 Ἀδύνατον
3010 2522 3120 2593 γάρ
3164 2522 3261 2591 τὴν
3308 2521 3623 2592 ὑπηρεσίαν

2031 2613 2124 2667 τοῦ
2154 2612 2403 2683 σώματος
2435 2608 2646 2683 εὐήνιον
2680 2611 2818 2683 πρὸς
2851 2611 3164 2681 φιλοσοφίαν
3198 2610 3272 2681 μὴ
3298 2611 3547 2681 ἔχοντας,
3583 2611 3619 2682 ἢ

2033 2704 2422 2772 ἀναγνῶσμασι
2451 2703 2759 2772 φιλοσόφοις
2792 2702 3045 2774 ἀρκέσαι,
3085 2702 3119 2772 ἢ
3148 2701 3239 2753 τὸν
3268 2700 3392 2756 νοῦν
3426 2702 3619 2754 ἐνατο-

2033 2794 2227 2851 νοῦντα
2254 2793 2331 2864 τῷ
2358 2793 2583 2864 σώματι
2606 2794 2742 2864 πρὸς
2775 2793 2938 2864 εὐχὴν
2979 2793 3206 2855 δεόντως
3249 2796 3543 2855 συντεῖναι,
3583 2790 3621 2861 ἢ

2036 2884 2270 2947 συνόλως
2299 2900 2351 2935 τι
2386 2882 2496 2935 τῶν
2523 2882 2810 2954 φιλοσοφίᾳ
2849 2882 3242 2936 ἐπιϐαλλόντων
3287 2883 3368 2945 είς
3421 2880 3622 2935 ἑαυτοῦ

2034 2975 2128 3027 καὶ
2164 2973 2273 3026 τῶν
2304 2973 2702 3027 κοινωνούντων
2726 2972 2803 3044 τῷ
2826 2972 2925 3043 βίῳ
2953 2972 3217 3041 ὠφέλειαν
3253 2971 3616 3043 ἐργάσασθαι.

2034 3065 2126 3118 Διὸ
2161 3064 2486 3124 Ὑπωπιάζω
2515 3081 2635 3134 μου
2665 3064 2730 3117 τὸ
2761 3064 2953 3133 σῶμα,
3002 3064 3154 3133 φησὶ,
3182 3064 3275 3116 καὶ
3311 3062 3620 3131 δουλαγω-

362 3177 487 3216 cum
521 3161 627 3216 vita
649 3162 950 3217 communis
978 3169 1082 3226 est,
1133 3162 1420 3218 utilitatem
1474 3170 1784 3231 operentur.
1846 3163 1933 3217 ld-

2064 3156 2134 3210 ·ῶ.
2178 3154 2675 3220 Κατεξανίστασθαι
2727 3155 2835 3225 γὰρ
2886 3155 2952 3208 δι’
3004 3153 3185 3225 ἀκμὴν
3230 3154 3341 3206 τῶν
3396 3152 3620 3224 σαρκῶν

365 3253 511 3307 circo
534 3253 729 3323 inquit:
762 3253 974 3323 Castigu
1008 3269 1197 3321 corpus
1230 3269 1426 3320 meum,
1454 3264 1501 3309 et
1535 3255 1589 3308 in
1635 3257 1934 3309 servitutem

365 3346 547 3413 redigo
576 3345 643 3398 “.
668 3344 956 3415 lnsurgere
1011 3344 1158 3399 enim
1195 3343 1382 3400 volens
1446 3344 1502 3400 in
1556 3331 1936 3401 dominumbb

365 3437 610 3492 carnium
637 3437 899 3507 vigorem,
927 3435 1269 3492 abstinentiae
1320 3435 1491 3507 plagis
1532 3437 1588 3491 in
1621 3440 1935 3492 servitutem

365 3536 574 3606 redigo,
604 3534 938 3590 dominatum
963 3547 1165 3603 cogens
1192 3548 1510 3603 agnoscere.
1547 3532 1665 3589 Non
1690 3534 1834 3589 enim
1858 3533 1938 3589 sic

364 3628 494 3683 illud
523 3627 680 3693 ferio,
711 3626 911 3695 inquit,
947 3635 1010 3680 ut
1043 3627 1417 3682 immoderatis
1455 3625 1624 3695 plagis
1656 3625 1843 3680 inutile
1869 3625 1938 3679 ad

364 3720 682 3774 servitutem
703 3717 956 3782 eﬂiciam,
990 3717 1084 3772 sed
1107 3717 1161 3772 id
1190 3716 1321 3770 mihi
1358 3716 1413 3769 in
1451 3715 1769 3784 castigando
1822 3727 1939 3783 pro-

366 3809 629 3877 positum,
662 3817 720 3862 ut
754 3809 807 3862 in
832 3808 1150 3863 servitutem
1185 3806 1428 3873 redigam
1464 3804 1533 3859 ad
1574 3802 1936 3858 ministerium

365 3900 585 3954 domin
614 3898 1006 3954 exhibendum.
1044 3897 1145 3964 Qui
1180 3908 1360 3951 autem
1414 3896 1551 3950 adeo
1606 3894 1800 3950 inediis
1826 3908 1940 3948 ser-.

365 4006 491 4044 vum
525 3991 790 4056 verberat,
824 3997 881 4044 ut
905 4004 1010 4044 non
1042 3987 1213 4043 solum
1251 3986 1455 4041 inutilis
1483 3986 1549 4039 ad
1596 3984 1801 4040 domini
1843 3984 1938 4038 mi-

367 4080 677 4143 nisterium,
700 4080 796 4135 sed
823 4088 877 4134 et
900 4078 1003 4133 sibi
1045 4079 1160 4148 ipse
1188 4092 1345 4147 opem
1380 4075 1524 4130 ferre
1575 4090 1683 4130 non
1729 4074 1937 4143 possit;

367 4173 498 4242 quid
537 4172 682 4227 aliu'd
712 4172 1067 4241 semetipsum
1097 4209 1114 4237 ,
1151 4168 1254 4225 nisi
1308 4183 1524 4224 servum
1575 4167 1718 4222 servi
1772 4164 1940 4220 facit?

367 4265 603 4320 Necesse
632 4273 721 4320 est
757 4263 902 4318 enim
930 4269 990 4316 ut
1015 4277 1137 4317 cum
1183 4260 1294 4330 jam
1343 4274 1539 4328 corpus
1583 4258 1793 4313 servire
1834 4272 1938 4315 non

368 4359 562 4428 possit,
584 4358 680 4413 sed
704 4357 773 4412 ob
802 4355 1135 4410 debilitatem
1164 4353 1457 4409 resolutum
1491 4353 1583 4418 sit,
1615 4350 1862 4406 dominus
1891 4351 1940 4406 ei

369 4450 595 4516 serviat,
621 4449 821 4518 quippe
850 4447 941 4516 qui
966 4461 1181 4516 semper
1204 4445 1259 4500 in
1294 4443 1598 4501 ministerio
1626 4443 1769 4498 illius
1792 4442 1942 4496 inﬁr-

2034 3247 2126 3302 τοῦ
2168 3248 2426 3301 δεσπότου
2478 3246 2797 3317 βουλόμενον
2852 3249 2964 3309 τοῖς
3010 3247 3108 3314 τῆς
3154 3245 3479 3316 ἐγκρατείας
3523 3245 3624 3297 ὑπ-

2036 3341 2227 3404 ωπίοις
2255 3340 2602 3409 δουλαγωγῶ,
2631 3338 3010 3407 ἐπιγινώσκειν
3036 3338 3133 3408 τὴν
3158 3338 3471 3391 δεσποτείαν
3494 3354 3624 3389 συν-

2037 3432 2378 3502 ἀναγκάζων.
2428 3432 2501 3485 υὺ
2530 3431 2640 3503 γὰρ
2691 3430 2861 3493 οὕτως
2895 3430 3025 3483 αὐτὸ
3055 3429 3221 3493 παίω,
3249 3429 3439 3499 φησὶν,
3473 3427 3621 3481 ὥστε

2034 3526 2154 3585 ταῖς
2192 3522 2451 3593 ἀμέτροις
2504 3521 2740 3593 πληγαῖς
2779 3520 3047 3592 ἄχρηστον
3080 3521 3216 3591 πρὸς
3243 3520 3341 3590 τὴν
3371 3518 3620 3572 δουλείαν

2036 3615 2283 3685 ποιῆσαι,
2319 3613 2433 3668 ἀλλ’
2484 3614 2512 3666 ὁ
2562 3612 2764 3677 σκοπός
2800 3630 2891 3683 μοι
2931 3613 3024 3665 τοῦ
3067 3610 3405 3675 ὑπωπιάζειν
3442 3612 3620 3675 ἐστὶν,

2038 3704 2125 3759 ἵνα
2172 3703 2571 3774 δουλαγωγήσω
2620 3702 2778 3756 τοῦτο
2840 3703 2974 3774 πρὸς
3024 3702 3329 3773 ὑπηρεσίαν
3385 3701 3482 3770 τῆς
3525 3701 3616 3752 δε-

2040 3795 2311 3858 σποτείας.
2355 3796 2413 3848 '0
2466 3795 2522 3847 δὲ
2570 3796 2649 3858 είς
2693 3794 2945 3848 τοσοῦτον
2979 3794 3194 3848 τύπτων
3229 3796 3350 3856 ταῖς
3381 3792 3626 3856 ἐνδείαις

2037 3882 2129 3935 τὸν
2186 3882 2390 3949 δοῦλον,
2448 3881 2590 3935 ὥστε
2656 3881 2729 3953 μὴ
2791 3883 2949 3953 μόνον
3008 3882 3277 3954 ἄχρηστον
3329 3883 3463 3952 πρὸς
3515 3881 3623 3954 τὴν

2040 3973 2346 4045 ὑπηρεσίαν
2399 3973 2493 4026 τοῦ
2526 3973 2782 4027 δεσπότου
2819 3973 3094 4043 γενέσθαι,
3138 3974 3275 4027 ἀλλά
3312 3974 3404 4027 κα)⁸
3437 3974 3623 4044 ἐαυτῷ

2040 4067 2320 4119 ἀδυνατεῖν
2367 4067 2648 4139 ἐπαρκεῖν,
2692 4066 2745 4119 τί
2791 4065 2939 4129 ἄλλο,
2990 4066 3023 4136 ἢ
3061 4065 3244 4119 δοῦλον
3282 4065 3471 4120 ἐαυτὸν
3517 4065 3621 4119 τοῦ

2039 4156 2225 4210 δούλου
2250 4157 2360 4228 (18)
2389 4157 2720 4228 πεποίηκεν;
2763 4158 2997 4229 Ἀνάγκη
3027 4157 3134 4228 γὰρ
3162 4159 3356 4228 μηκέτι
3398 4156 3494 4226 μὲν
3520 4158 3622 4210 δυ-

2040 4246 2272 4317 ναμένου
2313 4246 2583 4300 δουλεύειν
2633 4247 2725 4300 τοῦ
2776 4246 3045 4319 σώματος,
3094 4249 3184 4301 ὑπ’
3227 4248 3511 4310 ἀσθενείας
3562 4247 3623 4301 δὲ

2041 4338 2396 4410 παρειμένου,
2436 4339 2526 4392 τὸν
2556 4338 2819 4410 δεσπότην
2846 4340 3020 4411 τούτῳ
3045 4338 3333 4399 δουλεύειν.
3373 4340 3458 4392 ἀεὶ
3488 4340 3623 4411 περὶ

2042 4430 2140 4502 τὴν
2167 4432 2467 4503 ὑπηρεσίαν
2500 4430 2664 4486 αὑτοῦ
2708 4432 2805 4500 τῆς
2832 4431 3115 4495 ἀσθενείας
3145 4432 3490 4502 πονούμενον,
3523 4432 3623 4484 καὶ

368 4544 546 4601 mitati
577 4517 883 4598 exhibendo
937 4539 1162 4605 laboret,
1208 4551 1308 4592 nec
1338 4535 1450 4604 jam
1498 4550 1717 4591 suorum
1767 4534 1935 4604 ipsius

2064 4525 2221 4578 ιὺκὲτι
2245 4524 2343 4594 μὲν
2365 4524 2472 4577 τῶν
2491 4521 2610 4577 καθ’
2633 4522 2823 4576 ἑαυτὸν
2844 4523 3019 4592 ἔργων
3048 4524 3267 4595 μνήμην
3294 4522 3621 4592 ποιήσασθαι

372 4632 685 4689 muniorum
724 4628 1039 4685 meminisse
1091 4625 1283 4697 possit,
1329 4639 1394 4680 ac
1417 4633 1582 4681 totam
1604 4622 1771 4678 vitam
1804 4622 1857 4677 in
1880 4636 1945 4678 eo

370 4723 612 4780 curando
641 4728 946 4777 consumat.

443 4815 530 4877 12.
585 4814 778 4869 Carnis
809 4813 973 4882 igitur
1005 4824 1193 4865 curam
1237 4822 1426 4879 gerere
1475 4821 1581 4861 non
1629 4804 1945 4874 simpliciter

374 4902 674 4976 prohibuit,
728 4905 824 4957 sed
863 4903 931 4956 ad
986 4897 1455 4969 concupiscentias
1526 4896 1718 4965 inquit.
1766 4895 1944 4961 Quare

373 4994 519 5064 quod
539 4993 595 5047 in
627 4993 882 5048 carnibus
914 4988 1246 5058 concupiscit
1293 4995 1350 5046 et
1385 4986 1687 5056 voluptates
1718 4985 1941 5056 appetit,

446 5174 492 5207 “
522 5174 680 5229 Deut.
708 5189 761 5240 ν,
793 5174 882 5230 52.
957 5174 1001 5205 ⁶¹
1033 5172 1202 5230 lCor.
1235 5185 1311 5236 lx,
1353 5167 1443 5222 27.

448 5336 912 5406 (14)Βαλόντος.
945 5331 1034 5385 Sic
1060 5339 1171 5406 tres
1196 5345 1305 5406 mss
1351 5330 1545 5406 quibus
1569 5324 1955 5406 _l'avne_t‘§olher-

380 5394 553 5469 tiu‘us,’
587 5406 640 5458 in
672 5420 778 5471 quo
810 5394 1026 5470 legitur,
1064 5394 1414 5470 ἐμϐαλόντος.
1442 5399 1603 5471 Etliti,
1648 5394 1951 5471 βάλλοντος.

380 5468 646 5529 Videntur
670 5468 849 5528 autem
871 5468 998 5526 haec
1030 5468 1190 5525 verba
1223 5487 1321 5523 suo
1351 5468 1615 5521 excidisse
1658 5468 1814 5519 loco':
1858 5480 1956 5517 nec

379 5546 521 5598 ullus
544 5547 648 5597 erit
673 5558 885 5608 sensus,
911 5541 1012 5595 nisi
1045 5542 1304 5609 legamus,
1330 5537 1480 5610 παρὰ
1502 5536 1595 5590 τοῦ
1620 5532 1954 5605 ἀγωνοθέτου

378 5613 539 5667 τοῦ...
577 5612 848 5681 βαλόντος.

453 5674 727 5752 (15)’Τοῦ.
755 5679 1095 5752 Codexhlicg.
1129 5678 1290 5752 2879,
1329 5676 1422 5752 τοῦ
1448 5677 1629 5739 ὅντως.
1655 5674 1765 5731 Νοιι
1789 5675 1955 5729 multo

383 5747 503 5824 puSt
533 5752 674 5807 idem
710 5753 853 5818 c0tl.,
886 5747 1062 5816 δεξιά,
1083 5749 1214 5820 μηδέ
1239 5751 1315 5811 εἰς
1336 5747 1419 5801 τά.

2050 4616 2519 4688 συγχωρούμενον,
2556 4616 2732 4670 πάντα
2761 4616 2818 4675 δὲ
2850 4615 2940 4670 τδν
2972 4616 3084 4686 βίον
3103 4616 3290 4670 τούτου
3316 4614 3625 4686 προσδαπα-

2047 4708 2242 4762 νῶντα.

2120 4800 2211 4855 12.
2255 4800 2366 4871 Τῆς
2410 4797 2503 4854 οὖν
2547 4800 2749 4872 σαρκὸς
2788 4800 3045 4870 πρόνοιαν
3087 4799 3161 4870 μὴ
3204 4798 3474 4852 ποιεῖσθαι
3517 4800 3622 4870 οὑχ

2049 4892 2237 4957 ἁπλῶς
2269 4893 2614 4965 ἀπεφήνατοο
2647 4892 2762 4945 ἀλλ’
2793 4893 2873 4955 είς
2906 4889 3220 4960 ἐπιθυμίας,
3257 4889 3624 4958 φησίν.Ὦστε

2051 4984 2113 5037 τὸ
2143 4984 2240 5054 μὲν
2267 4982 2661 5053 ἐπιθυμητικὸν
2700 4983 2795 5041 καὶ
2837 4981 3117 5052 φιλήδονον
3143 4981 3251 5036 τῶν
3292 4977 3510 5051 σαρκῶν
3537 4978 3627 5032 διὰ

2125 5318 2235 5387 (16)
2259 5319 2363 5374 Διὰ
2385 5318 2808 5387 ἐπιτεταμένης
2823 5314 3170 5382 κακουχίας.
3185 5312 3328 5366 Idem
3354 5310 3545 5375 codex,
3562 5314 3627 5383 τῇ

2052 5391 2414 5464 ἐπιτεταμένῃ
2448 5388 2734 5464 κακουχίᾳ·
2792 5458 2819 5464 _
3042 5455 3053 5464 .
3309 5450 3322 5461 .

2125 5460 2236 5529 (t7)
2264 5450 2414 5513 ὸῦτὲ
2443 5458 2592 5527 πρὸς
2622 5450 2755 5529 Ξῆν.
2792 5458 2951 5514 Deest
2975 5455 3146 5529 prima
3176 5465 3277 5529 νοις
3309 5450 3360 5503 in
3385 5450 3631 5529 editione

2052 5519 2280 5650 Vepet’a.
2312 5519 2528 5650 [aegitur
2555 5519 2608 5583 i'n
2635 5519 2842 5583 duobus
2874 5519 3028 5591 russi,
3057 5522 3153 5578 καὶ
3179 5520 3316 5595 πρὸς
3339 5519 3461 5591 τήν,
3489 5520 3632 5587 quod

2053 5616 2240 5650 (3018111
2274 5614 2328 5650 re
2371 5613 2429 5650 ΙΙ.

2086 5602 2240 5654 odem
2274 5602 2429 5654 redit.

2053 5618 2240 5655 (30118111
2274 5618 2429 5654 1⁸8011.

2129 5667 2241 5741 (18)
2279 5668 2394 5741 Τοῦ,
2418 5668 2661 5741 δούλου.
2698 5667 2849 5725 Unus
2881 5666 3026 5733 cod.,
3056 5663 3135 5738 τῷ
3161 5661 3352 5735 δούλῳ.
3391 5658 3530 5715 Infra
3552 5658 3633 5714 leo

2056 5737 2306 5811 gentium,
2343 5738 2455 5809 βίον
2484 5737 2676 5809 τούτῳ.
