3802 6216
146 290 246 349 693

1340 299 1544 359 LIBER
1585 298 1673 358 DE
1715 302 2176 359 VlRGlNlTATE.

3284 304 3390 362 695

143 406 235 475 τῆς
264 404 553 475 ἀσκήσεως
586 405 668 460 δεῖ
709 406 1068 480 ὑποτέμνειν·
1111 410 1173 464 τὸ
1209 411 1267 466 δὲ
1306 415 1586 487 χρειῶδες,
1629 420 1710 482 εἰς

1835 420 1864 473 d
1898 419 2004 472 vita
2033 416 2271 473 ascetica
2317 416 2554 473 resecari
2597 414 2753 471 debet
2791 435 2805 471 :
2841 417 2983 487 quod
3018 427 3197 473 autem
3237 422 3392 486 utile,

142 499 234 568 τὴν
284 495 378 551 τοῦ
437 498 604 552 καλοῦ
662 500 856 572 κτῆσιν
907 504 1302 577 προνοούμενον
1323 547 1340 573 ,
1402 512 1709 583 συντηρεῖν.

143 587 341 656 Βρῶμα
377 588 490 657 γὰρ
524 589 678 661 ἡμᾶς
707 594 780 645 οὐ
806 594 1138 663 παρίστησι
1166 596 1247 662 τῷ
1288 598 1427 664 Θεῷ.
1474 604 1556 655 Οὐ
1601 602 1714 673 γάρ

143 680 304 732 ἐστιν
334 680 373 747 ἡ
416 682 714 745 ,βασιλεία
748 684 857 738 τοῦ
904 688 1050 742 Θεοῦ
1089 687 1325 757 ,ϐρῶσις
1375 691 1477 745 καὶ
1509 694 1711 760 πόσις,

144 769 291 825 ἀλλὰ
325 771 683 843 δικαιοσύνη
718 778 815 832 καὶ
850 778 1055 848 εἰρήνη
1082 781 1181 835 καὶ
1232 782 1388 851 χαρὰ
1418 784 1489 838 ἐν
1522 787 1713 840 Πνεύ-

139 879 267 931 pan
289 864 454 934 ἁγίῳ.
503 868 581 919 Δι’
609 866 645 921 ἀ
687 869 781 922 καὶ
811 870 844 940 ἡ
887 870 993 924 τῶν
1024 871 1330 944 βρωμάτων
1365 875 1542 947 ἀποχὴ
1576 863 1716 948 μετά

145 952 288 1021 λόγου
320 955 829 1029 παραλαμϐάνεται.
872 961 1026 1015 Ἐπεὶ
1060 964 1193 1017 αὐτὸ
1240 966 1364 1020 καθ’
1404 968 1564 1035 ἑαυτὸ
1613 970 1714 1041 τὴν

145 1044 340 1117 ἀποχὴν
388 1047 501 1101 τῶν
537 1048 841 1121 βρωμάτων
883 1052 950 1106 ἂν
998 1054 1279 1127 ἐξετάζῃς,
1316 1058 1513 1129 φησιν’
1565 1062 1715 1115 Οὔτε

143 1135 241 1189 ἐὰν
251 1136 337 1205 μὴ
349 1137 658 1209 φάγωμεν,
678 1144 1107 1213 ὑστερούμεθα,
1129 1147 1266 1200 οὔτε
1285 1148 1395 1202 ἐὰν
1414 1149 1712 1221 φάγωμεν,

145 1231 592 1300 περισσεύομεν.
637 1232 775 1288 Οὔτε
820 1235 930 1306 γὰρ
959 1239 1009 1291 οἱ
1046 1237 1123 1309 μὴ
1162 1239 1433 1307 ἐσθίοντες
1473 1243 1635 1298 πλέον
1662 1263 1715 1299 τι

147 1317 312 1388 ἔχουσι
344 1321 453 1374 τῶν
482 1322 775 1380 ἐσθιόντων
811 1326 870 1381 ὲν
903 1329 1096 1403 ἀρετῇ,
1134 1333 1255 1385 κατ’
1285 1331 1418 1387 αὐτὸ
1466 1335 1627 1405 μόνον
1655 1337 1716 1390 τὸ

148 1411 215 1481 μὴ
267 1412 500 1469 ἐσθιειν·
556 1414 681 1470 οὔτε
728 1419 777 1472 οἱ
848 1419 1121 1485 ἐσθίοντες
1173 1423 1393 1479 ἔλαττον
1460 1426 1569 1481 τῶν
1641 1428 1716 1500 μὴ

148 1500 442 1572 ἐσθιόντων,
486 1506 611 1559 κατ’
647 1507 779 1562 αὐτὸ
809 1509 970 1580 μόνον
1016 1513 1077 1566 τὸ
1122 1514 1346 1581 ἐσθίειν,
1380 1516 1475 1571 ἐὰν
1506 1521 1538 1590 ή
1570 1518 1717 1574 ἔνδον

146 1592 310 1646 αὐτῶν
338 1595 512 1667 ἀρετὴ
539 1596 877 1671 ὲξισάζηται.
912 1603 1122 1658 Οὐκοῦν
1158 1606 1294 1679 πρὸς
1332 1607 1431 1678 τὴν
1469 1611 1528 1663 ὲν
1569 1610 1717 1684 ψυχῇ

147 1685 331 1758 ἀρετὴν
355 1687 678 1760 ἀφορῶντας
697 1691 779 1746 δεῖ
803 1693 872 1749 τὰ
896 1697 1024 1767 περὶ
1061 1696 1219 1768 σῶμα
1244 1699 1422 1755 πάντα
1451 1704 1714 1772 μετιέναι.

148 1774 214 1827 Οὐ
243 1776 348 1848 γὰρ
379 1779 511 1833 ὄντα
554 1782 698 1837 καλά
734 1786 856 1839 καθ’
890 1788 1079 1854 ἑαυτὰ,
1131 1790 1220 1845 διὰ
1261 1791 1361 1864 τὴν
1404 1794 1499 1848 τοῦ
1547 1796 1715 1851 καλοῦ

150 1867 438 1962 θπηρεσίαν
483 1874 630 1928 καλὰ
664 1879 1015 1949 κοσμούμενα
1059 1883 1289 1951 γίνεται.
1323 1886 1440 1941 ἰνα
1473 1887 1602 1956 γοῦν
1639 1889 1715 1962 μὴ

148 1961 489 2060 ὲμποδξζηται
513 1968 547 2037 ἠ
746 1971 808 2024 τὸ
859 1972 1025 2027 καλὸν
1057 1976 1329 2049 ὑπηρεσία
1354 1982 1421 2051 τῇ
1461 1961 1716 2054 ἀσθενείᾴ

148 2049 232 2103 τοῦ
263 2049 532 2124 σώματος,
557 2058 731 2127 Οῖνῳ,
757 2063 942 2132 φησὶν,
968 2065 1152 2136 ὀλίγῳ
1179 2067 1303 2136 χρῶ
1321 2049 1419 2124 διά
1442 2072 1550 2126 τὸν·
1571 2049 1715 2128 ard;-

146 2144 330 2209 μαχόν
374 2159 495 2200 σου
537 2148 639 2202 καὶ
675 2153 783 2218 τὰς
811 2154 1048 2222 πυκνάς
1085 2173 1203 2212 σου
1245 2160 1584 2229 ἀσθενείας.
1629 2164 1718 2228 Ὦς

151 2229 247 2326 γὰρ
286 2231 457 2296 ζέοντι
492 2236 562 2290 δι’
585 2239 770 2312 ἀκμὴν
812 2246 907 2298 καὶ
935 2247 1235 2319 σφριγῶντι
1286 2252 1365 2322 τῷ
1415 2254 1630 2326 σώματι
1654 2257 1718 2309 οὐ

151 2321 237 2417 δεῖ,
267 2326 518 2403 καθάπερ
535 2331 638 2404 ἤδη
655 2334 1001 2409 προείρηται,
1033 2339 1143 2413 πῦρ
1160 2344 1252 2397 ἐπὶ
1280 2344 1391 2417 πῦρ
1420 2321 1713 2417 ὀχετεύειν·

152 2413 463 2514 οὔτως-οὕτε
513 2424 949 2502 καταψυχομένῳ
980 2435 1047 2504 τῇ
1080 2413 1372 2509 ἀσθενείᾳ,
1398 2413 1483 2492 τδή
1510 2441 1720 2514 ψυχρὸν

156 2507 223 2561 ἔτι
250 2510 340 2563 καὶ
377 2513 583 2583 μᾶλλον
622 2518 935 2585 ὲπιὸλαϐῶς
971 2524 1279 2583 ὲπαντλεῖν.
1311 2507 1453 2583 Ἂλλ’
1493 2507 1722 2596 ὧς

154 2596 208 2649 τὺ
229 2600 361 2654 κατὰ
399 2603 565 2673 φύσιν
606 2606 804 2680 θερμὸν
828 2610 907 2682 τῷ
947 2614 1199 2687 ὑφαιρεῖν
1240 2618 1337 2683 τὰς
1367 2620 1564 2685 ἔξωθεν
1589 2624 1722 2690 ὔλας

157 2690 556 2786 ὲκδαπανῶμεν,
604 2700 750 2755 οὕτω
798 2702 1106 2776 δαπανηθὲν
1152 2709 1315 2765 τοῦτο
1365 2716 1480 2778 τοῖς
1514 2717 1718 2786 πόνοις,

156 2780 241 2874 uel.
256 2782 448 2874 λοιπὸν
481 2788 552 2842 δι’
592 2790 811 2861 ἡλικίαν
846 2794 878 2866 ἢ
918 2797 1071 2851 νόσον
1099 2800 1481 2874 σϐεννύμενον,
1524 2780 1721 2872 ἔξωθεν

154 2870 438 2974 ἐναύσμασι
497 2880 614 2953 (19)
667 2883 990 2957 βοηθοῦντες
1043 2870 1453 2966 ἀναληψόμεθα.
1484 2870 1722 2974 Εἰρήνης

157 2964 253 3067 γάρ
290 2968 368 3024 δεῖ
404 2974 501 3067 real.
530 2977 590 3028 ὲν
628 2975 709 3047 τῷ
755 2977 969 3067 σώματι
995 2991 1243 3055 προνοεῖν
1383 2964 1718 3062 ἀσθενοῦντι,

157 3063 252 3110 τῶν
269 3063 541 3159 τεττάρων
559 3067 747 3140 μερῶν
768 3070 829 3136 ἐξ
842 3064 914 3125 ὧν
929 3076 1263 3148 ὴρμόσμεθα.
1274 3081 1386 3153 (ἳο)
1410 3084 1722 3159 ἁπανταχοῦ

160 3155 589 3249 παρισταμένων,
632 3159 719 3212 ἵνα
770 3160 844 3232 μὴ
881 3166 1177 3237 ὲκνικῆσάν
1224 3187 1354 3224 ποτε
1396 3174 1459 3228 τὸ
1490 3178 1549 3229 ὲν
1590 3155 1723 3249 ἡμῖν

162 3236 345 3336 θερμὸν
373 3243 405 3315 ἢ
427 3246 658 3318 ψυχρὸν,
675 3249 707 3319 ἢ
724 3250 781 3303 ἒν
796 3252 933 3321 ὅλως
958 3236 1137 3321 τιτῶν
1155 3261 1452 3332 τεττάρων,
1484 3236 1722 3336 πολέμου

161 3331 244 3429 καὶ
270 3332 661 3429 ἀναρμοστίας,
699 3343 805 3396 καὶ.
823 3344 918 3397 τοῦ
947 3347 1009 3411 ἐξ
1045 3331 1331 3416 ἀσθενείαζ
1366 3355 1584 3426 οἴστρου
1609 3331 1722 3429 (⁷21)

162 3422 249 3526 την
270 3425 442 3526 ψυχὴν
475 3433 789 3522 ἀναπλήσῃἶ
830 3438 990 3495 ’Δλλὰ
1019 3440 1193 3500 ταῦτα
1221 3443 1320 3514 μὲν
1355 3447 1434 3509 εἰς
1468 3422 1566 3518 τὴν
1597 3422 1725 3518 μίαν

163 3522 258 3618 των
296 3522 623 3594 αἰσθήσεων,
649 3527 747 3599 τὴν
776 3529 965 3599 γεῦσιν
1008 3533 1199 3613 μόνον,
1254 3536 1395 3608 ὑπὲρ
1440 3540 1541 3610 τῆς
1585 3541 1729 3595 κατά

169 3615 310 3679 σῶμα
340 3615 664 3686 παρθενίας,
700 3622 1028 3693 συμμέτρως
1070 3626 1330 3697 εἰρήσθω.
1380 3630 1728 3697 Μετάϐατέον

167 3699 215 3752 δὲ
245 3702 419 3799 λοιπὸν
461 3710 558 3763 καὶ
606 3712 698 3765 ἐπὶ
729 3713 829 3784 τὰς
874 3715 1041 3781 ἀλλας
1078 3718 1379 3790 αἰσθήσεις,
1425 3721 1523 3794 τὴν
1554 3725 1729 3799 ἀληθῆ

170 3794 415 3863 παρθένον
444 3801 573 3876 ἰδεῖν
597 3804 953 3877 προκείμενον
982 3808 1224 3879 ἔχοντας.

231 3892 310 3947 15.
339 3895 534 3951 ’ἰστέον
560 3899 673 3969 (22)
698 3897 790 3956 οὖν
816 3905 930 3966 τοῖς
959 3905 1059 3976 τὴν
1084 3904 1417 3979 θεράπαιναν
1444 3910 1544 3980 τῆς
1562 3910 1733 3977 ὄντως

173 3984 468 4075 παρθενίας,
512 3991 607 4048 διὰ
645 3993 744 4064 τῆς
791 3995 1003 4066 ἀποχῆς
1046 3997 1155 4051 τῶν
1203 4000 1441 4071 τροφῶν’
1496 4006 1590 4057 καὶ
1630 4005 1733 4075 τῆς

172 4073 320 4147 ἄλλης
344 4081 764 4159 σκληραγωγίας
800 4088 1069 4158 παρθένον
1109 4092 1488 4160 φυλάττουσιν,
1533 4097 1613 4150 ὅτι
1646 4073 1737 4150 δυ-

173 4168 314 4259 νατὸν
342 4172 612 4244 παρθένον
636 4174 830 4247 ἔχοντα
858 4178 1036 4249 σῶμα,
1071 4181 1145 4253 μὴ
1177 4183 1444 4255 παρθένον
1473 4185 1616 4256 ἔχειν
1638 4187 1736 4259 τὴν

173 4255 349 4332 ψυχήν.
390 4265 598 4321 Ἱκανὸν
623 4268 735 4340 γὰρ
763 4269 856 4323 καὶ
875 4268 988 4342 (25)
1020 4271 1238 4344 βλέμμα
1264 4275 1467 4339 τύπους
1504 4255 1738 4352 ἐμποιῆ-

177 4364 256 4404 cat
280 4354 382 4408 τῶν
413 4358 656 4429 αἰσχρῶν
682 4364 749 4432 τῇ
781 4361 948 4434 ψυχῇ,
970 4365 1066 4417 καὶ
1102 4364 1258 4435 λόγος
1286 4370 1737 4441 πεφαρμακωμέ-

1814 511 1868 564 id
1924 509 2142 564 virtutis
2193 508 2610 578 acquisitioncm
2661 508 2763 563 sibi
2817 511 3136 578 proponenti
3184 525 3397 565 conser-

1815 602 2067 655 vandum.
2094 600 2235 655 Esca
2262 601 2399 654 enim
2434 618 2527 656 nos
2559 600 2663 655 Deo
2690 616 2793 654 non
2826 602 3147 655 commendat
3174 601 3238 657 ⁸³.
3268 600 3390 656 Νοη

1813 702 1891 746 σει
1926 693 2064 745 enim
2097 707 2311 761 regnum
2358 690 2457 744 Dei
2507 707 2625 745 esca
2670 703 2717 746 et
2752 702 2939 759 polus,
2984 691 3076 745 sed
3098 692 3313 760 justitia
3340 700 3390 744 et

1813 801 1919 853 pax
1933 796 1979 839 et
2004 786 2257 854 gaudium
2275 784 2330 837 in
2359 784 2562 851 Spiritu
2593 794 2776 837 sancto
2798 784 2863 838 °’.
2886 783 3111 852 Propter
3136 797 3257 853 quae
3278 784 3392 851 ipsa

1814 878 2058 933 ciborum
2106 875 2436 931 abstinentia
2464 890 2587 928 cum
2621 874 2833 928 ratione
2863 872 3171 927 adhibetur.
3211 872 3393 941 Siqui-

1814 973 1932 1025 dem
1963 971 2133 1039 ipsam
2166 983 2262 1036 per
2287 982 2347 1021 se
2390 967 2770 1021 abstinentiam
2800 966 3041 1020 ciborum
3069 965 3113 1019 si
3142 964 3393 1020 conside-

1816 1076 1935 1124 res,
1964 1061 2176 1129 inquit:
2221 1057 2406 1129 Neque
2436 1058 2483 1112 si
2525 1074 2627 1112 non
2671 1057 3178 1117 manducauerimus,
3206 1054 3395 1121 deﬁci-

1812 1169 1928 1206 mus
1958 1168 1977 1205 :
2009 1168 2172 1222 neque
2196 1153 2244 1205 si
2268 1150 2777 1214 manducaverimus,
2804 1148 3131 1202 abundamus
3163 1146 3229 1200 “.
3252 1145 3388 1200 Nam

1815 1258 1914 1297 nec
1937 1243 2028 1312 qui
2063 1258 2168 1298 non
2196 1245 2507 1310 comedunt,
2534 1251 2795 1313 praestant
2821 1241 3021 1296 virtute
3060 1239 3392 1294 comedenti-

1815 1334 1935 1398 hns,
1968 1344 2237 1403 quatenus
2290 1351 2394 1390 non
2434 1334 2768 1397 comedunt;
2808 1345 2908 1386 nec
2956 1330 3048 1400 qui
3079 1331 3390 1391 comedunt,

1816 1423 2102 1479 inferiores
2128 1434 2254 1479 sunt
2280 1439 2385 1479 non
2438 1423 2873 1483 comedentibus,
2909 1429 3178 1489 quatenus
3212 1431 3394 1473 come-

1817 1517 1970 1583 dunt,
2004 1519 2050 1573 si
2079 1520 2223 1573 intus
2251 1534 2437 1575 eorum
2472 1520 2645 1574 virtus
2676 1518 3011 1586 adaequetur.
3039 1517 3263 1586 Oportet
3293 1514 3394 1583 igi-

1818 1618 1925 1675 tur,
1957 1619 2015 1665 ut
2037 1611 2103 1664 ad
2127 1612 2319 1667 animae
2347 1611 2599 1666 virtutem
2649 1610 2998 1677 respicientes
3019 1647 3035 1673 ,
3071 1606 3251 1662 omnia
3274 1619 3397 1675 qua

1819 1703 2064 1772 corporis
2097 1710 2223 1758 sunt
2256 1717 2644 1772 exsequamur.
2675 1700 2809 1757 Cum
2846 1700 2989 1754 enim
3030 1714 3127 1769 per
3156 1713 3215 1753 se
3255 1699 3395 1753 bona

1748 1776 1789 1830 Β
1820 1810 1924 1849 non
1952 1794 2082 1862 sint,
2119 1810 2216 1865 per
2266 1795 2653 1858 ministerium,
2682 1795 2824 1863 quod
2872 1793 3059 1847 virtuti
3115 1799 3393 1860 praestant,

1817 1897 2220 1958 consequuntur
2250 1898 2305 1942 ut
2338 1887 2476 1943 bona
2528 1888 2676 1941 ﬁant.
2728 1886 2813 1941 Ne.
2859 1886 3022 1955 igitur
3077 1884 3399 1953 impediatur

1818 1979 2058 2033 debitum
2116 1978 2307 2033 virtuti
2366 1977 2731 2032 ministerium
2776 1975 3091 2031 inﬁrmitate
3130 1973 3395 2043 corporis,

1828 2067 1981 2134 Vino,
2015 2069 2209 2138 inquit,
2235 2068 2440 2123 modico
2481 2080 2621 2122 utere
2663 2076 2873 2136 propter
2895 2066 3221 2120 stomachum
3247 2074 3399 2117 tuum

1817 2172 1867 2215 et
1916 2161 2208 2231 frequentes
2266 2171 2388 2214 tuas
2440 2159 2777 2227 inﬁrmitates
2818 2158 2887 2214 ".
2932 2155 3396 2224 Quemadmodum

1817 2253 1959 2308 enim
1996 2252 2371 2309 elIervescenti
2400 2267 2495 2322 per
2523 2261 2736 2307 aetatem
2787 2258 2839 2305 et
2876 2248 3053 2303 valido
3104 2255 3399 2319 vegetoque

1820 2346 2029 2414 θυι-ροιτί
2065 2360 2171 2400 non
2197 2353 2433 2415 Oportet,
2467 2352 2524 2397 ut
2547 2344 2657 2412 jam
2682 2342 3049 2413 praediximus,
3070 2341 3265 2411 ignem
3288 2337 3395 2407 igni

1820 2437 2019 2492 addere
2047 2455 2063 2505 ;
2094 2437 2167 2491 ita
2194 2452 2294 2493 nec
2325 2435 2630 2507 frigescenti
2655 2451 2762 2506 pra:
2784 2435 3101 2491 inﬁrmitate
3120 2432 3397 2502 frigidum,

1821 2527 1964 2595 quod
1994 2528 2158 2582 etiam
2191 2528 2361 2599 magis
2389 2528 2754 2597 perniciosum
2780 2526 2941 2591 foret,
2965 2524 3270 2580 infundere.
3292 2520 3403 2576 Sed

1821 2620 2273 2688 quemadmodum
2312 2620 2422 2674 illic
2480 2621 2534 2673 id
2587 2621 2728 2690 quod
2783 2629 2976 2675 natura
3033 2617 3266 2672 calidum
3293 2622 3401 2679 est,

1821 2712 2188 2766 subtrahendo
2212 2713 2551 2767 extrinsecus
2578 2712 2854 2780 materias,
2880 2711 3249 2767 consumimus
3276 2723 3291 2761 :
3324 2706 3402 2760 ita

1822 2814 2201 2873 consumptum
2231 2804 2526 2870 laboribus,
2551 2814 2608 2860 et
2627 2804 2740 2874 jam
2778 2813 2938 2859 aetate
2963 2812 3054 2857 aut
3074 2802 3262 2857 morbo
3288 2797 3402 2875 [οφ

1821 2896 2431 2961 ex5tiuctum,externis
2460 2894 2712 2950 fomentis
2736 2909 2892 2964 opem
2916 2893 3159 2958 ferendo,
3183 2904 3402 2947 recrea-

1822 2988 2023 3044 bimus.
2051 2987 2178 3043 Paci
2203 2988 2346 3042 enim
2380 2988 2431 3041 in
2466 3002 2692 3057 corpore
2721 2986 3108 3057 providendum
3131 2993 3215 3040 est
3242 2983 3403 3039 etiam

1826 3079 2065 3145 inﬁrmo,
2100 3095 2222 3133 cum
2268 3089 2502 3150 quatuor
2547 3087 2748 3149 partes,
2793 3093 2860 3134 ex
2892 3077 3087 3148 quibus
3135 3074 3403 3144 compacti

1824 3185 2030 3236 sumus,
2060 3171 2258 3241 ubique
2284 3171 2654 3236 circumstent,
2679 3185 2747 3225 ne
2782 3171 2828 3225 si
2867 3169 3082 3240 quando
3109 3166 3278 3239 629
3313 3182 3405 3222 su-

1824 3263 2031 3331 peravit
2066 3263 2209 3331 quod
2246 3263 2296 3315 in
2340 3262 2499 3317 nobis
2531 3261 2763 3316 calidum
2796 3270 2879 3316 est
2907 3271 3001 3315 aut
3023 3259 3272 3329 frigidum
3311 3266 3406 3312 aut

1825 3355 2046 3409 omnino
2069 3371 2231 3409 unum
2275 3354 2492 3425 aliquod
2518 3370 2583 3408 ex
2612 3365 2865 3424 quatuor,
2891 3354 3033 3410 bello
3060 3363 3116 3407 et
3135 3350 3406 3407 discordia

1826 3457 1880 3502 et
1907 3457 2028 3502 orto
2057 3462 2123 3503 ex
2155 3447 2468 3502 inﬁrmitate
2501 3456 2669 3503 (nstro
2698 3448 2931 3502 animam
2961 3445 3198 3515 impleat.
3232 3445 3407 3512 Atque

1831 3540 1944 3593 haec
1972 3540 2286 3610 quidem-de
2317 3554 2423 3594 uno
2464 3555 2532 3594 ex
2565 3538 2830 3605 sensibus,
2866 3552 3057 3609 nempe
3086 3545 3242 3608 gustu
3266 3537 3406 3600 solo,

1830 3649 1993 3703 super
2010 3634 2254 3702 corporis
2274 3630 2586 3704 virginitate
2612 3633 2747 3689 satis
2776 3632 2918 3687 dicta
2947 3631 3077 3686 sint.
3095 3630 3213 3686 Jam
3233 3638 3409 3684 trans-

1830 3725 2063 3780 eundum
2109 3737 2163 3782 et
2198 3728 2264 3781 ad
2314 3727 2448 3781 alios
2484 3741 2709 3794 sensus,
2737 3740 2861 3781 cum
2914 3738 3101 3779 veram
3146 3720 3410 3792 virginem

1831 3820 2024 3874 videre
2063 3820 2219 3875 nobis
2251 3820 2586 3891 propositum
2610 3819 2702 3873 sit.

1905 3910 1993 3964 15.
2024 3909 2315 3965 Sciendum
2359 3920 2441 3966 est
2474 3910 2579 3976 his,
2601 3910 2690 3980 qui
2726 3909 2981 3964 famulam
3021 3922 3163 3964 vera:
3186 3905 3411 3977 virgini-

1836 4004 1983 4067 tatis,
2013 4015 2111 4071 per
2144 4003 2524 4057 abstinentiam
2566 4004 2810 4059 ciborum
2850 4010 2904 4059 et
2942 4002 3203 4071 reliquam
3236 4008 3416 4055 auste-

1835 4094 2054 4148 ritatem
2074 4093 2336 4162 virginem
2364 4095 2697 4158 custodiunt,
2727 4094 2840 4149 ﬁeri
2871 4108 3053 4163 posse,
3072 4102 3134 4148 ut
3152 4091 3413 4162 virginem

1837 4200 2033 4254 corpus
2083 4184 2307 4248 habeat,
2340 4185 2432 4255 qui
2478 4186 2741 4255 virginem
2796 4186 3031 4243 animam
3079 4182 3408 4240 non‘babet.

1838 4275 2024 4330 Potest
2076 4275 2220 4330 enim
2264 4275 2348 4330 vel
2397 4286 2647 4344 aspectus
2687 4276 2896 4345 species
2937 4276 3249 4346 imprimere
3300 4281 3416 4328 tur-

1838 4367 1985 4437 pium
2017 4381 2197 4422 rerum
2251 4367 2306 4422 in
2360 4368 2563 4435 anima,
2614 4367 2698 4423 vel
2749 4383 2930 4424 sermo
2984 4369 3050 4422 ad
3087 4365 3414 4433 voluptatem

175 4458 254 4534 νος
279 4446 384 4518 (24)
417 4450 555 4522 προς
581 4453 777 4525 ἡδονὴν
806 4454 1064 4525 ἐμπεσὼν
1093 4460 1159 4529 τῇ
1188 4458 1324 4532 ἀκοῇ
1354 4459 1573 4533 φθεῖραι
1602 4463 1723 4534 πρὸς

1841 4461 2158 4515 conditusin
2183 4475 2339 4516 aures
2373 4462 2639 4525 incidens,
2672 4461 2914 4515 animum
2943 4457 3273 4529 impudicitia
3292 4471 3416 4511 cor--

177 4532 563 4609 dxolasiauqov
592 4543 737 4598 νοῦν.
766 4545 1089 4600 Εὐλαϐεῖται
1123 4547 1252 4617 γοῦν
1291 4552 1320 4603 ὁ
1348 4532 1733 4621 νυμφαγωχὸς,

181 4627 360 4696 μήπως
398 4632 581 4705 φθαρῇ
618 4635 678 4687 οὐ
732 4636 793 4689 τὸ
839 4638 1017 4708 σῶμα,
1063 4639 1201 4694 ἀλλά
1244 4641 1313 4695 τὰ
1351 4644 1597 4713 νοήματα
1629 4645 1735 4698 τῶν

179 4725 586 4796 νυμφευομένων
638 4728 880 4800 Χριστῷ.
916 4730 1008 4783 Διὸ
1052 4730 1133 4784 δεῖ
1163 4732 1261 4804 τὴν
1307 4734 1577 4806 παρθένον
1629 4735 1738 4806 πρὸ

179 4809 261 4862 τοῦ
285 4814 532 4893 σώματος
570 4818 804 4889 μάλιστα
829 4824 1015 4892 τηρεῖν
1043 4822 1142 4893 τὴν
1178 4823 1378 4893 ψυχὴν,
1407 4824 1467 4877 οὐ
1496 4825 1603 4878 τινὶ
1640 4825 1739 4895 μὲν

182 4902 375 4978 φυλακῇ
409 4909 616 4980 ταύτην
655 4912 947 4983 τηροῦσαν,
1000 4913 1107 4967 τινὶ
1135 4914 1194 4967 δὲ
1241 4915 1427 4979 ἁπλῶς
1464 4917 1737 4986 ἀφιεῖσαν,

1842 4565 2111 4621 rumpere.
2127 4551 2293 4608 Caret
2315 4554 2479 4623 igitur
2501 4554 2776 4623 pronubtts
2806 4568 2873 4608 ne
2905 4559 3282 4619 corrumpatur
3308 4563 3418 4603 non

1843 4645 2003 4698 modo
2025 4660 2243 4715 corpus,
2276 4646 2369 4700 sed
2389 4647 2549 4700 etiam
2583 4646 2839 4715 cogitatio
2860 4660 3048 4699 eorum
3081 4643 3170 4714 qui
3200 4640 3419 4697 Christo

1844 4735 2153 4804 desponsati
2202 4742 2350 4790 sunt.
2387 4734 2725 4804 Quapropter
2760 4744 2971 4804 oportet
3017 4742 3077 4787 ut
3108 4732 3262 4802 virgo
3293 4740 3420 4785 ante

1845 4840 2043 4894 corpus
2066 4826 2298 4882 maxime
2327 4827 2560 4881 animam
2590 4835 2791 4893 seruet,
2825 4840 2931 4881 non
2960 4827 3202 4882 custodia
3239 4822 3418 4890 aliqua

1849 4918 1993 4972 illam
2037 4932 2279 4985 servans,
2310 4917 2491 4987 aliqua
2529 4931 2654 4974 vero
2701 4916 3085 4975 incustoditam
3120 4913 3396 4970 dimittens

247 5084 335 5143 ".l
367 5089 489 5145 Cor.
522 5107 640 5157 vttt,
668 5092 723 5147 8.
801 5094 847 5126 ⁸³
873 5093 1030 5151 Rom.
1054 5109 1166 5163 stv,
1191 5094 1279 5149 17.
1356 5093 1403 5126 ⁸⁸
1423 5092 1445 5148 Ι
1465 5093 1591 5152 Cor.
1613 5109 1723 5160 vm,

1898 5092 1991 5147 "1
2021 5094 2161 5150 Tim.
2188 5110 2245 5161 ν,
2270 5093 2362 5153 Ξῖ).

249 5223 371 5312 (19)..
418 5231 809 5312 ’μί’ναύουμααιἷ
869 5232 961 5312 Sic
1009 5247 1114 5312 ope_
1160 5233 1318 5312 Regii
1356 5232 1557 5312 codicis
1598 5232 1739 5289 2879

187 5296 568 5361 cummaximas
617 5296 759 5368 quod
793 5296 1072 5381 legebatur
1101 5304 1151 5357 in
1193 5296 1370 5367 editis,
1405 5303 1629 5374 νάμασι.

252 5361 356 5429 (ΞΟ)
420 5370 815 5429 Ἠοιιόσιιεθα.
868 5373 1097 5427 Codices
1145 5374 1409 5429 nonnulli.
1459 5373 1734 5429 συνηρμό-

252 5361 356 5432 (ἳθ)
420 5361 1097 5441 Ἡρμόοίμεθα.”’ϐοὰἰρεε
1145 5361 1409 5439 nonnulli,
1459 5361 1734 5444 συνηρμό-

191 5432 371 5553 mit;
397 5437 546 5553 221':
571 5442 1582 5553 gustaramsatietatis“-
1609 5446 1739 5497 νευ-

260 5515 371 5569 post
397 5512 543 5570 editi,
573 5512 996 5583 παριστάενον.
1027 5512 1155 5568 Mss.
1183 5523 1239 5566 ut
1263 5514 1314 5567 in
1353 5512 1524 5567 textu.

255 5570 358 5652 (2|)
386 5579 722 5652 Πολέμου...
779 5530 1045 5652 οέιστρου.
1097 5581 1187 5636 Sic
1244 5582 1410 5638 editio
1465 5581 1661 5652 veneta
1685 5591 1739 5638 et

193 5642 553 5723 “ofﬁgunt”:
588 5642 1122 5723 Parisiensis'editio,
1154 5651 1458 5723 πόλεμονἜ
1497 5647 1733 5723 οἶστρον.

258 5708 360 5783 (ἦ)
403 5716 645 5779 ’Iaréor.
662 5720 753 5778 Sic
780 5738 908 5781 mss.
937 5708 1148 5781 codices
1174 5708 1383 5780 omnes.
1415 5720 1577 5792 Editi,
1602 5708 1734 5776 ἴστε.

1848 5233 2150 5308 Martinus
2164 5234 2469 5308 exﬂﬂegiis,
2501 5233 2677 5308 ἔχοντι
2696 5231 2888 5308 σῶμα.
3125 5306 3131 5308 _

1838 5374 1881 5429 ν
1920 5306 2031 5375 (‘25)
2060 5306 2192 5360 Kal.
2235 5295 2563 5375 ‘Con'j'unctio
2603 5295 2891 5359 addita‘ex
2919 5313 3046 5355 mss.
3084 5306 3139 5355 et
3180 5295 3418 5352 editione

1888 5388 2061 5429 Cllela.

1888 5388 2061 5430 Cllela.

1911 5446 2023 5515 (24)
2050 5443 2622 5515 Πεφαρμακωμένος.
2680 5444 2923 5509 Quatuor
2945 5455 3102 5515 mss.,
3127 5452 3420 5507 πεφαρμα-

1841 5514 2076 5586 γμένος.
2117 5514 2261 5571 Tres
2293 5516 2384 5569 alii
2422 5514 2548 5586 'cutn
2584 5515 2746 5586 editis
2776 5514 3416 5586 consctttittttt,_quorutn

1845 5578 2157 5641 [uiuenduo
2193 5594 2479 5653 utramque
2512 5584 2793 5653 lectionem
2811 5582 3091 5639 exhibent.
3123 5578 3243 5634 Mox
3277 5590 3419 5632 unus

1842 5672 1909 5713 ex
1945 5656 2146 5726 Regiis,
2180 5653 2274 5709 τοῦ
2312 5652 2741 5726 νυμφευομένου.
