3802 6216
349 263 453 321 695

1303 263 1660 319 APPENDIX
1699 263 1981 322 OPERUM
2024 264 2082 322 S.
2126 262 2372 320 BASILII
2406 260 2643 317 MAGNI.

3503 249 3610 306 696

351 379 446 434 sed
474 367 622 432 omni
651 375 892 431 custodia
921 391 1017 432 cor
1037 389 1193 432 suum
1217 390 1459 435 servans.
1492 377 1563 431 ita
1593 386 1652 431 ut
1673 393 1772 433 nec
1796 393 1927 434 voce

2069 378 2167 432 λλά
2192 379 2341 449 πάσῃ
2357 377 2569 447 φυλακῇ
2581 374 2677 448 τὴν
2689 373 2885 444 ἑαυτῆς
2901 370 3124 450 καρδίαν
3141 387 3208 440 τη
3217 366 3436 441 ροῦσαν·
3454 365 3529 429 ὡς
3547 366 3612 420 ἂν

350 472 496 525 illius
523 467 791 540 proﬂuens
822 483 1002 524 sermo
1029 469 1301 538 voluptate
1341 471 1642 525 auditorem
1665 472 1932 526 sermonis

351 561 558 616 inliciat
587 579 600 614 :
634 576 735 616 nec
757 575 944 615 rursus
977 562 1314 616 extrinsecus
1345 563 1412 617 ad
1453 579 1615 618 aures
1643 563 1710 617 ab
1751 564 1932 634 aliquo

349 654 673 724 perveniens
694 669 895 718 sermo,
915 669 1010 708 cor
1031 655 1177 710 illius
1201 657 1269 710 ad
1295 657 1646 726 cupiditatem
1673 659 1927 728 exagitet.

347 742 492 798 Idem
531 744 677 797 enim
698 754 754 798 et
779 745 829 796 in
871 755 1092 813 aspectu
1126 744 1307 800 lacere
1352 747 1620 812 convenit,
1655 761 1754 801 nec
1789 747 1932 815 aspi-

347 837 579 891 cientem
633 836 900 904 molliter,
934 853 1002 892 ne
1053 837 1320 901 ejusmodi
1376 848 1597 908 aspectu
1644 839 1933 908 voluptatis

349 927 610 998 imagines
651 938 843 984 contra
887 944 948 984 se
987 930 1243 984 immittat
1285 931 1593 986 videntibus
1636 947 1652 985 :
1687 947 1787 986 nec
1833 946 1930 985 ex-

347 1020 616 1074 trinsecus
657 1019 826 1074 misso
873 1033 1093 1089 aspectu
1131 1021 1368 1091 contingi
1410 1036 1468 1075 se
1514 1023 1832 1089 patientem,
1864 1037 1932 1075 ne

348 1126 432 1173 eo,
460 1112 607 1164 velut
633 1111 802 1182 ignito
841 1115 1074 1182 quodam
1110 1112 1314 1181 jaeulo,
1350 1113 1404 1166 in
1435 1112 1600 1167 corde
1651 1127 1928 1179 percussa,

347 1202 415 1254 ad
434 1201 723 1270 voluptatis
749 1202 1012 1271 imagines
1037 1198 1367 1256 inﬂammata
1397 1208 1607 1255 uratur.
1626 1201 1748 1255 Eri:
1772 1203 1928 1269 enim,

350 1295 543 1363 inquit,
573 1295 708 1348 velut
732 1311 910 1348 servus
929 1294 1114 1364 jaculo
1147 1311 1426 1364 percussus
1459 1297 1514 1350 in
1540 1297 1717 1364 jecore
1742 1295 1807 1349 “.
1825 1294 1929 1350 Sed

346 1394 630 1456 externum
648 1386 865 1456 quidem
902 1385 1070 1454 ipsius
1102 1386 1312 1440 obtutui
1340 1388 1748 1456 respondentem
1779 1400 1932 1456 aspe-

349 1484 496 1531 ctum
532 1476 689 1531 debet
722 1478 788 1530 ab
823 1477 1001 1530 anima
1036 1476 1316 1546 repellere,
1357 1494 1515 1532 suum
1559 1487 1739 1530 autem
1771 1491 1928 1546 aspe-

349 1577 496 1623 ctum
535 1567 809 1636 pudicitiae
835 1567 1067 1622 indicem
1099 1569 1405 1623 videntibus
1432 1569 1710 1624 exhibere.
1747 1567 1930 1620 Potest

349 1660 494 1713 enim
521 1660 607 1714 vel
638 1659 1020 1728 palpebrarum
1061 1661 1328 1716 curiosior
1358 1671 1535 1717 motus
1564 1661 1843 1715 stimulare
1874 1667 1927 1714 et

2037 475 2174 544 μήτε
2211 472 2300 525 διὰ
2327 471 2512 540 φωνῆς
2533 467 2736 539 ταύτης
2769 466 2928 534 λόγος
2958 466 3126 535 ῥυεὶς,
3144 462 3281 534 πρὸς
3299 459 3495 531 ἡδονὴν
3523 459 3614 511 τὸν

2037 566 2312 639 ἀκουστὴν
2358 563 2450 618 τοῦ
2490 563 2649 631 λόγου
2684 559 3011 632 φαρμάξειε,
3055 559 3180 629 μήτ’
3211 555 3411 622 ἔξωθεν
3459 548 3617 615 αὖθις

2032 652 2121 705 διὰ
2143 652 2242 721 τῆς
2263 652 2430 721 ἀκοῆς
2453 650 2606 718 λόγος
2627 649 2779 718 παρά
2797 664 2940 710 τινος
2961 645 3237 716 ἐμπεσὼν,
3263 643 3360 714 τὴν
3383 641 3617 712 καρδίαν

2033 747 2201 816 αὐτῆς
2241 745 2377 815 πρὸς
2421 743 2714 814 ἐπιθυμίαν
2757 743 2996 814 κυμήνῃ.
3039 739 3195 794 Οὕτω
3229 739 3340 808 γὰρ
3375 738 3476 790 καὶ
3526 735 3620 788 ἐπὶ

2033 836 2126 891 τοῦ
2171 837 2479 907 βλέμματος
2523 836 2789 906 προσήκει
2834 836 3029 897 ποιεῖν,
3063 831 3191 903 μήτ’
3227 830 3621 901 ὲμϐλέπουσαν

2038 928 2316 999 μαλακῶς,
2349 929 2435 981 ἵνα
2471 927 2545 998 μὴ
2581 926 2777 996 ἡδονῆς
2829 925 3127 996 ἰνδάλματα
3162 923 3252 977 διά
3279 923 3475 975 τούτου
3505 922 3622 983 τοῖς

2033 1019 2198 1090 όρῶσι
2253 1018 2372 1070 καθ’
2427 1019 2626 1087 ἐαυτῆς
2669 1016 2976 1090 ἀποστέλλῃ
3010 1034 3024 1046 ·
3098 1017 3234 1087 μήτε
3298 1014 3362 1068 τὸ
3415 1011 3626 1079 ἔξωθεν

2034 1110 2384 1180 πεμπόμενον
2433 1109 2650 1179 βλέμμα
2687 1107 2955 1161 ἅπτεσθαι
2992 1108 3163 1177 αὐτῆς
3198 1103 3621 1176 συγχωροῦσαν,

2032 1203 2106 1265 ὡς
2129 1201 2193 1254 ἂν
2225 1203 2299 1275 μὴ
2328 1200 2578 1272 καθάπερ
2599 1203 2704 1254 τινὶ
2730 1201 3219 1272 πεπυρακτωμένω
3258 1199 3401 1269 βέλει
3445 1197 3625 1268 τούτῳ

2033 1295 2133 1366 τὴν
2155 1295 2383 1366 καρδίαν
2413 1293 2694 1365 βληθεῖσα,
2731 1295 2867 1368 πρὸς
2897 1295 3021 1358 τοὺς
3053 1294 3152 1363 τῆς
3178 1293 3371 1364 ἡδονῆς
3410 1291 3625 1353 τύπους

2029 1387 2388 1458 διακαιομένη
2446 1386 2776 1458 ἀνάπτηται.
2819 1389 2972 1455 Ἔσῃ
3006 1387 3117 1457 (9.5)
3147 1387 3276 1456 γὰρ,
3320 1387 3513 1456 φησὶν,
3543 1385 3627 1449 ὡς

2029 1479 2257 1546 ἔλαφος
2305 1476 2623 1547 τοξεύματι
2653 1477 2976 1548 πεπληγὼς
3003 1481 3087 1544 εἰς
3113 1477 3180 1531 τὸ
3222 1473 3407 1547 ἧπαρ.
3461 1477 3630 1531 Ἀλλά

2029 1567 2090 1620 τὸ
2127 1568 2222 1638 μὲν
2248 1567 2444 1632 ἔξωθεν
2467 1569 2757 1621 ἀντίτυπον
2787 1571 2852 1639 τῇ
2884 1568 3010 1638 παρ’
3044 1569 3242 1639 ἑαυτῆς
3282 1567 3380 1638 θέᾳ
3413 1568 3499 1621 δεῖ
3531 1567 3633 1639 τῆς

2029 1658 2206 1729 ψυχῆς
2239 1659 2660 1730 ἀποκρούεσθαι,
2678 1659 2739 1712 τὸ
2766 1660 2822 1712 δὲ
2839 1661 3008 1730 αὐτῆς
3027 1659 3381 1732 σωφροσύνης
3401 1663 3634 1730 μήνυμα

348 1760 519 1806 (nstro
545 1751 823 1806 concitare
857 1753 923 1808 ad
965 1753 1315 1824 voluptatem.
1347 1769 1443 1822 per
1471 1770 1631 1824 quam
1665 1754 1781 1808 haec
1812 1753 1932 1806 ani-

2068 1757 2146 1816 oi’;
2166 1753 2331 1823 ὁρῶσι
2355 1754 2635 1824 παρέχειν.
2677 1754 2882 1806 Ἱκανὸν
2913 1753 3022 1823 (26)
3064 1754 3173 1824 γὰρ
3220 1753 3312 1806 καὶ
3335 1751 3634 1824 βλεφάρων

351 1855 492 1894 mam
539 1842 872 1897 concutiunt.
906 1841 1003 1906 Ubi
1055 1845 1198 1898 enim
1249 1845 1376 1898 visae
1412 1845 1580 1912 ipsius
1617 1844 1787 1898 oculis
1818 1844 1935 1912 pul-

353 1933 649 1986 chritudini
691 1933 938 1989 obtutum
973 1937 1177 1990 acriter
1213 1937 1473 2006 deligens,
1507 1937 1650 1990 velut
1691 1937 1742 1990 in
1785 1951 1933 2002 cera,

349 2023 424 2076 ita
449 2023 501 2077 in
529 2024 709 2078 anima
735 2024 1008 2094 voluptate
1036 2027 1272 2081 emollita
1308 2029 1568 2096 imagines
1593 2029 1723 2082 visae
1751 2027 1937 2082 formae

351 2114 722 2183 impresserit;
754 2116 962 2171 recedit
992 2117 1209 2187 quidem
1238 2133 1302 2172 ac
1329 2134 1577 2173 seorsum
1603 2120 1747 2174 estis
1770 2134 1798 2171 a
1829 2134 1937 2188 quo

349 2205 613 2276 imagines
652 2209 911 2277 profecta:
945 2225 963 2274 ;
1006 2211 1268 2280 impressa
1330 2221 1509 2268 autem
1553 2212 1736 2266 animo
1765 2212 1937 2266 forma

348 2301 518 2366 illius,
547 2301 640 2371 qui
679 2303 828 2356 visus
860 2311 964 2368 est,
1003 2304 1069 2358 ad
1099 2318 1261 2373 opera
1305 2304 1403 2374 ipsi
1444 2305 1814 2358 convenientia
1842 2320 1936 2358 ur-

348 2409 482 2463 gens
509 2408 744 2463 semper,
785 2395 1026 2449 animam
1053 2395 1378 2465 imaginibus
1417 2395 1573 2448 ludit.
1608 2395 1813 2450 Idcirco
1836 2397 1939 2448 vir—

349 2484 460 2554 gini
493 2484 755 2554 principio
778 2485 995 2554 quidem
1033 2501 1378 2554 summopere
1406 2487 1708 2540 cavendum
1745 2499 1848 2550 eSt,
1869 2503 1937 2541 ne

352 2577 605 2644 cuiquam
635 2576 902 2630 acriorem
946 2576 1133 2645 inligat
1174 2579 1445 2640 obtutum,
1475 2585 1568 2630 aut
1602 2577 1646 2631 si
1680 2576 1934 2639 inﬁxerit,

351 2665 626 2721 contraria
645 2665 696 2719 vi
723 2666 959 2720 nitentes
982 2666 1218 2734 imprimi
1250 2666 1512 2736 imagines
1545 2683 1572 2720 a
1604 2682 1662 2721 se
1689 2666 1934 2735 repellat,

352 2758 426 2838 ita
447 2757 670 2812 utnulla
714 2757 927 2826 species
973 2771 1230 2824 corporea
1286 2757 1552 2812 diuturnis
1580 2757 1813 2813 stimulis
1838 2760 1938 2812 im-

352 2847 638 2915 primatur.
671 2845 826 2912 Quod
855 2846 900 2900 si
950 2846 1240 2914 aliquando
1274 2847 1587 2916 contigerit,
1623 2856 1683 2901 ut
1727 2848 1934 2919 impru-

354 2940 489 2994 dens
541 2953 722 2994 rerum
773 2953 1161 3009 corporearum
1212 2939 1476 3008 imagines
1523 2941 1937 3007 suseipiat;eas

353 3031 629 3086 continuis
653 3032 916 3084 bonarum
951 3044 1131 3083 rerum
1171 3031 1635 3084 recordationibus
1668 3032 1722 3084 in
1756 3032 1932 3098 seipsa

353 3123 538 3176 delere
586 3121 787 3194 debet;
829 3120 1041 3189 species
1087 3135 1114 3172 a
1163 3135 1420 3189 corporea
1460 3120 1662 3186 forma,
1705 3121 1851 3175 velut
1883 3123 1934 3174 in

355 3228 502 3276 cera,
541 3213 866 3282 impressas,
901 3211 1069 3266 animi
1106 3212 1172 3266 ad
1214 3212 1396 3266 divina
1422 3213 1777 3267 conversione
1811 3213 1941 3267 abo-

356 3305 552 3370 lendo,
607 3309 802 3357 'rerum
859 3315 1035 3357 autem
1076 3313 1387 3358 sanctarum
1445 3303 1659 3373 species
1711 3304 1942 3358 assiduis

355 3394 800 3456 meditationibus
842 3394 1208 3448 inscribenda.
1245 3392 1396 3460 Quod
1428 3395 1470 3448 si
1516 3402 1796 3462 susceptas
1821 3408 1941 3462 spe-

356 3488 468 3542 cies
497 3499 822 3557 permanere
864 3485 1104 3550 integras
1137 3484 1192 3538 in
1237 3485 1442 3548 animo,
1480 3494 1737 3555 tanquam
1763 3486 1817 3540 in
1861 3489 1940 3540 si-

355 3580 504 3650 gillo,
557 3579 780 3644 siverit;
831 3592 1058 3633 necesse
1114 3586 1229 3642 est,
1261 3587 1320 3632 ut
1367 3578 1546 3632 animo
1593 3580 1739 3634 circa
1776 3579 1942 3650 630

356 3673 681 3741 impressam
736 3669 966 3725 formam
1007 3680 1289 3738 occupato,
1329 3679 1520 3730 caetera
1562 3672 1743 3725 omnia
1801 3673 1938 3726 bona

356 3767 512 3836 virgo
541 3764 828 3834 despiciat,
855 3765 923 3818 'et
955 3763 1022 3818 ad
1063 3763 1414 3818 inhairentcm
1457 3765 1692 3833 speciem
1728 3779 1941 3833 semper

357 3871 640 3926 suspensa,
675 3855 961 3911 libidinose
1002 3855 1070 3909 ad
1103 3853 1486 3924 perimendum
1528 3856 1804 3910 incitetur.
1831 3855 1941 3912 Nec

359 3949 452 4004 tali
490 3949 785 4018 quidquam
837 3947 1074 4016 prodest,
1105 3961 1300 4016 corpus
1325 3963 1356 4000 a
1403 3948 1826 4018 cogitationibus
1859 3949 1942 4003 in-

357 4050 670 4110 corruptum
701 4055 941 4103 servare,
973 4055 1096 4094 cum
1123 4040 1302 4094 anima
1334 4041 1594 4095 immissis
1617 4040 1671 4093 in
1699 4055 1818 4095 eam
1844 4055 1942 4110 per

359 4133 545 4189 oculos
565 4131 858 4201 corporeis
903 4129 1106 4184 amoris
1151 4130 1514 4199 voluptatibus
1563 4145 1780 4200 semper
1817 4144 1940 4185 cor-

363 4234 662 4295 rumpatur.
693 4221 833 4276 Metu
865 4221 1008 4275 enim
1034 4219 1116 4274 vel
1163 4221 1368 4289 pudore
1411 4237 1510 4276 nec
1556 4221 1672 4276 sine
1714 4220 1941 4276 simula-

362 4318 506 4372 tione
537 4315 782 4371 retiuens
809 4323 1238 4385 praeconceptam
1273 4315 1337 4368 de
1368 4329 1428 4370 se
1453 4313 1743 4369 exterioris
1779 4313 1945 4383 virgi-

2037 1847 2326 1917 περίεργος
2354 1845 2587 1917 κίνησις,
2618 1845 2897 1915 μυωπίσαι
2921 1862 2978 1898 τε
3015 1845 3108 1897 καὶ
3137 1843 3249 1913 (2'7)
3285 1842 3636 1915 παροιστρῆο

2038 1954 2127 1989 σαι
2161 1937 2296 2008 πρὸς
2322 1936 2536 2008 ἡδονὴν,
2566 1931 2739 2007 ὑφ’ἦς
2770 1935 2944 1990 ταῦτα
2979 1935 3126 1988 σοϐεῖ
3156 1935 3253 2005 τὴν
3283 1935 3397 2004 (28)
3418 1935 3630 2004 ψυχήν.

2039 2028 2208 2080 Ὅταν
2236 2028 2343 2100 γὰρ
2375 2027 2452 2098 τῷ
2483 2029 2596 2091 τοῖς
2626 2027 2924 2097 ὀφθαλμοῖς
2953 2026 3124 2095 αὐτῆς
3144 2025 3360 2095 ὀφθέντι
3387 2025 3547 2093 καλῷ
3571 2026 3636 2078 τὸ

2036 2119 2189 2189 ὄμμα
2223 2119 2488 2189 ἐμπαθῶς
2531 2119 2885 2190 ἐπερείσασα,
2935 2118 3188 2187 καθάπερ
3237 2120 3294 2170 ἐν
3332 2116 3516 2187 κηρῷ,
3562 2120 3635 2188 τῇ

2037 2212 2142 2264 ὑπὸ
2181 2213 2280 2281 τῆς
2323 2211 2519 2282 ἡδονῆς
2567 2210 2900 2282 μαλαχθείσῃ
2928 2209 3093 2280 ψυχῇ.
3124 2210 3250 2272 τοὺς
3281 2209 3492 2273 τύπους
3532 2210 3636 2279 τῆς

2036 2301 2299 2372 ὀφθείσης
2332 2302 2475 2364 ἰδέας
2509 2302 2566 2352 ἐν
2611 2303 2776 2372 ἑαυτῇ
2811 2299 3184 2370 ἀπομάξηται,
3227 2299 3631 2370 ἀνακεχωρηκε

2041 2393 2161 2463 μὲν,
2198 2393 2290 2444 καί
2333 2391 2456 2444 καθ’
2481 2391 2674 2444 ἑαυτόν
2713 2393 2858 2443 ἐστιν
2891 2392 2919 2442 ό
2951 2392 3182 2460 ποιήσας
3215 2390 3327 2459 (‘29)
3366 2392 3500 2452 τοὺς
3532 2389 3634 2442 τύ-

2046 2502 2200 2549 πους,
2228 2485 2796 2555 ἐναποσφραγισθεῖσα
2821 2482 2877 2535 δὲ
2899 2485 2963 2553 τῇ
3003 2481 3211 2552 διανοίᾳ
3239 2480 3334 2534 τοῦ
3363 2480 3633 2550 ὀφθέντος

2039 2581 2072 2647 ἡ
2106 2577 2238 2638 ἰδέα,
2272 2577 2409 2647 πρὸς
2447 2575 2516 2628 τὰ
2549 2575 2749 2644 ἑαυτῆς
2782 2573 2918 2644 ἔργα
2965 2575 3258 2643 ἐγκειμένη
3295 2572 3384 2626 ἀεὶ
3419 2589 3636 2640 φανταη

2040 2645 2145 2723 σιοῑ
2181 2645 2522 2739 τὴννψυχήν.
2568 2665 2658 2717 Διὸ
2708 2665 2791 2717 δεῖ
2839 2666 3076 2734 μάλιστα
3130 2665 3228 2734 μὲν
3272 2663 3369 2734 τὴν
3416 2665 3630 2734 ἀρχὴν,

2041 2758 2231 2830 μηδενί
2271 2758 2458 2820 ἀτενὲς
2501 2756 2598 2829 τὴν
2633 2755 2905 2826 παρθένον
2939 2755 3249 2809 ἐπιϐάλλειν
3293 2755 3354 2806 τὸ
3381 2754 3561 2824 ὄμμα,
3593 2754 3631 2826 ἢ

2038 2851 2455 2914 ἐπιϐάλλουσαν,
2496 2841 2776 2918 ἀντιτύπῳ
2824 2847 3052 2918 δυνάμει
3091 2847 3217 2910 τοὺς
3273 2845 3632 2918 βιαζομένους

2037 2941 2414 3010 ἐντυπωθῆναι
2444 2939 2797 3011 χαρακτῆρας
2842 2939 3043 3008 ἑαυτῆς
3076 2937 3506 3008 ἀποκρούεσθαι,
3551 2937 3630 3001 ῶς

2039 3035 2104 3088 ἂν
2135 3034 2406 3104 μηδεμίαν
2438 3013 2757 3103 σωματικὴν
2781 3031 2923 3086 ἰδέαν
2940 3032 3182 3103 χρονίαις
3213 3030 3314 3100 τῆς
3336 3030 3630 3101 συνηθείας

2041 3125 2318 3187 ἐπιϐολαῖς
2343 3122 2743 3193 ἐντυπὼσηται.
2788 3123 2915 3175 Ἐἀν
2939 3122 2997 3175 δέ
3021 3139 3123 3174 που
3153 3121 3335 3192 συμϐῇ
3362 3122 3629 3184 λαθόντας

2039 3213 2147 3265 τῶν
2182 3211 2514 3283 σωματικῶν
2564 3211 2677 3282 (50)
2727 3212 3049 3280 ἐγγενέσθαι
3082 3212 3208 3275 τοὺς
3239 3212 3466 3275 τύπους,
3507 3214 3630 3274 ταῖς

2039 3302 2148 3356 τῶν
2182 3303 2362 3356 καλῶν
2399 3301 2646 3372 συνεχέσι
2674 3303 2919 3372 μνήμαις
2951 3302 3176 3365 τούτους
3201 3301 3260 3366 ἐξ
3283 3303 3454 3373 αὐτῆς
3481 3303 3630 3372 ἀφα-

2041 3394 2238 3457 νίζειν·
2270 3395 2395 3457 τοὺς
2429 3393 2529 3463 μὲν
2565 3393 2716 3464 παρά
2750 3394 2852 3463 τῆς
2894 3395 3213 3465 σωματικῆς
3249 3395 3390 3458 ἰδέας
3419 3395 3630 3466 ἐγγραο

2043 3487 2264 3556 φέντας,
2294 3486 2546 3558 καθάπερ
2571 3487 2628 3538 ἐν
2662 3485 2837 3558 κηρῷ,
2868 3490 2932 3558 τῇ
2969 3489 3063 3540 ἐπὶ
3093 3487 3160 3540 τὰ
3193 3488 3310 3540 θεῖα
3335 3487 3630 3558 μεταθέσει

2041 3580 2133 3633 τοῦ
2167 3581 2258 3632 νοῦ
2299 3579 2727 3648 ἀπαλείφουσαν,
2769 3581 2898 3642 τοὺς
2926 3579 2984 3632 δὲ
3017 3580 3126 3633 τῶν
3163 3580 3335 3647 ἁγίων
3358 3583 3472 3641 ταῖς
3498 3579 3631 3650 περὶ

2042 3671 2180 3724 αὐτά
2227 3671 2630 3742 πεπονημέναις
2663 3670 2921 3742 θεωρίαις
2959 3672 3362 3742 ἐγγράφουσαν.
3408 3669 3532 3722 Ἐὰν
3567 3669 3631 3723 δὲ

2039 3765 2165 3828 τοὺς
2193 3765 2582 3834 ἐγγενομένους
2606 3767 2739 3836 αὐτῇ
2762 3763 2966 3828 τύπους
2998 3764 3253 3834 ἐμμένειν
3281 3762 3390 3834 (51)
3420 3762 3630 3834 ἀθραύ-

2044 3873 2201 3920 στους
2227 3857 2480 3929 καθάπερ
2508 3844 2569 3910 ἐν
2615 3858 2873 3929 σφραγῖδι
2901 3860 2966 3928 τῇ
2994 3856 3203 3926 διανοίᾳ
3227 3855 3381 3926 ἐάσῃ,
3405 3855 3625 3923 ἀνάγκη

2042 3951 2170 4020 περί
2196 3949 2294 4019 τὴν
2326 3951 2825 4020 ἐκσφραγισθείσαν
2852 3950 2993 4002 ἰδέαν
3020 3949 3110 4001 τὸν
3139 3947 3265 4001 νοῦν
3296 3945 3628 4018 ἀσχολούμε·

2041 4057 2151 4104 νον,
2175 4041 2246 4093 τὰ
2280 4041 2378 4110 μὲν
2413 4042 2549 4095 ἄλλα
2575 4042 2752 4096 πάντα
2786 4041 2926 4098 καλὰ
2966 4041 3233 4112 παρορᾷν,
3273 4039 3412 4110 πρὸς
3440 4038 3496 4090 δὲ
3522 4037 3625 4106 τὴν

2040 4133 2140 4204 τῆς
2160 4134 2385 4205 ἐνούσης
2401 4135 2543 4198 ἰδέας
2569 4135 2872 4204 φαντασίαν
2895 4137 3064 4206 ἐπτοη
3073 4135 3230 4204 μένον
3249 4134 3358 4196 ἀεὶ,
3377 4131 3502 4202 περὶ
3521 4131 3624 4201 τὴν

2042 4227 2343 4280 ἀπόλαυσιν
2390 4225 2556 4280 αὐτοῦ
2601 4226 2716 4296 (52)
2759 4227 3023 4298 ἐμπαθῶς
3060 4225 3467 4293 καταγίνεσθαι.
3509 4223 3625 4276 Καὶ

2043 4319 2195 4372 οὐδὲν
2225 4317 2401 4390 ὢνησε
2435 4319 2532 4390 τὴν
2576 4319 2853 4389 τοιαύτην,
2879 4319 2942 4371 τὸ
2969 4317 3126 4388 σῶμα
3155 4317 3477 4387 ἀδιάφθορον
3498 4316 3623 4377 ταῖς

363 4409 550 4464 nitatis
585 4407 896 4478 opinionem
923 4447 939 4472 ,
973 4421 1144 4475 eaque
1174 4407 1363 4460 nudari
1403 4405 1718 4460 indecorum
1753 4405 1939 4461 existi-

2068 4412 2308 4474 πινοίαις
2364 4411 2769 4480 φυλάσσουσαν,
2823 4410 2922 4481 τὴν
2978 4410 3034 4463 δὲ
3099 4409 3276 4479 ψυχὴν
3334 4407 3469 4478 πρὸς
3519 4405 3620 4469 τὰς

361 4514 538 4564 mans,
566 4499 711 4554 illam
745 4500 878 4554 colit
910 4509 966 4554 et
1005 4508 1293 4554 conservat
1321 4515 1334 4550 :
1369 4499 1462 4552 sed
1493 4496 1823 4565 incorporeis
1850 4511 1942 4551 co-

362 4593 643 4663 gitationis
687 4593 938 4648 manibus
983 4591 1416 4661 inseparabiliter
1467 4590 1744 4660 complexa
1789 4605 1938 4655 eum,

361 4699 526 4756 quem
577 4685 680 4740 sibi
712 4684 1034 4754 impressum
1077 4691 1132 4738 et
1161 4681 1487 4751 insculptum
1527 4689 1702 4744 amat.
1730 4696 1941 4752 semper

363 4778 516 4833 illum
555 4791 739 4833 secum
768 4773 1114 4843 circumfert;
1149 4784 1205 4830 et
1250 4789 1371 4840 quae
1409 4789 1638 4844 corpore
1679 4787 1940 4844 peragere

435 4916 482 4948 ⁸⁸
505 4914 666 4970 Prov.
703 4929 802 4981 vn,
828 4912 920 4967 2‘2.

367 5143 394 5198 ι
439 5073 551 5145 (25)
583 5073 761 5141 Ἐσῃ.
797 5069 888 5127 Sic
928 5087 1058 5128 mss.
1082 5079 1137 5127 et
1157 5071 1320 5128 editio
1336 5071 1561 5128 Veneta.
1592 5071 1935 5135 Parisiensis,

397 5161 501 5198 στι.

397 5161 501 5200 στι.

441 5213 553 5285 (26)
593 5214 848 5267 Ἱκανόν.
881 5211 972 5268 Sic
995 5213 1298 5283 reperimus
1324 5212 1375 5266 in
1413 5212 1655 5283 quinque
1673 5213 1950 5268 veteribus

368 5287 543 5341 libris.
570 5285 734 5348 Editi,
761 5286 942 5352 ἱκανή.

440 5356 551 5426 (27)
582 5354 742 5426 Καί,
771 5353 863 5408 Sic
899 5351 1032 5410 mss.
1088 5361 1142 5410 et
1174 5352 1340 5408 editio
1386 5352 1612 5407 Veneta.
1647 5351 1825 5408 Editio
1849 5352 1945 5407 Pa-

367 5423 634 5484 risien’sis.
662 5423 771 5477 διά.

460 5495 552 5566 28)
585 5493 762 5566 Σοϐεῒ
777 5491 910 5566 τήν.
948 5492 1054 5566 Sic
1079 5508 1209 5549 mss.
1241 5491 1402 5559 Editi,
1447 5492 1706 5566 σοϐεῖται.

460 5495 552 5566 28)
585 5495 762 5548 Σοϐεῖ
777 5495 910 5559 τήν.
948 5495 1042 5548 Sic
1079 5508 1209 5549 mss.
1241 5495 1402 5559 Editi,
1447 5495 1706 5548 σοϐεῖται.

439 5495 554 5634 ἱξθ)
583 5564 723 5634 Καθξ
783 5563 1000 5617 ἑαυτόν
1030 5564 1201 5634 ἐστιν
1251 5566 1284 5616 ό
1316 5563 1600 5634 ποιήσας.
1635 5563 1724 5617 Sic
1760 5560 1942 5634 editio

370 5633 572 5688 Veneta
591 5642 646 5686 et
671 5633 914 5701 plerique
948 5648 1081 5686 mss.
1111 5633 1434 5690 Parisiensis
1463 5635 1647 5698 editio,
1678 5633 1799 5689 καθ’
1827 5634 1938 5691 ἐαυ-

368 5705 432 5762 τό
457 5707 602 5757 ἐστιν
635 5704 663 5754 ὃ
694 5720 752 5756 τε
784 5703 845 5755 τὸ
869 5702 1098 5774 ποιῆσαν

2047 4502 2443 4566 ἀποσταλείσας
2471 4504 2559 4556 ἐπ’
2593 4501 2763 4572 αὐτὴν
2800 4502 2889 4555 διὰ
2926 4501 3021 4554 τοῦ
3053 4501 3363 4572 βλέμματος
3385 4498 3477 4552 τοῦ
3518 4515 3623 4552 σω-

2053 4592 2280 4662 ματικοῦ
2313 4591 2515 4662 Ερωτος
2549 4591 2742 4662 ἡδονὰς
2779 4592 2867 4644 ἀεὶ
2909 4589 3291 4660 φθειρομένην.
3327 4589 3480 4660 Φόϐῳ
3511 4589 3621 4659 γὰρ

2045 4683 2078 4753 ἢ
2113 4684 2250 4736 αἰδοῖ
2287 4683 2388 4755 τῆς
2432 4682 2826 4754 προειληφυίας
2859 4681 3000 4735 κατὰ
3044 4682 3142 4752 τὴν
3183 4681 3382 4747 ἔξωθεν
3415 4680 3618 4750 παρθε-

2045 4777 2163 4830 νίαν
2183 4776 2340 4846 δόξης
2378 4775 2495 4847 μεθ’
2517 4776 2856 4846 ὑποκρίσεως
2895 4773 3148 4845 ἐχομένη,
3184 4773 3364 4828 καὶτὸ
3398 4790 3617 4843 γυμνω-

2118 5071 2230 5141 (30)
2252 5071 2373 5126 Τῶν
2383 5071 2751 5141 σωματικῶν.
2774 5071 2920 5128 Unus
2932 5088 2993 5126 ex
3012 5070 3191 5138 Regiis
3201 5067 3617 5141 codicibusjuvit

2053 5140 2535 5212 ademeud‘andum
2581 5145 2722 5210 quod
2749 5157 2912 5212 prave
2944 5143 2994 5196 in
3029 5141 3188 5212 editis
3213 5140 3508 5212 legebatur,
3542 5140 3618 5210 τῷ

2054 5210 2372 5282 σωματικῷ.
2409 5210 2553 5282 Idem
2593 5208 2762 5265 eodei
2792 5213 2971 5273 habet,
3005 5212 3054 5263 εἰ
3098 5210 3154 5263 δέ
3191 5208 3312 5282 που.
3344 5208 3468 5282 M_o_x_
3494 5208 3618 5276 qua-

2054 5278 2176 5336 tuor
2210 5278 2337 5334 mss.
2365 5295 2464 5352 pro
2495 5279 2555 5344 ἐξ
2593 5282 2764 5352 αὐτῆς
2797 5283 3016 5346 habent,
3049 5282 3106 5333 ἐν
3133 5281 3322 5350 ἑαυτῇ.
3354 5278 3617 5334 Colberti-

2052 5367 2170 5411 nus.
2194 5352 2253 5417 ἐξ
2281 5351 2451 5420 αὐτῆς
2479 5353 2670 5422 αὐτήν,

2126 5423 2235 5491 (51)
2275 5419 2879 5490 ἘμμένεινζΝοηηυΙΙῘ
2909 5419 3143 5485 codices,
3173 5419 3375 5491 μένειν,
3397 5428 3616 5486 etmox,

2052 5491 2560 5613 ἐνσφῖραγισθεῖσαν.

2117 5563 2174 5613 (ὅ
2215 5564 2230 5613 )
2262 5563 2480 5613 Αὐτου.
2513 5561 2556 5613 Ε

2117 5559 2230 5630 (32)
2262 5561 2480 5615 Αὑτοῦ.
2513 5561 2582 5614 Et
2600 5560 2762 5630 editio
2794 5560 3073 5630 Venetaet
3105 5569 3317 5617 veteres
3340 5559 3463 5615 libri
3494 5573 3619 5622 con~

2045 5629 2284 5687 sentiunt
2321 5631 2372 5686 in
2402 5632 2504 5687 hac
2535 5644 2687 5685 voce.
2710 5629 2872 5696 Editi,
2897 5629 3089 5700 αὐτῆς.
