3802 6216
181 288 275 344 697
1373 285 1576 342 LIBER
1614 285 1704 341 DE
1740 285 2207 347 VlRGlNlTATE.
3319 295 3424 353 698

177 409 330 481 θῆναι
357 405 563 476 ταύτης
593 404 854 478 αἰσχύνης
886 405 1038 473 ἀξιον
1079 406 1360 478 κρίνουσα,
1393 407 1598 479 ταύτην
1639 426 1678 479 μ

1916 410 2019 473 det,
2053 424 2120 462 ne
2142 408 2594 479 deprehendatur,
2615 423 2676 464 ea
2696 409 2876 464 animo
2901 410 3078 467 facere
3101 426 3206 467 non
3239 413 3417 482 pudet.

179 497 410 552 ἀσκοῦσα
432 497 801 568 διασυντηρεῖ,
836 497 1148 569 ἀσωμάτοις
1174 498 1232 552 δέ
1275 500 1432 571 χερσὶ
1473 499 1680 571 περιλαι

1926 516 1993 554 uc
2023 515 2130 554 non
2167 501 2279 570 jam
2331 500 2584 570 amplius,
2627 517 2694 556 ne
2744 515 2970 570 corpore
2996 503 3236 570 quidem,
3276 514 3421 558 recte

177 590 398 643 ϐάνουσα
430 588 574 641 κατὰ
605 588 846 643 διάνοιαν
873 589 966 642 τὸν
991 588 1267 660 ἐρώμενον
1297 591 1678 662 ἐντετυπωμέν

1919 592 2102 662 'ginem
2143 592 2429 662 quisquam
2474 593 2690 647 dixerit.
2727 591 2960 648 Necesse
2988 603 3072 646 ost
3104 595 3271 660 enim,
3299 611 3420 648 cum

177 684 322 752 αὐτῇ,
352 681 469 752 μεθ’
507 682 706 752 ἑαυτῆς
727 681 816 734 ἀεὶ
851 681 1159 753 περιφέρει,
1197 682 1293 736 καὶ
1314 681 1349 736 δι
1371 683 1459 736 διά
1489 683 1678 754 σώματ

1922 699 2080 751 quem
2118 692 2261 736 amat
2289 682 2726 754 inseparabiliter
2759 699 2879 739 cum
2925 685 3012 738 illa
3045 687 3338 740 misceatur
3368 688 3419 739 in

177 773 442 845 πράττειν,
477 773 642 825 ἕνεκα
686 770 780 825 τοῦ
816 771 1155 844 φωραθῆναι,
1197 773 1534 843 αἰσχύνεται,
1566 773 1678 827 ταῦε

1919 775 2054 838 imo,
2087 779 2258 844 ipsum
2297 775 2460 829 etiam
2504 790 2703 844 corpus
2733 775 2798 829 ad
2834 777 3027 830 anima:
3058 777 3420 846 perturbatio-

176 867 285 927 ταῖς
305 863 534 926 ἐννοίαις
569 866 742 916 ποιεῖν
767 863 867 916 οὐκ
889 863 1142 917 αἰδεῖται.
1187 866 1290 917 ’Ἦν
1333 864 1517 918 οὐκέτι
1552 863 1677 916 λοιπ

1916 864 2134 935 selliugi
2157 905 2172 929 ,
2215 874 2267 918 et
2303 867 2644 936 cogitationis
2679 868 2911 922 motibus
2943 882 3267 934 congruens,
3295 883 3417 922 cum

173 957 280 1010 οὐδὲ
331 955 546 1026 σώματι
603 956 668 1008 ἄν
725 972 808 1018 τις
867 956 1038 1022 ὑγιῶς
1095 955 1244 1024 λέγοι
1291 955 1402 1026 (55)
1447 955 1674 1027 παρθένε

1922 957 2052 1009 :nina
2080 968 2334 1026 corrupta
2361 960 2655 1028 corrumpi,
2685 966 2740 1012 et.
2772 973 2895 1012 cum
2935 973 2996 1012 ea
3039 973 3135 1027 per
3163 959 3333 1011 visqu
3367 967 3423 1012 et

186 1047 405 1119 ’Ᾱνάγκη
434 1047 546 1118 γάρ
577 1046 672 1100 τοῦ
709 1048 985 1118 ἐρωμένου
1023 1047 1344 1118 ἁχωρίστως
1373 1048 1507 1119 αὐτῇ
1551 1064 1687 1118 μιγντ

1926 1049 2130 1102 somnis
2162 1049 2423 1104 amatoria
2443 1051 2766 1114 somniante,
2791 1049 2963 1119 ipsum
2986 1049 3146 1102 etiam
3179 1049 3420 1102 somnia-

177 1139 321 1210 μένου
359 1139 500 1193 κατά
533 1138 793 1202 διάνοιαν,
845 1139 942 1191 καί.
981 1139 1044 1192 τὸ
1083 1139 1243 1209 σῶμα
1273 1141 1387 1201 τοῖς
1424 1139 1523 1202 τῆς
1559 1138 1678 1208 ψυχὲ

1961 1138 2076 1192 Tali
2111 1149 2292 1193 autem
2349 1139 2540 1194 morbo
2592 1140 2827 1194 animam
2881 1139 3176 1201 detinente,
3212 1139 3419 1194 inutilis

175 1229 352 1283 πάθεσι
385 1229 865 1302 συμμορφοῦσθαι,
907 1229 1002 1282 καὶ
1039 1229 1502 1300 ωνδιατιθέμενον
1531 1231 1642 1292 τοῖς

1920 1245 1942 1281 n
1969 1238 2020 1282 et
2051 1230 2290 1283 ciborum
2336 1230 2686 1298 abstinentia,
2716 1241 2770 1284 et
2805 1229 3012 1300 reliqua
3048 1231 3291 1298 corporis
3325 1244 3421 1280 au-

171 1319 362 1391 διανοίᾳ
387 1321 683 1390 κινήμασι,
721 1319 1054 1392 φθειρομένῃ
1100 1322 1166 1391 τῇ
1215 1319 1472 1390 δεσποίνῃ
1525 1317 1672 1371 συνδι

1924 1321 2090 1390 ritas;
2121 1338 2240 1376 cum
2275 1338 2380 1377 non
2424 1337 2596 1392 equus
2637 1324 2867 1392 equitem
2901 1325 3104 1391 impetu
3143 1338 3242 1376 suo
3273 1321 3419 1374 abri-

173 1409 489 1481 φθείρεσθαι,
521 1410 618 1464 καὶ
646 1409 796 1480 ῦπαρ
823 1410 918 1463 καὶ
957 1409 1099 1463 κατὰ
1126 1409 1252 1473 τοὺς
1274 1408 1474 1472 ῦπνους
1507 1409 1575 1461 τὰ
1606 1410 1674 1479 ἐρί

1921 1423 1967 1475 t,
2000 1416 2092 1468 sed
2120 1413 2231 1483 ipse
2261 1429 2426 1484 eques
2466 1417 2677 1470 interno
2701 1425 2868 1471 uestro
2901 1431 3066 1486 prave
3106 1430 3304 1485 equum
3334 1414 3422 1468 sti-

171 1503 284 1554 τικά
302 1501 718 1574 ὀνειρωττούσῃ.
750 1501 845 1555 καὶ
891 1501 1023 1555 αὐτὸ
1053 1501 1227 1573 ταύτῃ
1273 1499 1672 1571 συνονειρώττεε

1918 1503 2026 1558 Ilet.
2071 1503 2533 1571 Quemadmodum
2584 1508 2729 1562 enim
2766 1509 2819 1562 in
2863 1507 3153 1573 nonnullis,
3195 1520 3419 1576 quorum

172 1593 404 1648 Τοιούτου
441 1593 500 1646 δὲ
527 1593 734 1657 πάθους
770 1592 869 1664 τὴν
883 1593 1059 1663 ψυχὴν
1090 1592 1474 1663 κατασχόντος,
1509 1607 1673 1661 περιτ

1921 1611 2040 1665 rpus
2083 1605 2365 1652 senectute
2421 1599 2784 1664 debilitatum,
2815 1615 2970 1653 mens
3009 1615 3073 1654 ex
3103 1595 3422 1669 praecedenti

173 1682 337 1738 λοιπὸν
362 1684 456 1737 καὶ
481 1687 516 1754 ἡ
543 1682 654 1736 τῶν
693 1682 998 1755 βρωμάτων
1026 1682 1341 1752 ἐγκράτεια,
1384 1683 1479 1735 καὶ
1509 1684 1541 1753 ὴ
1575 1682 1674 1734 λοιπ

1923 1689 2258 1756 emperantia
2309 1699 2616 1760 aegrotans,
2667 1689 2808 1744 ultra
2845 1690 2988 1744 vires
3019 1691 3086 1743 ad
3135 1686 3424 1757 voluptatis

170 1775 252 1829 τοῦ
276 1774 521 1846 σώματος
548 1774 945 1847 σκληραγωγία
963 1790 976 1803 ·
1015 1773 1077 1826 οὐ
1107 1771 1202 1825 τοῦ
1248 1773 1413 1827 ἵππου
1444 1773 1534 1828 τὸν
1565 1774 1668 1826 ἱππ

1921 1781 2125 1850 aginem
2159 1796 2358 1850 corpus
2396 1781 2648 1837 sollicitat
2677 1801 2692 1851 ;
2721 1783 2791 1836 ita
2827 1784 2880 1837 in
2916 1783 3005 1846 iis,
3043 1794 3272 1851 quorum
3302 1777 3422 1832 ani-

170 1869 292 1939 πρὸς
323 1868 391 1922 τά
416 1866 617 1921 ἐαυτοῦ
652 1867 1000 1938 σκιρτήματα
1030 1865 1311 1936 φέροντος,
1342 1864 1508 1917 αὑτοῦ
1545 1864 1600 1916 δὲ
1636 1881 1671 1917 τι

1959 1873 2161 1925 amoris
2195 1874 2384 1926 morbo
2427 1873 2665 1938 laborat,
2699 1873 2865 1926 etiam
2916 1871 3256 1926 debilitatum
3309 1869 3422 1924 vita

172 1956 366 2019 ἱππέως
389 1955 465 2027 τῷ
503 1955 682 2008 ἐνόντι
714 1953 877 2007 πάθει
915 1951 1103 2015 κακῶς
1137 1952 1227 2005 τὸν
1259 1953 1425 2005 ἵππον
1453 1950 1671 2022 οἰστροῦ

1925 1963 2062 2016 etica
2099 1978 2297 2032 corpus
2329 1965 2395 2018 ad
2441 1965 2688 2033 proprias
2732 1963 3064 2033 cupiditates
3109 1962 3292 2014 anima
3326 1974 3423 2014 ex-

170 2064 266 2111 τος.
302 2047 386 2111 Ὧς
415 2046 525 2118 γὰρ
565 2046 660 2100 ἐπί
691 2062 854 2100 τινων
892 2043 998 2097 ὑπὸ
1041 2044 1229 2114 γήρως
1269 2043 1619 2118 παρεθέντων
1667 2065 1671 2078 ι

1919 2052 2070 2106 nulat
2103 2075 2115 2108 :
2153 2069 2261 2108 non
2297 2069 2326 2108 a
2354 2056 2600 2126 corporis
2643 2055 2826 2124 vigore
2861 2055 2914 2108 in
2952 2053 3193 2106 animam
3239 2059 3420 2103 trans-

173 2139 312 2210 σῶμα
339 2141 369 2193 ὀ
405 2138 564 2204 νοῦς,
617 2139 683 2191 ἐκ
733 2137 835 2207 τῆς
887 2135 1378 2209 προκατασχούσης
1428 2135 1674 2189 ἀκολασία

1920 2151 1986 2198 ite
2017 2143 2226 2212 morbo,
2258 2146 2352 2200 sed
2377 2147 2445 2200 ab
2471 2146 2649 2200 anima
2675 2145 2741 2199 ad
2768 2159 2854 2209 ea,
2875 2157 2992 2212 quae
3018 2141 3264 2211 corporis
3289 2153 3421 2209 pro-

173 2232 342 2297 νοσῶν,
374 2231 526 2303 παρὰ
555 2231 786 2302 δύναμιν
813 2231 951 2301 πρὸς
970 2231 1070 2303 τὴν
1097 2229 1196 2300 τῆς
1215 2230 1410 2300 ἡδονῆς
1435 2228 1674 2299 φαντασῇ

1927 2249 1955 2286 a
1991 2245 2137 2302 sunt,
2169 2251 2335 2306 prave
2385 2246 2676 2292 commoto.
2737 2235 2793 2290 Si
2835 2249 2964 2301 ergo
2997 2242 3246 2302 aspectus
3283 2229 3421 2284 tanti

175 2325 398 2395 μοχλεύει
445 2325 508 2378 τὸ
547 2324 746 2396 σῶμα·
792 2324 967 2388 οὕτως
1021 2323 1116 2376 ἐπὶ
1164 2322 1272 2374 τῶν
1320 2319 1582 2392 ἐμπαθῶς
1621 2320 1673 2386 (5

1922 2323 2063 2376 endii
2095 2323 2181 2377 l'ax
2212 2334 2316 2390 est,
2358 2325 2642 2379 audiamus
2680 2337 2802 2378 eum
2849 2324 2939 2392 qui
2974 2321 3172 2376 clamat
3205 2337 3219 2374 :
3268 2316 3423 2375 Oculi

174 2415 292 2488 πρὸς
328 2415 502 2486 ἔρωτα
546 2415 649 2484 τὴν
685 2413 862 2485 ψυχὴν
893 2413 1220 2484 γενομένων,
1261 2412 1355 2465 καὶ
1405 2410 1674 2483 παρειμέν

1942 2425 2084 2467 recta
2115 2415 2350 2479 videant,
2379 2427 2427 2469 et
2472 2415 2734 2486 palpebrae
2772 2425 2877 2468 tute
2909 2419 3148 2466 unnuant
3169 2411 3343 2481 juxta,
3373 2416 3424 2464 el

173 2505 228 2572 τῇ
256 2505 476 2575 ἀσκήσει
507 2505 573 2557 τὸ
615 2503 794 2574 σῶμα,
834 2504 971 2576 πρὸς
1017 2503 1119 2566 τὰς
1176 2503 1310 2566 ἰδίας
1366 2501 1660 2572 ἐπιθυμίας

1955 2503 2238 2575 abripiaris
2270 2507 2430 2561 simul
2481 2523 2599 2560 cum
2652 2506 2918 2576 palpebris
2976 2505 3100 2569 tuis,
3141 2518 3304 2572 neque
3334 2517 3425 2555 ca-

174 2588 301 2663 ψυχὴ
329 2593 561 2664 ὲρεθίζει
589 2611 604 2624 ·
634 2596 734 2648 οὐκ
763 2595 871 2646 ἀπὸ
891 2593 992 2663 τῆς
1017 2592 1113 2647 τοῦ
1148 2592 1401 2664 σώματος
1427 2592 1614 2662 ἀκμῆς
1643 2593 1668 2644 ἐ

919 2593 992 2663 ἧς
1017 2592 1113 2647 τοῦ
1148 2592 1401 2664 σώματος
1427 2592 1614 2662 ἀκμῆς
1643 2590 1738 2644 ἐπ)⁸
1837 2596 2002 2662 piari:
2036 2597 2201 2650 oculis
2225 2601 2330 2652 tuis
2353 2598 2420 2654 ‘7.

172 2681 257 2752 τὴν
302 2683 471 2757 ψυχὴν
509 2685 900 2756 διαϐεϐηκότος
945 2685 1040 2738 τοῦ
1099 2684 1325 2749 πάθους,
1365 2683 1473 2736 ἀπὸ
1525 2681 1583 2734 δὲ
1623 2681 1722 2752 τῆς
1763 2680 1941 2754 ψυχῆς
1966 2687 2060 2740 ἐπὶ
2103 2687 2170 2740 τά
2209 2689 2302 2742 τοῦ
2359 2687 2612 2760 σώματος
2635 2686 2742 2748 ἴδια
2775 2685 2962 2749 κακῶς
2991 2683 3424 2757 κινουμένου.Εἰ

173 2769 253 2829 οὖν
287 2775 494 2849 βλέμμα
520 2779 780 2833 τοσούτου
813 2779 983 2850 πυρὸς
1039 2778 1286 2849 ἐναυσμα
1317 2777 1548 2846 γίνεται,
1578 2776 1867 2847 ἀκούωμεν
1898 2781 1994 2834 τοῦ
2050 2784 2460 2852 ὑποφωνοῦντος
2479 2800 2493 2814 ·
2520 2786 2584 2836 Οἱ
2620 2783 2915 2852 ὀφθαλμοί
2951 2797 3067 2836 σου
3112 2781 3257 2848 ὀρθὰ
3281 2779 3430 2843 ,ϐλε-

174 2869 444 2939 ετέτωσαν,
509 2874 612 2928 καὶ
661 2872 734 2927 τὰ
789 2871 1072 2942 βλέφαρά
1133 2889 1249 2926 σου
1305 2870 1649 2925 νευέτωσαν
1696 2870 1810 2941 (55)
1851 2871 2072 2939 δίκαια,
2112 2876 2210 2930 καὶ
2251 2875 2338 2946 μὴ
2392 2873 2835 2944 συναρπασθῇς
2895 2872 3028 2939 σοῖς
3071 2870 3426 2940 βλεφάροις,

176 2965 307 3033 μηδὲ
327 2965 622 3036 ἁγρευθῇς
658 2965 795 3032 σοῖς
819 2965 1164 3035 ὀφθαλμοῖς.

237 3057 315 3110 ﬂ.
351 3058 409 3110 Εἰ
449 3057 506 3110 δὲ
555 3056 703 3110 κατὰ
745 3057 836 3109 τὸν
885 3056 1141 3126 ἀνωτέρω
1187 3054 1287 3125 τῆς
1319 3052 1536 3123 φύσεως
1567 3052 1729 3120 λόγον

1921 3051 1994 3104 14.
2023 3050 2174 3117 Quod
2227 3051 2295 3116 si,
2336 3049 2632 3104 secundum
2664 3061 2823 3116 supra
2879 3046 3178 3112 expositam
3214 3054 3422 3100 naturae

179 3147 274 3218 ἃ.φὴ
304 3149 382 3212 τίς
424 3151 575 3202 ἐστιν
625 3150 658 3220 ἡ
711 3148 804 3201 τοῦ
860 3147 1169 3218 βλέμματος
1209 3145 1354 3200 κατὰ
1397 3145 1506 3198 τῶν
1543 3163 1680 3216 σωμι

1928 3145 2128 3202 ionem.
2159 3152 2334 3197 tactus
2384 3142 2600 3210 quidam
2651 3148 2734 3192 est
2789 3139 3068 3191 oculorum
3111 3137 3164 3190 in
3200 3152 3423 3207 corpora

178 3253 271 3292 των
302 3239 406 3309 (56)
431 3239 660 3310 ἐπιϐολή
683 3257 696 3271 '
730 3241 826 3293 καὶ
871 3239 1061 3310 ὥσπερ
1098 3241 1211 3300 τοῖς
1244 3236 1617 3308 ὀφθαλμιῶσιν
1649 3238 1679 3288 ἐι

1926 3237 2115 3303 ijectus
2147 3251 2162 3298 ;
2203 3233 2248 3287 si
2284 3231 2761 3302 quemadmodum,
2803 3229 2929 3282 dum
2963 3227 3247 3296 lippientes
3305 3227 3427 3281 diu-

181 3329 321 3383 πλέον
347 3332 772 3394 ἐνατενίσαντες,
796 3330 896 3400 τῆς
914 3330 1070 3383 νόσου
1099 3329 1612 3400 μεταλαμϐάνομεν,
1645 3345 1680 3380 κ

1929 3343 1950 3382 s
1984 3327 2277 3389 intuemur,
2312 3324 2485 3377 morbi
2517 3323 2808 3392 participes
2837 3321 3018 3384 limus,
3052 3320 3104 3373 in
3137 3334 3198 3374 ea
3222 3329 3430 3386 autem,

182 3419 337 3485 ἄλλοις
368 3421 615 3491 φυσικῶς
648 3419 950 3490 ὠφελοῦσιν
977 3419 1358 3485 ἐπιϐάλλοντες
1389 3421 1515 3484 τοὺς
1541 3419 1682 3489 ὀφθα

1931 3436 1961 3474 e
1991 3429 2182 3473 natura
2217 3417 2499 3472 commoda
2549 3425 2696 3480 sunt,
2721 3415 2907 3470 oculos
2941 3415 3237 3485 deligentes
3263 3412 3432 3466 laten-

186 3510 300 3578 μοὺς
345 3510 482 3564 κατά
527 3511 594 3563 τὸ
640 3509 865 3581 λεληθὸς
920 3507 1304 3580 ὠφελούμεθα·
1367 3508 1461 3561 καὶ
1497 3511 1611 3570 τοῖς
1643 3506 1687 3560 τί

1947 3511 2234 3580 iuvamur:
2263 3511 2334 3562 ita
2363 3510 2530 3562 etiam
2560 3523 2682 3562 cum
2716 3507 2768 3560 in
2799 3506 3094 3576 voluptatis
3118 3505 3269 3574 signa
3301 3519 3433 3559 ocu-

183 3599 352 3671 ὴδονῆς
382 3602 488 3674 ἄρα
514 3601 807 3672 συμϐόλοις
843 3599 956 3672 (57)
975 3599 1358 3664 ἐπιϐάλλοντες
1382 3600 1507 3663 τοὺς
1545 3599 1684 3668 ὀφθα

1947 3604 2286 3673 conjicimus,
2314 3601 2604 3670 voluptatis
2639 3601 2828 3654 morbo
2856 3613 3010 3654 mens
3052 3598 3336 3668 oppletur;
3366 3611 3429 3652 ac

188 3692 322 3759 μους,
338 3693 432 3764 τῆς
447 3693 592 3747 κατὰ
616 3693 714 3763 τὴν
737 3691 932 3764 ἡδονὴν
953 3691 1110 3746 νόσου
1137 3692 1226 3746 τὸν
1247 3691 1374 3746 νοῦν
1399 3689 1686 3761 άναπίμπλ

1930 3700 2049 3753 'iter
2073 3699 2123 3753 in
2146 3711 2232 3760 ea,
2261 3710 2379 3765 qua:
2417 3709 2545 3748 vere
2579 3695 2720 3748 bona
2748 3701 2892 3757 sunt,
2929 3691 3115 3745 oculos
3137 3689 3431 3756 conjicien-

191 3799 293 3850 μεν,
316 3784 496 3856 ῶσπερ
531 3780 630 3840 οὖν
663 3786 759 3839 καί
785 3788 901 3848 τοῖς
933 3785 1104 3848 ὅντως
1144 3785 1331 3849 καλοῖς
1361 3783 1692 3838 ἐπιϐάλλοντι

1945 3833 1961 3860 ,
1999 3805 2098 3860 per
2149 3788 2336 3843 oculos
2375 3787 2428 3841 in
2486 3787 2668 3840 anima
2727 3785 3015 3838 utilitatem
3063 3782 3431 3852 percipimus;

185 3874 402 3942 τούτους,
425 3877 514 3931 διὰ
541 3876 652 3932 τῶν
678 3876 976 3946 ὀφθαλμῶν
1008 3879 1089 3940 εἰς
1121 3876 1219 3948 τὴν
1254 3875 1432 3947 ψυχὴν
1471 3877 1569 3948 τὴν
1598 3875 1683 3944 ὠφ

1934 3885 2040 3938 lucc
2074 3883 2145 3936 ita
2184 3896 2241 3936 se
2274 3880 2497 3946 habent,
2540 3887 2900 3949 pra'terquam
2943 3876 3086 3945 quod
3117 3891 3214 3944 per
3250 3874 3435 3929 oculos

189 3963 316 4022 λειαν
347 3970 609 4042 δεχόμεθα
628 3987 641 4000 ·
662 3970 758 4024 καὶ
792 3968 908 4041 (58)
929 3967 1131 4022 ἄτοπον
1152 3967 1287 4039 μετά
1300 3966 1690 4037 1065102111500

1942 3973 2093 4026 rbum
2125 3971 2276 4042 virgo
2304 3969 2562 4038 concipit,
2595 3968 2888 4023 absurdum
2937 3976 3021 4021 est
3057 3976 3114 4018 ut
3151 3981 3270 4035 qua:
3301 3980 3439 4016 nunq

191 4059 306 4132 πρὸς
340 4063 485 4117 νόσον
516 4061 608 4116 διὰ
629 4061 737 4119 τῶν
773 4059 1069 4131 ὀφθαλμῶν
1098 4061 1198 4131 τὴν
1226 4059 1517 4131 παρθένον,
1558 4052 1634 4113 ὧν
1671 4077 1692 4130 εκ

1932 4074 2008 4114 am
2034 4074 2194 4113 manu
2223 4069 2446 4128 tangere
2474 4057 2694 4124 audeat,
2713 4072 2774 4112 ea
2803 4056 3082 4111 oculorum
3107 4064 3248 4110 tactu
3271 4055 3433 4133 631

192 4147 358 4222 θαρσεῖ
385 4157 446 4226 τῇ
473 4153 620 4225 χειρί
651 4169 783 4206 ποτε
811 4153 1074 4222 ἅψασθαι,
1109 4151 1317 4207 τούτων
1343 4154 1411 4223 τῇ
1447 4152 1542 4206 τοῦ
1567 4153 1693 4223 δμμ‹

1935 4151 2317 4208 [ἰεοτῑῐιιίηοιὶιη
2359 4159 2563 4220 tangat.
2596 4150 2687 4204 Ille
2714 4150 2857 4203 enim
2887 4163 2982 4218 per
3009 4147 3194 4202 oculos
3231 4155 3436 4213 tactus,

191 4257 266 4306 τος
295 4245 398 4316 άφῇ
429 4245 734 4316 ἀδιαφόρως
760 4244 1120 4316 ἐφάπτεσθαι.
1152 4245 1484 4316 Προαγωγὸς
1513 4244 1642 4316 γάρ,
1672 4246 1692 4296 c7

1942 4259 1972 4296 o
2011 4252 2118 4308 est,
2148 4253 2206 4296 ut
2239 4243 2313 4297 ita
2367 4243 2565 4309 dicam,
2596 4251 2651 4297 et
2691 4240 2967 4311 pronubus
3009 4239 3170 4304 illius,
3215 4240 3303 4307 qui
3341 4253 3438 4306 per.

194 4331 249 4384 ἀν
275 4334 405 4389 εἴποι
431 4354 536 4402 τις,
573 4337 668 4391 καὶ
699 4336 1080 4408 προμνήστρια
1114 4336 1147 4406 ἡ
1183 4336 1281 4405 μὲν
1309 4335 1398 4389 διά
1428 4333 1524 4388 τοῦ
1562 4335 1695 4406 sum

1934 4349 2042 4388 mus
2073 4333 2373 4402 perficitur,
2409 4347 2644 4400 eumque
2691 4331 2880 4402 procul
2915 4331 3227 4385 antevertit.
3258 4329 3435 4401 Atque

192 4441 268 4489 τος
295 4428 416 4500 ἁφὴ,
453 4431 552 4502 τῆς
579 4428 668 4483 διὰ
709 4406 909 4500 χειρῶν
948 4406 1408 4497 προλαμϐάνουσα
1460 4426 1693 4498 πόρῤωθι

1941 4440 1971 4480 e
2005 4425 2095 4478 ille
2125 4425 2213 4494 qui
2245 4438 2341 4493 per
2376 4439 2567 4478 manus
2615 4424 2692 4485 lit,
2725 4422 2866 4475 illius
2889 4461 2904 4488 ,
2932 4421 3020 4489 qui
3054 4435 3152 4488 per
3197 4419 3442 4488 compleq

197 4516 400 4582 γίνεται.
421 4522 570 4593 Αὐτὴ
603 4522 660 4576 δὲ
681 4521 844 4592 αῦτη,
870 4522 904 4590 ἡ
933 4519 1020 4573 διὰ
1057 4519 1256 4591 χειρῶν
1285 4536 1448 4590 φημι,
1478 4520 1577 4589 τῆς
1604 4537 1698 4572 κατ

1938 4535 2000 4584 m,
2028 4519 2254 4572 calidior
2299 4530 2382 4572 est
2408 4515 2677 4582 famulus;
2715 4525 2769 4570 et
2809 4530 2930 4584 qua:
2963 4515 3196 4582 primum
3248 4512 3439 4566 oculo-

195 4608 280 4675 τὴν
315 4613 627 4683 συμπλοκὴν
673 4613 979 4685 θερμοτέρα
1023 4611 1360 4682 θεράπαιναι
1424 4612 1518 4664 καὶ
1567 4614 1600 4681 ὴ
1645 4611 1696 4664 τί

1940 4627 1972 4664 n
2005 4619 2204 4665 tactum
2240 4627 2342 4664 non
2392 4608 2548 4680 fugit,
2576 4625 2640 4664 ea
2673 4618 2930 4676 quantum
2974 4607 3027 4660 in
3079 4606 3191 4674 ipsa
3221 4613 3326 4671 est,
3372 4618 3441 4656 ne

198 4699 394 4771 πρώτην
438 4705 582 4776 ἁφὴν
623 4703 718 4758 τοῦ
750 4704 998 4774 ὄμματος
1041 4702 1115 4773 μὴ
1149 4703 1416 4770 φυγοῦσα,
1452 4704 1553 4755 οὐκ
1593 4703 1699 4755 ἂνίι

1943 4717 2106 4756 nuum
2160 4702 2378 4770 quidem
2438 4711 2640 4755 tactum
2698 4698 2937 4769 effugiet.
2988 4697 3200 4752 Rursus
3258 4705 3439 4750 autem

198 4790 272 4842 ἐπ’
297 4795 442 4868 αὐτῇ,
484 4797 606 4850 οὐδὲ
633 4797 732 4869 τὴν
765 4796 874 4850 τῶν
908 4795 1110 4866 χειρῶν
1139 4795 1435 4864 ἀποφύγοι.
1485 4795 1549 4848 Ἠ
1584 4796 1641 4849 δὲ
1674 4813 1699 4848 τ

1937 4812 1969 4850 e
2003 4797 2264 4865 ejusmodi
2297 4808 2440 4852 tactu
2469 4796 2753 4851 libidinose
2788 4794 3058 4864 implicata
3105 4792 3300 4854 fuerit,
3331 4803 3438 4842 non

199 4885 402 4959 τοιαύτῃ
433 4883 589 4952 αὖθις
620 4886 900 4958 ἐρωτικῶς
927 4887 1294 4958 ἐμπλακεῖσα,
1327 4886 1427 4940 οὐκ
1481 4885 1546 4940 ἂν
1581 4886 1700 4958 μολι

1940 4905 1987 4945 te
2015 4892 2084 4946 ab
2115 4890 2541 4960 inquinamentis
2575 4902 2710 4958 pura
2750 4887 3208 4958 deprehendatur.
3239 4881 3441 4950 Quem-

264 5081 303 5113 ⁸⁷
329 5082 481 5140 Prov.
515 5103 568 5141 vt
598 5085 723 5155 ,25;
764 5101 840 5150 tv,
869 5084 966 5141 25.

209 5307 220 5319 _
267 5245 583 5324 (ὗξλΛέγοι.
602 5251 694 5308 Sic
709 5251 950 5307 nonnulli
979 5260 1190 5306 veteres
1217 5251 1337 5307 libri
1371 5252 1565 5308 melius
1583 5270 1710 5324 quat

1944 5252 2043 5324 1‘57)
2070 5253 2422 5322 Συμϐόλοις.
2461 5251 2535 5324 lla
2569 5247 3151 5324 eodelelegiusujam
3190 5259 3331 5324 saepe
3365 5244 3445 5324 _ad

208 5313 253 5363 i"
273 5313 620 5391 ε¹.ίξιίε.λ’έγειο
1319 5370 1322 5372 η
1601 5313 1613 5324 ’
1859 5313 2170 5378 conte'xtns'
2212 5313 2647 5378 emendationem
2681 5313 2976 5373 adhibitus.
3009 5313 3101 5391 S'i_c
3145 5318 3308 5391 etiam
3363 5313 3444 5367 le-

267 5382 365 5463 (5!)
393 5382 727 5463 ξΕμπὶαθῶς.
785 5391 878 5446 Sic
933 5391 1278 5463 Colbeﬁrtinus
1328 5402 1384 5446 et
1414 5391 1522 5448 duo
1570 5393 1659 5448 alii
1718 5409 1748 5448 a
1860 5395 2005 5463 gisse
2038 5392 2737 5463 videturAmbrosius,qui
2773 5391 3002 5463 redd_i_t_:
3037 5387 3172 5463 Cum
3205 5385 3444 5463 volup‘tac

207 5447 501 5532 ῧοξρίρέίὶειό
530 5447 699 5518 citati:
735 5463 896 5526 Edili,
932 5462 1215 5532 ἐμπαθῶν.
1496 5531 1509 5532 γ
1652 5447 1655 5448 ν

1975 5465 2186 5516 indiciis
2239 5463 2419 5516 oculos
2488 5447 2775 5529 injiein'ms.
2832 5458 2993 5532 Editi,
3051 5447 3441 5532 eaig_cup._6o~

269 5522 368 5594 (35)
408 5532 780 5602 Νευέτωσαν.
818 5522 1006 5588 Plures
1040 5549 1149 5588 mss
1179 5572 1195 5595 ,
1227 5534 1446 5587 νευέτω.
1483 5531 1747 5588 Colbet'ti-

1942 5536 1998 5596 ῖς,
2029 5534 2306 5602 voluptatis
2333 5522 2716 5602 congressibus,
2765 5539 2822 5602 ut.
2855 5531 3015 5602 vertit
3061 5522 3443 5602 Cotti-belisitts.

209 5599 567 5672 nummus
590 5619 680 5657 σου
707 5601 928 5656 νευέτω.
1606 5671 1611 5672 ί

1942 5602 2044 5672 ξ58)
2072 5597 2207 5658 Kal.
2241 5597 2523 5655 Reduudal
2556 5602 2646 5672 llic
2697 5598 3030 5668 conjunctio,
3057 5608 3109 5652 et
3147 5597 3270 5652 ideo
3299 5608 3443 5664 prae.

272 5661 706 5742 (3ﬁ)_2wpdtwr-.
771 5672 863 5727 Sic
921 5689 1023 5741 ope
1070 5675 1451 5727 nonnullorum
1498 5671 1746 5726 codicum
1861 5661 2107 5730 termissa
2137 5675 2190 5729 iu
2229 5671 2696 5742 interpretatione.

215 5736 578 5798 emendavimus
635 5745 778 5812 quod
814 5742 865 5797 in
912 5736 1069 5799 editis
1107 5743 1412 5814 legebatur,
1462 5742 1745 5815 ὀμμάτων.
