3802 6216
318 246 424 303 699

1278 250 1622 307 APPENDIX
1660 248 1946 311 OPERUM
1982 252 2040 308 S.
2079 249 2327 306 BASILII
2364 246 2599 305 MAGNI.

3468 246 3593 303 700

321 365 609 422 admodum
658 366 804 420 enim
854 380 978 420 cum
1026 382 1205 436 Ignem
1247 369 1542 439 tangimus,
1582 370 1732 441 signa
1764 370 1903 437 ignis

2117 386 2228 422 ,των
2256 366 2474 438 καθαρὰ
2506 363 2775 437 εὑρεθείη.
2817 364 2903 429 Ὠς
2925 362 3032 436 γὰρ
3053 363 3148 418 τοῦ
3189 363 3363 437 πυρὸς
3404 365 3592 418 ἁπτό-

318 470 419 525 per
457 457 753 522 impressas
781 453 937 509 nobis
970 457 1285 512 adustiones
1313 459 1627 525 accipimus,
1662 472 1761 512 nec
1786 458 1902 513 lteri

317 557 522 617 potest,
550 547 722 615 utqui
767 546 947 613 ignem
1002 562 1163 599 manu
1198 547 1395 617 tetigit,
1428 562 1618 617 puram
1659 548 1728 604 ab
1762 549 1903 602 illius

320 643 373 696 vi
416 642 600 695 urendi
636 656 854 694 manum
877 642 1157 709 ostendat;
1184 645 1279 696 sed
1314 643 1541 711 pustulae
1568 644 1752 705 statim
1786 651 1906 715 post

319 741 523 788 tactum
558 741 866 800 surgentes,
898 747 963 785 ac
1007 747 1111 786 non
1164 732 1283 787 sine
1316 732 1500 789 dolore
1542 732 1812 790 ferventes
1842 750 1905 789 ac

322 826 609 887 micantes.
638 825 818 879 ulcera
850 840 975 879 mox
1007 832 1265 893 eruptura
1298 826 1651 892 denuntiant,
1689 829 1904 898 autjam

324 916 584 984 impressa
617 916 798 969 manui
826 916 943 970 dira
979 925 1280 971 cernuntur
1309 916 1491 972 ulcera
1519 934 1533 970 :
1560 917 1641 973 sic
1665 917 1779 971 ﬁeri
1801 933 1905 972 non

322 1016 517 1075 potest,
550 1016 608 1059 ut
647 1008 739 1076 qui
790 1007 1135 1063 libidinosum
1191 1009 1369 1078 ignem
1417 1008 1680 1078 attigerit,
1716 1024 1905 1078 puram

322 1097 391 1150 ab
415 1096 557 1149 illius
582 1096 751 1167 signis
786 1111 1004 1150 manum
1037 1097 1319 1163 ostendat;
1345 1097 1440 1152 sed
1473 1097 1558 1151 vel
1583 1097 1772 1153 eodem
1800 1112 1909 1152 mo-

322 1188 392 1241 do
418 1202 481 1243 ac
514 1188 567 1241 in
623 1204 814 1243 manus
844 1198 1016 1255 tactu,
1051 1188 1282 1258 pustulae
1328 1187 1468 1248 clam
1504 1189 1555 1242 in
1588 1187 1753 1244 c'orde
1786 1204 1907 1243 sur-

309 1272 540 1347 gentes,
571 1279 701 1332 dira:
733 1280 935 1334 amoris
962 1279 1421 1350 perturbationes,
1457 1278 1670 1335 fervent
1704 1287 1760 1333 et
1806 1278 1907 1332 mi-

322 1381 472 1434 cant,
503 1386 566 1426 ac
609 1371 1038 1426 intolerabilibus
1084 1371 1319 1427 motibus
1362 1377 1673 1437 aestuantes,
1702 1372 1905 1440 peccati

324 1462 503 1516 ulcera
530 1463 773 1532 protinus
814 1472 1069 1533 eruptura
1101 1462 1440 1525 minitantur,
1472 1471 1563 1515 aut
1590 1462 1700 1531 jam
1734 1470 1904 1516 totum

323 1568 417 1607 cur
446 1554 593 1608 intus
617 1553 983 1609 exulceratum
1013 1553 1325 1608 ostendunt.
1360 1552 1499 1626 lguis
1530 1554 1674 1606 enim
1711 1567 1907 1607 accen-

323 1660 420 1699 sus
462 1654 566 1708 est,
604 1645 797 1715 inquit,
833 1645 887 1699 in
922 1644 1172 1701 omnibus
1210 1644 1511 1698 membris:
1550 1646 1906 1715 quodcunque

2005 476 2180 529 μενοι,
2225 458 2293 512 τὰ
2329 459 2617 528 σήμαντρα
2654 454 2749 509 τοῦ
2794 456 2967 519 πυρὸς
3012 455 3101 508 διὰ
3130 454 3240 510 τῶν
3289 455 3593 526 ἐγγινομέ-

2002 567 2110 603 νων
2154 548 2264 618 (59)
2296 551 2428 619 ἡμῖν
2471 548 2797 619 καυστήρων
2828 544 3116 616 δεχόμεθα,
3160 546 3256 599 καὶ
3291 546 3597 616 ἀμήχανον

2002 640 2146 710 χειρὶ
2188 637 2360 710 πυρδς
2401 637 2783 707 ἐφαψάμενον,
2830 636 3078 708 καθαρὰν
3121 635 3224 706 τῆς
3273 636 3595 705 καυπικῆς

2003 733 2286 803 ἐνεργείας
2313 731 2501 785 τούτου
2532 731 2700 797 δεῖξαι
2731 732 2830 802 τὴν
2869 732 3047 802 χεῖρα,
3081 729 3196 785 ἀλλ’
3229 730 3263 800 ἢ
3293 730 3596 799 φλυκτίδες

2002 826 2069 893 τῇ
2097 824 2207 893 ἁφῇ
2237 822 2449 893 ἀθρόως
2470 823 2865 885 ὲπαναστᾶσαι,
2892 821 2984 874 καὶ
3012 820 3245 891 ὀδυνηρὰ
3279 819 3501 884 ζέουσαί
3519 836 3595 873 τε

2005 914 2098 968 καὶ
2119 912 2435 983 σφύζουσαι,
2463 912 2595 985 ἕλκη
2642 912 2874 984 ῥαγῆναι
2902 912 3011 984 (40)
3052 912 3212 975 εὐθὺς
3240 912 3592 977 ἀπειλοῦσιν,

2005 1005 2039 1076 ἢ
2070 1005 2171 1077 ήδη
2206 1005 2488 1076 φθάσαντα
2509 1007 2565 1059 ὲν
2598 1007 2665 1076 τῇ
2695 1006 2841 1076 χειρὶ
2881 1003 3055 1076 πικρὰ
3081 1005 3274 1076 ὁρᾶται
3304 1003 3375 1058 τὰ
3405 1003 3542 1075 ἕλκη
3571 1020 3589 1032 ·

2004 1096 2175 1160 οὓτως
2207 1097 2499 1168 ἀμήχανον.
2520 1094 2783 1168 ἐρωτικοῦ
2810 1095 2983 1167 πυρδς
3009 1095 3382 1166 ἐφαψάμενον,
3409 1094 3597 1149 καθα-

2009 1188 2111 1261 ρὰν
2133 1188 2243 1242 τῶν
2264 1187 2453 1242 τούτου
2489 1189 2815 1259 σημάντρων
2844 1186 2942 1258 τὴν
2974 1186 3118 1258 ἁφὴν
3149 1186 3443 1253 ἐπιδεῖξαι·
3468 1187 3594 1240 ἀλλ’

2005 1282 2038 1354 ἢ
2076 1282 2216 1336 κατὰ
2232 1284 2292 1335 τὸ
2323 1283 2506 1353 ὅμοιον
2531 1281 2631 1351 τῆς
2651 1281 2794 1335 κατὰ
2819 1281 2917 1353 τὴν
2947 1283 3106 1352 χεῖρα
3130 1280 3293 1351 ἁφῆς,
3321 1279 3597 1349 φλυκταῖ-

2005 1392 2093 1429 ναι
2131 1378 2198 1446 τῇ
2236 1375 2432 1447 καρδίᾳ
2459 1374 2731 1445 λαθραίως
2770 1376 3163 1438 ὲπαναστᾶσαι,
3193 1374 3261 1431 τὰ
3285 1373 3463 1445 πικρὰ
3489 1372 3592 1426 τοῦ

2006 1466 2206 1538 ἔρωτος
2236 1465 2402 1538 πάθη,
2437 1465 2619 1531 ζέουσί
2664 1483 2723 1518 τε
2757 1467 2851 1520 καὶ
2880 1465 3174 1535 σφύζουσι,
3204 1466 3297 1519 καί
3332 1465 3598 1535 ἀσχέτοις

2006 1559 2240 1629 παλμοῖς
2273 1559 2642 1629 συνεχόμεναι,
2675 1558 2745 1611 τὰ
2791 1558 2887 1629 τῆς
2917 1558 3190 1629 ἁμαρτίας
3231 1555 3368 1627 ἕλκη
3416 1555 3600 1626 ῥαγῆ-

2005 1669 2091 1706 ναι
2115 1650 2275 1714 εὐθὺς
2300 1650 2632 1712 ἀπειλοῦσιν,
2664 1650 2697 1719 ἢ
2729 1649 2828 1720 ήδη
2856 1649 2997 1718 ὅλην
3023 1648 3346 1719 ήλκωμένην
3377 1650 3437 1701 ἐν
3467 1647 3587 1718 (41)

324 1745 504 1790 autem
551 1736 829 1802 invaserit,
882 1736 1145 1791 radicitus
1201 1736 1396 1804 perdit.
1435 1735 1615 1802 Quare
1666 1751 1786 1791 cum
1851 1737 1904 1791 iu

2117 1759 2163 1795 ει
2203 1742 2303 1813 τὴν
2342 1741 2572 1814 καρδίαν
2612 1740 2872 1795 δείκνυσι.
2907 1739 3025 1810 Πῦρ
3068 1740 3176 1809 γάρ
3206 1740 3322 1792 ἐστι
3361 1737 3599 1806 καιόμεο

324 1828 574 1882 omnibus
614 1829 872 1883 membris
902 1830 1043 1899 ignis
1073 1830 1162 1882 ille
1190 1830 1541 1894 accendatur,
1574 1829 1660 1883 bis
1682 1830 1771 1898 qui
1812 1844 1908 1883 vo-

328 1914 445 1970 lunt
466 1932 659 1986 purum
686 1919 753 1973 ab
779 1920 1155 1974 exustionibus
1184 1934 1383 1987 corpus
1413 1919 1691 1982 exhibere,
1712 1934 1907 1973 caven-

327 2009 453 2063 dum
488 2018 572 2063 est
598 2025 628 2064 a
660 2010 900 2078 cujusvis
952 2012 1176 2065 membri
1223 2021 1399 2077 tactu,
1432 2027 1502 2066 nc
1544 2026 1826 2065 accensam
1855 2011 1907 2064 iu

328 2101 571 2155 membro
596 2101 702 2156 vim
728 2102 889 2171 ignis,
924 2118 1021 2173 per
1050 2112 1249 2156 tactum
1287 2118 1395 2157 non
1439 2102 1611 2157 solum
1656 2103 1707 2155 in
1740 2086 1911 2155 mem-

326 2192 425 2245 bro
457 2192 599 2261 quod
629 2193 926 2264 tetigerint,
952 2194 1045 2248 sed
1081 2195 1134 2247 in
1188 2203 1301 2248 toto
1325 2207 1577 2261 corpore,
1610 2207 1675 2246 ac
1705 2192 1756 2245 iu
1795 2193 1909 2262 ipsa

326 2285 505 2337 anima
542 2287 859 2354 suscipiant.
875 2283 1009 2339 Nam
1037 2285 1080 2340 si
1113 2287 1338 2339 caudam
1370 2285 1550 2354 aliquo
1579 2293 1912 2339 tantummo-

326 2376 395 2430 do
428 2380 694 2447 serpentis
726 2388 1003 2447 tangente,
1030 2388 1207 2447 caput,
1247 2377 1349 2431 etsi
1375 2376 1429 2430 in
1474 2376 1649 2429 medio
1675 2376 1910 2445 positum

331 2478 607 2538 tantopere
630 2469 818 2531 distat,
844 2478 1025 2522 tamen
1066 2469 1132 2522 ad
1182 2466 1380 2520 factum
1415 2468 1469 2520 in
1501 2466 1674 2520 cauda
1707 2475 1909 2519 tactum

328 2558 509 2610 statim
557 2558 890 2611 convertitur
922 2575 936 2613 :
967 2566 1021 2610 et
1069 2558 1111 2612 si
1162 2556 1316 2625 pedis
1370 2555 1538 2610 nostri
1592 2556 1757 2624 digito
1804 2555 1912 2610 im-

330 2648 617 2717 pingente,
651 2647 829 2716 capilli
876 2647 929 2701 in
970 2647 1148 2716 capite
1186 2646 1368 2702 statim
1409 2647 1542 2702 recti
1587 2649 1911 2718 eriguntur;

328 2747 478 2793 certe
509 2739 822 2795 libidinosus
875 2749 1086 2805 tactus,
1130 2741 1291 2793 etiam
1326 2740 1372 2795 si
1422 2739 1475 2794 in
1513 2753 1674 2792 manu
1706 2749 1912 2792 tantum

331 2833 448 2898 ﬁat,
476 2842 654 2888 tamen
695 2848 725 2887 a
758 2834 932 2902 capite
976 2848 1147 2902 usque
1172 2836 1241 2889 ad
1274 2842 1548 2887 extremos
1594 2846 1823 2901 ungues,
1847 2831 1912 2884 ad

330 2941 548 2981 sensum
603 2926 929 2995 voluptatis,
976 2942 1073 2996 pro
1106 2925 1381 2994 tangentis
1438 2934 1594 2989 nutu,
1646 2923 1917 2994 pertrahit

2007 1852 2117 1897 vov,
2141 1835 2327 1905 φησὶν,
2353 1835 2445 1887 ἐπὶ
2467 1833 2684 1887 πάντων
2708 1832 2816 1884 τῶν
2861 1830 3066 1902 μελῶν·
3092 1824 3154 1883 οὗ
3178 1829 3223 1882 δ’
3260 1828 3328 1883 ἂν
3353 1827 3594 1900 ἐπέλθῃ,

2007 1929 2072 1981 ὲκ
2108 1925 2275 1997 ῥιζῶν
2312 1925 2610 1978 ἀπώλεσεν.
2638 1924 2802 1976 Ὥστε
2849 1922 3037 1993 ἐπειδὴ
3071 1923 3165 1975 ἐπὶ
3211 1921 3433 1974 πάντων
3478 1919 3599 1973 τῶν

2012 2014 2188 2085 μελῶν
2218 2016 2337 2067 ἐστι
2370 2014 2429 2066 τὸ
2467 2013 2587 2084 πῦρ
2619 2012 2787 2070 τοῦτο,
2817 2011 3123 2082 καιόμενον,
3164 2012 3276 2073 τοῖς
3318 2008 3601 2080 προθεμέ-

2007 2127 2119 2171 νοις
2140 2108 2380 2180 καθαρὸν
2405 2110 2691 2179 καυτήριον
2715 2107 2775 2160 τὺ
2807 2108 2965 2178 σῶμα
2996 2106 3265 2160 δεικνύναι
3283 2106 3599 2174 φυλακτέον

2010 2200 2275 2254 ἅπτεσθαί
2324 2216 2469 2263 τινος
2502 2199 2607 2252 τῶν
2653 2198 2831 2269 μελῶν
2851 2215 2864 2228 ’
2903 2199 2990 2251 ἵνα
3032 2197 3106 2269 μὴ
3137 2198 3238 2269 τὴν
3265 2197 3358 2251 ἐπὶ
3396 2198 3601 2268 μέλους

2010 2292 2308 2363 καιομένην
2335 2291 2446 2363 (42)
2474 2291 2752 2362 ἐνέργειαν
2789 2289 2884 2343 τοῦ
2911 2290 3113 2361 πυρὸς,
3153 2289 3242 2342 διὰ
3278 2289 3379 2360 τῆς
3424 2289 3595 2359 ἀφῆςν

2009 2383 2112 2435 οὐκ
2141 2383 2233 2435 ἐπὶ
2271 2381 2363 2435 τοῦ
2414 2382 2612 2453 μέρους
2662 2381 2822 2451 μόνον
2848 2372 2909 2432 οὗ
2938 2379 3167 2449 ἥψαντο,
3199 2376 3315 2430 ἀλλ’
3349 2379 3430 2439 εἰς
3470 2376 3597 2429 ὅλον

2010 2473 2072 2526 τὸ
2104 2472 2283 2543 σῶμα.
2325 2474 2419 2527 καὶ
2443 2475 2521 2536 είς
2550 2471 2718 2542 αὐτὴν
2742 2473 2841 2542 τὴν
2872 2470 3049 2542 ψυχὴν
3074 2469 3498 2532 καταδέξωνται.
3528 2468 3597 2521 Εἰ

2013 2564 2123 2635 γὰρ
2151 2564 2251 2635 τῆς
2283 2564 2450 2635 οὐρᾶς
2484 2581 2570 2627 τις
2607 2562 2766 2634 μόνον
2805 2561 2902 2615 τοῦ
2933 2561 3110 2631 ὄφεως
3144 2559 3342 2630 ἥψατο,
3377 2559 3473 2614 καὶ
3501 2574 3598 2610 το-

2015 2660 2189 2731 σούτῳ
2213 2660 2377 2730 μήκει
2403 2660 2461 2713 ὲν
2485 2658 2635 2729 μέσῳ
2653 2657 2748 2711 τοῦ
2767 2656 3019 2728 σώματος
3047 2657 3080 2727 ἡ
3116 2653 3325 2723 κεφαλὴ
3345 2653 3600 2722 ἀφεστῶ-

2016 2769 2105 2816 σα,
2123 2752 2272 2821 ὄμως
2302 2750 2437 2822 πρὸς
2467 2750 2567 2819 τὴν
2594 2750 2652 2802 ἐν
2670 2751 2739 2819 τῇ
2772 2749 2908 2819 ούρᾷ
2936 2746 3233 2818 γενομένην
3257 2744 3399 2814 ἁφὴν
3430 2744 3602 2807 εὐθὺς

2015 2844 2432 2915 ἐπιστρέφεταιο
2466 2843 2561 2895 καὶ
2596 2843 2645 2895 εἰ
2677 2840 2771 2895 τοῦ
2800 2842 2858 2895 ὲν
2887 2839 2965 2911 τῷ
2994 2838 3116 2892 ποδὶ
3144 2836 3302 2909 ἡμῶν
3326 2835 3600 2889 δακτύλου

2017 2934 2508 3007 προσπταίσαντος,
2532 2934 2589 2987 αἱ
2621 2934 2679 2987 ὲν
2708 2935 2776 3003 τῇ
2805 2931 3013 3002 κεφαλῇ
3040 2930 3225 2999 τρίχες
3252 2928 3412 3001 ὀρθαὶ
3429 2926 3602 2988 εὐθὺς

331 3033 550 3087 corpus.
582 3016 649 3072 Ει
670 3017 1124 3085 quemadmodum
1159 3017 1299 3087 lapis
1345 3015 1398 3070 in
1439 3016 1693 3071 cisterna;
1718 3028 1913 3084 aquam

2117 3027 2406 3082 ενίστανται
2428 3044 2441 3057 ο
2478 3026 2621 3096 καὶὴ
2656 3023 2910 3096 ἐμπαθὴς
2941 3022 3157 3085 πάντως
3182 3021 3293 3091 (ιδ)
3325 3020 3458 3091 ἁφὴ,
3492 3018 3605 3072 κᾶν

333 3108 631 3179 conjcctus',
662 3124 766 3163 non
813 3108 985 3164 solum
1024 3109 1361 3178 adjacentem
1411 3121 1565 3177 aqua;
1599 3116 1830 3176 partem,
1857 3107 1912 3167 in

2117 3122 2175 3191 τῇ
2204 3120 2348 3190 χειρὶ
2376 3118 2600 3188 γένηται
2631 3118 2809 3189 μόνον,
2843 3116 2952 3168 ἀπὸ
2992 3114 3233 3185 κεφαλῆς
3279 3114 3384 3177 ἓως
3412 3114 3606 3183 ἄκρων

336 3217 500 3270 quam
543 3200 758 3267 cecidit,
783 3201 1048 3270 exagitat,
1084 3199 1178 3254 sed
1212 3200 1377 3254 etiam
1420 3199 1554 3253 alios
1581 3213 1649 3253 ex
1679 3197 1799 3252 aliis
1824 3212 1914 3252 or-

336 3298 430 3349 bes
462 3294 732 3358 excitans,
760 3308 932 3362 usque
969 3293 1034 3346 ad
1065 3301 1304 3347 extrema
1340 3290 1459 3346 illos
1488 3292 1755 3344 interdum
1796 3291 1913 3360 agi-

338 3388 499 3441 tando
527 3386 773 3455 perducit
798 3402 812 3439 :
845 3385 916 3437 ita
954 3383 1276 3438 libidinosus
1326 3391 1599 3450 aspectus.
1627 3382 1706 3435 vel
1735 3395 1915 3436 sermo

336 3480 628 3551 voluptatis
649 3476 991 3532 eﬂ'eminatus
1016 3477 1305 3537 illecebris,
1328 3476 1381 3530 in
1412 3474 1635 3544 virginis
1657 3475 1916 3538 animam,

335 3574 483 3627 velut
527 3573 579 3626 in
625 3571 821 3625 undam
875 3570 1222 3638 purissimam
1271 3568 1623 3622 vehementer
1661 3567 1915 3635 illapsus,

338 3663 473 3717 alias
502 3678 566 3716 ex
599 3662 717 3715 aliis
744 3661 1051 3722 amatorias,
1075 3672 1135 3714 ut
1159 3661 1210 3713 in
1240 3659 1527 3730 profundo,
1546 3658 1791 3713 excitans
1823 3672 1910 3711 co~

338 3756 649 3823 gitationes,
681 3752 982 3824 perculsam
1030 3752 1174 3806 illius
1227 3752 1317 3819 qui
1354 3760 1629 3821 aspectum
1670 3746 1920 3818 conjecit,

336 3845 572 3915 imagine
605 3857 769 3899 totam
796 3845 1030 3899 animam
1065 3843 1257 3914 quatit.

2017 3210 2244 3281 ὀνύχων,
2276 3211 2426 3281 ὅμως
2458 3208 2594 3280 πρὸς
2621 3207 2718 3279 τὴν
2737 3207 3086 3277 συναίσθησιν
3113 3206 3215 3274 τῆς
3241 3204 3431 3275 ἡδονῆς
3457 3201 3608 3257 κατὰ

2019 3301 2085 3355 τὸ
2116 3300 2212 3354 τοῦ
2248 3299 2528 3370 ἁψαμένου
2573 3298 2862 3369 σύμϐολον,
2909 3295 3149 3349 συνέλκει
3181 3294 3240 3347 τὸ
3279 3293 3459 3363 σῶμα.
3487 3291 3608 3344 Καὶ

2019 3393 2096 3458 ὡς
2117 3392 2265 3447 λίθου
2298 3392 2446 3465 βολὴ,
2471 3392 2613 3446 κατὰ
2632 3391 2724 3445 τοῦ
2749 3394 2805 3445 ὲν
2827 3394 2893 3462 τῇ
2924 3388 3191 3460 δεξαμενῇ
3217 3387 3407 3447 ὓδατος
3441 3401 3600 3453 γινο-

2027 3484 2185 3556 μένη,
2212 3486 2271 3537 οὐ
2310 3484 2373 3537 τὸ
2414 3482 2816 3555 παρακείμενον
2851 3482 3015 3553 μέρος
3061 3479 3155 3533 τοῦ
3192 3478 3385 3542 ὓδατος
3418 3476 3538 3530 καθ’
3575 3475 3608 3528 δ

2024 3576 2314 3630 πέπτωκεν
2351 3579 2382 3630 ὁ
2416 3575 2563 3638 λίθος
2607 3576 2766 3646 μόνον
2809 3573 3086 3645 κυμαίνει,
3132 3571 3246 3625 ἀλλ’
3274 3570 3467 3632 ἄλλους
3509 3568 3606 3621 ἐπ’

2026 3668 2209 3731 ἄλλοις
2240 3668 2473 3731 κύκλους
2510 3667 2619 3739 (44)
2663 3667 3108 3737 ὲπαναστήσασα,
3147 3663 3250 3726 ἓως
3280 3661 3390 3713 τῶν
3412 3662 3608 3731 ἄκρων

2026 3759 2249 3822 τούτους
2288 3758 2399 3812 ἔσθ’
2438 3761 2528 3813 ὅτε
2568 3758 2907 3829 κυμαίνουσα
2934 3756 3091 3824 ἄγει·
3132 3753 3306 3817 οὕτως
3338 3751 3612 3824 ἐρωτικὸν

2031 3850 2332 3922 βλέμμα,ἢ
2378 3850 2536 3920 λόγος
2593 3849 2785 3917 ἡδονῆς
2817 3846 3181 3916 τεθηλυμένος
3225 3844 3610 3924 μειλίγμασιν,

339 3956 419 4017 είς
447 3952 545 4025 τὴν
564 3953 665 4023 τῆς
689 3952 956 4025 παρθένου
978 3950 1177 4022 ψυχὴν,
1199 3949 1388 4023 ὥσπερ
1439 3950 1519 4013 είς
1545 3948 1787 4021 καθαρὸν
1843 3946 1989 4019 ὕδωρ
2028 3946 2271 4018 σφοδρῶς
2310 3943 2588 4016 ἐμπεσὼν,
2634 3942 2799 4006 ἄλλας
2831 3943 2917 3994 ἐπ’
2948 3940 3111 4003 ἄλλας
3152 3939 3263 4008 (45)
3312 3936 3608 4009 ἐρωτικὰς,

337 4047 416 4110 ὡς
446 4049 503 4101 ὲν
547 4046 714 4116 βυθῷ,
749 4046 977 4117 ἐγείρων
1007 4045 1244 4109 ἐννοίας,
1292 4044 1420 4115 ὅλην
1449 4043 1618 4115 αὐτὴν
1652 4043 1788 4115 πρὸς
1815 4041 1913 4112 τὴν
1949 4040 2046 4094 τοῦ
2073 4040 2357 4111 βάλλοντος
2384 4036 2682 4107 φαντασίαν
2711 4034 3009 4106 πληγεῖσαν
3043 4032 3317 4103 κυμαίνει.

414 4140 500 4195 15.
527 4138 862 4209 Quapropter
888 4147 1101 4207 oportet
1127 4139 1381 4203 maxime,
1400 4138 1618 4207 utvirgo
1642 4146 1753 4191 tum
1772 4150 1919 4205 aspe«

2117 4134 2189 4188 l5.
2237 4132 2329 4185 Διὸ
2354 4132 2436 4184 δεῖ
2485 4129 2718 4201 μάλιστα
2749 4129 2851 4199 τὴν
2878 4125 3144 4195 παρθένον
3167 4124 3266 4187 τὰς
3298 4141 3358 4176 τε
3386 4123 3473 4176 διὰ
3496 4122 3612 4177 τῶν

341 4245 460 4290 ctus
494 4244 604 4287 tum
638 4232 784 4286 vocis
833 4230 1143 4296 blanditias,
1166 4245 1289 4299 quae
1325 4228 1595 4299 pestiferae
1639 4227 1919 4297 voluptatis

2117 4225 2358 4296 ;μμάτων
2400 4223 2493 4277 καὶ
2533 4222 2633 4291 τῆς
2672 4221 2854 4291 φωνῆς
2888 4218 3195 4281 κολακείας,
3238 4217 3338 4287 τῆς
3385 4216 3610 4287 φθειρο-

343 4339 607 4380 venenum
639 4330 786 4387 sunt,
816 4336 844 4375 a
867 4321 1097 4390 propriis
1135 4320 1382 4376 sensibus
1424 4334 1585 4388 quam
1624 4318 1919 4389 6321οη-

2117 4316 2191 4370 ιοῦ
2219 4316 2414 4386 ἡδονῆς
2442 4314 2731 4384 φάρμακον
2753 4309 2941 4372 ούσας,
2976 4307 3084 4361 τῶν
3118 4306 3262 4360 ίδίων
3299 4306 3612 4376 αἰσθήσεων

343 4418 563 4486 gissime
594 4413 846 4483 repellat;
876 4413 1119 4467 auditum
1158 4412 1374 4482 quidem
1413 4410 1561 4465 intus
1595 4419 1742 4466 casta
1778 4411 1919 4480 cogi‘

2140 4406 2475 4479 πορῤωτὰτω
2522 4403 2792 4457 ἐλαύνειν·
2841 4401 2940 4472 τὴν
3006 4398 3104 4469 μὲν
3166 4397 3339 4467 ἀκοὴν
3395 4396 3614 4451 ἔνδοθεν

346 4508 548 4562 latione
591 4507 884 4570 obserans,
938 4506 1124 4559 oculos
1173 4514 1355 4559 autem
1403 4520 1469 4559 ex
1512 4518 1676 4559 sexus
1720 4504 1919 4572 pudore

2117 4518 2271 4572 φρονι
2300 4497 2547 4568 λογισμῷ
2563 4494 3038 4567 ἁποφράττουσαν,
3067 4491 3193 4552 τοὺς
3217 4490 3272 4543 δὲ
3295 4489 3614 4558 ὀφθαλμοὺς

343 4600 522 4653 sciens
555 4607 819 4652 avertere.
849 4594 983 4651 Nam
1025 4598 1069 4652 si
1115 4596 1282 4652 semel
1328 4611 1423 4665 per
1456 4594 1640 4652 oculos
1674 4604 1730 4650 et
1769 4609 1919 4650 aures

2117 4591 2394 4663 οστρέφειν
2423 4588 2562 4642 κατὰ
2596 4585 2758 4656 φύσιν
2786 4582 3177 4652 γινώσκουσσν.
3215 4581 3337 4633 ’Ότι
3365 4579 3430 4633 ἂν
3460 4580 3611 4646 ἅπαξ

346 4692 400 4744 in
424 4688 658 4742 animam
692 4688 895 4743 aditum
942 4688 1239 4752 inveniant,
1267 4686 1410 4741 aliud
1440 4685 1790 4741 blandimenti
1824 4700 1919 4754 ge-

2139 4680 2431 4753 ὀφθαλμῶν
2490 4678 2586 4732 καὶ
2635 4676 2806 4746 ἀκοῆς
2863 4674 2956 4727 ἐπὶ
3007 4674 3106 4743 τὴν
3142 4671 3322 4742 ψυχὴν
3375 4670 3613 4741 πάροδον

344 4799 469 4848 nus,
502 4795 691 4850 nempe
741 4796 1023 4845 manuum,
1053 4781 1259 4836 socium
1295 4788 1648 4843 assumentes,
1676 4793 1794 4848 qum
1825 4794 1919 4833 sua

2117 4774 2250 4839 ῖωσι,
2282 4773 2377 4827 καὶ
2412 4771 2511 4843 τὴν
2552 4769 2745 4839 ἑτέραν
2770 4765 2954 4820 λοιπὸν
2973 4763 3062 4817 διὰ
3088 4764 3190 4833 τῆς
3222 4763 3403 4836 χειρὸς
3446 4763 3614 4816 κολα-

344 4886 472 4932 sunt
497 4873 736 4946 profecto
763 4873 1016 4943 temporis
1048 4888 1339 4944 progressu
1383 4871 1686 4941 perﬁcient.
1722 4870 1919 4936 Quem-

2117 4884 2179 4919 αν
2208 4864 2487 4935 συνέριθον
2517 4858 2938 4932 προσλαϐοῦσαι,
2961 4856 3031 4909 τὰ
3059 4856 3267 4909 ἑαυτῶν
3294 4856 3514 4918 πάντως
3531 4854 3613 4925 τῷ

345 4945 633 5022 admodum
685 4965 829 5020 enim
863 4980 985 5020 cum
1038 4964 1255 5018 militari
1288 4964 1511 5019 cohorte
1537 4962 1827 5018 adveniens
1866 4962 1919 5015 in

2117 4957 2201 5028 ἱνῳ
2237 4954 2582 5028 ἐργάσονται.
2628 4952 2718 5014 Ὣς
2748 4949 2859 5021 γὰρ
2901 4946 3040 5017 μετὰ
3077 4946 3172 5000 τοῦ
3214 4945 3613 5019 στρατιωτικοῦ

344 5057 535 5113 urbem
569 5054 747 5121 miles,
776 5055 993 5110 domum
1024 5055 1126 5109 sibi
1178 5054 1247 5109 ad
1300 5053 1650 5108 habitandum
1679 5066 1919 5123 quoquo-

2117 5064 2307 5121 rpavo;
2333 5046 2561 5109 ἐπιστὰς
2587 5047 2654 5116 τῇ
2688 5043 2890 5096 πόλειό
2915 5038 3273 5114 στρατιώτης,
3307 5036 3486 5092 οἰκίαν
3529 5039 3616 5101 εἰς

348 5168 565 5211 versum
596 5150 863 5207 circuiens
898 5149 1154 5221 inquirit,
1189 5162 1254 5202 ac
1289 5145 1372 5201 vel
1407 5145 1611 5201 foribus
1641 5145 1690 5200 vi
1739 5143 1919 5199 exciu-

2117 5144 2202 5214 θὴν
2228 5139 2404 5212 ἐαυτῷ
2427 5137 2654 5210 περιιὼν
2681 5139 2738 5192 ὲν
2763 5135 2947 5207 κύκλῳ
2975 5134 3147 5205 ζητεῖ,
3176 5132 3323 5202 καὶῆ
3357 5129 3617 5184 ἀποκλει-

2106 5345 2215 5416 (Β)
2242 5343 2592 5416 Κᾳιομένην,
2614 5344 2693 5396 Ita
2724 5354 2852 5416 mss.
2878 5336 3191 5416 sex.AEditi,
3211 5333 3510 5416 ,κειμένηνε

2104 5407 2630 5487 (45)Πάνέξωρξ5ἱο
2672 5412 2884 5487 codices
2918 5424 2949 5462 a
3000 5407 3325 5463 Combelisio
3360 5407 3511 5459 citati
3553 5407 3611 5456 et

2033 5480 2123 5542 alii
2160 5480 2422 5541 nonnulli.
2451 5483 2615 5540 Editi.
2651 5480 2868 5544 παντὸς.

2105 5556 2217 5622 (ιι)
2267 5556 2564 5618 Κύκλους.
2597 5543 2851 5607 Nonnulli
2886 5543 3396 5622 codices,_xtixi.ot;q.

2130 5613 2219 5696 45)
2253 5627 2503 5689 Ἀλλας.
2520 5613 2781 5696 Nonnulli
2812 5620 3047 5679 codices.
3074 5616 3282 5679 ἄλλαις.
3306 5613 3427 5669 Mox
3451 5626 3614 5679 unus,

2034 5692 2171 5768 πρδς
2201 5692 2367 5760 τὰς...
2406 5692 2724 5766 φαντασίας.

419 5358 533 5431 (39)
577 5354 1019 5431 Ἐ’τγινομένιιης.
1060 5352 1312 5431 Nonnulli
1362 5350 1597 5417 codices,
1626 5346 1925 5421 ἐγγενομέ-

348 5425 475 5493 νων,
504 5439 559 5484 et
591 5425 749 5496 paulo
777 5425 915 5497 post,
943 5425 1289 5497 φλυκταίναι.

423 5489 557 5569 (40)
594 5489 925 5569 "Pam'iran
956 5489 1119 5550 Paulo
1168 5492 1518 5569 post__eadem
1548 5506 1674 5569 vox
1725 5489 1928 5569 repeti-

353 5561 461 5624 tur.
521 5561 584 5624 'ln
641 5561 870 5635 utroque
915 5568 1032 5621 loco
1068 5561 1448 5635 sex'codices
1476 5563 1701 5635 habent,
1741 5561 1926 5632 ραγεῐ-

353 5656 463 5697 σαι.
489 5638 597 5693 Sed
629 5633 821 5695 melius
850 5635 1190 5691 Colbertinus
1218 5650 1338 5689 cum
1367 5633 1548 5688 editis.

424 5709 541 5781 (ll)
588 5709 702 5762 ‘Er.
741 5706 1054 5778 Prmpositio
1076 5704 1258 5763 addita
1288 5720 1356 5763 ex
1386 5703 1629 5776 pluribus
1660 5714 1787 5757 mss.

1068 5908 1097 5939 ι
