  <div class='ocr_page' id='page_1' title='image "/cluster/home/n/w/nwhite01/storage/ocr_20150623/30/nnc1.0046978810/372.png"; bbox 0 0 3802 6216; ppageno 0'>
   <div class='ocr_carea' id='block_1_1' title="bbox 165 282 259 339">
    <p class='ocr_par' dir='ltr' id='par_1_1' title="bbox 165 282 259 339">
     <span class='ocr_line' id='line_1_1' title="bbox 165 282 259 339; baseline -0.021 0"><span class='ocrx_word' id='word_1_1' title='bbox 165 282 259 339; x_wconf 80' lang='grc'><strong>701</strong></span> 
     </span>
    </p>
   </div>
   <div class='ocr_carea' id='block_1_2' title="bbox 1349 282 2184 342">
    <p class='ocr_par' dir='ltr' id='par_1_2' title="bbox 1349 282 2184 342">
     <span class='ocr_line' id='line_1_2' title="bbox 1349 282 2184 342; baseline 0.004 -3"><span class='ocrx_word' id='word_1_2' title='bbox 1349 284 1551 340; x_wconf 79' lang='lat' dir='ltr'><strong>LIBER</strong></span> <span class='ocrx_word' id='word_1_3' title='bbox 1589 283 1680 338; x_wconf 85' lang='lat' dir='ltr'><strong>DE</strong></span> <span class='ocrx_word' id='word_1_4' title='bbox 1715 282 2184 342; x_wconf 77' lang='lat' dir='ltr'><strong>VIRGINITATE.</strong></span> 
     </span>
    </p>
   </div>
   <div class='ocr_carea' id='block_1_3' title="bbox 3304 285 3413 344">
    <p class='ocr_par' dir='ltr' id='par_1_3' title="bbox 3304 285 3413 344">
     <span class='ocr_line' id='line_1_3' title="bbox 3304 285 3413 344; baseline 0.009 -1"><span class='ocrx_word' id='word_1_5' title='bbox 3304 285 3413 344; x_wconf 74' lang='lat'><strong>702</strong></span> 
     </span>
    </p>
   </div>
   <div class='ocr_carea' id='block_1_4' title="bbox 163 395 1735 473">
    <p class='ocr_par' dir='ltr' id='par_1_4' title="bbox 163 395 1719 473">
     <span class='ocr_line' id='line_1_4' title="bbox 163 395 1719 473; baseline 0.001 -19"><span class='ocrx_word' id='word_1_6' title='bbox 163 400 304 463; x_wconf 80' lang='grc' dir='ltr'>σθεὶς</span> <span class='ocrx_word' id='word_1_7' title='bbox 332 396 443 469; x_wconf 74' lang='lat'><strong>(46)</strong></span> <span class='ocrx_word' id='word_1_8' title='bbox 467 398 557 469; x_wconf 73' lang='grc' dir='ltr'><strong>βίᾳ</strong></span> <span class='ocrx_word' id='word_1_9' title='bbox 592 397 690 468; x_wconf 87' lang='grc' dir='ltr'><strong>τῆς</strong></span> <span class='ocrx_word' id='word_1_10' title='bbox 722 395 913 469; x_wconf 87' lang='grc' dir='ltr'>θύρας.</span> <span class='ocrx_word' id='word_1_11' title='bbox 937 397 970 468; x_wconf 81' lang='grc' dir='ltr'>ἢ</span> <span class='ocrx_word' id='word_1_12' title='bbox 992 396 1130 471; x_wconf 79' lang='grc' dir='ltr'>ἄλλῃ</span> <span class='ocrx_word' id='word_1_13' title='bbox 1143 399 1248 452; x_wconf 77' lang='grc' dir='ltr'>τινὶ</span> <span class='ocrx_word' id='word_1_14' title='bbox 1262 398 1429 473; x_wconf 85' lang='grc' dir='ltr'>τέχνῃ</span> <span class='ocrx_word' id='word_1_15' title='bbox 1454 400 1606 473; x_wconf 84' lang='grc' dir='ltr'>παρὰ</span> <span class='ocrx_word' id='word_1_16' title='bbox 1624 401 1719 455; x_wconf 81' lang='grc' dir='ltr'>τοῦ</span> 
     </span>
    </p>
   </div>
   <div class='ocr_carea' id='block_1_5' title="bbox 1849 395 3409 473">
    <p class='ocr_par' dir='ltr' id='par_1_5' title="bbox 1849 400 3409 472">
     <span class='ocr_line' id='line_1_5' title="bbox 1849 400 3409 472; baseline 0.003 -19"><span class='ocrx_word' id='word_1_17' title='bbox 1849 410 2050 467; x_wconf 69' lang='lat' dir='ltr'><strong>,us,aut</strong></span> <span class='ocrx_word' id='word_1_18' title='bbox 2084 403 2189 456; x_wconf 89' lang='lat' dir='ltr'><strong>alia</strong></span> <span class='ocrx_word' id='word_1_19' title='bbox 2212 400 2442 472; x_wconf 87' lang='lat' dir='ltr'><strong>quadam</strong></span> <span class='ocrx_word' id='word_1_20' title='bbox 2477 410 2593 456; x_wconf 89' lang='lat' dir='ltr'><strong>arte</strong></span> <span class='ocrx_word' id='word_1_21' title='bbox 2626 416 2654 454; x_wconf 85' lang='lat' dir='ltr'><strong>a</strong></span> <span class='ocrx_word' id='word_1_22' title='bbox 2685 400 2903 455; x_wconf 88' lang='lat' dir='ltr'><strong>domino</strong></span> <span class='ocrx_word' id='word_1_23' title='bbox 2929 401 3118 456; x_wconf 90' lang='lat' dir='ltr'><strong>domus</strong></span> <span class='ocrx_word' id='word_1_24' title='bbox 3139 400 3409 471; x_wconf 85' lang='lat' dir='ltr'><strong>repulsus,</strong></span> 
     </span>
    </p>
   </div>
   <div class='ocr_carea' id='block_1_6' title="bbox 160 488 1726 564">
    <p class='ocr_par' dir='ltr' id='par_1_6' title="bbox 160 488 1726 564">
     <span class='ocr_line' id='line_1_6' title="bbox 160 488 1726 564; baseline -0.003 -17"><span class='ocrx_word' id='word_1_25' title='bbox 160 491 412 548; x_wconf 80' lang='grc' dir='ltr'><strong>δεσπότου</strong></span> <span class='ocrx_word' id='word_1_26' title='bbox 434 490 534 560; x_wconf 89' lang='grc' dir='ltr'><strong>τῆς</strong></span> <span class='ocrx_word' id='word_1_27' title='bbox 556 489 734 552; x_wconf 80' lang='grc' dir='ltr'>οίκίας</span> <span class='ocrx_word' id='word_1_28' title='bbox 756 488 1054 552; x_wconf 74' lang='grc' dir='ltr'>ἀπωσθεὶς,</span> <span class='ocrx_word' id='word_1_29' title='bbox 1078 490 1344 561; x_wconf 84' lang='grc' dir='ltr'><strong>ἀλλαχόσε</strong></span> <span class='ocrx_word' id='word_1_30' title='bbox 1370 491 1637 563; x_wconf 80' lang='grc' dir='ltr'><strong>ἐτράπετο</strong></span> <span class='ocrx_word' id='word_1_31' title='bbox 1656 510 1668 523; x_wconf 71' lang='grc'><strong><em>⁸</em></strong></span> <span class='ocrx_word' id='word_1_32' title='bbox 1692 492 1726 564; x_wconf 81' lang='grc' dir='ltr'>ἢ</span> 
     </span>
    </p>
   </div>
   <div class='ocr_carea' id='block_1_7' title="bbox 163 579 1727 655">
    <p class='ocr_par' dir='ltr' id='par_1_7' title="bbox 163 579 1727 655">
     <span class='ocr_line' id='line_1_7' title="bbox 163 579 1727 655; baseline 0 -19"><span class='ocrx_word' id='word_1_33' title='bbox 163 584 364 654; x_wconf 78' lang='grc' dir='ltr'><strong>φθάσας</strong></span> <span class='ocrx_word' id='word_1_34' title='bbox 402 580 500 652; x_wconf 83' lang='grc' dir='ltr'>τὴν</span> <span class='ocrx_word' id='word_1_35' title='bbox 548 579 773 653; x_wconf 81' lang='grc' dir='ltr'>πρώτην</span> <span class='ocrx_word' id='word_1_36' title='bbox 822 580 1026 651; x_wconf 81' lang='grc' dir='ltr'>εὐπετῆ</span> <span class='ocrx_word' id='word_1_37' title='bbox 1080 581 1174 634; x_wconf 75' lang='grc' dir='ltr'>ἐπὶ</span> <span class='ocrx_word' id='word_1_38' title='bbox 1218 581 1288 635; x_wconf 83' lang='grc' dir='ltr'><strong>τά</strong></span> <span class='ocrx_word' id='word_1_39' title='bbox 1332 581 1440 636; x_wconf 75' lang='grc' dir='ltr'>ἔσω</span> <span class='ocrx_word' id='word_1_40' title='bbox 1494 581 1727 655; x_wconf 74' lang='grc' dir='ltr'>πάροδον</span> 
     </span>
    </p>
   </div>
   <div class='ocr_carea' id='block_1_8' title="bbox 165 671 1725 746">
    <p class='ocr_par' dir='ltr' id='par_1_8' title="bbox 165 671 1725 746">
     <span class='ocr_line' id='line_1_8' title="bbox 165 671 1725 746; baseline -0.001 -18"><span class='ocrx_word' id='word_1_41' title='bbox 165 678 302 746; x_wconf 85' lang='grc' dir='ltr'>σχεῖν</span> <span class='ocrx_word' id='word_1_42' title='bbox 342 674 478 744; x_wconf 65' lang='grc'><strong>(47),</strong></span> <span class='ocrx_word' id='word_1_43' title='bbox 518 673 612 727; x_wconf 73' lang='grc' dir='ltr'>καὶ</span> <span class='ocrx_word' id='word_1_44' title='bbox 649 672 708 725; x_wconf 72' lang='grc' dir='ltr'>ἓν</span> <span class='ocrx_word' id='word_1_45' title='bbox 750 689 803 725; x_wconf 90' lang='grc' dir='ltr'><strong>τι</strong></span> <span class='ocrx_word' id='word_1_46' title='bbox 832 671 943 725; x_wconf 89' lang='grc' dir='ltr'><strong>τῶν</strong></span> <span class='ocrx_word' id='word_1_47' title='bbox 986 671 1167 726; x_wconf 88' lang='grc' dir='ltr'>ὅπλων</span> <span class='ocrx_word' id='word_1_48' title='bbox 1208 671 1424 741; x_wconf 76' lang='grc' dir='ltr'>ἑαυτοῦ,</span> <span class='ocrx_word' id='word_1_49' title='bbox 1458 673 1659 744; x_wconf 88' lang='grc' dir='ltr'>λόγχην</span> <span class='ocrx_word' id='word_1_50' title='bbox 1692 673 1725 743; x_wconf 87' lang='grc' dir='ltr'>ἢ</span> 
     </span>
    </p>
   </div>
   <div class='ocr_carea' id='block_1_9' title="bbox 163 763 1730 838">
    <p class='ocr_par' dir='ltr' id='par_1_9' title="bbox 163 763 1730 838">
     <span class='ocr_line' id='line_1_9' title="bbox 163 763 1730 838; baseline -0.003 -16"><span class='ocrx_word' id='word_1_51' title='bbox 163 764 585 838; x_wconf 79' lang='grc' dir='ltr'><strong>περικεφαλαίαν</strong></span> <span class='ocrx_word' id='word_1_52' title='bbox 623 764 658 835; x_wconf 80' lang='grc' dir='ltr'>ἢ</span> <span class='ocrx_word' id='word_1_53' title='bbox 699 763 890 835; x_wconf 80' lang='grc' dir='ltr'>θυρεὸν</span> <span class='ocrx_word' id='word_1_54' title='bbox 935 764 1289 829; x_wconf 79' lang='grc' dir='ltr'><strong>καταθέσθαι,</strong></span> <span class='ocrx_word' id='word_1_55' title='bbox 1330 766 1433 820; x_wconf 82' lang='grc' dir='ltr'><strong>κάν</strong></span> <span class='ocrx_word' id='word_1_56' title='bbox 1483 766 1572 820; x_wconf 84' lang='grc' dir='ltr'>διὰ</span> <span class='ocrx_word' id='word_1_57' title='bbox 1603 767 1730 831; x_wconf 84' lang='grc' dir='ltr'>τοὺς</span> 
     </span>
    </p>
   </div>
   <div class='ocr_carea' id='block_1_10' title="bbox 162 854 1727 932">
    <p class='ocr_par' dir='ltr' id='par_1_10' title="bbox 162 854 1727 932">
     <span class='ocr_line' id='line_1_10' title="bbox 162 854 1727 932; baseline -0.002 -16"><span class='ocrx_word' id='word_1_58' title='bbox 162 860 402 932; x_wconf 78' lang='grc' dir='ltr'>ἑταίρους</span> <span class='ocrx_word' id='word_1_59' title='bbox 435 856 670 924; x_wconf 73' lang='grc' dir='ltr'>ἐξελθὼν</span> <span class='ocrx_word' id='word_1_60' title='bbox 705 856 810 921; x_wconf 75' lang='grc' dir='ltr'>ἔξω</span> <span class='ocrx_word' id='word_1_61' title='bbox 848 854 988 911; x_wconf 81' lang='grc' dir='ltr'>εἶναι</span> <span class='ocrx_word' id='word_1_62' title='bbox 1008 857 1138 928; x_wconf 86' lang='grc' dir='ltr'>δοκῇ</span> <span class='ocrx_word' id='word_1_63' title='bbox 1179 856 1314 930; x_wconf 71' lang='grc'><strong>(48),</strong></span> <span class='ocrx_word' id='word_1_64' title='bbox 1349 858 1497 912; x_wconf 80' lang='grc' dir='ltr'>ἔνδον</span> <span class='ocrx_word' id='word_1_65' title='bbox 1527 860 1644 912; x_wconf 76' lang='grc' dir='ltr'>ἐστὶ</span> <span class='ocrx_word' id='word_1_66' title='bbox 1661 861 1727 931; x_wconf 80' lang='grc' dir='ltr'>τῇ</span> 
     </span>
    </p>
   </div>
   <div class='ocr_carea' id='block_1_11' title="bbox 162 941 1731 1021">
    <p class='ocr_par' dir='ltr' id='par_1_11' title="bbox 162 941 1731 1021">
     <span class='ocr_line' id='line_1_11' title="bbox 162 941 1731 1021; baseline -0.002 -14"><span class='ocrx_word' id='word_1_67' title='bbox 162 953 375 1021; x_wconf 81' lang='grc' dir='ltr'><strong>δυνάμει</strong></span> <span class='ocrx_word' id='word_1_68' title='bbox 401 949 492 1005; x_wconf 82' lang='grc' dir='ltr'>διὰ</span> <span class='ocrx_word' id='word_1_69' title='bbox 514 947 608 1003; x_wconf 76' lang='grc' dir='ltr'><strong>τοῦ</strong></span> <span class='ocrx_word' id='word_1_70' title='bbox 647 949 813 1004; x_wconf 80' lang='grc' dir='ltr'>ὅπλου</span> <span class='ocrx_word' id='word_1_71' title='bbox 839 941 899 1003; x_wconf 72' lang='grc' dir='ltr'>οὗ</span> <span class='ocrx_word' id='word_1_72' title='bbox 929 948 1209 1014; x_wconf 87' lang='grc' dir='ltr'>κατέθετο,</span> <span class='ocrx_word' id='word_1_73' title='bbox 1239 950 1373 1004; x_wconf 73' lang='grc' dir='ltr'>ἰδίαν</span> <span class='ocrx_word' id='word_1_74' title='bbox 1402 951 1586 1004; x_wconf 83' lang='grc' dir='ltr'>λοιπὸν</span> <span class='ocrx_word' id='word_1_75' title='bbox 1631 952 1731 1021; x_wconf 85' lang='grc' dir='ltr'>τὴν</span> 
     </span>
    </p>
   </div>
   <div class='ocr_carea' id='block_1_12' title="bbox 162 1038 1729 1113">
    <p class='ocr_par' dir='ltr' id='par_1_12' title="bbox 162 1038 1729 1113">
     <span class='ocr_line' id='line_1_12' title="bbox 162 1038 1729 1113; baseline -0.001 -16"><span class='ocrx_word' id='word_1_76' title='bbox 162 1044 325 1099; x_wconf 79' lang='grc' dir='ltr'>οἰκίαν</span> <span class='ocrx_word' id='word_1_77' title='bbox 356 1041 452 1099; x_wconf 73' lang='grc' dir='ltr'><strong>καὶ</strong></span> <span class='ocrx_word' id='word_1_78' title='bbox 481 1038 676 1096; x_wconf 75' lang='grc' dir='ltr'>ἑαυτοῦ</span> <span class='ocrx_word' id='word_1_79' title='bbox 711 1040 937 1095; x_wconf 76' lang='grc' dir='ltr'>καὶτῶν</span> <span class='ocrx_word' id='word_1_80' title='bbox 977 1041 1231 1113; x_wconf 83' lang='grc' dir='ltr'>ἑταίρων,</span> <span class='ocrx_word' id='word_1_81' title='bbox 1259 1042 1352 1107; x_wconf 83' lang='grc' dir='ltr'><strong>οὒς</strong></span> <span class='ocrx_word' id='word_1_82' title='bbox 1381 1042 1499 1113; x_wconf 87' lang='grc' dir='ltr'>μεθ’</span> <span class='ocrx_word' id='word_1_83' title='bbox 1535 1041 1729 1097; x_wconf 79' lang='grc' dir='ltr'>ἑαυτοῦ</span> 
     </span>
    </p>
   </div>
   <div class='ocr_carea' id='block_1_13' title="bbox 164 1131 1733 1204">
    <p class='ocr_par' dir='ltr' id='par_1_13' title="bbox 164 1131 1733 1204">
     <span class='ocr_line' id='line_1_13' title="bbox 164 1131 1733 1204; baseline -0.001 -16"><span class='ocrx_word' id='word_1_84' title='bbox 164 1136 218 1188; x_wconf 83' lang='grc' dir='ltr'>οὐ</span> <span class='ocrx_word' id='word_1_85' title='bbox 244 1133 377 1204; x_wconf 86' lang='grc' dir='ltr'><strong>μετά</strong></span> <span class='ocrx_word' id='word_1_86' title='bbox 408 1131 544 1186; x_wconf 85' lang='grc' dir='ltr'>πολὺ</span> <span class='ocrx_word' id='word_1_87' title='bbox 575 1132 903 1203; x_wconf 83' lang='grc' dir='ltr'>είσῳκίσατο</span> <span class='ocrx_word' id='word_1_88' title='bbox 935 1134 1331 1204; x_wconf 84' lang='grc' dir='ltr'><strong>ποιησάμενος·</strong></span> <span class='ocrx_word' id='word_1_89' title='bbox 1373 1132 1547 1197; x_wconf 77' lang='grc' dir='ltr'>οὕτως</span> <span class='ocrx_word' id='word_1_90' title='bbox 1572 1135 1601 1186; x_wconf 88' lang='grc' dir='ltr'><strong>ό</strong></span> <span class='ocrx_word' id='word_1_91' title='bbox 1631 1133 1733 1203; x_wconf 87' lang='grc' dir='ltr'><strong>τῆς</strong></span> 
     </span>
    </p>
   </div>
   <div class='ocr_carea' id='block_1_14' title="bbox 168 1223 1732 1299">
    <p class='ocr_par' dir='ltr' id='par_1_14' title="bbox 168 1223 1732 1299">
     <span class='ocr_line' id='line_1_14' title="bbox 168 1223 1732 1299; baseline -0.001 -20"><span class='ocrx_word' id='word_1_92' title='bbox 168 1225 345 1299; x_wconf 70' lang='grc' dir='ltr'>ἡδονῆς</span> <span class='ocrx_word' id='word_1_93' title='bbox 411 1226 511 1279; x_wconf 79' lang='grc' dir='ltr'>καὶ</span> <span class='ocrx_word' id='word_1_94' title='bbox 568 1224 845 1295; x_wconf 82' lang='grc' dir='ltr'>ἁμαρτίας</span> <span class='ocrx_word' id='word_1_95' title='bbox 894 1223 1066 1288; x_wconf 87' lang='grc' dir='ltr'>δεινὸς</span> <span class='ocrx_word' id='word_1_96' title='bbox 1130 1224 1506 1296; x_wconf 82' lang='grc' dir='ltr'><strong>στρατιώτης,</strong></span> <span class='ocrx_word' id='word_1_97' title='bbox 1556 1224 1732 1278; x_wconf 74' lang='grc' dir='ltr'>οἰκίαν</span> 
     </span>
    </p>
   </div>
   <div class='ocr_carea' id='block_1_15' title="bbox 164 1315 1732 1390">
    <p class='ocr_par' dir='ltr' id='par_1_15' title="bbox 164 1315 1732 1390">
     <span class='ocr_line' id='line_1_15' title="bbox 164 1315 1732 1390; baseline -0.003 -15"><span class='ocrx_word' id='word_1_98' title='bbox 164 1318 329 1390; x_wconf 76' lang='grc' dir='ltr'>ἑαυτῷ</span> <span class='ocrx_word' id='word_1_99' title='bbox 356 1319 414 1371; x_wconf 81' lang='grc' dir='ltr'>ὲν</span> <span class='ocrx_word' id='word_1_100' title='bbox 471 1317 661 1388; x_wconf 83' lang='grc' dir='ltr'>κύκλῳ</span> <span class='ocrx_word' id='word_1_101' title='bbox 693 1315 892 1388; x_wconf 77' lang='grc' dir='ltr'>ζητῶν,</span> <span class='ocrx_word' id='word_1_102' title='bbox 926 1317 960 1387; x_wconf 81' lang='grc' dir='ltr'>ἢ</span> <span class='ocrx_word' id='word_1_103' title='bbox 988 1318 1087 1390; x_wconf 81' lang='grc' dir='ltr'>τὴν</span> <span class='ocrx_word' id='word_1_104' title='bbox 1127 1315 1350 1389; x_wconf 82' lang='grc' dir='ltr'>πρώτην</span> <span class='ocrx_word' id='word_1_105' title='bbox 1382 1317 1589 1371; x_wconf 74' lang='grc' dir='ltr'>εἴσοδον</span> <span class='ocrx_word' id='word_1_106' title='bbox 1626 1319 1732 1370; x_wconf 87' lang='grc' dir='ltr'>άπ-</span> 
     </span>
    </p>
   </div>
   <div class='ocr_carea' id='block_1_16' title="bbox 164 1407 1732 1481">
    <p class='ocr_par' dir='ltr' id='par_1_16' title="bbox 164 1407 1732 1481">
     <span class='ocr_line' id='line_1_16' title="bbox 164 1407 1732 1481; baseline -0.004 -15"><span class='ocrx_word' id='word_1_107' title='bbox 164 1410 400 1481; x_wconf 84' lang='grc' dir='ltr'>εκλείσθη</span> <span class='ocrx_word' id='word_1_108' title='bbox 435 1409 533 1464; x_wconf 77' lang='grc' dir='ltr'><strong>καὶ</strong></span> <span class='ocrx_word' id='word_1_109' title='bbox 582 1407 847 1479; x_wconf 87' lang='grc' dir='ltr'>ἀλλαχόσε</span> <span class='ocrx_word' id='word_1_110' title='bbox 870 1408 1169 1481; x_wconf 76' lang='grc' dir='ltr'>ἐτράπετοο</span> <span class='ocrx_word' id='word_1_111' title='bbox 1204 1408 1239 1480; x_wconf 80' lang='grc' dir='ltr'>ἢ</span> <span class='ocrx_word' id='word_1_112' title='bbox 1272 1409 1483 1478; x_wconf 81' lang='grc' dir='ltr'>φθάσας</span> <span class='ocrx_word' id='word_1_113' title='bbox 1528 1407 1732 1479; x_wconf 84' lang='grc' dir='ltr'>εὐπετῆ</span> 
     </span>
    </p>
   </div>
   <div class='ocr_carea' id='block_1_17' title="bbox 165 1497 1733 1573">
    <p class='ocr_par' dir='ltr' id='par_1_17' title="bbox 165 1497 1733 1573">
     <span class='ocr_line' id='line_1_17' title="bbox 165 1497 1733 1573; baseline -0.002 -19"><span class='ocrx_word' id='word_1_114' title='bbox 165 1502 245 1556; x_wconf 78' lang='grc' dir='ltr'>διὰ</span> <span class='ocrx_word' id='word_1_115' title='bbox 269 1501 374 1555; x_wconf 91' lang='grc' dir='ltr'><strong>τῶν</strong></span> <span class='ocrx_word' id='word_1_116' title='bbox 403 1500 713 1573; x_wconf 80' lang='grc' dir='ltr'>αἰσθήσεων</span> <span class='ocrx_word' id='word_1_117' title='bbox 741 1498 839 1569; x_wconf 79' lang='grc' dir='ltr'>τὴν</span> <span class='ocrx_word' id='word_1_118' title='bbox 867 1498 1090 1571; x_wconf 77' lang='grc' dir='ltr'>πρώτην</span> <span class='ocrx_word' id='word_1_119' title='bbox 1128 1498 1221 1552; x_wconf 74' lang='grc' dir='ltr'>ἐπὶ</span> <span class='ocrx_word' id='word_1_120' title='bbox 1252 1498 1322 1551; x_wconf 88' lang='grc' dir='ltr'><strong>τά</strong></span> <span class='ocrx_word' id='word_1_121' title='bbox 1366 1497 1475 1552; x_wconf 79' lang='grc' dir='ltr'>ἔσω</span> <span class='ocrx_word' id='word_1_122' title='bbox 1504 1497 1733 1570; x_wconf 85' lang='grc' dir='ltr'>πάροδον</span> 
     </span>
    </p>
   </div>
   <div class='ocr_carea' id='block_1_18' title="bbox 167 1588 1735 1662">
    <p class='ocr_par' dir='ltr' id='par_1_18' title="bbox 167 1588 1735 1662">
     <span class='ocr_line' id='line_1_18' title="bbox 167 1588 1735 1662; baseline -0.002 -18"><span class='ocrx_word' id='word_1_123' title='bbox 167 1594 322 1662; x_wconf 85' lang='grc' dir='ltr'>σχεῖν,</span> <span class='ocrx_word' id='word_1_124' title='bbox 340 1592 435 1646; x_wconf 69' lang='grc' dir='ltr'><strong>καὶ</strong></span> <span class='ocrx_word' id='word_1_125' title='bbox 451 1589 512 1644; x_wconf 77' lang='grc' dir='ltr'>ἓν</span> <span class='ocrx_word' id='word_1_126' title='bbox 554 1608 609 1644; x_wconf 91' lang='grc' dir='ltr'><strong>τι</strong></span> <span class='ocrx_word' id='word_1_127' title='bbox 638 1590 747 1643; x_wconf 89' lang='grc' dir='ltr'><strong>τῶν</strong></span> <span class='ocrx_word' id='word_1_128' title='bbox 769 1590 948 1644; x_wconf 87' lang='grc' dir='ltr'>ὅπλων</span> <span class='ocrx_word' id='word_1_129' title='bbox 975 1589 1167 1645; x_wconf 79' lang='grc' dir='ltr'>ἑαυτοῦ</span> <span class='ocrx_word' id='word_1_130' title='bbox 1188 1590 1318 1661; x_wconf 62' lang='grc'><strong>(49),</strong></span> <span class='ocrx_word' id='word_1_131' title='bbox 1335 1589 1433 1660; x_wconf 79' lang='grc' dir='ltr'><strong>τὴν</strong></span> <span class='ocrx_word' id='word_1_132' title='bbox 1452 1588 1546 1643; x_wconf 79' lang='grc' dir='ltr'>τοῦ</span> <span class='ocrx_word' id='word_1_133' title='bbox 1570 1588 1735 1659; x_wconf 85' lang='grc' dir='ltr'>βλέμ-</span> 
     </span>
    </p>
   </div>
   <div class='ocr_carea' id='block_1_19' title="bbox 168 1680 1735 1755">
    <p class='ocr_par' dir='ltr' id='par_1_19' title="bbox 168 1680 1735 1755">
     <span class='ocr_line' id='line_1_19' title="bbox 168 1680 1735 1755; baseline -0.002 -19"><span class='ocrx_word' id='word_1_134' title='bbox 168 1701 324 1755; x_wconf 81' lang='grc' dir='ltr'>ματος</span> <span class='ocrx_word' id='word_1_135' title='bbox 369 1682 575 1754; x_wconf 82' lang='grc' dir='ltr'>λόγχην</span> <span class='ocrx_word' id='word_1_136' title='bbox 625 1683 789 1754; x_wconf 81' lang='grc' dir='ltr'>φημὶ,</span> <span class='ocrx_word' id='word_1_137' title='bbox 839 1682 928 1736; x_wconf 78' lang='grc' dir='ltr'><strong>διὰ</strong></span> <span class='ocrx_word' id='word_1_138' title='bbox 971 1682 1080 1735; x_wconf 90' lang='grc' dir='ltr'><strong>τῶν</strong></span> <span class='ocrx_word' id='word_1_139' title='bbox 1123 1680 1415 1752; x_wconf 74' lang='grc' dir='ltr'>ὀφθαλμῶν</span> <span class='ocrx_word' id='word_1_140' title='bbox 1463 1680 1735 1753; x_wconf 83' lang='grc' dir='ltr'>μακρόθεν</span> 
     </span>
    </p>
   </div>
   <div class='ocr_carea' id='block_1_20' title="bbox 164 1771 1735 1847">
    <p class='ocr_par' dir='ltr' id='par_1_20' title="bbox 164 1771 1735 1847">
     <span class='ocr_line' id='line_1_20' title="bbox 164 1771 1735 1847; baseline -0.004 -16"><span class='ocrx_word' id='word_1_141' title='bbox 164 1774 581 1847; x_wconf 83' lang='grc' dir='ltr'>τιτρώσκουσαν,</span> <span class='ocrx_word' id='word_1_142' title='bbox 608 1775 659 1846; x_wconf 82' lang='grc' dir='ltr'><strong>¹ἢ</strong></span> <span class='ocrx_word' id='word_1_143' title='bbox 707 1775 769 1829; x_wconf 85' lang='grc' dir='ltr'><strong>τὸ</strong></span> <span class='ocrx_word' id='word_1_144' title='bbox 815 1773 1014 1844; x_wconf 84' lang='grc' dir='ltr'>κράνος</span> <span class='ocrx_word' id='word_1_145' title='bbox 1064 1772 1166 1844; x_wconf 88' lang='grc' dir='ltr'><strong>τῆς</strong></span> <span class='ocrx_word' id='word_1_146' title='bbox 1202 1773 1395 1843; x_wconf 77' lang='grc' dir='ltr'>ἡδονῆς</span> <span class='ocrx_word' id='word_1_147' title='bbox 1434 1771 1526 1825; x_wconf 85' lang='grc' dir='ltr'><strong>τὸν</strong></span> <span class='ocrx_word' id='word_1_148' title='bbox 1565 1772 1735 1842; x_wconf 82' lang='grc' dir='ltr'>γόητα</span> 
     </span>
    </p>
   </div>
   <div class='ocr_carea' id='block_1_21' title="bbox 166 1862 1735 1935">
    <p class='ocr_par' dir='ltr' id='par_1_21' title="bbox 166 1862 1735 1935">
     <span class='ocr_line' id='line_1_21' title="bbox 166 1862 1735 1935; baseline 0.001 -19"><span class='ocrx_word' id='word_1_149' title='bbox 166 1864 309 1933; x_wconf 87' lang='grc' dir='ltr'>λόγον</span> <span class='ocrx_word' id='word_1_150' title='bbox 333 1863 422 1918; x_wconf 85' lang='grc' dir='ltr'><strong>διὰ</strong></span> <span class='ocrx_word' id='word_1_151' title='bbox 451 1865 554 1935; x_wconf 89' lang='grc' dir='ltr'><strong>τῆς</strong></span> <span class='ocrx_word' id='word_1_152' title='bbox 590 1864 780 1934; x_wconf 87' lang='grc' dir='ltr'>ἀκοῆς,</span> <span class='ocrx_word' id='word_1_153' title='bbox 817 1864 850 1932; x_wconf 77' lang='grc' dir='ltr'>ἢ</span> <span class='ocrx_word' id='word_1_154' title='bbox 880 1863 1067 1934; x_wconf 89' lang='grc' dir='ltr'>ῶσπερ</span> <span class='ocrx_word' id='word_1_155' title='bbox 1108 1863 1229 1917; x_wconf 80' lang='grc' dir='ltr'>τινὰ</span> <span class='ocrx_word' id='word_1_156' title='bbox 1253 1862 1470 1933; x_wconf 78' lang='grc' dir='ltr'>θυρεὸν,</span> <span class='ocrx_word' id='word_1_157' title='bbox 1517 1863 1617 1935; x_wconf 83' lang='grc' dir='ltr'><strong>τὴν</strong></span> <span class='ocrx_word' id='word_1_158' title='bbox 1646 1862 1735 1917; x_wconf 75' lang='grc' dir='ltr'>διὰ</span> 
     </span>
    </p>
   </div>
   <div class='ocr_carea' id='block_1_22' title="bbox 167 1952 1735 2026">
    <p class='ocr_par' dir='ltr' id='par_1_22' title="bbox 167 1952 1735 2026">
     <span class='ocr_line' id='line_1_22' title="bbox 167 1952 1735 2026; baseline 0 -19"><span class='ocrx_word' id='word_1_159' title='bbox 167 1954 265 2007; x_wconf 86' lang='grc' dir='ltr'><strong>τῶν</strong></span> <span class='ocrx_word' id='word_1_160' title='bbox 290 1954 488 2026; x_wconf 90' lang='grc' dir='ltr'>χειρῶν</span> <span class='ocrx_word' id='word_1_161' title='bbox 517 1954 641 2008; x_wconf 87' lang='grc' dir='ltr'>ὅλον</span> <span class='ocrx_word' id='word_1_162' title='bbox 676 1954 738 2007; x_wconf 85' lang='grc' dir='ltr'><strong>τὸ</strong></span> <span class='ocrx_word' id='word_1_163' title='bbox 773 1954 932 2025; x_wconf 89' lang='grc' dir='ltr'>σῶμα</span> <span class='ocrx_word' id='word_1_164' title='bbox 968 1953 1104 2026; x_wconf 87' lang='grc' dir='ltr'>πρὸς</span> <span class='ocrx_word' id='word_1_165' title='bbox 1150 1952 1341 2025; x_wconf 79' lang='grc' dir='ltr'>ἡδονὴν</span> <span class='ocrx_word' id='word_1_166' title='bbox 1374 1952 1735 2022; x_wconf 83' lang='grc' dir='ltr'>συγκινοῢσαν</span> 
     </span>
    </p>
   </div>
   <div class='ocr_carea' id='block_1_23' title="bbox 169 2039 1732 2115">
    <p class='ocr_par' dir='ltr' id='par_1_23' title="bbox 169 2039 1732 2115">
     <span class='ocr_line' id='line_1_23' title="bbox 169 2039 1732 2115; baseline -0.001 -18"><span class='ocrx_word' id='word_1_167' title='bbox 169 2043 299 2115; x_wconf 76' lang='grc' dir='ltr'>ἁφὴν</span> <span class='ocrx_word' id='word_1_168' title='bbox 341 2047 398 2097; x_wconf 82' lang='grc' dir='ltr'>ὲν</span> <span class='ocrx_word' id='word_1_169' title='bbox 433 2043 583 2115; x_wconf 82' lang='grc' dir='ltr'>ψυχῇ</span> <span class='ocrx_word' id='word_1_170' title='bbox 628 2043 994 2107; x_wconf 78' lang='grc' dir='ltr'>καταθέσθαι,</span> <span class='ocrx_word' id='word_1_171' title='bbox 1041 2045 1146 2098; x_wconf 82' lang='grc' dir='ltr'>κᾶν</span> <span class='ocrx_word' id='word_1_172' title='bbox 1187 2042 1291 2107; x_wconf 78' lang='grc' dir='ltr'>ἔξω</span> <span class='ocrx_word' id='word_1_173' title='bbox 1328 2043 1458 2113; x_wconf 82' lang='grc' dir='ltr'>δοκῇ</span> <span class='ocrx_word' id='word_1_174' title='bbox 1489 2039 1627 2095; x_wconf 83' lang='grc' dir='ltr'>εἶναι</span> <span class='ocrx_word' id='word_1_175' title='bbox 1667 2045 1732 2114; x_wconf 82' lang='grc' dir='ltr'>τῇ</span> 
     </span>
    </p>
   </div>
   <div class='ocr_carea' id='block_1_24' title="bbox 169 2135 1732 2209">
    <p class='ocr_par' dir='ltr' id='par_1_24' title="bbox 169 2135 1732 2209">
     <span class='ocr_line' id='line_1_24' title="bbox 169 2135 1732 2209; baseline -0.001 -20"><span class='ocrx_word' id='word_1_176' title='bbox 169 2137 385 2208; x_wconf 73' lang='grc' dir='ltr'>ἐργασίᾳ</span> <span class='ocrx_word' id='word_1_177' title='bbox 424 2138 523 2209; x_wconf 88' lang='grc' dir='ltr'><strong>τῆς</strong></span> <span class='ocrx_word' id='word_1_178' title='bbox 568 2136 844 2207; x_wconf 84' lang='grc' dir='ltr'>ἁμαρτίας</span> <span class='ocrx_word' id='word_1_179' title='bbox 893 2135 1120 2206; x_wconf 80' lang='grc' dir='ltr'>μηδέπω</span> <span class='ocrx_word' id='word_1_180' title='bbox 1168 2135 1396 2207; x_wconf 86' lang='grc' dir='ltr'>φθείρας</span> <span class='ocrx_word' id='word_1_181' title='bbox 1438 2136 1501 2189; x_wconf 83' lang='grc' dir='ltr'>τὸ</span> <span class='ocrx_word' id='word_1_182' title='bbox 1553 2135 1732 2206; x_wconf 87' lang='grc' dir='ltr'>σῶμα,</span> 
     </span>
    </p>
   </div>
   <div class='ocr_carea' id='block_1_25' title="bbox 170 2226 1733 2300">
    <p class='ocr_par' dir='ltr' id='par_1_25' title="bbox 170 2226 1733 2300">
     <span class='ocr_line' id='line_1_25' title="bbox 170 2226 1733 2300; baseline -0.002 -16"><span class='ocrx_word' id='word_1_183' title='bbox 170 2230 272 2283; x_wconf 81' lang='grc' dir='ltr'>ἀλλ’</span> <span class='ocrx_word' id='word_1_184' title='bbox 293 2229 434 2283; x_wconf 77' lang='grc' dir='ltr'>ἔνδον</span> <span class='ocrx_word' id='word_1_185' title='bbox 455 2228 573 2282; x_wconf 77' lang='grc' dir='ltr'>ἐστὶ</span> <span class='ocrx_word' id='word_1_186' title='bbox 596 2231 663 2300; x_wconf 86' lang='grc' dir='ltr'>τῇ</span> <span class='ocrx_word' id='word_1_187' title='bbox 684 2228 933 2298; x_wconf 85' lang='grc' dir='ltr'>δυνάμει,</span> <span class='ocrx_word' id='word_1_188' title='bbox 976 2226 1065 2280; x_wconf 84' lang='grc' dir='ltr'><strong>διά</strong></span> <span class='ocrx_word' id='word_1_189' title='bbox 1092 2227 1186 2280; x_wconf 81' lang='grc' dir='ltr'>τοῦ</span> <span class='ocrx_word' id='word_1_190' title='bbox 1222 2227 1546 2291; x_wconf 88' lang='grc' dir='ltr'>καταθέντος</span> <span class='ocrx_word' id='word_1_191' title='bbox 1569 2228 1733 2282; x_wconf 80' lang='grc' dir='ltr'>ὅπλου</span> 
     </span>
    </p>
   </div>
   <div class='ocr_carea' id='block_1_26' title="bbox 172 2319 1735 2393">
    <p class='ocr_par' dir='ltr' id='par_1_26' title="bbox 172 2319 1735 2393">
     <span class='ocr_line' id='line_1_26' title="bbox 172 2319 1735 2393; baseline -0.001 -18"><span class='ocrx_word' id='word_1_192' title='bbox 172 2322 389 2393; x_wconf 82' lang='grc' dir='ltr'>φθείρων</span> <span class='ocrx_word' id='word_1_193' title='bbox 417 2322 511 2375; x_wconf 86' lang='grc' dir='ltr'><strong>τὸν</strong></span> <span class='ocrx_word' id='word_1_194' title='bbox 547 2319 671 2377; x_wconf 81' lang='grc' dir='ltr'>νοῦν</span> <span class='ocrx_word' id='word_1_195' title='bbox 693 2338 706 2352; x_wconf 78' lang='grc'><em>’</em></span> <span class='ocrx_word' id='word_1_196' title='bbox 754 2321 847 2375; x_wconf 79' lang='grc' dir='ltr'><strong>καὶ</strong></span> <span class='ocrx_word' id='word_1_197' title='bbox 884 2319 984 2391; x_wconf 86' lang='grc' dir='ltr'><strong>τῆς</strong></span> <span class='ocrx_word' id='word_1_198' title='bbox 1020 2320 1153 2383; x_wconf 87' lang='grc' dir='ltr'>ἰδίας</span> <span class='ocrx_word' id='word_1_199' title='bbox 1186 2319 1372 2372; x_wconf 79' lang='grc' dir='ltr'>λοιπὸν</span> <span class='ocrx_word' id='word_1_200' title='bbox 1416 2321 1611 2392; x_wconf 83' lang='grc' dir='ltr'>ἡδονῆς</span> <span class='ocrx_word' id='word_1_201' title='bbox 1639 2321 1735 2374; x_wconf 76' lang='grc' dir='ltr'><strong>καὶ</strong></span> 
     </span>
    </p>
   </div>
   <div class='ocr_carea' id='block_1_27' title="bbox 169 2409 1733 2484">
    <p class='ocr_par' dir='ltr' id='par_1_27' title="bbox 169 2409 1733 2484">
     <span class='ocr_line' id='line_1_27' title="bbox 169 2409 1733 2484; baseline -0.001 -17"><span class='ocrx_word' id='word_1_202' title='bbox 169 2413 265 2468; x_wconf 86' lang='grc' dir='ltr'><strong>τῶν</strong></span> <span class='ocrx_word' id='word_1_203' title='bbox 294 2413 523 2484; x_wconf 83' lang='grc' dir='ltr'>ἑταίρων</span> <span class='ocrx_word' id='word_1_204' title='bbox 557 2412 667 2482; x_wconf 82' lang='lat'><strong>(50)</strong></span> <span class='ocrx_word' id='word_1_205' title='bbox 694 2409 857 2465; x_wconf 79' lang='grc' dir='ltr'>αὐτοῦ</span> <span class='ocrx_word' id='word_1_206' title='bbox 893 2410 1101 2475; x_wconf 90' lang='grc' dir='ltr'>παθῶν,</span> <span class='ocrx_word' id='word_1_207' title='bbox 1126 2410 1303 2464; x_wconf 77' lang='grc' dir='ltr'>οἰκίαν</span> <span class='ocrx_word' id='word_1_208' title='bbox 1333 2410 1608 2482; x_wconf 77' lang='grc' dir='ltr'>ἐξαίρετον</span> <span class='ocrx_word' id='word_1_209' title='bbox 1635 2412 1733 2481; x_wconf 81' lang='grc' dir='ltr'><strong>τὴν</strong></span> 
     </span>
    </p>
   </div>
   <div class='ocr_carea' id='block_1_28' title="bbox 169 2500 1734 2575">
    <p class='ocr_par' dir='ltr' id='par_1_28' title="bbox 169 2500 1734 2575">
     <span class='ocr_line' id='line_1_28' title="bbox 169 2500 1734 2575; baseline 0 -19"><span class='ocrx_word' id='word_1_210' title='bbox 169 2504 451 2575; x_wconf 82' lang='grc' dir='ltr'>δεξαμένην</span> <span class='ocrx_word' id='word_1_211' title='bbox 495 2503 557 2557; x_wconf 74' lang='grc' dir='ltr'>ἓν</span> <span class='ocrx_word' id='word_1_212' title='bbox 596 2520 649 2556; x_wconf 90' lang='grc' dir='ltr'><strong>τι</strong></span> <span class='ocrx_word' id='word_1_213' title='bbox 687 2502 893 2556; x_wconf 90' lang='grc' dir='ltr'>τούτων</span> <span class='ocrx_word' id='word_1_214' title='bbox 927 2500 1103 2572; x_wconf 72' lang='grc' dir='ltr'>ψυχὴν</span> <span class='ocrx_word' id='word_1_215' title='bbox 1138 2502 1524 2572; x_wconf 87' lang='grc' dir='ltr'>ποιησάμενος.</span> <span class='ocrx_word' id='word_1_216' title='bbox 1571 2504 1734 2556; x_wconf 79' lang='grc' dir='ltr'>Ἀπο-</span> 
     </span>
    </p>
   </div>
   <div class='ocr_carea' id='block_1_29' title="bbox 171 2589 1733 2666">
    <p class='ocr_par' dir='ltr' id='par_1_29' title="bbox 171 2589 1733 2666">
     <span class='ocr_line' id='line_1_29' title="bbox 171 2589 1733 2666; baseline 0 -18"><span class='ocrx_word' id='word_1_217' title='bbox 171 2595 426 2649; x_wconf 84' lang='grc' dir='ltr'>κλειστέον</span> <span class='ocrx_word' id='word_1_218' title='bbox 455 2589 552 2649; x_wconf 79' lang='grc' dir='ltr'><strong>οὖν</strong></span> <span class='ocrx_word' id='word_1_219' title='bbox 579 2593 677 2666; x_wconf 85' lang='grc' dir='ltr'><strong>τὴν</strong></span> <span class='ocrx_word' id='word_1_220' title='bbox 702 2592 927 2664; x_wconf 84' lang='grc' dir='ltr'>πρώτην</span> <span class='ocrx_word' id='word_1_221' title='bbox 966 2593 1054 2646; x_wconf 81' lang='grc' dir='ltr'>διὰ</span> <span class='ocrx_word' id='word_1_222' title='bbox 1092 2592 1201 2646; x_wconf 89' lang='grc' dir='ltr'><strong>τῶν</strong></span> <span class='ocrx_word' id='word_1_223' title='bbox 1245 2594 1548 2664; x_wconf 80' lang='grc' dir='ltr'>αἰσθήσεων</span> <span class='ocrx_word' id='word_1_224' title='bbox 1590 2594 1733 2666; x_wconf 87' lang='grc' dir='ltr'>πάρ-</span> 
     </span>
    </p>
   </div>
   <div class='ocr_carea' id='block_1_30' title="bbox 169 2682 1736 2757">
    <p class='ocr_par' dir='ltr' id='par_1_30' title="bbox 169 2682 1736 2757">
     <span class='ocr_line' id='line_1_30' title="bbox 169 2682 1736 2757; baseline 0 -18"><span class='ocrx_word' id='word_1_225' title='bbox 169 2685 272 2739; x_wconf 83' lang='grc' dir='ltr'>οδον</span> <span class='ocrx_word' id='word_1_226' title='bbox 295 2686 370 2757; x_wconf 79' lang='grc' dir='ltr'><strong>τῷ</strong></span> <span class='ocrx_word' id='word_1_227' title='bbox 395 2684 496 2756; x_wconf 87' lang='grc' dir='ltr'><strong>τῆς</strong></span> <span class='ocrx_word' id='word_1_228' title='bbox 530 2684 731 2757; x_wconf 87' lang='grc' dir='ltr'>σαρκὸς</span> <span class='ocrx_word' id='word_1_229' title='bbox 757 2682 1081 2756; x_wconf 81' lang='grc' dir='ltr'>στρατιώτῃ,</span> <span class='ocrx_word' id='word_1_230' title='bbox 1115 2682 1366 2755; x_wconf 87' lang='grc' dir='ltr'>καθάπερ</span> <span class='ocrx_word' id='word_1_231' title='bbox 1390 2685 1557 2756; x_wconf 82' lang='grc' dir='ltr'>θύρας</span> <span class='ocrx_word' id='word_1_232' title='bbox 1582 2686 1615 2755; x_wconf 82' lang='grc' dir='ltr'>ἢ</span> <span class='ocrx_word' id='word_1_233' title='bbox 1643 2685 1736 2740; x_wconf 90' lang='grc' dir='ltr'>θυ-</span> 
     </span>
    </p>
   </div>
   <div class='ocr_carea' id='block_1_31' title="bbox 172 2774 1735 2850">
    <p class='ocr_par' dir='ltr' id='par_1_31' title="bbox 172 2774 1735 2850">
     <span class='ocr_line' id='line_1_31' title="bbox 172 2774 1735 2850; baseline 0.001 -21"><span class='ocrx_word' id='word_1_234' title='bbox 172 2777 329 2848; x_wconf 81' lang='grc' dir='ltr'>ρίδας,</span> <span class='ocrx_word' id='word_1_235' title='bbox 368 2776 485 2849; x_wconf 86' lang='grc' dir='ltr'><strong>τάς</strong></span> <span class='ocrx_word' id='word_1_236' title='bbox 533 2775 817 2847; x_wconf 80' lang='grc' dir='ltr'>αἰσθήσεις</span> <span class='ocrx_word' id='word_1_237' title='bbox 858 2774 1194 2846; x_wconf 74' lang='grc' dir='ltr'>πανταχόθεν</span> <span class='ocrx_word' id='word_1_238' title='bbox 1238 2778 1349 2840; x_wconf 84' lang='grc' dir='ltr'>τοῖς</span> <span class='ocrx_word' id='word_1_239' title='bbox 1394 2775 1493 2846; x_wconf 88' lang='grc' dir='ltr'><strong>τῆς</strong></span> <span class='ocrx_word' id='word_1_240' title='bbox 1537 2794 1735 2850; x_wconf 86' lang='grc' dir='ltr'>καρτε-</span> 
     </span>
    </p>
   </div>
   <div class='ocr_carea' id='block_1_32' title="bbox 174 2863 1733 2940">
    <p class='ocr_par' dir='ltr' id='par_1_32' title="bbox 174 2863 1733 2940">
     <span class='ocr_line' id='line_1_32' title="bbox 174 2863 1733 2940; baseline -0.001 -19"><span class='ocrx_word' id='word_1_241' title='bbox 174 2868 280 2939; x_wconf 84' lang='grc' dir='ltr'>ρίας</span> <span class='ocrx_word' id='word_1_242' title='bbox 309 2869 415 2940; x_wconf 78' lang='grc'><strong>(51)</strong></span> <span class='ocrx_word' id='word_1_243' title='bbox 446 2866 666 2940; x_wconf 84' lang='grc' dir='ltr'>μοχλοῖς</span> <span class='ocrx_word' id='word_1_244' title='bbox 684 2863 1068 2938; x_wconf 74' lang='grc' dir='ltr'>ἐπερείδουσαν</span> <span class='ocrx_word' id='word_1_245' title='bbox 1090 2881 1102 2893; x_wconf 90' lang='grc'><strong>·</strong></span> <span class='ocrx_word' id='word_1_246' title='bbox 1129 2866 1215 2919; x_wconf 81' lang='grc' dir='ltr'><strong>ἵνα</strong></span> <span class='ocrx_word' id='word_1_247' title='bbox 1237 2867 1310 2938; x_wconf 85' lang='grc' dir='ltr'>μὴ</span> <span class='ocrx_word' id='word_1_248' title='bbox 1339 2865 1427 2919; x_wconf 87' lang='grc' dir='ltr'><strong>διά</strong></span> <span class='ocrx_word' id='word_1_249' title='bbox 1452 2868 1579 2937; x_wconf 82' lang='grc' dir='ltr'>μιᾶς</span> <span class='ocrx_word' id='word_1_250' title='bbox 1601 2865 1733 2935; x_wconf 84' lang='grc' dir='ltr'>γοῦν</span> 
     </span>
    </p>
   </div>
   <div class='ocr_carea' id='block_1_33' title="bbox 170 2958 1732 3030">
    <p class='ocr_par' dir='ltr' id='par_1_33' title="bbox 170 2958 1732 3030">
     <span class='ocr_line' id='line_1_33' title="bbox 170 2958 1732 3030; baseline 0.001 -16"><span class='ocrx_word' id='word_1_251' title='bbox 170 2979 299 3025; x_wconf 89' lang='grc' dir='ltr'>τινος</span> <span class='ocrx_word' id='word_1_252' title='bbox 331 2962 533 3023; x_wconf 83' lang='grc' dir='ltr'>τούτων</span> <span class='ocrx_word' id='word_1_253' title='bbox 562 2958 996 3030; x_wconf 84' lang='grc' dir='ltr'>πανουργότερον</span> <span class='ocrx_word' id='word_1_254' title='bbox 1029 2959 1257 3022; x_wconf 78' lang='grc' dir='ltr'>ἀναϐὰς,</span> <span class='ocrx_word' id='word_1_255' title='bbox 1298 2960 1395 3013; x_wconf 81' lang='grc' dir='ltr'><strong>σὺν</strong></span> <span class='ocrx_word' id='word_1_256' title='bbox 1435 2958 1613 3029; x_wconf 81' lang='grc' dir='ltr'>ἑαυτῷ</span> <span class='ocrx_word' id='word_1_257' title='bbox 1641 2959 1732 3016; x_wconf 82' lang='grc' dir='ltr'><strong>τὸν</strong></span> 
     </span>
    </p>
   </div>
   <div class='ocr_carea' id='block_1_34' title="bbox 178 3049 1806 3152">
    <p class='ocr_par' dir='ltr' id='par_1_34' title="bbox 178 3049 1806 3152">
     <span class='ocr_line' id='line_1_34' title="bbox 178 3049 1806 3152; baseline -0.001 -46"><span class='ocrx_word' id='word_1_258' title='bbox 178 3053 386 3109; x_wconf 85' lang='grc' dir='ltr'>θάνατον</span> <span class='ocrx_word' id='word_1_259' title='bbox 416 3055 634 3125; x_wconf 79' lang='grc' dir='ltr'>ἑταῖρον</span> <span class='ocrx_word' id='word_1_260' title='bbox 660 3051 788 3105; x_wconf 80' lang='grc' dir='ltr'>ὄντα</span> <span class='ocrx_word' id='word_1_261' title='bbox 820 3049 1011 3133; x_wconf 75' lang='grc' dir='ltr'>ἑαυτοῦ</span> <span class='ocrx_word' id='word_1_262' title='bbox 1037 3052 1429 3123; x_wconf 87' lang='grc' dir='ltr'>εἰσοικήσηται.</span> <span class='ocrx_word' id='word_1_263' title='bbox 1468 3051 1732 3119; x_wconf 83' lang='grc' dir='ltr'>Θάνατος</span> <span class='ocrx_word' id='word_1_264' title='bbox 1757 3089 1806 3152; x_wconf 76' lang='lat' dir='ltr'>c</span> 
     </span>
    </p>
   </div>
   <div class='ocr_carea' id='block_1_35' title="bbox 170 3142 1732 3218">
    <p class='ocr_par' dir='ltr' id='par_1_35' title="bbox 170 3142 1732 3218">
     <span class='ocr_line' id='line_1_35' title="bbox 170 3142 1732 3218; baseline -0.005 -13"><span class='ocrx_word' id='word_1_265' title='bbox 170 3145 288 3216; x_wconf 79' lang='grc' dir='ltr'>τὰρ,</span> <span class='ocrx_word' id='word_1_266' title='bbox 317 3147 497 3218; x_wconf 75' lang='grc' dir='ltr'>φησὶν,</span> <span class='ocrx_word' id='word_1_267' title='bbox 522 3145 705 3212; x_wconf 80' lang='grc' dir='ltr'>ἀνέϐη</span> <span class='ocrx_word' id='word_1_268' title='bbox 744 3143 842 3198; x_wconf 84' lang='grc' dir='ltr'>διὰ</span> <span class='ocrx_word' id='word_1_269' title='bbox 866 3143 984 3197; x_wconf 84' lang='grc' dir='ltr'>τῶν</span> <span class='ocrx_word' id='word_1_270' title='bbox 1015 3142 1271 3211; x_wconf 81' lang='grc' dir='ltr'>θυρίδων</span> <span class='ocrx_word' id='word_1_271' title='bbox 1293 3143 1478 3211; x_wconf 83' lang='grc' dir='ltr'>ὑμῶν.</span> <span class='ocrx_word' id='word_1_272' title='bbox 1507 3143 1732 3217; x_wconf 86' lang='grc' dir='ltr'>Θυρίδες</span> 
     </span>
    </p>
   </div>
   <div class='ocr_carea' id='block_1_36' title="bbox 172 3230 1735 3309">
    <p class='ocr_par' dir='ltr' id='par_1_36' title="bbox 172 3230 1735 3309">
     <span class='ocr_line' id='line_1_36' title="bbox 172 3230 1735 3309; baseline -0.001 -18"><span class='ocrx_word' id='word_1_273' title='bbox 172 3238 267 3309; x_wconf 79' lang='grc' dir='ltr'>γὰρ</span> <span class='ocrx_word' id='word_1_274' title='bbox 295 3239 460 3303; x_wconf 81' lang='grc' dir='ltr'>ὅντως</span> <span class='ocrx_word' id='word_1_275' title='bbox 496 3238 600 3309; x_wconf 89' lang='grc' dir='ltr'><strong>τῆς</strong></span> <span class='ocrx_word' id='word_1_276' title='bbox 641 3236 820 3307; x_wconf 73' lang='grc' dir='ltr'>ψυχῆς</span> <span class='ocrx_word' id='word_1_277' title='bbox 857 3236 914 3293; x_wconf 74' lang='grc' dir='ltr'><strong>αἱ</strong></span> <span class='ocrx_word' id='word_1_278' title='bbox 954 3234 1257 3304; x_wconf 72' lang='grc' dir='ltr'>αἰσθήσεις,</span> <span class='ocrx_word' id='word_1_279' title='bbox 1315 3230 1405 3298; x_wconf 72' lang='grc' dir='ltr'><strong>αἷς</strong></span> <span class='ocrx_word' id='word_1_280' title='bbox 1457 3234 1490 3306; x_wconf 85' lang='grc' dir='ltr'>ἢ</span> <span class='ocrx_word' id='word_1_281' title='bbox 1546 3234 1735 3307; x_wconf 89' lang='grc' dir='ltr'>ῶσπερ</span> 
     </span>
    </p>
   </div>
   <div class='ocr_carea' id='block_1_37' title="bbox 174 3325 1735 3406">
    <p class='ocr_par' dir='ltr' id='par_1_37' title="bbox 174 3325 1735 3406">
     <span class='ocr_line' id='line_1_37' title="bbox 174 3325 1735 3406; baseline -0.002 -22"><span class='ocrx_word' id='word_1_282' title='bbox 174 3330 388 3406; x_wconf 80' lang='grc' dir='ltr'>σώφρων</span> <span class='ocrx_word' id='word_1_283' title='bbox 418 3348 504 3395; x_wconf 90' lang='grc' dir='ltr'><strong>τις</strong></span> <span class='ocrx_word' id='word_1_284' title='bbox 557 3328 716 3401; x_wconf 84' lang='grc' dir='ltr'>γυνὴ,</span> <span class='ocrx_word' id='word_1_285' title='bbox 768 3327 829 3381; x_wconf 74' lang='grc' dir='ltr'>τὸ</span> <span class='ocrx_word' id='word_1_286' title='bbox 862 3326 1061 3393; x_wconf 77' lang='grc' dir='ltr'>ἔξωθεν</span> <span class='ocrx_word' id='word_1_287' title='bbox 1096 3326 1205 3379; x_wconf 91' lang='grc' dir='ltr'><strong>τῶν</strong></span> <span class='ocrx_word' id='word_1_288' title='bbox 1238 3325 1511 3398; x_wconf 81' lang='grc' dir='ltr'>αἰσθητῶν</span> <span class='ocrx_word' id='word_1_289' title='bbox 1555 3328 1672 3397; x_wconf 85' lang='grc' dir='ltr'><strong>φῶς</strong></span> <span class='ocrx_word' id='word_1_290' title='bbox 1700 3329 1735 3400; x_wconf 83' lang='grc' dir='ltr'><strong>ἡ</strong></span> 
     </span>
    </p>
   </div>
   <div class='ocr_carea' id='block_1_38' title="bbox 178 3418 1740 3496">
    <p class='ocr_par' dir='ltr' id='par_1_38' title="bbox 178 3418 1740 3496">
     <span class='ocr_line' id='line_1_38' title="bbox 178 3418 1740 3496; baseline -0.002 -18"><span class='ocrx_word' id='word_1_291' title='bbox 178 3424 310 3496; x_wconf 73' lang='grc' dir='ltr'>ψυχὴ</span> <span class='ocrx_word' id='word_1_292' title='bbox 341 3426 419 3489; x_wconf 86' lang='grc' dir='ltr'><strong>είς</strong></span> <span class='ocrx_word' id='word_1_293' title='bbox 442 3423 776 3493; x_wconf 83' lang='grc' dir='ltr'>κατανόησιν</span> <span class='ocrx_word' id='word_1_294' title='bbox 801 3420 895 3473; x_wconf 76' lang='grc' dir='ltr'>τοῦ</span> <span class='ocrx_word' id='word_1_295' title='bbox 930 3418 1311 3483; x_wconf 80' lang='grc' dir='ltr'>ἐπιϐάλλοντος</span> <span class='ocrx_word' id='word_1_296' title='bbox 1338 3420 1522 3493; x_wconf 79' lang='grc' dir='ltr'>ἔργου,</span> <span class='ocrx_word' id='word_1_297' title='bbox 1553 3422 1740 3493; x_wconf 76' lang='grc' dir='ltr'>ἠρέμα</span> 
     </span>
    </p>
   </div>
   <div class='ocr_carea' id='block_1_39' title="bbox 175 3510 1736 3586">
    <p class='ocr_par' dir='ltr' id='par_1_39' title="bbox 175 3510 1736 3586">
     <span class='ocr_line' id='line_1_39' title="bbox 175 3510 1736 3586; baseline -0.001 -20"><span class='ocrx_word' id='word_1_298' title='bbox 175 3514 566 3586; x_wconf 80' lang='grc' dir='ltr'>παρανοίγουσα</span> <span class='ocrx_word' id='word_1_299' title='bbox 617 3512 808 3577; x_wconf 82' lang='grc' dir='ltr'>αὐτὰς,</span> <span class='ocrx_word' id='word_1_300' title='bbox 863 3510 1244 3579; x_wconf 75' lang='grc' dir='ltr'>ὲναυγάζεται,</span> <span class='ocrx_word' id='word_1_301' title='bbox 1302 3511 1335 3582; x_wconf 85' lang='grc' dir='ltr'>ἢ</span> <span class='ocrx_word' id='word_1_302' title='bbox 1394 3511 1736 3584; x_wconf 90' lang='grc' dir='ltr'>σεσοϐημένη</span> 
     </span>
    </p>
   </div>
   <div class='ocr_carea' id='block_1_40' title="bbox 176 3602 1740 3679">
    <p class='ocr_par' dir='ltr' id='par_1_40' title="bbox 176 3602 1740 3679">
     <span class='ocr_line' id='line_1_40' title="bbox 176 3602 1740 3679; baseline -0.001 -21"><span class='ocrx_word' id='word_1_303' title='bbox 176 3606 289 3677; x_wconf 59' lang='grc' dir='ltr'><strong>περὶ⁵</strong></span> <span class='ocrx_word' id='word_1_304' title='bbox 326 3607 423 3679; x_wconf 80' lang='grc' dir='ltr'><strong>τὴν</strong></span> <span class='ocrx_word' id='word_1_305' title='bbox 465 3604 578 3660; x_wconf 90' lang='grc' dir='ltr'><strong>τῶν</strong></span> <span class='ocrx_word' id='word_1_306' title='bbox 622 3604 726 3669; x_wconf 80' lang='grc' dir='ltr'>ἔξω</span> <span class='ocrx_word' id='word_1_307' title='bbox 774 3602 1069 3678; x_wconf 78' lang='grc' dir='ltr'>περίεργον</span> <span class='ocrx_word' id='word_1_308' title='bbox 1117 3604 1462 3675; x_wconf 88' lang='grc' dir='ltr'>κατανόησιν,</span> <span class='ocrx_word' id='word_1_309' title='bbox 1488 3605 1740 3677; x_wconf 87' lang='grc' dir='ltr'>καθάπερ</span> 
     </span>
    </p>
   </div>
   <div class='ocr_carea' id='block_1_41' title="bbox 176 3694 1738 3770">
    <p class='ocr_par' dir='ltr' id='par_1_41' title="bbox 176 3694 1738 3770">
     <span class='ocr_line' id='line_1_41' title="bbox 176 3694 1738 3770; baseline 0.001 -20"><span class='ocrx_word' id='word_1_310' title='bbox 176 3699 349 3770; x_wconf 79' lang='grc' dir='ltr'>ἑταίρα</span> <span class='ocrx_word' id='word_1_311' title='bbox 372 3717 455 3763; x_wconf 91' lang='grc' dir='ltr'><strong>τις</strong></span> <span class='ocrx_word' id='word_1_312' title='bbox 480 3697 801 3762; x_wconf 81' lang='grc' dir='ltr'>ἀκόλαστος,</span> <span class='ocrx_word' id='word_1_313' title='bbox 847 3694 1109 3764; x_wconf 82' lang='grc' dir='ltr'>ὲγκύπτει</span> <span class='ocrx_word' id='word_1_314' title='bbox 1149 3696 1285 3767; x_wconf 76' lang='grc' dir='ltr'>πρὸς</span> <span class='ocrx_word' id='word_1_315' title='bbox 1328 3696 1397 3751; x_wconf 87' lang='grc' dir='ltr'><strong>τά</strong></span> <span class='ocrx_word' id='word_1_316' title='bbox 1449 3698 1738 3769; x_wconf 84' lang='grc' dir='ltr'>τέρποντα,</span> 
     </span>
    </p>
   </div>
   <div class='ocr_carea' id='block_1_42' title="bbox 176 3786 1743 3861">
    <p class='ocr_par' dir='ltr' id='par_1_42' title="bbox 176 3786 1743 3861">
     <span class='ocr_line' id='line_1_42' title="bbox 176 3786 1743 3861; baseline 0.001 -19"><span class='ocrx_word' id='word_1_317' title='bbox 176 3789 256 3843; x_wconf 85' lang='grc' dir='ltr'><strong>τὸν</strong></span> <span class='ocrx_word' id='word_1_318' title='bbox 299 3790 498 3861; x_wconf 78' lang='grc' dir='ltr'>αὐχένα</span> <span class='ocrx_word' id='word_1_319' title='bbox 558 3787 742 3851; x_wconf 83' lang='grc' dir='ltr'>κακῶς</span> <span class='ocrx_word' id='word_1_320' title='bbox 797 3786 1263 3857; x_wconf 84' lang='grc' dir='ltr'>περιστρέφουσα,</span> <span class='ocrx_word' id='word_1_321' title='bbox 1326 3789 1422 3841; x_wconf 74' lang='grc' dir='ltr'><strong>καὶ</strong></span> <span class='ocrx_word' id='word_1_322' title='bbox 1479 3788 1615 3859; x_wconf 83' lang='grc' dir='ltr'>πρὸς</span> <span class='ocrx_word' id='word_1_323' title='bbox 1672 3789 1743 3843; x_wconf 80' lang='grc' dir='ltr'>τὰ</span> 
     </span>
    </p>
   </div>
   <div class='ocr_carea' id='block_1_43' title="bbox 175 3877 1741 3952">
    <p class='ocr_par' dir='ltr' id='par_1_43' title="bbox 175 3877 1741 3952">
     <span class='ocr_line' id='line_1_43' title="bbox 175 3877 1741 3952; baseline -0.002 -16"><span class='ocrx_word' id='word_1_324' title='bbox 175 3881 353 3952; x_wconf 76' lang='grc' dir='ltr'>ἥδοντα</span> <span class='ocrx_word' id='word_1_325' title='bbox 381 3881 467 3936; x_wconf 79' lang='grc' dir='ltr'>διὰ</span> <span class='ocrx_word' id='word_1_326' title='bbox 499 3879 704 3934; x_wconf 88' lang='grc' dir='ltr'>τούτων</span> <span class='ocrx_word' id='word_1_327' title='bbox 719 3877 1086 3949; x_wconf 82' lang='grc' dir='ltr'>ἐμπίπτουσα.</span> <span class='ocrx_word' id='word_1_328' title='bbox 1120 3878 1251 3931; x_wconf 84' lang='grc' dir='ltr'>Ἀπὸ</span> <span class='ocrx_word' id='word_1_329' title='bbox 1264 3877 1371 3950; x_wconf 74' lang='grc' dir='ltr'>γὰρ</span> <span class='ocrx_word' id='word_1_330' title='bbox 1388 3877 1615 3949; x_wconf 87' lang='grc' dir='ltr'>θυρίδων</span> <span class='ocrx_word' id='word_1_331' title='bbox 1636 3879 1741 3933; x_wconf 86' lang='grc' dir='ltr'><strong>τῶν</strong></span> 
     </span>
    </p>
   </div>
   <div class='ocr_carea' id='block_1_44' title="bbox 176 3968 1742 4044">
    <p class='ocr_par' dir='ltr' id='par_1_44' title="bbox 176 3968 1742 4044">
     <span class='ocr_line' id='line_1_44' title="bbox 176 3968 1742 4044; baseline -0.003 -19"><span class='ocrx_word' id='word_1_332' title='bbox 176 3971 356 4044; x_wconf 78' lang='grc' dir='ltr'>ἑαυτῆς</span> <span class='ocrx_word' id='word_1_333' title='bbox 391 3972 558 4027; x_wconf 81' lang='grc' dir='ltr'>οἴκων</span> <span class='ocrx_word' id='word_1_334' title='bbox 581 3970 960 4040; x_wconf 59' lang='grc' dir='ltr'>έγκύπτουσα,</span> <span class='ocrx_word' id='word_1_335' title='bbox 991 3968 1049 4021; x_wconf 87' lang='grc' dir='ltr'><strong>ὅν</strong></span> <span class='ocrx_word' id='word_1_336' title='bbox 1094 3968 1161 4022; x_wconf 86' lang='grc' dir='ltr'><strong>ἂν</strong></span> <span class='ocrx_word' id='word_1_337' title='bbox 1207 3969 1291 4042; x_wconf 79' lang='grc' dir='ltr'><strong>ἴδῃ</strong></span> <span class='ocrx_word' id='word_1_338' title='bbox 1333 3970 1440 4023; x_wconf 89' lang='grc' dir='ltr'><strong>τῶν</strong></span> <span class='ocrx_word' id='word_1_339' title='bbox 1488 3970 1742 4041; x_wconf 81' lang='grc' dir='ltr'>ἀφρόνων</span> 
     </span>
    </p>
   </div>
   <div class='ocr_carea' id='block_1_45' title="bbox 178 4060 1743 4133">
    <p class='ocr_par' dir='ltr' id='par_1_45' title="bbox 178 4060 1743 4133">
     <span class='ocr_line' id='line_1_45' title="bbox 178 4060 1743 4133; baseline 0 -18"><span class='ocrx_word' id='word_1_340' title='bbox 178 4062 362 4117; x_wconf 82' lang='grc' dir='ltr'>τέκνων</span> <span class='ocrx_word' id='word_1_341' title='bbox 377 4064 596 4118; x_wconf 83' lang='grc' dir='ltr'>νεανίαν</span> <span class='ocrx_word' id='word_1_342' title='bbox 620 4062 769 4133; x_wconf 77' lang='grc' dir='ltr'>ἐνδεῆ</span> <span class='ocrx_word' id='word_1_343' title='bbox 789 4060 1000 4133; x_wconf 86' lang='grc' dir='ltr'>φρενῶν</span> <span class='ocrx_word' id='word_1_344' title='bbox 1018 4060 1554 4132; x_wconf 86' lang='grc' dir='ltr'>παραπορευόμενον,</span> <span class='ocrx_word' id='word_1_345' title='bbox 1571 4061 1743 4116; x_wconf 78' lang='grc' dir='ltr'>ταῦτα</span> 
     </span>
    </p>
   </div>
   <div class='ocr_carea' id='block_1_46' title="bbox 175 4149 1744 4227">
    <p class='ocr_par' dir='ltr' id='par_1_46' title="bbox 175 4149 1744 4227">
     <span class='ocr_line' id='line_1_46' title="bbox 175 4149 1744 4227; baseline 0.002 -24"><span class='ocrx_word' id='word_1_346' title='bbox 175 4151 310 4222; x_wconf 81' lang='grc' dir='ltr'>λέγει</span> <span class='ocrx_word' id='word_1_347' title='bbox 346 4149 424 4219; x_wconf 78' lang='grc' dir='ltr'>οἷς</span> <span class='ocrx_word' id='word_1_348' title='bbox 464 4154 568 4227; x_wconf 67' lang='grc' dir='ltr'>ἤδη</span> <span class='ocrx_word' id='word_1_349' title='bbox 606 4152 694 4206; x_wconf 77' lang='grc' dir='ltr'>διὰ</span> <span class='ocrx_word' id='word_1_350' title='bbox 728 4153 789 4206; x_wconf 85' lang='grc' dir='ltr'>τὸ</span> <span class='ocrx_word' id='word_1_351' title='bbox 833 4149 1115 4220; x_wconf 87' lang='grc' dir='ltr'>ἀνάγωγόν</span> <span class='ocrx_word' id='word_1_352' title='bbox 1163 4168 1221 4203; x_wconf 91' lang='grc' dir='ltr'><strong>τε</strong></span> <span class='ocrx_word' id='word_1_353' title='bbox 1265 4152 1359 4204; x_wconf 78' lang='grc' dir='ltr'>καὶ</span> <span class='ocrx_word' id='word_1_354' title='bbox 1408 4152 1610 4223; x_wconf 80' lang='grc' dir='ltr'>ῥεμϐδν</span> <span class='ocrx_word' id='word_1_355' title='bbox 1636 4152 1744 4207; x_wconf 91' lang='grc' dir='ltr'><strong>τῶν</strong></span> 
     </span>
    </p>
   </div>
   <div class='ocr_carea' id='block_1_47' title="bbox 179 4242 1741 4317">
    <p class='ocr_par' dir='ltr' id='par_1_47' title="bbox 179 4242 1741 4317">
     <span class='ocr_line' id='line_1_47' title="bbox 179 4242 1741 4317; baseline 0.001 -21"><span class='ocrx_word' id='word_1_356' title='bbox 179 4246 480 4317; x_wconf 75' lang='grc' dir='ltr'>αἰσθήσεων,</span> <span class='ocrx_word' id='word_1_357' title='bbox 514 4243 715 4314; x_wconf 79' lang='grc' dir='ltr'>ἑαυτὴν</span> <span class='ocrx_word' id='word_1_358' title='bbox 744 4243 880 4315; x_wconf 71' lang='grc' dir='ltr'>πρὸς</span> <span class='ocrx_word' id='word_1_359' title='bbox 908 4243 1204 4297; x_wconf 85' lang='grc' dir='ltr'>ἀκολασίαν</span> <span class='ocrx_word' id='word_1_360' title='bbox 1226 4243 1353 4313; x_wconf 89' lang='grc' dir='ltr'>ὅλην</span> <span class='ocrx_word' id='word_1_361' title='bbox 1384 4242 1741 4312; x_wconf 77' lang='grc' dir='ltr'>ηὐτρέπισεν.</span> 
     </span>
    </p>
   </div>
   <div class='ocr_carea' id='block_1_48' title="bbox 1829 492 3413 563">
    <p class='ocr_par' dir='ltr' id='par_1_48' title="bbox 1829 492 3413 563">
     <span class='ocr_line' id='line_1_48' title="bbox 1829 492 3413 563; baseline 0 -15"><span class='ocrx_word' id='word_1_362' title='bbox 1829 495 1936 549; x_wconf 91' lang='lat' dir='ltr'><strong>alio</strong></span> <span class='ocrx_word' id='word_1_363' title='bbox 1961 510 2021 550; x_wconf 90' lang='lat' dir='ltr'><strong>se</strong></span> <span class='ocrx_word' id='word_1_364' title='bbox 2055 495 2255 559; x_wconf 90' lang='lat' dir='ltr'><strong>vertit;</strong></span> <span class='ocrx_word' id='word_1_365' title='bbox 2286 495 2368 547; x_wconf 85' lang='lat' dir='ltr'><strong>vel</strong></span> <span class='ocrx_word' id='word_1_366' title='bbox 2396 492 2440 548; x_wconf 83' lang='lat' dir='ltr'><strong>si</strong></span> <span class='ocrx_word' id='word_1_367' title='bbox 2479 502 2705 562; x_wconf 70' lang='lat' dir='ltr'><strong>crepent</strong></span> <span class='ocrx_word' id='word_1_368' title='bbox 2744 493 2948 563; x_wconf 91' lang='lat' dir='ltr'><strong>primos</strong></span> <span class='ocrx_word' id='word_1_369' title='bbox 2984 493 3162 548; x_wconf 94' lang='lat' dir='ltr'><strong>aditus</strong></span> <span class='ocrx_word' id='word_1_370' title='bbox 3197 494 3250 547; x_wconf 91' lang='lat' dir='ltr'><strong>in</strong></span> <span class='ocrx_word' id='word_1_371' title='bbox 3276 495 3413 548; x_wconf 89' lang='lat' dir='ltr'><strong>inte-</strong></span> 
     </span>
    </p>
   </div>
   <div class='ocr_carea' id='block_1_49' title="bbox 1831 572 3473 651">
    <p class='ocr_par' dir='ltr' id='par_1_49' title="bbox 1831 572 3473 651">
     <span class='ocr_line' id='line_1_49' title="bbox 1831 572 3473 651; baseline 0 -12"><span class='ocrx_word' id='word_1_372' title='bbox 1831 586 1975 639; x_wconf 83' lang='lat' dir='ltr'><strong>riora</strong></span> <span class='ocrx_word' id='word_1_373' title='bbox 2007 584 2196 640; x_wconf 80' lang='lat' dir='ltr'><strong>faciles</strong></span> <span class='ocrx_word' id='word_1_374' title='bbox 2235 585 2458 649; x_wconf 87' lang='lat' dir='ltr'><strong>babere,</strong></span> <span class='ocrx_word' id='word_1_375' title='bbox 2488 599 2549 638; x_wconf 84' lang='lat' dir='ltr'><strong>ac</strong></span> <span class='ocrx_word' id='word_1_376' title='bbox 2582 599 2747 638; x_wconf 89' lang='lat' dir='ltr'><strong>unum</strong></span> <span class='ocrx_word' id='word_1_377' title='bbox 2779 585 2993 651; x_wconf 85' lang='lat' dir='ltr'><strong>aliquod</strong></span> <span class='ocrx_word' id='word_1_378' title='bbox 3023 600 3092 640; x_wconf 86' lang='lat' dir='ltr'><strong>ex</strong></span> <span class='ocrx_word' id='word_1_379' title='bbox 3122 586 3235 641; x_wconf 90' lang='lat' dir='ltr'><strong>suis</strong></span> <span class='ocrx_word' id='word_1_380' title='bbox 3260 586 3410 640; x_wconf 88' lang='lat' dir='ltr'><strong>mili-</strong></span> <span class='ocrx_word' id='word_1_381' title='bbox 3460 572 3473 575; x_wconf 42' lang='lat'>_</span> 
     </span>
    </p>
   </div>
   <div class='ocr_carea' id='block_1_50' title="bbox 1834 673 3413 749">
    <p class='ocr_par' dir='ltr' id='par_1_50' title="bbox 1834 673 3413 749">
     <span class='ocr_line' id='line_1_50' title="bbox 1834 673 3413 749; baseline 0.002 -20"><span class='ocrx_word' id='word_1_382' title='bbox 1834 675 2038 729; x_wconf 81' lang='lat' dir='ltr'><strong>laribus</strong></span> <span class='ocrx_word' id='word_1_383' title='bbox 2076 674 2474 737; x_wconf 90' lang='lat' dir='ltr'><strong>instrumentis,</strong></span> <span class='ocrx_word' id='word_1_384' title='bbox 2511 673 2751 728; x_wconf 82' lang='lat' dir='ltr'><strong>lanceam</strong></span> <span class='ocrx_word' id='word_1_385' title='bbox 2796 685 2888 728; x_wconf 84' lang='lat' dir='ltr'><strong>aut</strong></span> <span class='ocrx_word' id='word_1_386' title='bbox 2924 675 3127 746; x_wconf 80' lang='lat' dir='ltr'><strong>galeam</strong></span> <span class='ocrx_word' id='word_1_387' title='bbox 3164 686 3257 731; x_wconf 91' lang='lat' dir='ltr'><strong>aut</strong></span> <span class='ocrx_word' id='word_1_388' title='bbox 3299 678 3413 749; x_wconf 82' lang='lat' dir='ltr'><strong>cly-</strong></span> 
     </span>
    </p>
   </div>
   <div class='ocr_carea' id='block_1_51' title="bbox 1832 768 3413 836">
    <p class='ocr_par' dir='ltr' id='par_1_51' title="bbox 1832 768 3413 836">
     <span class='ocr_line' id='line_1_51' title="bbox 1832 768 3413 836; baseline 0.003 -17"><span class='ocrx_word' id='word_1_389' title='bbox 1832 781 1987 836; x_wconf 89' lang='lat' dir='ltr'><strong>peum</strong></span> <span class='ocrx_word' id='word_1_390' title='bbox 2019 768 2309 835; x_wconf 81' lang='lat' dir='ltr'><strong>deponere,</strong></span> <span class='ocrx_word' id='word_1_391' title='bbox 2342 768 2504 820; x_wconf 87' lang='lat' dir='ltr'><strong>etiam</strong></span> <span class='ocrx_word' id='word_1_392' title='bbox 2536 768 2580 821; x_wconf 87' lang='lat' dir='ltr'><strong>si</strong></span> <span class='ocrx_word' id='word_1_393' title='bbox 2607 777 2825 835; x_wconf 88' lang='lat' dir='ltr'><strong>pr0pter</strong></span> <span class='ocrx_word' id='word_1_394' title='bbox 2854 769 3031 822; x_wconf 84' lang='lat' dir='ltr'><strong>socios</strong></span> <span class='ocrx_word' id='word_1_395' title='bbox 3063 770 3248 823; x_wconf 85' lang='lat' dir='ltr'><strong>exiens</strong></span> <span class='ocrx_word' id='word_1_396' title='bbox 3280 768 3413 825; x_wconf 89' lang='lat' dir='ltr'><strong>foris</strong></span> 
     </span>
    </p>
   </div>
   <div class='ocr_carea' id='block_1_52' title="bbox 1830 858 3412 927">
    <p class='ocr_par' dir='ltr' id='par_1_52' title="bbox 1830 858 3412 927">
     <span class='ocr_line' id='line_1_52' title="bbox 1830 858 3412 927; baseline 0 -14"><span class='ocrx_word' id='word_1_397' title='bbox 1830 873 1952 914; x_wconf 89' lang='lat' dir='ltr'><strong>esse</strong></span> <span class='ocrx_word' id='word_1_398' title='bbox 1989 859 2257 922; x_wconf 90' lang='lat' dir='ltr'><strong>videatur,</strong></span> <span class='ocrx_word' id='word_1_399' title='bbox 2284 858 2521 925; x_wconf 88' lang='lat' dir='ltr'><strong>potentia</strong></span> <span class='ocrx_word' id='word_1_400' title='bbox 2571 867 2747 911; x_wconf 87' lang='lat' dir='ltr'><strong>tamen</strong></span> <span class='ocrx_word' id='word_1_401' title='bbox 2788 858 2933 913; x_wconf 91' lang='lat' dir='ltr'><strong>intus</strong></span> <span class='ocrx_word' id='word_1_402' title='bbox 2955 868 3036 913; x_wconf 78' lang='lat' dir='ltr'><strong>est</strong></span> <span class='ocrx_word' id='word_1_403' title='bbox 3069 874 3163 927; x_wconf 89' lang='lat' dir='ltr'><strong>per</strong></span> <span class='ocrx_word' id='word_1_404' title='bbox 3208 860 3412 914; x_wconf 63' lang='lat' dir='ltr'><strong>instruo</strong></span> 
     </span>
    </p>
   </div>
   <div class='ocr_carea' id='block_1_53' title="bbox 1832 948 3412 1021">
    <p class='ocr_par' dir='ltr' id='par_1_53' title="bbox 1832 948 3412 1021">
     <span class='ocr_line' id='line_1_53' title="bbox 1832 948 3412 1021; baseline -0.001 -16"><span class='ocrx_word' id='word_1_405' title='bbox 1832 957 2072 1005; x_wconf 88' lang='lat' dir='ltr'><strong>mentum</strong></span> <span class='ocrx_word' id='word_1_406' title='bbox 2103 950 2245 1021; x_wconf 91' lang='lat' dir='ltr'><strong>quod</strong></span> <span class='ocrx_word' id='word_1_407' title='bbox 2285 949 2557 1019; x_wconf 84' lang='lat' dir='ltr'><strong>deposuit,</strong></span> <span class='ocrx_word' id='word_1_408' title='bbox 2583 950 2854 1018; x_wconf 80' lang='lat' dir='ltr'><strong>prapriam</strong></span> <span class='ocrx_word' id='word_1_409' title='bbox 2876 948 2986 1016; x_wconf 87' lang='lat' dir='ltr'><strong>jam</strong></span> <span class='ocrx_word' id='word_1_410' title='bbox 3019 957 3074 1004; x_wconf 87' lang='lat' dir='ltr'><strong>et</strong></span> <span class='ocrx_word' id='word_1_411' title='bbox 3116 949 3216 1004; x_wconf 86' lang='lat' dir='ltr'><strong>sibi</strong></span> <span class='ocrx_word' id='word_1_412' title='bbox 3245 960 3297 1003; x_wconf 94' lang='lat' dir='ltr'><strong>et</strong></span> <span class='ocrx_word' id='word_1_413' title='bbox 3324 965 3412 1004; x_wconf 86' lang='lat' dir='ltr'><strong>so-</strong></span> 
     </span>
    </p>
   </div>
   <div class='ocr_carea' id='block_1_54' title="bbox 1830 1041 3411 1110">
    <p class='ocr_par' dir='ltr' id='par_1_54' title="bbox 1830 1041 3411 1110">
     <span class='ocr_line' id='line_1_54' title="bbox 1830 1041 3411 1110; baseline 0 -15"><span class='ocrx_word' id='word_1_414' title='bbox 1830 1043 1954 1105; x_wconf 87' lang='lat' dir='ltr'><strong>ciis,</strong></span> <span class='ocrx_word' id='word_1_415' title='bbox 1993 1056 2132 1110; x_wconf 89' lang='lat' dir='ltr'><strong>quos</strong></span> <span class='ocrx_word' id='word_1_416' title='bbox 2181 1055 2366 1097; x_wconf 85' lang='lat' dir='ltr'><strong>secum</strong></span> <span class='ocrx_word' id='word_1_417' title='bbox 2412 1041 2573 1110; x_wconf 89' lang='lat' dir='ltr'><strong>paulo</strong></span> <span class='ocrx_word' id='word_1_418' title='bbox 2599 1048 2719 1109; x_wconf 76' lang='lat' dir='ltr'><strong>post</strong></span> <span class='ocrx_word' id='word_1_419' title='bbox 2744 1041 3148 1097; x_wconf 88' lang='lat' dir='ltr'><strong>introducturus</strong></span> <span class='ocrx_word' id='word_1_420' title='bbox 3171 1051 3274 1106; x_wconf 91' lang='lat' dir='ltr'><strong>est,</strong></span> <span class='ocrx_word' id='word_1_421' title='bbox 3315 1042 3411 1095; x_wconf 88' lang='lat' dir='ltr'><strong>do-</strong></span> 
     </span>
    </p>
   </div>
   <div class='ocr_carea' id='block_1_55' title="bbox 1832 1132 3410 1203">
    <p class='ocr_par' dir='ltr' id='par_1_55' title="bbox 1832 1132 3410 1203">
     <span class='ocr_line' id='line_1_55' title="bbox 1832 1132 3410 1203; baseline 0.001 -17"><span class='ocrx_word' id='word_1_422' title='bbox 1832 1149 1979 1187; x_wconf 90' lang='lat' dir='ltr'><strong>mum</strong></span> <span class='ocrx_word' id='word_1_423' title='bbox 2014 1133 2297 1198; x_wconf 85' lang='lat' dir='ltr'><strong>elIiciens;</strong></span> <span class='ocrx_word' id='word_1_424' title='bbox 2335 1132 2414 1188; x_wconf 90' lang='lat' dir='ltr'><strong>sic</strong></span> <span class='ocrx_word' id='word_1_425' title='bbox 2447 1132 2738 1201; x_wconf 74' lang='lat' dir='ltr'><strong>voluptatis</strong></span> <span class='ocrx_word' id='word_1_426' title='bbox 2780 1141 2836 1187; x_wconf 89' lang='lat' dir='ltr'><strong>et</strong></span> <span class='ocrx_word' id='word_1_427' title='bbox 2881 1134 3089 1201; x_wconf 80' lang='lat' dir='ltr'><strong>peccati</strong></span> <span class='ocrx_word' id='word_1_428' title='bbox 3132 1133 3410 1203; x_wconf 84' lang='lat' dir='ltr'><strong>improbus</strong></span> 
     </span>
    </p>
   </div>
   <div class='ocr_carea' id='block_1_56' title="bbox 1834 1223 3411 1293">
    <p class='ocr_par' dir='ltr' id='par_1_56' title="bbox 1834 1223 3411 1293">
     <span class='ocr_line' id='line_1_56' title="bbox 1834 1223 3411 1293; baseline 0 -14"><span class='ocrx_word' id='word_1_429' title='bbox 1834 1226 2007 1290; x_wconf 79' lang='lat' dir='ltr'><strong>miles,</strong></span> <span class='ocrx_word' id='word_1_430' title='bbox 2040 1225 2256 1279; x_wconf 91' lang='lat' dir='ltr'><strong>domum</strong></span> <span class='ocrx_word' id='word_1_431' title='bbox 2286 1224 2385 1278; x_wconf 87' lang='lat' dir='ltr'><strong>sibi</strong></span> <span class='ocrx_word' id='word_1_432' title='bbox 2409 1225 2460 1278; x_wconf 94' lang='lat' dir='ltr'><strong>in</strong></span> <span class='ocrx_word' id='word_1_433' title='bbox 2496 1223 2728 1278; x_wconf 90' lang='lat' dir='ltr'><strong>circuitu</strong></span> <span class='ocrx_word' id='word_1_434' title='bbox 2761 1237 3029 1292; x_wconf 67' lang='lat' dir='ltr'><strong>quaerens,</strong></span> <span class='ocrx_word' id='word_1_435' title='bbox 3064 1223 3146 1278; x_wconf 92' lang='lat' dir='ltr'><strong>vel</strong></span> <span class='ocrx_word' id='word_1_436' title='bbox 3174 1238 3202 1275; x_wconf 89' lang='lat' dir='ltr'><strong>a</strong></span> <span class='ocrx_word' id='word_1_437' title='bbox 3237 1225 3411 1293; x_wconf 88' lang='lat' dir='ltr'><strong>primo</strong></span> 
     </span>
    </p>
   </div>
   <div class='ocr_carea' id='block_1_57' title="bbox 1833 1313 3413 1383">
    <p class='ocr_par' dir='ltr' id='par_1_57' title="bbox 1833 1313 3413 1383">
     <span class='ocr_line' id='line_1_57' title="bbox 1833 1313 3413 1383; baseline -0.002 -11"><span class='ocrx_word' id='word_1_438' title='bbox 1833 1320 1978 1372; x_wconf 87' lang='lat' dir='ltr'><strong>aditu</strong></span> <span class='ocrx_word' id='word_1_439' title='bbox 2010 1318 2314 1373; x_wconf 72' lang='lat' dir='ltr'><strong>excluditur</strong></span> <span class='ocrx_word' id='word_1_440' title='bbox 2344 1324 2397 1370; x_wconf 90' lang='lat' dir='ltr'><strong>et</strong></span> <span class='ocrx_word' id='word_1_441' title='bbox 2425 1316 2532 1369; x_wconf 90' lang='lat' dir='ltr'><strong>alio</strong></span> <span class='ocrx_word' id='word_1_442' title='bbox 2553 1329 2611 1370; x_wconf 89' lang='lat' dir='ltr'><strong>se</strong></span> <span class='ocrx_word' id='word_1_443' title='bbox 2646 1316 2839 1379; x_wconf 81' lang='lat' dir='ltr'><strong>vertit;</strong></span> <span class='ocrx_word' id='word_1_444' title='bbox 2876 1315 2959 1370; x_wconf 86' lang='lat' dir='ltr'><strong>vel</strong></span> <span class='ocrx_word' id='word_1_445' title='bbox 2995 1315 3039 1368; x_wconf 91' lang='lat' dir='ltr'><strong>si</strong></span> <span class='ocrx_word' id='word_1_446' title='bbox 3068 1316 3294 1383; x_wconf 76' lang='lat' dir='ltr'><strong>cmperit</strong></span> <span class='ocrx_word' id='word_1_447' title='bbox 3330 1313 3413 1369; x_wconf 89' lang='lat' dir='ltr'><strong>fa-</strong></span> 
     </span>
    </p>
   </div>
   <div class='ocr_carea' id='block_1_58' title="bbox 1834 1404 3412 1478">
    <p class='ocr_par' dir='ltr' id='par_1_58' title="bbox 1834 1404 3412 1478">
     <span class='ocr_line' id='line_1_58' title="bbox 1834 1404 3412 1478; baseline -0.003 -14"><span class='ocrx_word' id='word_1_448' title='bbox 1834 1411 1991 1464; x_wconf 91' lang='lat' dir='ltr'><strong>cilem</strong></span> <span class='ocrx_word' id='word_1_449' title='bbox 2022 1425 2118 1478; x_wconf 84' lang='lat' dir='ltr'><strong>per</strong></span> <span class='ocrx_word' id='word_1_450' title='bbox 2149 1423 2341 1463; x_wconf 89' lang='lat' dir='ltr'><strong>sensus</strong></span> <span class='ocrx_word' id='word_1_451' title='bbox 2369 1408 2599 1477; x_wconf 89' lang='lat' dir='ltr'><strong>primum</strong></span> <span class='ocrx_word' id='word_1_452' title='bbox 2631 1407 2682 1460; x_wconf 89' lang='lat' dir='ltr'><strong>in</strong></span> <span class='ocrx_word' id='word_1_453' title='bbox 2720 1407 2975 1461; x_wconf 91' lang='lat' dir='ltr'><strong>interiora</strong></span> <span class='ocrx_word' id='word_1_454' title='bbox 3007 1407 3209 1459; x_wconf 82' lang='lat' dir='ltr'><strong>aditum</strong></span> <span class='ocrx_word' id='word_1_455' title='bbox 3249 1404 3412 1459; x_wconf 88' lang='lat' dir='ltr'><strong>babe-</strong></span> 
     </span>
    </p>
   </div>
   <div class='ocr_carea' id='block_1_59' title="bbox 1836 1499 3411 1569">
    <p class='ocr_par' dir='ltr' id='par_1_59' title="bbox 1836 1499 3411 1569">
     <span class='ocr_line' id='line_1_59' title="bbox 1836 1499 3411 1569; baseline -0.003 -12"><span class='ocrx_word' id='word_1_456' title='bbox 1836 1518 1918 1567; x_wconf 91' lang='lat' dir='ltr'><strong>re,</strong></span> <span class='ocrx_word' id='word_1_457' title='bbox 1947 1518 2010 1556; x_wconf 89' lang='lat' dir='ltr'><strong>ac</strong></span> <span class='ocrx_word' id='word_1_458' title='bbox 2053 1518 2216 1555; x_wconf 91' lang='lat' dir='ltr'><strong>unum</strong></span> <span class='ocrx_word' id='word_1_459' title='bbox 2246 1501 2463 1569; x_wconf 86' lang='lat' dir='ltr'><strong>aliquod</strong></span> <span class='ocrx_word' id='word_1_460' title='bbox 2488 1516 2553 1554; x_wconf 89' lang='lat' dir='ltr'><strong>ex</strong></span> <span class='ocrx_word' id='word_1_461' title='bbox 2595 1500 2709 1554; x_wconf 83' lang='lat' dir='ltr'><strong>suis</strong></span> <span class='ocrx_word' id='word_1_462' title='bbox 2738 1499 3132 1563; x_wconf 87' lang='lat' dir='ltr'><strong>instrumentis,</strong></span> <span class='ocrx_word' id='word_1_463' title='bbox 3165 1508 3411 1567; x_wconf 87' lang='lat' dir='ltr'><strong>aspectus</strong></span> 
     </span>
    </p>
   </div>
   <div class='ocr_carea' id='block_1_60' title="bbox 1834 1592 3412 1661">
    <p class='ocr_par' dir='ltr' id='par_1_60' title="bbox 1834 1592 3412 1661">
     <span class='ocr_line' id='line_1_60' title="bbox 1834 1592 3412 1661; baseline -0.001 -13"><span class='ocrx_word' id='word_1_464' title='bbox 1834 1594 1956 1649; x_wconf 92' lang='lat' dir='ltr'><strong>dico</strong></span> <span class='ocrx_word' id='word_1_465' title='bbox 1989 1595 2257 1657; x_wconf 78' lang='lat' dir='ltr'><strong>lanceam,</strong></span> <span class='ocrx_word' id='word_1_466' title='bbox 2292 1608 2388 1661; x_wconf 90' lang='lat' dir='ltr'><strong>per</strong></span> <span class='ocrx_word' id='word_1_467' title='bbox 2425 1594 2610 1647; x_wconf 84' lang='lat' dir='ltr'><strong>Oculos</strong></span> <span class='ocrx_word' id='word_1_468' title='bbox 2654 1594 2864 1648; x_wconf 87' lang='lat' dir='ltr'><strong>eminus</strong></span> <span class='ocrx_word' id='word_1_469' title='bbox 2901 1592 3295 1659; x_wconf 84' lang='lat' dir='ltr'><strong>vulnerantem,</strong></span> <span class='ocrx_word' id='word_1_470' title='bbox 3318 1601 3412 1646; x_wconf 83' lang='lat' dir='ltr'><strong>aut</strong></span> 
     </span>
    </p>
   </div>
   <div class='ocr_carea' id='block_1_61' title="bbox 1837 1684 3412 1754">
    <p class='ocr_par' dir='ltr' id='par_1_61' title="bbox 1837 1684 3412 1754">
     <span class='ocr_line' id='line_1_61' title="bbox 1837 1684 3412 1754; baseline -0.001 -17"><span class='ocrx_word' id='word_1_471' title='bbox 1837 1686 2042 1754; x_wconf 77' lang='lat' dir='ltr'><strong>galeam</strong></span> <span class='ocrx_word' id='word_1_472' title='bbox 2078 1685 2384 1753; x_wconf 88' lang='lat' dir='ltr'><strong>voluptatis,</strong></span> <span class='ocrx_word' id='word_1_473' title='bbox 2438 1686 2489 1738; x_wconf 86' lang='lat' dir='ltr'><strong>id</strong></span> <span class='ocrx_word' id='word_1_474' title='bbox 2538 1694 2621 1739; x_wconf 89' lang='lat' dir='ltr'><strong>est</strong></span> <span class='ocrx_word' id='word_1_475' title='bbox 2666 1699 2972 1739; x_wconf 89' lang='lat' dir='ltr'><strong>sermonem</strong></span> <span class='ocrx_word' id='word_1_476' title='bbox 3008 1698 3103 1753; x_wconf 83' lang='lat' dir='ltr'><strong>per</strong></span> <span class='ocrx_word' id='word_1_477' title='bbox 3135 1698 3295 1738; x_wconf 85' lang='lat' dir='ltr'><strong>aures</strong></span> <span class='ocrx_word' id='word_1_478' title='bbox 3324 1684 3412 1737; x_wconf 89' lang='lat' dir='ltr'><strong>in-</strong></span> 
     </span>
    </p>
   </div>
   <div class='ocr_carea' id='block_1_62' title="bbox 1837 1776 3411 1846">
    <p class='ocr_par' dir='ltr' id='par_1_62' title="bbox 1837 1776 3411 1846">
     <span class='ocr_line' id='line_1_62' title="bbox 1837 1776 3411 1846; baseline -0.003 -16"><span class='ocrx_word' id='word_1_479' title='bbox 1837 1784 2167 1839; x_wconf 84' lang='lat' dir='ltr'><strong>cantantem,</strong></span> <span class='ocrx_word' id='word_1_480' title='bbox 2208 1786 2300 1830; x_wconf 92' lang='lat' dir='ltr'><strong>aut</strong></span> <span class='ocrx_word' id='word_1_481' title='bbox 2329 1776 2493 1830; x_wconf 85' lang='lat' dir='ltr'><strong>veluti</strong></span> <span class='ocrx_word' id='word_1_482' title='bbox 2532 1776 2774 1846; x_wconf 84' lang='lat' dir='ltr'><strong>clypeum</strong></span> <span class='ocrx_word' id='word_1_483' title='bbox 2815 1777 3125 1844; x_wconf 88' lang='lat' dir='ltr'><strong>quemdam,</strong></span> <span class='ocrx_word' id='word_1_484' title='bbox 3155 1788 3411 1827; x_wconf 90' lang='lat' dir='ltr'><strong>manuum</strong></span> 
     </span>
    </p>
   </div>
   <div class='ocr_carea' id='block_1_63' title="bbox 1840 1866 3410 1937">
    <p class='ocr_par' dir='ltr' id='par_1_63' title="bbox 1840 1866 3410 1937">
     <span class='ocr_line' id='line_1_63' title="bbox 1840 1866 3410 1937; baseline -0.003 -16"><span class='ocrx_word' id='word_1_485' title='bbox 1840 1877 2063 1932; x_wconf 86' lang='lat' dir='ltr'><strong>tactum,</strong></span> <span class='ocrx_word' id='word_1_486' title='bbox 2099 1867 2189 1937; x_wconf 92' lang='lat' dir='ltr'><strong>qui</strong></span> <span class='ocrx_word' id='word_1_487' title='bbox 2222 1876 2391 1921; x_wconf 90' lang='lat' dir='ltr'><strong>totum</strong></span> <span class='ocrx_word' id='word_1_488' title='bbox 2420 1882 2615 1934; x_wconf 90' lang='lat' dir='ltr'><strong>corpus</strong></span> <span class='ocrx_word' id='word_1_489' title='bbox 2642 1868 2707 1920; x_wconf 86' lang='lat' dir='ltr'><strong>ad</strong></span> <span class='ocrx_word' id='word_1_490' title='bbox 2732 1866 3061 1936; x_wconf 90' lang='lat' dir='ltr'><strong>voluptatem</strong></span> <span class='ocrx_word' id='word_1_491' title='bbox 3084 1873 3410 1929; x_wconf 84' lang='lat' dir='ltr'><strong>commovet,</strong></span> 
     </span>
    </p>
   </div>
   <div class='ocr_carea' id='block_1_64' title="bbox 1837 1956 3413 2026">
    <p class='ocr_par' dir='ltr' id='par_1_64' title="bbox 1837 1956 3413 2026">
     <span class='ocr_line' id='line_1_64' title="bbox 1837 1956 3413 2026; baseline -0.002 -14"><span class='ocrx_word' id='word_1_492' title='bbox 1837 1959 1890 2012; x_wconf 90' lang='lat' dir='ltr'><strong>in</strong></span> <span class='ocrx_word' id='word_1_493' title='bbox 1942 1959 2121 2012; x_wconf 89' lang='lat' dir='ltr'><strong>anima</strong></span> <span class='ocrx_word' id='word_1_494' title='bbox 2177 1958 2483 2026; x_wconf 87' lang='lat' dir='ltr'><strong>deponere;</strong></span> <span class='ocrx_word' id='word_1_495' title='bbox 2520 1958 2732 2013; x_wconf 86' lang='lat' dir='ltr'><strong>etiamsi</strong></span> <span class='ocrx_word' id='word_1_496' title='bbox 2790 1957 2919 2012; x_wconf 85' lang='lat' dir='ltr'><strong>foris</strong></span> <span class='ocrx_word' id='word_1_497' title='bbox 2970 1972 3093 2012; x_wconf 90' lang='lat' dir='ltr'><strong>esse</strong></span> <span class='ocrx_word' id='word_1_498' title='bbox 3134 1956 3413 2019; x_wconf 79' lang='lat' dir='ltr'><strong>videatur,</strong></span> 
     </span>
    </p>
   </div>
   <div class='ocr_carea' id='block_1_65' title="bbox 1835 2046 3411 2120">
    <p class='ocr_par' dir='ltr' id='par_1_65' title="bbox 1835 2046 3411 2120">
     <span class='ocr_line' id='line_1_65' title="bbox 1835 2046 3411 2120; baseline -0.003 -16"><span class='ocrx_word' id='word_1_499' title='bbox 1835 2051 1959 2120; x_wconf 88' lang='lat' dir='ltr'><strong>quia</strong></span> <span class='ocrx_word' id='word_1_500' title='bbox 1989 2050 2221 2105; x_wconf 90' lang='lat' dir='ltr'><strong>nondum</strong></span> <span class='ocrx_word' id='word_1_501' title='bbox 2252 2064 2448 2119; x_wconf 85' lang='lat' dir='ltr'><strong>corpus</strong></span> <span class='ocrx_word' id='word_1_502' title='bbox 2483 2046 2689 2120; x_wconf 82' lang='lat' dir='ltr'><strong>peccati</strong></span> <span class='ocrx_word' id='word_1_503' title='bbox 2728 2050 3128 2119; x_wconf 91' lang='lat' dir='ltr'><strong>perpetratione</strong></span> <span class='ocrx_word' id='word_1_504' title='bbox 3149 2048 3411 2115; x_wconf 89' lang='lat' dir='ltr'><strong>corrupit,</strong></span> 
     </span>
    </p>
   </div>
   <div class='ocr_carea' id='block_1_66' title="bbox 1836 2138 3412 2212">
    <p class='ocr_par' dir='ltr' id='par_1_66' title="bbox 1836 2138 3412 2212">
     <span class='ocr_line' id='line_1_66' title="bbox 1836 2138 3412 2212; baseline -0.002 -18"><span class='ocrx_word' id='word_1_505' title='bbox 1836 2153 1890 2195; x_wconf 89' lang='lat' dir='ltr'><strong>at</strong></span> <span class='ocrx_word' id='word_1_506' title='bbox 1918 2142 2154 2212; x_wconf 85' lang='lat' dir='ltr'><strong>potentia</strong></span> <span class='ocrx_word' id='word_1_507' title='bbox 2193 2142 2335 2197; x_wconf 91' lang='lat' dir='ltr'><strong>intus</strong></span> <span class='ocrx_word' id='word_1_508' title='bbox 2367 2152 2479 2206; x_wconf 87' lang='lat' dir='ltr'><strong>est;</strong></span> <span class='ocrx_word' id='word_1_509' title='bbox 2504 2142 2705 2211; x_wconf 85' lang='lat' dir='ltr'><strong>quippe</strong></span> <span class='ocrx_word' id='word_1_510' title='bbox 2729 2154 2850 2195; x_wconf 91' lang='lat' dir='ltr'><strong>cum</strong></span> <span class='ocrx_word' id='word_1_511' title='bbox 2881 2154 2975 2209; x_wconf 90' lang='lat' dir='ltr'><strong>per</strong></span> <span class='ocrx_word' id='word_1_512' title='bbox 3003 2153 3154 2193; x_wconf 88' lang='lat' dir='ltr'><strong>arma</strong></span> <span class='ocrx_word' id='word_1_513' title='bbox 3190 2140 3260 2193; x_wconf 91' lang='lat' dir='ltr'><strong>ibi</strong></span> <span class='ocrx_word' id='word_1_514' title='bbox 3314 2138 3412 2191; x_wconf 58' lang='lat' dir='ltr'><strong>de.</strong></span> 
     </span>
    </p>
   </div>
   <div class='ocr_carea' id='block_1_67' title="bbox 1835 2232 3411 2305">
    <p class='ocr_par' dir='ltr' id='par_1_67' title="bbox 1835 2232 3411 2305">
     <span class='ocr_line' id='line_1_67' title="bbox 1835 2232 3411 2305; baseline -0.004 -17"><span class='ocrx_word' id='word_1_515' title='bbox 1835 2233 2011 2305; x_wconf 89' lang='lat' dir='ltr'><strong>posita</strong></span> <span class='ocrx_word' id='word_1_516' title='bbox 2065 2243 2296 2288; x_wconf 90' lang='lat' dir='ltr'><strong>tuentem</strong></span> <span class='ocrx_word' id='word_1_517' title='bbox 2329 2240 2677 2301; x_wconf 86' lang='lat' dir='ltr'><strong>corrumpat,</strong></span> <span class='ocrx_word' id='word_1_518' title='bbox 2711 2246 2773 2285; x_wconf 89' lang='lat' dir='ltr'><strong>ac</strong></span> <span class='ocrx_word' id='word_1_519' title='bbox 2809 2232 3066 2293; x_wconf 84' lang='lat' dir='ltr'><strong>animam,</strong></span> <span class='ocrx_word' id='word_1_520' title='bbox 3098 2244 3217 2299; x_wconf 62' lang='lat' dir='ltr'><strong>quae</strong></span> <span class='ocrx_word' id='word_1_521' title='bbox 3247 2244 3411 2283; x_wconf 92' lang='lat' dir='ltr'><strong>unum</strong></span> 
     </span>
    </p>
   </div>
   <div class='ocr_carea' id='block_1_68' title="bbox 1835 2321 3413 2394">
    <p class='ocr_par' dir='ltr' id='par_1_68' title="bbox 1835 2321 3413 2394">
     <span class='ocr_line' id='line_1_68' title="bbox 1835 2321 3413 2394; baseline -0.004 -15"><span class='ocrx_word' id='word_1_522' title='bbox 1835 2326 2036 2394; x_wconf 87' lang='lat' dir='ltr'><strong>aliquid</strong></span> <span class='ocrx_word' id='word_1_523' title='bbox 2060 2340 2125 2378; x_wconf 82' lang='lat' dir='ltr'><strong>ex</strong></span> <span class='ocrx_word' id='word_1_524' title='bbox 2149 2324 2231 2379; x_wconf 86' lang='lat' dir='ltr'><strong>his</strong></span> <span class='ocrx_word' id='word_1_525' title='bbox 2253 2323 2509 2391; x_wconf 81' lang='lat' dir='ltr'><strong>suscepit,</strong></span> <span class='ocrx_word' id='word_1_526' title='bbox 2538 2322 2793 2391; x_wconf 84' lang='lat' dir='ltr'><strong>voluptati</strong></span> <span class='ocrx_word' id='word_1_527' title='bbox 2814 2339 2925 2377; x_wconf 66' lang='lat' dir='ltr'><strong>sure</strong></span> <span class='ocrx_word' id='word_1_528' title='bbox 2956 2337 3020 2376; x_wconf 89' lang='lat' dir='ltr'><strong>ac</strong></span> <span class='ocrx_word' id='word_1_529' title='bbox 3053 2322 3216 2376; x_wconf 83' lang='lat' dir='ltr'><strong>sociis</strong></span> <span class='ocrx_word' id='word_1_530' title='bbox 3246 2321 3413 2373; x_wconf 90' lang='lat' dir='ltr'><strong>animi</strong></span> 
     </span>
    </p>
   </div>
   <div class='ocr_carea' id='block_1_69' title="bbox 1835 2412 3414 2486">
    <p class='ocr_par' dir='ltr' id='par_1_69' title="bbox 1835 2412 3414 2486">
     <span class='ocr_line' id='line_1_69' title="bbox 1835 2412 3414 2486; baseline -0.003 -17"><span class='ocrx_word' id='word_1_531' title='bbox 1835 2415 2333 2486; x_wconf 87' lang='lat' dir='ltr'><strong>perturbationibus</strong></span> <span class='ocrx_word' id='word_1_532' title='bbox 2392 2414 2669 2483; x_wconf 82' lang='lat' dir='ltr'><strong>propriam</strong></span> <span class='ocrx_word' id='word_1_533' title='bbox 2711 2415 2929 2469; x_wconf 89' lang='lat' dir='ltr'><strong>domum</strong></span> <span class='ocrx_word' id='word_1_534' title='bbox 2955 2412 3210 2468; x_wconf 75' lang='lat' dir='ltr'><strong>eﬂ&#39;ecerit.</strong></span> <span class='ocrx_word' id='word_1_535' title='bbox 3253 2412 3414 2467; x_wconf 87' lang='lat' dir='ltr'><strong>Clau-</strong></span> 
     </span>
    </p>
   </div>
   <div class='ocr_carea' id='block_1_70' title="bbox 1838 2504 3411 2578">
    <p class='ocr_par' dir='ltr' id='par_1_70' title="bbox 1838 2504 3411 2578">
     <span class='ocr_line' id='line_1_70' title="bbox 1838 2504 3411 2578; baseline -0.004 -16"><span class='ocrx_word' id='word_1_536' title='bbox 1838 2509 2049 2563; x_wconf 89' lang='lat' dir='ltr'><strong>dendus</strong></span> <span class='ocrx_word' id='word_1_537' title='bbox 2077 2523 2207 2578; x_wconf 87' lang='lat' dir='ltr'><strong>ergo</strong></span> <span class='ocrx_word' id='word_1_538' title='bbox 2230 2508 2438 2576; x_wconf 89' lang='lat' dir='ltr'><strong>primus</strong></span> <span class='ocrx_word' id='word_1_539' title='bbox 2465 2522 2561 2576; x_wconf 88' lang='lat' dir='ltr'><strong>per</strong></span> <span class='ocrx_word' id='word_1_540' title='bbox 2600 2521 2791 2561; x_wconf 89' lang='lat' dir='ltr'><strong>sensus</strong></span> <span class='ocrx_word' id='word_1_541' title='bbox 2814 2508 2991 2560; x_wconf 86' lang='lat' dir='ltr'><strong>aditus</strong></span> <span class='ocrx_word' id='word_1_542' title='bbox 3028 2505 3210 2560; x_wconf 86' lang='lat' dir='ltr'><strong>carnis</strong></span> <span class='ocrx_word' id='word_1_543' title='bbox 3237 2504 3411 2570; x_wconf 91' lang='lat' dir='ltr'><strong>militi,</strong></span> 
     </span>
    </p>
   </div>
   <div class='ocr_carea' id='block_1_71' title="bbox 1836 2594 3417 2666">
    <p class='ocr_par' dir='ltr' id='par_1_71' title="bbox 1836 2594 3417 2666">
     <span class='ocr_line' id='line_1_71' title="bbox 1836 2594 3417 2666; baseline -0.003 -14"><span class='ocrx_word' id='word_1_544' title='bbox 1836 2598 1909 2653; x_wconf 88' lang='lat' dir='ltr'><strong>ita</strong></span> <span class='ocrx_word' id='word_1_545' title='bbox 1939 2606 1998 2653; x_wconf 79' lang='lat' dir='ltr'><strong>ut</strong></span> <span class='ocrx_word' id='word_1_546' title='bbox 2030 2612 2243 2663; x_wconf 87' lang='lat' dir='ltr'><strong>sensus,</strong></span> <span class='ocrx_word' id='word_1_547' title='bbox 2277 2597 2442 2651; x_wconf 92' lang='lat' dir='ltr'><strong>veluti</strong></span> <span class='ocrx_word' id='word_1_548' title='bbox 2491 2596 2689 2666; x_wconf 74' lang='lat' dir='ltr'><strong>ianuas</strong></span> <span class='ocrx_word' id='word_1_549' title='bbox 2719 2605 2811 2650; x_wconf 91' lang='lat' dir='ltr'><strong>aut</strong></span> <span class='ocrx_word' id='word_1_550' title='bbox 2845 2596 3131 2657; x_wconf 81' lang='lat' dir='ltr'><strong>fenestras,</strong></span> <span class='ocrx_word' id='word_1_551' title='bbox 3178 2594 3417 2662; x_wconf 83' lang='lat' dir='ltr'><strong>undique</strong></span> 
     </span>
    </p>
   </div>
   <div class='ocr_carea' id='block_1_72' title="bbox 1835 2687 3415 2757">
    <p class='ocr_par' dir='ltr' id='par_1_72' title="bbox 1835 2687 3415 2757">
     <span class='ocr_line' id='line_1_72' title="bbox 1835 2687 3415 2757; baseline -0.004 -13"><span class='ocrx_word' id='word_1_552' title='bbox 1835 2689 2151 2744; x_wconf 65' lang='lat' dir='ltr'><strong>constantiae</strong></span> <span class='ocrx_word' id='word_1_553' title='bbox 2181 2688 2425 2743; x_wconf 77' lang='lat' dir='ltr'><strong>veCtibus</strong></span> <span class='ocrx_word' id='word_1_554' title='bbox 2457 2689 2610 2757; x_wconf 86' lang='lat' dir='ltr'><strong>virgo</strong></span> <span class='ocrx_word' id='word_1_555' title='bbox 2642 2687 3013 2751; x_wconf 86' lang='lat' dir='ltr'><strong>communiat;</strong></span> <span class='ocrx_word' id='word_1_556' title='bbox 3044 2701 3111 2739; x_wconf 93' lang='lat' dir='ltr'><strong>ne</strong></span> <span class='ocrx_word' id='word_1_557' title='bbox 3138 2700 3232 2754; x_wconf 89' lang='lat' dir='ltr'><strong>per</strong></span> <span class='ocrx_word' id='word_1_558' title='bbox 3255 2699 3415 2737; x_wconf 89' lang='lat' dir='ltr'><strong>uuam</strong></span> 
     </span>
    </p>
   </div>
   <div class='ocr_carea' id='block_1_73' title="bbox 1835 2773 3413 2847">
    <p class='ocr_par' dir='ltr' id='par_1_73' title="bbox 1835 2773 3413 2847">
     <span class='ocr_line' id='line_1_73' title="bbox 1835 2773 3413 2847; baseline -0.005 -15"><span class='ocrx_word' id='word_1_559' title='bbox 1835 2778 2028 2832; x_wconf 88' lang='lat' dir='ltr'><strong>barum</strong></span> <span class='ocrx_word' id='word_1_560' title='bbox 2066 2779 2302 2847; x_wconf 88' lang='lat' dir='ltr'><strong>aliquam</strong></span> <span class='ocrx_word' id='word_1_561' title='bbox 2338 2787 2454 2831; x_wconf 88' lang='lat' dir='ltr'><strong>astu</strong></span> <span class='ocrx_word' id='word_1_562' title='bbox 2501 2777 2894 2836; x_wconf 85' lang='lat' dir='ltr'><strong>conscendens,</strong></span> <span class='ocrx_word' id='word_1_563' title='bbox 2932 2789 3115 2828; x_wconf 88' lang='lat' dir='ltr'><strong>secum</strong></span> <span class='ocrx_word' id='word_1_564' title='bbox 3163 2773 3413 2826; x_wconf 89' lang='lat' dir='ltr'><strong>comitem</strong></span> 
     </span>
    </p>
   </div>
   <div class='ocr_carea' id='block_1_74' title="bbox 1833 2852 3417 2928">
    <p class='ocr_par' dir='ltr' id='par_1_74' title="bbox 1833 2852 3417 2928">
     <span class='ocr_line' id='line_1_74' title="bbox 1833 2852 3417 2928; baseline -0.004 -9"><span class='ocrx_word' id='word_1_565' title='bbox 1833 2880 1985 2920; x_wconf 88' lang='lat' dir='ltr'><strong>suam</strong></span> <span class='ocrx_word' id='word_1_566' title='bbox 2019 2852 2247 2919; x_wconf 74' lang='lat' dir='ltr'><strong>mortem</strong></span> <span class='ocrx_word' id='word_1_567' title='bbox 2278 2864 2602 2917; x_wconf 86' lang='lat' dir='ltr'><strong>introducat.</strong></span> <span class='ocrx_word' id='word_1_568' title='bbox 2643 2862 2788 2915; x_wconf 78' lang='lat' dir='ltr'><strong>Mors</strong></span> <span class='ocrx_word' id='word_1_569' title='bbox 2817 2863 2975 2927; x_wconf 81' lang='lat' dir='ltr'><strong>enim,</strong></span> <span class='ocrx_word' id='word_1_570' title='bbox 3005 2860 3206 2928; x_wconf 91' lang='lat' dir='ltr'><strong>inquit,</strong></span> <span class='ocrx_word' id='word_1_571' title='bbox 3234 2874 3417 2913; x_wconf 62' lang='lat' dir='ltr'><strong>ascen-</strong></span> 
     </span>
    </p>
   </div>
   <div class='ocr_carea' id='block_1_75' title="bbox 1833 2953 3416 3026">
    <p class='ocr_par' dir='ltr' id='par_1_75' title="bbox 1833 2953 3416 3026">
     <span class='ocr_line' id='line_1_75' title="bbox 1833 2953 3416 3026; baseline -0.004 -15"><span class='ocrx_word' id='word_1_572' title='bbox 1833 2960 1915 3011; x_wconf 74' lang='lat' dir='ltr'><strong>dit</strong></span> <span class='ocrx_word' id='word_1_573' title='bbox 1966 2973 2059 3025; x_wconf 81' lang='lat' dir='ltr'><strong>per</strong></span> <span class='ocrx_word' id='word_1_574' title='bbox 2105 2957 2360 3026; x_wconf 72' lang='lat' dir='ltr'><strong>fenestras</strong></span> <span class='ocrx_word' id='word_1_575' title='bbox 2398 2964 2591 3011; x_wconf 77' lang='lat' dir='ltr'><strong>vestras</strong></span> <span class='ocrx_word' id='word_1_576' title='bbox 2621 2955 2686 3009; x_wconf 80' lang='lat'><strong>“.</strong></span> <span class='ocrx_word' id='word_1_577' title='bbox 2720 2954 2991 3007; x_wconf 72' lang='lat' dir='ltr'><strong>Fenestra:</strong></span> <span class='ocrx_word' id='word_1_578' title='bbox 3033 2953 3176 3006; x_wconf 91' lang='lat' dir='ltr'><strong>enint</strong></span> <span class='ocrx_word' id='word_1_579' title='bbox 3231 2966 3416 3005; x_wconf 74' lang='lat' dir='ltr'><strong>revera</strong></span> 
     </span>
    </p>
   </div>
   <div class='ocr_carea' id='block_1_76' title="bbox 1834 3040 3415 3115">
    <p class='ocr_par' dir='ltr' id='par_1_76' title="bbox 1834 3040 3415 3115">
     <span class='ocr_line' id='line_1_76' title="bbox 1834 3040 3415 3115; baseline -0.007 -12"><span class='ocrx_word' id='word_1_580' title='bbox 1834 3048 2027 3103; x_wconf 64' lang='lat' dir='ltr'><strong>anima:</strong></span> <span class='ocrx_word' id='word_1_581' title='bbox 2057 3055 2184 3103; x_wconf 90' lang='lat' dir='ltr'><strong>sunt</strong></span> <span class='ocrx_word' id='word_1_582' title='bbox 2238 3060 2456 3107; x_wconf 86' lang='lat' dir='ltr'><strong>sensus,</strong></span> <span class='ocrx_word' id='word_1_583' title='bbox 2494 3060 2587 3115; x_wconf 93' lang='lat' dir='ltr'><strong>per</strong></span> <span class='ocrx_word' id='word_1_584' title='bbox 2624 3060 2757 3113; x_wconf 88' lang='lat' dir='ltr'><strong>quas</strong></span> <span class='ocrx_word' id='word_1_585' title='bbox 2799 3043 2938 3096; x_wconf 89' lang='lat' dir='ltr'><strong>velut</strong></span> <span class='ocrx_word' id='word_1_586' title='bbox 2988 3050 3134 3095; x_wconf 86' lang='lat' dir='ltr'><strong>casta</strong></span> <span class='ocrx_word' id='word_1_587' title='bbox 3173 3040 3415 3109; x_wconf 70' lang='lat' dir='ltr'><strong>qumdant</strong></span> 
     </span>
    </p>
   </div>
   <div class='ocr_carea' id='block_1_77' title="bbox 1838 3132 3419 3202">
    <p class='ocr_par' dir='ltr' id='par_1_77' title="bbox 1838 3132 3419 3202">
     <span class='ocr_line' id='line_1_77' title="bbox 1838 3132 3419 3202; baseline -0.006 -9"><span class='ocrx_word' id='word_1_588' title='bbox 1838 3138 2050 3202; x_wconf 88' lang='lat' dir='ltr'><strong>mulier,</strong></span> <span class='ocrx_word' id='word_1_589' title='bbox 2085 3138 2338 3192; x_wconf 81' lang='lat' dir='ltr'><strong>exteriori</strong></span> <span class='ocrx_word' id='word_1_590' title='bbox 2372 3152 2549 3191; x_wconf 86' lang='lat' dir='ltr'><strong>rerum</strong></span> <span class='ocrx_word' id='word_1_591' title='bbox 2597 3135 2931 3189; x_wconf 80' lang='lat' dir='ltr'><strong>sensibilium</strong></span> <span class='ocrx_word' id='word_1_592' title='bbox 2984 3132 3104 3186; x_wconf 90' lang='lat' dir='ltr'><strong>luce</strong></span> <span class='ocrx_word' id='word_1_593' title='bbox 3143 3132 3319 3184; x_wconf 90' lang='lat' dir='ltr'><strong>anima</strong></span> <span class='ocrx_word' id='word_1_594' title='bbox 3348 3133 3419 3185; x_wconf 83' lang='lat' dir='ltr'><strong>ad</strong></span> 
     </span>
    </p>
   </div>
   <div class='ocr_carea' id='block_1_78' title="bbox 1838 3227 3416 3299">
    <p class='ocr_par' dir='ltr' id='par_1_78' title="bbox 1838 3227 3416 3299">
     <span class='ocr_line' id='line_1_78' title="bbox 1838 3227 3416 3299; baseline -0.006 -11"><span class='ocrx_word' id='word_1_595' title='bbox 1838 3242 2099 3288; x_wconf 88' lang='lat' dir='ltr'><strong>attentam</strong></span> <span class='ocrx_word' id='word_1_596' title='bbox 2126 3232 2309 3299; x_wconf 89' lang='lat' dir='ltr'><strong>operis</strong></span> <span class='ocrx_word' id='word_1_597' title='bbox 2340 3231 2441 3285; x_wconf 88' lang='lat' dir='ltr'><strong>sibi</strong></span> <span class='ocrx_word' id='word_1_598' title='bbox 2486 3229 2863 3284; x_wconf 84' lang='lat' dir='ltr'><strong>convenientis</strong></span> <span class='ocrx_word' id='word_1_599' title='bbox 2903 3227 3416 3290; x_wconf 89' lang='lat' dir='ltr'><strong>considerationem,</strong></span> 
     </span>
    </p>
   </div>
   <div class='ocr_carea' id='block_1_79' title="bbox 1839 3318 3419 3393">
    <p class='ocr_par' dir='ltr' id='par_1_79' title="bbox 1839 3318 3419 3393">
     <span class='ocr_line' id='line_1_79' title="bbox 1839 3318 3419 3393; baseline -0.006 -13"><span class='ocrx_word' id='word_1_600' title='bbox 1839 3326 2114 3380; x_wconf 90' lang='lat' dir='ltr'><strong>moderate</strong></span> <span class='ocrx_word' id='word_1_601' title='bbox 2141 3338 2235 3380; x_wconf 91' lang='lat' dir='ltr'><strong>eas</strong></span> <span class='ocrx_word' id='word_1_602' title='bbox 2283 3324 2553 3393; x_wconf 88' lang='lat' dir='ltr'><strong>aperiens,</strong></span> <span class='ocrx_word' id='word_1_603' title='bbox 2582 3322 2884 3375; x_wconf 89' lang='lat' dir='ltr'><strong>illustratur</strong></span> <span class='ocrx_word' id='word_1_604' title='bbox 2913 3337 2928 3386; x_wconf 89' lang='lat'><strong>;</strong></span> <span class='ocrx_word' id='word_1_605' title='bbox 2961 3318 3045 3373; x_wconf 90' lang='lat' dir='ltr'><strong>vel</strong></span> <span class='ocrx_word' id='word_1_606' title='bbox 3088 3328 3334 3386; x_wconf 87' lang='lat' dir='ltr'><strong>proterve</strong></span> <span class='ocrx_word' id='word_1_607' title='bbox 3360 3333 3419 3371; x_wconf 86' lang='lat' dir='ltr'><strong>se</strong></span> 
     </span>
    </p>
   </div>
   <div class='ocr_carea' id='block_1_80' title="bbox 1837 3412 3416 3490">
    <p class='ocr_par' dir='ltr' id='par_1_80' title="bbox 1837 3412 3416 3490">
     <span class='ocr_line' id='line_1_80' title="bbox 1837 3412 3416 3490; baseline -0.004 -19"><span class='ocrx_word' id='word_1_608' title='bbox 1837 3433 2032 3490; x_wconf 84' lang='lat' dir='ltr'><strong>gerens</strong></span> <span class='ocrx_word' id='word_1_609' title='bbox 2065 3417 2275 3471; x_wconf 85' lang='lat' dir='ltr'><strong>curiosa</strong></span> <span class='ocrx_word' id='word_1_610' title='bbox 2333 3431 2514 3469; x_wconf 90' lang='lat' dir='ltr'><strong>rerum</strong></span> <span class='ocrx_word' id='word_1_611' title='bbox 2574 3413 2906 3469; x_wconf 84' lang='lat' dir='ltr'><strong>exteriorum</strong></span> <span class='ocrx_word' id='word_1_612' title='bbox 2962 3412 3416 3474; x_wconf 87' lang='lat' dir='ltr'><strong>consideratione,</strong></span> 
     </span>
    </p>
   </div>
   <div class='ocr_carea' id='block_1_81' title="bbox 1839 3500 3419 3579">
    <p class='ocr_par' dir='ltr' id='par_1_81' title="bbox 1839 3500 3419 3579">
     <span class='ocr_line' id='line_1_81' title="bbox 1839 3500 3419 3579; baseline -0.006 -16"><span class='ocrx_word' id='word_1_613' title='bbox 1839 3509 1985 3564; x_wconf 88' lang='lat' dir='ltr'><strong>velut</strong></span> <span class='ocrx_word' id='word_1_614' title='bbox 2007 3507 2274 3579; x_wconf 88' lang='lat' dir='ltr'><strong>impudica</strong></span> <span class='ocrx_word' id='word_1_615' title='bbox 2301 3506 2549 3576; x_wconf 69' lang='lat' dir='ltr'><strong>quaedam</strong></span> <span class='ocrx_word' id='word_1_616' title='bbox 2582 3500 2859 3569; x_wconf 81' lang='lat' dir='ltr'><strong>meretrix,</strong></span> <span class='ocrx_word' id='word_1_617' title='bbox 2889 3502 3149 3571; x_wconf 87' lang='lat' dir='ltr'><strong>prospicit</strong></span> <span class='ocrx_word' id='word_1_618' title='bbox 3170 3503 3234 3554; x_wconf 91' lang='lat' dir='ltr'><strong>ad</strong></span> <span class='ocrx_word' id='word_1_619' title='bbox 3265 3501 3419 3554; x_wconf 90' lang='lat' dir='ltr'><strong>oble-</strong></span> 
     </span>
    </p>
   </div>
   <div class='ocr_carea' id='block_1_82' title="bbox 1841 3591 3419 3666">
    <p class='ocr_par' dir='ltr' id='par_1_82' title="bbox 1841 3591 3419 3666">
     <span class='ocr_line' id='line_1_82' title="bbox 1841 3591 3419 3666; baseline -0.008 -10"><span class='ocrx_word' id='word_1_620' title='bbox 1841 3609 2135 3663; x_wconf 90' lang='lat' dir='ltr'><strong>ctamenta,</strong></span> <span class='ocrx_word' id='word_1_621' title='bbox 2159 3598 2354 3653; x_wconf 90' lang='lat' dir='ltr'><strong>collum</strong></span> <span class='ocrx_word' id='word_1_622' title='bbox 2387 3612 2549 3666; x_wconf 86' lang='lat' dir='ltr'><strong>prave</strong></span> <span class='ocrx_word' id='word_1_623' title='bbox 2582 3606 2966 3666; x_wconf 83' lang='lat' dir='ltr'><strong>contorquens,</strong></span> <span class='ocrx_word' id='word_1_624' title='bbox 2998 3609 3062 3648; x_wconf 89' lang='lat' dir='ltr'><strong>ac</strong></span> <span class='ocrx_word' id='word_1_625' title='bbox 3092 3593 3143 3646; x_wconf 90' lang='lat' dir='ltr'><strong>in</strong></span> <span class='ocrx_word' id='word_1_626' title='bbox 3174 3591 3419 3660; x_wconf 91' lang='lat' dir='ltr'><strong>volupta-</strong></span> 
     </span>
    </p>
   </div>
   <div class='ocr_carea' id='block_1_83' title="bbox 1844 3680 3419 3759">
    <p class='ocr_par' dir='ltr' id='par_1_83' title="bbox 1844 3680 3419 3759">
     <span class='ocr_line' id='line_1_83' title="bbox 1844 3680 3419 3759; baseline -0.008 -13"><span class='ocrx_word' id='word_1_627' title='bbox 1844 3698 1925 3745; x_wconf 91' lang='lat' dir='ltr'><strong>tes</strong></span> <span class='ocrx_word' id='word_1_628' title='bbox 1953 3704 2047 3759; x_wconf 88' lang='lat' dir='ltr'><strong>per</strong></span> <span class='ocrx_word' id='word_1_629' title='bbox 2080 3688 2176 3742; x_wconf 90' lang='lat' dir='ltr'><strong>bas</strong></span> <span class='ocrx_word' id='word_1_630' title='bbox 2215 3686 2480 3741; x_wconf 80' lang='lat' dir='ltr'><strong>fenestras</strong></span> <span class='ocrx_word' id='word_1_631' title='bbox 2539 3684 2835 3738; x_wconf 85' lang='lat' dir='ltr'><strong>delabitur.</strong></span> <span class='ocrx_word' id='word_1_632' title='bbox 2895 3681 3031 3736; x_wconf 83' lang='lat' dir='ltr'><strong>Nam</strong></span> <span class='ocrx_word' id='word_1_633' title='bbox 3067 3696 3132 3736; x_wconf 81' lang='lat' dir='ltr'><strong>ex</strong></span> <span class='ocrx_word' id='word_1_634' title='bbox 3169 3680 3419 3734; x_wconf 87' lang='lat' dir='ltr'><strong>fenestris</strong></span> 
     </span>
    </p>
   </div>
   <div class='ocr_carea' id='block_1_84' title="bbox 1842 3770 3422 3846">
    <p class='ocr_par' dir='ltr' id='par_1_84' title="bbox 1842 3770 3422 3846">
     <span class='ocr_line' id='line_1_84' title="bbox 1842 3770 3422 3846; baseline -0.008 -11"><span class='ocrx_word' id='word_1_635' title='bbox 1842 3781 2035 3836; x_wconf 66' lang='lat' dir='ltr'><strong>aedium</strong></span> <span class='ocrx_word' id='word_1_636' title='bbox 2071 3792 2290 3833; x_wconf 90' lang='lat' dir='ltr'><strong>suarum</strong></span> <span class='ocrx_word' id='word_1_637' title='bbox 2322 3775 2657 3846; x_wconf 66' lang='lat' dir='ltr'><strong>prospiciens</strong></span> <span class='ocrx_word' id='word_1_638' title='bbox 2685 3773 2757 3839; x_wconf 80' lang='lat'><strong>&quot;,</strong></span> <span class='ocrx_word' id='word_1_639' title='bbox 2786 3786 3159 3842; x_wconf 88' lang='lat' dir='ltr'><strong>quemcunque</strong></span> <span class='ocrx_word' id='word_1_640' title='bbox 3182 3786 3249 3825; x_wconf 89' lang='lat' dir='ltr'><strong>ex</strong></span> <span class='ocrx_word' id='word_1_641' title='bbox 3288 3770 3422 3823; x_wconf 86' lang='lat' dir='ltr'><strong>insi-</strong></span> 
     </span>
    </p>
   </div>
   <div class='ocr_carea' id='block_1_85' title="bbox 1843 3861 3424 3944">
    <p class='ocr_par' dir='ltr' id='par_1_85' title="bbox 1843 3861 3424 3944">
     <span class='ocr_line' id='line_1_85' title="bbox 1843 3861 3424 3944; baseline -0.009 -17"><span class='ocrx_word' id='word_1_642' title='bbox 1843 3871 2115 3944; x_wconf 90' lang='lat' dir='ltr'><strong>pientibus</strong></span> <span class='ocrx_word' id='word_1_643' title='bbox 2149 3868 2273 3923; x_wconf 81' lang='lat' dir='ltr'><strong>filiis</strong></span> <span class='ocrx_word' id='word_1_644' title='bbox 2298 3868 2700 3922; x_wconf 87' lang='lat' dir='ltr'><strong>adolescentem</strong></span> <span class='ocrx_word' id='word_1_645' title='bbox 2743 3864 2939 3919; x_wconf 82' lang='lat' dir='ltr'><strong>tuentis</strong></span> <span class='ocrx_word' id='word_1_646' title='bbox 2980 3863 3190 3931; x_wconf 75' lang='lat' dir='ltr'><strong>irrupem</strong></span> <span class='ocrx_word' id='word_1_647' title='bbox 3234 3861 3424 3914; x_wconf 84' lang='lat' dir='ltr'><strong>viderit</strong></span> 
     </span>
    </p>
   </div>
   <div class='ocr_carea' id='block_1_86' title="bbox 1847 3954 3423 4029">
    <p class='ocr_par' dir='ltr' id='par_1_86' title="bbox 1847 3954 3423 4029">
     <span class='ocr_line' id='line_1_86' title="bbox 1847 3954 3423 4029; baseline -0.007 -10"><span class='ocrx_word' id='word_1_648' title='bbox 1847 3972 2238 4029; x_wconf 89' lang='lat' dir='ltr'><strong>transeuntem,</strong></span> <span class='ocrx_word' id='word_1_649' title='bbox 2262 3976 2326 4015; x_wconf 89' lang='lat' dir='ltr'><strong>ea</strong></span> <span class='ocrx_word' id='word_1_650' title='bbox 2377 3959 2638 4028; x_wconf 92' lang='lat' dir='ltr'><strong>loquitur,</strong></span> <span class='ocrx_word' id='word_1_651' title='bbox 2685 3956 2879 4026; x_wconf 90' lang='lat' dir='ltr'><strong>quibus</strong></span> <span class='ocrx_word' id='word_1_652' title='bbox 2919 3954 3029 4022; x_wconf 89' lang='lat' dir='ltr'><strong>jam</strong></span> <span class='ocrx_word' id='word_1_653' title='bbox 3082 3955 3423 4024; x_wconf 87' lang='lat' dir='ltr'><strong>semetipsam</strong></span> 
     </span>
    </p>
   </div>
   <div class='ocr_carea' id='block_1_87' title="bbox 1843 4048 3425 4126">
    <p class='ocr_par' dir='ltr' id='par_1_87' title="bbox 1843 4048 3425 4126">
     <span class='ocr_line' id='line_1_87' title="bbox 1843 4048 3425 4126; baseline -0.008 -15"><span class='ocrx_word' id='word_1_654' title='bbox 1843 4058 1911 4111; x_wconf 90' lang='lat' dir='ltr'><strong>ad</strong></span> <span class='ocrx_word' id='word_1_655' title='bbox 1944 4054 2416 4126; x_wconf 89' lang='lat' dir='ltr'><strong>intemperantiam</strong></span> <span class='ocrx_word' id='word_1_656' title='bbox 2442 4052 2512 4106; x_wconf 88' lang='lat' dir='ltr'><strong>ob</strong></span> <span class='ocrx_word' id='word_1_657' title='bbox 2534 4049 2839 4116; x_wconf 90' lang='lat' dir='ltr'><strong>petulantes</strong></span> <span class='ocrx_word' id='word_1_658' title='bbox 2866 4060 2919 4103; x_wconf 90' lang='lat' dir='ltr'><strong>et</strong></span> <span class='ocrx_word' id='word_1_659' title='bbox 2937 4048 3277 4103; x_wconf 81' lang='lat' dir='ltr'><strong>errabundas</strong></span> <span class='ocrx_word' id='word_1_660' title='bbox 3303 4060 3425 4101; x_wconf 85' lang='lat' dir='ltr'><strong>sen-</strong></span> 
     </span>
    </p>
   </div>
   <div class='ocr_carea' id='block_1_88' title="bbox 1845 4139 3423 4208">
    <p class='ocr_par' dir='ltr' id='par_1_88' title="bbox 1845 4139 3423 4208">
     <span class='ocr_line' id='line_1_88' title="bbox 1845 4139 3423 4208; baseline -0.008 -4"><span class='ocrx_word' id='word_1_661' title='bbox 1845 4164 1937 4204; x_wconf 90' lang='lat' dir='ltr'><strong>sus</strong></span> <span class='ocrx_word' id='word_1_662' title='bbox 1968 4157 2134 4202; x_wconf 86' lang='lat' dir='ltr'><strong>lotam</strong></span> <span class='ocrx_word' id='word_1_663' title='bbox 2168 4143 2441 4199; x_wconf 86' lang='lat' dir='ltr'><strong>instruxit.</strong></span> <span class='ocrx_word' id='word_1_664' title='bbox 2472 4141 2601 4207; x_wconf 74' lang='lat' dir='ltr'><strong>Qute</strong></span> <span class='ocrx_word' id='word_1_665' title='bbox 2643 4150 2825 4195; x_wconf 85' lang='lat' dir='ltr'><strong>autem</strong></span> <span class='ocrx_word' id='word_1_666' title='bbox 2856 4140 2999 4194; x_wconf 84' lang='lat' dir='ltr'><strong>intus</strong></span> <span class='ocrx_word' id='word_1_667' title='bbox 3026 4140 3212 4208; x_wconf 84' lang='lat' dir='ltr'><strong>pudica</strong></span> <span class='ocrx_word' id='word_1_668' title='bbox 3244 4149 3346 4201; x_wconf 89' lang='lat' dir='ltr'><strong>est,</strong></span> <span class='ocrx_word' id='word_1_669' title='bbox 3369 4139 3423 4192; x_wconf 85' lang='lat' dir='ltr'><strong>in</strong></span> 
     </span>
    </p>
   </div>
   <div class='ocr_carea' id='block_1_89' title="bbox 1846 4229 3425 4300">
    <p class='ocr_par' dir='ltr' id='par_1_89' title="bbox 1846 4229 3425 4300">
     <span class='ocr_line' id='line_1_89' title="bbox 1846 4229 3425 4300; baseline -0.007 -8"><span class='ocrx_word' id='word_1_670' title='bbox 1846 4238 2026 4292; x_wconf 91' lang='lat' dir='ltr'><strong>medio</strong></span> <span class='ocrx_word' id='word_1_671' title='bbox 2067 4234 2267 4299; x_wconf 90' lang='lat' dir='ltr'><strong>cordis,</strong></span> <span class='ocrx_word' id='word_1_672' title='bbox 2299 4242 2552 4300; x_wconf 89' lang='lat' dir='ltr'><strong>tanquam</strong></span> <span class='ocrx_word' id='word_1_673' title='bbox 2584 4231 2635 4284; x_wconf 94' lang='lat' dir='ltr'><strong>in</strong></span> <span class='ocrx_word' id='word_1_674' title='bbox 2682 4232 2873 4284; x_wconf 90' lang='lat' dir='ltr'><strong>domus</strong></span> <span class='ocrx_word' id='word_1_675' title='bbox 2918 4230 3115 4299; x_wconf 78' lang='lat' dir='ltr'><strong>adytis,</strong></span> <span class='ocrx_word' id='word_1_676' title='bbox 3145 4229 3425 4298; x_wconf 80' lang='lat' dir='ltr'><strong>cogitatio-</strong></span> 
     </span>
    </p>
   </div>
   <div class='ocr_carea' id='block_1_90' title="bbox 191 4316 1735 4409">
    <p class='ocr_par' dir='ltr' id='par_1_90' title="bbox 191 4333 1735 4409">
     <span class='ocr_line' id='line_1_90' title="bbox 191 4333 1735 4409; baseline -0.003 -19"><span class='ocrx_word' id='word_1_677' title='bbox 191 4338 249 4390; x_wconf 83' lang='grc' dir='ltr'><strong><em>Ἡ</em></strong></span> <span class='ocrx_word' id='word_1_678' title='bbox 266 4338 319 4391; x_wconf 75' lang='grc' dir='ltr'>δὲ</span> <span class='ocrx_word' id='word_1_679' title='bbox 352 4337 585 4409; x_wconf 81' lang='grc' dir='ltr'>σώφρων</span> <span class='ocrx_word' id='word_1_680' title='bbox 613 4335 780 4401; x_wconf 72' lang='grc' dir='ltr'>ἔνδον,</span> <span class='ocrx_word' id='word_1_681' title='bbox 809 4335 972 4405; x_wconf 79' lang='grc' dir='ltr'>φημὶ,</span> <span class='ocrx_word' id='word_1_682' title='bbox 1007 4333 1259 4404; x_wconf 80' lang='grc' dir='ltr'>καθάπερ</span> <span class='ocrx_word' id='word_1_683' title='bbox 1282 4333 1375 4395; x_wconf 78' lang='grc' dir='ltr'>ἐπὶ</span> <span class='ocrx_word' id='word_1_684' title='bbox 1408 4333 1615 4399; x_wconf 80' lang='grc' dir='ltr'>ἑστίας,</span> <span class='ocrx_word' id='word_1_685' title='bbox 1647 4335 1735 4405; x_wconf 84' lang='grc' dir='ltr'><strong>τῆς</strong></span> 
     </span>
    </p>
   </div>
   <div class='ocr_carea' id='block_1_91' title="bbox 1849 4316 3427 4409">
    <p class='ocr_par' dir='ltr' id='par_1_91' title="bbox 1849 4319 3427 4387">
     <span class='ocr_line' id='line_1_91' title="bbox 1849 4319 3427 4387; baseline -0.008 -3"><span class='ocrx_word' id='word_1_686' title='bbox 1849 4346 1973 4384; x_wconf 90' lang='lat' dir='ltr'><strong>num</strong></span> <span class='ocrx_word' id='word_1_687' title='bbox 2007 4338 2064 4383; x_wconf 90' lang='lat' dir='ltr'><strong>et</strong></span> <span class='ocrx_word' id='word_1_688' title='bbox 2094 4341 2350 4381; x_wconf 87' lang='lat' dir='ltr'><strong>sensuum</strong></span> <span class='ocrx_word' id='word_1_689' title='bbox 2381 4324 2564 4378; x_wconf 88' lang='lat' dir='ltr'><strong>sedem</strong></span> <span class='ocrx_word' id='word_1_690' title='bbox 2596 4321 2956 4383; x_wconf 87' lang='lat' dir='ltr'><strong>constituens,</strong></span> <span class='ocrx_word' id='word_1_691' title='bbox 2984 4321 3028 4373; x_wconf 93' lang='lat' dir='ltr'><strong>si</strong></span> <span class='ocrx_word' id='word_1_692' title='bbox 3056 4319 3183 4387; x_wconf 90' lang='lat' dir='ltr'><strong>quid</strong></span> <span class='ocrx_word' id='word_1_693' title='bbox 3224 4320 3290 4373; x_wconf 91' lang='lat' dir='ltr'><strong>ad</strong></span> <span class='ocrx_word' id='word_1_694' title='bbox 3314 4320 3427 4373; x_wconf 84' lang='lat' dir='ltr'><strong>vir-</strong></span> 
     </span>
    </p>
   </div>
   <div class='ocr_carea' id='block_1_92' title="bbox 181 4410 1735 4499">
    <p class='ocr_par' dir='ltr' id='par_1_92' title="bbox 181 4423 1735 4499">
     <span class='ocr_line' id='line_1_92' title="bbox 181 4423 1735 4499; baseline 0 -22"><span class='ocrx_word' id='word_1_695' title='bbox 181 4428 231 4478; x_wconf 80' lang='grc' dir='ltr'>ὲν</span> <span class='ocrx_word' id='word_1_696' title='bbox 262 4429 401 4499; x_wconf 81' lang='grc' dir='ltr'>μέσῳ</span> <span class='ocrx_word' id='word_1_697' title='bbox 428 4425 675 4498; x_wconf 83' lang='grc' dir='ltr'>καρδίας,</span> <span class='ocrx_word' id='word_1_698' title='bbox 698 4425 788 4477; x_wconf 82' lang='grc' dir='ltr'><strong>τὸν</strong></span> <span class='ocrx_word' id='word_1_699' title='bbox 819 4424 926 4477; x_wconf 89' lang='grc' dir='ltr'><strong>τῶν</strong></span> <span class='ocrx_word' id='word_1_700' title='bbox 945 4423 1219 4494; x_wconf 88' lang='grc' dir='ltr'>λογισμῶν</span> <span class='ocrx_word' id='word_1_701' title='bbox 1246 4440 1303 4475; x_wconf 91' lang='grc' dir='ltr'><strong>τε</strong></span> <span class='ocrx_word' id='word_1_702' title='bbox 1322 4424 1416 4476; x_wconf 79' lang='grc' dir='ltr'><strong>καὶ</strong></span> <span class='ocrx_word' id='word_1_703' title='bbox 1439 4424 1735 4496; x_wconf 78' lang='grc' dir='ltr'>αἰσθήσεων</span> 
     </span>
    </p>
   </div>
   <div class='ocr_carea' id='block_1_93' title="bbox 1849 4410 3425 4499">
    <p class='ocr_par' dir='ltr' id='par_1_93' title="bbox 1851 4410 3425 4483">
     <span class='ocr_line' id='line_1_93' title="bbox 1851 4410 3425 4483; baseline -0.009 -7"><span class='ocrx_word' id='word_1_704' title='bbox 1851 4433 2016 4476; x_wconf 90' lang='lat' dir='ltr'><strong>tutem</strong></span> <span class='ocrx_word' id='word_1_705' title='bbox 2063 4418 2217 4483; x_wconf 89' lang='lat' dir='ltr'><strong>utile,</strong></span> <span class='ocrx_word' id='word_1_706' title='bbox 2252 4424 2309 4471; x_wconf 84' lang='lat' dir='ltr'><strong>et</strong></span> <span class='ocrx_word' id='word_1_707' title='bbox 2340 4416 2406 4469; x_wconf 83' lang='lat' dir='ltr'><strong>ab</strong></span> <span class='ocrx_word' id='word_1_708' title='bbox 2443 4415 2589 4468; x_wconf 92' lang='lat' dir='ltr'><strong>omni</strong></span> <span class='ocrx_word' id='word_1_709' title='bbox 2624 4413 2754 4465; x_wconf 86' lang='lat' dir='ltr'><strong>vitio</strong></span> <span class='ocrx_word' id='word_1_710' title='bbox 2802 4428 2992 4479; x_wconf 89' lang='lat' dir='ltr'><strong>purum</strong></span> <span class='ocrx_word' id='word_1_711' title='bbox 3029 4410 3228 4476; x_wconf 75' lang='lat' dir='ltr'><strong>afﬂuat,</strong></span> <span class='ocrx_word' id='word_1_712' title='bbox 3260 4410 3425 4482; x_wconf 75' lang='lat'><strong>633</strong></span> 
     </span>
    </p>
   </div>
   <div class='ocr_carea' id='block_1_94' title="bbox 180 4514 1733 4591">
    <p class='ocr_par' dir='ltr' id='par_1_94' title="bbox 180 4514 1733 4591">
     <span class='ocr_line' id='line_1_94' title="bbox 180 4514 1733 4591; baseline -0.004 -19"><span class='ocrx_word' id='word_1_713' title='bbox 180 4519 349 4591; x_wconf 62' lang='lat' dir='ltr'><strong>(ip/nov</strong></span> <span class='ocrx_word' id='word_1_714' title='bbox 380 4518 699 4584; x_wconf 76' lang='grc' dir='ltr'>καθίζουσα,</span> <span class='ocrx_word' id='word_1_715' title='bbox 730 4516 859 4570; x_wconf 78' lang='grc' dir='ltr'>εἴτι</span> <span class='ocrx_word' id='word_1_716' title='bbox 901 4517 997 4587; x_wconf 81' lang='grc' dir='ltr'><strong>μὲν</strong></span> <span class='ocrx_word' id='word_1_717' title='bbox 1045 4515 1303 4588; x_wconf 89' lang='grc' dir='ltr'>χρειῶδες</span> <span class='ocrx_word' id='word_1_718' title='bbox 1348 4514 1485 4587; x_wconf 81' lang='grc' dir='ltr'>πρὸς</span> <span class='ocrx_word' id='word_1_719' title='bbox 1511 4515 1733 4587; x_wconf 80' lang='grc' dir='ltr'>ἀρετὴν,</span> 
     </span>
    </p>
   </div>
   <div class='ocr_carea' id='block_1_95' title="bbox 182 4607 1734 4683">
    <p class='ocr_par' dir='ltr' id='par_1_95' title="bbox 182 4607 1734 4683">
     <span class='ocr_line' id='line_1_95' title="bbox 182 4607 1734 4683; baseline -0.001 -21"><span class='ocrx_word' id='word_1_720' title='bbox 182 4610 402 4683; x_wconf 77' lang='grc' dir='ltr'>καθαρὸν</span> <span class='ocrx_word' id='word_1_721' title='bbox 446 4609 648 4672; x_wconf 82' lang='grc' dir='ltr'>παντὸς</span> <span class='ocrx_word' id='word_1_722' title='bbox 692 4607 899 4671; x_wconf 86' lang='grc' dir='ltr'>πάθους</span> <span class='ocrx_word' id='word_1_723' title='bbox 942 4607 1085 4679; x_wconf 78' lang='grc' dir='ltr'>ῥέον,</span> <span class='ocrx_word' id='word_1_724' title='bbox 1131 4608 1461 4678; x_wconf 75' lang='grc' dir='ltr'>εἰσδέχεται·</span> <span class='ocrx_word' id='word_1_725' title='bbox 1506 4608 1560 4660; x_wconf 82' lang='grc' dir='ltr'><strong>εί</strong></span> <span class='ocrx_word' id='word_1_726' title='bbox 1591 4624 1644 4660; x_wconf 92' lang='grc' dir='ltr'><strong>τι</strong></span> <span class='ocrx_word' id='word_1_727' title='bbox 1690 4608 1734 4661; x_wconf 81' lang='grc' dir='ltr'>δ’</span> 
     </span>
    </p>
   </div>
   <div class='ocr_carea' id='block_1_96' title="bbox 180 4695 1738 4770">
    <p class='ocr_par' dir='ltr' id='par_1_96' title="bbox 180 4695 1738 4770">
     <span class='ocr_line' id='line_1_96' title="bbox 180 4695 1738 4770; baseline -0.002 -19"><span class='ocrx_word' id='word_1_728' title='bbox 180 4698 381 4770; x_wconf 83' lang='grc' dir='ltr'>ἀχρεῖον</span> <span class='ocrx_word' id='word_1_729' title='bbox 404 4701 499 4754; x_wconf 76' lang='grc' dir='ltr'>καὶ</span> <span class='ocrx_word' id='word_1_730' title='bbox 539 4698 814 4769; x_wconf 87' lang='grc' dir='ltr'>ἀλλότριον</span> <span class='ocrx_word' id='word_1_731' title='bbox 847 4697 1070 4767; x_wconf 88' lang='grc' dir='ltr'>ταύτης,</span> <span class='ocrx_word' id='word_1_732' title='bbox 1099 4697 1202 4763; x_wconf 79' lang='grc' dir='ltr'><strong>ἔξω</strong></span> <span class='ocrx_word' id='word_1_733' title='bbox 1230 4695 1336 4749; x_wconf 88' lang='grc' dir='ltr'><strong>τῶν</strong></span> <span class='ocrx_word' id='word_1_734' title='bbox 1367 4695 1595 4767; x_wconf 84' lang='grc' dir='ltr'>θυρίδων</span> <span class='ocrx_word' id='word_1_735' title='bbox 1621 4698 1738 4762; x_wconf 85' lang='grc' dir='ltr'>ταῖς</span> 
     </span>
    </p>
   </div>
   <div class='ocr_carea' id='block_1_97' title="bbox 182 4788 1741 4864">
    <p class='ocr_par' dir='ltr' id='par_1_97' title="bbox 182 4788 1741 4864">
     <span class='ocr_line' id='line_1_97' title="bbox 182 4788 1741 4864; baseline -0.007 -14"><span class='ocrx_word' id='word_1_736' title='bbox 182 4790 270 4860; x_wconf 75' lang='grc' dir='ltr'><strong>τῆς</strong></span> <span class='ocrx_word' id='word_1_737' title='bbox 301 4794 610 4864; x_wconf 83' lang='grc' dir='ltr'>φρονήσεως</span> <span class='ocrx_word' id='word_1_738' title='bbox 637 4790 821 4861; x_wconf 69' lang='grc' dir='ltr'>χερσὶν</span> <span class='ocrx_word' id='word_1_739' title='bbox 874 4789 1045 4851; x_wconf 84' lang='grc' dir='ltr'>αὐτὰς</span> <span class='ocrx_word' id='word_1_740' title='bbox 1089 4788 1465 4860; x_wconf 81' lang='grc' dir='ltr'>ὲπερείδουσα,</span> <span class='ocrx_word' id='word_1_741' title='bbox 1504 4788 1741 4853; x_wconf 89' lang='grc' dir='ltr'>συνετῶς</span> 
     </span>
    </p>
   </div>
   <div class='ocr_carea' id='block_1_98' title="bbox 183 4880 1743 4965">
    <p class='ocr_par' dir='ltr' id='par_1_98' title="bbox 183 4880 1743 4965">
     <span class='ocr_line' id='line_1_98' title="bbox 183 4880 1743 4965; baseline 0.003 -30"><span class='ocrx_word' id='word_1_742' title='bbox 183 4882 462 4947; x_wconf 84' lang='grc' dir='ltr'>ἀποκλείει.</span> <span class='ocrx_word' id='word_1_743' title='bbox 491 4881 702 4939; x_wconf 82' lang='grc' dir='ltr'>Οὐκοῦν</span> <span class='ocrx_word' id='word_1_744' title='bbox 728 4883 789 4935; x_wconf 81' lang='grc' dir='ltr'><strong>ού</strong></span> <span class='ocrx_word' id='word_1_745' title='bbox 817 4881 898 4945; x_wconf 82' lang='grc' dir='ltr'><strong>δεῖ</strong></span> <span class='ocrx_word' id='word_1_746' title='bbox 922 4880 1022 4965; x_wconf 72' lang='grc' dir='ltr'>τὴν</span> <span class='ocrx_word' id='word_1_747' title='bbox 1053 4882 1118 4934; x_wconf 77' lang='grc' dir='ltr'>ὲκ</span> <span class='ocrx_word' id='word_1_748' title='bbox 1147 4882 1247 4949; x_wconf 87' lang='grc' dir='ltr'><strong>τῆς</strong></span> <span class='ocrx_word' id='word_1_749' title='bbox 1284 4880 1602 4953; x_wconf 87' lang='grc' dir='ltr'>συμπλοκῆς</span> <span class='ocrx_word' id='word_1_750' title='bbox 1621 4880 1743 4950; x_wconf 77' lang='grc' dir='ltr'>φεύ-</span> 
     </span>
    </p>
   </div>
   <div class='ocr_carea' id='block_1_99' title="bbox 247 5051 1248 5129">
    <p class='ocr_par' dir='ltr' id='par_1_99' title="bbox 247 5051 1248 5129">
     <span class='ocr_line' id='line_1_99' title="bbox 247 5051 1248 5129; baseline -0.002 -14"><span class='ocrx_word' id='word_1_751' title='bbox 247 5060 289 5092; x_wconf 80' lang='grc'><strong>⁸⁶</strong></span> <span class='ocrx_word' id='word_1_752' title='bbox 306 5059 504 5119; x_wconf 80' lang='lat' dir='ltr'><strong>Jerem.</strong></span> <span class='ocrx_word' id='word_1_753' title='bbox 535 5077 610 5129; x_wconf 75' lang='grc' dir='ltr'>ιι,</span> <span class='ocrx_word' id='word_1_754' title='bbox 640 5060 695 5114; x_wconf 79' lang='lat'><strong>2.</strong></span> <span class='ocrx_word' id='word_1_755' title='bbox 772 5059 818 5092; x_wconf 81' lang='lat'><strong>&quot;</strong></span> <span class='ocrx_word' id='word_1_756' title='bbox 850 5056 1011 5113; x_wconf 86' lang='lat' dir='ltr'><strong>Prov.</strong></span> <span class='ocrx_word' id='word_1_757' title='bbox 1047 5073 1141 5121; x_wconf 87' lang='lat' dir='ltr'><strong>vn,</strong></span> <span class='ocrx_word' id='word_1_758' title='bbox 1182 5051 1248 5113; x_wconf 75' lang='lat'><strong>6.</strong></span> 
     </span>
    </p>
   </div>
   <div class='ocr_carea' id='block_1_100' title="bbox 1840 4503 3428 4574">
    <p class='ocr_par' dir='ltr' id='par_1_100' title="bbox 1840 4503 3428 4574">
     <span class='ocr_line' id='line_1_100' title="bbox 1840 4503 3428 4574; baseline -0.009 -6"><span class='ocrx_word' id='word_1_759' title='bbox 1840 4514 1969 4569; x_wconf 89' lang='lat' dir='ltr'><strong>illud</strong></span> <span class='ocrx_word' id='word_1_760' title='bbox 1997 4510 2232 4565; x_wconf 89' lang='lat' dir='ltr'><strong>admittit</strong></span> <span class='ocrx_word' id='word_1_761' title='bbox 2252 4525 2266 4563; x_wconf 88' lang='lat'><strong>:</strong></span> <span class='ocrx_word' id='word_1_762' title='bbox 2286 4507 2329 4562; x_wconf 93' lang='lat' dir='ltr'><strong>si</strong></span> <span class='ocrx_word' id='word_1_763' title='bbox 2358 4505 2484 4574; x_wconf 87' lang='lat' dir='ltr'><strong>quid</strong></span> <span class='ocrx_word' id='word_1_764' title='bbox 2511 4513 2689 4557; x_wconf 88' lang='lat' dir='ltr'><strong>autem</strong></span> <span class='ocrx_word' id='word_1_765' title='bbox 2719 4503 2901 4556; x_wconf 90' lang='lat' dir='ltr'><strong>inutile</strong></span> <span class='ocrx_word' id='word_1_766' title='bbox 2928 4512 2982 4556; x_wconf 91' lang='lat' dir='ltr'><strong>et</strong></span> <span class='ocrx_word' id='word_1_767' title='bbox 3012 4520 3041 4555; x_wconf 88' lang='lat' dir='ltr'><strong>a</strong></span> <span class='ocrx_word' id='word_1_768' title='bbox 3082 4503 3277 4556; x_wconf 80' lang='lat' dir='ltr'><strong>virtute</strong></span> <span class='ocrx_word' id='word_1_769' title='bbox 3302 4503 3428 4555; x_wconf 84' lang='lat' dir='ltr'><strong>alie-</strong></span> 
     </span>
    </p>
   </div>
   <div class='ocr_carea' id='block_1_101' title="bbox 1843 4595 3428 4670">
    <p class='ocr_par' dir='ltr' id='par_1_101' title="bbox 1843 4595 3428 4670">
     <span class='ocr_line' id='line_1_101' title="bbox 1843 4595 3428 4670; baseline -0.008 -8"><span class='ocrx_word' id='word_1_770' title='bbox 1843 4622 1992 4670; x_wconf 90' lang='lat' dir='ltr'><strong>num,</strong></span> <span class='ocrx_word' id='word_1_771' title='bbox 2025 4612 2179 4660; x_wconf 82' lang='lat' dir='ltr'><strong>extra</strong></span> <span class='ocrx_word' id='word_1_772' title='bbox 2209 4601 2503 4659; x_wconf 84' lang='lat' dir='ltr'><strong>fenestras,</strong></span> <span class='ocrx_word' id='word_1_773' title='bbox 2536 4597 2833 4665; x_wconf 83' lang='lat' dir='ltr'><strong>prudentiae</strong></span> <span class='ocrx_word' id='word_1_774' title='bbox 2870 4595 3115 4649; x_wconf 86' lang='lat' dir='ltr'><strong>manibus</strong></span> <span class='ocrx_word' id='word_1_775' title='bbox 3148 4610 3240 4649; x_wconf 86' lang='lat' dir='ltr'><strong>eas</strong></span> <span class='ocrx_word' id='word_1_776' title='bbox 3267 4595 3428 4650; x_wconf 89' lang='lat' dir='ltr'><strong>obse-</strong></span> 
     </span>
    </p>
   </div>
   <div class='ocr_carea' id='block_1_102' title="bbox 1847 4675 3426 4764">
    <p class='ocr_par' dir='ltr' id='par_1_102' title="bbox 1847 4675 3426 4764">
     <span class='ocr_line' id='line_1_102' title="bbox 1847 4675 3426 4764; baseline -0.009 -12"><span class='ocrx_word' id='word_1_777' title='bbox 1847 4713 2011 4760; x_wconf 85' lang='lat' dir='ltr'><strong>rans,</strong></span> <span class='ocrx_word' id='word_1_778' title='bbox 2057 4694 2329 4764; x_wconf 82' lang='lat' dir='ltr'><strong>sapienter</strong></span> <span class='ocrx_word' id='word_1_779' title='bbox 2394 4689 2650 4744; x_wconf 83' lang='lat' dir='ltr'><strong>excludit.</strong></span> <span class='ocrx_word' id='word_1_780' title='bbox 2697 4686 2812 4741; x_wconf 86' lang='lat' dir='ltr'><strong>Non</strong></span> <span class='ocrx_word' id='word_1_781' title='bbox 2868 4689 3067 4742; x_wconf 85' lang='lat' dir='ltr'><strong>debent</strong></span> <span class='ocrx_word' id='word_1_782' title='bbox 3118 4687 3281 4757; x_wconf 78' lang='lat' dir='ltr'><strong>igitur</strong></span> <span class='ocrx_word' id='word_1_783' title='bbox 3332 4675 3426 4757; x_wconf 77' lang='lat' dir='ltr'><strong>qui</strong></span> 
     </span>
    </p>
   </div>
   <div class='ocr_carea' id='block_1_103' title="bbox 1846 4768 3428 4856">
    <p class='ocr_par' dir='ltr' id='par_1_103' title="bbox 1846 4768 3428 4856">
     <span class='ocr_line' id='line_1_103' title="bbox 1846 4768 3428 4856; baseline -0.005 -12"><span class='ocrx_word' id='word_1_784' title='bbox 1846 4788 2081 4844; x_wconf 85' lang='lat' dir='ltr'><strong>carnalis</strong></span> <span class='ocrx_word' id='word_1_785' title='bbox 2108 4785 2311 4856; x_wconf 56' lang='lat' dir='ltr'><strong>copulae</strong></span> <span class='ocrx_word' id='word_1_786' title='bbox 2363 4794 2641 4854; x_wconf 86' lang='lat' dir='ltr'><strong>peccatum</strong></span> <span class='ocrx_word' id='word_1_787' title='bbox 2678 4783 2909 4851; x_wconf 67' lang='lat' dir='ltr'><strong>fugiunt,</strong></span> <span class='ocrx_word' id='word_1_788' title='bbox 2951 4768 3297 4851; x_wconf 86' lang='lat' dir='ltr'><strong>periculosis,</strong></span> <span class='ocrx_word' id='word_1_789' title='bbox 3331 4796 3428 4850; x_wconf 88' lang='lat' dir='ltr'><strong>per</strong></span> 
     </span>
    </p>
   </div>
   <div class='ocr_carea' id='block_1_104' title="bbox 1846 4873 3427 4945">
    <p class='ocr_par' dir='ltr' id='par_1_104' title="bbox 1846 4873 3427 4945">
     <span class='ocr_line' id='line_1_104' title="bbox 1846 4873 3427 4945; baseline -0.005 -9"><span class='ocrx_word' id='word_1_790' title='bbox 1846 4894 1941 4936; x_wconf 83' lang='lat' dir='ltr'><strong>eas</strong></span> <span class='ocrx_word' id='word_1_791' title='bbox 1968 4895 2055 4934; x_wconf 87' lang='lat' dir='ltr'><strong>res</strong></span> <span class='ocrx_word' id='word_1_792' title='bbox 2081 4888 2137 4935; x_wconf 91' lang='lat' dir='ltr'><strong>et</strong></span> <span class='ocrx_word' id='word_1_793' title='bbox 2163 4879 2216 4933; x_wconf 92' lang='lat' dir='ltr'><strong>in</strong></span> <span class='ocrx_word' id='word_1_794' title='bbox 2240 4878 2309 4932; x_wconf 88' lang='lat' dir='ltr'><strong>iis</strong></span> <span class='ocrx_word' id='word_1_795' title='bbox 2338 4877 2501 4931; x_wconf 89' lang='lat' dir='ltr'><strong>rebus</strong></span> <span class='ocrx_word' id='word_1_796' title='bbox 2528 4889 2664 4944; x_wconf 87' lang='lat' dir='ltr'><strong>quas</strong></span> <span class='ocrx_word' id='word_1_797' title='bbox 2695 4875 2951 4940; x_wconf 80' lang='lat' dir='ltr'><strong>diximus,</strong></span> <span class='ocrx_word' id='word_1_798' title='bbox 2971 4874 3235 4945; x_wconf 87' lang='lat' dir='ltr'><strong>implicari</strong></span> <span class='ocrx_word' id='word_1_799' title='bbox 3264 4873 3427 4943; x_wconf 86' lang='lat' dir='ltr'><strong>lapsi-</strong></span> 
     </span>
    </p>
   </div>
   <div class='ocr_carea' id='block_1_105' title="bbox 250 5212 1735 5289">
    <p class='ocr_par' dir='ltr' id='par_1_105' title="bbox 250 5217 1735 5289">
     <span class='ocr_line' id='line_1_105' title="bbox 250 5217 1735 5289; baseline -0.005 -10"><span class='ocrx_word' id='word_1_800' title='bbox 250 5224 354 5289; x_wconf 66' lang='grc'><strong>(46)</strong></span> <span class='ocrx_word' id='word_1_801' title='bbox 386 5228 461 5281; x_wconf 90' lang='grc' dir='ltr'><strong>Ἢ</strong></span> <span class='ocrx_word' id='word_1_802' title='bbox 486 5223 928 5287; x_wconf 74' lang='grc' dir='ltr'>ἀποκλεισθείς.</span> <span class='ocrx_word' id='word_1_803' title='bbox 959 5220 1037 5274; x_wconf 80' lang='lat' dir='ltr'><strong>Ita</strong></span> <span class='ocrx_word' id='word_1_804' title='bbox 1076 5234 1207 5273; x_wconf 86' lang='lat' dir='ltr'><strong>mss.</strong></span> <span class='ocrx_word' id='word_1_805' title='bbox 1254 5226 1506 5288; x_wconf 88' lang='lat' dir='ltr'><strong>quatuor,</strong></span> <span class='ocrx_word' id='word_1_806' title='bbox 1541 5217 1735 5283; x_wconf 82' lang='lat' dir='ltr'><strong>quibus</strong></span> 
     </span>
    </p>
   </div>
   <div class='ocr_carea' id='block_1_106' title="bbox 1849 5212 2606 5289">
    <p class='ocr_par' dir='ltr' id='par_1_106' title="bbox 1849 5212 2606 5289">
     <span class='ocr_line' id='line_1_106' title="bbox 1849 5212 2606 5289; baseline -0.007 -19"><span class='ocrx_word' id='word_1_807' title='bbox 1849 5232 1997 5289; x_wconf 60' lang='lat' dir='ltr'><strong>quam</strong></span> <span class='ocrx_word' id='word_1_808' title='bbox 2038 5216 2192 5289; x_wconf 84' lang='lat' dir='ltr'><strong>editi,</strong></span> <span class='ocrx_word' id='word_1_809' title='bbox 2233 5212 2606 5289; x_wconf 37' lang='lat' dir='ltr'><strong>3:53;...80xst.</strong></span> 
     </span>
    </p>
   </div>
   <div class='ocr_carea' id='block_1_107' title="bbox 189 5289 1739 5363">
    <p class='ocr_par' dir='ltr' id='par_1_107' title="bbox 189 5289 1739 5363">
     <span class='ocr_line' id='line_1_107' title="bbox 189 5289 1739 5363; baseline -0.001 -20"><span class='ocrx_word' id='word_1_810' title='bbox 189 5289 317 5348; x_wconf 72' lang='lat' dir='ltr'><strong>favet,</strong></span> <span class='ocrx_word' id='word_1_811' title='bbox 340 5296 538 5350; x_wconf 71' lang='lat' dir='ltr'><strong>veneta</strong></span> <span class='ocrx_word' id='word_1_812' title='bbox 570 5296 762 5361; x_wconf 70' lang='lat' dir='ltr'><strong>editio,</strong></span> <span class='ocrx_word' id='word_1_813' title='bbox 796 5295 851 5350; x_wconf 85' lang='lat' dir='ltr'><strong>in</strong></span> <span class='ocrx_word' id='word_1_814' title='bbox 886 5306 992 5363; x_wconf 80' lang='lat' dir='ltr'><strong>qua</strong></span> <span class='ocrx_word' id='word_1_815' title='bbox 1031 5289 1249 5360; x_wconf 86' lang='lat' dir='ltr'><strong>legitur,</strong></span> <span class='ocrx_word' id='word_1_816' title='bbox 1280 5292 1349 5346; x_wconf 86' lang='grc' dir='ltr'><strong>εί.</strong></span> <span class='ocrx_word' id='word_1_817' title='bbox 1390 5289 1739 5353; x_wconf 84' lang='lat' dir='ltr'><strong>Parisiensis,</strong></span> 
     </span>
    </p>
   </div>
   <div class='ocr_carea' id='block_1_108' title="bbox 187 5363 620 5430">
    <p class='ocr_par' dir='ltr' id='par_1_108' title="bbox 187 5363 620 5430">
     <span class='ocr_line' id='line_1_108' title="bbox 187 5363 620 5430; baseline 0.009 -17"><span class='ocrx_word' id='word_1_818' title='bbox 187 5363 214 5413; x_wconf 85' lang='grc' dir='ltr'><strong>ό</strong></span> <span class='ocrx_word' id='word_1_819' title='bbox 238 5364 620 5430; x_wconf 82' lang='grc' dir='ltr'>ἀποκλεισθείς.</span> 
     </span>
    </p>
   </div>
   <div class='ocr_carea' id='block_1_109' title="bbox 252 5425 1745 5506">
    <p class='ocr_par' dir='ltr' id='par_1_109' title="bbox 252 5425 1745 5506">
     <span class='ocr_line' id='line_1_109' title="bbox 252 5425 1745 5506; baseline -0.012 -8"><span class='ocrx_word' id='word_1_820' title='bbox 252 5425 635 5506; x_wconf 37' lang='grc' dir='ltr'><strong>(ῥῖν-Πάροδὸν</strong></span> <span class='ocrx_word' id='word_1_821' title='bbox 647 5434 843 5506; x_wconf 80' lang='grc' dir='ltr'>σχεῖν.</span> <span class='ocrx_word' id='word_1_822' title='bbox 863 5433 1111 5491; x_wconf 86' lang='lat' dir='ltr'><strong>Occurrit</strong></span> <span class='ocrx_word' id='word_1_823' title='bbox 1130 5431 1211 5487; x_wconf 81' lang='lat' dir='ltr'><strong>inf</strong></span> <span class='ocrx_word' id='word_1_824' title='bbox 1213 5447 1269 5485; x_wconf 91' lang='lat' dir='ltr'><strong>ra</strong></span> <span class='ocrx_word' id='word_1_825' title='bbox 1291 5428 1477 5484; x_wconf 89' lang='lat' dir='ltr'><strong>eadem</strong></span> <span class='ocrx_word' id='word_1_826' title='bbox 1493 5425 1745 5506; x_wconf 78' lang='lat' dir='ltr'><strong>loquendi</strong></span> 
     </span>
    </p>
   </div>
   <div class='ocr_carea' id='block_1_110' title="bbox 192 5497 1746 5574">
    <p class='ocr_par' dir='ltr' id='par_1_110' title="bbox 192 5497 1746 5574">
     <span class='ocr_line' id='line_1_110' title="bbox 192 5497 1746 5574; baseline -0.002 -23"><span class='ocrx_word' id='word_1_827' title='bbox 192 5497 405 5558; x_wconf 28' lang='lat' dir='ltr'><strong>ratio.’ln</strong></span> <span class='ocrx_word' id='word_1_828' title='bbox 426 5497 653 5574; x_wconf 55' lang='lat' dir='ltr'><strong>u&#39;troque</strong></span> <span class='ocrx_word' id='word_1_829' title='bbox 682 5497 800 5560; x_wconf 75' lang='lat' dir='ltr'><strong>loco</strong></span> <span class='ocrx_word' id='word_1_830' title='bbox 829 5506 1010 5567; x_wconf 83' lang='lat' dir='ltr'><strong>plures</strong></span> <span class='ocrx_word' id='word_1_831' title='bbox 1031 5506 1243 5558; x_wconf 81' lang='lat' dir='ltr'><strong>codices</strong></span> <span class='ocrx_word' id='word_1_832' title='bbox 1283 5516 1426 5574; x_wconf 84' lang='lat' dir='ltr'><strong>mss._</strong></span> <span class='ocrx_word' id='word_1_833' title='bbox 1450 5497 1618 5553; x_wconf 90' lang='lat' dir='ltr'><strong>secuti</strong></span> <span class='ocrx_word' id='word_1_834' title='bbox 1653 5513 1746 5574; x_wconf 80' lang='lat' dir='ltr'><strong>su-</strong></span> 
     </span>
    </p>
   </div>
   <div class='ocr_carea' id='block_1_111' title="bbox 194 5567 1747 5695">
    <p class='ocr_par' dir='ltr' id='par_1_111' title="bbox 194 5567 1747 5695">
     <span class='ocr_line' id='line_1_111' title="bbox 194 5567 1747 5695; baseline -0.006 -65"><span class='ocrx_word' id='word_1_835' title='bbox 194 5567 743 5695; x_wconf 48' lang='lat' dir='ltr'><strong>$:,€quoruttt&#39;lectio</strong></span> <span class='ocrx_word' id='word_1_836' title='bbox 761 5577 971 5631; x_wconf 88' lang='lat' dir='ltr'><strong>videtur</strong></span> <span class='ocrx_word' id='word_1_837' title='bbox 998 5573 1327 5646; x_wconf 67' lang='lat' dir='ltr'><strong>praeferenda</strong></span> <span class='ocrx_word' id='word_1_838' title='bbox 1344 5571 1588 5640; x_wconf 67' lang='lat' dir='ltr'><strong>vulgatae,</strong></span> <span class='ocrx_word' id='word_1_839' title='bbox 1607 5567 1747 5638; x_wconf 65' lang='grc' dir='ltr'>πάρη-</span> 
     </span>
     <span class='ocr_line' id='line_1_112' title="bbox 351 5660 451 5695; baseline 0 0"><span class='ocrx_word' id='word_1_840' title='bbox 351 5660 451 5695; x_wconf 76' lang='grc' dir='ltr'>γει.</span> 
     </span>
    </p>
   </div>
   <div class='ocr_carea' id='block_1_112' title="bbox 271 5658 451 5714">
    <p class='ocr_par' dir='ltr' id='par_1_112' title="bbox 271 5658 451 5714">
     <span class='ocr_line' id='line_1_113' title="bbox 271 5658 451 5714; baseline 0.011 -19"><span class='ocrx_word' id='word_1_841' title='bbox 271 5658 299 5714; x_wconf 87' lang='lat' dir='ltr'><strong>_v_</strong></span> <span class='ocrx_word' id='word_1_842' title='bbox 318 5658 451 5714; x_wconf 76' lang='grc' dir='ltr'>εχει.</span> 
     </span>
    </p>
   </div>
   <div class='ocr_carea' id='block_1_113' title="bbox 259 5707 1742 5784">
    <p class='ocr_par' dir='ltr' id='par_1_113' title="bbox 259 5707 1742 5784">
     <span class='ocr_line' id='line_1_114' title="bbox 259 5707 1742 5784; baseline -0.003 -16"><span class='ocrx_word' id='word_1_843' title='bbox 259 5707 576 5783; x_wconf 57' lang='grc' dir='ltr'>(ίθῖΚᾶν...</span> <span class='ocrx_word' id='word_1_844' title='bbox 617 5713 789 5784; x_wconf 78' lang='grc' dir='ltr'>δοκῇ.</span> <span class='ocrx_word' id='word_1_845' title='bbox 840 5714 930 5771; x_wconf 86' lang='lat' dir='ltr'><strong>Sic</strong></span> <span class='ocrx_word' id='word_1_846' title='bbox 982 5714 1087 5771; x_wconf 92' lang='lat' dir='ltr'><strong>duo</strong></span> <span class='ocrx_word' id='word_1_847' title='bbox 1126 5712 1339 5770; x_wconf 90' lang='lat' dir='ltr'><strong>codices</strong></span> <span class='ocrx_word' id='word_1_848' title='bbox 1372 5724 1500 5767; x_wconf 82' lang='lat' dir='ltr'><strong>mss.</strong></span> <span class='ocrx_word' id='word_1_849' title='bbox 1552 5707 1742 5764; x_wconf 88' lang='lat' dir='ltr'><strong>melius</strong></span> 
     </span>
    </p>
   </div>
   <div class='ocr_carea' id='block_1_114' title="bbox 1912 5277 3421 5360">
    <p class='ocr_par' dir='ltr' id='par_1_114' title="bbox 1912 5277 3421 5360">
     <span class='ocr_line' id='line_1_115' title="bbox 1912 5277 3421 5360; baseline -0.01 -19"><span class='ocrx_word' id='word_1_850' title='bbox 1912 5288 2024 5360; x_wconf 75' lang='lat'><strong>(49)</strong></span> <span class='ocrx_word' id='word_1_851' title='bbox 2065 5277 2334 5340; x_wconf 77' lang='grc' dir='ltr'>Ἑαὺτοῦ.</span> <span class='ocrx_word' id='word_1_852' title='bbox 2373 5284 2464 5337; x_wconf 78' lang='lat' dir='ltr'><strong>Sic</strong></span> <span class='ocrx_word' id='word_1_853' title='bbox 2510 5280 2751 5360; x_wconf 81' lang='lat' dir='ltr'><strong>nonnulli</strong></span> <span class='ocrx_word' id='word_1_854' title='bbox 2785 5277 3002 5332; x_wconf 88' lang='lat' dir='ltr'><strong>codices</strong></span> <span class='ocrx_word' id='word_1_855' title='bbox 3026 5289 3151 5360; x_wconf 75' lang='lat' dir='ltr'><strong>mss.</strong></span> <span class='ocrx_word' id='word_1_856' title='bbox 3191 5286 3421 5360; x_wconf 75' lang='lat' dir='ltr'><strong>quorum</strong></span> 
     </span>
    </p>
   </div>
   <div class='ocr_carea' id='block_1_115' title="bbox 1841 5346 3429 5416">
    <p class='ocr_par' dir='ltr' id='par_1_115' title="bbox 1841 5346 3429 5416">
     <span class='ocr_line' id='line_1_116' title="bbox 1841 5346 3429 5416; baseline -0.011 -4"><span class='ocrx_word' id='word_1_857' title='bbox 1841 5346 2132 5412; x_wconf 66' lang='lat' dir='ltr'><strong>lectionem</strong></span> <span class='ocrx_word' id='word_1_858' title='bbox 2190 5358 2479 5410; x_wconf 85' lang='lat' dir='ltr'><strong>coulirmat</strong></span> <span class='ocrx_word' id='word_1_859' title='bbox 2546 5353 2735 5407; x_wconf 89' lang='lat' dir='ltr'><strong>eadem</strong></span> <span class='ocrx_word' id='word_1_860' title='bbox 2805 5363 2967 5416; x_wconf 88' lang='lat' dir='ltr'><strong>supra</strong></span> <span class='ocrx_word' id='word_1_861' title='bbox 3029 5346 3278 5414; x_wconf 88' lang='lat' dir='ltr'><strong>loquendi</strong></span> <span class='ocrx_word' id='word_1_862' title='bbox 3337 5359 3429 5396; x_wconf 87' lang='lat' dir='ltr'><strong>ra-</strong></span> 
     </span>
    </p>
   </div>
   <div class='ocr_carea' id='block_1_116' title="bbox 1844 5440 3209 5568">
    <p class='ocr_par' dir='ltr' id='par_1_116' title="bbox 1844 5440 3209 5568">
     <span class='ocr_line' id='line_1_117' title="bbox 1844 5440 3209 5568; baseline -0.011 -17"><span class='ocrx_word' id='word_1_863' title='bbox 1844 5440 2027 5568; x_wconf 66' lang='grc' dir='ltr'><strong>ιΙο(50)</strong></span> <span class='ocrx_word' id='word_1_864' title='bbox 2062 5495 2183 5551; x_wconf 83' lang='grc' dir='ltr'><strong>Τῶν</strong></span> <span class='ocrx_word' id='word_1_865' title='bbox 2232 5494 2500 5568; x_wconf 67' lang='grc' dir='ltr'>ἑταίρων.</span> <span class='ocrx_word' id='word_1_866' title='bbox 2526 5491 2658 5568; x_wconf 62' lang='lat' dir='ltr'><strong>Tres</strong></span> <span class='ocrx_word' id='word_1_867' title='bbox 2677 5484 2968 5568; x_wconf 42' lang='grc' dir='ltr'>ιῃεεηπῶν</span> <span class='ocrx_word' id='word_1_868' title='bbox 2994 5482 3209 5568; x_wconf 76' lang='grc' dir='ltr'>ἑτέρων.</span> 
     </span>
    </p>
   </div>
   <div class='ocr_carea' id='block_1_117' title="bbox 1926 5550 3424 5640">
    <p class='ocr_par' dir='ltr' id='par_1_117' title="bbox 1926 5550 3424 5640">
     <span class='ocr_line' id='line_1_118' title="bbox 1926 5550 3424 5640; baseline -0.008 -18"><span class='ocrx_word' id='word_1_869' title='bbox 1926 5550 2038 5640; x_wconf 55' lang='grc' dir='ltr'>(δι’)</span> <span class='ocrx_word' id='word_1_870' title='bbox 2064 5550 2188 5640; x_wconf 57' lang='grc' dir='ltr'><strong>ῐζ’ἦς</strong></span> <span class='ocrx_word' id='word_1_871' title='bbox 2211 5550 2544 5634; x_wconf 54' lang='grc' dir='ltr'>καρτερίας.</span> <span class='ocrx_word' id='word_1_872' title='bbox 2572 5562 2662 5617; x_wconf 86' lang='lat' dir='ltr'><strong>Sic</strong></span> <span class='ocrx_word' id='word_1_873' title='bbox 2683 5559 2786 5614; x_wconf 85' lang='lat' dir='ltr'><strong>duo</strong></span> <span class='ocrx_word' id='word_1_874' title='bbox 2818 5555 2973 5625; x_wconf 78' lang='lat' dir='ltr'><strong>Regii</strong></span> <span class='ocrx_word' id='word_1_875' title='bbox 2995 5550 3232 5611; x_wconf 79' lang='lat' dir='ltr'><strong>codices.</strong></span> <span class='ocrx_word' id='word_1_876' title='bbox 3254 5550 3424 5618; x_wconf 79' lang='lat' dir='ltr'><strong>Editi,</strong></span> 
     </span>
    </p>
   </div>
   <div class='ocr_carea' id='block_1_118' title="bbox 1848 5637 2217 5715">
    <p class='ocr_par' dir='ltr' id='par_1_118' title="bbox 1848 5637 2217 5715">
     <span class='ocr_line' id='line_1_119' title="bbox 1848 5637 2217 5715; baseline -0.005 -22"><span class='ocrx_word' id='word_1_877' title='bbox 1848 5637 1948 5715; x_wconf 74' lang='grc' dir='ltr'><strong>τῆς</strong></span> <span class='ocrx_word' id='word_1_878' title='bbox 1974 5638 2217 5710; x_wconf 85' lang='grc' dir='ltr'>καρδίας.</span> 
     </span>
    </p>
   </div>
  </div>
