3802 6216
366 247 470 304 703

1321 246 1669 303 APPENDIX
1705 243 1994 304 OPERUM
2035 244 2093 300 S.
2138 241 2389 298 BASlLlI
2427 240 2664 298 MAGNI.

3519 234 3632 291 7“

360 371 484 426 lius.
517 369 653 426 Nam
686 371 840 427 vocis
873 376 929 425 et
966 370 1245 426 oculorum
1271 377 1448 423 tactus
1484 369 1552 423 ad
1588 382 1842 422 manuum
1875 376 1938 420 ιε’

2121 380 2254 428 ιντας
2291 364 2568 435 ἁμαρτίαν
2599 364 2713 427 τοῖς
2741 361 2832 416 διὰ
2870 360 3076 415 τούτων
3115 376 3175 414 τε
3207 358 3304 413 καὶ
3327 357 3390 413 ὲν
3420 355 3633 420 τούτοις

360 472 511 517 ctum
538 463 737 519 sensim
767 462 935 518 ducit.
967 462 1073 532 Ipsi
1099 472 1281 515 autem
1312 475 1499 516 omnes
1527 461 1579 515 hi
1611 459 1937 525 tactus,vel-

364 563 424 604 ut
461 550 514 604 in
547 560 739 605 catena
778 565 845 606 ex
877 564 998 605 sese
1029 551 1260 605 invicem
1287 550 1434 614 nexi,
1459 551 1600 606 illius
1631 558 1823 612 laetus,
1855 551 1946 618 qui

362 647 446 693 est
473 639 525 693 in
552 639 757 694 carnali
787 640 1001 709 copula,
1034 640 1263 707 pronubi
1298 640 1451 693 linnt.
1500 638 1615 693 Non
1644 639 1790 694 solus
1819 653 1948 708 ergo

362 730 454 785 ille
487 740 685 798 tactus,
716 732 808 801 qui
852 733 919 785 ad
959 731 1236 786 carnalem
1272 729 1519 800 copulam
1565 730 1822 800 pertinet,
1853 730 1948 783 sed

361 837 523 877 omne
550 838 720 894 genus
748 822 1098 878 multiformis
1148 832 1346 886 tactus,
1378 837 1443 877 ex
1475 837 1580 890 quo
1604 824 1780 876 omnis
1826 836 1949 891 spe-

360 913 473 968 cies
496 929 592 984 per
618 929 815 971 sensus
852 916 1114 982 nascitur,
1150 914 1344 984 virgini
1387 914 1674 985 diligenter
1701 914 1948 968 incorru-

362 1015 514 1072 ptum
540 1006 864 1061 servandum
894 1014 997 1072 est,
1029 1015 1089 1061 ut
1122 1007 1191 1061 ab
1211 1005 1383 1061 oculis
1410 1013 1466 1059 et
1491 1020 1622 1060 voce
1647 1014 1703 1059 et
1727 1004 1950 1074 reliquis

362 1094 653 1163 voluptatis
681 1097 915 1151 motibus
942 1097 1157 1153 eminus
1194 1096 1388 1151 missas
1420 1095 1683 1151 scintillas
1731 1105 1949 1149 contra-

361 1185 462 1240 riis
493 1185 767 1255 pudicitiae
808 1184 1024 1241 ﬂatibus
1048 1187 1433 1257 exstinguens,
1466 1186 1625 1241 simul
1664 1187 1826 1241 etiam
1853 1200 1946 1240 ac-

362 1292 581 1332 censam
628 1279 695 1332 ab
730 1278 835 1333 illis
862 1276 1132 1334 ﬂammam
1162 1282 1455 1350 prudenter
1483 1279 1833 1350 exstinguat;
1865 1276 1950 1332 vel

364 1369 548 1438 potius
578 1371 753 1427 nullas
797 1373 1020 1427 omnino
1075 1374 1377 1442 suscipiens
1422 1373 1711 1442 voluptatis
1765 1370 1947 1435 faces,

365 1475 639 1531 nunquam
693 1478 916 1532 prorsus
965 1465 1165 1520 habeat
1219 1466 1272 1519 in
1326 1466 1584 1520 carnibus
1630 1478 1947 1519 succensum

365 1552 663 1622 voluptatis
699 1553 993 1611 ﬂammam.
1031 1556 1196 1624 Virgo
1221 1557 1384 1627 igitur
1408 1556 1479 1610 sit
1512 1555 1737 1624 virginis
1772 1564 1827 1608 et
1857 1567 1951 1607 au-

365 1641 509 1696 ditus
549 1653 603 1697 et
628 1655 898 1712 aspectus,
928 1661 992 1700 ac
1021 1654 1195 1700 tactus
1225 1647 1388 1700 etiam
1410 1656 1465 1700 et
1490 1645 1668 1700 omnis
1703 1653 1904 1701 motus.

2053 454 2340 527 σφαλεροϊς
2369 454 2481 525 (52)
2504 453 2739 517 ὀλίσθοις
2768 450 3157 524 ὲμπλέκεσθαι.
3191 451 3315 502 Ὀτι
3348 449 3384 520 ἡ
3415 447 3513 519 μὲν
3540 446 3633 500 διά

2051 546 2236 616 φωνῆς
2275 545 2369 599 καὶ
2417 543 2747 616 βλεμμάτων
2776 545 2887 616 ἁφὴ
2916 544 3008 598 ἐπὶ
3038 544 3138 613 τὴν
3162 541 3271 595 τῶν
3308 540 3509 612 χειρῶν
3533 538 3632 591 λα-

2050 636 2252 707 θραίως
2282 636 2475 690 ὁδεύει.
2513 630 2684 690 Αῦται
2717 635 2774 689 δὲ
2816 636 3009 702 πᾶσαι,
3039 633 3115 697 ὡς
3153 634 3212 686 ὲν
3243 630 3435 686 ἁλύσει
3468 629 3635 700 ἀλλή-

2048 728 2155 782 λων
2184 728 2462 798 ἐχόμεναι,
2495 729 2596 800 τῆς
2627 728 2768 782 κατά
2796 727 2896 799 τὴν
2932 724 3253 797 συμπλοκὴν
3302 722 3450 794 ἁφῆς
3497 738 3634 793 προ-

2052 820 2343 891 μνήστριαι
2366 821 2627 889 γίνονται.
2663 820 2735 874 Οὐ
2778 819 2905 891 μίαν
2943 815 3035 874 οὖν
3065 817 3163 889 τὴν
3194 816 3336 870 κατά
3356 815 3455 886 τὴν
3483 814 3633 884 μίξιν

2049 911 2191 982 ἁφὴν
2239 912 2419 983 μόνον,
2472 912 2587 965 ἀλλ’
2644 913 2764 966 ὅλον
2822 912 2884 966 τὸ
2939 912 3094 980 γένος
3120 910 3221 980 τῆς
3281 906 3631 978 πολυμόρφου

2050 1004 2214 1074 ἁφῆς,
2247 1002 2308 1069 ἐξ
2328 999 2394 1075 ἧς
2422 1005 2482 1057 τδ
2510 1003 2620 1056 πᾶν
2650 998 2791 1066 εἶδος
2816 1000 2904 1054 διὰ
2934 999 3042 1054 τῶν
3068 1000 3374 1072 αἰσθήσεων
3409 998 3631 1068 φύεται,

2048 1096 2114 1165 τῇ
2144 1093 2398 1165 παρθένῳ
2432 1093 2705 1165 ἐπιμελῶς
2741 1092 2977 1165 ἄφθορον
3008 1091 3339 1162 φυλακτέονο
3373 1092 3461 1144 ἵνα
3505 1090 3635 1153 τοὺς

2050 1183 2160 1237 ἀπὸ
2209 1182 2506 1255 ὀφθαλμῶν
2555 1184 2651 1237 καὶ
2695 1183 2880 1253 φωνῆς
2937 1181 3033 1236 καὶ
3081 1181 3191 1234 τῶν
3249 1180 3454 1234 λοιπῶν
3495 1179 3639 1250 πρὸς

2041 1274 2241 1349 ἡδονὴν
2262 1275 2582 1347 κινημάτων
2598 1274 2879 1349 πόρρωθεν
2913 1273 3299 1344 πεμπομένους
3327 1269 3639 1343 σπινθῆρας

2052 1366 2406 1438 σωφροσύνης
2462 1367 2805 1430 ἀντιπνοίαις
2868 1363 3238 1429 σϐεννύουσα,
3285 1365 3383 1417 καὶ
3421 1363 3523 1434 τὴν
3576 1362 3641 1427 ἐξ

2050 1458 2230 1517 αὐτῶν
2265 1458 2650 1529 ἀναπτομένην
2696 1456 2972 1528 πυρκαϊὰν
3000 1455 3281 1529 φρονίμως
3305 1454 3642 1509 συναποσϐέ-

2052 1565 2148 1624 σῃ·
2182 1550 2381 1620 μᾶλλον
2414 1550 2470 1605 δὲ
2504 1549 2592 1603 ἵνα
2622 1549 2757 1620 μηδὲ
2787 1547 2898 1619 (55)
2934 1547 3030 1620 τὴν
3055 1547 3230 1620 ἀρχὴν
3254 1545 3643 1618 παραδεξαμέ-

2050 1659 2114 1713 νη
2152 1643 2250 1713 τῆς
2290 1642 2486 1713 ἡδονῆς
2519 1642 2590 1697 τὰ
2626 1640 2964 1712 ἐναύσματα,
3010 1640 3145 1712 μηδὲ
3182 1639 3280 1711 ἔχῃ
3325 1638 3466 1702 ὅλως
3506 1637 3643 1690 ποτε

364 1733 424 1784 ὲν
449 1735 571 1797 ταῖς
605 1734 795 1805 σαρξὶν
817 1735 1150 1805 ἀναφθεῖσαν
1177 1736 1277 1808 τῆς
1306 1736 1498 1809 ἡδονῆς
1524 1738 1624 1808 τὴν
1650 1735 1945 1808 πυρκαϊάν.
1977 1728 2021 1788 Β
2051 1733 2325 1806 Παρθένος
2366 1730 2459 1788 οὖν
2495 1734 2637 1795 ἔστω
2680 1734 2790 1806 (54)
2838 1733 2940 1804 τῆς
2988 1730 3259 1804 παρθένου
3291 1730 3386 1785 καὶ
3424 1731 3460 1801 ἡ
3498 1727 3645 1800 ἀκοὴ

361 1825 542 1880 καὶτὸ
575 1827 828 1900 βλέμμα,
863 1828 944 1885 ἔτι
984 1828 1041 1883 δὲ
1086 1831 1119 1902 ἡ
1153 1828 1266 1903 ἁφὴ
1309 1830 1403 1890 καὶ
1443 1829 1564 1884 ὅλον
1602 1831 1665 1884 τὸ
1701 1831 1926 1904 κίνημα.

474 1916 524 1973 ϐ.
562 1917 815 1974 Ornanda
839 1928 1019 1974 autem
1052 1931 1135 1975 est
1167 1936 1309 1975 vera:
1332 1922 1663 1991 virginitatis
1695 1933 1803 1978 tota
1828 1925 1947 1994 pul-

363 2006 634 2073 chritudo,
686 2017 870 2064 utnec
894 2009 1196 2064 naturalem
1252 2009 1713 2079 pulchritudinem
1762 2024 1948 2071 ostento.

364 2107 486 2152 tare
519 2100 752 2165 studeat,
778 2115 876 2155 nec
906 2100 1050 2157 illius
1076 2116 1296 2171 expers,
1325 2103 1471 2158 cultu
1501 2104 1644 2158 illam
1675 2106 1941 2175 exquirat.

370 2188 692 2245 lndecorum
726 2191 871 2245 enim
904 2192 1149 2261 profecto
1183 2202 1266 2247 est
1287 2194 1504 2263 virgini,
1537 2204 1591 2249 et
1625 2196 1693 2250 ab
1727 2197 1948 2269 integri-

365 2291 496 2344 tate.
526 2297 687 2352 quam
745 2283 1048 2353 proﬁtetur,
1107 2285 1364 2349 alienum,
1417 2285 1497 2339 vel
1537 2287 1852 2357 gloriantem
1879 2289 1947 2344 de

361 2371 504 2427 datis
534 2387 564 2426 a
587 2374 847 2428 Creatore
878 2375 943 2427 ad
969 2375 1222 2430 decorem
1249 2378 1608 2439 ornamentis,
1630 2392 1695 2430 ac
1716 2381 1946 2446 superbe

362 2463 831 2529 ambulantem,ut
876 2466 950 2519 ita
985 2466 1181 2532 «licam,
1236 2467 1306 2522 ob
1359 2476 1718 2533 venustatem,
1766 2471 1947 2538 plures

362 2560 634 2609 amatores
676 2556 760 2609 sui
804 2557 1048 2626 corporis
1107 2557 1160 2610 in
1211 2572 1555 2613 communem
1602 2562 1787 2614 conari
1833 2562 1946 2614 rui-

363 2659 490 2700 nam
526 2647 831 2718 impellere;
874 2648 956 2702 vel
982 2657 1254 2703 carentem
1287 2658 1585 2712 venustate,
1627 2652 1943 2707 condimen-

364 2747 477 2793 tum
510 2738 805 2809 voluptatis
846 2741 1219 2807 cernentibus,
1247 2743 1517 2811 eanisito
1552 2745 1797 2812 corporis
1828 2746 1944 2800 cul-

364 2840 444 2897 tu,
477 2830 777 2886 elaborare.
813 2829 947 2885 Nam
991 2847 1090 2887 nec
1146 2833 1319 2903 prima
1351 2846 1552 2887 caStam
1603 2835 1820 2890 exhibet
1849 2851 1945 2891 co-

363 2922 702 2989 gitatiouem,
735 2922 862 2978 dum
912 2924 979 2978 de
1016 2924 1293 2979 Creatoris
1338 2939 1520 2994 opere,
1578 2933 1831 2995 tanquam
1877 2928 1944 2982 de

361 3014 580 3083 proprio
608 3013 864 3084 praeclare
893 3014 1036 3070 facto
1075 3015 1354 3086 gloriatur,
1396 3025 1451 3071 ct
1491 3018 1632 3086 quod
1681 3018 1733 3071 in
1764 3029 1943 3074 certa-

361 3118 488 3158 men
517 3117 584 3159 ne
614 3103 918 3170 inducatur,
957 3120 985 3159 a
1030 3104 1255 3160 Domino
1283 3107 1451 3176 petit:
1478 3106 1561 3161 Ne
1576 3107 1821 3175 inducas,
1856 3109 1942 3164 in-

2126 1930 2209 1985 16.
2243 1933 2531 2004 Κοσμῆσαι
2564 1932 2621 1986 δὲ
2664 1951 2764 2005 της
2820 1933 3034 2005 ἀληθῶς
3084 1935 3353 2007 παρθένου
3394 1935 3509 2008 (55)
3561 1936 3647 1991 δεῖ

2052 2022 2171 2077 ὅλον
2200 2025 2261 2076 τὸ
2290 2024 2503 2088 κάλλος,
2541 2024 2628 2081 ἴνα
2674 2026 2813 2097 μήτε
2838 2026 2916 2095 τῷ
2948 2026 3162 2103 φυσικῷ
3192 2026 3381 2081 κάλλει
3419 2030 3644 2102 ἐμπομ-

2053 2114 2239 2168 πεύειν
2275 2115 2573 2194 σπουδάζῃ,
2606 2117 2745 2188 μήτε
2786 2117 3090 2189 ἀμοιροῦσα
3122 2119 3313 2172 τούτου
3359 2120 3642 2173 καλλωπί-

2052 2199 2243 2266 ζεσθαι
2271 2203 2421 2277 θέλῃ.
2471 2206 2743 2277 Ἀπρεπὲς
2769 2207 2877 2279 γὰρ
2908 2208 2984 2271 ὼς
3016 2208 3229 2280 ἀληθῶς
3257 2213 3324 2281 τῇ
3355 2210 3639 2283 παρθένῳ,

2051 2294 2145 2346 καὶ
2183 2294 2285 2364 τῆς
2317 2297 2790 2368 ὲπαγγελλομένης
2842 2298 3109 2369 ἀφθορίας
3150 2300 3451 2372 ἀλλότριον,
3486 2302 3569 2368 τὸ,
3600 2303 3636 2374 ἢ

2051 2383 2489 2459 ἔναϐρυνομένην
2532 2390 2645 2450 τοῖς
2686 2388 2989 2459 δεδομένοις
3038 2390 3175 2461 πρὸς
3196 2392 3429 2461 εὐφυΐαν
3481 2393 3640 2464 παρά

2048 2474 2143 2528 τοῦ
2171 2477 2395 2549 ποιητοῦ
2431 2480 2796 2551 χαρακτῆρσι,
2822 2482 2914 2534 καὶ
2934 2482 3416 2554 ὲμπομπεύουσαν,
3444 2483 3639 2556 ῶσπερ

2050 2565 2208 2640 ἔφην,
2259 2568 2336 2639 τῷ
2387 2569 2592 2633 κάλλει,
2647 2572 2898 2637 πλείονας
2948 2575 3183 2645 ἐραστὰς
3231 2574 3328 2628 τοῦ
3380 2574 3638 2647 σώματος

2053 2660 2132 2722 είς
2163 2660 2340 2712 κοινὸν
2389 2662 2711 2726 σπουδάζειν
2742 2664 2942 2734 πτῶμα
2982 2667 3172 2731 κινεῖν,
3202 2665 3234 2736 ἥ
3271 2665 3345 2737 μὴ
3373 2666 3636 2738 εὐστοχή-

2051 2767 2224 2804 σασαν
2262 2752 2523 2816 εὐειδείας
2554 2752 2688 2824 (56).
2721 2754 2937 2827 ἄρτυμα
2969 2756 3163 2827 ἡδονῆς
3200 2759 3311 2822 τοῖς
3345 2758 3514 2828 ὁρῶσι
3534 2759 3636 2830 τὴν

2048 2842 2291 2897 ἐπίνοιαν
2314 2844 2407 2897 τοῦ
2437 2845 2823 2918 καλλωπισμοῦ
2854 2848 3504 2918 πραγματεύεσθαι.οὕτε
3523 2851 3633 2922 γὰρ

2050 2934 2303 3008 ἡπρώτη
2351 2935 2601 3009 σώφρονα
2637 2938 2875 2993 δείκνυσι
2920 2939 3198 3010 λογισμὸν,
3253 2941 3347 2994 ἐπὶ
3403 2941 3483 3012 τῷ
3533 2941 3631 2995 τοῦ

2049 3026 2274 3098 ποιητοῦ
2299 3027 2444 3099 ἔργῳ
2470 3029 2545 3092 ὡς
2574 3029 2666 3082 ἐπὶ
2695 3029 2807 3101 ίδίῳ
2840 3028 3223 3102 κατορθώματι
3250 3030 3627 3104 θρυπτομένη,

2048 3117 2143 3172 καὶ
2171 3121 2250 3182 εἰς
2278 3119 2337 3173 ὅν
2383 3121 2456 3192 μὴ
2491 3120 2807 3191 εἰσαχθῆναι
2844 3120 3050 3190 ἀγῶνα,
3088 3122 3177 3179 διὰ
3204 3123 3305 3194 τῆς
3339 3123 3511 3194 εὐχῆς
3536 3125 3631 3178 τὸν

363 3195 578 3264 quiens,
625 3212 720 3250 nos
758 3198 813 3250 in
849 3197 1188 3251 tentationem
1215 3198 1283 3264 ⁷ο,
1333 3199 1385 3252 ἰιι
1433 3198 1563 3252 illud
1607 3201 1938 3257 amatoribus

2121 3211 2388 3283 ωνοθέτην
2425 3213 2752 3284 παρακαλεῖ,
2809 3213 2906 3283 Μὴ
2953 3213 3304 3284 εἰσενέγκῃς
3347 3213 3511 3283 ἡμᾶς
3540 3217 3631 3281 εις

363 3289 644 3345 trahendis
671 3288 1020 3358 semetipsam
1061 3299 1248 3358 aperte
1292 3287 1531 3358 coniicit.
1558 3288 1745 3359 Neque
1772 3292 1940 3348 etiam

363 3381 554 3448 altera,
581 3382 705 3437 dum
733 3396 893 3452 quam
932 3396 1039 3436 non
1070 3383 1281 3452 accepit
1311 3383 1363 3437 in
1404 3396 1630 3453 corpore
1658 3383 1947 3455 voluptatis

367 3473 697 3538 illecebram,
725 3488 846 3529 eam
889 3475 1195 3544 spuriarnm
1249 3471 1544 3528 formarum
1593 3474 1860 3531 lenocinio
1891 3477 1946 3531 in

366 3565 661 3636 perniciem
716 3579 872 3620 suam
910 3564 1158 3619 accersit.
1209 3563 1454 3635 Utraque
1503 3575 1681 3623 autem
1737 3568 1947 3639 impru-

366 3661 501 3715 dens
532 3659 716 3714 datum
744 3674 773 3713 a
817 3659 926 3715 Deo
967 3660 1165 3714 bonum
1219 3669 1413 3731 praeter
1440 3661 1771 3731 propositum
1823 3677 1944 3718 sco-

368 3766 495 3822 pum
532 3753 748 3807 evertit.
786 3751 1049 3807 Formosa
1101 3753 1317 3821 quidem
1344 3752 1540 3808 animae
1585 3753 1946 3823 pulchritudi-

369 3858 490 3899 nem
518 3845 766 3915 corporis
797 3848 979 3915 specie
1007 3843 1172 3899 stulte
1203 3845 1578 3914 depratdatur;
1615 3861 1735 3915 quae
1767 3856 1946 3902 autem

370 3945 721 4007 apparentem
782 3937 1023 4004 corporis
1060 3936 1456 3991 deformitatem
1509 3937 1678 3992 instar
1710 3934 1946 4009 praesidii

369 4024 436 4082 ad
467 4029 791 4100 virginitatis
842 4029 1139 4082 custodiam
1176 4029 1405 4095 accepit,
1446 4042 1565 4084 eam
1599 4029 1799 4100 spuriis
1845 4029 1952 4085 for-

371 4121 495 4187 mis,
544 4121 768 4175 insidias
817 4120 1027 4190 sibiipsi
1080 4130 1335 4185 struens,
1384 4135 1547 4190 prave
1605 4131 1947 4178 transmutat.

367 4209 571 4267 Contra
607 4215 910 4281 oportebat,
940 4221 994 4263 ut
1058 4211 1156 4265 ista
1199 4216 1581 4281 temporariam
1610 4221 1947 4268 venustatem

367 4314 649 4369 spernens,
679 4299 923 4368 corporis
951 4298 1409 4367 pulchritudinem
1440 4313 1545 4352 non
1581 4298 1946 4352 adversariam

366 4394 562 4447 anima:
594 4389 1005 4461 pulchritudini,
1041 4389 1133 4444 sed
1166 4389 1364 4459 potius,
1400 4390 1448 4443 si
1477 4390 1549 4443 ita
1579 4404 1677 4442 usu
1710 4389 1947 4455 eveniat,

366 4483 684 4552 adiutricem
712 4480 966 4545 eiliceret,
999 4480 1245 4550 corporis
1289 4490 1564 4536 amatores
1600 4480 1666 4534 ad
1705 4481 1947 4535 animam

2047 3302 2402 3372 πειρασμὸν,
2430 3303 2676 3376 δεομένη,
2719 3306 2799 3370 εἰς
2820 3304 3008 3360 τοῦτον
3047 3305 3115 3359 δι’
3145 3299 3220 3359 ὧν
3240 3307 3368 3369 τοὺς
3393 3304 3633 3375 ἐραστὰς

2046 3392 2369 3459 ἐπισπᾶται,
2401 3394 2598 3465 ἑαυτὴν
2625 3397 2918 3468 προφανῶς
2946 3395 3275 3450 συνωθοῦσα.
3309 3396 3432 3449 Οὐδ’
3462 3398 3496 3467 η
3514 3396 3636 3448 δευ-

2045 3485 2201 3557 τέρα,
2241 3485 2270 3538 δ
2302 3486 2377 3558 μὴ
2412 3486 2573 3541 ἔλαϐε
2608 3488 2801 3559 δέλεαρ
2829 3488 2920 3542 ἐπὶ
2960 3487 3058 3558 τῆς
3081 3488 3175 3542 τοῦ
3218 3485 3474 3558 σώματος
3509 3487 3637 3558 ἡδο-

2046 3578 2166 3650 νῆς,
2187 3579 2343 3632 τοῦτο
2369 3578 2543 3645 νόθοις
2575 3583 2808 3652 μορφαῖς
2826 3579 2944 3635 καθ’
2972 3581 3167 3651 ἑαυτῆς
3192 3579 3635 3651 μαγγανεύουσα.

2047 3669 2314 3724 Λανθάνει
2355 3669 2399 3723 δ’
2430 3672 2669 3744 ἑκατέρα
2701 3672 2761 3725 τὸ
2797 3672 2947 3725 δοθὲν
2978 3672 3130 3743 παρὰ
3161 3671 3253 3725 τοῦ
3291 3671 3427 3725 Θεοῦ
3469 3671 3642 3725 καλὸν

2051 3761 2202 3833 παρά
2226 3760 2316 3814 τὸν
2344 3763 2704 3834 προκείμενον
2739 3763 2938 3825 σκοπὸν
2966 3764 3374 3835 διαφθείρουσα.
3438 3761 3550 3816 Καὶ
3605 3765 3638 3834 ἡ

2050 3851 2262 3922 εὐειδὴς
2286 3850 2346 3903 τὸ
2375 3851 2473 3921 τῆς
2495 3851 2676 3923 ψυχῆς
2704 3850 2896 3915 κάλλος
2923 3851 3011 3904 διὰ
3030 3849 3124 3905 τοῦ
3152 3850 3292 3905 κατά
3324 3850 3486 3921 σῶμα
3508 3850 3643 3903 ἀτό-

2050 3959 2167 4005 πως
2198 3941 2568 4013 λυμαινομένη
2616 3942 2754 4013 (57),
2787 3944 2882 3996 καὶ
2909 3944 2943 4014 ἡ
2970 3941 3068 4013 τὴν
3093 3941 3355 3996 δοκοῦσαν
3383 3940 3479 3994 τοῦ
3526 3940 3643 3994 σώ-

2053 4049 2219 4103 ματος
2242 4032 2518 4103 ἀμορφίαν
2557 4034 2764 4102 ἐφόδιον
2792 4033 3038 4103 φυλακῆς
3067 4033 3165 4103 τῆς
3203 4032 3343 4085 κατά
3368 4031 3470 4102 τὴν
3498 4048 3645 4103 παρ-

2050 4121 2231 4176 θενίαν
2247 4121 2504 4187 λαϐοῦσα,
2531 4125 2610 4188 εἰς
2643 4122 2936 4196 ἐπιϐουλὴν
2980 4123 3173 4194 ἑαυτῆς
3208 4121 3416 4193 ταύτην
3459 4120 3645 4184 νόθους

2054 4217 2289 4286 μορφαῖς
2315 4216 2499 4278 κακῶς
2520 4215 2985 4286 μετᾳπλάττουσα.
3013 4215 3157 4268 Ἔδει
3180 4213 3236 4266 δὲ
3258 4212 3319 4267 τὸ
3342 4212 3640 4276 ἀνάπαλιν,

2048 4303 2150 4373 τὴν
2183 4304 2280 4374 μὲν
2305 4302 2399 4357 τοῦ
2431 4304 2769 4375 προσκαίρου
2802 4303 3032 4367 κάλλους
3048 4301 3518 4374 καταφρονοῦσαν,
3556 4301 3641 4372 μὴ

2051 4394 2306 4464 ἐμπόδιον
2333 4393 2393 4447 τὸ
2423 4393 2516 4447 τοῦ
2551 4392 2801 4465 σώματος
2833 4393 3028 4458 κάλλος
3048 4391 3142 4446 τοῦ
3156 4393 3252 4463 τῆς
3282 4392 3481 4463 ψυχῆς,
3498 4391 3642 4446 ἀλλά

2054 4485 2333 4555 συνεργὸν,
2360 4484 2425 4539 ἂν
2450 4484 2592 4538 οὔτω
2618 4502 2718 4538 που
2749 4484 3043 4558 συμϐαίνῃ,
3074 4483 3365 4547 ποιεῖσθαι,
3396 4483 3524 4547 τοὺς
3540 4482 3639 4536 τοῦ

370 4570 705 4627 transferens
740 4589 755 4625 :
805 4571 975 4627 altera
1018 4586 1148 4626 vero
1174 4573 1226 4625 in
1255 4571 1398 4626 veris
1425 4570 1582 4625 bonis
1610 4570 1779 4626 nihilo
1811 4569 1938 4625 infe-

2121 4592 2302 4644 ιματος
2334 4576 2569 4648 ἐραστὰς
2598 4578 2689 4629 ἐπὶ
2722 4577 2823 4650 την
2865 4576 3042 4649 ψυχὴν
3075 4576 3507 4648 μεταφέρουσαν·
3534 4574 3639 4648 τὴν

367 4663 504 4725 rior,
550 4663 908 4727 tenltationum
950 4663 1242 4723 vacuitate.
1293 4675 1454 4729 quam
1495 4662 1711 4731 opinata
1762 4660 1945 4717 defor-

370 4754 530 4808 mitas
556 4751 832 4815 afferebat,
867 4752 933 4807 ad
967 4751 1258 4822 tranquille
1294 4751 1644 4806 excolendam
1679 4752 1815 4806 senii
1852 4769 1942 4808 ex-

367 4856 572 4923 pertem
602 4846 1054 4916 pulchritudinem
1083 4855 1350 4912 uteretur,
1382 4861 1448 4901 ex
1482 4859 1587 4915 quo
1618 4845 1940 4901 immortali-

438 5003 485 5036 ⁷⁸
512 5002 705 5060 Matth.
734 5019 810 5072 Vl,
847 5005 937 5059 15.

2048 4666 2105 4719 δὲ
2160 4667 2327 4738 μηδὲν
2375 4667 2595 4722 ἔλαττον
2640 4670 2697 4722 ὲν
2746 4670 2859 4732 τοῖς
2890 4668 3059 4731 ὅντως
3090 4666 3275 4731 καλοῖς
3298 4666 3635 4739 φερομένην,

2045 4755 2164 4826 τὴν,
2216 4756 2307 4810 διὰ
2356 4756 2453 4828 τὴν
2499 4757 2860 4830 νομιζομένην
2910 4756 3138 4820 ἀειδίαν,
3179 4755 3476 4827 ἀοχλησίαν
3524 4755 3639 4809 τῶν

2045 4849 2387 4921 πειρασμῶν,
2419 4849 2663 4925 γαλήνην
2709 4849 3001 4922 ἀσκήσεως
3037 4848 3132 4903 τοῦ
3177 4848 3372 4919 ἀγήρω
3404 4846 3639 4912 κάλλους

437 5168 549 5239 (5‘2)
589 5165 935 5239 Σφαλεροῖς.
965 5163 1042 5239 l_la
1063 5178 1193 5217 mss.
1215 5163 1523 5233 quinqueet
1548 5164 1684 5220 alius
1700 5173 1935 5220 secunda

2121 5180 2199 5239 ;s.,
2226 5164 2324 5237 τῆς
2344 5162 2559 5234 ἀληθῶς
2586 5159 2912 5237 παρθενίας,
2950 5167 3044 5216 aut
3075 5157 3179 5228 τῆς
3220 5154 3459 5233 ἀληθοῦς
3491 5171 3636 5228 παρα

366 5234 550 5297 manu,
577 5234 735 5291 Editi.
763 5234 1063 5306 σφαλερῶς.

438 5306 760 5391 (55).Μηδέ,
785 5301 1040 5391 ἐἰςἰιιεε.
1072 5316 1188 5357 sex.
1222 5301 1403 5357 Editio
1445 5301 1670 5371 Veneta,
1706 5305 1803 5376 μή.
1838 5305 1942 5360 Pa-

369 5375 632 5452 risicnsis,
659 5377 733 5450 μὴ
752 5375 935 5452 οἱονεί.
989 5444 998 5452 _
1199 5440 1232 5452 ..

443 5447 556 5519 (54)
583 5440 1075 5519 Ἐσέωρεὶο-ι-Ιιιο
1113 5440 1332 5519 codices
1360 5457 1401 5519 ξι
1433 5443 1759 5519 ροηιίιείὶείο
1786 5445 1940 5519 citati

368 5527 425 5572 et
450 5509 560 5571 'ali'i
599 5517 862 5570 nonnulli.
918 5514 1081 5579 Editi,
1129 5509 1302 5566 ἔσται.
1352 5513 1694 5571 Colbcrlinus
1746 5517 1939 5581 codex,

369 5586 641 5657 Παρθενία
673 5583 786 5657 οὖν.

442 5650 554 5731 (B5)
621 5654 736 5725 Τῆς
788 5652 1025 5724 ἀληθῶς
1073 5650 1392 5721 παρθένου.
1445 5653 1696 5727 Quinque
1734 5655 1946 5711 codices

138 6154 143 6157 λ
160 6070 395 6158 *ι

2041 5235 2242 5299 θενίας.

2117 5278 2584 5394 ζὸἷθῖβιζειδειας.
2626 5301 2718 5358 Sic
2763 5317 2895 5359 mss.
2911 5300 3186 5372 'quinque,
3230 5278 3424 5354 melius
3467 5311 3632 5367 quam

2046 5375 2703 5525 θῆἱὲζῐῗᾊοιῗιαιῗίιςομένη.
2743 5441 2925 5525 (Iudex
2974 5440 3176 5523 Regius
3211 5436 3636 5525 2?},Q,_poluvo-

2054 5512 2431 5639 sicque
2477 5512 2605 5587 legit
2649 5513 2970 5569 Ambrosius
3026 5512 3119 5583 qui
3167 5512 3423 5578 reddidit,
3462 5512 3635 5577 inqui-

2050 5605 2115 5640 ua
2148 5624 2161 5639 ο
