3802 6216
137 317 234 373 705

1311 310 1514 366 LIBER
1553 311 1640 365 DE
1679 311 2141 368 VIRGINITATE.

3269 313 3372 370 706

135 431 428 503 λαμὸάνειν,
457 433 566 494 τοῖς
592 431 686 500 μὲν
708 428 995 493 ἀθανάτοις
1027 427 1234 493 καλοῖς,
1271 431 1346 493 ὡς
1381 431 1531 494 ἰδίοις
1557 448 1686 484 κατ-

1799 431 1891 486 bus
1934 430 2150 500 quidem
2182 429 2340 484 bonis
2378 429 2488 496 jam
2527 429 2679 484 alteri
2721 429 2945 499 aqualis
2989 439 3156 495 esset,
3185 444 3373 498 corpo-

135 523 445 595 ορθώμασιν,
461 521 706 576 ἐντεῦθεν
732 522 830 590 ἤδη
869 521 1005 590 πρὸς
1030 520 1130 592 τὴν
1157 521 1349 592 ἑτέραν
1371 522 1688 593 ἁμιλλωμέ-

137 634 242 687 νην,
277 618 385 678 τοῖς
409 614 466 667 δὲ
511 613 652 668 κατὰ
705 612 864 682 σῶμα
912 613 1017 666 ὑπὸ
1057 613 1153 667 τοῦ
1182 614 1376 685 χρόνου
1412 614 1690 685 δειχθησο-

140 709 290 781 μένην
317 706 446 776 (58),
470 707 620 760 οὐδὲν
671 707 889 777 ἐκείνης
921 706 1176 777 διάφορον
1203 706 1454 777 ἔχουσαν.

200 799 278 852 Π.
303 798 430 851 Ούδὲ
459 798 568 868 γὰρ
599 797 683 860 τίς
710 799 739 849 ὁ
769 797 988 862 σκοπὸς,
1040 796 1108 850 δι’
1147 797 1205 850 ὃν
1236 797 1675 868 καλλωπίζονται,

141 891 346 945 συνιδεῖν
376 890 491 942 ἔστι
519 890 750 960 ταχέως.
782 890 846 942 Et
876 889 974 960 μὲν
1001 889 1109 959 γὰρ
1137 889 1224 943 ἵνα
1242 889 1320 959 τῷ
1352 891 1453 960 τῆς
1483 889 1688 961 παρθε-

138 984 242 1048 νίας
293 982 474 1053 σκοπῷ
517 983 978 1054 συνεργάσωνται,
1025 981 1120 1035 καὶ
1149 981 1212 1053 δὴ
1247 983 1308 1034 τὸ
1342 982 1581 1036 ἐναντίον
1626 976 1688 1038 οὗ

140 1075 536 1144 ἐπαγγέλλονται
566 1075 886 1146 πράττουσι,
914 1073 1163 1137 πλείονας
1192 1074 1455 1145 πειρατὰς
1474 1075 1563 1128 διὰ
1593 1075 1687 1128 τοῦ

139 1166 497 1236 καλλωπισμοῦ
526 1167 647 1220 καθ’
674 1167 881 1221 ἑαυτῶν
910 1167 1127 1230 ἀτόπως
1159 1167 1496 1236 ἀλείφουσαι.
1536 1168 1599 1220 Ei
1632 1167 1688 1220 δὲ

140 1260 214 1312 ἵνα
239 1258 360 1312 αὐτὸ
381 1257 535 1311 τοῦτο
573 1258 684 1328 (59)
715 1257 878 1311 καλαὶ
909 1258 1124 1324 δόξωσι,
1161 1257 1449 1326 φαίνεσθαι
1475 1260 1687 1328 ἄλογον,

137 1351 178 1402 εί
201 1350 266 1419 μὴ
299 1349 539 1419 μέλλοιεν
569 1351 698 1421 παρ’
730 1342 805 1404 ὧν
827 1349 924 1420 τὴν
957 1348 1114 1413 δόξαν
1149 1350 1526 1422 ἀποφέρεσθαι
1576 1353 1687 1422 (60)

140 1442 418 1506 σπεύδουσι,
467 1441 562 1496 τοῦ
598 1444 718 1496 κατ’
745 1443 915 1506 αὐτὰς
946 1442 1302 1513 νομιζομένου
1329 1444 1557 1508 κάλλους
1593 1447 1691 1514 έμ-

138 1534 414 1605 φορεῖσθαι,
447 1534 547 1606 τὴν
576 1535 703 1606 περ).
734 1533 924 1589 τούτου
949 1534 1204 1608 φροντίδα
1243 1536 1586 1608 ποιούμεναι.
1626 1539 1690 1592 El

135 1624 173 1676 δ’
205 1625 284 1681 ἵνα
321 1627 410 1680 καὶ
432 1626 652 1697 τύχοιεν
679 1621 761 1691 οἷς
790 1628 988 1699 ἀρέσαι
1039 1629 1455 1694 σπουδάζουσιν,
1507 1632 1587 1695 εἰς
1628 1629 1690 1683 τὸ

137 1719 373 1784 ἐναντίον,
415 1721 580 1789 φημὶ,
612 1719 810 1783 ἑαυτὰς
848 1721 1268 1791 κατενεχθείσας
1296 1723 1516 1793 γυμνῶς
1566 1725 1688 1776 έπι-

135 1807 388 1875 δείξουσιν,
436 1812 650 1881 ἑταῖραι
681 1810 802 1865 ἀντὶ
835 1812 1118 1884 παρθένων
1155 1813 1420 1881 ὀφθεῖσαι·
1461 1813 1615 1876 ἐκτὸς
1637 1815 1689 1866 εί
1723 1798 1765 1852 Β

140 1901 203 1970 μὴ
248 1901 375 1974 πρὸς
427 1903 526 1972 τὴν
574 1902 683 1956 τῶν
732 1902 825 1956 δύο
881 1903 1177 1974 ἐπιθυμίαν
1234 1903 1687 1976 μεσολαϐηθεῖσαι

136 1991 426 2058 διέλκονται,
476 1996 573 2048 καὶ
628 1993 736 2048 τῶν
787 1993 988 2059 ἔξωθεν
1035 1995 1280 2066 ἐραστῶν
1329 1994 1688 2066 ἐμφορεῖσθαι

140 2084 450 2154 βουλόμεναι,
478 2086 570 2139 διὰ
603 2086 660 2140 δὲ
681 2086 840 2140 τοῦτο
882 2087 981 2156 τῆς
1020 2087 1205 2157 κοινῆς
1237 2087 1530 2157 ἐπιθυμίας
1589 2089 1688 2158 τὴν

138 2175 240 2244 δψιν
271 2177 477 2248 ἥδυσμα
538 2178 786 2246 γίνεσθαι
849 2177 1276 2242 σπουδάζουσαι,
1314 2181 1406 2232 καὶ
1443 2178 1520 2248 τῷ
1543 2180 1690 2233 ἔνδον

139 2268 316 2338 ἐραστῇ
348 2267 413 2320 δι’
441 2268 631 2338 αῐδῶἢ
661 2268 825 2338 φόϐον
853 2269 963 2338 (61)
994 2267 1379 2340 κρατούμεναι.
1407 2271 1542 2322 Οὐδὲ
1581 2270 1689 2342 γὰρ

138 2349 230 2408 οἷόν
248 2358 302 2409 τέ
345 2359 488 2411 ἐστιν
528 2357 828 2411 ἁνύπουλον
852 2354 986 2412 εἶναι
1014 2358 1122 2411 τῶν
1142 2358 1397 2411 τοιούτων
1427 2358 1524 2430 τὴν
1552 2359 1692 2426 γνὼ-

141 2465 251 2519 μην,
301 2451 544 2513 καὶτοὺς
605 2449 802 2516 ἔξωθεν
854 2450 946 2502 ἐπὶ
1003 2451 1064 2502 τὸ
1121 2451 1278 2521 σῶμα
1312 2451 1398 2504 διὰ
1441 2453 1690 2523 μηχανῆς

139 2539 458 2608 ὲρεθίζουσαν
481 2541 619 2613 (6'3),
645 2543 738 2594 καὶ
764 2541 842 2612 τῷ
879 2542 1024 2596 ἔνδον
1059 2542 1116 2608 ἐξ
1151 2544 1407 2612 ἡμισείας
1436 2545 1690 2614 ἀρέσκειν

137 2631 418 2687 ἐθέλουσαν.
452 2636 563 2688 Καὶ
591 2635 774 2688 οὐκέτι
807 2635 959 2688 ἔσται
981 2633 1216 2704 λοιπδνή
1244 2633 1436 2705 γνώμη
1471 2634 1689 2704 ὁμαλῶς

138 2721 280 2792 ἑαυτῇ
305 2723 686 2793 συμφωνοῦσα·
725 2724 839 2778 ἀλλ’
866 2724 1056 2797 ὥσπερ
1085 2728 1141 2778 ὲν
1183 2726 1512 2797 μεταιχμίῳ,
1553 2727 1690 2797 πρός

138 2829 188 2865 τε
213 2813 295 2866 τὸν
314 2815 453 2869 ἔνδον
487 2816 748 2887 ἐραστὴν,
776 2817 872 2870 καὶ
917 2817 1007 2869 τὶν
1035 2816 1139 2881 ἔξω
1155 2817 1339 2880 κακῶς
1372 2816 1684 2888 σχιζομένη.

134 2905 316 2970 οὐδεὶς
341 2908 406 2960 δὲ
429 2908 680 2962 δύναται
699 2908 841 2961 δυσὶ
875 2908 1106 2975 κυρίοις
1120 2907 1454 2962 δουλεύειν.
1493 2911 1562 2963 Ἦ
1580 2911 1690 2978 γὰρ

137 2996 229 3050 τὸν
254 2997 355 3050 ἕνα
375 2998 649 3068 μισήσει,
685 2997 781 3050 καὶ
814 2998 920 3051 τὸν
945 2996 1147 3064 ἕτερον
1175 2996 1494 3065 ἀγαπήσει·
1525 2997 1562 3066 ἢ
1584 2997 1689 3050 τοῦ

138 3086 256 3154 ἑνὸς
281 3089 609 3154 ἀνθέξεται,
641 3088 733 3142 τοῦ
759 3088 883 3154 ἔξω,
915 3086 1362 3158 καλλωπιζομένη
1395 3087 1531 3158 πρὸς
1561 3087 1686 3140 τοῦ·

137 3194 233 3241 τον,
251 3179 460 3233 καὶτοῦ
481 3179 632 3232 ἔνδον
664 3177 1127 3247 καταφρονήσει.
1165 3178 1232 3232 Ἠ
1257 3177 1325 3230 δὲ
1348 3177 1574 3246 ἄγαμος
1586 3195 1689 3246 με-

133 3270 290 3338 ριμνᾷ
311 3275 380 3325 τὰ
399 3273 503 3326 τοῦ
527 3271 772 3338 Κυρίου,
791 3269 916 3337 πῶς
939 3271 1141 3339 ἀρέσει
1163 3269 1242 3334 τῷ
1257 3271 1470 3337 Κυρίῳ·
1487 3269 1690 3338 ὥσπερ

139 3357 234 3416 οὖν
263 3363 298 3431 ἠ
349 3364 680 3433 γαμήσασα
714 3362 970 3433 μεριμνᾷ
1014 3362 1086 3416 τὰ
1117 3363 1224 3417 τοῦ
1257 3365 1510 3433 κόσμου,
1565 3363 1692 3428 πῶς

138 3456 316 3524 ἀρέσει
346 3457 425 3524 τῷ
452 3457 654 3526 ἀνδρὶ,
689 3459 787 3510 καὶ
811 3457 1161 3526 μεμέρισται
1189 3456 1290 3510 καὶ
1322 3459 1360 3526 ἡ
1393 3457 1548 3528 γυνὴ
1591 3457 1689 3510 καί

139 3550 171 3615 ἠ
195 3548 488 3617 παρθένος.
540 3550 694 3604 Ἐπεὶ
711 3551 988 3620 ἀμήχανον
1021 3550 1115 3603 καὶ
1146 3549 1222 3619 τῷ
1242 3548 1390 3602 ἔνδον
1421 3567 1482 3620 με
1494 3551 1690 3621 ριμνᾷν

139 3642 264 3705 ὅπως
293 3644 480 3715 ἀρέσῃ.
512 3644 610 3696 καὶ
639 3643 773 3713 πρὸς
804 3643 930 3704 τοὺς
964 3641 1067 3706 ἔξω
1108 3641 1216 3713 (65)
1258 3641 1472 3705 θεατὰς,
1502 3641 1691 3713 ὥσπερ

139 3735 187 3786 ἐν
215 3739 393 3808 σκηνῇ,
451 3734 911 3798 καλλωπίζεσθαι,
953 3734 1092 3786 Ἀλλ’
1139 3734 1211 3797 ὡς
1241 3735 1268 3786 ὁ
1299 3735 1390 3802 ὑφ’
1431 3733 1564 3806 ἡλίῳ
1591 3733 1688 3786 λα-

138 3825 556 3898 λῶνδιδασκάλῳ,
584 3827 736 3880 οὐδέν
767 3845 820 3880 τι
851 3827 950 3897 τῆς
967 3825 1481 3898 παρακολουθούσης
1509 3826 1689 3888 σκιᾶς,

139 3919 195 3971 τὰ
221 3922 485 3993 κινήματα
515 3919 684 3973 αὐτοῦ
723 3918 832 3972 τῶν
870 3918 1090 3989 χειρῶν,
1130 3918 1225 3970 καὶ
1265 3918 1364 3988 τῆς
1397 3917 1523 3988 ὅλης
1561 3933 1692 3988 μορ-

139 4011 228 4081 φῆς
278 4016 396 4077 τοὺς
440 4014 649 4075 τύπους
699 4011 950 4082 μιμηλῶς
998 4009 1318 4080 δεικνύσης,
1377 4009 1687 4080 φροντίσας,

138 4099 238 4164 ὅλος
260 4102 365 4174 (64)
388 4103 525 4175 πρὸς
550 4101 650 4172 τὴν
665 4100 758 4154 τοῦ
776 4099 1088 4170 καθηγητοῦ
1111 4099 1326 4170 ὁμιλίαν
1349 4099 1687 4152 συντέταται·

138 4193 260 4248 οὕτω
294 4198 434 4268 καὶὴ
465 4195 758 4266 παρθένος,
791 4193 942 4248 οὐδέν
983 4210 1036 4247 τι
1073 4192 1180 4245 τῶν
1211 4191 1306 4245 τοῦ
1339 4190 1586 4260 σώματος
1615 4192 1693 4243 εί-

137 4283 296 4339 δὼλων
325 4287 388 4341 ἂν
420 4287 674 4358 εὔμορφα
699 4286 732 4356 ἢ
761 4285 1046 4356 δύσμορφα
1082 4285 1334 4354 φαίνηται
1369 4282 1562 4346 ταῦτα,
1597 4283 1692 4335 κα)¹

137 4376 229 4430 τῶν
267 4380 390 4451 περὶ
422 4380 566 4433 αὐτὰ
613 4377 812 4448 μωκῶν
851 4377 963 4448 (65)
1010 4377 1369 4448 φροντίσασα,
1406 4374 1500 4445 ὅλη
1553 4373 1691 4445 πρὸς

1791 524 1895 576 reis
1929 533 2110 575 autem
2150 521 2410 591 temporis
2438 519 2605 592 634
2637 535 2926 592 progressu
2977 520 3116 576 nihil
3161 522 3229 576 ab
3278 523 3370 576 illa

1789 615 2145 682 discreparet.

1860 811 1948 866 l7.
2004 809 2188 879 Neque
2221 811 2364 865 enim
2402 813 2530 882 quid
2589 813 2690 869 sibi
2745 815 2797 868 in
2854 816 3124 886 exquisito
3171 827 3366 872 ornatu

1788 914 2105 972 proponant,
2159 905 2268 958 cito
2317 907 2658 973 perspicitur.
2701 905 2835 960 Nam
2871 911 2914 960 si
2955 919 3010 960 ut
3045 909 3371 976 virginitatis

1793 995 2131 1064 propositum
2158 994 2435 1062 adjuvent,
2462 1008 2651 1050 contra
2688 1013 2818 1052 sane
2845 1014 3001 1066 quam
3029 1001 3368 1067 profitentur,

1791 1099 1912 1139 sese
1941 1095 2156 1152 gerunt,
2190 1087 2387 1154 quippe
2425 1103 2546 1142 eum
2600 1089 2780 1156 plures
2829 1097 3126 1143 tentatores
3175 1091 3367 1158 exqui-

1789 1177 1895 1231 sito
1927 1185 2121 1230 ornatu
2155 1187 2346 1232 contra
2372 1178 2694 1247 semetipsas
2730 1179 2962 1234 absurde
2984 1180 3238 1233 excitent.
3270 1179 3369 1234 Sin

1789 1277 1969 1323 autem
1999 1278 2056 1322 ut
2086 1267 2334 1323 formosae
2377 1278 2583 1322 tantum
2634 1278 2952 1340 appareant,
2990 1271 3240 1325 videnlur
3267 1273 3368 1325 ab-

1790 1359 2008 1412 surdam
2046 1372 2110 1412 ea
2137 1359 2204 1412 de
2227 1373 2286 1413 re
2331 1374 2515 1413 curam
2549 1361 2844 1430 suscipere,
2879 1361 2981 1415 nisi
3040 1361 3076 1414 ii
3112 1377 3141 1415 a
3173 1363 3370 1432 quibus

1791 1453 2007 1508 laudem
2039 1455 2297 1524 consequi
2345 1456 2588 1523 student,
2625 1458 2858 1526 opinata:
2892 1473 3080 1513 earum
3131 1460 3373 1528 pulchri-

1794 1539 1998 1596 tudinis
2028 1543 2335 1598 satietatem
2376 1545 2588 1614 Capturi
2625 1547 2755 1600 sint.
2785 1547 2936 1613 Quod
2972 1548 3018 1602 si
3067 1559 3124 1601 ut
3150 1549 3216 1603 iis
3245 1565 3370 1618 pcr-

1794 1629 2052 1686 l'ruantur
2088 1635 2286 1702 quibus
2316 1635 2530 1702 placere
2553 1638 2794 1703 student,
2824 1637 2877 1690 in
2901 1641 3231 1694 contrariam
3256 1656 3373 1710 par-

1795 1729 1901 1776 tem
1947 1722 2199 1793 delapsas
2253 1741 2312 1779 se
2334 1741 2454 1780 esse
2499 1729 2645 1783 clare
2693 1732 3002 1798 ostendent,
3057 1735 3370 1790 meretrices

1791 1827 1888 1883 pro
1936 1814 2234 1886 virginibus
2293 1817 2647 1886 deprehensae
2704 1839 2719 1876 :
2765 1823 2867 1876 nisi
2939 1824 3079 1877 inter
3138 1825 3366 1879 duorum

1792 1918 2032 1958 amorem
2079 1908 2268 1961 medize
2311 1909 2703 1972 distrahantur.
2741 1913 3100 1969 exterioribus
3151 1917 3369 1984 quidem

1793 1998 2126 2052 amatoribus
2159 2000 2362 2067 perfrui
2390 2003 2690 2071 cupientes,
2712 2014 2763 2057 et
2790 2005 2991 2060 idcirco
3017 2010 3206 2062 dantes
3233 2022 3365 2077 ope-

1793 2103 1932 2154 ram,
1970 2098 2028 2143 ut
2058 2092 2364 2146 communis
2412 2093 2725 2162 cupiditatis
2770 2097 3170 2153 condimentum
3215 2116 3372 2171 aspe-

1790 2189 1908 2236 ctus
1938 2180 2056 2247 ﬁat,
2081 2183 2175 2237 sed
2210 2184 2422 2238 interno
2449 2188 2676 2241 amatori
2699 2188 2768 2242 ob
2800 2192 3055 2258 pudorem
3088 2203 3143 2246 et
3169 2203 3368 2248 metum

1790 2273 2152 2329 adhaerentes.
2185 2273 2334 2330 Fieri
2358 2278 2500 2331 enin:
2536 2293 2640 2332 non
2679 2290 2872 2348 potest,
2908 2293 2964 2335 ut
3000 2283 3184 2337 talium
3217 2301 3372 2342 mens

1792 2381 1924 2434 pura
1951 2375 2006 2420 et
2043 2367 2270 2436 simplex
2303 2368 2396 2434 sit,
2437 2377 2693 2426 externos
2743 2373 2807 2426 ad
2851 2389 3046 2442 corpus
3090 2377 3368 2430 machina-

1793 2456 1936 2512 tione
1967 2460 2201 2526 quadam
2235 2461 2618 2526 exstimulans,
2680 2464 2892 2519 interno
2944 2477 3122 2520 autem
3160 2469 3372 2536 placere

1791 2561 1858 2600 ex
1886 2547 2113 2604 dimidio
2147 2552 2393 2618 cupiens.
2419 2553 2530 2608 Nec.
2554 2554 2665 2621 jam
2701 2557 2805 2610 erit
2832 2558 3082 2627 deinceps
3109 2561 3372 2618 sententia

1789 2639 2167 2706 aequalibiliter
2216 2643 2316 2696 sibi
2361 2645 2471 2712 ipsa
2506 2647 2855 2702 consentiens
2909 2667 2922 2702 :
2966 2652 3059 2704 sed
3115 2660 3368 2721 tanquam

1791 2729 1843 2783 in
1878 2731 2112 2785 conﬁnio
2140 2733 2284 2786 inter
2337 2735 2609 2790 internum
2663 2750 2959 2794 amatorem
3016 2754 3071 2796 et
3117 2755 3371 2802 externos

1789 2837 1955 2891 prave
1991 2825 2290 2880 scindetur.
2324 2827 2494 2882 Nemo
2539 2839 2704 2896 potest
2737 2832 2942 2886 duobus
2990 2836 3217 2889 dominis
3255 2853 3369 2890 ser-

1789 2919 1917 2971 vire.
1961 2919 2065 2972 Aut
2106 2921 2241 2972 enim
2272 2937 2435 2974 unum
2472 2922 2592 2975 odio
2630 2922 2859 2988 habebit,
2895 2935 2942 2978 et
2980 2926 3207 2980 alterunt
3246 2928 3372 2982 dili-

1789 3020 1891 3080 get.
1917 3012 2017 3062 Aut
2054 3011 2148 3064 uni
2177 3011 2480 3077 adhaerebit,
2524 3013 2774 3068 nimirum
2803 3025 3048 3080 externo,
3089 3019 3171 3072 cui
3207 3033 3266 3074 se
3290 3034 3374 3074 or-

1792 3112 1921 3155 natu
1957 3104 2216 3166 venditat,
2249 3112 2305 3158 et
2351 3103 2623 3159 internum
2668 3116 2960 3162 contemnet
2987 3109 3054 3164 ⁷¹.
3108 3107 3240 3174 Quae
3268 3127 3370 3165 au-

1793 3202 1892 3245 tent
1937 3196 2157 3259 innupta
2184 3203 2279 3257 est,
2311 3197 2501 3264 cogitat
2539 3212 2656 3264 qua:
2695 3207 2812 3250 sunt
2852 3196 3080 3261 Domini,
3111 3201 3371 3264 quomodo

1789 3283 1992 3354 placeat
2028 3284 2269 3350 Domino,
2317 3287 2754 3351 quemadmodum
2814 3297 2978 3356 nupta
3026 3293 3216 3359 cogitat
3252 3307 3372 3360 qua:

1790 3385 1912 3428 sunt
1949 3376 2154 3437 mundi,
2202 3374 2462 3445 quomodo
2506 3374 2708 3442 placeat
2755 3375 2864 3428 viro
2891 3391 2911 3428 :
2941 3385 2988 3428 et
3029 3377 3212 3430 divisae
3249 3386 3371 3430 sunt

1791 3481 1928 3517 uxor
1962 3472 2012 3516 et
2043 3465 2185 3532 virgo
2219 3465 2288 3517 ⁷¹.
2349 3462 2626 3531 Siquidem
2662 3463 2776 3518 ﬁeri
2832 3480 2937 3519 non
2989 3475 3182 3534 potest,
3217 3476 3274 3520 ut
3316 3477 3372 3522 et

1793 3557 2004 3610 interno
2034 3555 2264 3609 sollicita
2315 3555 2384 3608 sit
2416 3558 2688 3624 quomodo
2737 3556 2967 3625 placeat,
3025 3565 3081 3611 et
3127 3560 3370 3615 externis

1791 3648 2210 3715 spectatoribus,
2249 3648 2392 3701 velut
2442 3647 2494 3700 in
2525 3662 2707 3713 scena,
2734 3663 2852 3701 sese
2877 3657 3068 3703 ornatu
3108 3651 3366 3706 venditat.

1792 3736 1898 3790 Sed
1928 3737 2376 3805 quemadmodum
2417 3737 2508 3805 qui
2554 3737 2621 3790 ad
2659 3737 2824 3790 solent
2873 3737 3164 3808 alloquitur
3194 3742 3367 3811 magi-

1790 3835 1984 3890 strutn,
2017 3826 2148 3880 nihil
2175 3827 2435 3882 sollicitus
2457 3827 2521 3882 de
2545 3826 2832 3882 adeetante
2866 3830 3080 3896 umbra,
3108 3846 3227 3900 quae
3254 3847 3370 3888 moo

1793 3924 1878 3972 tus
1911 3917 2053 3972 illius
2089 3933 2367 3985 manuum,
2395 3929 2450 3973 et
2506 3921 2670 3974 t0tius
2705 3920 2891 3976 formae
2934 3923 3199 3994 imagines
3245 3925 3371 3979 imi.

1793 4011 1958 4064 tando
1985 4009 2263 4074 exprimit,
2287 4011 2353 4064 ad
2381 4014 2729 4080 praeceptoris
2759 4011 3086 4081 colloquium
3118 4024 3258 4072 totus
3284 4027 3370 4072 est

1794 4103 2065 4165 intentus;
2102 4102 2176 4156 ita
2210 4111 2264 4156 et
2303 4103 2454 4172 virgo
2481 4103 2612 4156 nihil
2648 4104 2713 4156 de
2753 4106 2997 4174 corporis
3042 4107 3367 4175 simulacris,

1794 4203 1972 4246 utrum
2006 4193 2240 4246 formosa
2273 4208 2340 4246 an
2372 4191 2640 4246 diﬂ'ormia
2687 4194 2994 4263 videantur,
3025 4197 3156 4250 nihil
3195 4199 3261 4254 de
3283 4197 3371 4266 jo-

1790 4287 1870 4340 cis
1891 4283 2089 4354 quibus
2123 4283 2487 4353 exagitantur,
2521 4285 2769 4349 sollicita,
2801 4287 2864 4340 ad
2896 4297 3284 4357 praeceptorem
3313 4301 3370 4344 et

1793 4391 2047 4444 sponsum
2078 4390 2236 4429 suum
2284 4385 2395 4428 tota
2433 4377 2790 4439 convertitur,
2821 4387 2874 4430 et
2911 4393 3032 4431 cum
3061 4393 3125 4432 eo
3159 4393 3254 4447 per
3281 4387 3366 4436 to-

136 4468 212 4521 τὸν
235 4471 541 4543 καθηγητὴν
564 4471 732 4542 αὐτῆς
760 4471 856 4523 καὶ
883 4469 1116 4539 νυμφίον
1145 4467 1539 4538 ὲπέστραπται.
1571 4465 1686 4518 τού-

1799 4477 1900 4520 Iam
1949 4468 2112 4520 vitam
2145 4467 2196 4520 in
2242 4465 2538 4520 clarissima
2577 4468 2697 4522 luce
2761 4472 2966 4524 intente
3018 4472 3361 4541 colloquitur.

137 4577 202 4632 τῳ
221 4562 301 4616 διὰ
337 4565 446 4636 βίου
460 4567 523 4620 έν
553 4560 925 4635 καθαρωτάτῳ
951 4559 1092 4631 φωτὶ
1130 4559 1396 4623 συντόνως
1420 4555 1675 4612 λαλοῦσαι.

197 4787 237 4818 ⁷¹
267 4788 540 4853 Μειιιιητι,
564 4787 657 4841 24.
727 4784 812 4838 "l
839 4783 1055 4840 Cor.vu
1105 4784 1199 4838 54.

201 4970 298 5042 (58)
326 4966 830 5042 Δειχθησομένην.
857 4965 948 5042 Sic
995 4977 1127 5042 mss.
1174 4971 1375 5042 septem
1407 4975 1528 5014 cum
1575 4958 1681 5014 Ve-

139 5032 884 5116 nelﬂﬁédiliotie.‘lia'risigtsis,
907 5032 1358 5116 δηχθησομένοις,
1386 5100 1398 5116 ν

200 5109 460 5180 (59)Αὑτὸ
490 5109 685 5162 τοῦτο.
728 5107 844 5180 Duo
874 5098 1117 5180 codices,
1138 5098 1287 5171 αὐτῷ
1308 5100 1537 5180 τούτῳ..)
1560 5098 1679 5151 Mox

140 5174 416 5247 legendum,
443 5179 745 5248 φαίνονται.
768 5176 979 5244 Alioqui
1014 5174 1156 5226 nulla
1185 5187 1408 5240 prorsus
1442 5174 1688 5223 eritsen-

142 5249 304 5301 tentia.

199 5319 300 5390 (60)
326 5319 761 5390 Ἆποφέρεσθαι.
786 5313 1106 5390 Siccodiees
1123 5327 1152 5364 a
1179 5309 1515 5390 Comlteﬁsio
1533 5309 1687 5390 citati

140 5396 187 5437 et
205 5379 293 5440 alii
319 5379 554 5445 noun-ulli
596 5405 718 5445 cmn
757 5388 995 5441 editione
1031 5383 1254 5435 Veneta.
1277 5380 1456 5436 Editio
1478 5379 1676 5444 Paris.,

140 5454 512 5531 ἀποφύξασθαι.
551 5526 616 5531 __
682 5525 702 5531 Δ
847 5525 894 5531 _
1043 5521 1096 5531 η,
1195 5519 1228 5531 ,.
1269 5519 1300 5531 ..
1391 5519 1422 5531 Α.

202 5519 426 5597 (61)’Δι’
481 5526 625 5583 αὶδῶ
671 5525 712 5594 ἢ
777 5525 985 5597 φόϐον.
1024 5521 1132 5597 _Sic
1170 5519 1528 5597 _Qolhertinus
1589 5535 1683 5597 eo:

141 5589 227 5647 dei
255 5589 367 5651 cum
418 5601 624 5652 duobus
683 5589 882 5662 Regiis.
944 5589 1394 5662 Editioiveneta,
1445 5591 1513 5643 δι’
1544 5589 1680 5660 αἰδῷ

142 5661 172 5732 ἢ
205 5664 727 5741 φξδῳτέΡιπὶεῇ-θιιεὶε,
814 5663 945 5741 εἰδῷ
973 5661 1192 5741 ἢιφόδῳ
1219 5658 1368 5732 βίη·
1441 5739 1449 5741 _
1617 5729 1648 5741 ..

218 5680 360 5722 θοοω.
395 5680 727 5729 Ριπιςιθιιειε,
750 5680 784 5736 η
814 5680 945 5735 αιοῳ
973 5680 1006 5734 η
1044 5680 1192 5732 φοοῳ
1220 5680 1368 5732 [εισι.

201 5680 326 5806 (62)
350 5737 771 5807 Ἐρεθίζουσαν.
812 5733 1071 5802 Quamvis
1103 5736 1341 5801 quinque
1373 5739 1582 5786 veteres
1616 5729 1680 5784 li-

1790 4558 2029 4614 Sollicita
2055 4559 2198 4613 enim
2232 4567 2313 4614 est
2345 4561 2615 4628 quomodo
2659 4561 2872 4628 placeat
2917 4564 3169 4621 Domino.
3217 4565 3365 4623 Talis

1790 4957 1872 5010 bri
1926 4963 1978 5010 et
2005 4957 2169 5011 editio
2221 4954 2426 5026 Yeneta
2482 4957 2732 5020 habeant,
2767 4955 3120 5026 ὲρεθίζουσας
3153 4968 3207 5012 et
3237 4976 3357 5015 mox

1790 5026 2084 5090 έθέλουσας
2115 5024 2281 5098 [sic];
2313 5027 2428 5081 haec
2461 5037 2636 5080 tamen
2661 5024 2819 5098 lectio
2853 5037 2960 5098 tam
2996 5044 3182 5096 parum
3213 5043 3361 5083 com-

1793 5099 1952 5152 moda
2001 5107 2058 5149 ut
2105 5095 2371 5164 vulgatam
2431 5105 2642 5149 mutare
2700 5095 3006 5162 noluerim;
3063 5099 3165 5150 nisi
3216 5101 3357 5160 quod

1793 5167 2070 5236 emendavi
2124 5167 2264 5236 quod
2294 5165 2524 5220 habebat
2557 5166 2721 5220 editio
2767 5166 3110 5228 Parisiensis,
3152 5166 3242 5220 τὸν
3271 5167 3359 5220 έν-

1791 5235 1902 5300 δον,
1925 5245 1978 5288 et
2013 5235 2325 5290 eorunulem
2351 5236 2596 5290 codicum
2624 5252 2686 5289 ac
2715 5236 2927 5290 Veneta:
2952 5237 3206 5290 editionis
3231 5239 3362 5292 scri-

1791 5317 2006 5375 pturam
2034 5307 2259 5358 restitui.

1861 5374 1972 5445 (65)
2001 5375 2172 5440 Ἔξω.
2204 5372 2454 5445 Nonnulli
2484 5374 2718 5445 codices,
2748 5372 2967 5440 ἔξωθεν.

1860 5443 2198 5514 (‘64)"0109‘.
2241 5443 2362 5496 Hzec
2395 5443 2683 5510 scriptura,
2721 5459 2840 5512 qua:
2875 5445 2927 5496 in
2965 5443 3234 5514 nonnullis
3257 5461 3355 5501 co-

1789 5514 1996 5568 dicibus
2026 5527 2260 5583 repet-ta,
2291 5515 2465 5580 potior
2493 5515 2702 5583 videtur
2739 5529 2899 5581 quam
2930 5514 3160 5580 vulgata,
3191 5515 3349 5580 ὅλως.

1859 5582 2244 5655 (65)-Μωκῶν.
2310 5584 2422 5635 Non
2457 5582 2608 5655 male,
2629 5583 2793 5655 editio
2839 5583 3179 5650 Parisiensis,
3240 5604 3354 5655 μω-

1789 5653 1925 5724 μῶν.
1951 5652 2072 5707 ’δραι
2106 5665 2280 5707 tamen
2316 5652 2644 5704 restituenda
2679 5654 2789 5724 visa
2824 5663 2907 5706 est
2940 5655 3206 5721 scriptura
3242 5652 3358 5709 edi-

1786 5723 1946 5780 tionis
2003 5724 2234 5787 Venetae,
2263 5737 2425 5791 quam
2453 5737 2546 5778 sex
2574 5723 2788 5778 codices
2834 5738 2963 5780 mss.
3009 5725 3355 5784 conﬁrmant.
