3802 6216
379 316 484 373 707

1345 308 1690 365 APPENDIX
1727 305 2011 363 OPERUM
2050 305 2110 360 S.
2151 302 2395 359 BASILII
2436 303 2672 359 MAGNI.

3545 305 3651 364 708

382 443 565 488 autem
636 428 829 499 placet,
890 428 1101 498 qualem
1145 427 1259 495 ipse
1299 426 1449 479 illam
1488 424 1726 481 formare
1763 425 1952 479 Vttlllil.

2133 424 2316 494 εριμνᾷ
2352 422 2463 493 γὰρ
2495 422 2613 486 πῶς
2642 421 2815 495 ἀρέσῃ
2844 420 2953 494 (66)
3001 421 3081 493 τῷ
3137 423 3350 494 Κυρίῳ.
3396 424 3650 495 Ἀρέσκει

452 609 543 666 18.
574 608 691 663 Non
723 607 895 661 solum
922 605 1084 673 igitur
1122 605 1376 659 exornari
1415 605 1566 674 virgo
1617 619 1723 658 non
1781 605 1958 668 debet,

385 719 488 757 nec
515 700 839 770 exquisitam
889 698 1118 752 formam
1159 699 1226 751 ad
1255 698 1661 751 condimentum
1714 695 1959 763 volupta-

384 797 452 849 tis
504 794 647 849 oeuli
704 792 957 861 impudici
995 790 1297 857 elaborare,
1364 791 1458 845 sed
1525 791 1686 843 etiam
1740 799 1961 844 natura-

381 884 485 938 lem
538 883 785 953 corporis
829 880 1324 951 pulchritudinem,
1377 891 1638 949 qttantum
1693 881 1809 935 ﬁeri
1864 896 1961 950 po-

380 985 506 1040 test,
540 976 660 1030 data
699 990 861 1044 opera
901 973 1245 1027 obumbrare.
1301 971 1436 1026 Nam
1487 990 1634 1038 cum,
1665 973 1959 1027 secundum

380 1066 720 1132 superiorem
749 1078 1079 1129 sermonem,
1113 1061 1408 1117 [amentum
1435 1063 1600 1133 635
1629 1064 1699 1117 sit
1725 1062 1962 1131 volupta-

380 1156 452 1212 tis
487 1157 624 1211 mari
658 1158 878 1217 leniina,
909 1166 964 1210 et
991 1156 1149 1209 oculo
1177 1156 1433 1219 molliori,
1472 1171 1634 1225 quam
1667 1155 1958 1216 masculus.

379 1248 447 1301 ad
482 1247 934 1301 oblectamentum
970 1246 1115 1300 visus
1148 1246 1346 1310 ellieta,
1380 1262 1442 1300 ac
1497 1261 1694 1301 canora
1729 1261 1860 1299 voce
1893 1246 1959 1297 ad

378 1338 737 1408 pelliciendas
772 1352 934 1391 aures
964 1338 1251 1401 instructa,
1286 1338 1651 1391 membrorum
1683 1336 1959 1408 apparenti

380 1431 628 1491 mollitie,
657 1446 721 1483 ac
751 1445 855 1483 uno
881 1429 1070 1491 verbo,
1105 1438 1213 1482 tota
1261 1430 1509 1496 corporis
1538 1431 1722 1498 specie
1756 1444 1819 1487 ac
1849 1444 1963 1481 mo-

383 1531 439 1574 tu
475 1523 539 1573 ad
578 1522 877 1590 decipulam
924 1520 1217 1587 voluptatis
1272 1521 1523 1584 formata,
1573 1536 1803 1591 cumque
1854 1538 1959 1576 non

380 1614 608 1682 loquens
637 1615 807 1666 solum
841 1612 1034 1666 mulier
1057 1624 1112 1667 et
1145 1613 1439 1682 aspiciens,
1476 1612 1568 1665 sed
1599 1622 1653 1665 et
1679 1614 1872 1667 sedens
1899 1629 1962 1669 ac

380 1705 663 1761 ambulans
698 1705 765 1757 ob
798 1704 1013 1757 insitam
1071 1704 1124 1757 in
1165 1719 1367 1758 marem
1402 1704 1476 1757 illi
1522 1704 1823 1757 naturalem
1865 1720 1961 1774 po-

2060 515 2116 568 δὲ
2145 514 2367 584 τοιαύτη
2394 514 2512 589 οἷαν
2538 513 2700 577 αὐτὸς
2739 512 2909 583 αὐτὴν
2932 513 3131 567 πλάσαι
3153 513 3440 585 ἠθέλησεν.

2132 604 2218 658 18.
2249 605 2323 658 Ού
2363 603 2522 674 μόνον
2545 600 2638 657 οὖν
2662 605 2720 656 ού
2756 604 2839 656 δεῖ
2862 603 3298 668 καλλωπίζεσθαι
3323 605 3423 676 τῆν
3452 605 3653 675 παρθέ-

2061 713 2171 758 νον,
2209 696 2331 748 ούδὲ
2363 696 2582 766 ἥδυσμα
2625 695 2822 767 ἡδονῆς
2857 695 3162 766 βλέμματος
3192 696 3495 749 ἀκολάστου
3548 697 3651 768 τὴν

2062 788 2302 841 ἐπίνοιαν
2317 789 2415 857 τῆς
2442 788 2652 857 μορφῆς
2681 787 3026 857 ἐργάζεσθαι,
3050 787 3185 841 ἀλλὰ
3209 788 3305 841 καὶ
3331 788 3391 841 τὸ
3421 788 3649 857 φυσικὸν

2060 880 2153 933 τοῦ
2189 879 2437 948 σώματος
2474 879 2669 942 κάλλος
2693 878 3005 943 συπιάξειν
3037 880 3114 944 ὡς
3142 876 3254 935 οἷόν
3279 898 3339 934 τε
3373 885 3494 945 ταῖς
3526 884 3651 934 ἐπι-

2062 972 2244 1034 νοίαις.
2294 971 2511 1040 Ἐπειδὴ
2542 970 2670 1040 γὰρ,
2700 972 2841 1025 κατά
2890 973 2982 1024 τὸν
3030 973 3287 1044 ἀνωτέρω
3319 972 3497 1041 λόγον,
3546 974 3652 1043 μά-

2061 1065 2248 1135 λαγμα
2274 1063 2468 1134 ἡδονῆς
2488 1063 2565 1133 τῷ
2592 1063 2782 1135 ἄρρενι
2811 1064 2873 1117 τὸ
2910 1064 3043 1135 θῆλύ
3090 1066 3228 1130 ἐστι,
3260 1067 3355 1131 καὶ
3375 1066 3651 1136 βλέμματι

2062 1156 2342 1227 ὑγροτέρῳ
2394 1155 2488 1207 τοῦ
2522 1156 2750 1226 ἄρρενος
2799 1154 2936 1225 πρὸς
2985 1155 3267 1225 ἐναγωγὴν
3316 1154 3427 1225 (67)
3476 1156 3653 1225 ὂψεως

2062 1247 2467 1317 πεπλασμένον,
2518 1247 2610 1299 καὶ
2644 1249 2794 1316 φωνῇ
2819 1245 3016 1317 λιγυρᾷ
3043 1249 3123 1310 εἰς
3162 1246 3462 1317 θέλγητρον
3485 1249 3653 1316 ὀργα-

2060 1339 2229 1392 νωθὲν
2271 1339 2464 1409 ἀκοῆς,
2501 1338 2597 1391 καὶ
2618 1340 2683 1409 τῇ
2715 1336 3086 1408 ἐμφαινομένη
3118 1338 3224 1390 τῶν
3263 1337 3443 1408 μελῶν
3479 1338 3653 1407 μαλα-

2061 1431 2270 1501 κότητι,
2301 1431 2395 1483 καὶ
2416 1430 2648 1491 συνόλως
2678 1429 2841 1482 παντὶ
2897 1428 2974 1499 τῷ
2996 1428 3088 1481 τοῦ
3120 1427 3372 1498 σώματος
3407 1428 3653 1498 σχήματὶ

2059 1538 2118 1574 τε
2144 1522 2237 1575 καὶ
2265 1522 2524 1591 κινήματι
2573 1520 2708 1591 πρὸς
2748 1520 2964 1590 ἀπάτην
2987 1520 3085 1589 τῆς
3115 1520 3308 1590 ἡδονῆς
3338 1521 3652 1591 μορφωθὲν,

2061 1612 2155 1665 καὶ
2196 1612 2256 1663 ού
2307 1610 2542 1663 λαλοῢσα
2585 1611 2721 1680 γυνὴ
2777 1610 2935 1679 μόνον
2983 1611 3076 1663 καὶ
3123 1609 3328 1680 ὁρῶσα,
3372 1611 3512 1664 ἀλλά
3554 1614 3654 1665 καὶ

2061 1702 2345 1772 καθημένη
2377 1719 2493 1765 πως
2517 1702 2611 1755 καὶ
2642 1700 2950 1771 βαδίζουσα,
2987 1701 3075 1754 διὰ
3125 1702 3223 1772 τῆν
3241 1702 3471 1756 ἐνοῦσαν
3512 1705 3653 1757 κατὲ

386 1806 662 1856 testatem,
692 1810 814 1849 eum
854 1795 921 1848 ad
957 1810 1036 1859 se,
1064 1806 1123 1847 ut
1151 1794 1349 1849 ferrum
1378 1796 1591 1850 eminus
1617 1811 1858 1865 magnes,
1889 1807 1955 1849 at-

2133 1793 2152 1846 5
2197 1794 2425 1863 ἀξιρενος
2452 1795 2587 1863 αὐτῇ
2623 1793 2734 1864 (68)
2767 1792 3000 1863 φυσικὴν
3031 1793 3371 1855 δυναστείαν,
3406 1794 3486 1857 ὡς
3504 1793 3656 1865 σίδης

379 1890 594 1953 trabat;
646 1897 927 1956 propterea
966 1896 1180 1954 oportet
1229 1895 1288 1939 ut
1331 1887 1505 1955 virgo.
1537 1901 1605 1941 ne
1647 1886 1757 1941 ullo
1800 1888 1958 1942 modo

378 1977 671 2046 voluptatis
711 1977 914 2029 retibus
955 1976 1267 2043 implicetur
1307 1976 1598 2045 providens
1650 1985 1705 2029 et
1738 1990 1955 2043 cavens,

378 2070 677 2124 masculum
708 2078 982 2136 aspectum
1022 2076 1079 2122 et
1128 2067 1340 2121 ﬁrmam
1397 2067 1595 2122 elﬁciat
1633 2082 1841 2133 vocem,
1895 2083 1959 2123 ac

380 2163 595 2218 incessu
631 2173 684 2215 et
720 2162 866 2216 omni
914 2176 1139 2229 prorsus
1193 2159 1439 2227 corporis
1485 2171 1633 2213 motu
1680 2160 1960 2216 illecebras

376 2254 673 2321 voluptatis
703 2260 985 2315 coerceat;
1041 2250 1112 2302 ita
1165 2257 1223 2300 ut
1248 2263 1348 2302 nec
1384 2249 1499 2316 ipsa
1528 2248 1707 2317 magis
1736 2250 1958 2317 excogi-

380 2346 508 2399 tatis
537 2343 602 2397 ad
640 2342 964 2411 voluptatem
1001 2340 1211 2395 artibus
1268 2340 1532 2408 capiatur,
1572 2354 1671 2393 nec
1705 2338 1956 2407 laqueum

378 2434 500 2487 aliis
519 2449 579 2487 ac
609 2449 719 2486 su.e
748 2434 917 2501 ipsius
940 2432 1133 2487 anima:
1162 2432 1440 2500 proprium
1466 2446 1665 2497 corpus
1687 2431 1955 2496 instituat,

379 2527 471 2580 sed
496 2526 561 2580 ad
596 2525 803 2577 ﬁrmam
837 2526 1054 2578 virtutis
1087 2524 1321 2594 speciem
1353 2522 1696 2592 semetipsatn
1747 2524 1960 2593 sapien-

383 2616 528 2670 tibus
562 2616 799 2670 motibus
838 2614 1066 2668 viriliter
1096 2615 1288 2684 erigat.

454 2899 543 2954 19.
588 2896 678 2952 Sic
714 2897 878 2967 igitur
907 2896 1191 2952 femineam
1221 2897 1548 2967 voluptatem
1579 2899 1631 2953 in
1666 2900 1954 2972 semetipsa

382 2982 691 3055 destr'uens,
733 2997 783 3043 et
818 2989 982 3041 maris
1013 2989 1080 3042 ad
1115 2988 1371 3042 feminam
1422 2991 1833 3060 propensionem
1872 3007 1954 3045 re.

382 3096 595 3146 secans,
625 3082 862 3150 virgines
889 3081 1050 3133 etiam
1096 3096 1224 3134 suos
1259 3095 1578 3149 progressus
1606 3081 1823 3146 elliciet,
1850 3099 1951 3137 non
1981 3120 2023 3175 C

380 3173 672 3227 lasciviens
722 3172 990 3226 continuis
1023 3172 1419 3241 progressibus,
1452 3188 1549 3225 nec
1577 3182 1774 3242 ιιι-αξιοι·
1825 3188 1954 3227 con-

379 3266 687 3320 venientem
718 3264 910 3331 virgiui
960 3263 1335 3316 necessitatem
1388 3263 1441 3316 in
1503 3263 1695 3328 domos
1754 3276 1952 3319 semet-

381 3353 554 3423 ipsam
589 3352 892 3407 intrudens.
920 3352 1023 3405 Sed
1042 3351 1220 3406 omnis
1251 3367 1567 3423 progressus
1594 3362 1804 3423 tempus
1826 3368 1958 3423 pra:-

380 3444 596 3511 scripue
625 3443 840 3495 virtutis
868 3441 1045 3495 ollieio
1082 3443 1330 3495 tenetietur
1362 3457 1377 3495 :
1413 3458 1477 3498 ac
1513 3454 1786 3498 rectorem
1835 3446 1958 3514 qui-

379 3535 501 3589 dem
535 3534 908 3603 progrediendi
943 3544 1267 3603 pra'ceptutn
1303 3536 1520 3589 habebit
1549 3536 1780 3602 Domini,
1818 3547 1956 3591 tem-

378 3639 482 3694 pus
504 3636 680 3678 autem
702 3639 769 3677 ex
798 3639 1032 3694 congrua
1060 3625 1164 3677 diei
1192 3622 1328 3677 hora
1355 3624 1643 3691 discernet.
1668 3623 1785 3680 Non
1812 3628 1955 3680 enim

381 3717 697 3786 simpliciter
725 3723 943 3784 propter
975 3732 1096 3770 eum
1131 3719 1222 3787 qui
1256 3718 1392 3771 dixit
1438 3734 1452 3770 :
1503 3717 1758 3787 Inﬁrmus
1779 3719 1880 3786 fui,
1909 3730 1957 3775 et

381 3825 487 3863 non
506 3809 758 3862 visitastis
775 3825 853 3862 me
869 3809 938 3874 ⁷³,
962 3817 1016 3862 et
1040 3819 1256 3874 caetera,
1280 3808 1560 3861 materiam
1589 3810 1957 3867 dissolutionis

380 3907 436 3951 et
471 3897 650 3964 probri
685 3906 1015 3964 praeceptum
1060 3894 1274 3948 Domini
1303 3895 1517 3949 eﬂiciet.
1553 3896 1802 3961 Qualibet
1827 3900 1956 3952 liora

380 3994 435 4040 et
460 3995 653 4054 praeter
668 3986 920 4039 decorum
959 3986 1204 4054 progredi
1236 3986 1460 4049 audens,
1493 4000 1554 4038 ac
1584 3987 1959 4055 intempestive

381 4076 435 4130 in
463 4077 700 4145 quolibet
743 4077 864 4130 vico
909 4077 1148 4145 pluribus
1177 4091 1296 4131 sese
1349 4078 1664 4143 ostendens,
1698 4093 1795 4133 nec
1823 4095 1957 4147 prte-

380 4166 587 4219 clarum
614 4166 820 4218 Domini
849 4175 1510 4235 praeceptummpportune
1544 4181 1608 4220 eo
1642 4183 1745 4220 non
1781 4178 1957 4233 utens,

382 4256 438 4311 in
497 4271 652 4311 suum
710 4256 879 4323 ipsius
934 4256 1259 4325 vituperium
1295 4273 1461 4327 prave
1512 4267 1814 4324 convertet,
1868 4269 1962 4312 aut

382 4347 527 4402 nulla
562 4349 737 4401 artatis
764 4363 873 4403 sua:
927 4347 1107 4401 babita
1144 4349 1375 4414 ratione,
1432 4349 1658 4402 licenter
1705 4350 1957 4417 prodibit,

2064 1901 2175 1957 ρον,
2216 1884 2378 1953 φημὶ,
2429 1882 2710 1952 πόρρωθεν
2749 1882 3035 1953 μαγνῆτις,
3064 1882 3253 1935 τοῦτον
3281 1882 3419 1954 πρὸς
3448 1885 3655 1951 ἑαυτὴν

2063 1974 2399 2046 μαγγανεύει
2419 1989 2434 2005 ο
2466 1973 2553 2026 διὰ
2598 1973 2756 2026 τοῦτο
2791 1974 2875 2026 δεῖ
2901 1974 3000 2044 τὴν
3026 1974 3311 2044 παρθένον,
3350 1973 3430 2043 τῷ
3459 1973 3655 2044 μηδενὶ

2057 2068 2244 2139 τρόπῳ
2273 2068 2383 2130 τοῖς
2413 2065 2511 2135 τῆς
2538 2065 2729 2135 ἡδονῆς
2756 2065 2989 2129 δικτύοις
3009 2066 3354 2135 ὲμπλακῆναι
3383 2067 3650 2134 φυλαττο-

2063 2159 2249 2230 μένην,
2285 2157 2602 2229 ἀρρενωπδν
2640 2157 2701 2210 τὸ
2734 2158 2907 2227 ὄμμα,
2935 2158 3028 2209 καὶ
3079 2158 3311 2229 στερῤἀν
3333 2161 3509 2211 ποιεῖν
3551 2159 3652 2230 τὴν

2061 2251 2265 2323 φωνὴν,
2299 2249 2378 2320 τῷ
2405 2248 2462 2300 δὲ
2487 2248 2776 2318 βαδίσματι
2807 2248 2902 2301 καὶ
2929 2247 3161 2311 συνόλως
3188 2250 3353 2300 παντὶ
3380 2252 3505 2320 κινή
3516 2268 3652 2321 ματι

2058 2342 2136 2413 τῷ
2156 2341 2249 2395 τοῦ
2269 2341 2541 2412 σώματος,
2570 2340 2813 2410 συνέχειν
2844 2341 2944 2409 τῆς
2969 2340 3162 2411 ἡδονῆς
3187 2342 3257 2394 τὰ
3273 2341 3517 2395 δελέατα·
3548 2344 3655 2415 οὺχ

2058 2434 2294 2496 ἀλῶσαν,
2319 2434 2480 2503 φημὶ.
2514 2431 2594 2484 ἔτι
2621 2432 2821 2500 μᾶλλον
2851 2435 2966 2495 ταῖς
3005 2432 3269 2495 ἐπινοίαις
3297 2434 3434 2503 πρὸς
3456 2433 3653 2504 ἡδονὴν

2059 2523 2277 2594 ἑαυτὴν,
2302 2524 2395 2576 καὶ
2439 2521 2642 2590 παγίδα
2681 2522 2888 2591 ἑτέροις
2929 2539 2989 2574 τε
3035 2522 3195 2593 ὁμοῦ,
3230 2524 3323 2576 καὶ
3346 2528 3413 2595 τῇ
3443 2525 3649 2595 ἑαυτῆς

2056 2616 2202 2686 ψυχῇ
2235 2615 2296 2667 τὸ
2341 2615 2540 2667 οἰκεῖον
2573 2613 2728 2684 σῶμα
2763 2614 3092 2684 ἀρτύουσαν,
3129 2615 3265 2685 πρὸς
3290 2617 3352 2669 τὸ
3392 2615 3652 2672 σύντονον

2056 2708 2114 2761 δὲ
2138 2711 2236 2779 τῆς
2273 2708 2472 2777 ἀρετῆς
2504 2702 2642 2768 εἶδος
2688 2706 2885 2777 ἑαυτὴν
2938 2706 3180 2780 σώφροσι
3213 2709 3508 2779 κινήμασιν
3554 2713 3651 2764 ἀν-

2056 2800 2249 2871 δρείως
2282 2798 2571 2870 όρθοῦσαν.

2130 2892 2218 2946 19.
2248 2890 2408 2943 Οὕτω
2435 2891 2493 2943 δὲ
2525 2890 2623 2962 τὴν
2649 2888 2743 2943 τοῦ
2772 2891 2962 2962 θήλεος
2981 2892 3186 2964 ιὴδονὴν
3215 2894 3272 2946 ὲν
3300 2895 3464 2965 ἑαυτῇ
3495 2895 3650 2950 ἀναιο

2060 2983 2250 3054 ροῦσα,
2275 2984 2371 3036 καὶ
2403 2982 2501 3054 τὴν
2539 2986 2674 3056 πρὸς
2702 2985 2860 3038 τοῦτο
2897 2984 3080 3054 σχέσιν
3121 2984 3214 3037 τοῦ
3252 2984 3485 3057 ἄρρενος
3516 2988 3655 3040 ἀπο·

2058 3078 2354 3141 κόπτουσα,
2387 3077 2686 3148 παρθένους
2719 3077 2919 3148 ἑαυτῆς
2946 3077 3037 3129 καὶ
3064 3076 3160 3141 τὰς
3193 3078 3456 3150 προόδους
3495 3082 3656 3151 ποιή-

2058 3186 2234 3233 σεται,
2257 3169 2358 3222 οὐκ
2427 3168 2892 3223 ἀκολασταίνουσα
2927 3171 3048 3231 ταῖς
3090 3169 3338 3239 συνεχέσι
3379 3171 3651 3242 προόδοις,

2055 3263 2178 3316 οὐδὲ
2210 3263 2361 3334 παρά
2376 3263 2471 3334 τὴν
2496 3262 2896 3316 ἐπιϐάλλουσαν
2924 3261 3177 3333 παρθένῳ
3196 3264 3307 3332 (69)
3323 3265 3516 3336 χρείαν
3530 3270 3656 3328 ταῖς

2055 3355 2255 3417 οἰκίαις
2302 3355 2503 3425 ἑαυτὴν
2541 3356 2970 3427 ὲπιρρίπτουσα·
3026 3354 3246 3424 ἀπάσης
3302 3356 3360 3408 δὲ
3416 3357 3652 3427 προόδου

2056 3446 2280 3519 καιρὸν,
2319 3447 2420 3517 τῆς
2462 3448 2820 3518 ὀφειλομένης
2857 3449 3057 3518 ἀρετῆς
3079 3447 3298 3519 ἐντολὴν
3326 3450 3655 3520 ποιουμένη·

2057 3538 2151 3591 καὶ
2185 3536 2396 3608 ἡνίοχον
2418 3538 2517 3609 μὲν
2547 3539 2645 3610 τῆς
2672 3539 2925 3610 προόδου,
2958 3540 3055 3612 τὴν
3087 3540 3304 3610 ἐντολὴν
3330 3540 3531 3611 ἔχουσα
3556 3542 3657 3595 τοῦ

2057 3631 2287 3701 Κυρίου,
2325 3632 2452 3695 τοὺς
2485 3631 2542 3684 δὲ
2586 3634 2813 3703 καιροὺς
2861 3632 3087 3697 τούτων,
3119 3632 3260 3687 κατά
3282 3634 3344 3686 τὸ
3375 3635 3659 3706 εὐπρεπὲς

2061 3723 2226 3794 μέρος
2251 3723 2352 3793 τῆς
2380 3724 2594 3795 ἡμέρας
2621 3724 2966 3794 ὲγκρίνουσα.
3004 3726 3078 3778 Οὐ
3107 3725 3216 3795 γὰρ
3247 3725 3435 3788 ἁπλῶς
3451 3726 3541 3779 διά
3565 3728 3662 3780 τὸν

2058 3814 2303 3878 εἰπόντα,
2343 3815 2636 3883 Ἀσθενὴς
2657 3815 2841 3885 ἢμην,
2873 3816 2972 3870 καὶ
2987 3818 3097 3869 οὐκ
3116 3816 3544 3884 ἐπεσκέψασθέ
3553 3834 3659 3886 με,

2059 3907 2154 3959 καὶ
2181 3905 2250 3979 τὰ
2276 3905 2459 3971 λοιπά,
2484 3905 2618 3978 ὓλην
2658 3907 2958 3978 χυδιασμοῦ
2980 3908 3146 3961 τεκαὶ
3166 3908 3335 3977 ψόγου
3368 3909 3470 3978 τὴν
3504 3911 3659 3963 ἐντοο

2059 3995 2160 4065 λὴν
2186 3994 2281 4047 τοῦ
2331 3996 2534 4068 Κυρίου
2583 3998 2891 4066 ποιήσεται.
2944 3998 3102 4051 Κατά
3139 3999 3320 4052 πᾶσαν
3344 4000 3444 4069 μὲν
3478 3998 3653 4071 ὥραν,

2060 4087 2156 4140 καὶ
2187 4086 2339 4159 παρὰ
2365 4089 2426 4141 τὸ
2458 4089 2667 4161 πρέπον
2705 4089 2813 4142 τῶν
2844 4091 3085 4162 προόδων
3115 4092 3534 4162 κατατολμῶσα,
3595 4098 3652 4146 ὲν

2059 4177 2288 4249 ἀκαιρία
2311 4178 2453 4232 κατά
2483 4182 2659 4233 πάντα
2694 4182 2972 4234 στενωπὸν
3005 4184 3117 4245 τοῖς
3150 4182 3363 4246 πολλοῖς
3391 4185 3656 4254 φαινομέ-

2060 4285 2148 4338 νη,
2187 4269 2307 4322 οὐδὲ
2349 4271 2409 4322 τὸ
2441 4271 2605 4323 καλὸν
2636 4272 2734 4342 μὲν
2760 4273 2859 4342 τῆς
2893 4271 2988 4325 τοῦ
3023 4272 3158 4325 Θεοῦ
3190 4273 3433 4344 ἐντολῆς,
3475 4276 3657 4328 ἔπιδε-

2064 4359 2192 4426 ξίως
2218 4361 2356 4432 αὐτῇ
2391 4361 2465 4433 μὴ
2496 4364 2836 4435 κεχρημένη,
2866 4366 2945 4427 εἰς
2973 4364 3226 4437 διαϐολὴν
3240 4367 3439 4436 ἑαυτῆς
3466 4368 3655 4432 κακῶς

384 4441 478 4494 sed
524 4440 814 4507 iuvenilem
846 4439 1060 4508 quidem
1093 4453 1259 4508 agens
1312 4448 1551 4504 aetatem,
1590 4440 1642 4492 in
1698 4440 1951 4509 templum

2133 4452 2399 4522 ριτρέψει,
2433 4453 2794 4508 ἀϐασάνιστον
2810 4456 2866 4509 δὲ
2891 4457 2987 4527 τὴν
3002 4457 3218 4527 ἡλικίαν
3248 4459 3446 4529 ἑαυτῆς
3467 4461 3655 4524 ἁπλῶς

388 4531 596 4585 Domini
650 4530 845 4594 solum,
884 4544 982 4584 nec
1027 4529 1139 4585 sola
1177 4529 1497 4598 simpliciter
1554 4531 1949 4602 progredietur.

383 4619 660 4690 Praecepto
689 4630 869 4673 autem
919 4619 1127 4674 Domini
1161 4620 1485 4674 necessariis
1515 4621 1580 4675 de
1615 4622 1798 4677 causis
1848 4622 1954 4675 alio

383 4724 628 4774 vocante,
662 4714 970 4782 pregressui
1000 4727 1097 4765 suo
1126 4726 1196 4765 etc
1223 4727 1433 4777 earum,
1482 4712 1802 4782 quibuscum
1832 4720 1956 4783 pro-

382 4801 633 4873 grediens
660 4805 917 4866 cernitur,
941 4803 1198 4856 comitatu
1227 4804 1668 4872 approbationem
1692 4804 1955 4858 concilia-

385 4896 483 4950 bit.
520 4894 637 4949 Non
668 4895 809 4949 enim
844 4895 1148 4965 gregariam
1179 4896 1334 4950 decet
1366 4894 1651 4965 virginem,
1683 4910 1804 4964 quae
1850 4912 1950 4951 nu-

456 5123 502 5155 "
530 5121 718 5176 Matth.
755 5136 887 5194 xxv,
918 5121 1008 5175 45.

457 5328 567 5402 (66)
608 5328 842 5402 Ἁρέσῃ.
862 5327 1110 5383 Nonnulli
1138 5329 1370 5402 codices,
1395 5329 1602 5402 ἀρέσει.

460 5398 566 5473 (67)
614 5400 723 5454 Τοῦ
778 5399 1025 5468 ἄρῤενος
1071 5398 1221 5473 πρός
1264 5398 1591 5469 ἑναγώγήν.
1641 5401 1734 5473 Sic
1794 5400 1959 5473 editio

383 5471 591 5529 Veneta
614 5482 666 5543 et.
693 5482 1090 5543 sepleuthtnssq
1125 5471 1229 5543 nisi
1250 5474 1417 5543 quod
1443 5472 1781 5543 unusltabeﬁt‘,
1811 5471 1952 5543 πρὸς

384 5541 703 5610 ἐπαγωγὴν,
739 5543 843 5610 duo
875 5539 987 5610 alii.
1047 5537 1182 5606 πρὸς
1237 5539 1485 5609 ἀγωγήν,
1527 5541 1695 5594 editio
1729 5537 1957 5610 V’eneta,

384 5609 775 5681 προσαγωγὴν.
822 5609 1175 5675 Parisieusis,
1232 5610 1370 5682 πρὸς
1424 5611 1649 5682 ἀγωγὴν
1702 5609 1795 5664 τοῦ
1853 5610 1959 5682 ἀρ-

421 5697 556 5734 ενος.

383 5683 566 5815 parti?)
626 5747 811 5817 Δὺτῇ.
873 5745 964 5804 Sic
1022 5762 1152 5806 mss.
1212 5751 1468 5824 quinque.
1530 5752 1703 5821 E'liti,
1765 5750 1956 5822 αὐτῆς.

2061 4544 2153 4596 ἐπὶ
2182 4545 2282 4608 τὰς
2318 4546 2582 4617 προόδους
2624 4548 2846 4618 ἀφήσει,
2872 4548 3008 4602 ἀλλά
3032 4548 3159 4602 νέαν
3196 4549 3295 4620 μὲν
3321 4550 3402 4604 ἔτι
3445 4552 3655 4621 ἄγουσα

2063 4632 2299 4702 ἡλικίαν,
2334 4635 2428 4688 ἐπὶ
2469 4636 2560 4689 τὸν
2593 4632 2743 4690 οἷκον
2770 4638 2862 4690 τοῦ
2891 4636 3024 4690 Θεοῦ
3076 4638 3256 4708 μόνον,
3293 4640 3391 4692 καὶ
3419 4641 3482 4692 οὐ
3516 4642 3651 4711 μόνη

2064 4723 2253 4789 ἀπλῶς
2287 4726 2697 4797 προελεύσεται.
2732 4729 2985 4798 Ἐντολῆς
3004 4728 3060 4782 δὲ
3098 4729 3192 4783 τοῦ
3222 4731 3430 4801 Κυρίου
3458 4732 3653 4803 ἐτέρωο

2066 4814 2119 4867 θι
2138 4816 2530 4889 ἀπαραιτήτως
2548 4818 2811 4889 ἀγούσης,
2841 4818 3154 4884 ἀξιόπιστον
3190 4819 3289 4892 τὴν
3327 4822 3529 4891 ἑαυτῆς
3558 4839 3653 4874 πο-

2068 4904 2219 4960 οείαν
2233 4910 2352 4972 ταῖς
2382 4908 2504 4980 μεθ’
2529 4902 2604 4964 ὧν
2633 4910 2924 4982 βαδίζουσα
2943 4912 3054 4985 (70)
3081 4915 3297 4985 ὁρᾶται,
3341 4915 3648 4986 ποιήσεται.

2066 5333 2186 5387 Mox
2230 5334 2397 5390 editio
2447 5332 2651 5400 Paris.,
2701 5334 2883 5392 τοῦτο.
2940 5335 3142 5392 Veneta
3204 5350 3259 5394 et
3314 5355 3471 5401 mss.,
3527 5342 3652 5397 τοῦ-

2064 5421 2250 5542 τοῖδθ)
2275 5472 2570 5543 Παρθένῳ.
2612 5473 2703 5527 Sic
2735 5473 3080 5534 Colbertiuus
3108 5479 3275 5534 codex
3304 5488 3359 5533 et
3389 5479 3479 5534 alii
3524 5498 3655 5538 non-

2068 5547 2217 5616 nulli.
2256 5543 2765 5616 Etlit_i,__1:atp0évwv.

2138 5614 2246 5685 (70)
2272 5612 2622 5692 Βαδιξζοινρφ
2665 5616 2755 5669 Sic
2781 5625 3011 5692 uterque
3035 5620 3202 5675 codex
3249 5619 3547 5677 (Σιωπήν-ηε.
3599 5628 3654 5681 et

2067 5684 2247 5755 plures
2271 5688 2380 5739 alii.
2411 5684 2569 5753 Edit'i,
2599 5685 2980 5755 βασανίζουσα.
