3802 6216
169 334 257 392 709

1326 325 1530 382 LIBER
1568 325 1659 381 DE
1697 323 2169 384 VIRGINITATE.

3280 326 3384 384 710

165 447 230 501 Οὐ
254 443 352 515 γὰρ
378 439 552 505 ἁπλῶς
578 440 837 508 ἀγελαίαν
857 438 940 493 δεῖ
967 438 1064 510 τὴν
1096 440 1385 511 παρθένον,
1426 441 1706 512 ἀποστρα-

1821 442 2044 510 pliarum
2076 438 2288 494 vincula
2346 438 2557 508 reiecit,
2603 420 2931 510 quocunque
2953 439 3185 497 licenter
3221 456 3389 512 vage-

164 538 330 605 φεῖσαν
355 534 419 588 τά
455 533 642 603 γάμων
674 530 870 601 δεσμὰ,
900 531 1210 604 ἅπανταχοῦ
1248 531 1387 602 μετά
1419 530 1707 596 αὑθεντίας

164 626 424 681 σοδεῖσθαυ
457 625 641 695 ὥσπερ
665 623 753 677 διὰ
784 623 944 678 τοῦτο
968 622 1356 691 ἀποφυγοῦσαν
1379 623 1473 676 τὸν
1504 622 1704 693 γάμον,

161 717 245 786 οὐχ
258 716 333 768 ῖνα
350 714 420 786 τῷ
450 715 715 786 κρείττονι
743 714 960 784 νυμφίῳ
992 714 1081 767 ἀεὶ
1107 712 1440 784 παρεδρεύῃ,
1478 712 1590 765 ἀλλ’
1621 712 1708 765 ἴνα

162 808 235 860 ἐπ’
257 807 456 877 ἐξουσίᾳ
508 806 604 880 ἔχῃ
652 808 843 877 φοιτᾷν
870 807 975 877 ὅπη
1012 806 1277 876 βούλεται.
1319 805 1455 858 Οὐδέ
1482 804 1594 876 γὰρ
1632 803 1709 866 ὡς

161 896 215 950 ἂν
236 896 301 967 μὴ
325 897 567 967 μάρτυρα
592 896 625 967 ἢ
653 895 848 967 κριτὴν
873 896 973 967 ἔχῃ
993 896 1087 949 τοῦ
1108 896 1222 966 βίου
1250 895 1349 968 τὴν
1376 896 1513 967 πρὸς
1538 895 1708 966 ἄνδρα

163 988 410 1041 κοινωνίαν
452 985 751 1056 ἀπέφυγεν·
784 987 895 1041 οὐδ’
934 987 1021 1041 ἴνα
1069 986 1327 1059 ἐλευθέρα
1379 986 1708 1058 ζηλοτυπίας

162 1081 445 1151 ὑπάρχουσα
488 1081 870 1151 ἐγκαλινδῆται
924 1082 1013 1135 ἐπ’
1051 1079 1298 1145 ἐξουσίας
1353 1079 1466 1151 (7|)
1517 1074 1600 1143 οἷς
1641 1079 1708 1133 ἂν

160 1172 313 1242 ἐθέλῃ,
344 1172 543 1241 μηδένα
573 1172 772 1242 ἔχουσα
792 1173 881 1225 τὸν
919 1170 1241 1239 ἐξετάσοντα
1266 1171 1436 1241 αὐτῆς
1462 1171 1529 1224 τὰ
1552 1172 1707 1243 κινή-

163 1279 301 1335 ματα’
335 1264 442 1318 ἀλλ’
469 1265 561 1318 ἵνα
604 1263 705 1327 τὰς
757 1264 959 1335 σαρκὸς
994 1264 1108 1334 (72)
1149 1264 1360 1334 ἡδονὰς,
1395 1264 1490 1317 καὶ
1533 1263 1708 1316 τόκων

159 1355 348 1418 ὠδῖνας,
378 1357 470 1408 καὶ
506 1354 606 1426 τὴν
635 1355 973 1427 πολύμοχθον
1001 1353 1109 1421 τῶν
1137 1354 1408 1425 βιωτικῶν
1430 1355 1708 1426 μεριμνῶν

159 1444 377 1516 ἀλγεινὴν
407 1446 651 1515 φυγοῦσα
692 1446 968 1516 φροντίδα,
1003 1444 1109 1498 ὑπὸ
1145 1445 1384 1517 μάρτυρι
1413 1446 1506 1499 καὶ
1549 1446 1709 1517 ζηλον

159 1536 290 1608 τύπῳ
314 1538 506 1608 ἀρετῆς
550 1537 689 1608 Θεῷ,
713 1537 805 1591 τὸν
836 1537 1044 1607 ἑαυτῆς
1091 1537 1228 1609 πρὸς
1264 1537 1572 1608 ἀφθαρσίαν
1597 1538 1709 1609 βίον

158 1630 470 1699 οὶκονομήσῃ.
510 1629 654 1695 Θεὸς
693 1628 804 1699 γάρ
826 1631 965 1698 ειμι,
999 1629 1153 1699 φησὶ,
1201 1626 1486 1698 ζηλωτὴς,
1529 1628 1708 1702 ζηλῶν

159 1721 235 1773 τὸν
281 1722 367 1774 ἐπὶ
414 1720 592 1791 φθορᾷ
648 1720 707 1774 τὸ
744 1720 874 1792 ἐμὸν
895 1723 953 1773 ἐν
986 1721 1115 1790 ὑμῖν
1148 1721 1342 1785 κάλλος
1367 1723 1705 1793 μοιχεύοντα.

170 1811 300 1864 Ἐπεὶ
327 1812 373 1864 εί
616 1811 708 1865 τὸν
742 1778 878 1884 πρὸς
931 1778 1100 1883 ἄνδρα
1128 1811 1292 1882 ζυγὸν
1322 1778 1706 1886 ἀπορρίψασα,
1740 1778 1785 1838 Β

159 1902 399 1974 ἄχρηστος
421 1905 513 1957 καὶ
541 1889 620 1975 ίεῷ
671 1904 791 1974 βίῳ,
824 1904 960 1975 πρὸς
1003 1903 1063 1957 ὃν
1093 1905 1175 1968 είς
1202 1906 1476 1977 οἰκουρίαν
1510 1906 1601 1959 καί
1622 1921 1711 1959 τε·

159 1996 412 2064 κνογονίαν
446 1995 716 2066 ἐπλάσθη,
746 1996 841 2049 καί⁹
868 1998 934 2067 τῇ
965 1996 1417 2068 ἐπαγγελλομένη
1443 1996 1710 2069 παρθενίᾳ

159 2084 387 2155 ἐπίψογος
412 2085 679 2155 γίνεσθαι,
723 2086 784 2140 τὸ
838 2085 960 2140 ὅλον
1013 2086 1206 2157 ζημία.
1254 2088 1364 2141 Καὶ
1384 2088 1484 2159 τὴν
1533 2087 1710 2160 ψυχὴν

158 2177 469 2242 ἀπαιδεύτοις
523 2178 780 2243 ἐννοίαις,
811 2177 906 2231 καὶ
941 2175 1003 2230 τὸ
1041 2177 1202 2249 σῶμα
1249 2178 1457 2242 ἀνέτοις
1491 2180 1713 2250 σκιρτή-

161 2283 274 2336 μασι
303 2268 619 2342 φθείρουσαν
646 2268 778 2339 (75),
807 2268 986 2337 πολλῷ
1017 2269 1377 2341 αἱρετώτερον
1405 2270 1560 2341 ἀνδρὶ
1584 2288 1711 2324 συν-

158 2355 409 2423 αφθεῖσαν,
455 2356 634 2428 τούτῳ
681 2356 816 2427 πρὸς
863 2356 954 2409 τὸν
1012 2355 1125 2426 βίον
1180 2355 1532 2427 ἡνιοχεῖσθαι,
1590 2355 1711 2408 τότε

157 2447 382 2515 χρειῶδες
410 2449 487 2512 είς
522 2447 777 2518 βοήθειαν
811 2446 953 2499 κατά
988 2447 1080 2499 τὸν
1127 2442 1279 2500 οἷκον
1323 2447 1559 2518 ἀμοιϐὴν
1609 2446 1712 2517 τῆς

158 2539 458 2607 προστασίας
510 2537 663 2609 αύτῷ
713 2536 1169 2602 ἀντεκτιννῦσαν,
1225 2538 1318 2591 κα)⁵
1367 2538 1713 2609 γηροκόμους

157 2629 325 2694 παῖδας
357 2632 433 2707 είς
453 2630 706 2703 διαδοχὴν
730 2632 825 2685 τοῦ
856 2632 1045 2701 γένους
1083 2632 1319 2701 ἀγαθοὺς
1333 2629 1709 2701 παριστῶσαν·

157 2721 236 2773 καὶ
255 2722 328 2773 ἐνὶ
344 2721 468 2790 γοῦν
503 2723 665 2794 μέρει
707 2725 827 2786 ταῖς
862 2723 957 2777 τοῦ
998 2723 1189 2795 ἀνδρὸς
1223 2721 1593 2794 ζηλοτυπίαις,
1637 2721 1715 2786 ὡς

157 2803 252 2863 οἷόν
278 2827 353 2874 τε,
396 2811 471 2883 τῷ
496 2810 621 2881 Θεῷ
649 2811 1111 2884 παρθενεύουταν,
1140 2813 1215 2877 ὡς
1246 2815 1275 2866 ὁ
1320 2812 1421 2882 τῆς
1455 2811 1715 2882 ἀληθείας

156 2899 292 2968 λόγος
314 2902 406 2966 τὰς
421 2908 533 2967 τοῖς
552 2907 868 2968 στενωποῖς,
899 2906 992 2958 καὶ
1013 2908 1131 2969 ταῖς
1148 2906 1346 2967 οἰκίαις
1373 2903 1714 2969 ἀπαιδεύτως

157 2993 584 3061 ἐπιπολαζούσας,
632 2997 754 3049 οὐδὲ
815 2996 1124 3067 παρθένους
1169 2996 1444 3069 γνωρίζει.
1512 2996 1711 3067 Ἀργαὶ

1810 535 1897 586 ri:
1941 532 2096 601 quasi
2130 533 2333 589 idcirco
2372 532 2588 602 nuptias
2643 531 2864 603 fugerit,
2906 550 3013 589 non
3062 545 3123 590 ut
3171 536 3388 591 meliori

1809 640 2009 695 sponso
2054 639 2269 696 semper
2298 625 2553 689 assideat,
2612 625 2705 681 sed
2739 635 2798 680 ut
2845 626 3120 682 licentiam
3187 628 3388 682 habeat

1808 716 1971 771 eundi
2023 731 2130 785 quo
2156 716 2306 770 velit.
2354 715 2469 771 Non
2506 715 2651 771 enim
2698 724 2759 769 ut
2804 725 2994 771 testem
3028 715 3385 784 autjudicem

1808 808 1932 861 vitae
1959 822 2063 860 non
2112 806 2358 871 haberet,
2387 821 2509 861 cum
2542 807 2662 860 viro
2711 806 3144 875 coniunctionem
3172 806 3385 866 vitavit.

1808 911 1982 966 neque
2009 905 2065 952 ut
2091 897 2344 952 immunis
2367 898 2435 953 ab
2474 897 2818 952 aemulatione
2849 897 3173 967 quibuscum
3225 895 3387 950 vellet

1809 988 2164 1051 volutaretur,
2191 988 2461 1044 neminem
2512 989 2723 1044 habens
2756 990 2846 1059 qui
2890 990 2942 1043 in
2983 990 3154 1059 ipsius
3206 998 3386 1045 motus

1809 1078 2079 1148 inquirat;
2126 1079 2220 1134 sed
2258 1088 2316 1133 ut
2347 1079 2533 1134 carnis
2585 1080 2888 1149 voluptates
2921 1089 2977 1134 et
3009 1088 3197 1147 partus
3231 1078 3385 1133 dolo-

1808 1184 1897 1224 res
1924 1185 1987 1224 ac
2012 1170 2338 1225 laboriosam
2371 1179 2425 1226 et
2455 1170 2738 1225 molestam
2769 1186 2952 1225 rerum
2988 1171 3054 1224 ad
3110 1172 3251 1225 hanc
3295 1170 3382 1224 vi-

1808 1267 1919 1314 tam
1954 1261 2336 1328 pertinentium
2360 1277 2548 1315 curam
2578 1261 2811 1331 fugiens,
2843 1262 2942 1317 sub
2979 1272 3113 1316 teste
3133 1271 3189 1316 et
3217 1276 3393 1316 aemu-.

1808 1352 1981 1408 latore
2010 1354 2226 1408 virtutis
2253 1354 2359 1409 Deo
2396 1369 2550 1409 suam
2594 1355 2763 1422 ipsius
2796 1354 2958 1419 vitam
2997 1355 3065 1408 ad
3110 1354 3386 1409 immorta-

1812 1446 2022 1501 litatem
2048 1446 2325 1517 dirigeret.
2356 1446 2493 1501 Deus
2516 1446 2651 1501 enim
2678 1462 2817 1512 sum,
2853 1447 3048 1515 inquit,
3066 1446 3267 1500 zelator
3287 1444 3336 1478 ⁷⁸
3364 1483 3382 1511 ,

1809 1539 1991 1592 zelans
2029 1554 2152 1593 eum
2185 1538 2276 1608 qui
2308 1538 2573 1593 adulterio
2606 1553 2777 1592 meam
2810 1538 2862 1592 in
2898 1539 3053 1594 vobis
3083 1538 3384 1609 pulchritu-

1810 1630 1989 1685 dinem
2020 1630 2338 1699 corrumpit.
2392 1629 2527 1684 Nam
2558 1630 2602 1684 si
2635 1630 2879 1701 proiecto
2916 1631 3101 1685 mariti
3135 1630 3287 1701 jugo,
3331 1641 3389 1683 et

1810 1724 1937 1777 vitae
1960 1722 2166 1776 inutilis
2195 1722 2372 1775 futura
2413 1723 2506 1786 sit,
2535 1731 2757 1793 propter
2777 1737 2939 1792 quam
2976 1724 3041 1775 ad
3072 1722 3264 1777 domus
3292 1737 3384 1775 cu-

1810 1816 2039 1869 stodiam
2080 1814 2247 1886 636
2281 1823 2337 1869 et
2367 1814 2601 1870 ﬁliorum
2633 1817 3037 1885 generationem
3058 1822 3250 1869 .creata
3281 1824 3387 1877 est,

1809 1914 1865 1959 et
1901 1906 2240 1972 virginitati,
2317 1921 2480 1975 quam
2537 1906 2842 1975 profitetur,
2896 1905 3128 1961 dedecus
3188 1905 3386 1967 inurat,

1808 1998 2065 2053 damnum
2106 2000 2344 2068 undique
2372 1999 2595 2068 patitur.
2644 1997 2781 2052 Etsi
2822 1997 3058 2052 animam
3111 1995 3392 2051 dissolutis

1808 2091 2250 2159 cogitationibus,
2279 2100 2335 2147 et
2363 2106 2561 2161 corpus
2612 2090 2832 2146 lascivis
2863 2091 3102 2146 motibus
3162 2088 3386 2158 polluat,

1811 2183 1980 2238 multo
2025 2183 2315 2253 optabilius
2346 2183 2506 2251 foret,
2547 2192 2605 2238 ut
2631 2184 2749 2239 viro
2777 2181 3087 2253 conjuncta,
3117 2193 3385 2239 rectorem

1807 2274 1935 2327 vitae
1966 2273 2115 2328 illum
2146 2274 2397 2342 haberet,
2425 2273 2610 2329 utilem
2648 2274 2700 2329 ei
2732 2290 2952 2346 Operam
2995 2277 3062 2331 ad
3093 2290 3179 2330 res
3211 2276 3388 2331 dome-

1811 2364 1976 2420 sticas
2044 2364 2394 2435 adjuvandas,
2452 2376 2711 2437 tanquam
2762 2368 3042 2438 regiminis
3081 2369 3386 2423 mercedem

1811 2454 2146 2524 persolvens,
2179 2470 2243 2509 ac
2276 2456 2535 2511 solatium
2562 2457 2863 2512 senectutis
2892 2456 3061 2512 bonos
3089 2459 3153 2511 ad
3174 2471 3391 2512 succes.

1812 2545 2018 2599 sionem
2050 2545 2271 2616 generis
2302 2560 2500 2614 pueros
2521 2548 2819 2614 exhibens;
2861 2562 2925 2601 ac
2963 2563 3069 2601 una
3096 2549 3290 2601 saltem
3325 2561 3394 2602 ex

1812 2645 1990 2704 parte,
2025 2638 2096 2690 ob
2152 2635 2330 2689 mariti
2373 2636 2766 2703 aemulationes,
2823 2643 3084 2704 quantum
3128 2635 3241 2688 fieri
3295 2648 3396 2704 po-

1816 2734 1943 2790 test,
1966 2726 2232 2796 virginem
2273 2742 2332 2781 se
2382 2725 2491 2780 Deo
2538 2742 2903 2793 conservans;
2936 2727 3390 2796 quemadmodum

1815 2818 2058 2873 veritatis
2087 2826 2267 2871 sermo
2294 2832 2410 2885 eas,
2449 2832 2569 2887 quae
2601 2832 2697 2887 per
2726 2819 2873 2871 vicos
2906 2828 2961 2871 et
3001 2818 3189 2871 domos
3218 2816 3394 2871 disso-

1816 2909 1927 2965 lute
1958 2909 2211 2976 volitant,
2247 2924 2314 2964 ne
2346 2910 2589 2979 virgines
2637 2910 2853 2976 quidem
2886 2911 3150 2980 agnoscit.
3193 2907 3393 2964 Otiose

1814 3004 1951 3056 enim
1992 3002 2197 3056 discunt
2250 3002 2477 3056 circuire
2525 3003 2707 3056 domos
2749 3018 2769 3057 :
2830 3019 2932 3056 non
2988 3002 3161 3056 solum
3217 2990 3392 3055 (intem

157 3085 252 3152 γὰρ
300 3086 677 3155 μανθάνουσι
739 3088 1183 3158 περιερχόμεναι
1235 3089 1344 3152 τὰς
1382 3089 1592 3155 οἰκίας,
1640 3090 1711 3142 οὐ

1821 3094 2020 3155 alioue,
2048 3093 2137 3147 sed
2179 3101 2229 3146 et
2282 3093 2532 3158 uerbosw,
2567 3103 2615 3146 et
2664 3093 2906 3159 curiosae,
2956 3092 3223 3163 loquentes
3270 3109 3392 3163 qua

152 3178 322 3246 μόνον
346 3179 411 3233 δὲ
433 3181 632 3250 ἀργαὶ,
655 3181 813 3235 ἀλλὰ
842 3180 940 3234 καὶ
976 3181 1233 3250 φλύαροι
1260 3180 1358 3233 καὶ
1384 3179 1703 3250 περίεργοι,

156 3273 428 3328 λαλοῦσαι
458 3275 533 3330 τὰ
550 3272 639 3345 μὴ
677 3273 908 3330 δέοντα.

217 3362 298 3418 20.
330 3366 391 3418 El.
421 3365 477 3418 δὲ
498 3367 681 3437 χήραν
713 3365 903 3437 ἀνδρὸς
931 3365 1032 3437 ήδη
1061 3367 1258 3436 πεῖραν
1298 3364 1591 3428 λαὸοὖσαν,
1622 3365 1718 3419 καὶ

158 3453 433 3526 ὀφθαλμοῖς
455 3457 667 3529 ἀνδρῶν
687 3457 896 3528 ὁμιλεῖν
924 3457 1350 3528 γυμνασθεῖσαν,
1376 3458 1437 3510 οὐ
1464 3456 1544 3510 δεῖ
1571 3455 1720 3510 ἀναί-

159 3544 241 3614 δην
262 3547 362 3619 (74)
396 3551 491 3603 καὶ
522 3549 774 3619 γλῶσσαν
813 3550 908 3603 καὶ
930 3549 1101 3613 πόδας·
1130 3549 1266 3620 πρὸς
1296 3551 1422 3613 τοὺς
1455 3549 1717 3620 τυχόντας

161 3641 340 3705 κινεῖν,
369 3642 454 3695 ἵνα
489 3641 568 3712 μὴ
602 3640 714 3711 (75)
763 3643 877 3704 τοῖς
920 3641 1336 3713 προειρημένοις
1374 3640 1716 3711 ἐγκλήμασιν

160 3730 403 3807 ὑποπέσῃ’
438 3736 592 3806 πόσῳ
618 3734 817 3805 μᾶλλον
839 3736 922 3789 δεῖ
941 3736 1039 3806 τὴν
1071 3734 1358 3807 παρθένον,
1393 3734 1485 3788 τὸν
1507 3735 1607 3806 τῆς
1631 3737 1718 3789 al-

156 3820 263 3887 δούς
285 3826 413 3896 πρὸς
449 3827 623 3898 ἀνδρα
654 3826 924 3897 μηδέποτε
945 3827 1445 3897 ἀπαμφιεσαμένην
1490 3825 1712 3896 χιτῶνα,

160 3917 340 3988 σεμνὴν
397 3921 494 3989 μὲν
551 3921 647 3973 καὶ
683 3920 949 3990 παρθένον
1000 3920 1287 3990 φυλάττειν
1311 3920 1411 3992 τὴν
1439 3919 1714 3989 γλῶσσαν,

157 4003 519 4075 ἀκριϐἐςδὲτὸ
570 4007 720 4078 βῆμα
766 4008 901 4080 πρὸς
950 4008 1010 4061 τὸ
1051 4011 1346 4078 ἀναγκαῖον
1384 4008 1483 4078 τῆς
1527 4009 1718 4081 χρείας

157 4097 425 4165 προάγειν;
459 4101 676 4153 Ἐκεῖνα
697 4100 804 4171 γὰρ
824 4100 980 4170 μόνον
1006 4103 1070 4171 τῇ
1090 4100 1343 4171 παρθένῳ
1377 4101 1589 4173 ῥητέον,
1616 4102 1719 4157 ὅσα

156 4202 206 4239 τε
227 4190 549 4245 ἀκουσθέντα
588 4191 680 4245 τὸν
711 4190 835 4244 νοῦν
850 4191 1121 4263 ὠφελήσει
1145 4193 1254 4246 τῶν
1273 4195 1597 4257 ἀκουόντων,
1623 4196 1718 4248 καὶ

156 4278 335 4352 διὰτῆς
362 4285 623 4354 εύστόχου
657 4284 793 4355 πρὸς
825 4284 995 4354 αὐτὴν
1028 4285 1393 4357 ἀποκρίσεως,
1424 4286 1559 4358 πρὸς
1589 4289 1716 4339 σύν-

156 4387 256 4424 εσιν
274 4374 377 4429 τῶν
396 4375 557 4429 θείων
587 4375 755 4445 αὐτῆς
777 4375 875 4445 τὴν
907 4374 1082 4447 ψυχὴν
1104 4376 1183 4428 ἔτι
1203 4376 1402 4445 μᾶλλον
1424 4378 1713 4449 κοσμήσει.

1825 3200 1929 3238 non
1967 3191 2167 3255 Oportet
2204 3184 2276 3237 ’⁵.

1885 3368 1975 3423 εο.
2005 3367 2157 3436 Quod
2200 3367 2244 3424 si
2274 3368 2456 3431 vidua,
2492 3382 2611 3437 quae
2637 3367 2812 3422 virum
2860 3376 3080 3436 experta
3115 3375 3219 3432 est,
3248 3377 3301 3422 et
3333 3368 3388 3425 in

1815 3459 1986 3513 oculis
2046 3460 2283 3513 virorum
2346 3461 2555 3514 versari
2600 3469 2835 3523 assueta,
2886 3474 2992 3514 non
3044 3458 3203 3513 debet
3254 3460 3391 3514 citra

1817 3551 2074 3617 pudorem
2103 3559 2157 3603 et
2187 3550 2425 3619 linguam
2467 3557 2523 3604 et
2570 3550 2732 3619 pedes
2766 3551 2832 3603 ad
2876 3562 3226 3618 quoscunque
3272 3564 3391 3603 mo-

1817 3655 1966 3705 vere,
1989 3656 2059 3694 ne
2090 3640 2179 3706 iis,
2201 3655 2323 3711 qua:
2351 3641 2608 3704 diximus,
2654 3638 3122 3695 criminationibus
3154 3641 3390 3696 obnoxia

1819 3731 1943 3791 llat;
1975 3742 2178 3799 quanto
2207 3729 2378 3799 magis
2423 3738 2635 3799 oportet
2667 3737 2726 3782 ut
2768 3729 2946 3797 virgo,
2980 3742 3097 3796 qua:
3128 3744 3393 3784 verecun-

1817 3822 1919 3876 dite
1946 3836 2073 3890 erga
2104 3820 2277 3874 virum
2306 3835 2582 3888 nunquam
2635 3819 2787 3874 exuit
2824 3819 3086 3885 tunicam,
3141 3820 3391 3888 pudieam

1819 3929 1883 3968 ac
1906 3914 2171 3984 virginem
2200 3912 2470 3967 custodiat
2495 3911 2757 3981 linguam,
2790 3920 3057 3977 cauteque
3078 3925 3296 3980 gressus
3322 3912 3394 3965 ad

1819 4007 2153 4061 necessarios
2183 4021 2312 4060 usus
2347 4005 2591 4060 moveat?
2657 4004 2731 4059 Ea
2778 4005 2922 4058 enim
2966 4014 3171 4058 tantum
3213 4020 3242 4057 a
3282 4003 3394 4057 vir-

1818 4100 1940 4170 gine
1971 4099 2217 4162 dicenda,
2258 4113 2594 4167 quaecunque
2637 4098 2820 4151 audita
2852 4107 3087 4152 mentem
3127 4097 3395 4167 juvahunt

1818 4191 2178 4257 audientium,
2207 4199 2262 4244 et
2307 4198 2489 4259 aptam
2521 4188 2598 4243 illi
2646 4188 3049 4254 responsionem
3100 4188 3390 4252 elicientia,

1819 4282 1988 4352 ipsius
2031 4281 2268 4335 animam
2306 4265 2372 4333 ad
2422 4293 2600 4333 rerum
2630 4279 2932 4332 divinarum
2984 4277 3392 4347 intelligentiam

1820 4374 2001 4428 adhuc
2035 4374 2207 4441 magis
2244 4371 2516 4426 excolent.
2554 4370 2706 4435 Quod
2735 4370 2878 4423 enim
2919 4385 3015 4439 per
3043 4369 3279 4439 linguam
3309 4368 3392 4421 lo-

156 4461 334 4537 Τὸγέῳ
363 4467 449 4520 διά
478 4468 579 4537 τῆς
601 4465 850 4537 γλώσσης
878 4466 1176 4537 φερόμενον
1221 4466 1325 4533 ἔξω
1365 4467 1579 4538 ῥεῖθρον
1619 4458 1712 4520 τοῦ

1822 4480 1912 4519 ras
1939 4462 2169 4518 eﬂ'ertur
2195 4462 2461 4517 sermonis
2491 4459 2770 4523 ﬂuentum,
2798 4459 2961 4513 fontis
3008 4475 3072 4513 ex
3108 4475 3215 4527 quo
3252 4458 3392 4524 lluit,

154 4551 317 4623 λόγου,
348 4559 449 4629 τῆς
477 4559 662 4630 πηγῆς
713 4557 836 4611 ὅθεν
868 4560 953 4629 ῥεῖ
998 4557 1295 4630 μαρτύριον
1347 4561 1574 4628 γίνεται.
1622 4561 1717 4613 Ἐκ

154 4646 251 4713 γὰρ
271 4648 376 4718 τῆς
407 4650 659 4718 καρδίας
671 4649 1014 4718 ἐξέρχονται
1040 4649 1414 4719 διαλογισμοὶ
1441 4650 1715 4718 πονηροὶ,

155 4738 328 4803 φόνοι,
380 4741 660 4811 μοιχεῖαι,
690 4742 784 4793 καὶ
810 4739 882 4794 τὰ
937 4740 1085 4811 ἐξῆςο
1122 4742 1215 4810 ἀφ’
1269 4735 1344 4795 ὧν
1377 4742 1606 4813 καρπῶν
1651 4742 1714 4795 τὸ

154 4827 347 4901 δένδρον
374 4832 706 4901 γινώσκεται
763 4832 896 4903 (76).
943 4831 1054 4883 Καὶ
1101 4833 1135 4902 ἡ
1166 4831 1381 4903 ἀληθῶς
1423 4831 1711 4903 παρθένος,

153 4916 326 4995 ὥσπερ
376 4926 487 4978 ἀπὸ
543 4924 788 4994 καθαρᾶς
841 4922 1025 4993 πηγῆς
1068 4922 1167 4992 τῆς
1209 4923 1578 4995 καθαρότητος
1607 4922 1714 4977 τῶν

154 5010 306 5080 ἠθῶν,
330 4997 601 5070 ἀθόλωτον
625 5016 844 5070 πάντων
881 5013 1239 5086 μολυσμάτων
1280 5015 1362 5068 δεῖ
1394 5013 1713 5086 προχεῖσθαι

218 5212 262 5245 ⁷⁸
289 5215 440 5274 Deut.
476 5235 532 5286 ν,
577 5222 632 5274 9.
696 5217 790 5271 ⁷⁸1
828 5216 969 5272 Tim.
1007 5229 1060 5279 v,
1107 5212 1195 5268 i5.
1267 5214 1314 5246 ⁷⁸
1341 5213 1531 5270 Matth.
1558 5231 1646 5280 xv,
1670 5213 1759 5269 19.

222 5394 326 5468 (7i)
365 5396 492 5451 Ἐπ’
515 5395 974 5468 Αὲξουσίας.5ξο
1007 5396 1248 5468 plerique
1284 5410 1411 5450 mss.
1451 5402 1506 5449 et
1543 5391 1711 5447 editio

162 5460 367 5539 Veneta.
404 5466 747 5539 Parisiensis,
780 5460 868 5521 ἐπ’
889 5460 1129 5539 ἐξουσίᾳ.

221 5534 342 5608 (72)
380 5536 633 5608 Σαρκός.
685 5535 837 5608 Unus
881 5532 1097 5602 codexf
1120 5534 1358 5608 σαρκῶν.
1396 5532 1563 5589 Paulo
1592 5537 1709 5603 post

96 5637 101 5642 .
158 5601 540 5678 aliusalius?)
565 5608 663 5677 τῆς
688 5606 910 5678 ἀρετῆς.

222 5674 325 5746 (75)
355 5672 745 5744 Φθειρουὰανζ
783 5672 875 5732 Si'c
923 5676 1265 5735 Colbertinus
1304 5675 1473 5733 codex
1516 5681 1569 5730 et
1611 5672 1716 5727 duo

159 5738 318 5814 Regii.
347 5738 510 5816 Edili',
543 5746 857 5817 φθείρουσα.

1822 4555 1882 4608 ﬁt
1921 4554 2094 4608 testis.
2129 4550 2215 4606 Ea:
2248 4552 2404 4606 corde
2442 4552 2579 4605 enim
2627 4562 2813 4604 exeunt
2847 4551 3189 4620 cogitationes
3212 4552 3391 4615 multa,

1819 4647 2130 4708 homicidia,
2180 4643 2444 4696 adulteria
2472 4643 2540 4709 ⁷⁸,
2569 4651 2624 4696 et
2656 4652 2849 4696 etetera
2878 4657 2893 4694 :
2925 4657 2991 4695 ex
3033 4643 3230 4711 quibus
3277 4641 3393 4696 fru-

1820 4738 2000 4793 ctibus
2045 4739 2210 4790 arbor
2246 4733 2611 4804 cognoscitur;
2667 4734 2732 4787 Et
2775 4748 2893 4801 quae
2926 4747 3051 4786 vere
3095 4734 3244 4800 virgo
3283 4743 3387 4801 est,

1821 4845 1887 4884 ex
1928 4843 2135 4882 morum
2175 4828 2482 4897 integritate
2523 4826 2669 4880 velut
2694 4840 2758 4879 ex
2806 4840 2940 4894 puro
2978 4824 3149 4889 fonte,
3196 4842 3388 4895 purum

1822 4921 1888 4974 ab
1919 4919 2065 4974 omni
2118 4919 2528 4988 inquinamento
2558 4918 2713 4971 debet
2745 4932 2899 4970 suum
2930 4916 3122 4970 leniter
3166 4919 3389 4985 profun-

1821 5012 1950 5067 dere
1973 5024 2300 5076 sermonem,
2329 5010 2418 5079 qui
2452 5023 2559 5064 non
2596 5008 2756 5062 modo
2801 5007 3180 5078 cogitationem
3216 5017 3393 5077 neque

1889 5387 2002 5461 (74)
2044 5387 2336 5461 tamtam.
2375 5385 2472 5461 _Sjc
2499 5386 2604 5441 duo
2645 5384 2862 5441 codices
2888 5381 3180 5441 Combeﬁs.
3213 5391 3268 5440 et
3303 5381 3394 5439 alii

1817 5456 2019 5532 plures.
2051 5456 2458 5532 Edi_ti,_dtvatt6ﬂ.
2541 5524 2555 5532 _
2880 5522 2894 5532 _
2968 5522 2978 5532 .

1890 5529 2003 5600 (75)
2067 5520 2456 5600 MIL'Negziti'o
2491 5522 2670 5578 addita
2725 5537 2793 5600 ex
2844 5520 3086 5600 pluribus
3123 5537 3272 5600 _mss.
3339 5532 3396 5578 et

1814 5592 2053 5653 editione
2082 5592 2338 5653 Veneta:
2358 5594 2480 5651 Mox
2534 5593 2777 5648 nonnulli
2829 5592 3068 5659 Codices,
3112 5592 3399 5665 ἀπημφιε-

1816 5670 2423 5812 σμξῖνῶνὶτινώσκεται.
2452 5735 2875 5820 Qttatuor_mss.,
2902 5731 3252 5805 γνωρίζεται.
3299 5766 3307 5776 .
