3802 6216
371 297 470 352 7M

1331 291 1673 350 APPENDIX
1711 283 1997 346 OPERUM
2037 288 2096 344 S.
2137 286 2380 342 BASlLll
2418 288 2655 344 MAGNI.

3536 290 3642 348 7|!

377 437 444 488 ad
478 433 720 490 fallacem
750 434 1104 506 voluptatem,
1141 449 1316 506 neque
1349 437 1416 490 ad
1452 435 1612 490 ullam
1675 451 1787 490 rem
1832 451 1955 506 per-

2129 413 2226 484 τῆς
2257 413 2442 485 ἠρέμα
2488 413 2579 466 τὸν
2627 411 2800 481 λόγον’
2843 411 2918 484 μὴ
2963 412 3121 483 μόνον
3162 412 3325 484 μηδὲν
3348 412 3643 478 ἐπιϐλαϐές

374 525 636 580 niciusam
663 525 924 595 impellat,
951 527 1043 581 sed
1079 541 1200 581 eam
1230 527 1398 580 etiam
1435 542 1466 581 a
1503 528 1785 582 rationalis
1818 544 1960 581 men-

377 618 446 671 tis
500 617 970 672 animadversione
1007 633 1232 672 vacuam
1283 629 1340 673 et
1397 620 1624 674 otiosam
1677 635 1956 689 nunquam

377 709 656 764 exhibeat.
712 708 968 778 Quisquis
1006 711 1150 764 enim
1199 725 1266 766 ex
1314 710 1537 782 virginis
1590 709 1734 764 l'onte
1780 725 1960 766 sermo

377 803 727 871 incorruptus
799 803 1071 866 hauritur,
1115 817 1203 866 eo,
1251 811 1314 858 ut
1367 803 1696 871 integritatis
1745 801 1955 872 poculo,

377 907 612 948 mentem
658 894 915 949 exsatiari
961 903 1195 962 oportet,
1242 894 1439 949 similia
1485 895 1790 948 verecunde
1827 894 1897 958 ei,
1927 910 1957 946 a

374 1000 478 1054 qua
509 985 828 1038 beneficium
870 986 1097 1054 accepit,
1128 985 1371 1040 vicissim
1403 985 1804 1054 propinantem.
1841 982 1951 1038 Ta-

376 1076 480 1128 lem
511 1090 567 1129 se
600 1074 858 1144 praebebit
891 1075 1062 1143 virgo,
1094 1076 1220 1129 dum
1259 1075 1531 1146 loquetur,
1568 1075 1614 1130 si
1650 1084 1829 1129 tamen
1859 1075 1959 1129 ali-

271 1205 277 1214 .
376 1169 600 1236 quando
636 1168 781 1238 loqui
814 1177 1084 1236 oporteat.
1120 1170 1387 1222 Accurte
1417 1168 1560 1221 enim
1603 1169 1958 1222 consideran-

379 1259 508 1312 dunt
541 1259 606 1312 ad
660 1274 821 1328 quem
872 1269 927 1312 et
960 1260 1231 1327 quomodo
1272 1268 1326 1312 et
1371 1259 1587 1327 quando
1638 1274 1759 1313 eam
1813 1259 1956 1328 loqui

379 1349 642 1403 decorum
680 1350 948 1404 videatur.
982 1349 1115 1403 Nam
1142 1365 1240 1403 nec
1270 1351 1386 1404 sine
1415 1349 1728 1404 discrimine
1775 1365 1956 1404 coram

379 1440 718 1511 quibuslibet
753 1442 916 1496 debet
949 1442 1174 1496 interire
1204 1441 1428 1511 virginis
1463 1455 1666 1506 sermo,
1698 1455 1796 1496 nec
1832 1457 1956 1494 rur-

379 1548 473 1588 sus
500 1548 684 1587 coram
731 1533 800 1587 iis
831 1534 922 1602 qui
955 1535 1311 1588 veneratione
1341 1534 1488 1604 digni
1527 1545 1676 1597 sunt,
1704 1536 1960 1589 audacter

378 1624 604 1690 nudari;
654 1639 775 1691 nec,
811 1626 855 1680 si
907 1636 1091 1681 careat
1130 1625 1384 1690 utilitate,
1417 1641 1522 1680 non
1561 1627 1817 1680 decenter
1848 1627 1956 1678 vir-

379 1714 520 1782 ginis
549 1729 792 1783 personae
847 1715 1134 1782 profundi;
1178 1729 1354 1783 neque
1399 1716 1588 1778 etiam,
1621 1715 1665 1769 si
1712 1713 1860 1767 illum
1889 1730 1953 1767 ex

381 1821 480 1860 ore
509 1806 751 1877 virgineo
775 1807 985 1862 utilitas
1011 1806 1325 1861 necessario
1349 1806 1552 1869 eliciat,
1577 1806 1957 1861 ostentationis

384 1912 552 1951 causa
577 1907 729 1952 extra
758 1899 978 1952 modum
1007 1897 1245 1952 emuere.
1279 1897 1382 1951 Sed
1413 1897 1612 1967 ubique
1639 1907 1694 1951 et
1715 1912 1958 1966 personae

377 1998 434 2040 et
467 1985 722 2040 utilitatis
763 1997 819 2040 et
855 1987 1113 2056 temporis
1151 1987 1394 2042 habenda
1427 1988 1586 2051 ratio,
1622 1987 1694 2040 ita
1727 1996 1783 2041 ut
1835 2003 1957 2042 cum

377 2077 543 2148 637
579 2079 879 2133 necessitas
901 2087 1058 2146 coget
1086 2079 1254 2148 loqui,
1291 2079 1458 2133 multo
1483 2079 1761 2148 pauciora,
1797 2095 1959 2149 quam

376 2170 582 2234 audiet,
613 2170 885 2240 loquatur.
915 2170 1192 2238 Siquidem
1219 2179 1269 2226 et
1318 2180 1507 2224 natura
1529 2169 1816 2224 utilitatem
1846 2186 1962 2224 ser-

376 2267 557 2318 monis
587 2279 709 2318 cum
743 2265 929 2319 auditu
960 2280 1112 2333 aequa
1143 2265 1493 2334 proportione
1530 2266 1786 2330 metiens,
1825 2267 1961 2320 duas

375 2355 592 2422 quidem
649 2370 831 2421 aures,
871 2372 1033 2409 unam
1083 2366 1263 2412 autem
1303 2356 1542 2426 linguam
1589 2356 1829 2425 ellinxit;
1893 2373 1960 2410 eo

377 2445 520 2512 quod
549 2452 799 2514 oporteat
850 2445 1070 2515 duplum
1128 2447 1192 2499 ad
1242 2447 1580 2516 disciplinam
1637 2449 1845 2514 audire,
1881 2449 1962 2502 di-

378 2536 544 2590 midio
573 2544 754 2589 autem
787 2535 854 2590 ad
909 2537 1361 2604 interrogationes
1406 2538 1713 2614 breviorem
1751 2539 1960 2608 profer-

379 2642 440 2680 re
478 2641 812 2681 sermonem.
870 2625 1061 2696 Itaque
1103 2627 1265 2682 etiam
1318 2644 1384 2683 ex
1436 2638 1640 2684 naturae
1694 2629 1956 2694 instituto,

381 2717 710 2786 quibuscum
759 2718 1078 2786 tempestive
1132 2718 1373 2788 loquitur
1404 2720 1581 2790 virgo,
1618 2720 1736 2791 plus
1792 2721 1959 2775 multo

378 2809 568 2862 audiet
601 2823 761 2876 quam
795 2808 1050 2877 loquetur
1078 2826 1094 2864 :
1126 2810 1410 2881 omnisque
1444 2813 1564 2882 ejus
1594 2828 1775 2867 sermo
1827 2813 1960 2867 nihl

380 2899 484 2951 nisi
513 2899 642 2954 utile
681 2899 1027 2954 audientibus
1067 2900 1269 2966 ferens,
1307 2918 1337 2956 e
1376 2903 1532 2958 labiis
1559 2905 1958 2975 progredietur,

380 3000 475 3043 aut
523 2991 627 3058 'per
667 2993 1144 3060 mterrogationem
1203 2993 1368 3048 menti
1420 2996 1719 3048 doctrinam
1778 2996 1961 3050 conci-

2058 506 2153 560 καὶ
2169 505 2383 576 δολερὸν
2412 505 2524 576 (77)
2561 505 2696 576 πρὸς
2729 505 2922 576 ἡδονὴν
2947 505 3182 576 φέροντα
3213 506 3274 559 τὸ
3301 505 3503 575 νόημα,
3531 507 3644 560 ἀλλ’

2057 598 2180 652 οὐδὲ
2220 599 2389 670 ἀργόν
2429 615 2560 651 ποτε
2589 598 2696 652 ἀπὸ
2727 597 2953 668 λογικῆς
2983 599 3163 669 ψυχῆς
3198 599 3356 652 τοῦτο
3386 599 3501 670 (78)
3538 600 3648 654 δει-

2057 690 2276 744 κνύντα.
2331 691 2514 744 Πάντα
2543 690 2651 761 γὰρ
2696 690 2788 743 τὸν
2815 689 2924 744 ἀπὸ
2957 691 3227 761 παρθένου
3273 691 3462 762 πηγῆς
3487 690 3645 759 λόγον

2057 781 2294 854 ἄφθορον
2347 782 2670 853 ἀρυόμενον,
2720 781 2973 854 καθάπερ
3033 781 3344 854 ἀφθαρσίας
3375 784 3645 854 πόματος,

2053 873 2137 926 δεῖ
2167 875 2258 928 τὸν
2290 873 2414 927 νοῦν
2437 874 2815 948 ἐμφορεῖσθαι,
2850 877 2964 937 τοῖς
2986 874 3192 944 ὁμοίοις
3227 874 3343 944 μετ’
3377 875 3558 939 αἰδοῦς
3589 875 3649 944 ἐξ

2055 965 2290 1038 ἀμοιϐῆς
2304 965 2402 1038 τὴν
2431 966 2710 1037 εὐεργέτιν
2751 966 2860 1037 (79)
2889 967 3367 1038 ἀντιπροπίνοντα.
3404 968 3648 1041 Τοιαύτη

2059 1059 2157 1129 μὲν
2192 1057 2344 1111 ἔσται
2388 1061 2420 1128 ὴ
2478 1057 2747 1129 παρθένος
2785 1056 3039 1121 λαλοῦσα,
3094 1056 3278 1111 εἴποτε
3327 1059 3425 1112 καὶ
3466 1059 3651 1112 λαλεῖν

2056 1151 2372 1218 ἀναγκαῖον.
2418 1148 2777 1220 Ἀκριϐωτέον
2811 1149 2920 1221 γὰρ
2949 1150 3044 1204 καὶ
3093 1151 3220 1211 τίνι,
3254 1151 3346 1204 καὶ
3378 1151 3518 1219 πῶς,
3552 1151 3652 1205 καὶ

2058 1240 2188 1294 πότε
2216 1240 2420 1311 ταύτην
2466 1239 2646 1293 λαλεῖν
2701 1239 2906 1312 πρέπον
2947 1242 3158 1312 ὁρᾶται.
3200 1239 3279 1294 Οὐ
3323 1241 3432 1312 γὰρ
3462 1241 3652 1306 ἁπλῶς

2057 1332 2193 1403 πρὸς
2219 1333 2347 1394 τοῦς
2377 1333 2636 1403 τυχόντας
2658 1333 2768 1404 (80)
2790 1333 2872 1386 δεῖ
2901 1333 3215 1404 φθείρεσθαι
3245 1335 3346 1404 τῆς
3373 1335 3650 1406 παρθένου

2055 1425 2147 1478 τὸν
2179 1423 2357 1492 λόγον,
2387 1423 2513 1476 οὐδὲ
2553 1424 2689 1496 πρὸς
2721 1425 2847 1486 τοὺς
2882 1423 3062 1488 αἰδοῦς
3101 1424 3284 1490 ἀξίους
3319 1425 3484 1480 πάλιν
3512 1426 3650 1498 θρα-

2059 1515 2196 1579 σέως
2247 1515 2713 1586 ἀπογυμνοῦσθαι·
2751 1516 2874 1569 οὐδὲ
2904 1517 2966 1568 τὸ
3007 1516 3264 1586 χρειῶδες
3298 1518 3399 1570 οὐκ
3453 1519 3653 1588 ἔχοντα

2057 1607 2207 1678 παρά
2235 1607 2295 1660 τὸ
2330 1607 2618 1660 ἐπιϐάλλον
2649 1606 2759 1677 (81)
2790 1606 2868 1676 τῷ
2921 1606 3199 1679 προσώπῳ
3241 1609 3342 1680 τῆς
3372 1609 3651 1681 παρθένου

2057 1701 2397 1770 προχεῖσθαι·
2426 1701 2550 1754 οὐδὲ
2577 1701 2676 1770 τῆς
2725 1699 2914 1770 χρείας
2964 1701 3153 1754 τοῦτον
3206 1704 3270 1755 ὲκ
3315 1703 3650 1772 παρθενικοῦ

2060 1793 2327 1863 στόματος
2356 1792 2669 1860 ἀναγκαίως
2700 1792 2988 1862 καλούσης,
3024 1793 3114 1846 διὰ
3149 1794 3250 1864 τῆς
3292 1795 3653 1867 ἐμπεσούσης

2059 1885 2196 1956 πρὸς
2229 1885 2325 1956 τὴν
2354 1886 2545 1957 χρείαν
2591 1887 2867 1957 ἀφορμῆς,
2919 1885 3326 1959 φιλοτιμότερον
3375 1890 3656 1944 ὑπεοελυ-

2059 1976 2191 2042 ζειν.
2233 1975 2394 2028 Ἀλλά
2433 1975 2711 2048 πανταχοῦ
2766 1977 2859 2030 καὶ
2901 1979 2993 2032 τοῦ
3046 1978 3340 2051 προσώπου
3392 1982 3491 2034 καὶ
3549 1983 3654 2053 τῆς

2058 2069 2248 2139 χρείας
2277 2070 2371 2123 καὶ
2415 2070 2510 2124 τοῦ
2536 2069 2728 2142 καιροῦ
2749 2072 3091 2142 στοχαστέον,
3126 2073 3254 2126 ὅταν
3288 2075 3580 2148 ἀναγκάσῃ
3615 2078 3652 2145 ὴ

2059 2160 2218 2230 χρεία
2257 2159 2458 2225 λαλεῖν,
2502 2161 2681 2232 πολλῴ
2726 2162 2982 2216 ἐλάττονα
3011 2157 3086 2217 ὧν
3117 2163 3306 2218 ἀκούει
3353 2165 3647 2220 λαλοῦσαν.

2072 2249 2226 2304 Ἐπεὶ
2267 2251 2362 2304 καὶ
2387 2253 2419 2322 ὴ
2447 2252 2609 2320 φύσις
2631 2252 2692 2306 τὸ
2717 2253 2974 2323 χρειῶδες
3000 2253 3093 2307 τοῦ
3126 2255 3285 2323 λόγου
3307 2257 3444 2328 πρὸς
3475 2259 3651 2330 ἀκοὴν

2057 2341 2123 2393 δι’
2152 2343 2444 2410 ἀναλογίας
2484 2344 2777 2414 μετροῦσα,
2815 2344 2907 2398 δύο
2936 2347 3032 2416 μὲν
3065 2341 3200 2407 ὦτα.
3231 2349 3358 2419 μίαν
3383 2351 3441 2403 δὲ
3469 2351 3654 2418 γλῶσ-

2062 2450 2160 2485 σαν
2191 2435 2320 2504 ἡμῖν
2351 2431 2724 2506 ἐξειργάσατοο
2759 2436 2834 2500 ὡς
2863 2437 3001 2501 δέον,
3037 2437 3353 2493 διπλασίονα
3388 2443 3468 2504 εἰς
3522 2460 3650 2497 παι-

2059 2523 2205 2578 δείαν
2248 2525 2486 2590 ἀκούειν,
2534 2527 2764 2597 ἡμιολίῳ
2787 2528 2842 2580 δὲ
2876 2529 3012 2599 πρὸς
3042 2531 3110 2581 τά
3149 2532 3484 2602 ἐρωτήματα
3521 2551 3651 2586 συν-

2059 2616 2385 2686 εσταλμένον
2415 2618 2676 2689 προάγειν
2714 2619 2805 2672 τὸν
2839 2619 3013 2688 λόγον.
3051 2622 3212 2674 Ὥστε
3250 2625 3343 2676 καὶ
3372 2624 3520 2678 κατά
3550 2625 3649 2694 φύ-

2061 2722 2145 2759 σιν
2178 2705 2290 2778 (82)
2323 2707 2458 2778 πρὸς
2485 2707 2579 2772 οὓς
2616 2709 2888 2781 εὐκαίρως
2914 2710 3113 2782 λαλεῖή
3138 2713 3426 2785 παρθένος,
3460 2716 3646 2770 πλεῖον

2059 2797 2347 2851 ἀκούσεται
2377 2799 2556 2870 πολλῷ
2615 2801 2813 2871 μᾶλλον
2864 2803 2897 2872 ἢ
2943 2803 3183 2874 λαλήσευ
3216 2806 3310 2858 καὶ
3342 2809 3450 2870 πᾶς
3490 2807 3648 2876 λόγος

2060 2889 2232 2958 αὐτῆς
2259 2889 2414 2942 οὐδὲν
2438 2891 2624 2960 ἕτερον
2655 2891 2686 2961 ἢ
2734 2893 3000 2962 ὠφέλειαν
3032 2898 3145 2958 τοῖς
3175 2896 3435 2950 ἀκούουσι
3465 2899 3650 2970 φέρων

2060 2980 2168 3032 τῶν
2199 2981 2421 3050 χειλέων
2451 2983 2861 3054 προελεύσεται,
2901 2986 2932 3056 ἦ
2968 2985 3034 3038 δι’
3068 2990 3425 3059 ἐρωτήματος
3471 2991 3554 3062 τῷ

390 3081 551 3143 lians,
575 3096 640 3136 ex
664 3096 758 3136 ore
786 3083 1026 3138 modeste
1055 3084 1312 3152 prodibit.
1345 3085 1494 3140 Alias
1539 3097 1716 3141 autem
1773 3088 1824 3141 in
1867 3103 1956 3141 ar-

2128 3073 2310 3126 ιιδείαν
2365 3074 2821 3144 ἐμπορευόμενος,
2871 3075 2966 3129 τοῦ
3019 3077 3283 3147 στόματος
3339 3080 3653 3151 ὲγκοσμίως

390 3187 530 3227 cano
567 3171 783 3237 tacebit,
819 3173 988 3228 multo
1043 3175 1216 3245 magis
1259 3191 1420 3245 quam
1475 3176 1563 3231 alii
1614 3179 1759 3232 omni
1829 3188 1959 3232 tens-

384 3280 516 3333 pore
560 3280 724 3320 orans
757 3285 771 3319 :
800 3263 965 3333 Pone,
1011 3267 1254 3330 Domine,
1297 3269 1585 3321 custodiam
1636 3272 1714 3322 ori
1762 3287 1872 3324 meo
1916 3280 1962 3322 et

388 3357 586 3409 ostium
616 3355 1027 3411 circumstantia:
1059 3357 1214 3412 labiis
1251 3361 1381 3412 meis
1411 3360 1477 3413 ⁷⁷.
1507 3359 1571 3413 Ει
1595 3360 1675 3415 sic
1717 3376 1777 3415 οε
1808 3377 1961 3414 suum

2065 3164 2414 3235 προϐήσεται.
2453 3165 2534 3218 Τὰ
2565 3166 2608 3219 δ’
2634 3166 2767 3220 ἄλλα
2803 3168 2952 3231 ἐντὸς
2983 3169 3170 3238 μυχῶν
3204 3171 3498 3241 ἠρεμήσει,
3526 3173 3655 3226 πολ-

2063 3255 2142 3325 λῷ
2194 3256 2354 3309 πλέον
2407 3257 2518 3311 τῶν
2593 3258 2766 3312 ἄλλων
2822 3260 3115 3325 διαπαντὸς
3163 3263 3452 3335 εὐχομένη·
3509 3265 3651 3328 Θοῦ,

2063 3349 2262 3415 Κύριε,
2299 3349 2586 3418 φυλακὴν
2626 3349 2708 3417 τῷ
2747 3355 3000 3422 στόματί
3035 3373 3172 3424 μου,
3210 3357 3307 3410 καὶ
3334 3360 3525 3426 θύραν
3545 3377 3655 3413 πε-

383 3461 511 3501 οιιηι
550 3447 802 3516 precibus
833 3449 1179 3504 communiet.
1223 3448 1338 3504 Non
1386 3451 1566 3506 minus
1607 3453 1869 3518 auditum,
1899 3471 1956 3511 ne

2128 3439 2271 3508 οχῆς
2301 3442 2434 3511 περὶ
2462 3443 2534 3496 τὰ
2559 3445 2733 3513 χείλη
2752 3463 2892 3514 μου.
2927 3447 3036 3499 Καὶ
3061 3447 3203 3501 οὕτω
3234 3450 3332 3519 μὲν
3361 3451 3427 3503 τὸ
3474 3453 3656 3523 στόμα

388 3540 521 3607 quid
555 3540 890 3594 extrinsecus
917 3541 984 3594 ad
1014 3556 1136 3595 eum
1167 3541 1356 3596 inﬂuat
1391 3543 1542 3609 mali,
1576 3547 1819 3601 excubiis
1844 3563 1961 3601 ser-

384 3630 553 3684 vabit.
584 3630 816 3685 Mentem
848 3632 1007 3684 etiam
1048 3632 1190 3686 ostio
1217 3633 1483 3697 obstruet,
1513 3637 1824 3705 quiescente
1852 3649 1960 3692 tum

386 3721 594 3784 auditu,
628 3731 738 3775 tum
793 3721 977 3790 lingua
1027 3737 1244 3792 semper
1292 3725 1576 3780 Dominum
1626 3728 1958 3782 obsecrans:

385 3809 511 3863 Non
549 3810 774 3864 declines
823 3827 916 3863 cor
955 3827 1127 3865 meum
1165 3813 1218 3863 in
1255 3813 1405 3866 verba
1444 3814 1662 3868 malitia
1708 3815 1777 3867 ad
1807 3831 1964 3869 excu-

380 3902 577 3956 sandas
613 3903 978 3956 excusationes
1010 3903 1063 3956 in
1095 3902 1320 3971 peccatis
1365 3902 1430 3956 ⁷⁸.

452 4081 544 4135 21.
571 4079 706 4134 Illud
741 4088 924 4145 autem
959 4079 1044 4134 bts
1072 4093 1190 4147 quae
1217 4079 1452 4135 diximus
1487 4080 1656 4134 multo
1688 4082 1960 4150 vitupera-

380 4173 564 4236 bilius,
591 4182 646 4226 et
679 4188 707 4226 a
746 4171 989 4241 virgineo
1028 4185 1179 4226 more
1215 4172 1470 4238 alienum,
1519 4181 1577 4227 ut
1629 4188 1732 4226 non
1787 4172 1957 4227 solum

379 4281 476 4336 per
503 4268 689 4320 domos
714 4266 864 4334 virgo
900 4263 1108 4328 volitet,
1162 4262 1256 4316 sed
1286 4264 1448 4316 etiam
1492 4263 1806 4331 nuptiarum
1867 4264 1958 4316 ﬁat

2063 3532 2260 3602 ἑαυτῆς
2292 3536 2408 3602 μετ’
2437 3535 2610 3604 εὐχῶν
2638 3536 3015 3604 ἀσφαλίσεται.
3057 3539 3169 3592 Οὐκ
3196 3539 3414 3593 ἔλαττον
3447 3542 3507 3594 δὲ
3552 3544 3656 3614 τὴν

2063 3625 2252 3695 ἀκοὴν,
2281 3625 2355 3688 ὼς
2392 3625 2456 3679 ἂν
2497 3627 2664 3698 μηδὲν
2710 3626 2908 3692 ἔξωθεν
2937 3631 3017 3692 είς
3043 3631 3211 3701 αὐτὴν
3253 3632 3458 3702 ῥεύσειε
3506 3635 3658 3701 φαῦ-

2061 3716 2173 3772 λον.
2206 3718 2314 3769 Καὶ
2332 3717 2411 3788 τῷ
2440 3718 2517 3788 νῷ
2572 3719 2946 3790 πυλωρήσειεν
2984 3719 3095 3790 (85)
3139 3723 3196 3774 ὲν
3227 3723 3434 3794 ἠρεμία
3476 3725 3658 3795 ἀκοῆς

2061 3827 2120 3862 τε
2154 3810 2248 3862 καὶ
2273 3809 2526 3880 γλώσσης
2565 3811 2652 3863 ἀεὶ
2684 3812 2914 3882 δεομένη
2949 3811 3040 3866 τοῦ
3068 3814 3296 3884 Κυρίου·
3326 3815 3422 3880 Μὴ
3447 3817 3660 3872 ἐκκλί-

2059 3917 2173 3969 νῃς
2227 3899 2342 3968 τὴν
2369 3901 2623 3970 καρδίαν
2645 3921 2766 3972 μου
2805 3906 2893 3969 είς
2929 3904 3150 3973 λόγους
3175 3908 3487 3976 πονηρίας,
3538 3911 3657 3966 τοῦ

2061 3989 2527 4059 προφασίζεσθαι
2557 3992 2888 4062 προφάσεις
2933 3995 3002 4047 ἐν
3028 3995 3335 4065 ἁμαρτίαις·

2128 4083 2218 4136 21.
2265 4082 2554 4153 Ἑπίψογον
2582 4084 2639 4137 δὲ
2662 4085 2838 4156 πολλῷ
2869 4087 3028 4140 πλέον
3057 4088 3164 4140 τῶν
3193 4091 3520 4160 εἰρημένων,
3553 4094 3659 4145 καὶ

2059 4175 2152 4227 τοῦ
2187 4175 2518 4246 παρθενικοῦ
2550 4177 2713 4247 ἤθους
2755 4177 3053 4248 ἀλλότριον,
3099 4179 3162 4232 τὸ
3215 4181 3289 4252 μὴ
3337 4182 3497 4252 μόνον
3530 4184 3661 4236 ἐπι-

2059 4265 2314 4330 πολάζειν
2341 4265 2511 4331 οἴκοις
2537 4267 2823 4338 παρθένον,
2860 4270 2996 4324 ἀλλά
3025 4273 3118 4324 καὶ
3163 4273 3342 4344 γάμου
3392 4278 3656 4346 προμνή-

383 4357 647 4428 pronuba.
688 4354 1038 4410 Ilonorabiles
1073 4354 1280 4423 quidem
1317 4354 1512 4421 nuptiw
1549 4355 1600 4406 in
1627 4354 1865 4407 omnibus
1889 4354 1955 4418 τ’,

2128 4373 2246 4425 ριαν
2266 4355 2526 4423 γίνεσθαι.
2561 4357 2752 4424 Τίμιος
2771 4356 3012 4429 μὲνγὰρ
3041 4363 3073 4413 ό
3102 4361 3286 4428 γάμος
3313 4362 3381 4414 ἐν
3431 4361 3653 4428 πᾶσιν,

379 4449 472 4504 sed
507 4450 648 4511 aliis,
682 4462 787 4501 non
826 4445 1022 4514 virgini
1074 4443 1430 4500 conveniunt.
1479 4444 1590 4499 Nec
1628 4444 1782 4498 decet
1832 4453 1891 4498 ut
1928 4460 1956 4497 a

2128 4446 2176 4497 ,λ’
2220 4444 2398 4508 ἄλλοις
2418 4445 2512 4497 καὶ
2539 4445 2600 4497 ού
2623 4448 2689 4516 τῇ
2718 4446 2971 4517 παρθένῳ
3007 4449 3302 4518 προσῆκον.
3335 4451 3445 4504 Καὶ
3477 4451 3539 4504 ού
3564 4453 3658 4505 δεῖ

378 4542 593 4612 propria
617 4541 804 4596 semita
829 4541 1108 4601 recedens,
1129 4539 1182 4591 in
1203 4538 1376 4591 triviis
1400 4537 1583 4590 saeculi
1606 4552 1728 4591 cum
1750 4536 1955 4605 reliqua

2128 4553 2167 4604 (ς
2199 4536 2334 4598 ἰδίας
2367 4535 2553 4604 τρίϐου
2595 4537 2800 4609 ταύτην
2831 4540 3283 4611 ἀναχωρήσασαν,
3319 4544 3375 4594 ὲν
3406 4546 3520 4606 τοῖς
3535 4561 3658 4614 τρι·

382 4632 536 4683 turba
564 4629 863 4698 reperiatur
901 4629 1182 4697 permista.
1213 4625 1330 4680 Alia
1357 4625 1499 4678 enim
1527 4627 1610 4678 via
1643 4625 1856 4692 nuptias
1879 4639 1956 4679 se-

2128 4644 2198 4689 at;
2215 4627 2309 4680 τοῦ
2339 4626 2455 4696 βίου
2481 4626 2558 4697 τῷ
2591 4629 2764 4698 λοιπῷ
2789 4629 2980 4699 πλήθει
3016 4633 3533 4704 συναναφυρομένην
3549 4635 3653 4688 εύ-

379 4720 666 4784 ctantium,
702 4729 758 4773 et
788 4719 894 4773 alia
929 4718 1146 4780 semita,
1186 4716 1430 4785 inquam,
1458 4715 1818 4785 virginitatem
1862 4731 1955 4770 co.

2128 4719 2363 4773 ςκεσθαι.
2381 4719 2550 4790 Ἀλλη
2580 4720 2687 4792 γὰρ
2713 4721 2829 4785 ὁδὸς
2842 4721 2950 4774 τῶν
2985 4724 3111 4788 τοὺς
3141 4725 3351 4794 γάμους
3377 4729 3652 4797 κρατούν-

447 4852 492 4884 ’τ
515 4849 659 4905 Psal.
689 4866 810 4914 CXL,
843 4851 898 4905 ὅ.
972 4849 1021 4883 ⁷⁸
1048 4849 1178 4904 ibid.
1204 4849 1258 4903 4.
1336 4850 1379 4882 ’³
1415 4848 1578 4904 llebr.
1607 4863 1723 4915 xm,
1751 4848 1808 4903 4.

450 5011 562 5081 (Π)
617 5007 897 5081 ᾼΔολερόν.
928 5007 1048 5081 7Sic
1101 5006 1315 5081 codices
1379 5005 1672 5081 Combeﬂs.
1741 5014 1796 5061 et
1841 5006 1952 5081 7al_ii

377 5076 580 5149 plures.
629 5079 791 5144 Editi,
829 5078 1067 5149 ὄλεθρον.
1122 5077 1271 5149 Upus
1319 5078 1508 5149 codex.
1548 5077 1808 5149 δλέθριον.
1840 5076 1947 5132 lbi-

377 5093 580 5149 plures.
629 5093 791 5144 nutu,
829 5093 1067 5149 ολευρον.
1126 5093 1271 5132 unus
1319 5093 1508 5136 eoum.
1548 5093 1808 5199 ολευὸριον.
1841 5093 1947 5132 tnt-

377 5156 497 5205 dem
524 5151 799 5218 legendum
824 5152 1053 5213 videtur,
1094 5147 1229 5216 πρὸς
1277 5147 1439 5216 μηδὲν
1461 5147 1653 5200 ὲπιϐλα
1689 5147 1768 5211 ές.
1818 5217 1823 5218 7
1904 5217 1912 5218 7

2128 5094 2226 5140 ντι,
2257 5094 2288 5146 q

2128 5163 2293 5218 orum.

449 5214 790 5288 (78)’Τοῦτο.
824 5219 915 5272 Sic
951 5232 1052 5286 ope
1092 5214 1295 5288 codicis
1321 5214 1610 5288 Colbertini
1637 5217 1946 5288 emendavi:

2128 5217 2239 5285 (82)
2271 5214 2432 5288 Κατὰ
2457 5216 2665 5284 φύσιν.
2691 5214 2928 5285 Legitur,
2957 5217 3006 5270 εί
3038 5221 3225 5287 φωνεῖ,
3269 5218 3319 5273 in
3344 5234 3452 5273 uno
3484 5222 3645 5275 codi-

380 5285 498 5342 llllls
527 5285 668 5356 quod
697 5290 965 5342 habebant
987 5285 1138 5351 editi,
1172 5287 1380 5340 τοῦτον.
1433 5285 1681 5342 Refertur
1705 5288 1848 5340 enim
1877 5287 1946 5341 ad
2055 5302 2139 5351 ce,
2172 5287 2254 5339 cui
2283 5287 2464 5340 favent
2492 5298 2723 5354 quatuor
2749 5289 2840 5340 alii
2881 5304 3010 5342 mss.
3035 5285 3088 5341 et
3119 5291 3285 5341 editio
3320 5287 3543 5345 Veneta.
3572 5292 3625 5344 In

377 5361 574 5430 νόημα.
652 5427 662 5430 _
807 5429 813 5430 7
949 5425 962 5430 Α
1117 5424 1167 5430 _7
1432 5425 1473 5430 __

2128 5359 2308 5430 senitn
2341 5356 2556 5430 legitur,
2673 5358 2845 5430 φωνή.
2872 5357 3192 5430 Parisiensis
3219 5358 3384 5411 editio
3406 5375 3524 5430 pro
3552 5363 3638 5416 his

450 5424 561 5498 (79)
601 5427 721 5495 Τὴν
758 5425 1080 5498 εὐεργέτιν,
1113 5424 1203 5479 Sic
1238 5428 1400 5482 editio
1432 5425 1634 5481 Veneta
1659 5441 1780 5481 cum
1813 5440 1942 5480 mss.

2128 5427 2276 5498 cibus
2296 5424 2476 5498 habet,
2502 5425 2644 5478 κατὰ
2673 5424 2854 5494 φύσιν,
2887 5427 3029 5496 quod
3059 5429 3278 5496 quidem
3317 5424 3452 5484 satis
3479 5445 3637 5485 com-

378 5497 636 5568 quinque.
672 5498 1007 5569 PariStensis,
1037 5497 1129 5550 τὸν
1157 5498 1465 5569 εὐεργέτην.
1781 5565 1791 5569 _

2134 5497 2272 5569 idum
2301 5497 2531 5569 videtur.

451 5563 561 5636 (80)
618 5570 936 5636 Τυχόντας.
987 5563 1512 5630 Nonnulli'codices,
1567 5565 1946 5638 συντυχόντας.

2130 5564 2238 5638 (85)
2266 5563 2704 5638 Πυλωρήσειεν.
2731 5564 2820 5622 Sic
2839 5575 3074 5636 quatuor
3101 5583 3229 5624 mss.
3256 5567 3447 5624 melius
3470 5583 3635 5638 quam

381 5634 551 5761 uenus
592 5634 758 5692 codex
825 5639 1057 5693 secunda
1131 5653 1289 5693 manu
1346 5638 1579 5701 ibidem,
1633 5635 1714 5688 δεῖ
1756 5634 1947 5706 φέρε-

382 5724 414 5761 σ
449 5723 527 5761 αι.

2131 5637 2209 5701 iti,
2236 5634 2610 5705 πυλωρούσης.

382 5723 527 5768 σῠαι.

2064 5008 2072 5079 ί
2134 5005 2248 5078 (Si)
2294 5005 2364 5061 Τὸ
2391 5006 2767 5079 ἐπιϐάλλον.
2800 5006 2935 5061 Male
2972 5008 3025 5061 in
3065 5009 3242 5071 editis,
3289 5008 3364 5079 τῷ
3407 5011 3647 5065 ἐπιϐάλ-

2058 5076 2403 5146 λοντι,‹μιυᾱ
2429 5077 2833 5132 etnendavimus
2866 5094 2968 5146 cpe
3007 5093 3242 5146 quatuor
3281 5076 3525 5134 veterum
3572 5084 3646 5136 li-
