3802 6216
152 277 248 333 715

1336 269 1539 326 LIBER
1578 269 1666 325 DE
1703 264 2172 326 VIRGINITATE.

3283 261 3390 318 7M

146 405 270 451 των,
302 386 392 440 καὶ
414 383 544 454 άλλη
582 382 787 455 τρίϐος,
825 381 988 453 φημὶ,
1021 379 1127 433 τῶν
1159 381 1257 452 τὴν
1300 381 1597 451 παρθενίαν
1636 399 1721 434 τι-

1825 382 2070 436 ientinm.
2104 378 2171 431 Et
2206 376 2385 432 divisa
2404 387 2526 431 sum
2554 374 2695 446 virgo
2720 383 2767 430 et
2788 382 2973 446 nupta.
3007 373 3385 430 Recedendum

150 478 385 553 μώντων.
407 477 517 532 Καὶ
534 475 883 546 μεμέρισται
922 477 960 545 ἠ
988 474 1285 542 παρθένος
1330 474 1427 527 καὶ
1462 474 1499 540 ἠ
1529 473 1717 543 γαμή-

146 586 322 628 σασα.
371 568 771 640 Ἀναχωρητέον
795 563 889 621 οὖν
910 567 1018 620 τῶν
1045 565 1298 637 γαμικῶν
1316 565 1623 620 ὑποθέσεων
1651 569 1716 637 τῇ

151 663 415 735 παρθένῳ·
477 660 675 732 μᾶλλον
724 660 782 714 δὲ
844 658 979 731 μηδὲ
1037 657 1410 730 παραϐλητέον
1445 658 1582 729 αὐτῇ
1621 658 1719 728 τὴν

148 753 311 824 ἀρχήν
342 750 477 823 (84).
521 749 657 803 Ἀλλ’
690 750 747 804 αἱ
812 749 909 819 μὲν
959 748 1165 809 λοιπαὶ,
1202 747 1356 810 ὅσαις
1399 747 1563 818 ἤρεσε
1592 748 1719 811 τοὺς

150 839 358 914 σαρκῶν
393 839 676 911 περιέπειν
710 839 998 910 νυμφίους,
1045 836 1608 910 προμνηστευέτωσάν
1636 855 1716 904 τε,

148 932 218 994 ὼς
242 931 404 993 δοκεῖ,
436 929 642 983 τούτων
674 927 783 982 τῶν
825 927 1041 999 γάμων,
1099 926 1194 980 καὶ
1246 925 1345 997 τὴν
1387 925 1518 996 περὶ
1541 924 1720 979 αὐτῶν

150 1023 394 1094 σπουδὴν,
421 1024 471 1075 εί
499 1022 620 1093 ἡδὺ,
650 1019 1131 1078 ὲνδεικνύσθωσαν.
1168 1019 1232 1072 Ἠ
1254 1019 1311 1073 δὲ
1342 1016 1610 1089 παρθένος
1630 1017 1721 1070 τὸν

151 1117 336 1186 ἑαυτῆς
378 1116 612 1187 νυμφίον
647 1114 757 1186 (85)
809 1115 897 1168 ἀεὶ
934 1114 1273 1185 περιέπουσα
1311 1110 1382 1182 (εί
1433 1110 1579 1165 δοκεῖ
1626 1110 1722 1163 κα)⁹

151 1209 275 1280 αὐτῇ
296 1208 433 1272 ὅλως
469 1206 840 1280 μνηστεύειν),
865 1206 1040 1278 τούτῳ
1072 1205 1271 1277 μᾶλλον
1296 1203 1396 1269 τὰς
1421 1203 1721 1276 ἀχράντους

152 1298 355 1371 νύμφας
397 1298 537 1371 πρὸς
581 1298 847 1370 ἀφθορίαν
899 1295 1411 1370 προμνηστευέσθω.
1456 1295 1722 1349 Κάκεῖναι

153 1391 243 1461 μὲν
273 1391 396 1462 περὶ
422 1391 515 1445 τὸν
553 1390 746 1462 θνητὸν
779 1390 1151 1445 πονείσθωσαν
1176 1389 1416 1460 θάλαμον
1435 1406 1450 1419 ⁸
1481 1387 1620 1459 αῦτη
1664 1387 1721 1441 δὲ

151 1482 280 1553 μετά
325 1483 434 1536 τῶν
462 1484 742 1555 φρονίμων
781 1483 1003 1555 ήμμένῃ
1030 1482 1272 1554 λαμπάδι
1308 1483 1437 1555 περὶ
1476 1481 1568 1534 τὸν
1607 1480 1724 1534 Κύ-

152 1590 257 1642 ριον
287 1575 635 1647 χορευέτω,ἢ
663 1576 905 1647 ἑπομένη
935 1573 1013 1644 τῷ
1045 1574 1281 1645 νυμφίῳ,
1320 1574 1354 1645 ἢ
1387 1572 1498 1645 (86)
1531 1572 1611 1644 τῷ
1641 1573 1711 1625 ol-

152 1667 274 1735 κείῳ
297 1668 434 1736 φωτὶ
461 1671 564 1740 τῆς
601 1668 900 1740 παρθενίας
927 1669 1021 1723 καὶ
1049 1668 1245 1737 ἑτέρας
1266 1666 1401 1737 πρὸς
1425 1664 1723 1737 παρθενίαν

1821 473 1983 544 igitur
2007 484 2036 524 a
2056 469 2380 541 nuptialibus
2393 469 2905 540 pertractationibus
2925 468 3156 539 virgini;
3188 467 3276 521 vel
3303 482 3393 538 po—

1822 565 1928 620 tius
1950 579 2025 620 ne
2046 564 2326 619 minimum
2343 563 2559 631 quidem
2577 563 2626 618 ei
2645 563 2988 632 attingendae.
3021 562 3127 619 Sed
3145 562 3264 618 alite
3280 561 3396 631 qui-

1821 657 1963 722 dem,
1995 657 2188 727 quibus
2221 656 2427 725 placuit
2465 654 2711 710 carnales
2760 669 2990 724 sponsos
3018 654 3220 719 colere,
3261 669 3392 724 pro-

1822 748 1977 803 nubas
2021 748 2149 812 sint,
2183 748 2229 803 si
2275 747 2423 811 libet,
2452 745 2716 816 ejusmodi
2765 746 3095 816 nuptiarum,
3126 756 3183 800 et
3236 760 3390 801 suam

1820 843 1966 897 circa
2001 841 2121 894 illas
2148 838 2585 904 sollicitudinem,
2618 840 2662 895 si
2697 839 2752 895 id
2776 840 2855 895 eis
2886 839 3036 894 cordi
3064 851 3171 901 est,
3203 847 3394 894 osten-

1821 936 1967 987 dant.
1991 931 2155 1003 Virgo
2181 942 2379 995 autem,
2408 946 2527 1000 quae
2557 945 2813 1002 sponsum
2843 947 3005 987 suum
3030 945 3244 1002 sctnper
3272 942 3393 985 am-

1820 1023 1897 1077 bit
1928 1023 1992 1095 (si
2019 1022 2239 1078 omnino
2280 1022 2328 1077 ei
2370 1021 2548 1092 placet
2575 1022 2833 1092 pronubas
2868 1034 3108 1095 munuS),
3137 1024 3187 1077 ei
3218 1024 3395 1092 potius

1822 1114 2173 1168 intaminatas
2207 1128 2435 1183 sponsas
2469 1114 2536 1168 ad
2576 1114 3044 1169 immortalitatem
3079 1112 3393 1184 coniungat.

1820 1203 1898 1259 Ac
1929 1203 2032 1257 illm-
2055 1204 2267 1273 quidem
2301 1202 2447 1259 circa
2478 1203 2757 1259 mortalem
2786 1204 3037 1259 laborent
3063 1204 3352 1259 thalamum
3378 1221 3392 1268 ;

1823 1299 1937 1367 ipsa
1988 1313 2119 1351 vero
2159 1312 2281 1351 cum
2330 1296 2687 1367 prudentibus
2717 1311 2945 1352 accensa
2973 1296 3222 1365 lampade
3250 1296 3396 1351 circa

1824 1387 2108 1444 Dominum
2148 1389 2345 1445 choros
2385 1397 2526 1458 agat,
2557 1402 2814 1457 sponsum
2855 1402 3091 1457 sequens
3113 1402 3235 1442 cum
3271 1400 3397 1457 pro-

1824 1481 1943 1551 prio
1966 1480 2300 1551 virginitatis
2325 1479 2549 1547 lumine,
2575 1492 2631 1534 et
2652 1479 2787 1533 alias
2805 1479 3050 1549 virgineo
3078 1479 3283 1535 foedere
3305 1494 3400 1534 co-

1824 1572 2034 1641 pulatis.
2069 1571 2262 1643 Turpis
2291 1574 2433 1627 enim
2469 1586 2660 1627 revera
2703 1583 2757 1626 et
2793 1572 2974 1641 probri
3009 1571 3165 1642 plena
3197 1585 3286 1626 res
3314 1580 3402 1627 est

1826 1665 2049 1735 virgini,
2088 1664 2159 1729 si,
2182 1679 2304 1734 quae
2334 1663 2538 1735 nuptiis
2572 1675 2961 1734 praeoccupatae
2984 1673 3132 1731 sunt,
3160 1665 3243 1719 lue
3278 1674 3399 1719 tan-

151 1757 501 1826 νυμφεύουσα.
547 1760 818 1831 Αἰσχύνης
847 1760 955 1830 γὰρ
1000 1759 1077 1822 ὡς
1110 1756 1326 1829 ἀληθῶς
1360 1758 1454 1811 καὶ
1495 1756 1723 1819 ὀνείδους

1830 1773 1990 1828 quam
2019 1758 2327 1826 nuptiarum
2353 1756 2628 1812 doloribus
2661 1756 2968 1827 implicatae,
3001 1759 3239 1812 nondum
3260 1756 3404 1812 facto

156 1848 335 1916 μεστὸν
370 1852 438 1921 τῇ
479 1850 738 1922 παρθένῳ
780 1851 842 1904 τὸ
872 1852 1127 1921 πρᾶγμα,
1160 1852 1287 1904 ὅταν
1306 1852 1359 1903 αί
1399 1849 1498 1921 μὲν
1524 1847 1727 1921 προλη-

151 1937 353 2007 φθεῖσαι
392 1944 505 2006 τοῖς
543 1942 763 2013 γάμοις,
802 1941 991 2014 ὥσπερ
1028 1942 1096 1995 δι’
1134 1942 1389 2012 ἀπειρίαν
1420 1940 1527 1994 τῶν
1558 1943 1615 1996 ἐν
1648 1935 1729 2005 οἷς

151 2025 359 2098 ἔμελλον
388 2032 639 2102 γίνεσθαι
669 2033 1035 2104 έμπλακεῖσαι
1072 2039 1191 2100 ταῖς
1214 2037 1430 2100 ὀδύναις
1476 2035 1586 2106 (87)
1620 2035 1729 2088 τῶν

152 2120 349 2193 γάμων,
374 2123 473 2189 τὰς
505 2125 716 2194 ἄζυγας
743 2124 854 2178 τῶν
881 2126 1082 2197 ὁμοίων
1114 2128 1375 2197 ἀλγεινῶν
1403 2126 1728 2200 πειραθῆναι

154 2215 394 2279 εὐνοϊκῶς
418 2216 849 2287 ἀποτρέπουσαι,
879 2220 975 2272 καὶ
1011 2218 1072 2271 τὸ
1097 2218 1365 2289 ἄχραντον
1386 2217 1480 2271 τοῦ
1513 2234 1572 2271 τε
1601 2235 1729 2288 νυμ-

154 2308 263 2376 φίου
288 2307 508 2361 καὶτῶν
534 2309 729 2380 ἐκείνῳ
754 2311 1201 2383 νυμφευομένων,
1231 2310 1370 2364 κατά
1399 2327 1457 2363 τε
1478 2310 1568 2363 τὸν
1595 2327 1730 2380 παρ-

154 2398 267 2453 έντα
295 2401 387 2455 καὶ
421 2400 690 2472 μέλλοντα
716 2402 852 2473 βίον,
893 2404 969 2467 ὡς
1010 2402 1247 2473 ἀληθῶς,
1303 2401 1722 2474 μακαρίζουσαι,

154 2493 236 2546 ἐπὶ
282 2493 583 2566 παρθενίαν
628 2496 1021 2567 παρακαλῶσιν
1059 2495 1190 2567 (88).
1258 2495 1324 2549 Ἠ
1368 2494 1425 2548 δὲ
1461 2493 1730 2565 παρθένος

156 2583 590 2654 προμνηστεύειν,
623 2584 785 2655 φημὶ,
820 2583 1030 2656 σπεύση
1075 2582 1187 2647 τοῖς
1224 2583 1445 2654 γάμοις,
1478 2582 1539 2635 τὸ
1572 2583 1729 2636 ἐναν-

155 2671 273 2735 τίον,
295 2669 464 2745 οἶμαι,
504 2675 574 2729 δι’
603 2668 677 2729 ὧν
713 2676 942 2749 πράττει
971 2676 1332 2747 ἐμφαίνουσα.
1363 2676 1489 2727 Ὅτι
1523 2672 1730 2745 προλη-

158 2764 333 2834 φθεῖσα
352 2769 457 2839 ἄρα
486 2771 557 2841 τῇ
589 2769 879 2840 ὑποσχέσει
911 2769 1011 2840 τῆς
1038 2768 1357 2841 παρθενίας,
1384 2766 1453 2820 δι’
1477 2766 1609 2821 αἰδῶ
1628 2765 1733 2819 λοι-

158 2855 246 2910 πὸν
268 2859 394 2929 πρὸς
417 2859 627 2930 ταύτην
662 2859 1094 2932 σχηματίζεσθαι
1132 2858 1523 2929 ἀναγκάζεται.
1564 2860 1729 2913 Ἀπο-

157 2945 399 3021 δεχομένη
424 2951 481 3004 δὲ
512 2953 579 3023 τῇ
607 2951 844 3005 διαθέσει
878 2953 969 3006 τὸν
995 2953 1194 3024 γάμον,
1228 2955 1323 3008 καὶ
1351 2953 1730 3027 μεταμελομέ-

1828 1863 2039 1908 eorum,
2067 1860 2185 1916 qua:
2214 1847 2349 1916 ipsis
2382 1856 2638 1902 eventura
2660 1854 2837 1911 erant,
2870 1846 3132 1916 periculo,
3162 1846 3405 1917 virgines

1828 1939 2159 2003 deterreant,
2183 1940 2471 2010 quominus
2493 1938 2699 1995 similes
2726 1939 3001 1996 molestias
3028 1941 3400 2011 experiantur,

1827 2040 1882 2084 et
1905 2031 2280 2086 intaminatum
2325 2033 2530 2101 sponsi,
2568 2041 2624 2086 et
2656 2046 2866 2098 earum,
2902 2046 3024 2102 qua:
3057 2033 3132 2087 illi
3164 2034 3403 2105 despon-

1828 2128 2035 2185 santttr,
2072 2131 2184 2176 tum
2221 2122 2272 2176 in
2305 2121 2583 2193 praesenti,
2619 2129 2730 2176 tum
2763 2122 2815 2176 in
2855 2122 3034 2179 futura
3069 2125 3199 2189 vita,
3238 2127 3404 2181 decus

1829 2210 2088 2279 majorem
2139 2212 2192 2265 in
2238 2213 2453 2266 modum
2503 2212 2862 2282 praedicantes
2914 2229 2977 2269 ac
3026 2215 3292 2283 beantes,
3332 2218 3400 2269 ad

1830 2303 2191 2370 virginitatem
2220 2303 2593 2361 adhortentur.
2626 2302 2992 2373 Virgo‘autem
3021 2310 3261 2376 pronuba
3284 2324 3405 2364 esse

1831 2394 2062 2456 studeat,
2113 2403 2301 2449 contra
2344 2409 2504 2465 quam
2553 2395 2859 2465 proﬁtetur,
2910 2398 3114 2452 sentire
3143 2413 3204 2454 se
3246 2400 3407 2456 factis

1830 2487 2129 2542 declarans.
2160 2486 2377 2542 Scilicet
2403 2496 2772 2558 praeoccupata
2805 2489 2973 2561 638
2995 2492 3264 2561 promisso
3294 2493 3409 2547 vir-

1830 2578 2074 2649 ginitatis
2092 2580 2161 2634 ob
2196 2580 2457 2649 pudorem
2488 2581 2555 2635 ad
2588 2581 2732 2637 illius
2752 2582 2859 2653 iam
2892 2584 3126 2653 speciem
3162 2599 3286 2640 sese
3308 2585 3411 2639 lin-

1830 2685 1957 2741 gere
1980 2672 2213 2739 c0gitur.
2241 2670 2345 2727 Sed
2359 2673 2542 2728 animo
2572 2674 2787 2743 nuptias
2810 2674 3033 2746 eligens,
3051 2691 3115 2731 ac
3139 2677 3277 2733 forte
3302 2693 3406 2731 non

1831 2764 1949 2817 sine
1979 2764 2303 2831 poenitentia
2330 2764 2578 2834 cogitans
2603 2765 2800 2835 quibus
2831 2768 3039 2836 privata
3067 2768 3137 2823 sit
3164 2770 3410 2840 volupta-

1832 2856 1997 2921 tibus,
2020 2857 2146 2926 qnid
2176 2857 2241 2911 de
2281 2857 2482 2927 nuptiis
2508 2857 2562 2911 in
2592 2856 2772 2912 anima
2799 2858 3020 2925 sentiat,
3043 2874 3147 2915 non
3178 2860 3411 2916 obscure

1832 2946 1996 3027 factis
2031 2950 2143 3004 suis
2178 2950 2418 3020 exponit,
2449 2949 2628 3019 palam
2675 2960 2728 3005 et
2762 2959 2951 3022 aperte
2995 2953 3279 3008 ostendere
3305 2970 3406 3007 nu-

158 3055 216 3107 νη
257 3040 411 3110 τάχα,
454 3041 577 3105 οἵας
606 3042 975 3115 ἀπεστέρηται
1002 3044 1214 3115 ἡδονῆς,
1257 3038 1337 3107 οἷς
1367 3045 1616 3115 πράττει,
1663 3047 1723 3118 ἣν

1834 3042 2085 3097 bentibus
2106 3042 2311 3107 volens,
2337 3056 2458 3097 sese
2487 3040 2592 3096 illis
2614 3042 2895 3112 gratulari,
2920 3044 3064 3113 quod
3086 3043 3247 3099 talem
3278 3059 3406 3115 per-

160 3132 274 3203 περὶ
301 3134 458 3187 αὑτὸν
480 3128 599 3205 ἔχει
630 3133 741 3206 (89)
771 3136 826 3188 ὲν
847 3136 991 3207 ψυχῇ
1024 3136 1265 3190 διάθεσιν
1295 3139 1356 3191 ού
1381 3138 1616 3210 μετρίως
1640 3140 1723 3210 ἐμ-

1835 3142 2070 3203 ceptnrae
2098 3133 2209 3188 sint
2234 3131 2588 3202 voluptatem.
2620 3132 2783 3202 Virgo
2813 3134 2975 3203 igitur
3000 3147 3058 3188 et
3085 3135 3192 3190 vlta
3218 3145 3271 3189 et
3296 3144 3408 3189 ιυιο

161 3220 342 3288 φαίνει,
374 3221 568 3295 ῶσπερ
607 3224 830 3295 γυμνῶς
854 3226 965 3297 (90)
996 3228 1121 3289 ταῖς
1152 3226 1524 3298 γαμουμέναις
1563 3227 1723 3281 ἐνδεί-

1839 3224 2089 3277 instituto
2122 3224 2189 3277 ab
2223 3238 2286 3277 ea
2321 3236 2440 3293 qua:
2472 3232 2636 3293 nupta
2677 3232 2780 3289 est,
2808 3224 3002 3292 divisa,
3035 3225 3407 3280 convenientia

163 3310 333 3374 ξασθαι
365 3314 614 3381 θέλουσα,
649 3315 729 3369 ὅτι
757 3315 1040 3386 συνήδεται
1069 3316 1280 3380 αὐταῖς,
1306 3317 1423 3380 οἵας
1445 3316 1723 3387 μέλλουσιν

1836 3316 2032 3388 virgini
2060 3329 2221 3384 opera
2246 3329 2462 3384 semper
2487 3326 2761 3385 agnoscet,
2779 3316 3146 3387 incorruptam
3180 3320 3233 3371 in
3260 3317 3410 3373 omni

163 3403 335 3474 ἡδονῆς
357 3394 673 3460 ἀπολαύειν.
705 3405 1095 3478 Μεμερισμένη
1121 3406 1251 3475 γοῦν
1274 3407 1410 3479 πρὸς
1433 3408 1533 3479 τὴν
1568 3407 1723 3477 ἔγγα-

1836 3422 1999 3478 opere
2027 3407 2487 3477 pulchritudinem
2517 3406 2844 3479 virginitatis
2874 3421 3122 3474 servans,
3150 3424 3216 3463 ne
3249 3410 3410 3464 indil-

166 3498 306 3566 μονή
339 3499 629 3570 παρθένος,
685 3498 775 3552 τόν
816 3515 876 3550 τε
932 3498 1068 3569 βίον,
1105 3498 1198 3552 καὶ
1234 3497 1355 3551 ὅλον
1388 3498 1449 3552 τὸ
1476 3493 1629 3570 ἦθος,
1661 3499 1723 3553 τὰ

1837 3498 2076 3552 ferenter
2106 3498 2172 3551 ad
2202 3512 2289 3563 ea,
2321 3513 2440 3568 qua:
2465 3513 2570 3552 non
2603 3498 2814 3564 decent,
2844 3498 3032 3568 effusa,
3059 3502 3200 3571 quod
3230 3516 3410 3573 perse-

164 3587 497 3645 ἐπιϐάλλοντα
541 3592 678 3664 ἔργα
721 3593 788 3661 τῇ
827 3592 1083 3663 παρθένῳ
1124 3594 1184 3644 ἐν
1226 3590 1391 3645 παντὶ
1429 3590 1723 3660 ἐπιγνώσε-

1838 3591 1927 3658 qni
1960 3590 2163 3653 studet,
2190 3590 2241 3642 id
2270 3590 2577 3645 actionibus
2606 3590 2717 3646 suis
2744 3602 2971 3647 evertat.

163 3692 269 3732 ται·
303 3682 625 3754 ἀδιάφθορον
649 3683 789 3736 κατά
818 3683 923 3735 πᾶν
945 3682 1103 3754 ἔργον
1131 3683 1192 3736 τὸ
1224 3682 1419 3747 κάλλος
1444 3683 1545 3755 τῆς
1566 3683 1861 3754 παρθενίας
1884 3681 2146 3754 τηροῦσα,
2175 3682 2263 3735 ἴνα
2292 3682 2367 3755 μὴ
2400 3684 2710 3757 ἀδιαφόρως
2739 3687 3042 3760 ἐκχεομένη
3067 3689 3206 3760 πρὸς
3228 3690 3297 3746 τά
3336 3689 3412 3765 μὴ

165 3772 415 3843 πρέποντα
446 3769 528 3839 οἷς
559 3775 785 3847 πράττει
814 3774 1119 3846 λυμήνηται
1151 3774 1311 3828 τοῦτο
1337 3774 1365 3827 ὂ
1396 3774 1635 3847 μετιέναι
1668 3772 1980 3839 σπουδάζει.

224 3865 304 3918 $2.
355 3867 489 3920 Ἀλλ’
528 3866 671 3921 οὕτω
703 3868 802 3939 μὲν
844 3868 1077 3940 ἀκριϐὴς
1117 3867 1291 3933 ἔσται,
1336 3868 1432 3921 καὶ
1469 3866 1723 3930 λαλοῦσα,

1907 3866 1995 3921 22.
2029 3866 2205 3937 Atque
2243 3877 2317 3922 tta
2350 3869 2567 3937 quidem
2605 3883 2762 3924 cauta
2801 3880 2906 3926 ent
2932 3883 2985 3926 et
3016 3872 3262 3944 diligens,
3297 3884 3410 3930 tum

166 3957 246 4010 καὶ
270 3960 544 4024 σιωπῶσα.
588 3961 681 4015 καὶ
715 3960 999 4033 προϊοῦσα,
1043 3963 1077 4033 ἡ
1120 3961 1288 4024 ὅντως
1323 3958 1610 4031 παρθένος.
1642 3961 1723 4013 Δεῖ

1837 3959 1889 4013 in
1930 3958 2199 4030 loquendo
2229 3968 2285 4014 et
2309 3959 2555 4025 tacendo,
2581 3969 2690 4014 tum
2724 3961 2777 4015 in
2809 3962 3130 4030 incedendo,
3148 3979 3269 4035 quae
3285 3982 3414 4023 vere

164 4048 233 4111 δὲ,
256 4051 383 4124 ὅπερ
402 4052 561 4124 ἔφην,
608 4053 682 4124 μὴ
712 4051 899 4117 ἁπλῶς
931 4053 1026 4107 καὶ
1057 4053 1134 4117 ὡς
1167 4052 1346 4124 ἔτυχε,
1376 4051 1513 4123 μηδὲ
1539 4052 1723 4123 μόνην,

1835 4049 1991 4119 virgo
2018 4058 2123 4105 est.
2150 4048 2379 4118 Oportet
2408 4058 2607 4117 autem,
2640 4051 2693 4105 id
2722 4052 2867 4120 quod
2895 4051 3007 4121 iam
3036 4053 3167 4120 dixi,
3212 4064 3271 4111 ιιι
3302 4072 3410 4112 non

166 4140 287 4196 ἀλλά
319 4144 458 4198 κατά
491 4145 587 4199 τὸν
633 4146 1027 4218 προειρημένον
1062 4144 1283 4210 σκοπὸν,
1319 4145 1460 4217 μετά
1487 4143 1723 4215 κοσμίων

1834 4141 2334 4205 indiscriminatim,
2372 4156 2472 4197 nec
2502 4144 2729 4212 passim,
2756 4158 2858 4199 nec
2898 4145 3037 4213 sola,
3064 4147 3159 4201 sed
3204 4162 3413 4205 accom-

168 4233 249 4286 καὶ
295 4233 389 4307 βίῳ
436 4237 533 4290 καὶ
580 4236 766 4308 ἡλικίᾳ
808 4237 1084 4307 γυναικῶν
1120 4236 1435 4309 προϊοῦσαν,
1474 4234 1723 4307 μηδαμοῦ

1834 4235 2045 4290 modatc
2072 4234 2137 4289 ad
2156 4233 2283 4288 illud
2302 4236 2442 4303 quod
2458 4235 2712 4301 diximus,
2731 4237 3220 4307 propositum,cum
3246 4254 3411 4295 orna-

172 4324 255 4392 μὲν
303 4328 357 4379 ἐν
388 4328 661 4401 ἀπρεπέσι
695 4332 1011 4394 στενωποῖς,
1053 4330 1087 4401 ἣ
1131 4330 1379 4401 ἀγοραῖς,
1426 4326 1554 4382 ἔνθα
1595 4329 1723 4381 ἀκό-

1837 4327 1903 4380 tis
1924 4326 2105 4381 etvita
2132 4335 2187 4381 et
2219 4334 2376 4381 astate
2404 4326 2722 4383 mulieribus
2745 4331 3117 4399 progrediens,
3144 4346 3408 4402 nusquam

171 4429 304 4484 σμων
331 4418 633 4491 ἀνθρώπων
660 4420 948 4492 συμϐαίνει
973 4419 1073 4484 τάς
1104 4418 1385 4490 διατριϐὰς
1417 4420 1723 4490 συγκροτεῖ-

1835 4419 1888 4472 in
1915 4417 2186 4473 indecoris
2213 4418 2349 4473 vicis
2379 4427 2473 4473 aut
2502 4418 2718 4487 plateis,
2749 4420 2838 4475 ubi
2871 4422 3275 4478 inhonestorum
3309 4424 3409 4479 bo—

171 4504 299 4572 σθαι,
345 4512 549 4583 ταύτην
601 4512 865 4584 ὁρᾶσθαι·
917 4492 1279 4583 εὐστοχοῦσαν
1315 4509 1372 4563 δὲ
1398 4508 1493 4563 τοῦ
1532 4507 1723 4581 καιροῦ

1834 4511 2038 4563 minum
2065 4508 2531 4566 deambulatioues
2557 4511 2733 4566 solent
2756 4513 3081 4581 consociari,
3115 4524 3406 4580 cernatur;

168 4598 254 4669 τῆς
278 4602 664 4673 προελεύσεως,
681 4604 936 4675 τοιαύτην
960 4604 1055 4658 κα)⁵
1076 4605 1316 4676 σχήματι
1343 4603 1435 4656 καὶ
1461 4601 1723 4674 βαδίσμα-

1834 4616 2022 4655 verum
2058 4609 2242 4671 aptum
2280 4601 2663 4671 progrediendi
2696 4612 2909 4674 tempus
2940 4603 3163 4675 eiigens,
3202 4605 3326 4661 talis
3357 4620 3412 4661 et

168 4702 234 4753 τι,
266 4694 354 4746 καὶ
393 4694 499 4766 ὅλῳ
537 4694 618 4766 τῷ
665 4698 924 4768 κινήματι
959 4695 1112 4768 παρὰ
1147 4696 1255 4749 τῶν
1293 4693 1723 4765 ἐντυγχανόντων

1835 4693 2022 4747 habitu
2057 4701 2113 4748 et
2159 4695 2371 4748 incessu
2423 4704 2479 4747 et
2518 4693 2775 4748 universo
2813 4705 2960 4749 motu
2999 4697 3410 4753 occurrentibm

169 4779 396 4852 δρᾶσθαι,
456 4788 534 4851 ὡς
592 4789 800 4853 πάντας
858 4791 984 4852 τοὺς
1044 4788 1421 4851 ἀπαντῶντας.
1481 4786 1723 4858 καθάπερ

1833 4785 2102 4852 videatur,
2132 4794 2188 4839 nt
2222 4786 2526 4855 quicunque
2556 4795 2882 4849 occurrunt.
2914 4786 3171 4858 tanquam
3209 4790 3302 4861 Dei
3335 4793 3411 4845 si-

171 4871 374 4947 ἇγαλμα
410 4877 546 4933 Θεοῦ
572 4880 944 4952 προσιδόντας,
985 4880 1314 4951 πλήττεσθαι
1350 4880 1447 4950 μὲν
1481 4876 1617 4948 πρὸς
1640 4878 1723 4929 αἱ-

1837 4879 2133 4932 mulacrum
2157 4877 2426 4943 videntes,
2466 4877 2639 4932 oculis
2668 4879 2890 4932 omnino
2918 4881 2985 4933 ad
3020 4883 3404 4936 verecundiam

172 4962 238 5015 δῶ
261 4967 466 5035 πάντως
500 4971 601 5042 τὴν
637 4971 780 5043 ὄψιν,
815 4969 1242 5043 σωφρονίζεσθαι
1283 4970 1339 5024 δὲ
1372 4970 1462 5023 τὸν
1490 4968 1615 5021 νοῦν
1655 4971 1723 5039 τῇ

1835 4970 2147 5037 incitentur,
2172 4978 2352 5024 mente
2373 4979 2552 5024 autem
2576 4968 2894 5024 erudiantur
2916 4970 3133 5026 virtutis
3154 4971 3405 5027 admoni-

172 5053 254 5106 τοῦ
295 5058 454 5112 καλοῦ
504 5062 826 5134 ὑπομνήσει,
876 5062 1053 5116 σέϐειν
1090 5062 1148 5115 δὲ
1198 5062 1295 5133 τὴν
1330 5060 1478 5126 θέαν,
1530 5059 1623 5113 καὶ
1651 5057 1723 5122 ὡς

1836 5062 2004 5128 tione,
2040 5078 2105 5118 ac
2150 5062 2518 5132 spectaculum
2563 5062 2693 5119 illud
2741 5064 2794 5118 in
2831 5063 3036 5120 honore
3068 5064 3324 5131 habeant,
3352 5079 3409 5122 ct

237 5232 341 5305 (84)
380 5237 761 5316 Τὴν-ᾀρχὴν.
797 5239 1106 5310 Ρηεηιίιιίι,
1143 5246 1302 5309 ὅλως,
1334 5244 1502 5316 editio
1546 5242 1723 5299 Paris.

1832 5244 1991 5316 μένηε

237 5262 341 5305 ιοιι)
382 5262 499 5306 tur
542 5262 761 5310 αρχην.
800 5262 1106 5310 rraemltltt,
1143 5262 1302 5309 ολως,
1334 5262 1502 5308 eattto
1547 5262 1723 5299 rarts.

175 5314 279 5391 Quae
303 5322 400 5391 τρι
430 5312 620 5391 melius
648 5311 814 5366 multo
846 5316 998 5368 abest
1044 5317 1110 5372 ab
1151 5317 1385 5372 editione
1415 5313 1616 5373 Veneta
1670 5324 1723 5370 et

1832 5262 2018 5391 μεῖδᾟ)
2043 5314 2199 5391 Ταῖς-
2223 5316 2490 5389 ὀδύναις.
2552 5316 2727 5382 Colb.,
2784 5320 2853 5389 τῇ
2906 5317 3088 5391 ὀδύνῃ,
3132 5326 3188 5373 et
3246 5335 3407 5390 paino

177 5377 426 5456 veteribus
455 5380 629 5456 libris.
690 5450 783 5456 __,
891 5450 924 5456 _

1828 5377 1969 5455 post,
1988 5377 2388 5456 ἀποτρέπουσι.

368 5449 661 5531 purgator.
690 5450 864 5505 Editio
890 5450 1263 5531 Paris.__a_ddit,
1286 5454 1720 5531 Eptmdvtqnod

1828 5444 1844 5455 ’
1899 5444 2012 5531 (ξε)
2040 5444 2502 5531 Εαρακιιλῶσιν.
2531 5456 2644 5531 Quo
2666 5474 2822 5531 mss.,
2853 5458 3282 5531 παρακαλοῦσιν.

178 5510 404 5599 ξιξᾲξιὶι)
429 5510 686 5599 tinnitibus.
729 5537 878 5599 tnss._
901 5535 957 5578 et
1006 5510 1722 5599 editione,veneta_._'l’aulo

1853 5595 1863 5599 _
1898 5510 2149 5599 (895,113?
2159 5510 2500 5599 sapienter
2528 5510 2957 5597 έχέιῖὲἷέιιιέεῖ
2974 5510 3405 5599 asinariam-

180 5590 548 5668 anignnopnulli
568 5591 806 5668 codices,
829 5591 928 5668 τὴν
960 5598 1089 5668 περὶ
1106 5597 1309 5668 αὐτοὺς
1336 5595 1591 5668 σπουδήν.
1624 5666 1633 5668 _
1659 5665 1690 5668 μ

1829 5595 1888 5658 ti,
1908 5590 2043 5668 :1:ng
2075 5590 2424 5668 αύτὸνέἐχειν.
2561 5590 2597 5597 ’⁷
2688 5647 2697 5651 -

366 5657 753 5751 lii-70.11%
783 5651 845 5716 ξ..
878 5651 1437 5751 ᾔκϐὸιιῇιιριειέρθιιι-
1460 5651 1721 5751 bis'a'ddi—

1862 5651 2321 5751 'Fttyrt'bq':
2385 5669 2474 5721 Sic
2526 5669 2741 5751 codices
2785 5670 3082 5751 Cnmhctis.‘
3132 5681 3188 5727 et
3220 5681 3413 5751 plures,

182 5715 339 5777 diuitis
363 5740 423 5781 ex
447 5715 687 5795 pluribus
714 5715 840 5785 ιῖιεε.
878 5715 1058 5788 liabet
1071 5715 1719 5806 ’έιιὶῖἰόὪιίὲιεῐξῆέπέ-

1827 5715 1942 5788 ali
2078 5747 2092 5788 ι
2362 5715 2485 5806 ,ἠγ-υ
2494 5715 2624 5811 pavi}.
2635 5715 2643 5720 U
2655 5715 2764 5796 lien

443 5823 708 5884 ΡΑτιιοι..
741 5828 830 5885 Gn
889 5828 1089 5895 XXX.
3055 5835 3133 5898 23
