3802 6216
349 257 454 315 713
488 259 497 268 “

1303 252 1651 309 ΑΡΙἚΝΒΙΧ
1684 250 1974 308 οΡιειιυΜ
2016 253 2071 308 S.
2115 251 2362 309 BASILII
2399 254 2640 313 MAGNI.

3505 256 3612 314 ’116

346 375 494 428 velut
515 370 638 439 Dei,
656 380 716 427 ut
738 372 869 440 dixi,
895 369 1186 427 simulacro
1209 369 1470 425 decedam
1498 381 1550 424 et
1574 382 1899 425 venerentur

2027 370 2186 436 Θεοῦ,
2224 371 2411 442 ῶσπερ
2436 371 2544 442 (91)
2569 372 2725 441 ἔφην,
2756 371 2923 425 εικόνι
2951 372 3272 443 ὑποχωρεῖν,
3301 372 3397 425 καλ
3424 373 3611 443 ἐντρέ-

345 464 806 532 Quemadmodum
821 465 965 518 enim
989 471 1294 533 satyrorum
1321 463 1583 532 imagines
1609 461 1737 516 vism
1754 463 1918 516 risum

345 556 699 611 cernentibus
732 564 967 617 movent,
995 568 1059 608 ac
1085 554 1293 609 doloris
1315 553 1484 623 plenae
1505 552 1624 608 alia:
1653 554 1919 622 imagines

345 645 586 700 animum
614 645 955 700 cernentium
982 646 1241 702 ettvisum
1274 645 1533 713 impressa
1563 644 1795 698 tristium
1829 658 1916 697 re-

346 751 464 789 rum
524 734 758 805 imagine
802 732 1154 801 suﬂundunt;
1195 740 1250 788 et
1287 735 1738 801 quemadmodum
1787 734 1918 787 nihil

345 830 538 882 horum
583 833 852 889 movetur,
896 840 1019 880 cum
1063 826 1404 880 cernentium
1452 825 1629 878 visum
1679 825 1736 879 in
1791 839 1916 879 suos

344 921 511 975 trahit
537 916 783 986 allectus,
816 917 909 974 sed
926 919 1027 973 etsi
1053 919 1104 972 in
1133 917 1391 973 immobili
1418 917 1629 972 videtur
1660 918 1915 986 imagine,

343 1010 396 1064 in
419 1008 675 1064 immobili
693 1016 876 1062 tamen
915 1006 1087 1061 forma
1120 1008 1333 1060 animos
1355 1002 1651 1058 viventium
1676 1016 1916 1057 commo-

343 1110 449 1167 vet,
470 1108 530 1155 et
559 1102 625 1154 ad
663 1098 910 1169 proprios
933 1098 1154 1154 habitus
1183 1095 1372 1167 lingit:
1405 1097 1477 1149 ita
1509 1105 1566 1149 et
1599 1094 1771 1165 virgo,
1791 1109 1914 1149 cum

341 1192 608 1247 castitatis
629 1192 825 1260 imago,
847 1189 932 1245 vel
950 1189 1128 1258 potius
1145 1189 1312 1260 ipsius
1329 1187 1545 1242 virtutis
1561 1185 1912 1241 simulacrum

340 1281 431 1345 sit,
462 1282 510 1337 si
551 1289 759 1335 tantum
780 1289 1057 1341 cernatur,
1080 1276 1405 1331 intuentium
1447 1273 1633 1331 oculos
1663 1274 1820 1330 debet
1848 1277 1915 1329 ad

346 1369 595 1426 Numinis
619 1368 1000 1440 cogitationem
1022 1375 1358 1423 convertere.
1372 1365 1714 1421 Percutiatur
1733 1365 1914 1421 animo

339 1460 657 1530 impudicus,
692 1457 958 1515 castitatis
998 1456 1454 1528 pulchritudinem
1494 1456 1738 1524 virgineo
1780 1469 1914 1525 spe-

336 1552 551 1609 ctacnlo
577 1552 632 1608 in
668 1549 986 1605 memoriam
1016 1556 1323 1602 revocante.
1362 1545 1698 1602 Recordetur
1719 1545 1913 1615 aliquis

338 1644 455 1711 Dei,
490 1643 804 1715 imaginem,
844 1654 964 1711 quae
988 1641 1055 1695 ad
1100 1639 1338 1695 studium
1368 1636 1513 1693 illius
1536 1639 1911 1694 mandatorum

336 1712 620 1801 excolitur,
646 1734 936 1805 aspiciens.
964 1733 1143 1804 Atque
1192 1741 1251 1787 ut
1299 1731 1464 1786 verbo
1503 1730 1702 1795 dicam,
1732 1739 1909 1785 trans-
1942 1712 1985 1767 Β

337 1831 602 1885 formetur
630 1825 1036 1882 occurrentium
1062 1822 1257 1893 virgini
1286 1831 1344 1877 et
1370 1831 1623 1891 aspectus
1651 1832 1707 1877 et
1734 1829 1909 1876 motus

334 1924 402 1978 ad
436 1920 647 1976 virtutis
668 1917 1046 1989 cogitationem
1072 1935 1084 1970 :
1113 1925 1169 1968 et
1215 1915 1524 1984 quicunque
1549 1928 1674 1968 cum
1698 1928 1761 1970 ea
1784 1928 1907 1968 ver-

335 2021 525 2068 santur
570 2010 753 2066 animo
794 2017 1245 2079 compungantur.
1296 2005 1465 2061 Nemo
1500 2013 1680 2060 autem
1704 2045 1719 2070 ,
1748 2005 1907 2075 quasi

333 2104 500 2174 lauri
528 2110 624 2157 aut
640 2098 932 2170 voluptatis
954 2099 1182 2154 fractam
1206 2099 1433 2152 omnino
1463 2096 1691 2152 mollitie
1719 2097 1910 2167 imagi-

332 2209 455 2252 nem
503 2201 712 2257 cernat,
734 2188 1055 2245 emolliatnr
1099 2187 1168 2241 ad
1210 2187 1566 2258 peccandum,
1606 2186 1656 2242 ei
1688 2186 1905 2258 quidem

332 2301 491 2358 quam
521 2287 685 2351 videt,
719 2286 787 2339 ad
817 2284 1095 2340 materiam
1119 2283 1301 2354 probri
1333 2283 1702 2354 spectaculum
1733 2282 1906 2338 simu-

333 2380 455 2441 latae
483 2378 830 2448 virginitatis,
864 2376 967 2432 sibi
992 2390 1122 2431 vero
1150 2378 1265 2446 ipse
1298 2376 1368 2431 ad
1405 2375 1610 2445 peccati
1638 2373 1909 2430 accessio-

332 2484 454 2523 nem
485 2482 770 2522 occursum
795 2465 1023 2535 virginis
1044 2477 1397 2521 convertens.
1425 2464 1589 2535 Virgo
1638 2464 1801 2535 igitur
1832 2465 1903 2518 ita

332 2574 449 2615 sese
475 2558 750 2624 excoleris,
776 2567 835 2611 ut
856 2558 1053 2612 divinae
1079 2556 1331 2626 imaginis
1346 2572 1544 2613 norma
1566 2556 1619 2610 in
1631 2554 1902 2622 omnibus,

331 2662 404 2715 et,
429 2660 486 2705 ut
513 2651 587 2705 ita
608 2649 805 2713 dicam,
832 2647 1103 2719 sculptura
1131 2648 1347 2712 evadat,
1371 2657 1537 2702 totam
1561 2662 1620 2702 se
1649 2664 1678 2701 a
1712 2647 1897 2701 mundi

331 2746 482 2799 curis
507 2744 827 2807 removebit,
842 2750 902 2798 et
926 2758 954 2796 a
985 2741 1263 2811 corporeis
1282 2739 1649 2810 voluptatibus
1667 2738 1904 2792 animam

330 2832 493 2908 339
515 2835 782 2899 avocabit,
809 2843 1087 2903 totamque
1113 2842 1350 2887 mentem
1379 2830 1446 2885 ad
1469 2842 1708 2886 amorem
1735 2827 1902 2884 cele-

329 2938 492 2981 suum
527 2925 829 2990 intendens,
866 2935 1081 2979 terrena
1124 2923 1305 2979 omnia
1333 2922 1728 2977 oblectamenta
1768 2935 1902 2974 con-

328 3017 596 3084 culcabit;
624 3030 732 3072 non
760 3015 934 3085 magis
963 3028 1214 3085 quaerens
1245 3014 1297 3067 in
1330 3014 1433 3080 his,
1465 3028 1584 3083 qua:
1618 3011 1895 3082 splendida

328 3108 727 3173 existimantur,
757 3106 1022 3171 deliciari,
1048 3119 1210 3175 quam
1244 3104 1313 3160 ob
1351 3120 1642 3167 a'rnmnas,
1676 3117 1812 3173 quas
1843 3103 1895 3156 in

328 3199 436 3254 vita
473 3198 664 3254 merito
689 3198 929 3264 trahunt,
955 3196 1304 3254 miseratione
1335 3195 1491 3267 digna
1512 3194 1785 3263 judicans.

396 3470 490 3527 25.
517 3469 649 3524 Nam
678 3470 722 3524 si
757 3478 934 3540 nupta:
970 3469 1319 3540 multiplices,
1346 3479 1402 3524 ut
1429 3470 1504 3523 ita
1532 3468 1730 3533 dicant,
1757 3483 1897 3522 mor-

328 3571 435 3627 tes,
461 3577 594 3632 quas
633 3561 722 3617 hic
752 3562 864 3631 jam
908 3561 1127 3631 patitur,
1166 3575 1349 3617 secum
1379 3562 1739 3631 comparando
1768 3575 1898 3615 con-

325 3654 550 3721 sideret,
601 3656 821 3709 omnino
855 3653 907 3707 in
950 3666 1010 3708 se
1042 3651 1111 3709 ob
1139 3653 1467 3723 propositum
1506 3652 1764 3722 praeclare
1809 3653 1895 3720 agi

323 3744 675 3800 existimabit.
698 3743 830 3799 Nam
857 3759 976 3812 quae
999 3742 1317 3799 mortalibus
1341 3741 1542 3813 nuptiis
1565 3741 1762 3811 illigata
1789 3750 1895 3807 est,

323 3837 408 3892 sui
438 3837 609 3905 ipsius
629 3850 771 3890 cura:
791 3834 1018 3890 alteram
1045 3832 1221 3888 mariti
1251 3847 1434 3887 curam
1458 3832 1774 3903 adiungens,
1794 3846 1896 3903 ge-

322 3928 526 3981 minam
555 3926 841 3996 quamdam
879 3926 934 3980 in
983 3941 1087 3981 una
1137 3926 1316 3979 anima
1361 3939 1428 3978 ex
1462 3923 1754 3994 coniuncto
1791 3924 1895 3979 sibi

321 4033 547 4085 corpore
572 4016 986 4072 sollicitudinem
1010 4015 1242 4070 sustinet
1273 4035 1286 4070 :
1322 4032 1425 4070 non
1444 4013 1557 4082 jam
1601 4031 1707 4071 uno
1744 4014 1894 4072 labo-

323 4121 453 4162 rans
481 4121 729 4175 corpore,
770 4106 864 4162 sed
892 4107 944 4160 in
968 4122 1073 4159 una
1098 4106 1298 4169 anima,
1331 4106 1400 4161 ob
1435 4119 1591 4159 suum
1627 4116 1681 4160 et
1710 4103 1895 4160 mariti

321 4213 537 4269 corpus,
567 4211 781 4266 semper
824 4199 879 4252 in
924 4198 1130 4252 morbis
1168 4197 1416 4252 discissa.
1454 4197 1657 4253 Deinde
1696 4195 1894 4253 libero-

321 4307 442 4347 rum
489 4291 614 4346 hinc
632 4300 750 4345 orta
775 4289 1086 4359 prapagine,
1116 4288 1275 4343 simul
1308 4303 1428 4344 cum
1447 4301 1772 4358 unoquoque
1799 4304 1895 4341 na-

320 4390 526 4449 scente,
554 4383 737 4438 animo
763 4381 1049 4447 scinditur,
1082 4392 1137 4434 et
1173 4382 1263 4449 qui
1295 4396 1437 4435 nunc
1469 4381 1726 4447 nascitur,
1763 4382 1894 4435 insi-

321 4458 560 4528 dentiqu
602 4473 969 4530 molestiarum
1009 4475 1249 4528 accessio
1296 4484 1397 4527 est.
1429 4475 1507 4528 Ac
1543 4475 1743 4528 bonum
1773 4475 1892 4543 qui-

321 4566 441 4615 dem
467 4562 719 4617 maritum
755 4571 937 4626 nacta,
965 4577 1179 4631 semper
1213 4563 1355 4617 illius
1383 4564 1573 4617 mortis
1601 4574 1745 4616 metu
1773 4578 1890 4617 mo-

323 4651 504 4707 lestias
537 4653 773 4709 sustinet
813 4652 1113 4719 viduitatis,
1140 4668 1355 4723 gravem
1385 4656 1673 4723 quamdam
1711 4655 1892 4709 animo

324 4742 523 4809 tabem,
564 4749 621 4797 et
654 4752 921 4810 prasente
970 4740 1061 4798 illo
1104 4751 1161 4797 et
1207 4742 1449 4806 absente,
1483 4742 1553 4794 ob
1583 4739 1890 4808 inepinatos

322 4846 481 4888 casus
506 4831 802 4903 perferens.
827 4831 1050 4896 Contra,
1076 4832 1120 4887 si
1145 4832 1340 4886 acerbo
1360 4829 1545 4898 juncta
1568 4830 1729 4886 fuerit
1754 4831 1889 4894 viro,

324 4932 437 4977 tota
473 4922 526 4978 ei
568 4924 676 4978 vita
724 4922 1042 4993 supplicium
1072 4931 1195 4988 est;
1243 4932 1297 4975 et
1326 4937 1447 4976 cum
1487 4937 1589 4976 nec
1623 4920 1786 4975 alium
1819 4920 1890 4975 ob

323 5015 588 5074 castitatis
626 5014 820 5082 legem,
849 5029 947 5071 uec
990 5024 1218 5069 mortem
1265 5014 1366 5067 viri
1416 5014 1485 5067 ob
1536 5012 1874 5067 incommoda

394 5194 775 5270 (91)]Ὠσπεηο⁸
830 5191 1056 5270 {lodices
1102 5188 1547 5259 nonuulli,51:ep.
1605 5187 1726 5243 llos
1785 5188 1890 5243 duo

325 5260 453 5321 mss.
464 5307 479 5327 ,
488 5260 499 5267 ’
514 5260 803 5334 θεωμένοι,
828 5260 977 5330 ὲκίνη
984 5273 1099 5334 σαν.

396 5335 509 5407 (92)
556 5327 1079 5400 κινούμενοκὸιο
1118 5329 1353 5386 Colbert.
1397 5339 1453 5383 et
1505 5329 1608 5384 duo
1642 5327 1888 5383 Combef.

325 5405 419 5461 Ed:
431 5424 439 5455 ι
452 5405 496 5469 ι,
515 5420 664 5457 κινου
672 5420 864 5473 μενων.

397 5467 509 5544 (83)
547 5467 1111 5526 Τῶνᾋπαντὼντων.
1151 5468 1240 5544 Sic
1275 5483 1376 5535 ope
1426 5470 1602 5544 trium
1646 5467 1891 5544 codicum

325 5538 890 5607 etn'etulaiintnsquod
941 5558 1125 5594 vtttusc
1167 5542 1389 5591 habebat
1440 5538 1756 5591 l'arisiensis
1779 5540 1896 5591 edi-

327 5610 596 5687 ῑίο,παρά
625 5613 840 5687 πάντων
875 5610 980 5663 τῶν
1016 5614 1091 5666 ὲν.
1132 5609 1307 5665 Editio
1348 5607 1543 5664 Veneta
1568 5610 1752 5674 habet,
1784 5607 1891 5660 τῶν

325 5684 576 5740 ἁπάντων
604 5684 733 5735 τῶν.

2023 462 2244 517 πεσθαι.
2300 463 2387 525 Ὠς
2426 464 2535 533 γάρ
2577 462 2826 532 σατύρων
2863 464 3069 525 εἰκόνες
3113 462 3359 531 ὀφθεῖσαι
3400 462 3613 530 γέλωτα

2020 558 2133 617 τοῖς
2162 555 2457 625 θεωροῦσιν
2490 554 2769 625 ἐκίνησαν,
2799 554 2893 606 καὶ
2911 553 2984 616 ὡς
3015 551 3318 624 κατηφείας
3342 552 3611 623 γέμουσαι

2020 644 2175 698 ἀλλαι
2193 645 2396 707 εἰκόνες
2418 645 2507 697 τὸν
2537 643 2660 697 νοῦν
2686 643 2794 697 τῶν
2811 643 3063 715 ὁρώντων
3087 645 3181 711 καὶ
3208 645 3307 715 τὴν
3329 643 3454 713 ὄψιν
3476 643 3611 715 πρὸς

2018 733 2116 805 τὴν
2140 734 2249 787 τῶν
2272 734 2611 806 σκυθρωπῶν
2634 734 2936 805 φαντασίαν
2973 734 3233 805 συνέχεαν
3253 753 3268 766 ·
3298 736 3394 788 καὶ
3418 734 3495 798 ὡς
3519 737 3610 788 οὑ-

2017 824 2106 878 δὲν
2139 825 2237 895 μὲν
2260 824 2464 878 τούτων
2498 826 2815 895 κινούμενον
2846 826 2955 896 (92)
2988 826 3085 897 τὴν
3110 826 3219 879 τῶν
3251 826 3463 896 ὁρατῶν
3486 826 3607 896 ὄψιν

2019 916 2155 987 πρὸς
2184 917 2345 971 ἑαυτὸ
2367 915 2690 989 διατίθησιν,
2734 919 2793 970 ὲν
2826 918 3066 988 ἀκινήτῳ
3112 917 3170 970 δὲ
3204 918 3362 988 τύπῳ
3396 917 3608 989 ὁρώμε-

2017 1026 2128 1072 νον,
2155 1010 2212 1062 ὲν
2248 1011 2313 1079 τῇ
2338 1008 2580 1080 ἀκινήτῳ
2609 1012 2792 1081 μορφῇ
2822 1008 2920 1072 τάς
2950 1008 3057 1061 τῶν
3085 1008 3301 1072 ζώντων
3332 1008 3603 1072 διαθέσεις

2016 1100 2167 1169 ὅμως
2202 1103 2504 1170 μετακινεῖ,
2532 1101 2626 1153 καὶ
2654 1100 2789 1173 πρὸς
2815 1099 2915 1163 τάς
2949 1100 3154 1164 οίκείας
3179 1100 3483 1170 φαντασίας
3510 1118 3608 1171 με·

2014 1190 2374 1262 ταρρυθμίζει
2394 1209 2406 1222 ·
2431 1190 2572 1245 οὕτω
2588 1192 2683 1245 καὶ
2698 1194 2731 1261 ή
2755 1192 3018 1264 παρθένος
3045 1190 3398 1263 σωφροσύνης
3418 1191 3603 1254 εἰκὼν,

2018 1278 2216 1348 μᾶλλον
2245 1278 2303 1332 δὲ
2322 1280 2655 1352 αὑτοαρετῆς
2677 1278 2899 1351 ἄγαλμα
2931 1275 3088 1344 οὖσα,
3118 1280 3212 1333 καὶ
3242 1280 3402 1351 μόνον
3424 1277 3609 1348 ὀφθεῖ-

2016 1389 2104 1435 σα,
2140 1372 2237 1436 τὰς
2271 1373 2376 1426 τῶν
2409 1372 2659 1445 ὁρώντων
2691 1373 2843 1444 ὄψεις
2877 1374 3012 1446 πρὸς
3047 1375 3147 1445 τὴν
3199 1372 3293 1427 τοῦ
3327 1373 3473 1428 θείου
3513 1373 3607 1427 έν-

2013 1479 2159 1516 νοιαν
2186 1463 2533 1534 ἐπιστρέφειν
2560 1464 2785 1534 ὀφείλει.
2815 1464 3087 1535 Πληγήτω
3126 1463 3256 1533 γοῦν
3287 1481 3373 1527 τις
3404 1464 3606 1517 ἀκόλα-

2014 1565 2137 1612 στος
2191 1550 2290 1621 τὴν
2329 1551 2526 1622 ψυχὴν,
2566 1552 2659 1605 τοῦ
2733 1553 2834 1623 τῆς
2877 1553 3229 1625 σωφροσύνης
3269 1553 3502 1617 κάλλους
3534 1554 3607 1607 ὲκ

2012 1641 2109 1712 τῆς
2139 1641 2471 1712 παρθενικῆς
2505 1642 2632 1707 θέας
2668 1644 3052 1715 ὑπομνησθείς.
3087 1646 3516 1717 Ἀναμνησθήτω
3542 1646 3604 1701 δέ

2012 1748 2095 1795 τις
2124 1732 2281 1797 Θεοῦ,
2336 1734 2435 1802 τὴν
2469 1736 2604 1804 πρὸς
2628 1734 2788 1807 ζῆλον
2819 1737 2927 1790 τῶν
2950 1736 3177 1791 ἐντολῶν
3203 1738 3368 1793 αὐτοῦ
3396 1740 3605 1793 ἀσκου-

2014 1821 2183 1894 μένην
2205 1825 2388 1879 εἰκόνα
2410 1824 2553 1880 ἰδών.
2579 1827 2689 1879 Καὶ
2724 1827 2959 1891 συνόλως
2989 1829 3183 1893 εἰπεῖν,
3223 1830 3605 1901 μεταρρυθμι-

2011 1914 2185 1979 ζέσθω
2212 1916 2319 1969 τῶν
2346 1917 2710 1971 ἀπαντώντων
2737 1919 2846 1989 (95)
2872 1922 2935 1990 τῇ
2972 1920 3224 1991 παρθένῳ
3252 1920 3347 1974 καὶ
3379 1920 3606 1992 βλέμμα

2011 2005 2104 2057 καὶ
2168 2005 2376 2075 κίνημα
2433 2007 2567 2076 πρὸς
2614 2008 2714 2079 τὴν
2756 2008 2847 2061 τοῦ
2899 2009 3064 2063 καλοῦ
3114 2010 3444 2079 φαντασίαν·
3505 2014 3604 2066 καὶ⁸

2010 2092 2212 2157 πάντες
2244 2094 2340 2164 μὲν
2382 2096 2430 2146 οἱ
2471 2096 2927 2166 συντυγχάνοντες
2964 2099 3456 2168 ὲπιστυφέσθωσαν
3496 2100 3599 2171 τὴν

2006 2185 2262 2240 διάνοιαν.
2282 2186 2485 2257 Μηδεὶς
2501 2187 2577 2252 δὲ,
2603 2187 2791 2261 ῶσπερ
2819 2189 3051 2260 σατύρου
3073 2189 3107 2261 ἢ
3129 2190 3320 2261 ἡδονῆς
3333 2189 3462 2262 ὅλην
3483 2192 3597 2261 (94)

2006 2276 2390 2349 τεθραμμένην
2432 2277 2553 2349 ὅψιν
2599 2279 2741 2347 ίδὼν,
2795 2280 3074 2353 διαχυθείη
3120 2281 3256 2352 πρὸς
3294 2283 3596 2353 ἁμαρτίαν,

2007 2368 2218 2437 ἐφόδιον
2242 2370 2410 2437 ψόγου
2443 2370 2541 2439 μὲν
2562 2374 2627 2441 τῇ
2646 2371 2893 2445 ὀφθείσῃ,
2918 2372 3013 2443 τῆς,
3038 2372 3270 2425 ὑπούλου
3295 2373 3600 2445 παρθενίας

2004 2460 2105 2527 τὴν
2133 2459 2280 2524 θέαν,
2310 2460 2489 2531 ἐαυτῷ
2515 2461 2572 2514 δὲ
2599 2461 2843 2532 μείζονος
2867 2465 3147 2537 ἁμαρτίας
3176 2464 3271 2535 τὴν
3303 2468 3598 2537 συντυχίαν

2004 2551 2106 2621 τῆς
2166 2553 2435 2624 παρθένου
2488 2552 2699 2608 λαϐὼν,
2740 2555 2947 2610 οὐκοῦν
3003 2556 3138 2610 Θεοῦ
3189 2557 3399 2621 εἰκόνος
3449 2559 3597 2613 κατά

2004 2643 2182 2696 πάντα
2212 2643 2415 2715 ῥυθμὸν
2436 2645 2656 2716 ἑαυτὴν,
2687 2648 2801 2711 καὶ,
2830 2647 2907 2711 ὼς
2945 2646 3009 2701 ἀν
3040 2646 3183 2701 εἴποι
3207 2665 3313 2712 τις,
3339 2648 3594 2720 γλύμμα,

2004 2735 2039 2804 η
2082 2735 2350 2805 παρθένος
2377 2737 2687 2807 ἀσκήσασα,
2721 2738 2850 2810 ὃλην
2884 2738 2982 2809 μὲν
3011 2737 3208 2810 ἑαυτὴν
3235 2740 3345 2793 τῶν
3372 2740 3467 2794 τοῦ
3498 2743 3596 2795 κό-

2006 2842 2143 2895 σμου
2191 2826 2485 2897 φροντίδων
2533 2827 2640 2893 ἔξω
2677 2830 2893 2900 ποιήσει
2915 2846 2930 2860 ·
2966 2829 3074 2884 τῶν
3109 2830 3165 2883 δὲ
3200 2830 3293 2884 τοῦ
3339 2831 3597 2903 σώματος

2002 2916 2206 2987 ἡδονῶν
2241 2918 2338 2987 τὴν
2367 2918 2543 2989 ψυχὴν
2577 2920 2895 2991 ἀποστήσει,
2922 2921 3016 2974 καὶ⁵
3037 2921 3155 2974 ὅλον
3179 2921 3270 2976 τὸν
3297 2920 3423 2976 νοῦν
3453 2923 3595 2994 πρὸς

2003 3005 2094 3059 τὸν
2118 3005 2297 3077 ἔρωτα
2320 3006 2427 3060 τῶν
2448 3008 2715 3079 οὐρανίων
2734 3009 2979 3073 τείνασα,
3004 3009 3072 3063 τά
3090 3012 3232 3065 κατά
3253 3012 3356 3081 γῆν
3376 3014 3592 3084 τερπνά
3664 3040 3673 3049 ·

2006 3096 2180 3148 πάντα
2206 3097 2437 3169 πατήσει
2457 3115 2470 3127 ⁸
2507 3098 2607 3151 οῦκ
2633 3100 3002 3172 ἀποδεχομένη
3042 3101 3240 3171 μᾶλλον
3271 3101 3484 3166 τούτοις
3512 3121 3596 3156 νο-

2008 3186 2317 3259 μιζομένοις
2358 3189 2630 3261 λαμπροῖς
2680 3193 2969 3262 ὲντρυφᾷν,
3012 3193 3045 3264 ἢ
3087 3193 3185 3263 τῆς
3212 3194 3591 3266 ταλαιπωρίας

2005 3281 2173 3350 αὐτῆς
2202 3282 2267 3353 ἢν
2292 3283 2349 3334 ὲν
2375 3285 2441 3353 τῇ
2472 3281 2583 3353 ζωῇ
2625 3283 2925 3337 διαντλοῦσι
2976 3285 3119 3338 κατὰ
3159 3285 3315 3353 λόγον
3351 3287 3593 3351 οἰκτιζο-

2009 3368 2169 3439 μένη.

2068 3458 2155 3511 25.
2210 3460 2303 3512 Ἐκ
2334 3460 2676 3533 παραλλήλου
2700 3461 2809 3533 γάρ
2830 3462 2928 3528 τὰς
2948 3463 3278 3541 τῆςογεγαμη
3289 3465 3457 3536 μένης
3487 3481 3592 3519 πο·

2003 3550 2333 3621 λυμόρφους,
2364 3552 2439 3616 ὡς
2471 3552 2536 3605 ἀν
2565 3553 2707 3605 εἴποι
2735 3552 2845 3623 (95)
2880 3570 2985 3617 τις,
3011 3556 3186 3625 κῆρας
3220 3556 3356 3626 πρὸς
3382 3557 3589 3626 ἑαυτὴν

2002 3636 2303 3708 θεωροῦσα,
2325 3632 2399 3692 ὧν
2420 3640 2668 3695 ἐντεῦθεν
2697 3642 2799 3713 ήδη
2824 3642 3104 3708 ἀπολαύει,
3138 3643 3354 3707 πάντως
3386 3646 3590 3714 ἑαυτὴν

2002 3728 2095 3783 τοῦ
2132 3730 2333 3785 σκοποῦ
2379 3730 2713 3795 ἀποδέξεται.
2776 3732 2842 3786 Ἦ
2901 3733 3000 3803 μὲν
3054 3732 3162 3806 γὰρ
3204 3732 3383 3806 θνητῷ
3417 3735 3587 3807 γάμῳ

2003 3821 2309 3892 ζευχθεῖσα,
2339 3825 2402 3893 τῇ
2425 3821 2491 3874 δι’
2515 3823 2711 3893 ἑαυτὴν
2746 3826 2986 3896 φροντίδι
3013 3825 3106 3878 καὶ
3132 3825 3324 3897 ἑτέραν
3352 3825 3450 3896 τὴν
3487 3827 3586 3879 τοῦ

2001 3911 2191 3983 ἀνδρὸς
2222 3912 2621 3985 πῳσλαῦοῦσα,
2647 3913 2864 3985 δίδυμόν
2888 3932 3010 3969 τινα
3037 3917 3102 3969 ὲκ
3135 3918 3264 3987 μιᾶς
3283 3916 3462 3988 ψυχῆς
3483 3918 3587 3991 τὴν

2000 4006 2094 4058 τοῦ
2125 4007 2459 4077 συμφυέντος
2498 4009 2633 4078 αὐτῇ
2669 4006 2920 4079 σώματος
2961 4009 3219 4081 φροντίδα
3253 4010 3581 4079 ὑφίσταταιο

2000 4098 2181 4151 οὐκέτι
2218 4097 2295 4168 τῷ
2320 4098 2398 4150 ἐνὶ
2434 4098 2715 4170 κάμνουσα
2763 4099 2993 4172 σώματι,
3031 4100 3146 4153 ἀλλ’
3176 4103 3233 4154 ὲν
3266 4102 3366 4172 μιᾷ
3408 4101 3581 4173 ψυχῇ,

2002 4188 2137 4259 πρός
2161 4206 2221 4241 τε
2266 4190 2324 4242 τὺ
2356 4191 2450 4243 τοῦ
2480 4191 2667 4262 avem;
2699 4193 2793 4244 xui.
2821 4193 2882 4245 τὸ
2909 4192 3131 4262 ἑαυτῆς,
3165 4194 3225 4246 ὲν
3250 4196 3371 4256 ταῖς
3404 4193 3585 4257 νόσοις

2001 4280 2087 4331 ἀεὶ
2111 4282 2436 4353 τεμνομένη.
2463 4279 2593 4335 Εἶτα
2620 4282 2866 4336 ἐντεῦθεν
2893 4284 2993 4347 τὰς
3024 4284 3132 4337 τῶν
3160 4285 3366 4337 τέκνων
3398 4300 3584 4353 παρα-

2002 4371 2205 4440 φυάδας
2230 4373 2596 4444 βλαστήσασα,
2626 4375 2838 4445 ἑκάστῳ
2855 4375 2964 4429 τῶν
2989 4375 3322 4447 τικτομένων
3350 4392 3585 4429 συναπο-

2003 4462 2246 4532 σχίζεται
2286 4463 2382 4535 τὴν
2403 4464 2599 4535 ψυχὴν.
2629 4464 2727 4535 τὴν
2759 4465 2852 4518 τοῦ
2886 4464 3270 4534 ἐπιγενομένου
3322 4466 3582 4537 φροντίδα

2001 4556 2316 4627 προσθήκην
2338 4556 2445 4609 τῶν
2473 4558 2824 4629 ὑπαρχόντων
2857 4557 3095 4627 ἀνιαρῶν
3133 4555 3581 4628 προσλαμϐάνω-

1999 4663 2088 4700 ea.
2120 4647 2230 4699 Καὶ
2269 4649 2506 4719 χρηστοῦ
2544 4650 2640 4719 μὲν
2669 4649 2907 4719 τυχοῦσα
2938 4648 3150 4720 ἀνδρὸς,
3185 4650 3272 4701 ἀεὶ
3304 4647 3382 4719 τῷ
3425 4648 3580 4720 φόὸῳ

1996 4736 2092 4791 τοῦ
2116 4737 2346 4791 θανάτου
2375 4739 2436 4791 τὸ
2458 4740 2634 4793 δεινὸν
2673 4742 2962 4810 ὑφίσταται
2989 4740 3089 4809 τῆς
3124 4740 3369 4812 χηρείας,
3399 4738 3581 4810 δεινήν

1999 4845 2121 4881 τινα
2148 4828 2409 4899 τηκεδόνα
2440 4830 2533 4884 καλ⁹
2564 4832 2826 4902 παρόντος
2859 4831 2952 4884 καὶ
2974 4829 3378 4901 ἀποδημοῦντος
3402 4828 3491 4882 διὰ
3517 4830 3581 4881 τὸ

1998 4921 2257 4991 ἀδόκητον
2297 4921 2405 4975 τῶν
2442 4923 2860 4993 συμπτωμάτων
2897 4921 3040 4977 κατά
3069 4922 3250 4994 ψυχῆς
3286 4919 3574 4991 δεχομένη.

1986 5012 2176 5082 Πικρῷ
2208 5012 2263 5065 δὲ
2298 5013 2358 5066 τδ
2388 5015 2631 5069 ἐναντίον
2660 5015 2969 5087 ζευχθεῖσα,
2997 5015 3126 5086 ὅλην
3163 5015 3263 5086 μὲν
3294 5013 3393 5086 τὴν
3427 5011 3580 5082 ζωὴν

2072 5189 2417 5273 (θίὶςοληγ.
2463 5192 2553 5246 Sic
2583 5207 2713 5273 mss:
2746 5203 2885 5273 tres._
2921 5191 3254 5273 Editi,_6)_tov._
3307 5192 3458 5273 Unus
3480 5208 3579 5249 cn-

2001 5260 2125 5334 dex,
2159 5260 2312 5334 ὅλωςΓ
2351 5265 2405 5315 lu
2434 5279 2536 5334 ora
2588 5263 2811 5334 corticis
2842 5263 3098 5334 Mazarini
3152 5264 3349 5334 legitur
3382 5264 3435 5317 in
3466 5280 3580 5317 ino-

2001 5333 2127 5405 dnnt
2153 5332 2392 5405 _sctiuli_i_:
2430 5330 2555 5385 Ὀτι
2591 5332 2709 5385 θεία
2745 5332 2896 5397 ζῶσά
2917 5349 2978 5385 τε
3008 5333 3103 5385 καλ⁸
3134 5330 3452 5405 ἔμπρακτος
3494 5338 3577 5388 εί-

2004 5398 2113 5452 κίυν
2143 5401 2174 5469 ἡ
2201 5401 2492 5472 παρθένος·
2523 5405 2572 5455 ιι]
2598 5406 2738 5472 (pinei
2766 5416 2834 5457 ita
2860 5398 3349 5471 interpretatur'vir
3366 5405 3577 5461 doctis-

2000 5471 2169 5542 simus
2206 5470 2583 5542 tinnibelisius,
2618 5470 2801 5542 ’Virgo
2834 5470 3068 5527 divinam
3104 5484 3179 5527 est
3205 5475 3477 5532 vicemque
3507 5491 3577 5529 ac

2001 5539 2142 5591 reale
2170 5540 2510 5594 simulacrum
2522 5581 2534 5593 .

2028 5609 2181 5717 γ
2240 5611 2431 5665 Εἴποι.
2477 5613 2579 5683 _b'ic
2627 5626 2756 5667 mss.
2814 5614 3027 5670 codices
3083 5611 3348 5669 nonnulli.
3401 5610 3576 5681 Editi,

1996 5694 2143 5752 ειπῃ.
