3802 6216
186 366 281 421 7Ιῖ

1363 357 1565 413 LIBER
1604 357 1691 412 DE
1732 356 2202 415 VIRGINITATE.

3311 351 3415 410 718

183 477 517 548 κολαστήριὼ
556 476 689 546 ἔχει,
732 477 852 530 οὐδὲ
892 477 1076 548 ἕτερον
1108 476 1217 545 (96)
1255 477 1311 529 δέ
1345 478 1434 531 δια
1459 481 1739 550 σωφροσύ-

1855 480 2140 541 viduitatis,
2171 493 2271 532 nec
2297 477 2460 530 vitam
2493 476 2562 530 ob
2592 473 2805 528 taedium
2829 471 3064 542 conjugii
3092 471 3288 540 eligere
3321 487 3414 525 va.

185 589 294 640 νην,
325 568 444 622 οὔτε
475 569 561 622 τὸν
591 568 818 622 θανάτον
851 569 945 622 τοῦ
978 570 1169 640 ἀνδρὸς
1205 568 1294 623 διά
1330 570 1391 622 τὸ
1419 571 1613 640 πικρὸν
1643 573 1741 643 τῆς

187 649 414 734 χηρείας,
440 661 558 714 οὔτε
589 661 686 731 τὴν
711 661 852 730 ζωὴν
877 662 966 715 διὰ
989 662 1048 714 τὸ
1075 662 1236 732 ἀηδὲς
1260 661 1360 731 τῆς
1390 662 1742 732 συμϐιώσεως

189 753 488 819 ἐκλέξασθαι
517 754 809 823 δυναμένη.
842 754 920 824 τῷ
948 753 1173 824 ἀφύκτῳ
1207 753 1363 824 δεινῷ
1403 757 1524 817 ταῖς
1566 754 1742 816 ἀνίαις

190 847 266 900 ἀεὶ
307 847 403 915 τὴν
428 844 604 914 ψυχὴν
640 845 1051 915 κατατέμνεται.
1093 841 1226 898 Εἶτα
1261 845 1452 908 παῖδας
1483 845 1739 908 τεκοῦσα,

190 937 219 1005 ἢ
245 934 471 1002 ἀγαθοὺς
489 934 814 1004 γενομένους
842 937 964 1006 ὁρᾷ,
988 937 1083 988 καὶ
1113 936 1331 1006 μείζονα
1355 936 1454 1005 τῆς
1479 937 1620 989 κατά
1653 937 1742 990 τὸν

189 1025 330 1078 τόκον
368 1025 553 1086 ὠδῖνος
593 1025 691 1095 τὴν
726 1028 789 1080 ἐκ
825 1026 924 1096 τῆς
967 1015 1265 1096 ἀποτυχίας
1308 1026 1510 1080 τούτων
1553 1028 1743 1098 ὀδύνην

187 1116 265 1168 διὰ
291 1115 401 1184 βίου
427 1115 682 1185 βαστάζει
707 1133 720 1146 ’
758 1115 790 1186 ἢ
832 1117 1068 1185 φαύλους
1104 1116 1368 1180 ἐκϐάντας
1404 1117 1604 1180 ἰδοῦσα,
1650 1120 1742 1170 καὶ

185 1203 274 1273 τῆς
300 1204 546 1268 ἀτεκνίας
583 1204 878 1277 βαρύτερον
903 1207 992 1258 ἐπὶ
1016 1209 1081 1276 τῇ
1103 1207 1416 1278 τεκνογονίᾳ
1451 1207 1512 1260 τὸ
1543 1207 1744 1271 ὄνειδος

188 1294 346 1365 φέρει.
385 1295 456 1348 Ἣ
483 1294 615 1365 πρὶν
647 1295 727 1358 εἰς
762 1298 954 1365 πεῖραν
984 1294 1154 1348 ἐλθεῖν
1185 1297 1293 1349 τῶν
1333 1297 1743 1367 προειρημένων

186 1383 376 1447 δεινῶν,
404 1383 520 1453 ἅμα
545 1401 603 1436 τε
625 1382 807 1454 νύμφη
839 1383 930 1435 καὶ
951 1386 1094 1453 χήρα
1118 1383 1349 1452 ἐγένετο.
1375 1383 1486 1438 Καὶ
1514 1386 1547 1454 ἡ
1576 1384 1743 1447 ἄπαις

187 1473 258 1535 είς
285 1472 503 1544 χηρείαν
536 1471 941 1540 κατενεχθεῖσα,
972 1471 1093 1524 οὔτε
1115 1472 1270 1543 γυνὴ,
1305 1471 1426 1526 οὔτε
1454 1472 1739 1544 παρθένος,

188 1564 297 1617 οὔτε
326 1567 507 1635 μήτηρ
545 1565 681 1628 ἐστὶ,
719 1564 934 1618 πάντων
970 1564 1026 1616 δὲ
1059 1563 1194 1634 ὁμοῦ
1233 1564 1340 1618 τῶν
1379 1563 1742 1635 νομισθέντων

188 1655 343 1725 ἡδέων
369 1656 475 1708 ἀπὸ
514 1653 609 1708 τοῦ
635 1654 811 1725 γάμου
867 1654 1128 1720 πεσοῦσα,
1178 1654 1477 1725 ἐζημίωται
1513 1657 1610 1726 μὲν
1655 1656 1744 1710 διὰ

190 1747 424 1818 βραχεῖαν
459 1747 653 1819 ἡδονὴν
685 1748 746 1801 τὸ
784 1748 977 1810 κάλλος
1013 1749 1113 1818 τῆς
1149 1747 1444 1818 παρθενίας
1474 1747 1606 1817 (97),
1655 1765 1744 1801 το-

189 1839 361 1894 σοῦτον
387 1840 443 1892 δὲ
472 1841 652 1910 γάμου
687 1841 1030 1912 πεπείραται,
1061 1842 1188 1894 ὅσον
1215 1839 1275 1893 τὸ
1308 1840 1504 1912 πικρὸν
1527 1841 1627 1912 τῆς
1651 1859 1748 1911 χη-
1779 1825 1820 1880 Β

189 1929 326 1998 ρείας
351 1931 633 2001 γνωρίσαι.
665 1932 734 1983 Ἢ
760 1933 817 1983 ἐν
840 1934 904 2001 τῇ
931 1931 1126 2002 χηρείᾳ
1150 1931 1421 2001 ὀρφανοὺς
1454 1932 1750 2001 ἀνατρεφο-

191 2020 312 2092 μένη
351 2022 472 2085 τοὺς
524 2022 740 2085 παῖδας,
777 2023 1072 2092 ὑπόμνημα
1115 2023 1214 2092 τῆς
1262 2023 1400 2076 κατὰ
1441 2023 1530 2076 τὸν
1581 2023 1748 2094 ἄνδρα

188 2111 361 2182 ὀδύνης
394 2114 614 2175 τούτους
649 2115 776 2184 ὁρᾷ·
799 2115 884 2166 ἀεὶ
917 2113 1014 2183 μὲν
1057 2115 1114 2165 ἐν
1149 2113 1432 2183 δάκρυσιν,
1469 2114 1556 2166 ἀεὶ
1600 2113 1657 2166 δὲ
1689 2115 1747 2168 ἐν

191 2209 514 2275 στεναγμοῖς,
550 2205 638 2258 ἀεὶ
670 2204 727 2258 δὲ
773 2207 832 2258 ἐν
865 2205 1039 2276 θλίψει
1080 2206 1178 2276 τῆς
1203 2205 1406 2260 τούτων
1437 2207 1750 2277 ἀνατροφῆς

189 2297 511 2366 πεφυρμένη,
539 2298 603 2350 ού
638 2296 797 2367 μόνον
826 2296 977 2350 οὐδὲν
1009 2296 1352 2368 παραμύθιον
1379 2296 1474 2350 τοῦ
1511 2297 1749 2367 συμϐάν-

188 2403 268 2449 τος
303 2388 466 2441 κακοῦ
518 2388 847 2458 ἀντίρροπον
886 2386 1100 2456 ἔχουσα,
1147 2387 1284 2442 ἀλλά
1320 2389 1413 2441 κα)⁹
1461 2389 1746 2456 συγγενέσι

189 2480 270 2531 καὶ
305 2480 539 2543 οἰκέταις
577 2481 669 2532 καὶ
693 2479 1008 2550 ἐπιτρόποις
1043 2480 1148 2533 τῶν
1187 2480 1417 2544 παίδων,
1443 2481 1538 2534 καὶ
1562 2482 1748 2544 αὐτοῖς

189 2569 485 2640 ἀνδρωθεῖσι
536 2571 796 2634 πολλάκις
841 2574 951 2634 τοῖς
991 2572 1169 2636 παισὶ,
1212 2573 1306 2625 καὶ
1346 2574 1480 2625 πᾶσι
1515 2573 1748 2637 συνόλως

189 2663 287 2723 τοῖς
328 2662 560 2726 αἰκίζειν
604 2660 847 2714 ἐθέλουσι
881 2660 1118 2732 λάφυρον
1162 2661 1394 2714 ἐλεεινὸν
1429 2662 1743 2732 ἐκκειμένη,

190 2750 323 2804 οὐδὲν
355 2752 563 2823 ἓτερον,
592 2753 625 2824 ἢ
657 2754 841 2824 δρᾶμα
871 2752 1046 2822 λύπης
1086 2753 1178 2804 καὶ
1213 2751 1441 2814 πένθους
1483 2751 1580 2821 τὴν
1605 2751 1748 2823 ζωὴν

191 2843 368 2913 ἑαυτῆς
404 2845 480 2914 τῷ
510 2844 612 2914 βίῳ
645 2827 1192 2912 είσενεγκοῦέςαδΚαὶ
1223 2842 1296 2909 (τί
1329 2842 1433 2914 γὰρ
1473 2844 1555 2896 δεῖ
1591 2843 1750 2896 πλέον

191 2933 415 3005 λέγεινς)
449 2937 718 3005 δεσπότην
767 2937 904 3006 μετά
947 2935 1168 3006 προικὸς
1213 2936 1245 3004 ἡ
1284 2936 1420 3005 γυνὴ
1464 2935 1747 3006 ὠνουμένη

191 3026 271 3078 τὸν
296 3028 475 3097 ἄνδρα,
499 3027 660 3098 δούλη
687 3029 782 3097 μὲν
805 3027 922 3081 ἀντὶ
948 3025 1235 3093 ἐλευθέρας
1259 3027 1394 3088 ἐστὶ,
1430 3028 1632 3096 μικρᾶς
1651 3027 1749 3097 τῆς

194 3118 317 3169 κατά
369 3119 457 3171 τὸν
495 3119 677 3187 γάμον
749 3119 938 3188 ἡδονῆς
1001 3117 1100 3187 τὴν
1161 3115 1394 3185 φυσικὴν
1439 3116 1748 3185 ἐλευθερίαν

193 3206 286 3260 ἀπε
297 3209 634 3279 μπολήσασα,
666 3207 836 3277 θύραν
864 3207 918 3258 δὲ
939 3205 1228 3276 ἀμυθήτων
1258 3205 1482 3267 ὠδίνων,
1507 3205 1602 3256 καὶ
1623 3205 1748 3275 ὅλην

196 3298 431 3351 ὑπόθεσιν
458 3298 771 3368 ἀλγηδόνων
807 3296 915 3366 (98)
945 3297 1112 3366 ἐαυτῇ
1151 3297 1241 3347 τὸν
1265 3295 1440 3364 γάμον
1471 3293 1747 3357 ἀνοίξασα.

195 3386 344 3440 Μένει
385 3390 492 3459 γὰρ
529 3389 804 3458 ἄρρηκτος
837 3387 954 3439 κατ’
985 3386 1155 3456 αὐτῆς
1184 3387 1216 3456 ἡ
1247 3384 1376 3456 ἀρὰ,
1409 3385 1548 3437 κατὰ
1576 3386 1752 3438 πάντα

195 3479 371 3547 γάμον,
421 3479 612 3548 ὥσπερ
662 3476 1041 3546 ἐπιθαλάμιον,
1099 3475 1333 3546 ᾅδουσαο
1398 3476 1492 3528 Ἐν
1531 3475 1753 3539 λύπαις

195 3569 322 3638 τέξῃ
353 3570 558 3633 τέκνα,
587 3569 684 3623 καὶ
719 3569 869 3637 πρὸς
896 3567 1002 3621 τὸν
1032 3565 1220 3635 ἄνδρα
1246 3583 1361 3622 σου
1399 3565 1752 3635 ἀποστροφή

195 3675 317 3722 σου,
342 3661 436 3713 καὶ
463 3662 650 3724 αὐτός
675 3676 790 3715 σου
827 3659 1150 3727 κυριεύσει.
1189 3659 1253 3711 Ἦ
1273 3659 1329 3711 δὲ
1363 3657 1631 3728 παρθένος
1661 3657 1754 3710 τὸν

198 3751 317 3819 πρὸς
360 3751 447 3804 τὸν
492 3750 662 3821 ἄνδρα
711 3749 870 3818 ζυγὸν
921 3748 1276 3821 ἀπορρήξασα
1315 3749 1448 3820 (99),
1493 3748 1756 3820 καὶπρὸς

195 3841 275 3892 τὸν
301 3842 496 3912 Κύριον
523 3843 620 3913 ὅλη
638 3842 938 3912 δραμοῦσα,
981 3841 1356 3912 συναπέρρηξε
1385 3840 1462 3910 τῷ
1483 3838 1631 3910 ζυγῷ
1662 3841 1756 3893 καὶ

196 3933 280 4002 τὴν
302 3937 362 3987 ἐκ
381 3937 477 4005 τῆς
512 3934 762 4004 κατάρας
782 3933 994 4004 ὀδύνην.
1031 3934 1238 4000 Ἔφυγε
1273 3932 1381 4004 γὰρ
1403 3931 1502 3994 τὰς
1531 3933 1623 3984 ἐπὶ
1643 3935 1756 3994 τοῖς

196 4023 388 4088 τέκνοις
429 4027 648 4089 ὠδῖνας,
701 4024 868 4094 ἔφυγε
915 4026 1015 4095 τὴν
1057 4026 1193 4096 πρὸς
1239 4026 1330 4078 τὸν
1369 4025 1562 4098 θνητὸν
1587 4027 1756 4098 ἄνδρα

197 4110 438 4182 δουλείαν,
477 4116 575 4168 καὶ
599 4115 830 4177 συνόλως
863 4115 1078 4168 ἅπαντα
1115 4115 1185 4167 τά
1212 4115 1275 4168 ἐκ
1307 4115 1400 4168 τοῦ
1432 4115 1611 4186 γάμου
1651 4117 1758 4168 δεις

199 4207 275 4259 νά.
314 4207 627 4278 Συναπέδρα
652 4207 708 4259 δὲ
728 4209 841 4271 τοῖς
877 4205 1100 4270 λοιποῖς,
1136 4207 1229 4260 καὶ
1255 4207 1322 4259 τὰ
1357 4206 1495 4276 πρὸς
1528 4207 1626 4276 τὴν
1658 4224 1756 4258 πο-

201 4294 374 4365 λύχουν
412 4297 508 4350 τοῦ
544 4297 810 4367 παρόντος
864 4295 979 4364 βίου
1030 4297 1304 4368 ἁμαρτίαν
1335 4296 1646 4348 πολύπλοκα
1679 4296 1758 4348 δί-

201 4403 343 4440 κτυα.
382 4389 495 4460 Πρὸ
524 4388 582 4440 δὲ
621 4388 838 4440 πάντων
871 4387 1038 4456 αὐτὴν
1068 4388 1166 4456 τὴν
1204 4387 1267 4439 ἐκ
1297 4387 1397 4454 τῆς
1438 4385 1758 4456 συμπλοκῆς

1846 572 1972 636 leat,
2004 569 2312 625 inevitabili‘
2335 581 2698 624 aerumnarum
2731 564 2872 619 malo
2899 578 3114 634 semper
3154 565 3206 617 in
3237 563 3416 617 animo

1845 662 2186 717 discinditur.
2230 659 2435 713 Deinde
2483 654 2572 710 ubi
2617 655 2815 709 liberos
2859 653 3086 722 peperit,
3120 653 3202 706 vel
3245 652 3417 707 bonos

1845 770 1938 810 eos
1967 767 2089 809 esse
2115 752 2283 815 videt,
2319 764 2382 803 ac
2419 748 2675 816 majorem
2708 752 2892 816 partus
2922 744 3197 799 doloribus
3221 760 3285 797 ex
3315 760 3416 798 eo-

1845 861 1965 900 rum
2009 844 2221 912 jactura
2273 840 2572 896 molestiam
2613 852 2710 906 per
2759 847 2924 890 totam
2976 835 3140 889 vitam
3182 836 3412 888 tolerat:

1843 937 1928 993 vel
1955 936 2126 992 malos
2159 934 2275 989 illos
2308 947 2426 988 esse
2455 929 2829 1000 deprehendit,
2872 937 2927 982 et
2975 928 3262 982 sterilitate
3285 942 3412 995 gra-

1847 1032 1963 1085 vius
1993 1045 2061 1083 ex
2085 1027 2318 1082 ﬁliorum
2346 1022 2700 1095 generatione
2728 1019 3077 1088 opprobrium
3112 1019 3297 1073 refert.
3322 1017 3413 1071 Vel

1843 1123 2156 1193 priusquam
2184 1119 2238 1173 in
2269 1113 2664 1187 experientiam
2687 1111 2899 1166 veniret
2914 1125 3101 1164 eorum
3127 1124 3244 1178 qum
3271 1110 3413 1162 dixi-

1843 1228 1987 1276 mus,
2022 1211 2311 1271 malorum,
2338 1221 2532 1276 sponsa
2565 1203 2726 1261 simul
2763 1216 2827 1257 ac
2852 1202 3013 1256 vidua
3044 1201 3182 1255 facta
3212 1211 3314 1254 est.
3350 1199 3416 1253 Et

1845 1318 1967 1373 quae
1988 1303 2110 1358 sine
2133 1300 2320 1356 liberis
2344 1299 2400 1352 in
2423 1297 2740 1352 viduitatem
2769 1293 2977 1355 incidit,
2998 1307 3098 1347 nec
3127 1307 3285 1357 uxor,
3314 1307 3416 1344 nec

1843 1397 2018 1466 virgo,
2052 1409 2151 1449 nec
2181 1403 2355 1446 mater
2398 1399 2500 1452 est,
2526 1389 2620 1443 sed
2651 1385 2904 1442 omnibus
2947 1382 3110 1439 simul
3160 1382 3415 1452 spoliata,

1845 1500 2181 1557 quaecunque
2226 1481 2459 1552 iucunda
2490 1497 2557 1534 ex
2587 1478 2790 1547 nuptiis
2821 1475 3067 1531 accidere
3099 1474 3419 1528 existiman-

1847 1588 1955 1640 tur.
1981 1569 2163 1630 amisit
2188 1576 2430 1644 quidem,
2465 1573 2535 1626 ob
2566 1571 2785 1625 brevem
2810 1565 3162 1634 voluptatem.
3195 1563 3419 1633 virgini-

1849 1669 1972 1724 tatis
2018 1667 2494 1737 pulchritudinem,
2532 1670 2740 1716 tantum
2785 1667 2964 1714 autem
3005 1659 3071 1712 de
3097 1657 3296 1726 nuptiis
3319 1657 3415 1709 de-

1847 1761 2101 1831 gustavit,
2133 1766 2390 1826 quantum
2432 1755 2564 1809 satis
2606 1761 2725 1807 erat
2769 1761 2829 1805 ut
2856 1751 3207 1805 acerbitatem
3241 1748 3418 1801 vidui-

1852 1853 1976 1906 tatis
2001 1851 2352 1920 perspiceret.
2375 1845 2467 1900 γει
2501 1847 2556 1900 in
2583 1843 2845 1898 viduitate
2875 1841 3106 1911 pupillos
3143 1840 3422 1894 enutriens

1848 1943 2068 2006 liberos,
2097 1941 2245 1994 videt
2283 1940 2337 1993 in
2368 1939 2449 1993 eis
2480 1944 2882 1991 monumentum
2912 1932 3132 1997 doloris,
3169 1947 3327 2001 quem
3351 1946 3420 1984 ex

1847 2034 1950 2088 viri
1995 2041 2168 2086 morte
2199 2031 2415 2100 collegit
2445 2048 2459 2084 :
2489 2044 2551 2084 ac
2574 2041 2788 2097 semper
2824 2027 2880 2080 in
2908 2024 3180 2094 lacrymis,
3209 2036 3424 2090 semper

1847 2127 1901 2181 itt
1928 2123 2236 2196 gemitibus,
2258 2135 2473 2191 semper
2495 2122 2549 2174 in
2577 2118 2841 2173 molestiis
2865 2131 3052 2172 eorum
3078 2115 3421 2170 educationis

1847 2215 2126 2284 permista,
2148 2227 2253 2267 non
2281 2212 2439 2266 modo
2464 2210 2665 2264 nullum
2697 2209 2859 2262 habet
2878 2206 3042 2269 malo,
3074 2205 3216 2274 quod
3243 2205 3290 2258 ei
3324 2221 3423 2258 ac-

1849 2308 2000 2373 cidit,
2037 2305 2242 2375 aequale
2288 2303 2560 2368 solatium,
2591 2301 2685 2356 sed
2722 2299 3057 2368 etcoguatis,
3097 2308 3152 2352 et
3177 2296 3418 2362 famulis,

1847 2407 1902 2452 et
1935 2396 2201 2451 tutoribus
2221 2407 2537 2464 puerorum,
2554 2406 2618 2445 ac
2648 2390 2778 2458 ipsis
2808 2403 2950 2458 saepe
2969 2388 3130 2441 etiam
3150 2387 3331 2456 pueris
3355 2387 3422 2439 ad

1846 2487 2056 2542 virilem
2086 2495 2300 2541 aetatem
2329 2484 2623 2552 perductis,
2648 2496 2713 2536 ac
2744 2480 2996 2534 omnibus
3029 2479 3249 2532 omnino
3275 2478 3419 2545 inju-

1848 2580 1986 2635 riam
2019 2579 2198 2633 facere
2224 2575 2532 2632 volentibus
2565 2575 2746 2643 praeda
2781 2569 3106 2626 miserabilis
3143 2570 3420 2637 exposita.

1847 2686 1998 2726 suam
2035 2670 2202 2740 ipsius
2239 2669 2428 2731 vitam,
2461 2681 2559 2721 ceu
2605 2665 2807 2721 doloris
2848 2672 2903 2718 et
2949 2665 3127 2718 luctus
3163 2661 3420 2725 fabulam,

1848 2761 2154 2816 hominibus
2203 2758 2473 2829 proponit.
2527 2757 2634 2812 Sed
2687 2758 2816 2826 quid
2864 2759 3017 2827 plura
3066 2770 3290 2811 necesse
3339 2765 3426 2808 est

1848 2851 2074 2908 dicere?
2108 2850 2392 2905 Dominum
2440 2849 2566 2903 dote
2603 2849 2796 2904 mulier
2839 2863 3027 2902 emens
3065 2847 3238 2900 vit-um
3261 2885 3280 2908 ,
3323 2859 3423 2898 an—

1848 2941 1968 2995 cilla
2005 2943 2062 2994 tit
2095 2956 2162 2994 ex
2203 2941 2393 3006 libera,
2433 2938 2626 3008 exigua
2665 2937 2974 3007 nuptiarum
3017 2937 3286 3004 voluptate
3326 2950 3424 2987 na-

1851 3033 2078 3086 turalem
2125 3031 2363 3086 vendens
2391 3029 2712 3096 libertatem
2751 3043 2813 3082 ac
2849 3028 3068 3095 januam
3101 3011 3212 3080 (sibi
3261 3025 3424 3079 innu-

1851 3121 2189 3176 merabilium
2238 3119 2506 3182 dolorum,
2542 3133 2607 3172 ac
2642 3132 2859 3171 omnem
2901 3117 3266 3170 molestiarum
3299 3130 3424 3168 ma-

1853 3212 2042 3265 tet'iam
2079 3211 2130 3264 in
2169 3209 2516 3264 matrimonio
2567 3209 2760 3276 aperit.
2805 3207 2984 3262 Manet
3027 3208 3171 3261 enim
3220 3206 3424 3260 irrevo-

1854 3305 2043 3358 cabilis
2091 3304 2142 3355 in
2187 3301 2332 3355 illam
2375 3301 2716 3365 maledictio,
2748 3315 2869 3370 qua:
2920 3300 2972 3351 in
3029 3298 3276 3352 omnibus
3327 3315 3426 3350 nu-

1853 3396 1979 3465 ptiis
2009 3395 2154 3447 velut
2190 3391 2596 3460 epithalamium
2639 3391 2819 3444 canit:
2849 3388 2916 3442 In
2952 3389 3218 3442 doloribus
3252 3389 3426 3454 paries

1851 3485 2017 3556 διο
2046 3483 2253 3544 liberos,
2277 3493 2322 3535 et
2348 3483 2416 3534 ad
2452 3481 2618 3534 cirum
2642 3492 2789 3533 tuum
2820 3481 3084 3533 conversio
3110 3489 3223 3543 tua,
3251 3489 3298 3531 et
3317 3480 3429 3546 ipse

1853 3577 1932 3630 uti
1967 3575 2324 3628 dominabitur
2351 3574 2419 3624 ⁸⁸.
2451 3570 2616 3642 Virgo
2651 3581 2853 3636 autem,
2888 3584 3117 3624 excusso
3145 3569 3246 3622 viri
3272 3569 3427 3638 jngo,

1855 3677 1910 3722 et
1937 3667 2006 3720 ad
2042 3666 2325 3721 Dominum
2357 3672 2464 3719 tota
2505 3677 2752 3728 currens,
2789 3661 2949 3716 simul
2989 3661 3150 3715 etiam
3189 3663 3430 3715 excussit.

1857 3767 2226 3823 imminentem
2254 3781 2321 3820 ex
2350 3764 2634 3820 maledicto
2663 3764 2924 3819 dolorem.
2942 3762 3100 3830 Fugit
3129 3762 3273 3816 enim
3305 3777 3433 3827 par-

1857 3869 1945 3913 tus
1981 3858 2216 3922 dolores,
2246 3857 2382 3927 fugit
2404 3857 2768 3912 exhibendam
2798 3857 2915 3910 viro
2954 3855 3168 3909 mortali
3201 3857 3436 3908 servitu-

1859 3959 1987 4016 tem,
2035 3965 2100 4004 ae
2132 3965 2240 4004 uno
2264 3950 2431 4004 verbo
2475 3948 2656 4004 omnia
2691 3947 3024 4000 matrimonii
3065 3947 3428 3999 incommoda.

1859 4042 2031 4098 Simul
2049 4043 2214 4097 etiam
2241 4057 2363 4096 cum
2390 4041 2612 4109 reliquis
2627 4039 2764 4108 fugit
2786 4039 3050 4092 instructa
3085 4038 3265 4093 multis
3289 4042 3436 4092 nexi-

1859 4135 1959 4189 bus
2003 4135 2070 4189 ad
2116 4145 2399 4204 peccatum
2453 4133 2562 4186 late
2595 4132 2648 4185 in
2684 4133 2788 4186 hac
2818 4131 2926 4186 vita
2983 4129 3232 4186 diffusum
3275 4135 3431 4190 retia.

1859 4227 2000 4281 Ante
2029 4227 2210 4280 omnia
2241 4235 2421 4280 autem
2460 4225 2631 4293 ipsam
2679 4223 3080 4292 corruptionem
3123 4238 3190 4277 ex
3223 4224 3436 4279 carnali

1860 4315 2048 4385 copula
2104 4317 2335 4384 primam
2390 4315 2625 4385 fugiens,
2668 4322 2783 4368 tota
2827 4313 3140 4383 incorrupta
3173 4314 3226 4366 itt
3254 4316 3438 4368 anima

1861 4409 2039 4462 carnis
2076 4417 2299 4476 experte
2324 4406 2552 4461 Domino
2579 4405 2942 4474 despondetur
2973 4424 2988 4458 :
3024 4419 3122 4458 nec
3155 4404 3265 4469 jam
3300 4407 3438 4470 pati-

199 4479 295 4532 τῶν
326 4482 539 4552 σαρκῶν
565 4480 964 4551 συμϐαίνουσαν
989 4480 1195 4549 φθοράν
1227 4479 1448 4550 πρώτην
1489 4478 1751 4547 φυγοῦσα,

1867 4507 1953 4550 tur
1995 4503 2053 4549 ut
2101 4511 2199 4550 sua
2237 4497 2304 4550 ad
2349 4496 2525 4550 virum
2571 4496 2640 4550 sit
2667 4496 2982 4560 conversio,
3009 4495 3100 4548 sed
3135 4509 3254 4547 sese
3297 4493 3434 4562 frugi

200 4570 416 4640 ἀφθορος
431 4573 528 4643 δλη
561 4575 619 4626 ἐν
635 4570 859 4642 ἀσάρκτν
887 4571 962 4641 (Ι)
990 4571 1154 4642 ψυχῇ,
1185 4569 1263 4640 τῷ
1285 4569 1473 4640 Κυρίῳ
1498 4567 1760 4637 νυμφεύε-

200 4676 310 4713 ται·
333 4665 509 4719 οὐκέτι
541 4665 640 4735 μὲν
674 4665 813 4734 πρὸς
839 4664 1029 4735 θνητὸν
1059 4663 1226 4734 ἄνδρα
1270 4661 1370 4733 τὴν
1403 4661 1602 4731 ἐαυτῆς
1629 4661 1763 4712 ἀπο-

204 4755 425 4824 στροφὴν
457 4752 598 4810 εἶναι
635 4755 959 4826 ἀνεχομένη,
997 4753 1242 4824 αὐτάρκη
1286 4753 1342 4805 δὲ
1371 4751 1539 4821 αὐτὴν
1589 4753 1646 4804 ἐν
1675 4753 1765 4804 εῦ-

205 4843 372 4897 σταλεί
405 4844 506 4915 βίῳ
531 4845 610 4916 τῷ
629 4846 819 4916 Κυρίῳ
846 4835 1267 4913 παραδεικνῦσα.
1294 4841 1401 4894 Τοῦ
1437 4842 1548 4912 γὰρ
1583 4841 1763 4909 γάμου

206 4931 392 5004 φθορὰν
423 4938 518 4990 καὶ
541 4935 696 5006 ὓϐριν
716 4935 814 5006 τὴν
843 4935 1097 4989 ὑπόθεσιν
1128 4933 1441 4998 κατιδοῦσα,
1466 4934 1558 4986 καὶ
1579 4934 1645 4985 ἐκ
1667 4935 1764 5002 τῆς

205 5025 498 5092 ὑποθέσεως
534 5030 596 5082 τὸ
631 5029 750 5082 ὅλον
783 5030 966 5098 δρᾶμα
999 5027 1092 5079 τοῦ
1116 5027 1295 5095 γάμου
1326 5024 1604 5095 φρονίμως
1639 5040 1763 5075 συν-

207 5115 489 5182 ελογίσατο,
526 5120 619 5172 καὶ
646 5119 1000 5188 ἀποφυγοῦσα
1029 5119 1135 5171 τῶν
1155 5117 1392 5188 ἀνιαρῶν
1421 5117 1519 5186 τὴν
1545 5116 1767 5187 πρώτην

209 5204 466 5271 ὑπόθεσιν,
503 5209 881 5278 συναπέφυγεν
915 5209 1031 5278 άμα
1073 5209 1167 5261 καὶ
1206 5209 1304 5276 τὴν
1343 5209 1406 5258 ἐκ
1439 5205 1540 5275 τῆς
1576 5205 1770 5257 ὑποθέ-

209 5309 330 5359 σεως
360 5301 630 5370 φυομένην
657 5302 871 5354 κακίαν.
902 5301 990 5353 Διὸ
1015 5303 1046 5370 ἡ
1067 5301 1277 5370 ἄγαμος
1304 5299 1540 5369 μεριμνᾷ
1579 5297 1645 5349 τὰ
1676 5297 1767 5348 τοῦ

192 5465 198 5480 ,
272 5404 312 5434 ⁸⁸
342 5408 472 5462 Gen.
509 5427 594 5473 tu,
624 5409 707 5464 16.

196 5573 240 5684 ’τ
270 5566 374 5684 $6)
411 5569 558 5623 Οὐδὲ
589 5571 815 5640 ἕτερον.
867 5570 958 5627 Sic
987 5572 1092 5625 duo
1120 5571 1364 5626 Combef.
1410 5573 1572 5637 Etlitt,
1613 5571 1760 5624 ούδέ-

244 5649 262 5684 s
327 5655 368 5684 ν.

246 5655 368 5687 ΞΩΟῚ.

327 5655 368 5687 ν,

269 5654 380 5768 f(‘37)
413 5711 752 5780 Παρθενίας.
781 5710 954 5771 Colit.,
990 5711 1278 5780 παρθένου.

288 5785 300 5840 (
333 5783 379 5842 ὃ)
421 5779 812 5847 “Λ.ιλ-ιεέ7νί·ων.
856 5781 965 5837 Duo
998 5779 1150 5846 ".55.,
1179 5780 1483 5850 ἀλγηδόνος.

1863 4589 2089 4643 Domino
2116 4588 2338 4642 exhibet
2378 4589 2431 4642 in
2462 4587 2573 4641 vita
2605 4588 2862 4642 decenter
2892 4585 3214 4655 composita.
3251 4583 3440 4637 Matri-

1861 4681 2028 4735 monii
2061 4680 2205 4734 enim
2253 4679 2535 4733 materiam
2567 4695 2689 4734 esse
2743 4679 3146 4747 corruptionem
3180 4686 3236 4730 et
3273 4677 3436 4746 virgi-

1861 4771 2048 4827 nitatis
2097 4773 2368 4840 jacturam
2418 4771 2750 4839 intelligens,
2781 4770 2943 4824 etiam
2997 4783 3066 4822 ex
3120 4778 3440 4838 argumento

1862 4871 2031 4916 totam
2082 4861 2318 4914 fabulam
2373 4861 2683 4930 nuptiarum
2735 4857 3031 4928 prudenter
3073 4859 3358 4926 spectavit,
3387 4869 3442 4911 et

1865 4953 2092 5021 primam
2114 4952 2486 5005 molestiarum
2513 4951 2794 5004 materiam
2825 4950 3059 5017 fugiens,
3091 4947 3251 5002 simul
3275 4949 3440 5000 etiam

1863 5045 2000 5113 fugit
2032 5053 2345 5098 nascentem
2383 5057 2451 5096 ex
2491 5042 2720 5096 materia
2747 5043 3087 5110 pravitatem.
3115 5038 3296 5104 Quare
3321 5053 3443 5105 quae

1867 5144 2029 5203 nupta
2064 5151 2169 5190 non
2191 5144 2293 5198 est,
2331 5143 2482 5188 curat
2512 5150 2574 5188 ea
2607 5149 2727 5201 qua:
2757 5132 2966 5185 Domini
2993 5139 3142 5191 sunt,
3169 5130 3441 5196 quomodo

1869 5226 2078 5293 placeat
2111 5226 2342 5280 Domino
2374 5239 2389 5276 :
2421 5239 2543 5293 quae
2571 5235 2751 5278 autem
2776 5223 2978 5292 nupsit,
3000 5220 3233 5276 sollicita
3263 5229 3347 5272 est
3377 5221 3442 5272 de

1870 5318 1935 5370 iis
1960 5331 2078 5384 qua:
2107 5328 2234 5369 sunt
2252 5315 2461 5380 mundi,
2480 5314 2749 5384 quomodo
2773 5311 2984 5382 placeat
3017 5311 3132 5364 viro
3154 5326 3168 5364 :
3193 5317 3249 5362 et
3266 5307 3442 5362 divisa

1941 5570 2052 5640 (99)
2096 5565 2538 5640 Ἀπορῤνὲεασίέ·
2571 5558 3157 5640 ⁶,(Ρ¹ί³.·νάπ⁰ίέῥίψὲσα·.
3216 5623 3234 5640 ,

1943 5622 2017 5720 (l)
2038 5622 2160 5692 ’Ἐν
2189 5622 2453 5703 άῖγὶιραέῳ.
2493 5635 2566 5688 Ita
2602 5622 2752 5688 Colb.
2799 5641 2854 5684 et
2876 5622 3252 5683 duo'Combcf.
3279 5622 3449 5692 Editi,

1870 5712 2136 5780 év7dpxqu
