3802 6216
335 311 435 368 719

1283 308 1625 384 APPENDIX
1664 306 1950 364 OPERUM
1991 305 2049 363 S.
2091 305 2340 362 BASlLll
2381 302 2622 362 MAGNI.

3482 309 3591 367 τρο

331 431 455 477 sunt
470 421 585 477 haec
601 422 730 487 duo,
764 421 958 477 mulier
978 430 1034 476 et
1050 422 1222 493 virgo.
1258 422 1480 491 lnnupta
1514 429 1669 477 curat
1693 436 1754 476 ea
1795 434 1902 491 qua

2070 420 2243 491 υρίου,
2278 419 2394 483 πῶς
2418 420 2595 493 ἀρέσῃ
2620 419 2697 490 τῷ
2726 420 2915 493 Κυρίῳ
2933 438 2947 451 ·
2976 422 3010 493 ἡ
3047 420 3105 476 δέ
3129 422 3451 494 γαμήσασα,
3487 438 3587 491 με·

334 510 545 566 Domini
570 522 717 577 sunt,
736 518 793 565 ut
815 512 883 565 sit
912 519 1098 567 sancta
1119 526 1345 579 corpore
1372 520 1427 565 et
1463 511 1655 581 spiritu
1677 508 1745 566 ⁸³.

2021 511 2189 582 ριμνᾷ
2207 510 2274 563 τὰ
2300 509 2394 562 τοῦ
2428 509 2657 579 κόσμου,
2675 510 2792 574 πῶς
2814 511 2988 585 ἀρέσῃ
3003 510 3081 582 τῷ
3104 511 3258 583 ἀνδρὶ
3300 512 3396 565 καὶ
3412 511 3586 581 μεμέ-

334 617 511 670 ρισται
531 601 624 654 καὶ
648 602 679 671 ἡ
704 599 861 670 γυνὴ,
876 600 1021 672 καὶὴ
1048 599 1335 672 παρθένος.
1352 601 1417 653 Ἥ
1432 601 1645 673 ἄγαμος
1663 603 1917 673 μεριμνᾷ,
1939 601 2008 656 τὰ
2041 600 2136 655 τοῦ
2162 598 2391 669 Κυρίου,
2418 600 2504 654 ἴνα
2531 595 2565 675 ᾖ
2592 599 2721 669 ἀγία
2744 601 2821 672 τῷ
2847 601 3059 673 σώματι
3083 602 3271 672 καὶτῷ
3293 603 3587 674 πνεύματι,

399 716 492 770 24.
533 713 698 785 Igitur
734 713 1151 770 sollicitudinem
1196 730 1323 771 cum
1360 729 1445 780 ea,
1479 730 1599 787 qua:
1626 715 1696 772 de
1744 716 1906 775 rebus

332 806 512 861 mundi
541 806 770 861 sollicita
802 818 907 873 est,
956 808 1176 877 partita,
1215 808 1266 862 ei
1310 823 1431 878 quae
1458 808 1575 865 viro
1605 809 1792 880 juncta
1821 820 1908 867 est

331 897 563 962 mortali,
594 898 895 953 mundanas
923 898 991 953 de
1023 899 1185 954 rebus
1224 900 1671 969 corruptibilibus
1698 901 1903 958 sollici-

331 990 543 1043 tudines
562 989 810 1059 proiecit,
833 990 936 1046 sibi
966 1000 1328 1061 congruentes
1352 1006 1549 1061 sponso
1592 1008 1692 1049 suo
1715 992 1786 1049 de
1817 1008 1904 1050 re-

330 1078 431 1133 bus
468 1078 865 1135 immortalibus
892 1095 1050 1136 curas
1086 1080 1266 1150 elegit.
1298 1082 1477 1148 Quare
1512 1082 1645 1138 nihil
1674 1083 1904 1139 munda-

330 1187 456 1225 num
481 1186 674 1227 curare
704 1172 1149 1242 deprehenditur,
1193 1187 1261 1228 ne
1290 1174 1540 1229 videatur
1562 1188 1902 1230 communem

329 1264 433 1322 sibi
467 1279 590 1319 cum
623 1265 791 1320 altera
830 1264 1247 1321 sollicitudinem
1291 1264 1471 1320 facere
1500 1283 1516 1333 ;
1542 1265 1637 1321 sed
1673 1264 1743 1320 ab
1786 1280 1901 1320 om-

331 1356 489 1410 nibus
520 1370 742 1426 prorsus
786 1370 923 1426 pura
952 1356 1302 1412 sacularibus
1333 1358 1501 1423 curis,
1553 1372 1687 1427 pura
1719 1366 1774 1411 et
1813 1372 1903 1412 ex-

327 1457 480 1516 perte
528 1446 949 1516 perturbationis
984 1455 1162 1502 mente
1206 1448 1275 1503 ad
1332 1462 1593 1518 sponsum
1621 1449 1899 1502 converti-

330 1548 435 1593 tur.
460 1535 570 1592 Nec
606 1535 850 1593 difﬁdens
884 1537 1121 1606 provida:
1149 1537 1249 1591 viri
1294 1538 1375 1592 sui
1413 1538 1687 1606 potestati,
1713 1538 1778 1593 de
1808 1553 1893 1593 re-

2077 715 2169 770 24.
2200 714 2408 769 Οὐκοῦν
2451 714 2586 786 πρὸς
2619 714 2721 785 τὴν
2758 714 2825 768 τὰ
2855 714 2950 769 τοῦ
2981 716 3186 785 κόσμου
3232 715 3589 787 μεριμνῶσαν

2012 803 2346 876 μερισαμένη
2377 803 2474 875 τὴν
2503 804 2792 876 μέριμναν,
2819 805 2919 871 τὴν
2944 806 3046 877 μέν
3073 807 3295 877 φθαρτῷ
3323 805 3591 877 ἐζευγμέ-

2006 914 2103 969 νην
2137 895 2212 968 t?)
2246 896 2402 967 ἀνδρὶ
2434 896 2531 959 τάς
2584 895 2680 949 τοῦ
2723 897 2929 968 κόσμου
2981 898 3122 967 ὑπὲρ
3164 900 3273 951 τῶν
3328 898 3588 970 φθαρτῶν

2007 988 2293 1059 φροντίδας
2350 987 2738 1059 προσέρριψεν,
2799 989 2964 1059 ἑαυτῇ
3030 989 3087 1042 δέ
3137 991 3236 1053 τὰς
3287 990 3427 1063 ὑπὲρ
3473 991 3589 1047 τῶν

2005 1076 2294 1148 ἀφθάρτων
2332 1078 2615 1144 συγγενεῖς
2646 1075 2810 1141 οὔσας
2851 1077 2945 1131 τοῦ
2976 1079 3177 1132 οἰκείου
3210 1080 3443 1149 νυμφίου
3486 1080 3589 1132 ἀν-

2005 1169 2187 1233 έθηκε.
2220 1170 2311 1222 Διὸ
2336 1169 2485 1222 οὐδὲν
2515 1168 2622 1223 τῶν
2646 1168 2738 1222 τοῦ
2760 1169 2965 1241 κόσμου
2991 1171 3314 1243 μεριμνῶσα
3335 1173 3591 1243 εὑρίσκερ-

2000 1276 2113 1325 ται,
2145 1260 2231 1312 ἵνα
2263 1261 2339 1330 μὴ
2371 1259 2498 1330 δόξῃ
2526 1264 2850 1315 κοινοποιεῖν
2880 1261 3047 1333 ἑαυτῇ
3081 1262 3218 1334 πρὸς
3253 1264 3354 1334 τὴν
3388 1264 3587 1335 ἑτέραν

1998 1350 2098 1422 τὴν
2132 1350 2430 1423 μέριμναν·
2459 1351 2596 1404 ἀλλά
2617 1351 2804 1405 πασῶν
2833 1351 2941 1406 τῶν
2970 1354 3252 1424 κοσμικῶν
3284 1355 3587 1426 φροντίδων

1998 1443 2256 1515 καθαρῶς
2280 1443 2678 1515 καθαρεύουσα,
2715 1444 2943 1516 καθαρῷ
2982 1446 3079 1498 καὶ
3108 1445 3369 1517 ἀταράχῳ
3397 1446 3475 1517 τῷ
3502 1447 3589 1517 νῷ

2002 1536 2136 1608 πρὸς
2178 1536 2271 1588 τὸν
2304 1537 2536 1606 νυμφίον
2577 1537 2972 1607 ἐπέστραπται.
3028 1537 3165 1590 Οὐδὲ
3201 1537 3311 1610 γὰρ
3336 1538 3414 1609 (5)
3446 1540 3587 1595 dm-

333 1636 432 1684 bus
457 1628 802 1692 necessariis,
834 1636 893 1681 ut
921 1627 1011 1682 illa
1048 1628 1332 1682 turbatur:
1367 1628 1462 1683 sed
1499 1639 1554 1682 et
1580 1628 1726 1698 illius
1754 1629 1807 1684 in
1838 1645 1901 1684 se

2068 1625 2203 1680 οῦσα
2234 1629 2300 1697 τῇ
2337 1629 2627 1698 ποριστικῇ
2650 1626 2874 1699 δυνάμει
2895 1628 2988 1681 τοῦ
3020 1630 3219 1683 οἰκείου
3246 1631 3456 1701 ἀνδρὸς,
3486 1649 3592 1686 πε-

334 1720 500 1774 amori
539 1729 594 1774 et
637 1718 919 1774 snllicienti
956 1719 1025 1773 ad
1074 1718 1256 1773 omnia
1297 1720 1549 1788 potestati
1595 1720 1891 1784 conlidens,

334 1810 463 1873 nihil
494 1810 639 1866 aliud
670 1819 846 1877 curat,
881 1809 986 1864 nisi
1031 1810 1303 1881 quomodo
1337 1810 1414 1864 illi
1450 1810 1682 1880 placeat,
1711 1820 1765 1866 et
1793 1812 1898 1868 hac

334 1901 688 1958 sollicitudine
726 1903 996 1971 quomodo
1021 1902 1073 1957 ei
1113 1900 1346 1971 placeat,
1377 1900 1525 1957 illius
1558 1903 1610 1956 in
1648 1917 1709 1957 se
1734 1903 1900 1958 bene-

334 1991 618 2047 volentiam
641 1990 892 2062 adauget.
919 1991 1057 2059 Quid
1075 2000 1161 2048 est
1185 2000 1364 2047 autem
1386 1992 1603 2060 placere
1633 1994 1898 2063 virginem

333 2083 467 2155 Deo,
492 2084 593 2138 nisi
632 2082 929 2138 naturalem
969 2097 1122 2139 suam
1156 2082 1609 2153 pulchritudinem
1634 2085 1899 2143 virtutum

334 2177 472 2231 cultu
501 2189 715 2246 semper
741 2175 1098 2245 relulgentem
1125 2176 1433 2242 ostendere,
1452 2186 1507 2231 et
1526 2177 1896 2249 incorruptam

334 2266 474 2323 illam
500 2268 698 2337 jugiter
727 2267 977 2323 servare?
1002 2267 1182 2333 Quare
1205 2266 1314 2323 Deo
1345 2267 1731 2338 placerevelle,
1763 2271 1902 2326 nihil

335 2358 473 2413 aliud
507 2367 609 2424 est,
638 2372 799 2428 quam
830 2358 1182 2427 semetipsum
1222 2358 1547 2414 laudabilem
1588 2370 1640 2415 et
1680 2361 1901 2417 beatum

294 2438 299 2445 ’
335 2458 384 2504 et
410 2448 638 2503 similem
695 2446 771 2502 illi
820 2446 1050 2502 efﬁcere.
1098 2448 1178 2502 Ac
1217 2447 1485 2517 reperitur
1511 2463 1631 2518 quae
1668 2449 1900 2506 sollicita

336 2550 432 2604 est,
463 2538 730 2608 quomodo
770 2538 973 2609 placeat
1013 2537 1263 2603 Domino,
1291 2554 1398 2594 non
1435 2540 1507 2604 ei,
1544 2540 1630 2595 cui
1667 2541 1900 2597 sollicita

336 2639 409 2685 est
430 2630 695 2700 placendi,
722 2629 927 2685 lucrum
952 2643 1047 2699 per
1073 2629 1213 2685 hanc
1239 2630 1657 2687 sollicitudinem
1679 2630 1899 2698 aﬂerre,

336 2722 423 2775 sed
448 2720 789 2791 sibimetipsi,
822 2720 949 2775 dum
986 2721 1131 2775 circa
1174 2719 1326 2775 illum
1369 2720 1604 2776 sollicita
1649 2732 1753 2788 est,
1782 2725 1903 2794 pul-

336 2812 687 2868 chritudinem
724 2820 778 2867 et
822 2811 1187 2878 corruptionis
1220 2821 1496 2880 expertem
1531 2820 1730 2866 statum
1760 2827 1906 2868 com-

334 2917 538 2975 parare.
584 2901 735 2969 Quod
772 2901 817 2956 si
862 2912 1068 2957 tantum
1104 2903 1333 2972 virginis
1356 2902 1586 2979 lucrum,
1617 2918 1738 2973 qua:
1774 2908 1900 2960 dum

2002 1718 2057 1789 ρί
2083 1717 2153 1771 τά
2183 1719 2456 1786 ἀναγκαῖα
2488 1717 2677 1790 ὥσπερ
2708 1718 2889 1791 ἐκείνη
2922 1721 3255 1790 ταράσσεται
3274 1738 3287 1751 ·
3322 1722 3458 1776 ἀλλὰ
3485 1723 3590 1778 καὶ

1997 1813 2064 1881 τῇ
2100 1811 2229 1880 περὶ
2250 1810 2418 1880 αὐτὴν
2456 1812 2647 1884 ἀγάπῃ
2671 1811 2858 1877 αὑτοῦ,
2887 1812 3073 1883 καιτῇ
3112 1815 3193 1877 είς
3216 1814 3394 1868 πάντα
3425 1814 3591 1887 διαρ-

2000 1902 2087 1954 κεῖ
2109 1900 2337 1971 δυνάμει
2372 1900 2675 1972 θαρροῦσα,
2719 1902 2870 1955 οὐδὲν
2909 1902 3117 1974 ἓτερον,
3164 1905 3198 1974 ἢ
3239 1904 3358 1968 πῶς
3384 1906 3588 1977 ἀρέσαι

2000 1992 2169 2063 αύτῷ,
2195 1992 2491 2063 φροντίζει,
2522 1993 2589 2045 δι’
2618 1993 2780 2047 αὐτοῦ
2810 1994 2902 2048 τοῦ
2931 1995 3237 2066 φροντίζειν
3260 1996 3378 2060 πῶς
3407 1998 3587 2073 ἀρέσῃ

2000 2082 2168 2152 αὐτῷ,
2201 2083 2299 2154 τὴν
2323 2085 2401 2145 είς
2425 2083 2595 2155 αὐτὴν
2622 2083 2836 2138 εὕνοιαν
2851 2084 3022 2139 αὑτοῦ
3045 2086 3137 2138 ἐπὶ
3167 2086 3326 2140 πλέον
3350 2087 3583 2156 ἄγουσα.

2001 2175 2066 2233 Τί
2097 2175 2152 2228 δέ
2186 2177 2302 2229 ἐστι
2334 2176 2396 2229 τὸ
2425 2176 2682 2247 ἀρέσκειν
2710 2177 2976 2248 παρθένον
3008 2176 3146 2248 Θεῷ,
3179 2178 3212 2248 ἢ
3259 2178 3320 2231 τὸ
3354 2180 3588 2248 φυσικὸν

2001 2265 2169 2335 αὐτῆς
2199 2265 2394 2330 κάλλος
2424 2269 2544 2330 ταῖς
2565 2268 2786 2338 ἀρεταῖς
2814 2268 3131 2338 ἀσκητικῶς
3151 2269 3239 2322 ἀεὶ
3264 2270 3588 2342 ἀναλάμπον

1999 2356 2295 2421 δεικνύναι,
2337 2358 2434 2411 καὶ
2469 2358 2745 2429 ἄφθαρτον
2782 2359 2939 2413 τοῦτο
2971 2361 3037 2414 δι’
3081 2362 3205 2415 ὅλου
3258 2363 3584 2433 φυλάττειν;

2002 2447 2164 2500 ’Ὥστε
2190 2447 2251 2501 τὸ
2279 2448 2355 2519 τῷ
2375 2448 2494 2520 Θεῷ
2521 2448 2977 2519 ἐξαρεσκεύεσθαι
3022 2452 3214 2518 θέλειν,
3262 2454 3416 2508 οὐδὲν
3458 2456 3585 2509 ἐτε-

2003 2540 2096 2611 ρόν
2128 2542 2296 2605 ἐστιν,
2331 2541 2364 2611 ἢ
2401 2541 2591 2595 ἐαυτὸν
2621 2542 2903 2596 ἐπαινετόν
2948 2560 3009 2596 τε
3042 2544 3137 2597 καὶ
3191 2546 3462 2618 μακάρων
3490 2548 3589 2600 καὶ

2001 2631 2184 2702 ὅμοιον
2213 2632 2361 2704 αὐτῷ
2385 2632 2796 2704 ἐξεργάζεσθαι.
2822 2635 2932 2688 Καὶ
2959 2635 3156 2707 εὑρέθη
3191 2638 3224 2707 ή
3261 2637 3589 2709 μεριμνῶσα

2003 2720 2120 2785 πῶς
2152 2723 2326 2794 ἀρέσῃ
2359 2723 2438 2794 τῷ
2475 2724 2685 2794 Κυρίῳ,
2731 2724 2829 2776 οὐκ
2862 2725 3057 2795 ἐκείνῳ
3091 2718 3137 2793 ᾧ
3177 2730 3417 2799 μεριμνᾷ
3453 2729 3589 2798 ἀρέ-

2004 2827 2154 2865 σκειν
2186 2811 2275 2865 διὰ
2306 2813 2404 2882 τῆς
2428 2812 2698 2883 μερίμνης
2730 2814 2916 2884 κέρδος
2949 2813 3265 2886 πορίζουσα,
3309 2818 3426 2871 ἀλλ’
3455 2819 3589 2873 ἐαυ-

2003 2906 2068 2973 τῇ
2098 2902 2185 2956 διὰ
2223 2903 2321 2974 τῆς
2352 2904 2481 2974 περὶ
2506 2905 2667 2957 αὑτὸν
2699 2906 2968 2976 μερίμνης
3013 2907 3207 2971 κάλλος
3237 2909 3331 2962 καὶ
3370 2910 3591 2983 ἀφθαρο

337 2972 555 3050 sollicita
579 3005 660 3055 est
688 2996 956 3066 quomodo
986 2997 1198 3064 placeat
1243 2992 1494 3062 Domino,
1523 2972 1716 3052 Itotam
1745 2998 1811 3053 ad
1842 3014 1902 3055 se

2066 3010 2127 3045 αν
2162 2972 2487 3061 συνάγουσα.
2520 2995 2583 3047 Ei
2610 2994 2666 3047 δὲ
2689 2972 2939 3049 τοσοῦτον
2964 2997 3062 3068 τῆς
3090 2998 3357 3069 παρθένου

337 3086 617 3153 utilitatem
653 3088 938 3151 convertit,
963 3099 1130 3154 seque
1155 3085 1371 3143 beatam
1396 3087 1590 3153 ellicit;
1614 3103 1721 3144 non
1749 3088 1906 3146 decet

337 3187 392 3233 at
422 3177 489 3231 de
506 3177 665 3233 rebus
688 3177 975 3233 mundanis
988 3192 1226 3247 unquam
1264 3177 1490 3235 sollicita
1516 3193 1637 3235 esse
1659 3181 1903 3249 reperia-

338 3284 443 3323 tur.
472 3267 704 3323 Necesse
734 3275 819 3323 est
845 3268 1013 3331 enim,
1060 3277 1119 3322 ut
1169 3270 1294 3322 dum
1323 3268 1555 3324 sollicita
1598 3279 1681 3325 est
1721 3272 1787 3326 de
1815 3272 1902 3336 iis,

338 3375 453 3431 quae
485 3360 665 3417 mundi
697 3367 843 3426 sunt,
870 3373 1057 3414 curam
1101 3358 1248 3413 circa
1283 3358 1569 3415 Dominum
1603 3360 1904 3416 habendam

339 3452 588 3521 negligat,
618 3465 783 3519 seque
811 3449 1048 3504 curatori
1094 3463 1194 3504 suo
1242 3447 1483 3505 difﬁdere
1517 3459 1724 3521 arguat.
1761 3450 1905 3505 Fieri

338 3544 478 3598 enim
506 3558 612 3596 non
649 3548 841 3611 potest,
873 3548 931 3595 ut
962 3548 1018 3595 et
1047 3540 1099 3594 ei
1125 3540 1362 3597 conﬁdat
1389 3550 1450 3596 ut
1474 3540 1541 3595 ad
1568 3542 1749 3596 omnia
1779 3557 1905 3612 pro-

338 3630 560 3686 videnda
604 3628 763 3700 6h],
800 3628 1028 3694 idoneo,
1070 3636 1124 3684 et
1158 3642 1336 3683 rerum
1394 3628 1734 3701 saecularium
1785 3644 1907 3684 sus-

342 3737 505 3791 pensa
561 3720 629 3774 sit
656 3720 1040 3775 sollicitudine.
1068 3720 1174 3777 Sed
1197 3720 1241 3774 si
1261 3719 1491 3776 sollicita
1520 3729 1605 3774 est
1637 3722 1907 3790 quomodo

343 3814 555 3886 placeat
602 3811 849 3875 Domino,
896 3813 1037 3867 scire
1081 3812 1304 3869 omnino
1343 3812 1502 3867 debet
1529 3811 1704 3879 ipsum
1742 3811 1906 3866 etiam

337 3904 627 3959 sollicitum
655 3918 775 3959 esse
810 3903 1081 3972 quomodo
1120 3904 1168 3960 ei
1207 3903 1438 3974 placeat,
1471 3904 1616 3959 nulla
1638 3905 1693 3960 in
1723 3920 1782 3959 re
1810 3905 1905 3960 de-

336 3996 481 4050 bitor
512 4008 757 4049 manens.
781 3992 917 4048 Nam
947 3994 992 4049 si
1023 3992 1236 4062 mulier,
1269 4009 1386 4065 qua:
1414 3997 1590 4052 virum
1622 3997 1904 4053 mortalem

336 4088 460 4149 vitae
488 4101 598 4140 sum
620 4096 886 4140 rectorem
917 4084 1169 4151 instituit,
1204 4100 1315 4151 sum
1343 4086 1486 4141 circa
1518 4087 1668 4142 illum
1701 4088 1905 4144 solliei-

337 4177 538 4231 tudinis
568 4176 710 4245 hanc
733 4175 801 4230 ab
822 4191 888 4229 eo
917 4177 1091 4232 vicem
1121 4177 1344 4246 accipit,
1378 4185 1437 4232 ut
1463 4178 1510 4232 is
1536 4179 1780 4233 omnium
1812 4196 1908 4234 cu-

2003 3081 2112 3147 δος,
2142 3084 2235 3135 καὶ⁸
2267 3082 2334 3135 δι’
2363 3077 2438 3136 ὧν
2468 3084 2707 3154 μεριμνᾷ
2732 3083 2848 3146 πῶς
2868 3084 3042 3158 ἀρέσῃ
3066 3085 3144 3155 τῷ
3171 3085 3360 3157 Κυρίῳ
3379 3086 3441 3140 τὸ
3466 3088 3591 3144 ὅλου

2003 3172 2200 3241 ἐαυτὴν
2232 3170 2449 3239 ὠφελεῖ,
2482 3172 2578 3225 καὶ
2609 3173 2886 3243 μακαρίαν
2908 3177 3070 3238 ποιεῖ,
3106 3175 3168 3228 οὐ
3199 3175 3279 3229 δεῖ
3309 3180 3591 3248 μεριμνῶ-

2007 3280 2105 3317 σαν
2135 3264 2303 3334 αὐτήν
2333 3279 2464 3315 ποτε
2496 3249 2566 3315 τὸ.
2591 3262 2686 3315 τοῦ
2709 3263 2916 3333 κόσμου
2942 3264 3311 3336 εὑρίσκεσθαι.
3345 3267 3588 3340 ΪΑνάγκη

2005 3353 2115 3426 γάρ
2151 3354 2209 3406 ἐν
2241 3349 2287 3421 ᾧ
2322 3356 2562 3424 μεριμνᾷ
2593 3353 2662 3407 τὰ
2688 3354 2781 3406 τοῦ
2817 3357 3045 3425 κόσμου,
3080 3356 3175 3410 καὶ
3205 3356 3306 3426 τῆς
3333 3359 3463 3429 περὶ
3493 3361 3593 3415 τὸν

2008 3445 2215 3515 Κύριον
2248 3443 2517 3515 μερίμνης
2541 3444 2782 3513 ἀμελεῖν,
2807 3444 2902 3498 καί⁵
2924 3446 3124 3517 ἑαυτὴν
3149 3447 3223 3516 (ι)
3247 3448 3593 3505 ἀπιστοῦσαν

2006 3535 2083 3606 τῷ
2141 3534 2399 3607 κηδεμόνι
2450 3534 2712 3604 ἐλέγχειν.
2746 3535 2881 3588 Οὐδὲ
2930 3537 3040 3608 γὰρ
3088 3538 3321 3610 ἐγχωρεῖ
3363 3540 3461 3594 καὶ⁵
3494 3560 3591 3595 πι-

2009 3626 2219 3681 στεύειν
2235 3626 2382 3696 αὐτῷ
2396 3628 2471 3691 ὡς
2497 3628 2762 3699 ἐπαρκεῖν
2774 3629 2992 3682 ἅπαντα
3010 3629 3311 3701 δυναμένῳ.
3336 3633 3433 3686 καὶ
3455 3634 3593 3704 περὶ

2006 3718 2105 3788 τὴν
2140 3717 2247 3771 τῶν
2273 3716 2555 3788 κοσμικῶν
2591 3717 2889 3787 ἐπτοῆσθαι
2921 3720 3197 3789 φροντίδα.
3234 3719 3373 3773 Ἀλλ’
3405 3724 3455 3774 εί
3493 3740 3594 3791 με-

2010 3809 2177 3880 ριμνᾷ
2234 3808 2352 3870 πῶς
2401 3808 2573 3880 ἀρέσῃ
2620 3808 2698 3878 τῷ
2740 3808 2951 3880 Κυρίῳ,
2981 3809 3178 3863 εἰδέναι
3209 3810 3425 3874 πάντως
3456 3814 3592 3882 χρὴ,

2006 3899 2086 3951 ὃτι
2115 3899 2209 3952 καὶ
2239 3898 2397 3961 αὐτὸς
2435 3900 2674 3969 μεριμνᾷ
2713 3898 2831 3961 πῶς
2857 3899 3031 3971 ἀρέσῃ
3061 3900 3219 3970 αὐτῇ,
3245 3899 3387 3954 κατά
3417 3903 3593 3972 μηδὲν

2009 3990 2288 4060 ὑπόχρεως
2316 3988 2411 4042 ὢν.
2447 3990 2511 4042 Ei
2536 3990 2645 4061 γὰρ
2673 3989 2863 4060 θνητὸν
2891 3991 3060 4062 ἄνδρα
3096 3991 3232 4061 γυνὴ
3272 3993 3593 4063 προστάτην

2006 4081 2099 4134 τοῦ
2136 4082 2333 4152 ἑαυτῆς
2372 4081 2487 4150 βίου
2534 4082 2901 4152 ποιησαμένη,
2936 4084 3036 4153 τῆς
3080 4084 3208 4155 περὶ
3233 4083 3397 4136 αὑτὸν
3431 4086 3595 4156 μερί-

2011 4188 2148 4241 μνης
2170 4169 2404 4240 ἀμοιϐὴν
2437 4173 2566 4242 παρ’
2597 4172 2762 4224 αὑτοῦ
2795 4170 2893 4242 τὴν
2916 4173 2994 4235 είς
3021 4172 3237 4235 ἅπαντα
3261 4172 3593 4244 κηδεμονίαν

339 4281 453 4320 ram
482 4265 772 4334 suscipiat;
805 4264 973 4319 multo
1011 4266 1181 4335 magis
1213 4281 1333 4336 qua:
1365 4280 1425 4321 se
1463 4264 1575 4324 Deo
1617 4270 1902 4338 regendam

2066 4261 2417 4333 ρτιλαμόάνει,
2449 4262 2629 4334 πολλῴ
2663 4263 2862 4333 μᾶλλον
2901 4265 2934 4333 ἡ
2971 4263 3089 4334 Θεῷ
3118 4264 3219 4334 τὴν
3247 4265 3594 4333 προστασίαν

338 4357 627 4421 commisit,
653 4365 859 4411 etcum
903 4371 969 4411 eo
1014 4357 1201 4412 vivere
1233 4356 1415 4427 elegit,
1448 4357 1754 4413 uberiorem
1797 4374 1902 4413 suae

2066 4353 2210 4422 ιυτῆς
2269 4351 2641 4422 ἐπιτρέψασα,
2702 4352 2937 4423 κάκείνῳ
3003 4352 3264 4422 συμϐιοῦν
3323 4352 3592 4423 ἑλομένη,

338 4452 483 4504 circa
520 4448 669 4502 illum
712 4446 1093 4502 sollicitudinis
1124 4447 1427 4504 mercedem
1455 4448 1523 4503 ab
1562 4462 1628 4502 eo
1654 4449 1902 4504 omnibus

2066 4439 2391 4512 ρθονωτέραν
2413 4441 2512 4512 τῆς
2548 4442 2674 4511 περὶ
2709 4441 2867 4493 αὐτὸν
2896 4440 3166 4511 μερίμνης
3195 4440 3292 4511 τὴν
3325 4441 3456 4513 παρ’
3486 4443 3593 4496 αὑ-

340 4544 652 4615 providente
695 4542 914 4611 accipit.
965 4542 1142 4597 Habes
1185 4550 1365 4597 autem
1422 4541 1619 4612 pignus
1670 4542 1796 4596 tidei
1841 4557 1902 4598 ex

2066 4530 2106 4583 ιῦ
2130 4531 2359 4603 ἀμοιϐὴν
2382 4532 2463 4595 εἰς
2493 4532 2670 4586 πάντα
2697 4532 3047 4603 προνοοῦντος
3079 4532 3375 4602 ἐκδέχεται.
3405 4534 3596 4603 Ἔχεις

340 4632 664 4706 praecedenti
711 4632 1073 4703 providentia.
1118 4630 1254 4686 Nam
1310 4632 1361 4687 si
1417 4630 1656 4686 nondum
1694 4632 1902 4700 placere

2066 4620 2166 4673 ιτδ
2197 4621 2448 4692 ἐνέχυρον
2491 4621 2588 4691 τῆς
2621 4620 2876 4685 πίστεως,
2921 4621 3028 4674 ἀπὸ
3067 4621 3166 4691 τῆς
3212 4620 3594 4694 προλαϐούσης

340 4736 619 4782 curantem
643 4741 788 4782 cum
815 4725 1028 4790 habuit,
1047 4740 1111 4780 ac
1138 4722 1486 4795 semetipsum
1518 4737 1617 4793 pro
1642 4738 1704 4778 ea
1737 4723 1902 4779 libert-

2066 4710 2362 4781 ηδεμονίας.
2417 4712 2480 4763 Ei
2532 4710 2641 4781 γὰρ
2679 4710 2905 4781 μηδέπω
2949 4708 3301 4781 μεριμνὼσης
3332 4711 3594 4781 ἀρέσκειν

341 4828 425 4873 ter
469 4818 721 4884 tradidit,
756 4825 815 4872 ut
867 4832 984 4872 eam
1038 4817 1298 4887 sanguine
1343 4830 1444 4871 suo
1503 4814 1902 4884 sanetilicaret;

2066 4803 2319 4873 ρρόντισε,
2367 4804 2459 4857 καὶ
2486 4802 2674 4857 ἐαυτὸν
2703 4803 2842 4874 ὑπὲρ
2875 4802 3043 4872 αὐτῆς
3074 4802 3304 4872 ἑτοίμως
3336 4802 3595 4875 παρέδω-

344 4912 511 4967 multo
555 4912 727 4982 magis
773 4909 989 4981 placere
1044 4911 1349 4979 cupientem
1396 4922 1541 4963 curae
1583 4908 1824 4973 habebit,
1857 4920 1902 4964 et

2066 4910 2132 4958 εν,
2179 4892 2263 4947 ἵνα
2310 4893 2475 4964 αὐτὴν
2517 4892 2595 4965 τῷ
2645 4893 2838 4946 ἐαυτοῦ
2887 4893 3077 4963 αἵματι
3127 4892 3358 4965 ἁγιάσῃ·
3409 4892 3593 4963 πολλῷ

342 5018 465 5058 cum
495 5001 614 5058 aliis
650 5004 727 5056 illi
769 5003 837 5058 ad
865 5017 1051 5056 veram
1082 5002 1248 5056 vitam
1295 4999 1722 5057 conducentibus
1754 5010 1902 5056 este-

2067 4984 2222 5038 ᾷλλον
2274 4984 2600 5058 βουλομένης
2662 4987 2914 5058 ἀρέσκειν
2969 4985 3263 5056 φροντίσει,
3317 4984 3412 5038 καὶ
3452 4984 3592 5056 μετά

344 5097 487 5150 riora
518 5096 678 5150 etiam
711 5094 949 5150 subsidia
981 5094 1034 5147 in
1060 5108 1120 5148 se
1145 5093 1392 5163 recipiet.

2066 5073 2128 5127 Iw
2164 5074 2365 5129 λοιπῶν
2402 5076 2512 5131 τῶν
2551 5077 2686 5148 πρὸς
2709 5076 2804 5146 τὴν
2841 5075 3008 5139 ὅντως
3034 5073 3179 5145 ζωὴν
3203 5075 3338 5142 αὐτῇ
3380 5091 3590 5129 συντει-

343 5184 559 5250 νόντων,
588 5186 680 5239 καὶ
699 5184 769 5239 τὰ
784 5181 978 5249 ἔξωθεν
1006 5180 1344 5254 συγχρειώδη
1375 5182 1452 5252 (5i
1480 5184 1558 5246 είς
1584 5182 1777 5236 ἐαυτὸν
1800 5181 2157 5253 ἀναλήψεται.

423 5359 463 5391 ⁸³
490 5359 657 5416 ICnr.
692 5375 787 5426 \‘ll,
815 5356 999 5413 52-51.

2100 5578 2173 5649 (4)
2217 5579 2483 5645 Ἐαυτήν.
2528 5577 2618 5633 Sic
2680 5592 2807 5632 mss.
2856 5578 2979 5631 duo.
3012 5577 3175 5643 Editi,
3224 5576 3416 5648 αὑτήν.
3449 5574 3586 5634 lum

2024 5651 2204 5722 plntcs
2228 5652 2437 5703 codices
2473 5651 2687 5722 habent,
2723 5649 2939 5722 ἀρεσεν.

2093 5720 2169 5792 (ξι)
2196 5719 2590 5789 Συγχρειώδη.
2644 5716 2868 5774 Codices
2903 5720 3027 5784 duo,
3056 5716 3308 5789 χρειώδη.

416 5587 493 5654 (2)
534 5586 651 5654 Τὴν
683 5624 746 5642 ...
780 5582 1154 5653 ἐζευγμένην.
1207 5582 1534 5655 Legendum,
1564 5599 1630 5656 τῃ
1660 5621 1725 5640 ...
1758 5582 1916 5648 ἐζευ-

417 5626 492 5654 χαι
536 5626 635 5654 ‘1‘7
683 5626 746 5642 ιο.
780 5626 1013 5653 υκρυν⁴θιυ

343 5657 541 5726 γμένῃ.

413 5726 480 5740 λη.
521 5729 555 5740 n‘
581 5724 591 5740 ο
681 5725 719 5740 ιν
830 5724 841 5740 I
957 5724 969 5740 I
994 5724 1021 5740 Ι·

406 5724 648 5788 ίὸΥΓὰρ.
681 5724 876 5782 Vocula
894 5724 1081 5779 .addila
1109 5739 1173 5781 ex
1202 5739 1332 5782 mss
