3802 6216
191 361 276 416 721

1373 358 1579 416 LIBER
1621 361 1710 415 DE
1746 359 2208 418 VIRGINITATE.

3308 363 3422 419 722

252 471 335 523 9.3.
369 469 442 522 Οὐ
480 467 883 541 καταθρύψεται
929 469 988 522 δέ
1043 469 1135 522 τοῦ
1189 469 1418 541 Κυρίου,
1469 471 1611 543 ὑπὲρ
1657 473 1756 543 τὴν

1933 474 2024 528 25.
2056 473 2174 528 Non
2208 479 2389 528 utetur
2417 473 2644 530 Domino
2672 472 2738 528 ad
2775 471 3015 539 delicias,
3046 472 3184 529 ultra
3221 488 3418 545 urgen-

189 560 602 627 κατεπείγουσαν
662 560 874 631 χρείαν,
926 558 1114 632 ὥσπερ
1166 561 1445 631 φιλήδονος
1481 565 1638 632 γυνὴ,
1683 564 1751 618 τὰ

149 715 152 720 _
192 651 410 722 περιττά
432 652 753 706 ἀπαιτοῦσα.
791 651 928 705 Οὔτε
961 654 1070 722 γὰρ
1095 653 1288 723 ἐκείνῳ
1314 653 1516 707 διδόναι
1545 655 1762 726 ἁρμότο.

142 731 153 774 δ
190 757 292 806 τον,
317 741 354 796 ἃ.
386 744 640 811 ἐγκόπτει
679 744 893 815 ἐκείνης
926 744 1023 816 τὴν
1061 745 1196 814 πρὸς
1241 742 1427 798 τοῦτον
1462 746 1754 814 ἀρέσκειαν

197 834 319 905 πρὸς
346 833 412 886 τά
441 834 572 904 ἡδέα
601 832 694 887 τοῦ
720 833 968 904 σώματος
997 834 1370 906 στρεφομένης
1391 851 1405 866 θ
1435 835 1556 889 οὔτε
1583 837 1755 910 ταύτῃ

199 927 458 998 συμφέρον
481 925 654 979 ταῦτα
681 926 1000 996 λαμϐάνειν,
1027 927 1096 980 τά
1128 928 1522 999 μετεωρίζοντα
1547 928 1644 999 τῆς
1668 945 1755 981 πε-

197 1021 247 1090 ρὶ
271 1019 424 1072 αὑτὸν
452 1018 748 1088 ἀρεσκείας
777 1019 869 1072 τὸν
898 1019 1021 1073 νοῦν
1051 1019 1277 1091 ἀσχολίᾳ
1311 1020 1408 1090 (6).
1457 1020 1596 1073 Ἀλλ’
1631 1021 1756 1090 ὅρον

194 1107 285 1178 τῆς
307 1107 490 1179 χρείας
528 1107 590 1161 τὸ
617 1110 914 1176 ἀναγκαῖον
941 1109 1042 1178 τῆς
1077 1109 1136 1163 ἐν
1160 1107 1370 1180 σώματι
1399 1107 1544 1180 ζωῆς
1578 1110 1758 1180 φρονί-

198 1218 304 1270 μως
343 1200 562 1271 θεμένη,
593 1200 743 1254 οὐδὲν
775 1201 872 1270 μὲν
898 1201 1057 1255 πλέον
1085 1203 1288 1256 τούτων
1323 1204 1555 1273 αἰτήσει.
1590 1203 1756 1256 Οὑδέν

194 1293 245 1347 δὲ
287 1294 376 1345 καὶ
419 1292 709 1363 θλιϐομένη
753 1294 810 1346 ἐν
940 1294 1116 1364 ἐνδείᾳ
1152 1294 1228 1364 (7)
1269 1295 1376 1347 τῶν
1421 1295 1752 1362 ἀναγκαίων,

196 1383 435 1446 πολλάκις
459 1383 548 1436 διά
578 1386 772 1455 πεῖραν
804 1384 878 1454 (3)
910 1385 1008 1455 τῆς
1033 1385 1163 1457 περὶ
1199 1387 1358 1440 αὐτὸν
1391 1388 1631 1456 ἀγάπης,
1667 1405 1757 1458 μι-

197 1475 464 1547 κροψύχως
499 1475 896 1547 λυπηθήσεται,
927 1476 1061 1531 ἀλλά
1093 1477 1268 1532 πάντα
1301 1479 1586 1547 στέγουσα,
1625 1480 1758 1533 πάν-

195 1585 256 1620 τα
275 1567 579 1633 ἐλπίζουσα,
603 1568 782 1620 πάντα
807 1569 1171 1638 ὑπομένουσα,
1199 1570 1592 1642 προσηλωμένη
1614 1571 1760 1642 αὐτῷ

196 1656 524 1729 ἀνυποκρίτῳ
555 1657 784 1728 φίλτρῳ,
809 1657 909 1730 τὴν
941 1659 1118 1730 ψυχὴν
1161 1661 1219 1714 ἐν
1263 1660 1441 1734 νεκρῷ
1483 1663 1579 1716 καὶ
1603 1662 1758 1716 ἀναι-

199 1748 382 1818 σθήτῳ,
410 1748 611 1820 τρόπον
642 1749 782 1813 τινὰ,
833 1749 910 1820 τῷ
944 1748 1144 1815 ἔξωθεν
1188 1753 1400 1824 σώματι
1448 1754 1758 1826 ἀπερισπά-

199 1855 324 1902 στως
360 1837 452 1892 τοῦ
498 1839 728 1904 κάλλους
755 1839 919 1894 αὑτοῦ
949 1842 1410 1915 ἐμφορηθήσεται.
1457 1843 1545 1908 Ὠς
1589 1843 1699 1916 γὰρ
1731 1847 1761 1899 ὁ
1789 1832 1832 1886 Β

199 1931 467 2002 ἐπικαίρου
509 1931 741 1995 κάλλους
785 1932 946 2003 ἐρῶν,
987 1933 1050 1986 οὐ
1082 1934 1151 1988 τὰ
1187 1936 1444 2006 χρήματα
1479 1936 1636 2006 μόνον
1668 1937 1761 1990 καὶ

201 2022 361 2075 πάντα
391 2023 481 2077 τὸν
507 2023 738 2078 πλοῦτον
767 2025 961 2078 ἑαυτοῦ
996 2025 1137 2095 ὑπὲρ
1172 2025 1264 2078 τοῦ
1298 2025 1498 2098 ἔρωτος
1527 2028 1760 2097 ἀφειδῶς

199 2113 484 2178 ἀναλίσκει,
531 2114 668 2168 ἀλλά
706 2116 799 2168 καὶ
832 2117 1036 2188 τροφῆς
1077 2119 1170 2171 καὶ
1206 2116 1373 2171 ὕπνου
1411 2119 1506 2172 καὶ
1539 2119 1762 2190 ἐσθῆτος

200 2202 284 2254 καὶ
325 2203 602 2274 σχήματος
642 2203 736 2258 καὶ
769 2203 1090 2275 ὑπολήψεως
1134 2204 1336 2277 πάσης,
1381 2206 1461 2260 ἔτι
1503 2207 1561 2261 δὲ
1598 2208 1762 2262 αὑτοῦ

199 2290 282 2344 τοῦ
336 2291 586 2363 σώματος
643 2293 736 2347 καὶ
792 2296 893 2366 τῆς
928 2297 988 2349 ἐν
1021 2295 1193 2367 τούτῳ
1225 2298 1370 2368 ζωῆς
1409 2301 1762 2371 καταφρονῶν

199 2381 368 2437 ἐνεκεν
405 2383 500 2437 τοῦ
535 2388 719 2455 τυχεῖν
743 2387 838 2439 τοῦ
873 2386 1076 2457 ἔρωτος
1111 2389 1295 2459 μόνου,
1344 2391 1440 2444 καὶ
1472 2391 1624 2462 τείχη
1668 2393 1764 2446 καὶ

199 2473 365 2539 οἴκους
401 2475 477 2546 (9)
513 2477 610 2530 καὶ
642 2476 711 2529 τὰ
733 2478 790 2530 ἐν
826 2478 976 2548 μέσῳ
1012 2479 1298 2551 τολμηρῶς
1336 2483 1765 2556 ὑπεραλλόμενος

201 2561 419 2631 ἃπαντα,
453 2566 598 2619 κατά
653 2566 818 2636 ξιφῶν
877 2570 1200 2640 μαινόμενος
1233 2573 1478 2644 φέρεται,
1517 2576 1669 2630 οὐδέν
1713 2595 1766 2630 τι

204 2655 407 2724 μᾶλλον,
437 2659 488 2711 εἰ
512 2658 911 2728 ἀποτυγχάνειν
942 2661 1122 2732 μέλλοι
1150 2664 1290 2718 κατὰ
1321 2665 1380 2717 τὸ
1416 2666 1644 2739 σύνηθες
1681 2668 1768 2738 βα-

201 2746 348 2812 δίζων
367 2749 478 2819 (10)
505 2751 602 2804 ἐπὶ
625 2751 714 2804 τὸν
743 2752 941 2822 ἔρωτα,
967 2755 1155 2809 τούτου
1181 2759 1499 2829 φροντίζων,
1529 2761 1562 2832 ἢ
1590 2763 1638 2814 εἰ
1659 2762 1767 2814 δέοι

207 2839 813 2910 μτασχηματισάμενον
856 2843 950 2894 καὶ
993 2843 1129 2912 μετά
1176 2846 1456 2916 ἀπρεποῦς
1490 2851 1768 2920 σχήματος

204 2926 422 2996 ἓρποντα
457 2933 644 3000 τυχεῖν
676 2931 862 2985 τούτου
904 2933 1024 3003 μεθ’
1053 2935 1246 3006 ἡδονῆς
1293 2938 1644 3008 ἀνεχόμενος·
1681 2939 1770 2992 ού-

204 3033 301 3082 τως
325 3020 353 3070 ό
384 3020 526 3090 ἐρῶν
552 3021 718 3085 ὅντως
750 3022 904 3088 Θεοῦ,
939 3025 1031 3078 καὶ
1061 3026 1339 3096 μεριμνῶν
1380 3027 1495 3092 πῶς
1523 3028 1601 3099 τῷ
1633 3031 1769 3100 ἐρω-

1861 573 1968 620 tem
1992 565 2394 633 necessitatem,
2413 564 2563 618 velut
2585 563 2885 634 voluptaria
2915 564 3129 637 mulier,
3155 564 3420 632 superﬂua

1856 670 2178 725 exposcens.
2221 653 2354 708 Nam
2397 668 2499 709 nec
2541 653 2592 708 ei
2632 654 2763 709 dare
2797 652 3070 718 convenit,
3101 668 3221 723 quae
3251 654 3419 722 ipsam

1853 747 1919 801 ad
1986 759 2280 814 corporeas
2326 745 2623 802 suavitates
2679 759 2997 800 conversam
3053 743 3417 814 interpellant,

1854 838 2145 907 quominus
2167 838 2213 892 ei
2239 836 2488 898 placeat:
2528 851 2627 892 nec
2655 837 2754 906 ipsi
2787 835 2914 891 utile
2940 843 3025 891 est
3053 850 3115 891 ea
3150 836 3418 905 accipere,

1855 945 1974 999 qua:
2003 939 2238 985 mentem
2265 927 2716 998 occupationibus
2745 936 3025 984 avocatam
3053 927 3282 982 Domino
3305 925 3421 995 pla-

1855 1037 1979 1078 cere
2013 1037 2119 1077 non
2153 1021 2354 1077 sinunt.
2398 1020 2505 1075 Sed
2551 1020 2892 1076 necessitatis
2926 1017 3140 1074 modum
3169 1018 3330 1074 rebus
3355 1020 3423 1071 ad

1856 1113 2101 1182 corporis
2126 1113 2292 1166 vitam
2313 1111 2640 1166 necessariis
2665 1111 2956 1180 prudenter
2982 1108 3264 1175 deﬁniens,
3284 1108 3422 1163 nihil

1857 1203 1940 1257 bis
1970 1201 2203 1272 amplius
2236 1209 2404 1271 petet.
2437 1203 2632 1270 aAtque
2659 1201 2876 1258 etiamsi
2926 1214 3068 1268 saepe
3105 1214 3287 1254 rerum
3328 1214 3426 1254 ne-

1857 1294 2222 1350 cessariarum
2268 1293 2452 1362 inopia
2500 1301 2814 1362 prematur,
2861 1301 2920 1347 ut
2964 1289 3135 1362 ipsius
3176 1291 3230 1345 in
3277 1289 3423 1344 illum

1861 1404 2016 1444 amor
2037 1389 2330 1458 probetur;
2357 1401 2462 1443 non
2499 1395 2680 1442 tamen
2707 1385 2907 1455 pusillo
2933 1385 3114 1440 animo
3134 1383 3426 1440 contrista-

1857 1480 2025 1545 bitur,
2055 1479 2149 1534 sed
2179 1477 2361 1533 omnia
2397 1476 2599 1545 ferens,
2635 1478 2818 1531 omnia
2850 1489 3098 1546 sperans,
3124 1473 3306 1530 omnia
3320 1491 3437 1530 sus-

1858 1571 2068 1636 tinens,
2133 1568 2290 1624 afIixa
2339 1567 2416 1622 illi
2465 1582 2574 1622 non
2625 1566 2879 1622 simulato
2922 1581 3124 1632 amore,
3156 1564 3334 1620 anima
3371 1564 3428 1618 in

1859 1671 2075 1717 mortuo
2103 1671 2158 1717 et
2177 1673 2369 1717 sensus
2396 1667 2642 1728 experte,
2672 1667 2732 1712 ut
2756 1657 2830 1712 ita
2852 1657 3047 1723 dicam,
3078 1666 3304 1725 corpore
3331 1668 3426 1709 ex-

1861 1757 2129 1810 trinsecus
2186 1753 2408 1810 minime
2461 1753 2757 1818 distracta,
2815 1752 2983 1821 ipsius
3032 1747 3432 1819 pulchritudine

1862 1849 2164 1904 satiabitur.
2211 1846 2676 1916 Quemadmodum
2724 1844 2866 1899 enim
2920 1841 3260 1910 temporaria:
3307 1839 3432 1910 pul-

1861 1939 2187 1995 chritudinis
2219 1946 2448 2002 amator,
2485 1951 2592 1992 non
2627 1934 2911 2004 pecuniam
2943 1932 3114 1988 solum
3151 1945 3216 1986 ac
3243 1943 3432 1987 omnes

1860 2043 1988 2083 suas
2013 2029 2227 2084 divitias
2266 2029 2470 2084 amoris
2515 2041 2678 2082 causa
2713 2041 2818 2081 nou
2861 2038 3023 2095 parce
3048 2022 3305 2085 absumit,
3335 2023 3431 2076 sed

1861 2121 2024 2177 etiam
2055 2121 2235 2176 cibum
2271 2128 2326 2174 et
2359 2133 2608 2174 somnum
2664 2127 2719 2171 et
2763 2123 2966 2170 vestem
3014 2124 3070 2169 et
3099 2112 3339 2167 habitum
3367 2126 3432 2166 ac

1863 2228 2074 2269 omnem
2098 2212 2578 2275 existimationem,
2610 2209 2720 2264 imo
2759 2208 2936 2278 ipsum
2961 2205 3125 2259 etiam
3159 2217 3354 2273 corpus
3376 2210 3433 2257 et

1867 2305 2110 2376 corporis
2146 2305 2310 2358 vitam
2348 2311 2725 2366 contemnens,
2763 2311 2824 2354 ut
2847 2299 3018 2355 solius
3056 2296 3254 2352 amoris
3279 2308 3431 2350 com-

1866 2413 1962 2468 pos
1987 2397 2100 2462 fiat,
2133 2410 2196 2450 ac
2225 2409 2408 2450 muros
2444 2401 2500 2450 et
2525 2393 2712 2448 domos
2761 2401 2816 2446 et
2851 2389 3137 2456 interiecta
3175 2387 3436 2443 audacter

1867 2488 2177 2544 transiliens
2220 2486 2426 2547 omnia,
2470 2485 2525 2539 in
2574 2497 2733 2539 enses
2783 2482 3020 2536 furiosus
3063 2478 3268 2546 fertur;
3297 2491 3361 2532 ac
3390 2477 3439 2532 si

1867 2589 2125 2635 consueto
2154 2588 2346 2634 ornatu
2383 2580 2450 2632 ad
2486 2591 2726 2632 amorem
2761 2574 2984 2637 vadens,
3017 2571 3152 2626 nihil
3176 2583 3436 2627 consecu-

1867 2679 2019 2725 turus
2044 2669 2133 2734 sit,
2169 2681 2511 2736 nequaquam
2539 2682 2600 2721 ea
2629 2666 2696 2721 de
2721 2679 2779 2719 re
2802 2662 3064 2720 sollicitus
3082 2667 3186 2726 est,
3216 2661 3311 2717 sed
3338 2674 3439 2730 po-

1868 2763 1997 2827 tius,
2022 2763 2067 2816 si
2115 2768 2388 2830 oporteat,
2437 2768 2649 2814 mutato
2703 2756 2889 2812 habitu
2924 2766 2978 2810 et
3014 2769 3138 2810 cum
3186 2753 3441 2809 indecora

1868 2853 2049 2922 specie
2080 2859 2355 2921 repentem
2396 2859 2578 2920 optato
2607 2847 2842 2919 perfrui,
2876 2849 2928 2902 id
2978 2855 3085 2902 non
3137 2846 3255 2901 sine
3287 2844 3440 2900 volu-

1868 2951 2015 3015 ptate
2044 2943 2244 3014 perfert
2271 2959 2286 3008 ;
2316 2944 2394 2997 sic
2421 2942 2511 3010 qui
2532 2941 2696 2995 Deum
2730 2953 2856 2994 vere
2889 2947 3053 3004 amat,
3079 2952 3146 2991 ac
3177 2934 3439 2990 sollicitus

1869 3045 1951 3091 est
1962 3034 2230 3104 quomodo
2249 3033 2456 3103 placeat
2477 3032 2525 3086 ei
2554 3045 2712 3099 quem
2733 3038 2898 3095 amat,
2925 3043 3030 3084 non
3050 3027 3337 3098 pecuniam
3354 3039 3448 3081 so-

209 3107 339 3208 μένῳ
368 3110 572 3217 ἀρέσῃ.
599 3113 659 3214 0:5
698 3115 994 3184 χρημάτων
1019 3117 1176 3186 μόνον
1206 3119 1301 3171 καὶ
1325 3119 1576 3185 πλούτου,
1606 3121 1769 3175 ἓνεκα

1877 3130 2004 3192 lum,
2024 3135 2078 3183 et
2104 3126 2344 3191 divitias,
2377 3133 2434 3182 ut
2463 3124 2672 3195 placeat
2706 3124 2756 3176 ei
2792 3137 2951 3192 quem
2974 3127 3122 3174 amat
3143 3117 3446 3188 adimplen-

206 3200 290 3251 τοῦ
329 3200 740 3273 πληροφορῆσαι
783 3205 872 3257 τὸν
917 3206 1190 3277 ἐρώμενον
1219 3208 1308 3262 διὰ
1331 3209 1425 3263 τοῦ
1469 3210 1770 3265 ὑπακοῦσαι

1877 3219 1956 3273 dis
1974 3217 2087 3286 ejus
2120 3215 2432 3288 praeceptis,
2462 3215 2620 3270 debet
2639 3221 3022 3278 contemnere;
3051 3211 3143 3266 sed
3161 3210 3322 3265 etiam
3349 3223 3446 3263 ne-

208 3291 358 3344 αὑτοῦ
403 3296 518 3357 τοῖς
568 3294 676 3346 τῶν
722 3296 949 3350 ἐντολῶν
1000 3299 1357 3370 ἐπιτάγμασι,
1416 3305 1775 3374 καταφρονεῖν

208 3380 424 3452 ὀφείλειο
466 3384 608 3439 ἀλλά
642 3388 736 3440 καὶ
773 3388 1074 3456 ἀναγκαίας
1100 3393 1307 3463 τροφῆς
1351 3393 1446 3446 καὶ
1479 3392 1647 3446 ὕπνου
1681 3395 1777 3448 καὶ

208 3473 294 3527 τοῦ
334 3473 535 3540 ἔξωθεν
581 3478 877 3548 σχήματος,
922 3482 1016 3534 καὶ
1062 3484 1163 3553 τῆς
1203 3484 1260 3536 ἐν
1283 3483 1361 3553 τῷ
1394 3482 1584 3555 κόσμῳ
1605 3485 1778 3554 τούτῳ

211 3565 602 3638 διεφθαρμένης
631 3569 846 3640 ἀληθῶς
889 3572 1228 3642 ὑπολήψεως,
1265 3574 1346 3627 ἔτι
1378 3574 1434 3628 δὲ
1478 3574 1643 3628 αὑτοῦ
1685 3573 1778 3628 τοῦ

215 3659 452 3729 σώματος
477 3659 577 3712 καὶ
605 3660 705 3730 τῆς
734 3662 792 3714 ἐν
823 3662 998 3734 τούτῳ
1029 3664 1176 3736 ζωῆς
1197 3666 1479 3738 ἀμελήσας
1507 3666 1666 3720 ἕνεκα
1688 3668 1780 3721 τοῦ

215 3750 477 3821 ἐπιτυχεῖν
515 3749 611 3802 τοῦ
643 3751 842 3826 ἔρωτος
871 3754 964 3807 τοῦ
987 3755 1334 3827 ἐπουρανίου,
1369 3758 1462 3811 καὶ
1496 3758 1647 3830 τείχη
1675 3759 1782 3812 τῶν

216 3843 340 3912 πρὸς
384 3841 527 3914 αἷμα
567 3844 762 3912 γενῶν,
813 3846 906 3898 καὶ
948 3847 1127 3910 οἴκους
1164 3848 1432 3920 πατέρων,
1479 3850 1572 3903 καὶ
1609 3849 1698 3902 τὸν
1725 3850 1783 3902 ἐν

220 3935 357 4007 μέσῳ
386 3939 595 4009 κόσμον
621 3938 1036 4010 ὑπεράλλεσθαι,
1061 3940 1154 3992 καὶ
1179 3940 1319 3994 κατὰ
1341 3939 1512 4010 ξιφῶν
1537 3940 1629 3994 τοῦ
1655 3958 1786 4013 μαρ-

218 4028 410 4098 τυρίου,
449 4029 518 4083 ἂν
553 4031 860 4101 ἀπαντήσῃ,
896 4029 1154 4101 πηδῆσαι,
1184 4033 1232 4084 εί
1261 4031 1371 4102 (ll)
1409 4032 1482 4104 μὴ
1517 4031 1696 4103 μέλλοι
1729 4034 1786 4085 ἐν

219 4115 291 4186 τῷ
321 4120 542 4191 συνήθει
577 4121 816 4192 σχήματι
858 4121 966 4186 ζῶν
993 4123 1280 4192 τυγχάνειν
1317 4122 1410 4176 τοῦ
1439 4123 1658 4194 ἔρωτος,
1693 4125 1787 4177 καὶ

221 4206 305 4260 τοῦ
327 4210 587 4284 πενιχροῦ
615 4214 892 4283 σχήματος
924 4213 1018 4265 καὶ
1050 4215 1162 4276 τοῖς
1182 4213 1397 4277 πολλοῖς
1425 4215 1786 4268 ἐπονειδίστου

225 4299 330 4369 βίου
363 4304 480 4374 μεθ’
515 4305 711 4375 ἡδονῆς
740 4305 1047 4374 ἀνέχεσθαι,
1085 4307 1172 4358 ἵνα
1193 4307 1290 4376 τὴν
1316 4306 1486 4370 θείαν,
1511 4307 1586 4371 ὡς
1611 4307 1676 4361 ἀν
1705 4325 1788 4372 τις

222 4390 379 4457 εἴποι,
415 4396 614 4466 μανίαν
646 4395 787 4465 ὑπὲρ
817 4395 918 4466 τῆς
942 4395 1036 4449 τοῦ
1060 4395 1225 4449 καλοῦ
1256 4397 1605 4462 ἀπολαύσεως
1635 4397 1787 4450 ἐνθέ-

1874 3308 2164 3363 cessarium
2182 3307 2360 3361 cibum
2377 3313 2431 3360 et
2446 3319 2691 3360 somnum
2710 3304 3098 3359 etexteriorem
3116 3301 3447 3363 habitum,ac

1879 3413 2022 3463 eam,
2059 3411 2179 3466 quae
2209 3410 2336 3450 vere
2362 3395 2414 3449 in
2445 3395 2548 3450 hoc
2589 3395 2788 3449 mundo
2837 3402 3087 3461 corrupta
3129 3399 3233 3454 est,
3261 3389 3447 3446 existi-

1879 3489 2195 3555 mationem,
2237 3486 2413 3541 adhuc
2461 3486 2625 3541 etiam
2674 3498 2870 3552 corpus
2908 3492 2963 3539 et
2991 3482 3238 3552 corporis
3269 3479 3444 3536 vitam

1880 3580 2156 3649 negligens
2189 3587 2249 3632 ut
2275 3577 2482 3633 caelesti
2524 3590 2709 3630 amore
2740 3573 3068 3644 perfruatur,
3096 3585 3279 3628 muros
3312 3585 3443 3626 eon-

1881 3669 2263 3740 sanguinitatis
2288 3677 2342 3724 et
2368 3676 2580 3738 patrum
2613 3666 2821 3730 domos,
2844 3671 2900 3719 et
2921 3662 3259 3733 interjectuni
3288 3675 3448 3714 mun-

1881 3766 2006 3820 dum
2041 3761 2349 3825 transilire,
2381 3768 2435 3814 et
2461 3761 2513 3813 in
2562 3771 2721 3812 enses
2755 3753 3024 3823 martyrii,
3055 3753 3098 3807 si
3146 3765 3207 3807 se
3238 3749 3451 3806 dederit

1882 3855 2121 3919 occasio,
2151 3854 2378 3915 irruere,
2405 3859 2460 3906 et
2489 3851 2534 3906 si
2564 3851 2616 3905 in
2645 3847 2804 3904 solito
2837 3846 3037 3915 degens
3059 3843 3268 3908 habitu,
3297 3856 3450 3897 com-

1885 3960 1982 4015 pos
2017 3942 2218 3999 amoris
2250 3957 2354 3997 non
2392 3942 2464 3996 sit
2501 3940 2734 4003 futurus,
2773 3950 3064 4007 pauperem
3096 3932 3260 4005 65.2
3291 3931 3450 3988 babi-

1889 4047 2000 4092 tum
2032 4044 2086 4090 et
2120 4034 2283 4088 vitam
2316 4032 2558 4103 pluribus
2589 4030 2906 4098 probrosam
2937 4026 3166 4080 libenter
3188 4021 3447 4093 perferre.

1886 4134 1948 4182 ut
1975 4126 2177 4189 divina,
2209 4130 2267 4178 ut
2299 4123 2370 4177 ita
2400 4121 2596 4185 dicam,
2639 4119 2846 4174 insania
2885 4115 3124 4188 legitime
3159 4115 3226 4168 ad
3251 4113 3460 4167 bonum.

1887 4213 2322 4284 consequendum
2370 4218 2688 4280 correptus,
2730 4215 2994 4278 quantum
3030 4202 3197 4273 cupit,
3235 4216 3300 4257 eo
3361 4201 3454 4270 qui

1886 4321 2015 4362 vere
2048 4303 2297 4360 amabilis
2342 4311 2442 4368 est,
2489 4299 2816 4371 perfruatur.
2853 4296 3009 4352 Hunc
3043 4300 3338 4349 amatorem
3381 4290 3450 4345 ad

1888 4413 1947 4453 se
1973 4413 2040 4452 ex
2077 4395 2304 4451 terrenis
2327 4391 2728 4456 affectionibus,
2763 4398 3028 4460 revocans
3059 4393 3272 4440 amatus
3309 4382 3457 4438 dice-

226 4497 368 4552 σμως
426 4488 638 4557 μανεὶς,
687 4486 782 4540 τοῦ
817 4487 985 4551 ὅντως
1018 4489 1301 4560 ἐρασμίου,
1349 4489 1472 4543 ὅσον
1517 4489 1774 4560 βούλεται,

1889 4490 1984 4544 bat
2017 4508 2029 4543 :
2072 4486 2178 4541 Exi
2219 4488 2282 4541 de
2308 4497 2449 4540 terra
2489 4493 2602 4549 tua,
2637 4490 2685 4536 et
2719 4480 2781 4535 de
2819 4478 3125 4550 cognatione
3149 4485 3270 4540 tua,
3299 4481 3350 4528 et
3391 4472 3457 4526 de

223 4578 518 4652 ἀπολαύσῃ.
553 4577 754 4632 Τοῦτον
793 4578 886 4633 τὸν
923 4580 1159 4651 ἐραστὴν
1190 4581 1325 4651 πρὸς
1358 4581 1547 4635 ἑαυτὸν
1587 4583 1650 4634 ἐκ
1681 4580 1791 4634 τῶν

225 4668 358 4722 κατά
385 4670 489 4739 γῆν
514 4669 704 4723 παθῶν
741 4670 1025 4725 ἀνακαλῶν
1049 4673 1078 4724 ὁ
1107 4669 1379 4742 ἐρώμενος
1413 4672 1597 4740 ἔλεγεν
1615 4689 1628 4702 ο
1662 4671 1790 4738 Ἔξα

227 4763 356 4814 ελθε
385 4761 455 4815 ἐκ
479 4760 590 4829 τῆς
617 4761 731 4830 γῆς
752 4775 888 4827 σου,
917 4762 1018 4816 καὶ
1039 4763 1108 4816 ἐκ
1134 4763 1244 4831 τῆς
1263 4766 1618 4833 συγγενείας
1653 4777 1791 4830 σου,

228 4851 320 4903 καὶ
350 4851 418 4906 ἑκ
454 4853 562 4906 τοῦ
595 4853 766 4907 οἴκου
809 4854 916 4908 τοῦ
941 4852 1174 4923 ’πατρός
1200 4867 1334 4916 σου,
1376 4854 1474 4908 καὶ
1501 4853 1677 4922 δεῦρο
1707 4856 1796 4921 εὶς

229 4941 338 5010 γῆν
370 4942 450 5010 ἣν
484 4943 564 4998 ἄν
595 4958 694 4998 σοι
721 4944 914 5008 δείξω.
956 4945 1016 4998 '0
1047 4945 1123 5010 δέ,
1165 4945 1240 5009 ὡς
1280 4945 1346 4999 ἂν
1378 4945 1407 4997 ὃ
1435 4945 1618 4999 ἐπόθει
1650 4944 1791 5008 ἰδὼν,

231 5034 520 5106 προθύμως
552 5054 612 5090 τε
637 5038 840 5104 εἵπετο,
869 5037 963 5091 καὶ
984 5038 1266 5108 ἀλητεύειν
1291 5038 1451 5093 ἕνεκα
1477 5039 1570 5092 τοῦ
1597 5037 1796 5108 ἔρωτος

297 5190 341 5222 ⁸³
366 5191 500 5249 Gen.
523 5207 625 5260 xu,
648 5193 702 5247 1.

323 5351 494 5423 6),Τά
532 5351 952 5423 μετεωρίζοντα
1076 5352 1354 5422 ἀσχολίᾳ.
1398 5352 1547 5408 Unus
1585 5366 1649 5407 ex
1687 5349 1793 5404 Re-

237 5421 834 5496 giis,:&_gsr:smp£§ovya
945 5424 1182 5496 ἀσχολεῖ.

261 5559 272 5570 υ
302 5490 376 5561 (7)
422 5490 669 5561 Ἐνδείᾲ.
700 5493 861 5559 Editi,
889 5490 1112 5570 simois},
1137 5494 1282 5570 quod
1324 5499 1797 5570 erratum‘sustu-

240 5559 389 5633 limus
439 5576 539 5633 9pc
567 5559 800 5633 quatuor
851 5579 978 5618 mss.
1039 5559 1241 5618 Ibidem
1281 5563 1433 5630 editi,
1477 5559 1793 5633 τριϐομένη.

241 5628 411 5704 Codex
424 5628 654 5704 Regius,
678 5631 989 5704 θλιϐομένη.

310 5699 382 5772 _(8)
407 5699 767 5770 Atd'asipar.
825 5699 966 5757 [deni
1017 5702 1207 5766 codex,
1259 5716 1365 5772 quo
1418 5715 1560 5770 saepe
1595 5699 1799 5772 utiliter

249 5768 326 5822 usi
349 5768 547 5841 Sumus,
576 5768 716 5828 hanc
743 5775 1064 5842 scripturam
1110 5768 1439 5844 suppeditat,
1483 5768 1601 5842 qua:
1634 5770 1806 5826 multo.

1893 4580 2046 4632 domo
2076 4577 2243 4648 patris
2281 4576 2380 4639 tui,
2413 4583 2461 4628 et
2502 4573 2614 4628 ueni
2651 4572 2705 4624 in
2741 4579 2968 4633 terram,
2994 4582 3156 4636 quam
3192 4573 3457 4618 monstra-

1889 4687 2012 4726 vero
2046 4670 2139 4723 tibi
2157 4669 2226 4723 θ’.
2255 4667 2350 4722 llle
2383 4673 2580 4727 autem,
2619 4671 2677 4717 ut
2700 4661 2812 4730 jam
2852 4660 3040 4714 videns
3071 4656 3212 4727 quod
3246 4654 3456 4712 deside-

1892 4762 2070 4826 rabat,
2096 4768 2341 4830 prompto
2382 4771 2446 4812 ac
2488 4755 2678 4810 libenti
2707 4753 2887 4808 animo
2912 4749 3260 4820 sequebatur,
3292 4755 3347 4803 et
3372 4762 3458 4802 er-

1893 4866 2048 4908 rores
2075 4865 2140 4906 ac
2170 4850 2416 4905 exsilium
2449 4845 2650 4901 amoris
2675 4858 2837 4898 causa
2856 4843 3096 4898 iibentcr
3124 4838 3450 4908 perferebat,

1900 4944 2121 4998 dicens:
2145 4941 2276 5008 Quis
2302 4958 2394 4996 nos
2419 4937 2681 5008 separabit
2703 4952 2735 4990 a
2760 4935 3019 4989 charitate
3038 4931 3172 4986 Dei?
3191 4946 3262 4983 an
3291 4929 3462 4982 tribu-

1903 5035 2052 5100 latio,
2082 5050 2150 5088 an
2191 5033 2455 5103 angustia,
2491 5048 2559 5085 an
2600 5031 3017 5099 persecutio,“
3048 5025 3231 5093 fames,
3267 5036 3338 5075 an
3366 5035 3462 5073 nu-

1900 5345 2090 5402 melior
2113 5344 2324 5400 videtur
2355 5358 2524 5413 quam
2543 5339 2777 5409 vulgata,
2801 5337 2867 5391 δι’
2901 5333 3205 5413 ἀπειρίαν.Δ
3259 5400 3272 5413 ⁸
3396 5399 3428 5413 ν

1967 5399 2049 5485 (9i
2065 5413 2176 5469 Καὶ
2197 5399 2424 5479 οἴκουξι.
2479 5411 2586 5466 Has
2614 5399 2808 5485 v'oces,‘
2844 5422 2964 5485 qua:
2991 5399 3222 5485 deerant
3346 5399 3461 5485 edi:

1909 5469 2052 5540 tione
2084 5469 2400 5550 Parisiensi',
2435 5487 2730 5552 agnoscunt
2757 5469 2999 5547 plerique
3027 5481 3236 5527 veteres
3255 5469 3376 5525 libri
3410 5476 3464 5522 et

1903 5556 2066 5610 editio
2094 5553 2320 5622 Veneta.
2455 5620 2500 5622 ὼ
2635 5616 2668 5622 __
2702 5617 2714 5622 _
2798 5616 2840 5622 __
3160 5607 3194 5622 ,,

1978 5607 2537 5695 (10)B(15[{w$f:__5ic
2587 5616 2752 5672 editio
2798 5616 3022 5680 Veneta,
3072 5607 3264 5667 melius
3307 5621 3468 5679 quam

1907 5691 2244 5752 Parisiensis.
2273 5691 2526 5761 βαδίζειν.

1978 5764 2022 5834 (l
2042 5762 2086 5832 l)
2118 5765 2205 5816 Ei.
2230 5758 2555 5831 Legendum.
2591 5758 2688 5811 ml.
2715 5759 2783 5812 εί.
