3802 6216
338 357 444 413 Ἁὸ

1286 355 1629 412 APPENDIX
1670 357 1954 414 OPERUM
1995 355 2053 412 S.
2096 350 2344 410 BASILII
2381 344 2614 404 MAGNI.

3487 344 3587 398 ΗΔ

336 468 495 530 ditas,
528 483 597 520 an
645 464 953 535 periculum,
986 483 1055 520 an
1096 465 1305 536 gladius
1335 467 1419 521 “3
1464 466 1701 524 Noverat
1758 470 1904 524 enim

2032 463 2181 534 ιδέως
2209 461 2455 533 ἠνείχετο
2483 459 2656 527 λέγων
2676 474 2689 487 ι
2742 456 2837 523 Τίς
2880 454 3039 525 ἡμᾶς
3061 456 3302 524 χωρίσει
3328 456 3448 510 ἀπὸ
3482 458 3590 524 τῆς

336 574 460 611 eum
506 557 596 626 qui
630 556 804 626 diligit
838 566 1044 625 patrem
1080 565 1173 610 aut
1212 566 1440 614 matrem
1475 559 1597 628 plus
1646 575 1808 629 quam
1858 560 1907 615 id

336 650 478 717 quod
519 663 644 704 vere
685 648 888 703 bonum
932 658 1035 715 est,
1068 664 1174 704 non
1211 664 1334 705 esse
1370 651 1591 721 dignum
1628 652 1721 722 qui
1776 651 1909 707 illud

333 749 696 812 consequatur
720 740 800 793 διε
830 753 897 796 ac
923 754 1047 796 eum
1071 741 1163 812 qui
1194 757 1300 799 non
1342 744 1615 799 renuntiat
1658 744 1910 799 omnibus

328 820 452 905 quae
502 832 767 904 possidet,
823 833 1002 888 adhuc
1052 843 1231 889 autem
1277 843 1331 890 et
1386 835 1579 891 anima:
1614 850 1745 902 suae,
1801 848 1908 890 non

331 921 702 993 essedignum
732 925 823 993 qui
876 919 1084 979 amicus
1127 936 1184 979 et
1235 936 1446 983 amator
1491 927 1705 983 Domini
1747 943 1909 983 voce-

332 1021 423 1066 tur
443 1011 512 1065 ⁸⁵.
577 1011 926 1083 Quapropter
976 1015 1068 1084 qui
1107 1031 1172 1070 ea
1240 1024 1448 1072 tantum
1500 1028 1733 1086 curant,
1791 1034 1909 1088 quae

332 1103 398 1157 ad
421 1105 595 1173 ipsum
630 1105 940 1174 pertinent,
993 1108 1268 1163 sincerum
1302 1124 1456 1164 suum
1490 1110 1635 1165 illius
1667 1125 1908 1166 amorem

332 1192 619 1248 ostendere
654 1194 938 1261 volentes,
997 1194 1172 1261 Ecce,
1242 1199 1427 1265 aiunt,
1468 1216 1563 1254 nos
1604 1199 1910 1270 reliquimus

333 1284 597 1348 ωηιιὶαάε
630 1286 798 1339 secuti
826 1302 1007 1342 sumus
1034 1298 1083 1343 te
1104 1305 1122 1341 :
1150 1290 1277 1358 quid
1304 1293 1403 1346 erit
1426 1291 1571 1346 nobis
1594 1292 1683 1346 “1’
1705 1291 1795 1349 Ille
1812 1308 1910 1348 au-

334 1383 441 1426 tem
474 1374 686 1445 dignam
711 1391 900 1430 eorum
926 1377 979 1430 in
1007 1393 1066 1434 se
1096 1380 1301 1436 amoris
1331 1382 1632 1437 mercedem
1655 1380 1768 1449 jam
1795 1392 1908 1438 tum

332 1464 440 1519 illis
481 1466 805 1534 praedicans,
842 1468 915 1521 ait
949 1487 961 1521 :
999 1470 1165 1524 Amen
1186 1512 1202 1535 ,
1240 1488 1391 1525 amen
1421 1473 1538 1526 dico
1566 1471 1706 1528 vobis
1727 1515 1742 1540 ,
1768 1476 1908 1545 quod

330 1569 420 1607 sos
450 1556 543 1623 qui
576 1557 740 1609 secuti
764 1557 886 1612 estis
912 1574 1013 1625 me,
1049 1560 1104 1612 in
1134 1562 1547 1629 regeneratione,
1573 1578 1689 1616 cum
1717 1564 1906 1617 sederit

332 1644 512 1700 Filius
533 1648 760 1701 hominis
785 1650 839 1702 in
863 1651 981 1705 sede
1005 1651 1297 1720 majestatis
1322 1668 1455 1715 sure,
1481 1652 1720 1707 sedebitis
1749 1663 1798 1706 et
1820 1669 1907 1709 vos

330 1755 489 1808 super
525 1740 672 1794 sedes
715 1741 1023 1805 duodecim,
1071 1743 1374 1810 judicantes
1423 1744 1697 1798 duodecim
1741 1744 1906 1799 tribus

2009 552 2248 625 ἀγάπης
2304 550 2412 605 τοῦ
2471 548 2656 611 Θεοῦ;
2704 549 2934 616 θλίψις,
3000 545 3040 613 ἢ
3102 549 3489 616 στενοχωρία,
3551 547 3592 616 ἢ

2009 646 2284 716 διασμὸςν
2310 644 2350 714 ἢ
2372 644 2569 714 λιμὸς,
2603 643 2642 710 ἢ
2669 642 2990 712 γυμνότης,
3020 641 3060 708 ἢ
3098 638 3403 706 κίνδυνος.
3431 640 3625 730 ἦμάρ,

2009 754 2224 810 χαιρα;
2256 737 2410 809 ’ᾘδει
2458 737 2587 808 γὰρ,
2619 736 2701 790 ὅτι
2747 736 2777 787 ὁ
2830 732 2999 803 φιλῶν
3043 732 3253 804 πατέρα
3294 733 3327 805 ἢ
3382 737 3591 807 μητέρα

2010 834 2150 903 ὑπὲρ
2205 830 2266 884 τὸ
2308 830 2478 892 ὄντως
2530 829 2716 893 καλὸν,
2764 828 2867 881 οὐκ
2898 826 3045 881 ἔστιν
3079 824 3230 891 ἄξιος
3258 824 3426 879 αὐτοῦ
3455 821 3632 879 ἀπο-1

2010 924 2226 979 λαύειν·
2264 923 2358 975 καὶ
2400 921 2459 984 ὃς
2504 921 2606 974 οὐκ
2647 918 3014 974 ἀποτάσσεται
3068 918 3205 971 πᾶσι
3250 919 3366 981 τοῖς
3398 914 3591 970 ἑαυτοῦ

2011 1017 2379 1089 ὑπάρχουσιν,
2421 1014 2501 1066 ἔτι
2529 1012 2585 1066 δὲ
2632 1012 2730 1066 καὶ
2754 1014 2821 1082 τῇ
2853 1010 3049 1065 ἑαυτοῦ
3077 1009 3248 1081 ψυχῇ,
3287 1011 3392 1063 οὐκ
3443 1010 3591 1063 ἐστιν

2009 1105 2159 1174 ἄξιος
2183 1105 2337 1175 φίλος
2357 1103 2452 1158 καὶ
2483 1103 2722 1174 ἐραστὴς
2744 1101 2840 1154 τοῦ
2861 1100 3066 1170 Κυρίου
3090 1098 3395 1153 καλεῖσθαι.
3414 1101 3506 1153 Διὸ
3530 1102 3593 1153 τὸ

2009 1200 2230 1269 γνήσιον
2257 1196 2358 1267 τῆς
2403 1194 2534 1264 περὶ
2565 1192 2730 1246 αὐτὸν
2773 1190 3067 1254 διαθέσεως
3102 1192 3153 1244 οἱ
3192 1192 3261 1243 τὰ
3302 1191 3467 1244 αὐτοῦ
3497 1193 3595 1261 p.6-

2009 1307 2097 1343 νον
2138 1287 2510 1359 μεριμνῶντες
2536 1281 2874 1349 ἐνδείξασθαι
2903 1281 3168 1344 θέλοντες,
3206 1281 3383 1345 Ἰδοὺ,
3406 1284 3594 1352 φασιν,

2008 1381 2182 1452 ἡμεῖς
2211 1380 2410 1434 πάντα
2434 1377 2772 1448 ἀφήκαμεν,
2804 1374 2904 1428 καὶ
2919 1372 3428 1442 ἠκολουθήσαμέν
3456 1392 3555 1428 σοι
3574 1392 3593 1407 ο

2007 1474 2065 1526 τί
2113 1472 2285 1525 ἔσται
2320 1469 2501 1541 mehr;
2540 1469 2651 1522 Καὶ
2704 1466 2860 1532 ἀξίαν
2900 1465 2999 1537 τὴν
3033 1463 3266 1536 ἀμοιϐὴν
3316 1464 3413 1518 τοῦ
3464 1467 3596 1538 περὶ

2007 1561 2172 1617 αὐτοῦ
2202 1562 2426 1634 φίλτρου
2465 1562 2649 1625 αὐτοῖς
2703 1559 2952 1614 ἐντεῦθεν
3012 1557 3115 1629 ἤδη
3159 1558 3590 1629 ἀνακηρύσσων,

2009 1654 2171 1727 φησίν
2189 1669 2204 1682 ·
2222 1654 2431 1723 Ἀμὴν,
2472 1652 2635 1724 ἀμὴν
2662 1652 2819 1723 λέγω
2855 1650 3017 1720 ὑμῖν,
3046 1648 3136 1703 ὅτι
3167 1649 3339 1719 ὑμεῖς
3368 1653 3423 1703 οί
3450 1651 3596 1704 ἀκο-

2005 1746 2420 1815 λουθήσαντές
2440 1764 2564 1815 μοι,
2592 1744 2751 1814 ἐντῇ
2777 1744 3224 1813 παλιγγενεσία,
3264 1742 3414 1797 ὅταν
3446 1750 3595 1801 καθ-

329 1829 526 1885 Israel.
559 1827 628 1884 Et
657 1833 826 1886 omnis
854 1836 944 1903 qui
972 1834 1240 1903 reliquerit
1269 1835 1473 1899 domos,
1498 1844 1589 1889 aut
1609 1851 1784 1905 agros,
1813 1844 1904 1902 aut

2032 1852 2112 1905 σῃ
2141 1840 2175 1890 ὀ
2232 1835 2367 1901 Υίὸς
2400 1835 2508 1889 τοῦ
2536 1832 2852 1903 ἀνθρώπου
2884 1831 2984 1885 ἐπὶ
3008 1832 3224 1900 θρόνου
3262 1831 3450 1898 δόξης
3488 1834 3595 1885 αὑ-

331 1924 546 1992 fralres,
580 1934 674 1979 aut
702 1941 928 1991 sorores,
973 1937 1063 1979 aut
1113 1942 1354 1992 uxorem,
1384 1938 1474 1981 aut
1503 1927 1667 1995 ﬁlios,
1695 1938 1904 1998 propter

2032 1927 2130 1992 οὗ,
2147 1925 2491 1994 καθήσεσθε
2507 1925 2606 1978 καί
2625 1923 2798 1995 ὑμεῖς
2812 1923 2910 1977 ἐπὶ
2926 1921 3158 1976 δώδεκα
3180 1921 3437 1988 θρόνους
3454 1922 3596 1991 (12),

329 2028 518 2069 nomen
538 2029 733 2081 meum,
760 2016 1059 2085 centuplum
1087 2017 1307 2086 accipiet
1329 2057 1344 2084 ,
1385 2028 1432 2071 et
1462 2019 1621 2072 vitam
1655 2030 1905 2074 (sternam

2003 2017 2313 2086 κρίνοντες
2330 2015 2439 2082 τὰς
2457 2014 2689 2069 δώδεκα
2703 2013 2904 2084 φυλὰς
2920 2012 3027 2066 τοῦ
3060 2010 3317 2080 Ἰσραήλ.
3345 2014 3455 2067 Καὶ
3475 2014 3591 2080 πᾶς

328 2106 622 2171 possidebit
643 2108 711 2161 ⁸⁷.
741 2106 982 2177 Equum
1007 2111 1152 2164 enim
1187 2120 1307 2165 erat
1339 2120 1398 2165 ut
1425 2112 1517 2181 qui
1543 2113 1720 2182 reipsa
1750 2127 1904 2166 suum

2032 2107 2173 2173 ἵστις
2202 2105 2440 2177 ἀφῆκεν
2484 2106 2698 2171 οἰκίας,
2748 2105 2788 2174 ἢ
2841 2103 3083 2175 ἀγροὺς,
3118 2102 3156 2170 ἢ
3191 2102 3519 2172 ἀδελφοὺς.
3550 2104 3594 2174 ἢ

329 2196 386 2249 in
418 2194 566 2250 illum
598 2212 836 2253 amorem
859 2213 957 2268 per
969 2209 1132 2253 totam
1146 2202 1311 2253 vitam
1327 2214 1519 2269 purum
1534 2200 1903 2264 exhibuerint,

330 2286 495 2355 digna
525 2288 819 2343 sudoribus
859 2304 958 2359 pro
986 2303 1051 2343 eo
1088 2288 1302 2345 emissis
1346 2289 1572 2359 praemia
1603 2289 1898 2359 recipiant.

2002 2197 2293 2267 ἀδελφὰς,
2319 2199 2359 2267 ἧ
2384 2198 2640 2269 γυναῖκα
2663 2198 2797 2270 (15),
2824 2197 2864 2266 ἣ
2897 2196 3096 2261 τέκνα,
3109 2195 3318 2250 ἕνεκεν
3337 2196 3442 2251 τοῦ
3462 2197 3594 2251 ὀνό-

1998 2291 2186 2360 ματός
2207 2308 2349 2360 μου,
2373 2290 2972 2346 ἑκατονταπλασίονα
2990 2289 3270 2356 λήψεται,
3298 2290 3397 2342 καὶ
3440 2288 3594 2357 ζωὴν

326 2376 567 2432 αἰώνιον
618 2379 1081 2449 κληρονομήσει.
1159 2380 1478 2434 Ἀκόλουθον
1514 2381 1627 2452 γὰρ
1666 2375 1736 2451 ἦν
1781 2381 1909 2443 τοὺς
1948 2379 2095 2453 ἔργῳ
2140 2381 2233 2435 τὸν
2281 2381 2410 2452 περὶ
2469 2381 2631 2436 αὐτὸν
2670 2381 2851 2455 ἔρωτα
2885 2381 2951 2434 δι’
2985 2380 3109 2434 ὅλου
3168 2379 3283 2450 βίου
3353 2381 3594 2454 καθαρὸν

327 2469 717 2536 ἀποδείξαντας
746 2470 880 2545 (14),
919 2472 1046 2537 ἄξια
1073 2472 1181 2525 τῶν
1209 2473 1339 2545 περὶ
1378 2471 1544 2527 αὐτοῦ
1574 2471 1816 2545 ἱδρώτων
1842 2472 1911 2526 τὰ
1946 2472 2086 2544 γέρα
2116 2472 2434 2544 λαμϐάνειν.

398 2560 488 2616 26.
530 2560 755 2630 Oportet
793 2573 856 2616 ut
896 2562 992 2618 tali
1038 2578 1226 2619 amore
1271 2563 1508 2636 ﬂagrans
1534 2567 1727 2634 virgo,
1773 2579 1904 2619 con-

329 2661 535 2707 temnat
572 2653 787 2722 quidem
820 2653 1127 2725 voluptates
1161 2664 1219 2710 et
1264 2655 1519 2721 divitias,
1560 2664 1616 2711 et
1653 2655 1904 2725 opinatas

330 2742 518 2798 mundi
574 2743 837 2813 delicias,
901 2745 1232 2800 conculcans
1280 2752 1460 2801 autem
1516 2746 1903 2816 temporariam

327 2833 557 2905 gloriam
582 2875 598 2901 ,
630 2845 687 2891 et
712 2835 936 2905 fastum,
963 2843 1020 2891 et
1048 2837 1295 2907 corporis
1328 2835 1822 2905 pulchritudinem,
1849 2846 1905 2891 et

327 2926 549 2982 vitiosas
581 2925 896 2995 blanditias,
926 2929 1086 2984 oculo
1116 2928 1375 2982 irretorto
1400 2927 1685 2983 Dominum
1708 2943 1905 2998 sequa-

329 3029 440 3084 tur,
473 3018 660 3093 dicens
690 3038 703 3072 :
736 3019 874 3075 Mihi
904 3029 1082 3074 autem
1109 3018 1381 3074 adlicere"
1427 3017 1538 3073 Deo
1581 3018 1773 3073 bonum
1801 3028 1899 3083 est,

2078 2564 2168 2618 26.
2205 2565 2457 2621 Τοιοῦτον
2482 2566 2568 2620 δεῖ
2592 2564 2769 2638 ἔρωτα
2794 2567 2895 2638 τὴν
2942 2564 3210 2637 παρθένον
3233 2568 3472 2641 ἐρῶσαν,
3497 2585 3584 2621 κα-

2007 2659 2298 2728 ταφρονεῖν
2328 2657 2429 2728 μὲν
2460 2658 2815 2730 ἡδυπαθείας,
2844 2660 2939 2713 καὶ
2974 2660 3070 2713 τοῦ
3108 2663 3337 2716 πλούτου
3376 2662 3594 2733 καὶτῆς

2010 2746 2376 2818 νομιζομένης
2405 2750 2464 2801 έν
2485 2747 2566 2820 τῷ
2597 2750 2788 2819 κόσμῳ
2820 2750 3034 2821 τρυφῆς
3059 2769 3073 2784 ·
3104 2753 3385 2806 πατοῦσαν
3415 2752 3473 2806 δὲ
3496 2752 3595 2822 τὴν

2010 2836 2345 2908 πρόσκαιρον
2370 2838 2551 2906 δόξαν,
2585 2839 2680 2893 καὶ
2718 2839 2910 2909 τῦφον,
2947 2843 3041 2895 καὶ
3079 2841 3334 2913 σώματος
3374 2842 3595 2908 κάλλος,

2010 2927 2226 2991 καὶτὰς
2261 2928 2532 2998 ἐμπαθεῖς
2569 2930 2880 2994 κολακείας,
2933 2933 3341 3005 ἀμεταστρεπτὶ
3372 2933 3455 3003 τῷ
3480 2935 3567 2986 Κυ

2010 3020 2112 3091 ρίῳ
2141 3019 2476 3086 ἀκολουθεῖν,
2516 3023 2783 3090 λέγουσαν
2805 3040 2818 3054 ⁸
2891 3024 3056 3094 Ἐμοί
3086 3025 3156 3079 δὲ
3189 3029 3256 3080 τὸ
3293 3030 3594 3096 προσκολσ

326 3125 517 3175 ponere
545 3090 859 3165 in'Domiuo
889 3125 1031 3177 spent
1055 3126 1226 3165 meum
1246 3111 1293 3143 ⁸⁸
1318 3132 1330 3165 :
1363 3110 1439 3164 ita
1466 3118 1527 3164 ut
1552 3110 1755 3178 omnis,
1785 3124 1904 3182 quae

2032 3109 2229 3167 ιᾶσθαι
2252 3112 2335 3179 τῷ
2375 3113 2498 3180 Θεῷ
2534 3114 2646 3186 (ιε)
2679 3115 2905 3185 ἀγαθόν
2930 3090 3101 3171 ἐστιν
3137 3090 3407 3174 τίθεσὸαι
3430 3121 3503 3173 ἐν
3517 3119 3595 3184 τῷ

327 3202 547 3266 quidem
585 3201 746 3267 hujus
793 3202 916 3257 vita:
964 3201 1388 3256 admiratoribus
1431 3201 1686 3257 videntur
1726 3203 1904 3269 bona,

324 3288 691 3361 qualicunque
723 3290 813 3346 illa
844 3291 1064 3346 nomine
1100 3291 1384 3362 appellare
1426 3290 1549 3360 quis
1579 3290 1744 3357 velit,
1769 3290 1904 3346 ridi-

326 3382 446 3436 cula
477 3384 743 3438 dedecora
772 3398 894 3440 esse
926 3384 1213 3450 ostendat;
1263 3383 1479 3438 unicam
1526 3393 1708 3438 autem
1750 3398 1866 3439 rem
1888 3423 1904 3450 ,

324 3477 600 3546 proprium
625 3476 826 3532 bonum
860 3479 1099 3542 intuens,
1131 3475 1262 3531 illud
1291 3477 1501 3531 intento
1528 3474 1687 3532 ocqu
1710 3489 1905 3547 sequa-

330 3581 418 3623 tur
441 3589 457 3626 :
481 3569 751 3640 siquidem
779 3570 924 3626 illius
946 3571 1000 3625 in
1023 3586 1083 3626 se
1102 3584 1342 3625 amorem
1366 3584 1722 3625 remunerans
1741 3584 1906 3640 spon-

326 3676 441 3727 sus,
483 3663 698 3735 etiamsi
740 3662 936 3718 ancilla
958 3661 1035 3718 sit
1057 3670 1114 3717 et
1145 3661 1400 3732 ignobilis
1420 3702 1435 3724 ,
1462 3660 1677 3715 etiamsi
1701 3674 1907 3731 pauper

326 3760 380 3805 et
409 3742 662 3818 obscura,
691 3753 906 3809 etiamsi
936 3753 991 3808 in
1018 3754 1123 3808 hoc
1147 3752 1348 3807 mundo
1374 3752 1579 3823 abiecta
1606 3761 1662 3806 et
1690 3752 1905 3806 deserta

326 3846 421 3908 sit.
446 3846 917 3905 illam'nobilitans
955 3843 1200 3918 reginam
1245 3845 1506 3900 caelorum
1549 3843 1747 3912 eﬂlcit,
1797 3858 1905 3899 non

326 3942 498 3995 solum
525 3937 955 3994 immortalitatis
986 3937 1271 3993 nobilitate
1301 3946 1554 3992 naturam
1579 3937 1904 4009 insigniens,

324 4031 421 4085 sed
453 4030 617 4086 etiam
641 4029 882 4084 studiose
908 4029 1201 4085 exterioris
1226 4027 1466 4093 habitus,
1484 4024 1539 4081 in
1565 4041 1717 4082 suam
1742 4041 1905 4096 spol—

326 4135 465 4185 sam,
505 4120 659 4172 vario
691 4118 956 4174 decoraris
980 4127 1201 4171 ornatu.
1239 4115 1409 4187 Cujus
1437 4115 1667 4187 gloriam
1697 4116 1906 4172 Psaltes

327 4212 622 4274 admirans,
655 4213 721 4266 ad
753 4224 1014 4279 sponsum
1048 4209 1128 4263 ait
1155 4227 1169 4262 :
1206 4207 1386 4262 Astitit
1425 4209 1606 4278 regina
1635 4225 1670 4262 α
1703 4207 1905 4262 dextris

327 4305 433 4359 tuis
471 4305 529 4358 in
569 4303 760 4357 vestitu
788 4302 1045 4355 deaurato
1089 4300 1421 4354 circumdata
1451 4301 1702 4355 varietate
1717 4300 1800 4353 9’:
1830 4299 1906 4355 ita

2005 3204 2205 3272 Κυρίῳ
2228 3204 2344 3275 τὴν
2368 3205 2592 3261 ἐλπίδα
2611 3225 2732 3276 μου
2756 3224 2769 3236 ·
2799 3208 2981 3263 πάντα
3023 3210 3123 3280 μὲν
3154 3209 3224 3263 τὰ
3259 3211 3595 3282 νομιζόμενα

2005 3297 2120 3359 τοῖς
2148 3296 2278 3368 περὶ
2309 3297 2402 3351 τὸν
2433 3297 2548 3369 βίον
2579 3298 2769 3353 τοῦτον
2802 3300 3159 3370 ἐπτοημένοις
3188 3301 3350 3364 καλὰ,
3373 3296 3465 3356 οἷά
3487 3319 3597 3375 περ

2005 3387 2072 3441 ἄν
2103 3404 2188 3450 τις
2218 3389 2505 3460 ὀνομάζειν
2537 3389 2719 3462 ὲθέλῃ,
2755 3390 2920 3462 αἴσχη
2948 3393 3331 3462 καταγέλαστα
3357 3395 3583 3465 ἀποφαίο

2005 3495 2201 3532 νουσαν
2221 3497 2233 3509 ·
2262 3479 2320 3533 ἓν
2353 3481 2412 3533 δὲ
2439 3480 2598 3552 μόνον
2614 3481 2777 3536 καλὸν
2802 3482 2863 3535 τὸ
2888 3485 3086 3537 οἰκεῖον
3108 3484 3344 3557 ὁρῶσαν,
3373 3488 3599 3541 κὲκεῖνο

2006 3572 2297 3644 τεταμένῳ
2333 3572 2413 3644 τῷ
2464 3573 2672 3644 ὄμματι
2713 3576 3111 3645 περιέπουσαν·
3147 3578 3228 3630 ὄτι
3258 3581 3351 3631 καὶ
3392 3582 3423 3632 ὁ
3455 3599 3599 3650 νυμο

2007 3661 2128 3730 φίος
2154 3662 2250 3715 τοῦ
2283 3663 2411 3734 περὶ
2445 3663 2607 3717 αὐτὸν
2646 3663 2849 3736 ἔρωτος
2872 3666 3043 3736 αὐτὴν
3081 3666 3465 3738 ἀμειϐόμενος,
3494 3670 3599 3724 κᾶν

2005 3749 2187 3821 δούλη,
2218 3750 2321 3805 κᾶν
2351 3752 2571 3823 ἁγενὴς,
2612 3752 2715 3806 κᾶν
2757 3754 2991 3825 πενιχρά
3014 3772 3073 3809 τε
3097 3756 3190 3809 καὶ
3221 3757 3457 3828 ἄσημος,
3494 3761 3599 3814 κᾶν

2005 3840 2062 3892 ὲν
2089 3838 2169 3909 τῷ
2200 3838 2343 3894 κατὰ
2393 3840 2495 3911 γῆν
2552 3839 2652 3911 βίῳ
2677 3842 3068 3913 ἀπερριμμένη
3100 3843 3343 3915 ὑπάρχῃ,
3369 3845 3462 3899 διὰ
3496 3848 3599 3917 τὴν

2005 3931 2145 4001 πρὸς
2176 3931 2341 3985 αὑτὸν
2370 3933 2655 3986 κοινωνίαν
2682 3932 3039 4002 ὲξευγενίζων
3082 3933 3324 4004 βασιλίδα
3347 3937 3599 4008 οὐρανῶν

2006 4024 2170 4086 ποιεῖ,
2217 4023 2280 4074 οὐ
2315 4025 2381 4094 τῇ
2410 4023 2507 4094 τῆς
2552 4023 2863 4095 ἀφθαρσίας
2895 4024 3143 4096 εὐγενείᾳ
3187 4026 3287 4095 τὴν
3316 4026 3483 4095 φύσιν
3509 4046 3599 4081 τι-

2007 4111 2124 4184 μῶν
2155 4113 2335 4184 μόνον,
2376 4113 2513 4168 ἀλλὰ
2563 4115 2657 4168 καὶ
2687 4117 2752 4187 τῇ
2790 4114 2989 4182 ἔξωθεν
3025 4116 3284 4188 περισολῇ
3317 4117 3599 4191 φιλοτιμό-

2005 4220 2180 4274 τερον,
2215 4204 2292 4266 ὡς
2321 4201 2517 4256 ἑαυτοῦ
2553 4202 2793 4275 νύμφην,
2841 4205 3101 4270 ποικίλως
3130 4206 3373 4277 κοσμῶν.
3416 4202 3529 4274 Ἧς
3565 4211 3599 4264 ό

2006 4296 2200 4366 ᾠδικὸς
2232 4296 2530 4367 θαυμάζων
2559 4296 2660 4368 τὴν
2678 4297 2857 4363 δόξαν,
2883 4299 3021 4370 πρὸς
3048 4301 3140 4354 τὸν
3163 4302 3395 4374 νυμφίον
3416 4302 3555 4375 φησί
3578 4320 3594 4334 ο

328 4402 388 4446 ut
416 4406 537 4462 qum
561 4405 707 4445 nunc
728 4389 911 4446 lacera
937 4397 1090 4444 veste
1117 4398 1174 4443 et
1205 4389 1389 4444 servili
1415 4389 1605 4444 habitu
1631 4389 1795 4462 65.3
1821 4391 1903 4445 vi-

2032 4388 2283 4461 Ιαρέστη
2314 4390 2354 4456 ἠ
2374 4389 2723 4453 ,βασίλισσα
2751 4391 2823 4443 ἐκ
2846 4390 3062 4456 δεξιῶν
3080 4408 3196 4447 σου
3210 4395 3281 4447 ἐν
3298 4394 3599 4465 ἱματισμῷ

325 4483 397 4536 lis
435 4483 747 4536 existimata
776 4490 895 4544 est,
926 4481 983 4534 in
1014 4495 1184 4550 regno
1212 4480 1473 4536 calorum
1502 4480 1686 4551 regina
1717 4491 1773 4535 et
1804 4496 1904 4535 no-

327 4572 454 4628 bilis
483 4579 539 4625 et
573 4579 768 4625 ornatu
801 4569 1073 4631 decorata,
1113 4570 1227 4642 regi
1251 4570 1790 4627 astans-inveniatur.
1824 4570 1903 4626 Ac

326 4663 575 4729 profecto
602 4661 897 4717 absurdum
922 4671 1029 4725 est.
1057 4671 1136 4727 ut,
1169 4677 1290 4717 cum
1318 4677 1550 4731 sponsus
1574 4662 1644 4716 ob
1669 4676 1823 4716 suum
1848 4662 1900 4716 in

323 4755 471 4809 illam
503 4766 766 4817 amorem,
800 4762 855 4809 et
885 4750 1221 4808 nobilitatem
1250 4762 1305 4806 et
1344 4752 1565 4807 divitias
1589 4763 1643 4807 et
1673 4752 1902 4820 ignomi—

325 4847 471 4899 niam
509 4853 902 4913 contemnens,
945 4853 1246 4901 extremam
1290 4845 1485 4899 Adami
1527 4852 1897 4914 paupertatem

326 4936 683 5002 sustinuerit,
727 4945 787 4990 ut
824 4952 924 4992 nos
957 4937 1103 4992 illius
1142 4946 1461 5007 paupertate
1491 4936 1789 4990 ditaremur
1812 4937 1859 4969 ’°
1881 4978 1894 5002 ,

325 5043 524 5097 sponsa
559 5044 627 5084 ne
661 5031 816 5099 paria
853 5029 1073 5101 quidem
1109 5045 1205 5100 pro
1240 5043 1338 5083 sua
1367 5026 1772 5083 immortalitate
1809 5029 1894 5087 ei.

322 5121 415 5188 qui
443 5129 663 5190 propter
686 5121 861 5190 ipsam
891 5130 1136 5176 mortuus
1161 5131 1275 5188 est,
1310 5120 1606 5190 rependat,
1636 5119 1731 5174 sed
1762 5119 1900 5173 mol-

322 5215 437 5268 litie
481 5224 536 5268 et
578 5213 789 5269 deliciis
821 5211 1065 5278 dilﬂuat,
1102 5229 1271 5284 seque
1296 5214 1365 5268 ad
1394 5213 1653 5267 mundum
1688 5225 1901 5266 accom-

392 5329 437 5359 ³⁸
466 5329 620 5383 Rom.
653 5344 769 5388 vin.
790 5329 878 5383 55.
954 5326 1003 5362 “
1025 5328 1210 5383 Matth.
1244 5344 1302 5394 ιι,
1329 5328 1418 5384 37.
1494 5327 1540 5359 ⁸⁸
1562 5326 1691 5383 Luc.
1716 5325 1932 5392 xw,55.

319 5398 363 5430 "
400 5399 717 5463 Psal.xuv,
751 5398 839 5452 10.
914 5397 1022 5454 "ll
1049 5399 1173 5454 Cor.
1207 5415 1299 5453 vui
1321 5439 1335 5463 ,
1365 5399 1420 5453 9.

533 5571 817 5644 derqvc.
847 5569 1096 5644 Nonnulli
1127 5573 1365 5644 codices,
1402 5572 1625 5644 θρόνων.

392 5638 509 5777 ξὶὒζ
533 5638 826 5695 Γυναῖκα.
856 5641 947 5697 Sic
974 5658 1104 5697 mss.
1140 5654 1267 5699 tres.
1298 5638 1462 5706 Editi',
1492 5645 1777 5709 γυναῖκας.

420 5708 481 5761 14
553 5709 1037 5777 Ἀποδείξιιντας,
1088 5712 1335 5772 Nonnulli
1389 5715 1626 5777 codices,
1692 5716 1777 5767 ἐπε

320 5708 509 5846 ειμι)
553 5709 1037 5781 ’Δποδείξιινταᾳ
1088 5712 1335 5772 Nonnulli
1389 5708 1626 5782 codices,
1692 5711 1896 5767 ἐπιδείο

358 5795 537 5845 ⁴έτ1ς,

358 5795 537 5845 Ξὸτὶς.

2010 4476 2314 4545 διαχρύσῳ
2329 4478 2818 4547 περιϐεϐλημένη,
2840 4482 3277 4552 πεποικιλμένη
3293 4499 3307 4512 ·
3327 4482 3469 4537 ὥστε
3491 4484 3597 4554 τὴν

2007 4568 2104 4621 νῦν
2139 4568 2371 4639 ρακώδει
2397 4568 2584 4639 ἐσθῆτι
2613 4570 2709 4623 καὶ
2738 4570 2968 4641 δουλικῷ
3008 4573 3250 4644 σχήματι
3275 4574 3470 4643 εὐτελῆ
3501 4593 3596 4629 νο-

2010 4659 2313 4730 μισθείσαν,
2336 4662 2404 4714 ἐν
2426 4664 2492 4733 τῇ
2530 4660 2776 4733 βασιλείᾳ
2794 4663 2905 4717 τῶν
2929 4664 3192 4737 οὐρανῶν,
3225 4664 3470 4735 βασιλίδα
3498 4669 3595 4721 καὶ

2006 4752 2257 4821 εὐγενίδα
2286 4754 2379 4806 καὶ
2410 4754 2599 4825 κόσμῳ
2626 4756 3031 4827 σεμνυνομένην
3058 4756 3136 4827 τῷ
3176 4756 3387 4827 βασιλεῖ
3446 4775 3593 4829 παρ-

2005 4844 2249 4898 εστῶσαν
2264 4845 2628 4917 εὑρίσκεσθαι.
2655 4847 2765 4900 Καὶ
2788 4846 2988 4903 ἄτοπον
3011 4847 3100 4901 τὸν
3130 4849 3228 4919 μὲν
3258 4850 3486 4919 νυμφίον
3500 4849 3593 4904 διὰ

2004 4934 2095 4989 τὸν
2121 4936 2249 5006 περὶ
2278 4935 2445 5006 αὐτὴν
2465 4936 2665 5007 ἔρωτα,
2695 4938 2790 4991 καὶ
2806 4936 3086 5007 εὐγενείας
3120 4940 3212 4992 καὶ
3240 4939 3472 4992 πλούτου
3492 4941 3589 4994 καὶ

2005 5028 2268 5099 αἰσχύνης
2326 5015 2838 5100 καταείρονήσαντα,
2892 5030 2991 5100 τὴν
3039 5031 3275 5103 ἐσχάτην
3313 5032 3587 5101 πτωχείαν

2005 5119 2100 5173 τοῦ
2145 5120 2315 5190 ’Δδὰμ
2348 5121 2659 5193 ὑπομεῖναι,
2713 5121 2779 5173 ἵν’
2807 5124 2968 5193 ἡμεῖς
3011 5125 3076 5192 τῇ
3106 5123 3317 5175 ἐκείνου
3344 5123 3591 5197 πτωχείᾳ

2010 5212 2430 5284 πλουτήσωμεν·
2466 5212 2563 5284 τὴν
2619 5213 2675 5266 δὲ
2720 5212 2937 5284 νύμφην
2980 5214 3117 5284 μηδὲ
3145 5218 3256 5277 τοῖς
3281 5215 3418 5277 ἴσοις
3442 5215 3589 5285 ὑπὲρ

2009 5323 2056 5356 ⁸⁵
2074 5321 2260 5378 Matth.
2281 5340 2394 5389 xu,
2411 5324 2503 5378 27.
2578 5325 2621 5356 ⁸⁷
2646 5326 2770 5380 ibid.
2794 5323 2886 5389 28,
2910 5325 3000 5380 ει).
3075 5326 3120 5357 ⁸⁸
3138 5325 3277 5382 Psal.
3296 5342 3467 5392 Lxxn,
3486 5327 3583 5381 28.

2080 5569 2190 5641 (l5)
2231 5569 2300 5623 Τὸ
2355 5567 2850 5641 προσκολλᾶσθαι
2881 5567 2963 5641 τῷ
3005 5568 3146 5641 Θεῷ.
3199 5568 3350 5623 Hunc
3403 5569 3584 5641 locum

2008 5637 2277 5694 edidimus
2310 5650 2366 5694 ut
2394 5637 2646 5694 ‘habetur
2682 5639 2732 5690 in
2770 5639 3006 5692 editione
3054 5637 3255 5691 νμιιιιιιι
3288 5651 3343 5692 ει
3379 5639 3585 5691 veto-ri-

2008 5710 2107 5760 bus
2153 5710 2322 5765 libris.
2377 5711 2551 5766 Editio
2599 5708 2796 5775 Paris,
2843 5709 3276 5778 προσκολλᾶσθαι
3328 5707 3406 5779 τῷ
3456 5706 3585 5781 Θίῴ

2009 5796 2130 5848 μου.
