3802 6216
196 332 293 388 725
1398 345 1602 402 LIBER
1643 347 1732 404 DE
1776 347 2231 405 VIRGINITATE.
3349 354 3444 410 72G

191 449 286 520 τῆς
314 451 525 518 εαυτῆς
578 450 889 523 ἀφθαρσίας
924 454 1016 505 τὸν
1060 454 1201 525 ὑπὲρ
1249 455 1419 525 αὐτῆς
1445 458 1764 515 ἀποθανόντι

1889 464 2101 530 modet,
2136 477 2232 518 nec
2264 477 2366 519 una
2406 478 2528 519 cum
2560 477 2658 529 eo,
2697 461 2788 536 qui
2813 472 3027 535 propter
3056 466 3224 536 ipsam
3255 481 3444 535 p:mper

192 540 541 609 ἀμείδεσθαι,
574 542 711 596 ἀλλά
746 546 1171 617 κατασπαταλᾷν
1200 548 1292 600 καὶ
1324 548 1656 620 θρύπτεσθαι
1682 552 1764 606 καῖ

1877 554 2055 613 factus
2077 564 2180 623 est,
2206 571 2410 627 pauper
2433 556 2505 611 sit
2525 563 2577 612 et
2601 556 2841 625 humilis,
2871 566 2923 611 ut
2952 573 3152 628 pauper
3178 557 3323 614 facta
3346 575 3448 613 una

191 630 264 702 τῷ
292 633 483 703 κόσμῳ
516 632 628 705 (16)
672 635 1196 707 συσχηματίξεσθαι,
1244 639 1338 692 καὶ
1364 639 1439 710 μὴ
1472 639 1551 712 τῷ
1586 641 1652 694 δι’
1678 643 1775 695 αὐ-

192 719 286 789 τὴν
342 721 725 792 πτωχεύσαντι
786 718 928 777 κατὰ
958 725 1048 778 τὸν
1086 726 1197 795 βίον
1248 727 1660 798 συμπτωχεύειν
1714 746 1774 782 τε

194 812 302 882 ἅμα
347 814 443 867 καὶ
491 814 882 870 ταπεινοῦσθαι
935 817 1069 888 (17),
1110 818 1197 871 ἵνα
1225 821 1317 873 καὶ
1348 821 1427 884 εἰς
1457 821 1548 873 τὸν
1575 823 1774 874 οἰκεῖον

193 907 286 976 τῆς
313 906 573 979 θεότητος
600 909 829 966 πλοῦτον
863 914 1137 968 ἐπανιόντι
1172 914 1339 985 αὐτῷ,
1383 919 1416 987 ἡ
1458 916 1537 987 τῷ
1578 917 1644 970 δι’
1675 918 1773 972 αὐ-

192 1000 284 1071 τὴν
322 1001 703 1072 πτωχεύσαντι
753 1006 1252 1078 συμπτωχεύσασα,
1316 1009 1569 1071 κοινωνός
1594 1025 1653 1061 τε
1680 1007 1771 1061 τοῦ

194 1089 415 1143 πλούτου
444 1092 542 1146 καὶ
580 1094 683 1164 τῆς
710 1093 986 1165 βασιλείας
1011 1099 1070 1150 ὲν
1092 1099 1341 1169 οὐρανοῖς
1370 1098 1589 1171 εὑρεθῇ.
1618 1099 1771 1170 Παρ-

192 1181 360 1253 υράτω
404 1184 701 1257 τοιγαροῦν
767 1188 875 1241 πᾶν
926 1188 987 1241 τὸ
1038 1190 1097 1243 ὲν
1140 1187 1261 1259 ὄψει
1290 1191 1633 1260 φαινόμενον,
1668 1189 1775 1243 κᾶν

194 1274 350 1328 καλοῦ
376 1275 506 1349 δόξῃ
537 1279 843 1348 φαντασίαν
870 1282 1020 1353 παρά
1045 1298 1186 1336 τισιν
1208 1280 1610 1353 ἀποφέρεσθαι·
1635 1282 1774 1352 μᾶλ-

192 1364 274 1419 λον
297 1366 351 1419 δὲ
377 1368 481 1438 τὴν
519 1370 699 1442 ἀρχὴν
733 1372 857 1443 μηδ’
891 1373 1026 1444 ὀρᾷν
1064 1373 1319 1442 ἀξιούτω.
1355 1375 1498 1428 Ἀλλ’
1519 1373 1773 1428 ἔκστασιν

193 1474 305 1511 τινα
326 1458 473 1512 θείαν
506 1460 631 1515 οἵαν
660 1461 952 1533 ὑπέμεινεν
981 1464 1011 1517 ό
1042 1464 1100 1517 ὲν
1140 1467 1207 1536 τῇ
1261 1464 1515 1520 ἐκστάσει
1557 1464 1728 1517 εἰπὼν
1755 1503 1772 1528 ,

193 1544 307 1614 Πᾶς
330 1548 646 1620 ἄνθρωπος
673 1555 966 1623 ψεύστης,
990 1555 1084 1610 ἐπὶ
1110 1558 1232 1620 ταῖς
1251 1555 1639 1628 αίσθήσεσικαὶ
1662 1558 1773 1619 τοῖς

194 1639 491 1705 συνδούλοις
520 1644 589 1697 ἐκ
607 1643 813 1698 τούτων
847 1647 1111 1715 ὲκστᾶσα,
1163 1647 1377 1720 γυμνῷ,
1413 1648 1577 1719 φημὶ,
1599 1645 1675 1718 τῷ
1698 1646 1774 1717 νῷ

192 1729 278 1783 τοῦ
304 1726 426 1785 καθ’
454 1734 663 1807 ἑαυτὴν
714 1735 919 1808 ἔρωτος
968 1738 1346 1812 ὲμφορείσθωο
1387 1738 1652 1811 μηδαμῶς
1676 1738 1774 1809 μὲν

1875 661 1996 700 cum
2031 661 2116 712 eo,
2143 647 2233 717 qui
2258 655 2479 717 propter
2505 647 2681 718 ipsam
2725 662 2929 718 pauper
2954 649 3123 703 factus
3151 657 3231 704 est
3253 688 3268 714 ,
3293 662 3358 705 eo
3386 651 3449 703 ad

1874 736 2122 804 proprias
2167 736 2466 793 divinitatis
2525 736 2742 792 divitias
2793 746 3133 802 revertente,
3184 739 3450 809 particeps

1876 825 2195 882 divitiarum
2230 839 2285 883 et
2324 830 2478 899 regni
2518 830 2572 884 in
2611 829 2765 885 caelis
2805 830 3126 889 inveniatur.
3159 828 3449 887 Praetereat

1875 933 2006 991 ergo
2031 918 2300 989 quidquid
2335 918 2507 975 oculis
2537 920 2798 980 cernitur,
2824 920 3071 990 quamvis
3107 919 3231 975 boni
3269 921 3450 976 videa-

1878 1022 1964 1065 tur
2016 1012 2256 1082 speciem
2314 1012 2455 1082 apud
2509 1011 2797 1069 nonnullos
2833 1012 3111 1078 obtinere;
3158 1013 3239 1068 vel
3273 1012 3451 1082 potius

1877 1117 1944 1156 ne
1972 1104 2217 1172 aspicere
2251 1104 2465 1173 quidem
2497 1104 2719 1158 omnino
2759 1103 3029 1172 dignetur.
3073 1103 3175 1158 Sed
3211 1104 3449 1159 divinam

1873 1190 2158 1260 quamdam
2189 1191 2445 1247 exstasim
2481 1191 2695 1261 qualem
2728 1190 2818 1246 ille
2846 1192 3239 1261 experiebatur,
3260 1194 3353 1262 qui
3392 1193 3452 1247 in

1875 1281 2076 1338 exstasi
2103 1281 2317 1338 dicebat
2369 1301 2381 1336 :
2425 1281 2609 1336 Omnis
2636 1283 2786 1337 homo
2812 1282 3123 1347 mendax“,
3160 1282 3453 1339 asensihus

1873 1382 1928 1429 et
1947 1374 2225 1453 conservis
2254 1374 2492 1429 sentiens
2512 1414 2527 1441 ,
2563 1374 2701 1428 nuda
2727 1415 2741 1439 ,
2774 1374 2989 1444 inquam
3014 1415 3029 1438 ,
3067 1383 3281 1438 mente,
3319 1389 3451 1429 con-

1874 1468 2087 1536 gruenti
2138 1467 2238 1522 sibi
2292 1482 2479 1522 amore
2532 1467 2762 1521 satietur
2810 1485 2823 1520 :
2883 1466 3189 1521 nullatenus
3232 1467 3451 1535 quidem

1874 1568 2147 1630 aspectum
2172 1569 2265 1615 aut
2296 1569 2495 1614 motum
2525 1571 2617 1614 aut
2644 1573 2950 1615 sermonem
2974 1573 3131 1614 suum
3156 1558 3443 1614 libidinose

1874 1647 1926 1702 in
1962 1649 2195 1718 aliquem
2231 1648 2410 1703 ferens
2437 1688 2451 1712 ,
2499 1648 2591 1703 sed
2625 1664 2826 1704 omnes.
2851 1662 2978 1702 suas
3006 1646 3294 1703 facultates
3321 1662 3450 1717 pro-

1875 1738 1977 1807 prii
2022 1741 2204 1809 εροηεί
2257 1739 2484 1817 ancillas
2532 1738 2790 1795 elﬁciens.
2837 1736 2973 1797 Nam
3003 1754 3125 1794 cum
3169 1739 3216 1794 is
3252 1739 3452 1807 ubique

197 1821 264 1892 μὴ
295 1822 535 1896 βλέμμα,
593 1826 667 1899 μὴ
699 1828 930 1900 κίνημα,
965 1829 1040 1901 μὴ
1083 1831 1241 1900 λόγον
1280 1831 1480 1902 ἑαυτῆς
1503 1829 1764 1901 ἐμπαθῶς

1875 1842 2088 1897 cernat,
2129 1833 2400 1886 internum
2438 1831 2584 1887 illius
2636 1829 2888 1886 affectum
2914 1830 2969 1885 in
3001 1828 3251 1887 omnibus
3280 1844 3448 1886 accu-

195 1914 319 1983 πρός
344 1933 466 1969 τινα
497 1918 769 1989 φέρουσα⁹
808 1920 936 1984 ὅλας
958 1921 1014 1975 δὲ
1046 1923 1248 1992 ἑαυτῆς
1275 1921 1373 1986 τὰς
1401 1923 1658 1993 δυνάμεις
1683 1921 1770 1975 θε-

1884 1924 2056 1978 ratius
2091 1923 2422 1979 considerat.

198 2006 453 2073 ραπαίνας
486 2009 585 2062 τοῦ
632 2010 836 2065 οἰκείου
880 2014 1113 2084 νυμφίου
1166 2015 1415 2070 ποιοῦσα.
1482 2011 1764 2085 Πανταχοῦ
1803 2014 1911 2085 γὰρ
1945 2014 2108 2087 ὁρῶν,
2133 2017 2193 2070 τὺ
2220 2016 2522 2071 ἐνδιάθετον
2547 2018 2845 2090 αύτῆςῌδὶ
2897 2017 2985 2073 διὰ
3046 2016 3263 2073 πάντων
3289 2019 3449 2090 ἀκρι-

192 2100 335 2155 ϐέστε
342 2117 433 2171 ρον
462 2103 925 2161 κατασκέπτεται.

251 2192 336 2247 27.
366 2195 479 2248 Καὶ
538 2198 662 2249 κατ’
714 2198 867 2251 οὐδὲν
897 2199 977 2253 δεῖ
1007 2199 1170 2271 μέρος
1213 2200 1312 2272 τὴν
1347 2201 1616 2275 παρθένον
1650 2219 1771 2274 μοι-

191 2281 453 2351 χεύεσθαι,
511 2285 593 2356 μὴ
652 2285 894 2361 γλώσσῃ,
949 2291 1024 2362 μὴ
1062 2293 1223 2365 ἀκοῇ,
1261 2293 1336 2364 μὴ
1379 2292 1664 2365 ὀφθαλμῷ,
1696 2292 1771 2363 μὴ

194 2375 317 2445 ἀφῇ,
349 2376 424 2448 μὴ
476 2377 618 2450 ἄλλῃ
648 2380 757 2434 τινὶ
804 2381 1038 2446 συνόλως
1081 2384 1350 2455 αἰσθήσει,
1382 2384 1463 2437 ἔτι
1487 2384 1544 2439 δὲ
1570 2383 1771 2456 μᾶλλον

190 2464 250 2533 τῇ
277 2463 483 2538 διανοίᾳ
508 2481 523 2494 ·
583 2467 722 2522 ἀλλά
767 2469 829 2523 τὸ
872 2471 970 2542 μὲν
1003 2470 1182 2544 σῶμα,
1213 2472 1543 2545 ὥσπερτινά
1579 2474 1705 2528 ναὸν
1735 2473 1769 2545 ἢ

197 2556 386 2611 name
431 2557 528 2613 τοῦ
593 2561 850 2632 νυμφίου,
884 2562 1028 2633 ἔχειν
1061 2565 1487 2637 εὐτρεπισμένον
1520 2605 1536 2632 ,
1569 2567 1667 2637 τὴν
1714 2566 1771 2619 δὲ

193 2643 371 2718 ψυχὴν·
392 2650 450 2704 ἐν
489 2651 670 2722 τούτῳ
694 2652 843 2724 αὐτῷ
874 2654 1092 2727 νύμφην
1124 2657 1369 2730 καθαρὰν
1400 2656 1764 2722 συνευνάζειν.

204 2739 435 2812 Ἀκριθοῖ
453 2743 569 2814 γὰρ
602 2734 758 2808 οὗτος
782 2745 843 2797 οὐ
877 2746 947 2799 τὰ
975 2744 1283 2818 ἀνθρώπων
1301 2748 1598 2819 ὀφθαλμοῖς
1632 2747 1770 2819 ὁρώ-

200 2850 343 2901 μενα,
371 2833 508 2888 ἀλλά
535 2836 636 2889 καὶ
664 2836 735 2889 τὰ
757 2837 816 2889 ὲν
836 2840 901 2909 τῇ
933 2837 1144 2909 διανοίᾳ
1169 2839 1524 2904 λανθάνοντα,
1551 2841 1646 2894 καὶ
1668 2841 1769 2895 οὐκ

195 2922 253 2977 ἀν
274 2942 353 2989 τις
386 2929 755 2998 μοιχευομένη
775 2927 928 2983 λάθοι
952 2930 1141 2983 τούτου
1163 2931 1224 2985 τὸ
1249 2932 1422 3003 ὄμμα.
1444 2933 1511 2984 Αἱ
1542 2932 1639 3004 μὲν
1660 2932 1768 3004 γάρ

198 3014 397 3086 θνητοῖς
428 3019 660 3092 ἀνδράσι
690 3011 952 3088 συζῶσαι,
978 3024 1105 3077 ὅταν
1137 3024 1276 3095 πρὸς
1320 3024 1520 3077 κακίαν
1555 3025 1768 3079 ὀκείλα-

198 3123 279 3161 σαι
308 3108 372 3162 τὰ
397 3109 499 3181 τῆς
531 3111 779 3182 μοιχείας
804 3113 1282 3185 περιεργάζωνται
1303 3115 1413 3185 (19)
1442 3115 1763 3187 πράγματα,

198 3198 283 3261 τᾶς
310 3216 368 3253 τε
397 3201 642 3266 εἰσόδους
667 3203 763 3257 καὶ
802 3202 902 3267 τὰς
950 3203 1163 3269 ἐξόδους
1200 3203 1306 3257 τῶν
1336 3204 1546 3276 ἀνδρῶν
1573 3207 1764 3276 ἐπιτη-

201 3286 391 3358 ροῦσαι,
424 3292 521 3346 καὶ
548 3291 612 3345 τὸ
642 3292 796 3364 ὄμμα
829 3295 922 3348 καὶ
949 3294 1224 3366 τὴνὰκοὴν
1255 3294 1434 3352 αὐτῶν
1460 3294 1535 3358 ὡς
1562 3294 1640 3349 ἔνι
1665 3297 1768 3367 μά-

197 3376 340 3434 λιστα
388 3382 715 3456 πανούργως
754 3384 1141 3454 φυλάττουσαι,
1185 3384 1278 3439 καὶ
1313 3386 1373 3438 τὸ
1418 3385 1640 3457 λεληθὸς
1674 3387 1766 3441 καὶ

1947 2196 2037 2252 27.
2081 2195 2235 2252 Nuna
2272 2198 2414 2253 enim
2454 2207 2608 2269 parte
2645 2196 2883 2253 adultera
2916 2200 3068 2269 virgo
3096 2213 3216 2254 esse
3254 2199 3443 2268 debet,

1873 2305 1978 2345 non
2009 2289 2191 2359 lingua
2213 2328 2229 2354 ,
2262 2304 2369 2344 non
2394 2290 2579 2344 auditu
2604 2329 2620 2356 ,
2651 2305 2757 2344 non
2780 2289 2938 2344 oculo
2956 2329 2970 2352 ,
2997 2305 3101 2345 non
3131 2299 3307 2356 tactu,
3339 2306 3445 2345 non

1873 2380 1987 2435 ullo
2008 2378 2114 2434 alio
2137 2393 2361 2449 prorsus
2389 2394 2573 2445 sensu,
2602 2379 2877 2447 multoque
2904 2378 3082 2435 minus
3110 2379 3322 2447 animo;
3348 2380 3449 2436 sed

1872 2487 2073 2543 corpus
2091 2472 2331 2541 quidem,
2352 2471 2519 2526 veluti
2546 2480 2590 2526 tr
2602 2471 2801 2541 mplum
2821 2482 2912 2527 aut
2934 2472 3221 2527 thalamum
3240 2472 3446 2543 sponsi,

1873 2564 1972 2620 rite
2001 2563 2357 2634 compositum
2390 2564 2612 2628 habere,
2642 2578 2705 2619 ac
2736 2563 2790 2617 in
2825 2578 2890 2620 eo
2915 2562 3157 2619 animam
3186 2578 3291 2619 una
3321 2578 3445 2620 cum

1870 2668 2068 2725 sponso
2098 2655 2365 2725 integram
2396 2669 2652 2723 sponsam
2683 2655 2976 2712 collocare.
3012 2655 3284 2712 Accurate
3300 2655 3445 2712 enim

1871 2742 2124 2813 explorat
2147 2743 2236 2798 ille
2262 2759 2369 2798 non
2397 2758 2461 2798 ea
2494 2743 2667 2799 solum
2692 2760 2810 2815 qua:
2830 2745 3108 2801 hominum
3136 2731 3303 2803 oculis
3323 2762 3444 2803 cer-

1870 2844 2094 2903 nuntur,
2132 2834 2225 2891 sed
2255 2848 2317 2890 ea
2343 2835 2508 2890 etiam
2536 2851 2655 2904 quae
2684 2836 2736 2891 in
2767 2837 2948 2892 animo
2978 2836 3179 2904 latent,
3217 2852 3316 2894 nec
3340 2837 3446 2892 ulls

1870 2926 2115 2983 adultera
2144 2927 2262 2998 ejus
2290 2927 2477 2983 oculos
2500 2926 2768 2997 effugerit.
2794 2925 2927 2983 Nam
2952 2942 3071 2998 quae
3093 2943 3216 2984 cum
3244 2938 3446 2985 morta-

1869 3018 2008 3076 libus
2027 3020 2161 3075 viris
2178 3019 2401 3091 degunt,
2424 3034 2548 3074 cum
2576 3018 2720 3075 tacto
2742 3020 2793 3074 in
2818 3020 2963 3074 vitiis
2984 3033 3269 3090 progressu
3292 3020 3446 3075 adul-

1868 3112 1991 3168 terii
2029 3107 2323 3166 moliuntur
2348 3126 2512 3182 opera
2537 3150 2552 3176 ,
2606 3111 2863 3165 introitus
2894 3119 2949 3166 et
2986 3110 3165 3166 exitus
3202 3111 3443 3166 virorum

1867 3205 2241 3268 observantes,
2271 3218 2568 3273 eorumque
2593 3202 2808 3259 oculum
2836 3213 2892 3258 et
2924 3217 3109 3259 aurem
3130 3243 3145 3268 ,
3182 3211 3442 3272 quantum

1868 3296 1987 3353 ﬁeri
2023 3297 2261 3353 maxime
2293 3306 2508 3367 potest,
2555 3296 2750 3351 callide
2792 3294 3139 3364 esplorantes
3161 3336 3176 3362 ,
3212 3296 3445 3350 latenter

1869 3389 2146 3445 adulteros
2178 3403 2459 3444 sermones
2481 3396 2533 3444 et
2562 3397 2813 3457 aspectus
2846 3387 3117 3453 furantur,
3144 3402 3208 3444 ac
3234 3402 3362 3444 aure
3387 3398 3443 3441 et

197 3470 337 3541 λόγον
367 3475 617 3547 μοιχικὸν
653 3478 748 3531 καὶ
777 3476 997 3549 βλέμμα
1028 3478 1141 3550 (20)
1170 3478 1523 3544 κλέπτουσαι,
1549 3481 1643 3533 καὶ
1668 3478 1764 3552 τὴν

1875 3477 2041 3534 oculis
2075 3479 2363 3549 impudicae
2408 3477 2700 3549 voluptatis
2748 3481 3053 3534 satietatem
3098 3478 3332 3547 capiunt.
3371 3479 3442 3532 At

200 3565 351 3639 ἀκοὴν
377 3570 471 3624 καὶ
499 3568 603 3639 τὴν
634 3569 758 3640 ὄψιν
796 3573 931 3643 πρὸς
964 3573 1062 3643 τὴν
1097 3571 1396 3625 ἀκόλαστον
1426 3572 1622 3643 ἡδονὴν
1664 3573 1766 3643 ἐμ-

200 3659 492 3729 φοροῦνται.
552 3661 619 3715 Ἡ
647 3661 706 3716 δὲ
737 3661 816 3735 τῷ
856 3664 1043 3734 Κυρίῳ
1081 3664 1488 3735 νυμφευομένη,
1523 3666 1583 3718 οὐ
1609 3665 1767 3718 δυνα-

203 3749 324 3822 μένη
354 3751 475 3805 οὔτε
503 3753 609 3823 τὴν
656 3752 799 3823 ὄψιν,
834 3751 956 3806 οὔτε
985 3754 1085 3824 τὴν
1115 3753 1304 3826 ἀκοὴν,
1342 3751 1466 3807 οὔτε
1487 3753 1587 3826 τὴν
1625 3772 1766 3826 παρ-

206 3842 377 3897 ουσίαν
414 3846 630 3914 φυγεῖν,
668 3846 727 3898 ὲν
785 3845 906 3915 ὕψει
952 3845 1117 3899 αὐτοῦ
1150 3845 1365 3903 ἅπαντα
1399 3846 1765 3919 πράττει..Διὸ

202 3931 271 3984 δεῖ
297 3935 391 4005 τὴν
431 3935 725 4007 παρθένον,
768 3933 871 3989 κᾶν
905 3935 1040 4007 μόνη
1078 3952 1131 3988 τι
1156 3934 1312 4008 λαλῇ,
1339 3934 1562 4001 ειδέναι,
1592 3935 1674 3990 ὅτι
1707 3937 1764 3989 ἐν

201 4022 373 4089 ἀκοαῖς
399 4026 493 4081 τοῦ
526 4027 767 4098 νυμφίου
804 4026 958 4080 λαλεῖ
977 4043 992 4058 ο
1024 4026 1128 4080 κᾶν
1156 4026 1370 4100 πράττῃ
1399 4045 1451 4081 τι
1481 4028 1638 4101 μόνη,
1689 4028 1765 4101 μὴ

202 4114 416 4184 ἀγνοεῖν,
442 4120 524 4173 ὅτι
557 4118 700 4174 τοῦτ’
733 4118 976 4191 ἀκριϐῶς
1008 4113 1161 4184 οὗτος
1191 4119 1311 4191 ὁρᾷο
1353 4119 1458 4174 κᾶν
1507 4121 1662 4192 ὲννοῇ
1687 4137 1762 4185 τι,

204 4208 473 4263 πεπεῖσθαι
504 4213 592 4265 ὃτι
619 4209 785 4277 ὀξέως
811 4209 967 4263 τοῦτο
1000 4209 1315 4280 κινούμενον
1358 4211 1452 4264 ἐπὶ
1494 4210 1598 4281 τῆς
1624 4228 1761 4283 καρ-

203 4297 305 4365 δίας
331 4304 738 4358 ὲπισκὲπτεται.
762 4300 1007 4370 Ποιήσει
1029 4301 1142 4372 γάρ
1166 4318 1277 4369 τις,
1306 4305 1491 4375 φησιν,
1522 4304 1593 4357 ἐν
1620 4321 1763 4372 κρυ-

202 4392 399 4460 φαίοις,
448 4395 551 4449 καὶ
589 4396 661 4449 οὐ
689 4394 1028 4466 Meropa”
1079 4395 1190 4449 Kal.
1213 4394 1332 4460 πῶς
1377 4397 1430 4448 '0
1454 4397 1764 4466 φυτεύσας

205 4482 263 4535 τὸ
287 4480 407 4552 οὖς,
438 4489 553 4542 οὐκ
589 4478 949 4567 ἀκούσεέακ
980 4486 1019 4555 ἢ
1051 4489 1082 4540 d
1124 4485 1369 4552 πλάσας
1398 4486 1506 4541 τὸν
1537 4488 1762 4557 ὀφθαλ-

199 4572 321 4639 μὸν,
368 4579 438 4632 οὐ
465 4576 780 4640 naturast;
823 4578 893 4635 Ἦ
954 4577 1017 4630 '0
1065 4576 1362 4630 παιδεύων
1411 4575 1592 4645 ἔθνη,
1626 4576 1763 4646 οὐχὶ

205 4662 442 4734 ἐλέγξεκ
510 4669 576 4721 '0
613 4666 917 4722 διδάσκων
979 4667 1294 4735 ἄνθρωπον
1341 4666 1587 4738 γνῶσιν,
1644 4668 1763 4732 πῶς

206 4746 341 4819 οὗτος
360 4758 419 4810 οὐ
442 4758 512 4810 τὰ.
541 4757 719 4812 πάντα
746 4758 1034 4826 γνώσεται,
1075 4750 1151 4826 τῼ
1202 4755 1401 4810 πάντα
1426 4756 1622 4826 γυμνὰ
1659 4754 1761 4809 καὶ

207 4846 693 4916 τετραχηλισμένα
721 4845 844 4910 τοῖς
868 4844 1197 4915 ὀφθαλμοῖς
1217 4846 1439 4909 αὐτοῦ;
1469 4845 1567 4899 Διά
1596 4844 1756 4899 τοῦτο

1869 3571 2079 3627 Domini
2117 3585 2345 3641 sponsa,
2385 3585 2506 3624 cum
2545 3585 2650 3624 non
2692 3569 2860 3637 possit
2889 3583 2989 3623 nec
3018 3577 3289 3637 aspectum
3322 3569 3442 3640 ejus

1867 3675 1968 3716 nec
1997 3658 2235 3716 auditum
2256 3701 2273 3727 ,
2295 3671 2392 3713 nec
2413 3658 2755 3728 praesentiam
2774 3655 3030 3728 eﬂugere,
3053 3657 3106 3712 in
3129 3656 3301 3713 oculis
3320 3657 3439 3725 ejus

1865 3751 2047 3806 omnia
2061 3748 2210 3806 facit.
2231 3749 2575 3820 Quapropter
2586 3756 2799 3817 oportet
2818 3759 2875 3802 ut
2895 3748 3064 3819 virgo,
3088 3749 3301 3804 etiamsi
3325 3747 3439 3805 sola

1871 3844 2076 3914 aliquid
2124 3844 2397 3914 loquatur,
2444 3843 2582 3898 sciat
2614 3856 2675 3897 se
2704 3843 2757 3895 in
2790 3842 2971 3911 sponsi
2997 3841 3217 3896 auribus
3246 3840 3393 3917 loqui
3424 3857 3443 3895 :

1865 3936 2078 3991 etiamsi
2119 3936 2234 3992 sola
2275 3934 2475 4004 aliquid
2509 3933 2698 3999 faciat,
2725 3947 2833 3988 non
2860 3934 3070 4003 ignoret
3094 3932 3148 3987 id
3168 3933 3237 3986 ab
3264 3946 3330 3987 eo
3352 3947 3443 3986 ac-

1868 4036 2053 4084 curate
2091 4027 2370 4098 perspici:
2410 4028 2623 4083 etiamsi
2671 4025 2800 4095 quid
2843 4026 3042 4096 cogitet
3067 4028 3441 4096 ,Qpersuasum

1864 4119 2061 4174 habeat
2102 4118 2156 4174 id
2184 4119 2366 4174 statim
2407 4119 2461 4173 in
2499 4119 2663 4174 corde
2691 4125 3021 4173 commotum
3056 4116 3124 4172 ab
3153 4130 3218 4172 eo
3243 4132 3443 4189 cogno-

1865 4212 1965 4267 sci.
1998 4210 2184 4265 Faciet
2213 4211 2353 4264 enim
2381 4212 2532 4281 quis,
2567 4210 2777 4280 inquit,
2801 4211 2858 4275 in
2883 4209 3079 4263 abditis
3099 4249 3114 4274 ,
3143 4218 3193 4276 et
3224 4226 3326 4275 non
3347 4226 3442 4264 co-

1864 4302 2222 4371 gnoscam"?
2263 4300 2328 4355 Et
2363 4300 2634 4370 quomodo
2675 4298 2780 4365 Qui
2815 4299 3076 4377 plantavit
3115 4315 3294 4353 aurem
3336 4314 3441 4353 non

1864 4393 2087 4448 audiet?
2123 4401 2172 4448 et
2198 4393 2289 4462 qui
2322 4391 2478 4460 ﬁnxit
2524 4391 2733 4446 oculum
2755 4430 2771 4456 ,
2818 4406 2924 4445 non
2965 4389 3302 4449 considerat?
3331 4391 3437 4444 Aut

1867 4482 1973 4550 Qui
1997 4484 2211 4554 corripit
2245 4492 2440 4553 gentes,
2476 4499 2579 4538 non
2611 4484 2841 4553 arguet?
2880 4482 2984 4559 Qui
3005 4482 3151 4536 docet
3174 4481 3438 4535 hominem

1864 4577 2159 4641 scientiam,
2187 4575 2458 4645 quomodo
2485 4575 2573 4630 ille
2598 4591 2704 4641 non
2726 4576 2908 4638 omnia
2938 4585 3226 4645 cognoscet
3240 4573 3307 4641 ”,
3336 4570 3439 4628 Cui

1864 4666 2043 4720 omnia
2074 4666 2217 4720 nuda
2247 4677 2367 4720 sunt
2392 4678 2441 4721 et
2469 4676 2650 4735 aperta
2671 4664 3019 4742 Macula}
3047 4666 3163 4735 ejus
3179 4664 3264 4719 “‘i
3292 4663 3440 4731 Qua-

1834 4752 2084 4828 propter
2115 4760 2277 4813 homo
2310 4759 2553 4827 peccati,
2592 4767 2773 4814 mente
2812 4767 3116 4814 excazcatus
3144 4772 3176 4811 a
3210 4755 3432 4827 propria

1864 4849 2127 4920 nequitia,
2152 4863 2218 4903 ac
2242 4852 2594 4920 semetipsum
2622 4848 2896 4917 decipiens
2914 4889 2930 4914 ,
2963 4849 3105 4903 dicat
3125 4888 3140 4912 ,
3167 4855 3227 4902 ut
3260 4847 3435 4901 libue-

207 4934 345 5004 ὁμὲν
388 4941 485 5011 τῆς
530 4939 806 5011 ἁμαρτίας
837 4937 1141 5009 ἄνθρωπος,
1190 4938 1600 5008 τετυφλωμένος
1648 4938 1755 4992 ὑπὸ

1875 4941 1933 4994 rit
1964 4958 1978 4995 :
2016 4937 2267 4994 Tenebrae
2292 4950 2605 5009 operuerunt
2632 4956 2743 5005 me,
2783 4949 2831 4994 et
2862 4941 3085 5009 parietes
3120 4941 3178 4993 in
3206 4937 3434 4995 circuitu

207 5025 292 5093 τῆς
322 5027 449 5094 ἰδίας
482 5029 782 5102 μοχθηρίας
834 5030 925 5082 τὸν
963 5029 1108 5093 νοῦν,
1144 5031 1237 5083 καὶ
1279 5030 1468 5084 ἑαυτὸν
1507 5029 1752 5095 ἀπατῶν,

1860 5048 1974 5088 meo
1998 5072 2014 5099 ,
2056 5033 2176 5103 quis
2212 5048 2294 5087 nte
2320 5032 2456 5088 videt
2476 5033 2564 5087 ⁸⁸2
2591 5032 2722 5101 Quae
2749 5048 2882 5088 vero
2908 5046 3100 5102 purum
3137 5032 3318 5101 sponsi
3347 5023 3434 5086 ῐιι-

270 5230 304 5261 "
334 5231 605 5295 Psal.csv,
636 5234 724 5288 ll.
801 5232 847 5265 ”
875 5231 1073 5287 Jerem.
1107 5247 1262 5294 xxiii,
1286 5231 1378 5285 24.
1456 5233 1501 5264 ”
1532 5231 1674 5287 Psal.
1699 5246 1763 5289 xc

1879 5231 1932 5296 9,
1960 5232 2048 5291 ιθ.
2124 5234 2170 5266 ’⁸
2199 5233 2362 5292 Hebr.
2396 5251 2471 5303 tv,
2499 5236 2583 5292 i5.
2661 5237 2706 5268 "
2736 5235 2900 5293 Eccli.
2924 5249 3078 5299 χχιιι,
3102 5233 3190 5289 26.

275 5434 375 5511 (16)
402 5440 627 5511 Κόσμῳ.
653 5437 972 5511 Partstettsis
1013 5438 1178 5511 editio
1212 5437 1358 5511 addit
1382 5438 1580 5511 τούτῳ,
1610 5438 1753 5511 quod

215 5515 311 5583 ("'9
331 5508 376 5558 in
409 5506 602 5563 Veneta
628 5524 725 5583 nec
755 5509 806 5583 in
857 5524 985 5564 mss.
1015 5509 1230 5580 legitur.
1282 5506 1484 5564 Ibidem
1512 5506 1754 5565 nonnulli

213 5573 419 5648 N'iigvsi.
448 5578 907 5648 σχηματίζεσθαι..

237 5640 860 5719 ,(Π-ινταὶὲτὲινοῦσθηι.
905 5648 1000 5703 Hic
1033 5663 1245 5717 quoque
1279 5647 1599 5704 Parisiensis
1642 5651 1755 5706 edi-

219 5715 457 5788 tioladdit,
485 5718 784 5785 βούλεσθαι,
814 5721 954 5788 qttml
979 5715 1099 5772 alibi
1127 5715 1231 5772 non
1266 5719 1549 5784 reperitur.

1863 5455 2083 5511 prorsus
2111 5441 2450 5511 auctoritate.

1937 5510 2049 5582 (l9)
2096 5508 2607 5582 Περιεργαζωνται.
2668 5510 2758 5566 Sic
2812 5510 3051 5566 nonnulli
3089 5526 3220 5566 mss.
3269 5509 3435 5575 Editi,

1864 5580 2337 5653 περιεργάζονται.

1931 5648 2041 5721 (20)
2071 5648 2267 5720 Λόγον
2300 5650 2576 5720 μοιχικὸν
2612 5651 2711 5705 καὶ
2735 5650 2996 5721 βλέμμα.
3035 5652 3127 5705 Sic
3154 5663 3255 5719 ope
3286 5648 3435 5721 Regii

1859 5710 2061 5775 codicis
2082 5710 2221 5800 287$]
2261 5710 2668 5802 cnverijlavimus
2706 5710 2975 5796 vulgatam
3007 5710 3292 5783 lectionem
3346 5710 3437 5774 λδ-

278 5779 376 5855 (18)
402 5779 612 5860 Αὐτῆς.
649 5779 975 5854 Addit'EOo;
1023 5791 1209 5847 eadem
1257 5779 1420 5847 editio
1470 5788 1586 5846 sine
1646 5790 1752 5849 ulla

1875 5807 1968 5860 {tW
1999 5790 2261 5862 μοιχικῶν
2287 5790 2383 5846 καὶ
2407 5791 2786 5865 βλεμμάτωψμ
