3802 6216
308 256 408 312 7‘27

1276 256 1618 312 APPENDIX
1656 257 1940 315 OPERUM
1978 259 2035 315 S.
2076 258 2323 316 BASILII
2362 261 2593 317 MAG-Nl.

3447 259 3559 314 728

313 396 435 434 men
466 393 682 449 semper
710 378 934 446 suscipit
968 387 1146 433 mente
1177 392 1276 433 sua
1305 418 1322 445 ,
1357 389 1518 450 prout
1542 379 1761 450 dignum
1800 390 1914 444 est,

2108 381 2252 434 θέλει
2297 382 2503 450 λεγέτω
2556 379 2700 451 (21)·
2738 380 2962 444 Σκότος
2994 378 3287 431 καλύπτει
3307 394 3406 445 με,
3460 378 3562 430 καὶ

310 471 616 542 prudentia,
640 486 757 541 quae
787 472 888 540 ipsi
919 471 1097 526 inesse
1118 471 1314 538 debet,
1342 470 1408 527 ad
1450 473 1658 542 singula
1700 472 1878 527 excla-

315 570 418 617 met
446 581 459 617 :
491 561 631 627 Quia
660 561 882 616 tenebrae
911 577 1015 615 non
1055 561 1480 616 obscurabuntur
1504 578 1537 615 a
1570 571 1619 617 te
1641 578 1660 616 :
1690 571 1738 616 et
1776 577 1881 616 nos;

315 654 447 707 sicut
467 653 579 707 dies
606 652 989 707 illuminabitur
1009 667 1030 708 :
1049 654 1185 708 sicut
1210 653 1435 708 tenebras
1457 653 1589 722 ejus,
1620 655 1698 706 ita
1720 661 1771 707 et
1793 653 1881 706 lu-

318 760 435 799 men
462 749 574 813 ejus
597 742 665 795 ⁸⁸.
700 742 901 798 Probet
928 742 1092 812 igitur
1110 757 1265 799 suum
1289 743 1460 811 ipsius
1483 750 1755 811 aspectum
1779 742 1883 797 Do-

321 834 447 889 mini
475 847 695 903 sponsa,
718 843 772 888 et
794 834 838 888 si
867 833 1138 890 cernendo
1164 832 1419 905 placebit,
1451 841 1579 887 tunc
1603 847 1723 887 eum
1750 849 1883 888 con-

322 925 492 980 ﬁdens
518 924 772 980 movebit.
817 923 913 978 Sin
949 936 1127 978 autem
1153 924 1374 979 minime
1402 924 1634 993 placebit
1664 938 1883 995 sponso,

321 1016 665 1085 semetipsam
701 1030 807 1069 non
839 1015 1096 1085 decipiat,
1124 1015 1248 1083 quia
1278 1029 1305 1067 a
1333 1013 1479 1069 nullo
1502 1013 1720 1069 homine
1742 1014 1888 1069 vide-

322 1118 431 1171 tttt‘,
478 1101 625 1160 illum
664 1107 829 1161 etiam
867 1120 986 1161 sese
1027 1107 1346 1161 existimans
1375 1105 1561 1160 latere.
1601 1106 1693 1161 Sic
1724 1106 1886 1160 etiam

321 1197 625 1252 consideret
645 1210 949 1251 sermonem
974 1204 1030 1252 et
1051 1197 1426 1267 cogitationes,
1450 1204 1504 1248 et
1527 1196 1888 1263 membrorum

328 1303 391 1342 ac
423 1287 712 1358 digitorum
742 1286 985 1357 singulos
1009 1285 1308 1357 motus.{Ac
1334 1300 1430 1357 per
1461 1288 1575 1342 haec
1596 1285 1814 1355 quidem
1843 1286 1892 1341 si

331 1377 557 1434 Domino
586 1377 833 1448 placeat,
859 1388 1140 1434 moveatur
1165 1377 1233 1433 ad
1266 1376 1476 1450 singula
1505 1393 1520 1431 :
1549 1391 1706 1432 secus
1731 1391 1888 1442 vero,

329 1471 505 1538 illius,
535 1478 718 1541 utpote
746 1471 1018 1526 cernentis
1046 1510 1060 1536 ,
1088 1478 1403 1526 revereatur
1432 1477 1730 1539 aspectum.
1756 1466 1893 1522 Nam

330 1567 374 1619 si
403 1564 629 1620 sollicita
651 1572 737 1620 est
759 1565 1024 1632 quomodo
1046 1563 1257 1633 placeat
1282 1562 1533 1629 Domino,
1555 1560 1688 1617 nihil
1711 1562 1890 1628 debet,

330 1656 471 1724 quod
496 1672 602 1712 non
630 1657 706 1712 illi
739 1657 968 1727 placeat,
992 1655 1189 1711 facere.

1979 476 2035 527 οἱ
2051 473 2237 541 τοῖχοι
2265 474 2470 538 κύκλῳ
2489 489 2633 542 μου,
2659 471 2760 527 καὶ
2785 471 2876 536 τίς
2902 487 2979 540 με
2999 466 3142 538 ὀρᾷ;
3182 468 3246 520 Ἡ
3268 467 3325 520 δὲ
3360 465 3423 519 τὸ
3443 465 3564 535 φῶς

1978 564 2073 618 τοῦ
2106 566 2340 637 νυμφίου
2386 564 2626 639 καθαρὸν
2653 565 2742 618 ἀεὶ
2781 565 2863 626 είς
2900 561 2992 616 τὸν
3019 559 3216 629 ἑαυτῆς
3246 558 3371 611 νοῦν
3409 558 3567 626 δεχο-

1981 658 2142 728 μένη,
2177 658 2245 711 τὰ
2271 658 2398 725 ἀξια
2424 658 2524 728 τῆς
2558 656 2879 728 ὀφειλούσης
2907 654 3046 726 αὐτῇ
3093 653 3374 724 προσεῖναι
3432 667 3565 710 συν-

1983 749 2150 812 έσεως
2179 750 2519 818 ὲπιφωνείτω
2585 749 2706 803 καθ’
2763 747 3027 801 ἕκαστονσ
3063 744 3194 797 Ὀτι
3225 742 3445 819 σκότος
3487 743 3566 795 οὐ

1984 841 2446 909 σκοτισθήσεται
2473 841 2590 897 ἀπὸ
2613 839 2759 898 σοῦ·
2802 840 2901 895 καὶ
2927 838 3044 903 νὺξ
3083 837 3160 904 ὡς
3189 833 3376 905 ἡμέρα
3398 849 3573 903 φωτισ

1984 931 2275 998 σθήσεται
2293 951 2306 965 ·
2334 934 2414 1000 ὡς·
2438 932 2505 987 τὸ
2542 934 2761 999 σκότος
2792 929 3004 999 αὐτῆς,
3028 929 3182 983 οὕτω
3203 927 3302 981 καὶ
3323 925 3390 979 τὸ
3434 922 3571 994 φῶς

1985 1024 2196 1094 αὐτῆς.
2251 1026 2605 1096 Δοκιμαζέτω
2639 1025 2817 1081 τοίνυν
2867 1023 2929 1078 τὸ
2961 1020 3159 1092 ἑαυτῆς
3214 1017 3432 1089 βλέμμα
3468 1013 3574 1069 τοῦ

1987 1116 2193 1188 Κυρίου
2222 1119 2256 1189 ή
2290 1118 2477 1190 νύμφη
2500 1135 2513 1149 ⁸
2546 1119 2642 1173 καὶ
2672 1120 2721 1172 εί
2749 1117 2847 1188 μὲν
2883 1114 3025 1187 ὁρῶν
3054 1111 3437 1184 ἀρεσθήσεται,
3469 1104 3580 1160 καὶ

1987 1207 2051 1278 δὴ
2082 1208 2244 1262 τοῦτο
2286 1208 2394 1281 (22)
2443 1208 2722 1282 θαρροῦσα
2748 1208 2990 1264 κινείτω.
3034 1207 3098 1260 Ei
3124 1204 3179 1258 δὲ
3217 1204 3319 1257 οὐκ
3338 1200 3578 1273 ἀρέσκει

1990 1298 2158 1370 αὐτῷ,
2200 1300 2275 1371 μὴ
2308 1300 2504 1372 ἑαυτὴν
2532 1300 2815 1364 ἀπατάτω,
2844 1299 2974 1352 ἐπεὶ
3005 1296 3193 1368 μηδεὶς
3219 1292 3327 1346 τῶν
3359 1286 3582 1359 ἀνθρώ-

1992 1407 2107 1443 πων
2138 1392 2261 1462 ὁρᾷ,
2286 1392 2369 1445 ὅτι
2392 1393 2641 1446 κάκεῖνον
2669 1390 2943 1444 λανθάνει.
2979 1387 3163 1450 Οὕτως
3202 1380 3593 1436 ἐπισκοπείτω.

1992 1483 2081 1535 τὸν
2112 1483 2291 1553 λόγον,
2338 1484 2440 1557 τὴν
2494 1484 2700 1538 ἔννοιαν
2732 1482 2864 1554 (25),
2892 1479 3000 1535 τῶν
3037 1477 3214 1549 μελῶν
3242 1475 3338 1529 καὶ
3368 1469 3579 1525 δακτύ-

1992 1573 2099 1627 λων
2137 1576 2257 1629 καθ²
2286 1576 2515 1630 ἕκαστον
2539 1575 2635 1646 τὴν
2661 1575 2893 1644 κίνησιν.
2935 1570 3045 1625 Καὶ
3064 1571 3116 1623 εἰ
3149 1568 3247 1639 μὲν
3276 1563 3583 1636 ἀρέσκεται

1992 1665 2223 1731 τούτοις,
2250 1667 2506 1721 κινείσθω
2539 1667 2675 1739 πρὸς
2700 1666 2930 1719 ἕκαστον
2950 1678 2963 1693 °
3004 1664 3053 1715 εί
3081 1660 3137 1714 δὲ
3175 1658 3272 1730 μὴ,
3305 1656 3380 1718 ὡς
3404 1651 3587 1724 ὁρῶν-

330 1763 420 1816 τσς
443 1748 696 1804 αῖδείσθω
743 1749 843 1815 τὴν
875 1747 1016 1817 ἅθ’-ν·
1048 1748 1112 1801 Et
1166 1745 1276 1818 γὰρ
1315 1747 1554 1819 μεριμνᾷ
1573 1745 1690 1809 πῶς
1721 1746 1891 1820 ἀρέσῃ
1922 1754 1998 1826 τῷ
2019 1759 2232 1832 Κυρίῳ,
2268 1760 2420 1814 οὐδὲν
2447 1759 2646 1831 ὀφείλει
2676 1756 2784 1810 τῶν
2816 1756 2890 1828 μὴ
2917 1753 3255 1827 ἀρεσκόντων
3290 1749 3485 1800 ποιεῖν.

400 1841 492 1897 28.
526 1839 631 1896 ‘Sin
664 1849 841 1895 autem
865 1879 881 1905 ,
914 1840 1037 1906 quia
1062 1839 1241 1894 nullus
1268 1840 1544 1894 hominum
1576 1839 1757 1904 videt,
1803 1856 1901 1894 nu-

2073 1851 2163 1907 es.
2190 1854 2254 1906 Et
2281 1853 2339 1906 δὲ
2366 1855 2448 1907 ὅτι
2479 1852 2654 1915 οὐδεὶς
2695 1850 2807 1904 τῶν
2845 1847 3146 1919 ἀνθρώπων
3186 1843 3309 1914 ὁρᾷ,
3334 1838 3472 1911 πρὸς
3517 1835 3593 1889 τδ

340 1948 455 1992 tum
498 1945 592 1992 aut
624 1949 928 2001 sermonem
966 1933 1260 1990 Immittere
1281 1934 1477 2000 audet;
1509 1932 1741 2001 primum
1779 1934 1901 2004 qui-

334 2031 478 2097 dem,
504 2036 566 2082 ut
592 2042 689 2098 per
717 2042 776 2084 se
797 2034 985 2098 patet,
1015 2025 1275 2095 suiipsius
1306 2026 1614 2082 accusatrix
1648 2033 1768 2091 est,
1810 2040 1904 2079 vo-

336 2122 594 2176 luntatem
628 2117 828 2174 latendi
863 2119 1251 2175 accusatricem
1280 2118 1424 2173 intus
1475 2116 1680 2174 habens
1728 2132 1905 2187 prava-

340 2210 704 2269 conscientiae.
731 2210 1000 2266 Praeterea
1022 2208 1308 2264 manifeste
1328 2208 1754 2278 deprehenditur
1774 2223 1903 2279 erga

337 2304 521 2373 sponsi
554 2302 870 2375 dignitatem
900 2301 1177 2358 caecutire.
1222 2299 1356 2354 Nam
1390 2314 1513 2353 cum
1559 2300 1907 2369 incorporeus

339 2399 443 2463 sit,
477 2395 686 2453 medius
714 2404 769 2451 et
826 2396 1063 2450 susurris
1094 2396 1163 2449 et'
1194 2392 1503 2464 aspectibus
1534 2400 1589 2446 et
1621 2392 1906 2463 cogitatio-

341 2487 497 2542 nibus
524 2487 785 2550 interest;
822 2498 886 2538 ac
927 2482 1209 2539 subdolam
1241 2483 1457 2551 quidem
1496 2479 1764 2550 ejusmodi
1793 2482 1909 2534 vir-

347 2576 486 2644 ginis
531 2584 766 2630 mentem
796 2580 1098 2636 aversatur,
1134 2585 1301 2641 seque
1330 2571 1656 2625 exteriorem
1687 2569 1910 2639 virgini-

346 2668 470 2723 tatis
487 2666 792 2737 opinionem
828 2665 1009 2720 odisse
1038 2664 1411 2719 demonstrat:
1438 2671 1719 2734 propterea
1746 2661 1912 2732 quod,

345 2758 472 2813 dum
499 2757 739 2827 deceptis
771 2756 1049 2812 hominum
1080 2755 1253 2811 oculis
1280 2755 1569 2825 persuadet
1605 2770 1664 2810 se
1693 2770 1789 2825 per
1831 2761 1912 2808 to-

349 2858 455 2904 tam
483 2849 649 2902 vitam
674 2847 723 2903 ei
747 2847 1068 2916 desponsam
1100 2859 1242 2908 esse,
1270 2858 1370 2900 nec
1390 2844 1561 2914 ipsius
1583 2860 1778 2914 sponsa
1804 2851 1908 2909 est,

349 2956 450 2997 nec
486 2940 723 2998 hominis
765 2949 952 3010 aperte
993 2953 1153 3005 uxor,
1196 2938 1291 2994 sed
1340 2938 1665 3007 virginitatis
1700 2937 1909 2993 laudem

351 3036 489 3103 apud
529 3032 775 3089 homines
814 3029 1066 3103 virginali
1112 3030 1294 3097 specie
1342 3028 1582 3095 furatur,
1629 3029 1683 3084 iu
1732 3028 1916 3099 sponsi

349 3112 743 3189 autem’oculis,
758 3139 908 3180 suam
929 3128 1070 3198 apud
1091 3128 1338 3185 homines
1357 3127 1718 3200 virginitatem
1736 3137 1918 3182 osten-

2002 1943 2178 2014 νεῦμα
2204 1944 2237 2016 ἢ
2262 1944 2352 1996 τὸν
2379 1944 2536 2013 λόγον
2554 1943 2749 2014 τολμᾷ,
2777 1940 3008 2013 μάλιστα
3039 1937 3138 2009 μὲν
3184 1931 3410 1989 αὐτόθεν
3451 1930 3589 1982 tau-

2000 2037 2101 2107 τῆς
2128 2039 2244 2091 ἔστι
2276 2037 2597 2107 κατήγορος,
2630 2033 2799 2104 αὐτὴν
2827 2034 2926 2104 τὴν
2952 2030 3193 2085 ἐπίνοιαν
3241 2023 3336 2080 τοῦ
3380 2019 3595 2075 λανθὰ-

2003 2143 2114 2180 νειν
2165 2127 2462 2198 κατήγορον
2514 2124 2608 2178 τοῦ
2661 2123 2868 2193 φαύλου
2924 2119 3223 2181 συνειδότος
3272 2112 3385 2187 (24)
3434 2110 3591 2165 ἔνδον

2005 2219 2225 2290 ἔχουσα.
2264 2219 2493 2271 Ἔπειτα
2518 2214 2768 2287 φανερῶς
2792 2212 3100 2285 εὑρίσκεται
3130 2207 3265 2279 πρὸς
3296 2204 3396 2274 τὴν
3426 2200 3599 2264 ἀξίαν

2006 2312 2103 2366 τοῦ
2134 2309 2364 2380 νυμφίου
2412 2306 2816 2378 τυφλώττουσα.
2881 2302 3197 2373 Ἀσώματος
3222 2298 3332 2368 γὰρ
3352 2294 3451 2361 ῶν,
3490 2291 3599 2364 μέ-

2010 2421 2102 2467 σος
2149 2403 2243 2456 καὶ
2279 2398 2626 2472 ψιθυρισμῶν
2673 2398 2767 2452 καὶ
2823 2395 3150 2468 βλεμμάτων
3175 2392 3270 2446 καὶ
3298 2389 3598 2459 νοημάτων

2008 2493 2238 2564 ἕστηκεν
2264 2509 2277 2522 ο
2336 2488 2813 2562 ἀποστρεφόμενος
2882 2486 2980 2557 μὲν
3029 2485 3130 2554 τῆς
3188 2479 3449 2550 τοιαύτης
3492 2477 3597 2547 τὴν

2012 2586 2239 2640 ὓπουλον
2286 2585 2533 2657 γνώμην,
2561 2585 2662 2655 τῆς
2702 2584 2758 2637 δὲ
2807 2580 2943 2653 πρὸς
2971 2577 3098 2640 τοὺς
3125 2574 3229 2639 ἔξω
3255 2570 3597 2643 φαινομένης

2014 2678 2347 2749 παρθενικῆς
2380 2676 2702 2747 ὑπολήψεως
2726 2672 2956 2746 μισητὴν
2979 2666 3295 2737 ἀποφαίνων
3314 2682 3328 2695 ·
3357 2664 3439 2716 ὅτι
3464 2662 3607 2725 τοὺς,

2014 2770 2120 2823 τῶν
2146 2769 2448 2842 ἀνθρώπων
2475 2767 2787 2839 ὀφθαλμοὺς
2837 2761 3124 2825 ἀπατῶσα,
3176 2757 3253 2820 ὡς
3287 2752 3440 2842 αὐτῷ
3468 2753 3600 2805 ἐαυ-

2014 2861 2113 2931 τὴν
2151 2841 2263 2931 (25)
2303 2858 2393 2913 διὰ
2438 2858 2554 2929 βίου
2594 2854 2963 2926 νυμφεύουσα,
2994 2848 3105 2903 οὔτ’
3142 2845 3350 2901 ἐκείνου
3382 2841 3598 2926 νύμφη,

2016 2952 2127 3006 οὔτ’
2162 2949 2449 3022 ἀνθρώπου
2480 2948 2735 3019 καθαρῶς
2788 2947 2904 2998 ἐστι
2936 2941 3094 3012 γυνὴ,
3140 2936 3274 2991 ἀλλά
3314 2934 3417 3005 τὴν
3463 2933 3599 3022 sup:

2020 3021 2322 3113 ἀνθρώπιον
2341 3039 2495 3106 δόξαν
2530 3039 2624 3091 ἐπὶ
2650 3040 2717 3109 τῇ
2748 3034 3014 3108 παρθενίᾳ
3035 3031 3122 3086 διὰ
3145 3028 3239 3084 τοῦ
3262 3021 3601 3097 παρθενικοῦ

2025 3135 2301 3204 σχήματος
2315 3132 2641 3194 κλέπτουσα,
2665 3132 2723 3184 ἐν
2746 3127 3041 3198 ὀφθαλμοῖς
3066 3122 3158 3178 τοῦ
3174 3121 3435 3193 νυμφίου,
3466 3115 3601 3187 παρ’

356 3226 492 3282 tans,
526 3216 772 3274 adultera
803 3227 908 3274 est.
942 3218 1084 3287 Quin
1109 3221 1272 3276 etiam
1295 3229 1493 3290 praeter
1517 3220 1763 3275 adulterii
1794 3231 1914 3289 pec-

2073 3224 2326 3297 iOpdmOtg
2356 3223 2453 3295 τὴν
2480 3221 2773 3294 παρθενίαν
2806 3218 3003 3289 ἑαυτῆς
3029 3211 3459 3285 ὲκπομπεύουσα
3485 3225 3607 3279 μοι·

353 3314 552 3372 catum,
582 3309 723 3378 quod
743 3309 797 3364 in
819 3324 976 3367 suum
1008 3312 1175 3383 ipsius
1199 3326 1456 3382 sponsum
1485 3312 1796 3376 committit,
1821 3311 1921 3366 ad-

357 3399 460 3454 huc
487 3399 650 3456 etiam
678 3402 839 3472 tmpie
865 3403 918 3458 in
947 3404 1096 3460 illum
1126 3404 1521 3460 contumeliosa
1548 3415 1655 3469 est,
1686 3417 1750 3460 eo
1781 3403 1925 3474 quod

357 3488 634 3547 hominum
670 3504 1015 3551 conspectum
1062 3497 1235 3564 magis
1283 3495 1577 3551 verendum
1618 3494 1762 3551 illius
1793 3510 1925 3550 con-

358 3590 539 3649 spectu
550 3584 774 3653 judicet,
794 3585 1119 3653 coramillis,
1150 3595 1373 3658 propter
1393 3587 1729 3657 opinlonem,
1746 3584 1928 3641 facere

361 3673 616 3730 indecora
643 3690 751 3730 non
787 3677 1017 3744 audens,
1037 3692 1219 3733 coram
1255 3677 1346 3733 illo
1375 3688 1585 3746 autem,
1605 3679 1930 3747 quisemper

362 3767 900 3837 adest,impttdenter
946 3769 1126 3824 omnia
1164 3769 1388 3824 faciens.
1415 3769 1580 3838 Igitur
1624 3777 1682 3824 ut
1721 3768 1932 3824 vidente

362 3860 540 3915 omnia
586 3870 640 3916 et
673 3861 924 3916 audiente
946 3876 1165 3932 sponso,
1198 3862 1346 3932 virgo
1369 3870 1489 3931 aget
1519 3861 1720 3914 omnia.

435 4043 526 4098 29.
563 4043 641 4098 Ac
666 4057 772 4099 non
805 4044 980 4100 solum
1007 4045 1054 4100 si
1084 4045 1208 4115 quis
1232 4044 1429 4108 videat,
1467 4052 1559 4097 aut
1588 4043 1803 4108 audiat,
1842 4042 1932 4109 qui

368 4152 473 4191 non
503 4136 777 4191 celaturus
799 4146 893 4192 aut
914 4137 1131 4206 adiutor
1159 4138 1375 4193 futurus
1396 4138 1757 4202 existimetur,
1781 4152 1937 4192 ουρ-ν

369 4227 444 4280 bit
472 4240 539 4281 ne
577 4227 871 4296 quidquam
917 4226 1117 4292 faciat,
1154 4230 1296 4298 quod
1342 4229 1568 4283 Domino
1609 4228 1886 4296 displiceat
1918 4243 1932 4280 :

370 4332 476 4372 non
507 4316 678 4373 solum
708 4317 757 4374 si
781 4316 864 4373 vir
893 4332 1000 4373 non
1029 4318 1191 4385 adsit,
1216 4317 1314 4374 sed
1340 4318 1551 4384 mulier,
1575 4333 1742 4387 eaque
1764 4316 1938 4388 puella

373 4425 437 4463 ex
469 4407 786 4464 ancillarum
804 4423 1052 4474 numero,
1084 4409 1216 4463 nihil
1247 4419 1339 4463 aut
1370 4409 1439 4464 ad
1466 4418 1715 4464 ornatum
1746 4416 1837 4461 aut
1871 4408 1939 4461 ad

375 4502 667 4555 humanum
687 4513 927 4555 amorem
951 4499 1194 4566 audebit,
1217 4500 1357 4569 quod
1385 4498 1610 4553 Domino
1632 4496 1936 4566 displiceat;

376 4593 471 4648 sed
490 4592 704 4648 etiamsi
734 4594 850 4663 ipsa
873 4590 988 4647 sola
1014 4591 1124 4656 sit,
1153 4591 1298 4646 nullo
1321 4605 1546 4661 prorsus
1568 4588 1786 4644 homine
1810 4601 1946 4655 pra:-

376 4692 560 4749 sente,
602 4682 737 4738 nihil
772 4697 998 4753 prorsus
1037 4696 1234 4754 agere,
1270 4681 1413 4736 ouod
1444 4694 1645 4750 sponso
1670 4678 1944 4748 indignum

449 4844 497 4876 "
570 4857 672 4898 3a..
696 4856 963 4908 cxxxvm,
997 4842 1085 4896 12.

452 5099 563 5171 (21)
598 5100 697 5171 Ὠς
724 5098 887 5171 θέλει
906 5095 1149 5171 λεγέτω.
1187 5093 1277 5171 Sic
1313 5093 1495 5171 plures
1536 5105 1666 5171 mss.
1697 5089 1859 5171 Editi,
1887 5088 1963 5150 ὡς

382 5159 512 5242 θέλῃ
534 5159 760 5239 λεγέτω.
810 5159 1208 5242 ϐορᾷ-μοις,
1235 5159 1327 5242 ὡς’
1359 5162 1501 5242 θέλει
1552 5159 1836 5242 λέγωνᾼιι
1869 5173 1962 5242 ora

383 5227 684 5310 ejus'quem
713 5254 840 5310 mox
864 5237 979 5291 dixi
1007 5237 1131 5291 tum
1167 5227 1239 5289 ita
1262 5234 1521 5304 tingitur:
1566 5227 1788 5303 Ἀττικὴ
1808 5231 1841 5299 ἡ
1872 5227 1961 5279 λέ-

384 5312 488 5377 ξις,
517 5307 639 5363 ἀντὶ
663 5307 904 5377 λεγέτω.
939 5375 951 5377 _
1478 5372 1500 5377 _
1712 5374 1715 5377 _
1896 5368 1924 5377 Α.

459 5381 571 5451 (22)
595 5372 906 5451 Δὴ-τοῦτο,
931 5375 1171 5451 Sic_mss_.
1203 5383 1451 5451 quatuor.
1478 5372 1754 5451 Nonnmaie
1779 5372 1964 5451 tn‘a‘io

385 5438 639 5520 qundam,
665 5438 743 5520 δὴ
774 5447 971 5520 τούτῳ.
999 5438 1236 5520 ροηιὶιιό
1261 5442 1549 5510 conﬁdens.
1582 5440 1753 5495 Habet
1798 5438 1959 5502 alius,

384 5512 450 5589 δὴ
480 5518 569 5589 διὰ
598 5512 777 5589 τοῦτο.
807 5512 972 5582 Editi,
994 5513 1082 5589 διά
1111 5512 1288 5589 τοῦ-το.

457 5588 569 5659 (25)
606 5588 730 5659 ΑΤύν
761 5580 968 5656 λόγον,
1021 5583 1137 5659 giae:
1167 5584 1472 5659 _EWOt§W°.__
1506 5580 1658 5636 Unus
1705 5593 1871 5634 (Ὅσοι
1930 5592 1958 5631 a

390 5651 711 5715 Cotuhcftsio
740 5651 956 5727 citatus,
984 5651 1090 5711 τῶν
1121 5654 1294 5725 λόγων
1324 5656 1419 5723 τὴν
1450 5651 1673 5706 ἔννοιαν.

2025 3316 2263 3388 χεύεται.
2305 3316 2417 3369 Καὶ
2447 3315 2585 3386 πρὸς
2625 3314 2692 3384 τῇ
2726 3311 2823 3382 τῆς
2860 3308 3104 3381 μοιχείας
3127 3303 3391 3376 ἁμαρτία,
3419 3300 3490 3371 ἣν
3525 3298 3609 3360 εἰς

2025 3411 2114 3463 τὸν
2136 3407 2369 3480 νυμφίον
2414 3408 2611 3477 ἑαυτῆς
2653 3403 2978 3476 ἁμαρτάνει,
3017 3399 3098 3453 ἐτι
3147 3398 3242 3450 καὶ
3264 3392 3480 3457 ἀσεϐῶς
3524 3392 3608 3453 εἰς

2026 3498 2213 3553 τοῦτον
2249 3496 2563 3569 ὑϐρίζουσα,
2587 3497 2669 3549 ὅτι
2692 3495 2788 3564 τὴν
2819 3492 2941 3561 ὄψιν
2982 3488 3091 3543 τῶν
3132 3484 3436 3556 ἀνθρώπιον
3459 3481 3610 3535 αἰδε-

2031 3591 2337 3663 σιμωτέραν
2359 3592 2459 3661 τῆς
2480 3586 2686 3641 ἐκείνου
2713 3584 2889 3654 ὅψεως
2917 3579 3205 3649 ἀποφαίνει
3224 3594 3235 3605 ·
3272 3576 3367 3630 ἐπὶ
3404 3574 3612 3627 τούτων

2034 3682 2154 3755 μὲν,
2182 3680 2269 3736 διὰ
2296 3681 2396 3753 τὴν
2428 3677 2717 3750 ὑπόληψιν,
2752 3675 3013 3747 πράττειν
3046 3672 3115 3741 τά
3146 3669 3370 3741 ἀπρεπῆ
3389 3666 3453 3718 οὐ
3487 3664 3611 3718 τολ-

2035 3775 2193 3847 μῶσα
2212 3792 2227 3807 ο
2258 3774 2344 3827 ἐπ’
2382 3772 2589 3827 ἐκείνου
2620 3770 2677 3823 δὲ
2710 3771 2799 3824 ἀεὶ⁹
2824 3767 3111 3837 παρόντος,
3143 3759 3378 3820 ἀναιδῶς
3397 3757 3614 3809 ἅπαντα

2035 3850 2368 3939 πράττουσα.
2410 3864 2499 3927 Ὠς
2525 3861 2763 3934 ὁρῶντος
2812 3855 2905 3913 οὖν
2944 3857 3161 3912 ἅπαντα
3201 3851 3295 3906 καὶ
3322 3848 3616 3909 ἀκούοντος

2033 3955 2127 4008 τοῦ
2150 3954 2406 4025 νυμφίου,
2434 3954 2469 4025 ἡ
2486 3950 2754 4023 παρθένος
2777 3950 2991 4003 ἅπαντα
3021 3943 3236 4016 πράξει.

2108 4046 2198 4101 ‘29.
2237 4046 2351 4099 Οὐκ
2378 4044 2474 4098 sev
2498 4044 2658 4114 μόνον
2690 4041 2799 4114 (26)
2831 4034 2913 4103 εἷς
2937 4055 3022 4102 τις
3048 4034 3221 4106 ἀκούῃ
3249 4032 3284 4102 ἢ
3312 4029 3487 4103 βλέπῃ
3507 4026 3615 4080 τῶν

2037 4136 2409 4208 νομιζομένων
2442 4133 2517 4205 μὴ
2556 4131 2925 4203 συγκρύπτειν
2958 4128 2993 4199 ἢ
3027 4121 3482 4196 συνεργάζεσθαι,
3517 4134 3616 4188 φυ-

2039 4225 2343 4297 λαττομένη
2376 4226 2548 4277 ποιεῖν
2568 4240 2622 4276 τι
2653 4224 2739 4292 ἐφ’
2768 4214 2812 4288 ᾧ
2834 4222 2862 4274 ὁ
2885 4218 3089 4289 Κύριος
3130 4216 3231 4268 οὐκ
3272 4211 3572 4283 ἀρέσκεται
3599 4222 3614 4236 ·

2041 4316 2135 4369 καὶ
2162 4316 2261 4368 οὐκ
2282 4313 2378 4367 ἐὰν
2414 4311 2489 4384 μὴ
2518 4313 2676 4383 ἀνὴρ,
2715 4309 2851 4364 ἀλλὰ
2903 4305 3063 4378 γυνὴ,
3111 4305 3208 4359 καὶ
3242 4301 3400 4356 τοῦτο
3433 4299 3619 4370 κόριον

2039 4407 2149 4463 τῶν
2183 4405 2640 4479 ὑπηρετουμένων
2677 4404 2847 4474 παρῇ,
2882 4395 3282 4469 κατατολμῶσά
3329 4409 3477 4456 τινος
3510 4389 3620 4443 τῶν

2049 4499 2084 4571 ἢ
2114 4498 2251 4570 πρὸς
2276 4496 2662 4567 καλλωπισμὸν
2685 4494 2719 4565 ἦ
2746 4491 3087 4564 ἀνθρώπινον
3123 4488 3301 4559 ἔρωτα
3329 4484 3409 4555 τῷ
3433 4484 3624 4555 Κυρίῳ

2055 4591 2130 4662 μὴ
2158 4588 2498 4660 ἀρεσκόντων
2524 4605 2537 4618 ’
2569 4585 2705 4640 ἀλλά
2726 4585 2832 4639 κᾶν
2867 4584 3002 4655 μόνη
3021 4580 3158 4651 αὐτὴ
3190 4576 3247 4651 ᾖ,
3272 4574 3503 4649 μηδενὸς
3536 4575 3626 4627 άν-

2053 4680 2285 4753 θρὼπων
2331 4679 2597 4751 παρόντος
2631 4678 2695 4731 τὸ
2739 4676 2978 4739 σύνολον,
3026 4671 3284 4749 πράττειν
3321 4685 3374 4720 τι
3411 4666 3522 4721 τῶν
3552 4663 3621 4737 μὴ

2132 5084 2245 5157 (24)
2269 5082 2642 5157 Συνειδότος.
2696 5077 2953 5157 Quamvis
2979 5077 3095 5157 haec
3124 5075 3404 5157 scriptura
3436 5064 3625 5157 ingnio

2061 5136 2650 5212 occurre—{Camertium
2679 5136 2741 5203 οἷ
2766 5148 2890 5202 alio.
2910 5161 2976 5200 cx
3005 5145 3210 5213 Regiis,
3235 5136 3414 5196 tamen
3442 5136 3627 5208 pra-te-

2067 5229 2230 5281 renda
2257 5225 2473 5276 videtur
2499 5221 2748 5289 vulgatae.
2772 5217 2837 5289 Ϊτὸ
2868 5215 3126 5289 συνειδὸς.
3149 5281 3180 5289 _
3278 5280 3291 5289 _
3351 5278 3377 5289 Α
3507 5286 3517 5289 _
3576 5269 3625 5289 ω

2135 5272 2248 5367 ῐέἕ)
2288 5272 2848 5367 aeaeaeque
2882 5287 2975 5340 δίο
3007 5272 3114 5367 9.953
3142 5278 3440 5367 βοτηιιεηξς,
3468 5272 3625 5367 €331“

2064 5347 2263 5435 plures.
2290 5347 2454 5435 Erl-ili,
2480 5347 2564 5435 ὡς
2585 5347 2782 5435 αύτήνξ
2804 5357 2921 5410 Mox
2951 5354 3089 5435 editi
3117 5362 3174 5407 et
3205 5347 3442 5405 nonnulli
3472 5359 3620 5404 utss.,

2064 5429 2257 5504 ἐκείνῳ
2292 5432 2500 5504 νύμφῃς
2539 5431 2642 5504 Am
2678 5429 2818 5504 "4}"
2852 5433 3020 5504 [ἔχω’
3046 5494 3059 5504 .
3270 5485 3356 5504 μιε

2136 5485 2249 5572 (26)
2272 5485 2497 5556 Μόὶθὸὅῖ.
2535 5499 2625 5556 Si‘c
2657 5499 2825 5555 codex
2861 5494 3187 5559 Mazariuus,
3237 5485 3429 5543 melius
3471 5490 3627 5553 quam

2066 5577 2214 5641 cditi,
2232 5572 2238 5575 ⁷
2253 5572 2431 5644 μόνος.
