  <div class='ocr_page' id='page_1' title='image "/cluster/home/n/w/nwhite01/storage/ocr_20150623/30/nnc1.0046978810/386.png"; bbox 0 0 3802 6216; ppageno 0'>
   <div class='ocr_carea' id='block_1_1' title="bbox 114 315 2113 390">
    <p class='ocr_par' dir='ltr' id='par_1_1' title="bbox 114 315 2113 390">
     <span class='ocr_line' id='line_1_1' title="bbox 114 315 2113 390; baseline -0.004 -2"><span class='ocrx_word' id='word_1_1' title='bbox 114 315 205 390; x_wconf 67' lang='grc' dir='ltr'><strong>τῖς</strong></span> <span class='ocrx_word' id='word_1_2' title='bbox 1274 325 1479 382; x_wconf 78' lang='lat' dir='ltr'><strong>LIBER</strong></span> <span class='ocrx_word' id='word_1_3' title='bbox 1519 327 1606 383; x_wconf 89' lang='lat' dir='ltr'><strong>DE</strong></span> <span class='ocrx_word' id='word_1_4' title='bbox 1646 326 2113 389; x_wconf 73' lang='lat' dir='ltr'><strong>VIRGINITATE.</strong></span> 
     </span>
    </p>
   </div>
   <div class='ocr_carea' id='block_1_2' title="bbox 3221 336 3322 390">
    <p class='ocr_par' dir='ltr' id='par_1_2' title="bbox 3221 336 3322 390">
     <span class='ocr_line' id='line_1_2' title="bbox 3221 336 3322 390; baseline 0.02 -2"><span class='ocrx_word' id='word_1_5' title='bbox 3221 336 3322 390; x_wconf 78' lang='lat'><strong>730</strong></span> 
     </span>
    </p>
   </div>
   <div class='ocr_carea' id='block_1_3' title="bbox 113 447 1655 523">
    <p class='ocr_par' dir='ltr' id='par_1_3' title="bbox 113 447 1648 523">
     <span class='ocr_line' id='line_1_3' title="bbox 113 447 1648 523; baseline -0.003 -15"><span class='ocrx_word' id='word_1_6' title='bbox 113 453 257 519; x_wconf 79' lang='grc' dir='ltr'>ἀξίων</span> <span class='ocrx_word' id='word_1_7' title='bbox 284 449 372 504; x_wconf 85' lang='grc' dir='ltr'><strong>τοῦ</strong></span> <span class='ocrx_word' id='word_1_8' title='bbox 395 449 622 520; x_wconf 78' lang='grc' dir='ltr'>νυμφίου</span> <span class='ocrx_word' id='word_1_9' title='bbox 658 448 758 501; x_wconf 80' lang='grc' dir='ltr'><strong>οὐκ</strong></span> <span class='ocrx_word' id='word_1_10' title='bbox 784 447 1109 519; x_wconf 77' lang='grc' dir='ltr'><strong>ἀνεχομένη.</strong></span> <span class='ocrx_word' id='word_1_11' title='bbox 1143 448 1262 503; x_wconf 77' lang='grc' dir='ltr'>Κᾶν</span> <span class='ocrx_word' id='word_1_12' title='bbox 1308 450 1417 523; x_wconf 83' lang='grc' dir='ltr'>γὰρ</span> <span class='ocrx_word' id='word_1_13' title='bbox 1456 451 1648 523; x_wconf 78' lang='grc' dir='ltr'>μηδεὶς</span> 
     </span>
    </p>
   </div>
   <div class='ocr_carea' id='block_1_4' title="bbox 1762 447 3327 523">
    <p class='ocr_par' dir='ltr' id='par_1_4' title="bbox 1762 451 3327 519">
     <span class='ocr_line' id='line_1_4' title="bbox 1762 451 3327 519; baseline 0.004 -14"><span class='ocrx_word' id='word_1_14' title='bbox 1762 452 1933 516; x_wconf 59' lang='grc' dir='ltr'>ιίι,,ἰιι</span> <span class='ocrx_word' id='word_1_15' title='bbox 1963 451 2201 504; x_wconf 87' lang='lat' dir='ltr'><strong>animum</strong></span> <span class='ocrx_word' id='word_1_16' title='bbox 2238 451 2477 509; x_wconf 99' lang='lat' dir='ltr'><strong>inducet.</strong></span> <span class='ocrx_word' id='word_1_17' title='bbox 2516 452 2775 519; x_wconf 82' lang='lat' dir='ltr'><strong>Quamvis</strong></span> <span class='ocrx_word' id='word_1_18' title='bbox 2804 452 2947 508; x_wconf 91' lang='lat' dir='ltr'><strong>enim</strong></span> <span class='ocrx_word' id='word_1_19' title='bbox 2985 454 3161 511; x_wconf 87' lang='lat' dir='ltr'><strong>nullus</strong></span> <span class='ocrx_word' id='word_1_20' title='bbox 3191 458 3327 517; x_wconf 83' lang='lat' dir='ltr'><strong>alius</strong></span> 
     </span>
    </p>
   </div>
   <div class='ocr_carea' id='block_1_5' title="bbox 112 538 1647 614">
    <p class='ocr_par' dir='ltr' id='par_1_5' title="bbox 112 538 1647 614">
     <span class='ocr_line' id='line_1_5' title="bbox 112 538 1647 614; baseline -0.009 -18"><span class='ocrx_word' id='word_1_21' title='bbox 112 544 205 596; x_wconf 85' lang='grc' dir='ltr'>τῶν</span> <span class='ocrx_word' id='word_1_22' title='bbox 229 539 510 609; x_wconf 81' lang='grc' dir='ltr'>ἀνθρώπων</span> <span class='ocrx_word' id='word_1_23' title='bbox 535 538 692 602; x_wconf 76' lang='grc' dir='ltr'>ἄλλος</span> <span class='ocrx_word' id='word_1_24' title='bbox 735 542 908 612; x_wconf 79' lang='grc' dir='ltr'>παρῇ,</span> <span class='ocrx_word' id='word_1_25' title='bbox 948 538 1063 592; x_wconf 87' lang='grc' dir='ltr'><strong>ἀλλ’</strong></span> <span class='ocrx_word' id='word_1_26' title='bbox 1105 540 1243 613; x_wconf 77' lang='grc' dir='ltr'>αὐτὴ</span> <span class='ocrx_word' id='word_1_27' title='bbox 1273 542 1441 614; x_wconf 81' lang='grc' dir='ltr'>ἑαυτῇ</span> <span class='ocrx_word' id='word_1_28' title='bbox 1504 542 1647 613; x_wconf 84' lang='grc' dir='ltr'>πάρ-</span> 
     </span>
    </p>
   </div>
   <div class='ocr_carea' id='block_1_6' title="bbox 115 629 1647 703">
    <p class='ocr_par' dir='ltr' id='par_1_6' title="bbox 115 629 1647 703">
     <span class='ocr_line' id='line_1_6' title="bbox 115 629 1647 703; baseline -0.002 -16"><span class='ocrx_word' id='word_1_29' title='bbox 115 629 581 703; x_wconf 81' lang='grc' dir='ltr'>εστινήπαρθένος,</span> <span class='ocrx_word' id='word_1_30' title='bbox 608 629 703 682; x_wconf 72' lang='grc' dir='ltr'><strong>καὶ</strong></span> <span class='ocrx_word' id='word_1_31' title='bbox 726 630 945 683; x_wconf 87' lang='grc' dir='ltr'>πάντων</span> <span class='ocrx_word' id='word_1_32' title='bbox 980 629 1180 700; x_wconf 82' lang='grc' dir='ltr'>μᾶλλον</span> <span class='ocrx_word' id='word_1_33' title='bbox 1212 631 1412 702; x_wconf 73' lang='grc' dir='ltr'>ἑαυτὴν</span> <span class='ocrx_word' id='word_1_34' title='bbox 1443 631 1647 700; x_wconf 75' lang='grc' dir='ltr'><strong>ὀφείλει</strong></span> 
     </span>
    </p>
   </div>
   <div class='ocr_carea' id='block_1_7' title="bbox 116 720 1649 794">
    <p class='ocr_par' dir='ltr' id='par_1_7' title="bbox 116 720 1649 794">
     <span class='ocr_line' id='line_1_7' title="bbox 116 720 1649 794; baseline -0.013 -14"><span class='ocrx_word' id='word_1_35' title='bbox 116 723 364 781; x_wconf 83' lang='grc' dir='ltr'>αἰδεῖσθαι.</span> <span class='ocrx_word' id='word_1_36' title='bbox 412 724 485 776; x_wconf 78' lang='grc' dir='ltr'><strong>Οὐ</strong></span> <span class='ocrx_word' id='word_1_37' title='bbox 537 720 644 794; x_wconf 80' lang='grc' dir='ltr'><strong>γὰρ</strong></span> <span class='ocrx_word' id='word_1_38' title='bbox 696 721 759 793; x_wconf 85' lang='grc' dir='ltr'><strong>δὴ</strong></span> <span class='ocrx_word' id='word_1_39' title='bbox 792 723 919 788; x_wconf 81' lang='grc' dir='ltr'>τοὺς</span> <span class='ocrx_word' id='word_1_40' title='bbox 960 723 1059 793; x_wconf 75' lang='grc' dir='ltr'><strong>μὲν</strong></span> <span class='ocrx_word' id='word_1_41' title='bbox 1112 722 1307 786; x_wconf 79' lang='grc' dir='ltr'>ἄλλους</span> <span class='ocrx_word' id='word_1_42' title='bbox 1350 723 1425 787; x_wconf 75' lang='grc' dir='ltr'>ὡς</span> <span class='ocrx_word' id='word_1_43' title='bbox 1466 724 1649 789; x_wconf 69' lang='grc' dir='ltr'>αίδοῠς</span> 
     </span>
    </p>
   </div>
   <div class='ocr_carea' id='block_1_8' title="bbox 116 813 1647 885">
    <p class='ocr_par' dir='ltr' id='par_1_8' title="bbox 116 813 1647 885">
     <span class='ocr_line' id='line_1_8' title="bbox 116 813 1647 885; baseline -0.002 -14"><span class='ocrx_word' id='word_1_44' title='bbox 116 817 270 882; x_wconf 76' lang='grc' dir='ltr'>ἀξίους</span> <span class='ocrx_word' id='word_1_45' title='bbox 309 813 590 885; x_wconf 81' lang='grc' dir='ltr'>φυλάξεται</span> <span class='ocrx_word' id='word_1_46' title='bbox 612 813 769 883; x_wconf 73' lang='grc'><strong>¹(2⁸7),</strong></span> <span class='ocrx_word' id='word_1_47' title='bbox 814 813 1014 884; x_wconf 76' lang='grc' dir='ltr'>ἑαυτὴν</span> <span class='ocrx_word' id='word_1_48' title='bbox 1049 814 1106 868; x_wconf 83' lang='grc' dir='ltr'><strong>δὲ</strong></span> <span class='ocrx_word' id='word_1_49' title='bbox 1133 814 1209 878; x_wconf 78' lang='grc' dir='ltr'>ὡς</span> <span class='ocrx_word' id='word_1_50' title='bbox 1247 815 1347 868; x_wconf 76' lang='grc' dir='ltr'><strong>οὐκ</strong></span> <span class='ocrx_word' id='word_1_51' title='bbox 1372 814 1529 879; x_wconf 82' lang='grc' dir='ltr'>ἀξίαν</span> <span class='ocrx_word' id='word_1_52' title='bbox 1561 818 1647 868; x_wconf 89' lang='grc' dir='ltr'><strong>αἰ-</strong></span> 
     </span>
    </p>
   </div>
   <div class='ocr_carea' id='block_1_9' title="bbox 117 904 1650 978">
    <p class='ocr_par' dir='ltr' id='par_1_9' title="bbox 117 904 1650 978">
     <span class='ocr_line' id='line_1_9' title="bbox 117 904 1650 978; baseline -0.003 -16"><span class='ocrx_word' id='word_1_53' title='bbox 117 909 219 972; x_wconf 78' lang='grc' dir='ltr'>δοῦς</span> <span class='ocrx_word' id='word_1_54' title='bbox 239 907 498 977; x_wconf 72' lang='grc' dir='ltr'>ἀτιμάσει.</span> <span class='ocrx_word' id='word_1_55' title='bbox 548 904 709 968; x_wconf 82' lang='grc' dir='ltr'>Ἀλλ’,</span> <span class='ocrx_word' id='word_1_56' title='bbox 737 906 873 976; x_wconf 85' lang='grc' dir='ltr'>ὅπερ</span> <span class='ocrx_word' id='word_1_57' title='bbox 907 905 1062 977; x_wconf 68' lang='grc' dir='ltr'>ἔφην,</span> <span class='ocrx_word' id='word_1_58' title='bbox 1091 905 1309 978; x_wconf 85' lang='grc' dir='ltr'>πρῶτον</span> <span class='ocrx_word' id='word_1_59' title='bbox 1333 905 1530 976; x_wconf 80' lang='grc' dir='ltr'>ἑαυτὴν</span> <span class='ocrx_word' id='word_1_60' title='bbox 1557 906 1650 958; x_wconf 67' lang='grc' dir='ltr'>καὶ</span> 
     </span>
    </p>
   </div>
   <div class='ocr_carea' id='block_1_10' title="bbox 116 994 1648 1067">
    <p class='ocr_par' dir='ltr' id='par_1_10' title="bbox 116 994 1648 1067">
     <span class='ocr_line' id='line_1_10' title="bbox 116 994 1648 1067; baseline -0.001 -19"><span class='ocrx_word' id='word_1_61' title='bbox 116 997 197 1067; x_wconf 76' lang='grc' dir='ltr'><strong>τὴν</strong></span> <span class='ocrx_word' id='word_1_62' title='bbox 224 994 503 1064; x_wconf 79' lang='grc' dir='ltr'>συνείδησιν</span> <span class='ocrx_word' id='word_1_63' title='bbox 533 994 728 1064; x_wconf 78' lang='grc' dir='ltr'>ἑαυτῆς</span> <span class='ocrx_word' id='word_1_64' title='bbox 758 994 1156 1065; x_wconf 71' lang='grc' dir='ltr'>αἰδεσθήσεται,</span> <span class='ocrx_word' id='word_1_65' title='bbox 1213 994 1316 1049; x_wconf 81' lang='grc' dir='ltr'>κᾶν</span> <span class='ocrx_word' id='word_1_66' title='bbox 1366 995 1648 1066; x_wconf 82' lang='grc' dir='ltr'>μονωτὰτη</span> 
     </span>
    </p>
   </div>
   <div class='ocr_carea' id='block_1_11' title="bbox 117 1083 1648 1157">
    <p class='ocr_par' dir='ltr' id='par_1_11' title="bbox 117 1083 1648 1157">
     <span class='ocr_line' id='line_1_11' title="bbox 117 1083 1648 1157; baseline 0.001 -18"><span class='ocrx_word' id='word_1_67' title='bbox 117 1086 322 1157; x_wconf 77' lang='grc' dir='ltr'><strong>ὑπάρχῃ,</strong></span> <span class='ocrx_word' id='word_1_68' title='bbox 353 1083 537 1137; x_wconf 78' lang='grc' dir='ltr'>ἔπειτα</span> <span class='ocrx_word' id='word_1_69' title='bbox 567 1083 660 1137; x_wconf 78' lang='grc' dir='ltr'><strong>τὸν</strong></span> <span class='ocrx_word' id='word_1_70' title='bbox 692 1085 1021 1157; x_wconf 84' lang='grc' dir='ltr'>παρεστῶτα</span> <span class='ocrx_word' id='word_1_71' title='bbox 1049 1084 1270 1156; x_wconf 85' lang='grc' dir='ltr'>φύλακα</span> <span class='ocrx_word' id='word_1_72' title='bbox 1302 1086 1553 1155; x_wconf 79' lang='grc' dir='ltr'>ἄγγελον,</span> <span class='ocrx_word' id='word_1_73' title='bbox 1585 1089 1648 1140; x_wconf 80' lang='lat' dir='ltr'><strong>Ol</strong></span> 
     </span>
    </p>
   </div>
   <div class='ocr_carea' id='block_1_12' title="bbox 118 1173 1650 1247">
    <p class='ocr_par' dir='ltr' id='par_1_12' title="bbox 118 1173 1650 1247">
     <span class='ocr_line' id='line_1_12' title="bbox 118 1173 1650 1247; baseline 0 -18"><span class='ocrx_word' id='word_1_74' title='bbox 118 1177 206 1245; x_wconf 72' lang='grc' dir='ltr'>γὰρ</span> <span class='ocrx_word' id='word_1_75' title='bbox 234 1176 457 1245; x_wconf 76' lang='grc' dir='ltr'>ἄγγελοι</span> <span class='ocrx_word' id='word_1_76' title='bbox 489 1173 709 1240; x_wconf 81' lang='grc' dir='ltr'>αὐτῶν,</span> <span class='ocrx_word' id='word_1_77' title='bbox 768 1176 923 1247; x_wconf 75' lang='grc' dir='ltr'>φησὶ,</span> <span class='ocrx_word' id='word_1_78' title='bbox 959 1176 1057 1230; x_wconf 83' lang='grc' dir='ltr'><strong>διὰ</strong></span> <span class='ocrx_word' id='word_1_79' title='bbox 1085 1175 1310 1242; x_wconf 76' lang='grc' dir='ltr'>παντὸς</span> <span class='ocrx_word' id='word_1_80' title='bbox 1341 1176 1650 1240; x_wconf 75' lang='grc' dir='ltr'><strong>βλέπουσι</strong></span> 
     </span>
    </p>
   </div>
   <div class='ocr_carea' id='block_1_13' title="bbox 118 1264 1649 1338">
    <p class='ocr_par' dir='ltr' id='par_1_13' title="bbox 118 1264 1649 1338">
     <span class='ocr_line' id='line_1_13' title="bbox 118 1264 1649 1338; baseline -0.001 -18"><span class='ocrx_word' id='word_1_81' title='bbox 118 1266 171 1321; x_wconf 82' lang='grc' dir='ltr'>τὸ</span> <span class='ocrx_word' id='word_1_82' title='bbox 191 1266 490 1335; x_wconf 74' lang='grc' dir='ltr'>πρόσωπον</span> <span class='ocrx_word' id='word_1_83' title='bbox 524 1265 631 1319; x_wconf 82' lang='grc' dir='ltr'><strong>τοῦ</strong></span> <span class='ocrx_word' id='word_1_84' title='bbox 661 1267 891 1333; x_wconf 72' lang='grc' dir='ltr'>Πατρός</span> <span class='ocrx_word' id='word_1_85' title='bbox 914 1264 1076 1337; x_wconf 83' lang='grc' dir='ltr'><strong>ὑμῶν</strong></span> <span class='ocrx_word' id='word_1_86' title='bbox 1103 1266 1215 1338; x_wconf 73' lang='lat'><strong>(28)</strong></span> <span class='ocrx_word' id='word_1_87' title='bbox 1237 1265 1344 1320; x_wconf 84' lang='grc' dir='ltr'><strong>τοῦ</strong></span> <span class='ocrx_word' id='word_1_88' title='bbox 1370 1268 1440 1321; x_wconf 81' lang='grc' dir='ltr'><strong>ἐν</strong></span> <span class='ocrx_word' id='word_1_89' title='bbox 1470 1269 1649 1335; x_wconf 77' lang='grc' dir='ltr'>οὐρα-</span> 
     </span>
    </p>
   </div>
   <div class='ocr_carea' id='block_1_14' title="bbox 116 1354 1651 1427">
    <p class='ocr_par' dir='ltr' id='par_1_14' title="bbox 116 1354 1651 1427">
     <span class='ocr_line' id='line_1_14' title="bbox 116 1354 1651 1427; baseline 0.002 -20"><span class='ocrx_word' id='word_1_90' title='bbox 116 1355 239 1420; x_wconf 68' lang='grc' dir='ltr'>νοῖς.</span> <span class='ocrx_word' id='word_1_91' title='bbox 266 1354 369 1408; x_wconf 82' lang='grc' dir='ltr'><strong>Καὶ</strong></span> <span class='ocrx_word' id='word_1_92' title='bbox 413 1355 473 1408; x_wconf 86' lang='grc' dir='ltr'>οὐ</span> <span class='ocrx_word' id='word_1_93' title='bbox 519 1355 602 1408; x_wconf 86' lang='grc' dir='ltr'><strong>δεῖ</strong></span> <span class='ocrx_word' id='word_1_94' title='bbox 630 1354 932 1426; x_wconf 85' lang='grc' dir='ltr'>ἀνθρώπων</span> <span class='ocrx_word' id='word_1_95' title='bbox 978 1356 1333 1427; x_wconf 83' lang='grc' dir='ltr'>κρυπτομένη</span> <span class='ocrx_word' id='word_1_96' title='bbox 1368 1356 1510 1426; x_wconf 72' lang='grc' dir='ltr'>ὄψιν,</span> <span class='ocrx_word' id='word_1_97' title='bbox 1551 1359 1651 1425; x_wconf 87' lang='grc' dir='ltr'><strong>ἀγ-</strong></span> 
     </span>
    </p>
   </div>
   <div class='ocr_carea' id='block_1_15' title="bbox 117 1444 1649 1517">
    <p class='ocr_par' dir='ltr' id='par_1_15' title="bbox 117 1444 1649 1517">
     <span class='ocr_line' id='line_1_15' title="bbox 117 1444 1649 1517; baseline 0.001 -18"><span class='ocrx_word' id='word_1_98' title='bbox 117 1446 248 1516; x_wconf 82' lang='grc' dir='ltr'>γέλου</span> <span class='ocrx_word' id='word_1_99' title='bbox 269 1444 355 1499; x_wconf 89' lang='grc' dir='ltr'><strong>τοῦ</strong></span> <span class='ocrx_word' id='word_1_100' title='bbox 384 1445 480 1517; x_wconf 77' lang='grc' dir='ltr'>τὴν</span> <span class='ocrx_word' id='word_1_101' title='bbox 518 1445 836 1516; x_wconf 75' lang='grc' dir='ltr'>ἐπιμέλειαν</span> <span class='ocrx_word' id='word_1_102' title='bbox 864 1446 964 1515; x_wconf 85' lang='grc' dir='ltr'>τῆς</span> <span class='ocrx_word' id='word_1_103' title='bbox 992 1446 1267 1517; x_wconf 81' lang='grc' dir='ltr'><strong>σωτηρίας</strong></span> <span class='ocrx_word' id='word_1_104' title='bbox 1292 1449 1324 1517; x_wconf 83' lang='grc' dir='ltr'>ἡ</span> <span class='ocrx_word' id='word_1_105' title='bbox 1335 1445 1452 1517; x_wconf 85' lang='grc' dir='ltr'><strong>μῶν</strong></span> <span class='ocrx_word' id='word_1_106' title='bbox 1482 1465 1649 1500; x_wconf 84' lang='grc' dir='ltr'>πεπι-</span> 
     </span>
    </p>
   </div>
   <div class='ocr_carea' id='block_1_16' title="bbox 118 1537 1647 1610">
    <p class='ocr_par' dir='ltr' id='par_1_16' title="bbox 118 1537 1647 1610">
     <span class='ocr_line' id='line_1_16' title="bbox 118 1537 1647 1610; baseline 0.002 -21"><span class='ocrx_word' id='word_1_107' title='bbox 118 1538 372 1607; x_wconf 83' lang='grc' dir='ltr'>στευμένου</span> <span class='ocrx_word' id='word_1_108' title='bbox 402 1539 796 1609; x_wconf 71' lang='grc' dir='ltr'>καταφρονεῖνο</span> <span class='ocrx_word' id='word_1_109' title='bbox 829 1538 925 1591; x_wconf 71' lang='grc' dir='ltr'><strong>καὶ</strong></span> <span class='ocrx_word' id='word_1_110' title='bbox 962 1537 1197 1607; x_wconf 86' lang='grc' dir='ltr'>μάλιστα</span> <span class='ocrx_word' id='word_1_111' title='bbox 1227 1539 1328 1610; x_wconf 84' lang='grc' dir='ltr'><strong>τὴν</strong></span> <span class='ocrx_word' id='word_1_112' title='bbox 1360 1539 1647 1610; x_wconf 87' lang='grc' dir='ltr'>παρθένον,</span> 
     </span>
    </p>
   </div>
   <div class='ocr_carea' id='block_1_17' title="bbox 115 1627 1651 1701">
    <p class='ocr_par' dir='ltr' id='par_1_17' title="bbox 115 1627 1651 1701">
     <span class='ocr_line' id='line_1_17' title="bbox 115 1627 1651 1701; baseline 0.003 -21"><span class='ocrx_word' id='word_1_113' title='bbox 115 1628 440 1699; x_wconf 68' lang='grc' dir='ltr'><strong>νυμφαγωγὸν</strong></span> <span class='ocrx_word' id='word_1_114' title='bbox 465 1627 656 1699; x_wconf 83' lang='grc' dir='ltr'>ὥσπερ</span> <span class='ocrx_word' id='word_1_115' title='bbox 692 1630 791 1701; x_wconf 83' lang='grc' dir='ltr'><strong>τῆς</strong></span> <span class='ocrx_word' id='word_1_116' title='bbox 826 1629 1124 1701; x_wconf 78' lang='grc' dir='ltr'>παρθενίας</span> <span class='ocrx_word' id='word_1_117' title='bbox 1152 1630 1339 1684; x_wconf 89' lang='grc' dir='ltr'>τοῦτον</span> <span class='ocrx_word' id='word_1_118' title='bbox 1360 1632 1522 1685; x_wconf 81' lang='grc' dir='ltr'>αὐτὸν</span> <span class='ocrx_word' id='word_1_119' title='bbox 1556 1633 1651 1685; x_wconf 76' lang='grc' dir='ltr'><strong>καὶ</strong></span> 
     </span>
    </p>
   </div>
   <div class='ocr_carea' id='block_1_18' title="bbox 117 1718 1651 1790">
    <p class='ocr_par' dir='ltr' id='par_1_18' title="bbox 117 1718 1651 1790">
     <span class='ocr_line' id='line_1_18' title="bbox 117 1718 1651 1790; baseline 0.004 -20"><span class='ocrx_word' id='word_1_120' title='bbox 117 1718 299 1787; x_wconf 78' lang='grc' dir='ltr'>φύλακα</span> <span class='ocrx_word' id='word_1_121' title='bbox 326 1719 571 1789; x_wconf 77' lang='grc' dir='ltr'>ἔχουσαν.</span> <span class='ocrx_word' id='word_1_122' title='bbox 595 1719 708 1790; x_wconf 73' lang='grc' dir='ltr'><strong>Πρὸ</strong></span> <span class='ocrx_word' id='word_1_123' title='bbox 734 1720 792 1772; x_wconf 86' lang='grc' dir='ltr'><strong>δὲ</strong></span> <span class='ocrx_word' id='word_1_124' title='bbox 818 1720 928 1775; x_wconf 84' lang='grc' dir='ltr'><strong>τῶν</strong></span> <span class='ocrx_word' id='word_1_125' title='bbox 956 1721 1203 1789; x_wconf 82' lang='grc' dir='ltr'>ἀγγέλων</span> <span class='ocrx_word' id='word_1_126' title='bbox 1217 1722 1469 1775; x_wconf 89' lang='grc' dir='ltr'>αἰδείσθω</span> <span class='ocrx_word' id='word_1_127' title='bbox 1489 1723 1651 1776; x_wconf 80' lang='grc' dir='ltr'>αὐτὸν</span> 
     </span>
    </p>
   </div>
   <div class='ocr_carea' id='block_1_19' title="bbox 1753 537 3328 617">
    <p class='ocr_par' dir='ltr' id='par_1_19' title="bbox 1753 537 3328 617">
     <span class='ocr_line' id='line_1_19' title="bbox 1753 537 3328 617; baseline 0.006 -21"><span class='ocrx_word' id='word_1_128' title='bbox 1753 537 2034 597; x_wconf 81' lang='lat' dir='ltr'><strong>hominum</strong></span> <span class='ocrx_word' id='word_1_129' title='bbox 2074 541 2238 606; x_wconf 84' lang='lat' dir='ltr'><strong>adsit,</strong></span> <span class='ocrx_word' id='word_1_130' title='bbox 2273 552 2330 595; x_wconf 90' lang='lat' dir='ltr'><strong>at</strong></span> <span class='ocrx_word' id='word_1_131' title='bbox 2357 542 2469 611; x_wconf 88' lang='lat' dir='ltr'><strong>ipsa</strong></span> <span class='ocrx_word' id='word_1_132' title='bbox 2499 542 2823 612; x_wconf 85' lang='lat' dir='ltr'><strong>sibimetipsi</strong></span> <span class='ocrx_word' id='word_1_133' title='bbox 2847 545 3009 600; x_wconf 84' lang='lat' dir='ltr'><strong>adest</strong></span> <span class='ocrx_word' id='word_1_134' title='bbox 3033 547 3204 617; x_wconf 84' lang='lat' dir='ltr'><strong>virgo,</strong></span> <span class='ocrx_word' id='word_1_135' title='bbox 3240 564 3328 605; x_wconf 83' lang='lat' dir='ltr'><strong>se-</strong></span> 
     </span>
    </p>
   </div>
   <div class='ocr_carea' id='block_1_20' title="bbox 1749 631 3325 704">
    <p class='ocr_par' dir='ltr' id='par_1_20' title="bbox 1749 631 3325 704">
     <span class='ocr_line' id='line_1_20' title="bbox 1749 631 3325 704; baseline 0.006 -20"><span class='ocrx_word' id='word_1_136' title='bbox 1749 645 1854 699; x_wconf 86' lang='lat' dir='ltr'><strong>que</strong></span> <span class='ocrx_word' id='word_1_137' title='bbox 1885 631 2126 685; x_wconf 90' lang='lat' dir='ltr'><strong>omnium</strong></span> <span class='ocrx_word' id='word_1_138' title='bbox 2167 632 2406 687; x_wconf 80' lang='lat' dir='ltr'><strong>maxime</strong></span> <span class='ocrx_word' id='word_1_139' title='bbox 2444 634 2605 688; x_wconf 91' lang='lat' dir='ltr'><strong>debet</strong></span> <span class='ocrx_word' id='word_1_140' title='bbox 2652 635 2911 688; x_wconf 83' lang='lat' dir='ltr'><strong>revereri.</strong></span> <span class='ocrx_word' id='word_1_141' title='bbox 2955 635 3140 704; x_wconf 90' lang='lat' dir='ltr'><strong>Neque</strong></span> <span class='ocrx_word' id='word_1_142' title='bbox 3180 640 3325 697; x_wconf 83' lang='lat' dir='ltr'><strong>enim</strong></span> 
     </span>
    </p>
   </div>
   <div class='ocr_carea' id='block_1_21' title="bbox 1750 723 3327 802">
    <p class='ocr_par' dir='ltr' id='par_1_21' title="bbox 1750 723 3327 802">
     <span class='ocr_line' id='line_1_21' title="bbox 1750 723 3327 802; baseline 0.004 -26"><span class='ocrx_word' id='word_1_143' title='bbox 1750 723 1904 789; x_wconf 84' lang='lat' dir='ltr'><strong>alios,</strong></span> <span class='ocrx_word' id='word_1_144' title='bbox 1928 732 1987 778; x_wconf 92' lang='lat' dir='ltr'><strong>ut</strong></span> <span class='ocrx_word' id='word_1_145' title='bbox 2003 725 2303 778; x_wconf 89' lang='lat' dir='ltr'><strong>reverentia</strong></span> <span class='ocrx_word' id='word_1_146' title='bbox 2321 724 2536 797; x_wconf 84' lang='lat' dir='ltr'><strong>dignos,</strong></span> <span class='ocrx_word' id='word_1_147' title='bbox 2555 726 2788 792; x_wconf 87' lang='lat' dir='ltr'><strong>cavebit,</strong></span> <span class='ocrx_word' id='word_1_148' title='bbox 2802 729 2988 782; x_wconf 87' lang='lat' dir='ltr'><strong>semeti</strong></span> <span class='ocrx_word' id='word_1_149' title='bbox 2997 744 3144 797; x_wconf 89' lang='lat' dir='ltr'><strong>psam</strong></span> <span class='ocrx_word' id='word_1_150' title='bbox 3162 729 3327 802; x_wconf 68' lang='grc'><strong>645</strong></span> 
     </span>
    </p>
   </div>
   <div class='ocr_carea' id='block_1_22' title="bbox 1751 816 3328 887">
    <p class='ocr_par' dir='ltr' id='par_1_22' title="bbox 1751 816 3328 887">
     <span class='ocr_line' id='line_1_22' title="bbox 1751 816 3328 887; baseline 0.003 -18"><span class='ocrx_word' id='word_1_151' title='bbox 1751 825 1956 881; x_wconf 90' lang='lat' dir='ltr'><strong>autem,</strong></span> <span class='ocrx_word' id='word_1_152' title='bbox 1984 823 2041 869; x_wconf 90' lang='lat' dir='ltr'><strong>ut</strong></span> <span class='ocrx_word' id='word_1_153' title='bbox 2068 816 2369 871; x_wconf 86' lang='lat' dir='ltr'><strong>reverentia</strong></span> <span class='ocrx_word' id='word_1_154' title='bbox 2400 817 2696 887; x_wconf 85' lang='lat' dir='ltr'><strong>indignam,</strong></span> <span class='ocrx_word' id='word_1_155' title='bbox 2723 819 3088 874; x_wconf 87' lang='lat' dir='ltr'><strong>dedecorabit.</strong></span> <span class='ocrx_word' id='word_1_156' title='bbox 3118 818 3245 885; x_wconf 84' lang='lat' dir='ltr'><strong>Sed,</strong></span> <span class='ocrx_word' id='word_1_157' title='bbox 3270 832 3328 875; x_wconf 87' lang='lat' dir='ltr'><strong>ut</strong></span> 
     </span>
    </p>
   </div>
   <div class='ocr_carea' id='block_1_23' title="bbox 1749 901 3325 977">
    <p class='ocr_par' dir='ltr' id='par_1_23' title="bbox 1749 901 3325 977">
     <span class='ocr_line' id='line_1_23' title="bbox 1749 901 3325 977; baseline 0.001 -17"><span class='ocrx_word' id='word_1_158' title='bbox 1749 901 1900 972; x_wconf 75' lang='lat' dir='ltr'><strong>dixi,</strong></span> <span class='ocrx_word' id='word_1_159' title='bbox 1937 906 2170 977; x_wconf 89' lang='lat' dir='ltr'><strong>primum</strong></span> <span class='ocrx_word' id='word_1_160' title='bbox 2202 906 2420 975; x_wconf 81' lang='lat' dir='ltr'><strong>quidem</strong></span> <span class='ocrx_word' id='word_1_161' title='bbox 2467 907 2813 975; x_wconf 90' lang='lat' dir='ltr'><strong>semetipsam</strong></span> <span class='ocrx_word' id='word_1_162' title='bbox 2845 916 2901 963; x_wconf 88' lang='lat' dir='ltr'><strong>et</strong></span> <span class='ocrx_word' id='word_1_163' title='bbox 2934 909 3325 963; x_wconf 78' lang='lat' dir='ltr'><strong>conscientiam</strong></span> 
     </span>
    </p>
   </div>
   <div class='ocr_carea' id='block_1_24' title="bbox 1748 997 3326 1065">
    <p class='ocr_par' dir='ltr' id='par_1_24' title="bbox 1748 997 3326 1065">
     <span class='ocr_line' id='line_1_24' title="bbox 1748 997 3326 1065; baseline -0.001 -10"><span class='ocrx_word' id='word_1_164' title='bbox 1748 1012 1902 1055; x_wconf 89' lang='lat' dir='ltr'><strong>suam</strong></span> <span class='ocrx_word' id='word_1_165' title='bbox 1933 998 2291 1062; x_wconf 89' lang='lat' dir='ltr'><strong>reverebitur,</strong></span> <span class='ocrx_word' id='word_1_166' title='bbox 2320 997 2533 1052; x_wconf 90' lang='lat' dir='ltr'><strong>etiamsi</strong></span> <span class='ocrx_word' id='word_1_167' title='bbox 2580 999 2801 1052; x_wconf 89' lang='lat' dir='ltr'><strong>omnino</strong></span> <span class='ocrx_word' id='word_1_168' title='bbox 2843 999 2956 1054; x_wconf 89' lang='lat' dir='ltr'><strong>sola</strong></span> <span class='ocrx_word' id='word_1_169' title='bbox 2992 1000 3096 1065; x_wconf 89' lang='lat' dir='ltr'><strong>sit,</strong></span> <span class='ocrx_word' id='word_1_170' title='bbox 3133 1000 3326 1055; x_wconf 88' lang='lat' dir='ltr'><strong>deinde</strong></span> 
     </span>
    </p>
   </div>
   <div class='ocr_carea' id='block_1_25' title="bbox 1749 1088 3324 1160">
    <p class='ocr_par' dir='ltr' id='par_1_25' title="bbox 1749 1088 3324 1160">
     <span class='ocr_line' id='line_1_25' title="bbox 1749 1088 3324 1160; baseline 0.001 -19"><span class='ocrx_word' id='word_1_171' title='bbox 1749 1089 2052 1143; x_wconf 72' lang='lat' dir='ltr'><strong>adstantem</strong></span> <span class='ocrx_word' id='word_1_172' title='bbox 2105 1089 2385 1144; x_wconf 84' lang='lat' dir='ltr'><strong>custodem</strong></span> <span class='ocrx_word' id='word_1_173' title='bbox 2427 1088 2701 1156; x_wconf 79' lang='lat' dir='ltr'><strong>angelum.</strong></span> <span class='ocrx_word' id='word_1_174' title='bbox 2741 1089 2927 1159; x_wconf 81' lang='lat' dir='ltr'><strong>Angeli</strong></span> <span class='ocrx_word' id='word_1_175' title='bbox 2953 1093 3092 1145; x_wconf 79' lang='lat' dir='ltr'><strong>enim</strong></span> <span class='ocrx_word' id='word_1_176' title='bbox 3122 1108 3324 1160; x_wconf 87' lang='lat' dir='ltr'><strong>eorum,</strong></span> 
     </span>
    </p>
   </div>
   <div class='ocr_carea' id='block_1_26' title="bbox 1750 1177 3327 1252">
    <p class='ocr_par' dir='ltr' id='par_1_26' title="bbox 1750 1177 3327 1252">
     <span class='ocr_line' id='line_1_26' title="bbox 1750 1177 3327 1252; baseline 0.003 -19"><span class='ocrx_word' id='word_1_177' title='bbox 1750 1177 1949 1248; x_wconf 83' lang='lat' dir='ltr'><strong>inquit,</strong></span> <span class='ocrx_word' id='word_1_178' title='bbox 1981 1196 2186 1249; x_wconf 79' lang='lat' dir='ltr'><strong>semper</strong></span> <span class='ocrx_word' id='word_1_179' title='bbox 2218 1181 2394 1235; x_wconf 76' lang='lat' dir='ltr'><strong>uident</strong></span> <span class='ocrx_word' id='word_1_180' title='bbox 2424 1181 2618 1249; x_wconf 76' lang='lat' dir='ltr'><strong>[aciem</strong></span> <span class='ocrx_word' id='word_1_181' title='bbox 2661 1180 2844 1236; x_wconf 79' lang='lat' dir='ltr'><strong>Patris</strong></span> <span class='ocrx_word' id='word_1_182' title='bbox 2907 1184 3080 1249; x_wconf 82' lang='lat' dir='ltr'><strong>vestri,</strong></span> <span class='ocrx_word' id='word_1_183' title='bbox 3135 1185 3225 1252; x_wconf 77' lang='lat' dir='ltr'><strong>qui</strong></span> <span class='ocrx_word' id='word_1_184' title='bbox 3270 1185 3327 1239; x_wconf 78' lang='lat' dir='ltr'><strong>in</strong></span> 
     </span>
    </p>
   </div>
   <div class='ocr_carea' id='block_1_27' title="bbox 1748 1271 3324 1344">
    <p class='ocr_par' dir='ltr' id='par_1_27' title="bbox 1748 1271 3324 1344">
     <span class='ocr_line' id='line_1_27' title="bbox 1748 1271 3324 1344; baseline 0.004 -19"><span class='ocrx_word' id='word_1_185' title='bbox 1748 1271 1890 1326; x_wconf 79' lang='lat' dir='ltr'><strong>cwlis</strong></span> <span class='ocrx_word' id='word_1_186' title='bbox 1909 1283 1983 1327; x_wconf 77' lang='lat' dir='ltr'><strong>est</strong></span> <span class='ocrx_word' id='word_1_187' title='bbox 2005 1273 2073 1328; x_wconf 73' lang='grc'><strong>⁸⁷.</strong></span> <span class='ocrx_word' id='word_1_188' title='bbox 2091 1272 2198 1327; x_wconf 83' lang='lat' dir='ltr'><strong>Nec</strong></span> <span class='ocrx_word' id='word_1_189' title='bbox 2213 1273 2389 1339; x_wconf 88' lang='lat' dir='ltr'><strong>decet,</strong></span> <span class='ocrx_word' id='word_1_190' title='bbox 2409 1274 2752 1328; x_wconf 85' lang='lat' dir='ltr'><strong>uthominum</strong></span> <span class='ocrx_word' id='word_1_191' title='bbox 2768 1276 3078 1344; x_wconf 86' lang='lat' dir='ltr'><strong>conspectui</strong></span> <span class='ocrx_word' id='word_1_192' title='bbox 3107 1291 3165 1330; x_wconf 91' lang='lat' dir='ltr'><strong>se</strong></span> <span class='ocrx_word' id='word_1_193' title='bbox 3193 1278 3324 1332; x_wconf 86' lang='lat' dir='ltr'><strong>sub-</strong></span> 
     </span>
    </p>
   </div>
   <div class='ocr_carea' id='block_1_28' title="bbox 1751 1363 3325 1436">
    <p class='ocr_par' dir='ltr' id='par_1_28' title="bbox 1751 1363 3325 1436">
     <span class='ocr_line' id='line_1_28' title="bbox 1751 1363 3325 1436; baseline 0.005 -22"><span class='ocrx_word' id='word_1_194' title='bbox 1751 1363 1991 1429; x_wconf 83' lang='lat' dir='ltr'><strong>ducens,</strong></span> <span class='ocrx_word' id='word_1_195' title='bbox 2021 1363 2306 1435; x_wconf 79' lang='lat' dir='ltr'><strong>angelum,</strong></span> <span class='ocrx_word' id='word_1_196' title='bbox 2336 1365 2424 1419; x_wconf 89' lang='lat' dir='ltr'><strong>cui</strong></span> <span class='ocrx_word' id='word_1_197' title='bbox 2455 1380 2587 1419; x_wconf 88' lang='lat' dir='ltr'><strong>cura</strong></span> <span class='ocrx_word' id='word_1_198' title='bbox 2623 1366 2816 1421; x_wconf 90' lang='lat' dir='ltr'><strong>salutis</strong></span> <span class='ocrx_word' id='word_1_199' title='bbox 2846 1376 3047 1422; x_wconf 57' lang='lat' dir='ltr'><strong>nostrae</strong></span> <span class='ocrx_word' id='word_1_200' title='bbox 3083 1369 3283 1424; x_wconf 89' lang='lat' dir='ltr'><strong>credita</strong></span> <span class='ocrx_word' id='word_1_201' title='bbox 3305 1408 3325 1436; x_wconf 93' lang='lat'><strong>,</strong></span> 
     </span>
    </p>
   </div>
   <div class='ocr_carea' id='block_1_29' title="bbox 1756 1453 3328 1528">
    <p class='ocr_par' dir='ltr' id='par_1_29' title="bbox 1756 1453 3328 1528">
     <span class='ocr_line' id='line_1_29' title="bbox 1756 1453 3328 1528; baseline 0.004 -19"><span class='ocrx_word' id='word_1_202' title='bbox 1756 1464 2107 1521; x_wconf 88' lang='lat' dir='ltr'><strong>contemnat;</strong></span> <span class='ocrx_word' id='word_1_203' title='bbox 2143 1456 2294 1525; x_wconf 87' lang='lat' dir='ltr'><strong>virgo</strong></span> <span class='ocrx_word' id='word_1_204' title='bbox 2324 1458 2648 1524; x_wconf 61' lang='lat' dir='ltr'><strong>praesertim,</strong></span> <span class='ocrx_word' id='word_1_205' title='bbox 2672 1472 2791 1526; x_wconf 75' lang='lat' dir='ltr'><strong>quae</strong></span> <span class='ocrx_word' id='word_1_206' title='bbox 2818 1453 2963 1513; x_wconf 84' lang='lat' dir='ltr'><strong>hunc</strong></span> <span class='ocrx_word' id='word_1_207' title='bbox 2988 1460 3181 1528; x_wconf 91' lang='lat' dir='ltr'><strong>ipsum,</strong></span> <span class='ocrx_word' id='word_1_208' title='bbox 3214 1461 3328 1515; x_wconf 83' lang='lat' dir='ltr'><strong>vel-</strong></span> 
     </span>
    </p>
   </div>
   <div class='ocr_carea' id='block_1_30' title="bbox 1752 1545 3326 1615">
    <p class='ocr_par' dir='ltr' id='par_1_30' title="bbox 1752 1545 3326 1615">
     <span class='ocr_line' id='line_1_30' title="bbox 1752 1545 3326 1615; baseline 0.006 -19"><span class='ocrx_word' id='word_1_209' title='bbox 1752 1545 1829 1598; x_wconf 90' lang='lat' dir='ltr'><strong>uti</strong></span> <span class='ocrx_word' id='word_1_210' title='bbox 1873 1545 2176 1613; x_wconf 86' lang='lat' dir='ltr'><strong>pronubum</strong></span> <span class='ocrx_word' id='word_1_211' title='bbox 2223 1545 2554 1615; x_wconf 84' lang='lat' dir='ltr'><strong>virginitatis</strong></span> <span class='ocrx_word' id='word_1_212' title='bbox 2601 1562 2713 1602; x_wconf 69' lang='lat' dir='ltr'><strong>suae</strong></span> <span class='ocrx_word' id='word_1_213' title='bbox 2748 1556 2802 1602; x_wconf 88' lang='lat' dir='ltr'><strong>et</strong></span> <span class='ocrx_word' id='word_1_214' title='bbox 2840 1551 3114 1604; x_wconf 88' lang='lat' dir='ltr'><strong>custodem</strong></span> <span class='ocrx_word' id='word_1_215' title='bbox 3141 1550 3326 1607; x_wconf 87' lang='lat' dir='ltr'><strong>habet.</strong></span> 
     </span>
    </p>
   </div>
   <div class='ocr_carea' id='block_1_31' title="bbox 1751 1632 3329 1711">
    <p class='ocr_par' dir='ltr' id='par_1_31' title="bbox 1751 1632 3329 1711">
     <span class='ocr_line' id='line_1_31' title="bbox 1751 1632 3329 1711; baseline 0.005 -22"><span class='ocrx_word' id='word_1_216' title='bbox 1751 1632 1871 1690; x_wconf 70' lang='lat' dir='ltr'><strong>Prre</strong></span> <span class='ocrx_word' id='word_1_217' title='bbox 1898 1635 2107 1704; x_wconf 76' lang='lat' dir='ltr'><strong>angelis</strong></span> <span class='ocrx_word' id='word_1_218' title='bbox 2134 1646 2313 1698; x_wconf 82' lang='lat' dir='ltr'><strong>autem</strong></span> <span class='ocrx_word' id='word_1_219' title='bbox 2340 1646 2655 1692; x_wconf 80' lang='lat' dir='ltr'><strong>revereatur</strong></span> <span class='ocrx_word' id='word_1_220' title='bbox 2685 1639 2857 1705; x_wconf 90' lang='lat' dir='ltr'><strong>ipsum</strong></span> <span class='ocrx_word' id='word_1_221' title='bbox 2898 1654 3153 1708; x_wconf 89' lang='lat' dir='ltr'><strong>sponsum</strong></span> <span class='ocrx_word' id='word_1_222' title='bbox 3173 1680 3189 1706; x_wconf 89' lang='lat'><strong>,</strong></span> <span class='ocrx_word' id='word_1_223' title='bbox 3237 1643 3329 1711; x_wconf 86' lang='lat' dir='ltr'><strong>qui</strong></span> 
     </span>
    </p>
   </div>
   <div class='ocr_carea' id='block_1_32' title="bbox 1754 1727 3330 1801">
    <p class='ocr_par' dir='ltr' id='par_1_32' title="bbox 1754 1727 3330 1801">
     <span class='ocr_line' id='line_1_32' title="bbox 1754 1727 3330 1801; baseline 0.003 -20"><span class='ocrx_word' id='word_1_224' title='bbox 1754 1728 1954 1796; x_wconf 83' lang='lat' dir='ltr'><strong>ubique</strong></span> <span class='ocrx_word' id='word_1_225' title='bbox 1977 1742 2216 1795; x_wconf 69' lang='lat' dir='ltr'><strong>praesens</strong></span> <span class='ocrx_word' id='word_1_226' title='bbox 2244 1735 2347 1794; x_wconf 90' lang='lat' dir='ltr'><strong>est,</strong></span> <span class='ocrx_word' id='word_1_227' title='bbox 2376 1727 2605 1798; x_wconf 86' lang='lat' dir='ltr'><strong>ejusque</strong></span> <span class='ocrx_word' id='word_1_228' title='bbox 2632 1727 2845 1784; x_wconf 91' lang='lat' dir='ltr'><strong>Patrem</strong></span> <span class='ocrx_word' id='word_1_229' title='bbox 2867 1739 2922 1784; x_wconf 92' lang='lat' dir='ltr'><strong>et</strong></span> <span class='ocrx_word' id='word_1_230' title='bbox 2940 1741 3182 1784; x_wconf 87' lang='lat' dir='ltr'><strong>sanctum</strong></span> <span class='ocrx_word' id='word_1_231' title='bbox 3209 1731 3330 1801; x_wconf 89' lang='lat' dir='ltr'><strong>Spi-</strong></span> 
     </span>
    </p>
   </div>
   <div class='ocr_carea' id='block_1_33' title="bbox 114 1810 1655 1898">
    <p class='ocr_par' dir='ltr' id='par_1_33' title="bbox 114 1810 1647 1883">
     <span class='ocr_line' id='line_1_33' title="bbox 114 1810 1647 1883; baseline 0.003 -21"><span class='ocrx_word' id='word_1_232' title='bbox 114 1811 188 1863; x_wconf 79' lang='grc' dir='ltr'><strong>τὸν</strong></span> <span class='ocrx_word' id='word_1_233' title='bbox 208 1810 418 1882; x_wconf 80' lang='grc' dir='ltr'>νυμφίον</span> <span class='ocrx_word' id='word_1_234' title='bbox 445 1811 537 1865; x_wconf 81' lang='grc' dir='ltr'>τὸν</span> <span class='ocrx_word' id='word_1_235' title='bbox 566 1810 879 1882; x_wconf 78' lang='grc' dir='ltr'><strong>ἁπανταχοῦ</strong></span> <span class='ocrx_word' id='word_1_236' title='bbox 909 1813 1176 1883; x_wconf 82' lang='grc' dir='ltr'>παρόντα,</span> <span class='ocrx_word' id='word_1_237' title='bbox 1206 1812 1299 1865; x_wconf 76' lang='grc' dir='ltr'><strong>καὶ</strong></span> <span class='ocrx_word' id='word_1_238' title='bbox 1338 1812 1429 1867; x_wconf 84' lang='grc' dir='ltr'><strong>τὸν</strong></span> <span class='ocrx_word' id='word_1_239' title='bbox 1456 1812 1647 1866; x_wconf 86' lang='grc' dir='ltr'>τούτου</span> 
     </span>
    </p>
   </div>
   <div class='ocr_carea' id='block_1_34' title="bbox 1762 1810 3330 1898">
    <p class='ocr_par' dir='ltr' id='par_1_34' title="bbox 1762 1817 3330 1898">
     <span class='ocr_line' id='line_1_34' title="bbox 1762 1817 3330 1898; baseline 0.004 -29"><span class='ocrx_word' id='word_1_240' title='bbox 1762 1817 1934 1870; x_wconf 82' lang='lat' dir='ltr'><strong>ritum.</strong></span> <span class='ocrx_word' id='word_1_241' title='bbox 1961 1817 2069 1898; x_wconf 84' lang='lat' dir='ltr'><strong>Sed</strong></span> <span class='ocrx_word' id='word_1_242' title='bbox 2090 1817 2217 1887; x_wconf 88' lang='lat' dir='ltr'><strong>quid</strong></span> <span class='ocrx_word' id='word_1_243' title='bbox 2241 1820 2728 1891; x_wconf 61' lang='lat' dir='ltr'><strong>percurrofsingula</strong></span> <span class='ocrx_word' id='word_1_244' title='bbox 2745 1820 2768 1873; x_wconf 87' lang='lat'><strong>?</strong></span> <span class='ocrx_word' id='word_1_245' title='bbox 2788 1820 3208 1877; x_wconf 84' lang='lat' dir='ltr'><strong>innumerabilia</strong></span> <span class='ocrx_word' id='word_1_246' title='bbox 3231 1838 3330 1876; x_wconf 86' lang='lat' dir='ltr'><strong>an-</strong></span> 
     </span>
    </p>
   </div>
   <div class='ocr_carea' id='block_1_35' title="bbox 116 1903 1646 1975">
    <p class='ocr_par' dir='ltr' id='par_1_35' title="bbox 116 1903 1646 1975">
     <span class='ocr_line' id='line_1_35' title="bbox 116 1903 1646 1975; baseline 0.001 -19"><span class='ocrx_word' id='word_1_247' title='bbox 116 1904 320 1973; x_wconf 79' lang='grc' dir='ltr'>Πατέρα,</span> <span class='ocrx_word' id='word_1_248' title='bbox 360 1904 420 1957; x_wconf 88' lang='grc' dir='ltr'>τό</span> <span class='ocrx_word' id='word_1_249' title='bbox 454 1921 513 1957; x_wconf 88' lang='grc' dir='ltr'><strong>τε</strong></span> <span class='ocrx_word' id='word_1_250' title='bbox 574 1905 727 1975; x_wconf 80' lang='grc' dir='ltr'>ἆγιον</span> <span class='ocrx_word' id='word_1_251' title='bbox 779 1903 1024 1975; x_wconf 80' lang='grc' dir='ltr'>Πνεῦμα.</span> <span class='ocrx_word' id='word_1_252' title='bbox 1073 1906 1185 1957; x_wconf 74' lang='lat' dir='ltr'><strong>Kal.</strong></span> <span class='ocrx_word' id='word_1_253' title='bbox 1221 1905 1279 1957; x_wconf 86' lang='grc' dir='ltr'><strong>τί</strong></span> <span class='ocrx_word' id='word_1_254' title='bbox 1325 1904 1467 1972; x_wconf 86' lang='grc' dir='ltr'>λέγω</span> <span class='ocrx_word' id='word_1_255' title='bbox 1522 1904 1646 1958; x_wconf 83' lang='grc' dir='ltr'>καθ’</span> 
     </span>
    </p>
   </div>
   <div class='ocr_carea' id='block_1_36' title="bbox 1755 1908 3325 1982">
    <p class='ocr_par' dir='ltr' id='par_1_36' title="bbox 1755 1908 3325 1982">
     <span class='ocr_line' id='line_1_36' title="bbox 1755 1908 3325 1982; baseline 0.006 -21"><span class='ocrx_word' id='word_1_256' title='bbox 1755 1908 1995 1976; x_wconf 78' lang='lat' dir='ltr'><strong>gelorum</strong></span> <span class='ocrx_word' id='word_1_257' title='bbox 2019 1909 2232 1975; x_wconf 64' lang='lat' dir='ltr'><strong>agmina</strong></span> <span class='ocrx_word' id='word_1_258' title='bbox 2256 1949 2272 1975; x_wconf 86' lang='lat'><strong>,</strong></span> <span class='ocrx_word' id='word_1_259' title='bbox 2298 1910 2565 1981; x_wconf 87' lang='lat' dir='ltr'><strong>simulque</strong></span> <span class='ocrx_word' id='word_1_260' title='bbox 2597 1922 2809 1982; x_wconf 87' lang='lat' dir='ltr'><strong>patrum</strong></span> <span class='ocrx_word' id='word_1_261' title='bbox 2838 1922 3057 1967; x_wconf 89' lang='lat' dir='ltr'><strong>sanctos</strong></span> <span class='ocrx_word' id='word_1_262' title='bbox 3085 1912 3325 1982; x_wconf 86' lang='lat' dir='ltr'><strong>spiritus.</strong></span> 
     </span>
    </p>
   </div>
   <div class='ocr_carea' id='block_1_37' title="bbox 116 1995 1655 2073">
    <p class='ocr_par' dir='ltr' id='par_1_37' title="bbox 116 1995 1653 2067">
     <span class='ocr_line' id='line_1_37' title="bbox 116 1995 1653 2067; baseline 0.002 -20"><span class='ocrx_word' id='word_1_263' title='bbox 116 1995 343 2055; x_wconf 79' lang='grc' dir='ltr'>ἒκαστονς</span> <span class='ocrx_word' id='word_1_264' title='bbox 382 1995 461 2049; x_wconf 83' lang='grc' dir='ltr'><strong>Τὰ</strong></span> <span class='ocrx_word' id='word_1_265' title='bbox 501 1996 613 2050; x_wconf 84' lang='grc' dir='ltr'>τῶν</span> <span class='ocrx_word' id='word_1_266' title='bbox 657 1995 906 2066; x_wconf 86' lang='grc' dir='ltr'>ἀγγέλων</span> <span class='ocrx_word' id='word_1_267' title='bbox 940 1995 1287 2067; x_wconf 82' lang='grc' dir='ltr'>ἁναρίθμητα</span> <span class='ocrx_word' id='word_1_268' title='bbox 1320 1996 1522 2067; x_wconf 81' lang='grc' dir='ltr'><strong>πλήθη,</strong></span> <span class='ocrx_word' id='word_1_269' title='bbox 1556 1997 1653 2055; x_wconf 71' lang='grc' dir='ltr'><strong>καὶ</strong></span> 
     </span>
    </p>
   </div>
   <div class='ocr_carea' id='block_1_38' title="bbox 1762 1995 3327 2073">
    <p class='ocr_par' dir='ltr' id='par_1_38' title="bbox 1762 1999 3327 2073">
     <span class='ocr_line' id='line_1_38' title="bbox 1762 1999 3327 2073; baseline 0.004 -22"><span class='ocrx_word' id='word_1_270' title='bbox 1762 1999 1936 2054; x_wconf 66' lang='lat' dir='ltr'><strong>Nullus</strong></span> <span class='ocrx_word' id='word_1_271' title='bbox 1956 2001 2099 2057; x_wconf 84' lang='lat' dir='ltr'><strong>enim</strong></span> <span class='ocrx_word' id='word_1_272' title='bbox 2125 2016 2314 2056; x_wconf 91' lang='lat' dir='ltr'><strong>eorum</strong></span> <span class='ocrx_word' id='word_1_273' title='bbox 2352 2010 2437 2058; x_wconf 88' lang='lat' dir='ltr'><strong>est</strong></span> <span class='ocrx_word' id='word_1_274' title='bbox 2467 2045 2483 2069; x_wconf 89' lang='lat'><strong>,</strong></span> <span class='ocrx_word' id='word_1_275' title='bbox 2514 2003 2608 2073; x_wconf 89' lang='lat' dir='ltr'><strong>qui</strong></span> <span class='ocrx_word' id='word_1_276' title='bbox 2651 2018 2757 2059; x_wconf 92' lang='lat' dir='ltr'><strong>non</strong></span> <span class='ocrx_word' id='word_1_277' title='bbox 2788 2004 2987 2072; x_wconf 86' lang='lat' dir='ltr'><strong>ubique</strong></span> <span class='ocrx_word' id='word_1_278' title='bbox 3021 2004 3327 2071; x_wconf 84' lang='lat' dir='ltr'><strong>intueatur;</strong></span> 
     </span>
    </p>
   </div>
   <div class='ocr_carea' id='block_1_39' title="bbox 120 2085 1654 2158">
    <p class='ocr_par' dir='ltr' id='par_1_39' title="bbox 120 2085 1654 2158">
     <span class='ocr_line' id='line_1_39' title="bbox 120 2085 1654 2158; baseline 0.001 -20"><span class='ocrx_word' id='word_1_279' title='bbox 120 2086 233 2154; x_wconf 81' lang='grc' dir='ltr'><strong>μετά</strong></span> <span class='ocrx_word' id='word_1_280' title='bbox 258 2086 470 2152; x_wconf 88' lang='grc' dir='ltr'>τούτων,</span> <span class='ocrx_word' id='word_1_281' title='bbox 496 2087 570 2141; x_wconf 84' lang='grc' dir='ltr'>τὰ</span> <span class='ocrx_word' id='word_1_282' title='bbox 600 2087 708 2141; x_wconf 83' lang='grc' dir='ltr'><strong>τῶν</strong></span> <span class='ocrx_word' id='word_1_283' title='bbox 739 2087 992 2158; x_wconf 82' lang='grc' dir='ltr'>πατέρων</span> <span class='ocrx_word' id='word_1_284' title='bbox 1031 2087 1163 2156; x_wconf 85' lang='grc' dir='ltr'>ἆγια</span> <span class='ocrx_word' id='word_1_285' title='bbox 1208 2085 1515 2157; x_wconf 84' lang='grc' dir='ltr'>πνεύματα.</span> <span class='ocrx_word' id='word_1_286' title='bbox 1550 2088 1654 2140; x_wconf 80' lang='grc' dir='ltr'><strong>Οὐ-</strong></span> 
     </span>
    </p>
   </div>
   <div class='ocr_carea' id='block_1_40' title="bbox 116 2176 1652 2251">
    <p class='ocr_par' dir='ltr' id='par_1_40' title="bbox 116 2176 1652 2251">
     <span class='ocr_line' id='line_1_40' title="bbox 116 2176 1652 2251; baseline 0.001 -23"><span class='ocrx_word' id='word_1_287' title='bbox 116 2176 207 2240; x_wconf 80' lang='grc' dir='ltr'>δεὶς</span> <span class='ocrx_word' id='word_1_288' title='bbox 233 2178 331 2251; x_wconf 82' lang='grc' dir='ltr'><strong>γὰρ</strong></span> <span class='ocrx_word' id='word_1_289' title='bbox 360 2178 564 2233; x_wconf 85' lang='grc' dir='ltr'>τούτων</span> <span class='ocrx_word' id='word_1_290' title='bbox 620 2180 769 2234; x_wconf 70' lang='grc' dir='ltr'>ἐστὶν</span> <span class='ocrx_word' id='word_1_291' title='bbox 805 2180 866 2243; x_wconf 85' lang='grc' dir='ltr'>ὃς</span> <span class='ocrx_word' id='word_1_292' title='bbox 915 2179 1035 2251; x_wconf 76' lang='grc' dir='ltr'>οὐχὶ</span> <span class='ocrx_word' id='word_1_293' title='bbox 1095 2177 1370 2249; x_wconf 78' lang='grc' dir='ltr'>πανταχοῦ</span> <span class='ocrx_word' id='word_1_294' title='bbox 1408 2178 1616 2251; x_wconf 81' lang='grc' dir='ltr'>καθορᾷ</span> <span class='ocrx_word' id='word_1_295' title='bbox 1637 2218 1652 2242; x_wconf 95' lang='grc'><strong>,</strong></span> 
     </span>
    </p>
   </div>
   <div class='ocr_carea' id='block_1_41' title="bbox 118 2269 1655 2343">
    <p class='ocr_par' dir='ltr' id='par_1_41' title="bbox 118 2269 1655 2343">
     <span class='ocr_line' id='line_1_41' title="bbox 118 2269 1655 2343; baseline 0.001 -23"><span class='ocrx_word' id='word_1_296' title='bbox 118 2269 249 2331; x_wconf 74' lang='grc' dir='ltr'>αὐτὸς</span> <span class='ocrx_word' id='word_1_297' title='bbox 278 2270 369 2341; x_wconf 89' lang='grc' dir='ltr'>μὲν</span> <span class='ocrx_word' id='word_1_298' title='bbox 396 2270 648 2343; x_wconf 85' lang='grc' dir='ltr'>σώματος</span> <span class='ocrx_word' id='word_1_299' title='bbox 665 2271 907 2342; x_wconf 84' lang='grc' dir='ltr'>ὄμμασιν</span> <span class='ocrx_word' id='word_1_300' title='bbox 926 2271 1025 2341; x_wconf 85' lang='grc' dir='ltr'><strong>οὐχ</strong></span> <span class='ocrx_word' id='word_1_301' title='bbox 1051 2269 1349 2341; x_wconf 82' lang='grc' dir='ltr'>ὁρώμενος,</span> <span class='ocrx_word' id='word_1_302' title='bbox 1378 2269 1655 2340; x_wconf 79' lang='grc' dir='ltr'>ἀσωμάτῳ</span> 
     </span>
    </p>
   </div>
   <div class='ocr_carea' id='block_1_42' title="bbox 117 2358 1653 2433">
    <p class='ocr_par' dir='ltr' id='par_1_42' title="bbox 117 2358 1653 2433">
     <span class='ocr_line' id='line_1_42' title="bbox 117 2358 1653 2433; baseline 0.002 -22"><span class='ocrx_word' id='word_1_303' title='bbox 117 2358 162 2411; x_wconf 78' lang='grc' dir='ltr'><strong>δὲ</strong></span> <span class='ocrx_word' id='word_1_304' title='bbox 192 2359 439 2431; x_wconf 75' lang='grc' dir='ltr'><strong>βλέμματι</strong></span> <span class='ocrx_word' id='word_1_305' title='bbox 462 2361 889 2433; x_wconf 70' lang='grc' dir='ltr'>περιλαμῆάνων</span> <span class='ocrx_word' id='word_1_306' title='bbox 917 2362 998 2426; x_wconf 80' lang='grc' dir='ltr'><strong>είς</strong></span> <span class='ocrx_word' id='word_1_307' title='bbox 1024 2360 1223 2430; x_wconf 77' lang='grc' dir='ltr'>γνῶσιν</span> <span class='ocrx_word' id='word_1_308' title='bbox 1253 2361 1322 2413; x_wconf 81' lang='grc' dir='ltr'>τὰ</span> <span class='ocrx_word' id='word_1_309' title='bbox 1341 2359 1653 2430; x_wconf 88' lang='grc' dir='ltr'>σύμπαντα.</span> 
     </span>
    </p>
   </div>
   <div class='ocr_carea' id='block_1_43' title="bbox 120 2448 1655 2521">
    <p class='ocr_par' dir='ltr' id='par_1_43' title="bbox 120 2448 1655 2521">
     <span class='ocr_line' id='line_1_43' title="bbox 120 2448 1655 2521; baseline 0.001 -21"><span class='ocrx_word' id='word_1_310' title='bbox 120 2448 255 2502; x_wconf 80' lang='grc' dir='ltr'>Ὥστε</span> <span class='ocrx_word' id='word_1_311' title='bbox 285 2451 534 2505; x_wconf 75' lang='grc' dir='ltr'>καὶκατὰ</span> <span class='ocrx_word' id='word_1_312' title='bbox 566 2450 755 2505; x_wconf 88' lang='grc' dir='ltr'>τοῦτον</span> <span class='ocrx_word' id='word_1_313' title='bbox 801 2452 892 2504; x_wconf 87' lang='grc' dir='ltr'><strong>τὸν</strong></span> <span class='ocrx_word' id='word_1_314' title='bbox 924 2450 1101 2521; x_wconf 86' lang='grc' dir='ltr'>λόγον,</span> <span class='ocrx_word' id='word_1_315' title='bbox 1132 2452 1182 2503; x_wconf 86' lang='grc' dir='ltr'>εἰ</span> <span class='ocrx_word' id='word_1_316' title='bbox 1219 2450 1501 2504; x_wconf 78' lang='grc' dir='ltr'>λανθάνειν</span> <span class='ocrx_word' id='word_1_317' title='bbox 1521 2449 1655 2518; x_wconf 52' lang='grc' dir='ltr'>’βού-</span> 
     </span>
    </p>
   </div>
   <div class='ocr_carea' id='block_1_44' title="bbox 119 2536 1656 2614">
    <p class='ocr_par' dir='ltr' id='par_1_44' title="bbox 119 2536 1656 2614">
     <span class='ocr_line' id='line_1_44' title="bbox 119 2536 1656 2614; baseline 0.002 -25"><span class='ocrx_word' id='word_1_318' title='bbox 119 2536 241 2592; x_wconf 74' lang='grc' dir='ltr'>λεται</span> <span class='ocrx_word' id='word_1_319' title='bbox 274 2542 391 2604; x_wconf 82' lang='grc' dir='ltr'>τοὺς</span> <span class='ocrx_word' id='word_1_320' title='bbox 429 2541 660 2606; x_wconf 78' lang='grc' dir='ltr'>πολλοὺς</span> <span class='ocrx_word' id='word_1_321' title='bbox 705 2543 738 2613; x_wconf 86' lang='grc' dir='ltr'>ὴ</span> <span class='ocrx_word' id='word_1_322' title='bbox 792 2541 1079 2614; x_wconf 77' lang='grc' dir='ltr'>παρθένος,</span> <span class='ocrx_word' id='word_1_323' title='bbox 1130 2540 1308 2611; x_wconf 86' lang='grc' dir='ltr'>πολλῷ</span> <span class='ocrx_word' id='word_1_324' title='bbox 1338 2540 1499 2594; x_wconf 80' lang='grc' dir='ltr'>πλέον</span> <span class='ocrx_word' id='word_1_325' title='bbox 1534 2539 1656 2593; x_wconf 85' lang='grc' dir='ltr'>τού-</span> 
     </span>
    </p>
   </div>
   <div class='ocr_carea' id='block_1_45' title="bbox 119 2631 1658 2703">
    <p class='ocr_par' dir='ltr' id='par_1_45' title="bbox 119 2631 1658 2703">
     <span class='ocr_line' id='line_1_45' title="bbox 119 2631 1658 2703; baseline 0.001 -21"><span class='ocrx_word' id='word_1_326' title='bbox 119 2646 220 2693; x_wconf 81' lang='grc' dir='ltr'>τους</span> <span class='ocrx_word' id='word_1_327' title='bbox 240 2631 511 2698; x_wconf 82' lang='grc' dir='ltr'>τοσούτους</span> <span class='ocrx_word' id='word_1_328' title='bbox 551 2650 612 2686; x_wconf 88' lang='grc' dir='ltr'><strong>τε</strong></span> <span class='ocrx_word' id='word_1_329' title='bbox 648 2634 745 2686; x_wconf 75' lang='grc' dir='ltr'><strong>καὶ</strong></span> <span class='ocrx_word' id='word_1_330' title='bbox 776 2632 1051 2696; x_wconf 82' lang='grc' dir='ltr'>τοιούτους</span> <span class='ocrx_word' id='word_1_331' title='bbox 1080 2632 1443 2703; x_wconf 83' lang='grc' dir='ltr'>ὑπάρχοντας,</span> <span class='ocrx_word' id='word_1_332' title='bbox 1475 2631 1658 2701; x_wconf 75' lang='grc' dir='ltr'>ἢτοὺς</span> 
     </span>
    </p>
   </div>
   <div class='ocr_carea' id='block_1_46' title="bbox 122 2720 1660 2795">
    <p class='ocr_par' dir='ltr' id='par_1_46' title="bbox 122 2720 1660 2795">
     <span class='ocr_line' id='line_1_46' title="bbox 122 2720 1660 2795; baseline 0.003 -23"><span class='ocrx_word' id='word_1_333' title='bbox 122 2720 404 2791; x_wconf 77' lang='grc' dir='ltr'>ἀνθρώπους</span> <span class='ocrx_word' id='word_1_334' title='bbox 432 2723 508 2788; x_wconf 83' lang='grc' dir='ltr'><strong>ὡς</strong></span> <span class='ocrx_word' id='word_1_335' title='bbox 552 2723 699 2788; x_wconf 74' lang='grc' dir='ltr'>εἰκὸς</span> <span class='ocrx_word' id='word_1_336' title='bbox 727 2723 1131 2795; x_wconf 78' lang='grc' dir='ltr'>αἱδεσθήσεται.</span> <span class='ocrx_word' id='word_1_337' title='bbox 1163 2724 1272 2776; x_wconf 73' lang='grc' dir='ltr'>Καὶ</span> <span class='ocrx_word' id='word_1_338' title='bbox 1315 2723 1504 2792; x_wconf 79' lang='grc' dir='ltr'>ἐπειδὴ</span> <span class='ocrx_word' id='word_1_339' title='bbox 1533 2721 1660 2776; x_wconf 90' lang='grc' dir='ltr'>λαν-</span> 
     </span>
    </p>
   </div>
   <div class='ocr_carea' id='block_1_47' title="bbox 123 2811 1659 2888">
    <p class='ocr_par' dir='ltr' id='par_1_47' title="bbox 123 2811 1659 2888">
     <span class='ocr_line' id='line_1_47' title="bbox 123 2811 1659 2888; baseline 0.002 -24"><span class='ocrx_word' id='word_1_340' title='bbox 123 2811 276 2866; x_wconf 76' lang='grc' dir='ltr'>θάνειν</span> <span class='ocrx_word' id='word_1_341' title='bbox 302 2818 360 2868; x_wconf 79' lang='grc' dir='ltr'>τὸ</span> <span class='ocrx_word' id='word_1_342' title='bbox 387 2816 593 2888; x_wconf 84' lang='grc' dir='ltr'>πλῆθος</span> <span class='ocrx_word' id='word_1_343' title='bbox 636 2816 733 2887; x_wconf 81' lang='grc' dir='ltr'>τὴν</span> <span class='ocrx_word' id='word_1_344' title='bbox 761 2816 1036 2888; x_wconf 83' lang='grc' dir='ltr'>ἁμαρτίαν</span> <span class='ocrx_word' id='word_1_345' title='bbox 1069 2816 1369 2888; x_wconf 87' lang='grc' dir='ltr'>προείλετο,</span> <span class='ocrx_word' id='word_1_346' title='bbox 1401 2814 1659 2869; x_wconf 81' lang='grc' dir='ltr'>ἀδύνατον</span> 
     </span>
    </p>
   </div>
   <div class='ocr_carea' id='block_1_48' title="bbox 120 2904 1662 2980">
    <p class='ocr_par' dir='ltr' id='par_1_48' title="bbox 120 2904 1662 2980">
     <span class='ocr_line' id='line_1_48' title="bbox 120 2904 1662 2980; baseline 0.004 -24"><span class='ocrx_word' id='word_1_347' title='bbox 120 2904 165 2955; x_wconf 78' lang='grc' dir='ltr'><strong>δὲ</strong></span> <span class='ocrx_word' id='word_1_348' title='bbox 187 2906 383 2972; x_wconf 84' lang='grc' dir='ltr'>τούτους</span> <span class='ocrx_word' id='word_1_349' title='bbox 410 2907 574 2972; x_wconf 72' lang='grc' dir='ltr'>ὄντας</span> <span class='ocrx_word' id='word_1_350' title='bbox 603 2908 807 2979; x_wconf 76' lang='grc' dir='ltr'>πλῆθος</span> <span class='ocrx_word' id='word_1_351' title='bbox 835 2909 1137 2975; x_wconf 83' lang='grc' dir='ltr'>λανθάνειν,</span> <span class='ocrx_word' id='word_1_352' title='bbox 1173 2909 1427 2963; x_wconf 80' lang='grc' dir='ltr'>οὐδέποτέ</span> <span class='ocrx_word' id='word_1_353' title='bbox 1458 2909 1568 2980; x_wconf 74' lang='lat'><strong>(‘29)</strong></span> <span class='ocrx_word' id='word_1_354' title='bbox 1608 2927 1662 2962; x_wconf 89' lang='grc' dir='ltr'><strong>τι</strong></span> 
     </span>
    </p>
   </div>
   <div class='ocr_carea' id='block_1_49' title="bbox 1752 2091 3327 2162">
    <p class='ocr_par' dir='ltr' id='par_1_49' title="bbox 1752 2091 3327 2162">
     <span class='ocr_line' id='line_1_49' title="bbox 1752 2091 3327 2162; baseline 0.004 -19"><span class='ocrx_word' id='word_1_355' title='bbox 1752 2105 1874 2143; x_wconf 82' lang='lat' dir='ltr'><strong>cum</strong></span> <span class='ocrx_word' id='word_1_356' title='bbox 1911 2091 2023 2159; x_wconf 91' lang='lat' dir='ltr'><strong>ipse</strong></span> <span class='ocrx_word' id='word_1_357' title='bbox 2053 2091 2268 2162; x_wconf 87' lang='lat' dir='ltr'><strong>quidem</strong></span> <span class='ocrx_word' id='word_1_358' title='bbox 2309 2095 2553 2161; x_wconf 82' lang='lat' dir='ltr'><strong>corporis</strong></span> <span class='ocrx_word' id='word_1_359' title='bbox 2588 2093 2760 2148; x_wconf 86' lang='lat' dir='ltr'><strong>oculis</strong></span> <span class='ocrx_word' id='word_1_360' title='bbox 2799 2109 2905 2148; x_wconf 92' lang='lat' dir='ltr'><strong>non</strong></span> <span class='ocrx_word' id='word_1_361' title='bbox 2937 2094 3202 2161; x_wconf 88' lang='lat' dir='ltr'><strong>videatur,</strong></span> <span class='ocrx_word' id='word_1_362' title='bbox 3233 2096 3327 2149; x_wconf 89' lang='lat' dir='ltr'><strong>sed</strong></span> 
     </span>
    </p>
   </div>
   <div class='ocr_carea' id='block_1_50' title="bbox 1754 2178 3341 2259">
    <p class='ocr_par' dir='ltr' id='par_1_50' title="bbox 1754 2178 3341 2259">
     <span class='ocr_line' id='line_1_50' title="bbox 1754 2178 3341 2259; baseline 0.004 -21"><span class='ocrx_word' id='word_1_363' title='bbox 1754 2185 2074 2253; x_wconf 83' lang='lat' dir='ltr'><strong>incorporeo</strong></span> <span class='ocrx_word' id='word_1_364' title='bbox 2112 2188 2271 2243; x_wconf 83' lang='lat' dir='ltr'><strong>oculo</strong></span> <span class='ocrx_word' id='word_1_365' title='bbox 2321 2188 2733 2259; x_wconf 88' lang='lat' dir='ltr'><strong>circumspiciat</strong></span> <span class='ocrx_word' id='word_1_366' title='bbox 2775 2189 2975 2243; x_wconf 87' lang='lat' dir='ltr'><strong>omnia.</strong></span> <span class='ocrx_word' id='word_1_367' title='bbox 3009 2178 3341 2257; x_wconf 14' lang='lat' dir='ltr'><strong>Quare’bac-</strong></span> 
     </span>
    </p>
   </div>
   <div class='ocr_carea' id='block_1_51' title="bbox 1755 2276 3327 2352">
    <p class='ocr_par' dir='ltr' id='par_1_51' title="bbox 1755 2276 3327 2352">
     <span class='ocr_line' id='line_1_51' title="bbox 1755 2276 3327 2352; baseline 0.004 -22"><span class='ocrx_word' id='word_1_368' title='bbox 1755 2276 1918 2330; x_wconf 79' lang='lat' dir='ltr'><strong>etiam</strong></span> <span class='ocrx_word' id='word_1_369' title='bbox 1949 2279 2194 2345; x_wconf 86' lang='lat' dir='ltr'><strong>ratione,</strong></span> <span class='ocrx_word' id='word_1_370' title='bbox 2221 2281 2265 2334; x_wconf 88' lang='lat' dir='ltr'><strong>si</strong></span> <span class='ocrx_word' id='word_1_371' title='bbox 2301 2280 2499 2336; x_wconf 87' lang='lat' dir='ltr'><strong>multos</strong></span> <span class='ocrx_word' id='word_1_372' title='bbox 2523 2280 2692 2335; x_wconf 88' lang='lat' dir='ltr'><strong>latere</strong></span> <span class='ocrx_word' id='word_1_373' title='bbox 2715 2281 2827 2335; x_wconf 91' lang='lat' dir='ltr'><strong>vult</strong></span> <span class='ocrx_word' id='word_1_374' title='bbox 2856 2280 3039 2351; x_wconf 86' lang='lat' dir='ltr'><strong>virgo,</strong></span> <span class='ocrx_word' id='word_1_375' title='bbox 3069 2282 3203 2346; x_wconf 88' lang='lat' dir='ltr'><strong>hos,</strong></span> <span class='ocrx_word' id='word_1_376' title='bbox 3235 2281 3327 2352; x_wconf 87' lang='lat' dir='ltr'><strong>qui</strong></span> 
     </span>
    </p>
   </div>
   <div class='ocr_carea' id='block_1_52' title="bbox 1765 2366 3334 2441">
    <p class='ocr_par' dir='ltr' id='par_1_52' title="bbox 1765 2366 3334 2441">
     <span class='ocr_line' id='line_1_52' title="bbox 1765 2366 3334 2441; baseline 0.005 -22"><span class='ocrx_word' id='word_1_377' title='bbox 1765 2375 1841 2419; x_wconf 91' lang='lat' dir='ltr'><strong>tot</strong></span> <span class='ocrx_word' id='word_1_378' title='bbox 1871 2381 1931 2420; x_wconf 87' lang='lat' dir='ltr'><strong>ac</strong></span> <span class='ocrx_word' id='word_1_379' title='bbox 1961 2366 2095 2423; x_wconf 88' lang='lat' dir='ltr'><strong>tales</strong></span> <span class='ocrx_word' id='word_1_380' title='bbox 2137 2377 2299 2435; x_wconf 89' lang='lat' dir='ltr'><strong>sunt,</strong></span> <span class='ocrx_word' id='word_1_381' title='bbox 2341 2371 2511 2424; x_wconf 87' lang='lat' dir='ltr'><strong>multo</strong></span> <span class='ocrx_word' id='word_1_382' title='bbox 2549 2371 2722 2439; x_wconf 87' lang='lat' dir='ltr'><strong>magis</strong></span> <span class='ocrx_word' id='word_1_383' title='bbox 2755 2387 2917 2441; x_wconf 91' lang='lat' dir='ltr'><strong>quam</strong></span> <span class='ocrx_word' id='word_1_384' title='bbox 2964 2372 3244 2438; x_wconf 88' lang='lat' dir='ltr'><strong>homines,</strong></span> <span class='ocrx_word' id='word_1_385' title='bbox 3272 2380 3334 2427; x_wconf 85' lang='lat' dir='ltr'><strong>ut</strong></span> 
     </span>
    </p>
   </div>
   <div class='ocr_carea' id='block_1_53' title="bbox 1761 2456 3331 2534">
    <p class='ocr_par' dir='ltr' id='par_1_53' title="bbox 1761 2456 3331 2534">
     <span class='ocr_line' id='line_1_53' title="bbox 1761 2456 3331 2534; baseline 0.005 -27"><span class='ocrx_word' id='word_1_386' title='bbox 1761 2456 2056 2512; x_wconf 89' lang='lat' dir='ltr'><strong>verisimile</strong></span> <span class='ocrx_word' id='word_1_387' title='bbox 2093 2467 2206 2525; x_wconf 87' lang='lat' dir='ltr'><strong>est,</strong></span> <span class='ocrx_word' id='word_1_388' title='bbox 2254 2461 2610 2516; x_wconf 84' lang='lat' dir='ltr'><strong>reverehitur.</strong></span> <span class='ocrx_word' id='word_1_389' title='bbox 2649 2462 2715 2516; x_wconf 83' lang='lat' dir='ltr'><strong>Et</strong></span> <span class='ocrx_word' id='word_1_390' title='bbox 2751 2477 2873 2517; x_wconf 91' lang='lat' dir='ltr'><strong>cum</strong></span> <span class='ocrx_word' id='word_1_391' title='bbox 2909 2462 2960 2518; x_wconf 90' lang='lat' dir='ltr'><strong>ei</strong></span> <span class='ocrx_word' id='word_1_392' title='bbox 2999 2462 3331 2534; x_wconf 90' lang='lat' dir='ltr'><strong>propositum</strong></span> 
     </span>
    </p>
   </div>
   <div class='ocr_carea' id='block_1_54' title="bbox 1762 2547 3332 2625">
    <p class='ocr_par' dir='ltr' id='par_1_54' title="bbox 1762 2547 3332 2625">
     <span class='ocr_line' id='line_1_54' title="bbox 1762 2547 3332 2625; baseline 0.006 -26"><span class='ocrx_word' id='word_1_393' title='bbox 1762 2547 1852 2611; x_wconf 90' lang='lat' dir='ltr'><strong>sit,</strong></span> <span class='ocrx_word' id='word_1_394' title='bbox 1883 2557 1939 2602; x_wconf 93' lang='lat' dir='ltr'><strong>ut</strong></span> <span class='ocrx_word' id='word_1_395' title='bbox 1971 2558 2254 2618; x_wconf 85' lang='lat' dir='ltr'><strong>peccatum</strong></span> <span class='ocrx_word' id='word_1_396' title='bbox 2294 2551 2694 2608; x_wconf 89' lang='lat' dir='ltr'><strong>multitudinem</strong></span> <span class='ocrx_word' id='word_1_397' title='bbox 2722 2552 2925 2623; x_wconf 87' lang='lat' dir='ltr'><strong>lateat,</strong></span> <span class='ocrx_word' id='word_1_398' title='bbox 2956 2570 3185 2625; x_wconf 90' lang='lat' dir='ltr'><strong>cumque</strong></span> <span class='ocrx_word' id='word_1_399' title='bbox 3217 2554 3332 2609; x_wconf 82' lang='lat' dir='ltr'><strong>ﬁeri</strong></span> 
     </span>
    </p>
   </div>
   <div class='ocr_carea' id='block_1_55' title="bbox 1756 2641 3333 2715">
    <p class='ocr_par' dir='ltr' id='par_1_55' title="bbox 1756 2641 3333 2715">
     <span class='ocr_line' id='line_1_55' title="bbox 1756 2641 3333 2715; baseline 0.009 -25"><span class='ocrx_word' id='word_1_400' title='bbox 1756 2651 1861 2691; x_wconf 92' lang='lat' dir='ltr'><strong>non</strong></span> <span class='ocrx_word' id='word_1_401' title='bbox 1890 2641 2083 2708; x_wconf 86' lang='lat' dir='ltr'><strong>possit,</strong></span> <span class='ocrx_word' id='word_1_402' title='bbox 2113 2651 2172 2695; x_wconf 90' lang='lat' dir='ltr'><strong>ut</strong></span> <span class='ocrx_word' id='word_1_403' title='bbox 2202 2641 2371 2707; x_wconf 88' lang='lat' dir='ltr'><strong>istos,</strong></span> <span class='ocrx_word' id='word_1_404' title='bbox 2404 2658 2631 2715; x_wconf 78' lang='lat' dir='ltr'><strong>quorum</strong></span> <span class='ocrx_word' id='word_1_405' title='bbox 2673 2660 2864 2715; x_wconf 80' lang='lat' dir='ltr'><strong>magna</strong></span> <span class='ocrx_word' id='word_1_406' title='bbox 2906 2646 3192 2702; x_wconf 85' lang='lat' dir='ltr'><strong>multitudo</strong></span> <span class='ocrx_word' id='word_1_407' title='bbox 3220 2658 3333 2713; x_wconf 85' lang='lat' dir='ltr'><strong>est,</strong></span> 
     </span>
    </p>
   </div>
   <div class='ocr_carea' id='block_1_56' title="bbox 1756 2728 3330 2805">
    <p class='ocr_par' dir='ltr' id='par_1_56' title="bbox 1756 2728 3330 2805">
     <span class='ocr_line' id='line_1_56' title="bbox 1756 2728 3330 2805; baseline 0.008 -23"><span class='ocrx_word' id='word_1_408' title='bbox 1756 2728 1963 2795; x_wconf 80' lang='lat' dir='ltr'><strong>lateat,</strong></span> <span class='ocrx_word' id='word_1_409' title='bbox 2009 2732 2142 2786; x_wconf 86' lang='lat' dir='ltr'><strong>nihil</strong></span> <span class='ocrx_word' id='word_1_410' title='bbox 2189 2748 2427 2803; x_wconf 90' lang='lat' dir='ltr'><strong>unquam</strong></span> <span class='ocrx_word' id='word_1_411' title='bbox 2457 2734 2763 2790; x_wconf 90' lang='lat' dir='ltr'><strong>committet</strong></span> <span class='ocrx_word' id='word_1_412' title='bbox 2792 2736 2935 2805; x_wconf 91' lang='lat' dir='ltr'><strong>quod</strong></span> <span class='ocrx_word' id='word_1_413' title='bbox 2979 2752 3086 2791; x_wconf 91' lang='lat' dir='ltr'><strong>non</strong></span> <span class='ocrx_word' id='word_1_414' title='bbox 3118 2738 3330 2794; x_wconf 91' lang='lat' dir='ltr'><strong>deceat.</strong></span> 
     </span>
    </p>
   </div>
   <div class='ocr_carea' id='block_1_57' title="bbox 1760 2820 3334 2900">
    <p class='ocr_par' dir='ltr' id='par_1_57' title="bbox 1760 2820 3334 2900">
     <span class='ocr_line' id='line_1_57' title="bbox 1760 2820 3334 2900; baseline 0.007 -26"><span class='ocrx_word' id='word_1_415' title='bbox 1760 2820 1910 2875; x_wconf 86' lang='lat' dir='ltr'><strong>Talia</strong></span> <span class='ocrx_word' id='word_1_416' title='bbox 1945 2823 2106 2895; x_wconf 86' lang='lat' dir='ltr'><strong>igitur</strong></span> <span class='ocrx_word' id='word_1_417' title='bbox 2132 2825 2183 2878; x_wconf 92' lang='lat' dir='ltr'><strong>in</strong></span> <span class='ocrx_word' id='word_1_418' title='bbox 2215 2826 2467 2895; x_wconf 63' lang='lat' dir='ltr'><strong>praesenti</strong></span> <span class='ocrx_word' id='word_1_419' title='bbox 2497 2828 2603 2880; x_wconf 85' lang='lat' dir='ltr'><strong>vita</strong></span> <span class='ocrx_word' id='word_1_420' title='bbox 2640 2828 2787 2882; x_wconf 90' lang='lat' dir='ltr'><strong>circa</strong></span> <span class='ocrx_word' id='word_1_421' title='bbox 2815 2830 3160 2898; x_wconf 89' lang='lat' dir='ltr'><strong>semetipsam</strong></span> <span class='ocrx_word' id='word_1_422' title='bbox 3183 2831 3334 2900; x_wconf 84' lang='lat' dir='ltr'><strong>cogi-</strong></span> 
     </span>
    </p>
   </div>
   <div class='ocr_carea' id='block_1_58' title="bbox 1760 2914 3200 2987">
    <p class='ocr_par' dir='ltr' id='par_1_58' title="bbox 1760 2914 3200 2987">
     <span class='ocr_line' id='line_1_58' title="bbox 1760 2914 3200 2987; baseline 0.009 -25"><span class='ocrx_word' id='word_1_423' title='bbox 1760 2919 1903 2976; x_wconf 88' lang='lat' dir='ltr'><strong>tans,</strong></span> <span class='ocrx_word' id='word_1_424' title='bbox 1934 2914 2194 2985; x_wconf 74' lang='lat' dir='ltr'><strong>undique,</strong></span> <span class='ocrx_word' id='word_1_425' title='bbox 2220 2918 2433 2986; x_wconf 83' lang='lat' dir='ltr'><strong>opinor,</strong></span> <span class='ocrx_word' id='word_1_426' title='bbox 2465 2918 2810 2987; x_wconf 87' lang='lat' dir='ltr'><strong>semetipsam</strong></span> <span class='ocrx_word' id='word_1_427' title='bbox 2846 2921 3200 2977; x_wconf 86' lang='lat' dir='ltr'><strong>commnniet.</strong></span> 
     </span>
    </p>
   </div>
   <div class='ocr_carea' id='block_1_59' title="bbox 118 2995 3336 3086">
    <p class='ocr_par' dir='ltr' id='par_1_59' title="bbox 118 2995 3336 3086">
     <span class='ocr_line' id='line_1_59' title="bbox 118 2995 3336 3086; baseline 0.007 -39"><span class='ocrx_word' id='word_1_428' title='bbox 118 2995 207 3049; x_wconf 77' lang='grc' dir='ltr'>τῶν</span> <span class='ocrx_word' id='word_1_429' title='bbox 250 3000 317 3071; x_wconf 80' lang='grc' dir='ltr'>μὴ</span> <span class='ocrx_word' id='word_1_430' title='bbox 364 2999 765 3053; x_wconf 75' lang='grc' dir='ltr'>ἐπιϐαλλόντων</span> <span class='ocrx_word' id='word_1_431' title='bbox 794 2998 1037 3071; x_wconf 60' lang='grc' dir='ltr'>ποιήσειέ</span> <span class='ocrx_word' id='word_1_432' title='bbox 1072 3000 1308 3054; x_wconf 82' lang='grc' dir='ltr'>Τοιαῦτα</span> <span class='ocrx_word' id='word_1_433' title='bbox 1345 3001 1443 3072; x_wconf 82' lang='grc' dir='ltr'>μὲν</span> <span class='ocrx_word' id='word_1_434' title='bbox 1481 2998 1574 3055; x_wconf 78' lang='grc' dir='ltr'>οὖν</span> <span class='ocrx_word' id='word_1_435' title='bbox 1632 3003 1691 3055; x_wconf 81' lang='grc' dir='ltr'><strong>ὲν</strong></span> <span class='ocrx_word' id='word_1_436' title='bbox 1728 3002 1807 3074; x_wconf 85' lang='grc' dir='ltr'>τῷ</span> <span class='ocrx_word' id='word_1_437' title='bbox 1836 3006 2064 3076; x_wconf 88' lang='grc' dir='ltr'>παρόντι</span> <span class='ocrx_word' id='word_1_438' title='bbox 2123 3007 2221 3080; x_wconf 82' lang='grc' dir='ltr'><strong>βίῳ</strong></span> <span class='ocrx_word' id='word_1_439' title='bbox 2257 3009 2619 3082; x_wconf 57' lang='grc' dir='ltr'>περῒεὲαυτὴν</span> <span class='ocrx_word' id='word_1_440' title='bbox 2643 3010 3336 3086; x_wconf 47' lang='grc' dir='ltr'>ἐννοοῦσαρπανταχιόθεντ</span> 
     </span>
    </p>
   </div>
   <div class='ocr_carea' id='block_1_60' title="bbox 119 3086 897 3168">
    <p class='ocr_par' dir='ltr' id='par_1_60' title="bbox 119 3086 897 3168">
     <span class='ocr_line' id='line_1_60' title="bbox 119 3086 897 3168; baseline 0.014 -27"><span class='ocrx_word' id='word_1_441' title='bbox 119 3086 260 3161; x_wconf 75' lang='grc' dir='ltr'>οἶμαι,</span> <span class='ocrx_word' id='word_1_442' title='bbox 290 3095 479 3168; x_wconf 78' lang='grc' dir='ltr'>ἑαυτὴν</span> <span class='ocrx_word' id='word_1_443' title='bbox 508 3095 897 3164; x_wconf 74' lang='grc' dir='ltr'>ἁσφαλίσεται..</span> 
     </span>
    </p>
   </div>
   <div class='ocr_carea' id='block_1_61' title="bbox 174 3185 1655 3264">
    <p class='ocr_par' dir='ltr' id='par_1_61' title="bbox 174 3185 1655 3264">
     <span class='ocr_line' id='line_1_61' title="bbox 174 3185 1655 3264; baseline 0.003 -24"><span class='ocrx_word' id='word_1_444' title='bbox 174 3185 250 3240; x_wconf 80' lang='grc'><strong>50.</strong></span> <span class='ocrx_word' id='word_1_445' title='bbox 297 3189 725 3261; x_wconf 85' lang='grc' dir='ltr'>Μνημονεύουσα</span> <span class='ocrx_word' id='word_1_446' title='bbox 755 3190 831 3255; x_wconf 83' lang='grc' dir='ltr'><strong>δὲ,</strong></span> <span class='ocrx_word' id='word_1_447' title='bbox 866 3189 1056 3244; x_wconf 85' lang='grc' dir='ltr'>ὅτιδεῖ</span> <span class='ocrx_word' id='word_1_448' title='bbox 1098 3191 1248 3260; x_wconf 82' lang='grc' dir='ltr'>ἡμᾶς</span> <span class='ocrx_word' id='word_1_449' title='bbox 1283 3191 1655 3264; x_wconf 82' lang='grc' dir='ltr'>φανερωθῆναι</span> 
     </span>
    </p>
   </div>
   <div class='ocr_carea' id='block_1_62' title="bbox 1762 3185 3338 3264">
    <p class='ocr_par' dir='ltr' id='par_1_62' title="bbox 1835 3186 3338 3261">
     <span class='ocr_line' id='line_1_62' title="bbox 1835 3186 3338 3261; baseline 0.003 -19"><span class='ocrx_word' id='word_1_450' title='bbox 1835 3187 1925 3242; x_wconf 78' lang='grc'><strong>⁸50.</strong></span> <span class='ocrx_word' id='word_1_451' title='bbox 1962 3186 2019 3240; x_wconf 87' lang='lat' dir='ltr'><strong>Si</strong></span> <span class='ocrx_word' id='word_1_452' title='bbox 2045 3195 2226 3242; x_wconf 89' lang='lat' dir='ltr'><strong>autem</strong></span> <span class='ocrx_word' id='word_1_453' title='bbox 2257 3189 2563 3244; x_wconf 88' lang='lat' dir='ltr'><strong>meminerit</strong></span> <span class='ocrx_word' id='word_1_454' title='bbox 2586 3205 2684 3245; x_wconf 90' lang='lat' dir='ltr'><strong>nos</strong></span> <span class='ocrx_word' id='word_1_455' title='bbox 2719 3190 3055 3246; x_wconf 78' lang='lat' dir='ltr'><strong>manifestari</strong></span> <span class='ocrx_word' id='word_1_456' title='bbox 3086 3202 3338 3261; x_wconf 87' lang='lat' dir='ltr'><strong>oportere</strong></span> 
     </span>
    </p>
   </div>
   <div class='ocr_carea' id='block_1_63' title="bbox 119 3275 1658 3355">
    <p class='ocr_par' dir='ltr' id='par_1_63' title="bbox 119 3275 1658 3355">
     <span class='ocr_line' id='line_1_63' title="bbox 119 3275 1658 3355; baseline 0.006 -28"><span class='ocrx_word' id='word_1_457' title='bbox 119 3275 388 3349; x_wconf 71' lang='grc' dir='ltr'>ἐμπροσθεν</span> <span class='ocrx_word' id='word_1_458' title='bbox 417 3280 512 3334; x_wconf 88' lang='grc' dir='ltr'><strong>τοῦ</strong></span> <span class='ocrx_word' id='word_1_459' title='bbox 548 3280 791 3352; x_wconf 81' lang='grc' dir='ltr'>βήματος</span> <span class='ocrx_word' id='word_1_460' title='bbox 818 3280 911 3334; x_wconf 85' lang='grc' dir='ltr'><strong>τοῦ</strong></span> <span class='ocrx_word' id='word_1_461' title='bbox 950 3278 1212 3354; x_wconf 86' lang='grc' dir='ltr'>Χριστοῦ,</span> <span class='ocrx_word' id='word_1_462' title='bbox 1238 3283 1297 3334; x_wconf 85' lang='grc' dir='ltr'><strong>οὑ</strong></span> <span class='ocrx_word' id='word_1_463' title='bbox 1321 3284 1524 3351; x_wconf 80' lang='grc' dir='ltr'>πρᾶξαι</span> <span class='ocrx_word' id='word_1_464' title='bbox 1560 3283 1658 3355; x_wconf 79' lang='grc' dir='ltr'><strong>μό-</strong></span> 
     </span>
    </p>
   </div>
   <div class='ocr_carea' id='block_1_64' title="bbox 119 3368 1654 3443">
    <p class='ocr_par' dir='ltr' id='par_1_64' title="bbox 119 3368 1654 3443">
     <span class='ocr_line' id='line_1_64' title="bbox 119 3368 1654 3443; baseline 0.003 -23"><span class='ocrx_word' id='word_1_465' title='bbox 119 3381 249 3421; x_wconf 82' lang='grc' dir='ltr'>νοντι</span> <span class='ocrx_word' id='word_1_466' title='bbox 267 3368 368 3424; x_wconf 81' lang='grc' dir='ltr'>τῶν</span> <span class='ocrx_word' id='word_1_467' title='bbox 388 3371 656 3443; x_wconf 82' lang='grc' dir='ltr'>αἰσχρῶν,</span> <span class='ocrx_word' id='word_1_468' title='bbox 687 3370 823 3425; x_wconf 81' lang='grc' dir='ltr'>ἀλλὰ</span> <span class='ocrx_word' id='word_1_469' title='bbox 858 3371 954 3426; x_wconf 77' lang='grc' dir='ltr'>καὶ</span> <span class='ocrx_word' id='word_1_470' title='bbox 987 3372 1236 3442; x_wconf 81' lang='grc' dir='ltr'>ἐννοῆσαι</span> <span class='ocrx_word' id='word_1_471' title='bbox 1267 3371 1654 3443; x_wconf 79' lang='grc' dir='ltr'>φοϐηθήσεται.</span> 
     </span>
    </p>
   </div>
   <div class='ocr_carea' id='block_1_65' title="bbox 120 3459 1658 3538">
    <p class='ocr_par' dir='ltr' id='par_1_65' title="bbox 120 3459 1658 3538">
     <span class='ocr_line' id='line_1_65' title="bbox 120 3459 1658 3538; baseline 0.004 -27"><span class='ocrx_word' id='word_1_472' title='bbox 120 3459 349 3534; x_wconf 78' lang='grc' dir='ltr'>Καθάπερ</span> <span class='ocrx_word' id='word_1_473' title='bbox 378 3464 487 3538; x_wconf 81' lang='grc' dir='ltr'>γάρ</span> <span class='ocrx_word' id='word_1_474' title='bbox 513 3482 601 3528; x_wconf 89' lang='grc' dir='ltr'><strong>τις</strong></span> <span class='ocrx_word' id='word_1_475' title='bbox 639 3463 948 3535; x_wconf 78' lang='grc' dir='ltr'>ζωγράφος,</span> <span class='ocrx_word' id='word_1_476' title='bbox 980 3462 1138 3534; x_wconf 79' lang='grc' dir='ltr'>ἡμῶν</span> <span class='ocrx_word' id='word_1_477' title='bbox 1159 3466 1187 3516; x_wconf 89' lang='grc' dir='ltr'>ὁ</span> <span class='ocrx_word' id='word_1_478' title='bbox 1212 3463 1357 3527; x_wconf 87' lang='grc' dir='ltr'>νοῦς,</span> <span class='ocrx_word' id='word_1_479' title='bbox 1383 3463 1572 3538; x_wconf 72' lang='grc' dir='ltr'>ὥσπερ</span> <span class='ocrx_word' id='word_1_480' title='bbox 1600 3466 1658 3517; x_wconf 85' lang='grc' dir='ltr'>ἐν</span> 
     </span>
    </p>
   </div>
   <div class='ocr_carea' id='block_1_66' title="bbox 120 3549 1660 3627">
    <p class='ocr_par' dir='ltr' id='par_1_66' title="bbox 120 3549 1660 3627">
     <span class='ocr_line' id='line_1_66' title="bbox 120 3549 1660 3627; baseline 0.004 -25"><span class='ocrx_word' id='word_1_481' title='bbox 120 3549 294 3619; x_wconf 82' lang='grc' dir='ltr'>πίνακι,</span> <span class='ocrx_word' id='word_1_482' title='bbox 331 3558 396 3627; x_wconf 78' lang='grc' dir='ltr'>τῇ</span> <span class='ocrx_word' id='word_1_483' title='bbox 432 3555 580 3626; x_wconf 78' lang='grc' dir='ltr'>ψυχῇ</span> <span class='ocrx_word' id='word_1_484' title='bbox 621 3555 719 3619; x_wconf 80' lang='grc' dir='ltr'>τὰς</span> <span class='ocrx_word' id='word_1_485' title='bbox 768 3554 977 3618; x_wconf 77' lang='grc' dir='ltr'>ἐννοίας</span> <span class='ocrx_word' id='word_1_486' title='bbox 1015 3554 1090 3617; x_wconf 79' lang='grc' dir='ltr'>ὡς</span> <span class='ocrx_word' id='word_1_487' title='bbox 1115 3553 1257 3607; x_wconf 83' lang='grc' dir='ltr'>θέλει</span> <span class='ocrx_word' id='word_1_488' title='bbox 1283 3558 1516 3626; x_wconf 84' lang='grc' dir='ltr'>μορφοῖ·</span> <span class='ocrx_word' id='word_1_489' title='bbox 1564 3556 1660 3608; x_wconf 73' lang='grc' dir='ltr'>καὶ</span> 
     </span>
    </p>
   </div>
   <div class='ocr_carea' id='block_1_67' title="bbox 122 3640 1661 3718">
    <p class='ocr_par' dir='ltr' id='par_1_67' title="bbox 122 3640 1661 3718">
     <span class='ocr_line' id='line_1_67' title="bbox 122 3640 1661 3718; baseline 0.001 -24"><span class='ocrx_word' id='word_1_490' title='bbox 122 3640 283 3710; x_wconf 62' lang='grc' dir='ltr'>ἇοετος</span> <span class='ocrx_word' id='word_1_491' title='bbox 310 3647 404 3717; x_wconf 78' lang='grc' dir='ltr'>μὲν</span> <span class='ocrx_word' id='word_1_492' title='bbox 425 3649 520 3700; x_wconf 77' lang='grc' dir='ltr'><strong>καὶ</strong></span> <span class='ocrx_word' id='word_1_493' title='bbox 550 3645 832 3718; x_wconf 82' lang='grc' dir='ltr'>ἐλεύθερος</span> <span class='ocrx_word' id='word_1_494' title='bbox 861 3644 948 3699; x_wconf 82' lang='grc' dir='ltr'><strong>διὰ</strong></span> <span class='ocrx_word' id='word_1_495' title='bbox 970 3645 1031 3697; x_wconf 83' lang='grc' dir='ltr'><strong>τὸ</strong></span> <span class='ocrx_word' id='word_1_496' title='bbox 1056 3642 1400 3709; x_wconf 83' lang='grc' dir='ltr'>αὐτεξούσιον</span> <span class='ocrx_word' id='word_1_497' title='bbox 1425 3644 1536 3716; x_wconf 84' lang='grc'><strong>(⁷50)</strong></span> <span class='ocrx_word' id='word_1_498' title='bbox 1562 3643 1661 3712; x_wconf 82' lang='grc' dir='ltr'>ὢν,</span> 
     </span>
    </p>
   </div>
   <div class='ocr_carea' id='block_1_68' title="bbox 121 3730 1662 3808">
    <p class='ocr_par' dir='ltr' id='par_1_68' title="bbox 121 3730 1662 3808">
     <span class='ocr_line' id='line_1_68' title="bbox 121 3730 1662 3808; baseline 0.013 -27"><span class='ocrx_word' id='word_1_499' title='bbox 121 3730 319 3804; x_wconf 75' lang='grc' dir='ltr'>οὐδαμοῦ</span> <span class='ocrx_word' id='word_1_500' title='bbox 354 3736 430 3802; x_wconf 84' lang='grc' dir='ltr'><strong>δὲ,</strong></span> <span class='ocrx_word' id='word_1_501' title='bbox 463 3736 555 3791; x_wconf 84' lang='grc' dir='ltr'>διὰ</span> <span class='ocrx_word' id='word_1_502' title='bbox 577 3737 638 3790; x_wconf 76' lang='grc' dir='ltr'>τὸ</span> <span class='ocrx_word' id='word_1_503' title='bbox 659 3736 971 3807; x_wconf 84' lang='grc' dir='ltr'>ἀσώματον,</span> <span class='ocrx_word' id='word_1_504' title='bbox 1007 3736 1146 3807; x_wconf 87' lang='grc' dir='ltr'>πρὸς</span> <span class='ocrx_word' id='word_1_505' title='bbox 1176 3737 1274 3808; x_wconf 83' lang='grc' dir='ltr'>τὴν</span> <span class='ocrx_word' id='word_1_506' title='bbox 1306 3737 1405 3807; x_wconf 80' lang='grc' dir='ltr'><strong>τῆς</strong></span> <span class='ocrx_word' id='word_1_507' title='bbox 1445 3736 1662 3808; x_wconf 80' lang='grc' dir='ltr'>γραφῆς</span> 
     </span>
    </p>
   </div>
   <div class='ocr_carea' id='block_1_69' title="bbox 123 3822 1663 3899">
    <p class='ocr_par' dir='ltr' id='par_1_69' title="bbox 123 3822 1663 3899">
     <span class='ocr_line' id='line_1_69' title="bbox 123 3822 1663 3899; baseline 0.003 -25"><span class='ocrx_word' id='word_1_508' title='bbox 123 3822 389 3897; x_wconf 76' lang='grc' dir='ltr'>φιλοτιμίαν</span> <span class='ocrx_word' id='word_1_509' title='bbox 427 3827 947 3899; x_wconf 88' lang='grc' dir='ltr'>στενοχωρούμενος,</span> <span class='ocrx_word' id='word_1_510' title='bbox 994 3826 1107 3880; x_wconf 84' lang='grc' dir='ltr'>ἀλλ’</span> <span class='ocrx_word' id='word_1_511' title='bbox 1159 3828 1292 3899; x_wconf 85' lang='grc' dir='ltr'>ὅσην</span> <span class='ocrx_word' id='word_1_512' title='bbox 1330 3826 1473 3880; x_wconf 83' lang='grc' dir='ltr'>θέλει</span> <span class='ocrx_word' id='word_1_513' title='bbox 1506 3827 1663 3898; x_wconf 83' lang='grc' dir='ltr'>εὐρυ-</span> 
     </span>
    </p>
   </div>
   <div class='ocr_carea' id='block_1_70' title="bbox 122 3916 1662 3992">
    <p class='ocr_par' dir='ltr' id='par_1_70' title="bbox 122 3916 1662 3992">
     <span class='ocr_line' id='line_1_70' title="bbox 122 3916 1662 3992; baseline -0.01 -20"><span class='ocrx_word' id='word_1_514' title='bbox 122 3916 292 3986; x_wconf 85' lang='grc' dir='ltr'>χωρίαν</span> <span class='ocrx_word' id='word_1_515' title='bbox 324 3919 485 3973; x_wconf 86' lang='grc' dir='ltr'>τόπου</span> <span class='ocrx_word' id='word_1_516' title='bbox 535 3919 828 3992; x_wconf 83' lang='grc' dir='ltr'>εὑρίσκων,</span> <span class='ocrx_word' id='word_1_517' title='bbox 876 3917 1164 3991; x_wconf 75' lang='grc' dir='ltr'>ἐγγράφει,</span> <span class='ocrx_word' id='word_1_518' title='bbox 1216 3919 1379 3989; x_wconf 70' lang='grc' dir='ltr'>φημὶ,</span> <span class='ocrx_word' id='word_1_519' title='bbox 1423 3921 1546 3982; x_wconf 82' lang='grc' dir='ltr'>ταῖς</span> <span class='ocrx_word' id='word_1_520' title='bbox 1576 3919 1662 3973; x_wconf 72' lang='grc' dir='ltr'><strong>έν-</strong></span> 
     </span>
    </p>
   </div>
   <div class='ocr_carea' id='block_1_71' title="bbox 122 4005 1663 4082">
    <p class='ocr_par' dir='ltr' id='par_1_71' title="bbox 122 4005 1663 4082">
     <span class='ocr_line' id='line_1_71' title="bbox 122 4005 1663 4082; baseline 0.013 -26"><span class='ocrx_word' id='word_1_521' title='bbox 122 4005 311 4071; x_wconf 72' lang='grc' dir='ltr'>νοίαιςᾶ.</span> <span class='ocrx_word' id='word_1_522' title='bbox 345 4010 617 4082; x_wconf 84' lang='grc' dir='ltr'>βούλεται.</span> <span class='ocrx_word' id='word_1_523' title='bbox 643 4006 775 4063; x_wconf 75' lang='grc' dir='ltr'>Εἶτα</span> <span class='ocrx_word' id='word_1_524' title='bbox 806 4009 993 4082; x_wconf 83' lang='grc' dir='ltr'>ὥσπερ</span> <span class='ocrx_word' id='word_1_525' title='bbox 1027 4010 1055 4062; x_wconf 86' lang='grc' dir='ltr'>ὁ</span> <span class='ocrx_word' id='word_1_526' title='bbox 1083 4008 1371 4080; x_wconf 73' lang='grc' dir='ltr'>ζωγράφος</span> <span class='ocrx_word' id='word_1_527' title='bbox 1399 4011 1456 4061; x_wconf 71' lang='grc' dir='ltr'>ὲν</span> <span class='ocrx_word' id='word_1_528' title='bbox 1487 4024 1663 4077; x_wconf 84' lang='grc' dir='ltr'>παρα·</span> 
     </span>
    </p>
   </div>
   <div class='ocr_carea' id='block_1_72' title="bbox 122 4092 1660 4173">
    <p class='ocr_par' dir='ltr' id='par_1_72' title="bbox 122 4092 1660 4173">
     <span class='ocr_line' id='line_1_72' title="bbox 122 4092 1660 4173; baseline 0.009 -24"><span class='ocrx_word' id='word_1_529' title='bbox 122 4092 272 4169; x_wconf 75' lang='grc' dir='ltr'>σύστῳ</span> <span class='ocrx_word' id='word_1_530' title='bbox 305 4119 404 4154; x_wconf 90' lang='grc' dir='ltr'><strong>που</strong></span> <span class='ocrx_word' id='word_1_531' title='bbox 434 4102 528 4158; x_wconf 80' lang='grc' dir='ltr'>τὸν</span> <span class='ocrx_word' id='word_1_532' title='bbox 559 4102 763 4156; x_wconf 85' lang='grc' dir='ltr'>πίνακα</span> <span class='ocrx_word' id='word_1_533' title='bbox 789 4101 1039 4172; x_wconf 84' lang='grc' dir='ltr'>ποικίλης</span> <span class='ocrx_word' id='word_1_534' title='bbox 1075 4100 1315 4173; x_wconf 82' lang='grc' dir='ltr'>ἱστορίας</span> <span class='ocrx_word' id='word_1_535' title='bbox 1346 4097 1660 4171; x_wconf 69' lang='grc' dir='ltr'>πληρώσας,</span> 
     </span>
    </p>
   </div>
   <div class='ocr_carea' id='block_1_73' title="bbox 121 4186 1665 4265">
    <p class='ocr_par' dir='ltr' id='par_1_73' title="bbox 121 4186 1665 4265">
     <span class='ocr_line' id='line_1_73' title="bbox 121 4186 1665 4265; baseline 0.004 -26"><span class='ocrx_word' id='word_1_536' title='bbox 121 4186 296 4259; x_wconf 74' lang='grc' dir='ltr'>ἀθρόως</span> <span class='ocrx_word' id='word_1_537' title='bbox 326 4191 509 4246; x_wconf 86' lang='grc' dir='ltr'>τοῦτον</span> <span class='ocrx_word' id='word_1_538' title='bbox 536 4194 616 4256; x_wconf 80' lang='grc' dir='ltr'><strong>είς</strong></span> <span class='ocrx_word' id='word_1_539' title='bbox 648 4193 812 4265; x_wconf 81' lang='grc' dir='ltr'>μέσον</span> <span class='ocrx_word' id='word_1_540' title='bbox 854 4192 1138 4264; x_wconf 79' lang='grc' dir='ltr'>προφέρει,</span> <span class='ocrx_word' id='word_1_541' title='bbox 1194 4192 1290 4245; x_wconf 73' lang='grc' dir='ltr'><strong>καὶ</strong></span> <span class='ocrx_word' id='word_1_542' title='bbox 1333 4190 1665 4261; x_wconf 72' lang='grc' dir='ltr'>ἀφελόμενος</span> 
     </span>
    </p>
   </div>
   <div class='ocr_carea' id='block_1_74' title="bbox 120 4279 1664 4358">
    <p class='ocr_par' dir='ltr' id='par_1_74' title="bbox 120 4279 1664 4358">
     <span class='ocr_line' id='line_1_74' title="bbox 120 4279 1664 4358; baseline 0.003 -26"><span class='ocrx_word' id='word_1_543' title='bbox 120 4279 174 4332; x_wconf 67' lang='grc' dir='ltr'>τὰ</span> <span class='ocrx_word' id='word_1_544' title='bbox 198 4282 374 4347; x_wconf 79' lang='grc' dir='ltr'>ἔξωθεν</span> <span class='ocrx_word' id='word_1_545' title='bbox 420 4286 860 4358; x_wconf 85' lang='grc' dir='ltr'>προκαλύμματα</span> <span class='ocrx_word' id='word_1_546' title='bbox 890 4289 970 4350; x_wconf 84' lang='grc' dir='ltr'><strong>είς</strong></span> <span class='ocrx_word' id='word_1_547' title='bbox 1002 4285 1130 4340; x_wconf 86' lang='grc' dir='ltr'>θέαν</span> <span class='ocrx_word' id='word_1_548' title='bbox 1186 4285 1245 4337; x_wconf 78' lang='grc' dir='ltr'><strong>ὲν</strong></span> <span class='ocrx_word' id='word_1_549' title='bbox 1298 4284 1447 4355; x_wconf 86' lang='grc' dir='ltr'>μέσῳ</span> <span class='ocrx_word' id='word_1_550' title='bbox 1476 4284 1664 4337; x_wconf 86' lang='grc' dir='ltr'>τοῦτον</span> 
     </span>
    </p>
   </div>
   <div class='ocr_carea' id='block_1_75' title="bbox 119 4374 1664 4448">
    <p class='ocr_par' dir='ltr' id='par_1_75' title="bbox 119 4374 1664 4448">
     <span class='ocr_line' id='line_1_75' title="bbox 119 4374 1664 4448; baseline 0.003 -23"><span class='ocrx_word' id='word_1_551' title='bbox 119 4375 210 4437; x_wconf 81' lang='grc' dir='ltr'>τοῖς</span> <span class='ocrx_word' id='word_1_552' title='bbox 237 4374 435 4443; x_wconf 85' lang='grc' dir='ltr'>πολλοῖς</span> <span class='ocrx_word' id='word_1_553' title='bbox 481 4377 823 4448; x_wconf 79' lang='grc' dir='ltr'>ἀνατίθησιν,</span> <span class='ocrx_word' id='word_1_554' title='bbox 866 4376 1050 4431; x_wconf 83' lang='grc' dir='ltr'>οὐκέτι</span> <span class='ocrx_word' id='word_1_555' title='bbox 1109 4376 1208 4447; x_wconf 81' lang='grc' dir='ltr'>μὲν</span> <span class='ocrx_word' id='word_1_556' title='bbox 1257 4377 1528 4448; x_wconf 79' lang='grc' dir='ltr'>ἑρμηνεὺς</span> <span class='ocrx_word' id='word_1_557' title='bbox 1556 4375 1664 4431; x_wconf 84' lang='grc' dir='ltr'><strong>τῶν</strong></span> 
     </span>
    </p>
   </div>
   <div class='ocr_carea' id='block_1_76' title="bbox 121 4468 1665 4543">
    <p class='ocr_par' dir='ltr' id='par_1_76' title="bbox 121 4468 1665 4543">
     <span class='ocr_line' id='line_1_76' title="bbox 121 4468 1665 4543; baseline 0.001 -24"><span class='ocrx_word' id='word_1_558' title='bbox 121 4469 403 4537; x_wconf 80' lang='grc' dir='ltr'>γραφέντων</span> <span class='ocrx_word' id='word_1_559' title='bbox 435 4471 745 4543; x_wconf 88' lang='grc' dir='ltr'>γινόμενος,</span> <span class='ocrx_word' id='word_1_560' title='bbox 799 4472 932 4524; x_wconf 84' lang='grc' dir='ltr'>πᾶσι</span> <span class='ocrx_word' id='word_1_561' title='bbox 979 4468 1037 4522; x_wconf 83' lang='grc' dir='ltr'>δὲ</span> <span class='ocrx_word' id='word_1_562' title='bbox 1085 4472 1199 4533; x_wconf 88' lang='grc' dir='ltr'>τοῖς</span> <span class='ocrx_word' id='word_1_563' title='bbox 1223 4469 1441 4532; x_wconf 85' lang='grc' dir='ltr'>θεαταῖς</span> <span class='ocrx_word' id='word_1_564' title='bbox 1463 4469 1558 4523; x_wconf 74' lang='grc' dir='ltr'><strong>καὶ</strong></span> <span class='ocrx_word' id='word_1_565' title='bbox 1584 4470 1665 4533; x_wconf 85' lang='grc' dir='ltr'><strong>εἰς</strong></span> 
     </span>
    </p>
   </div>
   <div class='ocr_carea' id='block_1_77' title="bbox 1775 3278 3338 3352">
    <p class='ocr_par' dir='ltr' id='par_1_77' title="bbox 1775 3278 3338 3352">
     <span class='ocr_line' id='line_1_77' title="bbox 1775 3278 3338 3352; baseline 0.002 -18"><span class='ocrx_word' id='word_1_566' title='bbox 1775 3294 1958 3334; x_wconf 90' lang='lat' dir='ltr'><strong>coram</strong></span> <span class='ocrx_word' id='word_1_567' title='bbox 1998 3279 2252 3334; x_wconf 91' lang='lat' dir='ltr'><strong>tribunali</strong></span> <span class='ocrx_word' id='word_1_568' title='bbox 2282 3278 2507 3347; x_wconf 87' lang='lat' dir='ltr'><strong>Christi,</strong></span> <span class='ocrx_word' id='word_1_569' title='bbox 2542 3297 2646 3335; x_wconf 91' lang='lat' dir='ltr'><strong>non</strong></span> <span class='ocrx_word' id='word_1_570' title='bbox 2677 3282 2835 3336; x_wconf 88' lang='lat' dir='ltr'><strong>modo</strong></span> <span class='ocrx_word' id='word_1_571' title='bbox 2862 3290 3015 3351; x_wconf 90' lang='lat' dir='ltr'><strong>turpe</strong></span> <span class='ocrx_word' id='word_1_572' title='bbox 3044 3284 3338 3352; x_wconf 86' lang='lat' dir='ltr'><strong>quidquam</strong></span> 
     </span>
    </p>
   </div>
   <div class='ocr_carea' id='block_1_78' title="bbox 1762 3367 3340 3443">
    <p class='ocr_par' dir='ltr' id='par_1_78' title="bbox 1762 3367 3340 3443">
     <span class='ocr_line' id='line_1_78' title="bbox 1762 3367 3340 3443; baseline 0.004 -22"><span class='ocrx_word' id='word_1_573' title='bbox 1762 3367 1970 3434; x_wconf 84' lang='lat' dir='ltr'><strong>facere,</strong></span> <span class='ocrx_word' id='word_1_574' title='bbox 1995 3369 2091 3423; x_wconf 90' lang='lat' dir='ltr'><strong>sed</strong></span> <span class='ocrx_word' id='word_1_575' title='bbox 2112 3368 2196 3424; x_wconf 90' lang='lat' dir='ltr'><strong>vel</strong></span> <span class='ocrx_word' id='word_1_576' title='bbox 2226 3371 2468 3440; x_wconf 83' lang='lat' dir='ltr'><strong>cogitare</strong></span> <span class='ocrx_word' id='word_1_577' title='bbox 2496 3371 2786 3427; x_wconf 82' lang='lat' dir='ltr'><strong>verebitur.</strong></span> <span class='ocrx_word' id='word_1_578' title='bbox 2812 3371 2948 3425; x_wconf 84' lang='lat' dir='ltr'><strong>Nam</strong></span> <span class='ocrx_word' id='word_1_579' title='bbox 2976 3372 3147 3427; x_wconf 89' lang='lat' dir='ltr'><strong>instar</strong></span> <span class='ocrx_word' id='word_1_580' title='bbox 3167 3375 3340 3443; x_wconf 90' lang='lat' dir='ltr'><strong>picto-</strong></span> 
     </span>
    </p>
   </div>
   <div class='ocr_carea' id='block_1_79' title="bbox 1731 3461 3336 3536">
    <p class='ocr_par' dir='ltr' id='par_1_79' title="bbox 1731 3461 3336 3536">
     <span class='ocr_line' id='line_1_79' title="bbox 1731 3461 3336 3536; baseline 0.003 -22"><span class='ocrx_word' id='word_1_581' title='bbox 1731 3461 1838 3536; x_wconf 86' lang='lat' dir='ltr'><strong>_ris</strong></span> <span class='ocrx_word' id='word_1_582' title='bbox 1884 3476 2041 3516; x_wconf 88' lang='lat' dir='ltr'><strong>mens</strong></span> <span class='ocrx_word' id='word_1_583' title='bbox 2090 3472 2277 3517; x_wconf 89' lang='lat' dir='ltr'><strong>nostra</strong></span> <span class='ocrx_word' id='word_1_584' title='bbox 2302 3505 2317 3531; x_wconf 91' lang='lat'><strong>,</strong></span> <span class='ocrx_word' id='word_1_585' title='bbox 2362 3462 2511 3516; x_wconf 90' lang='lat' dir='ltr'><strong>velut</strong></span> <span class='ocrx_word' id='word_1_586' title='bbox 2543 3463 2595 3516; x_wconf 93' lang='lat' dir='ltr'><strong>in</strong></span> <span class='ocrx_word' id='word_1_587' title='bbox 2645 3463 2860 3530; x_wconf 86' lang='lat' dir='ltr'><strong>tabula,</strong></span> <span class='ocrx_word' id='word_1_588' title='bbox 2898 3464 3252 3535; x_wconf 81' lang='lat' dir='ltr'><strong>cogitationes</strong></span> <span class='ocrx_word' id='word_1_589' title='bbox 3281 3466 3336 3519; x_wconf 92' lang='lat' dir='ltr'><strong>in</strong></span> 
     </span>
    </p>
   </div>
   <div class='ocr_carea' id='block_1_80' title="bbox 1762 3551 3342 3624">
    <p class='ocr_par' dir='ltr' id='par_1_80' title="bbox 1762 3551 3342 3624">
     <span class='ocr_line' id='line_1_80' title="bbox 1762 3551 3342 3624; baseline 0.003 -20"><span class='ocrx_word' id='word_1_590' title='bbox 1762 3552 1943 3604; x_wconf 89' lang='lat' dir='ltr'><strong>anima</strong></span> <span class='ocrx_word' id='word_1_591' title='bbox 1975 3552 2042 3605; x_wconf 90' lang='lat' dir='ltr'><strong>ad</strong></span> <span class='ocrx_word' id='word_1_592' title='bbox 2077 3552 2365 3608; x_wconf 88' lang='lat' dir='ltr'><strong>arbitrium</strong></span> <span class='ocrx_word' id='word_1_593' title='bbox 2397 3569 2551 3607; x_wconf 89' lang='lat' dir='ltr'><strong>suum</strong></span> <span class='ocrx_word' id='word_1_594' title='bbox 2587 3551 2876 3618; x_wconf 81' lang='lat' dir='ltr'><strong>informat,</strong></span> <span class='ocrx_word' id='word_1_595' title='bbox 2907 3568 3143 3624; x_wconf 88' lang='lat' dir='ltr'><strong>cumque</strong></span> <span class='ocrx_word' id='word_1_596' title='bbox 3162 3554 3342 3609; x_wconf 78' lang='lat' dir='ltr'><strong>soluta</strong></span> 
     </span>
    </p>
   </div>
   <div class='ocr_carea' id='block_1_81' title="bbox 1764 3643 3346 3715">
    <p class='ocr_par' dir='ltr' id='par_1_81' title="bbox 1764 3643 3346 3715">
     <span class='ocr_line' id='line_1_81' title="bbox 1764 3643 3346 3715; baseline 0.004 -17"><span class='ocrx_word' id='word_1_597' title='bbox 1764 3643 1835 3698; x_wconf 87' lang='lat' dir='ltr'><strong>sit</strong></span> <span class='ocrx_word' id='word_1_598' title='bbox 1862 3652 1916 3698; x_wconf 92' lang='lat' dir='ltr'><strong>et</strong></span> <span class='ocrx_word' id='word_1_599' title='bbox 1940 3643 2114 3698; x_wconf 90' lang='lat' dir='ltr'><strong>libera</strong></span> <span class='ocrx_word' id='word_1_600' title='bbox 2153 3643 2223 3699; x_wconf 92' lang='lat' dir='ltr'><strong>ob</strong></span> <span class='ocrx_word' id='word_1_601' title='bbox 2260 3643 2490 3699; x_wconf 87' lang='lat' dir='ltr'><strong>liberum</strong></span> <span class='ocrx_word' id='word_1_602' title='bbox 2532 3644 2852 3712; x_wconf 88' lang='lat' dir='ltr'><strong>arbitrium,</strong></span> <span class='ocrx_word' id='word_1_603' title='bbox 2888 3660 2991 3700; x_wconf 90' lang='lat' dir='ltr'><strong>nec</strong></span> <span class='ocrx_word' id='word_1_604' title='bbox 3013 3661 3237 3715; x_wconf 88' lang='lat' dir='ltr'><strong>usquam</strong></span> <span class='ocrx_word' id='word_1_605' title='bbox 3268 3649 3346 3705; x_wconf 77' lang='lat' dir='ltr'><strong>ob</strong></span> 
     </span>
    </p>
   </div>
   <div class='ocr_carea' id='block_1_82' title="bbox 1764 3736 3334 3808">
    <p class='ocr_par' dir='ltr' id='par_1_82' title="bbox 1764 3736 3334 3808">
     <span class='ocr_line' id='line_1_82' title="bbox 1764 3736 3334 3808; baseline 0.001 -18"><span class='ocrx_word' id='word_1_606' title='bbox 1764 3736 2136 3807; x_wconf 90' lang='lat' dir='ltr'><strong>incorpoream</strong></span> <span class='ocrx_word' id='word_1_607' title='bbox 2169 3744 2419 3791; x_wconf 87' lang='lat' dir='ltr'><strong>naturam</strong></span> <span class='ocrx_word' id='word_1_608' title='bbox 2441 3751 2616 3801; x_wconf 87' lang='lat' dir='ltr'><strong>suam,</strong></span> <span class='ocrx_word' id='word_1_609' title='bbox 2643 3736 2710 3791; x_wconf 91' lang='lat' dir='ltr'><strong>ad</strong></span> <span class='ocrx_word' id='word_1_610' title='bbox 2735 3738 2960 3807; x_wconf 65' lang='lat' dir='ltr'><strong>picturae</strong></span> <span class='ocrx_word' id='word_1_611' title='bbox 2985 3736 3334 3808; x_wconf 81' lang='lat' dir='ltr'><strong>magniﬁcen-</strong></span> 
     </span>
    </p>
   </div>
   <div class='ocr_carea' id='block_1_83' title="bbox 1764 3825 3334 3898">
    <p class='ocr_par' dir='ltr' id='par_1_83' title="bbox 1764 3825 3334 3898">
     <span class='ocr_line' id='line_1_83' title="bbox 1764 3825 3334 3898; baseline 0.003 -20"><span class='ocrx_word' id='word_1_612' title='bbox 1764 3825 1895 3879; x_wconf 90' lang='lat' dir='ltr'><strong>tiam</strong></span> <span class='ocrx_word' id='word_1_613' title='bbox 1946 3825 2222 3896; x_wconf 85' lang='lat' dir='ltr'><strong>angnstias</strong></span> <span class='ocrx_word' id='word_1_614' title='bbox 2261 3826 2531 3896; x_wconf 78' lang='lat' dir='ltr'><strong>patiatur,</strong></span> <span class='ocrx_word' id='word_1_615' title='bbox 2577 3828 2671 3881; x_wconf 92' lang='lat' dir='ltr'><strong>sed</strong></span> <span class='ocrx_word' id='word_1_616' title='bbox 2718 3837 2975 3896; x_wconf 87' lang='lat' dir='ltr'><strong>quantam</strong></span> <span class='ocrx_word' id='word_1_617' title='bbox 3027 3829 3175 3898; x_wconf 89' lang='lat' dir='ltr'><strong>cupit</strong></span> <span class='ocrx_word' id='word_1_618' title='bbox 3225 3827 3334 3884; x_wconf 76' lang='lat' dir='ltr'><strong>loci</strong></span> 
     </span>
    </p>
   </div>
   <div class='ocr_carea' id='block_1_84' title="bbox 1763 3916 3351 3988">
    <p class='ocr_par' dir='ltr' id='par_1_84' title="bbox 1763 3916 3351 3988">
     <span class='ocr_line' id='line_1_84' title="bbox 1763 3916 3351 3988; baseline 0.001 -18"><span class='ocrx_word' id='word_1_619' title='bbox 1763 3916 2041 3971; x_wconf 85' lang='lat' dir='ltr'><strong>laxitatem</strong></span> <span class='ocrx_word' id='word_1_620' title='bbox 2079 3917 2346 3982; x_wconf 88' lang='lat' dir='ltr'><strong>inveniat,</strong></span> <span class='ocrx_word' id='word_1_621' title='bbox 2383 3916 2655 3987; x_wconf 77' lang='lat' dir='ltr'><strong>depingit,</strong></span> <span class='ocrx_word' id='word_1_622' title='bbox 2706 3918 2962 3987; x_wconf 88' lang='lat' dir='ltr'><strong>inquam,</strong></span> <span class='ocrx_word' id='word_1_623' title='bbox 2999 3917 3351 3988; x_wconf 52' lang='lat' dir='ltr'><strong>cogitationiA</strong></span> 
     </span>
    </p>
   </div>
   <div class='ocr_carea' id='block_1_85' title="bbox 1764 4008 3343 4081">
    <p class='ocr_par' dir='ltr' id='par_1_85' title="bbox 1764 4008 3343 4081">
     <span class='ocr_line' id='line_1_85' title="bbox 1764 4008 3343 4081; baseline 0.001 -17"><span class='ocrx_word' id='word_1_624' title='bbox 1764 4008 1866 4064; x_wconf 87' lang='lat' dir='ltr'><strong>bus</strong></span> <span class='ocrx_word' id='word_1_625' title='bbox 1889 4024 2224 4079; x_wconf 71' lang='lat' dir='ltr'><strong>quaecunque</strong></span> <span class='ocrx_word' id='word_1_626' title='bbox 2250 4009 2402 4065; x_wconf 83' lang='lat' dir='ltr'><strong>libet.</strong></span> <span class='ocrx_word' id='word_1_627' title='bbox 2430 4010 2635 4064; x_wconf 86' lang='lat' dir='ltr'><strong>Deinde</strong></span> <span class='ocrx_word' id='word_1_628' title='bbox 2661 4011 3113 4081; x_wconf 89' lang='lat' dir='ltr'><strong>quemadmodum</strong></span> <span class='ocrx_word' id='word_1_629' title='bbox 3140 4012 3343 4080; x_wconf 79' lang='lat' dir='ltr'><strong>pictor,</strong></span> 
     </span>
    </p>
   </div>
   <div class='ocr_carea' id='block_1_86' title="bbox 1768 4100 3345 4171">
    <p class='ocr_par' dir='ltr' id='par_1_86' title="bbox 1768 4100 3345 4171">
     <span class='ocr_line' id='line_1_86' title="bbox 1768 4100 3345 4171; baseline 0.002 -17"><span class='ocrx_word' id='word_1_630' title='bbox 1768 4110 2057 4171; x_wconf 88' lang='lat' dir='ltr'><strong>postquam</strong></span> <span class='ocrx_word' id='word_1_631' title='bbox 2091 4110 2302 4155; x_wconf 89' lang='lat' dir='ltr'><strong>secreto</strong></span> <span class='ocrx_word' id='word_1_632' title='bbox 2335 4102 2388 4155; x_wconf 93' lang='lat' dir='ltr'><strong>in</strong></span> <span class='ocrx_word' id='word_1_633' title='bbox 2433 4116 2649 4156; x_wconf 88' lang='lat' dir='ltr'><strong>recessu</strong></span> <span class='ocrx_word' id='word_1_634' title='bbox 2678 4100 2909 4156; x_wconf 91' lang='lat' dir='ltr'><strong>tabulam</strong></span> <span class='ocrx_word' id='word_1_635' title='bbox 2939 4103 3088 4156; x_wconf 89' lang='lat' dir='ltr'><strong>varia</strong></span> <span class='ocrx_word' id='word_1_636' title='bbox 3114 4103 3345 4157; x_wconf 76' lang='lat' dir='ltr'><strong>historia</strong></span> 
     </span>
    </p>
   </div>
   <div class='ocr_carea' id='block_1_87' title="bbox 1766 4192 3339 4265">
    <p class='ocr_par' dir='ltr' id='par_1_87' title="bbox 1766 4192 3339 4265">
     <span class='ocr_line' id='line_1_87' title="bbox 1766 4192 3339 4265; baseline 0.001 -18"><span class='ocrx_word' id='word_1_637' title='bbox 1766 4193 2079 4263; x_wconf 86' lang='lat' dir='ltr'><strong>complevit,</strong></span> <span class='ocrx_word' id='word_1_638' title='bbox 2109 4192 2290 4247; x_wconf 83' lang='lat' dir='ltr'><strong>subito</strong></span> <span class='ocrx_word' id='word_1_639' title='bbox 2326 4192 2469 4247; x_wconf 84' lang='lat' dir='ltr'><strong>illam</strong></span> <span class='ocrx_word' id='word_1_640' title='bbox 2499 4194 2551 4248; x_wconf 91' lang='lat' dir='ltr'><strong>in</strong></span> <span class='ocrx_word' id='word_1_641' title='bbox 2584 4194 2818 4249; x_wconf 91' lang='lat' dir='ltr'><strong>medium</strong></span> <span class='ocrx_word' id='word_1_642' title='bbox 2845 4195 3050 4265; x_wconf 81' lang='lat' dir='ltr'><strong>profert</strong></span> <span class='ocrx_word' id='word_1_643' title='bbox 3072 4233 3088 4259; x_wconf 92' lang='lat'><strong>,</strong></span> <span class='ocrx_word' id='word_1_644' title='bbox 3117 4209 3181 4250; x_wconf 91' lang='lat' dir='ltr'><strong>ac</strong></span> <span class='ocrx_word' id='word_1_645' title='bbox 3208 4196 3339 4250; x_wconf 87' lang='lat' dir='ltr'><strong>sub-</strong></span> 
     </span>
    </p>
   </div>
   <div class='ocr_carea' id='block_1_88' title="bbox 1766 4283 3349 4354">
    <p class='ocr_par' dir='ltr' id='par_1_88' title="bbox 1766 4283 3349 4354">
     <span class='ocr_line' id='line_1_88' title="bbox 1766 4283 3349 4354; baseline 0.002 -18"><span class='ocrx_word' id='word_1_646' title='bbox 1766 4283 1888 4338; x_wconf 85' lang='lat' dir='ltr'><strong>latis</strong></span> <span class='ocrx_word' id='word_1_647' title='bbox 1919 4283 2280 4338; x_wconf 78' lang='lat' dir='ltr'><strong>exterioribus</strong></span> <span class='ocrx_word' id='word_1_648' title='bbox 2322 4284 2704 4354; x_wconf 79' lang='lat' dir='ltr'><strong>integumentis</strong></span> <span class='ocrx_word' id='word_1_649' title='bbox 2748 4287 3098 4354; x_wconf 87' lang='lat' dir='ltr'><strong>spectandam</strong></span> <span class='ocrx_word' id='word_1_650' title='bbox 3137 4285 3190 4338; x_wconf 92' lang='lat' dir='ltr'><strong>in</strong></span> <span class='ocrx_word' id='word_1_651' title='bbox 3230 4300 3349 4339; x_wconf 81' lang='lat' dir='ltr'><strong>nie-</strong></span> 
     </span>
    </p>
   </div>
   <div class='ocr_carea' id='block_1_89' title="bbox 1767 4373 3349 4447">
    <p class='ocr_par' dir='ltr' id='par_1_89' title="bbox 1767 4373 3349 4447">
     <span class='ocr_line' id='line_1_89' title="bbox 1767 4373 3349 4447; baseline 0.003 -18"><span class='ocrx_word' id='word_1_652' title='bbox 1767 4374 1857 4429; x_wconf 91' lang='lat' dir='ltr'><strong>dio</strong></span> <span class='ocrx_word' id='word_1_653' title='bbox 1888 4373 2220 4429; x_wconf 89' lang='lat' dir='ltr'><strong>multitudini</strong></span> <span class='ocrx_word' id='word_1_654' title='bbox 2247 4376 2537 4444; x_wconf 89' lang='lat' dir='ltr'><strong>proponit,</strong></span> <span class='ocrx_word' id='word_1_655' title='bbox 2581 4391 2681 4432; x_wconf 91' lang='lat' dir='ltr'><strong>nec</strong></span> <span class='ocrx_word' id='word_1_656' title='bbox 2724 4377 2837 4447; x_wconf 85' lang='lat' dir='ltr'><strong>jam</strong></span> <span class='ocrx_word' id='word_1_657' title='bbox 2881 4386 2968 4432; x_wconf 87' lang='lat' dir='ltr'><strong>est</strong></span> <span class='ocrx_word' id='word_1_658' title='bbox 3001 4393 3187 4432; x_wconf 90' lang='lat' dir='ltr'><strong>eorum</strong></span> <span class='ocrx_word' id='word_1_659' title='bbox 3221 4394 3349 4447; x_wconf 61' lang='lat' dir='ltr'><strong>qua}</strong></span> 
     </span>
    </p>
   </div>
   <div class='ocr_carea' id='block_1_90' title="bbox 1766 4465 3341 4537">
    <p class='ocr_par' dir='ltr' id='par_1_90' title="bbox 1766 4465 3341 4537">
     <span class='ocr_line' id='line_1_90' title="bbox 1766 4465 3341 4537; baseline 0.004 -18"><span class='ocrx_word' id='word_1_660' title='bbox 1766 4465 1944 4536; x_wconf 79' lang='lat' dir='ltr'><strong>pinxit</strong></span> <span class='ocrx_word' id='word_1_661' title='bbox 1974 4466 2281 4536; x_wconf 85' lang='lat' dir='ltr'><strong>interpres,</strong></span> <span class='ocrx_word' id='word_1_662' title='bbox 2320 4470 2414 4523; x_wconf 90' lang='lat' dir='ltr'><strong>sed</strong></span> <span class='ocrx_word' id='word_1_663' title='bbox 2445 4468 2699 4525; x_wconf 89' lang='lat' dir='ltr'><strong>omnibus</strong></span> <span class='ocrx_word' id='word_1_664' title='bbox 2740 4470 3136 4537; x_wconf 86' lang='lat' dir='ltr'><strong>spectatoribus</strong></span> <span class='ocrx_word' id='word_1_665' title='bbox 3175 4469 3341 4524; x_wconf 85' lang='lat' dir='ltr'><strong>etiam</strong></span> 
     </span>
    </p>
   </div>
   <div class='ocr_carea' id='block_1_91' title="bbox 120 4539 1655 4635">
    <p class='ocr_par' dir='ltr' id='par_1_91' title="bbox 120 4539 1655 4635">
     <span class='ocr_line' id='line_1_91' title="bbox 120 4539 1655 4635; baseline 0.005 -28"><span class='ocrx_word' id='word_1_666' title='bbox 120 4557 192 4609; x_wconf 65' lang='grc' dir='ltr'>τὸν</span> <span class='ocrx_word' id='word_1_667' title='bbox 221 4560 396 4615; x_wconf 73' lang='grc' dir='ltr'>ἔπειτα</span> <span class='ocrx_word' id='word_1_668' title='bbox 414 4539 609 4634; x_wconf 84' lang='grc' dir='ltr'>χρόνον</span> <span class='ocrx_word' id='word_1_669' title='bbox 635 4561 734 4635; x_wconf 81' lang='grc' dir='ltr'><strong>τὴν</strong></span> <span class='ocrx_word' id='word_1_670' title='bbox 758 4562 975 4633; x_wconf 81' lang='grc' dir='ltr'>γραφὴν</span> <span class='ocrx_word' id='word_1_671' title='bbox 998 4560 1072 4624; x_wconf 84' lang='grc' dir='ltr'>ὡς</span> <span class='ocrx_word' id='word_1_672' title='bbox 1089 4560 1200 4631; x_wconf 77' lang='grc' dir='ltr'>ἔχει</span> <span class='ocrx_word' id='word_1_673' title='bbox 1226 4558 1655 4631; x_wconf 84' lang='grc' dir='ltr'>καταμανθάνειν</span> 
     </span>
    </p>
   </div>
   <div class='ocr_carea' id='block_1_92' title="bbox 1762 4539 3340 4635">
    <p class='ocr_par' dir='ltr' id='par_1_92' title="bbox 1767 4556 3340 4632">
     <span class='ocr_line' id='line_1_92' title="bbox 1767 4556 3340 4632; baseline 0.003 -21"><span class='ocrx_word' id='word_1_674' title='bbox 1767 4557 1821 4611; x_wconf 92' lang='lat' dir='ltr'><strong>in</strong></span> <span class='ocrx_word' id='word_1_675' title='bbox 1856 4556 2092 4611; x_wconf 82' lang='lat' dir='ltr'><strong>futurum</strong></span> <span class='ocrx_word' id='word_1_676' title='bbox 2120 4567 2329 4628; x_wconf 91' lang='lat' dir='ltr'><strong>tempus</strong></span> <span class='ocrx_word' id='word_1_677' title='bbox 2353 4560 2605 4630; x_wconf 57' lang='lat' dir='ltr'><strong>picturae,</strong></span> <span class='ocrx_word' id='word_1_678' title='bbox 2639 4561 2815 4632; x_wconf 87' lang='lat' dir='ltr'><strong>qualis</strong></span> <span class='ocrx_word' id='word_1_679' title='bbox 2847 4562 2938 4627; x_wconf 90' lang='lat' dir='ltr'><strong>sit,</strong></span> <span class='ocrx_word' id='word_1_680' title='bbox 2963 4561 3340 4616; x_wconf 60' lang='lat' dir='ltr'><strong>existimandus</strong></span> 
     </span>
    </p>
   </div>
   <div class='ocr_carea' id='block_1_93' title="bbox 123 4649 1655 4727">
    <p class='ocr_par' dir='ltr' id='par_1_93' title="bbox 123 4649 1655 4727">
     <span class='ocr_line' id='line_1_93' title="bbox 123 4649 1655 4727; baseline -0.001 -19"><span class='ocrx_word' id='word_1_681' title='bbox 123 4649 244 4716; x_wconf 56' lang='grc' dir='ltr'>ὲᾷείς</span> <span class='ocrx_word' id='word_1_682' title='bbox 260 4672 273 4684; x_wconf 87' lang='grc'>·</span> <span class='ocrx_word' id='word_1_683' title='bbox 305 4656 442 4712; x_wconf 75' lang='grc' dir='ltr'>οὕτω</span> <span class='ocrx_word' id='word_1_684' title='bbox 463 4658 559 4712; x_wconf 73' lang='grc' dir='ltr'><strong>καὶ</strong></span> <span class='ocrx_word' id='word_1_685' title='bbox 583 4659 612 4710; x_wconf 86' lang='grc' dir='ltr'>ὁ</span> <span class='ocrx_word' id='word_1_686' title='bbox 638 4655 784 4720; x_wconf 89' lang='grc' dir='ltr'>νοῦς,</span> <span class='ocrx_word' id='word_1_687' title='bbox 810 4654 946 4727; x_wconf 81' lang='grc' dir='ltr'>μετὰ</span> <span class='ocrx_word' id='word_1_688' title='bbox 969 4653 1080 4725; x_wconf 76' lang='grc'><strong>(51)</strong></span> <span class='ocrx_word' id='word_1_689' title='bbox 1102 4654 1200 4725; x_wconf 83' lang='grc' dir='ltr'>τὴν</span> <span class='ocrx_word' id='word_1_690' title='bbox 1222 4653 1397 4720; x_wconf 81' lang='grc' dir='ltr'>ἔξοδον</span> <span class='ocrx_word' id='word_1_691' title='bbox 1418 4652 1512 4706; x_wconf 87' lang='grc' dir='ltr'><strong>τοῦ</strong></span> <span class='ocrx_word' id='word_1_692' title='bbox 1541 4653 1655 4723; x_wconf 81' lang='grc' dir='ltr'>βίου</span> 
     </span>
    </p>
   </div>
   <div class='ocr_carea' id='block_1_94' title="bbox 1762 4649 3339 4727">
    <p class='ocr_par' dir='ltr' id='par_1_94' title="bbox 1766 4650 3339 4722">
     <span class='ocr_line' id='line_1_94' title="bbox 1766 4650 3339 4722; baseline 0.001 -19"><span class='ocrx_word' id='word_1_693' title='bbox 1766 4657 2091 4719; x_wconf 88' lang='lat' dir='ltr'><strong>potestatem</strong></span> <span class='ocrx_word' id='word_1_694' title='bbox 2114 4650 2405 4719; x_wconf 90' lang='lat' dir='ltr'><strong>relinquit;</strong></span> <span class='ocrx_word' id='word_1_695' title='bbox 2433 4652 2504 4705; x_wconf 89' lang='lat' dir='ltr'><strong>ita</strong></span> <span class='ocrx_word' id='word_1_696' title='bbox 2528 4661 2583 4706; x_wconf 89' lang='lat' dir='ltr'><strong>et</strong></span> <span class='ocrx_word' id='word_1_697' title='bbox 2612 4667 2764 4707; x_wconf 92' lang='lat' dir='ltr'><strong>mens</strong></span> <span class='ocrx_word' id='word_1_698' title='bbox 2788 4662 2911 4722; x_wconf 84' lang='lat' dir='ltr'><strong>post</strong></span> <span class='ocrx_word' id='word_1_699' title='bbox 2936 4654 3137 4708; x_wconf 81' lang='lat' dir='ltr'><strong>exitum</strong></span> <span class='ocrx_word' id='word_1_700' title='bbox 3159 4666 3189 4706; x_wconf 92' lang='lat' dir='ltr'><strong>e</strong></span> <span class='ocrx_word' id='word_1_701' title='bbox 3210 4652 3339 4716; x_wconf 90' lang='lat' dir='ltr'><strong>vita,</strong></span> 
     </span>
    </p>
   </div>
   <div class='ocr_carea' id='block_1_95' title="bbox 123 4736 1655 4820">
    <p class='ocr_par' dir='ltr' id='par_1_95' title="bbox 123 4736 1655 4820">
     <span class='ocr_line' id='line_1_95' title="bbox 123 4736 1655 4820; baseline 0.002 -26"><span class='ocrx_word' id='word_1_702' title='bbox 123 4736 278 4815; x_wconf 78' lang='grc' dir='ltr'>ὥσπερ</span> <span class='ocrx_word' id='word_1_703' title='bbox 300 4764 351 4800; x_wconf 88' lang='grc' dir='ltr'><strong>τι</strong></span> <span class='ocrx_word' id='word_1_704' title='bbox 380 4746 756 4820; x_wconf 85' lang='grc' dir='ltr'>προκάλυμμα</span> <span class='ocrx_word' id='word_1_705' title='bbox 782 4745 875 4799; x_wconf 82' lang='grc' dir='ltr'><strong>τοῦ</strong></span> <span class='ocrx_word' id='word_1_706' title='bbox 918 4744 1058 4799; x_wconf 84' lang='grc' dir='ltr'>κατὰ</span> <span class='ocrx_word' id='word_1_707' title='bbox 1099 4743 1276 4815; x_wconf 71' lang='grc' dir='ltr'>ψυχὴν</span> <span class='ocrx_word' id='word_1_708' title='bbox 1302 4745 1547 4808; x_wconf 86' lang='grc' dir='ltr'>πίνακος,</span> <span class='ocrx_word' id='word_1_709' title='bbox 1597 4744 1655 4797; x_wconf 85' lang='grc' dir='ltr'>ὃν</span> 
     </span>
    </p>
   </div>
   <div class='ocr_carea' id='block_1_96' title="bbox 1762 4736 3344 4820">
    <p class='ocr_par' dir='ltr' id='par_1_96' title="bbox 1773 4741 3344 4813">
     <span class='ocr_line' id='line_1_96' title="bbox 1773 4741 3344 4813; baseline -0.001 -16"><span class='ocrx_word' id='word_1_710' title='bbox 1773 4743 1865 4799; x_wconf 91' lang='lat' dir='ltr'><strong>ubi</strong></span> <span class='ocrx_word' id='word_1_711' title='bbox 1898 4742 2060 4797; x_wconf 90' lang='lat' dir='ltr'><strong>veluti</strong></span> <span class='ocrx_word' id='word_1_712' title='bbox 2114 4741 2381 4813; x_wconf 86' lang='lat' dir='ltr'><strong>quoddam</strong></span> <span class='ocrx_word' id='word_1_713' title='bbox 2430 4742 2767 4799; x_wconf 82' lang='lat' dir='ltr'><strong>involucrum</strong></span> <span class='ocrx_word' id='word_1_714' title='bbox 2812 4744 3040 4809; x_wconf 68' lang='lat' dir='ltr'><strong>tabulae,</strong></span> <span class='ocrx_word' id='word_1_715' title='bbox 3073 4758 3194 4812; x_wconf 65' lang='lat' dir='ltr'><strong>quae</strong></span> <span class='ocrx_word' id='word_1_716' title='bbox 3225 4743 3344 4796; x_wconf 86' lang='lat' dir='ltr'><strong>ani-</strong></span> 
     </span>
    </p>
   </div>
   <div class='ocr_carea' id='block_1_97' title="bbox 124 4830 1655 4907">
    <p class='ocr_par' dir='ltr' id='par_1_97' title="bbox 124 4830 1655 4907">
     <span class='ocr_line' id='line_1_97' title="bbox 124 4830 1655 4907; baseline 0 -22"><span class='ocrx_word' id='word_1_717' title='bbox 124 4834 226 4901; x_wconf 77' lang='grc' dir='ltr'>παρ’</span> <span class='ocrx_word' id='word_1_718' title='bbox 255 4833 367 4888; x_wconf 82' lang='grc' dir='ltr'>ὅλον</span> <span class='ocrx_word' id='word_1_719' title='bbox 391 4837 482 4891; x_wconf 79' lang='grc' dir='ltr'><strong>τὸν</strong></span> <span class='ocrx_word' id='word_1_720' title='bbox 508 4836 623 4907; x_wconf 88' lang='grc' dir='ltr'>βίον</span> <span class='ocrx_word' id='word_1_721' title='bbox 666 4837 789 4898; x_wconf 85' lang='grc' dir='ltr'>ταῖς</span> <span class='ocrx_word' id='word_1_722' title='bbox 826 4833 1056 4896; x_wconf 74' lang='grc' dir='ltr'>ἐννοίαις</span> <span class='ocrx_word' id='word_1_723' title='bbox 1087 4830 1575 4903; x_wconf 77' lang='grc' dir='ltr'>κατεζωγράφησε,</span> <span class='ocrx_word' id='word_1_724' title='bbox 1606 4832 1655 4885; x_wconf 71' lang='grc' dir='ltr'><strong>τί</strong></span> 
     </span>
    </p>
   </div>
   <div class='ocr_carea' id='block_1_98' title="bbox 1762 4830 3344 4907">
    <p class='ocr_par' dir='ltr' id='par_1_98' title="bbox 1772 4833 3344 4905">
     <span class='ocr_line' id='line_1_98' title="bbox 1772 4833 3344 4905; baseline 0 -17"><span class='ocrx_word' id='word_1_725' title='bbox 1772 4849 1919 4888; x_wconf 86' lang='lat' dir='ltr'><strong>mam</strong></span> <span class='ocrx_word' id='word_1_726' title='bbox 1956 4833 2122 4904; x_wconf 87' lang='lat' dir='ltr'><strong>tegit,</strong></span> <span class='ocrx_word' id='word_1_727' title='bbox 2154 4848 2425 4903; x_wconf 91' lang='lat' dir='ltr'><strong>quamque</strong></span> <span class='ocrx_word' id='word_1_728' title='bbox 2465 4850 2562 4904; x_wconf 80' lang='lat' dir='ltr'><strong>per</strong></span> <span class='ocrx_word' id='word_1_729' title='bbox 2597 4844 2765 4889; x_wconf 89' lang='lat' dir='ltr'><strong>totam</strong></span> <span class='ocrx_word' id='word_1_730' title='bbox 2801 4835 2967 4889; x_wconf 88' lang='lat' dir='ltr'><strong>vitam</strong></span> <span class='ocrx_word' id='word_1_731' title='bbox 3001 4835 3344 4905; x_wconf 84' lang='lat' dir='ltr'><strong>cogitationi-</strong></span> 
     </span>
    </p>
   </div>
   <div class='ocr_carea' id='block_1_99' title="bbox 124 4921 1655 5000">
    <p class='ocr_par' dir='ltr' id='par_1_99' title="bbox 124 4921 1655 5000">
     <span class='ocr_line' id='line_1_99' title="bbox 124 4921 1655 5000; baseline 0 -22"><span class='ocrx_word' id='word_1_732' title='bbox 124 4921 256 4994; x_wconf 81' lang='grc' dir='ltr'>σῶμα</span> <span class='ocrx_word' id='word_1_733' title='bbox 273 4926 613 5000; x_wconf 73' lang='grc' dir='ltr'>ἀφαιρεθεὶς,</span> <span class='ocrx_word' id='word_1_734' title='bbox 630 4927 699 4982; x_wconf 81' lang='grc' dir='ltr'><strong>τὰ</strong></span> <span class='ocrx_word' id='word_1_735' title='bbox 718 4929 776 4981; x_wconf 82' lang='grc' dir='ltr'><strong>ὲν</strong></span> <span class='ocrx_word' id='word_1_736' title='bbox 793 4926 1120 4997; x_wconf 72' lang='grc' dir='ltr'>ἀπορρήτοις</span> <span class='ocrx_word' id='word_1_737' title='bbox 1145 4924 1423 4996; x_wconf 77' lang='grc' dir='ltr'>γραφέντα</span> <span class='ocrx_word' id='word_1_738' title='bbox 1448 4925 1526 4988; x_wconf 82' lang='grc' dir='ltr'><strong>είς</strong></span> <span class='ocrx_word' id='word_1_739' title='bbox 1549 4923 1655 4995; x_wconf 81' lang='grc' dir='ltr'>φῶς</span> 
     </span>
    </p>
   </div>
   <div class='ocr_carea' id='block_1_100' title="bbox 1762 4921 3342 5000">
    <p class='ocr_par' dir='ltr' id='par_1_100' title="bbox 1771 4925 3342 4997">
     <span class='ocr_line' id='line_1_100' title="bbox 1771 4925 3342 4997; baseline -0.001 -15"><span class='ocrx_word' id='word_1_740' title='bbox 1771 4926 1873 4982; x_wconf 77' lang='lat' dir='ltr'><strong>lius</strong></span> <span class='ocrx_word' id='word_1_741' title='bbox 1910 4925 2105 4997; x_wconf 76' lang='lat' dir='ltr'><strong>pinxit,</strong></span> <span class='ocrx_word' id='word_1_742' title='bbox 2133 4926 2207 4980; x_wconf 88' lang='lat' dir='ltr'><strong>ita</strong></span> <span class='ocrx_word' id='word_1_743' title='bbox 2242 4940 2443 4996; x_wconf 86' lang='lat' dir='ltr'><strong>corpus</strong></span> <span class='ocrx_word' id='word_1_744' title='bbox 2468 4926 2709 4983; x_wconf 89' lang='lat' dir='ltr'><strong>ablatum</strong></span> <span class='ocrx_word' id='word_1_745' title='bbox 2744 4927 2941 4995; x_wconf 78' lang='lat' dir='ltr'><strong>fuerit;</strong></span> <span class='ocrx_word' id='word_1_746' title='bbox 2983 4936 3109 4983; x_wconf 91' lang='lat' dir='ltr'><strong>tunc</strong></span> <span class='ocrx_word' id='word_1_747' title='bbox 3144 4943 3261 4997; x_wconf 81' lang='lat' dir='ltr'><strong>quae</strong></span> <span class='ocrx_word' id='word_1_748' title='bbox 3290 4928 3342 4981; x_wconf 88' lang='lat' dir='ltr'><strong>in</strong></span> 
     </span>
    </p>
   </div>
   <div class='ocr_carea' id='block_1_101' title="bbox 84 5102 728 5179">
    <p class='ocr_par' dir='ltr' id='par_1_101' title="bbox 84 5102 728 5179">
     <span class='ocr_line' id='line_1_101' title="bbox 84 5102 728 5179; baseline 0.009 -19"><span class='ocrx_word' id='word_1_749' title='bbox 84 5142 97 5179; x_wconf 43' lang='grc' dir='ltr'>ξ</span> <span class='ocrx_word' id='word_1_750' title='bbox 180 5102 221 5136; x_wconf 76' lang='grc'><strong>’⁷</strong></span> <span class='ocrx_word' id='word_1_751' title='bbox 245 5104 422 5165; x_wconf 75' lang='lat' dir='ltr'><strong>Matth.</strong></span> <span class='ocrx_word' id='word_1_752' title='bbox 449 5127 609 5179; x_wconf 80' lang='lat' dir='ltr'><strong>xvrn,</strong></span> <span class='ocrx_word' id='word_1_753' title='bbox 639 5110 728 5166; x_wconf 81' lang='grc'><strong>10.</strong></span> 
     </span>
    </p>
   </div>
   <div class='ocr_carea' id='block_1_102' title="bbox 183 5259 1659 5338">
    <p class='ocr_par' dir='ltr' id='par_1_102' title="bbox 183 5259 1659 5338">
     <span class='ocr_line' id='line_1_102' title="bbox 183 5259 1659 5338; baseline -0.007 -14"><span class='ocrx_word' id='word_1_754' title='bbox 183 5263 280 5338; x_wconf 71' lang='grc'><strong>(2⁸1)</strong></span> <span class='ocrx_word' id='word_1_755' title='bbox 302 5269 651 5334; x_wconf 68' lang='grc' dir='ltr'>Φυλάξεται.</span> <span class='ocrx_word' id='word_1_756' title='bbox 674 5267 850 5323; x_wconf 87' lang='lat' dir='ltr'><strong>Editio</strong></span> <span class='ocrx_word' id='word_1_757' title='bbox 871 5266 1442 5338; x_wconf 65' lang='lat' dir='ltr'><strong>Paris.,&lt;putacaeczt.</strong></span> <span class='ocrx_word' id='word_1_758' title='bbox 1470 5259 1659 5315; x_wconf 80' lang='lat' dir='ltr'><strong>Melius</strong></span> 
     </span>
    </p>
   </div>
   <div class='ocr_carea' id='block_1_103' title="bbox 127 5332 1322 5415">
    <p class='ocr_par' dir='ltr' id='par_1_103' title="bbox 127 5332 1322 5415">
     <span class='ocr_line' id='line_1_103' title="bbox 127 5332 1322 5415; baseline -0.004 -21"><span class='ocrx_word' id='word_1_759' title='bbox 127 5332 300 5415; x_wconf 48' lang='lat' dir='ltr'><strong>Veneta</strong></span> <span class='ocrx_word' id='word_1_760' title='bbox 316 5348 381 5415; x_wconf 84' lang='lat' dir='ltr'><strong>_e_t</strong></span> <span class='ocrx_word' id='word_1_761' title='bbox 405 5332 585 5415; x_wconf 64' lang='lat' dir='ltr'><strong>plures</strong></span> <span class='ocrx_word' id='word_1_762' title='bbox 607 5356 735 5395; x_wconf 87' lang='lat' dir='ltr'><strong>mss.</strong></span> <span class='ocrx_word' id='word_1_763' title='bbox 761 5354 898 5415; x_wconf 72' lang='lat' dir='ltr'><strong>quos</strong></span> <span class='ocrx_word' id='word_1_764' title='bbox 919 5332 1322 5415; x_wconf 52' lang='lat' dir='ltr'><strong>secutisnmus:</strong></span> 
     </span>
    </p>
   </div>
   <div class='ocr_carea' id='block_1_104' title="bbox 184 5401 1655 5478">
    <p class='ocr_par' dir='ltr' id='par_1_104' title="bbox 184 5401 1655 5478">
     <span class='ocr_line' id='line_1_104' title="bbox 184 5401 1655 5478; baseline -0.016 -5"><span class='ocrx_word' id='word_1_765' title='bbox 184 5406 282 5478; x_wconf 62' lang='grc'><strong>(98)</strong></span> <span class='ocrx_word' id='word_1_766' title='bbox 316 5401 513 5478; x_wconf 65' lang='grc' dir='ltr'><strong>Ὗζιιῶν.</strong></span> <span class='ocrx_word' id='word_1_767' title='bbox 543 5409 599 5464; x_wconf 85' lang='lat' dir='ltr'><strong>in</strong></span> <span class='ocrx_word' id='word_1_768' title='bbox 624 5425 729 5463; x_wconf 92' lang='lat' dir='ltr'><strong>uno</strong></span> <span class='ocrx_word' id='word_1_769' title='bbox 758 5401 825 5463; x_wconf 75' lang='lat' dir='ltr'><strong>ex</strong></span> <span class='ocrx_word' id='word_1_770' title='bbox 854 5406 1056 5477; x_wconf 79' lang='lat' dir='ltr'><strong>Regiis,</strong></span> <span class='ocrx_word' id='word_1_771' title='bbox 1079 5403 1268 5478; x_wconf 29' lang='lat' dir='ltr'><strong>‘ﬁutbv.</strong></span> <span class='ocrx_word' id='word_1_772' title='bbox 1293 5403 1360 5478; x_wconf 77' lang='lat' dir='ltr'><strong>_li_i</strong></span> <span class='ocrx_word' id='word_1_773' title='bbox 1397 5416 1490 5478; x_wconf 70' lang='lat' dir='ltr'><strong>ora</strong></span> <span class='ocrx_word' id='word_1_774' title='bbox 1518 5401 1655 5478; x_wconf 80' lang='lat' dir='ltr'><strong>dno-</strong></span> 
     </span>
    </p>
   </div>
   <div class='ocr_carea' id='block_1_105' title="bbox 128 5470 1664 5547">
    <p class='ocr_par' dir='ltr' id='par_1_105' title="bbox 128 5470 1664 5547">
     <span class='ocr_line' id='line_1_105' title="bbox 128 5470 1664 5547; baseline -0.007 -14"><span class='ocrx_word' id='word_1_775' title='bbox 128 5470 227 5547; x_wconf 61' lang='grc' dir='ltr'><strong>ξ’υῲ</strong></span> <span class='ocrx_word' id='word_1_776' title='bbox 250 5470 529 5547; x_wconf 66' lang='grc' dir='ltr'><strong>Βρεῇιτυηι</strong></span> <span class='ocrx_word' id='word_1_777' title='bbox 572 5480 765 5545; x_wconf 75' lang='lat' dir='ltr'><strong>legitur</strong></span> <span class='ocrx_word' id='word_1_778' title='bbox 798 5470 971 5547; x_wconf 62' lang='lat' dir='ltr'><strong>instar</strong></span> <span class='ocrx_word' id='word_1_779' title='bbox 1016 5470 1202 5547; x_wconf 66' lang='lat' dir='ltr'><strong>scliolii</strong></span> <span class='ocrx_word' id='word_1_780' title='bbox 1248 5491 1261 5526; x_wconf 90' lang='lat'>:</span> <span class='ocrx_word' id='word_1_781' title='bbox 1293 5471 1417 5547; x_wconf 65' lang='lat' dir='ltr'><strong>&quot;91v.</strong></span> <span class='ocrx_word' id='word_1_782' title='bbox 1450 5470 1664 5541; x_wconf 82' lang='grc' dir='ltr'>ἑκάστῳ</span> 
     </span>
    </p>
   </div>
   <div class='ocr_carea' id='block_1_106' title="bbox 127 5539 1663 5619">
    <p class='ocr_par' dir='ltr' id='par_1_106' title="bbox 127 5539 1663 5619">
     <span class='ocr_line' id='line_1_106' title="bbox 127 5539 1663 5619; baseline -0.007 -16"><span class='ocrx_word' id='word_1_783' title='bbox 127 5539 364 5619; x_wconf 71' lang='grc' dir='ltr'>ἀνθρῴπῷ</span> <span class='ocrx_word' id='word_1_784' title='bbox 386 5539 825 5619; x_wconf 59' lang='grc' dir='ltr'>ἄγγελοςέπεται</span> <span class='ocrx_word' id='word_1_785' title='bbox 859 5546 969 5601; x_wconf 76' lang='grc' dir='ltr'><strong>ἀπὸ</strong></span> <span class='ocrx_word' id='word_1_786' title='bbox 985 5544 1267 5619; x_wconf 76' lang='grc' dir='ltr'>γενέσεως.</span> <span class='ocrx_word' id='word_1_787' title='bbox 1306 5539 1350 5594; x_wconf 87' lang='lat' dir='ltr'><em>U</em></span> <span class='ocrx_word' id='word_1_788' title='bbox 1360 5539 1663 5610; x_wconf 72' lang='lat' dir='ltr'><strong>numquam-</strong></span> 
     </span>
    </p>
   </div>
   <div class='ocr_carea' id='block_1_107' title="bbox 128 5616 1422 5689">
    <p class='ocr_par' dir='ltr' id='par_1_107' title="bbox 128 5616 1422 5689">
     <span class='ocr_line' id='line_1_107' title="bbox 128 5616 1422 5689; baseline -0.009 -17"><span class='ocrx_word' id='word_1_789' title='bbox 128 5616 480 5689; x_wconf 50' lang='lat' dir='ltr'><strong>antliaminent</strong></span> <span class='ocrx_word' id='word_1_790' title='bbox 509 5619 726 5689; x_wconf 76' lang='lat' dir='ltr'><strong>angelus</strong></span> <span class='ocrx_word' id='word_1_791' title='bbox 751 5618 985 5686; x_wconf 78' lang='lat' dir='ltr'><strong>sequitur</strong></span> <span class='ocrx_word' id='word_1_792' title='bbox 1013 5617 1075 5689; x_wconf 52' lang='lat' dir='ltr'><strong>at;</strong></span> <span class='ocrx_word' id='word_1_793' title='bbox 1099 5616 1422 5689; x_wconf 57' lang='grc' dir='ltr'><strong>ξμεξειξονιιιἶ</strong></span> 
     </span>
    </p>
   </div>
   <div class='ocr_carea' id='block_1_108' title="bbox 188 5679 1659 5761">
    <p class='ocr_par' dir='ltr' id='par_1_108' title="bbox 188 5679 1659 5761">
     <span class='ocr_line' id='line_1_108' title="bbox 188 5679 1659 5761; baseline -0.005 -22"><span class='ocrx_word' id='word_1_794' title='bbox 188 5682 287 5752; x_wconf 78' lang='lat'><strong>(‘29)</strong></span> <span class='ocrx_word' id='word_1_795' title='bbox 325 5679 636 5761; x_wconf 57' lang='grc' dir='ltr'>Οὑδέποτὲ,</span> <span class='ocrx_word' id='word_1_796' title='bbox 681 5688 772 5743; x_wconf 91' lang='lat' dir='ltr'><strong>Sic</strong></span> <span class='ocrx_word' id='word_1_797' title='bbox 806 5679 936 5761; x_wconf 61' lang='lat' dir='ltr'><strong>inss.</strong></span> <span class='ocrx_word' id='word_1_798' title='bbox 964 5685 1138 5761; x_wconf 80' lang='lat' dir='ltr'><strong>mn_l_t_i.</strong></span> <span class='ocrx_word' id='word_1_799' title='bbox 1162 5682 1342 5761; x_wconf 54' lang='grc' dir='ltr'>βοέῃ,</span> <span class='ocrx_word' id='word_1_800' title='bbox 1377 5679 1659 5761; x_wconf 68' lang='grc' dir='ltr'>οὐᾷήποτε.</span> 
     </span>
    </p>
   </div>
   <div class='ocr_carea' id='block_1_109' title="bbox 130 5748 1659 5828">
    <p class='ocr_par' dir='ltr' id='par_1_109' title="bbox 130 5748 1659 5828">
     <span class='ocr_line' id='line_1_109' title="bbox 130 5748 1659 5828; baseline -0.001 -24"><span class='ocrx_word' id='word_1_801' title='bbox 130 5748 284 5808; x_wconf 72' lang='lat' dir='ltr'><strong>litora</strong></span> <span class='ocrx_word' id='word_1_802' title='bbox 326 5759 485 5813; x_wconf 88' lang='lat' dir='ltr'><strong>trium</strong></span> <span class='ocrx_word' id='word_1_803' title='bbox 516 5759 759 5816; x_wconf 88' lang='lat' dir='ltr'><strong>codicum</strong></span> <span class='ocrx_word' id='word_1_804' title='bbox 805 5758 1001 5828; x_wconf 80' lang='lat' dir='ltr'><strong>legitur</strong></span> <span class='ocrx_word' id='word_1_805' title='bbox 1047 5754 1174 5808; x_wconf 84' lang='lat' dir='ltr'><strong>illud</strong></span> <span class='ocrx_word' id='word_1_806' title='bbox 1212 5770 1225 5805; x_wconf 72' lang='grc' dir='ltr'>ς</span> <span class='ocrx_word' id='word_1_807' title='bbox 1260 5752 1380 5803; x_wconf 83' lang='grc' dir='ltr'><strong>Ὅτι</strong></span> <span class='ocrx_word' id='word_1_808' title='bbox 1410 5750 1469 5802; x_wconf 72' lang='grc' dir='ltr'><strong>οὐ</strong></span> <span class='ocrx_word' id='word_1_809' title='bbox 1494 5748 1659 5820; x_wconf 74' lang='grc' dir='ltr'>μόνον</span> 
     </span>
    </p>
   </div>
   <div class='ocr_carea' id='block_1_110' title="bbox 1765 5252 3341 5330">
    <p class='ocr_par' dir='ltr' id='par_1_110' title="bbox 1765 5252 3341 5330">
     <span class='ocr_line' id='line_1_110' title="bbox 1765 5252 3341 5330; baseline -0.006 -17"><span class='ocrx_word' id='word_1_810' title='bbox 1765 5259 1986 5328; x_wconf 75' lang='grc' dir='ltr'>ἄγγελοι</span> <span class='ocrx_word' id='word_1_811' title='bbox 2009 5257 2077 5312; x_wconf 77' lang='grc' dir='ltr'>τὰ</span> <span class='ocrx_word' id='word_1_812' title='bbox 2115 5257 2235 5330; x_wconf 87' lang='grc' dir='ltr'>καθ’</span> <span class='ocrx_word' id='word_1_813' title='bbox 2262 5259 2409 5330; x_wconf 78' lang='grc' dir='ltr'>ἡμᾶς</span> <span class='ocrx_word' id='word_1_814' title='bbox 2452 5256 2732 5330; x_wconf 83' lang='grc' dir='ltr'>βλέπουσι,</span> <span class='ocrx_word' id='word_1_815' title='bbox 2784 5254 2954 5330; x_wconf 31' lang='grc' dir='ltr'><strong>ἀλλὰ--</strong></span> <span class='ocrx_word' id='word_1_816' title='bbox 2979 5253 3073 5307; x_wconf 74' lang='grc' dir='ltr'>καὶ</span> <span class='ocrx_word' id='word_1_817' title='bbox 3109 5252 3341 5330; x_wconf 32' lang='grc' dir='ltr'>’πάντων</span> 
     </span>
    </p>
   </div>
   <div class='ocr_carea' id='block_1_111' title="bbox 1763 5323 3341 5399">
    <p class='ocr_par' dir='ltr' id='par_1_111' title="bbox 1763 5323 3341 5399">
     <span class='ocr_line' id='line_1_111' title="bbox 1763 5323 3341 5399; baseline -0.004 -17"><span class='ocrx_word' id='word_1_818' title='bbox 1763 5323 1874 5383; x_wconf 79' lang='grc' dir='ltr'>τῶν</span> <span class='ocrx_word' id='word_1_819' title='bbox 1903 5331 2074 5399; x_wconf 80' lang='grc' dir='ltr'>ἁγίων</span> <span class='ocrx_word' id='word_1_820' title='bbox 2107 5323 2384 5398; x_wconf 73' lang='grc' dir='ltr'>αἱψυχάιί·</span> <span class='ocrx_word' id='word_1_821' title='bbox 2422 5323 2542 5399; x_wconf 69' lang='lat' dir='ltr'><strong>non</strong></span> <span class='ocrx_word' id='word_1_822' title='bbox 2579 5328 2751 5381; x_wconf 80' lang='lat' dir='ltr'><strong>solum</strong></span> <span class='ocrx_word' id='word_1_823' title='bbox 2783 5325 2975 5399; x_wconf 70' lang='lat' dir='ltr'><strong>angeli,</strong></span> <span class='ocrx_word' id='word_1_824' title='bbox 3029 5324 3119 5376; x_wconf 78' lang='lat' dir='ltr'><strong>sed</strong></span> <span class='ocrx_word' id='word_1_825' title='bbox 3147 5323 3341 5376; x_wconf 72' lang='lat' dir='ltr'><strong>animo:</strong></span> 
     </span>
    </p>
   </div>
   <div class='ocr_carea' id='block_1_112' title="bbox 1765 5396 3095 5455">
    <p class='ocr_par' dir='ltr' id='par_1_112' title="bbox 1765 5396 3095 5455">
     <span class='ocr_line' id='line_1_112' title="bbox 1765 5396 3095 5455; baseline -0.008 0"><span class='ocrx_word' id='word_1_826' title='bbox 1765 5400 1922 5455; x_wconf 82' lang='lat' dir='ltr'><strong>etiam</strong></span> <span class='ocrx_word' id='word_1_827' title='bbox 1950 5396 2516 5453; x_wconf 24' lang='lat' dir='ltr'><strong>sanctorum‘omnium</strong></span> <span class='ocrx_word' id='word_1_828' title='bbox 2546 5413 2625 5450; x_wconf 86' lang='lat' dir='ltr'><strong>res</strong></span> <span class='ocrx_word' id='word_1_829' title='bbox 2658 5406 2862 5449; x_wconf 80' lang='lat' dir='ltr'><strong>nostras</strong></span> <span class='ocrx_word' id='word_1_830' title='bbox 2888 5396 3095 5447; x_wconf 82' lang='lat' dir='ltr'><strong>videnl..</strong></span> 
     </span>
    </p>
   </div>
   <div class='ocr_carea' id='block_1_113' title="bbox 1841 5461 3340 5536">
    <p class='ocr_par' dir='ltr' id='par_1_113' title="bbox 1841 5461 3340 5536">
     <span class='ocr_line' id='line_1_113' title="bbox 1841 5461 3340 5536; baseline -0.008 -13"><span class='ocrx_word' id='word_1_831' title='bbox 1841 5470 1954 5536; x_wconf 76' lang='lat'><strong>(50)</strong></span> <span class='ocrx_word' id='word_1_832' title='bbox 1978 5468 2079 5522; x_wconf 87' lang='grc' dir='ltr'><strong>Διά</strong></span> <span class='ocrx_word' id='word_1_833' title='bbox 2099 5468 2165 5521; x_wconf 83' lang='grc' dir='ltr'>τὸ</span> <span class='ocrx_word' id='word_1_834' title='bbox 2189 5468 2604 5531; x_wconf 77' lang='grc' dir='ltr'>αὐτεξούσιον.</span> <span class='ocrx_word' id='word_1_835' title='bbox 2636 5466 2707 5536; x_wconf 77' lang='lat' dir='ltr'><strong>Ita</strong></span> <span class='ocrx_word' id='word_1_836' title='bbox 2734 5481 2861 5536; x_wconf 85' lang='lat' dir='ltr'><strong>inss.</strong></span> <span class='ocrx_word' id='word_1_837' title='bbox 2892 5464 3147 5536; x_wconf 61' lang='lat' dir='ltr'><strong>quinque.</strong></span> <span class='ocrx_word' id='word_1_838' title='bbox 3175 5461 3340 5536; x_wconf 61' lang='lat' dir='ltr'><strong>Editi,</strong></span> 
     </span>
    </p>
   </div>
   <div class='ocr_carea' id='block_1_114' title="bbox 1768 5531 3342 5603">
    <p class='ocr_par' dir='ltr' id='par_1_114' title="bbox 1768 5531 3342 5603">
     <span class='ocr_line' id='line_1_114' title="bbox 1768 5531 3342 5603; baseline -0.004 -11"><span class='ocrx_word' id='word_1_839' title='bbox 1768 5531 1861 5593; x_wconf 66' lang='lat' dir='ltr'><strong>ml.</strong></span> <span class='ocrx_word' id='word_1_840' title='bbox 1894 5531 2258 5603; x_wconf 81' lang='grc' dir='ltr'>αύτεξούσιος.</span> <span class='ocrx_word' id='word_1_841' title='bbox 2285 5538 2434 5592; x_wconf 90' lang='lat' dir='ltr'><strong>Unus</strong></span> <span class='ocrx_word' id='word_1_842' title='bbox 2454 5538 2643 5597; x_wconf 77' lang='lat' dir='ltr'><strong>codex,</strong></span> <span class='ocrx_word' id='word_1_843' title='bbox 2673 5534 2749 5597; x_wconf 83' lang='grc' dir='ltr'>ὡς</span> <span class='ocrx_word' id='word_1_844' title='bbox 2779 5531 3141 5597; x_wconf 82' lang='grc' dir='ltr'>αὐτεξούσιος.</span> <span class='ocrx_word' id='word_1_845' title='bbox 3173 5531 3342 5586; x_wconf 80' lang='lat' dir='ltr'><strong>Paulo</strong></span> 
     </span>
    </p>
   </div>
   <div class='ocr_carea' id='block_1_115' title="bbox 1768 5605 2715 5680">
    <p class='ocr_par' dir='ltr' id='par_1_115' title="bbox 1768 5605 2715 5680">
     <span class='ocr_line' id='line_1_115' title="bbox 1768 5605 2715 5680; baseline -0.005 -16"><span class='ocrx_word' id='word_1_846' title='bbox 1768 5620 1888 5680; x_wconf 77' lang='lat' dir='ltr'><strong>post</strong></span> <span class='ocrx_word' id='word_1_847' title='bbox 1917 5624 2053 5680; x_wconf 89' lang='lat' dir='ltr'><strong>unus</strong></span> <span class='ocrx_word' id='word_1_848' title='bbox 2080 5624 2145 5680; x_wconf 59' lang='lat' dir='ltr'><strong>es</strong></span> <span class='ocrx_word' id='word_1_849' title='bbox 2176 5606 2373 5680; x_wconf 46' lang='lat' dir='ltr'><strong>Regiis,</strong></span> <span class='ocrx_word' id='word_1_850' title='bbox 2393 5607 2534 5680; x_wconf 67' lang='lat' dir='ltr'><strong>600v</strong></span> <span class='ocrx_word' id='word_1_851' title='bbox 2555 5605 2715 5659; x_wconf 86' lang='grc' dir='ltr'>θέλει.</span> 
     </span>
    </p>
   </div>
   <div class='ocr_carea' id='block_1_116' title="bbox 1839 5671 3339 5750">
    <p class='ocr_par' dir='ltr' id='par_1_116' title="bbox 1839 5671 3339 5750">
     <span class='ocr_line' id='line_1_116' title="bbox 1839 5671 3339 5750; baseline -0.005 -17"><span class='ocrx_word' id='word_1_852' title='bbox 1839 5679 1949 5750; x_wconf 82' lang='grc'><strong>(51)</strong></span> <span class='ocrx_word' id='word_1_853' title='bbox 1974 5677 2154 5733; x_wconf 73' lang='lat' dir='ltr'><strong>Merci.</strong></span> <span class='ocrx_word' id='word_1_854' title='bbox 2187 5671 2325 5730; x_wconf 74' lang='lat' dir='ltr'><strong>Editi</strong></span> <span class='ocrx_word' id='word_1_855' title='bbox 2354 5676 2705 5744; x_wconf 76' lang='lat' dir='ltr'><strong>prannittnnt,</strong></span> <span class='ocrx_word' id='word_1_856' title='bbox 2741 5692 2854 5742; x_wconf 85' lang='grc' dir='ltr'>και,</span> <span class='ocrx_word' id='word_1_857' title='bbox 2882 5688 3000 5744; x_wconf 73' lang='lat' dir='ltr'><strong>qua:</strong></span> <span class='ocrx_word' id='word_1_858' title='bbox 3029 5671 3339 5742; x_wconf 76' lang='lat' dir='ltr'><strong>conjunctlu</strong></span> 
     </span>
    </p>
   </div>
   <div class='ocr_carea' id='block_1_117' title="bbox 1770 5750 2612 5815">
    <p class='ocr_par' dir='ltr' id='par_1_117' title="bbox 1770 5750 2612 5815">
     <span class='ocr_line' id='line_1_117' title="bbox 1770 5750 2612 5815; baseline -0.005 -12"><span class='ocrx_word' id='word_1_859' title='bbox 1770 5751 1960 5805; x_wconf 68' lang='lat' dir='ltr'><strong>melius</strong></span> <span class='ocrx_word' id='word_1_860' title='bbox 1994 5750 2145 5803; x_wconf 82' lang='lat' dir='ltr'><strong>abest</strong></span> <span class='ocrx_word' id='word_1_861' title='bbox 2173 5764 2200 5800; x_wconf 74' lang='grc' dir='ltr'><strong>ιι</strong></span> <span class='ocrx_word' id='word_1_862' title='bbox 2226 5757 2454 5815; x_wconf 85' lang='lat' dir='ltr'><strong>quatuor</strong></span> <span class='ocrx_word' id='word_1_863' title='bbox 2481 5761 2612 5799; x_wconf 86' lang='lat' dir='ltr'><strong>mss.</strong></span> 
     </span>
    </p>
   </div>
  </div>
