3802 6216
419 358 503 415 τοι
1381 357 1727 415 ΑΡΡΕΝΒΙΧ
1766 361 2027 419 ΟΡΕΒΙΜ

2147 404 2148 413 η
2190 362 2432 420 BASILII
2470 363 2701 419 MAGNI.

3566 364 3672 420 752

415 487 622 528 arcano
669 473 811 542 picta
859 471 1114 540 fuerant,
1147 476 1400 530 omnibus
1431 479 1485 528 in
1523 476 1697 530 lucem
1735 475 1944 546 profert
1975 491 1988 527 :
2019 525 2027 539 η

2147 479 2211 542 λῖς
2237 480 2370 532 πᾶσι
2419 474 2650 530 δεικνύει
2673 492 2686 506 ⁸
2741 474 2836 528 καὶ
2881 473 3027 528 ἐστιν
3063 476 3189 528 ἰδεῖν
3214 474 3306 528 τὸν
3338 475 3542 530 πίνακα
3573 479 3670 547 τῆς

413 582 478 621 ac
515 567 700 621 videre
721 578 806 620 cst
831 565 1068 622 tabulam
1101 568 1315 636 anima),
1339 569 1488 622 varia
1510 570 1728 638 quidem
1757 569 1988 624 historia

413 657 710 726 repletam,
761 659 1012 714 omnibus
1051 666 1231 713 autem
1258 659 1324 714 ad
1353 661 1704 729 spectandum
1741 661 1990 730 proposi-

413 759 546 802 tam.
591 747 646 801 Si
677 763 809 817 ergo
836 749 1033 803 divina:
1067 750 1312 818 quaedam
1355 765 1422 804 ex
1451 750 1626 805 sacris
1668 751 1992 806 lectionibus

411 848 465 892 et
495 839 683 907 probis
710 838 1130 909 cogitationibus
1156 839 1400 895 historiae
1432 841 1719 896 videantur
1745 842 1991 911 depictte,

412 930 574 983 laude
604 929 753 983 omni
781 929 940 998 digna
970 931 1244 998 judicatur
1281 939 1338 987 et
1368 947 1522 988 mens
1552 949 1669 1002 qua:
1695 933 1902 1002 pinxit,
1939 941 1997 988 et

413 1035 532 1088 quae
564 1020 704 1074 hanc
735 1023 939 1090 recepit
971 1022 1238 1092 picturam
1273 1024 1469 1078 anima?
1511 1024 1692 1079 tabula
1733 1043 1745 1078 :
1786 1025 1869 1078 bis
1900 1025 1994 1092 qui

414 1113 680 1182 picturam
715 1113 937 1179 videnti,
964 1114 1219 1168 recedere
1258 1114 1326 1169 ab
1357 1115 1460 1169 hoc
1488 1115 1795 1184 spectaculo
1832 1112 1998 1184 65.6

417 1207 725 1259 nolentibus
759 1219 824 1259 eo
859 1206 1001 1274 quod
1044 1215 1289 1274 spectata
1337 1206 1558 1274 dignum
1605 1206 1710 1270 sit;
1747 1205 1998 1259 omnibus

417 1306 598 1348 autem
643 1293 978 1363 singularum
1025 1308 1205 1348 rerum
1250 1295 1582 1363 depictarum
1640 1293 1999 1363 pulchritudi-

419 1400 542 1438 nem
572 1395 626 1439 et
660 1386 860 1455 ﬁguras
885 1425 901 1451 ,
939 1395 1049 1438 tum
1074 1388 1238 1439 etiam
1281 1385 1520 1440 divinam
1561 1382 1790 1438 formam
1829 1385 2002 1438 admi-

419 1479 704 1545 rantibus,
748 1488 803 1534 et
837 1478 1077 1532 divinum
1109 1477 1260 1531 illum
1308 1476 1572 1546 pictorem
1619 1478 1833 1530 beatum
1859 1475 2003 1545 judi-

422 1572 672 1624 cantibus
693 1609 708 1635 ,
740 1570 884 1638 quod
915 1570 1080 1623 vitam
1113 1569 1166 1622 in
1193 1582 1357 1622 carne
1385 1567 1642 1636 pratclare
1674 1567 1998 1632 traduxerit,

420 1663 524 1718 sub
553 1663 655 1716 hoc
681 1662 924 1732 corporis
951 1661 1152 1715 amictu
1185 1670 1345 1714 nocte
1375 1669 1429 1713 et
1453 1659 1539 1714 die
1571 1658 1709 1713 tales
1741 1659 2000 1728 picturas,

422 1761 622 1822 praeter
656 1767 870 1805 omnem
914 1750 1274 1820 spectantium
1325 1762 1510 1816 spem,
1555 1747 1789 1817 eleganti
1836 1761 2001 1801 manu

2093 570 2271 642 ψυχῆς
2299 569 2550 641 ποικίλης
2577 568 2677 640 μὲν
2703 567 2946 637 ἱστορίας
2985 566 3435 637 πεπληρωμένον,
3459 569 3594 620 πᾶσι
3615 567 3672 618 δὲ

2095 664 2176 726 είς
2220 661 2348 716 θέαν
2400 659 2733 730 ἐγκείμενον.
2777 657 2902 711 Ἐὰν
2962 657 3061 728 μέν
3121 653 3212 710 οῦν
3258 657 3398 710 θεῖαί
3449 657 3676 721 τινεςέξ

2097 753 2542 823 ἀναγνωσμάτων
2574 750 2736 822 ἱερῶν
2762 750 2857 803 καὶ
2881 748 3096 802 ἐννοιῶν
3118 748 3421 820 φιλαρέτων
3448 750 3505 802 al
3528 749 3676 801 ίστο-

2103 846 2218 918 ρίαι
2256 844 2496 914 ὀφθῶσιν
2521 841 2995 913 ἐγγεγραμμέναι,
3026 840 3226 904 παντὸς
3258 841 3481 894 ἐπαίνου
3508 842 3538 894 6
3570 839 3678 904 ζω-

2100 935 2396 1006 γραφήσας
2429 933 2557 998 νοῦς
2597 934 2692 986 καὶ
2725 934 2754 986 ὁ
2781 931 2985 1002 ταύτην
3009 927 3298 1001 δεξάμενος
3324 931 3424 1000 τὴν
3453 931 3676 1002 γραφὴν

2096 1027 2197 1097 τῆς
2223 1027 2401 1097 ψυχῆς
2430 1025 2592 1092 πίναξ
2620 1025 2769 1091 ἄξιος
2799 1024 3069 1095 κρίνεταιο
3097 1023 3204 1076 οὐδ’
3225 1021 3556 1091 ἀφίστασθαι
3580 1022 3680 1092 τῆς

2103 1119 2232 1182 θέας
2259 1118 2368 1170 τῶν
2398 1116 2753 1188 ἱστορούντων
2783 1115 2880 1186 τὴν
2901 1113 3119 1186 γραφὴν
3139 1113 3228 1168 διὰ
3256 1115 3318 1166 τὸ
3363 1112 3679 1179 ἀξιοθέατον

2103 1207 2394 1261 ἐθελόντων
2420 1225 2432 1237 ·
2467 1209 2721 1262 ἁπάντων
2748 1205 2805 1258 δὲ
2826 1207 2888 1259 τὸ
2918 1204 3038 1258 καθ’
3060 1205 3285 1259 ἕκαστον
3305 1205 3413 1258 τῶν
3441 1205 3682 1276 γραφέν-

2100 1316 2208 1351 των
2233 1297 2426 1362 κάλλος
2446 1315 2505 1351 τε
2529 1299 2623 1352 καὶ
2659 1299 2784 1362 τοὺς
2811 1297 3034 1361 τύπους,
3057 1297 3192 1351 ἀλλά
3224 1297 3319 1350 καὶ
3341 1297 3440 1365 τὴν
3471 1296 3680 1364 θεοειδῆ

2101 1389 2212 1442 τῶν
2251 1389 2639 1460 ἐγγραφέντων
2671 1389 2883 1460 μορφὴν
2922 1388 3328 1459 θαυμαζόντων,
3370 1389 3464 1442 καὶ
3504 1404 3684 1458 μακα-

2106 1479 2364 1551 ριζόντων
2396 1479 2489 1532 τὸν
2536 1477 2678 1532 θεῖον
2710 1477 3000 1550 ζωγράφον
3026 1481 3254 1544 ἐκεῖνον,
3284 1480 3366 1532 ὅτι
3395 1478 3579 1540 καλῶς
3606 1477 3686 1547 τῷ

2105 1576 2164 1627 ἐν
2198 1574 2362 1643 σαρκὶ
2393 1572 2492 1642 βίῳ
2529 1573 2820 1644 ἐχρήσατο,
2861 1572 2964 1625 ὑπὸ
2987 1571 3163 1643 τούτῳ
3189 1571 3267 1642 τῷ
3303 1571 3399 1624 τοῦ
3430 1572 3687 1641 σώματος

2107 1663 2438 1734 περιϐολαίῳ
2491 1645 2680 1726 νυκτὸς
2732 1663 2826 1716 καὶ
2885 1662 3098 1734 ἡμέρας
3161 1663 3414 1726 τοιαύτας
3462 1661 3687 1733 γραφὰς

2107 1754 2260 1825 παρά
2287 1756 2468 1807 πᾶσαν
2504 1753 2610 1807 τῶν
2645 1753 2850 1808 θεατῶν
2878 1754 3068 1807 ἐλπίδα
3099 1754 3371 1825 φιλοκάλῳ
3415 1753 3564 1825 χειρὶ
3606 1752 3686 1822 τῷ

426 1842 623 1896 anima:
649 1841 840 1895 tabula:
870 1839 1212 1910 imprimens.
1241 1837 1392 1904 Quod
1422 1839 1466 1892 si
1494 1847 1678 1907 turpes
1703 1848 1757 1893 et
1781 1837 2001 1892 indeco-

2147 1847 2203 1917 ἧς
2223 1845 2400 1916 ψυχῆς
2430 1844 2620 1899 πίνακι
2643 1842 2972 1915 ἐγχαράξας.
3016 1844 3141 1898 Ἐὰν
3167 1843 3223 1897 δὲ
3251 1844 3474 1916 αἰσχραί
3497 1861 3558 1897 τε
3594 1843 3690 1896 καὶ

430 1951 504 1990 rce
536 1943 832 2005 appareant
866 1934 1113 2004 picturae,
1145 1931 1438 2002 opprobrio
1469 1939 1522 1986 et
1552 1932 1664 1985 risu
1697 1931 1890 2001 dignus
1923 1931 2003 1999 pi-

2147 1940 2376 2008 πρεπεῖς
2413 1935 2762 2005 ἀναφανῶσιν
2800 1937 2856 1989 αί
2887 1935 3119 2008 γραφαὶ,
3155 1934 3418 2004 αἰσχύνης
3463 1935 3563 1986 καὶ
3594 1935 3690 2000 γέ-

428 2035 546 2082 ctor
580 2024 831 2081 omnibus
861 2024 1134 2079 videbitur
1169 2040 1185 2079 :
1224 2024 1423 2094 quippe
1463 2023 1554 2092 qui
1591 2024 1725 2078 alias
1776 2023 2006 2078 fortasse

2147 2030 2322 2093 ωτοςὸ
2354 2026 2646 2098 ζωγράφος
2679 2026 2826 2091 ἄξιος
2861 2030 2974 2091 τοῖς
3018 2028 3185 2079 πᾶσιν
3230 2025 3557 2095 ὀφθήσεται·
3594 2023 3690 2078 ἀ).-

425 2134 576 2189 spes,
601 2126 890 2187 antequam
919 2117 1216 2171 nudaretur
1237 2116 1416 2170 tabula
1446 2115 1589 2170 illius
1610 2115 1827 2180 animae,
1850 2127 2006 2168 mon-

2147 2141 2206 2187 ας
2253 2123 2350 2194 μὲν
2385 2122 2514 2184 ἴσως
2547 2119 2765 2183 ἐλπίδας
2811 2120 2942 2187 πρὶν
2997 2116 3337 2188 γυμνοῦσθαι
3365 2115 3457 2169 τὸν
3484 2115 3693 2168 πίνακα

428 2213 709 2276 straverit,
743 2212 1016 2265 contraria
1045 2220 1223 2264 autem
1252 2209 1358 2273 his,
1382 2223 1502 2278 quae
1529 2206 2004 2278 exspectabantur,

2147 2215 2206 2285 ῆς
2251 2212 2430 2282 ψυχῆς
2464 2209 2628 2264 αὑτοῦ
2687 2209 2994 2279 ὑποφήνας,
3043 2208 3262 2261 ἐναντία
3304 2208 3361 2260 δὲ
3394 2207 3507 2259 τῶν
3533 2206 3691 2258 ἐλπι-

430 2303 615 2358 omnia
641 2310 760 2370 post
786 2309 1051 2354 remotum
1076 2299 1321 2369 corporis
1341 2298 1766 2368 integumentum
1795 2304 2010 2365 specta-

2147 2304 2368 2367 θέντων,
2419 2301 2557 2373 μετὰ
2599 2302 2659 2355 τὸ
2701 2302 3064 2372 ἀφαιρεθῆναι
3090 2301 3152 2354 τὸ
3179 2299 3272 2354 τοῦ
3310 2299 3562 2370 σώματος
3588 2299 3691 2352 κά-

430 2392 645 2446 toribus
673 2390 941 2444 ostendat.
969 2388 1201 2444 Ubinam
1224 2402 1355 2458 ergo
1382 2387 1487 2440 iste
1509 2386 1896 2448 abscondetur,
1917 2383 2010 2454 qui

2147 2412 2323 2466 υμμα,
2355 2395 2572 2449 ἅπαντα
2605 2394 2857 2464 ἐντούτῳ
2877 2396 2989 2456 τοῖς
3021 2393 3238 2456 θεαταῖς
3256 2391 3546 2456 ἐπιδείξας.
3579 2390 3693 2442 Ποῦ

431 2499 498 2537 ex
534 2481 781 2536 instituta
817 2495 940 2534 cum
979 2479 1151 2534 altero
1189 2479 1601 2547 comparatione
1645 2477 1715 2531 ab
1757 2475 2011 2530 onmibus

2147 2483 2205 2540 ῦν
2242 2487 2351 2559 ἀρα
2374 2479 2528 2551 οὗτος
2557 2487 2922 2540 καταδύσεται
2961 2487 3026 2538 ἐκ
3058 2486 3399 2556 συγκρίσεως
3432 2483 3570 2554 πρὸς
3599 2483 3694 2535 τὸν

427 2574 754 2646 jndicandus
791 2571 907 2628 est?
941 2571 1090 2626 Inter
1123 2588 1178 2625 se
1209 2573 1428 2625 invicem
1479 2572 1886 2641 cogitationibus
1923 2587 2014 2625 ac-

2147 2594 2297 2647 τερον
2331 2576 2482 2648 παρὰ
2508 2576 2726 2630 πάντων
2757 2576 3109 2646 κρινόμενος;
3139 2573 3376 2639 Μεταξὺ
3405 2572 3698 2638 ἀλλήλων

433 2668 738 2723 cusantibus
763 2674 852 2720 aut
875 2665 1036 2718 etiam
1065 2661 1462 2729 defendentibus
1479 2663 1550 2716 ’⁸.
1584 2661 1810 2718 Ubinam
1833 2671 2011 2716 autem

2147 2667 2232 2721 ὧν
2257 2667 2568 2739 λογισμῶν
2601 2667 3096 2736 κατηγορούντων
3152 2665 3188 2733 ἣ
3231 2667 3331 2718 καὶ
3366 2667 3697 2734 ὁμολογου-

434 2760 620 2815 tabula
652 2757 741 2812 illa
781 2757 974 2810 animae
1006 2754 1331 2824 deponetur,
1355 2768 1476 2821 quae
1501 2753 1862 2822 spectantium
1887 2767 2016 2806 ocu-

2147 2757 2329 2812 ιένων.
2363 2757 2474 2810 Ποῦ
2517 2757 2573 2810 δέ
2599 2761 2628 2810 ὁ
2669 2755 2832 2822 πίναξ
2863 2758 3068 2820 ἐκεῖνος
3093 2757 3201 2826 ἀρα
3225 2756 3326 2824 τῆς
3351 2754 3532 2824 ψυχῆς
3560 2755 3697 2806 ἁπο-

435 2851 518 2905 los
550 2847 799 2918 turpibus
835 2845 1084 2901 historiis
1111 2859 1177 2899 ac
1213 2844 1361 2898 omni
1404 2844 1638 2898 absurda
1685 2845 1867 2912 specie
1915 2843 2016 2896 int-

2149 2849 2428 2920 εθήσεται,
2468 2849 2497 2900 6
2534 2849 2660 2910 τοὺς
2702 2846 3014 2917 ὀφθαλμοὺς
3053 2846 3162 2898 τῶν
3212 2845 3418 2898 θεατῶν
3452 2842 3695 2914 αἰσχρῶν

437 2940 643 3012 plevit?
677 2937 1145 3006 Quemadmodum
1176 2936 1322 2990 enim
1353 2935 1445 3004 qui
1475 2936 1528 2988 in
1557 2949 1786 3004 corpore
1819 2935 2018 2989 habent

2147 2940 2368 3012 στοριῶν
2424 2939 2518 2992 καὶ
2558 2939 2739 3010 πάσης
2795 2939 3083 2992 ἀλλοκότου
3147 2938 3290 3000 ἰδέας
3339 2937 3693 3006 ἀναπλήσας;

441 3048 619 3088 nmvos
641 3071 656 3095 ,
688 3041 972 3100 antequam
1007 3029 1301 3092 nudentur,
1327 3035 1478 3082 veste
1508 3027 1628 3082 illos
1661 3026 1936 3083 occultant
1962 3033 2018 3079 et

2147 3035 2217 3098 Ως
2241 3032 2350 3104 γὰρ
2379 3033 2429 3084 οἱ
2476 3033 2602 3093 τοὺς
2635 3033 2692 3084 ἐν
2730 3029 2943 3102 σώματι
3000 3029 3216 3101 ἔχοντες
3277 3027 3522 3100 μώμους,
3565 3029 3699 3098 πρὶν

440 3124 734 3178 multorum
764 3121 940 3177 oculis
973 3119 1317 3183 subducunt,
1364 3134 1429 3173 ac
1467 3133 1610 3188 sape
1641 3117 2017 3188 Splendidissi-

2147 3123 2495 3195 ὐμνωθῆναι,
2546 3124 2612 3192 τῇ
2661 3121 2847 3192 ἐσθῆτι
2894 3121 3316 3193 κεκρυμμένους
3349 3121 3444 3173 καὶ
3473 3120 3703 3190 ἀδήλους

442 3233 528 3272 ma
563 3225 718 3270 veste
751 3214 953 3278 ornati,
982 3212 1147 3266 etiam
1178 3210 1387 3282 pulchri
1419 3211 1565 3264 intus
1589 3224 1712 3266 esse
1734 3223 1800 3263 ex
1825 3216 2020 3262 ornatu

2147 3220 2237 3280 τοῖς
2263 3216 2480 3279 πολλοῖς
2509 3215 2689 3286 έχουσι
2722 3213 2944 3273 τούτους
2969 3231 2982 3244 ·
3023 3212 3463 3285 περιφανεστάτῃ
3489 3211 3547 3264 δέ
3574 3213 3704 3264 πολ-

441 3309 716 3364 exteriore
760 3295 1179 3368 existimantur;
1219 3295 1315 3359 sed
1361 3303 1409 3358 si
1447 3309 1654 3357 vestem
1694 3308 1932 3364 exuant,
1967 3307 2024 3355 et

2147 3311 2281 3371 λάκις
2309 3307 2495 3378 ἐσθῆτι
2519 3305 2906 3376 κοσμούμενοι,
2932 3304 3241 3358 τούναντίον
3266 3303 3362 3357 καὶ
3387 3303 3544 3356 καλοί
3565 3320 3706 3365 τινες

444 3403 573 3458 nudi
614 3401 668 3456 in
715 3399 912 3456 balneo
962 3403 1300 3468 appareant,
1346 3393 1562 3448 ridiculi
1589 3393 1862 3456 videntur,
1895 3391 2022 3444 dum

444 3507 642 3563 corpus
663 3490 956 3546 ostendunt
987 3487 1295 3542 innumeris
1318 3486 1484 3540 naavis
1511 3491 1710 3554 praeter
1734 3481 2026 3552 plurimum

445 3588 595 3642 illum
619 3593 906 3638 externum
930 3580 1180 3635 decorem
1203 3577 1448 3633 deforme
1476 3595 1490 3631 :
1517 3589 1714 3644 neque,
1739 3583 2025 3643 postquam

436 3679 649 3732 nudum
677 3673 929 3730 omnibus
953 3685 1150 3741 corpus
1180 3669 1453 3740 apparuit,
1483 3682 1620 3736 opus
1642 3676 1730 3721 est
1757 3666 2028 3734 interpre-

451 3770 686 3832 tatione,
721 3766 810 3822 ubi
837 3773 893 3819 et
931 3763 1145 3833 qualem
1193 3777 1404 3816 naevum
1437 3759 1666 3826 habeat;
1716 3758 1809 3814 sed
1843 3759 2027 3813 statim

449 3879 514 3916 ac
544 3861 803 3915 nudatum
835 3866 918 3912 est
939 3899 954 3924 ,
989 3855 1317 3926 conspicuus
1350 3851 1617 3921 cujusque
1659 3850 1888 3905 membri
1922 3864 2031 3904 na:-

453 3969 555 4008 vus
582 3952 754 4008 oculis
807 3950 1156 4019 semetipsum
1207 3945 1422 4017 aperit:
1457 3944 1530 3998 ita
1551 3952 1720 3998 etnos
1749 3951 2029 4011 postquam

450 4047 768 4103 exuerimus
801 4044 1233 4112 integumentum
1269 4039 1486 4104 carnis,
1521 4051 1621 4091 nec
1661 4035 1862 4090 vestire
1898 4034 2032 4088 insi-

453 4149 537 4194 tos
567 4138 761 4191 animae
793 4150 974 4189 naevos
994 4175 1008 4199 ,
1043 4146 1142 4185 nec
1181 4129 1457 4185 occultare
1499 4127 1608 4183 ullo
1642 4127 1801 4182 modo
1831 4125 2036 4194 poteri-

454 4245 610 4290 inus;
645 4227 738 4281 sed
771 4225 1023 4281 omnibus
1062 4222 1238 4277 oculis
1273 4219 1592 4289 conspicui,
1633 4233 1753 4288 qua:
1785 4230 2032 4284 corpore,

454 4322 602 4374 velut
634 4329 782 4373 veste
807 4359 820 4384 ,
858 4315 1255 4370 abscondentes
1302 4313 1639 4377 latebamus,
1676 4325 1739 4364 ea
1783 4308 2034 4362 omnibus

454 4413 629 4468 oculis
656 4412 796 4465 nuda
832 4407 1217 4470 ostendemus,
1254 4419 1352 4458 nec
1387 4404 1500 4472 jam
1538 4402 1646 4456 erit
1681 4402 1908 4471 negandi
1943 4409 2038 4454 aut

2126 3398 2337 3453 ἔνδοθεν
2373 3394 2512 3452 εἷναι
2561 3399 2627 3450 ἐκ
2657 3395 2750 3449 τοῦ
2804 3395 3002 3461 ἔξωθεν
3052 3396 3258 3466 κόσμου
3293 3395 3706 3465 ὑπενοήθησαν,

2128 3490 2485 3561 ἐκδυσάμενοι
2531 3488 2588 3542 δέ
2618 3489 2718 3559 τὴν
2748 3488 2953 3558 ἐσθῆτα
3000 3487 3096 3540 καλ⁸
3137 3487 3334 3557 γυμνοὶ
3356 3487 3414 3538 ἐν
3444 3483 3711 3554 βαλανείῳ

2127 3580 2404 3650 ὀφθέντες,
2455 3577 2878 3646 καταγέλαστοι,
2932 3575 3086 3647 παρά
3145 3575 3346 3644 πολλὴν
3385 3575 3486 3645 τὴν
3514 3573 3713 3640 ἔξωθεν

2129 3673 2286 3737 δόξαν
2341 3671 2554 3743 μυρίοις
2582 3672 2694 3732 τοῖς
2727 3667 2938 3740 μώμοις
2980 3667 3239 3737 ἐπίψογον
3281 3665 3344 3717 τὸ
3395 3666 3560 3735 σῶμα
3602 3665 3713 3717 δει-

2132 3765 2378 3828 κνύντες,
2436 3763 2749 3834 ἐφάνησανο
2792 3761 2885 3813 καὶ
2933 3760 2995 3812 οὐ
3039 3758 3196 3830 χρεία
3225 3757 3546 3829 ἑρμηνείας,
3579 3757 3716 3827 μετά

2131 3853 2193 3906 τὸ
2223 3852 2429 3924 γυμνὸν
2459 3854 2573 3914 τοῖς
2602 3853 2769 3904 πᾶσιν
2794 3850 3025 3921 ὀφθῆναι
3055 3849 3116 3902 τὸ
3151 3848 3330 3918 σῶμα,
3354 3847 3455 3900 ποῦ
3484 3849 3580 3900 καὶ
3601 3849 3719 3907 πῶς

2133 3945 2245 4017 ἔχει
2294 3946 2382 3998 τὸν
2417 3943 2641 4014 μῶμον·
2692 3942 2806 3996 ἀλλ’
2859 3942 2978 4012 ἄμα
3002 3958 3062 3994 τε
3107 3939 3419 4011 ἐγυμνώθη,
3456 3939 3554 3992 καὶ
3585 3942 3614 3992 6
3665 3942 3718 3990 ἐν

2135 4039 2352 4108 ἑκάστῳ
2383 4036 2534 4106 μέλει
2569 4034 2759 4106 μῶμος
2801 4033 3098 4106 ὁρώμενος,
3129 4035 3194 4103 τῇ
3241 4031 3360 4101 ὄψει
3400 4031 3596 4083 ἐαυτὸν
3633 4032 3720 4100 ἐρ-

2139 4127 2364 4201 μηνεὸει
2382 4146 2395 4159 ·
2428 4128 2571 4181 οὕτω
2587 4128 2679 4180 καὶ
2701 4129 2864 4197 ἡμεῖς
2885 4125 3241 4194 ἐκδυσάμενοι
3261 4123 3322 4176 τὸ
3344 4122 3717 4193 προκάλυμμα

2135 4226 2238 4295 τῆς
2262 4224 2484 4294 σαρκὸς,
2531 4219 2656 4274 οὔτε
2687 4219 3029 4292 περιστεῖλαι
3063 4217 3190 4280 τοὺς
3241 4216 3298 4268 ἐν
3327 4217 3392 4284 τῇ
3422 4214 3572 4284 ψυχῇ
3609 4211 3716 4282 μώ-

2140 4333 2296 4387 μους,
2330 4313 2453 4367 οὔτε
2483 4309 2797 4383 ἀποκρύψαι
2831 4326 2948 4372 πως
2983 4305 3323 4377 δυνησόμεθα
3345 4322 3358 4334 ο
3393 4306 3451 4357 ἐν
3477 4303 3635 4372 ὕψεσι
3667 4301 3716 4353 δὲ

2139 4408 2252 4469 τοῖς
2308 4405 2476 4458 πᾶσιν
2526 4401 2816 4474 ὁρώμενοι,
2853 4399 2888 4453 ἃ
2936 4397 3014 4468 τῷ
3061 4395 3273 4467 σώματι
3321 4395 3398 4456 ὡς
3441 4395 3499 4445 ἐν
3533 4393 3716 4461 ἐσθῆτι

461 4503 814 4560 ratiocinandi
863 4501 1053 4562 locus,
1087 4513 1210 4553 cum
1259 4511 1424 4566 Opera
1468 4495 1586 4562 ipsa
1633 4501 1948 4558 cernentur,
1983 4501 2027 4547 el

2147 4496 2548 4567 ἐγκρύπτοντες
2597 4492 2961 4561 ἐλανθάνομεν
3013 4490 3226 4560 ἔχοντες
3255 4527 3269 4551 ,
3321 4487 3492 4540 ταῦτα
3538 4485 3717 4556 γυμνὰ

457 4606 747 4668 conspecta
774 4595 826 4648 in
857 4603 1079 4648 auctore
1099 4605 1198 4645 suo
1228 4597 1611 4660 agnoscentur.

2143 4591 2311 4642 πᾶσιν
2344 4588 2646 4658 ὀφθαλμοῖς
2674 4584 3035 4655 ἐπιδείξομεν,
3061 4581 3244 4636 οὐκέτι
3272 4578 3394 4633 οὔτε
3416 4581 3716 4654 ἀρνήσεως,

459 4689 584 4746 οῦτε
649 4684 925 4757 λογισμῶν
983 4681 1168 4756 χώραν
1219 4681 1455 4752 ἔχοντες,
1507 4679 1598 4733 ὅτε
1641 4676 1782 4730 αὐτὰ
1817 4675 1887 4730 τὰ
1915 4675 2052 4748 ἔργα
2089 4680 2304 4751 ὁρᾶται,
2346 4680 2439 4733 καὶ
2483 4678 2733 4750 ὁρώμενα
2765 4680 2821 4731 ἐν
2860 4676 2938 4746 τῷ
2997 4672 3299 4744 πεπραχότι
3367 4671 3719 4739 ἐπιγινώσκε-

457 4805 568 4842 ται.

530 4881 620 4935 51.
655 4877 772 4934 Non
796 4877 939 4932 enim
968 4872 1192 4930 confuse
1213 4881 1268 4927 et
1294 4870 1608 4926 summatim
1640 4882 1729 4923 res
1759 4867 2040 4934 videntur,

461 4973 557 5031 sed
586 4983 645 5027 ut
664 4971 891 5042 depicta
911 4965 1186 5038 sigillatim
1211 4971 1619 5034 cognoscuntur
1641 4969 1699 5014 ut
1725 4975 1782 5014 se
1805 4959 2037 5025 habent;

462 5064 757 5135 quomodo,
782 5059 1013 5128 exempli
1038 5071 1226 5119 causa,
1251 5053 1556 5110 surrexerit
1577 5067 1609 5106 e
1634 5051 1774 5106 lecto
1802 5051 1869 5104 ad
1890 5049 2044 5104 adul-

461 5159 661 5214 terium
703 5167 1036 5224 properans,
1074 5148 1326 5218 qualibus
1366 5145 1548 5200 eundo
1594 5158 1724 5198 usus
1755 5143 1824 5196 sit
1844 5141 2046 5212 gressi~

464 5250 589 5314 bus,
621 5245 769 5317 quali
792 5245 1118 5300 constitutus
1148 5251 1396 5308 corpore,
1426 5246 1482 5290 et
1505 5233 1720 5303 qualem
1749 5248 1860 5302 pra:
1890 5247 1949 5286 se
1970 5231 2048 5286 fc—

469 5355 594 5395 rens
624 5339 867 5394 habitum
895 5333 1248 5406 processerit,
1272 5339 1328 5386 et
1350 5329 1491 5384 unde
1519 5326 1787 5396 obrepens
1815 5325 2047 5379 alienam

543 5455 590 5488 ³⁸
623 5455 784 5510 Rom.
815 5469 878 5518 ll,
910 5451 1000 5506 15.

543 5590 658 5661 (32)
695 5586 1182 5661 Συγκεκραμένος
1217 5580 1298 5661 τῷ
1349 5579 1594 5650 σώματι.
1636 5575 1812 5630 Editio
1851 5573 2048 5661 Veneta

474 5672 524 5716 et
547 5644 698 5714 ‘llllllls
736 5644 803 5713 ex.
854 5644 1035 5726 Ἆρ’κὶἱέ
1065 5644 1314 5728 secunda
1343 5644 1525 5728 manu,
1565 5644 2049 5728 συγκεκραμμένος

474 5731 554 5800 τῷ
587 5729 820 5798 σώματι.
851 5721 1058 5800 Habent
1086 5722 1413 5800 tilii_chices
1436 5721 1562 5800 duo.
1597 5721 2049 5800 συγκεκαμμένος

474 5785 537 5856 τό
568 5784 742 5854 σῶιὶα.
782 5800 893 5854 Duo
938 5797 1026 5852 alii
1058 5796 1198 5852 cum'
1229 5792 1556 5858 Colbcrtino,
1596 5784 2048 5857 συγκεκαμμένος

2228 4866 2316 4922 51.
2345 4867 2420 4919 Οὐ
2446 4864 2556 4934 γὰρ
2581 4861 3000 4932 συγκεχυμένως
3027 4876 3086 4912 τε
3111 4861 3206 4913 καὶ
3234 4858 3459 4912 καθόλου
3498 4857 3569 4910 τὰ
3597 4858 3721 4928 πρά-

2151 4974 2343 5029 γματα
2381 4955 2689 5026 θεωρεῖται,
2738 4953 2853 5007 ἀλλ’
2883 4952 2958 5014 ὡς
2985 4950 3357 5023 ὑποξώγραφα
3390 4951 3529 5002 κατά
3562 4950 3721 5021 μέρος

2150 5034 2479 5120 γινώσκεται
2510 5048 2586 5112 ὡς
2615 5046 2754 5118 ἔχει·
2783 5039 2916 5107 οἷον,
2951 5043 3066 5107 πῶς
3101 5043 3323 5113 ἀνέστη,
3355 5042 3487 5112 φέρε
3530 5043 3718 5099 εἰπεῖν.

2151 5142 2249 5196 ἐπὶ
2281 5141 2528 5212 μοιχείαν
2561 5139 2810 5210 ὁρμήσας
2839 5136 2939 5205 τῆς
2963 5136 3168 5204 κοίτης.
3206 5136 3300 5187 καὶ
3325 5134 3527 5196 ὁποίοις
3551 5133 3721 5204 βήμα-

2162 5251 2250 5286 σιν
2271 5234 2549 5304 ἐχρήσατο
2589 5229 2821 5300 βαδίζων
2847 5229 3039 5290 ο-ὂπως
3064 5243 3121 5279 τε
3170 5224 3616 5298 συγκεκραμένος
3652 5220 3721 5290 τῷ

2163 5325 2377 5398 σώματι
2400 5325 2534 5396 (52),
2559 5324 2654 5377 καὶ
2683 5322 2745 5375 τὸ
2773 5321 2960 5392 σχῆμα
2995 5321 3178 5374 ὁποῖον
3198 5319 3410 5383 δεικνὺς
3435 5315 3720 5388 προσῆλθε,

2166 5572 2242 5630 τῶ
2272 5569 2498 5630 σώματι.
2541 5566 2691 5620 Unus
2721 5579 2783 5616 ex
2826 5562 3024 5630 Regiis,
3049 5558 3502 5630 ,συγκεκυμμένος
3524 5557 3604 5626 τῷ
3633 5555 3724 5610 σώ-

2169 5619 2466 5712 gilium
2490 5619 2667 5712 editio
2695 5619 3190 5703 Ρδτίε.,’προῆλθἐ.
3243 5619 3446 5685 Veneta
3491 5637 3546 5681 et
3577 5619 3725 5699 "quin.

2165 5707 2268 5783 que
2300 5711 2511 5766 codices
2536 5717 2590 5761 ut
2617 5707 2670 5760 in
2697 5714 2864 5761 textu.
