3802 6216
100 361 186 416 ’253
1262 355 1461 410 LIBER
1503 356 1590 409 DE
1629 353 2091 410 VlliGlNlTATE.

3215 351 3319 407 734

100 478 177 531 καὶ
199 473 347 527 πόθεν
375 473 718 543 παρεισρυεὶς
743 473 922 543 ἥψατο
950 472 1049 542 τῆς
1073 472 1360 542 ἁλολοτρίας
1380 489 1392 501 ·
1429 477 1545 534 πῶς
1569 488 1627 524 τε

1744 471 1973 540 attigerit
2003 488 2015 523 :
2056 470 2326 538 quomodo
2370 467 2720 535 semetipsam
2755 465 2831 521 illi
2863 465 3058 520 mulier
3079 467 3144 519 ad
3170 466 3320 520 nefa-

102 568 268 637 ἑαυτὴν
310 566 475 636 τούτῳ
507 565 641 636 πρὸς
690 564 789 634 τὴν
823 566 1144 636 παράνομον
1175 565 1375 636 πρᾶξιν
1419 567 1454 636 ή
1495 565 1632 635 γυνὴ

104 653 326 707 ἐπεδίδου.
374 651 630 724 Καθάπερ
689 654 745 706 ἐν
809 653 1029 717 πίνακι,
1085 655 1249 724 φημὶ,
1296 654 1436 708 κατά
1467 655 1634 725 μέρος

103 746 275 797 ἕκαστα
303 743 536 811 ἀκριϐῶς
561 743 1069 814 καταγεγραμμένα
1100 745 1420 816 ὀφθήσεται,
1452 747 1546 798 καί⁵
1569 745 1630 798 ού

106 836 238 905 μόνον
281 833 346 886 τὰ
392 833 670 902 φθάσαντα
728 833 867 905 ἔργα
914 835 1191 903 γενέσθαι,
1245 836 1386 889 ἀλλὰ
1434 837 1632 908 καὶμὴ

107 927 532 997 προχωρησάντων
555 925 663 979 τῶν
687 925 886 996 ἔργων,
913 928 968 979 αἱ
999 928 1057 978 ἐν
1086 926 1164 997 τῷ
1204 927 1305 996 τῆς
1336 927 1515 998 ψυχῆς
1539 928 1631 980 πί-

103 1037 200 1070 ms:
227 1019 498 1088 γενόμεναι
527 1017 640 1087 (35)
671 1017 888 1072 ἔννοιαι.
917 1020 1082 1073 Οὐδὲν
1099 1019 1207 1089 γάρ
1227 1021 1344 1072 ἐστι
1366 1021 1550 1091 γραφή
1574 1022 1633 1072 ὲν

101 1110 234 1177 ψυχῇ,
268 1107 297 1177 ἢ
336 1107 508 1160 έννοια
550 1109 680 1178 περί
719 1125 868 1172 τινος
899 1110 957 1161 ὲν
981 1110 1120 1180 αὐτῇ
1149 1108 1461 1163 τυπωθεῖσα
1486 1126 1500 1140 ⁸
1538 1110 1633 1162 καί

100 1201 222 1252 οὐδέν
261 1203 366 1252 ἐστι
403 1198 781 1270 φαντασιώδης
821 1217 878 1252 τε
917 1202 1011 1254 καὶ
1052 1200 1317 1272 διεξοδικὴ
1357 1199 1534 1253 ἔννοια
1573 1203 1631 1253 ὲν

98 1292 233 1360 ψυχῇ,
266 1291 294 1359 ἦ
333 1291 513 1362 γραφή
547 1294 662 1354 τοῖς
693 1292 794 1362 τῆς
832 1292 1134 1361 φαντασίας
1163 1291 1416 1363 χρώμασί
1448 1308 1507 1344 τε
1537 1293 1630 1344 καὶ

101 1382 374 1451 μεγέθεσιν,
401 1382 480 1435 ἐτι
510 1381 568 1435 δὲ
614 1383 912 1452 σχήμασιν,
939 1383 975 1437 ἃ.
1000 1386 1028 1436 6
1067 1383 1189 1446 νοῦς
1228 1385 1286 1435 ὲν
1324 1383 1460 1454 αὐτῇ
1501 1401 1630 1436 κατ-

97 1474 463 1542 εςωγράφησεν,
497 1474 950 1545 ἐγγεγραμμένη.
985 1475 1097 1528 Καὶ
1119 1475 1194 1538 ὡς
1219 1477 1248 1528 6
1280 1475 1378 1545 τὴν
1408 1492 1630 1546 σημειο-

95 1562 330 1633 γραφικὴν
369 1563 560 1634 τέχνην
609 1564 819 1634 μαθὼν,
869 1565 1086 1618 πάντων
1125 1565 1233 1618 τῶν
1283 1567 1521 1636 σημείων
1561 1565 1631 1618 τὰ

96 1652 311 1720 σχήματα
339 1654 430 1706 καὶ
457 1653 524 1706 τὰ
553 1653 816 1723 ὀνόματα,
849 1653 986 1707 ἀλλὰ
1017 1656 1110 1708 καὶ
1137 1655 1264 1717 τοὺς
1291 1655 1497 1718 τύπους
1522 1656 1628 1708 τῶν

92 1741 296 1794 ὀκτάδων
324 1743 474 1814 φέρει
503 1745 601 1797 καὶ
623 1745 897 1815 τετράδων
928 1746 984 1797 ὲν
1016 1747 1083 1815 τῇ
1113 1745 1256 1816 ψυχῇ
1294 1747 1627 1816 τυπωσάμε-

93 1835 180 1896 νος,
210 1833 294 1886 καὶ
324 1834 455 1904 πρὸς
498 1834 602 1905 τὴν
637 1833 826 1905 χρείαν
870 1831 978 1885 τῶν
1013 1833 1508 1904 ὑπαγορευομένων
1543 1834 1629 1888 διὰ
1663 1828 1704 1881 Β

91 1922 172 1989 τῆς
195 1923 356 1993 χειρὸς
386 1925 454 1978 τὰ
485 1927 546 1977 ὲν
584 1927 650 1996 τῇ
683 1924 826 1995 ψυχῇ
862 1926 982 1987 ταῖς
1028 1925 1269 1994 μνήμαις
1312 1927 1627 1996 ἐγγεγραμ-

94 2014 205 2081 μένα
244 2015 327 2068 ἐπὶ
364 2015 461 2084 τῆς
491 2016 679 2069 δέλτου
704 2015 973 2070 δεικνύει’
1011 2015 1105 2067 καὶ
1133 2015 1168 2068 ἃ
1202 2016 1301 2086 μὲν
1329 2015 1495 2080 ἔδειξε
1530 2033 1628 2088 ση-

94 2109 195 2172 psi:
218 2105 284 2174 τῷ
314 2108 559 2179 γραφείῳ
604 2107 870 2179 χαράξας,
902 2106 938 2160 ἃ.
975 2106 1033 2160 δὲ
1067 2107 1292 2178 μηδέπω
1323 2105 1411 2160 διὰ
1448 2107 1628 2181 χειρὸς

91 2197 347 2268 δειχθέντα,
396 2202 450 2253 ἐν
499 2203 571 2272 τῇ
605 2200 750 2270 ψυχῇ
786 2201 936 2271 ὅμως
977 2200 1451 2270 ἀπογεγραμμένα
1496 2202 1630 2254 ἁπό-

91 2306 260 2342 κειται’
297 2291 432 2344 οὕτω
464 2295 564 2346 καὶ
596 2293 630 2363 ή
662 2293 831 2364 ψυχή,
872 2294 971 2356 τάς
1016 2294 1118 2365 μὲν
1160 2294 1370 2356 ἑννοίας
1401 2293 1488 2348 διὰ
1521 2295 1629 2347 σὼ-

92 2397 230 2447 ματος
269 2383 582 2452 ὲνεργοῦσα,
639 2386 719 2447 είς
770 2384 928 2455 ἔργον
961 2387 1280 2457 προήγαγε,
1324 2388 1423 2450 τὰς
1456 2387 1512 2440 δὲ
1554 2387 1628 2458 μὴ

90 2469 303 2535 φθάσασα
341 2472 554 2544 σώματι
585 2473 1042 2538 ἁποτελεσθείσας
1082 2477 1216 2547 ἡμῖν
1252 2477 1538 2542 ἐπιδεῖξαι,
1571 2480 1628 2530 ἐν

89 2561 222 2632 ἑαυτῇ
251 2566 635 2635 τετυπωμένας
659 2566 938 2634 φυλάττει,
965 2568 1014 2619 εί
1045 2569 1139 2620 καὶ
1173 2567 1248 2638 μὴ
1280 2569 1626 2638 σωματικῶς,

89 2653 180 2706 ἀλλ’
204 2657 373 2726 οἰκείῳ
399 2658 551 2728 ἔργῳ
575 2657 778 2721 ταύτας
804 2659 925 2712 καθ’
948 2659 1148 2729 ἑαυτὴν
1172 2661 1481 2727 ἀσωμάτως
1510 2663 1630 2715 ἐπι-

86 2743 296 2798 τε>.οὖσα.
334 2747 419 2809 Ὠς
448 2748 562 2818 γὰρ
600 2748 759 2820 ἔργον
808 2747 1059 2820 σώματος
1101 2749 1161 2802 τὸ
1197 2752 1526 2822 σωματικῶς
1574 2771 1627 2806 τι

87 2836 372 2902 ἐπιτελέσαι,
418 2839 566 2894 οὕτω
599 2842 693 2893 καὶ
729 2842 907 2912 ψυχῆς
950 2841 1110 2913 ἔργον
1150 2845 1210 2896 τὸ
1248 2847 1366 2908 ταῖς
1399 2845 1628 2910 ἐννοίαις

85 2929 162 2991 τὰς
189 2931 515 3001 ἁρεσκούσας
548 2935 849 3003 φαντασίας
877 2935 1327 3007 τελεσιουργῆσαι
1354 2937 1430 3001 ὡς
1461 2938 1626 2991 θέλει.

86 3022 158 3072 Διὸ
178 3025 260 3076 καὶ
278 3026 370 3088 τὰς
399 3028 456 3078 ὲν
485 3026 602 3096 (54)
627 3027 808 3098 ἐννοίᾳ.
830 3028 1104 3099 ἁμαρτίας
1133 3028 1208 3100 μὴ
1231 3029 1307 3092 ὡς
1329 3030 1630 3098 φαντασίας

87 3112 258 3178 ἁπλῶς,
284 3117 393 3169 ἀλλ’
427 3119 502 3180 ὡς
543 3117 682 3187 ἔργα
723 3120 780 3172 ὲν
816 3119 960 3189 ψυχῇ
999 3119 1260 3190 γινόμενα
1292 3122 1434 3174 κατά
1459 3121 1521 3174 τὸ
1551 3121 1627 3174 δί-

87 3221 210 3257 καιον
245 3207 523 3278 κρίνεσθαι
703 3210 790 3274 Ὠς
831 3179 1066 3265 οὖν’-κάν
1106 3179 1182 3283 μὴ
1227 3212 1416 3285 γράφῃ
1448 3215 1480 3284 ἡ
1509 3214 1630 3285 χεὶρ
1658 3179 1704 3240 c

85 3294 138 3346 τὰ
168 3301 367 3367 σημεῖα,
407 3302 563 3369 ὅμως
590 3303 704 3364 τοῖς
732 3302 974 3372 σχήμασι
1004 3301 1112 3357 τῶν
1142 3303 1385 3374 σημείων
1421 3304 1452 3374 ἧ
1487 3303 1631 3375 ψυχὴ

84 3384 160 3454 ὅλη
203 3387 505 3460 ἁπανταχοῦ
543 3391 1033 3462 καταγέγραπται·
1069 3393 1164 3446 καὶ
1195 3394 1224 3445 6
1256 3393 1532 3458 ἀποδύσας
1571 3395 1634 3447 τὸ

86 3474 220 3543 σῶμα
250 3476 342 3530 ἴδοι
379 3478 444 3532 ἂν
474 3479 653 3550 αὐτὴν
691 3479 771 3550 τῷ
803 3479 1080 3552 λεγομένῳ
1123 3483 1416 3554 κομμέντῳ
1449 3486 1632 3538 πᾶσαν

85 3571 587 3643 καταγεγραμμένην
606 3587 619 3600 ⁸
654 3571 795 3624 οὕτω
827 3571 966 3642 μετὰ
991 3572 1054 3625 τὸ
1079 3572 1453 3628 ἀποδύσασθαι
1482 3577 1633 3646 ἡμᾶς

83 3657 132 3708 τὸ
157 3660 316 3730 σῶμα,
357 3663 509 3715 πᾶσα
550 3661 728 3716 ἔννοια
777 3663 853 3726 ὡς
894 3665 951 3716 ὲν
982 3667 1168 3736 γραφῇ
1203 3666 1295 3717 ἐπὶ
1325 3665 1425 3735 τῆς
1452 3665 1634 3737 ψυχῆς

83 3753 411 3822 γεγραμμένη
446 3753 772 3824 ὀφθήσεται.
808 3755 920 3806 Καὶ
965 3753 1156 3825 ὥσπερ
1185 3756 1214 3806 6
1241 3754 1315 3826 μὴ
1352 3755 1536 3826 μαθὼν
1565 3757 1634 3812 τὰ

84 3845 277 3910 σημεῖα,
318 3845 526 3899 τούτων
569 3846 626 3897 ἐν
667 3847 734 3916 τῇ
780 3844 928 3916 ψυχῇ
969 3846 1072 3898 οὐκ
1100 3844 1214 3916 ἔχει
1258 3847 1634 3916 ἐγγραφέντας

81 3935 188 3996 τοὺς
216 3935 440 4000 τύπους⁸
493 3939 524 3988 6
559 3937 617 3990 δὲ
662 3936 870 4007 μαθὼν,
908 3937 1010 3990 κᾶν
1068 3937 1142 4008 μὴ
1193 3938 1379 4009 γράφῃ
1422 3940 1455 4009 ή
1489 3941 1630 4010 χεὶρ,

80 4025 187 4088 τοὺς
205 4025 397 4091 τύπους
417 4028 603 4082 αὐτῶν
627 4031 694 4099 τῇ
730 4028 962 4100 μαθήσει
992 4031 1049 4082 ὲν
1082 4029 1229 4100 ψυχῇ
1253 4029 1628 4100 ἀπεγράψατο·

81 4114 200 4170 οὕτω
233 4121 323 4173 καὶ
363 4123 394 4174 6
435 4121 516 4192 μὴ
551 4122 812 4190 ἐννοήσας
845 4138 899 4172 τι
936 4120 1264 4192 ἁμάρτημα,
1301 4121 1490 4175 τούτου
1535 4123 1634 4176 οὐκ

82 4204 176 4274 ἔχει
210 4210 300 4280 τὴν
332 4212 638 4280 φαντασίαν
669 4214 725 4265 ὲν
756 4211 902 4282 ψυχῇ
938 4213 1364 4284 γεγραμμένηνο
1408 4217 1436 4267 6
1469 4215 1525 4268 δὲ
1552 4217 1636 4268 ἐν-

83 4299 274 4367 νοήσας,
319 4301 421 4355 κᾶν
459 4301 537 4373 μὴ
574 4303 908 4374 προχωρήσῃ
946 4303 1008 4355 τὸ
1055 4303 1239 4374 ἔργον,
1271 4305 1420 4374 ὅμως
1463 4307 1521 4357 ἐν
1565 4309 1632 4376 τῇ

80 4388 202 4460 ψυχῇ
230 4392 334 4461 ἔχει
363 4393 463 4456 τὰς
498 4395 800 4462 φαντασίας
831 4393 940 4446 τῶν
973 4394 1295 4464 νοηθέντων,
1324 4396 1399 4460 ὼς
1429 4395 1486 4448 έν
1527 4414 1633 4450 τινι

1737 563 1880 616 rium
1909 575 2044 631 opus
2082 560 2388 614 tradiderit.
2423 557 2581 613 Velut
2609 560 2661 612 in
2695 559 2910 622 tabula,
2943 557 3185 626 inquam,
3208 559 3320 611 sin-

1735 654 1860 723 gula
1906 660 2164 708 accurate
2216 652 2488 721 descripta
2540 657 3004 715 cernentur,-fnec
3043 663 3106 702 ea
3144 649 3319 702 solum

1734 760 1855 814 qua:
1882 746 1949 799 ad
1987 753 2164 798 actum
2191 743 2451 812 perducta
2487 753 2635 808 sunt,
2659 742 2752 796 sed
2781 741 2946 796 etiam
2971 739 3185 793 actibus
3209 755 3318 793 non
3343 775 3348 778 -

1733 838 2148 906 erumpentibus
2178 839 2361 894 insita:
2398 838 2450 892 in
2492 838 2686 892 animae
2723 836 2904 891 tabula
2939 835 3315 906 cogitationes.

1734 927 1876 982 Nihil
1907 929 2050 983 enim
2084 930 2231 984 aliud
2265 939 2348 985 est
2381 929 2588 998 pictura
2635 929 2686 982 in
2721 928 2900 982 anima
2926 966 2942 991 ,
2978 926 3081 979 nisi
3113 925 3318 992 cogita-

1736 1019 1809 1073 tio
1840 1020 2068 1090 alicujus
2112 1023 2189 1076 rei
2237 1023 2291 1076 in
2327 1021 2444 1090 ipsa
2477 1021 2768 1074 informata
2807 1036 2822 1072 :
2861 1032 2961 1073 nec
2989 1016 3133 1070 aliud
3160 1016 3318 1084 quid-

1733 1123 1894 1176 quam
1953 1118 2036 1163 est
2089 1109 2408 1179 imaginaria
2470 1119 2526 1164 et
2593 1121 2891 1163 excurrens
2937 1105 3192 1174 cogitatio
3255 1104 3314 1158 in

1734 1203 1941 1265 anima,
1973 1202 2078 1256 nisi
2109 1203 2321 1270 pictura
2349 1199 2761 1269 imaginationis
2797 1197 3094 1258 coloribus,
3123 1205 3177 1250 et
3203 1211 3320 1248 ma-

1743 1293 2123 1361 gnitudinibus
2157 1303 2322 1364 atque
2357 1293 2520 1346 etiam
2542 1290 2745 1359 ﬁguris,
2771 1302 2906 1358 quas
2943 1289 2994 1341 in
3025 1288 3138 1356 ipsa
3165 1301 3317 1340 mens

1735 1383 1900 1455 647
1931 1384 2197 1449 depinxit,
2261 1382 2550 1437 delineata.
2608 1379 2676 1433 Et
2728 1377 3180 1448 quemadmodum
3223 1376 3316 1444 qui

1733 1485 1906 1530 artem
1947 1484 2198 1529 notarum
2230 1473 2453 1536 didicit,
2481 1471 2725 1525 omnium
2751 1477 3000 1522 notarum
3036 1467 3237 1536 ﬁguras
3262 1474 3319 1520 et

1732 1569 1974 1631 nomina,
2011 1577 2175 1633 atque
2203 1564 2368 1616 etiam
2399 1562 2652 1616 octadum
2691 1559 2898 1615 formas
2944 1565 2998 1613 et
3045 1557 3321 1610 tetradnm-

1732 1660 1784 1713 in
1823 1659 2005 1711 anima
2028 1657 2323 1725 impressas
2373 1651 2558 1718 habet,
2613 1663 2668 1706 et
2695 1653 2762 1705 ad
2793 1666 2946 1704 usum
2979 1663 3166 1703 eorum
3196 1662 3318 1717 quae

1730 1749 2033 1809 dictantur,
2071 1759 2166 1816 per
2200 1760 2421 1798 manum
2460 1759 2547 1809 ea,
2578 1757 2700 1812 quae
2730 1741 3008 1796 memoria:
3056 1739 3318 1807 inscripta

1733 1851 1879 1904 sunt,
1909 1841 1964 1893 in
1993 1837 2172 1893 tabula
2193 1837 2469 1902 ostendit;
2519 1844 2682 1906 atque
2737 1833 2870 1889 alias
2908 1832 3125 1904 quidem
3157 1843 3322 1886 notas

1734 1933 1874 2004 stylo
1905 1930 2178 2000 ﬁguravit,
2210 1929 2332 1983 aliae
2357 1943 2486 1982 vero
2514 1927 2753 1982 nondum
2789 1941 2951 1980 manu
2995 1925 3317 1994 designata),

1736 2025 1792 2078 in
1823 2023 2003 2076 anima
2038 2031 2218 2076 tamen
2243 2022 2530 2089 descriptae
2571 2026 2896 2073 servantur;
2930 2017 3005 2071 ita
3035 2026 3089 2070 et
3134 2016 3316 2068 anima

1734 2115 1871 2168 alias
1906 2114 2124 2182 quidem
2149 2113 2525 2182 cogitationes,
2547 2110 2672 2163 dum
2706 2124 2802 2179 per
2817 2123 3014 2176 corpus
3035 2116 3314 2176 operatur,

1736 2205 1802 2258 ad
1842 2213 2024 2257 actum
2054 2202 2327 2271 perduxit,
2362 2200 2500 2254 alias
2553 2213 2701 2263 vero,
2741 2213 2877 2266 quas
2921 2197 3156 2250 nondum
3189 2209 3316 2248 cor-

1735 2313 1865 2369 pore
1890 2298 2162 2368 perfectas
2205 2295 2362 2351 nobis
2395 2295 2650 2362 ostendit,
2722 2294 2776 2348 in
2831 2293 3010 2362 seipsa
3056 2289 3316 2344 formatas

1735 2405 1940 2458 servat,
1973 2382 2203 2446 etsi’non
2235 2388 2616 2458 corporaliter,
2643 2385 2738 2442 sed
2781 2386 2999 2456 proprio
3025 2398 3192 2454 opere
3218 2397 3316 2437 eas

1735 2500 1834 2554 per
1854 2485 2204 2552 semetipsam
2234 2480 2654 2548 incorporaliter
2683 2477 2912 2548 perﬁcit.
2955 2475 3317 2543 Quemadmo-

1738 2577 1862 2629 dum
1890 2575 2033 2628 enim
2054 2575 2298 2642 corporis
2317 2588 2451 2641 opus
2474 2581 2558 2626 est
2579 2570 2782 2639 aliquid
2807 2565 3162 2638 corporaliter
3192 2581 3317 2636 per-

1745 2682 1929 2735 agere,
1963 2667 2034 2719 ita
2071 2675 2125 2720 et
2183 2666 2376 2719 anima:
2403 2679 2540 2733 opus
2574 2672 2656 2717 est
2681 2661 2955 2730 placentes
2999 2658 3100 2714 sibi
3129 2657 3319 2727 imagi-

1738 2760 2010 2821 nationes,
2038 2756 2266 2811 arbitrio
2301 2771 2401 2810 suo
2460 2769 2556 2824 per
2602 2751 2988 2822 cogitationem
3034 2749 3102 2803 ad
3133 2757 3316 2803 actum

1741 2851 2062 2918 perducere.
2103 2846 2257 2904 Unde
2277 2855 2330 2900 et
2357 2855 2606 2914 peccata,
2633 2859 2754 2913 qua:
2782 2843 2834 2897 in
2865 2840 3193 2912 cogitatione
3220 2856 3319 2909 po-

1735 2943 1836 2997 sita
1870 2950 2018 3004 sunt,
2068 2954 2174 2993 non
2228 2937 2663 3006 utcogitationes
2713 2934 3069 3004 simpliciter,
3113 2934 3316 3011 sed.ut

1735 3047 1898 3103 Opera
1940 3031 1993 3084 in
2027 3031 2206 3084 anima
2239 3038 2456 3098 peracta
2492 3041 2702 3095 a~quum
2730 3023 3082 3091 estjudicari.
3109 3022 3314 3090 Quem-

1738 3125 2030 3178 admodum
2057 3123 2222 3192 igitur
2245 3120 2456 3175 etiamsi
2484 3129 2640 3172 notas
2694 3133 2886 3171 manus
2931 3133 3036 3171 non
3089 3114 3314 3176 scribat,

1738 3227 1984 3272 notarum
2012 3225 2190 3269 tamen
2223 3213 2408 3283 ﬁguris
2439 3221 2548 3265 tota
2583 3211 2764 3264 anima
2797 3211 2996 3279 ubique
3041 3209 3306 3278 inscripta

1735 3319 1840 3373 est,
1865 3318 1921 3363 et
1945 3310 1989 3362 si
2021 3307 2142 3376 quis
2163 3319 2360 3374 corpus
2389 3311 2690 3367 removeat,
2741 3311 2906 3356 totam
2947 3301 3185 3354 animam
3223 3303 3308 3352 vi-

1735 3400 1902 3462 debit,
1929 3413 1994 3454 eo
2021 3397 2164 3466 quod
2204 3395 2423 3462 dicitur,
2452 3406 2765 3449 commento
2803 3393 3121 3461 inscriptam
3160 3408 3176 3445 :
3233 3392 3314 3447 sic

1737 3500 2021 3558 postquam
2051 3501 2248 3557 corpus
2278 3486 2609 3548 exuerimus,
2641 3485 2820 3539 omnis
2873 3483 3129 3552 cogitatio
3165 3483 3314 3539 velut

1735 3579 1787 3632 in
1813 3579 2040 3648 pictura,
2061 3579 2132 3632 ita
2156 3579 2208 3631 in
2236 3577 2416 3631 anima
2438 3576 3012 3645 videbiturinscripta.
3037 3573 3103 3628 Et
3122 3589 3316 3646 quem-

1736 3669 2024 3724 admodum
2048 3668 2139 3738 qui
2165 3677 2322 3722 notas
2341 3681 2446 3721 non
2471 3665 2680 3733 didicit,
2713 3681 2898 3720 earum
2922 3667 2976 3719 in
3001 3666 3184 3719 anima
3203 3679 3302 3720 nor

1735 3760 1898 3814 habet
1923 3751 2229 3830 descriptas
2256 3760 2492 3824 formas;
2535 3757 2628 3826 qui
2669 3772 2798 3812 vero
2849 3757 3058 3822 didicit,
3093 3757 3312 3812 etiamsi

1739 3866 2053 3906 manusnon
2077 3851 2302 3916 scribat,
2337 3865 2524 3904 earum
2561 3851 2760 3903 formas
2776 3848 3032 3904 discendo
3063 3848 3316 3902 inanima

1737 3943 2011 4011 inscripsit
2041 3961 2056 3997 :
2091 3943 2163 3996 ita
2191 3954 2246 3996 et
2273 3941 2365 4010 qui
2395 3942 2461 3995 de
2484 3950 2705 4010 peccato
2731 3941 2919 4010 aliquo
2962 3955 3072 3994 non
3104 3939 3313 4005 cogita-

1734 4033 1832 4094 vit,
1865 4031 2012 4086 illius
2044 4031 2334 4099 imaginem
2365 4031 2561 4085 anima:
2594 4031 2913 4100 impressam
2947 4044 3052 4084 non
3105 4031 3307 4094 habet;

1735 4125 1828 4191 qui
1857 4138 1984 4179 vero
2013 4122 2296 4192 cogitavit,
2326 4122 2543 4176 etiamsi
2593 4137 2700 4176 non
2753 4123 3012 4192 procedat
3042 4138 3201 4192 opus,
3235 4132 3317 4177 la-

1735 4232 1856 4271 men
1882 4215 1933 4268 in
1967 4214 2145 4268 anima
2166 4213 2430 4281 imagines
2453 4228 2642 4268 eorum
2687 4229 2807 4283 qua:
2859 4215 3137 4284 cogitavit,
3165 4215 3317 4271 velut

1737 4307 1788 4361 in
1820 4306 2054 4376 quadam
2079 4305 2280 4368 tabula,
2307 4305 2452 4359 clare
2473 4304 2778 4375 descriptas
2795 4305 2975 4361 habet.
3003 4305 3108 4361 Sed
3127 4321 3316 4377 quem-

1737 4397 2027 4451 admodum
2061 4395 2172 4450 illic
2193 4396 2283 4466 qui
2308 4406 2462 4450 notas
2486 4397 2694 4462 didicit,
2720 4398 2764 4450 si
2797 4413 2890 4453 eas
2932 4399 3174 4454 scribere
3217 4415 3316 4452 ne-

82 4481 246 4535 πίνακι
271 4485 453 4554 σαφῶς
493 4485 906 4557 γεγραμμένας.
951 4485 1091 4538 Ἀλλ’
1124 4487 1200 4550 ὡς
1228 4490 1346 4540 ἐκεῖ
1382 4491 1410 4541 6
1445 4487 1630 4559 μαθὼν

1744 4489 1920 4558 gligat,
1953 4487 2325 4544 obliviscenda
2357 4487 2473 4541 illas
2503 4502 2533 4541 e
2571 4489 2832 4543 memoria
2875 4491 3114 4560 abjiciet,
3147 4489 3220 4543 ita
3259 4497 3318 4542 ut

79 4580 135 4631 τὰ
164 4587 380 4652 σημεῖα,
411 4584 644 4655 ἀμελείᾳ
675 4583 771 4637 τοῦ
811 4583 1211 4653 διαγράφεσθαι
1257 4583 1452 4646 ταῦτα,
1494 4584 1630 4656 λήθῃ

82 4671 200 4724 αύτά
224 4675 317 4744 τῆς
353 4677 576 4746 μνήμης
604 4673 670 4727 ἂν
694 4672 980 4738 ἀποόάλοι,
1011 4673 1087 4737 ὡς
1123 4675 1321 4744 μηκέτι
1351 4676 1533 4729 λοιπὸν
1555 4679 1634 4749 τῷ

81 4765 234 4834 χρόνῳ
265 4767 534 4836 μηδεμιᾶς
567 4765 862 4836 ἀναφέρειν
881 4765 1104 4828 ὀκτάδος
1135 4766 1344 4836 σχῆμα,
1379 4767 1414 4839 ἦ
1443 4768 1632 4836 τύπον,

80 4853 108 4920 ἢ
138 4855 415 4924 ὀνομασίαν
443 4858 525 4920 είς
552 4857 793 4928 μνήμηνο
823 4855 966 4909 οὕτω
987 4857 1133 4910 καὶὸ
1155 4859 1414 4928 ἐννοήσας
1437 4861 1635 4925 ἄτοπα,

81 4947 120 4994 εί
148 4947 422 5018 ἀμελήσειε
459 4949 569 5002 τῶν
600 4948 841 5012 ἐννοιῶν,
874 4949 970 5002 καὶ
1007 4950 1092 5018 ἐφ’
1123 4950 1318 5021 ἐτέρας
1355 4950 1638 5016 καλλίονας

79 5035 158 5085 τὸν
184 5039 300 5090 νοῦν
335 5040 678 5111 ἀσχολήσειε,
709 5040 886 5111 χρόνῳ
913 5041 980 5094 ἄν
1011 5057 1142 5094 ποτε
1173 5040 1348 5096 ταῦτα
1365 5043 1464 5112 τῆς
1498 5045 1637 5115 μνή-

86 5142 174 5192 μης
209 5130 396 5184 ἑαυτοῦ
431 5130 702 5195 ἐκϐαλὼν,
735 5134 801 5202 τῇ
831 5129 972 5205 λήθῃ
999 5132 1172 5196 αὖτάτί
1202 5132 1296 5186 τοῦ
1327 5134 1427 5204 τῆς
1458 5133 1638 5204 ψυχῆς

82 5217 284 5284 πίνακος
314 5223 688 5293 ἀπαλείψειεν.
730 5226 897 5279 Οὐδὲν
939 5224 1047 5295 γάρ
1086 5225 1200 5276 ἐστι
1238 5225 1448 5294 μνήμη,
1477 5226 1511 5295 ἢ
1545 5225 1639 5277 τύ-

83 5323 236 5374 πωσις
265 5315 502 5382 ἐννοιῶν,
529 5317 606 5381 ὡς
639 5319 697 5370 ὲν
722 5316 888 5388 ψυχῇ,
921 5313 1338 5386 ύποζώγραφος.
1369 5318 1478 5370 Καὶ
1521 5316 1638 5380 πῶς

145 5492 247 5572 (33)
275 5500 621 5570 Γενόμεναι.
659 5499 735 5554 Ita
768 5518 898 5557 mss.
933 5511 1184 5572 quatuor.
1211 5502 1376 5562 Editi,
1420 5500 1639 5572 γινόμε-

82 5571 179 5613 ναι.
206 5564 329 5631 Qua:
353 5564 652 5636 sequuntur
685 5564 1020 5626 restitui‘tu'us
1059 5590 1123 5627 ex
1162 5589 1268 5625 uno
1301 5564 1484 5624 codice
1528 5564 1635 5622 lie-

87 5643 180 5713 ετιι.
211 5636 441 5713 llalirlntt
461 5641 630 5713 editip
665 5639 887 5713 veneta,
921 5643 1055 5696 Οὐδὲ
1092 5643 1201 5713 γάρ
1229 5644 1376 5694 ἐστιν
1401 5643 1458 5693 ἐν
1487 5640 1632 5710 ψυχῇ

85 5697 483 5782 ἔ“ι“θοια.η1’;ιι’ίς.,
510 5709 644 5782 Οὐδὲ
679 5711 786 5782 γάρ
818 5697 966 5764 ἐστιν
1005 5697 1244 5765 οὐδέν’ἑν
1269 5715 1336 5782 τῇ
1552 5697 1635 5762 ένῖ

86 5784 208 5827 veta.
234 5774 358 5831 Illud
393 5780 448 5832 iv
479 5780 617 5843 αύτῆ
659 5774 724 5836 ex
756 5774 846 5838 ὲινκ
881 5799 1010 5839 mss.
1042 5774 1393 5847 desumplti'm'
1420 5774 1509 5837 e'si'
1533 5797 1630 5851 pro

1740 4580 1997 4648 deinceps
2062 4580 2318 4647 temporis
2391 4593 2680 4648 progressu
2746 4581 2945 4635 nullius
2997 4581 3110 4649 jam
3163 4591 3318 4634 octa-

1741 4671 1822 4723 dis
1848 4669 2072 4739 ﬁgurant
2110 4680 2202 4723 aut
2233 4669 2458 4723 formam
2520 4680 2610 4726 aut
2641 4685 2834 4724 nomen
2890 4671 3146 4726 memoria
3183 4671 3316 4725 reti-

1747 4772 1874 4815 neat
1919 4778 1932 4814 :
1990 4761 2065 4815 ita
2105 4769 2160 4815 et
2207 4763 2300 4830 qui
2327 4762 2562 4816 absurda
2587 4761 2864 4832 cogitavit,
2906 4762 2948 4815 si
2979 4761 3077 4816 lias
3106 4763 3340 4830 cogita-v

1745 4851 1920 4906 tiones
1950 4851 2184 4923 negligat
2233 4862 2288 4907 et
2331 4853 2385 4906 in
2426 4854 2743 4910 melioribus
2791 4863 3025 4909 mentem
3064 4864 3313 4925 occupet,

1743 4944 1858 4998 haec
1885 4946 2144 5015 temporis
2203 4961 2498 5018 progressu
2560 4963 2592 5004 e
2645 4948 2908 5003 memoria
2966 4949 3181 5004 tandem
3211 4949 3313 5002 ali-

1742 5039 1957 5108 quando
2010 5039 2302 5108 projiciens
2326 5081 2342 5106 ,
2387 5040 2757 5095 obliviscenth
2794 5055 2858 5094 ex
2913 5039 3106 5094 animae
3135 5039 3312 5095 tabula

1744 5133 1964 5191 delebit.
1997 5131 2143 5185 Nihil
2165 5131 2308 5186 enim
2342 5131 2486 5186 aliud
2512 5140 2594 5186 est
2635 5131 2917 5197 memoria,
2971 5130 3072 5184 nisi
3116 5132 3314 5200 cogita~

1745 5228 1951 5280 tionmn
1981 5223 2144 5276 veluti
2177 5222 2386 5291 depicta
2415 5223 2469 5277 in
2500 5223 2682 5276 anima
2711 5220 3046 5276 informatio.
3084 5223 3149 5276 Et
3179 5239 3312 5292 qno~

1746 5317 1904 5370 modo
1936 5314 2205 5384 possimus
2235 5311 2473 5381 effugere
2522 5327 2712 5382 ptenas
2741 5311 3005 5381 ejusmodi
3031 5316 3312 5383 cogitatio-

1745 5512 1810 5551 eo
1842 5499 1988 5565 quod
2012 5506 2130 5550 erat
2154 5497 2205 5551 in
2235 5497 2414 5559 editis,
2447 5497 2612 5560 τινός.
2646 5493 2874 5565 Rursus
2905 5493 3004 5565 line
3035 5493 3152 5546 loco
3179 5506 3313 5547 non-

1747 5563 1877 5621 nulli
1911 5569 2123 5620 roclices
2149 5576 2203 5619 et
2226 5567 2392 5619 editio
2420 5567 2642 5628 Veneta,
2673 5564 2766 5617 καὶ
2791 5563 2964 5626 οὐδείς
2995 5565 3132 5616 ἐστι.

1815 5637 1925 5702 (54)
1966 5638 2078 5689 Ἐν.
2120 5635 2436 5703 Prmpositio
2483 5637 2659 5690 addita
2698 5650 2763 5688 ex
2809 5634 2980 5688 tribus
3018 5649 3146 5686 mss.
3182 5630 3309 5686 Illud

1741 5707 1839 5831 ῗῗῖ,
1877 5710 2016 5786 quml
2067 5708 2224 5776 paulo
2257 5715 2379 5775 post
2433 5710 2695 5776 sequitur,
2743 5707 3166 5773 destnnptumex
3188 5704 3312 5760 cod.

1793 5793 2030 5831 azarmo.

1793 5793 2030 5832 illiilli“).
