3802 6216
461 306 566 363 735

1408 313 1762 370 APPENDIX
1799 315 2031 373 OPERU

2171 357 2184 372 .
2228 317 2469 395 essu."
2510 319 2746 375 usam.
3616 326 3713 379 735

458 441 610 487 num,
633 439 860 495 quarum
885 428 1145 482 memoria
1173 429 1350 484 adhuc
1377 430 1427 484 in
1448 440 1627 486 mente
1653 441 1796 488 mota
1826 432 2029 488 formas

2171 429 2243 486 ἴόν
2266 437 2539 504 τε.φυγεῖν
2568 435 2666 499 τὰς
2697 434 2924 498 εὐθύνας
2956 435 3179 489 ἐκείνων
3216 437 3326 489 τῶν
3370 440 3615 502 ἐννοιῶν,
3639 436 3713 495 ῶν
3800 428 3802 483 ἶ

461 516 521 572 in
568 516 746 570 tabula
779 517 930 579 vivas
964 519 1218 574 omnibus
1247 521 1523 577 ostendit?
1545 523 1739 595 ‘lgitur
1759 538 1827 579 ne
1852 524 2028 587 turpi-

458 609 563 666 bus
588 610 747 662 rebus
787 607 987 663 referta
1036 611 1236 666 mentis
1290 623 1489 668 nostrae
1541 615 1726 670 tabula
1751 623 2028 684 appareat,

457 700 737 754 deleamus
770 699 1041 754 oblivione
1083 704 1372 760 memorias
1415 720 1706 775 pravarum
1742 706 2031 776 cogitatio-

456 805 609 853 num,
639 800 695 844 et
731 804 919 844 earum
947 791 1068 846 loco
1113 794 1375 849 bonarum
1424 798 1834 853 recordationes
1870 797 2032 852 infor-

457 896 670 936 memus
694 898 709 946 ;
733 882 808 935 ita
840 892 899 936 ut
932 887 1663 957 nequaquamintegumento
1706 893 1952 959 corporis
1975 890 2030 945 in

454 986 700 1041 praesens
731 981 944 1043 tempus
987 977 1252 1044 cooperti,
1289 987 1574 1048 postquam
1602 979 1730 1034 illud
1760 981 2029 1050 deposue-

458 1066 647 1132 rimus,
700 1073 884 1133 turpes
939 1067 1156 1134 quidam
1204 1068 1274 1121 ob
1321 1083 1502 1124 naevos
1574 1077 1629 1123 et
1666 1071 1909 1140 probrosi
1961 1074 2031 1125 ob

456 1157 702 1224 picturas
727 1156 979 1211 omnibus
1008 1166 1206 1225 praater
1227 1170 1544 1230 conceptam
1573 1162 1639 1215 de
1670 1159 1828 1216 nobis
1848 1161 1901 1215 iu
1929 1161 2026 1216 har

456 1247 568 1301 vita
592 1245 902 1315 opinionem
933 1245 1236 1301 videamur.

526 1423 616 1480 52.
647 1422 900 1480 Fortasse
936 1425 1082 1478 enim
1113 1423 1246 1480 illud
1288 1434 1373 1482 est
1416 1428 1561 1497 quod
1595 1427 1671 1481 ait
1705 1427 2027 1496 Apostolus:

459 1516 820 1583 Quorumdam
852 1518 1121 1571 hominum
1146 1529 1359 1587 peccata
1389 1519 1670 1588 manifesta
1711 1532 1854 1589 sunt,
1888 1539 2030 1591 pra:-

456 1610 693 1662 cedentia
720 1611 790 1662 ad
813 1609 1116 1679 judicium:
1148 1611 1402 1679 quosdam
1446 1620 1497 1665 et
1540 1614 1932 1680 subsequuntur
1962 1616 2028 1671 ³³.

367 1739 371 1745 ν
456 1699 595 1755 Nam
635 1716 756 1771 quae
792 1701 1084 1756 manifesta
1108 1710 1235 1757 sunt
1284 1702 1535 1757 omnibus
1563 1704 1873 1760 hominibus
1902 1721 2028 1776 pec-

2134 522 2167 592 ή
2203 523 2391 592 μνήμη
2421 522 2500 574 ἔτι
2535 524 2826 595 κινουμένη
2867 526 2923 576 ἐν
2962 527 3025 595 τῇ
3057 524 3223 596 ψυχῇ,
3254 529 3380 590 τοὺς
3418 527 3626 593 τύπους
3657 532 3713 583 ἐν

2132 611 2211 682 τῷ
2247 613 2436 666 πίνακι
2477 612 2686 678 ζῶντας
2737 616 2850 677 τοῖς
2888 614 3087 685 ὁρῶσιν
3139 616 3464 681 ἐνδεικνύει;
3510 618 3715 671 οὐκοῦν

2134 702 2220 753 ἵνα
2250 701 2323 772 μὴ
2366 702 2609 771 αἰσχρῶν
2639 702 2923 766 ἀνάπλεως
2965 707 2992 757 ὁ
3031 704 3130 774 τῆς
3164 705 3340 776 ψυχῆς
3365 709 3396 777 ἡ
3408 707 3528 776 μῶν
3562 708 3717 773 πίναξ

2132 791 2293 861 ὀφθῇ,
2344 791 2734 863 ἀπαλείψωμεν
2788 793 2924 866 λήθῃ
2969 795 3068 857 τὰς
3104 796 3319 865 μνήμας
3355 796 3466 849 τῶν
3500 797 3715 865 φαύλων

2132 881 2374 945 ἐννοιῶν,
2412 881 2522 934 τῶν
2556 883 2777 950 ἀγαθῶν
2810 884 2871 949 δὲ,
2895 884 2994 947 τὰς
3038 887 3255 956 μνήμας
3282 887 3395 939 ἀντ’
3427 887 3609 940 αὐτῶν
3633 891 3717 940 ἐν·

2131 968 2492 1041 τυπώσωμεν,
2521 971 2596 1035 ὡς
2621 971 2686 1025 ἂν
2720 973 2796 1044 μὴ
2840 976 3214 1045 κεκρυμμένοι
3245 976 3310 1028 τά
3340 975 3435 1030 νῦν
3460 976 3540 1048 τῷ
3567 994 3720 1049 περι-

2132 1058 2330 1129 ϐολαίῳ
2376 1059 2473 1113 τοῦ
2530 1060 2803 1132 σώματος,
2852 1064 2988 1135 μετὰ
3042 1065 3140 1137 τὴν
3189 1067 3449 1120 ἀπόθεσιν
3499 1069 3713 1131 τούτου,
3800 1056 3802 1083 ἶ

2131 1151 2346 1221 αἰσχροί
2392 1168 2539 1216 τινες
2586 1157 2697 1218 τοῖς
2752 1155 2984 1226 μώμοις,
3037 1158 3132 1210 καὶ
3185 1159 3540 1212 ἐπονείδιστοι
3598 1165 3718 1224 ταῖς

2130 1245 2369 1311 γραφαῖς
2394 1246 2506 1306 τοῖς
2529 1245 2654 1297 πᾶσι
2693 1247 2844 1316 παρὰ
2876 1247 2971 1318 τὴν
3005 1250 3337 1319 κατέχουσαν
3370 1251 3429 1302 ἐν
3460 1250 3540 1321 τῷ
3575 1270 3720 1307 παρ-

2125 1332 2237 1385 όντι
2265 1332 2362 1403 βίῳ
2384 1332 2540 1399 δόξαν
2558 1335 2832 1406 ὀφθῶμεν.

2200 1423 2287 1477 52.
2333 1425 2481 1495 Τάχα
2521 1426 2631 1497 γὰρ
2663 1427 2807 1480 τοῦτ’
2840 1427 2987 1482 ἔστιν
3039 1429 3069 1482 δ
3120 1432 3343 1503 εἴρηκεν
3384 1433 3413 1485 ὁ
3456 1433 3721 1486 ’Δπόστο-

2130 1510 2221 1576 λος
2240 1529 2252 1541 ·
2295 1511 2483 1566 Τινῶν
2508 1514 2836 1584 ἀνθρώπων
2874 1519 2935 1570 al
2983 1517 3259 1586 ἁμαρτίαι
3283 1520 3579 1588 πρόδηλοί
3600 1524 3722 1575 εἱσι

2133 1601 2503 1672 προάγουσαι
2550 1606 2637 1670 εὶς
2681 1606 2919 1672 κρίσιν·
2959 1606 3082 1659 τισὶ
3118 1605 3187 1659 δὲ
3235 1608 3335 1661 καὶ
3381 1608 3725 1664 ἐπακολου»

2134 1693 2366 1750 θοῦσιν.
2406 1695 2472 1746 Αἱ
2512 1695 2609 1765 μὲν
2658 1697 2766 1769 γὰρ
2811 1699 2976 1751 πᾶσιν
3023 1698 3332 1770 ἀνθρώποις
3373 1701 3630 1771 πρόδηλοι
3668 1703 3723 1754 αἱ

458 1802 604 1857 cata,
626 1792 823 1860 quibus
846 1791 1012 1846 etiam
1038 1806 1133 1846 eos
1156 1792 1247 1860 qui
1275 1791 1529 1846 videbant
1555 1794 1620 1847 ad
1646 1795 2031 1865 blasphemiam

2176 1783 2401 1854 μαρτίαι
2433 1784 2565 1854 (55),
2592 1780 2679 1848 αἶς
2705 1788 2798 1839 καὶ
2831 1789 2957 1851 τοὺς
2987 1787 3229 1858 ὁρῶντας
3254 1790 3335 1851 εἰς
3368 1789 3725 1861 βλασφημίαν

457 1893 514 1938 et
547 1882 755 1937 similes
790 1883 1034 1937 actiones
1067 1896 1234 1952 pravo
1255 1883 1693 1955 mscandalo
1717 1886 2030 1953 incitarunt,

459 1989 522 2029 ea
553 1974 886 2045 praecedunt.
909 1974 1040 2041 Quae
1060 1984 1240 2029 autem
1272 1976 1452 2045 ignota
1481 1988 1608 2031 sunt
1647 1978 1956 2035 hominibus
1979 1989 2032 2034 et

391 2078 397 2084 '
457 2065 597 2120 clam
637 2074 1041 2134 perpetrantur,
1071 2080 1177 2119 non
1204 2065 1407 2120 idcirco
1436 2067 1582 2135 quod
1629 2067 1878 2124 homines
1899 2070 2033 2125 late-

457 2167 574 2224 ant,
607 2165 913 2223 remanent,
943 2157 1039 2212 sed
1085 2157 1525 2227 inseparabiliter
1562 2172 1655 2213 eos
1710 2170 2031 2230 sequuntur,

455 2259 519 2303 ut
549 2258 604 2303 et
630 2249 807 2318 seipsa
841 2258 895 2302 et
918 2250 1176 2304 latentem
1217 2250 1418 2303 multos
1467 2259 1743 2305 auctorem
1801 2254 2034 2319 proden-

458 2339 554 2404 tia,
581 2347 693 2392 tum
720 2338 1087 2394 nescientibus
1113 2354 1234 2393 eum
1271 2338 1604 2405 hominibus,
1639 2348 1749 2393 tum
1776 2340 1922 2409 justo
1940 2340 2033 2408 ju-

457 2430 601 2484 dicio
630 2430 847 2485 tradant
874 2449 887 2484 :
914 2431 989 2484 ita
1009 2439 1069 2483 ut
1097 2430 1264 2484 miser
1290 2428 1383 2483 ille
1414 2444 1443 2483 a
1469 2431 1707 2498 pr0priis
1737 2430 2032 2486 sceleribus

461 2520 977 2589 comprehendatur,
1004 2536 1034 2574 a
1063 2520 1367 2574 manifestis
1420 2521 1848 2589 praecedentibus
1870 2523 1922 2575 in
1948 2522 2034 2589 ju-

456 2613 653 2666 dicium
682 2613 987 2676 tractus,ah
1018 2611 1243 2666 occultis
1263 2620 1441 2665 autem
1475 2612 1919 2681 inseparabiliter
1944 2630 2031 2667 as-

458 2704 799 2760 sectantibus
837 2704 1097 2773 agitatus.
1141 2702 1319 2772 Atque
1358 2702 1500 2758 hanc
1566 2704 1893 2758 sententiam
1940 2720 2035 2758 ex-

456 2808 668 2867 ponens
696 2793 989 2863 Apostolus
1012 2792 1176 2847 iufert
1200 2808 1264 2846 ac
1289 2792 1419 2848 dicit
1461 2810 1473 2844 :
1512 2794 1775 2849 Similiter
1819 2806 1866 2849 ει
1900 2796 2032 2850 bona

456 2903 637 2956 opera,
672 2901 792 2956 quae
805 2899 985 2940 coram
1014 2884 1543 2949 hominibuslucent,
1572 2886 1888 2941 utvidentes
1910 2888 2035 2941 dent

455 2978 679 3049 gloriam
699 2976 844 3030 Patri
862 2986 1048 3029 nostro
1065 2974 1152 3043 qui
1170 2976 1219 3027 in
1232 2974 1385 3030 caelis
1407 2984 1512 3040 est,
1527 2976 1805 3044 manifesta
1816 2986 1937 3030 sunt
1952 2991 1968 3029 :
1985 2986 2034 3030 et

2136 1876 2230 1928 καὶ
2267 1874 2366 1939 τάς
2392 1877 2586 1947 ὁμοίας
2635 1877 2866 1950 πράξεις
2897 1879 3083 1943 κακῶς
3124 1880 3533 1947 ἐσκανδάλισαν,
3585 1901 3724 1954 προ-

2135 1965 2357 2033 άγουσιν
2384 1966 2518 2039 (56).
2559 1969 2626 2021 Αἱ
2661 1968 2722 2021 δὲ.
2765 1968 2951 2038 ἄδηλοι
2985 1972 3097 2033 τοῖς
3127 1970 3437 2043 ἀνθρώποις
3464 1975 3561 2027 καὶ
3590 1991 3727 2045 κρυ-

2137 2059 2274 2126 φίως
2306 2059 2623 2130 γινόμεναι,
2654 2059 2715 2112 οὐ
2758 2059 2847 2112 διὰ
2877 2060 2937 2112 τὸ
2967 2062 3096 2124 τοὺς
3129 2061 3447 2133 ἀνθρώπους
3479 2065 3725 2131 ἀγνοεῖν,

2135 2150 2520 2220 ἀπομένουσιν,
2551 2151 2667 2205 ἀλλ’
2705 2150 3001 2222 ἀχώριστοι
3027 2152 3208 2215 αὐτοῖς
3241 2153 3725 2215 ἐπακολουθοῦσιν,

2136 2242 2201 2294 ἵν’
2244 2241 2581 2307 ἐπιδείξασαι
2624 2243 2821 2306 ἑαυτάς
2853 2260 2912 2295 τε
2946 2244 3040 2296 καὶ
3081 2244 3174 2297 τὸν
3206 2243 3541 2299 λανθάνοντα
3592 2248 3725 2309 τοὺς

2140 2333 2362 2396 πολλοὺς
2403 2335 2607 2388 τούτων
2637 2335 2896 2406 ἐργάτην,
2932 2336 3028 2390 καὶ
3052 2339 3165 2400 τοῖς
3192 2337 3477 2406 ἀγνοοῦσιν
3509 2339 3723 2409 ἀνθρὼ-

2135 2442 2277 2487 ποις,
2314 2426 2407 2478 καὶ
2435 2425 2547 2495 (57)
2571 2430 2636 2498 τῇ
2662 2428 2848 2500 δικαίᾳ
2872 2428 3048 2499 κρίσει
3071 2431 3233 2484 αὐτὸν
3256 2431 3575 2503 παραδῶσιν
3598 2451 3613 2463 ’
3647 2433 3726 2497 ὡς
3800 2425 3802 2473 ί

2138 2517 2553 2587 μεσολαϐεῖσθαι
2583 2518 2673 2572 τὸν
2715 2520 2946 2574 δείλαιον
2981 2521 3085 2575 ὑπὸ
3115 2521 3225 2575 τῶν
3256 2524 3474 2577 οἰκείων
3491 2524 3685 2578 κακῶν
3707 2544 3721 2555 ο

2136 2608 2238 2660 ὑπὸ
2258 2609 2353 2679 μὲν
2369 2609 2478 2663 τῶν
2498 2611 2781 2681 προδήλων
2801 2614 3152 2682 προαγόντων
3168 2616 3247 2677 εἰς
3264 2613 3360 2685 τὴν
3377 2615 3558 2685 κρίσιν
3576 2614 3727 2668 ἐλκό-
3800 2606 3802 2611 ’

2139 2717 2318 2769 μενον,
2344 2701 2449 2753 ὑπὸ
2470 2701 2527 2754 δὲ
2554 2701 2662 2756 τῶν
2684 2703 2895 2772 ἀδήλων
2922 2704 3240 2775 ἀχωρίστως
3261 2705 3410 2776 αὐτῷ
3435 2707 3725 2777 ἑπομένων

2135 2792 2566 2864 ἐπελαυνόμενον
2594 2794 2727 2864 ('58).
2757 2794 2867 2848 Καὶ
2896 2795 3216 2867 ἑρμηνεύων
3240 2796 3401 2850 τοῦτο
3427 2798 3489 2850 τὸ
3518 2798 3723 2869 νόημα,

2134 2884 2410 2956 ἐπιφέρων
2436 2885 2600 2955 φησίν
2622 2902 2636 2917 ο
2679 2886 2980 2952 Ὡσαύτως
3013 2886 3113 2939 καὶ
3154 2887 3225 2943 τὰ
3263 2889 3421 2942 καλὰ
3455 2888 3627 2960 ἔργα,
3656 2890 3725 2942 τὰ

2134 2974 2423 3047 λάμποντα
2455 2976 2763 3049 ἔμπροσθεν
2788 2979 2896 3032 τῶν
2928 2978 3248 3051 ἀνθρώπων,
3279 2981 3367 3032 ἵνα
3409 2979 3608 3044 ἰδόντες
3636 2981 3723 3033 δο-

455 3085 573 3140 qui:
598 3068 753 3121 aliter
765 3084 820 3121 se
839 3067 1050 3131 habent,
1065 3066 1311 3120 abscondi
1328 3082 1430 3119 non
1450 3067 1728 3136 possunt‘.
1746 3068 1858 3123 Etsi
1886 3069 2030 3122 enim

2171 3069 2339 3123 ἀσωσι
2366 3070 2457 3123 τὸν
2483 3071 2703 3141 Πατέρα
2725 3071 2882 3141 ἡμῶν
2909 3072 2999 3124 τὸν
3026 3074 3083 3125 ἐν
3113 3075 3226 3136 τοῖς
3258 3073 3531 3144 οὐρανοῖς,
3562 3071 3726 3140 δῆλὰ

454 3134 600 3216 nunc
624 3160 895 3230 ignoretur
919 3158 1098 3228 qualia
1124 3157 1415 3226 sintopera
1450 3167 1655 3223 nostra,
1687 3169 1901 3229 oportet
1933 3176 2031 3215 nos

2171 3175 2265 3213 στι
2285 3178 2298 3190 ·
2343 3160 2439 3213 καὶ
2481 3161 2553 3213 τὰ
2581 3134 2783 3227 ἄλλως*
2809 3161 3029 3231 ἔχοντα
3070 3134 3364 3230 κρυϐῆναι
3394 3164 3466 3216 οὐ
3493 3134 3725 3217 chirur-

457 3250 791 3306 manifestari
815 3263 1000 3303 coram
1024 3245 1274 3301 tribunali
1299 3245 1562 3312 Christi’,
1589 3246 1691 3311 Qui
1712 3246 2030 3300 illuminabit

456 3345 764 3398 abscondita
787 3343 1142 3407 tenebrarum,
1184 3351 1233 3395 et
1263 3340 1625 3409 ntanifcstabit
1666 3340 1868 3393 occulta
1907 3356 2031 3393 con-

456 3437 578 3491 silia
607 3437 841 3489 cordium
868 3434 909 3488 ³.
944 3433 1012 3488 Ει
1035 3444 1158 3487 tunc
1179 3432 1297 3487 laus
1318 3434 1419 3513 erit
1456 3432 1741 3500 unicuique
1783 3449 1813 3485 a
1848 3430 1956 3485 Deo
1985 3431 2027 3496 ³,

457 3511 673 3596 quando
709 3526 1039 3595 recipiemus
1086 3511 1457 3594 unusquisque
1506 3538 1571 3577 ea
1605 3537 1725 3592 qua:
1769 3523 1905 3577 ﬁunt
1935 3539 2031 3593 per

458 3635 698 3690 corpus;
753 3628 919 3689 prout
978 3617 1269 3687 gessimus,
1331 3616 1447 3671 sive
1495 3615 1720 3682 bonum,
1755 3617 1870 3671 sive
1914 3630 2031 3669 ma-

456 3711 590 3769 lum.

2136 3267 2249 3303 ται.
2278 3252 2370 3304 Δεῖ
2402 3251 2511 3321 γὰρ
2547 3253 2694 3322 ἡμᾶς
2729 3253 3109 3323 φανερωθῆναι
3140 3254 3265 3316 τοὺς
3296 3252 3391 3307 νῦν
3421 3254 3728 3323 ἀγνοουμέ-

2135 3359 2260 3405 νους
2287 3343 2453 3395 ποίων
2484 3341 2734 3413 πράξεων
2763 3343 2953 3414 ἐσμὲν,
2998 3343 3306 3416 ἔμπροσθεν
3333 3344 3427 3398 τοῦ
3475 3345 3726 3416 βήματος

2136 3432 2229 3485 τοῦ
2253 3432 2513 3504 Χριστοῦ,
2552 3435 2649 3499 Ὃς
2672 3434 2920 3503 φωτίσει
2946 3435 3017 3489 τὰ
3044 3437 3279 3503 κρυπτὰ
3300 3436 3405 3490 τοῦ
3434 3437 3724 3502 σκότους,

2137 3524 2237 3577 καὶ
2290 3524 2623 3593 φανερώσει
2676 3528 2780 3592 τὰς
2846 3527 3259 3597 κεκρυμμένας
3311 3528 3550 3595 ,ϐουλὰς
3604 3528 3726 3582 τῶν
3800 3546 3802 3583 i

2139 3614 2415 3684 καρδιῶν.
2453 3617 2563 3669 Καὶ
2599 3618 2787 3671 τότεό
2829 3619 3078 3683 ἔπαινος
3123 3616 3440 3687 γενήσεται
3483 3618 3729 3687 ἑκάστῳ
3800 3622 3802 3647 ⁵

2144 3707 2300 3776 παρὰ
2325 3708 2430 3762 τοῦ
2460 3709 2628 3773 Θεοῦ,
2660 3711 2748 3763 ὅτε
2784 3710 3243 3782 ἀπολαμϐάνομεν
3270 3710 3501 3774 ἕκαστος
3537 3709 3613 3763 τὰ
3639 3711 3728 3764 διὰ
3800 3750 3802 3769 ι

454 3803 552 3859 τοῦ
598 3802 848 3866 σώματος
900 3801 1038 3872 πρὸς
1093 3800 1131 3855 ἃ
1176 3798 1432 3871 ἔπραξεν.
1485 3798 1598 3852 εἴτε
1649 3799 1874 3869 ἀγαθὸν,
1917 3800 2026 3852 εἴτε
2054 3798 2277 3868 φαῦλον.

527 3945 622 4000 55.
656 3942 840 4012 Neque
870 3942 1034 3995 etiam
1067 3954 1172 3994 ana
1203 3938 1662 4007 praetermittenda
1689 3938 2025 4008 intelligendi

462 4037 626 4103 ratio,
644 4050 765 4105 qure
824 4034 1024 4088 fortius
1063 4039 1246 4104 potest
1294 4032 1617 4101 prudentem
1671 4032 1937 4102 virginem
1963 4031 2030 4086 ad

461 4126 776 4188 certamina,
804 4139 925 4195 quae
949 4124 1045 4193 ipsi
1065 4124 1380 4178 sustinenda
1402 4133 1549 4188 sunt,
1567 4123 1812 4177 incitare.
1835 4122 2033 4190 Quem-

459 4218 747 4272 admodum
782 4216 925 4270 enim
959 4215 1332 4270 admirabilem
1365 4214 1611 4279 Paulum,
1640 4215 1814 4269 adhuc
1837 4215 1889 4268 in
1914 4229 2034 4269 cor-

459 4325 591 4380 pore
613 4309 921 4379 degentem,
980 4307 1084 4361 alia
1141 4316 1542 4378 praecesserunt
1587 4321 1793 4377 opera;
1826 4308 2030 4371 multis,

2205 3939 2295 3993 55.
2335 3939 2409 3992 Οὐ
2459 3939 2915 4011 παρασιωπητέον
2962 3934 3055 3994 οὖν
3091 3940 3215 3994 οὐδὲ
3261 3943 3361 4014 τὴν
3405 3943 3606 4016 ἑτέραν
3636 3946 3729 4001 ἐν-

2136 4045 2305 4092 νοιαν,
2349 4027 2738 4100 γεννικώτερον
2775 4029 2831 4082 δέ
2856 4031 3163 4102 δυναμένην
3185 4032 3284 4102 τὴν
3320 4035 3552 4107 συνετὴν
3589 4058 3728 4112 παρ-

2139 4119 2292 4172 θένον
2334 4121 2472 4191 πρὸς
2508 4121 2635 4192 τοὺς
2676 4120 3065 4185 ἐπιϐάλλοντας
3103 4122 3299 4188 ἄθλους
3337 4125 3579 4198 ἀλεῖψαι.
3637 4132 3726 4194 Ὠς

2139 4208 2249 4280 γὰρ
2279 4207 2370 4261 τὸν
2404 4208 2714 4279 θαυμαστὸν
2746 4209 2958 4264 Παῦλον
2991 4210 3073 4264 ἐτι
3115 4205 3425 4286 ἐνίσῶματι
3467 4219 3622 4284 ὄντα,
3654 4221 3723 4274 τά

2144 4300 2242 4370 μὲν
2284 4300 2582 4371 προέλαϐεν
2613 4301 2772 4372 ἔργα,
2821 4304 3035 4361 πολλῶν
3072 4309 3180 4362 τῶν
3210 4308 3298 4362 διὰ
3324 4311 3423 4380 τῆς
3465 4312 3723 4367 διδασκα-

460 4401 555 4469 qui
606 4413 706 4470 per
757 4397 872 4466 ejus
934 4398 1233 4453 doctrinam
1260 4413 1325 4453 ac
1363 4398 1530 4452 vitam
1575 4397 1935 4451 consummati
1968 4400 2031 4453 ad

2174 4394 2258 4455 ίας
2289 4410 2349 4445 τε
2388 4395 2482 4447 καὶ
2524 4395 2800 4460 πολιτείας
2844 4399 3010 4453 αὑτοῦ
3060 4401 3452 4457 τελειωθέντων
3497 4406 3579 4468 είς
3628 4408 3720 4459 τὸν

460 4500 718 4547 aeternam
750 4488 798 4542 ei
831 4487 996 4542 vitam
1025 4489 1373 4557 praeiverant,
1402 4489 1623 4556 praemia
1650 4488 1726 4541 illi
1749 4488 2028 4551 sudorum,

460 4596 596 4652 quos
616 4595 715 4652 pro
737 4580 841 4635 illis
864 4579 1181 4644 stillaverat,
1215 4580 1352 4649 apud
1370 4577 1576 4647 justum
1595 4578 1834 4646 indicem
1862 4580 2029 4635 Deum

460 4673 927 4743 prmparantihus;
979 4671 1085 4725 alia
1115 4684 1245 4724 vero
1280 4670 1390 4739 jam
1449 4669 1760 4726 defunctum
1820 4681 2029 4726 etcum

458 4764 674 4819 Christo
696 4767 975 4834 degentem
1006 4771 1327 4833 sequuntur,
1353 4761 1435 4823 iis,
1470 4762 1559 4832 qui
1585 4777 1683 4831 per
1708 4778 1830 4818 eum
1868 4763 1919 4819 in
1946 4780 2032 4819 sa-

460 4856 564 4909 rris
589 4855 707 4925 ejus
761 4853 1110 4923 epistolarum
1161 4852 1445 4920 scripturis
1495 4852 1561 4907 ad
1593 4854 1847 4909 virtutem
1874 4870 2033 4910 exer-

458 4955 672 5008 centur,
699 4944 885 4998 laudes
916 4942 1078 4998 simul
1114 4951 1169 4996 et
1198 4941 1417 5010 praemia
1451 4945 1592 4997 bono
1647 4944 1722 4997 illi
1778 4946 2034 5016 magistro

461 5039 583 5089 hinc
615 5036 987 5089 emittentibus
1018 5050 1032 5085 :
1058 5034 1138 5088 sic
1156 5043 1212 5086 et
1245 5042 1455 5100 contra,
1496 5034 1603 5087 alia
1650 5035 1870 5105 quidem
1899 5053 2033 5106 pra:-

461 5132 659 5181 reduut
683 5137 930 5197 peccata,
962 5140 1084 5180 cum
1110 5124 1187 5191 hi,
1219 5124 1310 5194 qui
1346 5140 1413 5180 ex
1459 5127 1642 5197 pravis
1696 5132 2034 5186 sermonibus

2136 4487 2254 4538 ἐκεῖ
2293 4485 2405 4555 βίον
2448 4487 2611 4542 αὐτὸν
2651 4489 3080 4561 προειληφότων,
3124 4495 3220 4549 καὶ
3269 4495 3339 4548 τὰ
3384 4496 3522 4570 γέρα
3550 4500 3721 4570 αὐτῷ

2135 4578 2243 4632 τῶν
2289 4579 2428 4651 ὑπὲρ
2474 4581 2653 4635 αὐτῶν
2685 4585 3134 4656 καταϐληθέντων
3165 4588 3405 4658 ἱδρώτων
3442 4591 3596 4663 παρά
3643 4594 3721 4664 τῷ

2136 4671 2330 4742 δικαίῳ
2361 4676 2520 4744 κριτῇ
2548 4674 2669 4745 Θεῷ
2707 4677 3112 4747 ἐτοιμασάντων
3135 4696 3149 4709 ·
3192 4680 3260 4733 τὰ
3297 4681 3355 4734 δέ
3385 4682 3716 4737 ἀναλύσαντι

2137 4765 2321 4819 λοιπὸν
2351 4769 2444 4820 καὶ
2471 4768 2567 4821 σὺν
2596 4766 2817 4838 Χριστῷ
2855 4769 3100 4837 γεγονότι
3125 4769 3232 4834 ἓως
3278 4770 3378 4841 τῆς
3409 4771 3574 4843 δεῦρο
3614 4774 3713 4840 ἐφ-

2136 4858 2348 4924 έπεται,
2382 4858 2491 4911 τῶν
2534 4860 2600 4913 δι’
2629 4860 2798 4913 αὑτοῦ
2825 4861 2884 4914 ἐν
2910 4863 3024 4925 τοῖς
3058 4863 3226 4933 ἱεροῖς
3264 4862 3374 4916 τῶν
3412 4865 3712 4918 ἐπιστολῶν

2136 4949 2300 5002 αὑτοῦ
2351 4952 2640 5023 γράμμασι
2705 4954 2843 5025 πρὸς
2898 4953 3099 5025 ἀρετὴν
3144 4955 3533 5025 ἀσκουμένων,
3586 4957 3710 5021 τοὺς

2135 5042 2392 5107 ἐπαίνους
2426 5044 2544 5113 ἅμα
2588 5045 2682 5098 καὶ¹
2720 5046 2947 5116 μισθοὺς
2992 5044 3070 5117 τῷ
3115 5046 3305 5118 ἀγαθῷ
3352 5047 3549 5119 ἐκείνῳ
3579 5048 3714 5101 seu-

2137 5133 2321 5200 σκάλῳ
2348 5134 2560 5189 ἐνθένδε
2597 5137 2924 5203 πεμπόντων
2943 5154 2955 5168 ·
2989 5137 3132 5191 οὕτω
3160 5138 3257 5193 καὶ
3284 5138 3427 5193 κατά
3465 5139 3529 5192 τὸ
3563 5140 3714 5193 ἐναν-

530 5290 575 5320 ⁹⁹
605 5288 786 5343 lTim.
808 5304 867 5353 ν,
895 5286 983 5342 24.
1061 5286 1080 5317 ⁸
1110 5285 1240 5341 ibid.
1269 5284 1363 5341 25.
1440 5287 1461 5317 ⁸
1495 5285 1539 5342 ιι
1567 5287 1692 5345 Cor.
1720 5302 1776 5354 ν,
1804 5288 1887 5343 lO.
1962 5291 1982 5346 ἴ
2006 5288 2026 5343 Ι

2171 5332 2181 5348 .
2207 5309 2280 5360 ιν,
2312 5300 2365 5349 5.

524 5466 645 5541 (55)
679 5466 989 5541 Ἀμαρτ-ίαι.
1045 5467 1224 5525 Editio
1272 5467 1463 5541 Paris.
1514 5466 1686 5541 addit.
1737 5468 2038 5541 γινόμεναι,

465 5540 608 5605 quod
639 5553 737 5592 nec
761 5541 816 5609 in
856 5537 1052 5593 Veneta
1114 5553 1212 5595 nec
1269 5540 1322 5594 in
1354 5554 1486 5595 mss.
1514 5538 1730 5609 legitur.
1753 5537 1758 5538 ⁷
1783 5537 1902 5594 Μοίι
1936 5545 2039 5598 duo

467 5622 620 5679 Inscr,
648 5609 726 5671 εἰς
754 5606 963 5679 βλασφη
974 5608 1121 5673 μίας.

537 5675 1075 5748 (5ϋ)11ροάγουσιν.
1141 5677 1238 5731 llic
1267 5692 1505 5748 quoque
1559 5675 1852 5748 delevimus
1899 5682 2039 5747 quod

468 5746 748 5807 adtlit'scla
775 5746 1097 5809 Parrislensil
1149 5747 1338 5815 editio,
1364 5748 1442 5812 εἰς
1498 5746 1698 5818 κρίσιν.
1730 5748 1891 5803 Paulo
1916 5746 2037 5820 post

2140 5475 2352 5548 codices
2378 5474 2645 5548 nonnulli.
2669 5476 2971 5548 κρυφαίως.

2212 5545 2322 5614 (57)
2346 5545 2478 5600 Καί.
2511 5545 2673 5600 Deest
2710 5544 3034 5613 coniunctio
3066 5547 3117 5601 in
3146 5546 3314 5615 Regio
3343 5547 3530 5603 codice
3549 5544 3715 5601 2879.

2212 5616 2324 5684 (58)
2371 5616 2900 5685 Ἐπελαυνόμενον.
2969 5616 3058 5670 Sic
3111 5620 3323 5674 codices
3366 5617 3613 5673 Conilief.
3662 5628 3715 5669 ct

2143 5685 2228 5741 alii
2264 5687 2524 5741 nonnulli.
2557 5684 2717 5750 I'lditi,
2742 5684 3197 5757 ἀπελαυνόμενον.
