3802 6216
78 294 167 349 ἷῦἹ
1246 287 1449 343 LIBER
1488 287 1574 343 DE
1612 284 2078 343 VlRGlNlTATE.

3199 290 3301 346 758

78 412 175 465 τίον
196 411 248 462 αἰ
286 409 384 478 μὲν
412 407 740 479 προάγουσιν
769 405 1036 478 ἁμαρτίαι
1075 406 1184 459 τῶν
1224 405 1531 476 βλαϐέντων
1565 408 1629 460 ἐκ

1750 416 1826 460 tut
1847 406 2153 460 actionibus
2173 403 2429 458 damnum
2463 417 2720 474 accepero
2760 443 2775 468 ,
2808 402 3080 473 'praaennt
3122 407 3176 461 in
3221 409 3309 464 iu.

78 502 172 555 τῶν
216 497 493 570 μοχθηρῶν
520 497 693 566 λόγων
731 496 765 568 ἢ
808 496 1084 569 πράξεων,
1123 496 1529 568 προειληφότων
1567 514 1628 549 τε

80 593 148 655 εἰς
171 589 308 661 ᾆδον,
338 589 430 643 καὶ
461 588 528 641 τὰ
556 588 894 660 κολαστήρια
919 590 1032 652 τοῖς
1056 588 1159 658 τῆς
1200 587 1408 659 βλάϐης
1436 587 1629 650 αἰτίοις

83 679 577 753 παρασκευαζόντων
623 679 774 731 ἐκεῖ·
824 679 882 731 αἱ
933 678 990 730 δὲ
1034 679 1128 732 καὶ
1179 677 1626 743 ἐπακολουθοῦσι,

82 773 174 824 τῶν
202 771 288 825 καὶ
326 770 459 841 μετὰ
486 769 577 822 τὸν
610 769 835 822 ἐκείνων
862 768 1113 833 θάνατον,
1140 768 1206 822 δι’
1239 769 1307 840 ἢν
1340 768 1630 822 κατέλιπον

82 863 149 934 τῷ
173 861 260 932 βίῳ
286 861 499 925 κακίαν,
528 860 588 924 ἐξ
609 860 789 913 αὐτῶν
821 860 1227 931 βλαπτομένων.
1265 861 1354 924 Ὠς
1387 860 1497 933 γὰρ
1526 860 1631 924 ἓως

83 953 164 1006 τοῦ
191 953 275 1005 νῦν
322 955 351 1006 ό
395 951 664 1022 μακάριος
695 951 859 1006 Δαϐἰδ
896 952 1033 1025 πρὸς
1080 953 1390 1008 θεοσέϐειάν
1432 971 1493 1006 τε
1537 954 1632 1007 καὶ

85 1044 310 1116 προνοίας
345 1043 633 1111 ἐπίγνωσιν
662 1042 881 1111 ὠφελεῖ,
910 1044 1007 1097 καὶ
1033 1045 1083 1096 οἱ
1113 1042 1173 1109 ἐξ
1200 1042 1366 1098 αὐτοῦ
1399 1044 1632 1114 ὠφελού-

89 1153 217 1206 μενοι
238 1133 698 1197 ἐπακολουθούσας
727 1133 874 1204 αύτῷ
906 1133 1217 1204 πέμπουσιν
1260 1133 1511 1188 ἐντεῦθεν
1539 1135 1631 1188 ἐπὶ

87 1230 182 1290 τοῖς
218 1225 427 1288 οἰκείοις
454 1223 844 1295 κατορθώμασι
871 1225 976 1289 τὰς
1003 1224 1110 1279 τῶν
1152 1225 1391 1279 ἐπαίνων
1425 1225 1627 1296 φωνάς’

88 1320 209 1372 οὕτω
232 1318 487 1389 Μαρκίων
527 1318 623 1372 καὶ
665 1319 714 1371 οἰ
744 1317 923 1371 λοιποί¹
954 1316 1063 1371 τῶν
1101 1316 1358 1389 αἱρετικὰ
1399 1318 1633 1386 ἐγκατα-

90 1410 393 1480 σπειράντων
427 1407 508 1478 τῷ
548 1407 648 1478 βίῳ
687 1408 933 1479 δόγματα
969 1408 1329 1479 βλάπτουσιν,
1377 1409 1632 1463 ἁπάντων

86 1499 178 1551 τῶν
215 1498 269 1564 ἐξ
302 1499 477 1553 αὐτῶν
522 1497 771 1551 ἐντεῦθεν
812 1498 1231 1569 βλαπτομένων,
1287 1500 1633 1571 πικροτέροις

87 1589 193 1651 τοὺς
223 1586 700 1659 προκατάρξαντας
737 1587 840 1658 τῆς
859 1587 1059 1651 κακίας
1092 1587 1492 1661 κολαστηρίοις,
1542 1587 1635 1641 καὶ

88 1683 233 1736 πάλαι
266 1683 408 1753 ὅμως
448 1680 773 1745 τεθνεῶτας,
823 1682 940 1734 ἐκεῖ
975 1681 1392 1753 παραδιδόντων.
1436 1682 1500 1733 Εἰ
1526 1681 1635 1750 γὰρ

1736 495 2043 558 fernttm,el
2075 493 2338 563 supplicia
2366 495 2548 549 damni
2598 494 2911 564 auctoribus
2964 495 3072 552 illic
3097 512 3307 567 praepa-

1738 594 1894 651 rant;
1929 584 2033 639 alia
2052 599 2179 639 vero
2203 585 2609 654 subsequuntur
2630 626 2646 653 ,
2718 601 2912 655 nempe
2958 602 3184 654 eorum,
3215 588 3309 658 qui

1737 678 1901 733 etiam
1940 679 2009 732 ab
2034 677 2164 745 illis,
2197 686 2318 746 post
2350 676 2568 732 illorum
2597 690 2849 744 mortem,
2892 679 2960 733 ob
2990 679 3181 735 relicta
3211 694 3313 734 sa:-

1736 770 1857 826 culo
1880 779 2227 826 monumenta
2252 771 2507 839 nequitiae
2530 770 2817 826 laeduntur.
2848 770 3310 837 Quemadmodum

1738 861 1882 914 enim
1913 862 2174 915 hactenus
2201 861 2390 917 beatus
2416 860 2587 915 David
2612 861 2681 915 ad
2718 861 2810 915 Dei
2847 860 3051 915 cultum
3091 869 3147 915 et
3182 875 3313 930 pro-

1737 953 1990 1008 videmiae
2011 954 2338 1022 agnitionem
2385 953 2559 1023 juvat,
2587 961 2642 1009 et
2664 952 2754 1022 qui
2802 953 2871 1007 ab
2917 968 2981 1008 eo
3030 951 3308 1020 juvautur,

1738 1043 1971 1112 propriis
2010 1043 2270 1111 praeclare
2308 1043 2616 1103 factisbinc
2668 1046 2718 1098 ei
2751 1042 2967 1097 laudum
3006 1057 3166 1098 voces
3191 1059 3312 1113 qua:

1738 1134 1913 1202 ipsum
1941 1144 2264 1204 sequuntur,
2295 1135 2548 1189 emittunt
2574 1153 2586 1188 :
2620 1135 2701 1190 sic
2756 1134 2992 1189 Marcion
3018 1146 3073 1190 et
3097 1135 3188 1189 alii
3217 1137 3308 1205 qui

1739 1225 1993 1280 haeretica
2030 1227 2278 1295 dogmata
2310 1226 2364 1279 in
2398 1227 2500 1280 hac
2540 1227 2646 1280 vita
2680 1226 3038 1291 scminavere,
3057 1227 3311 1281 damnum

1743 1315 2008 1379 inferunl,
2035 1330 2098 1369 ac
2156 1330 2364 1381 omnes,
2412 1317 2504 1386 qui
2534 1316 2602 1370 ab
2629 1317 2709 1371 eis
2755 1317 2843 1371 hic
2881 1316 3169 1382 laeduntur,
3192 1333 3315 1385 gra-

1740 1407 1983 1462 vioribus
2013 1408 2137 1461 mali
2163 1419 2413 1463 auctores
2446 1408 2742 1478 suppliciis,
2758 1408 2860 1463 etsi
2875 1409 2988 1478 jam
3013 1409 3140 1465 olim
3163 1403 3313 1464 mur?

1742 1509 1885 1565 tuos,
1913 1500 2023 1555 illic
2047 1500 2290 1553 tradunt.
2326 1500 2459 1552 Nam
2491 1501 2536 1555 si
2568 1501 2636 1565 is,
2670 1500 2863 1569 inquit,
2902 1500 2996 1571 qui
3038 1516 3201 1555 unum
3245 1516 3313 1555 ex

1739 1590 1981 1659 parvulis
2024 1591 2497 1659 scandalizaverit,
2545 1593 2639 1647 tali
2684 1603 2859 1648 morte
2892 1592 3087 1662 dignus
3104 1591 3314 1661 judica-

1740 1688 1835 1736 tur
1858 1682 1908 1748 ‘,
1941 1683 2031 1752 qui
2067 1692 2143 1737 tot
2169 1698 2230 1738 ac
2254 1693 2432 1741 tantos
2473 1684 2883 1752 scandalizavit,
2907 1686 3318 1757 ldumimproba:

86 1773 186 1837 ἕνα,
226 1773 403 1843 φησὶν,
446 1772 545 1825 ἐάν
581 1790 665 1836 τις
695 1771 804 1826 τῶν
848 1772 1064 1843 μικρῶν
1100 1772 1452 1844 σκανδαλίσῃ,
1485 1772 1639 1825 τοῦδε

1750 1774 1867 1827 vitae
1896 1774 1962 1827 ad
1988 1774 2352 1844 corruptelam
2386 1789 2613 1851 imorum
2654 1776 2912 1845 relinquit
2935 1777 3203 1848 exempla,
3226 1788 3319 1832 aut

86 1863 166 1916 τοῦ
186 1862 400 1918 θανάτου
434 1862 586 1929 ἄξιος
614 1863 882 1934 κρίνεται,
907 1865 936 1916 ὁ
963 1862 1271 1926 τοσούτους,
1300 1864 1387 1916 διὰ
1409 1862 1501 1916 τοῦ
1527 1862 1637 1933 (59)

87 1954 332 2027 μοχθηροῦ
368 1955 484 2025 βίου
514 1956 652 2027 πρὸς
677 1954 975 2027 διαφθορὰν
1002 1954 1149 2024 ἠθῶν
1188 1954 1639 2008 καταλελοιπέναι

89 2046 449 2117 ὑποδείγματα,
479 2048 514 2118 ἢ
547 2047 851 2118 φθοροποιὰ
882 2046 1072 2116 ψυχῶν
1098 2032 1538 2116 ἀναφυέναίμο)
1574 2046 1642 2098 τὰ

88 2138 320 2207 δόγματα,
344 2139 729 2204 σκανδαλίζων,
752 2138 866 2203 καὶ,
893 2139 1034 2208 μετὰ
1053 2138 1145 2193 τὸν
1170 2139 1367 2191 οἰκεῖον
1392 2136 1640 2200 θάνατον,

88 2229 313 2283 ἁπάντων
354 2230 420 2283 ἂν
460 2228 572 2283 τῶν
600 2229 669 2282 δι’
705 2229 867 2283 αὐτὸν
900 2228 1352 2301 ἀποθνησκόντων
1392 2227 1643 2282 θανάτων

92 2322 356 2386 ὑπεύθυνος
381 2322 550 2390 ἀξίως
576 2323 671 2376 καὶ
696 2322 920 2386 δικαίως
950 2321 1289 2391 ἀποφανθείη
1309 2362 1324 2386 ,
1367 2321 1490 2375 καθ’
1515 2320 1644 2374 ἐκα-

94 2430 196 2467 στον
228 2414 328 2467 τῶν
358 2415 423 2468 δι’
451 2414 617 2468 αὐτὸν
650 2413 1174 2485 τραυματιζομένων
1209 2413 1242 2483 ἢ
1284 2412 1647 2482 ἀποθνησκόν-

92 2521 181 2555 των
204 2503 450 2568 ἐνταῦθα,
484 2503 630 2558 κατὰ
658 2503 748 2556 τὸν
787 2504 905 2557 ἐκεῖ
930 2503 1103 2557 αἰῶνα
1133 2501 1643 2573 τραυματιζομένου

93 2612 140 2646 τε
180 2595 262 2649 τοῦ
306 2597 478 2649 αἰτίου
529 2595 625 2649 καὶ
667 2594 1124 2667 ἀποθνήσκοντος.
1167 2595 1231 2646 El
1276 2594 1333 2646 δὲ
1366 2594 1461 2647 καὶ
1506 2594 1647 2647 κατὰ

93 2685 253 2740 τοῦτον
285 2688 373 2740 τὸν
398 2687 603 2760 τρόπον
642 2687 699 2739 αἰ
741 2686 838 2758 μὲν
883 2687 1184 2757 προάγουσι
1218 2684 1468 2755 πράξεις,
1498 2687 1555 2738 αἰ
1592 2685 1648 2738 δέ

92 2780 485 2834 ἐπακολουθοῦσι
503 2797 518 2811 ο
548 2780 643 2832 καὶ
672 2778 860 2851 ὥσπερ
887 2780 943 2832 αἱ
984 2778 1087 2831 ὑπὸ
1121 2777 1319 2840 κακίας
1348 2776 1650 2829 ἐπακολου-

95 2867 257 2923 θοῦσαι
287 2871 493 2941 μείζονι
526 2869 746 2923 κολάσει
776 2868 867 2921 τὸν
899 2865 1076 2927 αἴτιον
1120 2865 1229 2919 τῶν
1265 2865 1385 2918 καθ’
1422 2865 1649 2918 ἕκαστον

96 2958 448 3032 βλαπτομένων
480 2960 872 3033 παραδιδόασιν
891 2975 907 2988 ·
938 2960 994 3011 αἱ
1026 2957 1085 3010 δέ
1112 2955 1219 3009 ἀπὸ
1244 2956 1446 3028 ἀρετῆς
1471 2956 1652 3026 μειζό-

94 3068 182 3105 νων
203 3054 314 3106 καθ’
340 3055 573 3108 ἕκαστον
599 3052 708 3107 τῶν
746 3049 1143 3122 ὠφελουμένων
1170 3067 1230 3102 τε
1273 3051 1367 3103 καὶ
1406 3049 1513 3102 ἀπὸ
1549 3066 1649 3102 κα-

96 3144 199 3209 κίας
232 3148 665 3220 ἐπιστρεφόντων
703 3145 795 3198 τὸν
841 3130 1159 3197 διδάσκαλον
1191 3142 1370 3213 γερῶν
1401 3139 1613 3205 ἀξιοῦσι
1636 3156 1647 3167 ·

97 3238 227 3309 καὶὴ
258 3240 526 3310 παρθένος
554 3238 664 3311 ἄρα
688 3236 800 3308 ἔχει
825 3236 978 3300 τινὰς
1011 3233 1133 3289 καθ’
1168 3234 1424 3305 ἑκάτερον
1454 3232 1654 3303 ἀρετῆς

97 3327 122 3398 ἢ
155 3330 355 3396 κακίας,
388 3331 487 3395 τὰς
517 3330 615 3401 μὲν
645 3326 994 3400 προαγούσας
1028 3325 1276 3397 πράξεις,
1323 3322 1422 3386 τὰς
1452 3321 1497 3374 δ’
1547 3323 1647 3374 ἐπ-

97 3419 459 3486 ακολουθούσας
477 3440 493 3452 ·
537 3421 630 3474 κα)⁵
662 3420 818 3473 ἀθλία
855 3418 954 3491 μέν
981 3417 1164 3488 ἐκείνη
1184 3458 1200 3480 ,
1230 3418 1265 3487 ἡ
1300 3413 1436 3486 πρὸς
1473 3416 1538 3484 τῇ
1565 3412 1652 3465 διὰ

96 3512 179 3582 τὴν
202 3515 395 3569 οἰκείαν
424 3514 703 3586 ἁμαρτίαν
725 3513 967 3578 κολάσει,
999 3512 1095 3565 καὶ
1117 3508 1207 3563 διὰ
1232 3508 1295 3562 τὸ
1316 3507 1425 3561 τῶν
1449 3507 1652 3578 ἐτέρων

98 3602 290 3673 πτῶμα,
319 3599 405 3668 αἷς
434 3602 686 3667 ὑπέδειξε
724 3602 853 3668 τοὺς
898 3601 1034 3673 πρὸς
1073 3597 1348 3670 ἁμαρτίαν
1380 3596 1648 3661 ὀλίσθους,

97 3692 171 3744 ἀεὶ
210 3696 500 3767 πικροτέρᾳ
550 3693 767 3747 κολάσει
803 3691 1236 3763 παραδιδομένη’
1274 3690 1652 3763 τρισμακαρία

1741 1863 2045 1930 perniciosa
2075 1865 2363 1919 animabus
2402 1865 2628 1933 pullulat
2652 1866 2928 1937 dogmata,
2980 1867 3171 1923 mortis
3199 1883 3318 1924 ont-

1742 1959 1913 2020 nium,
1932 1957 2025 2025 qui
2056 1968 2273 2027 pr0pter
2298 1972 2421 2018 eum
2464 1958 2790 2023 moriuntur,
2819 1974 2944 2014 reus
2966 1959 3090 2029 jure
3114 1972 3179 2013 ac
3207 1974 3318 2013 me-

1743 2050 1848 2104 rito
1879 2048 2177 2118 judicetur,
2214 2050 2289 2103 ita
2321 2057 2400 2115 ut,
2434 2058 2597 2119 prout
2623 2049 2818 2122 singuli
2842 2061 3065 2120 propter
3088 2065 3210 2105 eum
3230 2050 3317 2103 hic

1743 2138 2116 2203 vulnerantur,
2152 2147 2249 2192 aut
2275 2138 2608 2203 moriuntur,
2637 2139 2754 2209 ipse
2776 2149 2966 2194 auctor
3014 2138 3069 2193 in
3099 2138 3189 2192 illa
3209 2140 3316 2191 vita

1744 2231 2055 2285 vulneretur
2079 2240 2135 2285 et
2163 2231 2451 2295 moriatur.
2472 2230 2624 2298 Quod
2651 2233 2696 2287 si
2723 2231 2890 2303 65.9
2912 2231 3076 2289 etiam
3115 2245 3316 2286 secun-

1745 2324 1871 2376 dum
1902 2323 2042 2377 hanc
2078 2323 2344 2377 rationem
2393 2323 2513 2377 alia:
2561 2323 2778 2391 quidem
2822 2324 3133 2394 praecedunt
3176 2324 3315 2376 acti-

1744 2425 1899 2475 ones,
1953 2410 2073 2465 alize
2120 2425 2252 2465 vero
2299 2410 2748 2491 subsequuntur;
2783 2414 2829 2469 si
2866 2413 3318 2483 quemadmodum

1747 2515 1869 2569 quae
1929 2514 1997 2554 ex
2042 2501 2281 2569 nequitia
2335 2511 2764 2570 consequuntur,
2804 2504 2997 2573 majori
3037 2503 3320 2573 supplicio,

1748 2601 1908 2662 prout
1946 2592 2179 2661 quisque
2203 2592 2433 2657 laeditur,
2464 2593 2594 2647 mali
2641 2603 2917 2649 auctorem
2969 2596 3223 2663 tradunt;
3250 2596 3322 2650 ita

1747 2683 1908 2736 etiam
1946 2698 2069 2753 quae
2099 2696 2166 2735 ex
2202 2682 2407 2735 virtute
2438 2694 2846 2753 consequuntur
2876 2685 3140 2749 actiones,
3167 2695 3323 2756 prout

1750 2774 1978 2843 quisque
2004 2771 2230 2840 juvatur
2279 2781 2373 2826 aut
2417 2788 2449 2827 a
2497 2775 2630 2830 vitio
2681 2786 2992 2842 revocatur,
3025 2777 3324 2847 majoribus

1751 2865 1989 2936 praemiis
2014 2866 2331 2934 magistrum
2358 2878 2588 2936 augent;
2610 2867 2879 2938 habetque
2908 2869 3151 2940 profecto
3171 2870 3324 2940 virgo

1752 2973 1815 3011 ex
1849 2966 2079 3026 utraque
2133 2964 2310 3025 parte,
2363 2958 2496 3012 vitio
2554 2968 2647 3012 aut
2680 2959 2897 3027 virtute,
2945 2960 3079 3016 alias
3106 2961 3322 3030 quidem

1752 3050 2118 3116 praecedentes
2144 3048 2407 3111 actiones,
2437 3048 2571 3103 alias
2609 3065 2741 3104 vero
2769 3063 3192 3121 consequentes;
3225 3056 3324 3106 mi-

1753 3153 1874 3191 sera
1927 3138 2144 3207 quidem
2203 3138 2289 3190 illa
2325 3146 2430 3203 est,
2463 3153 2582 3207 quae
2630 3148 2827 3207 praeter
2878 3154 3096 3210 poenam
3122 3143 3324 3211 proprii

1751 3230 1979 3300 peccati,
2004 3229 2168 3282 etiam
2192 3227 2262 3282 ob
2287 3228 2514 3282 aliarum
2558 3243 2781 3292 casum,
2833 3230 3028 3300 quibus
3052 3231 3106 3284 in
3138 3248 3324 3300 pecea-

1755 3328 1866 3371 tum
1896 3317 2106 3371 labendi
2139 3326 2328 3371 auctor
2351 3316 2470 3381 fuit,
2498 3331 2713 3385 semper
2756 3319 3022 3373 acerbiori
3065 3321 3325 3389 supplico

1755 3408 1986 3463 traditur
2016 3426 2028 3461 :
2065 3417 2123 3462 at
2151 3418 2231 3464 ter
2261 3409 2439 3477 beata,
2467 3428 2587 3482 qua:
2630 3422 2828 3481 praeter
2867 3415 3115 3485 proprias
3161 3431 3321 3470 coro—

1755 3517 1872 3566 nas,
1907 3500 2070 3555 etiam
2100 3511 2322 3571 propter
2369 3502 2515 3569 illas,
2572 3519 2693 3573 qua:
2745 3507 2798 3559 in
2837 3504 2979 3559 illius
3024 3500 3326 3561 imitatione

1757 3602 2112 3656 coronantur,
2152 3606 2250 3661 pro
2306 3591 2534 3664 singulis
2570 3604 2691 3664 post
2740 3605 2967 3650 mortem
2996 3594 3051 3650 in
3083 3596 3172 3650 illa
3215 3596 3325 3651 vita

1755 3692 2066 3737 COI‘OIIﬂlUI‘.

98 3780 145 3835 δὲ
165 3784 349 3857 ἐκείνη,
376 3788 410 3856 ἡ
433 3784 571 3858 πρὸς
598 3786 710 3848 τοῖς
745 3785 896 3847 ἰδίοις
919 3784 1204 3852 στεφάνοις
1228 3784 1322 3837 καὶ
1347 3781 1435 3835 διὰ
1453 3781 1550 3844 τὰς
1582 3783 1645 3835 ὲκ
1682 3777 1775 3833 τοῦ
1825 3774 1962 3844 πρὸς
2030 3771 2201 3844 αὐτὴν
2246 3776 2407 3846 ςήλου
2450 3784 2905 3848 στεφανουμένας,
2938 3777 3062 3832 καθ’
3091 3778 3326 3850 ἑκάστην

99 3874 176 3926 καὶ
201 3875 326 3944 μετὰ
346 3877 578 3930 θάνατον
603 3876 741 3929 κατὰ
763 3876 852 3929 τὸν
873 3877 991 3928 ἐκεῖ
1008 3874 1181 3927 αἰῶνα
1207 3873 1638 3944 στεφανουμένη.

156 3965 235 4021 34.
270 3968 330 4022 Εἰ
355 3965 446 4022 οὖν
470 3968 627 4023 οὐδέν
655 3970 771 4021 ἐστι
798 3970 1181 4040 κεκρυμμένον
1202 3969 1230 4022 ὃ
1253 3969 1352 4022 οὐκ
1374 3970 1645 4022 ἀποκαλυ-

1816 3963 1902 4017 54.
1946 3961 2002 4015 Si
2031 3961 2194 4032 igitur
2218 3961 2351 4015 nihil
2388 3970 2472 4016 est
2509 3961 2781 4017 occultum
2811 3962 2953 4033 quod
2986 3979 3090 4018 non
3117 3964 3328 4020 revela-

100 4055 353 4129 φθήσεται,
382 4060 471 4114 διὰ
504 4061 710 4124 πάντας
743 4061 871 4124 τοὺς
914 4061 1354 4132 προειρημένους
1382 4060 1576 4128 λόγους
1614 4062 1645 4131 ὴ

1750 4055 1894 4109 bitur
1920 4054 1964 4120 ⁸,
2028 4063 2250 4124 propter
2277 4068 2466 4107 omnes
2516 4054 2802 4122 medietas
2866 4056 3104 4110 rationes
3155 4057 3327 4126 virgo,

101 4149 333 4218 παρθένος
354 4153 446 4205 καὶ
473 4152 611 4223 μόνη
640 4147 794 4213 οὖσα,
822 4153 921 4222 τῆς
947 4151 1058 4221 (41)
1085 4151 1500 4223 ἀναμαρτησίας
1527 4153 1645 4203 ἐαυ-

1750 4146 1957 4201 etiamsi
2017 4144 2130 4199 sola
2151 4146 2243 4208 sit,
2272 4144 2421 4199 dabit
2447 4159 2666 4214 operam
2695 4155 2754 4199 ut
2778 4156 3056 4216 peccatum
3085 4146 3328 4219 effugiat,

101 4236 182 4306 τῆς
209 4243 576 4313 προνοήσεται,
607 4241 668 4293 ού
694 4242 792 4304 τὰς
814 4241 921 4294 τῶν
944 4241 1145 4295 λοιπῶν
1170 4241 1472 4314 ἀνθρώπων
1501 4242 1645 4311 ὄψεις

1750 4254 1853 4291 non
1886 4236 2060 4290 solum
2095 4236 2429 4305 reliquorum
2488 4236 2767 4290 hominum
2796 4238 3128 4304 oculos,gsed
3163 4240 3324 4295 etiam

105 4327 259 4394 μόνον,
287 4330 419 4385 ἀλλὰ
447 4329 633 4401 πολλῷ
660 4330 841 4396 πλέον,
872 4347 945 4401 φη
954 4332 1037 4401 μὶ,
1071 4331 1169 4394 τὰς
1193 4332 1392 4401 ἑαυτῆς
1421 4331 1515 4383 καί
1542 4331 1645 4382 τῶν

1758 4326 1929 4380 multo
1986 4326 2161 4395 magis
2217 4339 2346 4380 suos
2411 4325 2583 4394 ipsius
2630 4340 2693 4378 ac
2758 4326 3070 4396 angelorum
3130 4329 3328 4398 ubique

102 4418 383 4490 ἁπανταχοῦ
457 4421 710 4492 ὁρώντων
778 4421 1027 4490 ἀγγέλων
1092 4421 1489 4492 ἐντρεπομένη.
1552 4422 1645 4475 Διὰ

1757 4420 2117 4488 spectantium
2157 4421 2410 4474 reverita.
2447 4417 2735 4487 Pr0plerea
2765 4421 2903 4473 enim
2936 4421 3102 4483 debet,
3134 4419 3327 4489 inquit,

102 4506 254 4561 τοῦτο
278 4510 403 4579 γὰρ,
439 4512 627 4582 φησὶν,
657 4513 882 4581 ὀφείλει
912 4513 949 4580 ἡ
982 4511 1137 4580 γυνὴ
1169 4512 1464 4575 ἐξουσίαν
1493 4511 1645 4581 ἔχειν

1755 4512 1946 4564 mulier
1973 4520 2277 4579 potestatem
2299 4509 2488 4563 habere
2526 4525 2687 4579 supra
2738 4520 2894 4578 caput
2927 4521 3136 4579 propter
3168 4527 3329 4581 ange-

101 4594 185 4647 ὲπί
207 4598 309 4667 τῆς
334 4600 607 4670 κεφαλῆς
646 4601 743 4654 διὰ
769 4602 912 4667 τοὺς
949 4603 1263 4673 ἀγγέλους.
1308 4603 1383 4655 Οὐ
1416 4602 1526 4673 γὰρ
1555 4602 1645 4667 δεῖι

1754 4602 1833 4656 los
1867 4602 1909 4656 ⁸.
1949 4600 2065 4656 Νοη
2109 4601 2253 4656 enim
2277 4609 2512 4671 oportet,
2550 4609 2611 4654 ut
2660 4602 2876 4655 etiamsi
2919 4603 3029 4656 sola
3076 4603 3216 4656 domi
3245 4618 3332 4657 se-

104 4685 190 4738 κᾶν
226 4689 279 4741 ἐν
306 4691 437 4761 οἴκῳ
474 4691 610 4762 μόνη
648 4690 945 4763 καθέζηται
982 4692 1104 4745 καθ’
1149 4693 1347 4763 ἑαυτὴν
1382 4695 1417 4762 ἡ
1455 4690 1645 4762 παρθέ-

1756 4693 1880 4747 deat
1904 4692 2080 4763 virgo,
2113 4701 2399 4762 propterea
2437 4691 2584 4762 quod
2613 4693 2794 4748 nullus
2835 4693 2990 4749 adest
3023 4694 3326 4758 hominum,
3360 4746 3363 4749 λ

104 4791 197 4839 νος,
225 4777 351 4833 διότι
383 4781 574 4850 μηδεὶς
606 4783 837 4852 πάρεστι
861 4782 969 4835 τῶν
1000 4781 1323 4854 ἀνθρώπων,
1351 4781 1658 4853 ἀδιαφόρως

104 4870 434 4937 γυμνοῦσθαι.
463 4873 607 4926 Πολὺ
635 4874 765 4946 γὰρ,
798 4876 960 4946 φημὶ,
990 4874 1280 4943 ἐπαγωγὸς
1307 4876 1340 4945 ἡ
1371 4872 1532 4942 φύσις
1561 4870 1656 4925 τοῦ

107 4955 293 5030 θήλεος,
331 4965 513 5019 πᾶσαν
560 4961 767 5037 ίῤῥενα
808 4965 973 5034 φύσιν
1016 4965 1137 5020 καθ’
1186 4965 1383 5036 ἑαυτῆς
1421 4963 1659 5016 ἐπισπά-

109 5051 300 5107 σασθαι.
326 5057 437 5110 Καὶ
472 5057 534 5110 οὐ
567 5056 657 5110 διὰ
680 5056 841 5110 τοῦτο
876 5056 1036 5127 μόνον
1063 5056 1427 5126 φυλάττεσθαι
1456 5055 1539 5108 δεῖ
1560 5056 1660 5119 τὰς

105 5141 201 5194 τῶν
223 5145 483 5217 δαιμόνων
508 5149 794 5220 ἐπηρείας,
814 5150 1061 5218 ἀοράτως
1084 5145 1478 5218 ἐφεδρευούσας
1503 5148 1657 5218 ἡμῖν,

107 5231 182 5284 ἀεὶ
207 5236 625 5305 ὑποπτεύουσαν,
662 5238 798 5294 ἀλλὰ
843 5239 940 5292 καὶ
966 5239 1055 5292 διὰ
1088 5239 1215 5301 τοὺς
1250 5239 1435 5303 πᾶσιν,
1467 5237 1651 5306 φησὶν,

107 5322 392 5397 αἰδεσίμους
423 5330 687 5399 ἀγγέλους
736 5328 986 5394 ἐξουσίαν
1029 5328 1174 5400 ἔχειν
1220 5328 1446 5397 ὀφείλει.
1494 5327 1656 5399 Ἀνὴρ

110 5414 194 5482 μὲν
226 5417 347 5490 γὰρ,
384 5420 461 5485 ὡς
490 5422 584 5475 τοῦ
622 5420 914 5491 ἀγγελικοῦ
952 5421 1154 5492 τρόπον
1191 5419 1313 5473 τινὰ
1352 5417 1659 5489 ἀξιώματος

172 5508 190 5541 ⁸
217 5509 398 5568 Matth.
427 5531 582 5583 xvm,
609 5517 665 5572 6.
739 5517 761 5548 '
792 5515 984 5571 Matth.
1017 5530 1071 5579 ι,
1098 5513 1189 5568 26.
1265 5510 1331 5565 °l
1371 5513 1497 5567 Cor.
1523 5527 1599 5575 χι,
1634 5510 1720 5565 10.

168 5620 433 5699 (δῇ-Τοῦ.
466 5627 791 5699 Legendum,
823 5633 901 5684 τό.

172 5693 648 5766 (θθ)³Αναφυέὗαι.
676 5693 857 5768 Forte,
891 5697 1245 5768 ἀναφανῆναι.
1277 5693 1433 5750 Ευιτ.

1757 4782 2132 4840 indifferenter
2150 4785 2403 4839 nudetur.
2433 4784 2660 4840 Multum
2683 4785 2828 4840 enim
2847 4794 3028 4842 statuo
3070 4801 3192 4842 esse
3213 4787 3328 4842 ille-

1756 4876 2041 4931 cebrarum
2093 4875 2145 4930 in
2204 4873 2436 4930 feminea
2483 4884 2699 4942 natura,
2761 4886 2823 4931 ut
2866 4891 3080 4932 omnem
3119 4878 3329 4934 virilem

1757 4978 2004 5020 naturam
2034 4966 2088 5021 in
2125 4968 2474 5037 semetipsam
2510 4968 2712 5021 trahat.
2768 4967 2957 5037 Neque
2993 4966 3063 5022 ob
3089 4982 3209 5023 eam
3243 4984 3330 5023 so-

1759 5056 1869 5110 lum
1907 5073 2128 5112 causam
2158 5059 2387 5129 injurias
2419 5059 2751 5123 daemonum,
2807 5073 2927 5127 qua:
2957 5058 3109 5113 nobis
3144 5059 3331 5114 invisi-

1761 5150 1941 5205 biliter
1963 5150 2313 5214 insidiantur,
2344 5165 2539 5204 cavere
2570 5151 2728 5204 debet
2784 5165 2849 5205 ac
2894 5165 3110 5222 semper
3135 5167 3331 5222 suspe-

1761 5250 1878 5294 ctas
1900 5241 2134 5306 habere;
2162 5241 2253 5297 sed
2281 5242 2445 5295 etiam
2471 5241 2541 5294 ob
2576 5243 2901 5297 reverendos
2941 5242 3217 5305 omnibus.
3247 5245 3332 5298 in-

1763 5330 1904 5397 quit,
1950 5330 2169 5399 angelos
2227 5339 2547 5399 potestatem
2580 5329 2783 5385 habere
2812 5330 2992 5385 debet.
3022 5331 3119 5386 Vir
3160 5333 3327 5393 enim,

1774 5433 1895 5473 cum
1950 5420 2247 5490 angelicam
2291 5419 2690 5489 quodammodo
2734 5428 3057 5490 potestatem
3110 5420 3326 5483 habent,

1839 5619 1950 5689 (41)
1989 5615 2123 5685 Τῆς.
2162 5614 2252 5689 _Sic
2302 5622 2717 5689 mss._quatuor.
2753 5615 2929 5689 AEditi,
2969 5613 3085 5679 τάς.
3126 5612 3323 5667 Ibidem

1766 5684 1905 5745 unus
1932 5684 2119 5751 codex,
2161 5684 2350 5738 ἑαυτοῦ
2372 5700 2385 5713 ·
2416 5684 2571 5751 alius,
2604 5687 2824 5756 ἑαυτήν.
