3802 6216
462 285 569 343 759

461 403 607 458 nudo
639 403 816 470 capite
845 402 1124 456 sodalibus
1161 402 1392 458 ﬁdenter
1437 420 1496 458 se
1542 403 1815 459 ostendat.
1853 403 2045 457 Mulier
2073 413 2119 470 Α

462 505 661 559 autem,
694 511 814 564 qua:
839 495 1009 548 multo
1040 495 1376 560 inferiorem,
1399 513 1562 566 quam
1587 497 1692 563 vir,
1737 498 1929 552 sortita
1958 507 2042 553 cst

465 598 729 649 naturam,
765 595 1087 654 potestatem
1127 588 1324 642 habeat
1366 589 1418 642 in
1469 590 1645 658 capite
1675 607 1688 654 ;
1723 605 1876 644 suam
1906 607 2043 659 prte-

460 680 706 733 stautiori
757 680 1235 745 summissionem,
1290 679 1539 734 habendo
1608 692 1934 749 potestatem
1988 683 2041 737 in

459 774 656 841 capite,
687 773 945 828 decenter
996 774 1285 828 conﬁtens.
1333 772 1651 842 Propterea,
1699 775 1896 844 inquit,
1925 777 2040 844 ipsa

456 863 625 917 etiam
662 872 856 917 natura
890 863 1100 932 capillis
1128 878 1316 918 earum
1362 875 1527 935 caput
1574 867 1628 920 in
1685 869 1886 921 vertice
1914 884 2044 922 con-

461 955 615 1018 texit,
644 971 739 1010 sua
773 965 966 1024 sponte
998 957 1221 1022 docens,
1274 972 1382 1012 non
1434 968 1709 1026 oportere,
1755 969 1810 1012 ut
1853 959 2043 1014 mulier

457 1059 719 1115 unquam,
750 1062 856 1101 non
881 1047 1057 1102 solum
1089 1047 1196 1103 alio
1222 1047 1406 1118 aliquo
1437 1048 1706 1114 membro,
1738 1051 1830 1104 sed
1857 1065 1924 1104 ne
1951 1066 2044 1106 ca-

455 1139 567 1204 pite
601 1139 819 1207 quidem
852 1138 1225 1194 indifferenter
1257 1141 1522 1208 nudetur;
1555 1151 1610 1196 et
1653 1143 1777 1212 quia
1811 1144 1938 1197 solae
1969 1145 2046 1197 in-

456 1227 692 1293 terdum,
718 1228 851 1282 viris
918 1229 1260 1295 absentibus,
1287 1228 1338 1283 id
1397 1229 1577 1285 facere
1615 1246 1718 1284 non
1766 1241 2040 1297 verentur,

455 1320 909 1375 venerabiliorem
955 1321 1091 1375 viris
1157 1320 1478 1391 dignitatem
1541 1321 1759 1391 adjecit,
1815 1323 2039 1379 dicens:

455 1420 668 1480 propter
695 1411 928 1482 angeios,
963 1413 1058 1482 qui
1092 1414 1293 1482 ubique
1321 1413 1520 1467 adsunt
1542 1425 1596 1467 et
1638 1429 1759 1483 qua:
1784 1428 2046 1484 geruntur

457 1504 663 1557 vident.
698 1502 1039 1557 Revereatur
1063 1519 1195 1574 ergo
1245 1504 1426 1558 omnis
1489 1503 1704 1568 mulier,
1746 1507 1919 1560 adhuc
1958 1522 2045 1560 au-

461 1603 569 1645 tem
603 1590 770 1646 multo
795 1592 968 1662 magis
996 1592 1152 1660 virgo
1187 1590 1432 1662 angelos,
1459 1591 1674 1645 etiamsi
1710 1591 1822 1645 sola
1845 1592 2046 1660 absque

462 1679 776 1746 hominibus
795 1681 938 1735 domi
974 1691 1221 1736 versetur
1262 1699 1276 1734 :
1330 1691 1386 1736 et
1429 1696 1551 1735 cum
1585 1684 1882 1737 necessitas
1919 1685 2072 1744 inci-,

455 1774 546 1824 det
585 1771 810 1826 curandi
842 1773 1110 1841 corporis,
1166 1781 1222 1827 et
1251 1781 1416 1842 caput
1469 1783 1524 1828 et
1558 1773 1768 1844 singula
1812 1789 2037 1843 compo-
2078 1757 2119 1811 Β

453 1877 591 1917 nens
622 1878 758 1931 opus
791 1873 1064 1933 properet,
1089 1874 1145 1919 et
1169 1876 1429 1935 quantum
1458 1865 1573 1921 ﬁeri
1608 1875 1804 1935 potest,
1834 1868 2044 1936 operiat

455 1953 722 2018 membra,
745 1953 816 2005 ita
845 1961 903 2007 ut
940 1969 1045 2008 non
1085 1952 1256 2008 solum
1271 1969 1398 2010 suos
1428 1955 1596 2024 ipsius
1630 1972 1694 2010 ac
1724 1957 2040 2026 angelorum

455 2043 640 2097 oculos
665 2058 878 2112 semper
905 2054 1242 2111 revereatur,
1308 2045 1403 2100 sed
1464 2047 1626 2104 etiam
1684 2056 1941 2116 tanquam
1984 2047 2040 2101 in

455 2136 674 2206 pr0prio
697 2138 1016 2192 exercendae
1047 2139 1266 2206 pietatis
1291 2139 1534 2194 sacrario
1565 2139 1631 2194 ad
1665 2144 1923 2209 pudorem
1957 2154 2042 2195 se-

455 2226 739 2296 metipsam
771 2227 1012 2284 studiose
1052 2235 1324 2282 exerceat.

528 2523 620 2578 35.
654 2522 807 2588 Quod
839 2521 882 2574 si
912 2536 980 2576 ne
1006 2529 1117 2575 tum
1143 2520 1359 2588 quidem
1391 2534 1515 2574 cum
1550 2529 1662 2574 sola
1697 2531 1798 2584 est,
1828 2520 2044 2574 inditl'e-

455 2627 636 2672 renter
668 2615 958 2670 nudabitur
980 2656 995 2679 ,
1032 2614 1202 2668 multo
1233 2614 1437 2684 magis,
1492 2613 1754 2668 fratribus
1788 2616 1837 2667 in
1876 2614 2043 2685 650

454 2711 675 2765 Christo
705 2707 1087 2778 praesentibus,
1124 2705 1477 2776 semetipsum
1535 2716 1591 2759 et
1646 2707 1827 2760 tunica
1858 2719 1910 2760 et
1942 2723 2042 2775 pu-

454 2805 586 2858 dore
619 2802 865 2855 modeste
885 2799 1170 2854 exornabit
1190 2814 1206 2863 ;
1229 2811 1334 2850 non
1356 2796 1529 2850 solum
1555 2795 1756 2849 nullmn
1789 2812 1852 2848 ex
1876 2812 2044 2849 mem-

453 2895 592 2958 bris,
624 2908 746 2963 quae
776 2902 925 2946 veste
968 2889 1266 2959 operienda
1309 2896 1455 2955 sunt,
1485 2885 1678 2941 nudari
1737 2897 1939 2940 temere
1965 2886 2041 2940 si-

459 3002 596 3041 nens
614 3027 628 3050 ,
654 2985 747 3041 sed
771 2985 1006 3038 maxima
1045 2983 1211 3037 etiam
1237 2980 1534 3036 attentione
1589 2979 1938 3047 semetipsam
1969 2978 2039 3032 ad

458 3081 714 3132 damnum
751 3077 1031 3130 vitandum
1061 3087 1415 3144 wmponens,
1469 3082 1530 3125 ut
1570 3087 1675 3126 non
1721 3072 1895 3126 solum
1926 3071 2040 3140 ipsa
2073 3115 2115 3172 Ο

459 3169 628 3224 illaesa
660 3177 999 3238 permaneat,
1027 3166 1120 3220 sed
1153 3165 1316 3220 etiam
1349 3163 1441 3233 qui
1474 3163 1704 3226 _vident,
1750 3161 1949 3214 nullam
1977 3177 2044 3215 ex

457 3273 678 3331 aspectu
711 3261 996 3315 materiam
1034 3259 1218 3314 damni
1273 3257 1564 3327 accipiant.
1617 3253 1858 3309 Videntes
1883 3256 2043 3319 enim,

457 3353 656 3422 inquit,
687 3353 789 3420 ﬁlii
814 3352 910 3406 Dei
939 3350 1082 3420 ﬁlias
1121 3351 1415 3414 hominum,
1448 3348 1590 3418 quod
1604 3346 2041 3416 essentpulcltrw,

453 3447 833 3500 descenderunt
864 3445 933 3497 ad
963 3443 1083 3497 illa:
1112 3443 1156 3497 ".
1196 3442 1394 3497 Idonea
1423 3449 1508 3496 est
1535 3439 1679 3494 enim
1710 3439 1906 3493 nudata
1929 3439 2048 3507 pul-

453 3536 730 3602 cltritudo,
763 3545 820 3590 ut
871 3535 1010 3590 ﬁlios
1067 3535 1232 3589 etiam
1263 3535 1356 3592 Dei
1391 3535 1460 3590 ad
1515 3536 1844 3604 voluptatein
1885 3537 2044 3605 pelli-

457 3629 588 3692 ciat,
615 3637 669 3680 et
701 3637 957 3696 tanquam
987 3626 1252 3692 homines,
1289 3626 1381 3696 qui
1413 3637 1632 3696 propter
1653 3643 1773 3680 eam
1806 3629 2016 3680 moriun

461 3727 572 3784 tur,
596 3718 854 3771 mortales
884 3715 1102 3770 efﬁciat.
1131 3715 1310 3781 Quare
1341 3728 1450 3768 non
1484 3723 1718 3782 oportet,
1771 3724 1831 3767 ut
1860 3716 1925 3768 de
1947 3730 2043 3769 sua

457 3815 667 3859 tantum
695 3803 994 3860 securitate
1031 3803 1288 3868 sollicita,
1347 3817 1536 3858 eorum
1569 3803 1778 3868 salutis,
1803 3805 1892 3871 qui
1927 3803 2045 3858 laedi

456 3906 706 3967 possunt,
742 3896 939 3951 nullam
967 3896 1233 3950 rationem
1269 3895 1500 3951 habeat:
1563 3897 1657 3950 sed
1689 3895 1860 3961 debet
1892 3895 2048 3949 undi-

455 4003 562 4058 que
591 3997 648 4043 et
683 4003 794 4042 suae
825 3987 993 4057 ipsius
1021 3987 1356 4058 virginitatis
1385 3986 1753 4042 inviolabilem
1805 3987 2045 4057 pulchri-

459 4078 702 4132 tudinem
725 4091 966 4142 servare,
996 4087 1056 4131 et
1077 4078 1142 4131 iis
1166 4079 1256 4147 qui
1282 4078 1427 4132 illam
1447 4078 1647 4142 vident,
1674 4077 1883 4132 lucrum
1901 4079 2043 4144 vitm,

461 4184 570 4223 non
609 4177 839 4222 mortem
869 4182 937 4222 ex
968 4179 1195 4240 peccato
1245 4171 1560 4225 conciliare.
1602 4169 1714 4224 Etsi
1755 4169 1900 4224 enim
1931 4170 2045 4240 ipsa

462 4259 688 4315 conlidit
716 4259 1042 4330 virginitatis
1064 4276 1177 4316 sua:
1226 4260 1386 4315 ﬁrmo
1437 4263 1734 4331 proposito,
1767 4261 1927 4315 debet
1973 4273 2048 4314 ta«

464 4369 587 4407 men
624 4368 809 4408 curam
836 4369 1042 4423 gerere,
1078 4354 1273 4423 inquit,
1301 4362 1360 4408 ut
1389 4369 1456 4408 ne
1477 4363 1640 4423 ponat
1692 4351 2044 4408 oﬁ'cusionem

461 4444 618 4498 fratri
643 4456 736 4499 aut
759 4444 1072 4498 scandalum
1092 4445 1136 4498 ⁸.

526 4535 616 4590 56.
653 4537 746 4590 Sic
781 4536 944 4604 igitur
979 4536 1130 4606 virgo
1158 4547 1214 4591 et
1238 4544 1418 4590 mente
1441 4545 1496 4590 et
1526 4550 1672 4589 motu
1701 4545 1755 4589 et
1785 4534 1954 4589 forma
1977 4551 2043 4591 ac

454 4629 642 4686 habitu
672 4641 727 4684 et
749 4639 928 4700 gestu,
957 4640 1012 4684 et
1037 4629 1152 4685 sola
1179 4638 1380 4684 etcum
1411 4628 1552 4693 aliis,
1574 4631 1640 4682 ad
1674 4629 1726 4683 id
1755 4630 1898 4698 quod
1926 4628 2042 4697 pla-

455 4733 544 4776 cet
573 4737 770 4790 sponso
804 4735 904 4776 suo
967 4720 1256 4775 salubriter
1310 4719 1632 4788 composita,
1691 4734 1812 4774 cum
1856 4721 2040 4789 sponsi

454 4815 648 4868 amicis
673 4823 821 4868 caste
871 4813 1228 4881 colloquetur.
1271 4808 1390 4863 Non
1439 4812 1585 4864 enim
1639 4813 1706 4866 ad
1761 4811 2038 4865 hominum

452 4909 639 4964 odium
693 4924 812 4962 eam
848 4905 1085 4962 ferentes
1140 4905 1501 4972 includimus,
1535 4908 1628 4960 sed
1673 4907 1940 4961 accuratis
1970 4906 2037 4958 li-

455 5003 759 5055 neamentis
793 5009 957 5052 totam
983 5015 1012 5051 a
1043 4998 1221 5066 capite
1249 5015 1418 5068 usque
1449 5000 1514 5053 ad
1564 5003 1745 5068 pedes,
1775 5001 1920 5054 velut
1942 4997 2036 5054 Dei

2072 4475 2121 4534 D

527 5207 546 5238 '
585 5207 720 5260 Gen.
777 5221 848 5268 vt,
881 5204 933 5258 2.
1009 5203 1216 5259 8Rern.
1268 5220 1378 5268 xw,
1421 5205 1507 5258 15.

527 5377 636 5442 (12)
663 5375 898 5430 Αὺτόθι.
932 5374 1157 5430 Codices
1186 5376 1446 5440 nonnulli,
1473 5374 1721 5430 αὐτόθεν.

525 5448 636 5516 (45)
668 5445 1073 5512 Προστέθεικε.
1130 5447 1270 5500 Editi
1323 5449 1542 5512 addunt,
1596 5447 1702 5498 τῶν
1757 5444 2025 5513 ἀγγέλων,

455 5534 576 5588 qua:
607 5519 795 5588 melius
817 5519 1011 5588 de~unt
1039 5519 1089 5569 in
1130 5528 1362 5586 quatuor
1397 5534 1526 5570 mss.

527 5588 636 5655 (ii)
669 5586 1048 5654 εΑσκητηρίῳ.
1085 5589 1294 5651 (Ini-pus
1317 5588 1539 5654 virginis
1575 5586 1843 5654 intelligit.

527 5658 637 5726 iiii)
674 5659 739 5709 Ἀ
768 5656 862 5710 δεῖ
984 5659 1415 5713 καλύπτεσθαι.
1473 5659 1562 5713 Sic
1589 5675 1716 5712 mss.
1775 5665 2025 5724 quatuor.

453 5727 613 5794 Edttt,
641 5729 726 5782 ἀεὶ
854 5729 1220 5783 καλύπτουσα.

1423 280 1757 335 APPENDlX
1799 280 2085 336 OPERUM
2127 282 2184 335 S.
2227 282 2475 335 BASILII
2514 283 2754 334 suum.

3637 285 3724 330 't-W

2147 403 2244 466 ὢν,
2271 406 2450 474 γυμνῇ
2471 406 2539 474 τῇ
2560 402 2767 471 κεφαλῇ
2789 402 2902 463 τοῖς
2924 399 3188 470 φράτορσι
3211 397 3428 470 θαρσῶν
3450 397 3725 467 ὲωράσθω.

2143 497 2287 566 Γυνὴ
2318 495 2375 548 δὲ
2423 495 2618 565 ἀνδρὸς
2667 491 2848 562 πολλῷ
2883 491 3094 544 ἐλάττω
3137 490 3378 560 λαχοῦσα
3411 491 3517 560 τὴν
3559 491 3724 558 φύσιν,

2143 588 2393 653 ἐξουσίαν
2427 587 2598 656 ἐχέτω
2626 587 2720 638 ἐπὶ
2761 589 2859 656 τῆς
2903 583 3146 654 κεφαλῆς
3167 601 3178 609 ·
3212 583 3299 636 διὰ
3341 582 3440 635 τοῦ
3472 581 3619 652 ἔχειν
3651 583 3730 633 ἐπὶ

2143 681 2244 750 τῆς
2294 679 2536 748 κεφαλῆς
2585 677 2683 748 τὴν
2732 676 3004 743 ἐξουσίαν,
3048 675 3145 745 τὴν
3186 675 3325 746 πρὸς
3374 675 3436 726 τὸ
3495 677 3732 744 κρεῖττον
3783 705 3785 750 ί

2145 772 2425 843 ὑποταγὴν
2468 771 2823 842 εὐσχημόνως
2853 768 3213 840 ὁμολογοῦσα.
3244 769 3343 822 Διά
3371 767 3557 828 τοῦτο,
3588 769 3727 835 φησὶ,
3783 747 3785 792 ¹

2144 869 2240 921 κα),
2281 867 2486 937 αύτὴὴ
2534 865 2696 934 φύσις
2748 867 2870 926 ταῖς
2921 862 3064 935 θριξὶ
3102 862 3198 933 τὴν
3239 861 3485 931 κεφαλὴν
3540 859 3729 913 τούτων

2145 959 2352 1013 ἀνωθεν
2410 957 2777 1026 ἐπεκάλυψεν,
2836 955 3024 1009 αὐτόθι
3079 955 3192 1026 (42)
3247 954 3606 1017 παιδεύουσα,
3661 955 3728 1006 ὅτι

2146 1051 2414 1120 προσήκει
2439 1051 2675 1118 γυναῖκα
2711 1048 3003 1118 μηδέποτε,
3029 1047 3128 1116 ούχ
3155 1048 3236 1098 ὅτι
3270 1046 3400 1100 ἄλλο
3423 1064 3476 1098 τι
3500 1047 3612 1098 τῶν
3649 1063 3730 1114 με·

2145 1141 2276 1206 λῶν,
2303 1141 2441 1194 ἀ).λά
2471 1139 2607 1212 μηδὲ
2633 1140 2732 1210 τὴν
2761 1137 3002 1208 κεφαλὴν
3037 1137 3344 1208 ἀδιαφόρως
3373 1135 3726 1206 γυμνοῦσθαι·

2145 1235 2239 1288 καὶ
2270 1233 2458 1304 ἐπειδὴ
2493 1233 2650 1303 μόναι
2683 1231 2892 1301 ἀνδρῶν
2922 1231 2996 1301 μὴ
3031 1230 3314 1300 παρόντων
3339 1229 3452 1282 ἐσθ’
3479 1232 3573 1283 ὅτε
3607 1229 3729 1298 πρὸς

2144 1327 2303 1379 τοῦτο
2347 1322 2789 1396 καταθαρσοῦσι,
2820 1324 2882 1376 τὸ
2917 1321 3344 1392 αίδεσιμώτερον
3376 1321 3486 1374 τῶν
3532 1321 3732 1391 ἀνδρῶν
3787 1360 3789 1406 Ι

2145 1419 2361 1491 ἀξίωμα
2385 1417 2739 1490 προσ-τέθεικε
2763 1417 2898 1487 (45),
2918 1415 3110 1478 εἰπὼν,
3135 1416 3230 1469 διὰ
3252 1415 3394 1480 τοὺς
3419 1414 3730 1483 ἀγγέᾶουςν
3788 1489 3789 1494 η

2145 1512 2271 1572 τοὺς
2321 1509 2636 1579 ἁπανταχοῦ
2666 1565 2668 1567 _
2695 1508 2973 1581 παρόντας
3012 1525 3072 1560 τε
3131 1509 3225 1561 καὶ
3271 1506 3341 1559 τὰ
3387 1506 3734 1576 πραττόμενα
3788 1513 3789 1520 ‘

2149 1601 2469 1671 βλέποντας.
2503 1600 2770 1654 Αίδείσθω
2807 1597 2901 1654 οῦν
2931 1601 3082 1654 πᾶσα
3125 1600 3285 1672 γυνὴ,
3320 1598 3401 1651 ἔτι
3441 1599 3500 1651 δὲ
3543 1598 3737 1668 μᾶλλον

2147 1695 2180 1763 ἡ
2205 1694 2471 1765 παρθένος
2493 1695 2619 1756 τοὺς
2639 1693 2924 1761 ἀγγέλους,
2956 1694 3049 1745 κα).
3085 1693 3218 1763 μόνη
3249 1691 3559 1763 ἀνθρώπων
3582 1693 3642 1743 ἐν
3670 1692 3738 1759 τῷ

2148 1786 2280 1855 οἴκῳ
2333 1785 2684 1856 ὑπάρχουσα·
2749 1785 2843 1837 καὶ
2897 1786 3026 1838 ὅταν
3089 1783 3366 1855 συμϐαίνῃ
3426 1784 3738 1851 ἀναγκαίως
3790 1790 3791 1848 1

2150 1876 2525 1946 ἐπιμελεῖσθαι
2563 1875 2658 1929 τοῦ
2690 1875 2962 1946 σώματος,
2992 1877 3060 1930 τά
3088 1893 3147 1928 τε
3183 1876 3325 1928 κατά
3355 1876 3602 1946 κεφαλὴν
3655 1880 3739 1929 καὶ
3790 1895 3791 1924 2

2149 1968 2216 2020 τὰ
2250 1967 2371 2021 καθ’
2406 1968 2638 2020 ἕκαστον
2675 1966 3123 2038 περιστέλλουσα,
3152 1967 3527 2020 ὲπισπευδέτω
3562 1968 3622 2020 τὸ
3652 1969 3740 2039 ἔρ-

2149 2077 2275 2128 γον·
2303 2061 2398 2113 κα).
2426 2061 2501 2124 ὼς
2524 2054 2634 2114 οἷόν
2659 2061 2720 2113 τέ
2757 2064 2927 2124 ἐστιν,
2963 2060 3353 2130 ὲπικρυπτέτω
3384 2061 3453 2113 τὰ
3489 2061 3652 2130 μέλη,
3684 2062 3741 2113 ού

2153 2153 2316 2224 μόνον
2349 2153 2476 2216 τοὺς
2513 2153 2713 2224 ἑαυτῆς
2746 2153 3058 2223 ὀφθαλμοὺς
3087 2151 3180 2204 καὶ
3213 2152 3353 2222 μετά
3379 2151 3586 2204 τούτων
3611 2153 3739 2216 τοὺς

2148 2223 2258 2300 τῶν
2293 2245 2540 2314 ἀγγέλων
2571 2245 2658 2298 ἀεὶ
2690 2243 3003 2315 αἰδουμένη,
3037 2244 3172 2296 ἀλλά
3216 2244 3311 2296 καὶ
3341 2244 3530 2312 ὥσπερ
3575 2246 3633 2298 ὲν
3661 2247 3737 2297 οἱ·
3792 2223 3793 2254 1

2151 2338 2284 2409 κείῳ
2329 2336 2652 2409 ἀσκητηρίῳ
2687 2337 2798 2407 (44)
2831 2337 2966 2408 πρὸς
3015 2337 3148 2389 αἰδῶ
3198 2337 3397 2398 ἑαυτὴν
3434 2336 3737 2402 φιλοκάλως

2149 2433 2318 2485 ἀσκοῦ
2329 2450 2414 2485 σα.

2221 2524 2310 2578 55.
2353 2525 2414 2576 Εἰ
2447 2523 2502 2577 δὲ
2547 2523 2671 2577 οὔτε
2716 2523 2838 2577 καθ’
2878 2524 3078 2593 ἑαυτὴν
3108 2517 3243 2576 οὖσα
3271 2521 3577 2592 ἀδιαφόρως
3605 2524 3737 2575 ἀπο-

2150 2609 2518 2681 γυμνώσεται,
2548 2611 2726 2682 πολλῷ
2767 2613 2950 2677 πλέον,
2988 2612 3233 2682 ἀδελφῶν
3268 2615 3322 2665 ὲν
3353 2612 3575 2682 Χριστῷ
3598 2630 3736 2684 παρ-

2149 2703 2342 2767 όντων,
2394 2703 2596 2774 έαυτὴν
2635 2704 2728 2756 κα).
2776 2705 2964 2773 χιτῶνι
2995 2705 3090 2757 καὶ
3137 2704 3277 2758 αἰδοῖ
3315 2705 3607 2776 σωφρόνως
3649 2723 3736 2757 κο-

2152 2793 2354 2863 σμήσει
2376 2811 2388 2822 ·
2419 2794 2479 2846 ού
2513 2794 2672 2863 μόνον
2705 2794 2856 2846 οὐδὲν
2888 2793 2996 2848 τῶν
3034 2792 3231 2863 μελῶν,
3264 2791 3300 2846 ἀ
3337 2793 3420 2844 δεῖ
3450 2795 3515 2862 τῇ
3553 2793 3736 2862 ἐσθῆτι

2151 2885 2521 2938 καλύπτεσθαι
2557 2885 2668 2956 (45)
2690 2926 2706 2950 ,
2739 2885 3231 2956 παραγυμνοῦσθαι
3265 2884 3457 2947 ἀπλῶς
3493 2886 3733 2954 ἀφιεῖσα,

2149 2977 2286 3031 ἀλλά
2317 2979 2412 3032 καὶ
2441 2977 2676 3049 μάλιστα
2705 2977 2988 3048 προσεχῶς
3017 2977 3214 3048 ἑαυτὴν
3243 2977 3378 3049 πρὸς
3409 2977 3471 3030 τὸ
3502 2977 3736 3040 ἀϐλαϐὲς

2151 3071 2611 3142 περιστέλλουσαο
2667 3071 2756 3124 ἵνα
2807 3070 2880 3142 μὴ
2935 3071 3092 3142 μόνον
3145 3071 3284 3142 αύτὴ
3329 3070 3737 3141 ἀνεπηρέαστος

2153 3167 2311 3238 μένῃ,
2347 3165 2484 3219 ἀλλά
2533 3166 2630 3218 κα)⁹
2677 3165 2727 3217 οἱ
2762 3163 2996 3236 ὁρῶντες
3051 3163 3318 3235 μηδεμίαν
3357 3165 3422 3216 ἐκ
3463 3163 3566 3233 τῆς
3612 3164 3738 3227 θέας

2149 3260 2408 3313 ὑπόθεσιν
2437 3258 2642 3328 βλάϐης
2679 3256 3050 3327 λαμϐάνωσιν.
3104 3256 3350 3322 Ἰδόντες
3391 3255 3520 3326 τὰρ,
3550 3258 3738 3326 φησὶν,

2147 3355 2202 3406 οὶ
2227 3351 2346 3405 υἱοὶ
2379 3349 2487 3404 τοῦ
2523 3348 2674 3404 Θεοῦ
2707 3349 2814 3415 τὰς
2855 3347 3183 3418 θυγατέρας
3223 3346 3343 3401 τῶν
3389 3347 3739 3416 ἀνθρώπων,

2147 3443 2237 3496 ὅτι
2263 3443 2445 3497 καλαί
2467 3445 2606 3508 εισι,
2633 3440 3100 3510 κατηνέχθησαν
3125 3440 3273 3508 πρὸς
3293 3439 3498 3506 αὐτάς.
3534 3441 3742 3494 Ἱκανὸν

2146 3537 2256 3607 γάρ
2289 3538 2408 3589 ἐστι
2449 3533 2981 3607 παραγυμνούμενον
3010 3531 3228 3596 κάλλος,
3275 3533 3368 3586 καὶ
3410 3534 3561 3596 υἱοὺς
3603 3534 3740 3586 θεοῦ

2148 3627 2286 3698 πρὸς
2315 3625 2511 3699 ἡδονὴν
2546 3627 2864 3697 γοητεῦσαι,
2899 3626 2990 3680 καὶ
3021 3627 3098 3689 ὼς
3127 3625 3446 3696 ἀνθρώπους
3489 3626 3578 3678 διά
3605 3627 3740 3678 ταύ-

2145 3735 2246 3788 την
2275 3719 2721 3790 ἀποθνήσκοντας
2747 3719 2975 3790 θνητοὺς
2997 3717 3295 3783 ἀποδεῖξαι.
3330 3717 3420 3769 Διὸ
3447 3718 3508 3770 ού
3537 3717 3619 3770 δεῖ
3646 3718 3742 3770 τοῦ

2147 3810 2346 3879 ἑαυτῆς
2376 3808 2646 3871 ἀϐλαϐοῦς
2688 3809 2848 3879 μόνον
2883 3807 3295 3879 φροντίζουσαν,
3330 3807 3429 3877 τῆς
3460 3806 3571 3859 τῶν
3609 3807 3744 3877 βλα-

2147 3903 2313 3972 ϐῆναι
2350 3901 2664 3972 δυναμένων
2699 3904 3063 3972 καταφρονεῖν
3104 3901 3401 3972 σωτηρίας,
3434 3899 3571 3954 ἀλλά
3608 3919 3746 3954 παν-

2147 3996 2374 4066 ταχόθεν
2418 3997 2512 4048 καὶ
2555 3995 2755 4064 ἑαυτῆς
2792 3993 2990 4048 ἄσυλον
3027 3994 3089 4047 τὸ
3123 3993 3226 4063 τῆς
3261 3993 3560 4064 παρθενίας
3609 3993 3746 4047 κάλ-

2146 4089 2236 4152 λος
2279 4089 2598 4157 φυλάττειν,
2631 4086 2726 4138 καὶ
2767 4088 2881 4149 τοῖς
2923 4084 3124 4157 ὁρῶσιν
3174 4085 3343 4156 αὐτὴν
3397 4085 3510 4155 (46)
3545 4086 3746 4158 κέρδος

2147 4180 2315 4250 ζωῆς,
2366 4181 2459 4232 καὶ
2504 4168 2578 4250 μῆ
2625 4179 2716 4232 τὸν
2768 4177 2828 4242 ἐξ
2874 4179 3150 4249 ἁμαρτίας
3193 4179 3422 4232 θάνατον
3481 4197 3745 4249 πραγμα-

2145 4273 2421 4328 τεύεσθαι.
2459 4275 2522 4326 Εἰ
2557 4273 2665 4347 γὰρ
2711 4275 2806 4326 καὶ
2844 4273 2985 4343 αὐτὴ
3017 4272 3245 4325 πέποιθε
3285 4271 3363 4342 τῷ
3403 4274 3500 4342 τῆς
3529 4272 3742 4344 παρθε-

2147 4367 2266 4429 νίας
2299 4364 2554 4436 ἀπτώτῳ,
2589 4366 2702 4418 ἀλλ’
2731 4366 2881 4436 ὅμως
2905 4364 3251 4436 προνοεῖσθαι
3281 4365 3380 4429 δεῖ,
3407 4367 3565 4434 φησὶ,
3597 4365 3739 4419 ὣστε

2149 4457 2227 4530 μὴ
2251 4459 2459 4511 τιθέναι
2490 4458 2822 4529 πρόσκομμα
2851 4457 2929 4527 τῷ
2953 4457 3170 4528 ἀδελφῴ
3201 4457 3233 4527 ἢ
3275 4457 3592 4512 σκάνδαλον,

2217 4550 2306 4604 56.
2349 4549 2504 4602 Ούτω
2537 4549 2594 4601 δὲ
2625 4550 2658 4619 ἡ
2685 4547 2954 4620 παρθένος
2978 4549 3070 4602 καὶ
3095 4547 3320 4619 γνώμης
3348 4550 3444 4602 καὶ
3469 4550 3745 4618 κινήπως

2145 4643 2242 4696 καὶ
2274 4642 2486 4713 μορφῆς
2519 4642 2614 4694 καὶ
2641 4642 2942 4712 σχήματος,
2973 4641 3066 4694 καὶ
3099 4640 3234 4710 μόνη
3267 4640 3362 4692 καὶ
3391 4642 3508 4710 μετ’
3540 4641 3741 4704 ἄλλων,

2148 4733 2284 4804 πρὸς
2327 4733 2389 4786 τὸ
2432 4733 2668 4804 ἀρέσκον
2706 4733 2878 4802 αὐτῆς
2924 4731 3002 4802 τῷ
3047 4733 3266 4802 νυμφίῳ
3299 4730 3497 4802 ἔχουσα
3546 4732 3741 4801 ὑγιῶς,

2146 4829 2260 4888 τοῖς
2289 4825 2383 4878 τοῦ
2419 4825 2655 4896 νυμφίου
2704 4825 2880 4895 φίλοις
2910 4824 3164 4895 καθαρῶς
3196 4824 3470 4895 ὁμιλήσει.
3511 4826 3588 4877 Ού
3631 4828 3742 4897 γάρ

2147 4915 2227 4976 είς
2296 4915 2714 4986 μισανθρωπίαν
2775 4916 3033 4986 φέροντες
3085 4915 3256 4985 αὐτὴν
3306 4914 3740 4986 ἀπεκλείσαμεν,

2147 5004 2263 5056 ἀλλ’
2299 5005 2555 5078 ἀκριϐέσι
2588 5006 2779 5069 τύποις
2816 5005 2943 5075 ὃλην
2969 5005 3173 5058 ἀνωθεν
3198 5005 3304 5060 ἀπὸ
3338 5005 3582 5075 κεφαλῆς
3612 5009 3738 5077 ἄκρα

2219 5375 2331 5445 (ιο)
2366 5375 2592 5441 Αὐτήν.
2655 5376 2831 5429 Editio
2879 5375 3203 5432 Parisiensis
3256 5379 3559 5446 praemittit,
3614 5381 3736 5444 καί,

2141 5447 2282 5512 quod
2315 5447 2652 5510 sustulimus,
2684 5448 2809 5514 quia
2844 5447 2895 5499 in
2949 5450 3186 5502 editione
3215 5448 3416 5502 Veneta
3445 5459 3499 5500 cl
3529 5452 3737 5504 codici-

2143 5518 2242 5569 bus
2277 5533 2406 5567 nues.
2433 5517 2603 5568 deest.
2643 5518 2806 5568 l’anlo
2863 5530 2980 5582 post
3010 5520 3254 5568 mumlev-i
3290 5518 3736 5581 runjunetimwm

2141 5596 2266 5637 ante
2311 5587 2445 5655 αῦτη
2479 5589 2785 5642 addidimus
2815 5605 2880 5641 ex
2940 5590 3174 5642 editione
3212 5588 3406 5642 Veneta
3440 5600 3493 5642 et
3527 5593 3737 5646 codici-

2142 5658 2241 5710 bus
2283 5674 2411 5714 mss.
