3802 6216
108 247 190 304 7·ίὶ
1290 244 1491 301 LIBER
1528 246 1617 301 DE
1654 246 2131 307 VIRGINITATE.

3236 257 3343 316 743

107 356 264 413 ποδῶν
288 352 419 409 Θεοῦ
443 353 662 423 ἄγαλμα
688 351 1178 424 ζωγραφήσαντες,
1208 352 1352 406 οὑτω
1375 358 1515 427 πρὸς
1538 357 1659 420 τοὺς

1771 358 2144 425 simulacrum,
2199 355 2565 426 informatam,
2619 359 2700 417 sic
2720 360 2789 417 ad
2844 360 2966 417 ﬁdei
3018 361 3340 421 domesticos

107 450 190 520 τῆς
220 446 449 510 πίστεως
478 446 712 508 οἰκείους
743 443 1029 509 ἐπιδεξίως
1063 444 1380 517 προάγομεν
1414 447 1551 518 (47),
1578 447 1667 502 ἵνα

105 542 186 595 καὶ
230 540 482 610 σχήματι,
525 537 620 590 καὶ
645 536 812 608 λόγῳ,
846 536 1035 609 νύμφη
1076 535 1295 607 ἀληθῶς
1327 537 1423 590 τοῦ
1457 539 1664 610 Κυρίου

104 631 307 703 ὀφθεῖσα
326 672 342 696 ,
367 630 630 703 ὠφελήσῃ
669 630 800 693 τοὺς
836 629 1184 701 ὁμιλοῦντας.
1239 631 1526 703 Ὀμιλείτω
1554 650 1667 687 τοι-

111 723 286 795 γαροῦν
327 722 402 785 ὡς
440 722 626 793 νύμφη
679 720 820 792 μετά
867 720 1050 785 αἰδοῦς
1100 724 1216 786 τοῖς
1254 721 1355 775 τοῦ
1404 723 1661 794 νυμφίου,

105 816 248 887 φημὶ,
279 813 599 885 ὑπηρέταις,
622 813 720 866 καὶ
760 811 1020 883 όμιλείτω
1057 810 1373 883 ἁπανταχοῦ
1401 812 1463 865 τὸ
1492 814 1665 883 νηφά.

106 920 201 962 nov
227 907 487 971 σώζουσα.
518 907 611 958 Δεῖ
635 904 745 976 γὰρ
771 903 944 976 αὑτὴν
978 904 1243 975 ἀκεραίαν
1272 905 1371 974 μὲν
1408 901 1548 958 εἶναι
1586 905 1663 968 ὡς

105 997 423 1070 περιστερὰν,
454 997 729 1069 φρονίμην
763 995 822 1049 δὲ
858 996 934 1060 ὡς
963 995 1055 1050 τὸν
1097 995 1243 1066 ὅφιν.
1293 995 1511 1068 Ἐπειδὴ
1553 995 1663 1068 γὰρ

105 1092 150 1143 αξ
180 1092 231 1143 ὲν
267 1088 476 1159 σώματι
519 1088 691 1159 ψυχαὶ
714 1085 1075 1142 ἀδυνατοῦσαι
1110 1086 1370 1158 ἀλλήλαις
1414 1086 1527 1158 (48)
1566 1104 1664 1156 γυ-

107 1180 234 1249 μνῶς
263 1181 386 1250 περὶ
416 1179 622 1252 ἀρετῆς
640 1179 868 1251 ὁμιλεῖν,
901 1181 1015 1242 τοῖς
1039 1179 1443 1250 περικειμένοις
1470 1178 1662 1249 σώμα-

106 1291 177 1327 σιν
197 1273 436 1344 ὀργάνοις
459 1270 598 1344 πρός
613 1287 675 1324 τε
692 1271 793 1341 τὴν
817 1270 1003 1341 φωνὴν
1032 1269 1127 1323 καὶ
1144 1270 1246 1341 τὴν
1270 1268 1399 1323 θέαν
1422 1269 1664 1338 ἀναγκά-

104 1361 263 1427 ζονται
288 1363 549 1434 χρῆσθαι,
576 1365 670 1418 καὶ
699 1366 728 1418 ὁ
760 1363 835 1435 μὴ
873 1362 1169 1433 δυνάμενος
1187 1360 1370 1433 ψυχῆς
1394 1360 1665 1433 ἐνδεδεμέ-

105 1473 187 1527 νης
217 1455 423 1527 σώματι
453 1457 652 1522 κάλλος
689 1457 843 1522 ἰδεῖν,
876 1456 912 1529 ἢ
948 1455 1093 1526 λόγῳ
1125 1454 1235 1528 (49)
1270 1453 1472 1525 ταύτης
1499 1452 1654 1507 ἀκοῦ-

105 1561 199 1609 σαι,
226 1546 283 1598 τὺ
306 1547 399 1600 τοῦ
425 1547 679 1619 σώματος
703 1548 911 1619 κίνημα
938 1549 998 1601 ὲν
1028 1540 1073 1616 ᾧ
1106 1548 1255 1600 ἐστιν
1294 1546 1416 1617 ὁρᾷ,
1446 1544 1663 1615 καὶτῆς

102 1636 178 1689 διά
208 1636 388 1691 τούτου
438 1639 624 1710 φωνῆς
668 1638 980 1701 ἐπακούων,
1022 1639 1085 1691 τὸ
1127 1636 1326 1700 κάλλος
1363 1637 1536 1706 αὐτῆς
1573 1634 1662 1689 διὰ

102 1729 283 1782 τούτων
340 1730 740 1800 ἀναλογίζεται,
797 1730 894 1784 καὶ
948 1730 1008 1783 ού
1062 1729 1214 1800 φωνὴ
1273 1728 1432 1799 μόνον
1486 1728 1520 1799 ἢ
1568 1726 1663 1780 καὶ
1694 1717 1737 1773 Β

1723 1864 1731 1875 .
1762 1828 1961 1884 strant,
2000 1819 2097 1875 sed
2131 1828 2185 1875 et
2205 1819 2435 1874 amictus
2469 1818 2571 1873 viri
2614 1828 2671 1874 et
2709 1818 2850 1875 risus
2879 1828 2935 1874 et
2970 1819 3122 1889 pedis
3167 1820 3343 1875 inces-

104 1820 320 1893 βλέμμα,
366 1822 558 1895 ῶσπερ
604 1826 660 1876 ὲν
698 1822 989 1894 κατόπτρῳ
1031 1821 1094 1875 τὸ
1143 1824 1244 1892 τῆς
1296 1822 1475 1891 ψυχῆς
1524 1815 1663 1883 εἶδος

101 1913 341 1967 δεικνύει·
373 1914 511 1968 ἀλλά
544 1913 639 1967 καὶ
673 1913 961 1983 στολισμὸς
986 1911 1197 1983 ἀνδρὸς,
1227 1912 1321 1965 καὶ
1348 1911 1543 1980 γέλως,
1569 1911 1664 1963 καὶ

106 2003 238 2075 βῆμα
268 2005 444 2068 ποδὸς.
467 2004 793 2073 ἀναγγέλλει
824 2003 957 2075 περὶ⁵
991 2002 1181 2057 αὑτοῦ.
1221 2002 1453 2056 Ἕλαθον
1486 2001 1543 2054 δέ
1575 2018 1662 2054 τι-

103 2112 182 2158 νες
219 2095 321 2148 ἀπὸ
354 2095 451 2148 τοῦ
505 2094 679 2166 ἡδέως
723 2093 946 2147 ἀκούειν
986 2090 1082 2145 τοῦ
1130 2090 1411 2163 μουσικοῦ,
1468 2090 1662 2161 μηκέτι

108 2186 192 2254 μὲν
218 2186 303 2238 τὸν
333 2184 614 2256 μουσικὸν,
644 2183 780 2238 ἀλλά
803 2184 867 2238 τὸ
893 2182 1172 2255 ὁρώμενον
1208 2182 1464 2254 ὄργανον,
1499 2180 1569 2234 δι’
1601 2175 1663 2236 οῦ

104 2272 410 2326 ἀπολαύουσι
439 2271 544 2343 τῆς
575 2271 668 2325 τοῦ
692 2270 954 2344 μουσικοῦ
977 2272 1174 2342 ὲπιστή
1184 2288 1313 2342 μης,
1340 2269 1661 2341 καταϐραχὺ

104 2363 417 2430 ἀγαπῶντες,
453 2363 559 2417 Διά
591 2361 751 2417 τοῦτο
786 2363 869 2416 δεῖ
903 2363 1219 2431 ἀναγκαίως
1257 2361 1356 2434 τήν
1390 2362 1663 2433 παρθένον

106 2454 321 2526 ἀκριϐῶς
348 2456 447 2527 τὴν
473 2454 646 2527 ἀκοὴν
666 2455 761 2509 καὶ
784 2455 848 2508 τὸ
872 2454 1028 2526 ὄμμα
1047 2459 1257 2529 τηρεῖν,
1294 2458 1490 2528 μήπως
1523 2456 1662 2528 λάθῃ

103 2546 208 2599 ἀντὶ
237 2545 498 2618 λαλούσης
525 2546 704 2618 ψυχῆς
735 2546 798 2600 τὸ
826 2547 891 2600 δι’
921 2543 982 2602 οὗ
1009 2547 1147 2619 αὐτὴ
1175 2547 1329 2602 λαλεῖ
1365 2548 1659 2616 ἀγαπῶσα.

103 2639 263 2702 Amo;
295 2639 402 2711 γάρ
444 2640 597 2692 ἐστιν
637 2640 666 2691 ὁ
712 2637 1030 2710 ζηλοτυπῶν
1072 2640 1174 2711 τὴν
1218 2641 1349 2713 περὶ
1386 2641 1448 2694 τὸ
1498 2641 1664 2695 καλὸν

104 2728 241 2799 ἡμῶν
259 2729 519 2796 διάθεσιν,
544 2730 634 2785 διὰ
665 2731 865 2795 παντὸς
891 2731 1095 2804 τρόπου
1127 2732 1345 2802 ὑφελεῖν
1377 2733 1477 2804 μὲν
1506 2733 1664 2805 ήμῶν

104 2821 156 2872 τὺ
177 2822 519 2894 ποθούμενον,
543 2822 606 2876 τὸ
634 2822 692 2876 δὲ
728 2822 859 2878 ῐδιον
899 2823 1225 2894 πανούργως
1256 2825 1395 2894 πρὸς
1438 2823 1530 2878 τὸν
1561 2822 1663 2876 πό-

106 2910 183 2963 θον
210 2912 633 2979 ἀνθυπαλλάξαι.
669 2912 826 2967 οὓτω
864 2914 975 2985 γάρ
1023 2913 1212 2967 ἔλαθόν
1242 2930 1386 2978 τινες
1419 2914 1529 2967 ἀπὸ
1567 2912 1661 2968 τοῦ

104 3002 254 3073 ἡδέως
281 3005 498 3059 ἀκούειν
536 3004 629 3058 τοῦ
658 3005 787 3076 περὶ
827 3005 1028 3076 ἀρετῆς
1058 3005 1215 3074 λόγου
1236 3044 1250 3069 ,
1284 3006 1379 3059 καὶ¹
1408 3006 1537 3076 περὶ
1564 3006 1663 3076 τὴν

104 3094 333 3150 κινοῦσαν
363 3098 558 3152 τοῦτον
593 3096 774 3169 ψυχήν
804 3096 1129 3163 διακεῖσθαι,
1159 3098 1226 3168 τῇ
1269 3098 1485 3167 συνεχεῖ
1520 3098 1657 3168 ἀκοῇ

104 3186 185 3239 καὶ
206 3190 266 3259 τῇ
295 3189 392 3261 θέᾳ
430 3189 838 3253 ὲντυπωθέντες
883 3188 985 3260 μὲν
1025 3189 1125 3260 τήν
1178 3188 1392 3261 μορφὴν
1423 3188 1532 3243 τῶν
1563 3189 1659 3243 τοῦ

105 3274 330 3348 σώματος
363 3282 752 3354 χαρακτήρων,
787 3281 882 3334 καὶ
911 3283 979 3351 τῇ
1012 3283 1165 3352 φωνῇ
1197 3280 1296 3352 τὴν
1333 3280 1503 3352 ἀκοὴν
1536 3281 1663 3334 ἀτό-

104 3385 205 3434 πως
239 3372 550 3445 θελχθέντες
566 3388 580 3404 ·
614 3371 800 3426 οὐκέτι
825 3372 883 3426 δὲ
911 3372 1009 3444 τήν
1033 3372 1209 3444 ψυχὴν
1237 3372 1336 3444 τὴν
1363 3372 1451 3427 διά
1476 3373 1661 3445 φωνῆς

103 3461 404 3532 ἐνεργοῦσαν
427 3464 524 3519 τὸν
550 3464 728 3533 λόγον,
759 3463 826 3534 ἣν
847 3463 909 3517 τὸ
938 3464 1069 3535 πρὶν
1098 3463 1423 3533 ἀγαπῶντες
1453 3466 1661 3537 περιεῖ-

106 3565 192 3604 πον
222 3553 309 3607 τὸν
335 3554 645 3625 ἄνθρωπον,
685 3553 823 3608 ἀλλά
863 3555 926 3608 τὸ
946 3554 1127 3626 ισῶμα
1155 3554 1219 3608 τὸ
1243 3554 1661 3626 διακονούμενον

104 3643 265 3710 αὐτοῖς
288 3647 356 3701 τὰ
376 3652 476 3719 τῆς
509 3646 688 3719 ψυχῆς
709 3647 852 3703 καλά
875 3647 1060 3701 λοιπὸν
1089 3647 1432 3716 ἀγαπῶντες.
1477 3648 1661 3718 Ἀγχι-

104 3730 276 3806 θύρους
306 3739 414 3811 γάρ
438 3756 572 3808 φασι
602 3741 697 3793 καὶ
730 3738 989 3810 Ἕλληνες
1019 3739 1120 3804 τάς
1149 3740 1349 3803 κακίας
1380 3735 1520 3794 εἶναι
1540 3742 1660 3805 ταῖς

103 3827 317 3899 ἀρεταῖς.
363 3831 604 3904 Ἐκάστῃ
635 3831 744 3901 γὰρ
772 3832 974 3902 ἀρετῆς
1010 3829 1151 3904 θύρα
1179 3833 1280 3903 τὴν
1315 3831 1426 3904 (50)
1462 3833 1659 3887 κακίαν

102 3921 396 3996 ὁμοιοτάτην
420 3925 566 3979 ἰδέαν
591 3922 930 3995 ἑκατέρωθεν
954 3926 1332 3997 παρήρμοσεν,
1356 3926 1421 3979 ἶν’
1440 3927 1470 3979 ὁ
1493 3941 1677 3978 σπουσ

101 4008 255 4075 δάζων
295 4017 419 4087 περὶ
469 4015 581 4088 (51)
629 4015 727 4087 τὴν
770 4015 996 4087 ἀρετὴν,
1027 4014 1314 4086 παρεστὼς
1349 4016 1552 4088 ταύτης
1597 4016 1658 4070 τὸ

101 4102 294 4172 πρῶτον
333 4111 397 4180 τῇ
434 4107 598 4179 θύρᾳ,
643 4110 739 4160 καὶ
770 4108 990 4179 κρούειν
1037 4107 1240 4179 ταύτην
1276 4108 1470 4175 δοκῶν,
1510 4110 1657 4164 ἀνοι-

101 4195 267 4266 γεὶσης
301 4200 449 4271 αὐτῷ
479 4198 690 4252 ἐνθένδε
719 4199 752 4270 ἢ
788 4198 1001 4253 ἐνθένδε
1048 4201 1179 4270 μιᾶς
1210 4198 1317 4253 τῶν
1344 4199 1524 4272 θυρῶν
1557 4200 1658 4270 τῆς

101 4285 294 4352 κακίας,
332 4289 398 4343 ὲκ
448 4288 548 4358 τῆς
580 4289 900 4359 ὁμοιότητος
949 4288 1276 4358 ἀπατηθεὶς,
1315 4288 1393 4352 ὡς
1435 4290 1516 4353 εἰς
1564 4290 1657 4342 τὸν

1766 452 2061 523 prudenter
2084 449 2420 516 adducimus,
2446 460 2504 507 ut
2544 451 2671 507 dum
2720 455 2776 507 εἰ
2805 451 2993 509 habitu
3015 462 3069 508 et
3090 469 3340 512 sermone

1766 558 1895 599 vere
1934 557 2132 613 sponsa
2164 541 2379 597 Domini
2410 543 2643 609 videtur,
2689 544 3121 613 colloquentib'us
3146 548 3338 616 prosit.

1766 634 2118 705 Colloquatur
2144 633 2307 705 igitur
2334 642 2393 690 ut
2417 649 2614 704 sponsa
2644 637 2947 690 verecunda
2976 652 3099 691 cum
3133 641 3337 708 sponsi,

1766 725 2010 795 inquam,
2041 725 2324 791 ministris,
2355 740 2419 781 ac
2445 726 2786 795 colloquatur
2818 726 3019 796 ubique
3067 730 3338 784 sobrieta-

1768 823 1874 870 tem
1909 829 2158 870 servans.
2194 814 2422 886 Oportet
2441 815 2587 870 enim
2619 815 2913 886 simplicem
2945 816 3091 871 illam
3118 817 3335 887 quidem

1764 919 1886 961 esse
1909 914 1969 961 ut
2001 905 2330 971 columbam,
2363 905 2680 974 prudentem
2710 920 2840 962 vero
2885 916 2944 961 ut
2973 910 3338 979 serpentem’.

1768 996 1875 1052 Sed
1904 997 2030 1067 quia
2061 996 2280 1068 illigatae
2305 997 2518 1066 corpori
2567 997 2783 1063 animm,
2807 1012 2930 1052 cum
2982 1013 3089 1056 non
3118 1011 3336 1067 possent

1765 1089 1921 1146 nudae
1952 1091 2018 1144 de
2047 1088 2275 1144 veritate
2305 1089 2447 1143 inter
2473 1103 2532 1144 se
2581 1088 2835 1158 colloqui,
2888 1089 3206 1159 corporibus
3231 1091 3341 1145 cir-

1765 1181 2183 1247 cumstantibus,
2226 1181 2375 1236 velut
2417 1180 2811 1245 instrumentis,
2871 1190 2980 1235 tum
3036 1180 3104 1235 ad
3131 1195 3337 1249 vocem,

1766 1284 1880 1330 tum
1919 1275 1987 1329 ad
2012 1275 2184 1328 visum
2215 1281 2480 1344 coguntur
2513 1273 2590 1327 uti
2614 1287 2630 1337 ;
2654 1272 2743 1342 qui
2768 1287 2873 1327 non
2918 1281 3095 1342 potest
3146 1273 3342 1328 anima:

1765 1364 1985 1435 corpori
2028 1365 2247 1436 illigatae
2273 1364 2732 1435 pulchritudinem
2764 1363 2948 1419 videre
2990 1373 3084 1419 aut
3132 1363 3343 1419 ratione

1764 1459 1912 1515 illam
1948 1459 2156 1520 audire,
2193 1456 2437 1527 corporis
2463 1464 2667 1511 motum
2692 1456 2747 1510 in
2784 1470 2891 1524 quo
2927 1455 3013 1510 illa
3044 1464 3149 1521 est,
3172 1456 3340 1518 videt.

1765 1551 1993 1621 ejusque
2027 1563 2215 1604 vocem
2248 1563 2344 1618 per
2372 1546 2501 1602 illud
2525 1546 2778 1603 emissam
2825 1547 3070 1611 audiens,
3096 1545 3340 1617 pulchri-

1770 1641 2008 1696 tudinem
2040 1640 2183 1696 illius
2214 1653 2284 1693 ex
2329 1637 2415 1695 his
2468 1637 2749 1709 dijudicat,
2802 1653 2903 1694 nec
2932 1653 3038 1693 vox
3085 1637 3259 1694 solum
3289 1646 3343 1693 et

1764 1740 2035 1799 aspectus,
2060 1729 2208 1784 velut
2232 1728 2286 1782 itt
2316 1727 2559 1797 speculo,
2609 1728 2805 1782 animae
2840 1730 3074 1798 speciem
3117 1729 3342 1782 demon«

1762 1921 1857 1963 sus
1887 1908 2035 1963 illum
2063 1907 2317 1977 produnt.
2343 1904 2597 1961 Nonnulli
2631 1917 2812 1962 autem
2848 1909 3057 1964 musico
3107 1908 3343 1963 libenter

1763 1999 2051 2065 audiendo,
2094 1998 2244 2053 brevi
2300 1998 2669 2068 imprudentes
2728 2008 3011 2069 cmperunt
3068 2014 3174 2055 non
3222 1999 3339 2069 jam

1771 2089 2064 2155 musicum,
2088 2090 2181 2144 sed
2212 2089 2625 2144 instrumentum
2650 2088 2793 2158 quod
2819 2090 3050 2155 videtur,
3080 2104 3176 2160 per
3196 2089 3339 2160 quod

1764 2177 1955 2232 musici
1984 2185 2102 2231 arte
2133 2176 2521 2246 perfruuntur,
2555 2175 2800 2247 diligere.
2836 2174 3128 2246 Propterea
3161 2192 3342 2233 neces-

1762 2271 1910 2325 sario
1937 2279 2174 2339 oportet,
2206 2277 2265 2323 ut
2298 2269 2453 2338 virgo
2504 2277 2763 2323 accurate
2813 2269 3053 2325 auditum
3085 2279 3140 2325 et
3163 2271 3341 2326 visum

1762 2361 2050 2427 custodiat,
2084 2372 2154 2414 ne
2199 2358 2341 2413 forte
2374 2374 2475 2429 pro
2520 2358 2701 2413 anima
2757 2375 2878 2428 quae
2919 2360 3179 2430 loquitur,
3207 2360 3339 2416 illud

1761 2466 1857 2521 per
1883 2452 2025 2521 quod
2082 2452 2197 2521 ipsa
2224 2450 2487 2521 loquitur,
2549 2451 2864 2522 imprudens
2911 2452 3119 2524 diligat.
3157 2453 3342 2509 Solers

1762 2543 1905 2597 enim
1938 2553 2042 2607 est,
2070 2544 2159 2612 qui
2188 2553 2374 2599 nostro
2403 2544 2527 2600 boni
2554 2546 2725 2599 amori
2756 2546 2977 2613 invidet,
3009 2548 3157 2602 omni
3178 2549 3341 2603 modo

1764 2632 1921 2688 nobis
1952 2634 2273 2690 subtrahere
2304 2635 2360 2690 id
2391 2638 2534 2706 quod
2583 2638 2976 2703 desideramus,
3016 2649 3071 2695 et
3093 2641 3236 2709 quod
3262 2640 3342 2709 ip-

1762 2723 1876 2777 sius
1902 2723 2177 2793 propriutn
2205 2734 2287 2780 est
2321 2735 2500 2780 astute
2552 2727 2622 2782 ad
2684 2728 3099 2785 desidetandum
3139 2732 3343 2785 substi-

1763 2822 1936 2869 tuere.
1967 2812 2060 2868 Sic
2081 2814 2225 2870 enim
2256 2816 2526 2885 nonnulli,
2558 2818 2688 2873 dum
2742 2818 2977 2874 libenter
3020 2819 3245 2875 audiunt
3271 2822 3346 2880 de

1762 2907 1964 2962 virtute
1990 2921 2328 2973 sermonem,
2372 2924 2439 2964 ac
2485 2909 2723 2964 animam
2785 2910 2932 2965 illum
2977 2911 3338 2980 prot‘erentem

1765 2994 2015 3066 diligunt,
2046 2998 2266 3053 assiduo
2289 2997 2452 3068 65],
2493 2999 2678 3054 auditu
2707 3014 2773 3055 ac
2801 3001 2920 3055 visu
2967 3002 3339 3072 imprudentes

1764 3100 1831 3142 eo
1851 3088 2065 3144 deducti
2094 3097 2246 3157 sunt,
2267 3100 2325 3144 ut
2367 3089 2821 3147 lineamentorum
2880 3095 3125 3162 corporis
3154 3092 3340 3149 format

1764 3180 1817 3234 in
1843 3180 1923 3235 eis
1954 3180 2414 3250 imprimerentur,
2472 3197 2539 3236 ac
2575 3197 2766 3238 eorum
2809 3185 3024 3240 auditus
3059 3200 3189 3241 voce
3222 3202 3339 3240 ma-

1755 3270 1930 3340 jorem
1963 3273 2017 3326 in
2046 3272 2264 3326 modum
2320 3270 2740 3339 demulceretur,
2801 3286 2902 3329 nec
2941 3274 3057 3345 jam
3098 3275 3337 3331 animam

1761 3363 1912 3419 vocis
1935 3363 2295 3420 instrumento
2322 3363 2657 3434 loquentem,
2683 3378 2846 3436 quam
2866 3379 3028 3421 antea
3056 3366 3340 3437 diligentes

1760 3454 2035 3510 hominem
2099 3455 2371 3521 colebant,
2427 3457 2521 3512 sed
2553 3471 2771 3526 corpus,
2810 3460 2953 3527 quod
2977 3456 3110 3528 ipsis
3141 3460 3340 3515 animm

1759 3547 1899 3601 bona
1925 3546 2290 3613 ministrabat,
2337 3547 2594 3618 deinceps
2628 3547 2934 3617 diligerent.
2973 3546 3165 3604 Vicina
3192 3550 3340 3605 enim

1759 3653 1881 3694 esse
1907 3639 2057 3692 aiunt
2085 3638 2250 3693 etiam
2280 3637 2449 3694 Graeci
2475 3638 2607 3694 vitia
2659 3639 2969 3695 virtutibus.
3026 3639 3333 3712 Unicuique

1759 3730 1904 3786 enim
1944 3730 2161 3786 virtutis
2186 3729 2367 3800 ianuae
2396 3731 2587 3787 vitium
2608 3732 2790 3802 specie
2815 3731 3150 3788 simillimum
3166 3734 3337 3789 utrin-

1760 3836 1865 3891 que
1902 3823 2196 3891 adaptavit,
2235 3830 2294 3877 ut
2327 3823 2421 3893 qui
2459 3823 2681 3879 virtutis
2738 3825 3013 3881 studiosus
3065 3835 3173 3892 est,
3211 3842 3337 3882 cum

1759 3914 1992 3984 primum
2025 3915 2171 3970 illius
2194 3915 2376 3982 ianuae
2398 3924 2543 3971 astat
2569 3929 2801 3985 eamque
2851 3916 3064 3972 videtur
3097 3917 3336 3987 pulsare,

1759 4011 1945 4068 aperta
1972 3999 2047 4054 illi
2086 4000 2211 4056 hinc
2241 4012 2336 4055 aut
2366 4002 2514 4058 illinc
2549 4018 2655 4058 una
2705 4018 2774 4058 ex
2796 4003 2980 4074 januis
3012 4005 3152 4071 vitii,
3186 4006 3340 4063 simi-

1758 4088 1984 4146 litudine
2011 4091 2270 4159 deceptus
2303 4103 2558 4163 tanquam
2608 4095 2664 4149 in
2723 4096 2942 4151 virtutis
2990 4098 3209 4152 domum
3256 4099 3340 4152 itt-

1761 4193 1972 4250 troeat;
2003 4196 2068 4237 ac
2105 4185 2298 4238 deinde
2323 4185 2391 4239 ab
2426 4186 2680 4240 omnibus
2725 4188 2796 4242 ob
2844 4203 3087 4244 errorem
3119 4189 3336 4254 irrisus,

1756 4285 2002 4346 tempore
2030 4286 2086 4330 et
2122 4275 2459 4346 experientia
2487 4278 2687 4344 discat,
2724 4294 2833 4335 non
2878 4282 3052 4337 solum
3093 4296 3154 4339 se
3179 4281 3338 4354 longe

100 4379 186 4445 τῆς
212 4379 401 4453 ἀρετῆς
441 4374 591 4435 οἶκον
635 4379 889 4433 εἰσέλθοι·
937 4375 1038 4433 εἷθ’
1069 4380 1176 4433 ὑπὸ
1204 4381 1421 4435 πάντων
1448 4381 1555 4434 ,ἐπὶ
1586 4383 1653 4451 τῇ

1764 4404 1879 4445 esse
1908 4390 1976 4446 ab
2001 4389 2090 4445 illa
2129 4392 2350 4457 virtute,
2382 4392 2536 4463 cujus
2556 4393 2848 4465 aliquando
2879 4396 3095 4466 pulsare
3112 4397 3338 4469 ianuam

101 4466 263 4542 ἀπάτῃ
287 4472 614 4544 γελώμενος,
647 4472 824 4544 χρόνῳ
854 4488 915 4524 τε
937 4471 1033 4525 καὶ
1063 4471 1229 4543 πείρᾳ
1258 4472 1426 4543 μάθῃ,
1458 4472 1520 4525 ού
1560 4473 1655 4542 μό-

101 4573 176 4611 νον
219 4563 400 4635 πόρῤω
443 4565 705 4635 ὑπάρχων
754 4564 969 4635 ἐκείνης
1004 4564 1105 4635 τῆς
1157 4564 1360 4635 ἀρετῆς
1407 4561 1476 4637 ἧς
1522 4581 1655 4618 ποτε

101 4650 292 4721 κρούειν
318 4655 492 4710 ἐδόκει
528 4655 627 4727 τὴν
650 4655 821 4727 θύραν
840 4672 854 4685 ·
889 4653 1027 4708 ἀλλὰ
1055 4656 1190 4726 μήτε
1226 4654 1334 4709 τῶν
1361 4655 1531 4709 οὑδῶν
1554 4657 1650 4709 αύ-

100 4740 185 4812 τῆς
209 4743 300 4817 τὴν
330 4747 502 4820 ἀρχὴν
543 4747 808 4820 ὑπερϐἀς,
846 4748 983 4818 μήτε
1021 4749 1087 4818 τῇ
1118 4746 1279 4818 θύρᾳ,
1312 4747 1388 4811 ὼς
1419 4747 1480 4799 τὸ
1521 4748 1651 4819 πρὶν

100 4830 272 4900 ἐδόκει,
305 4836 589 4905 παρεστὼς
621 4836 752 4907 γοῦν
786 4838 883 4891 καὶ
916 4838 1150 4909 κρούων.
1193 4838 1350 4894 Οῦτω
1380 4841 1489 4913 γάρ
1522 4843 1649 4905 τοὺς

103 4921 188 4991 μὲν
214 4926 536 5001 θαρσαλέους
566 4930 920 5001 βουλομένους
945 4926 1084 4984 εἶναι
1116 4930 1254 5003 πρὸς
1284 4931 1484 5005 ἀρετὴν
1519 4932 1651 5004 θρα-

102 5016 197 5078 σεξ
228 5018 505 5093 ἀπατήσας
533 5020 702 5088 ἔδειξε
723 5039 737 5052 ο
767 5022 896 5083 τοὺς
921 5020 978 5074 δὲ
1009 5021 1375 5093 φοϐουμένους
1400 5025 1527 5088 τοὺς
1556 5026 1650 5079 ἐπὶ

160 5130 179 5160 ³
202 5128 379 5189 Matth.
406 5151 462 5204 Χ,
492 5133 578 5191 16.

162 5218 260 5290 (47)
288 5227 646 5297 Προὰγομεν.
707 5226 799 5282 Sic
835 5228 1051 5284 codices
1094 5244 1223 5285 mss.
1277 5229 1565 5286 Combelis.
1591 5243 1645 5287 et

101 5286 260 5370 βιιξιςεέδ
278 5286 388 5370 alii.
414 5286 575 5370 ltili-ti,
597 5298 958 5370 περιάγομεν.

101 5360 262 5488 λιι³28)
294 5360 631 5436 Ἀλλήλαὶς.
676 5360 790 5423 ’διό
814 5360 943 5426 mss.
994 5379 1247 5436 quatuor.
1285 5369 1446 5435 Editi,
1481 5371 1645 5446 ἀλλή-

112 5554 138 5579 .”
158 5500 476 5579 μύωπι).
507 5506 598 5563 Sic
625 5507 791 5579 editio
830 5518 1021 5565 veneta
1044 5520 1096 5565 et
1126 5524 1221 5565 ses
1248 5524 1375 5566 mss.
1402 5511 1634 5569 codices.

104 5561 258 5644 aliud
276 5561 606 5644 Parisiensis‘,
638 5561 819 5644 λόγου.

163 5638 265 5707 (507
302 5640 432 5714 Τήὸι.
466 5638 645 5703 Codex
696 5638 857 5717 Μυκη
890 5647 986 5720 τὴν
1015 5651 1114 5715 είς,
1152 5650 1334 5722 sicque
1363 5648 1485 5724 legit
1511 5653 1638 5708 Aln-

1760 4482 2063 4546 videbatur,
2094 4482 2188 4537 sed
2238 4497 2307 4539 ne
2333 4483 2475 4540 illius
2496 4485 2718 4555 quidem
2774 4487 2938 4544 limen
2983 4490 3204 4546 omnino
3241 4507 3337 4546 sn-

1759 4591 2109 4645 pergressutn
2142 4592 2284 4645 esse,
2315 4592 2493 4648 neque
2516 4579 2664 4635 illius
2696 4580 2924 4649 foribus,
2974 4595 3033 4639 ut
3062 4593 3223 4642 antea
3250 4589 3336 4640 vi-

1760 4667 2010 4733 debatur,
2044 4669 2287 4725 astitisse
2316 4678 2518 4740 easque
2543 4673 2805 4741 pulsasse.
2845 4674 2937 4730 Sic
2956 4676 3100 4731 enim
3129 4690 3225 4733 eos
3241 4678 3335 4748 qui

1759 4760 1861 4813 sibi
1892 4762 1958 4813 ad
1984 4762 2233 4815 virtutem
2261 4763 2426 4818 tidere
2453 4762 2658 4829 volunt,
2691 4766 3006 4821 temerarios
3022 4766 3338 4837 decipienda

1757 4851 2034 4905 ostendit:
2085 4849 2353 4922 fugientes
2387 4854 2708 4909 temeritatis
2755 4864 2977 4919 notam,
3028 4858 3256 4927 ignaviae
3282 4868 3339 4915 et.

1758 4941 1936 5009 pusilli
1995 4943 2162 4996 animi
2237 4944 2437 5014 arguit.
2496 4944 3001 5003 Commiserationis
3066 4949 3338 5004 studiosos

1755 5047 1920 5100 prave
1954 5032 2022 5088 ad
2047 5034 2176 5088 vitia
2207 5034 2469 5090 emollivit
2498 5052 2513 5089 :
2544 5034 2885 5092 discedentes
2910 5051 2940 5091 a
2974 5038 3336 5094 tenerioribus

1753 5235 1970 5307 brosins
2026 5236 2119 5305 qtti
2193 5235 2355 5307 vertit
2386 5228 2741 5292 "simillimam
2785 5239 2840 5290 in
2908 5241 3033 5292 vilia
3086 5240 3332 5307 ferentem

1749 5306 1995 5382 ntrt'nqme
2037 5304 2284 5382 speciem.
2320 5304 2464 5361 Idem
2520 5308 2666 5376 legit,
2721 5308 2929 5381 ἑκάστῃ
2984 5304 3095 5381 γὰρ
3131 5310 3334 5382 ἀρετῆς

1751 5375 1914 5448 θύρᾳ.
1950 5377 2057 5431 Sed
2089 5378 2320 5449 qnaeltic
2364 5375 2680 5449 narrantur,
2730 5393 2832 5430 non
2861 5375 3194 5449 unaquaeque
3217 5375 3330 5435 νίιῖὲ

1753 5446 2063 5513 ιιιιιειῇιιιιιια
2090 5446 2275 5510 ellicit,
2316 5446 2409 5500 sed
2454 5448 2567 5513 ipse
2596 5448 2786 5502 salutts
2809 5459 3005 5505 nostra:
3031 5446 3225 5514 hoStis.
3259 5452 3331 5510 de

1749 5532 1856 5576 atto
1886 5531 1989 5570 non
2027 5516 2195 5569 ιιιιιιιιν
2224 5528 2352 5571 ante
2379 5515 2589 5571 locutus
2618 5527 2723 5573 est.

1820 5586 1932 5653 ('51)
1957 5586 2117 5656 Περί.
2152 5585 2392 5653 Quatuor
2427 5602 2555 5643 mss.
2588 5587 2825 5657 codices,
2856 5587 2968 5647 ἐπὶ.
