3802 6216
426 286 532 343 ’145

428 489 718 545 admodum
750 490 911 543 etiam
945 505 1039 545 eos
1067 490 1156 559 qui
1198 491 1486 546 charitatis
1536 492 2000 560 pulchritudinem

428 588 842 650 persequuntur,
873 577 992 635 falsi
1029 581 1264 635 nominis
1297 582 1567 637 charitate
1614 583 1666 636 in
1695 583 1875 638 carnis
1905 598 2005 637 ve-

430 671 660 738 luptates
696 680 752 724 et
774 671 1125 739 vituperatam
1166 674 1233 727 ab
1271 674 1525 729 omnibus
1551 675 1715 729 vitam
1748 676 2002 732 indecore

426 761 684 830 coniecit,
714 771 807 817 aut
833 764 933 819 sibi
962 764 1029 820 ab
1064 765 1169 821 hoc
1206 768 1407 836 probro
1454 776 1706 822 caventes
1727 808 1743 832 ,
1776 767 2003 821 fratrum

438 868 617 907 Jsores
644 852 843 921 effecit,
875 871 939 910 ac
967 872 1184 912 omnem
1214 859 1320 912 illis
1346 859 1476 912 boni
1513 873 1734 914 sensum
1784 860 2003 929 eripuit.

436 944 642 998 Rursus
670 944 831 1013 igitur
864 943 948 999 Ne
969 946 1195 1000 declines
1230 949 1299 999 ad
1326 948 1597 1001 dexteram
1652 958 1741 1002 aut
1765 948 1834 1000 ad
1869 948 2005 1002 siui-

435 1046 591 1091 uram
623 1038 691 1102 ²⁹,
719 1053 786 1092 ne
818 1038 1040 1108 decepta
1072 1041 1124 1094 in
1153 1055 1315 1094 unam
1345 1040 1582 1109 aliquam
1624 1040 1739 1094 vitii
1778 1038 2004 1110 januam

434 1129 671 1193 incidas;
711 1128 804 1183 sed
837 1131 1067 1184 mediam
1105 1131 1293 1186 incede
1324 1131 1541 1185 virtutis
1584 1132 1751 1195 viam,
1791 1146 1855 1186 ac
1883 1132 2005 1186 ubi-

434 1233 534 1286 que
563 1219 932 1283 considerans,
959 1222 1229 1288 quomodo
1256 1230 1435 1285 caute,
1471 1237 1578 1275 non
1612 1231 1671 1274 ut
1721 1221 2005 1289 insipiens,

433 1309 522 1362 sed
552 1319 610 1363 ut
643 1311 860 1379 sapiens
885 1313 1127 1367 ambules
1151 1314 1215 1377 ",
1250 1314 1372 1383 quia
1410 1313 1462 1366 in
1492 1313 1668 1366 medio
1693 1312 2003 1380 laqueorqu

434 1399 654 1463 incedis,
682 1411 736 1453 et
759 1416 922 1470 super
944 1402 1135 1470 pinnas
1186 1404 1401 1457 urbium
1457 1404 1657 1458 transis
1683 1404 1750 1469 η,
1781 1405 1845 1457 da
1874 1417 2008 1471 ope-

433 1503 570 1551 ram,
599 1500 657 1542 ut
698 1490 749 1543 in
814 1491 1062 1561 laqueum
1112 1508 1225 1561 prae
1268 1494 1603 1563 “negligentia
1660 1510 1765 1548 non
1796 1493 2008 1563 injicias

432 1580 616 1647 pedem
652 1588 821 1647 tuum,
852 1598 918 1637 ne
960 1585 1173 1653 quando
1216 1600 1281 1639 ex
1340 1600 1496 1639 muro
1544 1585 1781 1641 civitatis
1809 1598 2008 1639 nostra:

334 1685 344 1696 ·
432 1672 648 1743 delapsa
680 1677 874 1729 misere
903 1691 1119 1746 pereas.

1387 285 1727 342 APPENDIX
1771 285 2055 341 OPERUM
2095 287 2153 341 S.
2197 285 2439 341 BASILII
2478 286 2712 342 MAGNI.

428 395 727 463 affectibus,
776 397 1022 454 crudeles
1068 407 1122 454 et
1167 399 1494 455 inhumanos
1547 392 1765 454 effecit:
1815 415 2004 469 quem-
2032 411 2077 464 Α

3591 292 3686 352 ῗῖί

2106 402 2173 470 τῇ
2205 399 2505 471 θρασύτητι
2540 400 2741 470 ψόγους
2791 400 2997 465 δειλοὺς
3047 420 3141 457 και
3180 406 3553 479 μικροψύχους
3585 413 3686 466 ἀπο

2107 490 2323 564 ήλεγξε.
2350 493 2461 546 Καὶ
2498 494 2625 557 τοὺς
2657 493 2756 562 μέν
2790 494 3096 563 συμπαθεῖς
3121 492 3258 552 εἶναι
3290 501 3685 568 σπουδάζοντας

2107 583 2246 654 πρὸς
2272 582 2343 635 τὰ
2376 583 2522 655 πάθη
2560 584 2746 646 κακῶς
2777 582 3081 655 ἐμαλάκισε
3102 605 3117 620 ο
3158 590 3284 652 τοὺς
3319 591 3379 644 δὲ
3410 591 3474 646 τὸ
3510 596 3685 664 ἐμπα-

2108 674 2199 738 θὲς
2228 674 2530 744 φεύγοντας
2560 675 2809 746 ἀνηλεεῖς
2838 678 2930 731 καὶ⁵
2964 676 3368 751 ἀπανθρώπους
3394 684 3647 756 ἐποίησεν
3667 703 3680 714 ·

2107 765 2298 838 ὥσπερ
2329 761 2421 820 οὖν
2456 767 2698 831 καὶτοὺς
2730 768 2831 838 τῆς
2863 770 3085 844 ἀγάπης
3107 772 3169 824 τὸ
3196 773 3390 839 κάλλος
3425 778 3686 847 μεταδιώο

2109 875 2334 922 κοντας,
2379 858 2716 931 ψευδωνύμῳ
2758 862 2978 935 ἀγάπῃ,
3024 863 3058 936 ἢ
3105 866 3187 927 είς
3250 868 3454 940 σαρκὸς
3502 870 3687 940 ἡδονὰς

2108 948 2203 1001 καὶ
2244 949 2503 1019 ἐπίψογον
2543 952 2678 1005 πᾶσι
2711 950 2826 1022 βίον
2867 954 3137 1025 ἀπρεπῶς
3184 959 3611 1029 κατηκόντισεν,
3652 962 3685 1029 ἢ

2108 1037 2539 1111 εὐλαϐουμένους
2582 1041 2674 1094 τὸν
2716 1043 2812 1095 ἐπὶ
2842 1042 3051 1108 τούτοις
3093 1045 3286 1115 μῶμον
3331 1048 3690 1117 μισαδέλφους

2109 1129 2203 1181 καὶ
2246 1129 2340 1182 τοῦ
2386 1129 2550 1184 καλοῦ
2594 1131 2952 1203 ἀναισθήτους
2979 1134 3225 1206 ἐποίησε.
3259 1136 3429 1191 Πάλιν
3463 1134 3557 1193 οὖν
3593 1138 3685 1208 Μὴ

2108 1220 2395 1291 ἐκκλίνῃς
2419 1225 2506 1288 εἰς
2538 1223 2612 1279 τὰ
2651 1223 2820 1288 δεξιὰ
2845 1225 2884 1293 ἢ
2925 1228 3014 1292 εἰς
3042 1227 3116 1281 τὰ
3153 1227 3455 1303 ἀριστφὰ,
3488 1231 3574 1285 ἵνα
3616 1231 3689 1303 μὴ

2109 1309 2404 1381 πλανηθεὶς
2433 1314 2514 1375 εἰς
2556 1314 2685 1384 μίαν
2716 1314 2840 1368 τινὰ
2865 1311 2973 1370 τῶν
3000 1317 3101 1387 τῆς
3147 1319 3346 1384 κακίας
3374 1320 3555 1392 θυρῶν
3583 1323 3689 1375 ὀλι-

2110 1399 2317 1472 σθήσῃς
2337 1419 2349 1431 ·
2391 1402 2528 1456 ἀλλά
2559 1404 2731 1474 μέσην
2760 1405 2960 1459 ὁδεύων
2993 1408 3090 1478 τὴν
3127 1410 3353 1481 ἀρετὴν,
3398 1414 3495 1465 καὶ
3527 1414 3689 1466 ἀπαν-

2107 1493 2273 1564 ταχοῦ
2305 1493 2518 1562 βλέπων
2558 1494 2674 1559 πῶς
2704 1497 2950 1568 ἀκριϐῶς
2984 1504 3316 1571 περιπατῇς,
3353 1502 3429 1575 μὴ
3459 1504 3537 1568 ὡς
3565 1506 3691 1559 ἀσο-

2111 1601 2230 1653 φος,
2263 1583 2378 1637 ἀλλ’
2399 1585 2475 1649 ὡς
2503 1587 2685 1654 σοφὸς,
2714 1589 2796 1642 ὅτι
2823 1591 2881 1641 ἐν
2905 1591 3055 1661 μέσῳ
3080 1594 3325 1661 παγίδων
3348 1600 3691 1667 περιπατεῖς,

2111 1680 2205 1732 καὶ
2257 1680 2445 1734 ἐπάνω
2493 1682 2774 1748 ἐπάλξεων
2832 1685 3039 1738 πόλεων
3096 1687 3422 1757 διαϐαίνεις,
3458 1690 3692 1762 προνοοῦ

432 1768 577 1830 δπως
620 1769 743 1838 μήτ’
773 1771 852 1832 είς
895 1771 1096 1838 παγίδα
1139 1788 1242 1824 που
1274 1770 1590 1843 ῥᾳθυμοῦσα
1632 1770 1876 1842 ἐμϐάλῃς
1909 1771 1999 1824 τὸν
2023 1771 2160 1826 πόδα
2181 1790 2297 1838 σου,
2336 1776 2548 1847 μήποτε
2572 1778 2681 1830 ἀπὸ
2708 1778 2801 1832 τοῦ
2830 1768 3042 1850 τείχους
3066 1781 3168 1852 τῆς
3196 1782 3400 1849 πόλεως
3421 1785 3579 1856 ήμῶν
3597 1800 3692 1840 πε·

430 1860 597 1914 σοῢσα
634 1862 910 1936 ἀποθάνῃς
944 1868 1146 1931 κακῶς.

497 1953 584 2008 S7.
634 1955 896 2025 Diligendi
948 1960 1112 2031 igitur
1163 1964 1255 2033 qui
1312 1963 1381 2018 ad
1425 1979 1681 2034 sponsum
1731 1966 1999 2029 invitant.

2177 1962 2267 2016 57.
2323 1962 2567 2035 Ἀγαπᾷν
2599 1959 2691 2017 οὖν
2724 1965 2806 2019 δεῖ
2849 1967 2977 2031 τοὺς
3008 1970 3147 2041 πρὸς
3178 1973 3270 2025 τὸν
3314 1975 3549 2044 νυμφίον
3580 1995 3692 2031 πα-

428 2046 521 2099 sed
555 2046 715 2103 debet
764 2050 981 2108 dilectio
1022 2051 1171 2121 justa
1220 2070 1342 2111 esse
1387 2072 1452 2112 ac
1495 2074 1602 2114 non
1656 2061 1900 2130 confusa,
1936 2078 2004 2118 ne

429 2137 705 2196 ministros
741 2143 944 2211 sponsi,
981 2146 1326 2204 continenter
1360 2150 1645 2206 audiendis
1688 2152 1903 2208 illorum
1938 2156 2004 2210 de

426 2246 626 2299 sponso
667 2235 1027 2300 sermonibus,
1080 2252 1234 2308 teque
1284 2254 1349 2295 ac
1400 2256 1662 2311 sponsum
1710 2244 2004 2313 aliquando

427 2325 677 2396 diligens,
717 2338 928 2384 evertat
976 2330 1291 2400 dignitatem
1341 2333 1568 2402 sponsi,
1619 2349 1683 2389 ac
1720 2336 2002 2405 pronubis,

428 2431 582 2483 aeque
619 2418 739 2472 illos
771 2434 835 2473 ac
870 2420 1156 2476 Dominum
1188 2423 1485 2490 bonorans,
1515 2427 1808 2479 maximam
1839 2425 2002 2480 faciat

427 2507 702 2574 injuriam.
753 2507 872 2563 iam
923 2526 1054 2565 vero
1104 2511 1478 2581 imprudentes
1526 2514 1798 2569 nonnulla)
1846 2516 2002 2568 mini-

428 2608 574 2651 stros
626 2613 733 2652 non
772 2613 923 2668 atque
970 2616 1035 2654 ac
1083 2616 1361 2669 sponsum,
1414 2603 1508 2657 sed
1556 2605 1721 2657 etiam
1774 2605 2004 2674 amplms

427 2701 586 2754 quam
616 2703 870 2756 sponsum
925 2689 1088 2759 impie
1140 2691 1449 2747 dilexerunt
1482 2711 1495 2747 :
1534 2692 1758 2762 jamque
1797 2698 2002 2766 sponsi,

427 2776 514 2828 cui
563 2777 901 2845 desponsata;
949 2780 1186 2845 fuerant,
1235 2783 1400 2837 semel
1439 2783 1798 2849 01›Ιὶια’,ιοιιιι
1833 2786 2005 2838 famu-

426 2863 601 2919 lorum
654 2868 837 2936 sponsi
896 2868 1051 2925 factae
1102 2881 1230 2926 sunt
1282 2887 1515 2940 sponsae,
1576 2874 1661 2928 vel
1714 2875 1893 2944 potius
1938 2894 2006 2933 ne

426 2953 749 3012 famulorum
782 2960 1000 3028 quidem
1028 2964 1239 3031 sponsi,
1270 2965 1363 3018 sed
1407 2964 1711 3048 alienorum
1742 2983 2006 3038 quorum-

427 3050 550 3102 dam
590 3057 770 3121 turpes
808 3052 1061 3107 mulieres
1102 3064 1414 3110 evaserunt.
1447 3054 1665 3112 Nullum
1696 3059 1843 3113 enim
1883 3075 2006 3115 car-

428 3134 603 3189 nalem
631 3152 863 3207 sponsus
914 3150 1102 3195 noster
1131 3141 1439 3198 ministrum
1478 3145 1678 3202 habere
1707 3148 2007 3218 deprehen-

426 3228 592 3291 ditur,
614 3231 707 3284 sed
747 3245 935 3287 omnes
973 3233 1166 3301 spiritu
1195 3234 1461 3289 viventes.
1494 3235 1624 3302 Quae
1670 3248 1851 3293 autem
1897 3255 2003 3294 non

2106 2053 2498 2125 ρακαλοῦντας,
2546 2056 2683 2110 ἀλλά
2710 2057 2791 2110 δεῖ
2828 2058 2926 2130 τὴν
2971 2062 3191 2134 ἀγάπην
3220 2063 3437 2121 δικαίαν
3471 2069 3566 2121 καὶ
3614 2070 3692 2141 μὴ

2106 2148 2522 2219 συγκεχυμένην
2552 2148 2842 2218 ποιεῖσθαι,
2876 2151 2962 2205 ἵνα
2994 2154 3069 2224 μὴ
3108 2155 3235 2219 τοὺς
3272 2157 3553 2230 ὑπηρέτας
3590 2162 3688 2215 τοῦ

2104 2239 2363 2306 νυμφίου,
2410 2240 2519 2292 ἀπὸ
2559 2240 2654 2293 τοῦ
2696 2242 2938 2313 συνεχῶς
2970 2244 3190 2299 ἀκούειν
3223 2248 3404 2303 αὐτῶν
3436 2251 3506 2305 τά
3559 2254 3689 2324 περὶ

2102 2329 2198 2381 τοῦ
2240 2329 2476 2399 νυμφίου
2516 2330 2839 2397 λαλούντων,
2873 2333 3020 2397 ἴσους
3060 2336 3155 2388 τοῦ
3202 2339 3437 2408 νυμφίου
3464 2342 3689 2413 ἀγάπη-ο

2107 2420 2249 2474 σασά
2278 2438 2430 2484 ποτε,
2465 2423 2669 2496 καθέλῃ
2698 2425 2798 2494 μὲν
2821 2424 2882 2477 τὸ
2910 2424 3128 2497 ἀξίωμα
3153 2428 3246 2482 τοῦ
3274 2430 3533 2500 νυμφίου,
3560 2435 3687 2497 τοὺς

2102 2512 2160 2565 δὲ
2206 2514 2642 2584 νυμφαγωγοὺς,
2686 2515 2765 2586 τῷ
2809 2518 2937 2582 τοὺς
2990 2519 3265 2591 ἰσοτίμους
3309 2522 3389 2593 τῷ
3438 2525 3687 2600 Δεσπότῃ

2103 2603 2279 2670 ἄγειν,
2318 2603 2552 2675 ἀδικήσῃ
2589 2604 2657 2656 τὰ
2694 2605 2945 2675 μέγιστα.
2979 2608 3120 2679 Ἤδη
3167 2609 3226 2663 δέ
3271 2628 3419 2676 τινες
3467 2614 3682 2680 ἔλαθον,

2103 2694 2203 2747 οὐκ
2237 2693 2329 2748 ἴσα
2367 2695 2444 2765 τῷ
2470 2695 2687 2767 νυμφίῳ
2725 2698 3026 2769 ὑπηρέτας,
3069 2700 3207 2755 ἀλιλά
3250 2705 3346 2757 καὶ
3381 2704 3551 2761 πλέον
3593 2709 3688 2763 αὑ-

2104 2787 2263 2850 τοὺς,
2330 2785 2543 2850 ἀσεὸῶς
2601 2787 2985 2859 ἀγαπήσασαιο
3041 2792 3136 2846 καὶ
3188 2791 3283 2846 τοῦ
3321 2795 3421 2864 μὲν
3450 2799 3686 2868 νυμφίου

2104 2875 2308 2940 λοιπὸν,
2353 2878 2486 2947 πρὸς
2522 2878 2580 2932 ὃν
2612 2881 3020 2952 ἐνυμφεύσαντο
3053 2884 3309 2951 καθάπαξ
3361 2889 3685 2962 ἐπιλαθόμε-

2103 2985 2213 3030 ναι,
2244 2968 2363 3021 ὅλαι
2402 2968 2459 3021 δέ
2498 2969 2607 3024 τῶν
2652 2971 2881 3026 οἰκετῶν
2922 2972 3017 3026 τοῦ
3059 2976 3296 3045 νυμφίου
3341 2976 3558 3049 νύμφαι
3606 2997 3689 3048 γιο

2105 3059 2350 3128 νόμεναι,
2403 3059 2601 3129 μᾶλλον
2642 3060 2700 3112 δέ
2733 3061 2854 3114 οὑδὲ
2886 3063 2995 3115 τῶν
3027 3064 3255 3118 οἰκετῶν
3291 3065 3386 3119 τοῦ
3427 3070 3686 3138 νυμφίου,

2105 3146 2242 3199 ἀλλά
2271 3146 2565 3217 ἀλλοτρίων
2604 3148 2767 3201 τινῶν
2801 3153 3059 3218 γυναῖκες
3091 3155 3317 3226 αἰσχραὶ
3349 3156 3684 3226 εὑρεθεῖσαι.

2106 3236 2310 3288 Οὐδένα
2363 3236 2472 3307 γὰρ
2528 3241 2790 3309 σαρκικδν
2829 3243 2857 3294 ὁ
2900 3241 3134 3313 νυμφίος
3193 3245 3351 3316 ἡμῶν
3404 3247 3688 3335 ὑπηρέτην

424 3317 635 3385 spiritui
686 3318 1059 3374 ministrorum
1112 3322 1320 3390 sponsi,
1370 3325 1467 3378 sed
1515 3340 1703 3380 eorum
1753 3329 1999 3384 carnibus

2108 3327 2247 3398 ἔχων
2304 3327 2652 3398 εὑρίσκεται,
2696 3329 2833 3385 άλλά
2865 3331 3075 3397 πάντας
3130 3335 3401 3407 πνεύματι
3451 3317 3686 3403 ζῶντας.

424 3421 545 3462 sese
591 3407 1013 3479 desponderent,
1069 3412 1172 3480 lue,
1222 3423 1281 3466 ut
1332 3415 1678 3475 manifestum
1725 3427 1827 3482 est,
1878 3434 2002 3474 cum

426 3497 546 3553 illos
590 3514 620 3553 a
667 3501 970 3558 ministerio
1009 3504 1190 3571 sponsi
1241 3504 1406 3577 652
1462 3508 1666 3563 alienos
1703 3524 1847 3579 esse,
1892 3520 2003 3567 tum

427 3590 753 3661 semetipsas
787 3608 895 3647 non
925 3594 1187 3652 ministris
1223 3598 1429 3665 sponsi,
1456 3599 1550 3653 sed
1599 3599 1789 3655 alienis
1832 3605 2006 3659 servis

425 3681 778 3749 desponsatas
810 3696 950 3747 esse,
987 3687 1366 3748 ostenderunt.
1399 3688 1607 3743 Debent
1648 3691 1812 3760 igitur
1842 3694 2004 3748 etiam

424 3786 546 3825 cum
597 3773 715 3827 istis
740 3784 899 3830 caute
928 3776 1183 3846 colloqui,
1215 3790 1527 3835 nascentem
1562 3784 1762 3838 sensim
1798 3800 1862 3840 ex
1892 3788 2006 3842 col-

425 3862 607 3932 loquio
634 3881 951 3934 corpoream
987 3872 1434 3928 consuetudinem
1465 3876 1762 3943 prudenter
1794 3879 2007 3936 abscin-

425 3955 611 4010 dentes
631 3997 645 4020 ,
674 3968 727 4012 et
758 3959 809 4012 in
836 3959 1187 4030 colloquendo
1212 3976 1495 4032 caventes,
1525 3984 1591 4024 ne
1616 3970 1742 4024 dum
1775 3973 2007 4029 tidenter

423 4062 544 4101 cum
598 4047 724 4113 illis,
774 4059 835 4104 ut
884 4066 1006 4105 cum
1062 4056 1246 4122 sponsi
1298 4057 1552 4129 famulis,
1602 4062 2005 4131 colloquuntur,

424 4133 792 4202 imprudentes
826 4139 907 4191 vel
940 4154 1034 4194 eos
1065 4145 1131 4195 ad
1170 4157 1237 4198 ea
1270 4161 1388 4214 qua:
1434 4164 1539 4203 non
1572 4162 1784 4219 oportet
1823 4155 2005 4209 detor—

422 4235 645 4295 queant,
684 4227 767 4281 vel
809 4232 1125 4300 semetipsas
1156 4247 1352 4303 praeter
1396 4243 1730 4309 propositum
1778 4259 2001 4312 scopum

424 4316 477 4370 in
505 4317 684 4372 carnis
711 4320 1008 4391 voluptates
1042 4328 1275 4381 absurde
1302 4330 1579 4397 dejiciant.
1615 4337 1719 4388 Sed
1756 4338 2000 4392 cliaritas

421 4407 671 4462 habenda
727 4412 994 4481 proximi,
1060 4417 1184 4484 quia
1239 4418 1440 4489 Diliges
1495 4425 1792 4491 proximum
1850 4437 1999 4481 tuum

418 4499 552 4552 sicut
608 4500 831 4570 teipsum
882 4504 949 4572 ",
999 4523 1062 4561 ae
1106 4524 1317 4577 sponsae
1368 4513 1468 4567 hoc
1516 4529 1841 4586 praeceptum
1895 4521 1997 4575 sibi

421 4601 631 4658 gratum
675 4607 906 4661 sponsus
953 4597 1191 4652 tradidit.
1223 4597 1405 4666 Certe,
1459 4603 1655 4674 inquit,
1703 4608 1914 4677 diliges,
1945 4621 2000 4664 et

422 4692 688 4746 quatenus
712 4685 800 4737 uni
829 4686 1058 4742 istorum
1086 4689 1241 4756 facis,
1269 4693 1397 4746 mihi
1426 4710 1628 4763 sponso
1651 4708 1740 4751 tuo
1765 4699 1901 4755 facis
1928 4702 1991 4757 “.
2030 4678 2072 4732 θ

422 4770 527 4825 Sed
567 4788 674 4827 non
721 4778 879 4833 debet
928 4777 1133 4835 libidini
1170 4784 1401 4839 obnoxia
1436 4801 1557 4842 esse
1598 4789 1855 4855 cltaritas,
1900 4810 1999 4849 nec

422 4875 617 4917 nomen
654 4857 937 4923 charitatis
978 4872 1267 4937 mentiens,
1306 4890 1364 4928 re
1396 4887 1640 4933 evertere
1679 4882 1995 4952 dignitatem

421 4967 564 5009 vera:
640 4958 942 5015 charitatis.
1015 4965 1261 5029 Quamliu
1332 4969 1545 5037 quidem
1609 4972 1680 5027 ob
1752 4990 1992 5031 amorem

420 5046 624 5112 sponsi,
668 5063 851 5104 amare
882 5051 1077 5108 fratres
1117 5056 1337 5121 videris,
1383 5075 1569 5117 servas
1607 5073 1663 5117 et
1699 5063 1751 5118 in
1781 5081 1904 5120 enm
1941 5077 1995 5121 et

422 5135 474 5189 in
533 5138 650 5195 illos
712 5144 1030 5211 gravitatem
1086 5150 1388 5206 charitatis.
1459 5152 1563 5209 Sed
1622 5156 1665 5210 si
1717 5175 1822 5211 non
1879 5159 1992 5228 j-nn

490 5301 533 5333 ¹⁰
553 5302 713 5356 Prov.
750 5317 821 5369 Iv,
850 5302 941 5356 27.
1021 5305 1061 5337 “
1096 5306 1289 5376 Eplies.
1319 5323 1370 5375 v,
1412 5310 1499 5364 15.
1583 5312 1623 5342 ι’
1651 5312 1815 5367 Eccli.
1845 5313 2010 5379 mil)

492 5459 601 5541 ($2)
648 5462 1079 5541 Fpgpvoyémr,
1150 5467 1276 5523 Haec
1340 5470 1602 5541 scriptura
1675 5474 1840 5527 solius
1897 5484 1979 5530 est

417 5533 622 5612 codicis
643 5533 957 5611 (iptbertmi,
979 5539 1071 5590 sed
1101 5533 1479 5612 percommode
1502 5545 1753 5596 emendat
1795 5544 1978 5612 vulga-

421 5610 528 5652 tam
578 5601 860 5680 lectionem
915 5601 1354 5680 νυμφευομὲνην,
1404 5613 1557 5676 cujus
1618 5614 1799 5665 vitium
1854 5601 1976 5668 cuin

417 5672 746 5739 perspiceret
790 5672 1048 5732 Combe].
1078 5672 1359 5750 legendum
1403 5672 1645 5750 putabat,
1678 5699 1975 5753 μνηστευο-

2108 3421 2173 3473 Λί
2203 3420 2258 3472 δὲ
2294 3420 2368 3491 μὴ
2398 3419 2474 3490 τῷ
2507 3420 2776 3492 πνεύματι
2802 3422 2910 3476 τῶν
2940 3425 3400 3498 ὑπηρετουμένων
3438 3432 3518 3502 τῷ
3553 3449 3689 3504 νυμ-

2110 3511 2238 3587 φίῳ,
2288 3511 2424 3565 ἀλλά
2454 3515 2575 3575 ταῖς
2621 3513 2810 3586 σαρξὶν
2858 3515 3035 3569 αὐτῶν
3068 3518 3269 3590 ἐαυτάς
3305 3521 3522 3586 ἀτόπως
3554 3542 3666 3597 νυμ

2111 3604 2404 3672 φεύσασαι,
2426 3604 2585 3675 δῆλον
2602 3605 2674 3669 ὡς
2707 3606 2990 3670 κάκείνους
3014 3607 3328 3681 ἀλλοτρίους
3354 3613 3454 3683 τῆς
3483 3614 3665 3685 ὑπηρε

2112 3693 2231 3756 σίας
2278 3692 2371 3746 τοῦ
2419 3694 2677 3764 νυμφίου,
2708 3696 2803 3747 καὶ
2844 3697 3042 3761 ἐαυτάς
3099 3701 3198 3770 οὑχ
3244 3702 3548 3774 ὑπηρέταις
3595 3705 3689 3759 τοῦ

2108 3782 2376 3852 νυμφίου,
2435 3782 2572 3835 ἀλλά
2642 3782 2941 3855 ἀλλοτρίοις
3014 3787 3220 3853 δούλοις
3287 3793 3689 3862 νυμφευθείσας

2108 3872 2444 3943 ἀπηλεγξαν.
2472 3872 2679 3927 Οὑκοῦν
2716 3875 2811 3928 καὶ
2855 3875 3065 3940 τούτοις
3114 3879 3357 3950 ἀκριϐῶς
3397 3881 3687 3952 ὁμιλείτω-

2110 3981 2230 4029 σαν,
2258 3964 2355 4035 τὴν
2392 3966 2741 4037 ἐμφυομένην
2777 3966 2887 4040 (52)
2919 3969 3191 4042 λαθραίως
3243 3973 3309 4026 ἐκ
3338 3973 3436 4044 τῆς
3470 3975 3689 4045 ὁμιλίας

2109 4051 2427 4126 σωματικὴν
2474 4057 2763 4128 συνήθειαν
2816 4061 3095 4131 φρονίμως
3147 4063 3538 4134 ἐκτέμνουσαιο
3596 4072 3688 4122 καὶ

2106 4146 2164 4198 ἐν
2191 4145 2269 4215 τῷ
2299 4145 2506 4216 ὁμιλεῖν
2545 4149 2973 4221 φυλασσόμεναι,
3011 4153 3086 4223 μὴ
3118 4154 3183 4207 ἐκ
3214 4154 3308 4208 τοῦ
3341 4155 3588 4227 θαρσεῖν,
3613 4161 3688 4224 ὡς

2104 4237 2197 4291 τοῦ
2246 4240 2480 4310 νυμφίου
2522 4242 2766 4307 οἰκείοις,
2810 4242 3066 4310 λάθωσιν,
3114 4247 3147 4317 ἢ
3192 4247 3435 4313 ἐκείνους
3478 4252 3617 4322 πρὸς
3652 4253 3687 4309 ἃ

2108 4329 2183 4400 μὴ
2218 4328 2299 4381 δεῖ
2342 4332 2761 4403 ἀποσφήλασαι,
2813 4333 2846 4405 ἢ
2895 4335 3097 4398 ἐαυτάς
3145 4335 3298 4408 παρά
3325 4338 3418 4392 τὸν
3463 4342 3677 4411 προκείο

2108 4440 2267 4493 μενον
2300 4426 2498 4478 σκοπὸν
2547 4429 2641 4481 ἐπὶ
2670 4429 2768 4492 τὰς
2801 4430 3002 4501 σαρκὸς
3041 4431 3231 4503 ἡδονάς
3268 4432 3486 4496 ἀτόπως
3518 4451 3664 4490 κατα

2106 4514 2382 4570 ϐαλοῦσαι.
2425 4517 2584 4571 Ἀλλά
2612 4520 2834 4592 ἀγάπην
2861 4522 2941 4575 δεῖ
2970 4523 3079 4577 τῶν
3110 4524 3337 4596 πλησίον
3363 4530 3685 4600 κεκτῆσθαι,

2103 4606 2184 4660 ὅτι
2239 4608 2595 4677 Ἀγαπήσεις
2641 4611 2751 4665 τὸν
2795 4615 3066 4683 πλησίον
3108 4632 3247 4681 σου,
3288 4619 3369 4685 ὡς
3428 4621 3684 4676 ἑαυτόν

2101 4699 2195 4751 καὶ
2220 4700 2378 4753 τοῦτο
2406 4702 2638 4774 ἀρέσκον
2666 4705 2816 4776 αὑτῷ
2838 4707 2866 4758 ὁ
2894 4708 3126 4778 νυμφίος
3155 4712 3222 4781 τῇ
3254 4710 3438 4784 νύμφῃ
3471 4714 3673 4785 παράγ-

2096 4790 2279 4862 γελμα
2311 4792 2531 4847 δέδωκε,
2558 4796 2668 4848 Καί
2700 4813 2887 4866 φησιν,
2918 4797 3278 4868 ἀγαπήσεις,
3305 4803 3402 4856 καὶ
3439 4805 3526 4872 ἐφ’
3556 4806 3685 4859 ὅσον

2102 4884 2183 4937 ἐνὶ
2213 4884 2418 4938 τούτων
2444 4889 2642 4953 ποιεῖς,
2684 4890 2809 4960 ἐμοὶ
2836 4890 2916 4961 τῷ
2949 4891 3027 4961 σῷ
3056 4893 3276 4965 νυμφίῳ
3309 4898 3500 4959 ποιεῖς.
3540 4898 3683 4952 Ἀλλ’

2100 4974 2201 5027 οὑκ
2233 4975 2458 5047 ἐμπαθῆ
2490 4972 2631 5032 εἶναι
2669 4978 2751 5031 δεῖ
2789 4980 2889 5052 τὴν
2913 4981 3154 5054 ἀγάπην,
3185 4984 3308 5037 οὑδὲ
3335 4984 3509 5056 ὄνομα
3540 4988 3682 5058 αὐτῇ

2101 5066 2533 5141 ἐπιψευδομένην
2579 5069 2692 5140 (53)
2724 5070 2966 5143 ἀγάπης,
3008 5073 3086 5143 τῷ
3118 5072 3268 5144 ἔργῳ
3307 5077 3553 5148 ἀναιρεῖν
3582 5079 3684 5149 τὴν

2102 5158 2259 5223 ἀξίαν
2297 5161 2397 5229 τῆς
2428 5162 2595 5225 ὅντως
2622 5162 2862 5232 ἀγάπης.
2895 5165 3015 5217 Ὅτι
3044 5166 3147 5230 ἕως
3175 5164 3242 5220 ἂν
3278 5167 3366 5223 διὰ
3394 5169 3496 5241 τὴν
3544 5170 3683 5238 πρὸς

2119 5318 2162 5348 ¹³
2183 5318 2312 5372 Luc.
2334 5334 2385 5383 κ,
2411 5319 2500 5377 27.
2579 5322 2623 5353 ’⁸
2639 5321 2830 5379 Matth.
2852 5339 2979 5391 xxv,
2999 5323 3087 5380 40.

2132 5478 2255 5547 ένην
3597 5525 3618 5547 ο

2296 5549 2474 5639 νᾼὺτίξ
2520 5554 3037 5639 ἐπιψεοδομένην.
3089 5559 3270 5639 Codex
3309 5525 3675 5639 Colbertintis,

2086 5618 2257 5694 αὑτήν
2294 5638 2390 5694 pro
2411 5624 2569 5694 αὐτῇ.
2598 5618 2775 5680 Εἶιίιὶο
2821 5618 3018 5684 Veneta
3048 5642 3102 5686 et
3132 5618 3347 5690 codices
3376 5618 3652 5694 insistunt-1

2088 5690 2237 5755 nulli,
2264 5691 2397 5761 αὑτῇ
2434 5690 2544 5747 ex?
2563 5695 2919 5767 ψευδομένης.
