3802 6216
177 318 292 378 ’145

1386 312 1589 375 LIBER
1625 311 1716 376 DE
1757 312 2223 380 VlRGlNITATE.

3344 328 3447 391 746

175 436 273 490 τὸν
298 430 536 506 νυμφίον
565 429 788 503 ἀγάπην
815 428 1089 500 ἀγαπῶσα
1129 432 1291 505 φαίνῃ
1324 433 1452 498 τοὺς
1483 435 1746 505 ἀδελφοὺς

1873 449 2094 509 propter
2124 439 2298 505 illum,
2335 441 2430 497 sed
2460 451 2555 498 eos
2601 452 2822 518 propter
2846 444 3170 518 semetipsos
3214 461 3282 505 ex
3314 466 3446 508 con-

176 523 379 588 σὼζεις
413 522 510 576 καὶ
538 521 602 574 τδ
632 520 768 594 πρὸς
800 521 1007 574 ἐκεῖνον
1036 521 1131 575 καὶ
1162 521 1224 575 τὸ
1270 526 1411 594 πρὸς
1456 524 1658 588 αὐτοὺς
1706 525 1767 577 τὸ

173 615 281 688 τῆς
318 614 540 685 ἀγάπης
585 613 802 684 σεμνόν.
842 612 1095 666 Ἐπειδὰν
1124 613 1183 667 δὲ
1210 615 1395 667 οὐκέτι
1438 614 1505 669 δι’
1538 615 1763 681 ἐκεῖνον,

172 707 318 763 ἀλλά
354 707 578 769 τούτους
604 706 671 759 δι’
696 705 894 768 αὐτοὺς
927 705 1036 759 ἀπὸ
1073 705 1174 776 τῆς
1208 706 1501 778 συνηθείας
1527 704 1594 781 ᾗς
1625 710 1764 778 ἀγα-μ

175 799 372 864 πῶσα,
418 797 781 869 διαφθείρασα
824 798 919 851 καὶ
949 799 1050 869 τὴν
1084 798 1221 870 πρὸς
1266 800 1472 853 ἐκεῖνον
1518 801 1761 871 ἀγάπην,

173 890 275 944 καὶ
320 888 545 960 ἐμπαθῆ
576 887 781 958 ταύτην
806 888 1101 956 ποιήσασα,
1125 886 1497 958 ψευδώνυμον,
1527 890 1621 941 καὶ
1645 890 1766 958 οὐχὶ

172 981 278 1053 τὴν
342 980 518 1051 ἀληθῆ
590 978 739 1050 ἔχεις
803 978 1049 1049 ἀγάπην.
1109 978 1320 1051 Ἀγάπη
1392 978 1502 1052 γὰρ
1563 982 1765 1053 σαρκὸς

173 1073 325 1145 πάθη
358 1073 470 1145 (54)
503 1074 601 1144 οὐχ
633 1072 865 1127 ἅπτεται
884 1087 896 1102 '
928 1071 1051 1124 οὐδὲ
1098 1070 1291 1140 ἄλογος
1337 1068 1472 1125 οὖσα
1506 1072 1611 1126 ὑπὸ
1638 1090 1763 1127 συν-

171 1166 364 1238 ηθείας
393 1164 643 1230 ζωώδους
684 1164 925 1233 ἀκρίτως
955 1164 1016 1217 τὸ
1045 1164 1243 1234 σεμνὸν
1287 1165 1487 1233 ἑαυτῆς
1530 1165 1623 1217 ἐπὶ
1654 1164 1762 1218 σῶς

174 1274 324 1329 ματα
352 1258 677 1327 καταφέρει.
716 1256 878 1310 Ἀλλά
906 1255 1101 1327 λογικὴ
1128 1253 1282 1322 οὖσα,
1311 1257 1404 1310 καὶ
1430 1257 1525 1329 ὅλη
1567 1259 1763 1329 σοφίας

172 1346 372 1418 μεστὴ.
398 1346 681 1417 ἐμφρόνως
716 1346 917 1418 ἑαυτὴν
955 1345 1092 1416 πρὸς
1121 1345 1279 1413 ἀξίαν
1308 1350 1421 1412 τοῖς
1447 1349 1764 1419 προσώποις

169 1438 316 1491 κατὰ
365 1438 427 1490 τὸ
471 1438 677 1490 δίκαιον
729 1436 1085 1491 ταλαντεύει·
1135 1439 1264 1502 τοὺς
1330 1440 1429 1510 μὲν
1481 1441 1765 1512 ὑπηρέτας

168 1528 410 1599 νυμφίου
451 1527 696 1598 λογισμῷ
723 1527 791 1580 δι’
814 1529 1022 1583 ἐκεῖνον
1054 1528 1296 1600 τιμῶσα,
1323 1530 1488 1583 αὐτὸν
1519 1531 1578 1585 δὲ
1615 1534 1761 1585 ὲκεί-

169 1635 263 1672 νον
294 1620 356 1672 οὐ
394 1619 483 1673 διὰ
520 1619 763 1683 τούτους,
809 1621 890 1673 ὅτι
933 1623 1062 1693 περὶ
1092 1622 1258 1676 αὑτοῦ
1299 1624 1438 1696 αὐτῇ
1472 1625 1753 1695 διαλέγονο

166 1727 295 1773 ται,
346 1710 483 1764 ἀλλὰ
542 1711 609 1764 δι’
642 1712 805 1766 αὐτὸν
856 1714 1230 1784 περιέπουσαο
1285 1717 1381 1768 καὶ
1428 1715 1486 1769 εἴ
1528 1734 1611 1779 τις
1661 1718 1765 1788 μὲν

168 1802 383 1855 ἐκείνου
415 1803 671 1874 ἐραστὴς,
700 1802 890 1857 τοῦτον
926 1804 1015 1858 διὰ
1046 1805 1107 1859 τὸ
1138 1807 1275 1878 πρὸς
1303 1810 1508 1862 ἐκεῖνον
1535 1808 1758 1881 φίλτρον

168 1893 390 1965 ἑταῖρον
423 1892 719 1965 νομίζουσα
739 1912 751 1926 ·
782 1898 831 1949 εἰ
868 1896 925 1950 δέ
950 1915 1037 1962 τις
1066 1898 1159 1952 τοῦ
1200 1900 1329 1971 περὶ
1360 1899 1526 1954 αὐτοῦ
1553 1900 1757 1971 ἔρωτος

168 1986 384 2057 ἀμελεῖ,
425 1987 610 2040 οὐκέτι
642 1986 851 2053 τοῦτον,
881 1988 982 2043 κᾶν
1017 1990 1189 2062 αὐτὴν
1222 1991 1516 2066 κολακεύῃ,
1555 1991 1633 2056 ὡς
1679 1993 1758 2046 οξ·-

168 2081 319 2131 κεῖον
349 2078 555 2148 ὁρῶσα,
586 2078 721 2132 ἀλλά
770 2080 868 2133 καὶ
922 2080 1157 2151 μάλιστα
1210 2084 1276 2136 ὲκ
1316 2082 1420 2152 τῆς
1466 2082 1759 2148 κολακείας

166 2169 270 2239 τὴν
327 2168 620 2240 ἐπιϐουλὴν
661 2170 1065 2236 ὑποπτεύουσα,
1117 2174 1197 2226 ὅτι
1230 2174 1449 2246 ἀμελῶν
1497 2173 1590 2227 τοῦ
1623 2192 1758 2244 νυμ-

170 2260 297 2329 φίου
332 2261 461 2332 περὶ
494 2260 552 2313 ὃν
591 2261 728 2333 αὐτὴ
777 2263 1075 2333 ἐπτόηται,
1122 2267 1474 2337 προσποιήτῳ
1510 2268 1578 2337 τῇ
1628 2268 1756 2336 περὶ

165 2352 265 2406 τὸν
312 2351 544 2422 νυμφίον
600 2352 769 2424 αὐτῆς
839 2351 1137 2426 θεραπείᾳ,
1197 2355 1439 2421 δελεάζει
1487 2356 1599 2428 (55)
1658 2359 1756 2428 μὲν

166 2441 375 2514 ταύτην
407 2442 483 2505 ὡς
527 2442 822 2513 συμπονῶν
866 2445 1002 2515 αὐτῇ
1052 2444 1187 2516 πρὸς
1224 2447 1326 2518 τὴν
1370 2447 1578 2502 ἐκείνου
1629 2450 1758 2521 ἀρέ-

168 2550 378 2599 σκειαν,
414 2535 498 2603 ἐφ’
529 2536 721 2589 ἑαυτὸν
757 2535 815 2590 δὲ
856 2538 1028 2607 αὐτῆς
1072 2537 1164 2592 τὸν
1199 2537 1379 2610 ἔρωτα
1405 2541 1472 2593 ὲκ
1506 2542 1604 2612 τῆς
1633 2558 1758 2596 συν-

167 2626 334 2696 εχοῦς
362 2626 581 2697 ὁμιλίας
616 2627 929 2697 μεταθεῖναι
961 2629 1271 2697 σπουδάζει,
1298 2631 1357 2683 ὲν
1385 2634 1754 2703 νυμφαγωγοιῖ

163 2717 393 2788 ὀνόματί
426 2735 488 2771 τε
524 2719 616 2772 καὶ
645 2721 883 2791 σχήματι
914 2720 1099 2791 μοιχὸς
1124 2721 1225 2792 τῆς
1262 2720 1479 2795 νύμφης
1519 2723 1758 2797 πανούρ-

166 2826 285 2877 γως
313 2809 621 2880 γινόμενος.
662 2810 945 2864 Ἐντεῦθεν
989 2811 1098 2884 γὰρ
1131 2811 1325 2866 πολλαὶ
1361 2814 1441 2885 τῷ
1484 2814 1587 2885 τῆς
1620 2816 1756 2884 ἀγά-

166 2919 283 2972 πης
320 2901 543 2974 ὀνόματι
579 2902 897 2974 καταϐραχὺ
932 2905 1071 2977 πρὸς
1118 2905 1188 2959 τὰ
1230 2906 1330 2977 τῆς
1362 2906 1562 2979 σαρκὸς
1606 2906 1753 2979 πάθη

165 2993 279 3045 ὑπὸ
305 2993 405 3063 τῆς
455 2993 744 3064 συνηθείας
794 2994 1222 3067 κατενεχθεῖσαι,
1259 2998 1456 3069 πόρναι
1503 2999 1598 3052 καὶ
1633 3015 1753 3070 μοι·

162 3085 386 3159 χαλίδες
413 3086 507 3138 καὶ
536 3084 811 3157 ἀλλότριαι
835 3086 894 3139 οὒ
929 3087 1029 3158 τῆς
1050 3086 1146 3141 τοῦ
1179 3089 1386 3160 Κυρίου
1431 3090 1589 3161 μόνον
1617 3107 1756 3161 νυμ⁴

165 3180 434 3248 φεύσεως,
480 3178 617 3234 ἀλλά
649 3180 743 3232 καὶ
773 3176 868 3232 τοῦ
915 3179 1058 3233 κατά
1099 3180 1279 3253 σάρκα
1327 3181 1559 3254 νομίμου
1606 3183 1755 3255 παρά

162 3271 480 3343 ἀνθρώποις
518 3271 695 3342 γάμου
740 3271 1088 3326 παντάπασιν
1126 3273 1572 3345 ἀπηλέγχθησαν.
1611 3275 1757 3347 Παρ·

162 3364 352 3420 θενίαν
378 3363 490 3434 γάρ
517 3362 595 3433 τῷ
622 3362 816 3434 Κυρίῳ
844 3363 1337 3436 ἐπαγγειλάμεναι,
1377 3360 1476 3417 εἷθ’
1509 3365 1615 3418 ὑπὸ
1645 3364 1754 3420 τῶν

165 3455 374 3527 σαρκὸς
413 3454 619 3526 ἡδονῶν
658 3455 985 3527 νικηθείσαι,
1023 3454 1122 3526 τὴν
1155 3455 1253 3525 τῆς
1282 3454 1543 3525 πορνείας
1573 3456 1755 3528 ἁμαρ-

162 3545 290 3601 τίαν
338 3546 520 3616 γάμου
579 3545 799 3616 ὀνόματι
857 3544 1231 3615 περιστέλλειν
1288 3544 1599 3600 ἐθέλουσινο
1652 3547 1754 3602 οὐκ

1869 532 2156 587 suetudine
2212 531 2424 602 diliges,
2470 547 2826 607 corrumpens
2875 536 3022 594 illius
3068 554 3335 606 amorem,
3386 556 3447 599 ac

1867 620 2080 675 libidini
2136 623 2430 677 obnoxium
2484 621 2761 692 efﬁciens,
2818 627 2954 683 falso
3001 631 3335 685 nominatam
3386 647 3445 689 ac

1866 712 2092 766 minime
2140 728 2323 767 veram
2376 713 2543 769 habes
2599 717 2942 773 charitatem.
2995 721 3248 777 Charitas
3299 723 3445 776 enim

1867 802 2047 857 carnis
2092 802 2342 858 libidines
2388 820 2493 859 non
2533 807 2791 875 attingit:
2832 822 2930 861 nec
2967 810 3191 865 rationis
3241 826 3444 880 expers

1865 908 1933 948 ex
1996 896 2384 951 consuetudine
2451 896 2670 951 animali
2740 901 3060 970 gravitatem
3122 916 3273 957 suam
3329 903 3443 959 sine

1858 981 2064 1052 judicio
2113 985 2369 1040 transfert
2405 986 2457 1041 in
2508 1002 2754 1056 corpora.
2803 988 2911 1044 Sed
2963 992 3193 1047 rationis
3223 1006 3443 1061 compos

1865 1089 1929 1131 ae
1962 1084 2071 1131 tota
2111 1077 2390 1146 sapientiae
2423 1079 2583 1147 plena
2615 1081 2912 1149 prudenter
2953 1082 3299 1153 semetipsam
3346 1097 3442 1152 pm

1865 1168 2059 1221 merito
2090 1182 2466 1238 personarum,
2512 1179 2573 1225 ut
2605 1187 2821 1242 aequum
2855 1182 2959 1236 est,
3009 1174 3306 1245 impendit;
3343 1176 3443 1229 mi-

1865 1263 2068 1315 nistros
2120 1261 2350 1331 sponsi,
2403 1263 2613 1319 ratione
2662 1273 2880 1335 propter
2929 1266 3081 1320 illum
3136 1267 3440 1329 honoraris.

1865 1350 2012 1407 illum
2047 1365 2228 1408 autem
2261 1370 2365 1409 non
2395 1362 2620 1425 propter
2646 1371 2760 1423 eos,
2797 1358 2921 1427 quia
2949 1358 3016 1413 de
3042 1357 3133 1413 illo
3160 1357 3443 1430 loquentes

1864 1444 2047 1510 audit,
2080 1445 2176 1500 sed
2220 1455 2444 1516 propter
2490 1448 2669 1517 ipsum
2702 1448 2922 1516 colens;
2968 1464 3030 1505 ac
3061 1449 3105 1504 si
3132 1452 3256 1520 quis
3304 1450 3443 1505 illius

1864 1544 2078 1592 amator
2121 1547 2226 1603 est,
2259 1540 2494 1595 amicum
2539 1540 2689 1594 illum
2717 1540 2788 1596 ob
2833 1543 3018 1611 sponsi
3052 1557 3294 1597 amorem
3321 1542 3445 1598 exi-o

1862 1628 2085 1696 stimat;
2119 1632 2163 1685 si
2210 1632 2334 1700 quis
2380 1640 2560 1687 autem
2596 1632 2741 1688 illius
2785 1648 3028 1690 amorem
3063 1634 3304 1706 negligit,
3337 1650 3441 1689 non

1860 1719 1971 1790 jam
2005 1721 2175 1788 illum,
2205 1722 2421 1777 etiamsi
2457 1732 2786 1789 assentetur,
2815 1733 2875 1780 ut
2901 1723 3222 1780 familiarem
3256 1726 3449 1790 habet;

1864 1812 1958 1866 sed
1998 1814 2230 1867 maxime
2278 1828 2344 1868 ex
2395 1812 2513 1883 ejus
2564 1815 2932 1870 assentatione
2989 1815 3215 1871 insidias
3260 1816 3443 1885 suspi-

1864 1911 2039 1968 catur,
2090 1913 2372 1972 propterea
2419 1909 2559 1976 quod
2610 1907 2885 1977 negligens
2938 1922 3221 1975 sponsum,
3276 1923 3438 1978 quem

1864 1992 1953 2048 illa
2008 1994 2330 2059 admiratur,
2380 1996 2638 2050 simulato
2686 1996 2852 2062 ipsius
2893 1996 3078 2066 sponsi
3140 1996 3288 2051 cultu
3347 1995 3437 2051 in-

1864 2093 2013 2139 escat
2045 2099 2186 2151 eam,
2216 2086 2368 2155 quasi
2412 2087 2585 2157 ipsam
2619 2088 2840 2158 adjuvet
2872 2095 2933 2142 ut
2967 2102 3165 2158 sponso
3190 2087 3436 2158 placent;

1865 2177 1918 2229 in
1957 2179 2304 2245 semetipsum
2356 2187 2537 2231 autem
2586 2178 2732 2233 illius
2781 2192 3022 2232 amorem
3074 2177 3292 2232 assiduo
3321 2183 3438 2232 cot-

1863 2267 2044 2336 loquio
2092 2266 2387 2322 transferre
2431 2278 2684 2333 conatur,
2720 2270 2822 2324 sub
2854 2268 3082 2339 pronubi
3119 2270 3341 2324 nomine
3383 2281 3440 2324 et

1865 2362 2042 2428 specie
2088 2358 2299 2411 adulter
2364 2373 2573 2427 sponsae
2632 2359 3002 2415 fraudulenter
3058 2360 3252 2416 factus.
3302 2360 3438 2414 Hine

1862 2451 2004 2504 enim
2042 2449 2224 2503 multa:
2271 2449 2557 2503 charitatis
2585 2451 2805 2505 nomine
2851 2450 3110 2519 paulatim
3157 2451 3224 2505 ad
3255 2450 3439 2505 carnis

1862 2540 2110 2595 libidines
2151 2556 2218 2597 ex
2244 2541 2633 2597 consuetudine
2674 2552 2730 2597 et
2773 2541 3142 2598 familiaritate
3183 2541 3437 2612 delapsae.

1863 2634 2177 2689 meretrices
2231 2641 2284 2688 et
2334 2633 2593 2689 adultera:
2640 2648 2706 2689 ac
2754 2649 2859 2689 non
2915 2636 3086 2689 solum
3140 2650 3171 2688 a
3222 2634 3440 2689 Domini

1864 2724 2225 2795 sponsalibus,
2267 2726 2361 2781 sed
2406 2726 2570 2781 etiam
2604 2741 2633 2780 a
2667 2727 2872 2782 carnali
2918 2726 3265 2781 matrimonio
3295 2729 3440 2796 apud

1866 2819 2114 2873 homines
2158 2818 2399 2889 legitimo
2445 2818 2635 2874 aliena:
2676 2833 2899 2889 prorsus
2938 2819 3436 2890 deprehenduntur.

1861 2909 1999 2965 Nam
2048 2925 2172 2965 cum
2220 2909 2585 2979 virginitatem
2636 2911 2867 2966 Domino
2912 2912 3197 2976 voverint,
3249 2922 3438 2983 postea

1863 3003 2046 3060 carnis
2084 3001 2457 3072 voluptatibus
2505 3004 2684 3068 victm,
2732 3004 2901 3073 stupri
2936 3013 3216 3075 peccatum
3251 3006 3442 3060 matri-

1861 3095 2026 3150 monii
2072 3094 2286 3149 nomine
2334 3104 2631 3164 praetexere
2671 3094 2860 3150 volunt
2899 3110 3053 3150 :non
3105 3094 3440 3166 ignorantes,

1861 3188 2070 3256 opinor,
2099 3187 2344 3254 quamvis
2379 3184 2772 3255 ignorationem
2821 3200 2933 3254 prae
2975 3200 3038 3240 se
3087 3185 3286 3251 ferant,
3316 3202 3438 3241 eam

1861 3294 1980 3347 quae
2026 3277 2207 3332 datam
2255 3291 2455 3347 sponso
2502 3290 2600 3330 suo
2647 3275 2925 3330 dexteram
2974 3276 3215 3344 violavit,
3260 3292 3439 3346 neque

1861 3368 2004 3422 illius
2032 3382 2285 3437 sponsam
2316 3382 2460 3432 esse,
2495 3381 2654 3436 quem
2686 3366 2963 3436 illegitime
2993 3366 3231 3437 reliquit,
3262 3383 3438 3438 neque

1860 3458 2027 3522 illius,
2064 3459 2149 3513 cui
2192 3472 2251 3512 se
2283 3472 2378 3526 per
2420 3457 2697 3512 libidinem
2740 3457 2941 3528 iunxit,
2969 3457 3267 3514 secundum
3293 3458 3438 3528 leges

1860 3561 2083 3601 uxorem
2110 3547 2280 3601 videri
2311 3560 2489 3616 posse.

161 3638 479 3709 ἀγνοοῦσαι,
508 3635 679 3710 οἶμαι,
717 3638 821 3692 κᾶν
857 3638 1080 3706 ἄγνοιαν
1105 3638 1168 3710 δὴ
1209 3639 1637 3710 προσποιῶνται,
1667 3641 1749 3694 ὅτι
1788 3641 2148 3714 ἡπαραϐἅσα
2201 3641 2298 3705 τὰς
2343 3641 2481 3713 πρὸς
2549 3639 2642 3695 τὸν
2698 3642 2932 3713 νυμφίον
2978 3640 3178 3714 ἑαυτῆς
3229 3641 3436 3710 δεξιὰς,

160 3732 291 3787 οὔτε
326 3731 517 3785 τούτου
553 3731 668 3784 ἐστὶ
708 3730 919 3801 νύμφη,
965 3730 1024 3783 ὃν
1052 3730 1389 3802 παρανόμως
1432 3732 1747 3799 κατέλιπεν,
1784 3732 1895 3787 οὔτ’
1940 3733 2172 3802 ἐκείνου,
2200 3726 2245 3802 ᾧ
2272 3732 2361 3788 διὰ
2394 3735 2567 3800 πάθος
2609 3735 2829 3802 ἔζευξεν
2893 3735 3113 3808 ἑαυτὴν,
3177 3737 3320 3791 κατὰ
3350 3738 3440 3791 νό-

166 3841 307 3894 μους
339 3823 478 3893 γυνὴ
505 3823 727 3876 δύναται
759 3822 1067 3893 εὑρεθῆναι.

236 3916 329 3971 58.
353 3917 488 3969 Τότε
515 3915 622 3987 γὰρ
649 3914 877 3985 νόμιμος
900 3913 1008 3985 (56)
1031 3913 1126 3967 καὶ
1152 3929 1293 3968 κατα
1317 3912 1418 3978 τὰς
1444 3913 1597 3978 θείας
1612 3915 1759 3987 Γρα-

162 4009 274 4080 φάς
308 4007 623 4060 συνίσταται
637 4008 837 4078 γάμος,
864 4006 992 4059 ὅταν
1016 4004 1090 4075 μὴ
1127 4004 1298 4069 πάθος
1327 4005 1520 4077 ἡδονῆς
1548 4024 1757 4079 προκα-

158 4099 375 4171 ταλάδῃ
409 4098 503 4151 τοῦ
537 4099 704 4169 νόμου
743 4098 845 4168 τὴν
891 4095 1103 4167 χρείαν,
1145 4095 1404 4167 λογισμὸς
1450 4096 1506 4149 δὲ
1555 4094 1649 4149 τοῦ
1695 4113 1756 4149 τε

159 4195 245 4257 είς
274 4190 528 4263 βοήθειαν
553 4189 851 4256 ἀναγκαίου
883 4189 977 4242 καὶ
1003 4188 1102 4259 τῆς
1124 4187 1233 4242 τῶν
1256 4188 1465 4242 παίδων
1501 4187 1752 4260 διαδοχῆς

157 4283 259 4337 τοῦ
293 4283 473 4353 γάμου
506 4280 763 4352 προσθεὶς
805 4280 898 4333 τὸν
927 4278 1150 4342 σκοπὸν,
1188 4276 1371 4350 τίμιον
1403 4279 1573 4344 ὅντως
1609 4297 1747 4350 μνη-

1929 3913 2023 3970 58.
2075 3911 2227 3968 Tunc
2274 3914 2418 3969 enim
2478 3913 2715 3984 legitime
2768 3921 2824 3969 et
2873 3913 3169 3970 secundum
3228 3914 3440 3971 divinas

1861 4002 2174 4071 Scripturas
2222 4003 2628 4058 matrimonium
2677 4001 3054 4067 contrahitur,
3104 4017 3226 4057 cum
3272 4003 3437 4075 653

1861 4094 2150 4165 voluptatis
2181 4107 2335 4148 amor
2378 4108 2485 4148 non
2521 4093 2799 4163 pravertit
2847 4091 2983 4161 legis
3033 4093 3439 4154 necessitatem.

1858 4188 1952 4242 sed
1980 4185 2238 4254 cogitatio
2265 4184 2557 4240 necessarii
2591 4183 2776 4238 auxilii
2816 4193 2873 4238 et
2905 4182 3196 4238 liberorum
3243 4199 3431 4240 susce'

1859 4279 2059 4347 ptionis
2088 4275 2361 4346 proposita
2394 4275 2743 4331 matrimonio
2771 4290 2899 4331 vere
2924 4276 3272 4333 honorabiles
3302 4293 3436 4333 cou~

162 4373 335 4445 στεύῃ
380 4373 472 4426 τὸν
519 4372 717 4443 γάμον.
747 4370 878 4424 Ὅτε
920 4368 1028 4422 τῶν
1075 4368 1389 4437 ἀναγκαίων
1430 4369 1525 4423 τοῦ
1570 4370 1750 4441 γάμου

1871 4368 2008 4424 ciliat
2056 4369 2289 4438 nuptias.
2339 4367 2476 4422 Cum
2531 4366 2854 4422 necessitate
2904 4367 3234 4424 matrimonii
3288 4370 3439 4437 prius

161 4464 575 4539 προειληφότων
616 4461 694 4533 τῷ
746 4459 1015 4531 λογισμῷ,
1061 4460 1157 4514 καὶ
1197 4461 1462 4533 κρηπῖδος
1505 4462 1666 4530 ἁγίας
1696 4463 1754 4515 ὲν

158 4557 358 4631 Κυρίῳ
392 4555 535 4610 κατά
588 4555 787 4626 νόμους
840 4552 1125 4622 τεθείσης,
1180 4552 1604 4623 ἐπακολούθημα
1653 4552 1748 4607 τοῦ

158 4648 308 4703 κατά
332 4647 424 4700 τὸν
452 4646 631 4717 γάμον
658 4642 983 4712 ἀναγκαίου,
1019 4644 1054 4713 ἡ
1095 4644 1161 4696 ὲκ
1186 4642 1287 4714 τῆς
1335 4640 1531 4713 μίξεως
1567 4643 1750 4715 ἡδονὴ,

158 4742 301 4814 μίαν
356 4738 535 4810 σάρκα
580 4736 680 4808 τὴν
729 4734 825 4788 δύο
867 4732 1097 4788 ποιοῦσα
1157 4733 1490 4804 εὑρίσκεται.
1534 4733 1751 4805 Ἐπειδὴ

156 4832 275 4903 γὰρ
299 4832 330 4885 ό
358 4830 416 4883 ὲν
446 4829 592 4900 ψυχῇ
624 4826 886 4897 λογισμὸς
920 4824 1021 4889 τὰς
1047 4825 1225 4896 ψυχάς
1258 4822 1567 4896 προλαϐὼν,
1608 4825 1750 4879 κατά

154 4923 222 4977 τὺ
251 4920 578 4991 φαινόμενον
619 4919 916 4986 ἀναγκαῖον
956 4915 1215 4985 συνῆψεν,
1244 4915 1469 4978 εἰκότως
1494 4931 1748 4986 προηνω-

162 5015 359 5087 μέναις
389 5011 619 5074 ταύταις
647 5011 742 5064 καὶ
770 5010 804 5080 ἡ
831 5007 941 5063 τῶν
979 5006 1199 5080 σαρκῶν
1237 5005 1346 5060 τῶν
1398 5007 1457 5058 ἐν
1485 5000 1574 5069 αἷς
1611 5007 1749 5058 εἰσιν

158 5106 389 5175 ἔννομος
434 5102 630 5166 ἓνωσις
673 5098 1058 5171 ἠκολούθησεν.
1097 5098 1264 5152 Ὅταν
1314 5097 1369 5151 δὲ
1401 5096 1508 5152 τῶν
1559 5095 1747 5166 ψυχῶν

157 5196 294 5250 ἄλλο
330 5193 432 5263 τὴν
478 5191 654 5263 ἀρχὴν
697 5187 1072 5261 προθεμένων,
1109 5187 1167 5240 ai
1213 5186 1416 5258 σάρκες
1458 5184 1526 5239 δι’
1555 5184 1746 5256 ἡδονὴν

157 5289 231 5343 τὰ
254 5288 432 5341 οἰκεῖα
479 5281 1070 5356 πραγματευσάμεναι,
1104 5277 1203 5344 τὰς
1232 5280 1290 5332 ὲν
1332 5278 1525 5341 αὐταῖς
1569 5276 1748 5346 ψυχὰς

233 5486 351 5559 (54)
377 5486 566 5554 Πάθη.
604 5485 714 5559 εἰειΔ
735 5482 910 5559 editio
941 5480 1143 5559 Yeuetg
1184 5488 1236 5535 et
1274 5493 1375 5559 sex
1429 5491 1559 5559 mss.
1593 5472 1745 5526 Pari-

157 5549 364 5615 siensi's
394 5549 585 5622 editio,
612 5552 823 5611 παθῶν.
857 5552 1040 5608 Codex
1087 5549 1397 5605 Mazarinus
1419 5549 1521 5602 alia
1556 5560 1741 5606 manu,

158 5627 394 5692 πάθους.

180 5767 192 5768 ί
235 5699 349 5768 (55)
383 5693 777 5768 Προσποιήτῳ
798 5689 875 5768 ἰςῇ
999 5689 1303 5768 θεραπείᾳ,
1330 5684 1610 5768 adscita;
1639 5682 1743 5737 Co-

161 5754 269 5825 dei
299 5754 568 5825 recentior
603 5754 873 5827 Co'mbefl,
922 5754 1299 5833 προσποιεῖται
1448 5757 1547 5828 τὴν
1578 5754 1742 5823 θερα-

443 5856 750 5922 ΡΑτιιοι..’
768 5857 886 5920 Gtt.
934 5854 1145 5918 XXX.

1864 4462 2046 4516 animo
2093 4466 2374 4527 concepta,
2420 4464 2477 4511 et
2524 4466 2712 4512 sancto
2757 4456 2813 4511 in
2861 4456 3088 4512 Domino
3137 4459 3438 4512 secundum

1857 4551 2000 4620 leges
2044 4548 2192 4618 jacto
2238 4547 2609 4611 fundamento,
2657 4544 2928 4615 appendix
2975 4544 3310 4599 matrimonii
3342 4560 3434 4599 nec

1856 4641 2129 4699 cessitatis
2173 4653 2296 4695 esse
2341 4636 2787 4708 deprehenditur,
2818 4636 3135 4693 concubitus
3165 4636 3435 4707 voluptas,

1855 4748 1975 4803 qua:
2008 4746 2227 4787 carnem
2263 4732 2493 4785 duorum
2545 4743 2708 4782 unam
2757 4728 2940 4784 eilicit.
2972 4727 3241 4796 Quoniam
3288 4729 3436 4783 enim

1855 4823 2051 4875 animae
2082 4818 2244 4874 insita
2277 4818 2418 4872 ratio
2446 4816 2654 4870 animas
2679 4817 2732 4869 in
2760 4826 3104 4871 antecessum
3134 4819 3434 4873 secundum

1857 4912 2028 4977 illam,
2056 4924 2177 4980 quze
2206 4915 2449 4978 apparet,
2480 4907 2861 4964 necessitatem
2894 4905 3196 4974 conjunxit,
3237 4910 3436 4962 merito

1806 5024 1813 5029 ·
1856 5005 2160 5059 animarum
2198 4998 2634 5067 conjunctioan
2679 4997 2847 5053 etiam
2880 4999 3125 5054 carnium
3157 4998 3211 5053 in
3240 5000 3436 5069 quibus

1854 5102 2141 5149 versantur
2210 5090 2445 5163 legitima
2518 5089 2826 5157 conjunctio
2882 5089 3265 5159 consequitur.
3329 5090 3435 5147 Sed

1853 5199 1976 5240 cum
2020 5183 2304 5238 animabus
2351 5180 2496 5236 atiud
2532 5181 2635 5235 sibi
2677 5181 2746 5236 ab
2788 5180 2944 5236 initio
2981 5183 3434 5250 proponentilms,

1855 5285 2051 5327 carnes
2099 5270 2171 5326 ob
2224 5269 2554 5340 voluptatem
2599 5284 2663 5325 ea
2708 5283 2829 5338 qua
2878 5270 2985 5327 sibi
3039 5271 3257 5341 propria
3308 5283 3435 5331 sunt

1852 5470 2013 5524 πείαν
2042 5470 2136 5524 καὶ
2162 5467 2424 5534 δελεάζει.

1923 5540 2352 5612 (ὕϐῌνόμιμος.
2396 5537 2638 5612 ιῖοιιξειν1
2661 5546 2729 5612 _et
2755 5554 2897 5612 unus
2933 5554 3000 5598 ex
3036 5538 3239 5608 Regi-is,
3282 5558 3409 5612 νομι

1978 5655 1990 5667 .
2017 5607 2167 5666 ’Νοιὶ
2194 5607 2355 5681 longe
2378 5609 2590 5681 vocula
2615 5607 2678 5681 δέ
2700 5610 2884 5665 addita
2914 5626 2947 5667 e
3003 5607 3252 5679 pluribus
3298 5607 3413 5667 mss

1848 5679 2016 5804 Paall’o
2035 5689 2158 5751 post
2186 5679 2321 5738 satis
2341 5679 2628 5737 commode
2663 5679 2956 5751 legeretur,
2984 5680 3108 5736 τότε
3134 5681 3244 5737 τῶν
3271 5683 3413 5752 ἀνα-γ

1848 5766 1924 5805 κα
1989 5766 2038 5805 ν.

3049 5845 3128 5908 2(a-
