3802 6216
367 306 470 362 ’147

1324 288 1673 349 ΛΡΡΕΝΒΙΧ
1709 287 2000 348 OPERUM
2036 287 2094 343 S.
2132 283 2381 343 BASiLll
2418 279 2656 341 MAGNI.

3528 273 3640 332 ’με

362 433 689 497 (parentes,
715 422 928 478 animas
954 432 1075 491 quae
1112 415 1168 473 in
1199 414 1335 487 ipsis
1376 414 1655 479 resident,
1686 412 1822 469 vitio
1849 425 1950 467 suo

2087 405 2129 478 ᾦ
2160 406 2282 460 κατ’
2308 402 2478 465 αὐτὰς
2500 401 2665 457 πάθει
2692 397 3049 462 δονλευούσας
3089 395 3388 459 ινώσωσιν,
3417 393 3639 449 ἀκολού-

364 510 734 588 emancipatas
757 512 1191 581 coniunxerunt,
1232 505 1498 577 appendix
1539 502 1721 559 carnis
1770 502 1943 556 malo-

364 624 487 664 rum
533 609 691 662 lactze
737 604 934 659 animm
994 601 1240 670 iniquum
1289 596 1640 651 concubitum
1692 593 1944 649 reddunt.

365 700 464 755 Cui
505 699 648 753 enim
697 695 849 766 operi
896 708 996 749 nec
1046 691 1211 748 insita
1262 689 1461 744 anima:
1519 687 1659 742 ratio
1709 701 1808 742 nec
1862 686 1948 739 lex

364 790 595 859 praeivit,
631 787 760 842 illud
792 801 821 840 a
854 783 1210 850 conscientia,
1242 791 1300 836 ut
1334 779 1481 836 omni
1516 793 1584 834 ex
1628 785 1784 849 parte
1828 776 1947 832 ille-

365 882 635 952 gitimum,
667 879 978 935 damnatur.
1013 874 1329 945 Propterea,
1366 871 1563 941 inquit,
1597 869 1797 924 Mulier
1822 867 1950 922 alli-

364 982 487 1041 gata
517 980 591 1025 est
624 968 749 1038 legi,
790 976 989 1038 quanto
1018 976 1249 1035 tempore
1285 962 1407 1017 vivit
1438 963 1516 1015 vir
1545 959 1680 1030 ejus.
1723 956 1877 1024 Quod
1904 956 1951 1010 si

365 1072 605 1116 mortuus
634 1058 798 1127 fuerit
843 1058 944 1122 vir,
974 1055 1142 1109 libera
1192 1062 1270 1108 est
1319 1052 1404 1106 cui
1448 1049 1553 1105 ιίιίι
1603 1048 1802 1115 nubat,
1844 1062 1950 1102 non

365 1153 702 1222 simpliciter,
731 1150 819 1205 sed
866 1158 1071 1203 tantum
1117 1147 1173 1201 in
1211 1145 1463 1208 Domino,
1493 1142 1669 1212 inquit
1709 1141 1775 1208 ³⁵,
1823 1141 1947 1210 quia

365 1258 421 1303 et
459 1262 581 1317 quae
628 1253 799 1299 morte
825 1242 928 1297 viri
967 1241 1137 1296 libera
1168 1240 1237 1293 ad
1269 1236 1486 1306 nuptias
1516 1234 1655 1289 facta
1691 1243 1794 1295 est,
1842 1247 1949 1286 non

363 1341 491 1413 quia
541 1338 768 1394 liberata
805 1344 890 1391 est
923 1332 1268 1404 simpliciter,
1301 1328 1400 1385 sed
1432 1330 1484 1382 in
1521 1328 1747 1383 Domino
1793 1326 1953 1381 debet
2000 1342 2003 1345 ·

366 1433 593 1489 nubere.
626 1427 766 1495 Quid
796 1435 878 1482 est
907 1434 1089 1480 autem
1122 1425 1176 1477 in
1212 1421 1444 1475 Domino
1487 1419 1705 1489 nuptias
1732 1424 1951 1471 contra-

316 1550 323 1557 υ
369 1522 533 1580 bere?
566 1521 683 1575 Non
717 1519 900 1575 carnis
930 1512 1298 1584 voluptatibus
1339 1512 1406 1566 ad
1442 1510 1788 1565 concubitum
1826 1517 1952 1562 ante

369 1604 644 1683 pertrahi,
672 1607 767 1664 sed
812 1603 1159 1675 dijudicando
1202 1603 1255 1657 id
1302 1604 1448 1671 quod
1479 1598 1613 1654 utile
1654 1598 1722 1652 ad
1761 1599 1950 1664 vitam,

368 1705 571 1775 eligere
618 1701 853 1769 nuptias.
882 1697 1177 1766 Propterea
1209 1695 1374 1750 etiam
1419 1692 1806 1748 necessitatem
1840 1705 1953 1744 ma-

368 1796 608 1855 trimonii
647 1794 873 1849 Creator
903 1790 958 1845 in
994 1797 1188 1844 natura
1221 1786 1476 1842 instituit.

439 1978 530 2034 59.
563 1972 718 2042 Quod
759 1974 803 2028 si
835 1971 950 2026 haec
989 1967 1066 2023 ita
1102 1981 1161 2022 se
1196 1964 1419 2029 habent,
1450 1974 1520 2016 nc
1546 1970 1666 2015 sese
1695 1955 1951 2026 decipiat,

366 2070 625 2139 inquam,
677 2078 795 2134 qua:
843 2077 909 2117 ex
973 2058 1287 2128 virginitate
1347 2054 1404 2108 in
1455 2049 1638 2106 carnis
1703 2048 1955 2104 libidines

368 2162 587 2231 delapsa
632 2166 749 2222 est,
798 2154 925 2224 quia
972 2147 1381 2223 matrimonium
1428 2143 1503 2198 illi
1555 2142 1623 2196 ad
1671 2147 1952 2211 peccatum

370 2229 741 2322 imputabitur.
793 2245 1034 2301 Primum
1073 2240 1316 2312 quidem,
1358 2237 1487 2307 quia
1518 2233 1714 2290 malam
1755 2229 1952 2294 basim,

371 2344 695 2402 concubitus
727 2338 1060 2409 voluptatem
1088 2341 1143 2388 et
1171 2326 1634 2403 praevaricationis
1672 2334 1954 2395 peccatum

370 2440 474 2494 sibi
514 2438 626 2505 ipsa
655 2431 868 2503 posuit;
903 2426 1098 2483 deinde
1123 2439 1275 2488 vero,
1305 2420 1449 2491 quod
1497 2433 1619 2473 cum
1648 2416 1816 2471 libera
1850 2430 1955 2468 non

373 2537 521 2584 esset
560 2526 700 2596 (non
741 2521 885 2576 enim
920 2525 1167 2574 mortuus
1205 2521 1289 2568 est
1315 2512 1401 2565 vir
1442 2509 1580 2580 ejus,
1624 2517 1681 2559 nt
1724 2505 1811 2559 cui
1843 2505 1959 2557 vult

373 2621 612 2690 nubat),
646 2617 867 2674 vivente
898 2607 1193 2668 immortali
1222 2604 1342 2659 viro
1375 2602 1618 2657 adultera
1649 2597 1955 2661 vocabitur,

375 2686 662 2765 mortalem
698 2705 768 2760 ob
807 2700 991 2758 carnis
1027 2696 1278 2752 libidines
1320 2693 1373 2747 in
1405 2688 1620 2745 Domini
1663 2686 1956 2742 thalamum

376 2800 750 2859 introducens.
788 2793 941 2861 Quod
976 2790 1121 2845 enim
1156 2792 1369 2857 spectat
1403 2784 1469 2837 ad
1507 2781 1806 2852 legitimum
1845 2794 1959 2832 ma-

377 2893 689 2952 trimonium
736 2905 767 2944 a
813 2902 1013 2959 sponso
1063 2890 1423 2953 occupatum,
1481 2876 1807 2949 virginitatis
1860 2875 1959 2930 ha-

376 2976 752 3046 bitum/"data:
800 2978 1076 3038 desieris,
1126 2984 1418 3043 processus
1466 2969 1518 3023 in
1569 2967 1842 3037 publicum
1890 2965 1960 3019 ob

376 3078 570 3132 initum
602 3087 724 3129 cum
766 3069 857 3124 illo
902 3066 1107 3130 fmdus,
1156 3078 1341 3118 coram
1389 3060 1641 3115 omnibus
1690 3064 1961 3112 testantur

378 3183 500 3224 eam
544 3165 611 3221 de
649 3162 762 3226 illo,
805 3169 864 3214 ut
904 3158 1044 3221 viro,
1087 3153 1430 3226 gloriantem,
1475 3150 1530 3203 in
1562 3147 1857 3219 publicum,
1890 3159 1956 3199 eo
1986 3119 2032 3180 δ

379 3259 523 3332 quod
556 3261 930 3328 praeoccupata
979 3259 1126 3305 esset
1167 3262 1197 3302 a
1238 3247 1379 3311 viro,
1425 3245 1712 3314 prodiisse.
1745 3241 1880 3296 Nam
1910 3241 1955 3296 si

379 3366 487 3408 non
532 3350 683 3422 prius
724 3362 755 3400 e
787 3343 1024 3416 paternis
1064 3339 1317 3396 thalamis
1359 3337 1542 3408 prodit
1590 3337 1761 3405 virgo,
1792 3349 1954 3404 quam

379 3445 621 3518 legitimo
657 3441 772 3495 viro
801 3438 1011 3508 juncta,
1042 3446 1274 3502 eumque
1299 3429 1579 3484 dominum
1607 3434 1663 3482 et
1691 3429 1814 3481 vitae
1845 3441 1958 3479 mo-

380 3516 686 3593 deiratorem
729 3531 904 3601 palam
943 3538 1265 3596 agnoscens,
1301 3520 1554 3589 deinceps
1597 3518 1698 3572 sub
1742 3516 1960 3570 nomine

381 3631 507 3695 viri,
537 3628 628 3699 qui
660 3640 781 3682 eam
813 3620 1040 3678 sortitus
1069 3627 1172 3685 est,
1200 3633 1228 3671 e
1254 3626 1481 3685 paterna
1514 3613 1673 3667 domo
1700 3613 1956 3681 prodeat;

379 3723 533 3789 virgo
567 3726 714 3773 certe
756 3712 960 3784 prodiit
1004 3723 1035 3764 e
1066 3706 1310 3778 paternis
1343 3702 1614 3767 thalamis,
1643 3710 1702 3755 ut
1735 3700 1958 3771 legitimi

383 3812 482 3864 viri
531 3821 781 3877 sponsam
829 3801 1071 3872 professa
1116 3807 1168 3852 et
1207 3795 1308 3851 sub
1341 3794 1459 3864 ejus
1508 3792 1787 3848 dominatu
1831 3806 1962 3846 con-

383 3902 570 3957 stituta
620 3899 672 3952 in
721 3895 996 3966 publicum
1045 3889 1304 3959 prodiret.
1352 3885 1505 3953 Quod
1543 3884 1589 3939 si
1627 3892 1791 3939 testes
1835 3891 1963 3938 sunt

385 4004 788 4064 progressuum,
814 3988 906 4056 qui
937 3984 1054 4039 hinc
1081 3982 1296 4046 vident,
1331 3988 1497 4035 testes
1524 3975 1768 4049 proiecto
1799 3975 1961 4030 iidem

382 4097 530 4151 sunt,
554 4086 769 4138 cuinam
801 4079 891 4135 illa
914 4076 1225 4145 conjuncta,
1257 4082 1351 4128 aut
1374 4071 1528 4142 cujus
1562 4071 1668 4126 viri
1706 4084 1960 4141 sponsam

383 4177 648 4247 professa,
674 4189 706 4230 e
726 4171 970 4242 paternis
991 4167 1195 4223 aedibus
1221 4167 1274 4222 in
1307 4164 1580 4237 publicum
1610 4161 1958 4233 processerit.

383 4268 535 4335 Quod
571 4267 615 4320 si
650 4265 732 4320 hae
774 4262 976 4332 nuptiae
1020 4269 1075 4314 et
1122 4258 1353 4314 testibus
1398 4264 1454 4311 et
1499 4253 1875 4325 progressibus
1908 4263 1963 4308 et

367 4358 634 4411 «lintribus
675 4354 839 4409 rebus
882 4349 1203 4415 manifestae,
1250 4364 1351 4404 nec
1398 4355 1643 4402 mortuus
1683 4344 1850 4417 655
1881 4355 1964 4400 est

1980 1762 2027 1822 B

2048 498 2116 571 θη
2126 514 2204 569 μα
2230 495 2341 551 τῶν
2369 494 2571 567 σαρκὸς
2597 490 2782 548 κακῶν
2825 490 3113 561 γινόμεναι
3144 490 3202 543 αἱ
3227 486 3421 559 ψυχαὶ,
3464 484 3644 557 παρά-

2048 606 2214 661 νομον
2265 587 2364 659 τὴν
2415 586 2564 657 μίξιν
2608 580 2955 657 ἐργάζονται.
3000 574 3075 637 Ob
3134 583 3243 652 γὰρ
3294 582 3324 633 6
3378 578 3438 632 ὲν
3497 577 3642 649 ψυχῇ

2048 680 2206 750 λόγος
2245 681 2340 735 καὶ
2370 679 2534 750 νόμος
2578 678 2676 747 οὐχ
2714 676 2961 747 ἡγήσατο
3007 673 3194 747 ἔργον,
3233 669 3393 725 τοῦτο
3439 669 3645 724 παντά-

2049 790 2216 829 πασιν
2251 770 2568 842 παράνομον
2611 768 2718 820 ὑπὸ
2763 767 2864 837 τῆς
2926 765 3286 837 συνειδήσεως
3329 762 3615 834 ὲστηλίτευ

2050 882 2160 919 ται.
2215 862 2316 916 Διὰ
2355 860 2544 927 τοῦτο,
2594 859 2758 931 φησι,
2807 855 2980 925 Γυνὴ
3039 854 3272 910 δέδεται
3312 855 3509 924 νόμῳ,
3554 851 3645 922 ἐφ’

2051 956 2205 1011 ὅσον
2233 956 2459 1025 χρόνον
2496 952 2564 1023 ζῇ
2602 957 2634 1007 ὀ
2665 951 2822 1019 ἀνὴρ
2854 947 3066 1018 αὐτῆς.
3106 949 3242 1003 Ἐὰν
3275 947 3344 1001 δὲ
3368 945 3646 1013 ἀποθάνῃ

2051 1050 2086 1103 δ
2118 1046 2296 1116 ἀνὴρ,
2340 1044 2628 1113 ἐλευθέρα
2655 1042 2831 1097 ἐστὶν
2872 1034 2920 1108 ᾧ
2949 1041 3112 1095 θέλει
3146 1041 3522 1110 γαμηθῆναι·
3552 1038 3653 1109 οὐκ

2053 1139 2270 1203 ἁπλῶς,
2307 1138 2470 1193 ἀλλὰ
2504 1137 2700 1206 μόνον
2741 1133 2813 1186 ἐν
2846 1133 3067 1201 Κυρίῳ,
3109 1132 3308 1203 φησίν·
3356 1131 3442 1184 ὅτι
3488 1131 3586 1183 καί
3615 1131 3649 1199 ὴ

2050 1230 2128 1302 τῷ
2158 1229 2373 1298 θανάτῳ
2405 1226 2498 1280 τοῦ
2530 1225 2723 1297 ἀνδρὸς
2751 1223 3013 1295 ἐλευθέρα
3039 1221 3307 1294 γενομένη
3352 1220 3469 1291 (57)
3514 1219 3651 1291 πρὸς

2051 1324 2252 1395 γάμον,
2295 1322 2394 1391 οὐχ
2438 1321 2522 1373 ὅτι
2553 1315 2904 1389 ἠλευθερώθη
2950 1316 3159 1380 ἁπλῶς,
3201 1314 3316 1368 ἀλλ’
3357 1315 3421 1395 ὲν
3459 1311 3654 1385 Κυρίῳ

2050 1391 2256 1483 όνρείλει
2306 1411 2507 1481 γῆμαι.
2540 1410 2605 1462 Τί
2646 1409 2705 1462 δέ
2762 1411 2879 1462 ἐστι
2907 1407 2969 1461 τὸ
3018 1409 3077 1461 ὲν
3122 1406 3315 1478 Κυρίῳ
3344 1391 3438 1458 τὸν
3470 1405 3655 1475 γάμον

2054 1506 2350 1575 συστῆναις
2398 1501 2472 1556 Τὸ
2524 1501 2600 1573 μὴ
2643 1500 3096 1573 προῦποσυρῆναι
3147 1498 3254 1552 ὑπὸ
3284 1495 3397 1550 τῶν
3447 1495 3657 1567 σαρκὸς

2052 1596 2258 1669 ἡδονῶν
2305 1595 2444 1666 πρὸς
2484 1594 2584 1665 τὴν
2647 1592 2814 1664 μίξιν,
2865 1590 3004 1646 ἀλλὰ
3055 1590 3236 1662 κρίσει
3294 1587 3386 1641 τοῦ
3436 1586 3657 1641 λυσιτε-

2054 1688 2275 1752 λοῦντος
2316 1688 2454 1759 πρὸς
2479 1685 2571 1739 τὸν
2603 1684 2740 1755 βίον,
2780 1683 2996 1737 ἑλέσθαι
3038 1683 3131 1735 τὸν
3172 1681 3372 1751 γάμον.
3417 1679 3514 1732 Διὸ
3563 1678 3660 1732 καὶ

2053 1781 2114 1835 τὸ
2144 1782 2444 1849 ἀναγκαῖον
2478 1776 2573 1831 τοῦ
2605 1776 2786 1848 γάμου
2810 1778 2839 1829 6
2870 1774 3107 1845 Ποιητὴς
3132 1774 3190 1825 ὲν
3248 1774 3316 1843 τῇ
3353 1770 3519 1841 φύσει
3549 1771 3660 1823 διε-

2040 1871 2272 1938 ’τάξατα

2125 1965 2215 2019 59.
2257 1963 2319 2017 Εἰ
2372 1962 2431 2016 δὲ
2482 1959 2662 2029 ταῦτα
2713 1958 2903 2013 τοῦτον
2964 1957 3081 2029 ἔχει
3151 1955 3245 2010 τὸν
3302 1954 3532 2028 τρόπον,
3583 1952 3663 2025 μὴ

2053 2054 2320 2109 ἀπατάτω
2348 2051 2569 2123 ἑαυτὴν,
2598 2051 2763 2121 φημὶ,
2790 2051 2824 2121 ἡ
2854 2047 2962 2102 ἀπὸ
2991 2045 3293 2119 παρθενίας
3332 2047 3414 2108 εἰς
3451 2044 3663 2114 σαρκὸς

2055 2145 2207 2216 πάθη
2231 2143 2645 2215 κατενεχθεῖσα,
2672 2143 2755 2196 ὅτι
2778 2141 2957 2213 γάμος
2984 2141 3123 2211 αὐτῇ
3155 2141 3235 2203 εἰς
3257 2138 3319 2192 τὸ
3347 2137 3663 2209 ἁμάρτημα

2054 2236 2461 2308 λογισθήσεται.
2507 2235 2735 2307 Πρῶτον
2772 2234 2892 2305 μὲν,
2936 2234 3024 2287 ὅτι
3065 2230 3242 2303 κακὴν
3283 2231 3526 2302 κρηπῖδα
3556 2228 3661 2297 τῆς

2058 2329 2383 2400 συμπλοκῆς
2438 2328 2539 2399 τὴν
2590 2326 2806 2399 ἡδονὴν,
2848 2325 2946 2379 καὶ
2993 2324 3094 2396 τὴν
3142 2324 3242 2394 τῆς
3284 2320 3661 2391 παραϐάσεως

2057 2419 2335 2490 ἁμαρτίαν
2383 2420 2550 2489 ἑαυτῇ
2601 2416 2714 2489 (58)
2775 2414 3139 2471 κατεϐάλετο·
3197 2413 3371 2467 ἔπειθ’
3420 2414 3507 2467 ὅτι
3556 2412 3663 2465 οὐκ

2056 2505 2192 2563 οὖσα
2223 2507 2485 2579 ἐλευθέρα
2525 2507 2607 2578 (οὐ
2646 2508 2757 2577 γάρ
2803 2505 3073 2559 ἀπέθανεν
3100 2503 3274 2574 αὐτῆς
3312 2505 3342 2557 6
3373 2503 3539 2574 ἀνὴρ,
3568 2504 3661 2559 ἴνα

2055 2595 2100 2671 ᾧ
2129 2600 2379 2673 βούλεται
2429 2599 2704 2671 γαμηθῇ),
2749 2597 2950 2662 ζῶντος
2993 2597 3089 2650 τοῦ
3135 2595 3408 2650 ἀθανάτου
3457 2594 3662 2668 ἀνδρὸς

2062 2693 2310 2765 μοιχαλὶς
2350 2692 2703 2765 χρηματίσει,
2751 2690 2948 2761 θνητὸν
2989 2688 3080 2743 διὰ
3128 2688 3277 2760 πάθη
3328 2687 3535 2759 σαρκὸς
3576 2687 3662 2759 τῷ

2056 2783 2152 2838 τοῦ
2179 2784 2388 2859 Κυρίου
2412 2781 2606 2853 παστῷ
2633 2783 3028 2851 ἐπεισάγουσα.
3056 2781 3179 2833 Ὅτι
3214 2780 3312 2851 μὲν
3337 2779 3449 2851 γάρ
3476 2778 3665 2851 προεί-

2058 2875 2196 2948 ληφε
2243 2875 2313 2929 τὰ
2359 2875 2454 2929 τοῦ
2504 2874 2686 2946 γάμου
2743 2874 2954 2945 νόμιμα
2984 2874 3013 2926 6
3044 2871 3301 2942 νυμφίος,
3351 2872 3425 2924 τὸ
3466 2871 3663 2942 σχῆμα

2058 2968 2158 3038 τῆς
2195 2966 2528 3039 παρθενίας,
2565 2968 2623 3019 αἱ
2657 2964 2853 3033 δεξιαὶ,
2879 2967 2914 3036 ἡ
2945 2966 3033 3017 ἐπ’
3057 2964 3253 3034 ἐκείνῳ
3292 2962 3521 3035 πρόοδος
3566 2963 3665 3017 ἐπὶ

2061 3060 2279 3113 πάντων
2321 3062 2609 3131 μαρτυρεῖ,
2652 3060 2734 3111 ὅτι
2769 3055 2918 3127 αὐτῷ
2946 3056 3102 3128 ἀνδρὶ
3142 3053 3525 3126 σεμνυνομένη
3557 3053 3666 3116 τὰς

2063 3152 2157 3204 ἐπὶ
2184 3150 2264 3221 τῷ
2305 3150 2654 3222 προειληφότι
2701 3149 2860 3222 ἀνδρὶ
2908 3148 3172 3221 προόδους
3221 3146 3556 3218 ἐπόμπευεν.
3595 3146 3669 3198 Ei

2063 3243 2173 3315 γὰρ
2218 3243 2281 3296 οὐ
2335 3243 2598 3314 πρότερον
2638 3240 2746 3295 τῶν
2789 3240 3059 3313 πατρῴων
3105 3238 3362 3309 θαλάμων
3406 3238 3666 3309 πρόεισιν

2064 3335 2098 3403 ἡ
2132 3334 2431 3404 παρθένος,
2467 3334 2598 3405 πρὶν
2643 3332 2678 3401 ἦ
2726 3331 2881 3403 ἀνδρὶ
2927 3329 3144 3402 νομίμῳ
3178 3329 3505 3397 συζυγεῖσα,
3553 3327 3669 3380 ὑπὸ

2062 3426 2237 3496 τούτῳ
2274 3423 2506 3497 αὐθέντῃ
2536 3441 2596 3477 τε
2626 3424 2723 3476 καὶ
2752 3423 3033 3494 προστάτῃ
3057 3420 3152 3475 τοῦ
3183 3419 3299 3491 βίου
3343 3419 3635 3490 ὲπιγραψα
3656 3449 3670 3458 -

2069 3517 2225 3588 μένη,
2267 3516 2452 3570 λοιπὸν
2500 3514 2579 3585 τῷ
2615 3515 2839 3584 ὀνόματι
2882 3512 2977 3566 τοῦ
3027 3512 3282 3583 λαχόντος
3315 3511 3511 3582 ἀνδρὸς
3563 3509 3666 3563 τοῦ

2067 3608 2322 3680 πατρῴου
2359 3609 2507 3662 οἴκου
2543 3606 2817 3678 προέλθοι,
2861 3605 2958 3658 καὶ
2981 3608 3015 3676 ὴ
3047 3603 3320 3675 παρθένος
3362 3603 3474 3676 ἄρα
3520 3620 3659 3676 προ-

2065 3700 2195 3771 ῆλθε
2228 3700 2337 3754 τῶν
2380 3697 2650 3770 πατρῴων
2685 3696 2944 3767 θαλάμων
2994 3694 3071 3758 ὡς
3119 3693 3185 3747 ἂν
3234 3693 3668 3765 ὲπιγραψαμένη

2066 3792 2288 3864 ἔννομον
2323 3793 2488 3861 ἑαυτῇ
2522 3789 2614 3844 τὸν
2641 3787 2893 3859 νυμφίον,
2920 3787 3015 3840 καὶ
3045 3789 3113 3858 τῇ
3157 3785 3264 3838 ὑπὸ
3301 3783 3478 3855 τούτῳ
3521 3801 3670 3856 προ-

2070 3885 2267 3956 στασίᾳ
2318 3883 2416 3948 τὰς
2460 3884 2541 3945 εἰς
2590 3880 2824 3953 φανερὸν
2857 3878 3119 3951 προόδους
3168 3876 3452 3949 πομπεύῃ.
3491 3876 3557 3929 Εἰ
3604 3875 3669 3928 δὲ

2073 3978 2346 4049 μάρτυρες
2382 3975 2624 4047 προόδων
2656 3977 2705 4028 οἱ
2734 3973 2911 4027 ταῦτα
2942 3972 3200 4043 ὁρῶντες,
3247 3971 3524 4043 μάρτυρες
3553 3968 3671 4040 ἄρα

2068 4070 2119 4121 οἱ
2161 4067 2318 4121 αὐτοὶ
2369 4066 2463 4118 καὶ
2489 4065 2594 4118 τίνι
2644 4062 2950 4133 ἐζευγμένη
3003 4062 3037 4133 ἢ
3076 4062 3198 4115 τίνα
3236 4060 3666 4133 ἐπιγραψαμένη

2069 4159 2258 4231 ἄνδρα,
2299 4156 2406 4210 τῶν
2454 4157 2725 4227 πατρῴων
2770 4155 2936 4207 οἴκων
2987 4155 3067 4216 εἰς
3122 4153 3324 4222 μέσους
3365 4150 3663 4222 προῆλθεν.

2070 4251 2134 4303 Ei
2166 4250 2223 4302 δὲ
2255 4251 2283 4302 6
2312 4248 2488 4319 γάμος
2525 4241 2681 4310 οὗτος
2714 4247 2827 4309 τοῖς
2861 4244 3099 4316 μάρτυσι
3131 4243 3225 4297 καὶ
3263 4244 3384 4306 ταῖς
3412 4243 3669 4312 προόδοις

2070 4342 2163 4396 καὶ
2198 4341 2332 4393 πᾶσι
2363 4337 2687 4410 περιφανὴς,
2712 4337 2813 4390 οὐκ
2841 4335 3082 4390 ἀπέθανε
3120 4334 3199 4399 δὲ,
3235 4334 3413 4403 φημὶ,
3451 4335 3481 4386 6
3520 4334 3667 4405 ἀνὴρ

384 4454 466 4505 vir
487 4451 622 4520 ejus,
655 4447 777 4502 talis
812 4444 975 4514 igitur
1008 4442 1329 4502 timebatur,
1358 4438 1571 4492 vivente
1604 4436 1719 4490 viro
1748 4450 1956 4505 semper

2087 4435 2270 4505 ιύτῆςο
2330 4434 2639 4503 μοιχεύεται
2686 4425 2779 4483 οὖν
2822 4431 2856 4500 ἡ
2899 4427 3146 4499 τοιαύτη,
3178 4425 3379 4492 ζῶντος
3424 4424 3520 4479 τοῦ
3565 4427 3668 4480 ἁν-

2087 4527 2147 4535 ..
2239 4523 2420 4535 -.ω
2817 4522 2829 4535 ,
3047 4520 3125 4535 ...ς
3248 4517 3623 4535 μθ...-

382 4517 661 4603 adultera,
710 4534 795 4590 vel
847 4533 1022 4603 p0tius
1075 4531 1143 4586 ad
1197 4527 1579 4601 perlruendam
1631 4523 1956 4593 voluptatem

2087 4527 2192 4596 ῐρὸς
2234 4524 2325 4577 διὰ
2371 4523 2487 4594 βίου
2539 4522 2938 4594 μοιχευομένη·
2998 4520 3199 4590 μᾶλλον
3244 4518 3302 4572 δὲ
3352 4517 3418 4571 δι’
3465 4518 3665 4590 ἡδονῆς

329 4631 657 4702 ’θ’ίὶωρυιίἰοε
708 4628 1061 4691 fornicatur;
1091 4622 1218 4692 quia
1271 4627 1452 4672 autem
1501 4616 1636 4670 vivit
1685 4616 1770 4669 vir
1814 4617 1958 4686 ejus,

382 4721 591 4778 nefario
617 4718 891 4775 adulterio
926 4712 1351 4771 contaminatur.
1389 4707 1500 4763 Nec
1524 4707 1775 4777 equidem
1808 4710 1962 4764 video

381 4813 652 4886 quomodo
710 4812 800 4866 illa
864 4824 961 4880 pro
1030 4802 1324 4862 immortali
1383 4800 1495 4855 Deo
1548 4800 1832 4854 mortalem
1895 4803 1963 4855 ad

377 4923 533 4962 suam
599 4904 770 4975 ipsius
828 4899 1125 4972 perniciem
1190 4893 1464 4949 hominem
1530 4889 1965 4959 complectatur,

379 5015 596 5071 semper
629 4999 684 5053 in
718 4996 894 5051 oculis
926 4993 1025 5047 viri
1068 4987 1232 5057 impie
1273 4987 1327 5040 in
1368 4999 1492 5039 eum
1534 4998 1594 5038 se
1630 4998 1824 5053 gerens
1855 4984 1969 5039 ille-

380 5091 586 5162 gitimis
634 5084 977 5158 amplexibus
1023 5099 1041 5136 :
1089 5088 1184 5133 aut
1224 5078 1495 5147 quomodo
1535 5074 1698 5129 bomo
1741 5073 1829 5129 ille
1862 5075 1968 5128 Du.

380 5186 514 5242 mini
549 5181 729 5239 cubile
769 5191 933 5233 ausus
973 5182 1058 5231 est
1093 5172 1285 5227 insane
1315 5167 1698 5224 conscendere.
1732 5164 1867 5221 Nam
1899 5182 1966 5222 ex

381 5273 635 5335 humanis
699 5272 863 5326 rebus
920 5261 1182 5336 supplicia
1238 5259 1317 5317 sic
1376 5256 1720 5329 peccantium
1768 5256 1964 5313 existi-

354 5424 357 5431 :
454 5454 501 5486 ¹⁵
517 5452 541 5509 ι
558 5450 686 5508 Cor.
708 5463 804 5513 vti,
824 5445 916 5502 '59.

451 5614 568 5688 (εἶ)
600 5604 929 5688 Γενομένης
983 5603 1074 5661 Sic
1123 5600 1429 5659 Combellsii
1456 5598 1672 5656 codices
1696 5604 1752 5651 et
1778 5594 1962 5667 plures

384 5678 496 5742 alii.
528 5678 686 5750 Editi,
723 5678 1005 5751 γινομένη.

455 5736 861 5825 ιεῶᾑέεάυὶῄἶ
884 5736 983 5806 Sic'
1004 5745 1165 5805 editio
1188 5741 1394 5800 Veneta
1430 5749 1485 5799 et
1509 5755 1643 5798 mss.
1677 5736 1956 5796 Parisien-

2072 4621 2171 4691 μὲν
2225 4618 2523 4673 ἀπόλαυσιν
2561 4616 2872 4678 άκολάσεως
2922 4613 3296 4687 πορνεύουσα,
3344 4611 3433 4666 διὰ
3493 4613 3554 4666 δὲ
3600 4613 3666 4667 τὺ

2070 4713 2171 4783 ζῇν
2217 4711 2309 4764 τὸν
2364 4709 2535 4781 ἄνδρα
2586 4705 2919 4778 παρανόμως
2977 4702 3325 4775 μοιχεύουσα.
3392 4703 3505 4757 Καὶ
3561 4702 3664 4774 οὐχ

2070 4802 2182 4874 ὁρῶ
2216 4801 2335 4865 πῶς
2369 4800 2467 4871 μὲν
2497 4799 2635 4868 αὑτὴ
2683 4797 2805 4850 ἀντὶ
2841 4794 3110 4849 ἀθανάτου
3154 4792 3292 4847 Θεοῦ
3326 4793 3521 4865 θνητὸν
3569 4797 3664 4848 ἐπὶ

2074 4894 2230 4965 κακῷ
2264 4892 2465 4962 ἑαυτῆς
2495 4890 2780 4963 ἄνθρωπον
2820 4886 3095 4959 περιέπει,
3141 4888 3199 4940 ὲν
3232 4886 3530 4958 ὀφθαλμοῖς
3575 4889 3666 4941 ἀεὶ

2072 4986 2166 5039 τοῦ
2196 4984 2388 5057 ἀνδρὸς
2420 4986 2502 5047 εἰς
2540 4982 2703 5037 αὑτὸν
2733 4982 2854 5043 ταῖς
2897 4978 3234 5050 παρανόμοις
3284 4976 3495 5049 μίξεσιν
3533 4980 3667 5032 ἀσε-

2075 5074 2270 5127 ϐοῦσαο
2315 5074 2433 5137 πῶς
2472 5073 2530 5126 δὲ
2562 5072 2768 5131 ἐκεῖνος
2800 5067 2830 5120 ὁ
2876 5065 3167 5138 ἄνθρωπος
3204 5069 3270 5137 τῇ
3310 5066 3407 5120 τοῦ
3451 5067 3664 5136 Κυρίου

2075 5168 2230 5240 κοίτῃ
2279 5167 2547 5240 ἐτόλμησε
2601 5164 2885 5239 μανιωδῶς
2942 5161 3221 5231 summa.
3257 5161 3352 5213 Ἐκ
3395 5160 3506 5232 γάρ
3549 5161 3663 5214 τῶν

2075 5257 2426 5330 ἀνθρωπίνων
2470 5259 2554 5313 δεῖ
2604 5258 2704 5330 τὴν
2749 5255 2906 5324 δίκην
2955 5251 3130 5314 οὕτως
3174 5247 3664 5323 ἐξαμαρτανόντων

2068 5594 2146 5651 sis
2177 5591 2366 5657 editio,
2403 5592 2624 5650 ἑαυτοῦ.
2671 5589 2875 5646 Ibidem
2923 5587 3077 5653 editi,
3104 5582 3491 5657 κατεϐάλλετο,
3527 5593 3668 5639 mss.

2067 5666 2249 5735 plures
2271 5673 2329 5716 ut
2353 5653 2410 5716 in
2442 5675 2608 5735 textu.
2662 5661 2782 5719 Non
2813 5660 2972 5732 longe
3005 5673 3149 5715 unus
3207 5672 3277 5714 ex
3307 5653 3519 5726 Regiis,
3541 5668 3669 5724 μανι

2066 5733 2222 5806 χαλὶς
2244 5733 2592 5805 χρηματίζει.
