3802 6216
152 330 254 389 τω

1347 328 1553 387 LIBER
1592 331 1682 386 DE
1721 325 2191 390 VIRGINITATE.

3299 325 3406 381 7CD

150 439 521 513 στοχάζεσθαι.
568 441 725 505 Τίνος
760 442 858 513 μὲν
905 440 1031 509 ἀξία
1074 444 1108 514 ἡ
1155 442 1274 497 ἀντὶ
1322 443 1436 513 (59)
1476 442 1732 513 εὐγενοῦς

1851 446 2029 500 nanda
2074 452 2222 500 sunt.
2266 444 2510 515 Quanam
2551 443 2696 501 enim
2742 444 2901 516 digna
2938 450 3023 499 est
3067 455 3245 512 multa,
3282 456 3406 510 quae

149 534 336 604 ἀνδρὸς
394 533 533 605 πρὸς
590 532 774 587 δοῦλον
833 535 1036 606 ἐαυτῆς
1091 534 1459 609 φθειρομένη,
1508 537 1604 590 καὶ
1663 539 1729 609 τῇ

149 623 434 695 δεσποτικῇ
488 623 639 696 κοίτῃ
674 625 766 678 τὸν
797 624 1017 698 οἰκέτην
1071 628 1153 689 εἰς
1201 626 1494 698 ἐπιϐουλὴν
1550 628 1733 680 ἐπεισ-

152 714 378 783 άγουσας
412 714 559 779 τίνος
589 715 647 769 δὲ
680 715 830 781 ἄξιος
861 719 890 769 ὀ
921 716 1106 781 δοῦλος
1136 717 1391 791 δεσποίνῃ
1418 719 1613 773 ἐαυτοῦ
1640 720 1734 774 καὶ

157 804 301 875 κοίτῃ
333 806 525 876 κυρίου
550 807 741 860 ἑαυτὸν
774 808 1021 877 ἀσελγῶς
1048 808 1373 880 ἐπιρῤίψαςς
1442 823 1453 832 ·

221 894 305 949 40.
354 893 518 948 Ἀλλά
560 897 617 949 αἱ
649 896 810 965 σοφαὶ
842 897 1111 969 τοσαύτην
1159 897 1415 952 ἀσέϐειαν
1452 898 1577 952 καθ’
1610 901 1736 952 ἐαυ-

156 983 257 1037 τῶν
291 983 379 1037 διὰ
414 984 619 1055 σαρκὸς
652 986 800 1057 πάθη
843 985 1214 1058 τολμήσασαι,
1257 987 1395 1059 πρὸς
1426 982 1509 1051 οἷς
1541 989 1602 1040 ού
1644 986 1737 1041 δα·-

157 1076 394 1149 κρύουσι,
434 1076 599 1131 τόπον
630 1079 852 1142 ἑαυταῖς
902 1078 1233 1149 κουφότερον
1288 1082 1403 1142 τοῖς
1473 1078 1735 1150 δάκρυσιν

159 1166 564 1238 ἐτοιμάξουσαι,
611 1168 693 1224 ἐτι
724 1171 818 1223 καὶ
859 1169 927 1242 ἢν
959 1169 1254 1240 ὑπέσχοντο
1286 1170 1550 1241 πρότερον
1605 1185 1740 1241 παρ-

110 1268 113 1271 ‘
160 1258 332 1312 θενίαν
368 1258 678 1331 ἀρνοῦνται.
725 1260 837 1332 Τὴν
884 1259 993 1332 γὰρ
1022 1260 1338 1331 παράϐασιν
1385 1261 1485 1331 τῆς
1530 1261 1736 1333 παρθε-

158 1350 268 1415 νίας
302 1352 535 1423 αἰσχρὰν
564 1353 661 1407 καὶ
709 1352 1068 1407 ἐπονείδιστον
1101 1352 1189 1404 διὰ
1236 1352 1335 1424 τὴν
1364 1351 1606 1405 δουλείαν
1636 1351 1738 1421 τῆς

162 1443 341 1515 ἡδονῆς
399 1445 555 1518 παρά
604 1446 769 1499 πᾶσιν
823 1444 1224 1516 γνωρίζουσαι,
1273 1448 1337 1515 τῇ
1390 1446 1614 1516 ἀρνήσει
1662 1442 1741 1515 τῷ

165 1538 359 1608 μείζονι
384 1538 544 1610 κακῷ
572 1537 778 1592 οἴονται
811 1538 912 1609 τὴν
946 1537 1225 1609 ἁμαρτίαν
1262 1536 1737 1608 παραμυθεῖσθαι’

164 1626 471 1701 ἀνθρώπους
524 1632 643 1702 μὲν,
698 1630 835 1701 πρὸς
880 1629 974 1695 οὒς
1021 1632 1103 1695 είς
1152 1630 1450 1699 ἀπολογίαν
1493 1630 1594 1701 τῆς
1636 1646 1741 1682 πα-

168 1721 437 1792 ραϐάσεως
472 1721 574 1793 τὴν
632 1719 859 1791 ἄρνησιν
906 1723 1293 1792 προΐσχονται,
1339 1721 1396 1773 αἱ
1438 1718 1739 1789 θαυμάσιαι

1831 549 1931 604 pro
1975 535 2138 590 nobili
2183 535 2302 590 viro
2337 549 2461 592 cum
2506 550 2664 592 servo
2704 549 2804 589 suo
2834 535 3223 601 corrumpitur,
3256 538 3310 585 ιιι
3348 530 3405 584 in

1834 626 2059 680 herilem
2093 624 2294 681 lectum
2326 640 2544 681 servum
2581 626 2648 681 ad
2684 625 2908 680 insidias
2944 619 3276 677 introducit?
3300 636 3408 690 qua

1832 717 2025 787 dignus
2068 731 2227 785 poena
2272 731 2461 771 servus
2503 725 2607 781 est,
2640 717 2732 786 qui
2769 717 2821 770 iu
2857 715 3130 770 dominam
3174 727 3325 768 suam
3354 723 3413 767 et

1833 809 1887 863 in
1919 809 2121 863 domini
2153 808 2329 865 cubile
2362 808 2631 878 impudice
2665 807 2859 861 irruit?

1902 902 1991 956 40.
2046 900 2150 956 Sed
2198 902 2467 971 sapientes
2516 899 2648 967 illze,
2696 914 2818 970 quae
2870 898 3028 953 talem
3081 897 3410 968 impietatem

1836 1003 2023 1049 contra
2059 998 2377 1064 semetipsas
2421 1003 2642 1064 propter
2687 992 2870 1047 carnis
2915 991 3168 1046 libidines
3214 1002 3412 1061 perpe-

1837 1096 2087 1152 trarunt,
2137 1096 2494 1155 praeterquam
2557 1085 2699 1154 quod
2759 1099 2866 1139 nou
2912 1082 3301 1152 lacrymantur,
3355 1089 3414 1135 ut

1839 1180 2107 1234 mitiorem
2158 1178 2259 1233 sibi
2313 1178 2488 1232 locum
2543 1175 2797 1246 lacrymis
2850 1183 3189 1244 praeparent,
3238 1172 3412 1228 adhuc

1839 1273 2023 1338 etiam,
2058 1286 2218 1340 quam
2255 1271 2405 1338 prius
2443 1269 2740 1339 promisere
2783 1267 3168 1337 virginitatem,
3212 1264 3416 1334 promi-

1839 1364 1978 1418 sisse
2008 1377 2067 1416 se
2098 1370 2316 1431 negant.
2344 1358 2477 1412 Nam
2515 1371 2636 1410 cum
2669 1354 2922 1410 violatam
2957 1353 3323 1423 virginitatem
3360 1352 3414 1405 in

1838 1458 2041 1527 probro
2078 1454 2147 1508 ob
2173 1452 2489 1508 servitutem
2522 1440 2896 1517 voluptatis'et
2938 1445 3233 1515 ignominia
3273 1443 3416 1513 apud

1840 1561 2029 1602 omnes
2067 1560 2187 1601 esse
2232 1543 2511 1608 noverint,
2548 1541 2902 1606 inficiatione,
2935 1554 3056 1609 qua:
3093 1537 3266 1606 majus
3305 1552 3419 1590 ma-

1842 1636 1952 1692 lum
1996 1648 2100 1701 est,
2145 1635 2399 1689 videntur
2439 1632 2545 1687 sibi
2574 1640 2857 1702 peccatum
2903 1641 3196 1691 excusare;
3227 1640 3294 1680 ac
3320 1624 3420 1679 ho-

1844 1730 2018 1785 mines
2057 1728 2295 1799 quidem,
2348 1726 2542 1796 quibus
2592 1724 2659 1779 ad
2710 1721 3114 1778 excusationem
3163 1717 3420 1788 praevari-

165 1812 466 1883 αἱδούμεναι
504 1812 649 1884 (60)*
680 1811 772 1866 τὸν
815 1812 872 1865 δὲ
917 1812 1143 1885 Κύριον,
1177 1810 1314 1885 πρὸς
1358 1811 1418 1865 ὃν
1459 1810 1745 1880 γεγόνασιν

1851 1821 2077 1877 cationis
2135 1817 2517 1874 inficiationem
2577 1814 2913 1878 obtendunt,
2983 1810 3257 1865 mirabiles
3318 1807 3420 1862 illa:

167 1906 344 1969 αὑταῖς
372 1906 428 1959 αί
460 1905 655 1970 δεξιαὶ,
694 1904 783 1958 διὰ
813 1905 875 1958 τὸ
916 1907 996 1971 είς
1033 1905 1193 1976 βάθος
1231 1903 1416 1959 κακῶν
1458 1904 1738 1974 ἐμπεσεῖν,

166 1996 338 2050 λοιπὸν
369 1997 431 2049 οὐ
466 1995 835 2069 φοϐούμεναιο
886 1997 987 2051 οὐκ
1020 1996 1213 2051 εἰδυῖαι
1253 1996 1383 2068 ἄρα,
1411 1996 1493 2049 ὅτι
1524 1992 1742 2047 διπλοῦν

167 2088 255 2141 καὶ⁵
286 2089 412 2159 παρ’
438 2085 749 2160 ἀνθρώποις
781 2086 876 2141 καὶ
904 2087 1057 2158 παρὰ
1080 2087 1156 2159 τῷ
1184 2088 1375 2158 Κυρίῳ
1403 2086 1465 2139 τὸ
1492 2083 1743 2155 ἔγκλημα

167 2179 281 2234 καθ’
309 2179 523 2234 ἑαυτῶν
574 2181 793 2243 ἀτόπως
830 2180 1339 2243 κατασκευάζουσι’
1394 2177 1502 2231 τῶν
1537 2176 1634 2247 μὲν
1678 2176 1745 2228 ἐκ

167 2273 257 2343 τῆς
285 2272 731 2344 προϐεϐοημένης
780 2272 1109 2344 παρθενίας,
1147 2272 1195 2325 εί
1236 2271 1328 2325 καὶ
1360 2268 1651 2341 ἀρνοῦνται
1683 2266 1745 2320 τὸ

167 2360 490 2432 ὑποσχέσθαι
541 2362 766 2435 ταύτην,
811 2364 872 2418 τὸ
909 2364 1172 2435 μανιῶδες
1225 2366 1319 2418 καὶ
1377 2366 1567 2437 ἰταμὸν
1609 2366 1746 2437 πρὸς

170 2452 231 2505 τὰ
285 2456 448 2508 πᾶσιν
502 2455 909 2527 ὁμολογούμενα
983 2457 1501 2528 ἀποστρεφομένων,
1551 2457 1632 2510 ἔτι
1686 2457 1744 2511 δέ

171 2542 258 2595 καὶ
296 2544 630 2613 μισούντων·
665 2545 760 2600 τοῦ
787 2548 864 2611 δὲ,
901 2547 1039 2620 πρὸς
1071 2541 1153 2611 οἷς
1192 2547 1512 2619 παρέϐησαν
1540 2550 1620 2612 είς
1647 2534 1747 2613 τὰς

173 2631 428 2704 συνθήκας
476 2634 582 2705 τῆς
638 2636 957 2709 παρθενίας,
997 2638 1098 2709 τὴν
1144 2637 1265 2690 ἀντὶ
1316 2637 1606 2708 μετανοίας
1649 2638 1749 2711 ἄρ-

171 2741 314 2795 νησιν
369 2729 699 2801 πικρότερον
756 2732 839 2795 εἰς
885 2730 948 2784 τὸ
1002 2732 1135 2802 παρ’
1188 2729 1337 2800 αὐτῷ
1394 2730 1745 2802 δικαστήριον

174 2818 460 2889 κρίνοντος.
490 2821 609 2875 Ἵνα
650 2818 745 2877 οὖν
800 2823 875 2894 μὴ
921 2822 1141 2893 ἀγάπης
1187 2823 1414 2894 ὀνόματι
1469 2825 1549 2886 είς
1590 2821 1749 2876 τοῦτο

172 2908 266 2979 τῆς
343 2913 624 2984 ἁμαρτίας
712 2914 931 2987 ἐμπέσῃ
1001 2916 1034 2986 ἠ
1100 2914 1368 2988 παρθένος
1453 2913 1746 2986 βάραθρον,

176 3000 494 3076 ἀπροσπαθῆ
555 3005 655 3077 τὴν
731 3006 952 3078 ἀγάπην
1012 3006 1107 3059 καὶ
1180 3006 1428 3078 καθαρὰν
1489 3005 1745 3077 μετιέτω.

176 3091 244 3143 Οὐ
271 3093 377 3164 γάρ
417 3093 607 3166 χώραν
654 3094 793 3165 αὕτη
831 3094 943 3162 ἕξει
991 3095 1432 3167 προολισθησάσῃ
1468 3094 1580 3167 (61)
1614 3093 1750 3166 πρὸς

175 3181 357 3254 ἡδονὴν
392 3185 454 3237 τὸ
510 3189 854 3257 προσωπεῖον
890 3184 984 3239 τοῦ
1016 3185 1226 3257 γάμουσ
1264 3185 1385 3238 οὐδὲ
1428 3183 1750 3253 σοφίσασθαι

175 3271 383 3344 ὀνόματι
422 3275 608 3345 γάμου
642 3275 734 3329 τὸν
771 3275 947 3341 ζῶντα
993 3277 1191 3348 ἑαυτῆς
1224 3275 1394 3348 ἄνδρα
1430 3275 1506 3348 μὴ
1554 3274 1752 3329 Ξιπολεο

176 3362 368 3437 λυμένη
436 3367 767 3438 δυνήσεται,
824 3367 1017 3439 θνητὸν
1079 3368 1290 3422 ἐκείνου
1360 3368 1454 3421 ἐπὶ
1526 3368 1750 3438 μοιχικῇ

178 3456 362 3526 πράξει
404 3458 549 3528 μετὰ
590 3456 858 3523 τοσαύτας
902 3458 1002 3523 τάς
1039 3461 1170 3531 παρ’
1206 3457 1371 3512 αὐτοῦ
1416 3457 1582 3529 τιμάς
1627 3457 1756 3510 ἀσεο

180 3546 280 3612 ϐῶς
317 3550 728 3622 προτιμήσασα.
766 3551 881 3604 Οὐκ
924 3550 1220 3621 ἀλλοτρίως
1269 3549 1379 3621 γὰρ
1415 3549 1482 3603 ἄν
1527 3565 1613 3612 τις
1655 3548 1752 3602 καὶ

181 3640 265 3693 ἐπὶ
292 3641 398 3695 τῶν
424 3641 683 3696 τοιούτων
713 3641 776 3694 τὸ
814 3641 1169 3695 ἀποστολικὸν
1207 3639 1634 3712 ἀναφθέγξεται,
1670 3640 1753 3693 ὅτι

182 3732 347 3787 Ὅταν
403 3733 973 3804 καταστρηνιάσωσι
1026 3735 1135 3790 τοῦ
1197 3734 1488 3804 Χριστοῦ,
1544 3732 1754 3804 ταμεῖν

182 3825 473 3895 θέλουσιν,
501 3827 757 3897 ἔχουσαι
789 3828 969 3899 κρῖμα
1002 3827 1092 3883 ὅτι
1128 3827 1245 3896 τὴν
1271 3826 1512 3896 πρώτην
1543 3826 1753 3879 πίστιν

180 3918 501 3986 ἠθέτησανο
537 3921 599 3973 οὐ
630 3920 830 3991 γάμον,
860 3921 997 3976 ἀλλά
1025 3920 1269 3992 μοιχείαν
1297 3919 1385 3973 διά
1420 3919 1534 3990 βίου
1563 3916 1753 3982 κακῶς

186 4011 579 4080 μεθοδεύουσαι.

244 4103 328 4160 41.
366 4106 572 4179 Μηδεὶς
613 4099 708 4159 οὖν
738 4104 954 4176 οἰκέτης
981 4105 1061 4169 είς
1098 4102 1353 4157 τοσοῦτον
1395 4101 1647 4167 ἀσεϐείας
1674 4105 1754 4156 οἰ-

184 4198 541 4270 στρηλατήσῃ.
572 4197 650 4262 ὡς
686 4199 787 4267 τῆς
829 4196 1156 4267 δεσποτικῆς
1188 4194 1456 4249 ἅπτεσθαι
1505 4193 1748 4266 νύμφης.

182 4287 374 4358 Μηδεὶς
395 4289 540 4342 οὕτω
588 4288 861 4360 μανιώδης
897 4286 1190 4359 ἱερόσυλος,
1228 4286 1304 4349 ὡς
1341 4287 1441 4357 τῆς
1481 4286 1749 4359 ἀχράντου

186 4377 374 4453 ἱερείας
421 4383 612 4453 χερσὶν
649 4380 969 4444 ἀκολάστοις
1008 4379 1366 4448 ἐφάπτεσθαι.
1422 4378 1629 4450 Μηδεὶς
1673 4380 1753 4442 εἰς

182 4450 733 4538 τοσούτω-*ἀπονοίας
758 4463 770 4475 ’
799 4473 1015 4545 ἡκέτω,
1063 4472 1141 4534 ὡς
1202 4471 1535 4542 τηλικαύτην
1592 4470 1749 4542 δίκην

183 4566 285 4628 τοῖς
325 4565 619 4638 ἱεροσύλοις
653 4564 1041 4635 ἐπηρτημένην
1066 4562 1229 4635 ὀρῶν,
1265 4562 1339 4634 μὴ
1379 4562 1490 4616 τῶν
1522 4561 1747 4634 ἀψύχων

184 4653 245 4707 ὲκ
276 4657 473 4729 χρυσοῦ
507 4660 604 4712 καὶ
639 4656 884 4731 ἀργύρου
915 4655 1048 4726 ὕλης
1081 4655 1468 4726 πεποιημένων
1509 4655 1743 4722 σκευῶν,

186 4754 290 4809 ἀλλ’
352 4757 532 4813 αὐτῶν
592 4757 855 4831 ἐμψύχων
918 4756 1012 4811 καὶ
1084 4754 1304 4821 ζώντων
1381 4754 1747 4827 ἀναθημάτων

184 4843 431 4922 λῃστρικῇ
486 4850 632 4924 χειρὶ
681 4849 925 4921 βεϐήλως
991 4846 1479 4919 ἐπιλαμϐάνεσθαι.
1530 4848 1748 4902 Μᾶλλον

185 4934 237 4990 δὲ
266 4941 448 5013 μηδεὶς
471 4941 647 5005 οὕτως
673 4940 817 4995 ἔστω
844 4941 1076 5005 ἀνόσιος,
1117 4942 1193 5007 ὡς
1234 4942 1309 5014 μὴ
1341 4941 1410 4995 τά
1440 4940 1499 4994 ἐν
1525 4938 1604 5010 τῷ
1634 4937 1748 5009 ναῷ

188 5026 355 5100 ἀψυχα
406 5031 577 5102 σκεύη
599 5072 614 5096 ,
657 5030 773 5085 ἀλλ’
820 5031 983 5086 αὐτὸν
1037 5031 1129 5085 τὸν
1189 5029 1317 5084 ναὸν
1361 5026 1458 5082 τοῦ
1519 5026 1746 5098 Κυρίου,

186 5120 414 5176 τουτέστι
458 5123 560 5195 τῆς
609 5122 882 5192 παρθένου
931 5125 993 5177 τὸ
1049 5122 1230 5194 σῶμα,
1283 5120 1381 5175 καὶ
1430 5117 1599 5190 αὐτὴν
1651 5117 1751 5190 τὴν

186 5212 503 5283 τιμιωτάτην
550 5212 803 5267 ἁπάντων
852 5212 912 5267 ἐν
959 5211 1134 5282 τούτῳ
1175 5209 1356 5282 ψυχὴν
1399 5209 1498 5279 τῆς
1544 5207 1750 5279 παρθέ-

188 5311 291 5365 νου,
336 5302 626 5375 ἱερώτατον
675 5306 738 5360 ἐν
776 5304 855 5376 τῷ
901 5303 1019 5375 ναῷ
1058 5302 1155 5357 τοῦ
1205 5301 1414 5373 Κυρίου
1461 5298 1749 5369 ἀνάθημα,

188 5390 290 5453 τοῖς
337 5393 635 5460 ἀκολασίας
689 5397 917 5468 πυρσοῖς
982 5392 1334 5467 βαρϐαρικῶς
1390 5390 1746 5477 καταφλέξαι.

253 5503 296 5537 ¹⁶
320 5504 340 5559 1
360 5506 496 5563 Tim.
522 5525 581 5574 ν,
610 5509 700 5565 ii.

250 5594 356 5672 (ξιξ)
392 5600 454 5655 Ἠ
471 5600 627 5672 ἀντὶ.
654 5600 770 5655 Duo
789 5599 1022 5672 codices.
1057 5598 1142 5672 εῐη
1169 5595 1309 5672 ἀντί.

253 5663 786 5741 (ϐσλΑιδούμεναιη
820 5670 1066 5735 Quatuor
1112 5663 1344 5734 codices,
1396 5663 1739 5740 αἱρούμεναι.

192 5730 329 5793 unus
347 5730 656 5808 Combclisq
687 5730 982 5807 ὁρώμέναι.

1842 1917 2194 1975 reverentur;
2240 1908 2333 1963 sed
2388 1907 2694 1972 Dominum,
2742 1903 2829 1959 cui
2879 1904 3019 1959 data:
3065 1901 3318 1963 dexterae,
3354 1912 3421 1952 eo

1842 2001 2067 2071 quodin
2104 1998 2422 2071 profundum
2468 1998 2736 2053 malorum
2781 1996 2944 2066 lapsae
2989 1993 3120 2056 sint,
3168 2008 3274 2047 non
3310 1992 3421 2060 jam

1842 2104 2112 2151 metuunt.
2151 2092 2265 2149 Non
2300 2092 2487 2147 vident
2516 2088 2988 2160 profecto,duplex
3014 2102 3072 2142 se
3093 2095 3149 2142 et
3170 2087 3306 2155 apud
3325 2086 3421 2141 lto-

1844 2185 2020 2241 mines
2050 2194 2104 2238 et
2145 2185 2283 2253 apud
2320 2183 2483 2236 Deum
2520 2180 2721 2235 crimen
2753 2177 3101 2246 sibimetipsis
3127 2176 3291 2230 stulte
3326 2191 3421 2245 pa-

1843 2291 1995 2343 rare;
2027 2276 2223 2345 quippe
2240 2289 2359 2327 cum
2386 2272 2630 2327 homines
2662 2270 2732 2326 ob
2756 2269 3080 2325 celebratam
3113 2268 3259 2338 prius
3280 2266 3420 2321 fama

1842 2369 2221 2439 virginitatem,
2252 2366 2497 2437 quamvis
2527 2381 2644 2420 eam
2671 2378 2731 2419 se
2758 2364 3069 2433 promisisse
3103 2369 3316 2430 negent,
3337 2359 3421 2413 fu-

1845 2477 2023 2517 rorem
2058 2468 2114 2515 et
2150 2459 2535 2528 impudentiam
2565 2456 2621 2511 in
2652 2456 2738 2520 iis,
2769 2470 2889 2523 qua:
2914 2454 3164 2508 omnibus
3193 2463 3341 2508 certa
3369 2462 3420 2507 et

1844 2553 2120 2621 explorata
2156 2562 2304 2619 sunt,
2344 2550 2600 2620 negandis
2636 2556 2956 2602 aversentur
2981 2555 3142 2615 atque
3178 2543 3421 2599 oderint:

1847 2644 2108 2699 Dominus
2159 2657 2288 2697 vero
2333 2642 2573 2697 additam
2623 2639 2838 2695 violatis
2883 2637 3209 2716 virginitatis
3256 2637 3422 2693 {cede-

1846 2733 1997 2787 ribus
2036 2732 2415 2786 inficiationem
2448 2746 2545 2800 pro
2581 2730 2928 2801 paenitentia,
2957 2728 3208 2783 acerbius
3236 2729 3288 2781 in
3325 2742 3423 2782 suo

1840 2821 2048 2891 judicio
2078 2824 2420 2877 condemnet.
2458 2821 2534 2876 Ne
2563 2822 2726 2892 igitur
2758 2821 2856 2876 sub
2887 2820 3175 2875 charitatis
3209 2819 3423 2873 nomine

1847 2916 1903 2971 in
1951 2915 2055 2971 hoc
2104 2914 2310 2984 peccati
2359 2914 2674 2968 barathrum
2725 2913 2928 2968 incidat
2960 2912 3135 2983 virgo,
3185 2910 3424 2966 libidinis

1848 3015 2124 3077 expertem
2150 3016 2206 3060 et
2235 3020 2423 3075 puram
2460 3005 2779 3060 eharitatem
2824 3013 3198 3073 persequatur.
3239 3001 3424 3072 Neque

1850 3099 2017 3164 enim,
2047 3098 2091 3153 si
2139 3098 2207 3153 ad
2252 3099 2580 3166 voluptatem
2628 3097 2844 3167 delapsa
2897 3097 2989 3163 sit,
3040 3096 3217 3151 locum
3258 3097 3309 3151 in
3358 3112 3423 3152 ea

1776 3159 1822 3223 Ο
1853 3159 2072 3242 habebit
2114 3186 2263 3241 larva
2293 3159 2525 3256 conjugii
2559 3203 2574 3240 :
2616 3200 2718 3241 nec
2750 3159 2984 3242 nomine
3017 3185 3252 3255 conjugii
3289 3185 3424 3240 ludi-

1853 3277 2002 3355 ﬁcari
2052 3292 2208 3332 suum
2259 3277 2425 3347 ipsius
2469 3277 2647 3331 virum
2697 3277 2919 3332 minime
2967 3277 3140 3332 soluta
3190 3277 3423 3347 poterit,

1852 3369 2134 3426 mortalem
2165 3370 2213 3425 ei
2254 3370 2321 3424 ad
2362 3368 2573 3423 facinus
2617 3368 2868 3424 adulterii
2917 3379 3037 3440 post
3065 3378 3143 3426 tot
3172 3383 3425 3439 acceptos

1853 3464 1921 3519 ab
1959 3477 2024 3518 eo
2067 3464 2294 3517 honores
2333 3461 2499 3532 impie
2529 3462 2843 3531 praeferens.
2870 3462 2984 3518 Non
3015 3463 3159 3517 enim
3195 3462 3426 3518 absurde

1852 3557 1919 3610 de
1952 3554 2152 3611 talibus
2198 3554 2329 3608 illud
2367 3553 2610 3622 Aposmli
2660 3553 2873 3608 dicatur
2909 3570 2925 3609 :
2958 3551 3089 3609 Cum
3137 3553 3425 3609 luxuriata:

1853 3643 2044 3712 fuerint
2082 3646 2137 3698 in
2167 3643 2397 3709 Christo,
2425 3643 2615 3698 nubere
2646 3642 2825 3698 volunt
2865 3658 2885 3699 :
2912 3644 3159 3698 habentes
3201 3645 3427 3698 donum-

1853 3737 2067 3805 tionem,
2094 3737 2220 3807 quia
2247 3737 2471 3806 primum
2505 3736 2663 3805 ﬁdem
2693 3737 2902 3791 irritam
2937 3735 3167 3805 fecerunt
3198 3737 3242 3769 “
3272 3756 3286 3792 :
3317 3754 3425 3793 non

1853 3828 2160 3897 c0njugium
2182 3868 2198 3894 ,
2229 3829 2321 3883 sed
2354 3827 2673 3883 adulterium
2701 3843 2796 3899 per
2827 3837 2991 3884 totam
3026 3831 3191 3883 vitam
3220 3829 3427 3886 nefarie

1851 3932 2255 3993 persequentes.

1922 4103 2014 4158 ﬂ.
2056 4102 2244 4159 Nuhus
2292 4104 2455 4174 igitur
2495 4117 2686 4158 servus
2734 4114 2904 4160 αδδιτο
2950 4105 3189 4173 percitus
3223 4120 3289 4161 eo
3326 4108 3428 4161 im-

1854 4195 2075 4264 pietatis
2130 4193 2361 4261 feratur,
2419 4205 2481 4250 ut
2529 4196 2860 4251 dominicam
2916 4211 3169 4266 sponsam
3217 4206 3426 4267 tangat.

1854 4287 2023 4342 Nemo
2072 4288 2144 4341 ita
2197 4286 2432 4343 furiosus
2480 4288 2553 4343 sit
2594 4289 2910 4359 sacrilegus,
2960 4298 3020 4343 ut
3048 4289 3427 4343 intaminatam

1854 4378 2189 4434 sacerdotem
2255 4378 2504 4434 manibus
2562 4380 2852 4450 impudicis
2902 4390 3106 4451 tangat.
3154 4381 3326 4439 Nemo
3361 4399 3429 4437 eo

1856 4469 2081 4523 insania:
2128 4468 2414 4535 deveniat,
2448 4481 2506 4523 ut
2536 4483 2661 4524 eum
2719 4478 2798 4524 tot
2848 4484 2913 4525 ac
2960 4480 3108 4525 tanta
3148 4471 3429 4541 sacrilegis

1856 4558 2121 4628 supplicia
2158 4558 2469 4628 impendere
2498 4560 2699 4625 videat,
2726 4576 2833 4617 non
2862 4562 3157 4616 inanimata
3194 4576 3263 4616 ex
3288 4577 3425 4617 auro

1852 4661 1949 4705 aut
1982 4659 2207 4721 argento
2236 4665 2386 4718 vasa,
2412 4651 2506 4707 sed
2543 4653 2782 4708 animata
2833 4663 2891 4709 et
2932 4655 3172 4709 viventia
3202 4656 3429 4710 donaria

1856 4761 2018 4800 manu
2050 4745 2378 4815 praedatoria
2418 4745 2631 4816 impure
2666 4745 2916 4815 arripiat.
2943 4747 3039 4803 Vel
3070 4749 3248 4816 potius
3270 4763 3431 4803 nemo

1854 4837 1990 4892 adeo
2014 4836 2274 4892 scelestus
2299 4836 2390 4903 sit,
2418 4846 2479 4891 ut
2515 4852 2621 4892 non
2650 4837 2942 4892 inanimata
2967 4837 3019 4891 in
3048 4839 3245 4908 templo
3274 4854 3429 4904 vasa,

1853 4928 1949 4983 sed
1984 4928 2155 4996 ipsum
2185 4927 2443 4996 templum
2472 4928 2711 4994 Domini,
2740 4928 2917 4992 idest,
2951 4929 3180 4999 virginis
3209 4945 3427 4998 corpus,

1855 5028 1912 5075 et
1940 5021 2108 5091 ipsam
2135 5020 2189 5075 in
2222 5035 2289 5077 eo
2314 5021 2557 5077 omnium
2604 5021 2835 5077 maxime
2869 5019 3035 5093 655
3064 5023 3429 5077 venerabilem

1852 5113 2088 5167 animam
2117 5114 2344 5182 virginis
2365 5155 2381 5181 ,
2425 5115 2861 5170 sacratissimum
2891 5116 2946 5170 in
2976 5116 3178 5185 templo
3216 5117 3429 5173 Domini

1849 5205 2159 5272 donarium,
2191 5206 2539 5277 impudicitiae
2583 5205 2797 5263 facibus
2832 5207 3071 5263 barbare
3110 5211 3429 5265 succendat.

1850 5293 1956 5349 Sed
1979 5295 2023 5349 si
2049 5310 2146 5350 sus
2185 5305 2379 5366 sponte
2431 5297 2580 5352 dedit
2627 5299 2978 5366 semetipsam
3012 5296 3186 5368 virgo,
3219 5298 3429 5352 violans

1850 5386 2039 5441 initum
2077 5401 2201 5442 cum
2244 5401 2449 5458 sponso
2481 5386 2661 5444 foedus
2691 5423 2707 5443 .
2742 5401 2807 5442 ac
2840 5386 3046 5453 omnia,
3076 5398 3131 5443 et
3166 5386 3425 5455 templum

1850 5589 2033 5733 6nuit)
2073 5586 2600 5663 Προολισθησάσῃ.
2644 5576 2831 5649 Plures
2869 5604 3023 5657 mss.,
3072 5586 3426 5662 προσλισθού-
