3802 6216
365 309 468 367 751

1325 304 1671 364 APPENDIX
1705 306 1995 365 OPERUM
2034 309 2095 367 S.
2135 306 2382 366 BASlLll
2419 307 2657 366 MAGNI.

3510 314 3620 372 752

361 435 418 480 et
448 422 730 480 donarium
785 427 841 477 et
887 418 1186 476 amicitiam
1224 431 1349 476 cum
1391 435 1457 476 eo
1508 421 1925 479 intercedentem

2072 421 2186 475 AD.‘
2217 424 2266 476 εἰ
2304 421 2537 477 ἑκοῦσαν
2567 421 2837 476 ἐπέδωκεν
2879 422 3078 493 ἑαυτὴν
3107 423 3140 493 ἡ
3176 419 3468 495 παρθένος,
3512 440 3623 478 πα-

360 527 417 573 et
447 516 595 584 regni
646 513 981 570 consortium
1009 512 1080 569 ob
1113 511 1445 582 voluptatem
1497 512 1841 569 confundens
1879 525 1934 570 et

362 609 707 672 conculcans,
730 621 798 661 ne
828 606 1012 661 tradas
1040 615 1093 660 te
1132 603 1211 660 illi
1254 606 1323 660 ad
1355 605 1671 661 societatem
1705 606 1932 675 peccati.

348 700 641 770 Siquidem
688 714 789 754 nec
822 697 1051 768 pulcher
1085 696 1285 768 Ioseph
1317 698 1550 753 dominae
1592 698 1648 753 in
1694 713 1818 753 eum
1854 698 1936 752 fu-

362 793 521 855 renti,
548 790 895 859 semetipsum
931 790 999 845 ad
1021 788 1412 860 impudicitiam
1439 789 1585 844 illius
1609 790 1931 859 explendam

360 884 577 937 tradere
603 881 852 936 voluit".
882 879 988 935 Sed
1001 880 1216 936 etiamsi
1231 881 1351 934 tuin
1370 880 1547 937 fmdus
1568 881 1802 953 coniugii
1828 897 1933 937 non

359 975 595 1039 venires,
626 973 783 1027 alteri
814 972 1167 1042 semetipsam
1197 972 1452 1028 traderet.
1480 972 1572 1028 Ille
1608 973 1775 1044 igitur
1808 989 1937 1043 pec-

359 1064 464 1117 cati
496 1077 683 1132 pinnas
716 1061 863 1128 luat;
918 1071 975 1116 tu
1008 1076 1138 1116 vero
1170 1071 1222 1117 te
1250 1061 1424 1131 ipsum
1462 1078 1659 1132 purum
1704 1073 1760 1118 et
1805 1065 1938 1117 inte-

356 1171 513 1226 grum
553 1171 734 1222 serva,
763 1170 863 1210 nec
893 1169 1087 1225 paenae,
1134 1169 1256 1224 quae
1297 1170 1398 1224 pro
1424 1156 1622 1211 delicto
1666 1155 1720 1209 in
1755 1156 1937 1212 Domi-

356 1265 488 1304 num
521 1249 763 1303 admisso
798 1246 1083 1310 inferetur,
1106 1245 1377 1315 particeps
1405 1245 1661 1302 elﬁciare.
1695 1246 1932 1316 Oportet,

358 1340 576 1410 inquit,
610 1337 812 1392 Filium
846 1338 1079 1392 hominis
1117 1337 1261 1390 tradi
1286 1336 1351 1389 ιδ.
1388 1335 1483 1392 Vw
1514 1347 1690 1392 autem
1733 1339 1815 1391 illi
1844 1354 1936 1407 per

340 1446 509 1502 .quem
565 1427 738 1483 Filius
787 1427 1013 1481 hominis
1068 1426 1303 1479 traditur
1330 1425 1350 1479 .'
1379 1427 1692 1482 conduceret
1741 1429 1842 1497 ipsi
1890 1428 1935 1481 si

350 1532 513 1577 enatus
547 1538 651 1575 non
680 1528 812 1574 esset
846 1518 912 1572 ¹⁹.
943 1516 1135 1572 Nonne
1186 1516 1438 1571 similiter
1482 1532 1604 1587 qua:
1646 1518 1936 1588 virginita-

358 1622 464 1668 lem
490 1621 616 1665 ante
648 1608 913 1679 professa,
940 1607 1136 1663 deinde
1158 1614 1369 1660 mutato
1394 1606 1676 1675 proposito
1700 1607 1934 1676 cuipiam

354 1703 562 1759 homini
626 1699 869 1755 fruendae
928 1698 1225 1768 voluptatis
1288 1698 1460 1767 gratia
1510 1699 1745 1766 seipsam
1802 1713 1937 1753 con-'

2036 514 2246 587 ραόἄσα
2283 515 2383 587 μὲν
2405 516 2505 586 τὴν
2543 514 2681 587 πρὸς
2715 515 2808 567 τὸν
2834 515 3071 586 νυμφίον
3106 515 3401 585 συνθήκην,
3441 516 3621 571 πάντα

2031 607 2089 661 δὲ
2123 608 2217 660 καὶ
2253 606 2400 671 ναὸν,
2455 607 2550 661 καὶ
2598 606 2892 678 ἀνάθημα,
2961 608 3057 660 καὶ
3119 606 3299 676 φιλίαν
3348 605 3448 678 τὴν
3483 607 3624 678 πρὸς

2034 696 2217 761 αὐτόν,
2264 698 2359 751 καὶ
2407 695 2682 768 βασιλείας
2733 698 3022 750 κοινωνίαν
3050 697 3119 751 δι’
3163 697 3360 769 ἡδονὴν
3411 697 3624 759 πάθους

2035 788 2312 858 συγχέασά
2340 805 2400 841 τε
2453 788 2590 860 ὁμοῦ
2654 789 2749 844 καὶ
2795 791 3109 860 πατήσασα,
3167 790 3242 862 μὴ
3297 791 3514 862 χρήσῃς
3553 792 3622 860 τῇ

2032 880 2255 953 τοιαύτῃ
2305 882 2498 935 σαυτὸν
2530 884 2610 946 είς
2642 881 2926 937 κοινωνίαν
2980 883 3079 953 τῆς
3120 882 3422 953 ἁμαρτίας.
3466 883 3625 934 Ἐπεὶ

2033 973 2152 1026 οὐδὲ
2189 975 2218 1026 ό
2245 973 2408 1038 καλὸς
2453 974 2649 1045 Ἰωσὴφ
2690 977 2757 1045 τῇ
2789 974 3048 1045 δεσποίνῃ
3094 974 3423 1046 ἐπιμανείσῃ
3472 972 3625 1043 αύτῷ

2034 1065 2222 1118 ἑαυτὸν
2264 1066 2401 1137 πρὸς
2445 1065 2542 1137 τὴν
2587 1066 2688 1137 τῆς
2732 1067 3031 1128 ἀκολασίας
3078 1066 3378 1120 ἀπόλαυσιν
3417 1070 3624 1137 χρῆσαι

2033 1157 2318 1229 ἠθέλησεν.
2359 1157 2502 1210 Ἀλλ’
2540 1160 2587 1210 εί
2620 1159 2713 1211 καὶ
2756 1158 2831 1229 μὴ
2867 1158 2932 1211 σὺ
2970 1154 3135 1230 ἦλθες
3168 1157 3261 1210 ἐπὶ
3290 1157 3391 1227 τὴν
3423 1174 3624 1211 κοινω-

2033 1250 2152 1303 νίαν
2196 1248 2292 1302 τοῦ
2333 1250 2535 1321 γάμου,
2580 1250 2726 1322 ἄλλῳ
2773 1250 2974 1320 ἑαυτὴν
3022 1249 3346 1303 ἐπιδίδωσιν.
3387 1249 3627 1314 Ἐκεῖνος

2033 1336 2126 1395 οὖν
2167 1340 2266 1404 τὰς
2301 1341 2394 1396 ἐπὶ
2442 1344 2507 1413 τῇ
2551 1342 2794 1414 ἁμαρτία
2832 1341 2998 1394 αὐτοῦ
3038 1340 3269 1402 εὐθύνας
3317 1340 3521 1411 ἐχέτω·
3556 1342 3626 1394 σὺ

2032 1431 2090 1485 δὲ
2137 1433 2332 1486 σαυτὸν
2365 1432 2603 1505 καθαρὸν
2634 1433 2870 1502 φύλαττε
2902 1434 2996 1486 ἐπὶ
3019 1435 3086 1504 τῇ
3118 1433 3372 1503 κοινωνίᾳ
3400 1434 3500 1504 τῆς
3542 1434 3629 1497 είς

2033 1523 2125 1575 τὸν
2183 1522 2388 1594 Κύριον
2436 1524 2778 1595 παρανομίας
2830 1524 3082 1595 εὐθύνης.
3138 1524 3255 1587 Δεῖ,
3305 1525 3464 1596 φησὶ,
3517 1524 3631 1578 τὸν

2044 1615 2182 1668 Υὶὸν
2223 1615 2332 1669 τοῦ
2383 1615 2699 1685 ἀνθρώπου
2740 1615 3172 1686 παραδοθῆναι.
3226 1617 3375 1670 Οὐαὶ
3420 1617 3511 1681 δὲ,
3546 1618 3629 1673 δι’

2034 1701 2106 1761 οὗ
2145 1709 2179 1760 ό
2226 1705 2359 1773 Υἱὸς
2401 1706 2510 1760 τοῦ
2550 1704 2869 1776 ἀνθρώπου
2903 1706 3325 1776 παραδίδοται·
3368 1712 3633 1778 συνέδεε-

350 1796 564 1868 iunxit,
600 1792 815 1848 etiamsi
847 1792 994 1847 dicat
1027 1807 1042 1845 :
1073 1793 1300 1861 Oportet
1325 1805 1412 1844 me
1463 1790 1701 1856 nubere,
1741 1805 1925 1859 quem-

2072 1812 2139 1849 εν
2190 1794 2350 1861 αὐτῷ
2386 1798 2440 1850 εὶ
2488 1796 2576 1865 μὴ
2615 1795 2931 1867 ἐγεννήθη.
2985 1797 3059 1849 Οὐ
3112 1795 3253 1849 κατά
3300 1796 3393 1849 τὸν
3438 1797 3632 1866 ὅμοιον

353 1888 646 1942 admodum
675 1882 874 1938 Filium
899 1882 1150 1951 hominis
1191 1877 1450 1936 traditum
1483 1883 1725 1950 oportuit
1768 1897 1782 1934 :
1836 1881 1925 1935 sed

2072 1888 2234 1960 ρόπον
2275 1887 2490 1959 ἔκρινεν
2521 1891 2555 1961 ἡ
2600 1888 2864 1960 πρότερον
2910 1886 3009 1958 τὴν
3055 1886 3355 1957 παρθενίαν
3390 1889 3633 1958 ύποσχο-
3674 1956 3682 1962 ⁸

354 1989 537 2033 tamen
572 1992 654 2031 vae
696 1975 806 2043 illi,
839 1989 936 2045 per
961 1984 1123 2043 quem
1166 1972 1257 2027 illa
1300 1972 1633 2037 foederibus,
1655 1988 1775 2042 quae
1805 1987 1925 2026 cum

2072 1978 2211 2048 ένη,
2249 1979 2592 2050 μεταθεμένη
2627 1979 2684 2032 δὲ
2729 1978 2898 2050 αὐτὴν
2929 1976 3042 2048 (62)
3092 1976 3367 2048 ἀνθρώπῳ
3397 1977 3507 2030 τι.νὶ
3547 1980 3634 2044 εἰς

351 2083 552 2140 sponso
600 2076 915 2138 pepegerat,
947 2065 1120 2134 ruptis
1165 2075 1221 2118 et
1258 2063 1512 2130 violatis,
1557 2078 1711 2118 suam
1750 2062 1932 2118 libidi-

351 2169 474 2217 nem
503 2159 727 2231 implet?
753 2160 897 2215 ldcm
927 2159 1072 2213 enim
1101 2156 1228 2212 huic
1253 2156 1482 2222 homini,
1515 2157 1700 2211 dicere
1728 2158 1929 2221 ausim,

351 2254 716 2326 praestabilius
741 2253 907 2317 foret,
934 2267 1097 2321 quam
1123 2251 1168 2306 si
1194 2249 1417 2305 sceleris
1446 2250 1713 2305 adversus
1746 2250 1932 2306 Domi-

351 2363 480 2402 num
518 2348 587 2401 ab
615 2346 717 2400 hac
752 2345 963 2415 impura
1008 2342 1208 2412 patrati
1237 2343 1420 2398 socius
1452 2343 1507 2396 in
1529 2343 1736 2410 judicio
1778 2358 1935 2413 repe-

350 2440 546 2494 riatur.
579 2437 697 2492 Jam
726 2452 857 2492 vero
885 2451 1066 2491 nonne
1115 2436 1272 2488 audis
1316 2448 1439 2489 eum
1484 2434 1807 2503 adullerari,
1841 2437 1934 2505 qui

348 2529 515 2584 etiam
574 2528 854 2583 dimissam
915 2525 1136 2580 duxerit
1165 2524 1248 2579 ὀἳ
1307 2523 1422 2579 Etsi
1481 2525 1671 2591 enim,
1734 2525 1931 2594 inquit,

350 2625 575 2687 propter
619 2614 831 2686 culpam
881 2614 984 2669 fuit
1017 2614 1240 2669 dimissa
1271 2652 1288 2678 ,
1320 2615 1449 2669 vivit
1478 2623 1657 2669 tamen
1681 2615 1773 2670 vir
1794 2616 1931 2684 ejus.

2034 2070 2227 2141 ἡδονῆς
2266 2070 2563 2124 ἀπόλαυσιν
2597 2068 2808 2135 ζεῦξαι,
2854 2069 2958 2122 κᾶν
3002 2069 3136 2141 λέγῃ
3166 2072 3293 2122 ’Δεῖ
3326 2086 3392 2139 με
3440 2084 3633 2139 γαμηο

2034 2162 2215 2232 θῆναι,
2247 2161 2323 2225 ὡς
2350 2162 2442 2215 τὸν
2483 2161 2610 2214 Υἱὸν
2646 2160 2740 2214 τοῦ
2776 2160 3063 2232 ἀνθρώπου
3099 2163 3181 2213 δεῖ
3220 2159 3627 2232 παραδοθῆναιο

2037 2251 2172 2304 ἀλλά
2203 2252 2356 2315 οὐαὶ,
2386 2252 2453 2306 δι’
2482 2245 2543 2305 οὗ
2576 2252 2760 2324 ἐκείνη
2799 2253 2900 2317 τὰς
2934 2252 3072 2325 πρὸς
3098 2252 3190 2305 τὸν
3229 2252 3463 2323 νυμφίον
3517 2268 3629 2305 πα·-

2041 2342 2253 2413 ραϐᾶσα
2307 2344 2599 2417 συνθήκας,
2645 2344 2739 2417 τὴν
2784 2345 2986 2415 ἑαυτῆς
3036 2342 3336 2413 ἐπιθυμίαν
3390 2342 3629 2414 πληροῖ;

2038 2433 2313 2506 Συνέφερε
2358 2434 2469 2506 γάρ
2521 2436 2719 2506 ἐκείνῳ
2757 2435 2836 2506 τῷ
2870 2434 3143 2506 ἀνθρώπῳ
3179 2433 3387 2504 (τολμῶ
3427 2433 3628 2502 εἰπεῖν)

2035 2526 2097 2579 τὸ
2126 2526 2260 2581 αὐτὸ
2302 2526 2414 2597 (65)
2444 2526 2477 2599 ἦ
2510 2528 2598 2581 ἴνα
2635 2528 2890 2590 κοινωνὸς
2921 2528 3019 2598 τῆς
3049 2529 3129 2590 εἰς
3169 2526 3261 2579 τὸν
3295 2524 3500 2596 Κύριον
3531 2540 3631 2577 πα·

1986 2691 2015 2712 .
2040 2618 2306 2690 ρανομίας
2360 2622 2461 2690 τῆς
2512 2620 2810 2674 ἀκολάστου
2862 2620 3077 2691 ἐκείνης
3128 2617 3487 2705 δικαζόμενρς
3537 2618 3631 2669 εύ-

353 2709 506 2782 ρεθῇ.
551 2709 666 2763 Οὐκ
708 2707 930 2770 ἀκούεις
969 2706 1027 2760 δὲ
1094 2706 1178 2759 ὅτι
1229 2706 1326 2760 καὶ
1381 2707 1410 2759 ό
1463 2707 1873 2781 ἀπολελυμένην
1912 2706 2107 2781 γαμῶν
2164 2714 2454 2784 μοιχᾶται;
2506 2714 2572 2767 Et
2629 2713 2738 2785 γὰρ
2786 2713 2881 2767 καὶ
2934 2711 3295 2778 ἀπολέλυται,
3342 2711 3511 2781 φησὶ,
3557 2708 3631 2764 δι’

348 2802 551 2865 αἰτίαν,
579 2800 715 2854 ἀλλά
747 2801 813 2871 ζῇ
847 2799 1019 2871 αὐτῆς
1045 2801 1074 2853 ό
1100 2800 1262 2871 ἀνήρ.

418 2894 509 2947 4‘2.
535 2892 645 2948 Cur
677 2893 838 2963 igitur
886 2893 1190 2948 molestiam
1240 2892 1470 2949 exhibes
1521 2893 1798 2950 dimissae?
1835 2908 1933 2949 cur
1958 2900 2001 2958 α

346 2999 455 3040 non
485 2987 582 3039 das
616 2992 829 3053 tempus
871 2991 982 3037 tum
1021 2983 1096 3037 illi
1121 3024 1137 3052 ,
1167 2991 1226 3038 ut
1255 2999 1319 3039 ea
1346 2984 1402 3038 in
1428 2984 1719 3054 semetipsa
1751 3000 1932 3040 cmen-

347 3078 458 3144 det,
486 3076 556 3131 ob
586 3090 708 3147 quae
734 3075 961 3130 dimissa
1007 3084 1134 3141 est;
1175 3087 1287 3130 tum
1336 3076 1388 3131 ei
1441 3075 1535 3144 qui
1576 3076 1820 3139 dimisit,
1871 3086 1931 3130 ut

346 3171 724 3227 misericordia
786 3172 843 3224 in
905 3168 1317 3238 resipiscentem
1348 3177 1569 3232 motus,
1619 3183 1813 3223 rursus
1860 3169 1929 3221 ad

347 3279 407 3319 se
457 3274 670 3319 revocet
714 3276 868 3317 suum
924 3238 1100 3330 ipsius.
1146 3259 1488 3326 membrum,
1538 3260 1633 3314 scd
1680 3261 1930 3330 praeripis

347 3368 561 3428 tempus
608 3353 1006 3411 emendationis
1035 3392 1051 3417 ,
1087 3352 1304 3407 vivente
1358 3351 1479 3407 viro
1540 3352 1819 3407 dimissam
1873 3352 1928 3407 in

348 3448 756 3504 matrimonium
800 3445 1046 3500 ducens?
1088 3441 1253 3512 Sine,
1302 3445 1521 3513 inquit,
1559 3446 1626 3498 ad
1657 3444 1926 3497 viventem

347 3541 532 3596 redeat
573 3537 732 3594 simul
760 3545 814 3592 et
844 3538 1138 3593 reducatur
1163 3536 1356 3591 melior
1385 3536 1529 3593 facta
1574 3536 1803 3601 mulier;
1843 3535 1927 3588 vel

347 3645 563 3701 semper
612 3644 713 3683 nec
759 3628 954 3693 viduae,
1005 3641 1105 3682 nec
1146 3626 1336 3681 uxoris
1372 3641 1566 3681 nomen
1596 3626 1823 3689 habens,
1857 3626 1930 3679 di-

345 3722 624 3777 missionis
670 3734 873 3785 causae,
923 3708 1086 3789 quam
1137 3717 1370 3789 przebuit
1426 3718 1655 3784 marito,
1710 3731 1926 3786 poenam

345 3813 641 3884 persolvat.
670 3810 750 3865 Tu
781 3826 932 3875 vero,
962 3811 1129 3865 etiam
1176 3819 1468 3879 antequam
1500 3808 1766 3879 intelligat
1804 3822 1928 3876 pro-

347 3904 552 3974 prium,
602 3904 673 3959 ob
725 3901 869 3972 quod
921 3901 1144 3955 dimissa
1196 3909 1300 3965 est,
1353 3909 1664 3970 peccatum,
1730 3900 1926 3969 raptim

347 3994 525 4048 iniens
573 4007 697 4047 cum
743 4006 805 4046 ea
855 3989 1202 4060 conjugium,
1231 3989 1578 4043 audaciorem
1608 3988 1674 4043 ad
1705 3995 1927 4058 peccata

344 4084 581 4140 absurde
629 4082 803 4149 facis;
854 4090 911 4137 et
954 4081 1081 4137 dum
1128 4080 1345 4135 vivente
1385 4081 1504 4135 viro
1553 4095 1768 4150 semper
1800 4094 1925 4134 eum

346 4177 521 4231 aliena
567 4175 903 4239 mmcharis,
963 4173 1291 4229 facilitatem
1339 4173 1490 4229 illius
1550 4172 1620 4227 ad
1675 4170 1926 4227 violanda

2102 2893 2193 2948 42.
2225 2893 2291 2947 Τί
2318 2890 2411 2948 οὖν
2442 2892 2680 2965 ἐνοχλεῖς
2711 2896 2777 2965 τῇ
2829 2893 3246 2967 ἀπολελυμένῃ;
3290 2895 3345 2949 τί
3394 2896 3499 2951 οὐκ
3543 2897 3632 2952 ὲν-

2029 2980 2186 3045 δίδως
2223 2982 2413 3053 καιρὸν
2462 2982 2694 3052 κάκείνῃ
2723 2983 2923 3054 ἑαυτὴν
2970 2984 3374 3057 διορθώσασθαι
3423 2988 3513 3057 ἐφ’
3542 2984 3631 3053 οἷς

2030 3073 2297 3144 ἀπελύθη,
2342 3074 2435 3126 καὶ
2480 3073 2573 3129 τὸν
2610 3073 2958 3129 ἀπολύσαντα
3002 3076 3479 3147 σπλαγχνισθέντα
3532 3081 3633 3133 ἐπὶ

2028 3166 2094 3235 τῇ
2120 3163 2476 3237 διορθωθείσῃ
2501 3163 2635 3235 (64),
2665 3167 2746 3229 είς
2775 3166 2968 3219 ἑαυτὸν
2991 3162 3148 3231 αὖθις
3170 3169 3232 3220 τὸ
3259 3169 3458 3222 ἑαυτοῦ
3494 3170 3631 3223 ἁνα-

2028 3256 2336 3328 κτήσασθαι
2368 3258 2549 3327 μέλος,
2592 3257 2732 3311 ἀλλά
2763 3259 3143 3330 προαρπάζεις
3174 3260 3265 3314 τὸν
3292 3263 3485 3334 καιρὸν
3523 3262 3632 3333 τῆς

2028 3345 2386 3417 διορθώσεως,
2424 3348 2629 3412 ζῶντος
2672 3349 2767 3403 τοῦ
2821 3350 3017 3422 ἀνδρὸς
3068 3351 3167 3423 τὴν
3212 3353 3630 3425 ἀπολελυμένην

2028 3438 2253 3508 γαμῶν;
2289 3440 2508 3504 Ἔασον,
2557 3442 2743 3511 φησιν,
2792 3443 2824 3514 ἢ
2863 3444 3002 3515 πρὸς
3030 3445 3123 3498 τὸν
3171 3445 3351 3509 ζῶντα
3394 3448 3631 3501 ἐπανελ-

2030 3528 2142 3582 θεῖν
2199 3530 2318 3601 ἀμα
2383 3532 2477 3585 καὶ
2550 3534 2923 3606 ἐπαναχθῆναι
2995 3537 3251 3593 καλλίονα
3321 3540 3631 3612 γενομένην

2027 3625 2280 3691 γυναῖκα,
2319 3623 2351 3693 ἢ
2394 3625 2482 3678 ἀεὶ
2534 3626 2672 3697 μήτε
2721 3628 2919 3698 χήραν,
2973 3631 3112 3701 μήτε
3163 3634 3400 3699 γυναῖκα
3447 3632 3631 3703 ὑπάρ-

2027 3730 2251 3783 χουσαν,
2299 3715 2401 3785 τῆς
2446 3716 2541 3768 ἐπὶ
2578 3719 2643 3788 τῇ
2693 3718 2887 3786 ἀφέσει
2931 3720 3113 3784 αίτίας
3145 3722 3213 3792 ἢν
3256 3721 3507 3793 παρέσχε
3544 3723 3629 3793 τῷ

2027 3804 2183 3876 ἀνδρὶ
2231 3806 2388 3879 δίκην
2435 3807 2658 3864 διδόναι.
2697 3811 2772 3864 Σὺ
2816 3810 2875 3865 δὲ
2927 3813 3058 3884 πρὶν
3110 3815 3204 3866 καὶ
3267 3817 3511 3870 συνεῖναι
3563 3817 3629 3870 τὺ

2028 3896 2225 3949 οἰκεῖον
2276 3898 2335 3950 ὲν
2385 3900 2451 3969 τῇ
2500 3898 2766 3953 ἀπολύσει
2821 3901 3161 3975 ἁμάρτημα,
3207 3903 3473 3975 ἁρπάζων
3522 3905 3628 3976 τὴν

2029 3985 2166 4057 πρὸς
2200 3986 2369 4058 αὐτὴν
2406 3988 2692 4058 συζυγίαν,
2728 3991 3137 4065 τολμηροτέραν
3171 3993 3309 4065 πρὸς
3339 3993 3410 4048 τὰ
3440 3996 3631 4068 ἀμαρ-

2027 4082 2248 4152 τήματα
2294 4082 2513 4147 ἀτόπως
2574 4085 2823 4159 ἐργάζῃο
2863 4087 3066 4152 ζῶντος
3127 4087 3227 4159 μὲν
3280 4087 3374 4142 τοῦ
3425 4090 3628 4160 ἀνδρὸς

2028 4180 2118 4232 ἀεὶ
2163 4180 2264 4252 τὴν
2331 4181 2622 4254 ἀλλοτρίαν
2697 4188 2990 4256 μοιχεύων,
3044 4186 3270 4242 εὔκολον
3327 4187 3421 4253 δὲ,
3483 4189 3628 4262 ὅπερ

344 4269 580 4340 coniugii
621 4268 823 4323 foedera
858 4267 1091 4323 absurde
1116 4268 1429 4322 conlirmas.
1463 4264 1600 4320 Nam
1643 4265 1691 4321 si
1731 4266 1923 4321 dimis-

2072 4288 2184 4343 ρην,
2217 4273 2356 4345 πρὸς
2386 4274 2455 4327 τὰ
2489 4252 2547 4327 ἐν
2576 4277 2641 4346 τῇ
2695 4252 2998 4347 συμθιὼσει
3036 4279 3355 4349 πταίσματα
3402 4252 3630 4343 ἀτόπως

350 4376 467 4415 sam
523 4378 553 4416 a
613 4360 829 4416 mortali
890 4361 1010 4415 viro
1057 4360 1365 4429 accipiens,
1402 4359 1565 4430 impie
1601 4358 1927 4425 moechatur,

348 4454 518 4507 multo
550 4454 723 4523 magis
761 4451 929 4522 impie
954 4467 1051 4522 per
1083 4460 1252 4507 totam
1290 4451 1459 4505 vitam
1487 4452 1811 4518 moechatur,
1835 4450 1924 4519 qui

345 4546 671 4601 immortalis
695 4545 796 4600 viri
826 4559 1083 4615 sponsam
1105 4585 1120 4613 ,
1153 4558 1435 4612 nunquam
1470 4542 1748 4597 dimissam
1767 4582 1782 4609 ,
1803 4556 1929 4597 cor-

348 4651 602 4707 rumpere
654 4636 871 4692 audeat.
913 4636 1028 4691 Etsi
1070 4635 1216 4690 enim
1248 4634 1597 4704 semetipsam
1627 4633 1831 4688 dimisit
1858 4634 1927 4689 ad

341 4729 528 4784 carnis
579 4728 831 4784 libidines
877 4726 1222 4797 confugiens,
1257 4734 1311 4780 tu
1360 4740 1493 4780 vero
1522 4723 1671 4779 illam
1706 4739 1774 4778 ne
1804 4733 1923 4778 tan-

340 4835 460 4892 gas.
490 4820 635 4876 Vivit
662 4823 807 4875 enim
846 4818 930 4874 vir
965 4820 1115 4891 ejus,
1164 4832 1265 4873 nec
1296 4817 1411 4872 vult
1447 4832 1568 4873 eam
1622 4816 1918 4872 dimittere.

339 4911 592 4968 Concede
613 4911 688 4967 illi
713 4951 731 4977 ,
781 4924 843 4966 ut
871 4911 1220 4980 semetipsam
1252 4910 1507 4984 inspiciat
1529 4923 1764 4979 quonam
1793 4922 1920 4977 pro-

342 5002 494 5073 lapsa
543 5004 644 5071 sit,
690 5002 939 5059 morbum
979 5013 1325 5071 concoquat,
1361 5000 1638 5056 carnalem
1675 5014 1919 5054 amorem

338 5097 519 5163 eluat,
562 5098 824 5165 temporis
870 5107 1192 5165 progressus
1224 5094 1561 5157 consideret,
1589 5100 1792 5163 quanta
1832 5107 1922 5146 au-

338 5189 463 5243 deat
516 5188 808 5243 facinora:
860 5201 924 5241 ac
976 5185 1222 5256 profecto
1278 5185 1477 5241 redibit
1525 5185 1592 5239 ad
1635 5199 1918 5253 sponsum.

336 5280 475 5334 Nam
527 5282 572 5334 si
616 5280 867 5335 Christus
914 5277 1002 5332 lux
1053 5285 1141 5333 est
1183 5286 1240 5331 et
1267 5277 1598 5332 resurrectio
1636 5283 1693 5329 et
1739 5274 1920 5329 incor-

411 5372 452 5430 δ’
483 5396 619 5466 Gen.
654 5411 820 5450 xxxix
849 5435 865 5461 ,
920 5395 1004 5448 l2.
1103 5393 1148 5425 ¹⁸
1178 5392 1310 5451 Luc.
1347 5408 1498 5459 χειν,
1530 5393 1585 5446 7.

408 5531 522 5603 (62)
566 5530 789 5603 Αὐτήν.
831 5530 1094 5596 Colbert.,
1131 5530 1352 5603 ἑαυτήν.
1418 5528 1590 5585 Paulo
1642 5537 1769 5583 ante
1817 5528 1914 5582 de-

336 5601 576 5665 lendum,
607 5601 840 5672 ἔκρινεν.

412 5672 522 5741 (65)
542 5663 633 5741 ,Τὸ
659 5663 826 5725 ὰὺτό.
874 5671 972 5725 llic
1002 5669 1171 5725 editio
1202 5668 1527 5741 Parisiensis
1549 5666 1795 5741 addit,_ei
1834 5663 1909 5736 μὴ

336 5737 621 5815 nemon,
649 5756 768 5813 qua:
791 5757 949 5799 voces
993 5755 1095 5799 nec
1134 5742 1190 5797 in
1221 5738 1425 5798 Veneta
1455 5752 1569 5813 _nec
1600 5739 1654 5793 in
1686 5737 1794 5797 ullo
1820 5751 1912 5791 ve-

2026 4364 2233 4419 ἀσκῶν.
2272 4367 2335 4419 Εἰ
2365 4365 2422 4419 δὲ
2455 4369 2482 4420 ὁ
2524 4367 2625 4439 τὴν
2676 4368 2829 4441 παρὰ
2877 4370 3073 4442 θνητοῦ
3116 4371 3309 4443 ἀνδρὸς
3353 4372 3630 4425 ἀπολελυ-

2026 4457 2195 4530 μένην
2258 4458 2552 4530 λαμϐάνων
2617 4464 2890 4533 μοιχεύων
2952 4462 3174 4530 ἀσεϐεῖ,
3229 4462 3414 4533 πολλῷ
3486 4464 3625 4518 ἀσε-

2025 4549 2280 4621 δέστερον
2333 4551 2423 4606 διὰ
2484 4553 2601 4624 βίου
2652 4554 2896 4625 μοιχεύει
2947 4557 2976 4609 ὁ
3024 4557 3125 4626 τὴν
3178 4554 3272 4608 τοῦ
3344 4554 3625 4610 ἀθανάτου

2024 4641 2218 4712 ἀνδρὸς
2293 4642 2515 4715 νύμφην
2596 4644 2868 4716 μηδέποτε
2942 4645 3353 4716 ἀπολελυμένην
3433 4663 3624 4718 παρα-

2025 4732 2244 4805 φθείραι
2272 4734 2510 4806 τολμῶν.
2541 4737 2654 4790 Καὶ
2686 4738 2735 4789 εί
2773 4736 2973 4809 ἑαυτὴν
3008 4737 3117 4808 γὰρ
3160 4737 3385 4791 ἀπολύει
3416 4742 3484 4811 τῇ
3528 4757 3626 4809 με-

2021 4824 2243 4880 ταθέσει
2289 4827 2427 4899 πρὸς
2470 4827 2539 4881 τὰ
2592 4827 2795 4901 σαρκὸς
2833 4829 2979 4902 πάθη
3041 4829 3437 4899 αὑτομολοῦσα,
3481 4830 3624 4885 ἀλλά

2026 4919 2092 4971 σὺ
2130 4918 2203 4990 μὴ
2233 4917 2407 4973 ἅπτου
2440 4920 2664 4993 ταύτης.
2709 4925 2784 4994 Ζῇ
2814 4922 2924 4993 γὰρ
2960 4918 3131 4992 αὐτῆς
3167 4924 3196 4975 ό
3229 4922 3390 4994 ἀνὴρ,
3432 4924 3529 4977 καὶ
3559 4924 3622 4977 ού

2028 5003 2279 5074 βούλεται
2320 5008 2492 5080 αὐτὴν
2541 5009 2830 5065 ἀπολῦσαι.
2885 5010 3246 5084 Συγχώρησον
3294 5008 3445 5084 αύτῇ
3489 5014 3623 5067 ἰδεῖν

2025 5096 2226 5167 ἑαυτὴν
2260 5098 2367 5170 ὅπη
2405 5099 2642 5170 ἐγένετο,
2678 5103 2849 5172 πέψαι
2896 5103 2958 5156 τὸ
3008 5103 3210 5167 πάθος,
3259 5104 3479 5173 ὲκνῖψαι
3528 5106 3622 5159 τὸν

2027 5186 2207 5257 ἔρωτα
2253 5190 2363 5245 τῶν
2413 5193 2654 5265 σαρκῶν,
2716 5194 3118 5265 ἐπισκέψασθαι
3181 5195 3359 5266 χρόνῳ
3408 5196 3620 5267 ἡλίκων

2026 5276 2233 5351 τολμᾷν
2278 5282 2522 5355 ἐγχειρεῖ
2540 5324 2556 5350 ,
2594 5285 2693 5339 καὶ
2745 5286 3060 5358 ἀνακάμψει
3091 5286 3310 5351 πάντως
3344 5287 3483 5359 πρὸς
3525 5287 3619 5342 τὸν

1686 5393 1731 5424 η
1757 5389 1947 5446 Matth.
1992 5408 2145 5462 xxvn,
2181 5394 2276 5454 24.
2353 5400 2400 5432 ³ο
2428 5400 2619 5456 Matth.
2653 5418 2770 5470 χιχ,
2793 5403 2848 5459 9.

2023 5538 2136 5602 tere
2163 5529 2309 5602 libro
2341 5532 2613 5602 leguntur.

2093 5599 2204 5671 (64)
2236 5599 2654 5678 Διορθωθείσῃ.
2713 5608 2838 5664 Haec
2891 5610 3157 5678 scriptura
3194 5610 3441 5665 codicum
3487 5611 3614 5668 Col-

2022 5679 2159 5752 nert.
2189 5680 2245 5752 e_t
2268 5673 2496 5752 duorum
2534 5673 2828 5748 Regiorum
2858 5673 3071 5737 videtur
3103 5681 3446 5752 praeferenda
3498 5686 3591 5740 vul

2018 5748 2178 5809 satae,
2204 5739 2508 5813 διορθώσει.

3324 5937 3351 5971 ι
