3802 6216
195 305 291 365 ’155

1380 297 1583 355 LIBER
1621 299 1711 356 DE
1748 299 2215 358 VIRGINITATE.

3326 300 3418 359 75d

193 422 426 496 νυμφίον.
464 421 526 476 El
558 419 668 492 γὰρ
706 420 942 492 Χριστος
985 419 1122 490 φῶς,
1166 420 1260 474 καὶ
1303 420 1621 487 ἀνάστασις,
1656 425 1746 478 καί

1853 423 2034 494 rnptio
2080 430 2135 478 et
2171 422 2283 477 vita
2330 428 2385 477 et
2428 428 2624 478 czetera
2686 420 2845 478 nobis
2889 436 2919 474 a
2957 418 3119 474 Patre
3150 416 3459 473 venientia‘

191 514 463 586 ἀφθαρσία.
496 512 589 566 καὶ
617 511 753 583 ζωὴ,
796 511 890 566 καὶ
922 511 992 566 τὰ
1022 511 1185 565 λοιπά
1228 513 1294 566 ὲκ
1347 513 1564 584 Πατρὸς
1616 515 1747 584 ἡμῖν

187 606 380 676 ἀγαθὰ,
424 606 457 676 ἡ
492 602 725 674 Χριστοῦ
779 602 979 674 ἑαυτὴν
1028 602 1385 669 ἀπολύσασα,
1430 605 1484 658 τί
1541 604 1669 659 ἄλλο
1712 605 1746 677 ἦ

188 699 286 759 ἀπὸ
325 696 495 767 φωτὸς
521 697 601 760 είς
637 695 851 759 σκότος,
893 696 989 748 καὶ
1023 695 1134 749 ἀπὸ
1182 695 1331 766 ζωῆς
1372 697 1454 760 εἰς
1496 695 1745 758 θάνατον,

191 790 274 842 καὶ
312 788 417 845 ἀπὸ
455 786 763 859 ἀφθαρσίας
794 789 875 851 είς
908 786 1137 858 φθοράν,
1169 787 1279 841 ἀπό
1309 804 1367 840 τε
1398 787 1748 852 ἀναστάσεως

189 880 259 943 εἰς
310 878 368 932 τὸ
422 877 515 931 τοῦ
563 878 692 949 ᾅδου
751 883 850 932 καὶ
906 877 1140 935 θανάτου
1222 877 1476 949 μέγιστον
1548 878 1750 949 πτῶμα

188 969 370 1037 ἑαυτὴν
409 968 442 1039 ἡ
491 967 652 1020 ἀθλία
693 966 999 1031 ἀπέλυσεν;
1040 968 1108 1019 Ἃ
1136 966 1564 1038 ,ἐπισκεψαμένη
1612 967 1748 1021 πάν-

187 1077 283 1121 τως
307 1058 501 1129 ἡλίκων
542 1058 729 1112 κακῶν
778 1059 896 1112 ἐστι
931 1057 1089 1129 βυθὸς
1115 1098 1130 1124 ,
1178 1057 1359 1129 φρίξει
1407 1058 1505 1130 μὲν
1549 1057 1748 1127 συγχύ-

191 1167 311 1215 σαυς
358 1150 449 1203 καὶ
509 1149 811 1221 κατηφείας
866 1149 1105 1219 γέμοντα
1161 1147 1262 1219 τῆς
1314 1147 1593 1219 ἁμαρτίας
1653 1148 1745 1201 τὸν

189 1241 351 1311 ζόφον,
378 1241 436 1296 τὸ
471 1241 529 1295 δὲ
574 1240 747 1310 γλυκὺ
785 1239 879 1294 τοῦ
920 1242 1119 1309 φωτὸς,
1167 1244 1224 1294 ὲν
1256 1234 1301 1309 ᾧ
1337 1235 1405 1312 ἦν
1456 1240 1742 1312 πρότερον,

188 1335 330 1389 πλέον
376 1334 619 1404 ποθήσει.
661 1334 773 1388 Καὶ
821 1332 884 1386 τὸ
934 1333 1030 1405 μὲν
1085 1332 1317 1404 φοϐερὸν
1371 1331 1465 1387 τοῦ
1514 1332 1744 1386 θανάτου

187 1427 267 1480 καὶ
309 1425 538 1496 εἰδεχθὲς
571 1425 673 1495 τῆς
722 1424 931 1496 φθορᾶς
997 1423 1326 1491 κατιδοῦσα,
1382 1423 1742 1496 σφοδρότερον

184 1517 265 1570 ἐπὶ
301 1516 394 1587 τὴν
431 1516 577 1586 ζωὴν
611 1516 706 1568 καὶ
760 1514 858 1585 τὴν
901 1513 1198 1568 ἀθανασίαν
1237 1515 1303 1567 ὲκ
1354 1513 1560 1567 τούτων
1609 1513 1745 1565 ἀπο-

185 1606 418 1679 πηδήσει·
454 1609 537 1670 είς
567 1606 624 1660 δὲ
673 1606 734 1659 τὸ
777 1605 872 1659 τοῦ
922 1605 1049 1677 ᾃδου
1106 1605 1493 1676 χαλεπώτατον
1539 1603 1742 1675 πτῶμα

182 1698 479 1769 ἐγκύψασα,
524 1698 626 1769 τῆς
686 1696 841 1768 ποιρά
903 1697 1110 1769 Κυρίου
1168 1696 1555 1768 δεδωρημένης
1627 1694 1741 1767 (65)

1850 516 2029 571 bona:
2078 528 2200 584 qua:
2244 528 2273 567 a
2321 511 2541 568 Christo
2592 512 2760 585 656
2809 511 3156 581 semetipsum
3196 510 3420 574 dimisit,

1850 607 1979 677 quid
2028 605 2175 660 aliud
2227 605 2331 660 nisi
2382 621 2412 660 a
2467 606 2588 662 luce
2622 606 2688 659 ad
2724 605 2974 658 tenebras
2999 642 3015 666 ,
3061 612 3115 657 et
3146 617 3174 656 a
3207 604 3315 656 vita
3354 603 3421 655 ad

1849 706 2076 750 mortem
2102 735 2119 762 ,
2162 702 2218 751 et
2267 695 2334 749 ah
2367 696 2777 766 incorruptione
2804 695 2870 749 ad
2896 694 3296 762 corruptionem
3323 733 3337 757 ,
3369 703 3422 748 et

1848 800 1878 841 a
1915 787 2318 841 resurrectione
2362 786 2429 840 ad
2469 786 2667 840 inferni
2711 794 2769 840 et
2820 784 3012 839 mortis
3040 783 3420 853 gravissimum

1847 878 2058 948 lapsum
2089 879 2438 949 semetipsum
2473 878 2671 933 misera
2698 876 2945 932 dimisit?
2967 875 3093 929 Haec
3126 875 3170 929 si
3200 889 3421 944 prorsus

1848 970 2165 1025 consideret
2211 978 2538 1039 quantorum
2586 968 2695 1023 sint
2747 966 3062 1022 barathrum
3116 964 3419 1027 malorum,

1847 1059 2091 1121 horrebit
2132 1059 2470 1116 confusionis
2511 1074 2576 1113 ac
2617 1058 2872 1113 mteroris
2901 1056 3084 1124 plenas
3112 1053 3317 1123 peccati
3351 1062 3422 1106 te—

1846 1152 2162 1219 nebras,‘ac
2194 1151 2332 1208 lucis
2364 1150 2720 1212 suavitatem,
2779 1150 2834 1204 in
2889 1163 2994 1218 qua
3041 1147 3189 1217 prius
3233 1160 3420 1200 versa-

1842 1243 2022 1309 batur,
2072 1244 2242 1314 magis
2293 1242 2590 1311 exoptabit.
2655 1240 2846 1297 Mortis
2900 1250 3081 1294 autem
3136 1239 3417 1293 horrorem

1843 1347 1909 1388 ac
1939 1333 2307 1402 corruptionis
2358 1330 2762 1387 deformitatem
2798 1330 3132 1400 perspiciens
3157 1369 3173 1393 ,
3220 1344 3286 1381 ex
3333 1326 3418 1379 his

1843 1425 2025 1482 acrius
2046 1426 2115 1480 ad
2149 1426 2318 1479 vitam
2355 1432 2411 1480 et
2449 1425 2910 1479 resurrectionem
2940 1422 3179 1485 resiliet,
3239 1435 3303 1474 ac
3366 1419 3417 1473 in

1844 1517 2045 1574 inferni
2078 1516 2432 1587 gravissimas
2482 1516 2668 1571 ruinas
2711 1516 2899 1570 oculos
2935 1512 3209 1583 injiciens,
3250 1511 3417 1566 vehe-

1844 1609 2081 1665 mentius
2120 1623 2440 1665 concessam
2475 1607 2579 1663 sibi
2622 1622 2650 1662 a
2692 1607 2921 1662 Domino
2968 1603 3419 1660 resurrectionem

1843 1700 2257 1771 complectetur.
2299 1698 2417 1755 Non
2451 1700 2597 1755 enim
2631 1699 2767 1753 adeo
2799 1697 3022 1751 insania:
3052 1694 3207 1765 plena
3234 1700 3336 1758 est,
3362 1700 3421 1746 ut

180 1791 302 1862 αὐτῇ
349 1789 699 1853 ἀναστάσεως
750 1788 1077 1859 θερμότερον
1154 1787 1374 1851 πάντως
1435 1785 1736 1851 ἀνθέξεται.

1851 1807 1912 1847 ne
1951 1803 2060 1847 tum
2094 1794 2313 1862 quidem
2354 1806 2476 1848 cum
2526 1802 2766 1868 tempore
2801 1791 3023 1843 sedatus
3077 1786 3240 1841 fuerit
3275 1799 3423 1839 mor-

181 1879 247 1932 Οὑ
269 1878 371 1951 γάρ
406 1879 469 1951 δὴ
518 1878 694 1943 οὕτως
733 1879 849 1931 ἐστὶ
893 1878 1092 1948 μανίας
1134 1875 1441 1938 ὑπόπλεως,
1487 1875 1561 1940 ὡς
1603 1874 1737 1946 μηδὲ

180 1970 247 2041 τῷ
273 1971 436 2043 χρόνῳ
463 1971 560 2026 τοῦ
603 1971 811 2035 πάθους
857 1970 1228 2040 λωφήσαντος,
1271 1968 1366 2022 τοῦ
1400 1967 1596 2039 θνητοῦ
1647 1967 1738 2020 τὸν

179 2062 422 2117 ἀθάνατον
464 2065 827 2139 προτιμῆςξαιι
856 2063 1110 2134 νυμφίον.
1156 2061 1221 2115 Τί
1270 2056 1363 2113 οὖν
1405 2061 1503 2130 τῆς
1545 2058 1736 2122 ἀθλίας

177 2154 422 2224 opma;
445 2156 539 2210 τὸν
571 2156 812 2222 δλισθον;
838 2156 893 2209 τί
916 2156 1014 2227 τῆς
1043 2152 1387 2224 ἐπισκέψεως
1418 2151 1512 2205 τοῦ
1554 2152 1735 2222 ἀμαρ-

177 2248 395 2318 τήματος
442 2248 535 2302 τὸν
585 2248 779 2318 καιρὸν
831 2244 1243 2319 προαρπάζειςς
1290 2243 1345 2297 τί
1395 2243 1496 2313 τῆς
1545 2242 1740 2314 βουλῆς

176 2340 255 2392 τὸν
280 2340 461 2413 χρόνον
487 2340 761 2404 ὲκκλείεις
798 2339 932 2412 (66),
962 2339 1050 2393 ἴνα
1081 2337 1178 2409 τὴν
1214 2334 1289 2407 μὴ
1328 2334 1737 2405 ἀπολελυμένην

177 2432 313 2501 παρᾶ
360 2431 449 2486 τοῦ
527 2432 735 2503 Κυρίου
801 2431 1095 2502 γαμήσας,
1155 2427 1353 2483 σαυτὸν
1418 2427 1494 2499 μὴ
1565 2426 1735 2500 ἄνδρα

175 2522 366 2593 Miris;

236 2618 318 2674 ιδ.
352 2618 652 2690 Ἀνέπαφδς
679 2614 773 2674 οὖν
803 2618 944 2674 ἔστω
963 2619 1146 2690 πάσης
1173 2615 1375 2690 χειρὸς,
1407 2613 1739 2686 ὲξοχώτατόν

179 2725 224 2761 τι
261 2710 507 2783 ἀνάθημα
558 2712 694 2766 Θεοῦ
729 2707 885 2773 οὖσα,
916 2712 950 2781 ὴ
1002 2708 1291 2780 παρθένος.
1329 2708 1636 2777 ’Δχραντον
1681 2706 1740 2760 δὲ

179 2800 437 2874 αὐτὴνκαὶ
468 2801 688 2873 σώματι
722 2803 816 2856 καὶ
858 2801 1038 2872 ἐννοίᾳ.
1064 2797 1427 2868 φυλάττουσα,
1453 2795 1739 2867 ἀσφαλῶς,

179 2894 323 2963 φημὶ,
352 2893 444 2948 καὶ
478 2895 592 2957 τοῖς
628 2895 686 2946 ὲν
725 2889 944 2963 Χριστῷ
974 2889 1222 2959 ἀδελφοῖς
1263 2888 1545 2959 ὁμιλείτω.
1594 2886 1742 2957 Πρὸς

179 2983 317 3038 τοῦτο
350 2984 457 3056 γὰρ
492 2984 666 3055 αὐτὴν
700 2982 943 3055 ἀκριϐῶν
987 2981 1080 3036 καὶ
1115 2983 1143 3035 ὁ
1198 2980 1420 3052 γνήσιος
1462 2978 1556 3033 τοῦ
1603 2975 1741 3031 Θεοῦ

179 3073 411 3146 θεράπων
444 3076 617 3148 φησί’
652 3076 955 3145 Βούλομαι
992 3073 1062 3127 δὲ
1095 3072 1328 3137 πάντας
1364 3068 1520 3141 ὑμᾶς
1542 3069 1741 3139 φρονί-

177 3183 309 3233 μους
326 3167 442 3237 μὲν
469 3165 627 3223 εἶναι
668 3169 755 3233 είς
798 3165 866 3220 τὸ
896 3163 1143 3235 ἀγαθὸν,
1187 3163 1506 3232 ἀκεραίους
1545 3160 1614 3214 δὲ
1657 3163 1746 3226 εἰς

180 3258 238 3310 τὸ
262 3261 459 3314 κακόν.
502 3258 884 3327 Ἠρμοσὰμην
915 3257 1025 3327 γὰρ
1058 3254 1214 3325 ὑμᾶς
1236 3255 1327 3309 ἐνὶ
1365 3253 1560 3322 ἀνδρί,
1597 3267 1738 3321 παρ-

177 3348 340 3404 θένον
369 3351 570 3422 ἁγνὴν
608 3347 999 3420 παραστῆσαι
1026 3348 1107 3415 τῷ
1141 3346 1407 3416 Χριστῷ·
1454 3346 1749 3415 φοϐοῦμαι

178 3439 240 3495 δὲ
255 3442 478 3512 μήπως,
504 3444 590 3509 ὠς
608 3447 641 3499 ό
664 3444 801 3513 ὄφις
820 3443 985 3497 Εὕαν
1014 3439 1402 3509 ἐξηπάτησεν
1419 3438 1488 3491 ἐν
1509 3436 1585 3507 τῇ
1606 3454 1750 3491 παν-

182 3537 376 3604 ουργίᾳ
427 3536 643 3599 αὐτοῦ,
696 3535 850 3590 οὕτω
906 3532 1106 3603 φθαρῇ
1159 3535 1234 3587 τὰ
1279 3535 1549 3601 νοήματα
1582 3528 1750 3599 ὑμῶν

179 3626 286 3680 ἀπὸ
316 3626 421 3694 τῆς
458 3628 804 3695 ἁπλότητος
839 3624 953 3695 τῆς
998 3628 1087 3691 είς
1119 3623 1227 3678 τὸν
1268 3622 1554 3691 Χριστόν.
1583 3622 1746 3674 Ὥστε

182 3713 276 3784 πρὸ
310 3716 564 3771 ἁπάντων
594 3715 675 3768 δεῖ
705 3715 774 3769 τά
817 3715 1068 3785 νοήματα
1111 3714 1212 3785 τῆς
1240 3712 1510 3784 παρθένου
1537 3711 1749 3782 ἀφθορα

181 3800 240 3854 δι’
276 3803 392 3857 ὅλου
432 3803 746 3873 φυλάττειν.
777 3804 888 3873 Τῆς
924 3802 1105 3873 ψυχῆς
1137 3802 1247 3873 γάρ
1270 3800 1510 3872 ἀφθόρου
1559 3798 1751 3871 μενού-

185 3910 291 3964 σης,
314 3898 550 3970 ἄφθορον
575 3898 669 3950 καὶ
705 3896 765 3950 τὸ
791 3894 951 3966 σῶμα
976 3895 1325 3964 φυλάττεται.
1349 3895 1461 3966 Τῆς
1492 3893 1549 3947 δὲ
1573 3892 1751 3963 ψυχῆς

184 3987 289 4048 ταῖς
346 3989 650 4058 μοχθηραῖς
683 3986 918 4048 ἐννοίαις
969 3984 1304 4056 φθαρείσης,
1358 3983 1461 4038 κᾶν
1512 3982 1749 4053 ἄφθορον

184 4073 297 4148 δόξῃ
330 4077 506 4147 μένειν
524 4077 587 4130 τὸ
603 4076 781 4147 σῶμα,
807 4077 922 4131 ἀλλ’
938 4076 1000 4129 οὐ
1024 4076 1283 4147 καθαράή
1306 4074 1538 4149 ἀφθορία
1557 4073 1749 4127 τούτου

184 4166 483 4238 εὑρίσκεται
525 4171 642 4234 τοῖς
666 4169 775 4223 τῶν
795 4168 1084 4240 νοημάτων
1119 4167 1429 4239 μολύσμασι
1461 4164 1753 4238 φθειρομέ-

188 4274 291 4313 νου.
307 4261 546 4334 Ἀγαπᾷν
558 4258 650 4316 οὖν
670 4262 770 4325 δεῖ,
785 4261 921 4315 ἀλλά
945 4262 1083 4333 μετά
1100 4260 1259 4329 λόγου
1290 4260 1385 4313 καὶ
1401 4259 1637 4331 κρίσεως
1655 4258 1752 4328 ἔμ-

188 4367 367 4422 φρονος
408 4356 469 4408 τὸ
515 4355 681 4408 ποσὸν
722 4357 822 4426 τῆς
864 4354 1086 4425 ἀγάπης
1128 4352 1461 4425 μετροῦντας
1506 4350 1638 4422 (67).
1692 4349 1754 4407 Ἠ

188 4442 376 4515 ἀγάπη
407 4446 517 4517 γὰρ
551 4449 663 4500 οὐκ
720 4446 1087 4516 ἀσχημονεῒ’
1138 4446 1254 4510 καὶ,
1314 4444 1581 4498 Λέλυσαι
1629 4442 1749 4497 ἀπὸ

188 4538 498 4603 γυναικός;
542 4536 629 4606 μὴ
678 4536 835 4605 ζήτει
872 4536 1147 4607 γυναῖκα.
1196 4536 1431 4606 Ἀτοπρν
1461 4534 1520 4588 δὲ
1581 4550 1751 4587 σπου-

187 4623 396 4688 δάζοντα
417 4627 693 4693 λελύσθαι,
724 4627 803 4698 τῷ
832 4628 1055 4699 ὀνόματι
1104 4629 1204 4698 τῆς
1245 4626 1466 4697 ἀγάπης
1507 4627 1620 4689 τοῖς
1667 4624 1754 4678 δε-

191 4721 333 4786 σμοῖς
368 4720 479 4775 τῶν
500 4720 707 4793 ἡδονῶν
752 4721 840 4775 διά
887 4722 986 4792 τῆς
1026 4721 1313 4792 συνηθείας
1363 4720 1553 4777 ἑαυτὸν
1599 4737 1754 4791 περι-

189 4805 409 4875 ϐάλλειν,
437 4812 621 4866 οὐκέτι
642 4812 848 4878 λοιπὸν,
882 4811 1006 4865 οὔτε
1047 4811 1256 4883 σώματι
1283 4810 1406 4865 οὔτε
1426 4810 1571 4882 ψυχῇ
1601 4809 1755 4864 λελύ-

176 4897 303 4953 ¹ιτθαι
336 4903 477 4957 κατά
517 4904 617 4975 τὴν
659 4904 996 4974 ἐπαγγελίαν
1025 4903 1342 4974 δυνάμενον.
1384 4902 1524 4956 Οὔτε
1565 4901 1673 4973 γὰρ
1717 4904 1751 4973 ἡ

189 4987 323 5060 ψυχὴ
387 4993 606 5049 λέλυται
670 4996 767 5049 τοῦ
833 4996 1079 5050 τοιούτου
1146 4996 1276 5067 περὶ
1332 4994 1403 5048 τά
1455 4992 1600 5064 πάθη
1657 4993 1756 5063 τῆς

191 5075 426 5148 ζωὼδους
450 5084 559 5157 (68)
597 5085 884 5156 συνηθείας
919 5086 1292 5158 ἀσχολουμένη
1312 5099 1329 5116 ⁸
1357 5082 1481 5137 οὔτε
1507 5081 1568 5135 τὸ
1594 5080 1755 5152 σῶμα

1844 1885 1967 1948 bus,
2002 1884 2217 1938 mortali
2257 1882 2615 1939 immortalem
2648 1881 2921 1951 praeferat.
2957 1879 3095 1947 Quid
3119 1878 3283 1948 igitur
3312 1876 3415 1928 mi-

1845 1988 1980 2029 sera:
2031 1975 2237 2045 lapsura
2302 1974 2614 2043 properas?
2674 1986 2771 2025 cur
2819 1970 3025 2037 peccati
3089 1964 3410 2037 inspiciendi

1848 2074 2056 2135 tempus
2104 2062 2388 2135 praeripis?
2428 2079 2527 2119 cur
2552 2062 2764 2119 consilii
2809 2071 3020 2130 tempus
3046 2058 3288 2115 excludis
3311 2098 3327 2123 ,
3358 2068 3417 2111 ut

1843 2169 1999 2223 eam,
2037 2171 2156 2226 quae
2185 2171 2215 2210 a
2247 2155 2476 2209 Domino
2511 2154 2732 2209 dimissa
2769 2168 2875 2208 non
2908 2161 3026 2214 est,
3059 2164 3283 2205 uxorem
3317 2149 3421 2209 du,-

1846 2259 1996 2309 cens,
2034 2247 2379 2317 temetipsum
2411 2262 2519 2303 non
2550 2246 2725 2300 virum
2763 2244 2858 2301 sed
2893 2242 3198 2299 adulterum
3231 2240 3283 2295 in
3318 2238 3424 2294 Do—

1846 2336 1978 2392 mini
2004 2338 2181 2394 cubile
2214 2340 2378 2409 impie
2411 2338 2729 2395 ascendisse
2758 2334 2997 2406 arguas?

1804 2427 1942 2482 ἀλλά
1981 2432 2168 2503 μοιχὸν
2235 2432 2391 2505 κοίτῃ
2428 2430 2699 2485 Δεσπότου
2737 2426 2949 2491 ἀσεϐῶς
2990 2425 3254 2480 ἐπιόάντα
3287 2424 3425 2477 ἀπο-

1915 2615 2007 2670 45.
2058 2613 2266 2670 Intacta
2327 2614 2397 2669 sit
2455 2614 2625 2682 igitur
2657 2610 2807 2666 omni
2842 2609 3056 2675 manui,
3116 2622 3235 2677 quae
3288 2620 3423 2676 pra:-

1849 2708 2246 2764 stantissimum
2296 2705 2569 2776 quoddam
2604 2704 2702 2759 Dei
2740 2702 3022 2759 donarium
3079 2710 3194 2766 est,
3244 2700 3421 2770 virgo.

1846 2800 2228 2856 lntaminatam
2280 2809 2462 2855 autem
2494 2797 2839 2867 semetipsam
2871 2804 2927 2849 et
2970 2806 3199 2864 corpore
3235 2801 3289 2847 et
3330 2806 3423 2847 eo-

1842 2891 2104 2963 gitatione
2140 2890 2473 2952 custodiens,
2508 2896 2668 2944 caute
2688 2889 2851 2943 etiam
2879 2899 3001 2940 cum
3033 2885 3146 2939 suis
3174 2884 3225 2937 in
3259 2881 3423 2938 Chri-

1843 2995 1929 3040 sto
1956 2984 2215 3040 fratribus
2239 2982 2602 3052 colloquatur.
2638 2980 2696 3036 ln
2718 2981 2822 3034 hoc
2849 2978 2993 3033 enim
3017 2977 3163 3032 illius
3195 2975 3423 3044 diligen-

1849 3078 1977 3132 tiam
2009 3090 2281 3132 exaeuens
2318 3090 2476 3130 verus
2523 3073 2614 3128 Dei
2648 3070 2883 3127 famulus
2910 3071 2985 3123 ait
3022 3085 3037 3124 :
3081 3066 3213 3122 Volo
3246 3077 3423 3121 autem

1847 3179 2025 3219 omnes
2056 3180 2141 3218 vos
2167 3164 2451 3231 prudentes
2477 3162 2685 3233 quidem
2733 3174 2845 3213 esse
2881 3158 2937 3213 in
2971 3158 3125 3223 bona,
3161 3154 3423 3224 simpiices

1848 3270 1966 3309 vero
1990 3253 2044 3307 in
2067 3252 2288 3306 malo".
2319 3251 2585 3317 Despondi
2617 3252 2751 3305 enim
2783 3266 2872 3304 vos
2895 3249 2986 3302 uni
3013 3250 3146 3312 viro,
3172 3248 3424 3315 virginem

1848 3355 2047 3400 castam
2068 3344 2309 3398 exhibere
2336 3341 2548 3397 Christo
2579 3360 2597 3397 :
2628 3344 2785 3396 timeo
2812 3350 2989 3395 autem
3016 3357 3077 3394 ne
3108 3340 3244 3409 forte
3286 3339 3424 3393 sicut

1847 3455 2056 3509 serpens
2086 3436 2252 3493 Evam
2281 3438 2488 3492 seduxit
2537 3439 2593 3492 in
2638 3437 2833 3491 astutia
2865 3453 2963 3490 sua
2992 3474 3007 3499 ,
3062 3436 3137 3488 ita
3186 3448 3427 3487 corrum-

1850 3540 2049 3600 pantur
2092 3531 2448 3599 intelligentia
2480 3540 2663 3584 restria
2688 3546 2722 3583 a
2750 3526 3085 3598 simplicitate
3111 3540 3228 3595 qua:
3257 3533 3336 3578 est
3371 3524 3443 3603 in.

1851 3621 2061 3678 Christo
2093 3626 2161 3678 “.
2196 3622 2376 3690 Quare
2429 3630 2552 3677 ante
2589 3622 2773 3677 omnia
2834 3620 3034 3675 debent
3069 3617 3429 3688 cogitationes

1851 3715 2076 3786 virginis
2106 3715 2430 3784 incorrupta:
2456 3714 2679 3769 omnino
2708 3711 3257 3781 permanere.Anima
3281 3709 3426 3765 enim

1852 3807 2159 3877 incorrupta
2189 3818 2463 3871 manente,
2502 3806 2873 3876 incorruptum
2903 3804 3067 3860 etiam
3094 3817 3291 3873 corpus
3314 3816 3429 3857 ser-

1850 3910 2029 3954 vatur.
2048 3900 2311 3967 Corrupta
2339 3907 2517 3954 autem
2552 3898 2736 3967 pravis
2775 3894 3193 3966 cogitationibus
3220 3893 3426 3956 anima,

1851 3992 2067 4048 etiamsi
2092 3993 2465 4061 incorruptum
2500 3970 2749 4047 videatur
2798 4004 3022 4045 manere
3067 4002 3289 4057 corpus,
3319 4000 3428 4041 non

1855 4094 2035 4140 tamen
2066 4098 2203 4153 pura
2234 4091 2319 4139 est
2338 4082 2482 4138 illius
2505 4082 2861 4152 incorruptio,
2883 4096 3007 4137 cum
3037 4078 3429 4149 cogitationum

1850 4175 2104 4231 sordibus
2135 4183 2534 4244 corrumpatur.
2558 4173 2892 4244 Diligendum
2914 4187 3044 4243 ergo
3068 4182 3171 4235 est,
3189 4171 3282 4227 sed
3305 4185 3430 4226 cum

1852 4266 2066 4322 ratione
2097 4274 2153 4333 et
2184 4265 2390 4335 judicio
2420 4266 2716 4335 prudenter
2761 4265 2953 4321 modus
2986 4264 3269 4320 charitatis
3298 4273 3433 4319 tem-

1782 4388 1826 4442 ο
1856 4358 2127 4426 perandus
2162 4368 2265 4413 est.
2300 4356 2431 4412 Nam
2460 4359 2695 4411 charitas
2722 4374 2824 4411 non
2853 4357 3092 4411 indecore
3115 4373 3170 4411 se
3194 4356 3326 4425 gerit
3348 4354 3427 4420 ³³;

1854 4460 1908 4504 et
1942 4468 1956 4504 :
1992 4447 2210 4503 Solutus
2236 4464 2290 4502 es
2336 4448 2400 4502 ab
2432 4464 2595 4503 uxore
2624 4451 2649 4503 7
2680 4447 2807 4501 Noli
2849 4463 3082 4517 quwrere
3128 4461 3339 4499 uxorem
3360 4444 3429 4496 ἰ.

1852 4540 2161 4597 Absurdum
2183 4541 2328 4596 enim
2361 4550 2467 4604 est,
2506 4540 2674 4609 utqui
2714 4539 2923 4594 solutus
2948 4554 3069 4593 esse
3098 4537 3299 4601 studet,
3329 4539 3429 4591 sub

1856 4630 2140 4687 charitatis
2171 4630 2460 4685 nominein
2480 4629 2812 4698 voluptatum
2837 4628 3051 4684 vincula
3082 4629 3431 4697 semetipsum

1861 4736 1959 4791 per
2007 4721 2450 4777 consuetudinem
2483 4728 2538 4775 et
2581 4718 3004 4773 familiaritatem
3053 4718 3327 4786 conjiciat,
3367 4732 3434 4772 ac

1853 4811 1966 4880 jam
1999 4827 2098 4867 nec
2117 4826 2346 4881 corpore
2372 4826 2474 4867 nec
2501 4817 2681 4866 animo
2711 4812 3005 4865 secundum
3042 4808 3432 4876 professionem

1855 4902 2065 4958 solutus
2097 4917 2218 4958 esse
2255 4904 2444 4972 possit.
2467 4902 2600 4957 Nam
2634 4916 2733 4957 nec
2767 4903 2948 4955 anima
2978 4900 3149 4955 soluta
3188 4910 3271 4954 est
3290 4898 3436 4967 ejus-

1855 4994 2001 5047 modi
2061 4993 2297 5050 hominis
2329 4995 2473 5050 circa
2523 4992 2836 5048 alfectiones
2882 4990 3117 5047 carnalis
3146 4988 3437 5047 consuetu-

1858 5083 2002 5139 diuis
2042 5093 2331 5153 occupata,
2364 5099 2465 5138 nec
2501 5098 2704 5153 corpus
2738 5081 2885 5153 quod
2924 5081 3140 5136 vincula
3178 5081 3437 5152 conjuga-

255 5223 294 5254 "
322 5224 477 5282 Rom.
510 5244 620 5298 XVI,
650 5232 737 5287 i9.
810 5235 856 5267 ”
877 5233 918 5288 ll
947 5239 1074 5291 Cor.
1100 5234 1244 5303 n.2,
1278 5234 1333 5289 5.
1409 5233 1455 5265 ³⁸
1486 5230 1652 5287 lCor.
1678 5232 1867 5298 xnt,5.
1942 5233 2175 5289 “lCor.
2207 5248 2301 5301 vn,
2328 5234 2419 5290 27.

259 5333 365 5409 (65)
394 5337 831 5411 Δεδωρτμιένης.
885 5345 1066 5401 Codex
1110 5343 1476 5408 Colbertinus,
1536 5340 1756 5412 δεδομὲο

194 5418 368 5550 νηῖᾲξ)
406 5477 741 5549 Ἐκκλείεις.
776 5481 930 5539 Unus
959 5483 1150 5550 codex,
1180 5482 1414 5546 ἐκλύεις.

285 5543 369 5622 67)
417 5543 816 5620 Μετροῦνίνας.
876 5554 1016 5609 Editi
1081 5543 1751 5622 ιηέιιιιοεοξμετροῦντοςο

198 5615 331 5679 quod
364 5615 785 5679 emendavimus'
807 5638 909 5695 ope
954 5623 1161 5681 codicis
1202 5615 1593 5680 Colbertini'et
1616 5615 1752 5677 duo;

201 5696 309 5735 tum
335 5682 641 5751 Regiorum.

269 5751 696 5830 (68)Ζωώδους.
749 5761 851 5822 llic
904 5762 1196 5825 editionem
1226 5761 1606 5830 Parisiensem,
1663 5759 1749 5817 cui

1864 5345 1970 5400 duo
1999 5354 2206 5401 tantum
2253 5346 2470 5401 codices
2516 5353 2838 5414 congruunt,
2873 5356 3066 5413 nempe
3092 5341 3438 5398 Comet-tinus

1861 5423 1916 5486 et
1939 5430 2078 5471 unus
2109 5415 2424 5486 Combelis..
2478 5413 2869 5486 praeferendam
2890 5413 3436 5486 __tamen__ducimus,

1862 5485 1935 5539 ita
1988 5485 2267 5540 sententiae
2322 5480 2497 5539 serie'
2533 5493 2780 5554 cogente,
2835 5481 3059 5554 editioni
3110 5480 3328 5536 Venetae
3384 5495 3439 5536 et

1858 5564 2098 5625 quatuor
2130 5569 2290 5621 mss.,
2318 5554 2372 5609 in
2404 5549 2615 5624 quibus
2630 5554 2845 5625 legitur,
2870 5549 3167 5625 gocptbbouc,
3209 5561 3356 5604 teme
3386 5560 3436 5603 et

1860 5624 2098 5680 obscure
2128 5623 2548 5692 consuetudinis,
2614 5623 2703 5677 ut‘
2732 5623 2909 5680 reddit
2957 5630 3111 5680 vetus
3143 5623 3434 5691 interpres.

1858 5695 1948 5766 qui
1973 5693 2201 5766 proinde
2223 5709 2329 5751 non
2359 5692 2517 5753 aliter
2546 5692 2773 5766 legebat.
