3802 6216
356 305 462 363 ’188

1316 305 1667 364 APPENDIX
1706 307 1995 366 OPERUM
2034 308 2092 366 S.
2134 307 2385 365 BASILII
2424 309 2661 367 MAGNI.

3532 312 3636 369 756

316 412 488 483 'iium
532 439 784 481 curarum
833 426 1091 497 suscepit.
1141 425 1255 482 Etsi
1297 427 1441 481 enim
1482 426 1791 497 coniugium
1835 445 1940 483 non

2134 426 2308 497 δεσμὰ
2336 425 2446 481 τῶν
2483 423 2741 497 γαμικῶν
2767 423 3063 497 φροντίδων
3095 423 3408 497 δεξάμενον.
3440 426 3503 480 Et
3526 426 3637 502 γὰρ

357 519 662 587 appellatur
694 519 813 573 haec
862 518 1223 582 consuetudo,
1258 528 1439 573 tamen
1472 522 1631 576 insita
1670 521 1776 577 illis
1813 537 1945 575 eon-

356 613 663 679 fugatorum
694 609 1003 664 sollicitudo
1050 624 1240 666 servos
1272 611 1392 666 illos
1435 627 1825 682 corporearum
1852 628 1946 668 cu-

359 715 567 763 rarum,
623 699 821 766 quibus
874 700 1197 770 semetipsos
1250 710 1441 756 contra
1472 702 1739 757 rationem
1769 702 1948 773 illiga-

358 802 508 853 runt.
542 790 708 863 657
740 806 846 846 non
899 791 1020 847 sine
1072 793 1246 861 probo
1293 793 1479 848 efﬁcit.
1520 796 1831 850 Absurdum
1863 804 1949 850 est

359 892 562 946 autem,
591 892 649 936 nt
678 882 770 950 qui
818 881 1135 953 virginalem
1192 883 1359 937 vitam
1402 896 1826 955 persequuntur,
1850 901 1948 940 nu-

358 974 597 1044 ptiarmn
647 973 953 1028 imitatione
1002 974 1169 1029 stulte
1204 975 1810 1047 implicentur;etqu:e
1839 994 1948 1048 pm

361 1080 420 1116 se
448 1061 628 1116 ferunt
653 1064 785 1116 satis
819 1062 919 1117 sibi
949 1076 1072 1117 esse
1119 1065 1301 1132 sponsi
1342 1065 1424 1119 sui
1455 1080 1666 1126 curam,
1699 1065 1947 1119 homines

360 1162 645 1208 curatores
670 1153 735 1208 ad
769 1167 924 1208 suum
949 1155 1190 1223 ipsarum
1221 1155 1454 1210 dedecus
1480 1155 1581 1210 sibi
1614 1157 1947 1211 consocient.

360 1241 513 1307 Quod
553 1243 596 1297 si
639 1256 790 1295 amas
829 1243 973 1297 illius
1006 1256 1159 1296 more
1187 1244 1279 1312 qui
1313 1258 1474 1298 verus
1509 1255 1720 1299 amator
1748 1244 1948 1298 intelli-

361 1335 525 1402 gitur,
554 1344 750 1388 caetera
797 1334 979 1387 omnia
1014 1344 1363 1389 contemnere
1392 1337 1615 1390 omnino
1659 1336 1844 1398 debes,
1878 1336 1948 1389 li-

362 1425 554 1478 benter
570 1424 863 1492 praeferens
893 1425 975 1479 vel
996 1427 1134 1479 nuda
1158 1441 1321 1495 super
1341 1428 1704 1495 pavimentum
1736 1428 1787 1481 in
1817 1442 1951 1496 qua-

361 1514 496 1570 libet
524 1516 704 1584 specie
738 1515 1093 1585 paupertatis,
1115 1517 1291 1572 amico
1331 1517 1559 1586 perfrui,
1581 1533 1740 1587 quam
1770 1519 1949 1573 studio

363 1605 565 1660 lautius
592 1620 715 1660 cum
744 1620 810 1660 co
844 1606 1091 1673 vivendi,
1123 1620 1243 1674 quae
1275 1608 1342 1660 ad
1386 1608 1436 1659 id
1477 1608 1783 1662 necessaria
1825 1617 1952 1661 sunt

364 1698 433 1750 ab
466 1698 773 1751 hominibus
806 1698 1204 1765 exquirentem,
1252 1698 1436 1751 divino
1473 1714 1656 1752 amore
1696 1699 1949 1753 indecore

363 1790 637 1844 excidere.
677 1787 808 1842 Nam
860 1804 979 1858 quae
1027 1789 1161 1842 vivit
1197 1789 1250 1842 in
1286 1789 1496 1844 deliciis
1532 1791 1723 1859 virgo,
1762 1791 1949 1844 vivens
1980 1780 2020 1834 Β

363 1892 579 1935 mortua
612 1891 695 1934 est
724 1879 791 1937 ⁸⁸.
823 1880 940 1934 Non
992 1881 1159 1949 igitur
1213 1881 1352 1936 male
1407 1882 1592 1934 audiat
1625 1884 1821 1935 bonum
1858 1896 1949 1935 vc-

364 1985 535 2029 strum
561 1976 888 2039 virginitatis
920 1991 1139 2043 nomen,
1169 1978 1269 2032 sub
1298 1978 1583 2032 cltaritatis
1615 1978 1947 2031 iutaminata:

364 2068 585 2121 nomine
622 2069 934 2123 carnalibus
980 2069 1125 2123 vitiis
1177 2070 1588 2125 dedecoratum.
1638 2070 1755 2124 Non
1804 2071 1947 2125 enim

361 2172 447 2216 σει
478 2161 715 2215 Charitas
771 2160 983 2216 aﬂ‘ectio
1028 2162 1272 2227 subdola,
1318 2162 1594 2217 simulatio
1628 2163 1950 2217 benevolen-

361 2254 469 2313 tize,
490 2253 731 2322 voluptas
752 2253 986 2318 servilis,
1009 2263 1063 2309 et
1096 2254 1344 2309 animalis
1370 2255 1695 2324 prepensio;
1723 2256 1814 2307 sed
1850 2255 1946 2308 be-

362 2346 671 2399 nevolentia
701 2347 862 2401 nullis
882 2348 1193 2403 carnalibus
1228 2346 1510 2403 aﬂ‘ectibus
1540 2349 1949 2416 turbata.quies

361 2436 641 2501 vitiorum,
677 2446 733 2491 et
759 2432 1122 2492 sanctificatio
1157 2438 1210 2491 in
1245 2436 1449 2508 Spiritu
1478 2446 1684 2491 sancto.
1721 2438 1873 2504 Quod
1901 2437 1946 2492 si

363 2535 585 2596 propter
610 2527 935 2582 charitatem
964 2527 1133 2583 frater
1157 2538 1278 2583 tuus
1300 2527 1544 2583 molestia
1572 2528 1818 2595 afﬁcitur,
1839 2545 1946 2583 non

362 2619 471 2687 lam
504 2620 798 2672 secundum
830 2619 1155 2674 cbaritatem
1197 2620 1461 2677 ambulas.
1492 2620 1612 2675 Noli
1644 2631 1731 2675 tua
1766 2624 1947 2675 chari-

365 2716 475 2762 tate
514 2708 806 2764 dissolvere
829 2723 966 2779 opus
998 2725 1141 2766 vera:
1174 2711 1484 2775 cbaritatis,
1504 2728 1603 2767 nec
1627 2712 1745 2767 falsi
1770 2717 1948 2767 nomi-

362 2799 450 2852 nis
488 2798 751 2854 charitate
788 2800 1085 2869 perniciem
1121 2800 1276 2856 fratri
1336 2800 1562 2866 inferas,
1620 2804 1673 2857 in
1724 2820 1947 2873 pravam

364 2889 517 2943 illum
552 2891 917 2958 suspicionem
952 2892 1237 2960 inducens,
1262 2904 1484 2964 propter
1511 2910 1671 2964 quem
1701 2897 1948 2951 Christus

361 2989 609 3034 mortuus
654 2990 757 3035 est.
800 2979 857 3036 Si
893 2965 1017 3053 q'uis
1060 2991 1135 3048 te,
1162 2986 1253 3052 qui
1296 2984 1579 3038 scientiam
1628 2984 1797 3040 habes
1834 2987 1947 3041 veri

363 3070 511 3135 boni,
538 3071 593 3125 in
626 3071 787 3128 idolio
816 3073 1230 3130 accumbentem
1277 3076 1492 3142 videat,
1521 3085 1576 3130 et
1607 3092 1703 3147 pro
1736 3093 1861 3133 vera
1894 3088 1949 3133 et

362 3178 495 3230 pura
547 3166 950 3235 incorruptione
1003 3167 1147 3222 illius
1198 3167 1581 3221 adumbratum
1630 3169 1681 3223 in
1717 3184 1947 3240 corpore

362 3254 708 3309 simulacrum
730 3257 1029 3325 colentem;
1060 3273 1240 3313 nonne
1271 3260 1436 3328 ipsius
1454 3260 1804 3325 conscientia,
1823 3276 1943 3315 cum

362 3345 578 3400 infirma
603 3347 696 3411 sit,
727 3347 1064 3416 inquinatur,
1092 3358 1252 3417 atque
1278 3351 1345 3405 ad
1372 3363 1656 3421 peccatum
1686 3353 1946 3408 audacter

361 3437 685 3505 patrandum
718 3439 1182 3495 mditicabitur“?
1214 3440 1305 3497 Sic
1357 3452 1534 3496 autent
1577 3454 1852 3513 peccantes
1890 3447 1947 3499 in

362 3526 579 3597 fratres,
604 3536 654 3581 et
684 3530 1024 3599 percutientes
1047 3533 1421 3585 conscientiam
1449 3550 1629 3588 eorum
1655 3535 1943 3601 infirmant,

362 3618 420 3672 in
450 3618 715 3673 Christum
746 3621 997 3688 peccatis.
1025 3621 1356 3690 Quapropter
1387 3626 1433 3678 si
1462 3641 1581 3679 esca
1610 3628 1945 3683 scandalizat

363 3708 586 3779 fratrem
618 3726 808 3773 meum,
842 3726 945 3765 non
978 3712 1311 3766 manducabo
1343 3731 1554 3768 carnem
1578 3717 1631 3769 in
1666 3726 1944 3783 wteruum,

363 3817 429 3854 ne
459 3800 676 3870 fratrem
703 3818 872 3857 meum
900 3805 1257 3858 scandalizent
1279 3806 1347 3859 ‘7.
1375 3805 1633 3870 Nunquid
1661 3826 1763 3862 non
1787 3810 1946 3863 Imbe-

364 3907 481 3946 ανδ
504 3902 802 3960 potestatem
823 3895 1180 3949 manducandi
1211 3905 1261 3950 et
1285 3898 1494 3951 bibendi
1522 3900 1548 3952 ?
1573 3899 1824 3970 Nunquid
1842 3919 1946 3956 nou

365 3983 615 4037 habemus
632 3994 945 4053 potestatem
973 4002 1208 4041 sororem
1243 3986 1517 4042 mulierem
1554 3991 1949 4046 circumducen-

363 4079 419 4129 di
443 4076 531 4130 "?
560 4078 686 4142 Sed,
712 4079 903 4148 inquit,
928 4094 1033 4134 non
1060 4094 1188 4134 usus
1210 4095 1328 4134 sum
1363 4080 1465 4135 hac
1505 4092 1771 4150 potestate
1795 4102 1810 4150 ;
1850 4085 1945 4139 bo-

364 4184 493 4221 num
524 4180 607 4223 est
636 4169 766 4224 tnihi
793 4172 929 4225 mori
982 4171 1183 4242 potius,
1220 4189 1383 4244 quam
1420 4184 1478 4228 ut
1508 4175 1630 4244 quis
1673 4176 1946 4246 gloriatio»

364 4275 490 4312 nem
542 4274 715 4314 meam
770 4260 1081 4329 virginitate
1129 4272 1341 4332 partam
1384 4266 1575 4319 reddat
1628 4266 1841 4320 inanem
1875 4267 1943 4320 ".

365 4348 558 4404 Tribus
605 4365 735 4421 ergo
783 4350 904 4407 Levi
952 4370 1212 4419 seorsum,
1253 4363 1302 4409 et
1340 4372 1528 4411 uxores
1587 4373 1769 4411 eorum
1799 4374 1947 4412 seor-

362 4459 478 4496 sum
499 4443 565 4497 ³⁸.

433 4530 524 4585 44.
569 4531 756 4601 Neque
801 4533 886 4588 his
923 4534 1274 4589 deltortamur
1315 4536 1606 4604 quominus
1658 4537 1948 4607 diligantur

362 4622 581 4688 fratres,
621 4625 715 4679 sed
738 4639 928 4680 omnes
965 4626 1182 4695 quidem
1214 4635 1468 4696 tanquam
1518 4629 1764 4682 utcrinos
1797 4628 1945 4696 diligi

362 4715 744 4783 concedimus;
774 4726 831 4771 at
873 4719 1073 4773 uterini
1125 4728 1183 4773 ut
1229 4728 1386 4774 caute
1421 4721 1737 4791 diligantur,
1768 4722 1947 4776 consi—

361 4804 492 4859 lium
520 4809 730 4864 damus.
752 4808 1054 4864 Periculum
1081 4814 1225 4865 enim
1246 4823 1349 4880 e5t,
1373 4827 1439 4867 ne
1460 4828 1527 4867 ex
1555 4813 1946 4869 consuetudine

359 4908 416 4949 et
441 4897 632 4952 fiducia
657 4907 840 4955 nostra
877 4901 1219 4957 occasionem
1251 4916 1471 4957 sumens
1500 4912 1779 4971 peceatum
1811 4916 1942 4971 ope-

362 4998 514 5043 retur
551 4989 606 5044 in
664 4991 815 5047 nobis
862 5007 1075 5049 omnem
1129 4996 1497 5061 cupiditatem.
1554 4995 1807 5051 Idoneum
1860 5003 1946 5050 est

360 5084 504 5136 euim
551 5095 863 5153 peccatum,
896 5096 957 5140 ut
995 5086 1077 5142 vel
1119 5096 1264 5142 tactu
1316 5101 1573 5141 manuum
1620 5083 1828 5151 fratris,
1862 5084 1945 5139 vel

358 5176 548 5229 osculo
577 5175 841 5233 hactenus
879 5178 1139 5235 benevolo
1164 5179 1513 5248 petulantiam
1556 5178 1739 5241 carnis
1773 5178 1839 5238 ad
1879 5193 1945 5232 ea

358 5276 480 5334 qua:
501 5264 670 5333 ipsius
699 5267 920 5337 propria
949 5278 1096 5334 sunt,
1133 5267 1364 5324 latenter
1389 5268 1611 5334 excitet,
1647 5277 1702 5325 et
1737 5267 1947 5337 cupidi-

2042 519 2136 573 καὶ
2163 518 2236 590 μὴ
2264 518 2443 589 γάμος
2475 518 2594 571 ἐστὶ
2626 520 2687 570 τὸ
2716 517 2909 587 ενομα,
2953 516 3068 570 ἀλλ’
3097 521 3129 587 ἡ
3158 517 3379 588 φροντὶς
3404 519 3516 571 τῶν
3539 536 3636 587 γε·

2042 608 2373 680 γαμηκότων
2400 609 2875 678 αὐτοῖςὲμφυεῖσα
2907 606 3126 669 δούλους
3160 607 3267 660 τῶν
3305 607 3637 678 σωματικῶν

2044 700 2360 771 φροντίδων,
2395 695 2484 764 αἶς
2520 700 2750 762 ἑαυτοὺς
2798 699 3058 770 φέροντες
3109 699 3323 768 ἀλόγως
3366 700 3639 773 προσέδη-

2046 808 2144 844 σαν
2168 831 2182 856 ,
2225 790 2521 860 ὲπιψόγους
2560 793 2724 844 ποιεῖ.
2759 791 2995 844 Ἀτοπον
3041 792 3098 844 δὲ
3137 790 3472 863 παρθενικὺν
3519 791 3637 863 βίον

2043 882 2337 946 διώκοντας
2376 885 2490 946 τοῖς
2520 881 2630 935 τῶν
2656 881 2853 952 γάμων
2902 883 3215 953 μιμήμασιν
3249 882 3361 954 (69)
3391 884 3636 953 ἀνοήτως

2045 971 2415 1041 ὲμπλέκεσθαι
2437 990 2450 1002 ·
2481 973 2576 1025 καὶ
2616 973 3089 1042 προσποιουμένας
3117 976 3181 1044 τῇ
3216 974 3515 1046 κηδεμονίᾳ
3538 974 3635 1028 τοῦ

2045 1061 2281 1131 νυμφίου
2310 1062 2629 1135 ἀρκεῖσθαι,
2675 1061 2997 1134 ἀνθρώπους
3025 1063 3332 1133 κηδεμόνας
3360 1064 3455 1117 ἐπὶ
3483 1064 3637 1134 ψόγῳ

2047 1153 2255 1205 ἑαυτῶν
2285 1152 2677 1224 ὲταιρίζεσθαι.
2702 1154 2766 1206 Εἰ
2796 1153 2854 1206 δὲ
2882 1155 3015 1226 ἐρᾷς
3041 1155 3182 1209 κατά
3211 1155 3324 1226 (70)
3349 1156 3441 1208 τὸν
3467 1156 3639 1221 ὅντως

2045 1243 2336 1314 νοούμενον
2359 1244 2616 1315 ἐραστὴν,
2656 1243 2735 1296 τὰ·
2765 1245 2899 1299 ἄλλα
2930 1247 3106 1299 πάντα
3140 1247 3387 1317 παρορᾷν
3420 1246 3640 1310 πάντως

2046 1336 2300 1404 ὀφείλεις,
2334 1335 2503 1406 ἡδέως
2528 1336 2833 1407 ἀνεχομένη
2856 1337 2950 1390 καὶ
2969 1337 3151 1408 γυμνὴ
3191 1338 3284 1391 ἐπὶ
3316 1338 3553 1407 ἐδάφους
3580 1339 3642 1390 ὲν

2046 1426 2218 1496 ὁποίῳ
2250 1427 2451 1498 δήποτε
2492 1430 2733 1499 σχήματι
2774 1430 2967 1492 πενίας
2999 1430 3093 1483 τοῦ
3128 1430 3405 1501 ἐρωμένου
3431 1430 3643 1501 τυγχά-

2048 1537 2181 1583 νειν,
2214 1519 2247 1590 ἢ
2272 1519 2359 1573 διά
2383 1519 2442 1573 τὸ
2463 1520 2668 1585 ἀνέτως
2689 1521 2895 1575 ἐθέλειν
2924 1522 3072 1593 αὐτῷ
3097 1522 3383 1593 συμϐιοῦν,
3412 1523 3511 1576 καὶ
3540 1524 3642 1587 τὰς

2049 1611 2186 1684 πρὸς
2214 1611 2374 1665 τοῦτο
2401 1613 2590 1683 χρείας
2615 1614 2767 1685 παρά
2791 1614 2887 1667 ἀνθ
2898 1612 3091 1685 ρώπων
3110 1615 3346 1679 διώκειν,
3374 1615 3468 1668 τοῦ
3490 1615 3643 1670 θείου

2051 1707 2253 1779 ἔρωτος
2288 1708 2615 1779 ἀσχημόνως
2658 1709 2967 1761 ἐκπίπτειν.
3024 1708 3089 1761 Ἡ
3145 1708 3253 1778 γάρ
3307 1707 3644 1761 σπαταλῶσα

2050 1793 2338 1864 παρθένος,
2401 1794 2551 1859 ζῶσα
2614 1796 2866 1867 τέθνηκε.
2917 1796 3008 1868 Μὴ
3071 1797 3497 1869 βλασφημείσθω
3546 1793 3645 1852 οὖν

2050 1882 2202 1953 ὑμῶν
2231 1884 2342 1953 (71)
2382 1884 2443 1936 τὸ
2478 1883 2681 1952 ἀγαθὸν
2710 1885 2814 1955 τῆς
2849 1886 3148 1956 παρθενίας
3195 1887 3387 1957 ὄνομα,
3417 1887 3649 1958 ἀγάπης

2051 1978 2153 2046 τῆς
2187 1977 2453 2047 ἀχράντου
2496 1979 2723 2047 ὀνόματι
2765 1982 3051 2050 σαρκικοῖς
3081 1979 3311 2032 πάθεσιν
3342 1978 3644 2051 ὑϐριζόμε-

2048 2085 2156 2120 νον.
2198 2068 2272 2120 Ob
2307 2068 2416 2140 γάρ
2461 2070 2671 2141 ἐστινὴ
2722 2070 2911 2141 ἀγάπη
2957 2070 3198 2134 διάθεσις
3243 2069 3501 2134 ὕπουλος,
3544 2068 3647 2124 καὶ

2052 2158 2331 2227 μόρφωσις
2352 2159 2585 2223 εὐνοίας,
2617 2159 2712 2212 κα)⁵
2736 2159 2896 2230 ἡδονὴ
2921 2159 3270 2230 δουλουμένη,
3289 2159 3385 2213 καὶ
3417 2158 3644 2232 ζωώδης

2050 2249 2429 2318 προσπάθεια*
2483 2250 2620 2304 ἀλλὰ
2668 2252 2947 2320 σαρκικῶν
3006 2252 3314 2321 ἰδιωμάτων
3371 2250 3646 2314 ἀθόλωτος

2047 2337 2251 2400 εὔνοια,
2288 2340 2384 2392 καὶ
2405 2340 2596 2410 εἰρήνη
2623 2339 2834 2401 παθῶν,
2863 2340 2959 2392 καὶ
2974 2339 3247 2409 ἁγιασμὸς
3268 2339 3326 2390 ὲν
3359 2336 3645 2407 Πνεύματι

2047 2429 2207 2499 ἁγίῳ.
2239 2430 2302 2482 Εί
2327 2430 2384 2483 δὲ
2411 2430 2476 2483 δι’
2500 2431 2720 2503 ἀγάπην
2762 2433 2792 2484 ό
2819 2431 3045 2500 ἀδελψός
3086 2447 3179 2483 σου
3209 2430 3486 2493 λυπεῖται,
3512 2428 3646 2481 οὐκ·

2048 2522 2128 2575 ἐτι
2160 2521 2306 2576 κατά
2351 2522 2578 2595 ἀγάπην
2615 2525 2957 2594 περιπατεῖς.
2992 2521 3083 2592 Μὴ
3114 2524 3182 2592 τῇ
3243 2520 3434 2591 ἀγάπῃ
3471 2522 3540 2590 τῇ
3575 2520 3644 2590 σῇ

2053 2614 2292 2668 κατάλυε
2328 2614 2388 2668 τὸ
2420 2614 2580 2687 ἔργον
2602 2617 2703 2686 τ’ἧς
2729 2614 2899 2679 ὄντως
2935 2614 3157 2685 ἀγάπης
3175 2630 3188 2643 ·
3224 2612 3358 2684 μηδὲ
3388 2614 3455 2683 τῇ
3484 2609 3652 2680 ψευδ-

2047 2706 2249 2777 ωνύμῳ
2282 2707 2470 2778 ἀγάπῃ
2509 2708 2741 2761 ἀπόλλυε
2768 2708 2860 2761 τὸν
2902 2706 3153 2774 ἀδελφὸν,
3225 2706 3361 2776 πρὸς
3395 2703 3646 2775 κακοήθη

2050 2799 2305 2852 ὑπόνοιαν
2339 2799 2729 2866 σκανδαλίζων,
2783 2799 2850 2853 δι’
2876 2799 2935 2852 ὃν
2987 2800 3015 2851 ὁ
3063 2797 3302 2869 Χριστὸς
3342 2794 3645 2850 ἀπέθανεν.

2061 2891 2188 2945 Ἐάν
2221 2891 2304 2954 τίς
2335 2908 2394 2944 σε
2429 2891 2516 2963 ἴδη
2540 2892 2631 2945 τὸν
2659 2892 2857 2963 ἔχοντα
2888 2891 3093 2961 γνῶσιν
3120 2889 3215 2942 τοῦ
3246 2889 3417 2952 ὅντως
3476 2885 3648 2941 καλοῦ

2049 2982 2108 3034 ὲν
2162 2980 2417 3052 είδωλείῳ
2450 2983 2866 3053 κατακείμενον,
2895 2982 2990 3035 καὶ
3026 2982 3146 3034 ἀντὶ
3166 2981 3266 3050 τῆς
3291 2978 3532 3049 ἀληθοῦς
3554 2978 3652 3033 καὶ

2050 3074 2300 3145 καθαρᾶς
2335 3072 2624 3145 ἀφθορίας,
2674 3074 2735 3127 τὸ
2790 3074 3007 3127 εἴδωλον
3063 3072 3268 3143 ταύτης
3316 3073 3375 3124 ὲν
3429 3070 3651 3141 σώματι

2050 3166 2433 3229 κολακεύοντα,
2463 3166 2587 3237 οὐχὶ
2619 3167 2652 3237 ἡ
2689 3167 2998 3237 συνείδησις
3027 3164 3192 3219 αὐτοῦ
3237 3162 3471 3234 ἀσθενὴς
3512 3157 3653 3216 οὖσα

2052 3257 2360 3328 μολύνεται,
2406 3258 2500 3310 καὶ
2544 3257 3033 3328 οἰκοδομηθήσεται
3073 3259 3154 3319 είς
3178 3254 3239 3308 τὸ
3274 3254 3652 3325 καταθαρσεῐν

2045 3325 2146 3415 τῆς
2194 3348 2498 3418 ἀμαρτίας;
2544 3325 3309 3415 Οὕτω-δὲἰὶμαρτάνοντες
3357 3346 3448 3409 είς
3502 3342 3652 3410 τοὺς

2047 3427 2375 3507 ἀδελφοὺς,
2409 3438 2507 3493 καί
2543 3439 2871 3505 τύπτοντες
2910 3438 3111 3491 αὐτῶν
3136 3437 3251 3505 τὴν
3278 3435 3653 3505 συνείδησιν

2046 3529 2454 3595 ἀσθενοῦσαν,
2480 3532 2569 3595 είς
2597 3530 2858 3597 Χριστὸν
2894 3528 3283 3599 ἁμαρτάνετε.
3325 3530 3549 3598 Ardae!)
3596 3529 3653 3582 ει

2025 3622 2252 3693 ’βρῶμα
2277 3623 2657 3685 σκανδαλίζει
2686 3623 2791 3677 τὸν
2815 3622 3085 3691 ἀδελφόν
3098 3641 3240 3692 μου,
3264 3625 3336 3676 οὺ
3348 3621 3437 3691 μὴ
3469 3621 3648 3694 φάγω

2048 3715 2194 3782 κρέα
2241 3718 2329 3781 είς
2375 3716 2483 3769 τὸν
2530 3715 2737 3779 αιῶνα,
2784 3718 2885 3769 ἵνα
2925 3715 3012 3785 μὴ
3055 3716 3165 3769 τὸν
3211 3715 3484 3782 ἀδελφόν
3523 3732 3648 3784 μου

2047 3805 2459 3859 σκανδαλίσω.
2481 3806 2576 3874 Μὴ
2602 3810 2715 3860 οὐκ
2746 3806 2967 3876 ἔχομεν
2991 3806 3283 3870 ἐξουσίαν
3313 3804 3533 3875 φαγεῖν
3545 3803 3648 3859 καί

2046 3896 2206 3949 πιεῖν
2220 3912 2239 3959 ;
2268 3900 2325 3949 Μ
2330 3896 2362 3963 ἲι
2394 3897 2507 3948 οὐκ
2529 3896 2750 3965 ἔχομεν
2771 3895 3066 3960 ἐξουσίαν
3092 3894 3370 3964 ἀδελφὴν
3386 3893 3649 3964 γυναῖκα

2047 3987 2390 4058 περιάγειν;
2429 3987 2568 4039 Ἀλλ’
2601 3989 2662 4039 ού
2709 3987 2988 4058 κέχρημαι
3044 3990 3111 4058 τῇ
3162 3985 3379 4057 ἐξουσίᾳ
3422 3984 3602 4058 ταύτῃ
3627 4024 3646 4051 ,

2048 4081 2199 4152 φησί·
2222 4080 2383 4134 καλόν
2402 4098 2490 4151 μοι
2511 4079 2710 4149 μᾶλλον
2727 4079 3040 4142 ἀποθανεῖν,
3075 4080 3108 4150 ἢ
3139 4079 3201 4132 τὸ
3223 4078 3489 4149 καύχημά
3514 4097 3643 4149 μου,

2044 4172 2107 4225 τὺ
2134 4173 2231 4243 τῆς
2264 4172 2583 4243 παρθενίας,
2620 4171 2705 4225 ἵνα
2751 4189 2838 4235 τις
2879 4171 3113 4242 κενώσῃ.
3146 4169 3316 4237 Φυλὴ
3355 4166 3450 4223 οὖν
3496 4174 3650 4225 Λευτ

2048 4265 2178 4318 καθ’
2218 4263 2478 4332 ἑαυτὴν,
2514 4261 2613 4316 καὶ
2661 4264 2722 4316 al
2781 4263 3065 4332 γυναῖκες
3104 4260 3304 4316 αὐτῶν
3330 4262 3462 4316 καθ’
3495 4262 3644 4318 ἐαυ-

2048 4372 2176 4421 τας.

2122 4530 2213 4585 44.
2249 4530 2360 4583 Καὶ
2401 4532 2522 4601 οὐχὶ
2564 4530 2785 4601 ἀγαπᾷν
2826 4528 2915 4581 διὰ
2950 4528 3158 4582 τούτων
3201 4529 3331 4591 τοὺς
3372 4527 3642 4597 ἀδελφοὺς

2052 4623 2473 4696 ἀποτρέπομεν,
2530 4621 2666 4674 ἀλλά
2721 4621 2931 4683 πάντας
2973 4620 3073 4690 μὲν
3112 4619 3188 4682 ὡς
3239 4621 3643 4691 ὁμογαστρίους

2053 4713 2273 4782 ἀγαπᾷν
2305 4709 2731 4782 συγχωροῦμεν·
2782 4709 2878 4761 καὶ
2940 4710 3068 4772 τοὺς
3116 4708 3517 4779 όμογαστρίους
3582 4709 3642 4763 δὲ

2051 4805 2272 4875 ἀγαπᾷν
2317 4801 2573 4870 ἀσφαλῶς
2620 4800 3079 4871 συμϐουλεύομεν.
3129 4801 3257 4864 Δέος
3289 4801 3418 4871 γὰρ,
3455 4802 3530 4870 μὴ
3577 4804 3645 4855 ὲκ

2049 4896 2150 4965 τῆς
2166 4893 2451 4965 συνηθείας
2470 4891 2674 4946 καὶτοῦ
2695 4890 2929 4963 θάρσους
2951 4892 2983 4962 ἡ
2991 4891 3107 4961 μῶν
3124 4890 3378 4961 ἀφορμὴν
3396 4889 3642 4945 λαϐοῦσα

2053 4988 2087 5056 ἡ
2117 4984 2363 5056 ἁμαρτία
2390 4983 2800 5054 κατεργάσηται
2826 4984 2883 5035 ὲν
2922 4984 3054 5053 ἡμῖν
3087 4983 3267 5035 πᾶσαν
3315 4980 3637 5052 ἐπιθυμίαν.

2062 5078 2245 5149 Ἱκανὴ
2283 5077 2392 5150 γάρ
2438 5077 2588 5130 ἐστιν
2632 5079 2665 5148 ἡ
2701 5077 2968 5148 ἁμαρτία,
3009 5076 3104 5130 καὶ
3136 5075 3204 5129 δι’
3247 5075 3393 5145 ἁφῆς
3433 5077 3641 5148 χειρῶν

2052 5171 2311 5241 ἀδελφοῦ,
2358 5169 2453 5222 καὶ
2499 5169 2589 5233 διὰ
2635 5170 2955 5241 φιλόφρονος
3011 5167 3149 5232 τέως
3199 5168 3528 5239 φιλήματος,
3578 5168 3640 5223 τὸ

2053 5263 2309 5336 φρόνημα
2333 5265 2432 5334 τῆς
2467 5262 2669 5333 σαρκὸς
2696 5262 2831 5334 πρὸς
2858 5260 2928 5316 τά
2969 5261 3075 5315 ἴδια
3103 5259 3378 5331 λαθραίως
3402 5260 3635 5331 ἐγεῖραι,

431 5378 479 5410 ³⁵
503 5377 711 5453 μΙ-Τίιιι.
743 5397 797 5450 v,
821 5382 874 5437 6.
947 5384 994 5416 ³⁸
1029 5383 1046 5437 Ι
1080 5383 1210 5439 Cor.
1250 5398 1367 5451 vm,
1392 5380 1458 5439 10
1483 5390 1537 5438 et
1568 5395 1684 5453 seq.
1758 5381 1805 5414 ³⁷
1846 5380 1947 5436 ibid

2131 5379 2215 5433 13.
2291 5379 2339 5413 ’⁸
2364 5376 2384 5430 1
2406 5376 2534 5443 Cor,
2559 5392 2636 5441 tx,
2664 5375 2720 5441 4,
2756 5374 2810 5430 5.
2889 5375 2934 5409 “
2954 5375 3083 5430 ibid.
3112 5374 3202 5439 12,
3227 5373 3315 5429 15.
3392 5372 3439 5405 ³⁸
3465 5371 3632 5427 Zach.

360 5463 463 5514 xu,
497 5450 584 5505 15.

434 5560 548 5634 (69)
578 5561 966 5635 Mcpﬁyamr._
1002 5563 1095 5635 Alta
1140 5562 1486 5635 Colbertinus
1537 5571 1593 5635 et
1647 5577 1714 5618 ex
1760 5557 1946 5635 Regiis

360 5646 505 5706 unus
524 5632 628 5687 alia
655 5632 840 5706 manu.
876 5633 1040 5706 Editi,
1065 5634 1409 5706 τιμήμασιν,
1444 5634 1751 5706 nuptiarum
1776 5632 1946 5688 censi-

363 5701 486 5779 bus,
518 5711 578 5757 ut
599 5704 776 5761 reddit
802 5701 1369 5774 Combetisiu’y'stuite
1393 5703 1681 5772 implicari.

2127 5558 2241 5628 (70)
2266 5555 2449 5614 Κατά.
2499 5555 2816 5627 Ρτωροεὶιίο
2841 5552 3022 5610 addita
3055 5567 3123 5607 ex
3170 5551 3372 5609 Veneta
3398 5552 3637 5609 editione

2052 5639 2107 5686 et
2134 5638 2365 5686 quatuor
2390 5642 2518 5682 mss.

2134 5645 2365 5755 tylalllﬂl'
2390 5645 2518 5707 IPSS.
3133 5695 3144 5706 .
3176 5694 3189 5705 .
3341 5690 3368 5703 -

2127 5703 2147 5771 (
2192 5699 2240 5771 1),
2283 5696 2593 5792 Tuan-alta
2618 5711 2749 5759 mss.
2785 5704 3014 5774 septem.
3046 5693 3213 5760 Edm,
3254 5693 3439 5772 ἡμων,
