3802 6216
166 252 276 311 737
302 338 307 347 ι
1402 254 1603 315 LIBER
1641 258 1733 314 DE
1770 257 2235 316 V'lRGlNlTATE.
3340 260 3449 316 753

164 373 263 428 rat
294 372 432 435 τοὺς
456 367 565 443 τῆς
596 371 889 444 ἐπιθυμίας
902 372 1235 447 ὀφθαλμοὺς,
1265 375 1566 448 ὥσπερτοῦ
1603 375 1769 446 Ἀδὰμ

1884 376 2002 431 tatis
2027 375 2233 439 oculos,
2249 382 2396 429 velut
2422 373 2613 430 Adami
2643 382 2763 446 post
2795 389 3008 445 gusrum
3037 377 3345 446 voluptatis,
3377 379 3444 432 ad

170 462 313 535 μετὰ
349 464 456 532 τὴν
492 464 684 531 γεῦσιν
729 463 825 518 τοῦ
868 465 1115 537 ἧδοντος,
1167 467 1325 523 πλέον
1371 470 1453 531 εἰς
1501 468 1564 521 τὸ
1603 467 1769 523 κακὸν

1884 467 2074 523 malum
2116 466 2289 537 magis
2321 468 2549 537 aperiat.
2584 467 2724 536 Ergo
2747 471 2909 522 etiam
2942 469 3153 523 uterina
3180 484 3333 523 soror
3351 486 3448 525 nc-

168 552 457 617 διανοῖξαι.
491 553 702 608 Οὐκοῦν
725 556 819 609 καὶ
842 557 876 626 ή
910 556 1273 628 ὁμογάστριος
1310 556 1515 629 ἀδελφὴ
1538 556 1613 629 μὴ
1649 573 1773 610 συν-

173 643 313 715 εχῶς
339 643 497 714 ἀφῆς
533 645 627 699 καὶ
646 645 969 717 φιλημάτων
999 647 1092 700 τοῦ
1142 646 1373 715 ἀδελφοῦ
1403 647 1771 721 ἐμφορεῖσθω,

174 734 248 803 μὴ
283 734 399 786 ἀπὸ
430 734 543 803 τῆς
564 734 847 805 συνεχείας
875 733 953 804 τῷ
992 735 1169 807 χρόνῳ
1214 735 1351 806 (72),
1383 737 1549 807 φημὶ.
1602 735 1774 799 πάθος

175 824 308 893 φυὲν
336 823 626 896 ἀνακύψῃ,
660 825 755 878 καὶ
783 825 998 896 μάλισθ’
1029 828 1156 880 ὅταν
1193 824 1367 880 καὶτὸ
1394 826 1488 879 τοῦ
1524 824 1776 896 σώματος

174 913 372 977 κάλλος
412 914 522 977 τὰς
552 913 646 968 τοῦ
679 913 881 986 ἔρωτος
917 915 1206 986 λαμπάδας
1232 918 1291 971 ὲν
1326 919 1439 981 τοῖς
1475 916 1775 987 ὀφθαλμοῖς

175 1004 381 1060 τούτων
410 1006 510 1058 ἐπὶ
547 1004 710 1059 πλέον
737 1005 966 1078 ἐξάπτῃ.
986 1007 1101 1077 Τῆς
1127 1009 1233 1079 γὰρ
1265 1009 1330 1062 ἐκ
1355 1007 1548 1061 τούτου
1578 1007 1774 1078 φλογὸς

178 1098 271 1151 καὶ
300 1100 330 1152 ό
365 1096 577 1163 ἔξωθεν
610 1097 767 1166 λόγος
803 1099 1078 1168 ἀφέλκων,
1122 1098 1192 1152 τὰ
1222 1098 1331 1152 τῶν
1376 1097 1577 1164 καλῶν,
1616 1099 1771 1168 φησὶ,

180 1188 470 1259 φιλήματα
505 1189 877 1257 φυλάττεσθαι
913 1191 1011 1256 δεῖ,
1044 1191 1121 1255 ὡς
1166 1190 1235 1245 τὰ
1271 1191 1380 1244 τῶν
1421 1191 1639 1246 ἰοϐόλων
1681 1192 1775 1262 δή-

179 1297 386 1350 γματα.
428 1282 715 1352 Διαχεῖται
749 1282 875 1354 γὰρ,
922 1282 1109 1354 φησὶν,
1147 1286 1176 1336 ὁ
1212 1283 1289 1347 to;
1334 1285 1433 1356 τῆς
1463 1285 1656 1356 ἡδονῆς
1684 1284 1774 1338 διὰ

179 1371 270 1426 τοῦ
301 1371 621 1445 φιλήματος
651 1373 884 1427 καθόλου
925 1374 1019 1428 τοῦ
1061 1375 1329 1445 σώματος.
1386 1376 1502 1440 Διὸ,
1551 1375 1773 1430 Ἀσπά-

181 1465 384 1532 ξεσθε,
434 1469 637 1539 φησὶν,
673 1466 987 1534 ἀλλήλους
1027 1466 1097 1519 ἐν
1138 1468 1284 1536 ἁγίῳ
1329 1467 1653 1537 φιλήματι·
1685 1462 1773 1520 οἷα

182 1562 317 1630 πνοῇ
342 1558 459 1630 (75)
488 1558 585 1613 τοῦ
617 1558 923 1629 φιλήματος
945 1559 1043 1629 τῆς
1072 1558 1273 1630 σαρκὸς
1310 1559 1369 1612 ὲν
1392 1562 1459 1629 τῇ
1488 1559 1583 1611 τοῦ
1612 1558 1772 1627 ἁγίου

184 1649 509 1720 Πνεύματος
547 1649 764 1721 καθαρᾷ
801 1649 1023 1720 εὐωδίᾳ,
1076 1649 1251 1702 ταῦτα
1295 1648 1548 1719 ἀλλήλοις
1597 1649 1773 1719 ἁρμό-

186 1739 391 1805 ζοντες.

252 1832 338 1886 45.
365 1831 444 1885 Οὐ
485 1830 757 1902 μεμπτέοι
783 1829 861 1894 δὲ,
888 1826 1063 1901 οἶμαι,
1108 1830 1202 1883 καὶ
1226 1830 1303 1891 εἰς
1322 1829 1481 1882 τοῦτο
1503 1830 1602 1900 τῆς
1622 1831 1780 1900 ἀκριο

185 1914 335 1979 θείας
358 1916 450 1970 διὰ
483 1917 546 1971 τὸ
579 1916 813 1989 ἄμωμον
843 1917 944 1986 τῆς
981 1916 1252 1988 παρθένου
1280 1917 1546 1980 ἐλθόντες.
1582 1919 1645 1971 El
1679 1918 1777 1988 μὲν

187 2007 291 2078 γὰρ
314 2008 390 2078 μὴ
422 2008 685 2077 φθάσασα
748 2009 852 2079 ἥδη
884 2011 917 2079 ἡ
944 2007 1208 2080 ἁμαρτία,
1246 2008 1315 2061 τὰ
1354 2009 1551 2079 ἑαυτῆς
1584 2009 1780 2062 παλαί-

187 2111 365 2167 σματα
387 2101 447 2152 ὲν
467 2102 586 2163 τοῖς
612 2098 927 2168 προσώποις
953 2100 1167 2163 τούτοις
1195 2099 1338 2153 κατὰ
1364 2101 1456 2153 τὸν
1480 2099 1594 2170 βίον
1620 2101 1778 2172 ἡμῶν

187 2189 608 2262 ὲκαινούργησε,
643 2193 738 2244 καὶ
780 2190 844 2263 δὴ
878 2190 1142 2262 μέμψεως
1183 2190 1248 2246 ἂν
1278 2187 1421 2262 ἦμεν
1456 2191 1586 2255 ἴσως
1627 2192 1779 2265 παρά

187 2297 320 2335 τισιν
349 2283 493 2350 ἄξιοι
512 2324 530 2351 ,
554 2282 645 2346 ’ὡς
671 2284 800 2354 ἄχρι
831 2281 1023 2336 τούτου
1052 2283 1143 2337 τὸν
1179 2281 1336 2352 λόγον
1377 2283 1774 2354 γυμνάσαντες.

192 2368 247 2424 El
283 2371 339 2425 δὲ
387 2374 501 2426 πᾶν
554 2367 697 2435 εἶδος
741 2370 1016 2442 ἁμαρτίας
1065 2373 1209 2426 κατά
1262 2389 1323 2425 τε
1378 2373 1630 2445 μητέρων
1683 2375 1779 2428 καὶ

189 2462 505 2535 θυγατέρων
560 2463 650 2517 διὰ
701 2463 810 2517 τῶν
868 2463 1070 2535 σαρκὸς
1129 2464 1330 2535 ἡδονῶν
1383 2466 1777 2537 καινοτομῆσαι

190 2551 466 2623 ἐξίσχυσεν
515 2553 730 2627 (ὥσπερ
775 2551 868 2609 οὖν
912 2555 1007 2607 καὶ
1048 2555 1141 2608 τὸν
1188 2555 1299 2627 (74)
1340 2555 1553 2625 Ἀμνὼν
1586 2558 1677 2611 ἐπὶ
1709 2562 1775 2631 τῇ

192 2641 362 2715 φθορᾷ
381 2644 485 2714 τῆς
502 2643 741 2715 ἀδελφῆς
766 2645 1191 2716 ἐστηλίτευσεν),
1208 2647 1308 2699 οὐκ
1328 2645 1468 2711 ἄξιοι
1496 2647 1775 2719 μέμψεως,

191 2727 360 2803 οἶμαι,
391 2737 442 2787 οἱ
472 2736 559 2799 είς
600 2735 662 2788 τδ
689 2736 957 2807 ἄχραντον
988 2737 1089 2807 τῆς
1125 2736 1403 2808 παρθένου
1440 2741 1534 2793 καὶ
1571 2739 1778 2811 ταύτην

193 2826 285 2898 τὴν
321 2827 686 2899 προφυλακὴν
743 2828 1142 2900 εἰσηγούμενοι.
1208 2829 1396 2893 Ὀλκὸς
1459 2829 1572 2900 (75)
1634 2831 1775 2901 γὰρ,

195 2918 354 2989 φημὶ,
398 2921 432 2990 ἡ
473 2918 759 2973 ἐντεθεῖσα
801 2918 897 2972 τοῦ
945 2918 1170 2992 φίλτρου
1213 2922 1328 2984 τοῖς
1376 2920 1485 2974 τῶν
1531 2920 1777 2992 ἀρρένων

196 3010 403 3081 σώμασι
435 3012 576 3084 πρὸς
619 3010 689 3065 τὰ
723 3011 890 3083 θήλεα
914 3012 1174 3084 δύναμις,
1211 3013 1427 3068 πάντων
1464 3014 1777 3086 ἀλογήσασα

1875 574 2143 629 quaquam
2179 559 2397 614 assidue
2445 568 2590 614 taetu
2627 570 2682 613 et
2729 560 2928 616 osculis
2968 560 3154 617 fratris
3198 563 3448 625 satietur.

1874 666 1944 706 ne
1988 665 2054 706 ex
2104 651 2515 717 consuetudine,
2547 653 2803 720 temporis
2853 666 3174 721 progressu,
3224 668 3450 707 nascens

1875 743 2061 796 vitium
2095 755 2219 796 sese
2248 741 2740 803 exserat,maxime
2765 757 2889 796 cum
2919 742 3164 810 corporis
3194 753 3452 796 venustas

1874 833 2075 886 amoris
2099 831 2245 886 faces
2272 831 2324 883 in
2359 829 2531 884 oculis
2579 845 2767 884 eorum
2821 830 2994 899 magis
3023 830 3289 885 accendit.
3315 830 3449 885 Nam

1875 927 1943 980 ab
1971 923 2235 991 ejusmodi
2264 923 2478 976 (lanima
2507 922 2670 976 etiam
2692 921 2916 992 profana
2946 922 3226 977 retrahens
3252 923 3453 977 doctri-

1876 1031 1969 1079 na,
2010 1015 2382 1085 pulchrorum,
2412 1014 2609 1084 inquit,
2654 1012 2838 1067 oscula
2869 1021 2995 1066 sunt
3042 1013 3301 1077 cavenda,
3336 1024 3453 1066 tan-

1874 1123 2035 1178 quam
2095 1115 2482 1161 venenatorum
2523 1105 2834 1159 animalium
2878 1119 3109 1160 morsus.
3155 1103 3230 1159 Ex
3273 1104 3454 1159 osculo

1874 1196 2259 1266 cnim,inquil,
2281 1193 2601 1250 diffunditur
2629 1209 2897 1249 venenum
2932 1193 3221 1263 voluptatis
3253 1208 3347 1262 per
3373 1203 3454 1247 to-

1878 1300 1987 1344 tum
2016 1304 2231 1357 corpus.
2259 1286 2582 1356 PrOpterea,
2613 1284 2877 1352 Salutate,
2909 1286 3105 1355 inquit.
3131 1284 3351 1340 invicem
3394 1285 3452 1336 in

1875 1382 2053 1439 osculo
2094 1392 2274 1437 sancto
2314 1382 2357 1414 ³¹
2381 1422 2397 1448 ,
2440 1380 2603 1435 veluti
2639 1391 2783 1435 statu
2810 1380 3042 1436 carnalis
3086 1380 3257 1436 osculi
3288 1379 3455 1451 658

1875 1472 1928 1525 in
1960 1486 2093 1540 pura
2115 1470 2353 1540 Spiritus
2384 1469 2555 1524 sancti
2596 1467 2891 1538 fragrantia
2926 1468 3038 1523 hmo
3062 1468 3203 1539 inter
3227 1482 3286 1523 se
3324 1483 3456 1523 con-

1870 1563 2176 1634 iungentes.

1808 1741 1859 1798 Β

1948 1822 2040 1878 45.
2076 1821 2527 1893 Reprehendendi
2591 1832 2807 1888 autem,
2852 1822 3060 1893 opinor,
3117 1837 3457 1893 nequaquam

1879 1928 2087 1977 sumus,
2114 1914 2255 1983 quod
2284 1928 2349 1968 eo
2378 1929 2547 1983 usque
2577 1913 2934 1984 diligentiam,
2956 1913 3283 1983 virginitatis
3323 1914 3461 1967 inte-

1878 2005 2058 2075 gritati
2092 2005 2470 2073 consulentes,
2504 2007 2884 2076 perducamus.
2937 2006 3070 2060 Nam
3121 2006 3164 2060 si
3216 2021 3321 2060 non
3345 2005 3458 2074 jam

1880 2096 2244 2166 praecessisset
2287 2109 2605 2167 peccatum,
2639 2114 2741 2153 nec
2784 2114 2881 2152 sua
2934 2097 3223 2153 luctamina
3263 2099 3317 2153 in
3374 2098 3461 2153 his

1879 2189 2126 2259 personis
2178 2190 2436 2245 adversus
2488 2190 2649 2244 vitam
2708 2198 2947 2245 nostram
3008 2191 3457 2260 deprompsisset,

1880 2282 2111 2336 fortasse
2155 2282 2575 2352 reprehensione
2625 2281 2770 2352 digni
2804 2281 2944 2349 apud
2980 2280 3262 2335 nonnullos
3309 2295 3457 2335 esse-

1880 2388 2027 2440 mus,’
2047 2374 2188 2443 quod
2221 2388 2287 2430 eo
2327 2388 2502 2443 usque
2533 2387 2841 2428 sermonem
2891 2372 3314 2428 exercuerimus.
3352 2371 3458 2426 Sed

1878 2464 1922 2519 si
1947 2480 2163 2519 omnem
2198 2464 2403 2534 peccati
2447 2464 2680 2535 speciem
2717 2463 2770 2516 in
2815 2471 3017 2517 matres
3042 2472 3094 2516 et
3126 2477 3340 2518 sorores
3366 2477 3461 2531 per

1879 2556 2060 2611 carnis
2111 2556 2416 2627 voluptates
2458 2558 2619 2612 edere
2674 2556 2848 2626 potuit
2889 2555 3358 2624 (quemadmodum
3407 2565 3463 2610 et

1877 2650 2088 2703 Amnon
2117 2649 2163 2681 ³³
2183 2649 2253 2704 ob
2282 2657 2528 2719 stuprum
2562 2648 2771 2703 sororis
2790 2646 3027 2702 infamia:
3053 2648 3195 2703 notis
3220 2648 3458 2720 inussit),

1881 2740 2323 2810 reprehensione,
2374 2739 2587 2810 opinor,
2615 2740 2761 2812 digni
2806 2754 2914 2795 non
2961 2755 3182 2805 sumus,
3214 2744 3358 2811 quod
3392 2742 3460 2796 ad

1878 2833 2104 2903 virginis
2130 2833 2494 2904 integritatem
2521 2833 2660 2887 hanc
2689 2833 2855 2887 etiam
2886 2832 3195 2888 cautionem
3237 2832 3460 2887 induca-

1880 2937 2018 2978 mus.
2071 2921 2217 2977 Satis
2267 2924 2415 2978 enim
2468 2924 2762 2978 vehemens
2811 2932 2916 2988 est,
2961 2924 3203 2994 inquam,
3264 2923 3459 2977 insitus

1879 3013 2083 3068 amoris
2108 3016 2423 3083 corporibus
2470 3015 2837 3070 masculorum
2873 3015 2927 3068 in
2961 3013 3187 3069 feminas
3214 3015 3458 3081 aculeus,

197 3101 445 3173 κρίσεων,
478 3081 788 3175 αὐτόματα,
818 3103 893 3167 ὡς
921 3103 987 3158 ἂν
1017 3081 1163 3158 εῖποι
1192 3120 1296 3168 τις,
1332 3104 1525 3170 ταῦτα,
1561 3081 1656 3159 διαὶ
1680 3106 1769 3158 ἀν-

1884 3115 1941 3158 ut
1969 3118 2033 3159 ea
2069 3104 2210 3161 inter
2244 3121 2324 3171 se,
2357 3107 2609 3161 omnibus
2635 3106 2961 3175 contemptis
2985 3104 3218 3174 iudiciis.
3253 3121 3370 3169 sua,
3401 3114 3461 3161 ut

197 3196 528 3250 τιτεινόντων
553 3195 767 3250 ἔνδοθεν
797 3196 908 3250 τῶν
934 3195 1232 3266 λογισμῶν,
1251 3196 1503 3267 ἀλλήλοις
1536 3195 1778 3267 συμπλέ-

198 3281 297 3346 ξαι.
328 3287 449 3340 Ὅτι
485 3286 657 3358 θήλεα
686 3287 785 3358 μὲν
815 3287 1023 3359 θηλέων
1056 3287 1339 3359 ἁπτόμενα
1360 3288 1659 3359 σωμάτων,
1685 3287 1779 3341 καὶ

200 3374 397 3447 ἄρρενα
426 3378 602 3431 πάλιν
635 3378 905 3452 ἀρρένων,
938 3379 1203 3449 ἀκίνητον
1238 3378 1350 3448 ἔχει
1401 3378 1502 3449 τὴν
1543 3377 1778 3449 φυσικὴν

203 3466 326 3535 πρὸς
351 3466 559 3539 ἄλληλα
586 3467 772 3538 σχέσιν
790 3485 805 3500 ο
835 3467 974 3538 πλὴν
1002 3470 1050 3521 εἰ
1092 3468 1167 3539 μή
1196 3485 1280 3531 τις
1307 3465 1450 3520 κατὰ
1477 3468 1779 3536 φαντασίαν

200 3555 287 3609 τοῦ
319 3559 455 3630 πρὸς
478 3560 538 3614 ὃν
572 3559 715 3613 κατὰ
749 3559 911 3629 φύσιν
930 3561 1029 3632 τὴν
1060 3559 1333 3631 ἐρωτικὴν
1359 3558 1575 3630 κίνησιν
1595 3558 1774 3624 ἔλαϐε,

202 3648 292 3721 τὴν
327 3653 548 3723 μνήμην
582 3650 989 3723 ἐρεθιζόμενος,
1017 3652 1110 3705 καὶ
1140 3651 1281 3721 πρὸς
1315 3650 1377 3702 τὸ
1407 3649 1684 3722 ἀλλότριον
1709 3654 1776 3722 τῇ

203 3743 375 3813 σχέσει
395 3746 616 3818 οἴστρου
635 3743 731 3797 τοῦ
753 3744 891 3815 πρὸς
910 3743 971 3796 τὸ
985 3745 1185 3796 οἰκεῖον
1206 3744 1615 3815 παρανομήσειε
1640 3742 1774 3813 (76).

203 3831 339 3904 Θῆλυ
372 3836 430 3889 δὲ
466 3837 627 3907 σῶμα
654 3836 748 3890 τοῦ
769 3836 999 3907 ἄρρενος
1021 3835 1416 3906 ἐφαπτόμενον,
1445 3834 1540 3889 καὶ
1562 3836 1775 3889 ἀνάπα-

204 3923 283 3980 λιν
308 3927 400 3982 τοῦ
430 3928 624 3999 θήλεος
656 3925 812 3991 αὖθις
823 3927 884 3980 τὸ
900 3928 1087 4000 ἄρρεν,
1115 3926 1215 3981 κᾶν
1236 3928 1293 3980 αἱ
1323 3929 1381 3980 ὲν
1404 3928 1588 3990 αὐτοῖς
1605 3926 1777 3996 ψυχαὶ

205 4013 470 4089 λογισμοῖς
501 4017 675 4072 ταῦτα
708 4018 1070 4089 ὰφορμήσωσι
1095 4016 1387 4089 (77),πρὸς
1409 4016 1508 4087 τὴν
1539 4015 1776 4086 συμπλοσ

206 4109 299 4180 κὴν
323 4112 471 4182 ὅμως
502 4111 596 4166 ὑπ’
630 4110 878 4181 ἀλλήλων
906 4107 1049 4163 κατὰ
1088 4109 1151 4163 τὸ
1191 4107 1416 4179 λεληθὸς
1447 4106 1772 4179 ἐρεθίζεται.

207 4201 309 4254 Καὶ
346 4202 478 4256 ὡσεὶ
518 4204 815 4256 στυππεῖον
852 4200 951 4272 μὲν
1000 4201 1302 4254 στυππείου
1348 4199 1646 4270 ἁψάμενον,
1679 4198 1775 4252 καὶ

208 4289 309 4363 πῦρ
330 4289 485 4357 αὖθις
527 4292 782 4365 λαμπρὸν
812 4292 985 4363 πυρὸς
1017 4290 1285 4364 καθαροῦ,
1325 4291 1386 4343 οὐ
1418 4290 1736 4354 καπνίζεται
1756 4307 1769 4320 ο

1882 3195 1956 3248 ita
1981 3195 2191 3258 dicam;
2209 3205 2430 3265 sponte,
2460 3196 2624 3250 etiam
2656 3195 3045 3250 reluctantibus
3082 3195 3227 3249 intus
3255 3197 3461 3263 cogita-

1882 3286 2136 3352 tionibus,
2163 3297 2468 3341 connectat.
2500 3288 2579 3342 Ac
2617 3287 2830 3341 feminas
2853 3288 3070 3357 quidem
3121 3289 3245 3343 dum
3298 3289 3456 3343 femi-

1880 3392 2068 3431 narum
2101 3386 2328 3447 tangunt
2368 3392 2617 3445 corpora,
2656 3394 2720 3432 ac
2765 3393 2954 3433 rursus
2989 3380 3209 3434 masculi
3237 3395 3457 3435 mascu-

1879 3468 2075 3534 lorum,
2111 3468 2442 3523 immobilem
2466 3468 2668 3524 habent
2699 3470 3003 3524 naturalem
3036 3472 3179 3525 intcr
3207 3486 3267 3527 se
3304 3472 3455 3526 habi-

1878 3561 2155 3626 tudinem;
2196 3561 2466 3631 nisiquis,
2517 3562 2643 3616 dum
2694 3561 2810 3630 ejus
2857 3564 3117 3618 memoria
3162 3563 3455 3619 secundum

1879 3651 2320 3720 imaginationem
2384 3653 2550 3718 illius,
2586 3653 2642 3708 in
2689 3669 2850 3724 quem
2896 3655 3196 3710 naturalem
3248 3656 3457 3723 accepit

1878 3743 2078 3798 amoris
2112 3753 2342 3807 motum,
2391 3747 2666 3816 pungitur,
2711 3746 2875 3801 etiam
2908 3746 2961 3800 in
3000 3746 3255 3811 alienum,
3286 3759 3456 3800 (esu-0

1879 3837 1945 3891 ad
1974 3837 2026 3890 id
2057 3837 2199 3906 quod
2226 3837 2328 3892 sibi
2380 3838 2635 3893 convenit
2661 3838 2792 3894 dato
2823 3838 3072 3905 sceleste,
3112 3848 3317 3893 utatur.
3350 3837 3456 3895 Sed

1881 3925 2105 3990 femina,
2130 3926 2256 3980 dum
2284 3940 2480 3993 corpus
2523 3927 2695 3999 tangit
2728 3929 2976 3994 masculi,
3016 3939 3108 3983 aut
3145 3944 3332 3984 rursus
3384 3928 3454 3982 fe-

1879 4017 2039 4070 mina:
2068 4017 2362 4085 masculus,
2390 4018 2639 4086 quamvis
2672 4032 2860 4073 eorum
2889 4020 3082 4074 anima:
3112 4019 3456 4090 cogitationi-

1876 4108 1978 4164 bus
2000 4109 2115 4164 hasc
2142 4110 2532 4177 communiant,
2566 4119 2746 4166 tamen
2775 4126 2804 4164 a
2832 4125 2894 4166 se
2936 4111 3166 4166 invicem
3204 4111 3272 4165 ad
3301 4126 3456 4166 com-

1876 4199 2089 4268 plexum
2114 4215 2313 4256 arcano
2334 4203 2493 4261 modo
2516 4202 2883 4257 stimulantur.
2909 4202 2974 4256 Et
3003 4203 3455 4272 quemadmodum

1876 4299 2067 4361 stuppa
2092 4292 2220 4346 dum
2265 4301 2515 4362 stuppam
2547 4293 2784 4363 attingit,
2812 4304 2906 4347 aut
2935 4308 3120 4348 rursus
3160 4292 3301 4363 ignis
3332 4295 3457 4346 ruti-

209 4386 492 4443 στυππεῖον
547 4384 605 4438 δὲ
655 4383 829 4453 πυρὸς
874 4381 1179 4454 ὀσφρανθὲν
1209 4382 1419 4452 ταχέως
1449 4381 1769 4444 ἀνάπτεται,

1884 4383 1991 4437 lans
2009 4399 2200 4453 purum
2230 4385 2432 4455 ignem,
2451 4385 2657 4439 fumum
2679 4387 2903 4441 minime
2930 4389 3237 4452 concitant;
3262 4396 3454 4455 stuppa

211 4472 291 4525 ml.
308 4477 368 4528 οὐ
388 4476 548 4547 χρεία
597 4475 799 4545 πολλῆς
845 4476 1132 4547 ὲργωδίας,
1183 4473 1307 4529 οὔτε
1345 4475 1489 4538 τινὸς
1524 4472 1619 4527 τοῦ
1666 4476 1769 4544 ὲμ-

209 4565 443 4631 πνέοντος
459 4567 678 4632 ἔξωθεν,
716 4568 802 4621 ἴνα
832 4567 892 4621 τὸ
930 4569 995 4620 ἐκ
1030 4566 1126 4619 τοῦ
1158 4566 1457 4620 στυππείου
1499 4565 1610 4636 πῦρ
1644 4566 1773 4618 ἁνα-

210 4653 414 4730 λάμψῃ,
458 4658 595 4712 ἀλλὰ
631 4658 791 4730 μόνον
832 4675 893 4711 τε
940 4657 1284 4728 συνεπλάκη,
1330 4659 1424 4711 καὶ
1463 4656 1625 4721 εὐθὺς
1656 4655 1770 4726 ἔχει

275 4835 315 4867 ⁸¹
350 4836 536 4893 lPetr.
572 4838 737 4905 uti.
812 4836 917 4893 "ll
947 4837 1078 4908 Reg.
1114 4853 1235 4903 xm,
1285 4837 1366 4892 l4.
1406 4851 1507 4906 sqq

217 4988 379 5113 wn(’72)
411 4994 495 5061 Τῷ
537 4992 756 5065 χρόνῳ.
816 4993 933 5051 Non
981 4993 1121 5049 male
1154 4992 1289 5064 Reg.
1316 4990 1479 5055 2879,
1515 4989 1610 5043 τοῦ
1640 4988 1769 5062 χρό-

238 5197 250 5210 ’
274 5131 376 5203 (75)
396 5133 577 5210 ῌιςοῇ.
606 5135 682 5190 lta
706 5133 1048 5210 colbertinus
1074 5143 1129 5187 et
1154 5147 1293 5210 unus
1316 5146 1383 5187 ex
1412 5130 1616 5202 Regiis.
1639 5129 1769 5185 Edi-

220 5203 445 5275 (Lintea.
472 5203 725 5262 Libenter
754 5203 1011 5274 legerem,
1043 5203 1238 5275 πνοήν.

281 5268 384 5341 (74)
413 5268 545 5332 Τόν.
608 5268 883 5331 Αιιίιειιιῖιε
912 5268 1127 5329 additus
1158 5268 1225 5326 ex
1280 5272 1484 5327 Veneta
1533 5269 1769 5325 editione

217 5345 265 5389 et
288 5356 372 5396 sex
405 5359 530 5399 mss.

279 5408 397 5482 (75),
424 5412 644 5481 Ὀλκός.
683 5413 863 5469 Codex
912 5411 1198 5478 Mazarin.,
1230 5411 1413 5482 ἱκανή.
1440 5408 1562 5464 Mox
1593 5408 1765 5482 codex

221 5478 826 5557 feceritiongombelisq
865 5483 1203 5557 ἀλογήσασα,
1247 5478 1518 5557 κρείσσων
1548 5479 1641 5533 καὶ
1670 5478 1767 5557 θη-

219 5540 362 5663 ἒίῒεδνι
417 5552 544 5607 nihil
600 5570 708 5610 non
762 5540 1037 5622 spernens;
1102 5540 1638 5622 etiem'feminarum
1686 5540 1735 5604 υἱ

289 5630 359 5663 II-

220 5627 359 5671 ειιιπ.

284 5684 384 5758 (⁷6)
414 5693 880 5764 Παρανομήσειε.
936 5693 1062 5753 Ilaec
1095 5692 1357 5763 scriptura
1394 5688 1598 5765 ﬁnititur
1631 5702 1738 5761 qua

1879 4489 2006 4529 vero
2040 4475 2085 4529 si
2131 4476 2307 4546 ignem
2349 4477 2626 4544 adoretur,
2659 4477 2769 4531 cito
2818 4477 3154 4541 accenditur,
3186 4490 3286 4531 nec
3322 4491 3456 4544 opus

1877 4575 1960 4620 est
2006 4566 2174 4620 multo
2231 4567 2437 4635 labore,
2486 4583 2585 4623 nec
2630 4570 2954 4639 quaerendus
2990 4569 3080 4637 qui
3116 4568 3455 4622 extrinsecus

1880 4655 2134 4723 insulllet,
2164 4667 2222 4713 ut
2255 4673 2321 4713 ex
2362 4666 2556 4729 stuppa
2595 4660 2734 4730 ignis
2772 4659 3069 4731 refulgeat;
3105 4657 3200 4715 sed
3249 4667 3455 4714 tantum

1875 4985 2297 5058 tuorrcodici‘hus
2331 5000 2462 5058 mss.
2494 4985 2659 5058 Editi.
2689 4990 3093 5058 παρανομήσει.

1941 5057 2054 5130 (77.)
2096 5054 2289 5130 Ταῦτα
2325 5054 3096 5130 ἀφορμήσῳσι.ἰἰεείίιίιειθ
3129 5055 3290 5130 malui
3320 5058 3452 5112 scri-

1872 5124 2085 5199 pturam
2154 5124 2693 5199 Venetteeditionis,
2746 5127 2980 5199 inqua‘
3012 5127 3127 5181 tunc
3176 5126 3450 5199 leguntur,

1912 5213 2031 5251 nam
2062 5196 2213 5264 sequi
2238 5194 2620 5266 Parisiensem,
2647 5211 2768 5266 quae
2794 5194 3058 5252 sic'habet
3081 5214 3094 5249 :
3119 5194 3326 5251 τούτων
3352 5197 3452 5250 οὐκ

1912 5215 2031 5251 nam
2062 5215 2213 5264 sequi
2239 5215 2620 5262 rartsrensem,
2647 5215 2768 5266 quae
2794 5215 2871 5252 sic
2894 5215 3058 5251 uane:
3081 5215 3094 5249 :
3119 5215 3326 5251 τουτων
3352 5215 3451 5250 ουκ

1870 5215 2254 5340 ἔφορμήσωσι.
2279 5265 2523 5330 Videtur,
2547 5276 2605 5320 ut
2630 5267 2682 5320 in
2709 5268 2948 5321 editione
2984 5266 3208 5330 Veneta,
3255 5266 3451 5335 legisse

1870 5339 2212 5394 Ambrosius.
2242 5335 2335 5390 Sic
2362 5336 2504 5390 enim
2534 5336 2706 5390 reddit
2740 5355 2753 5390 :
2798 5335 3095 5401 Quamlibet
3138 5336 3248 5389 luat:
3274 5336 3449 5389 insita:

1870 5408 1977 5462 illis
2012 5409 2205 5460 anima:
2238 5406 2439 5458 ratione
2465 5405 2819 5459 moderentur.
2868 5404 3018 5460 Unus
3053 5421 3119 5459 ex
3155 5405 3334 5474 Regiis
3366 5419 3447 5457 co-

1872 5477 2103 5543 dicibus,
2150 5474 2324 5547 ταῦτα
2361 5474 2758 5547 φαρμάσσωσι,
2792 5474 2926 5547 Haec
2944 5485 3261 5547 temperent.
3289 5474 3447 5547 largi—

1875 5557 1963 5602 tur
2000 5542 2164 5600 etiam
2220 5542 2396 5598 ταῢτα
2424 5542 2490 5599 iit
2506 5546 2692 5599 codice
2726 5543 2859 5614 Reg.
2899 5542 3073 5614 2879.
3107 5543 3277 5614 [labet
3305 5542 3446 5614 idem

1875 5616 2064 5682 codex,
2098 5617 2156 5668 ὲν
2185 5614 2398 5678 ἑαυτοῖς
2444 5616 2555 5686 τοῖς
2577 5614 2675 5685 τῆς
2706 5612 2886 5685 ψυχῆς
2926 5613 3226 5686 λογισμοῖς,
3256 5612 3446 5682 legitur

1873 5688 2058 5756 etiam,
2096 5687 2151 5744 ὲν
2176 5686 2410 5754 ἑαυτοῖς,
2442 5685 2495 5745 in
2522 5686 2755 5742 editione
2789 5685 3005 5741 Veneta.
