3802 6216
376 244 487 328 759
1334 249 2008 309 APPENDIX'OPERUM
2045 251 2104 308 S.
2144 252 2390 310 BASILII
2429 251 2667 309 MAGNI.
3542 250 3647 309 760

376 364 596 417 admota
618 371 724 432 est,
754 379 820 420 ac
876 363 1058 421 statim
1102 364 1353 421 ﬂammas
1395 365 1557 421 habet
1610 365 1877 423 relucente

2141 371 2402 442 ιινομένας
2433 369 2532 434 τὰς
2573 368 2808 440 φλόγαςυ
2861 366 3004 421 οὕτω
3032 365 3095 420 τὸ
3149 365 3284 437 θῆλυ
3339 366 3501 439 σῶμα
3547 369 3642 426 τοῦ

375 456 458 510 sic
489 442 782 511 femineum
836 471 1055 526 corpus,
1100 457 1225 511 dum
1277 458 1577 512 masculum
1619 458 1811 528 tangit,
1851 475 1876 512 n

2142 463 2287 533 ῥενος
2336 463 2711 533 ἐφαπτόμενον
2751 461 2811 515 οὐ
2847 460 3038 532 χρείαν
3074 459 3186 529 ἔχει
3220 460 3425 530 πολλῆς
3470 463 3643 533 ἐργω-

378 548 546 601 mnlto
586 547 788 618 indiget
819 547 1021 612 labore,
1055 562 1153 602 nec
1179 547 1484 605 insumaute
1517 550 1583 603 ad
1613 551 1879 605 concubitt

2139 571 2203 617 νς,
2243 553 2367 606 οὔτε
2408 552 2503 607 τοῦ
2545 553 2680 623 πρὸς
2710 552 2807 623 τὴν
2856 552 3000 622 μίξιν
3039 551 3368 621 ἐμπνέοντος
3397 550 3640 622 ἔρωτος·

375 653 578 702 arnore,
611 638 704 694 sed
732 654 855 694 cum
885 639 1182 694 naturalem
1217 641 1452 694 habeant
1485 642 1626 695 inter
1650 658 1710 697 se
1745 642 1864 696 habi

2138 645 2192 699 ιά
2216 644 2314 716 τὴν
2338 645 2573 717 φυσικὴν
2603 645 2794 716 ἔχοντα
2817 643 2954 715 πρὸς
2979 642 3184 712 ἄλληλα
3216 643 3425 713 σχέσιν,
3444 643 3562 713 ἅμα
3583 660 3639 696 τε

374 731 576 799 dinem,
609 732 791 786 statim
842 748 908 787 ac
950 748 1010 788 se
1057 734 1396 804 contingunt,
1436 750 1718 790 accensam
1754 737 1875 791 habt

2139 754 2254 801 ατο,
2283 739 2378 790 καὶ
2398 737 2600 800 εὐθέως
2630 736 2742 807 ἔχει
2771 735 3132 805 ἐντυφόμενον
3162 734 3303 787 κατὰ
3329 734 3390 786 τὸ
3416 733 3639 806 λεληθὸς

371 836 574 876 arcano
598 822 758 877 modo
800 822 1093 893 voluptatis
1137 824 1453 879 scintillam.
1484 824 1842 895 Quapropter,

2137 848 2152 893 ;
2183 830 2376 901 ἡδονῆς
2390 830 2482 883 τὸν
2510 830 2799 901 σπινθῆρα.
2831 828 2929 880 Διὰ
2952 826 3130 891 τοῦτο,
3163 826 3353 896 φησὶν,
3393 825 3638 894 Ἁποδή-

371 915 508 982 quit,
549 913 799 985 Alligabit
836 916 954 983 quia
987 916 1157 986 ignem
1190 918 1242 970 in
1272 916 1416 981 sinu,
1441 926 1602 970 vestes
1639 925 1815 970 autent
1849 934 1872 970 ιι

2140 938 2149 973 ι
2178 937 2269 986 τις
2296 920 2415 988 πῦρ
2435 919 2506 972 ἐν
2534 920 2762 984 κόλπῳ,
2803 918 2876 971 τὰ
2909 915 2977 969 δὲ
3003 914 3204 986 ἱμάτια
3232 918 3305 969 οὐ
3345 916 3641 969 κατακαύ-

370 1006 635 1059 comburet
664 1006 691 1060 i’
730 1017 822 1060 aut
850 1006 1142 1061 ambulabit
1164 1009 1280 1079 quis
1315 1022 1471 1076 super
1494 1024 1692 1077 prunas
1721 1007 1871 1077 ignis.

2136 1025 2182 1073 ι;
2216 1010 2254 1076 ἢ
2283 1008 2680 1077 περιπατήσει
2699 1027 2791 1074 τις
2809 1008 2904 1061 ἐπ’
2917 1007 3228 1076 ἀνθράκων
3253 1006 3470 1075 πυρὸς,
3496 1007 3637 1077 τοὺς

369 1099 521 1161 pedes
547 1115 647 1151 non
670 1098 934 1153 comburet
963 1101 988 1156 i’
1017 1099 1109 1154 Sic
1151 1116 1255 1155 non
1288 1102 1386 1154 erit
1429 1100 1675 1153 innoxius
1719 1100 1866 1170 quisq

2154 1098 2342 1164 πόδας
2374 1101 2446 1152 οὐ
2485 1100 2852 1153 κατακαύσει
2870 1114 2890 1163 ;
2921 1098 3119 1162 Οῦτως
3145 1099 3258 1151 οὐκ
3284 1096 3638 1163 ἀθωωθήσε-

368 1190 599 1257 alltgeril
630 1188 898 1244 mulierem
918 1191 980 1243 ³³.
1007 1190 1157 1258 Quod
1185 1192 1227 1247 si
1247 1190 1482 1261 seipsum
1522 1190 1741 1245 tradidit
1767 1191 1869 1245 Dan

2139 1208 2145 1240 ι
2173 1188 2292 1256 πᾶς
2319 1193 2351 1243 ὁ
2382 1192 2715 1259 ἁπτόμενος
2735 1190 3042 1259 γυναικός.
3070 1190 3134 1242 Εἰ
3162 1188 3219 1242 δὲ
3247 1190 3441 1242 ἑαυτὸν
3467 1188 3640 1260 παρέ-

368 1292 469 1329 nus
520 1293 618 1345 pro
662 1294 885 1349 sponsa,
934 1292 987 1333 ut
1020 1295 1141 1334 eam
1192 1281 1496 1336 sauctiﬁcet
1535 1296 1689 1350 aqua:
1735 1280 1869 1333 lavat

2135 1300 2222 1335 κεν
2275 1284 2414 1352 ὑπὲρ
2474 1283 2575 1352 τῆς
2643 1281 2861 1351 νύμφης
2919 1281 2948 1332 ὁ
3000 1279 3243 1350 Κύριος,
3318 1280 3406 1332 ἵνα
3466 1278 3636 1351 αὐτὴν

367 1378 673 1437 purgatam,
695 1371 950 1441 illamque
976 1373 1087 1442 ipse
1108 1373 1211 1428 sibi
1235 1374 1335 1443 ipsi
1358 1372 1613 1427 exhibeat
1635 1371 1865 1444 gloriosa

2134 1375 2253 1446 ιάσῃ
2284 1374 2583 1446 καθαρίσας
2606 1374 2683 1445 τῷ
2705 1370 2916 1443 λουτρῷ
2942 1372 3036 1425 τοῦ
3066 1372 3259 1436 ὓδατος
3281 1412 3296 1436 ,
3327 1374 3422 1427 καλ¹
3451 1391 3635 1445 παρα-

367 1461 627 1517 macnlam
680 1479 783 1518 non
830 1464 1141 1529 habentem,
1171 1476 1259 1518 aut
1294 1480 1501 1535 rugam,
1532 1474 1623 1519 aut
1658 1465 1868 1533 quidqu:

2135 1470 2225 1540 ἢσῃ
2272 1467 2437 1530 αὐτὸς
2493 1465 2670 1536 ἑαυτῷ
2719 1465 2927 1532 ἔνδοξον
2979 1465 3214 1536 ταύτην,
3269 1465 3343 1535 μὴ
3404 1464 3636 1535 ἔχουσαν

367 1550 759 1621 hujuscemodi,
789 1554 917 1619 imo,
953 1565 1013 1609 ut
1041 1558 1111 1609 sit
1141 1565 1326 1610 saneta
1360 1565 1414 1609 et
1441 1557 1709 1626 inculpata
1747 1566 1801 1610 et
1837 1572 1868 1610 ο

2138 1558 2259 1621 ῐλον,
2287 1556 2320 1627 ἢ
2358 1555 2563 1626 ῥυτίδα,
2592 1555 2626 1626 ἦ
2657 1572 2711 1608 τι
2740 1554 2848 1607 τῶν
2879 1553 3158 1617 τοιούτων,
3195 1552 3412 1606 ἀλλ’ἵνα
3506 1552 3639 1621 ἁγία

365 1659 496 1713 pore
531 1651 585 1699 et
607 1646 795 1713 spiritu
816 1645 895 1699 ’δε
922 1647 1151 1701 sollicita
1185 1662 1399 1717 quoque
1423 1648 1624 1703 idcirco
1643 1664 1762 1704 esse
1792 1649 1866 1703 del

2137 1650 2397 1719 ιᾶμωμος
2424 1647 2516 1700 καὶ
2553 1646 2765 1717 σώματι
2791 1646 2884 1699 καὶ
2915 1645 3204 1716 πνεύματι·
3234 1645 3328 1699 καὶ
3356 1644 3445 1698 διὰ
3477 1643 3638 1697 τοῦτο

366 1734 533 1804 virgo,
573 1736 842 1804 quomodo
882 1736 1087 1805 placeat
1119 1737 1365 1805 Domino,
1392 1745 1450 1791 ut
1494 1738 1566 1793 sit
1593 1750 1778 1793 sancta
1826 1755 1867 1793 Ct

2131 1740 2377 1810 ριμνᾷνή
2408 1736 2672 1810 παρθένος
2701 1737 2925 1806 ὀφείλει,
2945 1736 3064 1800 πῶς
3097 1737 3285 1807 ἀρέσει
3315 1736 3392 1806 τῷ
3417 1735 3632 1806 Κυρίῳ,

364 1838 493 1895 pore
520 1835 572 1879 et
600 1827 790 1895 spiritu
823 1826 890 1884 ³⁸η.
1388 1864 1393 1871 -

2049 1831 2136 1883 ἵνα
2233 1829 2363 1897 ἁγία
2391 1829 2485 1882 καὶ
2516 1829 2594 1899 τῷ
2628 1828 2841 1897 σώματι
2863 1828 2959 1881 καὶ
2989 1827 3068 1898 τῷ
3094 1827 3388 1898 πνεύματι.

428 1917 520 1973 ιδ.
544 1917 728 1987 Neque
770 1919 876 1974 alia
911 1920 1128 1990 quidem
1182 1935 1398 1986 cavere,
1429 1922 1495 1977 ad
1542 1921 1648 1976 alia
1674 1937 1805 1977 vero
1843 1924 1924 1979 sib

2137 1922 2204 1975 i6.
2236 1921 2372 1991 Οὐχὶ
2401 1920 2528 1974 τάδε
2571 1921 2669 1991 μὲν
2700 1920 3063 1990 φυλάττεσθαι
3089 1920 3188 1984 δεῖ,
3219 1918 3328 1972 τῶν
3358 1918 3416 1971 δὲ
3466 1933 3638 1971 κατα-

363 2012 528 2067 tidere
554 2011 922 2068 iudiﬂ'erenter
956 2014 1152 2068 debet:
1180 2015 1273 2068 sed
1317 2030 1506 2069 omnes
1538 2014 1781 2080 omnino,
1827 2030 1857 2085 q

2133 2016 2254 2085 ,μᾷν
2280 2014 2589 2083 ἀδιαφόρως
2628 2013 2859 2083 ὀφείλει·
2897 2012 3036 2066 ἀλλά
3080 2012 3261 2074 πάσας
3290 2008 3634 2075 ἁπαξαπλῶς

362 2103 627 2158 maculam
659 2102 709 2158 ei
751 2112 844 2157 aut
887 2118 1076 2174 rugam
1124 2102 1383 2167 inferunt,
1426 2104 1744 2158 occasiones
1789 2102 1863 2155 lor

2130 2126 2143 2170 ;
2174 2105 2469 2169 σπιλούσας
2494 2106 2665 2174 αὐτὴν
2691 2105 2724 2176 ἦ
2766 2104 2981 2174 ῥυτίδας
3007 2102 3341 2174 ὲμποιούσας
3370 2102 3631 2173 ἀφορμὰς

362 2209 662 2260 removere,
692 2204 750 2248 ut
778 2204 833 2249 et
854 2209 1083 2265 corpore
1114 2194 1282 2266 659
1308 2204 1496 2250 sancta
1529 2196 1621 2261 sit,
1646 2196 1846 2249 nullum

2128 2195 2329 2269 ῥρωθεν
2375 2195 2743 2260 ἀναστέλλειν,
2788 2195 2877 2249 ἵνα
2979 2194 3112 2262 ἁγία
3160 2193 3254 2245 καὶ
3278 2191 3357 2262 τῷ
3393 2190 3629 2261 σώματι,

360 2300 424 2342 eo
469 2287 521 2341 in
562 2288 799 2342 animam
848 2287 1316 2357 inquinamentum
1363 2288 1566 2354 ferens,
1615 2299 1667 2344 et
1708 2290 1861 2358 Spirit

2127 2290 2213 2342 δὲν
2238 2289 2347 2343 ἀπὸ
2378 2288 2570 2342 τούτου
2608 2288 2701 2340 ἐπὶ
2730 2288 2828 2358 τὴν
2856 2286 3035 2357 ψυχὴν
3069 2287 3320 2356 μόλυσμα
3363 2284 3628 2355 φέρουσα,

360 2379 503 2434 nulla
538 2379 689 2434 illum
726 2380 1053 2450 cogitatione
1104 2377 1407 2435 iniuscans.
1435 2378 1550 2433 Non
1590 2380 1732 2433 enim
1766 2396 1795 2433 a
1821 2395 1861 2434 c4

2128 2398 2137 2433 ι
2168 2379 2247 2450 τῷ
2279 2379 2568 2450 πνεύματι,
2596 2379 2785 2449 μηδενὶ
2810 2380 3042 2449 νοήματι
3080 2376 3240 2430 τοῦτο
3266 2375 3520 2430 θολοῦσα.
3553 2375 3629 2429 Οὐ

360 2486 488 2541 pere
535 2481 744 2526 tantum
800 2473 855 2526 in
903 2471 1140 2526 animam
1192 2481 1478 2526 transeunt
1523 2470 1794 2535 libidines,
1847 2486 1861 2523 ε

2127 2487 2151 2541 ρ
2174 2469 2280 2523 ἀπὸ
2297 2469 2547 2540 σώματος
2572 2469 2730 2539 μόνον
2757 2469 2850 2520 ἐπὶ
2870 2467 3048 2538 ψυχὴν
3077 2466 3342 2521 διαϐαίνει
3364 2464 3439 2518 τὰ
3456 2464 3628 2537 πάθη,

360 2563 520 2619 etiam
550 2564 619 2618 ab
674 2563 850 2619 anima
894 2564 1110 2618 initium
1157 2573 1456 2629 sumentes,
1486 2563 1734 2633 quamvis
1769 2564 1861 2617 inti

2127 2563 2177 2616 ιά
2208 2563 2301 2616 καὶ
2335 2562 2444 2616 ἀπὸ
2478 2561 2656 2632 ψυχῆς
2695 2561 2998 2633 ἀρχόμενα,
3038 2561 3133 2613 καὶ
3170 2558 3246 2630 μὴ
3286 2559 3628 2629 δυναμένων,

359 2656 488 2710 dum
517 2669 745 2725 corpora
784 2656 1047 2730 inservire
1076 2671 1183 2711 non
1215 2655 1449 2724 possint,
1478 2669 1576 2724 per
1600 2654 1857 2723 imagiuat

2130 2657 2207 2726 μὶ,
2242 2654 2352 2708 ἔσθ’
2375 2655 2464 2707 ὅτε
2495 2654 2788 2724 ὑπουργεῖν
2816 2651 2926 2706 τῶν
2971 2652 3264 2721 σωμάτων,
3313 2651 3460 2703 κατά
3496 2665 3631 2717 φαν-

358 2764 516 2814 nem,
573 2749 729 2820 quasi
778 2763 878 2818 per
935 2764 1164 2820 corpora
1209 2757 1558 2818 peragantur,
1612 2748 1859 2816 cogitatio

2130 2746 2253 2809 τίαν,
2289 2748 2365 2807 ὡς
2397 2743 2489 2797 διὰ
2530 2744 2801 2813 σωμάτων
2836 2741 3207 2813 ἐνεργούμενα
3236 2742 3293 2793 ὲν
3314 2742 3382 2810 τῇ
3416 2739 3631 2810 διανοίᾳ

357 2838 731 2911 perﬁciuntur.
768 2838 1230 2905 Quemadmodum
1270 2838 1413 2894 enim
1465 2838 1557 2907 qui
1606 2838 1781 2891 oleum
1814 2853 1858 2892 CI

2127 2838 2517 2907 εσιουργεῖται.
2565 2836 2653 2899 Ὠς
2681 2835 2790 2906 γὰρ
2824 2834 2872 2886 oi
2894 2832 2955 2885 τὸ
2981 2832 3125 2903 ὕδωρ
3151 2832 3287 2902 μετὰ
3322 2828 3418 2883 τοῦ
3446 2830 3628 2883 ἐλαίου

359 2942 498 2996 aqua
517 2926 765 2992 miscent,
798 2929 1078 2998 utriusque
1109 2928 1362 2999 gratiam,
1406 2927 1532 2981 dum
1562 2927 1667 2982 vim
1700 2929 1857 2983 infert

2127 2927 2335 2993 ιῶντες,
2369 2927 2466 2998 τὴν
2494 2927 2754 2997 ἑκατέρου
2770 2926 2930 2997 χάριν
2956 2927 3021 2995 τῇ
3044 2922 3259 2993 ἐπινοίᾳ
3290 2921 3628 2991 βιαζόμενοι,

357 3021 462 3076 hoc
508 3021 767 3087 artiﬁcio,
814 3019 1062 3088 abolent;
1098 3021 1150 3075 id
1183 3021 1328 3090 quod
1361 3021 1413 3075 iu
1444 3021 1564 3076 oleo
1606 3021 1858 3076 luminosa

2129 3020 2358 3084 κνίζουσι
2377 3018 2471 3073 τοῦ
2506 3036 2565 3072 τε
2595 3019 2772 3072 ἐλαίου
2802 3019 2862 3071 τὸ
2887 3016 3169 3087 φωτοειδὲς
3196 3014 3274 3085 τῷ
3303 3013 3630 3067 Romaene-3

356 3122 441 3165 est
467 3127 620 3181 aqua:
653 3112 784 3167 limo
822 3111 1118 3178 turbantes,
1156 3128 1219 3168 ac
1252 3128 1441 3169 rursus
1482 3129 1636 3181 aqua:
1686 3124 1857 3168 natur:

2129 3130 2229 3176 ιτος
2280 3112 2763 3182 συνταράσσοντες,
2807 3110 2903 3164 καὶ
2949 3108 3044 3163 τοῦ
3091 3108 3283 3171 ὓδατος
3329 3103 3490 3170 αὖθις
3531 3108 3630 3176 τὴν

368 3204 721 3273 permistione
756 3204 859 3260 olei
888 3203 1235 3272 inqui-nantes
1257 3223 1279 3259 ι·
1305 3205 1385 3259 sic
1412 3205 1504 3276 qui
1545 3206 1782 3259 animam
1815 3221 1869 3259 cu

2128 3219 2202 3255 ςιν
2231 3204 2298 3273 τῇ
2333 3201 2621 3273 συμπλοκῇ
2667 3200 2760 3255 τοῦ
2794 3200 2976 3254 ἐλαίου
3016 3198 3299 3262 θολοῦντες
3320 3215 3334 3228 ·
3367 3198 3546 3261 οὕτως
3576 3199 3629 3251 οἱ

355 3308 585 3364 corpore
620 3310 716 3365 per
744 3295 992 3350 libidines
1030 3296 1406 3360 commiscent,
1432 3298 1574 3366 quod
1610 3296 1825 3365 utrique

2127 3310 2135 3339 ι
2162 3292 2339 3363 ψυχὴν
2363 3292 2441 3364 τῷ
2474 3291 2687 3363 σώματι
2720 3292 2808 3345 διὰ
2833 3291 2942 3344 τῶν
2981 3290 3171 3344 παθῶν
3203 3289 3628 3358 συγκυκῶντες,

355 3400 442 3443 est
492 3389 559 3443 ad
604 3390 772 3443 vitam
813 3388 963 3452 utile,
996 3403 1161 3459 prave
1188 3397 1477 3443 evertunt:
1519 3390 1775 3453 animam,
1818 3405 1850 3458 q

2130 3384 2296 3455 ιτέρου
2324 3383 2432 3454 (78)
2460 3383 2521 3437 τὸ
2548 3385 2685 3456 πρὸς
2712 3384 2804 3438 τὸν
2835 3383 2948 3453 βίον
2984 3382 3240 3455 χρειῶδες
3266 3382 3458 3445 κακῶς
3482 3383 3631 3450 ἀφα-

357 3477 624 3532 luminosa
647 3487 731 3532 est
768 3487 823 3533 et
873 3477 1175 3546 Splendida,
1208 3476 1339 3533 limo
1370 3478 1670 3534 carnalium
1695 3493 1762 3531 ex
1786 3494 1853 3533 vo

2130 3493 2267 3543 ουσι,
2287 3477 2385 3546 τήν
2422 3493 2481 3529 τε
2513 3477 2692 3548 ψυχὴν
2728 3477 2993 3546 φωτοειδῆ
3029 3474 3123 3528 καὶ
3166 3474 3428 3546 λαμπρὰν
3461 3470 3631 3527 οὖσαν

354 3577 508 3638 ptate
533 3568 818 3624 libidinum
853 3578 1021 3623 totam
1050 3568 1353 3637 inquinant,
1386 3577 1442 3623 et
1465 3570 1606 3638 quod
1634 3570 1685 3625 in
1708 3586 1854 3640 corp.

2140 3566 2243 3620 ἰλύῖ
2271 3567 2380 3618 τῶν
2411 3565 2687 3637 σαρκικῶν
2715 3565 2774 3632 ἐξ
2794 3566 2989 3637 ἡδονῆς
3032 3566 3219 3619 παθῶν
3251 3566 3380 3636 ὅλην
3412 3564 3632 3619 θολοῦν-

357 3676 551 3729 purum
591 3676 656 3716 ac
709 3661 938 3716 nitidum
989 3670 1092 3724 est,
1122 3661 1225 3715 hac
1276 3662 1487 3717 ratione
1526 3663 1858 3732 permiscent

2135 3698 2148 3721 ,
2179 3657 2272 3710 καὶ
2301 3656 2396 3710 τοῦ
2418 3656 2670 3728 σώματος
2684 3657 2745 3710 τὸ
2766 3647 3005 3728 καθαρὸν
3027 3658 3120 3711 καὶ
3135 3658 3357 3725 διαυγὲς
3378 3657 3462 3727 τῷ
3485 3657 3629 3726 λόγῳ

358 3754 549 3809 inutile
580 3753 715 3808 illud
747 3756 814 3809 ad
855 3755 1020 3809 vitam
1061 3753 1320 3809 eiliciunt.
1352 3755 1456 3809 Sed
1483 3756 1859 3824 quemadniodt

2137 3767 2213 3820 τῳ
2244 3748 2638 3821 ἀναφύρουσιν,
2686 3750 2907 3820 ἀχρεῖον
2954 3751 3091 3823 ’πρὸς
3119 3751 3210 3803 τὸν
3243 3750 3356 3820 βίον
3383 3750 3630 3805 δεικνύν-

357 3847 638 3900 ῡοιιιιιιίιιιιι
665 3845 806 3900 inter
832 3861 892 3901 se
923 3845 1099 3900 oleum
1130 3858 1185 3900 et
1210 3861 1347 3913 aqua
1383 3846 1682 3901 naturalem
1705 3847 1858 3916 grati:

2122 3858 2145 3897 π.
2192 3840 2330 3894 Ἀλλ’
2357 3840 2546 3912 ὥσπερ
2576 3839 2873 3912 κυκώμενα
2905 3843 3023 3913 μετ’
3046 3842 3289 3914 ἀλλήλων
3314 3846 3500 3897 ἐκεῖνα
3526 3844 3623 3912 τὴν

355 3944 609 3990 evertunt
648 3950 659 3983 :
701 3938 984 3990 recedente
1021 3944 1200 3990 autem
1248 3951 1436 3991 eorum
1485 3938 1736 4003 tumultu,
1787 3953 1855 4008 qn

2122 3930 2272 4001 σικὴν
2307 3931 2466 4003 χάριν
2495 3932 2790 3986 ἀπόλλυσιν
2810 3949 2823 3964 ·
2861 3934 3318 4005 ἀναχωρήσαντος
3347 3934 3405 3988 δὲ
3440 3936 3623 3989 αὐτῶν

356 4032 465 4078 tem
508 4033 665 4081 nacta
700 4034 1022 4094 separantur
1068 4027 1285 4096 quidem
1347 4027 1415 4081 ab
1469 4029 1719 4093 invicem,
1781 4038 1835 4083 et

2126 4022 2131 4068 ἰ
2173 4022 2437 4092 ταράχου,
2486 4023 2722 4093 ἠρεμίας
2759 4024 3132 4095 μεταλαχόντα
3185 4027 3491 4080 διίστανται
3528 4027 3627 4097 μὲν

356 4117 636 4186 prepriam
692 4127 987 4186 utrumque
1037 4127 1307 4183 naturam,
1337 4119 1461 4173 dum
1502 4120 1554 4174 in
1586 4121 1857 4189 semetipSI

2127 4115 2132 4130 '
2164 4113 2429 4185 ἀλλήλων,
2457 4115 2536 4177 είς
2563 4114 2617 4167 δὲ
2645 4117 2743 4186 τὴν
2762 4117 2969 4171 οἰκείαν
2996 4117 3255 4187 ἑκάτερον
3292 4117 3456 4187 φύσιν
3486 4117 3628 4190 πρὸς

353 4208 653 4279 colligitur,
695 4210 948 4277 recurrit,
995 4225 1060 4266 ac
1106 4226 1298 4280 purum
1334 4226 1486 4282 aqua:
1515 4212 1711 4268 insidet
1736 4213 1854 4266 oleu

2125 4206 2199 4259 ιτὸ
2222 4207 2586 4278 συναγόμενον
2621 4208 2929 4281 ἀνατρέχει,
2947 4210 3008 4262 τὸ
3040 4211 3139 4280 μὲν
3167 4210 3346 4264 ἔλαιον
3382 4210 3626 4282 καθαρὸν

355 4317 496 4371 aqua
525 4317 656 4357 vem
709 4300 1035 4371 pellucidum
1087 4303 1141 4357 ﬁt
1196 4304 1342 4359 illius
1387 4305 1742 4360 vehiculum:
1780 4307 1853 4360 ita

2171 4297 2323 4352 ὕδατι
2364 4300 2642 4368 ὲφιζάνον,
2668 4300 2729 4354 τὸ
2757 4301 2813 4353 δὲ
2846 4300 2989 4373 ὕδωρ
3011 4301 3200 4365 διειδὲς
3225 4302 3407 4373 ὄχημα
3429 4301 3626 4355 τούτου

354 4393 535 4449 anima
562 4405 620 4450 et
651 4409 871 4465 corpus,
907 4396 951 4450 si
986 4397 1443 4452 commisceantur
1476 4398 1616 4452 inter
1648 4414 1707 4452 se
1737 4407 1855 4451 muti

2129 4391 2321 4461 όμενον
2340 4408 2352 4420 ·
2380 4390 2526 4444 οὕτω
2558 4391 2654 4444 καὶ
2682 4392 2716 4460 ἡ
2740 4391 2886 4464 ψυχὴ
2917 4393 3012 4446 καὶ
3042 4393 3103 4445 τὸ
3126 4392 3304 4464 σῶμα,
3328 4391 3630 4463 κυκώμενα

353 4486 521 4548 vitiis,
553 4489 828 4557 propriam
859 4497 1150 4558 utrumque
1189 4498 1437 4543 naturam
1470 4489 1536 4543 ab
1562 4489 1733 4544 altero
1762 4490 1852 4560 inq

2126 4501 2141 4534 ι
2162 4485 2273 4546 τοῖς
2294 4482 2354 4547 ἐξ
2388 4483 2631 4553 ἀλλήλων
2657 4482 2853 4536 πάθεσι
2880 4487 2995 4555 μετ’
3014 4484 3276 4556 ἀλλήλων,
3298 4485 3396 4556 τὴν
3414 4484 3627 4538 οἰκείαν

353 4588 543 4631 natum
610 4579 913 4644 corrumpit
947 4596 967 4650 ;
1003 4581 1097 4634 sed
1149 4579 1593 4648 tranquillitatem
1649 4590 1836 4644 nacta,

2122 4591 2199 4627 σιν
2222 4575 2481 4647 ἑκάτερον
2507 4573 2659 4646 παρά
2688 4574 2916 4646 θατέρου
2944 4575 3097 4629 θολού
3107 4593 3266 4646 μενον
3292 4575 3623 4647 διαφθείρει·

356 4670 633 4737 propriam
674 4677 922 4725 naturam
955 4671 1232 4725 redeuntia
1279 4679 1621 4740 separantur,
1652 4686 1714 4725 ac
1760 4673 1846 4725 ani

2124 4665 2271 4737 εμίας
2295 4666 2350 4718 δὲ
2384 4665 2783 4727 ἀπολαύσαντα,
2816 4668 2895 4729 είς
2927 4666 3023 4737 τὴν
3053 4667 3259 4722 οἰκείαν
3306 4667 3471 4736 φύσιν
3509 4684 3625 4737 χω-

355 4760 599 4829 quidem,
634 4760 780 4816 velut
827 4763 1037 4831 auriga,
1071 4761 1340 4816 luminosa
1392 4776 1489 4815 sua
1544 4761 1847 4830 pulchritud

2122 4761 2292 4814 πθὲντα
2324 4758 2644 4821 διίστανται,
2687 4761 2720 4830 ἡ
2756 4758 2854 4829 μὲν
2884 4758 3051 4830 ψυχὴ,
3086 4759 3339 4830 καθάπερ
3369 4760 3623 4829 ἡνίοχος,

353 4852 588 4920 desuper
633 4851 921 4921 aﬂ‘ulgente
965 4868 1163 4923 corpus
1207 4853 1494 4919 illustrat;
1535 4868 1730 4922 corpus
1768 4869 1854 4908 ver

2151 4851 2438 4921 φωτοειδὲς
2482 4851 2681 4921 ἑαυτῆς
2714 4850 2909 4914 κάλλος
2960 4851 3165 4904 ἄνωθεν
3198 4851 3506 4921 ὲπιλάμπον
3546 4849 3630 4921 τῷ

354 4953 541 5011 utpote
578 4959 763 5014 grave,
811 4945 1097 5001 subsidens
1137 4945 1281 5002 illius
1317 4945 1589 5016 dignitati,
1626 4946 1855 5001 vehiculi

2127 4962 2255 5015 ματι
2290 4944 2587 5011 φαίνουσα·
2626 4944 2687 4997 τὸ
2722 4945 2780 4998 δὲ
2819 4944 2999 5014 σῶμα,
3040 4944 3115 5006 ὡς
3144 4942 3210 4996 ἂν
3249 4942 3389 5014 βαρὺ
3421 4940 3625 5011 ὑφιζά-

353 5034 503 5092 illius
530 5035 589 5090 tit
624 5036 691 5090 ad
733 5051 863 5093 usus
888 5034 1007 5093 vitae
1047 5036 1403 5093 necessarios.
1639 5099 1648 5109 θ

2128 5053 2133 5079 ν
2189 5035 2286 5106 μὲν
2318 5039 2384 5106 τῇ
2412 5035 2617 5107 ταύτης
2666 5035 2812 5106 ἀξίᾳ,
2846 5035 3030 5107 ὄχημα
3056 5034 3115 5088 δὲ
3160 5036 3299 5107 αὐτῇ
3360 5034 3495 5105 πρὸς
3526 5035 3629 5109 τὴν

783 5144 799 5153 ·
2046 5127 2278 5183 ἐνταῦθα
2305 5128 2496 5198 χρείαν
2525 5127 2809 5206 γινόμενον

422 5212 515 5271 47.
554 5208 694 5270 Cum
740 5214 904 5286 igitur
942 5224 1191 5270 naturam
1235 5230 1387 5269 suam
1436 5216 1510 5271 ita
1556 5225 1923 5285 comparatam

2127 5220 2200 5274 Π.
2258 5220 2467 5274 Οὐκοῦν
2522 5218 2761 5273 τοιοῦτόν
2792 5236 2843 5272 τι
2875 5217 3174 5289 συμϐαῖνον
3220 5220 3281 5271 ἐν
3313 5221 3379 5288 τῇ
3420 5216 3628 5286 ἑαυτῆς

351 5321 475 5363 esse
504 5306 658 5376 virgo
685 5306 965 5377 intelligat,
998 5320 1169 5378 neque
1207 5308 1271 5362 iis
1300 5324 1419 5377 (iure
1449 5322 1517 5365 ex
1548 5324 1713 5365 carne
1757 5311 1852 5365 ori:

2124 5311 2256 5382 σειὴ
2294 5310 2562 5383 παρθένος
2590 5309 2794 5376 ἰδοῦσα,
2820 5309 2945 5363 οὔτε
2960 5314 3073 5374 τοῖς
3104 5312 3168 5364 ἐκ
3198 5309 3399 5380 σαρκδς
3421 5307 3625 5362 πάθεσι

353 5402 441 5451 tur
464 5395 614 5454 vitiis
638 5395 817 5452 lumen
854 5397 1052 5453 mentis
1094 5397 1470 5466 conturbabit,
1510 5414 1683 5468 neque
1724 5399 1788 5454 iis
1816 5415 1847 5468 q

2140 5402 2241 5473 τῆς
2278 5402 2455 5475 ψυχῆς
2498 5403 2763 5475 φωτεινὸν
2814 5401 3161 5473 συνταράξει,
3202 5400 3329 5456 οὔτε
3362 5402 3475 5464 τοῖς
3518 5396 3629 5452 ἀπὸ

423 5486 469 5520 ⁸⁸
501 5486 662 5543 Prov.
686 5504 763 5554 τι,
802 5489 992 5547 27-29.
1074 5489 1119 5522 “
1151 5488 1353 5561 Ephes.
1388 5508 1442 5558 v,
1466 5491 1653 5547 25-28.
1731 5492 1778 5525 ³⁸
1812 5492 1832 5547 ι
1858 5492 1924 5548 Co

861 5489 992 5547 1-29.
1074 5489 1119 5522 "
1151 5488 1353 5561 Ephes.
1388 5508 1442 5558 v,
1466 5491 1653 5547 25-28.
1731 5492 1778 5525 ³⁸
1812 5492 1984 5549 lCor.
2012 5509 2111 5563 νη,
2140 5496 2233 5561 52.
2273 5496 2362 5552 3‘.

427 5598 540 5667 (78)
604 5598 943 5674 Ἐκατέωυ.
993 5601 1089 5661 Sic
1143 5603 1363 5663 codices
1420 5618 1526 5660 non
1594 5601 1771 5677 pauci.
1824 5605 1856 5661 Α

355 5668 654 5738 ἑκατέρων.

2156 5606 2395 5670 editione
2450 5606 2677 5681 Veneta,
2739 5609 3001 5667 ἑκατέρα.
3063 5607 3388 5667 Parisieusis
3429 5608 3626 5680 editio,
