  <div class='ocr_page' id='page_1' title='image "/cluster/home/n/w/nwhite01/storage/ocr_20150623/30/nnc1.0046978810/402.png"; bbox 0 0 3802 6216; ppageno 0'>
   <div class='ocr_carea' id='block_1_1' title="bbox 132 291 2151 367">
    <p class='ocr_par' dir='ltr' id='par_1_1' title="bbox 132 291 2151 367">
     <span class='ocr_line' id='line_1_1' title="bbox 132 291 2151 367; baseline 0.01 -21"><span class='ocrx_word' id='word_1_1' title='bbox 132 291 218 347; x_wconf 80' lang='grc'><strong>761</strong></span> <span class='ocrx_word' id='word_1_2' title='bbox 1311 305 1515 360; x_wconf 81' lang='lat' dir='ltr'><strong>LIBER</strong></span> <span class='ocrx_word' id='word_1_3' title='bbox 1558 307 1647 362; x_wconf 85' lang='lat' dir='ltr'><strong>DE</strong></span> <span class='ocrx_word' id='word_1_4' title='bbox 1687 307 2151 367; x_wconf 78' lang='lat' dir='ltr'><strong>VlRGINl’l‘ATE.</strong></span> 
     </span>
    </p>
   </div>
   <div class='ocr_carea' id='block_1_2' title="bbox 3248 316 3354 370">
    <p class='ocr_par' dir='ltr' id='par_1_2' title="bbox 3248 316 3354 370">
     <span class='ocr_line' id='line_1_2' title="bbox 3248 316 3354 370; baseline 0 0"><span class='ocrx_word' id='word_1_5' title='bbox 3248 316 3354 370; x_wconf 73' lang='grc'><strong>762</strong></span> 
     </span>
    </p>
   </div>
   <div class='ocr_carea' id='block_1_3' title="bbox 124 407 1678 508">
    <p class='ocr_par' dir='ltr' id='par_1_3' title="bbox 124 407 1678 508">
     <span class='ocr_line' id='line_1_3' title="bbox 124 407 1678 508; baseline 0.015 -49"><span class='ocrx_word' id='word_1_6' title='bbox 667 411 842 485; x_wconf 83' lang='grc' dir='ltr'>ἀρχὴν</span> <span class='ocrx_word' id='word_1_7' title='bbox 888 421 1112 488; x_wconf 78' lang='grc' dir='ltr'>συγχεῖν</span> <span class='ocrx_word' id='word_1_8' title='bbox 1144 419 1206 474; x_wconf 82' lang='grc' dir='ltr'>τὸ</span> <span class='ocrx_word' id='word_1_9' title='bbox 1251 423 1451 496; x_wconf 80' lang='grc' dir='ltr'>ὲαυτῆς</span> <span class='ocrx_word' id='word_1_10' title='bbox 1485 426 1678 493; x_wconf 84' lang='grc' dir='ltr'>κάλλος</span> 
     </span>
    </p>
   </div>
   <div class='ocr_carea' id='block_1_4' title="bbox 1797 407 3354 508">
    <p class='ocr_par' dir='ltr' id='par_1_4' title="bbox 1797 433 3354 508">
     <span class='ocr_line' id='line_1_4' title="bbox 1797 433 3354 508; baseline 0.004 -23"><span class='ocrx_word' id='word_1_11' title='bbox 1797 447 1845 486; x_wconf 70' lang='lat' dir='ltr'><strong>2x</strong></span> <span class='ocrx_word' id='word_1_12' title='bbox 1882 434 2084 498; x_wconf 89' lang='lat' dir='ltr'><strong>anima,</strong></span> <span class='ocrx_word' id='word_1_13' title='bbox 2110 433 2561 503; x_wconf 72' lang='lat' dir='ltr'><strong>pulchritudinem</strong></span> <span class='ocrx_word' id='word_1_14' title='bbox 2607 448 2762 490; x_wconf 82' lang='lat' dir='ltr'><strong>suam</strong></span> <span class='ocrx_word' id='word_1_15' title='bbox 2802 433 3058 493; x_wconf 85' lang='lat' dir='ltr'><strong>infuscari</strong></span> <span class='ocrx_word' id='word_1_16' title='bbox 3088 438 3354 508; x_wconf 86' lang='lat' dir='ltr'><strong>patietur;</strong></span> 
     </span>
    </p>
   </div>
   <div class='ocr_carea' id='block_1_5' title="bbox 125 499 1676 585">
    <p class='ocr_par' dir='ltr' id='par_1_5' title="bbox 125 499 1676 585">
     <span class='ocr_line' id='line_1_5' title="bbox 125 499 1676 585; baseline 0.011 -31"><span class='ocrx_word' id='word_1_17' title='bbox 125 499 380 564; x_wconf 79' lang='grc' dir='ltr'>ἀνέξεται·</span> <span class='ocrx_word' id='word_1_18' title='bbox 408 501 524 554; x_wconf 82' lang='grc' dir='ltr'>ἀλλ’</span> <span class='ocrx_word' id='word_1_19' title='bbox 550 504 806 578; x_wconf 79' lang='grc' dir='ltr'>ἑκάτερον</span> <span class='ocrx_word' id='word_1_20' title='bbox 830 509 887 561; x_wconf 84' lang='grc' dir='ltr'><strong>ἐν</strong></span> <span class='ocrx_word' id='word_1_21' title='bbox 908 511 973 580; x_wconf 85' lang='grc' dir='ltr'>τῇ</span> <span class='ocrx_word' id='word_1_22' title='bbox 1008 509 1116 581; x_wconf 77' lang='grc' dir='ltr'>ἰδίᾳ</span> <span class='ocrx_word' id='word_1_23' title='bbox 1140 512 1295 585; x_wconf 85' lang='grc' dir='ltr'>χώρᾳ</span> <span class='ocrx_word' id='word_1_24' title='bbox 1317 531 1375 568; x_wconf 87' lang='grc' dir='ltr'><strong>τε</strong></span> <span class='ocrx_word' id='word_1_25' title='bbox 1405 516 1500 569; x_wconf 74' lang='grc' dir='ltr'>καὶ</span> <span class='ocrx_word' id='word_1_26' title='bbox 1524 517 1676 585; x_wconf 82' lang='grc' dir='ltr'>τάξει</span> 
     </span>
    </p>
   </div>
   <div class='ocr_carea' id='block_1_6' title="bbox 125 591 1677 676">
    <p class='ocr_par' dir='ltr' id='par_1_6' title="bbox 125 591 1677 676">
     <span class='ocr_line' id='line_1_6' title="bbox 125 591 1677 676; baseline 0.012 -31"><span class='ocrx_word' id='word_1_27' title='bbox 125 591 207 645; x_wconf 79' lang='grc' dir='ltr'><strong>καὶ</strong></span> <span class='ocrx_word' id='word_1_28' title='bbox 234 591 383 663; x_wconf 88' lang='grc' dir='ltr'>χρείᾳ</span> <span class='ocrx_word' id='word_1_29' title='bbox 407 592 775 666; x_wconf 74' lang='grc' dir='ltr'>καθ’ἡσυχίαν</span> <span class='ocrx_word' id='word_1_30' title='bbox 796 599 1153 667; x_wconf 83' lang='grc' dir='ltr'><strong>φυλάττουσα,</strong></span> <span class='ocrx_word' id='word_1_31' title='bbox 1190 604 1414 676; x_wconf 81' lang='grc' dir='ltr'>εἰρήνην</span> <span class='ocrx_word' id='word_1_32' title='bbox 1439 609 1537 674; x_wconf 81' lang='grc' dir='ltr'><strong>μὲν</strong></span> <span class='ocrx_word' id='word_1_33' title='bbox 1562 613 1677 675; x_wconf 87' lang='grc' dir='ltr'>τοῖς</span> 
     </span>
    </p>
   </div>
   <div class='ocr_carea' id='block_1_7' title="bbox 128 682 1675 773">
    <p class='ocr_par' dir='ltr' id='par_1_7' title="bbox 128 682 1675 773">
     <span class='ocr_line' id='line_1_7' title="bbox 128 682 1675 773; baseline 0.015 -40"><span class='ocrx_word' id='word_1_34' title='bbox 128 682 296 754; x_wconf 73' lang='grc' dir='ltr'>μέρεσι</span> <span class='ocrx_word' id='word_1_35' title='bbox 329 682 440 753; x_wconf 86' lang='grc'>(79)</span> <span class='ocrx_word' id='word_1_36' title='bbox 489 688 625 756; x_wconf 83' lang='grc' dir='ltr'><strong>μετά</strong></span> <span class='ocrx_word' id='word_1_37' title='bbox 669 691 863 760; x_wconf 83' lang='grc' dir='ltr'>σοφίας</span> <span class='ocrx_word' id='word_1_38' title='bbox 898 692 1210 764; x_wconf 79' lang='grc' dir='ltr'>βραϐεύσει,</span> <span class='ocrx_word' id='word_1_39' title='bbox 1258 699 1316 750; x_wconf 76' lang='grc' dir='ltr'>ἐν</span> <span class='ocrx_word' id='word_1_40' title='bbox 1365 700 1571 773; x_wconf 77' lang='grc' dir='ltr'>ἠρεμίᾳ</span> <span class='ocrx_word' id='word_1_41' title='bbox 1616 703 1675 756; x_wconf 80' lang='grc' dir='ltr'><strong>δὲ.</strong></span> 
     </span>
    </p>
   </div>
   <div class='ocr_carea' id='block_1_8' title="bbox 128 773 1677 864">
    <p class='ocr_par' dir='ltr' id='par_1_8' title="bbox 128 773 1677 864">
     <span class='ocr_line' id='line_1_8' title="bbox 128 773 1677 864; baseline 0.014 -40"><span class='ocrx_word' id='word_1_42' title='bbox 128 773 287 843; x_wconf 84' lang='grc' dir='ltr'>μένειν</span> <span class='ocrx_word' id='word_1_43' title='bbox 322 773 429 864; x_wconf 77' lang='grc'>(80)</span> <span class='ocrx_word' id='word_1_44' title='bbox 476 778 569 830; x_wconf 83' lang='grc' dir='ltr'><strong>καί</strong></span> <span class='ocrx_word' id='word_1_45' title='bbox 602 779 779 852; x_wconf 73' lang='grc' dir='ltr'>ψυχὴν</span> <span class='ocrx_word' id='word_1_46' title='bbox 804 784 899 836; x_wconf 81' lang='grc' dir='ltr'><strong>καί</strong></span> <span class='ocrx_word' id='word_1_47' title='bbox 931 785 1091 856; x_wconf 80' lang='grc' dir='ltr'>σῶμα</span> <span class='ocrx_word' id='word_1_48' title='bbox 1132 789 1274 841; x_wconf 78' lang='grc' dir='ltr'><strong>κατά</strong></span> <span class='ocrx_word' id='word_1_49' title='bbox 1314 789 1474 858; x_wconf 82' lang='grc' dir='ltr'>φύσιν</span> <span class='ocrx_word' id='word_1_50' title='bbox 1503 793 1677 864; x_wconf 84' lang='grc' dir='ltr'>ἀσκή-</span> 
     </span>
    </p>
   </div>
   <div class='ocr_carea' id='block_1_9' title="bbox 126 863 1676 950">
    <p class='ocr_par' dir='ltr' id='par_1_9' title="bbox 126 863 1676 950">
     <span class='ocr_line' id='line_1_9' title="bbox 126 863 1676 950; baseline 0.014 -36"><span class='ocrx_word' id='word_1_51' title='bbox 126 879 266 928; x_wconf 86' lang='grc' dir='ltr'>σασα,</span> <span class='ocrx_word' id='word_1_52' title='bbox 292 863 351 918; x_wconf 78' lang='grc' dir='ltr'>τὸ</span> <span class='ocrx_word' id='word_1_53' title='bbox 380 864 439 932; x_wconf 80' lang='grc' dir='ltr'>ἐξ</span> <span class='ocrx_word' id='word_1_54' title='bbox 462 868 666 939; x_wconf 82' lang='grc' dir='ltr'>ἀμφοῖν</span> <span class='ocrx_word' id='word_1_55' title='bbox 690 872 1009 944; x_wconf 75' lang='grc' dir='ltr'>ἐναρμόνιον</span> <span class='ocrx_word' id='word_1_56' title='bbox 1040 872 1180 940; x_wconf 79' lang='grc' dir='ltr'>εἶδος</span> <span class='ocrx_word' id='word_1_57' title='bbox 1207 879 1444 950; x_wconf 83' lang='grc' dir='ltr'>καθαρὸν</span> <span class='ocrx_word' id='word_1_58' title='bbox 1474 863 1676 937; x_wconf 77' lang='grc' dir='ltr'>ἐπιδεί-</span> 
     </span>
    </p>
   </div>
   <div class='ocr_carea' id='block_1_10' title="bbox 125 954 1675 1042">
    <p class='ocr_par' dir='ltr' id='par_1_10' title="bbox 125 954 1675 1042">
     <span class='ocr_line' id='line_1_10' title="bbox 125 954 1675 1042; baseline 0.015 -36"><span class='ocrx_word' id='word_1_59' title='bbox 125 954 213 1021; x_wconf 83' lang='grc' dir='ltr'>ξει,</span> <span class='ocrx_word' id='word_1_60' title='bbox 236 955 292 1009; x_wconf 82' lang='grc' dir='ltr'>τὸ</span> <span class='ocrx_word' id='word_1_61' title='bbox 316 956 412 1028; x_wconf 82' lang='grc' dir='ltr'>μὲν</span> <span class='ocrx_word' id='word_1_62' title='bbox 447 963 736 1028; x_wconf 81' lang='grc' dir='ltr'>φωτοειδὲς</span> <span class='ocrx_word' id='word_1_63' title='bbox 773 964 876 1035; x_wconf 82' lang='grc' dir='ltr'><strong>τῆς</strong></span> <span class='ocrx_word' id='word_1_64' title='bbox 908 966 1089 1038; x_wconf 71' lang='grc' dir='ltr'>ψυχῆς</span> <span class='ocrx_word' id='word_1_65' title='bbox 1125 970 1438 1042; x_wconf 83' lang='grc' dir='ltr'>ἅκύμαντόν</span> <span class='ocrx_word' id='word_1_66' title='bbox 1477 991 1537 1027; x_wconf 86' lang='grc' dir='ltr'><strong>τε</strong></span> <span class='ocrx_word' id='word_1_67' title='bbox 1579 977 1675 1029; x_wconf 84' lang='grc' dir='ltr'><strong>καὶ</strong></span> 
     </span>
    </p>
   </div>
   <div class='ocr_carea' id='block_1_11' title="bbox 124 1046 1674 1137">
    <p class='ocr_par' dir='ltr' id='par_1_11' title="bbox 124 1046 1674 1137">
     <span class='ocr_line' id='line_1_11' title="bbox 124 1046 1674 1137; baseline 0.015 -39"><span class='ocrx_word' id='word_1_68' title='bbox 124 1046 367 1137; x_wconf 69' lang='grc' dir='ltr'>ἀθόλωτον</span> <span class='ocrx_word' id='word_1_69' title='bbox 401 1050 578 1106; x_wconf 87' lang='grc' dir='ltr'><strong>διόλου</strong></span> <span class='ocrx_word' id='word_1_70' title='bbox 616 1056 996 1124; x_wconf 85' lang='grc' dir='ltr'>φυλάττουσα,</span> <span class='ocrx_word' id='word_1_71' title='bbox 1054 1061 1116 1113; x_wconf 79' lang='grc' dir='ltr'>τὸ</span> <span class='ocrx_word' id='word_1_72' title='bbox 1164 1061 1222 1115; x_wconf 82' lang='grc' dir='ltr'>δὲ</span> <span class='ocrx_word' id='word_1_73' title='bbox 1266 1062 1362 1116; x_wconf 78' lang='grc' dir='ltr'>τοῦ</span> <span class='ocrx_word' id='word_1_74' title='bbox 1423 1064 1674 1137; x_wconf 76' lang='grc' dir='ltr'>σώματος</span> 
     </span>
    </p>
   </div>
   <div class='ocr_carea' id='block_1_12' title="bbox 124 1136 1674 1228">
    <p class='ocr_par' dir='ltr' id='par_1_12' title="bbox 124 1136 1674 1228">
     <span class='ocr_line' id='line_1_12' title="bbox 124 1136 1674 1228; baseline 0.014 -36"><span class='ocrx_word' id='word_1_75' title='bbox 124 1136 243 1204; x_wconf 81' lang='grc' dir='ltr'>εἶδος</span> <span class='ocrx_word' id='word_1_76' title='bbox 272 1143 467 1208; x_wconf 81' lang='grc' dir='ltr'>παντὸς</span> <span class='ocrx_word' id='word_1_77' title='bbox 500 1147 804 1218; x_wconf 81' lang='grc' dir='ltr'>κινήματος</span> <span class='ocrx_word' id='word_1_78' title='bbox 834 1150 931 1204; x_wconf 84' lang='grc' dir='ltr'>τοῦ</span> <span class='ocrx_word' id='word_1_79' title='bbox 961 1153 1020 1217; x_wconf 77' lang='grc' dir='ltr'>ἐξ</span> <span class='ocrx_word' id='word_1_80' title='bbox 1052 1153 1255 1224; x_wconf 76' lang='grc' dir='ltr'>ἡδονῶν</span> <span class='ocrx_word' id='word_1_81' title='bbox 1302 1136 1674 1228; x_wconf 79' lang='grc' dir='ltr'>βορϐορώδους</span> 
     </span>
    </p>
   </div>
   <div class='ocr_carea' id='block_1_13' title="bbox 125 1230 1673 1324">
    <p class='ocr_par' dir='ltr' id='par_1_13' title="bbox 125 1230 1673 1324">
     <span class='ocr_line' id='line_1_13' title="bbox 125 1230 1673 1324; baseline 0.015 -42"><span class='ocrx_word' id='word_1_82' title='bbox 125 1230 339 1303; x_wconf 80' lang='grc' dir='ltr'>καθαρὸν</span> <span class='ocrx_word' id='word_1_83' title='bbox 391 1234 706 1307; x_wconf 83' lang='grc' dir='ltr'>ἁσκητικῶς</span> <span class='ocrx_word' id='word_1_84' title='bbox 757 1242 1120 1314; x_wconf 78' lang='grc' dir='ltr'>συντηροῦσα.</span> <span class='ocrx_word' id='word_1_85' title='bbox 1174 1246 1341 1317; x_wconf 83' lang='grc' dir='ltr'><strong>Σῶμα</strong></span> <span class='ocrx_word' id='word_1_86' title='bbox 1401 1250 1501 1319; x_wconf 82' lang='grc' dir='ltr'>μὲν</span> <span class='ocrx_word' id='word_1_87' title='bbox 1562 1250 1673 1324; x_wconf 84' lang='grc' dir='ltr'><strong>γάρ</strong></span> 
     </span>
    </p>
   </div>
   <div class='ocr_carea' id='block_1_14' title="bbox 124 1324 1673 1407">
    <p class='ocr_par' dir='ltr' id='par_1_14' title="bbox 124 1324 1673 1407">
     <span class='ocr_line' id='line_1_14' title="bbox 124 1324 1673 1407; baseline 0.016 -37"><span class='ocrx_word' id='word_1_88' title='bbox 124 1324 543 1407; x_wconf 76' lang='grc' dir='ltr'>γαστριμαργίαν</span> <span class='ocrx_word' id='word_1_89' title='bbox 590 1327 684 1379; x_wconf 78' lang='grc' dir='ltr'>καὶ</span> <span class='ocrx_word' id='word_1_90' title='bbox 724 1328 900 1401; x_wconf 82' lang='grc' dir='ltr'>μέθην</span> <span class='ocrx_word' id='word_1_91' title='bbox 940 1332 1037 1385; x_wconf 76' lang='grc' dir='ltr'>καὶ</span> <span class='ocrx_word' id='word_1_92' title='bbox 1078 1333 1177 1397; x_wconf 78' lang='grc' dir='ltr'>τὰς</span> <span class='ocrx_word' id='word_1_93' title='bbox 1206 1337 1341 1407; x_wconf 85' lang='grc' dir='ltr'>πρὸς</span> <span class='ocrx_word' id='word_1_94' title='bbox 1385 1339 1673 1394; x_wconf 78' lang='grc' dir='ltr'>συνουσίαν</span> 
     </span>
    </p>
   </div>
   <div class='ocr_carea' id='block_1_15' title="bbox 122 1406 1673 1501">
    <p class='ocr_par' dir='ltr' id='par_1_15' title="bbox 122 1406 1673 1501">
     <span class='ocr_line' id='line_1_15' title="bbox 122 1406 1673 1501; baseline 0.017 -43"><span class='ocrx_word' id='word_1_95' title='bbox 122 1406 294 1501; x_wconf 64' lang='grc' dir='ltr'>ηδονάς</span> <span class='ocrx_word' id='word_1_96' title='bbox 333 1410 727 1485; x_wconf 83' lang='grc' dir='ltr'>βρασσόμενον,</span> <span class='ocrx_word' id='word_1_97' title='bbox 782 1419 925 1474; x_wconf 86' lang='grc' dir='ltr'><strong>κατά</strong></span> <span class='ocrx_word' id='word_1_98' title='bbox 966 1421 1062 1475; x_wconf 75' lang='grc' dir='ltr'>τοῦ</span> <span class='ocrx_word' id='word_1_99' title='bbox 1102 1406 1332 1489; x_wconf 82' lang='grc' dir='ltr'><strong>κάλλους</strong></span> <span class='ocrx_word' id='word_1_100' title='bbox 1356 1427 1458 1497; x_wconf 82' lang='grc' dir='ltr'>τῆς</span> <span class='ocrx_word' id='word_1_101' title='bbox 1495 1427 1673 1501; x_wconf 75' lang='grc' dir='ltr'>ψυχῆς</span> 
     </span>
    </p>
   </div>
   <div class='ocr_carea' id='block_1_16' title="bbox 122 1499 1671 1592">
    <p class='ocr_par' dir='ltr' id='par_1_16' title="bbox 122 1499 1671 1592">
     <span class='ocr_line' id='line_1_16' title="bbox 122 1499 1671 1592; baseline 0.016 -42"><span class='ocrx_word' id='word_1_102' title='bbox 122 1499 409 1555; x_wconf 73' lang='grc' dir='ltr'>ἀναδίδωσι·</span> <span class='ocrx_word' id='word_1_103' title='bbox 446 1504 594 1577; x_wconf 72' lang='grc' dir='ltr'>ψυχὴ</span> <span class='ocrx_word' id='word_1_104' title='bbox 628 1508 686 1561; x_wconf 82' lang='grc' dir='ltr'>δὲ</span> <span class='ocrx_word' id='word_1_105' title='bbox 734 1509 897 1581; x_wconf 81' lang='grc' dir='ltr'>ζῆλόν</span> <span class='ocrx_word' id='word_1_106' title='bbox 929 1529 989 1566; x_wconf 91' lang='grc' dir='ltr'><strong>τε</strong></span> <span class='ocrx_word' id='word_1_107' title='bbox 1018 1515 1113 1568; x_wconf 74' lang='grc' dir='ltr'>καὶ</span> <span class='ocrx_word' id='word_1_108' title='bbox 1141 1516 1331 1589; x_wconf 79' lang='grc' dir='ltr'>ὀργὴν,</span> <span class='ocrx_word' id='word_1_109' title='bbox 1385 1499 1671 1592; x_wconf 77' lang='grc' dir='ltr'>ὑπόκρισίν</span> 
     </span>
    </p>
   </div>
   <div class='ocr_carea' id='block_1_17' title="bbox 122 1592 1671 1685">
    <p class='ocr_par' dir='ltr' id='par_1_17' title="bbox 122 1592 1671 1685">
     <span class='ocr_line' id='line_1_17' title="bbox 122 1592 1671 1685; baseline 0.017 -44"><span class='ocrx_word' id='word_1_110' title='bbox 122 1606 171 1641; x_wconf 89' lang='grc' dir='ltr'><strong>τε</strong></span> <span class='ocrx_word' id='word_1_111' title='bbox 199 1593 282 1685; x_wconf 75' lang='grc' dir='ltr'>καὶ</span> <span class='ocrx_word' id='word_1_112' title='bbox 316 1592 512 1667; x_wconf 83' lang='grc' dir='ltr'>ἔχθραν</span> <span class='ocrx_word' id='word_1_113' title='bbox 542 1598 634 1651; x_wconf 74' lang='grc' dir='ltr'><strong>ὑπ’</strong></span> <span class='ocrx_word' id='word_1_114' title='bbox 666 1601 976 1675; x_wconf 82' lang='grc' dir='ltr'>ἀφροσύνης</span> <span class='ocrx_word' id='word_1_115' title='bbox 1003 1606 1111 1677; x_wconf 85' lang='lat'><strong>(8|)</strong></span> <span class='ocrx_word' id='word_1_116' title='bbox 1140 1608 1471 1682; x_wconf 83' lang='grc' dir='ltr'>κλονουμένη</span> <span class='ocrx_word' id='word_1_117' title='bbox 1515 1613 1671 1685; x_wconf 81' lang='grc' dir='ltr'>φέρει</span> 
     </span>
    </p>
   </div>
   <div class='ocr_carea' id='block_1_18' title="bbox 122 1683 1671 1776">
    <p class='ocr_par' dir='ltr' id='par_1_18' title="bbox 122 1683 1671 1776">
     <span class='ocr_line' id='line_1_18' title="bbox 122 1683 1671 1776; baseline 0.016 -43"><span class='ocrx_word' id='word_1_118' title='bbox 122 1683 245 1776; x_wconf 75' lang='grc' dir='ltr'>κατὰ</span> <span class='ocrx_word' id='word_1_119' title='bbox 273 1686 361 1738; x_wconf 78' lang='grc' dir='ltr'><strong>τοῦ</strong></span> <span class='ocrx_word' id='word_1_120' title='bbox 392 1685 666 1759; x_wconf 83' lang='grc' dir='ltr'>σώματος.</span> <span class='ocrx_word' id='word_1_121' title='bbox 692 1693 805 1746; x_wconf 79' lang='grc' dir='ltr'><strong>Καὶ</strong></span> <span class='ocrx_word' id='word_1_122' title='bbox 837 1693 983 1749; x_wconf 79' lang='grc' dir='ltr'>ἔστιν</span> <span class='ocrx_word' id='word_1_123' title='bbox 1009 1697 1097 1750; x_wconf 82' lang='grc' dir='ltr'><strong>ὅτε</strong></span> <span class='ocrx_word' id='word_1_124' title='bbox 1128 1699 1277 1771; x_wconf 74' lang='grc' dir='ltr'>φόϐῳ</span> <span class='ocrx_word' id='word_1_125' title='bbox 1300 1700 1408 1754; x_wconf 84' lang='grc' dir='ltr'>τῶν</span> <span class='ocrx_word' id='word_1_126' title='bbox 1444 1703 1510 1756; x_wconf 85' lang='grc' dir='ltr'><strong>ἐκ</strong></span> <span class='ocrx_word' id='word_1_127' title='bbox 1538 1683 1671 1776; x_wconf 87' lang='grc' dir='ltr'>σαρ-</span> 
     </span>
    </p>
   </div>
   <div class='ocr_carea' id='block_1_19' title="bbox 122 1771 1744 1862">
    <p class='ocr_par' dir='ltr' id='par_1_19' title="bbox 122 1771 1744 1862">
     <span class='ocr_line' id='line_1_19' title="bbox 122 1771 1744 1862; baseline 0.015 -38"><span class='ocrx_word' id='word_1_128' title='bbox 122 1771 203 1835; x_wconf 57' lang='lat' dir='ltr'><strong>ta;</strong></span> <span class='ocrx_word' id='word_1_129' title='bbox 232 1776 409 1832; x_wconf 81' lang='grc' dir='ltr'>παθῶν</span> <span class='ocrx_word' id='word_1_130' title='bbox 443 1782 721 1849; x_wconf 77' lang='grc' dir='ltr'>νηστείαις</span> <span class='ocrx_word' id='word_1_131' title='bbox 748 1786 841 1838; x_wconf 84' lang='grc' dir='ltr'>καὶ</span> <span class='ocrx_word' id='word_1_132' title='bbox 872 1786 1315 1859; x_wconf 78' lang='grc' dir='ltr'>σκληραγωγίαις</span> <span class='ocrx_word' id='word_1_133' title='bbox 1344 1793 1412 1845; x_wconf 84' lang='grc' dir='ltr'><strong>τὰ</strong></span> <span class='ocrx_word' id='word_1_134' title='bbox 1444 1771 1672 1862; x_wconf 78' lang='grc' dir='ltr'>σώματα</span> <span class='ocrx_word' id='word_1_135' title='bbox 1703 1786 1744 1841; x_wconf 79' lang='grc' dir='ltr'>Β</span> 
     </span>
    </p>
   </div>
   <div class='ocr_carea' id='block_1_20' title="bbox 122 1865 1672 1952">
    <p class='ocr_par' dir='ltr' id='par_1_20' title="bbox 122 1865 1672 1952">
     <span class='ocr_line' id='line_1_20' title="bbox 122 1865 1672 1952; baseline 0.015 -37"><span class='ocrx_word' id='word_1_136' title='bbox 122 1865 240 1935; x_wconf 78' lang='grc' dir='ltr'>πρὸς</span> <span class='ocrx_word' id='word_1_137' title='bbox 281 1866 378 1920; x_wconf 80' lang='grc' dir='ltr'>ίὸια</span> <span class='ocrx_word' id='word_1_138' title='bbox 414 1870 483 1923; x_wconf 85' lang='grc' dir='ltr'>τὰ</span> <span class='ocrx_word' id='word_1_139' title='bbox 525 1871 675 1944; x_wconf 76' lang='grc' dir='ltr'>πάθη</span> <span class='ocrx_word' id='word_1_140' title='bbox 721 1874 1115 1946; x_wconf 84' lang='grc' dir='ltr'>νεκρὼσαντες,</span> <span class='ocrx_word' id='word_1_141' title='bbox 1160 1880 1229 1933; x_wconf 83' lang='grc' dir='ltr'>τὰ</span> <span class='ocrx_word' id='word_1_142' title='bbox 1255 1880 1434 1952; x_wconf 72' lang='grc' dir='ltr'>ψυχῆς</span> <span class='ocrx_word' id='word_1_143' title='bbox 1479 1883 1587 1938; x_wconf 79' lang='grc' dir='ltr'>ἴδια</span> <span class='ocrx_word' id='word_1_144' title='bbox 1614 1887 1672 1939; x_wconf 84' lang='grc' dir='ltr'>ὲν</span> 
     </span>
    </p>
   </div>
   <div class='ocr_carea' id='block_1_21' title="bbox 119 1956 1673 2045">
    <p class='ocr_par' dir='ltr' id='par_1_21' title="bbox 119 1956 1673 2045">
     <span class='ocr_line' id='line_1_21' title="bbox 119 1956 1673 2045; baseline 0.017 -40"><span class='ocrx_word' id='word_1_145' title='bbox 119 1956 276 2026; x_wconf 82' lang='grc' dir='ltr'>νεκρῷ</span> <span class='ocrx_word' id='word_1_146' title='bbox 318 1957 526 2029; x_wconf 82' lang='grc' dir='ltr'>σώματι</span> <span class='ocrx_word' id='word_1_147' title='bbox 566 1964 955 2038; x_wconf 85' lang='grc' dir='ltr'>περιφέρομεν,</span> <span class='ocrx_word' id='word_1_148' title='bbox 987 1969 1062 2033; x_wconf 84' lang='grc' dir='ltr'>ὡς</span> <span class='ocrx_word' id='word_1_149' title='bbox 1101 1971 1326 2026; x_wconf 76' lang='grc' dir='ltr'>αὐτόθεν</span> <span class='ocrx_word' id='word_1_150' title='bbox 1346 1973 1408 2026; x_wconf 85' lang='grc' dir='ltr'>τὸ</span> <span class='ocrx_word' id='word_1_151' title='bbox 1438 1975 1673 2045; x_wconf 81' lang='grc' dir='ltr'>χωλεῠον</span> 
     </span>
    </p>
   </div>
   <div class='ocr_carea' id='block_1_22' title="bbox 121 2047 1676 2141">
    <p class='ocr_par' dir='ltr' id='par_1_22' title="bbox 121 2047 1676 2141">
     <span class='ocr_line' id='line_1_22' title="bbox 121 2047 1676 2141; baseline 0.017 -43"><span class='ocrx_word' id='word_1_152' title='bbox 121 2047 242 2141; x_wconf 72' lang='grc' dir='ltr'>προς</span> <span class='ocrx_word' id='word_1_153' title='bbox 266 2049 572 2124; x_wconf 76' lang='grc' dir='ltr'>τελειότητα</span> <span class='ocrx_word' id='word_1_154' title='bbox 607 2056 916 2125; x_wconf 86' lang='grc' dir='ltr'>φαίνεσθαι,</span> <span class='ocrx_word' id='word_1_155' title='bbox 955 2062 1039 2115; x_wconf 85' lang='grc' dir='ltr'>ὃτι</span> <span class='ocrx_word' id='word_1_156' title='bbox 1070 2062 1180 2135; x_wconf 70' lang='grc'>(82)</span> <span class='ocrx_word' id='word_1_157' title='bbox 1211 2066 1271 2118; x_wconf 83' lang='grc' dir='ltr'><strong>τὸ</strong></span> <span class='ocrx_word' id='word_1_158' title='bbox 1297 2065 1485 2137; x_wconf 81' lang='grc' dir='ltr'>ἓτερον</span> <span class='ocrx_word' id='word_1_159' title='bbox 1505 2070 1676 2141; x_wconf 75' lang='grc' dir='ltr'>χωρὶς</span> 
     </span>
    </p>
   </div>
   <div class='ocr_carea' id='block_1_23' title="bbox 120 2139 1673 2234">
    <p class='ocr_par' dir='ltr' id='par_1_23' title="bbox 120 2139 1673 2234">
     <span class='ocr_line' id='line_1_23' title="bbox 120 2139 1673 2234; baseline 0.017 -43"><span class='ocrx_word' id='word_1_160' title='bbox 120 2139 200 2234; x_wconf 75' lang='grc' dir='ltr'>τοῦ</span> <span class='ocrx_word' id='word_1_161' title='bbox 240 2143 422 2234; x_wconf 64' lang='grc' dir='ltr'>ετὲρου</span> <span class='ocrx_word' id='word_1_162' title='bbox 474 2148 845 2220; x_wconf 84' lang='grc' dir='ltr'>κατορθωθὲν,</span> <span class='ocrx_word' id='word_1_163' title='bbox 908 2154 1099 2219; x_wconf 86' lang='grc' dir='ltr'>ἀτελὲς</span> <span class='ocrx_word' id='word_1_164' title='bbox 1151 2157 1288 2229; x_wconf 84' lang='grc' dir='ltr'>πρὸς</span> <span class='ocrx_word' id='word_1_165' title='bbox 1344 2158 1443 2231; x_wconf 86' lang='grc' dir='ltr'>τὴν</span> <span class='ocrx_word' id='word_1_166' title='bbox 1497 2139 1673 2234; x_wconf 80' lang='grc' dir='ltr'>ἀληθῆ</span> 
     </span>
    </p>
   </div>
   <div class='ocr_carea' id='block_1_24' title="bbox 118 2230 1675 2325">
    <p class='ocr_par' dir='ltr' id='par_1_24' title="bbox 118 2230 1675 2325">
     <span class='ocr_line' id='line_1_24' title="bbox 118 2230 1675 2325; baseline 0.015 -41"><span class='ocrx_word' id='word_1_167' title='bbox 118 2230 294 2325; x_wconf 76' lang='grc' dir='ltr'>ἀρετὴν</span> <span class='ocrx_word' id='word_1_168' title='bbox 325 2236 384 2289; x_wconf 83' lang='grc' dir='ltr'><strong>τὸ</strong></span> <span class='ocrx_word' id='word_1_169' title='bbox 412 2235 574 2309; x_wconf 78' lang='grc' dir='ltr'>ἔργον</span> <span class='ocrx_word' id='word_1_170' title='bbox 606 2240 841 2313; x_wconf 79' lang='grc' dir='ltr'>ἐλέγχει.</span> <span class='ocrx_word' id='word_1_171' title='bbox 868 2244 1005 2299; x_wconf 72' lang='grc' dir='ltr'>Οὔτε</span> <span class='ocrx_word' id='word_1_172' title='bbox 1035 2247 1227 2320; x_wconf 86' lang='grc' dir='ltr'>γὰρτά</span> <span class='ocrx_word' id='word_1_173' title='bbox 1251 2230 1502 2322; x_wconf 80' lang='grc' dir='ltr'>σώματος</span> <span class='ocrx_word' id='word_1_174' title='bbox 1526 2230 1675 2325; x_wconf 79' lang='grc' dir='ltr'>πάθη</span> 
     </span>
    </p>
   </div>
   <div class='ocr_carea' id='block_1_25' title="bbox 116 2318 1675 2411">
    <p class='ocr_par' dir='ltr' id='par_1_25' title="bbox 116 2318 1675 2411">
     <span class='ocr_line' id='line_1_25' title="bbox 116 2318 1675 2411; baseline 0.016 -37"><span class='ocrx_word' id='word_1_175' title='bbox 116 2318 193 2411; x_wconf 68' lang='grc' dir='ltr'>διὰ</span> <span class='ocrx_word' id='word_1_176' title='bbox 218 2328 472 2395; x_wconf 80' lang='grc' dir='ltr'>νηστειῶν</span> <span class='ocrx_word' id='word_1_177' title='bbox 499 2331 848 2402; x_wconf 81' lang='grc' dir='ltr'>ἐκτεμόντες,</span> <span class='ocrx_word' id='word_1_178' title='bbox 874 2335 973 2406; x_wconf 87' lang='grc' dir='ltr'>τὴν</span> <span class='ocrx_word' id='word_1_179' title='bbox 997 2337 1054 2390; x_wconf 83' lang='grc' dir='ltr'><strong>δὲ</strong></span> <span class='ocrx_word' id='word_1_180' title='bbox 1082 2318 1261 2409; x_wconf 63' lang='grc' dir='ltr'>ψυχὴν</span> <span class='ocrx_word' id='word_1_181' title='bbox 1293 2318 1405 2406; x_wconf 82' lang='grc' dir='ltr'>τοῖς</span> <span class='ocrx_word' id='word_1_182' title='bbox 1434 2343 1586 2408; x_wconf 84' lang='grc' dir='ltr'>ἰδίοις</span> <span class='ocrx_word' id='word_1_183' title='bbox 1610 2318 1675 2399; x_wconf 62' lang='grc' dir='ltr'>ἐκ</span> 
     </span>
    </p>
   </div>
   <div class='ocr_carea' id='block_1_26' title="bbox 121 2410 1675 2509">
    <p class='ocr_par' dir='ltr' id='par_1_26' title="bbox 121 2410 1675 2509">
     <span class='ocr_line' id='line_1_26' title="bbox 121 2410 1675 2509; baseline 0.016 -43"><span class='ocrx_word' id='word_1_184' title='bbox 121 2410 261 2484; x_wconf 76' lang='grc' dir='ltr'>ζήλου</span> <span class='ocrx_word' id='word_1_185' title='bbox 296 2420 387 2472; x_wconf 76' lang='grc' dir='ltr'><strong>καὶ</strong></span> <span class='ocrx_word' id='word_1_186' title='bbox 429 2422 779 2496; x_wconf 80' lang='grc' dir='ltr'>ὑποκρίσεως</span> <span class='ocrx_word' id='word_1_187' title='bbox 808 2428 904 2481; x_wconf 77' lang='grc' dir='ltr'>καὶ</span> <span class='ocrx_word' id='word_1_188' title='bbox 933 2429 1041 2483; x_wconf 80' lang='grc' dir='ltr'><strong>τῶν</strong></span> <span class='ocrx_word' id='word_1_189' title='bbox 1075 2430 1252 2486; x_wconf 84' lang='grc' dir='ltr'>ἄλλων</span> <span class='ocrx_word' id='word_1_190' title='bbox 1292 2433 1481 2488; x_wconf 87' lang='grc' dir='ltr'>παθῶν</span> <span class='ocrx_word' id='word_1_191' title='bbox 1519 2438 1675 2509; x_wconf 84' lang='grc' dir='ltr'>κινή-</span> 
     </span>
    </p>
   </div>
   <div class='ocr_carea' id='block_1_27' title="bbox 123 2511 1677 2599">
    <p class='ocr_par' dir='ltr' id='par_1_27' title="bbox 123 2511 1677 2599">
     <span class='ocr_line' id='line_1_27' title="bbox 123 2511 1677 2599; baseline 0.017 -40"><span class='ocrx_word' id='word_1_192' title='bbox 123 2522 236 2599; x_wconf 80' lang='grc' dir='ltr'>μασι</span> <span class='ocrx_word' id='word_1_193' title='bbox 289 2511 668 2589; x_wconf 86' lang='grc' dir='ltr'>τεθολωμένην</span> <span class='ocrx_word' id='word_1_194' title='bbox 721 2520 1153 2591; x_wconf 85' lang='grc' dir='ltr'>καταλιπόντες,</span> <span class='ocrx_word' id='word_1_195' title='bbox 1216 2527 1485 2598; x_wconf 89' lang='grc' dir='ltr'>χρήσιμον</span> <span class='ocrx_word' id='word_1_196' title='bbox 1539 2529 1677 2599; x_wconf 84' lang='grc' dir='ltr'>πρὸς</span> 
     </span>
    </p>
   </div>
   <div class='ocr_carea' id='block_1_28' title="bbox 120 2598 1676 2694">
    <p class='ocr_par' dir='ltr' id='par_1_28' title="bbox 120 2598 1676 2694">
     <span class='ocr_line' id='line_1_28' title="bbox 120 2598 1676 2694; baseline 0.015 -42"><span class='ocrx_word' id='word_1_197' title='bbox 120 2598 297 2694; x_wconf 71' lang='grc' dir='ltr'>ἀρετὴν</span> <span class='ocrx_word' id='word_1_198' title='bbox 314 2605 411 2676; x_wconf 77' lang='grc' dir='ltr'>τὴν</span> <span class='ocrx_word' id='word_1_199' title='bbox 431 2607 528 2660; x_wconf 78' lang='grc' dir='ltr'>τοῦ</span> <span class='ocrx_word' id='word_1_200' title='bbox 556 2608 811 2680; x_wconf 81' lang='grc' dir='ltr'>σώματος</span> <span class='ocrx_word' id='word_1_201' title='bbox 833 2613 1066 2687; x_wconf 82' lang='grc' dir='ltr'>ἄσκησιν</span> <span class='ocrx_word' id='word_1_202' title='bbox 1090 2617 1398 2690; x_wconf 79' lang='grc' dir='ltr'>δείκνυμεν.</span> <span class='ocrx_word' id='word_1_203' title='bbox 1424 2621 1562 2675; x_wconf 74' lang='grc' dir='ltr'>Οὔτε</span> <span class='ocrx_word' id='word_1_204' title='bbox 1577 2622 1676 2694; x_wconf 82' lang='grc' dir='ltr'><strong>τὴν</strong></span> 
     </span>
    </p>
   </div>
   <div class='ocr_carea' id='block_1_29' title="bbox 119 2690 1679 2786">
    <p class='ocr_par' dir='ltr' id='par_1_29' title="bbox 119 2690 1679 2786">
     <span class='ocr_line' id='line_1_29' title="bbox 119 2690 1679 2786; baseline 0.013 -38"><span class='ocrx_word' id='word_1_205' title='bbox 119 2690 271 2786; x_wconf 46' lang='lat' dir='ltr'><strong>liram</strong></span> <span class='ocrx_word' id='word_1_206' title='bbox 293 2697 396 2751; x_wconf 77' lang='grc' dir='ltr'>τῶν</span> <span class='ocrx_word' id='word_1_207' title='bbox 432 2700 581 2756; x_wconf 87' lang='grc' dir='ltr'>ἰδίων</span> <span class='ocrx_word' id='word_1_208' title='bbox 612 2703 952 2776; x_wconf 83' lang='grc' dir='ltr'>παθημάτων</span> <span class='ocrx_word' id='word_1_209' title='bbox 969 2709 1328 2782; x_wconf 81' lang='grc' dir='ltr'>καθάραντες,</span> <span class='ocrx_word' id='word_1_210' title='bbox 1350 2713 1411 2765; x_wconf 87' lang='grc' dir='ltr'><strong>τδ</strong></span> <span class='ocrx_word' id='word_1_211' title='bbox 1438 2713 1495 2767; x_wconf 85' lang='grc' dir='ltr'>δὲ</span> <span class='ocrx_word' id='word_1_212' title='bbox 1518 2690 1679 2786; x_wconf 81' lang='grc' dir='ltr'>σῶμα</span> 
     </span>
    </p>
   </div>
   <div class='ocr_carea' id='block_1_30' title="bbox 121 2783 1677 2879">
    <p class='ocr_par' dir='ltr' id='par_1_30' title="bbox 121 2783 1677 2879">
     <span class='ocr_line' id='line_1_30' title="bbox 121 2783 1677 2879; baseline 0.016 -42"><span class='ocrx_word' id='word_1_213' title='bbox 121 2783 292 2879; x_wconf 65' lang='grc' dir='ltr'>άφετον</span> <span class='ocrx_word' id='word_1_214' title='bbox 327 2791 461 2863; x_wconf 81' lang='grc' dir='ltr'>πρὸς</span> <span class='ocrx_word' id='word_1_215' title='bbox 502 2793 606 2858; x_wconf 80' lang='grc' dir='ltr'>τὰς</span> <span class='ocrx_word' id='word_1_216' title='bbox 641 2798 847 2867; x_wconf 84' lang='grc' dir='ltr'>σαρκὸς</span> <span class='ocrx_word' id='word_1_217' title='bbox 871 2798 982 2867; x_wconf 85' lang='grc'>(85)</span> <span class='ocrx_word' id='word_1_218' title='bbox 1022 2801 1215 2872; x_wconf 80' lang='grc' dir='ltr'>ἡδονὰς</span> <span class='ocrx_word' id='word_1_219' title='bbox 1238 2805 1332 2856; x_wconf 83' lang='grc' dir='ltr'><strong>καί</strong></span> <span class='ocrx_word' id='word_1_220' title='bbox 1362 2804 1458 2876; x_wconf 82' lang='grc' dir='ltr'>τὴν</span> <span class='ocrx_word' id='word_1_221' title='bbox 1484 2783 1677 2879; x_wconf 75' lang='grc' dir='ltr'>λοιπὴν</span> 
     </span>
    </p>
   </div>
   <div class='ocr_carea' id='block_1_31' title="bbox 123 2875 1678 2966">
    <p class='ocr_par' dir='ltr' id='par_1_31' title="bbox 123 2875 1678 2966">
     <span class='ocr_line' id='line_1_31' title="bbox 123 2875 1678 2966; baseline 0.015 -36"><span class='ocrx_word' id='word_1_222' title='bbox 123 2875 291 2966; x_wconf 68' lang='grc' dir='ltr'>θρύψιν</span> <span class='ocrx_word' id='word_1_223' title='bbox 318 2883 571 2952; x_wconf 78' lang='grc' dir='ltr'>ἀφέντες,</span> <span class='ocrx_word' id='word_1_224' title='bbox 606 2888 712 2942; x_wconf 71' lang='grc' dir='ltr'><strong>κᾶν</strong></span> <span class='ocrx_word' id='word_1_225' title='bbox 739 2889 813 2960; x_wconf 80' lang='grc' dir='ltr'>μὴ</span> <span class='ocrx_word' id='word_1_226' title='bbox 845 2896 992 2964; x_wconf 80' lang='grc' dir='ltr'>παρῇ</span> <span class='ocrx_word' id='word_1_227' title='bbox 1023 2895 1054 2961; x_wconf 84' lang='grc' dir='ltr'><strong>ἡ</strong></span> <span class='ocrx_word' id='word_1_228' title='bbox 1084 2894 1220 2966; x_wconf 75' lang='grc' dir='ltr'>πρὸς</span> <span class='ocrx_word' id='word_1_229' title='bbox 1255 2875 1511 2965; x_wconf 80' lang='grc' dir='ltr'>πορνείαν</span> <span class='ocrx_word' id='word_1_230' title='bbox 1532 2875 1678 2963; x_wconf 53' lang='grc' dir='ltr'>,ἁκο-</span> 
     </span>
    </p>
   </div>
   <div class='ocr_carea' id='block_1_32' title="bbox 119 2965 1676 3057">
    <p class='ocr_par' dir='ltr' id='par_1_32' title="bbox 119 2965 1676 3057">
     <span class='ocr_line' id='line_1_32' title="bbox 119 2965 1676 3057; baseline 0.013 -34"><span class='ocrx_word' id='word_1_231' title='bbox 119 2965 280 3057; x_wconf 72' lang='grc' dir='ltr'>λασία,</span> <span class='ocrx_word' id='word_1_232' title='bbox 313 2974 515 3028; x_wconf 78' lang='grc' dir='ltr'>τέλειον</span> <span class='ocrx_word' id='word_1_233' title='bbox 548 2976 641 3030; x_wconf 86' lang='grc' dir='ltr'><strong>τὸν</strong></span> <span class='ocrx_word' id='word_1_234' title='bbox 682 2980 819 3050; x_wconf 79' lang='grc' dir='ltr'>πρὸς</span> <span class='ocrx_word' id='word_1_235' title='bbox 843 2982 1044 3054; x_wconf 81' lang='grc' dir='ltr'>ἀρετὴν</span> <span class='ocrx_word' id='word_1_236' title='bbox 1086 2965 1199 3055; x_wconf 85' lang='grc' dir='ltr'>βίον</span> <span class='ocrx_word' id='word_1_237' title='bbox 1222 2987 1379 3057; x_wconf 79' lang='grc' dir='ltr'>ἡμῶν</span> <span class='ocrx_word' id='word_1_238' title='bbox 1406 2988 1577 3054; x_wconf 80' lang='grc' dir='ltr'>δεῖξαι</span> <span class='ocrx_word' id='word_1_239' title='bbox 1614 2991 1676 3043; x_wconf 85' lang='grc' dir='ltr'><strong>οὐ</strong></span> 
     </span>
    </p>
   </div>
   <div class='ocr_carea' id='block_1_33' title="bbox 121 3055 1677 3151">
    <p class='ocr_par' dir='ltr' id='par_1_33' title="bbox 121 3055 1677 3151">
     <span class='ocr_line' id='line_1_33' title="bbox 121 3055 1677 3151; baseline 0.017 -43"><span class='ocrx_word' id='word_1_240' title='bbox 121 3055 383 3130; x_wconf 78' lang='grc' dir='ltr'>δυνάμεθα.</span> <span class='ocrx_word' id='word_1_241' title='bbox 428 3065 593 3120; x_wconf 77' lang='grc' dir='ltr'>Ἀλλὰ</span> <span class='ocrx_word' id='word_1_242' title='bbox 637 3066 718 3121; x_wconf 82' lang='grc' dir='ltr'><strong>δεί⁹</strong></span> <span class='ocrx_word' id='word_1_243' title='bbox 748 3069 838 3123; x_wconf 79' lang='grc' dir='ltr'>τὸν</span> <span class='ocrx_word' id='word_1_244' title='bbox 866 3072 1130 3142; x_wconf 82' lang='grc' dir='ltr'>μέλλοντα</span> <span class='ocrx_word' id='word_1_245' title='bbox 1158 3055 1356 3141; x_wconf 81' lang='grc' dir='ltr'>παντὸς</span> <span class='ocrx_word' id='word_1_246' title='bbox 1399 3058 1677 3151; x_wconf 73' lang='grc' dir='ltr'>μολυσμοῦ</span> 
     </span>
    </p>
   </div>
   <div class='ocr_carea' id='block_1_34' title="bbox 1780 524 3358 596">
    <p class='ocr_par' dir='ltr' id='par_1_34' title="bbox 1780 524 3358 596">
     <span class='ocr_line' id='line_1_34' title="bbox 1780 524 3358 596; baseline 0.002 -17"><span class='ocrx_word' id='word_1_247' title='bbox 1780 524 1873 579; x_wconf 83' lang='lat' dir='ltr'><strong>sed</strong></span> <span class='ocrx_word' id='word_1_248' title='bbox 1910 533 2203 593; x_wconf 87' lang='lat' dir='ltr'><strong>utrumque</strong></span> <span class='ocrx_word' id='word_1_249' title='bbox 2234 527 2285 579; x_wconf 91' lang='lat' dir='ltr'><strong>in</strong></span> <span class='ocrx_word' id='word_1_250' title='bbox 2313 525 2533 596; x_wconf 87' lang='lat' dir='ltr'><strong>proprio</strong></span> <span class='ocrx_word' id='word_1_251' title='bbox 2558 525 2676 580; x_wconf 89' lang='lat' dir='ltr'><strong>loco</strong></span> <span class='ocrx_word' id='word_1_252' title='bbox 2704 536 2759 581; x_wconf 90' lang='lat' dir='ltr'><strong>et</strong></span> <span class='ocrx_word' id='word_1_253' title='bbox 2785 528 2975 583; x_wconf 86' lang='lat' dir='ltr'><strong>ordine</strong></span> <span class='ocrx_word' id='word_1_254' title='bbox 3000 538 3056 585; x_wconf 90' lang='lat' dir='ltr'><strong>et</strong></span> <span class='ocrx_word' id='word_1_255' title='bbox 3087 545 3186 585; x_wconf 89' lang='lat' dir='ltr'><strong>usu</strong></span> <span class='ocrx_word' id='word_1_256' title='bbox 3215 537 3358 582; x_wconf 85' lang='lat' dir='ltr'><strong>tran-</strong></span> 
     </span>
    </p>
   </div>
   <div class='ocr_carea' id='block_1_35' title="bbox 1777 616 3357 686">
    <p class='ocr_par' dir='ltr' id='par_1_35' title="bbox 1777 616 3357 686">
     <span class='ocr_line' id='line_1_35' title="bbox 1777 616 3357 686; baseline 0.002 -17"><span class='ocrx_word' id='word_1_257' title='bbox 1777 616 1942 684; x_wconf 86' lang='lat' dir='ltr'><strong>quille</strong></span> <span class='ocrx_word' id='word_1_258' title='bbox 1971 617 2314 680; x_wconf 87' lang='lat' dir='ltr'><strong>custodiens,</strong></span> <span class='ocrx_word' id='word_1_259' title='bbox 2345 631 2529 684; x_wconf 87' lang='lat' dir='ltr'><strong>pacem</strong></span> <span class='ocrx_word' id='word_1_260' title='bbox 2575 618 2813 685; x_wconf 89' lang='lat' dir='ltr'><strong>partibus</strong></span> <span class='ocrx_word' id='word_1_261' title='bbox 2858 619 3131 686; x_wconf 77' lang='lat' dir='ltr'><strong>Sapienter</strong></span> <span class='ocrx_word' id='word_1_262' title='bbox 3171 619 3357 675; x_wconf 87' lang='lat' dir='ltr'><strong>conci-</strong></span> 
     </span>
    </p>
   </div>
   <div class='ocr_carea' id='block_1_36' title="bbox 1776 706 3359 779">
    <p class='ocr_par' dir='ltr' id='par_1_36' title="bbox 1776 706 3359 779">
     <span class='ocr_line' id='line_1_36' title="bbox 1776 706 3359 779; baseline 0.001 -20"><span class='ocrx_word' id='word_1_263' title='bbox 1776 706 1950 774; x_wconf 89' lang='lat' dir='ltr'><strong>liabit,</strong></span> <span class='ocrx_word' id='word_1_264' title='bbox 1996 723 2060 763; x_wconf 87' lang='lat' dir='ltr'><strong>ac</strong></span> <span class='ocrx_word' id='word_1_265' title='bbox 2112 723 2308 778; x_wconf 89' lang='lat' dir='ltr'><strong>corpus</strong></span> <span class='ocrx_word' id='word_1_266' title='bbox 2363 716 2418 763; x_wconf 87' lang='lat' dir='ltr'><strong>et</strong></span> <span class='ocrx_word' id='word_1_267' title='bbox 2460 709 2729 772; x_wconf 88' lang='lat' dir='ltr'><strong>animam,</strong></span> <span class='ocrx_word' id='word_1_268' title='bbox 2762 718 2821 763; x_wconf 87' lang='lat' dir='ltr'><strong>ttt</strong></span> <span class='ocrx_word' id='word_1_269' title='bbox 2860 709 2913 762; x_wconf 89' lang='lat' dir='ltr'><strong>in</strong></span> <span class='ocrx_word' id='word_1_270' title='bbox 2946 710 3127 779; x_wconf 90' lang='lat' dir='ltr'><strong>quiete</strong></span> <span class='ocrx_word' id='word_1_271' title='bbox 3165 724 3359 764; x_wconf 85' lang='lat' dir='ltr'><strong>secun-</strong></span> 
     </span>
    </p>
   </div>
   <div class='ocr_carea' id='block_1_37' title="bbox 1776 801 3355 869">
    <p class='ocr_par' dir='ltr' id='par_1_37' title="bbox 1776 801 3355 869">
     <span class='ocr_line' id='line_1_37' title="bbox 1776 801 3355 869; baseline 0.002 -18"><span class='ocrx_word' id='word_1_272' title='bbox 1776 801 1903 854; x_wconf 90' lang='lat' dir='ltr'><strong>dum</strong></span> <span class='ocrx_word' id='word_1_273' title='bbox 1944 811 2190 854; x_wconf 86' lang='lat' dir='ltr'><strong>naturam</strong></span> <span class='ocrx_word' id='word_1_274' title='bbox 2229 810 2506 863; x_wconf 84' lang='lat' dir='ltr'><strong>maneant,</strong></span> <span class='ocrx_word' id='word_1_275' title='bbox 2537 814 2816 862; x_wconf 79' lang='lat' dir='ltr'><strong>exercens,</strong></span> <span class='ocrx_word' id='word_1_276' title='bbox 2852 814 2920 854; x_wconf 74' lang='lat' dir='ltr'><strong>ex</strong></span> <span class='ocrx_word' id='word_1_277' title='bbox 2957 811 3188 869; x_wconf 89' lang='lat' dir='ltr'><strong>utroque</strong></span> <span class='ocrx_word' id='word_1_278' title='bbox 3223 814 3355 856; x_wconf 85' lang='lat' dir='ltr'><strong>con-</strong></span> 
     </span>
    </p>
   </div>
   <div class='ocr_carea' id='block_1_38' title="bbox 1775 892 3356 962">
    <p class='ocr_par' dir='ltr' id='par_1_38' title="bbox 1775 892 3356 962">
     <span class='ocr_line' id='line_1_38' title="bbox 1775 892 3356 962; baseline -0.002 -14"><span class='ocrx_word' id='word_1_279' title='bbox 1775 892 1971 948; x_wconf 72' lang='lat' dir='ltr'><strong>cordizc</strong></span> <span class='ocrx_word' id='word_1_280' title='bbox 2005 894 2241 962; x_wconf 75' lang='lat' dir='ltr'><strong>Speciem</strong></span> <span class='ocrx_word' id='word_1_281' title='bbox 2280 893 2622 962; x_wconf 86' lang='lat' dir='ltr'><strong>purissimam</strong></span> <span class='ocrx_word' id='word_1_282' title='bbox 2676 894 2925 946; x_wconf 85' lang='lat' dir='ltr'><strong>ostendet</strong></span> <span class='ocrx_word' id='word_1_283' title='bbox 2955 910 2970 959; x_wconf 86' lang='lat'><strong>;</strong></span> <span class='ocrx_word' id='word_1_284' title='bbox 3008 894 3205 947; x_wconf 88' lang='lat' dir='ltr'><strong>mentis</strong></span> <span class='ocrx_word' id='word_1_285' title='bbox 3237 892 3356 961; x_wconf 86' lang='lat' dir='ltr'><strong>qui-</strong></span> 
     </span>
    </p>
   </div>
   <div class='ocr_carea' id='block_1_39' title="bbox 1776 983 3357 1054">
    <p class='ocr_par' dir='ltr' id='par_1_39' title="bbox 1776 983 3357 1054">
     <span class='ocr_line' id='line_1_39' title="bbox 1776 983 3357 1054; baseline -0.003 -14"><span class='ocrx_word' id='word_1_286' title='bbox 1776 985 1896 1040; x_wconf 84' lang='lat' dir='ltr'><strong>dem</strong></span> <span class='ocrx_word' id='word_1_287' title='bbox 1927 984 2266 1054; x_wconf 87' lang='lat' dir='ltr'><strong>splendorem</strong></span> <span class='ocrx_word' id='word_1_288' title='bbox 2296 994 2546 1054; x_wconf 87' lang='lat' dir='ltr'><strong>pacatum</strong></span> <span class='ocrx_word' id='word_1_289' title='bbox 2570 993 2625 1038; x_wconf 90' lang='lat' dir='ltr'><strong>et</strong></span> <span class='ocrx_word' id='word_1_290' title='bbox 2655 984 2874 1038; x_wconf 89' lang='lat' dir='ltr'><strong>omnino</strong></span> <span class='ocrx_word' id='word_1_291' title='bbox 2909 983 3357 1052; x_wconf 77' lang='lat' dir='ltr'><strong>imperturbatum</strong></span> 
     </span>
    </p>
   </div>
   <div class='ocr_carea' id='block_1_40' title="bbox 1775 1075 3358 1145">
    <p class='ocr_par' dir='ltr' id='par_1_40' title="bbox 1775 1075 3358 1145">
     <span class='ocr_line' id='line_1_40' title="bbox 1775 1075 3358 1145; baseline 0.001 -14"><span class='ocrx_word' id='word_1_292' title='bbox 1775 1090 2125 1142; x_wconf 79' lang='lat' dir='ltr'><strong>conservans,</strong></span> <span class='ocrx_word' id='word_1_293' title='bbox 2164 1075 2407 1145; x_wconf 90' lang='lat' dir='ltr'><strong>corporis</strong></span> <span class='ocrx_word' id='word_1_294' title='bbox 2459 1084 2639 1129; x_wconf 80' lang='lat' dir='ltr'><strong>autent</strong></span> <span class='ocrx_word' id='word_1_295' title='bbox 2691 1077 2923 1145; x_wconf 85' lang='lat' dir='ltr'><strong>speciem</strong></span> <span class='ocrx_word' id='word_1_296' title='bbox 2951 1076 3019 1131; x_wconf 90' lang='lat' dir='ltr'><strong>ab</strong></span> <span class='ocrx_word' id='word_1_297' title='bbox 3048 1077 3193 1131; x_wconf 92' lang='lat' dir='ltr'><strong>omni</strong></span> <span class='ocrx_word' id='word_1_298' title='bbox 3243 1091 3358 1132; x_wconf 69' lang='lat' dir='ltr'><strong>coa-</strong></span> 
     </span>
    </p>
   </div>
   <div class='ocr_carea' id='block_1_41' title="bbox 1774 1168 3357 1238">
    <p class='ocr_par' dir='ltr' id='par_1_41' title="bbox 1774 1168 3357 1238">
     <span class='ocr_line' id='line_1_41' title="bbox 1774 1168 3357 1238; baseline -0.001 -15"><span class='ocrx_word' id='word_1_299' title='bbox 1774 1183 1911 1225; x_wconf 86' lang='lat' dir='ltr'><strong>noso</strong></span> <span class='ocrx_word' id='word_1_300' title='bbox 1938 1168 2271 1238; x_wconf 80' lang='lat' dir='ltr'><strong>voluptatum</strong></span> <span class='ocrx_word' id='word_1_301' title='bbox 2305 1176 2450 1222; x_wconf 85' lang='lat' dir='ltr'><strong>motu</strong></span> <span class='ocrx_word' id='word_1_302' title='bbox 2482 1182 2671 1236; x_wconf 88' lang='lat' dir='ltr'><strong>puram</strong></span> <span class='ocrx_word' id='word_1_303' title='bbox 2702 1168 2787 1237; x_wconf 86' lang='lat' dir='ltr'><strong>pia</strong></span> <span class='ocrx_word' id='word_1_304' title='bbox 2830 1168 3216 1222; x_wconf 77' lang='lat' dir='ltr'><strong>exercitatione</strong></span> <span class='ocrx_word' id='word_1_305' title='bbox 3259 1183 3357 1222; x_wconf 86' lang='lat' dir='ltr'><strong>cu-</strong></span> 
     </span>
    </p>
   </div>
   <div class='ocr_carea' id='block_1_42' title="bbox 1774 1258 3359 1329">
    <p class='ocr_par' dir='ltr' id='par_1_42' title="bbox 1774 1258 3359 1329">
     <span class='ocr_line' id='line_1_42' title="bbox 1774 1258 3359 1329; baseline -0.003 -13"><span class='ocrx_word' id='word_1_306' title='bbox 1774 1262 2036 1317; x_wconf 88' lang='lat' dir='ltr'><strong>stodiens.</strong></span> <span class='ocrx_word' id='word_1_307' title='bbox 2072 1259 2283 1329; x_wconf 88' lang='lat' dir='ltr'><strong>Corpus</strong></span> <span class='ocrx_word' id='word_1_308' title='bbox 2314 1259 2457 1315; x_wconf 89' lang='lat' dir='ltr'><strong>enim</strong></span> <span class='ocrx_word' id='word_1_309' title='bbox 2497 1258 2674 1328; x_wconf 82' lang='lat' dir='ltr'><strong>gulam</strong></span> <span class='ocrx_word' id='word_1_310' title='bbox 2705 1267 2761 1314; x_wconf 88' lang='lat' dir='ltr'><strong>et</strong></span> <span class='ocrx_word' id='word_1_311' title='bbox 2803 1259 3121 1314; x_wconf 79' lang='lat' dir='ltr'><strong>ebrietatem</strong></span> <span class='ocrx_word' id='word_1_312' title='bbox 3151 1268 3205 1313; x_wconf 91' lang='lat' dir='ltr'><strong>ct</strong></span> <span class='ocrx_word' id='word_1_313' title='bbox 3226 1274 3359 1313; x_wconf 84' lang='lat' dir='ltr'><strong>con-</strong></span> 
     </span>
    </p>
   </div>
   <div class='ocr_carea' id='block_1_43' title="bbox 1774 1348 3358 1419">
    <p class='ocr_par' dir='ltr' id='par_1_43' title="bbox 1774 1348 3358 1419">
     <span class='ocr_line' id='line_1_43' title="bbox 1774 1348 3358 1419; baseline -0.002 -13"><span class='ocrx_word' id='word_1_314' title='bbox 1774 1350 1992 1406; x_wconf 81' lang='lat' dir='ltr'><strong>cubitus</strong></span> <span class='ocrx_word' id='word_1_315' title='bbox 2014 1350 2319 1418; x_wconf 82' lang='lat' dir='ltr'><strong>voluptates</strong></span> <span class='ocrx_word' id='word_1_316' title='bbox 2360 1348 2718 1404; x_wconf 75' lang='lat' dir='ltr'><strong>effervescens</strong></span> <span class='ocrx_word' id='word_1_317' title='bbox 2760 1358 2949 1404; x_wconf 87' lang='lat' dir='ltr'><strong>contra</strong></span> <span class='ocrx_word' id='word_1_318' title='bbox 2995 1350 3358 1419; x_wconf 86' lang='lat' dir='ltr'><strong>pulchritudi-</strong></span> 
     </span>
    </p>
   </div>
   <div class='ocr_carea' id='block_1_44' title="bbox 1707 1441 3359 1510">
    <p class='ocr_par' dir='ltr' id='par_1_44' title="bbox 1707 1441 3359 1510">
     <span class='ocr_line' id='line_1_44' title="bbox 1707 1441 3359 1510; baseline -0.002 -13"><span class='ocrx_word' id='word_1_319' title='bbox 1707 1480 1714 1489; x_wconf 65' lang='grc' dir='ltr'><strong>ς</strong></span> <span class='ocrx_word' id='word_1_320' title='bbox 1775 1456 1897 1497; x_wconf 91' lang='lat' dir='ltr'><strong>nem</strong></span> <span class='ocrx_word' id='word_1_321' title='bbox 1929 1442 2125 1497; x_wconf 69' lang='lat' dir='ltr'><strong>animas</strong></span> <span class='ocrx_word' id='word_1_322' title='bbox 2170 1442 2470 1510; x_wconf 85' lang='lat' dir='ltr'><strong>depromit;</strong></span> <span class='ocrx_word' id='word_1_323' title='bbox 2503 1443 2680 1495; x_wconf 84' lang='lat' dir='ltr'><strong>anima</strong></span> <span class='ocrx_word' id='word_1_324' title='bbox 2710 1455 2843 1496; x_wconf 89' lang='lat' dir='ltr'><strong>vero</strong></span> <span class='ocrx_word' id='word_1_325' title='bbox 2880 1441 3279 1497; x_wconf 59' lang='lat' dir='ltr'><strong>aemulationem</strong></span> <span class='ocrx_word' id='word_1_326' title='bbox 3301 1447 3359 1494; x_wconf 84' lang='lat' dir='ltr'><strong>et</strong></span> 
     </span>
    </p>
   </div>
   <div class='ocr_carea' id='block_1_45' title="bbox 1774 1533 3357 1603">
    <p class='ocr_par' dir='ltr' id='par_1_45' title="bbox 1774 1533 3357 1603">
     <span class='ocr_line' id='line_1_45' title="bbox 1774 1533 3357 1603; baseline -0.002 -13"><span class='ocrx_word' id='word_1_327' title='bbox 1774 1536 1932 1599; x_wconf 85' lang='lat' dir='ltr'><strong>iram,</strong></span> <span class='ocrx_word' id='word_1_328' title='bbox 1956 1535 2360 1590; x_wconf 84' lang='lat' dir='ltr'><strong>simulationem</strong></span> <span class='ocrx_word' id='word_1_329' title='bbox 2383 1543 2438 1589; x_wconf 89' lang='lat' dir='ltr'><strong>et</strong></span> <span class='ocrx_word' id='word_1_330' title='bbox 2461 1533 2799 1589; x_wconf 89' lang='lat' dir='ltr'><strong>inimicitiam</strong></span> <span class='ocrx_word' id='word_1_331' title='bbox 2824 1534 2987 1588; x_wconf 89' lang='lat' dir='ltr'><strong>stulte</strong></span> <span class='ocrx_word' id='word_1_332' title='bbox 3002 1534 3201 1603; x_wconf 81' lang='lat' dir='ltr'><strong>agitata</strong></span> <span class='ocrx_word' id='word_1_333' title='bbox 3225 1547 3357 1603; x_wconf 84' lang='lat' dir='ltr'><strong>pro-</strong></span> 
     </span>
    </p>
   </div>
   <div class='ocr_carea' id='block_1_46' title="bbox 1775 1623 3359 1696">
    <p class='ocr_par' dir='ltr' id='par_1_46' title="bbox 1775 1623 3359 1696">
     <span class='ocr_line' id='line_1_46' title="bbox 1775 1623 3359 1696; baseline -0.002 -15"><span class='ocrx_word' id='word_1_334' title='bbox 1775 1627 1879 1681; x_wconf 84' lang='lat' dir='ltr'><strong>fert</strong></span> <span class='ocrx_word' id='word_1_335' title='bbox 1913 1629 2173 1682; x_wconf 81' lang='lat' dir='ltr'><strong>adversus</strong></span> <span class='ocrx_word' id='word_1_336' title='bbox 2192 1641 2408 1696; x_wconf 85' lang='lat' dir='ltr'><strong>corpus.</strong></span> <span class='ocrx_word' id='word_1_337' title='bbox 2439 1623 2518 1680; x_wconf 79' lang='lat' dir='ltr'><strong>Ac</strong></span> <span class='ocrx_word' id='word_1_338' title='bbox 2550 1625 2822 1680; x_wconf 88' lang='lat' dir='ltr'><strong>interdum</strong></span> <span class='ocrx_word' id='word_1_339' title='bbox 2868 1625 3070 1691; x_wconf 83' lang='lat' dir='ltr'><strong>evenit,</strong></span> <span class='ocrx_word' id='word_1_340' title='bbox 3097 1635 3177 1689; x_wconf 92' lang='lat' dir='ltr'><strong>ut,</strong></span> <span class='ocrx_word' id='word_1_341' title='bbox 3205 1631 3359 1693; x_wconf 78' lang='lat' dir='ltr'><strong>post.-</strong></span> 
     </span>
    </p>
   </div>
   <div class='ocr_carea' id='block_1_47' title="bbox 1774 1715 3360 1789">
    <p class='ocr_par' dir='ltr' id='par_1_47' title="bbox 1774 1715 3360 1789">
     <span class='ocr_line' id='line_1_47' title="bbox 1774 1715 3360 1789; baseline -0.003 -17"><span class='ocrx_word' id='word_1_342' title='bbox 1774 1734 1936 1789; x_wconf 86' lang='lat' dir='ltr'><strong>quam</strong></span> <span class='ocrx_word' id='word_1_343' title='bbox 1978 1719 2048 1772; x_wconf 87' lang='lat' dir='ltr'><strong>ob</strong></span> <span class='ocrx_word' id='word_1_344' title='bbox 2079 1728 2278 1773; x_wconf 88' lang='lat' dir='ltr'><strong>metum</strong></span> <span class='ocrx_word' id='word_1_345' title='bbox 2325 1718 2510 1772; x_wconf 86' lang='lat' dir='ltr'><strong>carnis</strong></span> <span class='ocrx_word' id='word_1_346' title='bbox 2543 1715 2799 1771; x_wconf 88' lang='lat' dir='ltr'><strong>vitiorum</strong></span> <span class='ocrx_word' id='word_1_347' title='bbox 2838 1715 3061 1786; x_wconf 84' lang='lat' dir='ltr'><strong>jejuniis</strong></span> <span class='ocrx_word' id='word_1_348' title='bbox 3089 1724 3145 1770; x_wconf 86' lang='lat' dir='ltr'><strong>et</strong></span> <span class='ocrx_word' id='word_1_349' title='bbox 3177 1722 3360 1769; x_wconf 83' lang='lat' dir='ltr'><strong>auste-</strong></span> 
     </span>
    </p>
   </div>
   <div class='ocr_carea' id='block_1_48' title="bbox 1779 1807 3356 1880">
    <p class='ocr_par' dir='ltr' id='par_1_48' title="bbox 1779 1807 3356 1880">
     <span class='ocr_line' id='line_1_48' title="bbox 1779 1807 3356 1880; baseline -0.004 -15"><span class='ocrx_word' id='word_1_350' title='bbox 1779 1813 1906 1865; x_wconf 88' lang='lat' dir='ltr'><strong>riori</strong></span> <span class='ocrx_word' id='word_1_351' title='bbox 1941 1811 2050 1865; x_wconf 89' lang='lat' dir='ltr'><strong>vita</strong></span> <span class='ocrx_word' id='word_1_352' title='bbox 2072 1825 2299 1880; x_wconf 88' lang='lat' dir='ltr'><strong>corpora</strong></span> <span class='ocrx_word' id='word_1_353' title='bbox 2325 1809 2392 1863; x_wconf 90' lang='lat' dir='ltr'><strong>ad</strong></span> <span class='ocrx_word' id='word_1_354' title='bbox 2418 1810 2663 1877; x_wconf 87' lang='lat' dir='ltr'><strong>proprias</strong></span> <span class='ocrx_word' id='word_1_355' title='bbox 2683 1807 2932 1862; x_wconf 89' lang='lat' dir='ltr'><strong>libidines</strong></span> <span class='ocrx_word' id='word_1_356' title='bbox 2958 1808 3110 1876; x_wconf 86' lang='lat' dir='ltr'><strong>quasi</strong></span> <span class='ocrx_word' id='word_1_357' title='bbox 3144 1818 3356 1859; x_wconf 86' lang='lat' dir='ltr'><strong>mortua</strong></span> 
     </span>
    </p>
   </div>
   <div class='ocr_carea' id='block_1_49' title="bbox 1777 1895 3359 1975">
    <p class='ocr_par' dir='ltr' id='par_1_49' title="bbox 1777 1895 3359 1975">
     <span class='ocr_line' id='line_1_49' title="bbox 1777 1895 3359 1975; baseline -0.005 -20"><span class='ocrx_word' id='word_1_358' title='bbox 1777 1900 2195 1975; x_wconf 79' lang='lat' dir='ltr'><strong>reddiderimus,</strong></span> <span class='ocrx_word' id='word_1_359' title='bbox 2226 1897 2439 1967; x_wconf 87' lang='lat' dir='ltr'><strong>prepria</strong></span> <span class='ocrx_word' id='word_1_360' title='bbox 2495 1896 2689 1951; x_wconf 75' lang='lat' dir='ltr'><strong>anima:</strong></span> <span class='ocrx_word' id='word_1_361' title='bbox 2729 1895 2856 1949; x_wconf 89' lang='lat' dir='ltr'><strong>vitia</strong></span> <span class='ocrx_word' id='word_1_362' title='bbox 2904 1895 2960 1948; x_wconf 91' lang='lat' dir='ltr'><strong>in</strong></span> <span class='ocrx_word' id='word_1_363' title='bbox 2993 1901 3203 1948; x_wconf 87' lang='lat' dir='ltr'><strong>mortuo</strong></span> <span class='ocrx_word' id='word_1_364' title='bbox 3236 1907 3359 1948; x_wconf 89' lang='lat' dir='ltr'><strong>cor-</strong></span> 
     </span>
    </p>
   </div>
   <div class='ocr_carea' id='block_1_50' title="bbox 1777 1985 3356 2060">
    <p class='ocr_par' dir='ltr' id='par_1_50' title="bbox 1777 1985 3356 2060">
     <span class='ocr_line' id='line_1_50' title="bbox 1777 1985 3356 2060; baseline -0.004 -16"><span class='ocrx_word' id='word_1_365' title='bbox 1777 2005 1909 2060; x_wconf 85' lang='lat' dir='ltr'><strong>pore</strong></span> <span class='ocrx_word' id='word_1_366' title='bbox 1941 1987 2425 2052; x_wconf 88' lang='lat' dir='ltr'><strong>circumferamus;</strong></span> <span class='ocrx_word' id='word_1_367' title='bbox 2455 1986 2600 2042; x_wconf 91' lang='lat' dir='ltr'><strong>unde</strong></span> <span class='ocrx_word' id='word_1_368' title='bbox 2650 2002 2747 2042; x_wconf 90' lang='lat' dir='ltr'><strong>sua</strong></span> <span class='ocrx_word' id='word_1_369' title='bbox 2803 1996 2996 2055; x_wconf 88' lang='lat' dir='ltr'><strong>sponte</strong></span> <span class='ocrx_word' id='word_1_370' title='bbox 3038 1986 3089 2040; x_wconf 89' lang='lat' dir='ltr'><strong>id</strong></span> <span class='ocrx_word' id='word_1_371' title='bbox 3118 1985 3260 2054; x_wconf 82' lang='lat' dir='ltr'><strong>quod</strong></span> <span class='ocrx_word' id='word_1_372' title='bbox 3289 1986 3356 2038; x_wconf 89' lang='lat' dir='ltr'><strong>ad</strong></span> 
     </span>
    </p>
   </div>
   <div class='ocr_carea' id='block_1_51' title="bbox 1778 2077 3356 2153">
    <p class='ocr_par' dir='ltr' id='par_1_51' title="bbox 1778 2077 3356 2153">
     <span class='ocr_line' id='line_1_51' title="bbox 1778 2077 3356 2153; baseline -0.005 -17"><span class='ocrx_word' id='word_1_373' title='bbox 1778 2080 2166 2153; x_wconf 85' lang='lat' dir='ltr'><strong>perfectionem</strong></span> <span class='ocrx_word' id='word_1_374' title='bbox 2202 2080 2501 2144; x_wconf 89' lang='lat' dir='ltr'><strong>claudicat,</strong></span> <span class='ocrx_word' id='word_1_375' title='bbox 2539 2078 2884 2133; x_wconf 88' lang='lat' dir='ltr'><strong>manifestum</strong></span> <span class='ocrx_word' id='word_1_376' title='bbox 2916 2091 2980 2132; x_wconf 92' lang='lat' dir='ltr'><strong>ac</strong></span> <span class='ocrx_word' id='word_1_377' title='bbox 3011 2077 3356 2145; x_wconf 82' lang='lat' dir='ltr'><strong>perspicuum</strong></span> 
     </span>
    </p>
   </div>
   <div class='ocr_carea' id='block_1_52' title="bbox 1778 2162 3360 2231">
    <p class='ocr_par' dir='ltr' id='par_1_52' title="bbox 1778 2162 3360 2231">
     <span class='ocr_line' id='line_1_52' title="bbox 1778 2162 3360 2231; baseline -0.005 -10"><span class='ocrx_word' id='word_1_378' title='bbox 1778 2175 1882 2221; x_wconf 87' lang='lat' dir='ltr'><strong>est.</strong></span> <span class='ocrx_word' id='word_1_379' title='bbox 1919 2166 2163 2220; x_wconf 82' lang='lat' dir='ltr'><strong>Alterum</strong></span> <span class='ocrx_word' id='word_1_380' title='bbox 2190 2164 2336 2218; x_wconf 90' lang='lat' dir='ltr'><strong>enim</strong></span> <span class='ocrx_word' id='word_1_381' title='bbox 2365 2164 2484 2218; x_wconf 89' lang='lat' dir='ltr'><strong>sine</strong></span> <span class='ocrx_word' id='word_1_382' title='bbox 2514 2162 2684 2217; x_wconf 89' lang='lat' dir='ltr'><strong>altero</strong></span> <span class='ocrx_word' id='word_1_383' title='bbox 2731 2172 3125 2231; x_wconf 86' lang='lat' dir='ltr'><strong>comparatum,</strong></span> <span class='ocrx_word' id='word_1_384' title='bbox 3158 2162 3360 2230; x_wconf 87' lang='lat' dir='ltr'><strong>imper-</strong></span> 
     </span>
    </p>
   </div>
   <div class='ocr_carea' id='block_1_53' title="bbox 1779 2252 3356 2326">
    <p class='ocr_par' dir='ltr' id='par_1_53' title="bbox 1779 2252 3356 2326">
     <span class='ocr_line' id='line_1_53' title="bbox 1779 2252 3356 2326; baseline -0.002 -17"><span class='ocrx_word' id='word_1_385' title='bbox 1779 2255 1982 2311; x_wconf 85' lang='lat' dir='ltr'><strong>fectum</strong></span> <span class='ocrx_word' id='word_1_386' title='bbox 2017 2254 2182 2326; x_wconf 78' lang='lat'><strong>660</strong></span> <span class='ocrx_word' id='word_1_387' title='bbox 2220 2254 2287 2308; x_wconf 91' lang='lat' dir='ltr'><strong>ad</strong></span> <span class='ocrx_word' id='word_1_388' title='bbox 2339 2269 2525 2308; x_wconf 87' lang='lat' dir='ltr'><strong>veram</strong></span> <span class='ocrx_word' id='word_1_389' title='bbox 2552 2255 2805 2309; x_wconf 82' lang='lat' dir='ltr'><strong>virtutem</strong></span> <span class='ocrx_word' id='word_1_390' title='bbox 2828 2268 2964 2323; x_wconf 79' lang='lat' dir='ltr'><strong>opus</strong></span> <span class='ocrx_word' id='word_1_391' title='bbox 2993 2253 3190 2322; x_wconf 70' lang='lat' dir='ltr'><strong>arguit.</strong></span> <span class='ocrx_word' id='word_1_392' title='bbox 3220 2252 3356 2306; x_wconf 83' lang='lat' dir='ltr'><strong>Nam</strong></span> 
     </span>
    </p>
   </div>
   <div class='ocr_carea' id='block_1_54' title="bbox 1778 2344 3359 2417">
    <p class='ocr_par' dir='ltr' id='par_1_54' title="bbox 1778 2344 3359 2417">
     <span class='ocr_line' id='line_1_54' title="bbox 1778 2344 3359 2417; baseline -0.005 -13"><span class='ocrx_word' id='word_1_393' title='bbox 1778 2363 1881 2404; x_wconf 89' lang='lat' dir='ltr'><strong>nec</strong></span> <span class='ocrx_word' id='word_1_394' title='bbox 1909 2348 2155 2416; x_wconf 90' lang='lat' dir='ltr'><strong>corporis</strong></span> <span class='ocrx_word' id='word_1_395' title='bbox 2180 2346 2313 2401; x_wconf 89' lang='lat' dir='ltr'><strong>vitia</strong></span> <span class='ocrx_word' id='word_1_396' title='bbox 2336 2344 2561 2417; x_wconf 82' lang='lat' dir='ltr'><strong>jejuniis</strong></span> <span class='ocrx_word' id='word_1_397' title='bbox 2586 2353 2916 2409; x_wconf 87' lang='lat' dir='ltr'><strong>resecantes,</strong></span> <span class='ocrx_word' id='word_1_398' title='bbox 2954 2346 3189 2399; x_wconf 85' lang='lat' dir='ltr'><strong>animam</strong></span> <span class='ocrx_word' id='word_1_399' title='bbox 3228 2357 3359 2398; x_wconf 83' lang='lat' dir='ltr'><strong>vero</strong></span> 
     </span>
    </p>
   </div>
   <div class='ocr_carea' id='block_1_55' title="bbox 1777 2435 3358 2511">
    <p class='ocr_par' dir='ltr' id='par_1_55' title="bbox 1777 2435 3358 2511">
     <span class='ocr_line' id='line_1_55' title="bbox 1777 2435 3358 2511; baseline -0.004 -14"><span class='ocrx_word' id='word_1_400' title='bbox 1777 2442 2014 2511; x_wconf 88' lang='lat' dir='ltr'><strong>propriis</strong></span> <span class='ocrx_word' id='word_1_401' title='bbox 2047 2439 2410 2495; x_wconf 67' lang='lat' dir='ltr'><strong>munulationis</strong></span> <span class='ocrx_word' id='word_1_402' title='bbox 2448 2447 2504 2493; x_wconf 88' lang='lat' dir='ltr'><strong>et</strong></span> <span class='ocrx_word' id='word_1_403' title='bbox 2532 2437 2896 2494; x_wconf 86' lang='lat' dir='ltr'><strong>simulationis</strong></span> <span class='ocrx_word' id='word_1_404' title='bbox 2928 2446 2983 2492; x_wconf 90' lang='lat' dir='ltr'><strong>et</strong></span> <span class='ocrx_word' id='word_1_405' title='bbox 3020 2437 3250 2491; x_wconf 88' lang='lat' dir='ltr'><strong>aliorum</strong></span> <span class='ocrx_word' id='word_1_406' title='bbox 3274 2435 3358 2490; x_wconf 83' lang='lat' dir='ltr'><strong>vi-</strong></span> 
     </span>
    </p>
   </div>
   <div class='ocr_carea' id='block_1_56' title="bbox 1779 2527 3357 2600">
    <p class='ocr_par' dir='ltr' id='par_1_56' title="bbox 1779 2527 3357 2600">
     <span class='ocr_line' id='line_1_56' title="bbox 1779 2527 3357 2600; baseline -0.004 -11"><span class='ocrx_word' id='word_1_407' title='bbox 1779 2533 1976 2590; x_wconf 88' lang='lat' dir='ltr'><strong>tiorum</strong></span> <span class='ocrx_word' id='word_1_408' title='bbox 2024 2531 2260 2586; x_wconf 88' lang='lat' dir='ltr'><strong>motlbus</strong></span> <span class='ocrx_word' id='word_1_409' title='bbox 2307 2530 2675 2600; x_wconf 83' lang='lat' dir='ltr'><strong>perturbatam</strong></span> <span class='ocrx_word' id='word_1_410' title='bbox 2731 2529 3130 2598; x_wconf 87' lang='lat' dir='ltr'><strong>relinquentes,</strong></span> <span class='ocrx_word' id='word_1_411' title='bbox 3171 2527 3357 2582; x_wconf 89' lang='lat' dir='ltr'><strong>utilem</strong></span> 
     </span>
    </p>
   </div>
   <div class='ocr_carea' id='block_1_57' title="bbox 1778 2620 3356 2694">
    <p class='ocr_par' dir='ltr' id='par_1_57' title="bbox 1778 2620 3356 2694">
     <span class='ocr_line' id='line_1_57' title="bbox 1778 2620 3356 2694; baseline -0.004 -14"><span class='ocrx_word' id='word_1_412' title='bbox 1778 2627 1846 2681; x_wconf 85' lang='lat' dir='ltr'><strong>ad</strong></span> <span class='ocrx_word' id='word_1_413' title='bbox 1895 2626 2150 2680; x_wconf 87' lang='lat' dir='ltr'><strong>virtutem</strong></span> <span class='ocrx_word' id='word_1_414' title='bbox 2208 2622 2452 2694; x_wconf 83' lang='lat' dir='ltr'><strong>corporis</strong></span> <span class='ocrx_word' id='word_1_415' title='bbox 2500 2621 2944 2678; x_wconf 79' lang='lat' dir='ltr'><strong>exercitationem</strong></span> <span class='ocrx_word' id='word_1_416' title='bbox 2998 2620 3356 2676; x_wconf 83' lang='lat' dir='ltr'><strong>ostendimus.</strong></span> 
     </span>
    </p>
   </div>
   <div class='ocr_carea' id='block_1_58' title="bbox 1780 2714 3360 2785">
    <p class='ocr_par' dir='ltr' id='par_1_58' title="bbox 1780 2714 3360 2785">
     <span class='ocr_line' id='line_1_58' title="bbox 1780 2714 3360 2785; baseline -0.005 -12"><span class='ocrx_word' id='word_1_417' title='bbox 1780 2716 1911 2783; x_wconf 82' lang='lat' dir='ltr'><strong>Nec,</strong></span> <span class='ocrx_word' id='word_1_418' title='bbox 1946 2717 1992 2772; x_wconf 89' lang='lat' dir='ltr'><strong>si</strong></span> <span class='ocrx_word' id='word_1_419' title='bbox 2024 2717 2262 2771; x_wconf 85' lang='lat' dir='ltr'><strong>animam</strong></span> <span class='ocrx_word' id='word_1_420' title='bbox 2290 2730 2321 2769; x_wconf 82' lang='grc' dir='ltr'><strong>ιι</strong></span> <span class='ocrx_word' id='word_1_421' title='bbox 2350 2715 2585 2785; x_wconf 79' lang='lat' dir='ltr'><strong>propriis</strong></span> <span class='ocrx_word' id='word_1_422' title='bbox 2636 2714 2783 2769; x_wconf 87' lang='lat' dir='ltr'><strong>vitiis</strong></span> <span class='ocrx_word' id='word_1_423' title='bbox 2823 2728 3204 2784; x_wconf 68' lang='lat' dir='ltr'><strong>espurgemus,</strong></span> <span class='ocrx_word' id='word_1_424' title='bbox 3236 2727 3360 2768; x_wconf 84' lang='lat' dir='ltr'><strong>cor-</strong></span> 
     </span>
    </p>
   </div>
   <div class='ocr_carea' id='block_1_59' title="bbox 1782 2801 3360 2877">
    <p class='ocr_par' dir='ltr' id='par_1_59' title="bbox 1782 2801 3360 2877">
     <span class='ocr_line' id='line_1_59' title="bbox 1782 2801 3360 2877; baseline -0.006 -14"><span class='ocrx_word' id='word_1_425' title='bbox 1782 2822 1884 2877; x_wconf 82' lang='lat' dir='ltr'><strong>pus</strong></span> <span class='ocrx_word' id='word_1_426' title='bbox 1916 2821 2051 2862; x_wconf 87' lang='lat' dir='ltr'><strong>vero</strong></span> <span class='ocrx_word' id='word_1_427' title='bbox 2076 2806 2305 2860; x_wconf 86' lang='lat' dir='ltr'><strong>liberum</strong></span> <span class='ocrx_word' id='word_1_428' title='bbox 2342 2805 2409 2859; x_wconf 87' lang='lat' dir='ltr'><strong>ad</strong></span> <span class='ocrx_word' id='word_1_429' title='bbox 2454 2804 2635 2859; x_wconf 87' lang='lat' dir='ltr'><strong>carnis</strong></span> <span class='ocrx_word' id='word_1_430' title='bbox 2664 2803 2964 2874; x_wconf 83' lang='lat' dir='ltr'><strong>voluptates</strong></span> <span class='ocrx_word' id='word_1_431' title='bbox 2994 2813 3051 2857; x_wconf 89' lang='lat' dir='ltr'><strong>et</strong></span> <span class='ocrx_word' id='word_1_432' title='bbox 3100 2801 3360 2869; x_wconf 80' lang='lat' dir='ltr'><strong>reliquam</strong></span> 
     </span>
    </p>
   </div>
   <div class='ocr_carea' id='block_1_60' title="bbox 1779 2892 3361 2964">
    <p class='ocr_par' dir='ltr' id='par_1_60' title="bbox 1779 2892 3361 2964">
     <span class='ocr_line' id='line_1_60' title="bbox 1779 2892 3361 2964; baseline -0.004 -10"><span class='ocrx_word' id='word_1_433' title='bbox 1779 2899 2046 2955; x_wconf 72' lang='lat' dir='ltr'><strong>luxuriem</strong></span> <span class='ocrx_word' id='word_1_434' title='bbox 2075 2899 2428 2964; x_wconf 84' lang='lat' dir='ltr'><strong>dimittamus,</strong></span> <span class='ocrx_word' id='word_1_435' title='bbox 2445 2897 2656 2952; x_wconf 89' lang='lat' dir='ltr'><strong>etiamsi</strong></span> <span class='ocrx_word' id='word_1_436' title='bbox 2683 2910 2787 2950; x_wconf 89' lang='lat' dir='ltr'><strong>non</strong></span> <span class='ocrx_word' id='word_1_437' title='bbox 2821 2895 2959 2948; x_wconf 85' lang='lat' dir='ltr'><strong>adsit</strong></span> <span class='ocrx_word' id='word_1_438' title='bbox 2993 2892 3361 2948; x_wconf 77' lang='lat' dir='ltr'><strong>fornicationi:</strong></span> 
     </span>
    </p>
   </div>
   <div class='ocr_carea' id='block_1_61' title="bbox 1780 2989 3360 3066">
    <p class='ocr_par' dir='ltr' id='par_1_61' title="bbox 1780 2989 3360 3066">
     <span class='ocr_line' id='line_1_61' title="bbox 1780 2989 3360 3066; baseline -0.006 -16"><span class='ocrx_word' id='word_1_439' title='bbox 1780 2993 2142 3066; x_wconf 83' lang='lat' dir='ltr'><strong>impudicitia,</strong></span> <span class='ocrx_word' id='word_1_440' title='bbox 2188 2993 2484 3063; x_wconf 89' lang='lat' dir='ltr'><strong>perfectam</strong></span> <span class='ocrx_word' id='word_1_441' title='bbox 2534 2993 2588 3046; x_wconf 92' lang='lat' dir='ltr'><strong>in</strong></span> <span class='ocrx_word' id='word_1_442' title='bbox 2644 2991 2845 3045; x_wconf 88' lang='lat' dir='ltr'><strong>virtute</strong></span> <span class='ocrx_word' id='word_1_443' title='bbox 2893 2989 3058 3043; x_wconf 85' lang='lat' dir='ltr'><strong>vitam</strong></span> <span class='ocrx_word' id='word_1_444' title='bbox 3117 2996 3360 3042; x_wconf 88' lang='lat' dir='ltr'><strong>nostram</strong></span> 
     </span>
    </p>
   </div>
   <div class='ocr_carea' id='block_1_62' title="bbox 1782 3078 3362 3154">
    <p class='ocr_par' dir='ltr' id='par_1_62' title="bbox 1782 3078 3362 3154">
     <span class='ocr_line' id='line_1_62' title="bbox 1782 3078 3362 3154; baseline -0.008 -11"><span class='ocrx_word' id='word_1_445' title='bbox 1782 3088 2042 3143; x_wconf 79' lang='lat' dir='ltr'><strong>exhibere</strong></span> <span class='ocrx_word' id='word_1_446' title='bbox 2071 3086 2389 3154; x_wconf 85' lang='lat' dir='ltr'><strong>poterimus.</strong></span> <span class='ocrx_word' id='word_1_447' title='bbox 2421 3084 2527 3138; x_wconf 87' lang='lat' dir='ltr'><strong>Sed</strong></span> <span class='ocrx_word' id='word_1_448' title='bbox 2576 3090 2811 3150; x_wconf 84' lang='lat' dir='ltr'><strong>oportet,</strong></span> <span class='ocrx_word' id='word_1_449' title='bbox 2841 3091 2900 3136; x_wconf 89' lang='lat' dir='ltr'><strong>ut</strong></span> <span class='ocrx_word' id='word_1_450' title='bbox 2947 3081 3035 3148; x_wconf 84' lang='lat' dir='ltr'><strong>qui</strong></span> <span class='ocrx_word' id='word_1_451' title='bbox 3068 3094 3260 3148; x_wconf 87' lang='lat' dir='ltr'><strong>purum</strong></span> <span class='ocrx_word' id='word_1_452' title='bbox 3293 3078 3362 3131; x_wconf 83' lang='lat' dir='ltr'><strong>ab</strong></span> 
     </span>
    </p>
   </div>
   <div class='ocr_carea' id='block_1_63' title="bbox 120 3137 1678 3246">
    <p class='ocr_par' dir='ltr' id='par_1_63' title="bbox 120 3137 1676 3246">
     <span class='ocr_line' id='line_1_63' title="bbox 120 3137 1676 3246; baseline 0.017 -46"><span class='ocrx_word' id='word_1_453' title='bbox 120 3150 333 3222; x_wconf 80' lang='grc' dir='ltr'>καθαρὸν</span> <span class='ocrx_word' id='word_1_454' title='bbox 380 3157 473 3211; x_wconf 79' lang='grc' dir='ltr'><strong>τὸν</strong></span> <span class='ocrx_word' id='word_1_455' title='bbox 524 3159 628 3228; x_wconf 79' lang='grc' dir='ltr'>τῆς</span> <span class='ocrx_word' id='word_1_456' title='bbox 667 3137 878 3234; x_wconf 59' lang='grc' dir='ltr'>ἁρετῆςί</span> <span class='ocrx_word' id='word_1_457' title='bbox 913 3163 1112 3236; x_wconf 87' lang='grc' dir='ltr'>δρόμον</span> <span class='ocrx_word' id='word_1_458' title='bbox 1162 3137 1459 3235; x_wconf 53' lang='grc' dir='ltr'>δεικνιίναι,</span> <span class='ocrx_word' id='word_1_459' title='bbox 1507 3137 1587 3243; x_wconf 52' lang='lat' dir='ltr'><strong>et};</strong></span> <span class='ocrx_word' id='word_1_460' title='bbox 1615 3190 1676 3225; x_wconf 86' lang='grc' dir='ltr'><strong>τε</strong></span> 
     </span>
    </p>
   </div>
   <div class='ocr_carea' id='block_1_64' title="bbox 1797 3137 3363 3246">
    <p class='ocr_par' dir='ltr' id='par_1_64' title="bbox 1797 3166 3363 3246">
     <span class='ocr_line' id='line_1_64' title="bbox 1797 3166 3363 3246; baseline -0.009 -14"><span class='ocrx_word' id='word_1_461' title='bbox 1797 3179 1930 3233; x_wconf 71' lang='lat' dir='ltr'><strong>mni</strong></span> <span class='ocrx_word' id='word_1_462' title='bbox 1974 3177 2386 3246; x_wconf 88' lang='lat' dir='ltr'><strong>inquinamento</strong></span> <span class='ocrx_word' id='word_1_463' title='bbox 2428 3174 2646 3226; x_wconf 87' lang='lat' dir='ltr'><strong>virtutis</strong></span> <span class='ocrx_word' id='word_1_464' title='bbox 2681 3187 2898 3227; x_wconf 86' lang='lat' dir='ltr'><strong>cursum</strong></span> <span class='ocrx_word' id='word_1_465' title='bbox 2940 3169 3197 3225; x_wconf 80' lang='lat' dir='ltr'><strong>exhibere</strong></span> <span class='ocrx_word' id='word_1_466' title='bbox 3225 3166 3363 3230; x_wconf 80' lang='lat' dir='ltr'><strong>vult,</strong></span> 
     </span>
    </p>
   </div>
   <div class='ocr_carea' id='block_1_65' title="bbox 120 3245 1679 3333">
    <p class='ocr_par' dir='ltr' id='par_1_65' title="bbox 120 3245 1679 3333">
     <span class='ocr_line' id='line_1_65' title="bbox 120 3245 1679 3333; baseline 0.015 -39"><span class='ocrx_word' id='word_1_467' title='bbox 120 3245 241 3299; x_wconf 74' lang='grc' dir='ltr'>κατὰ</span> <span class='ocrx_word' id='word_1_468' title='bbox 274 3246 443 3330; x_wconf 67' lang='grc' dir='ltr'>ψυχὴν</span> <span class='ocrx_word' id='word_1_469' title='bbox 489 3251 647 3323; x_wconf 82' lang='grc' dir='ltr'>καλῷ</span> <span class='ocrx_word' id='word_1_470' title='bbox 681 3256 1031 3326; x_wconf 79' lang='grc' dir='ltr'>προστιθέναι</span> <span class='ocrx_word' id='word_1_471' title='bbox 1072 3258 1261 3313; x_wconf 75' lang='grc' dir='ltr'>καὶτὰ</span> <span class='ocrx_word' id='word_1_472' title='bbox 1291 3260 1385 3314; x_wconf 76' lang='grc' dir='ltr'>τοῦ</span> <span class='ocrx_word' id='word_1_473' title='bbox 1427 3261 1679 3333; x_wconf 81' lang='grc' dir='ltr'>σώματος</span> 
     </span>
    </p>
   </div>
   <div class='ocr_carea' id='block_1_66' title="bbox 120 3334 1679 3427">
    <p class='ocr_par' dir='ltr' id='par_1_66' title="bbox 120 3334 1679 3427">
     <span class='ocr_line' id='line_1_66' title="bbox 120 3334 1679 3427; baseline 0.015 -39"><span class='ocrx_word' id='word_1_474' title='bbox 120 3334 293 3405; x_wconf 73' lang='grc' dir='ltr'>ἀγαθὰ,</span> <span class='ocrx_word' id='word_1_475' title='bbox 325 3342 417 3395; x_wconf 80' lang='grc' dir='ltr'><strong>καὶ</strong></span> <span class='ocrx_word' id='word_1_476' title='bbox 444 3348 563 3409; x_wconf 86' lang='grc' dir='ltr'>τοῖς</span> <span class='ocrx_word' id='word_1_477' title='bbox 591 3347 732 3400; x_wconf 87' lang='grc' dir='ltr'><strong>κατά</strong></span> <span class='ocrx_word' id='word_1_478' title='bbox 757 3348 820 3401; x_wconf 87' lang='grc' dir='ltr'><strong>τὸ</strong></span> <span class='ocrx_word' id='word_1_479' title='bbox 859 3348 1021 3422; x_wconf 84' lang='grc' dir='ltr'>σῶμα</span> <span class='ocrx_word' id='word_1_480' title='bbox 1053 3353 1369 3424; x_wconf 83' lang='grc' dir='ltr'>ἁσκητικῶς</span> <span class='ocrx_word' id='word_1_481' title='bbox 1401 3355 1679 3427; x_wconf 85' lang='grc' dir='ltr'>πονηθεῖσι</span> 
     </span>
    </p>
   </div>
   <div class='ocr_carea' id='block_1_67' title="bbox 121 3428 1676 3515">
    <p class='ocr_par' dir='ltr' id='par_1_67' title="bbox 121 3428 1676 3515">
     <span class='ocr_line' id='line_1_67' title="bbox 121 3428 1676 3515; baseline 0.015 -35"><span class='ocrx_word' id='word_1_482' title='bbox 121 3428 177 3481; x_wconf 70' lang='grc' dir='ltr'>τὰ</span> <span class='ocrx_word' id='word_1_483' title='bbox 197 3431 288 3500; x_wconf 77' lang='grc' dir='ltr'>τῆς</span> <span class='ocrx_word' id='word_1_484' title='bbox 308 3435 486 3508; x_wconf 75' lang='grc' dir='ltr'>ψυχῆς</span> <span class='ocrx_word' id='word_1_485' title='bbox 507 3438 916 3511; x_wconf 81' lang='grc' dir='ltr'>κατορθώματα</span> <span class='ocrx_word' id='word_1_486' title='bbox 947 3446 1344 3515; x_wconf 83' lang='grc' dir='ltr'>συμφωνοῦντα</span> <span class='ocrx_word' id='word_1_487' title='bbox 1382 3446 1676 3505; x_wconf 79' lang='grc' dir='ltr'>δεικνύναι.</span> 
     </span>
    </p>
   </div>
   <div class='ocr_carea' id='block_1_68' title="bbox 122 3521 1676 3611">
    <p class='ocr_par' dir='ltr' id='par_1_68' title="bbox 122 3521 1676 3611">
     <span class='ocr_line' id='line_1_68' title="bbox 122 3521 1676 3611; baseline 0.014 -36"><span class='ocrx_word' id='word_1_488' title='bbox 122 3521 238 3577; x_wconf 76' lang='grc' dir='ltr'>Οὔτε</span> <span class='ocrx_word' id='word_1_489' title='bbox 269 3530 372 3601; x_wconf 77' lang='grc' dir='ltr'>γὰρ</span> <span class='ocrx_word' id='word_1_490' title='bbox 397 3531 705 3598; x_wconf 79' lang='grc' dir='ltr'>ἀνύπουλος</span> <span class='ocrx_word' id='word_1_491' title='bbox 730 3535 826 3588; x_wconf 75' lang='grc' dir='ltr'><strong>καὶ</strong></span> <span class='ocrx_word' id='word_1_492' title='bbox 852 3536 1061 3608; x_wconf 84' lang='grc' dir='ltr'>ἀληθὴς</span> <span class='ocrx_word' id='word_1_493' title='bbox 1091 3541 1120 3592; x_wconf 89' lang='grc' dir='ltr'>ὁ</span> <span class='ocrx_word' id='word_1_494' title='bbox 1155 3538 1269 3609; x_wconf 82' lang='grc' dir='ltr'>βίος</span> <span class='ocrx_word' id='word_1_495' title='bbox 1295 3540 1640 3611; x_wconf 86' lang='grc' dir='ltr'>ἀναδειχθείη</span> <span class='ocrx_word' id='word_1_496' title='bbox 1660 3581 1676 3605; x_wconf 86' lang='grc'><strong>,</strong></span> 
     </span>
    </p>
   </div>
   <div class='ocr_carea' id='block_1_69' title="bbox 121 3612 1680 3700">
    <p class='ocr_par' dir='ltr' id='par_1_69' title="bbox 121 3612 1680 3700">
     <span class='ocr_line' id='line_1_69' title="bbox 121 3612 1680 3700; baseline 0.013 -35"><span class='ocrx_word' id='word_1_497' title='bbox 121 3612 357 3685; x_wconf 79' lang='grc' dir='ltr'>ἁρμονίαν</span> <span class='ocrx_word' id='word_1_498' title='bbox 385 3621 497 3676; x_wconf 86' lang='grc' dir='ltr'><strong>τῶν</strong></span> <span class='ocrx_word' id='word_1_499' title='bbox 520 3623 625 3694; x_wconf 79' lang='grc' dir='ltr'>τῆς</span> <span class='ocrx_word' id='word_1_500' title='bbox 650 3624 828 3696; x_wconf 74' lang='grc' dir='ltr'>ψυχῆς</span> <span class='ocrx_word' id='word_1_501' title='bbox 855 3643 915 3679; x_wconf 87' lang='grc' dir='ltr'><strong>τε</strong></span> <span class='ocrx_word' id='word_1_502' title='bbox 953 3628 1049 3680; x_wconf 79' lang='grc' dir='ltr'><strong>καὶ</strong></span> <span class='ocrx_word' id='word_1_503' title='bbox 1089 3626 1340 3699; x_wconf 84' lang='grc' dir='ltr'>σώματος</span> <span class='ocrx_word' id='word_1_504' title='bbox 1370 3629 1546 3700; x_wconf 83' lang='grc' dir='ltr'>μελῶν</span> <span class='ocrx_word' id='word_1_505' title='bbox 1584 3633 1680 3686; x_wconf 73' lang='grc' dir='ltr'><strong>κα)⁹</strong></span> 
     </span>
    </p>
   </div>
   <div class='ocr_carea' id='block_1_70' title="bbox 124 3710 1681 3791">
    <p class='ocr_par' dir='ltr' id='par_1_70' title="bbox 124 3710 1681 3791">
     <span class='ocr_line' id='line_1_70' title="bbox 124 3710 1681 3791; baseline 0.014 -38"><span class='ocrx_word' id='word_1_506' title='bbox 124 3710 415 3774; x_wconf 80' lang='grc' dir='ltr'>συμφωνίαν</span> <span class='ocrx_word' id='word_1_507' title='bbox 459 3711 604 3785; x_wconf 62' lang='grc' dir='ltr'>προς</span> <span class='ocrx_word' id='word_1_508' title='bbox 646 3713 853 3785; x_wconf 81' lang='grc' dir='ltr'>ἄλληλα</span> <span class='ocrx_word' id='word_1_509' title='bbox 900 3715 975 3787; x_wconf 83' lang='grc' dir='ltr'>μὴ</span> <span class='ocrx_word' id='word_1_510' title='bbox 1014 3717 1268 3788; x_wconf 82' lang='grc' dir='ltr'>ἐχόντων.</span> <span class='ocrx_word' id='word_1_511' title='bbox 1319 3719 1536 3791; x_wconf 82' lang='grc' dir='ltr'>Ἐπειδὴ</span> <span class='ocrx_word' id='word_1_512' title='bbox 1586 3722 1681 3776; x_wconf 69' lang='grc' dir='ltr'><strong>καὶ</strong></span> 
     </span>
    </p>
   </div>
   <div class='ocr_carea' id='block_1_71' title="bbox 122 3794 1680 3884">
    <p class='ocr_par' dir='ltr' id='par_1_71' title="bbox 122 3794 1680 3884">
     <span class='ocr_line' id='line_1_71' title="bbox 122 3794 1680 3884; baseline 0.012 -36"><span class='ocrx_word' id='word_1_513' title='bbox 122 3794 395 3869; x_wconf 78' lang='grc' dir='ltr'>ἀμήχανον,</span> <span class='ocrx_word' id='word_1_514' title='bbox 443 3800 624 3876; x_wconf 80' lang='grc' dir='ltr'>οἶμαι,</span> <span class='ocrx_word' id='word_1_515' title='bbox 658 3806 729 3861; x_wconf 87' lang='grc' dir='ltr'><strong>τά</strong></span> <span class='ocrx_word' id='word_1_516' title='bbox 766 3825 825 3861; x_wconf 87' lang='grc' dir='ltr'><strong>τε</strong></span> <span class='ocrx_word' id='word_1_517' title='bbox 874 3808 1016 3863; x_wconf 85' lang='grc' dir='ltr'><strong>κατά</strong></span> <span class='ocrx_word' id='word_1_518' title='bbox 1041 3809 1217 3882; x_wconf 72' lang='grc' dir='ltr'>ψυχὴν</span> <span class='ocrx_word' id='word_1_519' title='bbox 1270 3812 1680 3884; x_wconf 77' lang='grc' dir='ltr'>κατορθωθῆναι</span> 
     </span>
    </p>
   </div>
   <div class='ocr_carea' id='block_1_72' title="bbox 123 3887 1682 3971">
    <p class='ocr_par' dir='ltr' id='par_1_72' title="bbox 123 3887 1682 3971">
     <span class='ocr_line' id='line_1_72' title="bbox 123 3887 1682 3971; baseline 0.013 -34"><span class='ocrx_word' id='word_1_520' title='bbox 123 3887 263 3952; x_wconf 70' lang='grc' dir='ltr'>καλὲ,</span> <span class='ocrx_word' id='word_1_521' title='bbox 306 3893 411 3947; x_wconf 83' lang='grc' dir='ltr'><strong>τῶν</strong></span> <span class='ocrx_word' id='word_1_522' title='bbox 451 3895 598 3949; x_wconf 69' lang='grc' dir='ltr'>κατὰ</span> <span class='ocrx_word' id='word_1_523' title='bbox 648 3897 808 3969; x_wconf 82' lang='grc' dir='ltr'>σῶμα</span> <span class='ocrx_word' id='word_1_524' title='bbox 856 3901 1288 3971; x_wconf 76' lang='grc' dir='ltr'>ἐμποδιζόντων·</span> <span class='ocrx_word' id='word_1_525' title='bbox 1339 3904 1408 3957; x_wconf 82' lang='grc' dir='ltr'><strong>τά</strong></span> <span class='ocrx_word' id='word_1_526' title='bbox 1435 3921 1494 3957; x_wconf 83' lang='grc' dir='ltr'><strong>τε</strong></span> <span class='ocrx_word' id='word_1_527' title='bbox 1538 3904 1682 3959; x_wconf 86' lang='grc' dir='ltr'><strong>κατά</strong></span> 
     </span>
    </p>
   </div>
   <div class='ocr_carea' id='block_1_73' title="bbox 125 3978 1680 4069">
    <p class='ocr_par' dir='ltr' id='par_1_73' title="bbox 125 3978 1680 4069">
     <span class='ocr_line' id='line_1_73' title="bbox 125 3978 1680 4069; baseline 0.012 -38"><span class='ocrx_word' id='word_1_528' title='bbox 125 3978 261 4069; x_wconf 76' lang='grc' dir='ltr'>σῶμα</span> <span class='ocrx_word' id='word_1_529' title='bbox 281 3990 532 4057; x_wconf 82' lang='grc' dir='ltr'>παρεῖναι</span> <span class='ocrx_word' id='word_1_530' title='bbox 565 3988 718 4053; x_wconf 76' lang='grc' dir='ltr'>καλὰ,</span> <span class='ocrx_word' id='word_1_531' title='bbox 750 3990 824 4063; x_wconf 84' lang='grc' dir='ltr'>μὴ</span> <span class='ocrx_word' id='word_1_532' title='bbox 857 3992 1282 4064; x_wconf 80' lang='grc' dir='ltr'>προηγουμένων</span> <span class='ocrx_word' id='word_1_533' title='bbox 1311 3995 1418 4048; x_wconf 81' lang='grc' dir='ltr'><strong>τῶν</strong></span> <span class='ocrx_word' id='word_1_534' title='bbox 1456 3997 1512 4049; x_wconf 80' lang='grc' dir='ltr'><strong>ἐν</strong></span> <span class='ocrx_word' id='word_1_535' title='bbox 1535 3995 1680 4069; x_wconf 73' lang='grc' dir='ltr'>ψυχῇ</span> 
     </span>
    </p>
   </div>
   <div class='ocr_carea' id='block_1_74' title="bbox 123 4066 1684 4156">
    <p class='ocr_par' dir='ltr' id='par_1_74' title="bbox 123 4066 1684 4156">
     <span class='ocr_line' id='line_1_74' title="bbox 123 4066 1684 4156; baseline 0.011 -34"><span class='ocrx_word' id='word_1_536' title='bbox 123 4066 336 4135; x_wconf 66' lang='grc' dir='ltr'>ἀγαθῶν.</span> <span class='ocrx_word' id='word_1_537' title='bbox 384 4078 548 4131; x_wconf 74' lang='grc' dir='ltr'><strong>Ἀλλά</strong></span> <span class='ocrx_word' id='word_1_538' title='bbox 574 4078 654 4132; x_wconf 87' lang='grc' dir='ltr'><strong>δεῖ</strong></span> <span class='ocrx_word' id='word_1_539' title='bbox 674 4080 854 4152; x_wconf 66' lang='grc' dir='ltr'>ψυχήν</span> <span class='ocrx_word' id='word_1_540' title='bbox 883 4099 941 4135; x_wconf 89' lang='grc' dir='ltr'><strong>τε</strong></span> <span class='ocrx_word' id='word_1_541' title='bbox 964 4083 1135 4154; x_wconf 80' lang='grc' dir='ltr'>αὐτὴν</span> <span class='ocrx_word' id='word_1_542' title='bbox 1167 4083 1303 4155; x_wconf 81' lang='grc' dir='ltr'>πρὸς</span> <span class='ocrx_word' id='word_1_543' title='bbox 1322 4086 1523 4153; x_wconf 82' lang='grc' dir='ltr'>ἑαυτὴν</span> <span class='ocrx_word' id='word_1_544' title='bbox 1547 4066 1684 4156; x_wconf 65' lang='grc' dir='ltr'>συμξ</span> 
     </span>
    </p>
   </div>
   <div class='ocr_carea' id='block_1_75' title="bbox 125 4163 1683 4247">
    <p class='ocr_par' dir='ltr' id='par_1_75' title="bbox 125 4163 1683 4247">
     <span class='ocr_line' id='line_1_75' title="bbox 125 4163 1683 4247; baseline 0.011 -34"><span class='ocrx_word' id='word_1_545' title='bbox 125 4163 443 4234; x_wconf 72' lang='grc' dir='ltr'>φωνήσασαν,</span> <span class='ocrx_word' id='word_1_546' title='bbox 477 4170 577 4223; x_wconf 72' lang='grc' dir='ltr'><strong>καὶ</strong></span> <span class='ocrx_word' id='word_1_547' title='bbox 601 4169 891 4241; x_wconf 64' lang='grc' dir='ltr'>σῦμφωνον</span> <span class='ocrx_word' id='word_1_548' title='bbox 911 4173 972 4225; x_wconf 84' lang='grc' dir='ltr'><strong>τὸ</strong></span> <span class='ocrx_word' id='word_1_549' title='bbox 1014 4173 1172 4243; x_wconf 86' lang='grc' dir='ltr'>σῶμα</span> <span class='ocrx_word' id='word_1_550' title='bbox 1204 4174 1341 4246; x_wconf 81' lang='grc' dir='ltr'>πρὸς</span> <span class='ocrx_word' id='word_1_551' title='bbox 1362 4176 1564 4247; x_wconf 79' lang='grc' dir='ltr'>ἑαυτὴν</span> <span class='ocrx_word' id='word_1_552' title='bbox 1590 4176 1683 4229; x_wconf 90' lang='grc' dir='ltr'>λα-</span> 
     </span>
    </p>
   </div>
   <div class='ocr_carea' id='block_1_76' title="bbox 124 4248 1684 4339">
    <p class='ocr_par' dir='ltr' id='par_1_76' title="bbox 124 4248 1684 4339">
     <span class='ocr_line' id='line_1_76' title="bbox 124 4248 1684 4339; baseline 0.011 -35"><span class='ocrx_word' id='word_1_553' title='bbox 124 4248 323 4323; x_wconf 74' lang='grc' dir='ltr'>ϐοῦσαν,</span> <span class='ocrx_word' id='word_1_554' title='bbox 366 4258 511 4313; x_wconf 76' lang='grc' dir='ltr'>οὕτω</span> <span class='ocrx_word' id='word_1_555' title='bbox 549 4260 754 4315; x_wconf 80' lang='grc' dir='ltr'>τέλειον</span> <span class='ocrx_word' id='word_1_556' title='bbox 798 4259 858 4328; x_wconf 81' lang='grc' dir='ltr'>ἐξ</span> <span class='ocrx_word' id='word_1_557' title='bbox 900 4264 1227 4336; x_wconf 81' lang='grc' dir='ltr'>ἀμφοτέρων</span> <span class='ocrx_word' id='word_1_558' title='bbox 1265 4266 1444 4339; x_wconf 77' lang='grc' dir='ltr'>ψυχῆς</span> <span class='ocrx_word' id='word_1_559' title='bbox 1482 4284 1543 4320; x_wconf 88' lang='grc' dir='ltr'><strong>τε</strong></span> <span class='ocrx_word' id='word_1_560' title='bbox 1588 4270 1684 4323; x_wconf 74' lang='grc' dir='ltr'><strong>καὶ</strong></span> 
     </span>
    </p>
   </div>
   <div class='ocr_carea' id='block_1_77' title="bbox 126 4343 1680 4431">
    <p class='ocr_par' dir='ltr' id='par_1_77' title="bbox 126 4343 1680 4431">
     <span class='ocr_line' id='line_1_77' title="bbox 126 4343 1680 4431; baseline 0.012 -34"><span class='ocrx_word' id='word_1_561' title='bbox 126 4343 353 4414; x_wconf 81' lang='grc' dir='ltr'>σώματος</span> <span class='ocrx_word' id='word_1_562' title='bbox 398 4351 539 4422; x_wconf 72' lang='grc' dir='ltr'>πρὸς</span> <span class='ocrx_word' id='word_1_563' title='bbox 590 4352 685 4406; x_wconf 75' lang='grc' dir='ltr'><strong>ἕνα</strong></span> <span class='ocrx_word' id='word_1_564' title='bbox 735 4353 937 4425; x_wconf 87' lang='grc' dir='ltr'>δρόμον</span> <span class='ocrx_word' id='word_1_565' title='bbox 995 4356 1265 4422; x_wconf 78' lang='grc' dir='ltr'>εὐπειθῶς</span> <span class='ocrx_word' id='word_1_566' title='bbox 1316 4360 1680 4431; x_wconf 82' lang='grc' dir='ltr'>κινουμένων,</span> 
     </span>
    </p>
   </div>
   <div class='ocr_carea' id='block_1_78' title="bbox 127 4436 1681 4522">
    <p class='ocr_par' dir='ltr' id='par_1_78' title="bbox 127 4436 1681 4522">
     <span class='ocr_line' id='line_1_78' title="bbox 127 4436 1681 4522; baseline 0.012 -35"><span class='ocrx_word' id='word_1_567' title='bbox 127 4436 361 4506; x_wconf 80' lang='grc' dir='ltr'>ἐπιδεῖξαι</span> <span class='ocrx_word' id='word_1_568' title='bbox 394 4442 485 4496; x_wconf 83' lang='grc' dir='ltr'><strong>τὸν</strong></span> <span class='ocrx_word' id='word_1_569' title='bbox 535 4444 807 4517; x_wconf 85' lang='grc' dir='ltr'>μακάριον</span> <span class='ocrx_word' id='word_1_570' title='bbox 862 4445 996 4516; x_wconf 80' lang='grc' dir='ltr'>βίον.</span> <span class='ocrx_word' id='word_1_571' title='bbox 1049 4448 1259 4501; x_wconf 78' lang='grc' dir='ltr'>Οὐκοῦν</span> <span class='ocrx_word' id='word_1_572' title='bbox 1298 4451 1330 4520; x_wconf 79' lang='grc' dir='ltr'>ἡ</span> <span class='ocrx_word' id='word_1_573' title='bbox 1384 4450 1681 4522; x_wconf 84' lang='grc' dir='ltr'>παρθένος,</span> 
     </span>
    </p>
   </div>
   <div class='ocr_carea' id='block_1_79' title="bbox 128 4527 1683 4615">
    <p class='ocr_par' dir='ltr' id='par_1_79' title="bbox 128 4527 1683 4615">
     <span class='ocr_line' id='line_1_79' title="bbox 128 4527 1683 4615; baseline 0.012 -36"><span class='ocrx_word' id='word_1_574' title='bbox 128 4527 354 4606; x_wconf 80' lang='grc' dir='ltr'>καθάπερ</span> <span class='ocrx_word' id='word_1_575' title='bbox 384 4534 564 4589; x_wconf 74' lang='grc' dir='ltr'>ἔλαιον</span> <span class='ocrx_word' id='word_1_576' title='bbox 594 4535 749 4590; x_wconf 81' lang='grc' dir='ltr'>ὕδατι</span> <span class='ocrx_word' id='word_1_577' title='bbox 775 4536 873 4609; x_wconf 79' lang='grc' dir='ltr'><strong>τὴν</strong></span> <span class='ocrx_word' id='word_1_578' title='bbox 892 4538 1069 4610; x_wconf 66' lang='grc' dir='ltr'>ψυχὴν</span> <span class='ocrx_word' id='word_1_579' title='bbox 1087 4540 1165 4611; x_wconf 82' lang='grc' dir='ltr'><strong>τῷ</strong></span> <span class='ocrx_word' id='word_1_580' title='bbox 1193 4539 1408 4613; x_wconf 83' lang='grc' dir='ltr'>σώματι</span> <span class='ocrx_word' id='word_1_581' title='bbox 1436 4543 1683 4615; x_wconf 74' lang='grc' dir='ltr'>καθαρὰν</span> 
     </span>
    </p>
   </div>
   <div class='ocr_carea' id='block_1_80' title="bbox 1787 3262 3362 3333">
    <p class='ocr_par' dir='ltr' id='par_1_80' title="bbox 1787 3262 3362 3333">
     <span class='ocr_line' id='line_1_80' title="bbox 1787 3262 3362 3333; baseline -0.005 -11"><span class='ocrx_word' id='word_1_582' title='bbox 1787 3268 1980 3322; x_wconf 77' lang='lat' dir='ltr'><strong>anima:</strong></span> <span class='ocrx_word' id='word_1_583' title='bbox 2013 3266 2171 3321; x_wconf 90' lang='lat' dir='ltr'><strong>bonis</strong></span> <span class='ocrx_word' id='word_1_584' title='bbox 2206 3266 2367 3320; x_wconf 81' lang='lat' dir='ltr'><strong>etiam</strong></span> <span class='ocrx_word' id='word_1_585' title='bbox 2398 3264 2643 3332; x_wconf 83' lang='lat' dir='ltr'><strong>corporis</strong></span> <span class='ocrx_word' id='word_1_586' title='bbox 2669 3263 2885 3333; x_wconf 82' lang='lat' dir='ltr'><strong>adjiciat</strong></span> <span class='ocrx_word' id='word_1_587' title='bbox 2911 3262 3068 3321; x_wconf 80' lang='lat' dir='ltr'><strong>bona.</strong></span> <span class='ocrx_word' id='word_1_588' title='bbox 3093 3270 3147 3315; x_wconf 90' lang='lat' dir='ltr'><strong>et</strong></span> <span class='ocrx_word' id='word_1_589' title='bbox 3175 3276 3362 3315; x_wconf 87' lang='lat' dir='ltr'><strong>susce-</strong></span> 
     </span>
    </p>
   </div>
   <div class='ocr_carea' id='block_1_81' title="bbox 1787 3355 3366 3430">
    <p class='ocr_par' dir='ltr' id='par_1_81' title="bbox 1787 3355 3366 3430">
     <span class='ocr_line' id='line_1_81' title="bbox 1787 3355 3366 3430; baseline -0.005 -18"><span class='ocrx_word' id='word_1_590' title='bbox 1787 3361 1893 3430; x_wconf 89' lang='lat' dir='ltr'><strong>ptis</strong></span> <span class='ocrx_word' id='word_1_591' title='bbox 1918 3361 1984 3413; x_wconf 90' lang='lat' dir='ltr'><strong>ad</strong></span> <span class='ocrx_word' id='word_1_592' title='bbox 2017 3358 2260 3427; x_wconf 89' lang='lat' dir='ltr'><strong>corporis</strong></span> <span class='ocrx_word' id='word_1_593' title='bbox 2289 3357 2739 3411; x_wconf 83' lang='lat' dir='ltr'><strong>exercitationem</strong></span> <span class='ocrx_word' id='word_1_594' title='bbox 2769 3355 3045 3409; x_wconf 75' lang='lat' dir='ltr'><strong>laboribus</strong></span> <span class='ocrx_word' id='word_1_595' title='bbox 3079 3364 3366 3408; x_wconf 74' lang='lat' dir='ltr'><strong>consenta-</strong></span> 
     </span>
    </p>
   </div>
   <div class='ocr_carea' id='block_1_82' title="bbox 1786 3443 3360 3518">
    <p class='ocr_par' dir='ltr' id='par_1_82' title="bbox 1786 3443 3360 3518">
     <span class='ocr_line' id='line_1_82' title="bbox 1786 3443 3360 3518; baseline -0.007 -13"><span class='ocrx_word' id='word_1_596' title='bbox 1786 3466 1888 3505; x_wconf 87' lang='lat' dir='ltr'><strong>nea</strong></span> <span class='ocrx_word' id='word_1_597' title='bbox 1948 3450 2143 3504; x_wconf 63' lang='lat' dir='ltr'><strong>anima:</strong></span> <span class='ocrx_word' id='word_1_598' title='bbox 2198 3448 2455 3518; x_wconf 62' lang='lat' dir='ltr'><strong>praeclare</strong></span> <span class='ocrx_word' id='word_1_599' title='bbox 2505 3447 2645 3501; x_wconf 83' lang='lat' dir='ltr'><strong>facta</strong></span> <span class='ocrx_word' id='word_1_600' title='bbox 2676 3446 2949 3500; x_wconf 81' lang='lat' dir='ltr'><strong>ostendat.</strong></span> <span class='ocrx_word' id='word_1_601' title='bbox 2999 3443 3184 3512; x_wconf 81' lang='lat' dir='ltr'><strong>Neque</strong></span> <span class='ocrx_word' id='word_1_602' title='bbox 3217 3443 3360 3495; x_wconf 89' lang='lat' dir='ltr'><strong>enim</strong></span> 
     </span>
    </p>
   </div>
   <div class='ocr_carea' id='block_1_83' title="bbox 1787 3534 3364 3601">
    <p class='ocr_par' dir='ltr' id='par_1_83' title="bbox 1787 3534 3364 3601">
     <span class='ocr_line' id='line_1_83' title="bbox 1787 3534 3364 3601; baseline -0.006 -6"><span class='ocrx_word' id='word_1_603' title='bbox 1787 3542 1997 3597; x_wconf 89' lang='lat' dir='ltr'><strong>sincera</strong></span> <span class='ocrx_word' id='word_1_604' title='bbox 2037 3548 2095 3593; x_wconf 87' lang='lat' dir='ltr'><strong>et</strong></span> <span class='ocrx_word' id='word_1_605' title='bbox 2139 3554 2268 3593; x_wconf 85' lang='lat' dir='ltr'><strong>vera</strong></span> <span class='ocrx_word' id='word_1_606' title='bbox 2304 3539 2708 3592; x_wconf 70' lang='lat' dir='ltr'><strong>demonstretur</strong></span> <span class='ocrx_word' id='word_1_607' title='bbox 2752 3536 2883 3601; x_wconf 91' lang='lat' dir='ltr'><strong>vita,</strong></span> <span class='ocrx_word' id='word_1_608' title='bbox 2933 3535 2977 3588; x_wconf 92' lang='lat' dir='ltr'><strong>si</strong></span> <span class='ocrx_word' id='word_1_609' title='bbox 3019 3534 3364 3589; x_wconf 88' lang='lat' dir='ltr'><strong>concordiam</strong></span> 
     </span>
    </p>
   </div>
   <div class='ocr_carea' id='block_1_84' title="bbox 1787 3625 3366 3700">
    <p class='ocr_par' dir='ltr' id='par_1_84' title="bbox 1787 3625 3366 3700">
     <span class='ocr_line' id='line_1_84' title="bbox 1787 3625 3366 3700; baseline -0.006 -14"><span class='ocrx_word' id='word_1_610' title='bbox 1787 3634 1982 3687; x_wconf 76' lang='lat' dir='ltr'><strong>anima:</strong></span> <span class='ocrx_word' id='word_1_611' title='bbox 2025 3632 2377 3700; x_wconf 87' lang='lat' dir='ltr'><strong>corporisque</strong></span> <span class='ocrx_word' id='word_1_612' title='bbox 2407 3630 2671 3694; x_wconf 88' lang='lat' dir='ltr'><strong>membra,</strong></span> <span class='ocrx_word' id='word_1_613' title='bbox 2696 3637 2751 3681; x_wconf 87' lang='lat' dir='ltr'><strong>ct.</strong></span> <span class='ocrx_word' id='word_1_614' title='bbox 2787 3640 3107 3681; x_wconf 86' lang='lat' dir='ltr'><strong>consensum</strong></span> <span class='ocrx_word' id='word_1_615' title='bbox 3140 3625 3279 3677; x_wconf 88' lang='lat' dir='ltr'><strong>inter</strong></span> <span class='ocrx_word' id='word_1_616' title='bbox 3306 3638 3366 3677; x_wconf 88' lang='lat' dir='ltr'><strong>se</strong></span> 
     </span>
    </p>
   </div>
   <div class='ocr_carea' id='block_1_85' title="bbox 1788 3720 3367 3791">
    <p class='ocr_par' dir='ltr' id='par_1_85' title="bbox 1788 3720 3367 3791">
     <span class='ocr_line' id='line_1_85' title="bbox 1788 3720 3367 3791; baseline -0.008 -12"><span class='ocrx_word' id='word_1_617' title='bbox 1788 3740 1897 3779; x_wconf 91' lang='lat' dir='ltr'><strong>non</strong></span> <span class='ocrx_word' id='word_1_618' title='bbox 1931 3724 2190 3779; x_wconf 85' lang='lat' dir='ltr'><strong>habeant.</strong></span> <span class='ocrx_word' id='word_1_619' title='bbox 2225 3723 2506 3791; x_wconf 81' lang='lat' dir='ltr'><strong>Siquidem</strong></span> <span class='ocrx_word' id='word_1_620' title='bbox 2536 3720 2671 3783; x_wconf 85' lang='lat' dir='ltr'><strong>fieri,</strong></span> <span class='ocrx_word' id='word_1_621' title='bbox 2698 3720 2907 3786; x_wconf 86' lang='lat' dir='ltr'><strong>opinor,</strong></span> <span class='ocrx_word' id='word_1_622' title='bbox 2943 3731 3047 3769; x_wconf 90' lang='lat' dir='ltr'><strong>non</strong></span> <span class='ocrx_word' id='word_1_623' title='bbox 3083 3725 3280 3783; x_wconf 88' lang='lat' dir='ltr'><strong>potest,</strong></span> <span class='ocrx_word' id='word_1_624' title='bbox 3307 3722 3367 3767; x_wconf 86' lang='lat' dir='ltr'><strong>ut</strong></span> 
     </span>
    </p>
   </div>
   <div class='ocr_carea' id='block_1_86' title="bbox 1789 3807 3366 3882">
    <p class='ocr_par' dir='ltr' id='par_1_86' title="bbox 1789 3807 3366 3882">
     <span class='ocr_line' id='line_1_86' title="bbox 1789 3807 3366 3882; baseline -0.006 -15"><span class='ocrx_word' id='word_1_625' title='bbox 1789 3816 1983 3868; x_wconf 73' lang='lat' dir='ltr'><strong>anima:</strong></span> <span class='ocrx_word' id='word_1_626' title='bbox 2027 3822 2411 3882; x_wconf 86' lang='lat' dir='ltr'><strong>comparentur</strong></span> <span class='ocrx_word' id='word_1_627' title='bbox 2466 3812 2627 3875; x_wconf 88' lang='lat' dir='ltr'><strong>bona,</strong></span> <span class='ocrx_word' id='word_1_628' title='bbox 2677 3809 2722 3863; x_wconf 92' lang='lat' dir='ltr'><strong>si</strong></span> <span class='ocrx_word' id='word_1_629' title='bbox 2771 3822 2966 3875; x_wconf 82' lang='lat' dir='ltr'><strong>corpus</strong></span> <span class='ocrx_word' id='word_1_630' title='bbox 3018 3807 3240 3867; x_wconf 84' lang='lat' dir='ltr'><strong>obstet;</strong></span> <span class='ocrx_word' id='word_1_631' title='bbox 3275 3813 3366 3858; x_wconf 88' lang='lat' dir='ltr'><strong>aut</strong></span> 
     </span>
    </p>
   </div>
   <div class='ocr_carea' id='block_1_87' title="bbox 1788 3899 3369 3977">
    <p class='ocr_par' dir='ltr' id='par_1_87' title="bbox 1788 3899 3369 3977">
     <span class='ocr_line' id='line_1_87' title="bbox 1788 3899 3369 3977; baseline -0.006 -17"><span class='ocrx_word' id='word_1_632' title='bbox 1788 3908 2053 3977; x_wconf 87' lang='lat' dir='ltr'><strong>corporis,</strong></span> <span class='ocrx_word' id='word_1_633' title='bbox 2108 3906 2153 3959; x_wconf 88' lang='lat' dir='ltr'><strong>si</strong></span> <span class='ocrx_word' id='word_1_634' title='bbox 2192 3922 2298 3959; x_wconf 92' lang='lat' dir='ltr'><strong>non</strong></span> <span class='ocrx_word' id='word_1_635' title='bbox 2334 3913 2568 3973; x_wconf 74' lang='lat' dir='ltr'><strong>praeeunt</strong></span> <span class='ocrx_word' id='word_1_636' title='bbox 2600 3903 2794 3955; x_wconf 65' lang='lat' dir='ltr'><strong>anima:</strong></span> <span class='ocrx_word' id='word_1_637' title='bbox 2826 3901 2986 3955; x_wconf 84' lang='lat' dir='ltr'><strong>bona.</strong></span> <span class='ocrx_word' id='word_1_638' title='bbox 3023 3899 3128 3953; x_wconf 87' lang='lat' dir='ltr'><strong>Sed</strong></span> <span class='ocrx_word' id='word_1_639' title='bbox 3156 3905 3369 3967; x_wconf 87' lang='lat' dir='ltr'><strong>oportet</strong></span> 
     </span>
    </p>
   </div>
   <div class='ocr_carea' id='block_1_88' title="bbox 1788 3991 3371 4064">
    <p class='ocr_par' dir='ltr' id='par_1_88' title="bbox 1788 3991 3371 4064">
     <span class='ocr_line' id='line_1_88' title="bbox 1788 3991 3371 4064; baseline -0.006 -12"><span class='ocrx_word' id='word_1_640' title='bbox 1788 4009 1847 4053; x_wconf 86' lang='lat' dir='ltr'><strong>ut</strong></span> <span class='ocrx_word' id='word_1_641' title='bbox 1898 3996 2246 4052; x_wconf 86' lang='lat' dir='ltr'><strong>consentiens</strong></span> <span class='ocrx_word' id='word_1_642' title='bbox 2302 3997 2416 4064; x_wconf 85' lang='lat' dir='ltr'><strong>ipsa</strong></span> <span class='ocrx_word' id='word_1_643' title='bbox 2465 4008 2651 4049; x_wconf 88' lang='lat' dir='ltr'><strong>secum</strong></span> <span class='ocrx_word' id='word_1_644' title='bbox 2699 3991 2901 4056; x_wconf 86' lang='lat' dir='ltr'><strong>anima,</strong></span> <span class='ocrx_word' id='word_1_645' title='bbox 2949 4005 3013 4045; x_wconf 91' lang='lat' dir='ltr'><strong>ac</strong></span> <span class='ocrx_word' id='word_1_646' title='bbox 3068 4004 3371 4057; x_wconf 80' lang='lat' dir='ltr'><strong>congruum</strong></span> 
     </span>
    </p>
   </div>
   <div class='ocr_carea' id='block_1_89' title="bbox 1789 4082 3371 4154">
    <p class='ocr_par' dir='ltr' id='par_1_89' title="bbox 1789 4082 3371 4154">
     <span class='ocr_line' id='line_1_89' title="bbox 1789 4082 3371 4154; baseline -0.007 -10"><span class='ocrx_word' id='word_1_647' title='bbox 1789 4105 1986 4154; x_wconf 90' lang='lat' dir='ltr'><strong>corpus</strong></span> <span class='ocrx_word' id='word_1_648' title='bbox 2016 4090 2081 4142; x_wconf 89' lang='lat' dir='ltr'><strong>ad</strong></span> <span class='ocrx_word' id='word_1_649' title='bbox 2112 4103 2173 4143; x_wconf 91' lang='lat' dir='ltr'><strong>se</strong></span> <span class='ocrx_word' id='word_1_650' title='bbox 2214 4101 2516 4151; x_wconf 86' lang='lat' dir='ltr'><strong>assumens,</strong></span> <span class='ocrx_word' id='word_1_651' title='bbox 2550 4087 2631 4140; x_wconf 86' lang='lat' dir='ltr'><strong>sic</strong></span> <span class='ocrx_word' id='word_1_652' title='bbox 2684 4099 2749 4139; x_wconf 81' lang='lat' dir='ltr'><strong>ex</strong></span> <span class='ocrx_word' id='word_1_653' title='bbox 2798 4094 3061 4153; x_wconf 85' lang='lat' dir='ltr'><strong>utroque,</strong></span> <span class='ocrx_word' id='word_1_654' title='bbox 3091 4082 3270 4135; x_wconf 87' lang='lat' dir='ltr'><strong>anima</strong></span> <span class='ocrx_word' id='word_1_655' title='bbox 3316 4094 3371 4134; x_wconf 90' lang='lat' dir='ltr'><strong>et.</strong></span> 
     </span>
    </p>
   </div>
   <div class='ocr_carea' id='block_1_90' title="bbox 1790 4176 3383 4248">
    <p class='ocr_par' dir='ltr' id='par_1_90' title="bbox 1790 4176 3383 4248">
     <span class='ocr_line' id='line_1_90' title="bbox 1790 4176 3383 4248; baseline -0.006 -13"><span class='ocrx_word' id='word_1_656' title='bbox 1790 4195 2017 4248; x_wconf 85' lang='lat' dir='ltr'><strong>corpore</strong></span> <span class='ocrx_word' id='word_1_657' title='bbox 2046 4194 2210 4233; x_wconf 90' lang='lat' dir='ltr'><strong>unum</strong></span> <span class='ocrx_word' id='word_1_658' title='bbox 2246 4179 2300 4232; x_wconf 88' lang='lat' dir='ltr'><strong>in</strong></span> <span class='ocrx_word' id='word_1_659' title='bbox 2335 4193 2553 4232; x_wconf 88' lang='lat' dir='ltr'><strong>cursum</strong></span> <span class='ocrx_word' id='word_1_660' title='bbox 2596 4177 2826 4247; x_wconf 85' lang='lat' dir='ltr'><strong>pacilice</strong></span> <span class='ocrx_word' id='word_1_661' title='bbox 2854 4176 3218 4238; x_wconf 81' lang='lat' dir='ltr'><strong>tendentibus,</strong></span> <span class='ocrx_word' id='word_1_662' title='bbox 3248 4190 3383 4243; x_wconf 53' lang='lat' dir='ltr'><strong>pera</strong></span> 
     </span>
    </p>
   </div>
   <div class='ocr_carea' id='block_1_91' title="bbox 1791 4269 3371 4340">
    <p class='ocr_par' dir='ltr' id='par_1_91' title="bbox 1791 4269 3371 4340">
     <span class='ocr_line' id='line_1_91' title="bbox 1791 4269 3371 4340; baseline -0.004 -13"><span class='ocrx_word' id='word_1_663' title='bbox 1791 4274 1928 4328; x_wconf 84' lang='lat' dir='ltr'><strong>fecte</strong></span> <span class='ocrx_word' id='word_1_664' title='bbox 1978 4275 2191 4327; x_wconf 86' lang='lat' dir='ltr'><strong>beatam</strong></span> <span class='ocrx_word' id='word_1_665' title='bbox 2247 4274 2414 4326; x_wconf 84' lang='lat' dir='ltr'><strong>vitam</strong></span> <span class='ocrx_word' id='word_1_666' title='bbox 2459 4272 2731 4326; x_wconf 85' lang='lat' dir='ltr'><strong>ostendat.</strong></span> <span class='ocrx_word' id='word_1_667' title='bbox 2783 4269 2951 4340; x_wconf 81' lang='lat' dir='ltr'><strong>Igitur</strong></span> <span class='ocrx_word' id='word_1_668' title='bbox 3002 4272 3187 4338; x_wconf 85' lang='lat' dir='ltr'><strong>virgo,</strong></span> <span class='ocrx_word' id='word_1_669' title='bbox 3227 4269 3371 4331; x_wconf 81' lang='lat' dir='ltr'><strong>velut</strong></span> 
     </span>
    </p>
   </div>
   <div class='ocr_carea' id='block_1_92' title="bbox 1789 4360 3382 4435">
    <p class='ocr_par' dir='ltr' id='par_1_92' title="bbox 1789 4360 3382 4435">
     <span class='ocr_line' id='line_1_92' title="bbox 1789 4360 3382 4435; baseline -0.007 -14"><span class='ocrx_word' id='word_1_670' title='bbox 1789 4367 1967 4421; x_wconf 89' lang='lat' dir='ltr'><strong>oleum</strong></span> <span class='ocrx_word' id='word_1_671' title='bbox 1994 4381 2167 4435; x_wconf 74' lang='lat' dir='ltr'><strong>aquae,</strong></span> <span class='ocrx_word' id='word_1_672' title='bbox 2200 4367 2270 4419; x_wconf 88' lang='lat' dir='ltr'><strong>ita</strong></span> <span class='ocrx_word' id='word_1_673' title='bbox 2301 4365 2535 4418; x_wconf 80' lang='lat' dir='ltr'><strong>animam</strong></span> <span class='ocrx_word' id='word_1_674' title='bbox 2570 4377 2758 4432; x_wconf 87' lang='lat' dir='ltr'><strong>puram</strong></span> <span class='ocrx_word' id='word_1_675' title='bbox 2808 4364 3021 4433; x_wconf 87' lang='lat' dir='ltr'><strong>corpori</strong></span> <span class='ocrx_word' id='word_1_676' title='bbox 3044 4376 3260 4431; x_wconf 84' lang='lat' dir='ltr'><strong>semper</strong></span> <span class='ocrx_word' id='word_1_677' title='bbox 3288 4360 3382 4412; x_wconf 46' lang='lat' dir='ltr'><strong>in-t</strong></span> 
     </span>
    </p>
   </div>
   <div class='ocr_carea' id='block_1_93' title="bbox 1792 4455 3384 4525">
    <p class='ocr_par' dir='ltr' id='par_1_93' title="bbox 1792 4455 3384 4525">
     <span class='ocr_line' id='line_1_93' title="bbox 1792 4455 3384 4525; baseline -0.003 -13"><span class='ocrx_word' id='word_1_678' title='bbox 1792 4459 2057 4513; x_wconf 84' lang='lat' dir='ltr'><strong>sidentem</strong></span> <span class='ocrx_word' id='word_1_679' title='bbox 2110 4458 2336 4523; x_wconf 87' lang='lat' dir='ltr'><strong>habens,</strong></span> <span class='ocrx_word' id='word_1_680' title='bbox 2362 4465 2423 4511; x_wconf 91' lang='lat' dir='ltr'><strong>et</strong></span> <span class='ocrx_word' id='word_1_681' title='bbox 2480 4456 2597 4510; x_wconf 87' lang='lat' dir='ltr'><strong>luce</strong></span> <span class='ocrx_word' id='word_1_682' title='bbox 2651 4455 2792 4510; x_wconf 88' lang='lat' dir='ltr'><strong>illius</strong></span> <span class='ocrx_word' id='word_1_683' title='bbox 2829 4456 3128 4525; x_wconf 78' lang='lat' dir='ltr'><strong>subjectum</strong></span> <span class='ocrx_word' id='word_1_684' title='bbox 3175 4467 3384 4521; x_wconf 68' lang='lat' dir='ltr'><strong>corpus</strong></span> 
     </span>
    </p>
   </div>
   <div class='ocr_carea' id='block_1_94' title="bbox 1795 4546 3379 4618">
    <p class='ocr_par' dir='ltr' id='par_1_94' title="bbox 1795 4546 3379 4618">
     <span class='ocr_line' id='line_1_94' title="bbox 1795 4546 3379 4618; baseline -0.004 -14"><span class='ocrx_word' id='word_1_685' title='bbox 1795 4565 2009 4617; x_wconf 83' lang='lat' dir='ltr'><strong>regens,</strong></span> <span class='ocrx_word' id='word_1_686' title='bbox 2036 4550 2491 4618; x_wconf 83' lang='lat' dir='ltr'><strong>quemadmodum</strong></span> <span class='ocrx_word' id='word_1_687' title='bbox 2543 4563 2611 4602; x_wconf 82' lang='lat' dir='ltr'><strong>ex</strong></span> <span class='ocrx_word' id='word_1_688' title='bbox 2664 4548 2777 4602; x_wconf 87' lang='lat' dir='ltr'><strong>luto</strong></span> <span class='ocrx_word' id='word_1_689' title='bbox 2807 4548 3056 4601; x_wconf 89' lang='lat' dir='ltr'><strong>vitiorum</strong></span> <span class='ocrx_word' id='word_1_690' title='bbox 3100 4546 3379 4615; x_wconf 53' lang='lat' dir='ltr'><strong>corporis,</strong></span> 
     </span>
    </p>
   </div>
   <div class='ocr_carea' id='block_1_95' title="bbox 127 4618 1678 4709">
    <p class='ocr_par' dir='ltr' id='par_1_95' title="bbox 127 4618 1678 4705">
     <span class='ocr_line' id='line_1_95' title="bbox 127 4618 1678 4705; baseline 0.01 -31"><span class='ocrx_word' id='word_1_691' title='bbox 127 4618 200 4672; x_wconf 74' lang='grc' dir='ltr'><strong>ἀεὶ</strong></span> <span class='ocrx_word' id='word_1_692' title='bbox 224 4623 577 4690; x_wconf 76' lang='grc' dir='ltr'>ὲφιζάνουσαν</span> <span class='ocrx_word' id='word_1_693' title='bbox 607 4628 823 4703; x_wconf 79' lang='grc' dir='ltr'>ἔχουσα,</span> <span class='ocrx_word' id='word_1_694' title='bbox 844 4630 938 4685; x_wconf 79' lang='grc' dir='ltr'><strong>καὶ</strong></span> <span class='ocrx_word' id='word_1_695' title='bbox 961 4630 1037 4702; x_wconf 62' lang='grc' dir='ltr'>τις)</span> <span class='ocrx_word' id='word_1_696' title='bbox 1069 4633 1208 4702; x_wconf 77' lang='grc' dir='ltr'>φωτὶ</span> <span class='ocrx_word' id='word_1_697' title='bbox 1240 4633 1445 4705; x_wconf 77' lang='grc' dir='ltr'>ταύτης</span> <span class='ocrx_word' id='word_1_698' title='bbox 1465 4636 1526 4688; x_wconf 88' lang='grc' dir='ltr'><strong>τὸ</strong></span> <span class='ocrx_word' id='word_1_699' title='bbox 1557 4637 1678 4690; x_wconf 73' lang='grc' dir='ltr'>ὑπο·</span> 
     </span>
    </p>
   </div>
   <div class='ocr_carea' id='block_1_96' title="bbox 1797 4618 3375 4709">
    <p class='ocr_par' dir='ltr' id='par_1_96' title="bbox 1797 4635 3375 4709">
     <span class='ocr_line' id='line_1_96' title="bbox 1797 4635 3375 4709; baseline -0.004 -15"><span class='ocrx_word' id='word_1_700' title='bbox 1797 4641 1928 4694; x_wconf 90' lang='lat' dir='ltr'><strong>nihil</strong></span> <span class='ocrx_word' id='word_1_701' title='bbox 1956 4640 2097 4708; x_wconf 89' lang='lat' dir='ltr'><strong>quod</strong></span> <span class='ocrx_word' id='word_1_702' title='bbox 2129 4654 2197 4694; x_wconf 78' lang='lat' dir='ltr'><strong>ex</strong></span> <span class='ocrx_word' id='word_1_703' title='bbox 2254 4638 2527 4709; x_wconf 85' lang='lat' dir='ltr'><strong>voluptate</strong></span> <span class='ocrx_word' id='word_1_704' title='bbox 2576 4638 2849 4694; x_wconf 90' lang='lat' dir='ltr'><strong>turbidum</strong></span> <span class='ocrx_word' id='word_1_705' title='bbox 2879 4639 2968 4702; x_wconf 88' lang='lat' dir='ltr'><strong>sit,</strong></span> <span class='ocrx_word' id='word_1_706' title='bbox 3015 4638 3209 4691; x_wconf 69' lang='lat' dir='ltr'><strong>animae</strong></span> <span class='ocrx_word' id='word_1_707' title='bbox 3249 4635 3375 4706; x_wconf 53' lang='lat' dir='ltr'><strong>pul-</strong></span> 
     </span>
    </p>
   </div>
   <div class='ocr_carea' id='block_1_97' title="bbox 128 4710 1691 4797">
    <p class='ocr_par' dir='ltr' id='par_1_97' title="bbox 128 4710 1691 4797">
     <span class='ocr_line' id='line_1_97' title="bbox 128 4710 1691 4797; baseline 0.013 -34"><span class='ocrx_word' id='word_1_708' title='bbox 128 4710 357 4782; x_wconf 80' lang='grc' dir='ltr'>κείμενον</span> <span class='ocrx_word' id='word_1_709' title='bbox 390 4717 552 4790; x_wconf 84' lang='grc' dir='ltr'>σῶμα</span> <span class='ocrx_word' id='word_1_710' title='bbox 582 4720 897 4791; x_wconf 80' lang='grc' dir='ltr'>ήνιοχοῦσα,</span> <span class='ocrx_word' id='word_1_711' title='bbox 936 4722 1127 4794; x_wconf 78' lang='grc' dir='ltr'>ὥσπερ</span> <span class='ocrx_word' id='word_1_712' title='bbox 1153 4724 1254 4793; x_wconf 78' lang='grc' dir='ltr'>τῆς</span> <span class='ocrx_word' id='word_1_713' title='bbox 1297 4725 1404 4778; x_wconf 87' lang='grc' dir='ltr'><strong>ἀπὸ</strong></span> <span class='ocrx_word' id='word_1_714' title='bbox 1438 4726 1691 4797; x_wconf 83' lang='grc' dir='ltr'>σώματος</span> 
     </span>
    </p>
   </div>
   <div class='ocr_carea' id='block_1_98' title="bbox 131 4799 1689 4891">
    <p class='ocr_par' dir='ltr' id='par_1_98' title="bbox 131 4799 1689 4891">
     <span class='ocr_line' id='line_1_98' title="bbox 131 4799 1689 4891; baseline 0.013 -38"><span class='ocrx_word' id='word_1_715' title='bbox 131 4799 256 4868; x_wconf 74' lang='grc' dir='ltr'>ἰλύος</span> <span class='ocrx_word' id='word_1_716' title='bbox 280 4807 384 4863; x_wconf 86' lang='grc' dir='ltr'><strong>τῶν</strong></span> <span class='ocrx_word' id='word_1_717' title='bbox 425 4810 638 4874; x_wconf 86' lang='grc' dir='ltr'>παθῶν,</span> <span class='ocrx_word' id='word_1_718' title='bbox 684 4813 835 4867; x_wconf 78' lang='grc' dir='ltr'>οὐδὲν</span> <span class='ocrx_word' id='word_1_719' title='bbox 870 4813 928 4881; x_wconf 79' lang='grc' dir='ltr'>ἐξ</span> <span class='ocrx_word' id='word_1_720' title='bbox 973 4814 1169 4887; x_wconf 77' lang='grc' dir='ltr'>ἡδονῆς</span> <span class='ocrx_word' id='word_1_721' title='bbox 1217 4815 1436 4888; x_wconf 84' lang='grc' dir='ltr'>θολερὸν</span> <span class='ocrx_word' id='word_1_722' title='bbox 1465 4818 1543 4889; x_wconf 83' lang='grc' dir='ltr'>τῷ</span> <span class='ocrx_word' id='word_1_723' title='bbox 1588 4821 1689 4891; x_wconf 77' lang='grc' dir='ltr'>τῆς</span> 
     </span>
    </p>
   </div>
   <div class='ocr_carea' id='block_1_99' title="bbox 127 4892 1690 4984">
    <p class='ocr_par' dir='ltr' id='par_1_99' title="bbox 127 4892 1690 4984">
     <span class='ocr_line' id='line_1_99' title="bbox 127 4892 1690 4984; baseline 0.012 -35"><span class='ocrx_word' id='word_1_724' title='bbox 127 4892 284 4970; x_wconf 77' lang='grc' dir='ltr'>ψυχῆς</span> <span class='ocrx_word' id='word_1_725' title='bbox 313 4901 496 4957; x_wconf 86' lang='grc' dir='ltr'>κάλλει</span> <span class='ocrx_word' id='word_1_726' title='bbox 518 4904 764 4975; x_wconf 78' lang='grc' dir='ltr'>ὲπιμίξει</span> <span class='ocrx_word' id='word_1_727' title='bbox 795 4905 933 4973; x_wconf 67' lang='grc'>(84),</span> <span class='ocrx_word' id='word_1_728' title='bbox 971 4906 1059 4959; x_wconf 87' lang='grc' dir='ltr'>διὰ</span> <span class='ocrx_word' id='word_1_729' title='bbox 1093 4909 1359 4977; x_wconf 72' lang='grc' dir='ltr'>νηστειῶν</span> <span class='ocrx_word' id='word_1_730' title='bbox 1394 4911 1487 4963; x_wconf 77' lang='grc' dir='ltr'><strong>καὶ</strong></span> <span class='ocrx_word' id='word_1_731' title='bbox 1512 4912 1690 4984; x_wconf 83' lang='grc' dir='ltr'>ἀσκή-</span> 
     </span>
    </p>
   </div>
   <div class='ocr_carea' id='block_1_100' title="bbox 133 4992 1689 5071">
    <p class='ocr_par' dir='ltr' id='par_1_100' title="bbox 133 4992 1689 5071">
     <span class='ocr_line' id='line_1_100' title="bbox 133 4992 1689 5071; baseline 0.006 -25"><span class='ocrx_word' id='word_1_732' title='bbox 133 5003 253 5053; x_wconf 79' lang='grc' dir='ltr'>σεως</span> <span class='ocrx_word' id='word_1_733' title='bbox 281 4992 404 5057; x_wconf 82' lang='grc' dir='ltr'>τούς</span> <span class='ocrx_word' id='word_1_734' title='bbox 430 5011 490 5048; x_wconf 88' lang='grc' dir='ltr'><strong>τε</strong></span> <span class='ocrx_word' id='word_1_735' title='bbox 521 4994 938 5066; x_wconf 80' lang='grc' dir='ltr'>ἀναδιδομένους</span> <span class='ocrx_word' id='word_1_736' title='bbox 977 4995 1036 5064; x_wconf 79' lang='grc' dir='ltr'><strong>ἐξ</strong></span> <span class='ocrx_word' id='word_1_737' title='bbox 1076 4997 1241 5051; x_wconf 81' lang='grc' dir='ltr'>αὑτοῦ</span> <span class='ocrx_word' id='word_1_738' title='bbox 1275 4997 1557 5071; x_wconf 79' lang='grc' dir='ltr'>βρασμοὺς</span> <span class='ocrx_word' id='word_1_739' title='bbox 1590 5019 1689 5055; x_wconf 86' lang='grc' dir='ltr'>κα-</span> 
     </span>
    </p>
   </div>
   <div class='ocr_carea' id='block_1_101' title="bbox 132 5084 1689 5159">
    <p class='ocr_par' dir='ltr' id='par_1_101' title="bbox 132 5084 1689 5159">
     <span class='ocr_line' id='line_1_101' title="bbox 132 5084 1689 5159; baseline 0.009 -26"><span class='ocrx_word' id='word_1_740' title='bbox 132 5084 453 5153; x_wconf 78' lang='grc' dir='ltr'>ταστείλασα,</span> <span class='ocrx_word' id='word_1_741' title='bbox 490 5091 584 5143; x_wconf 77' lang='grc' dir='ltr'><strong>καὶ</strong></span> <span class='ocrx_word' id='word_1_742' title='bbox 622 5087 717 5142; x_wconf 82' lang='grc' dir='ltr'>τοῦ</span> <span class='ocrx_word' id='word_1_743' title='bbox 748 5087 984 5157; x_wconf 84' lang='grc' dir='ltr'>γεώδους</span> <span class='ocrx_word' id='word_1_744' title='bbox 1006 5090 1173 5144; x_wconf 79' lang='grc' dir='ltr'>αὐτοῦ</span> <span class='ocrx_word' id='word_1_745' title='bbox 1204 5090 1266 5144; x_wconf 82' lang='grc' dir='ltr'><strong>τὸ</strong></span> <span class='ocrx_word' id='word_1_746' title='bbox 1293 5091 1543 5147; x_wconf 86' lang='grc' dir='ltr'>πλεῖστον</span> <span class='ocrx_word' id='word_1_747' title='bbox 1577 5098 1689 5159; x_wconf 85' lang='grc' dir='ltr'>τοῖς</span> 
     </span>
    </p>
   </div>
   <div class='ocr_carea' id='block_1_102' title="bbox 140 5173 1688 5255">
    <p class='ocr_par' dir='ltr' id='par_1_102' title="bbox 140 5173 1688 5255">
     <span class='ocr_line' id='line_1_102' title="bbox 140 5173 1688 5255; baseline 0.001 -18"><span class='ocrx_word' id='word_1_748' title='bbox 140 5173 216 5243; x_wconf 73' lang='grc' dir='ltr'><strong>πῆς</strong></span> <span class='ocrx_word' id='word_1_749' title='bbox 261 5180 579 5251; x_wconf 78' lang='grc' dir='ltr'>ἐγκρατείας</span> <span class='ocrx_word' id='word_1_750' title='bbox 632 5180 1052 5255; x_wconf 80' lang='grc' dir='ltr'>κατορθώμασιν</span> <span class='ocrx_word' id='word_1_751' title='bbox 1107 5183 1489 5253; x_wconf 85' lang='grc' dir='ltr'>ὑφαγνίσασα·</span> <span class='ocrx_word' id='word_1_752' title='bbox 1516 5185 1688 5250; x_wconf 81' lang='grc' dir='ltr'>οὕτως</span> 
     </span>
    </p>
   </div>
   <div class='ocr_carea' id='block_1_103' title="bbox 193 5378 1617 5457">
    <p class='ocr_par' dir='ltr' id='par_1_103' title="bbox 193 5378 1617 5457">
     <span class='ocr_line' id='line_1_103' title="bbox 193 5378 1617 5457; baseline 0.002 -20"><span class='ocrx_word' id='word_1_753' title='bbox 335 5383 462 5457; x_wconf 75' lang='grc' dir='ltr'>Τοῖς</span> <span class='ocrx_word' id='word_1_754' title='bbox 489 5385 719 5454; x_wconf 74' lang='grc' dir='ltr'>μέρεσι.</span> <span class='ocrx_word' id='word_1_755' title='bbox 744 5383 878 5457; x_wconf 70' lang='grc' dir='ltr'>ϐοά.</span> <span class='ocrx_word' id='word_1_756' title='bbox 908 5383 1040 5455; x_wconf 71' lang='lat' dir='ltr'><strong>Reg.</strong></span> <span class='ocrx_word' id='word_1_757' title='bbox 1070 5384 1236 5448; x_wconf 77' lang='lat'><strong>2879,</strong></span> <span class='ocrx_word' id='word_1_758' title='bbox 1266 5388 1379 5449; x_wconf 88' lang='grc' dir='ltr'>τοῖς</span> <span class='ocrx_word' id='word_1_759' title='bbox 1406 5385 1617 5457; x_wconf 73' lang='grc' dir='ltr'>μέλεσι.</span> 
     </span>
    </p>
   </div>
   <div class='ocr_carea' id='block_1_104' title="bbox 138 5452 1691 5583">
    <p class='ocr_par' dir='ltr' id='par_1_104' title="bbox 138 5452 1691 5583">
     <span class='ocr_line' id='line_1_104' title="bbox 138 5452 1691 5583; baseline 0.003 -76"><span class='ocrx_word' id='word_1_760' title='bbox 138 5452 296 5583; x_wconf 39' lang='lat'><strong>“(2:2)</strong></span> <span class='ocrx_word' id='word_1_761' title='bbox 332 5452 571 5508; x_wconf 72' lang='grc' dir='ltr'><strong>Μένεὶν.</strong></span> <span class='ocrx_word' id='word_1_762' title='bbox 615 5457 708 5510; x_wconf 76' lang='lat' dir='ltr'><strong>Sic</strong></span> <span class='ocrx_word' id='word_1_763' title='bbox 762 5452 1014 5526; x_wconf 73' lang='lat' dir='ltr'><strong>plerique</strong></span> <span class='ocrx_word' id='word_1_764' title='bbox 1048 5470 1181 5510; x_wconf 84' lang='lat' dir='ltr'><strong>mss.</strong></span> <span class='ocrx_word' id='word_1_765' title='bbox 1221 5452 1454 5513; x_wconf 78' lang='lat' dir='ltr'><strong>codices.</strong></span> <span class='ocrx_word' id='word_1_766' title='bbox 1508 5456 1649 5512; x_wconf 87' lang='lat' dir='ltr'><strong>Editi</strong></span> <span class='ocrx_word' id='word_1_767' title='bbox 1675 5497 1691 5523; x_wconf 95' lang='lat'><strong>,</strong></span> 
     </span>
    </p>
   </div>
   <div class='ocr_carea' id='block_1_105' title="bbox 170 5590 1689 5667">
    <p class='ocr_par' dir='ltr' id='par_1_105' title="bbox 170 5590 1689 5667">
     <span class='ocr_line' id='line_1_105' title="bbox 170 5590 1689 5667; baseline 0.008 -25"><span class='ocrx_word' id='word_1_768' title='bbox 170 5590 298 5667; x_wconf 43' lang='lat' dir='ltr'><strong>i8!)</strong></span> <span class='ocrx_word' id='word_1_769' title='bbox 349 5593 889 5667; x_wconf 53' lang='grc' dir='ltr'>’Υπήάφροσύνηᾳ</span> <span class='ocrx_word' id='word_1_770' title='bbox 926 5593 1018 5651; x_wconf 88' lang='lat' dir='ltr'><strong>Sic</strong></span> <span class='ocrx_word' id='word_1_771' title='bbox 1044 5594 1570 5667; x_wconf 68' lang='lat' dir='ltr'><strong>duoCombetlsiani</strong></span> <span class='ocrx_word' id='word_1_772' title='bbox 1594 5612 1689 5653; x_wconf 90' lang='lat' dir='ltr'><strong>co-</strong></span> 
     </span>
    </p>
   </div>
   <div class='ocr_carea' id='block_1_106' title="bbox 136 5655 1687 5741">
    <p class='ocr_par' dir='ltr' id='par_1_106' title="bbox 136 5655 1687 5741">
     <span class='ocr_line' id='line_1_106' title="bbox 136 5655 1687 5741; baseline 0.008 -29"><span class='ocrx_word' id='word_1_773' title='bbox 136 5655 411 5741; x_wconf 45' lang='lat' dir='ltr'><strong>diccs‘cntn</strong></span> <span class='ocrx_word' id='word_1_774' title='bbox 444 5655 573 5741; x_wconf 52' lang='lat' dir='ltr'><strong>alio;</strong></span> <span class='ocrx_word' id='word_1_775' title='bbox 589 5655 1006 5741; x_wconf 57' lang='lat' dir='ltr'><strong>&#39;tnelius&#39;quam</strong></span> <span class='ocrx_word' id='word_1_776' title='bbox 1048 5666 1208 5741; x_wconf 64' lang='lat' dir='ltr'><strong>editi,</strong></span> <span class='ocrx_word' id='word_1_777' title='bbox 1230 5668 1324 5741; x_wconf 67' lang='grc' dir='ltr'><strong>ἐπ’</strong></span> <span class='ocrx_word' id='word_1_778' title='bbox 1354 5667 1687 5741; x_wconf 76' lang='grc' dir='ltr'>άφοοσύνης.</span> 
     </span>
    </p>
   </div>
   <div class='ocr_carea' id='block_1_107' title="bbox 199 5729 1406 5808">
    <p class='ocr_par' dir='ltr' id='par_1_107' title="bbox 199 5729 1406 5808">
     <span class='ocr_line' id='line_1_107' title="bbox 199 5729 1406 5808; baseline 0.001 -16"><span class='ocrx_word' id='word_1_779' title='bbox 199 5729 299 5796; x_wconf 70' lang='grc'><strong>(82)</strong></span> <span class='ocrx_word' id='word_1_780' title='bbox 333 5734 469 5792; x_wconf 76' lang='grc' dir='ltr'>Ὅτι.</span> <span class='ocrx_word' id='word_1_781' title='bbox 507 5736 595 5793; x_wconf 87' lang='lat' dir='ltr'><strong>Sic</strong></span> <span class='ocrx_word' id='word_1_782' title='bbox 632 5752 762 5796; x_wconf 78' lang='lat' dir='ltr'><strong>mss.</strong></span> <span class='ocrx_word' id='word_1_783' title='bbox 796 5729 1032 5797; x_wconf 77' lang='lat' dir='ltr'><strong>codices.</strong></span> <span class='ocrx_word' id='word_1_784' title='bbox 1069 5729 1233 5803; x_wconf 87' lang='lat' dir='ltr'><strong>Editi,</strong></span> <span class='ocrx_word' id='word_1_785' title='bbox 1269 5729 1406 5808; x_wconf 56' lang='grc' dir='ltr'><strong>ὅτις</strong></span> 
     </span>
    </p>
   </div>
   <div class='ocr_carea' id='block_1_108' title="bbox 1792 4729 3378 4800">
    <p class='ocr_par' dir='ltr' id='par_1_108' title="bbox 1792 4729 3378 4800">
     <span class='ocr_line' id='line_1_108' title="bbox 1792 4729 3378 4800; baseline -0.003 -12"><span class='ocrx_word' id='word_1_786' title='bbox 1792 4732 2087 4788; x_wconf 81' lang='lat' dir='ltr'><strong>ehritudini</strong></span> <span class='ocrx_word' id='word_1_787' title='bbox 2135 4732 2486 4796; x_wconf 80' lang='lat' dir='ltr'><strong>admiscebit,</strong></span> <span class='ocrx_word' id='word_1_788' title='bbox 2520 4730 2615 4786; x_wconf 89' lang='lat' dir='ltr'><strong>sed</strong></span> <span class='ocrx_word' id='word_1_789' title='bbox 2647 4745 2746 4800; x_wconf 88' lang='lat' dir='ltr'><strong>per</strong></span> <span class='ocrx_word' id='word_1_790' title='bbox 2772 4730 2973 4800; x_wconf 81' lang='lat' dir='ltr'><strong>jejunia</strong></span> <span class='ocrx_word' id='word_1_791' title='bbox 3004 4739 3059 4784; x_wconf 89' lang='lat' dir='ltr'><strong>et</strong></span> <span class='ocrx_word' id='word_1_792' title='bbox 3081 4729 3378 4783; x_wconf 87' lang='lat' dir='ltr'><strong>asceticam</strong></span> 
     </span>
    </p>
   </div>
   <div class='ocr_carea' id='block_1_109' title="bbox 1790 4819 3375 4892">
    <p class='ocr_par' dir='ltr' id='par_1_109' title="bbox 1790 4819 3375 4892">
     <span class='ocr_line' id='line_1_109' title="bbox 1790 4819 3375 4892; baseline 0.001 -19"><span class='ocrx_word' id='word_1_793' title='bbox 1790 4824 1957 4876; x_wconf 87' lang='lat' dir='ltr'><strong>vitam</strong></span> <span class='ocrx_word' id='word_1_794' title='bbox 2009 4832 2358 4892; x_wconf 89' lang='lat' dir='ltr'><strong>erumpentes</strong></span> <span class='ocrx_word' id='word_1_795' title='bbox 2388 4837 2422 4877; x_wconf 89' lang='lat' dir='ltr'><strong>e</strong></span> <span class='ocrx_word' id='word_1_796' title='bbox 2453 4836 2681 4891; x_wconf 90' lang='lat' dir='ltr'><strong>corpore</strong></span> <span class='ocrx_word' id='word_1_797' title='bbox 2734 4819 2978 4875; x_wconf 84' lang='lat' dir='ltr'><strong>fervores</strong></span> <span class='ocrx_word' id='word_1_798' title='bbox 3032 4820 3375 4889; x_wconf 84' lang='lat' dir='ltr'><strong>comprimet,</strong></span> 
     </span>
    </p>
   </div>
   <div class='ocr_carea' id='block_1_110' title="bbox 1788 4911 3376 4983">
    <p class='ocr_par' dir='ltr' id='par_1_110' title="bbox 1788 4911 3376 4983">
     <span class='ocr_line' id='line_1_110' title="bbox 1788 4911 3376 4983; baseline -0.001 -18"><span class='ocrx_word' id='word_1_799' title='bbox 1788 4912 2010 4980; x_wconf 90' lang='lat' dir='ltr'><strong>etquod</strong></span> <span class='ocrx_word' id='word_1_800' title='bbox 2039 4916 2090 4967; x_wconf 86' lang='lat' dir='ltr'><strong>in</strong></span> <span class='ocrx_word' id='word_1_801' title='bbox 2126 4928 2192 4968; x_wconf 91' lang='lat' dir='ltr'><strong>co</strong></span> <span class='ocrx_word' id='word_1_802' title='bbox 2220 4923 2493 4968; x_wconf 87' lang='lat' dir='ltr'><strong>terrenum</strong></span> <span class='ocrx_word' id='word_1_803' title='bbox 2529 4923 2616 4968; x_wconf 89' lang='lat' dir='ltr'><strong>est</strong></span> <span class='ocrx_word' id='word_1_804' title='bbox 2659 4927 2853 4983; x_wconf 74' lang='lat' dir='ltr'><strong>magna</strong></span> <span class='ocrx_word' id='word_1_805' title='bbox 2884 4925 2955 4965; x_wconf 75' lang='lat' dir='ltr'><strong>ex</strong></span> <span class='ocrx_word' id='word_1_806' title='bbox 3002 4922 3156 4981; x_wconf 86' lang='lat' dir='ltr'><strong>parte</strong></span> <span class='ocrx_word' id='word_1_807' title='bbox 3203 4911 3376 4966; x_wconf 84' lang='lat' dir='ltr'><strong>conti-</strong></span> 
     </span>
    </p>
   </div>
   <div class='ocr_carea' id='block_1_111' title="bbox 1795 5004 3378 5076">
    <p class='ocr_par' dir='ltr' id='par_1_111' title="bbox 1795 5004 3378 5076">
     <span class='ocr_line' id='line_1_111' title="bbox 1795 5004 3378 5076; baseline -0.001 -18"><span class='ocrx_word' id='word_1_808' title='bbox 1795 5005 1991 5059; x_wconf 77' lang='lat' dir='ltr'><strong>nentia:</strong></span> <span class='ocrx_word' id='word_1_809' title='bbox 2029 5004 2188 5059; x_wconf 87' lang='lat' dir='ltr'><strong>laude</strong></span> <span class='ocrx_word' id='word_1_810' title='bbox 2215 5006 2539 5076; x_wconf 72' lang='lat' dir='ltr'><strong>expurgabit</strong></span> <span class='ocrx_word' id='word_1_811' title='bbox 2571 5021 2585 5058; x_wconf 90' lang='lat'><strong>:</strong></span> <span class='ocrx_word' id='word_1_812' title='bbox 2617 5005 2699 5060; x_wconf 87' lang='lat' dir='ltr'><strong>sic</strong></span> <span class='ocrx_word' id='word_1_813' title='bbox 2724 5005 2888 5059; x_wconf 88' lang='lat' dir='ltr'><strong>etiam</strong></span> <span class='ocrx_word' id='word_1_814' title='bbox 2920 5004 3052 5058; x_wconf 88' lang='lat' dir='ltr'><strong>nihil</strong></span> <span class='ocrx_word' id='word_1_815' title='bbox 3083 5021 3149 5060; x_wconf 80' lang='lat' dir='ltr'><strong>cx</strong></span> <span class='ocrx_word' id='word_1_816' title='bbox 3182 5005 3378 5058; x_wconf 66' lang='lat' dir='ltr'><strong>animm</strong></span> 
     </span>
    </p>
   </div>
   <div class='ocr_carea' id='block_1_112' title="bbox 1792 5094 3375 5166">
    <p class='ocr_par' dir='ltr' id='par_1_112' title="bbox 1792 5094 3375 5166">
     <span class='ocr_line' id='line_1_112' title="bbox 1792 5094 3375 5166; baseline 0.003 -22"><span class='ocrx_word' id='word_1_817' title='bbox 1792 5096 1960 5158; x_wconf 81' lang='lat' dir='ltr'><strong>vitiis,</strong></span> <span class='ocrx_word' id='word_1_818' title='bbox 1991 5096 2336 5153; x_wconf 66' lang='lat' dir='ltr'><strong>aemulatione</strong></span> <span class='ocrx_word' id='word_1_819' title='bbox 2380 5108 2437 5152; x_wconf 87' lang='lat' dir='ltr'><strong>et</strong></span> <span class='ocrx_word' id='word_1_820' title='bbox 2481 5097 2854 5162; x_wconf 88' lang='lat' dir='ltr'><strong>simulatione,</strong></span> <span class='ocrx_word' id='word_1_821' title='bbox 2890 5096 3021 5150; x_wconf 88' lang='lat' dir='ltr'><strong>nihil</strong></span> <span class='ocrx_word' id='word_1_822' title='bbox 3067 5094 3375 5166; x_wconf 89' lang='lat' dir='ltr'><strong>insipientia</strong></span> 
     </span>
    </p>
   </div>
   <div class='ocr_carea' id='block_1_113' title="bbox 1791 5188 3370 5261">
    <p class='ocr_par' dir='ltr' id='par_1_113' title="bbox 1791 5188 3370 5261">
     <span class='ocr_line' id='line_1_113' title="bbox 1791 5188 3370 5261; baseline -0.002 -18"><span class='ocrx_word' id='word_1_823' title='bbox 1791 5191 2166 5258; x_wconf 86' lang='lat' dir='ltr'><strong>perturbatum</strong></span> <span class='ocrx_word' id='word_1_824' title='bbox 2195 5189 2468 5261; x_wconf 85' lang='lat' dir='ltr'><strong>impertiet</strong></span> <span class='ocrx_word' id='word_1_825' title='bbox 2488 5190 2724 5261; x_wconf 89' lang='lat' dir='ltr'><strong>corpori,</strong></span> <span class='ocrx_word' id='word_1_826' title='bbox 2750 5189 2848 5245; x_wconf 86' lang='lat' dir='ltr'><strong>sed</strong></span> <span class='ocrx_word' id='word_1_827' title='bbox 2878 5189 2947 5245; x_wconf 90' lang='lat' dir='ltr'><strong>ab</strong></span> <span class='ocrx_word' id='word_1_828' title='bbox 2976 5190 3123 5243; x_wconf 82' lang='lat' dir='ltr'><strong>omni</strong></span> <span class='ocrx_word' id='word_1_829' title='bbox 3163 5188 3370 5255; x_wconf 87' lang='lat' dir='ltr'><strong>furore,</strong></span> 
     </span>
    </p>
   </div>
   <div class='ocr_carea' id='block_1_114' title="bbox 1872 5393 3378 5467">
    <p class='ocr_par' dir='ltr' id='par_1_114' title="bbox 1872 5393 3378 5467">
     <span class='ocr_line' id='line_1_114' title="bbox 1872 5393 3378 5467; baseline -0.001 -18"><span class='ocrx_word' id='word_1_830' title='bbox 1872 5394 1983 5467; x_wconf 78' lang='grc'><strong>(85)</strong></span> <span class='ocrx_word' id='word_1_831' title='bbox 2016 5398 2277 5467; x_wconf 46' lang='grc' dir='ltr'>Σαρκός,</span> <span class='ocrx_word' id='word_1_832' title='bbox 2314 5395 2406 5467; x_wconf 88' lang='lat' dir='ltr'><strong>Sic</strong></span> <span class='ocrx_word' id='word_1_833' title='bbox 2442 5395 2782 5467; x_wconf 80' lang='lat' dir='ltr'><strong>Colhertinns</strong></span> <span class='ocrx_word' id='word_1_834' title='bbox 2814 5395 3141 5467; x_wconf 38' lang='lat' dir='ltr'><strong>codexucum</strong></span> <span class='ocrx_word' id='word_1_835' title='bbox 3193 5393 3378 5447; x_wconf 71' lang='lat' dir='ltr'><strong>editis.</strong></span> 
     </span>
    </p>
   </div>
   <div class='ocr_carea' id='block_1_115' title="bbox 1800 5464 3379 5538">
    <p class='ocr_par' dir='ltr' id='par_1_115' title="bbox 1800 5464 3379 5538">
     <span class='ocr_line' id='line_1_115' title="bbox 1800 5464 3379 5538; baseline -0.003 -18"><span class='ocrx_word' id='word_1_836' title='bbox 1800 5464 2048 5536; x_wconf 78' lang='lat' dir='ltr'><strong>Legitur,</strong></span> <span class='ocrx_word' id='word_1_837' title='bbox 2074 5465 2332 5538; x_wconf 86' lang='grc' dir='ltr'>γαστρός,</span> <span class='ocrx_word' id='word_1_838' title='bbox 2354 5466 2405 5518; x_wconf 95' lang='lat' dir='ltr'><strong>in</strong></span> <span class='ocrx_word' id='word_1_839' title='bbox 2423 5468 2659 5538; x_wconf 80' lang='lat' dir='ltr'><strong>quinque</strong></span> <span class='ocrx_word' id='word_1_840' title='bbox 2675 5464 2798 5519; x_wconf 86' lang='lat' dir='ltr'><strong>aliis</strong></span> <span class='ocrx_word' id='word_1_841' title='bbox 2819 5464 3122 5538; x_wconf 72' lang='lat' dir='ltr'><strong>codicibus,</strong></span> <span class='ocrx_word' id='word_1_842' title='bbox 3146 5478 3379 5533; x_wconf 76' lang='lat' dir='ltr'><strong>quorum</strong></span> 
     </span>
    </p>
   </div>
   <div class='ocr_carea' id='block_1_116' title="bbox 1801 5534 3059 5601">
    <p class='ocr_par' dir='ltr' id='par_1_116' title="bbox 1801 5534 3059 5601">
     <span class='ocr_line' id='line_1_116' title="bbox 1801 5534 3059 5601; baseline -0.002 -11"><span class='ocrx_word' id='word_1_843' title='bbox 1801 5534 1981 5591; x_wconf 76' lang='lat' dir='ltr'><strong>tamen</strong></span> <span class='ocrx_word' id='word_1_844' title='bbox 2025 5534 2161 5591; x_wconf 82' lang='lat' dir='ltr'><strong>unus</strong></span> <span class='ocrx_word' id='word_1_845' title='bbox 2195 5534 2481 5601; x_wconf 82' lang='lat' dir='ltr'><strong>utramque</strong></span> <span class='ocrx_word' id='word_1_846' title='bbox 2521 5536 2804 5590; x_wconf 84' lang='lat' dir='ltr'><strong>lectionem</strong></span> <span class='ocrx_word' id='word_1_847' title='bbox 2845 5534 3059 5588; x_wconf 89' lang='lat' dir='ltr'><strong>retinet.</strong></span> 
     </span>
    </p>
   </div>
   <div class='ocr_carea' id='block_1_117' title="bbox 1801 5599 3377 5748">
    <p class='ocr_par' dir='ltr' id='par_1_117' title="bbox 1801 5599 3377 5748">
     <span class='ocr_line' id='line_1_117' title="bbox 1801 5599 3377 5748; baseline -0.003 -86"><span class='ocrx_word' id='word_1_848' title='bbox 1801 5680 1825 5732; x_wconf 56' lang='grc' dir='ltr'>ὲ</span> <span class='ocrx_word' id='word_1_849' title='bbox 1872 5608 1999 5748; x_wconf 51' lang='grc' dir='ltr'>ἓωέ</span> <span class='ocrx_word' id='word_1_850' title='bbox 2037 5606 2340 5678; x_wconf 79' lang='grc' dir='ltr'>Ἐπιμίξει.</span> <span class='ocrx_word' id='word_1_851' title='bbox 2372 5599 2462 5662; x_wconf 87' lang='lat' dir='ltr'><strong>Sic</strong></span> <span class='ocrx_word' id='word_1_852' title='bbox 2488 5605 2732 5679; x_wconf 82' lang='lat' dir='ltr'><strong>plerique</strong></span> <span class='ocrx_word' id='word_1_853' title='bbox 2764 5618 2894 5662; x_wconf 84' lang='lat' dir='ltr'><strong>mss.</strong></span> <span class='ocrx_word' id='word_1_854' title='bbox 2936 5603 3173 5671; x_wconf 65' lang='lat' dir='ltr'><strong>codices.</strong></span> <span class='ocrx_word' id='word_1_855' title='bbox 3207 5599 3377 5669; x_wconf 70' lang='lat' dir='ltr'><strong>Etliti,</strong></span> 
     </span>
     <span class='ocr_line' id='line_1_118' title="bbox 1833 5695 2047 5748; baseline -0.009 -16"><span class='ocrx_word' id='word_1_856' title='bbox 1833 5696 1872 5732; x_wconf 88' lang='grc' dir='ltr'><strong>π</strong></span> <span class='ocrx_word' id='word_1_857' title='bbox 1906 5696 1964 5748; x_wconf 84' lang='grc' dir='ltr'><strong>μι</strong></span> <span class='ocrx_word' id='word_1_858' title='bbox 2002 5695 2047 5730; x_wconf 87' lang='grc' dir='ltr'>ε.</span> 
     </span>
    </p>
   </div>
   <div class='ocr_carea' id='block_1_118' title="bbox 1833 5695 2047 5751">
    <p class='ocr_par' dir='ltr' id='par_1_118' title="bbox 1833 5695 2047 5751">
     <span class='ocr_line' id='line_1_119' title="bbox 1833 5695 2047 5751; baseline -0.009 -19"><span class='ocrx_word' id='word_1_859' title='bbox 1833 5695 2047 5751; x_wconf 77' lang='grc' dir='ltr'>πεμιςε.</span> 
     </span>
    </p>
   </div>
  </div>
