3802 6216
333 233 443 293 763

1298 227 1642 285 APPENDIX
1680 227 1965 286 OPERUM
2005 230 2064 286 S.
2103 226 2343 284 BASlLll
2383 224 2615 283 MAGNL

3499 222 3616 278 765

332 358 391 407 et
437 351 537 416 ira,
567 357 623 404 et
667 347 895 403 absurda
936 346 1230 416 cupiditate
1268 361 1457 417 puram
1502 359 1556 401 et
1592 345 1911 400 luminosam
1947 396 1951 410 η

2094 345 2171 399 Βὲν
2215 344 2325 398 τῶν
2356 322 2466 398 eis
2500 342 2682 414 ψυχῆς
2713 342 2777 395 ὲκ
2805 340 2969 412 ζήλου
3008 338 3102 394 και
3141 339 3486 409 ὑποκρίσεως
3512 356 3621 392 παρ

336 453 571 508 mentem
626 439 933 494 hominibus
986 440 1256 494 ostendet.
1289 438 1441 506 Quod
1493 438 1539 492 si
1600 452 1792 507 purum
1848 438 1916 490 ab

334 538 482 589 omni
536 533 792 587 vitiorum
832 524 1125 587 consortio
1156 533 1449 587 humanum
1506 547 1573 585 ex
1606 544 1833 600 corpore
1863 538 1918 583 et

336 628 517 681 anima
563 635 819 681 constans
878 624 1298 681 instrumentum
1359 624 1562 678 habere
1616 623 1805 686 debet,
1856 634 1920 675 ac

336 727 624 787 utrumque
654 719 708 772 in
745 718 962 788 propria
1014 726 1205 771 natura
1256 730 1354 770 suo
1389 714 1676 785 tranquille
1706 711 1922 784 perfun.

336 824 469 881 gens
492 823 735 876 munere,
766 815 985 879 oportet
1012 815 1071 861 ut
1101 805 1715 877 ipsa,qnemadmodum
1754 805 1923 857 liuen-

338 912 426 958 tes
461 904 513 957 in
546 918 742 973 corpus
785 917 883 972 per
914 911 1159 956 ventrem
1215 901 1460 955 turbidos
1497 898 1713 968 repellit
1753 898 1922 959 rivos,

338 994 414 1049 ita
438 1004 493 1048 et
539 1008 635 1049 eos
681 995 771 1063 qui
806 994 857 1046 in
903 993 1141 1046 animam
1177 990 1348 1044 ﬂuunt
1381 998 1614 1044 avertat.
1645 987 1737 1042 Sic
1779 987 1923 1040 enim

339 1094 556 1140 maneat
587 1085 663 1138 illi
697 1085 1066 1153 utrumquein
1110 1082 1339 1139 naturali
1376 1091 1523 1137 statu
1565 1080 1922 1148 imperturba-

343 1184 453 1228 tum
479 1194 491 1228 :
524 1176 719 1245 quippe
748 1190 871 1228 cum
891 1214 908 1240 ,
937 1175 1176 1245 quandiu
1205 1173 1334 1227 vitia
1366 1172 1681 1240 obstrepent
1711 1169 1928 1232 animae,

342 1267 587 1336 virginea
644 1266 992 1337 pulchritudo
1048 1281 1154 1320 non
1210 1265 1383 1335 possit
1410 1263 1521 1317 ullo
1566 1262 1726 1316 modo
1752 1259 1927 1314 videri

345 1359 696 1425 intaminata;
728 1360 809 1413 vel
840 1360 1037 1429 potius,
1070 1368 1439 1428 praeterquam
1464 1355 1607 1425 quod
1642 1353 1772 1409 nihil
1801 1367 1925 1407 cor-

347 1451 495 1520 poris
538 1452 777 1519 proderit
825 1452 1164 1517 exercitatio,
1196 1450 1421 1504 multum
1446 1450 1611 1503 etiam
1654 1444 1838 1516 probri
1864 1459 1932 1498 ex

348 1539 602 1594 vitiorum
640 1542 993 1609 perversitate
1026 1542 1077 1595 in
1117 1541 1296 1595 anima
1328 1548 1603 1595 cernatur.

2030 435 2159 500 θῶν,
2188 436 2343 490 οῦδὲν
2369 435 2429 499 ἐξ
2467 431 2778 506 ἀφροσύνης
2821 430 3228 502 τεταραγμένον
3256 429 3369 499 (85)
3398 430 3475 500 τῷ
3503 428 3619 482 σώ-

2028 543 2158 598 ματι
2196 525 2517 597 μεταδώσει,
2555 522 2755 587 παντὸς
2775 521 2973 593 θυμοῦ,
3004 521 3098 574 καὶ
3133 520 3326 592 ὀργῆς,
3360 520 3457 573 καὶ
3487 521 3619 572 ἐπι-

2025 617 2223 688 θυμίας
2251 617 2432 688 πάσης
2458 616 2684 680 ἀτόπου,
2714 614 2805 668 τὸν
2822 614 2946 668 νοῦν
2970 612 3136 683 διειδῆ
3154 629 3210 664 τε
3231 612 3325 665 καὶ
3347 610 3617 680 φωτεινὸν

2024 709 2101 781 τῷ
2134 709 2233 779 βίῳ
2257 709 2531 763 δεικνῦσα.
2563 708 2626 760 Εἰ
2647 707 2703 760 δὲ
2735 707 3091 775 ἀνεπίμικτον
3112 703 3209 773 μὲν
3236 701 3426 756 παθῶν
3453 701 3515 754 τδ
3545 702 3619 752 ὲκ

2023 802 2204 872 ψυχῆς
2234 802 2330 854 καὶ
2360 799 2613 870 σώματος
2642 796 2981 868 ἀνθρώπινον
3017 795 3247 866 ὄργανον
3291 793 3436 864 ἔχειν
3463 790 3623 859 ὀφεί-

2028 893 2131 956 λει,
2161 893 2422 962 ἑκάτερον
2454 891 2511 945 δὲ
2542 892 2599 943 ἐν
2627 893 2694 960 τῇ
2736 889 2840 960 ἰδίᾳ
2873 887 3033 956 φύσει
3066 885 3308 957 ἠρεμοῦν
3340 884 3441 955 τὴν
3474 884 3621 937 ἰδίαν

2033 984 2223 1057 χρείαν
2256 982 2519 1047 δεικνύον,
2565 982 2833 1054 προσήκει
2866 978 3068 1049 αὐτὴν,
3128 976 3319 1048 ὥσπερ
3356 976 3486 1038 τοὺς
3533 975 3623 1036 είς

2028 1074 2188 1143 σῶμα
2236 1073 2458 1145 ῥέοντας
2508 1071 2595 1125 διὰ
2646 1070 2880 1141 γαστρὸς
2931 1069 3187 1140 θολεροὺς
3242 1065 3621 1136 ἀποκρούεται

2040 1164 2278 1234 ὀχετοὺς,
2310 1163 2451 1217 οὕτω
2483 1165 2575 1217 καὶ
2609 1164 2735 1225 τοὺς
2761 1164 2841 1226 είς
2881 1160 3058 1231 ψυχὴν
3095 1159 3318 1232 ῥέοντας
3347 1157 3629 1227 ἀποστρέ-

2037 1272 2177 1325 φειν.
2207 1254 2363 1308 Ούτω
2382 1255 2490 1326 γάρ
2521 1254 2587 1308 ἂν
2617 1254 2767 1325 μένοι
2792 1254 2931 1325 αὐτῇ
2959 1252 3216 1323 ἑκάτερον
3238 1254 3294 1303 ἐν
3315 1253 3382 1322 τῇ
3410 1251 3629 1320 φυσικῇ

2039 1345 2369 1399 καταστάσει
2401 1345 2668 1398 ἀθόλωτον
2688 1362 2701 1374 ·
2733 1344 2808 1408 ὡς
2838 1343 2944 1407 ἕως
2963 1361 3026 1412 γε
3052 1342 3118 1397 ἂν
3141 1342 3209 1397 τά
3240 1341 3387 1411 πάθη
3423 1340 3627 1411 ἐνοχλῇ

2036 1441 2104 1508 τῇ
2137 1437 2308 1509 ψυχῇ,
2340 1437 2435 1490 τοῦ
2477 1435 2810 1509 παρθενικοῦ
2856 1435 3087 1499 κάλλους
3115 1436 3177 1488 ού
3216 1434 3522 1504 δυναμένου
3560 1432 3629 1484 ὃν

2038 1530 2102 1599 δὴ
2134 1528 2336 1599 τρόπον
2374 1528 2641 1599 ἀχράντου
2681 1526 2911 1597 ὀφθῆναι
2934 1543 2946 1557 ·
2983 1524 3182 1596 μᾶλλον
3228 1523 3285 1576 δὲ
3331 1522 3476 1593 μετά
3521 1519 3628 1575 τοῦ

353 1631 519 1703 μηδὲν
546 1635 611 1685 ὲκ
639 1632 740 1702 τῆς
773 1632 913 1686 κατά
944 1632 1005 1686 τὸ
1050 1631 1208 1702 σῶμα
1258 1631 1544 1703 ἀσκήσεως
1585 1625 1934 1698 ὠφελεῖσθαι,
1975 1618 2170 1675 πολλοῦ
2198 1619 2292 1672 τοῦ
2353 1618 2577 1688 αἴσχους
2648 1621 2712 1671 ἐκ
2740 1617 2840 1688 τῆς
2869 1615 2978 1671 τῶν
3013 1614 3201 1668 παθῶν
3230 1614 3426 1677 κακίας
3461 1616 3521 1667 ὲν
3554 1616 3632 1686 τῇ

349 1722 493 1793 ψυχῇ
512 1722 812 1794 ὁρωμένου.

421 1816 513 1871 48.
536 1814 666 1867 Nam
697 1815 739 1868 si
765 1814 949 1867 limum
983 1827 1013 1868 e
1041 1826 1267 1883 corpore
1305 1813 1359 1866 in
1388 1811 1623 1865 animam
1653 1825 1939 1879 erumpen-

2111 1813 2201 1868 48.
2244 1815 2397 1868 Ἐπεὶ
2435 1815 2529 1868 ἐὰν
2559 1813 2621 1867 τὸ
2662 1813 2773 1867 ἀπὸ
2820 1811 3070 1886 σώματος
3114 1812 3498 1883 ἀναδιδόμενον
3542 1813 3635 1877 είς

355 1907 731 1973 tem,ascetica
761 1904 1038 1974 disciplina
1068 1906 1132 1958 ad
1159 1914 1364 1958 naturae
1391 1903 1772 1958 necessitatem
1792 1902 1939 1955 velut

356 1998 687 2052 adamnssim
732 2010 1012 2062 coercens,
1032 1997 1227 2051 anima:
1250 1995 1397 2050 vitiis
1416 1996 1782 2064 perturbatur,
1803 1993 1938 2047 nihil

355 2089 403 2144 ei
436 2089 657 2158 prodest
681 2088 930 2156 corporis
963 2089 1194 2158 puritas,
1225 2102 1347 2141 cum
1378 2101 1608 2155 sponsus
1639 2101 1742 2139 non
1768 2084 1939 2156 possit

355 2183 425 2235 ob
453 2179 912 2250 perturbationem
937 2179 1190 2233 vitiorum
1218 2179 1268 2232 in
1295 2178 1389 2232 tali
1417 2179 1596 2231 anima
1630 2177 1938 2246 requiesce-

358 2283 418 2322 re
441 2285 457 2334 ;
480 2269 569 2327 vel
598 2269 775 2335 potius
826 2268 1152 2337 sibimetipsi
1181 2276 1338 2321 nocet
1384 2282 1504 2334 qua:
1537 2266 1658 2320 talis
1681 2276 1784 2329 est,
1809 2265 1937 2335 quid

357 2374 487 2414 vere
525 2374 725 2428 sponso
757 2359 988 2428 placeat,
1012 2358 1427 2428 obimperitiam
1454 2372 1557 2412 non
1583 2358 1936 2427 investigatis,

360 2467 426 2508 ac
465 2467 847 2521 corpureorum
894 2451 1153 2521 prmelare
1198 2450 1460 2505 factorum
1495 2450 1746 2505 mercede
1775 2450 1967 2521 661’

360 2545 711 2611 semetipsam
737 2542 806 2597 ob
830 2545 1025 2597 mentis
1050 2543 1371 2611 pravitatem
1420 2541 1767 2597 defraudans.
1805 2540 1939 2595 Nam

363 2635 409 2689 si
468 2645 689 2705 propter
739 2638 935 2690 anima:
988 2636 1442 2706 pulchritudinem
1506 2636 1749 2703 corporis
1797 2635 1939 2689 inte-

363 2727 536 2795 gritas
571 2736 877 2792 exercetur,
916 2727 1122 2781 inutilis
1151 2736 1235 2781 est
1281 2741 1548 2796 apparens
1583 2728 1825 2796 corporis
1860 2728 1941 2780 in-

367 2818 609 2890 tegritas,
645 2818 825 2873 anima
881 2819 1183 2873 innumeris
1211 2818 1359 2873 vitiis
1393 2826 1671 2886 corrupta.
1701 2817 1940 2883 Quorum

365 2911 510 2965 enim
544 2925 763 2980 corpus,
796 2911 943 2965 velut
991 2912 1410 2966 instrumentum
1459 2913 1689 2981 peccati,
1736 2910 1945 2979 accepit

365 3000 636 3068 diabolus,
674 3016 769 3070 per
806 3002 932 3057 illud
969 3003 1201 3057 animam
1238 3011 1529 3073 oppugnat.
1562 3002 1801 3070 Quorum
1845 3019 1943 3056 au-

366 3102 474 3146 tem
506 3108 725 3146 carnem
763 3093 1016 3148 invadere
1049 3094 1118 3148 ob
1146 3095 1534 3148 continentiam
1568 3103 1623 3149 et
1653 3094 1942 3147 austerita-

367 3192 476 3236 tem
504 3184 553 3237 ei
592 3198 697 3237 non
738 3183 882 3248 licet,
910 3185 1102 3239 horum
1137 3200 1299 3254 sarpe,
1328 3184 1443 3239 sine
1463 3200 1710 3254 corpore,
1746 3184 1942 3238 nudam

368 3275 605 3343 animam
645 3275 940 3343 accipiens,
974 3275 1473 3345 perturbationibus
1504 3277 1554 3328 in
1586 3291 1646 3329 ea
1702 3275 1943 3329 excitan-

371 3366 478 3429 dis,
498 3382 653 3421 suum
688 3366 900 3436 perficit
932 3367 1285 3421 desiderium.
1313 3367 1470 3421 Tales
1486 3367 1627 3420 enini
1654 3377 1779 3420 sunt
1804 3382 1946 3433 qna:-

373 3474 587 3528 cunqne
613 3475 734 3513 cum
785 3458 1006 3528 jejuniis
1039 3470 1092 3513 ct
1121 3459 1461 3514 chameuniis
1513 3467 1570 3512 et
1618 3459 1823 3528 reliqua
1854 3474 1949 3512 ve-

372 3550 608 3605 hementi
646 3567 905 3619 corporea
950 3551 1338 3606 exercitatione
1378 3551 1525 3603 illum
1561 3566 1590 3605 a
1638 3567 1801 3606 carne
1851 3553 1951 3605 ab-

371 3643 604 3711 egerint,
632 3643 925 3697 iracundiae
955 3652 1007 3697 et
1034 3644 1231 3698 furoris
1255 3652 1308 3696 et
1331 3643 1689 3697 simulationis
1714 3658 1778 3696 ac
1796 3658 1954 3696 temu-

376 3731 595 3787 lationis
654 3736 1151 3803 perturbationibus
1204 3749 1324 3788 eum
1383 3737 1436 3788 in
1515 3735 1695 3789 anima
1748 3736 1949 3790 colunt.

378 3823 594 3892 Quanto
625 3837 804 3880 autem
858 3844 1054 3897 corpus
1088 3829 1264 3881 anima
1303 3829 1482 3882 minus
1532 3838 1618 3882 est
1670 3829 1952 3898 dignitate,

379 3928 548 3984 tanto,
581 3920 793 3986 Opinor,
826 3933 1127 3988 peceatum,
1170 3922 1313 3990 quod
1350 3934 1446 3989 per
1479 3934 1675 3987 corpus
1703 3921 1954 3973 commit-

377 4011 529 4075 titur,
565 4026 631 4064 co
658 4013 800 4082 quod
831 4028 927 4081 per
952 4013 1148 4066 nudam
1200 4012 1463 4076 animam,
1494 4013 1672 4065 minus
1719 4012 1953 4065 videtur.

375 4100 491 4155 ilhc
519 4102 663 4155 enini
699 4103 962 4157 naturalis
993 4103 1145 4157 cibus
1180 4113 1235 4156 et
1267 4103 1538 4171 appetitus
1568 4103 1631 4154 ad
1665 4102 1839 4171 gulam
1866 4110 1958 4156 aut

379 4193 796 4248 fornicationem
840 4209 1039 4263 corpus
1069 4210 1164 4264 per
1198 4196 1429 4249 comites
1473 4194 1776 4262 voluptates
1831 4194 1960 4247 titil-

377 4286 534 4343 lant:
567 4288 657 4343 hic
687 4296 865 4341 autem
902 4290 1018 4342 sine
1076 4288 1182 4341 ulla
1219 4302 1477 4358 corporea
1509 4289 1786 4357 voluptate
1842 4302 1961 4356 per?

377 4381 615 4436 versitas
646 4380 944 4436 voluntatis
990 4380 1427 4450 perturbationes
1474 4390 1662 4435 contra
1704 4388 1954 4434 naturam

2038 1908 2217 1978 ψυχὴν
2267 1908 2504 1971 ἰλυῶδες,
2535 1906 2625 1961 διὰ
2666 1908 2767 1977 τῆς
2801 1907 3108 1976 ἀσκήσεως,
3135 1905 3323 1977 ὥσπερ
3374 1906 3456 1968 εἰς
3491 1905 3637 1957 ὑπο-

2044 1998 2314 2069 στάθμην,
2359 1999 2459 2067 τὴν
2513 1998 2761 2066 ἀνάγκην
2804 1997 2904 2067 τῆς
2945 1996 3160 2065 φύσεως
3195 1994 3636 2058 καταστείλασα,

2038 2091 2151 2152 τοῖς
2182 2091 2238 2141 ἐν
2264 2092 2330 2159 τῇ
2364 2089 2509 2159 ψυχῇ
2535 2088 2731 2141 πάθεσι
2762 2086 3223 2159 συνταράσσηται,
3245 2086 3396 2139 οὐδὲν
3412 2086 3634 2155 ὤνησεν

2040 2183 2073 2253 ἡ
2106 2181 2201 2234 τοῦ
2238 2180 2487 2251 σώματος
2515 2180 2845 2252 καθαρότης,
2878 2180 2971 2232 τοῦ
3006 2178 3240 2249 νυμφίου
3289 2178 3364 2249 μὴ
3393 2176 3638 2246 δυναμέ-

2040 2289 2132 2326 νου
2163 2271 2250 2324 διὰ
2268 2271 2372 2323 -τὸν
2406 2271 2641 2341 τάραχον
2668 2269 2776 2322 τῶν
2805 2268 2990 2323 παθῶν
3015 2269 3074 2322 ὲν
3102 2268 3279 2339 τοιᾷδε
3311 2267 3458 2338 ψυχῇ
3494 2268 3634 2321 ἀνα-

2043 2362 2349 2416 παύεσθαιο
2404 2362 2603 2432 μᾶλλον
2661 2361 2717 2414 δὲ
2763 2360 2858 2414 καὶ
2910 2358 3089 2429 πολλῷ
3138 2359 3370 2429 ἔϐλαψεν
3425 2358 3639 2429 ἑαυτὴν

2044 2455 2078 2525 ἡ
2116 2452 2227 2523 (86)
2268 2452 2514 2523 τοιαύτη,
2540 2451 2601 2504 τὸ
2642 2451 2740 2522 μὲν
2778 2449 2993 2520 ἀληθῶς
3023 2450 3253 2522 ἀρέσκον
3300 2449 3378 2520 τῷ
3405 2447 3639 2520 νυμφίῳ

2038 2543 2108 2596 δι’
2142 2542 2497 2596 ἀπαιδευσίαν
2534 2543 2607 2613 μὴ
2663 2541 3041 2612 ἀνιχνεύουσα,
3087 2540 3176 2593 διὰ
3222 2539 3529 2612 μοχθηρίαν
3575 2540 3640 2594 δὲ

2042 2633 2306 2705 λογισμοῦ
2346 2635 2439 2687 καὶ
2484 2635 2576 2687 τὸν
2631 2633 2773 2704 ὑπὲρ
2814 2633 3144 2703 σωματικῶν
3181 2633 3639 2704 κατορθωμάτων

2046 2728 2237 2799 μισθὸν
2256 2726 2364 2800 (87)
2383 2728 2578 2799 ἑαυτὴν
2602 2726 2944 2798 ζημιώσασα.
2967 2726 3029 2778 Ei
3047 2725 3250 2797 γάρδιά
3261 2725 3435 2795 τὸτῆς
3448 2724 3639 2797 ψυχῆς

2042 2819 2238 2884 κάλλος
2261 2820 2360 2891 τὴν
2395 2820 2488 2873 τοῦ
2514 2819 2762 2890 σώματος
2782 2819 3051 2891 ἀφθορίαν
3073 2819 3371 2890 ἀσκοῦμεν,
3395 2819 3639 2890 περιττὴ

2043 2913 2077 2983 ὴ
2115 2911 2350 2965 δοκοῦσα
2380 2910 2613 2983 ἀφθορία
2638 2911 2729 2965 τοῦ
2767 2910 3041 2980 σώματος,
3070 2912 3169 2981 τῆς
3197 2910 3378 2981 ψυχῆς
3413 2910 3641 2982 μυρίοις

2044 3005 2242 3060 πάθεσι
2275 3004 2659 3076 φθειρομένης.
2689 2998 2789 3057 Ὧν
2822 3004 2921 3075 μὲν
2966 3004 3076 3076 γάρ
3100 3004 3162 3057 τὺ
3195 3002 3355 3074 σῶμα
3397 3004 3641 3075 ὄργανον

2048 3098 2322 3170 ἁμαρτίας
2349 3096 2528 3151 λαϐὼν
2561 3100 2589 3151 6
2610 3096 2854 3160 διάϐολος
2884 3097 3015 3170 (88),
3050 3098 3138 3151 διὰ
3169 3097 3360 3150 τούτου
3395 3100 3462 3169 τῇ
3485 3098 3640 3170 ψυχῇ

2051 3190 2375 3244 ἐπιτίθεται.
2401 3184 2501 3243 Ὧν
2537 3190 2594 3243 δὲ
2642 3190 2744 3260 τῆς
2794 3188 2997 3258 σαρκὸς
3031 3188 3283 3260 ἐπιϐῆναι
3326 3189 3393 3242 δι’
3425 3192 3641 3261 ἐγκρα-

2050 3285 2201 3348 τείας
2229 3301 2287 3336 τε
2319 3284 2413 3337 καὶ
2448 3282 2872 3354 σκληραγωγίας
2895 3283 3004 3353 (89)
3037 3283 3139 3336 οὐκ
3164 3282 3476 3353 ἐπετράπη,
3513 3281 3644 3335 τού-

2051 3393 2159 3429 των
2208 3374 2487 3437 πολλάκις,
2519 3376 2687 3445 χωρὶς
2741 3372 3012 3444 σώματος,
3063 3374 3163 3437 τὴν
3191 3372 3370 3443 ψυχὴν
3418 3375 3643 3443 γυμνὴν

2051 3466 2309 3536 εἰληφὼς,
2340 3461 2421 3529 οἷς
2454 3468 2512 3519 ἐν
2555 3467 2691 3536 αὐτῇ
2736 3465 3029 3537 ἐργάζεται
3063 3465 3280 3527 πάθεσι,
3308 3465 3407 3535 τὴν
3437 3464 3640 3518 ἑαυτοῦ

2052 3556 2350 3626 ἐπιθυμίαν
2379 3554 2549 3607 ἀνύει.
2599 3554 2858 3607 Τοιαῦται
2899 3554 3008 3625 γάρ
3041 3555 3178 3606 εἰσιν
3205 3554 3326 3606 ὅσαι
3355 3554 3646 3624 νηστείαις

2054 3650 2148 3702 καὶ
2179 3647 2498 3718 χαμευνίαις
2545 3646 2640 3699 καὶ
2686 3648 2753 3715 τῇ
2796 3645 2956 3716 λοιπῇ
2995 3645 3275 3715 ύπερτόνῳ
3307 3644 3449 3697 κατά
3476 3643 3649 3714 σῶμα

2053 3741 2284 3811 ἀσκήσει
2312 3739 2411 3810 τῆς
2439 3737 2640 3809 σαρκὸς
2673 3736 2860 3792 τοῦτον
2906 3735 3300 3801 ἀποδιώξασαι,
3327 3738 3442 3799 τοῖς
3467 3736 3647 3807 ὀργῆς

2055 3834 2149 3885 καὶ
2180 3830 2351 3903 θυμοῦ
2382 3832 2475 3885 καὶ
2505 3830 2845 3900 ὑποκρίσεως
2871 3830 2904 3901 ἢ
2937 3828 3099 3900 ζήλου
3131 3828 3360 3882 πάθεσιν
3384 3828 3554 3881 αὑτὸν
3580 3830 3647 3882 ὲν

2054 3928 2119 3996 τῇ
2150 3926 2294 3997 ψυχῇ
2329 3923 2699 3996 περιέπουσιν.
2739 3922 2888 3990 Ὄσῳ
2932 3920 2988 3973 δὲ
3018 3920 3238 3974 ἔλαττον
3263 3918 3441 3989 ψυχῆς
3478 3917 3648 3989 σῶμα

2055 4020 2120 4088 τῇ
2164 4016 2307 4087 ἀξίᾳ,
2357 4013 2607 4068 τοσοῦτον
2652 4013 2891 4077 ἔλαττον,
2942 4007 3118 4082 οἶμαι,
3164 4011 3226 4064 τὸ
3262 4010 3351 4064 διὰ
3385 4008 3648 4080 σώματος

2056 4109 2359 4180 ἁμάρτημα
2388 4104 2483 4158 τοῦ
2511 4103 2599 4159 διὰ
2626 4104 2842 4175 γυμνῆς
2883 4103 2982 4174 τῆς
3017 4102 3196 4173 ψυχῆς
3220 4102 3643 4172 καταφαίνεται.

2058 4199 2180 4251 Ὅτι
2212 4199 2329 4250 ἐκεῖ
2368 4196 2467 4267 μὲν
2503 4194 2706 4265 φυσικὴ
2731 4194 2903 4265 τροφή
2936 4209 2995 4245 τε
3035 4194 3129 4246 καὶ
3158 4192 3338 4263 ὄρεξις
3368 4192 3506 4264 πρὸς
3538 4193 3649 4263 τὴν

2056 4289 2497 4361 γαστριμαργίαν
2527 4287 2559 4358 ἢ
2592 4287 2847 4357 πορνείαν
2875 4285 2935 4338 τὸ
2973 4285 3134 4356 σῶμα
3162 4285 3248 4339 διὰ
3276 4285 3387 4338 τῶν
3414 4287 3649 4358 συντρό-

2062 4398 2178 4451 φων
2226 4379 2427 4449 ἡδονῶν
2468 4374 2892 4445 γαργαλίξεται·
2934 4375 3169 4429 ἐνταῦθα
3216 4375 3273 4429 δὲ
3316 4377 3447 4430 ἄνευ
3495 4376 3650 4442 τινὸς

381 4473 436 4528 in
472 4473 707 4527 animam
749 4472 976 4527 inducit.
1019 4474 1098 4527 Ac
1146 4473 1389 4542 profecto
1416 4473 1465 4531 si
1511 4473 1849 4542 perturbatio
1875 4479 1951 4528 est

2094 4472 2379 4542 ’ωματικῆς
2426 4469 2618 4540 ἡδονῆς
2658 4467 2928 4551 μοχθηρία
2975 4466 3352 4540 προαιρέσεως
3390 4467 3461 4521 τά
3492 4468 3647 4539 πάθη

382 4565 577 4619 anima:
602 4565 880 4633 corruptio
909 4565 1160 4635 virginis,
1185 4562 1520 4635 perturbatio
1541 4564 1704 4617 etiam
1733 4570 1816 4616 est
1844 4561 1960 4614 ani-

381 4655 678 4720 ιιιειι,1“υτοι·
706 4664 759 4710 et
785 4656 1085 4720 contentio,
1110 4665 1163 4710 et
1196 4664 1391 4709 caetera
1419 4654 1600 4708 omnia
1628 4667 1961 4721 qumcunque

381 4747 517 4803 dixit
552 4747 866 4816 Apostolus,
901 4747 1076 4802 adhuc
1105 4756 1286 4801 autem
1318 4747 1489 4817 magis
1520 4756 1574 4800 et
1615 4744 1841 4798 invidia.
1877 4742 1961 4797 Si-

382 4818 669 4893 millimum
705 4848 853 4894 certe
878 4848 929 4892 et
957 4839 1048 4909 qui
1080 4848 1228 4892 amat
1255 4845 1309 4891 et
1344 4838 1435 4907 qui
1487 4837 1690 4890 invidet
1721 4835 1958 4890 dolorem

381 4928 675 4986 sustinent.
711 4928 1176 4997 Quemadmodum
1202 4929 1346 4985 enim
1377 4929 1610 4983 amantis
1638 4927 1875 4982 animam
1905 4934 1960 4980 et

453 5152 566 5222 (85)
598 5151 1066 5223 Τεταρατμένον.
1104 5151 1197 5223 Sic
1239 5165 1370 5208 mss.
1406 5159 1639 5219 quatuor
1676 5158 1732 5223 et
1755 5149 1960 5206 Veneta

380 5221 570 5288 editio,
603 5221 798 5293 melius
824 5221 984 5291 quam
1021 5221 1359 5293 Parisiensis,
1384 5221 1795 5293 τεταραγμένῳ,

455 5293 692 5376 (8θ).Ἠ.
732 5290 1034 5349 Articulum
1075 5290 1277 5347 habent
1311 5306 1440 5346 mss.
1474 5290 1967 5362 pl’erique.‘Deerat

386 5362 776 5575 ΐᾶέῦᾟόν...
795 5432 1037 5505 μισθόν.
1059 5433 1150 5490 Sic
1171 5447 1304 5490 mss.
1326 5441 1579 5506 quatuor.
1598 5430 1766 5498 Editi,
1786 5428 1965 5485 τῶν...

432 5519 486 5556 ισ
521 5520 615 5556 ων.

432 5519 615 5556 ισυων.

461 5572 576 5645 (88)
614 5573 669 5627 '0
699 5572 1001 5655 διάβολος.
1034 5572 1213 5657 Editio
1247 5572 1421 5656 Paris.
1452 5570 1622 5655 addit,
1661 5569 1795 5700 Evt,
1827 5571 1973 5640 quod

466 5659 516 5698 in
550 5658 917 5700 necessarium
944 5660 1048 5700 non
1091 5653 1183 5700 sit.
1212 5659 1311 5700 nec
1343 5660 1396 5700 in
1430 5644 1667 5700 editione
1741 5652 1896 5699 eueta
1920 5652 1974 5700 et

1741 5657 1896 5699 eueta
1920 5657 1948 5699 e

389 5657 516 5700 cum
550 5643 917 5701 necessarium
944 5660 1048 5702 non
1091 5644 1184 5709 sit.
1212 5659 1311 5703 nec
1343 5644 1396 5702 in
1430 5644 1667 5702 editione

2066 4564 2217 4634 παρὰ
2250 4561 2410 4630 φύσιν
2438 4563 2504 4631 τῇ
2529 4560 2674 4631 ψυχῇ
2707 4548 3010 4628 ἐπεισάγει.
3047 4560 3157 4613 Καὶ
3188 4561 3236 4612 εί
3265 4558 3436 4622 πάθος
3463 4558 3651 4631 ψυχῆς

2066 4656 2099 4725 ἡ
2132 4655 2230 4725 τῆς
2264 4652 2535 4725 παρθένου
2586 4651 2782 4723 φθορὰ,
2818 4651 2990 4715 πάθος
3030 4650 3209 4721 ψυχῆς
3246 4651 3342 4703 καὶ
3372 4653 3401 4704 6
3449 4651 3647 4721 θυμὸς,

2068 4740 2164 4794 καὶ
2198 4742 2232 4811 ή
2262 4740 2396 4811 ἔρις,
2426 4739 2521 4793 καὶ
2551 4739 2620 4792 τὰ
2655 4739 2791 4794 ἄλλα
2822 4739 3001 4793 πάντα
3035 4741 3136 4794 ὅσα
3166 4739 3388 4811 εἴρηκεν
3413 4741 3441 4793 6
3480 4741 3649 4795 Ἀπό-

2070 4831 2272 4895 στολος,
2306 4830 2386 4884 ἔτι
2418 4830 2475 4883 δὲ
2511 4829 2711 4901 μᾶλλον
2743 4831 2772 4882 6
2804 4829 3017 4900 φθόνος.
3057 4830 3412 4903 Ὀμοιο-τάτην
3451 4831 3586 4900 γοῦν
3619 4833 3650 4887 δ

2065 4942 2125 4978 τε
2172 4922 2313 4995 ἐρῶν
2355 4923 2449 4976 καὶ
2496 4921 2525 4973 6
2565 4921 2776 4991 φθονῶν
2802 4922 2902 4994 τὴν
2935 4921 3124 4993 ὀδύνην
3168 4922 3514 4991 ὑφίστανται.
3559 4923 3648 4991 Ὡς

2070 5148 2124 5228 in
2164 5146 2272 5201 ullo
2305 5160 2527 5269 p'rorsus
2566 5155 2751 5202 vetere
2788 5144 2928 5202 libro
2961 5145 3195 5215 legatur,
3229 5147 3647 5217 expungendum

2070 5233 2240 5269 visum
2274 5232 2333 5269 es
2362 5259 2375 5269 .

2065 5233 2240 5272 Visum
2274 5232 2375 5272 ESI.

2138 5286 2252 5357 (89)
2288 5286 2726 5357 Ἐγνιραζείας...
2761 5285 3239 5357 σκληραττοτιας.
3271 5284 3454 5341 Monet
3487 5286 3651 5357 (Zom-

2068 5355 2288 5429 beiisius
2309 5355 2364 5411 in
2385 5355 2487 5412 suo
2500 5355 2668 5429 Regio
2689 5358 2874 5412 codice
2903 5355 3027 5429 legi,
3056 5355 3454 5429 ἐγκράτειαι...
3484 5356 3650 5429 σκλη-

2076 5427 2375 5500 ραγωγίαν,
2409 5442 2531 5500 quae
2553 5425 2819 5500 scriptura
2854 5426 3031 5500 potior
3053 5425 3346 5500 videretur.
3385 5425 3490 5500 sed
3517 5425 3652 5500 pace

2072 5494 2174 5553 viri
2216 5494 2508 5554 doctissimi
2537 5494 2766 5552 dixerim
2800 5494 2868 5552 et,
2885 5495 2938 5550 in
2967 5495 3072 5551 hoc
3097 5496 3286 5552 codice
3305 5494 3474 5566 Regio
3512 5494 3568 5554 et
3593 5498 3651 5556 in

2078 5569 2197 5628 aliis
2222 5569 2473 5626 omnibus
2499 5567 2574 5624 ita
2599 5567 2861 5642 scriptum
2897 5580 3038 5637 esse,
3065 5579 3124 5622 ut
3148 5567 3202 5624 in
3242 5566 3425 5627 editis.
