3802 6216
122 315 233 374 7G5

1347 330 1554 387 LIBER
1594 333 1682 388 DE
1721 333 2187 393 VIBGINITATE.

3302 333 3407 390 766

116 431 231 501 γὰρ
260 429 361 484 τοῦ
391 431 631 504 ἐρῶντος
660 434 758 506 τὴν
780 406 962 508 ψυίίὴν
992 454 1087 491 κα.
1110 438 1171 493 τὸ
1201 439 1383 513 σῶμα,
1411 444 1714 517 ἀποτυγχά·

1858 464 2058 519 :orpus,
2091 448 2137 503 si
2187 446 2500 517 cupiditatis
2552 461 2782 519 compos
2818 461 2927 504 non
2991 447 3102 513 tlat,
3158 446 3410 505 taberaeit

116 539 308 585 νοντος
339 523 443 594 τῆς
475 523 793 596 ἐπιθυμίας,
825 528 986 598 τήκει
1034 528 1063 580 ὁ
1095 528 1259 602 ἔρως,
1296 531 1440 587 οὕτω
1471 535 1566 588 τοῦ
1590 537 1722 605 φθο-

116 613 346 678 νοῦντος
379 617 478 669 καὶ
502 615 683 689 ψυχὴν
710 620 804 673 καὶ
837 619 997 691 σῶμα
1019 621 1048 673 ὁ
1075 622 1270 691 φθόνος
1304 628 1585 697 συντήκει.
1615 629 1721 682 Οὐ-

115 704 205 756 δὲν
243 704 359 777 γὰρ
391 706 592 777 μᾶλλον
626 709 677 760 οἱ
712 708 948 781 ἐρῶντες
973 712 1444 783 ἀποτυγχάνοντες
1470 715 1572 786 τῆς
1600 719 1721 770 ἐπι-

118 794 328 866 θυμίας
361 799 469 852 ὑπὸ
499 800 594 854 τοῦ
624 800 848 874 ἔρωτος,
880 804 913 875 ἢ
961 806 1011 857 οξ
1041 806 1363 874 φθονοῦντες
1394 808 1721 879 ἀτυχοῦντες

116 886 224 956 τῆς
263 887 403 953 ίόίας
436 891 757 963 ἐπιθυμίας,
789 895 895 948 ὑπὸ
923 894 1021 948 τοῦ
1057 898 1251 966 φθόνου
1287 901 1381 953 καὶ
1410 901 1588 972 ψυχὴν
1624 902 1720 955 καὶ

122 977 288 1048 σῶμα
347 983 743 1054 συντήκονταιο
803 988 1044 1042 τοιοῦτόν
1104 1008 1157 1043 τι
1224 990 1398 1055 πάθος
1458 992 1719 1064 ἄντικρυς

120 1069 449 1139 πάσχοντες,
477 1068 589 1126 οἷον
616 1073 684 1128 ἂν
712 1078 928 1147 κήρινοι
956 1080 1270 1152 ἀνδριάντες
1304 1084 1361 1134 ἐν
1388 1084 1543 1136 νυκτὶ
1566 1084 1719 1156 παρά

118 1159 229 1213 τῶν
262 1164 664 1233 κηροπλάστων
699 1168 1101 1240 μορφωθέντες,
1146 1172 1299 1243 ἡλίου
1334 1172 1716 1238 ἀνατείλαντος

121 1252 229 1307 ὑπὸ
275 1255 380 1326 τῆς
427 1256 664 1329 ἡλιακῆς
713 1261 932 1326 ἀκτῖνος
982 1264 1419 1335 κατατηκόμενοι
1464 1267 1713 1323 πάθοιεν.

131 1343 367 1400 Ἑκεῖνοί
399 1365 461 1401 τε
505 1348 637 1422 γὰρ,
684 1350 789 1415 ἕως
838 1352 939 1423 μὲν
980 1354 1046 1408 ἂν
1090 1356 1123 1425 ἡ
1175 1354 1272 1419 νὺξ
1302 1356 1500 1421 αὐτοὺς
1535 1356 1716 1410 καὶτὸ

119 1440 315 1503 σκότος
344 1440 571 1514 κατέχῃ.
595 1448 907 1514 πεπηγυῖαν
934 1448 993 1500 ἐν
1011 1448 1078 1517 τῇ
1106 1448 1234 1517 σκιᾷ
1263 1448 1368 1499 ὑπὸ
1395 1447 1494 1517 τῆς
1524 1464 1715 1501 νυκτε-

123 1530 283 1603 ρινῆς
310 1530 492 1604 αὔρας
517 1534 614 1607 τὴν
648 1535 862 1607 μορφὴν
896 1537 971 1600 ὡς
1009 1537 1380 1609 ἐπλάσθησαν,
1423 1542 1480 1592 ἐν
1512 1539 1590 1611 τῷ
1618 1540 1716 1609 ἐμ-

118 1624 440 1695 φαινομένῳ
480 1628 592 1689 τοῖς
637 1626 919 1696 πλάσμασι
967 1628 1126 1699 τόνῳ,
1165 1629 1261 1681 καὶ
1296 1630 1531 1701 στερρὰν
1577 1630 1715 1693 τέως

116 1714 495 1770 δεικνύουσιψ
552 1716 959 1789 ἐπιλάμψαντος
1012 1720 1069 1773 δέ
1120 1720 1217 1775 τοῦ
1270 1721 1422 1793 ἡλίου
1478 1723 1573 1776 καὶ
1623 1722 1713 1775 τὸν

1828 554 2001 601 amor,
2041 542 2115 593 ita
2148 550 2203 595 et
2240 539 2534 595 invidentis
2566 540 2801 594 animam
2849 551 2905 596 et
2941 556 3137 610 corpus
3189 541 3406 600 invidia.

1833 630 1968 685 Nam
2006 633 2096 700 qui
2127 642 2334 696 amant,
2360 648 2483 687 cum
2518 637 2586 687 ab
2615 647 2680 685 eo
2706 632 2847 701 quod
2880 632 3102 702 cupiunt
3131 634 3407 700 aberrant,

1828 723 1998 776 nihilo
2034 723 2211 794 magis
2243 724 2312 777 ob
2342 738 2606 788 amorem,
2635 738 2798 793 quam
2834 723 2998 778 invidi
3036 724 3268 794 propria:
3308 739 3409 778 cu—

1825 815 2069 883 piditatis
2097 830 2200 867 non
2260 825 2538 884 compotes
2595 814 2670 869 ob
2721 815 3000 880 invidiam,
3028 823 3084 869 et
3130 816 3304 868 anima
3354 823 3409 869 et

1825 915 2053 974 corpore
2089 906 2400 961 tabescunt.
2440 904 2573 960 Tale
2611 890 2889 975 quidpiam
2926 905 3169 975 profecto
3194 907 3408 975 patiun-

1826 1008 1933 1061 tur,
1964 998 2124 1066 quale
2178 997 2448 1065 imagines
2485 1012 2683 1061 cerere,
2731 1012 2852 1067 qua:
2903 1000 3063 1051 nectu
3110 1011 3139 1050 a
3183 998 3407 1052 cerariis

1824 1087 2036 1151 edictas,
2075 1088 2168 1143 ubi
2223 1089 2306 1142 sol
2354 1088 2615 1154 illuxerit,
2666 1087 2831 1143 solari
2874 1088 3028 1143 radio
3076 1087 3404 1154 liquescunt.

1824 1175 1931 1231 Illae
1962 1179 2131 1243 enim,
2154 1178 2392 1247 quandiu
2420 1192 2516 1232 eas
2546 1178 2763 1247 quidem
2795 1192 2902 1232 nox
2932 1185 2987 1233 et
3014 1177 3250 1232 tenebrae
3276 1177 3410 1232 deti-

1824 1279 2008 1333 neant,
2036 1278 2345 1323 concretam
2373 1269 2427 1322 in
2458 1269 2650 1323 umbra
2681 1268 2958 1323 nocturnis
2987 1268 3133 1323 auris
3156 1266 3405 1332 formam,

1822 1369 1982 1429 prout
2006 1360 2195 1414 edictae
2226 1360 2466 1425 fuerunt,
2506 1360 2560 1415 in
2608 1374 2672 1415 ea
2701 1359 2994 1426 soliditate,
3023 1374 3141 1429 qua:
3185 1360 3237 1413 in
3273 1360 3410 1413 ima-

1821 1451 2039 1521 ginibus
2081 1466 2343 1521 apparere
2397 1452 2553 1516 solet,
2588 1452 2801 1506 ﬁrmam
2847 1450 3063 1505 interim
3108 1451 3404 1506 exhibent:

1820 1541 1914 1597 sed
1944 1542 2292 1597 illucescente
2321 1543 2437 1597 sole
2470 1551 2524 1596 et
2558 1543 2834 1611 proprium
2870 1556 3089 1597 cursum
3117 1541 3409 1611 perﬁcien-

1822 1643 1897 1702 te,
1950 1645 2145 1690 caetera
2194 1636 2409 1704 quidem
2447 1635 2630 1688 omnia
2676 1634 2728 1687 vi
2767 1633 2929 1688 solari
2986 1633 3319 1696 nutriuntur,
3352 1641 3404 1687 et

1820 1726 1940 1781 luce
1967 1728 2356 1797 perfruuntur;
2396 1727 2500 1782 illae
2550 1742 2681 1782 vero
2714 1726 3099 1795 liquescentes,
3129 1724 3316 1780 formis
3344 1738 3410 1779 ac

116 1808 324 1861 οἰκεῖον
358 1810 559 1881 δρόμον
601 1811 880 1876 ἀνύοντος,
909 1813 979 1866 τὰ
1012 1814 1110 1885 μὲν
1139 1814 1304 1867 λοιπά
1340 1815 1557 1869 ἅπαντα
1587 1815 1714 1886 τρέ-

1858 1818 2009 1885 guris
2035 1832 2163 1872 cum
2203 1817 2478 1871 soliditate
2511 1817 2562 1871 in
2606 1829 2933 1884 unaquaque
2962 1824 3256 1885 apparente
3280 1829 3408 1870 eon-

118 1915 282 1966 φεται
320 1899 427 1952 ὑπὸ
465 1901 566 1971 τῆς
605 1902 836 1974 ἡλιακῆς
872 1902 1177 1975 δυνάμεως,
1215 1906 1309 1958 καὶ
1358 1905 1536 1975 φωτὸς
1578 1908 1716 1959 ἀπο-

116 1989 440 2061 λαύει(90)⁶
476 1994 523 2044 oi
551 1991 607 2045 δὲ
635 1996 1011 2059 συντακέντες,
1058 1997 1156 2060 τάς
1185 2015 1244 2050 τε
1270 1998 1484 2069 μορφὰς
1518 1998 1612 2052 καὶ
1646 1998 1717 2052 τὰ

118 2088 382 2156 σχήματα
411 2086 549 2156 μετὰ
577 2086 671 2140 τοῦ
719 2090 1121 2160 ἐμφαινομένου
1155 2092 1368 2158 ἑκάστῳ
1402 2094 1555 2145 τόνου
1584 2109 1716 2160 συγ-

115 2174 397 2245 χυθέντες,
430 2176 829 2248 ἠφανίσθησαν.
854 2180 921 2232 υἵ
941 2197 1001 2232 τε
1034 2179 1308 2252 φθονεροὶ,
1336 2182 1440 2245 ἓως
1462 2180 1527 2234 ἂν
1554 2183 1611 2234 ἐν
1640 2179 1717 2251 τῷ

117 2266 300 2333 σκότῳ
330 2267 427 2319 τοῦ
474 2267 747 2331 διαϐόλου,
793 2271 869 2335 ὡς
899 2273 957 2324 ἐν
980 2275 1158 2337 νυκτὶ,
1192 2274 1329 2345 πρὸς
1360 2275 1428 2328 τὰ
1462 2273 1555 2327 τοῦ
1590 2273 1720 2343 φθό-

116 2377 208 2412 νου
243 2359 385 2430 ἔργα
414 2360 779 2431 βουλεύονται,
816 2366 1021 2434 παγίας
1070 2367 1207 2431 τέως
1253 2367 1471 2421 δοκοῦσι
1501 2368 1601 2432 τὰς
1632 2371 1719 2421 ἐν-

114 2452 288 2516 νοίας,
315 2453 412 2507 καὶ
446 2453 514 2507 τά
554 2457 809 2528 σχήματα
847 2458 984 2528 μετά
1029 2457 1138 2513 τῶν
1176 2459 1418 2529 μορφῶν,
1456 2460 1531 2524 ὡς
1564 2459 1718 2532 παρά

115 2544 194 2615 τῷ
221 2544 408 2615 φθόνῳ
445 2546 831 2619 ἐπλάσθησαν,
866 2549 1117 2621 ἀλλήλοις
1150 2550 1423 2604 δεικνύναι
1446 2567 1459 2580 ·
1498 2550 1718 2603 ἐπειδὰν

115 2636 173 2688 δὲ
200 2636 366 2707 δίκην
399 2638 553 2709 ἡλίου
599 2640 887 2704 σπουδαῖος
918 2641 1057 2713 ἀνὴρ
1106 2642 1243 2714 πρὸς
1275 2642 1344 2694 τὰ
1377 2642 1479 2712 τῆς
1511 2643 1717 2713 ἀρετῆς

117 2730 255 2800 ἔργα
282 2730 509 2796 ἑωθινὸς
538 2733 815 2804 ἀνατείλῃ,
848 2735 897 2786 oi
939 2736 1037 2804 μὲν
1080 2735 1260 2787 λοιποὶ
1298 2735 1559 2800 ἅπαντες,
1600 2737 1715 2790 ὅσοι

113 2822 209 2874 τοῦ
246 2822 542 2891 φιλοκάλου
582 2842 640 2877 τε
673 2826 768 2878 καὶ
801 2826 1049 2894 φιλοθέου
1082 2827 1198 2897 βίου
1231 2828 1321 2882 τὸν
1358 2829 1561 2899 τρόπον
1588 2827 1719 2881 θαυ-

118 2913 378 2981 μάζουσι.
428 2914 526 2968 τού
575 2915 722 2970 θείου
758 2917 962 2989 ἔρωτος
1010 2921 1091 2983 εἰς
1127 2919 1329 2989 γνῶσιν
1376 2920 1507 2990 παρ’
1549 2917 1716 2973 αὐτοῦ

113 3005 391 3076 λαμπρῶς
438 3008 862 3080 ἐμφορούμενοι,
906 3010 974 3064 τὰ
1020 3012 1123 3081 τῆς
1170 3012 1374 3083 ἀρετῆς
1419 3012 1713 3082 σπέρματα

114 3097 410 3168 τρέφουσιν
432 3117 444 3129 ·
493 3103 543 3153 οἱ
573 3101 629 3154 δὲ
651 3102 948 3173 ἀχείρωτον
986 3103 1084 3173 μὲν
1114 3103 1277 3157 αὑτὸν
1304 3104 1392 3158 διά
1421 3104 1482 3157 τὸ
1526 3104 1711 3174 θεοφι-

1820 1906 1976 1973 lusis,
2008 1918 2366 1963 evanescunt.
2389 1907 2481 1962 Sic
2522 1915 2576 1962 et
2604 1906 2791 1974 invidi,
2817 1908 3051 1976 quandiu
3089 1907 3142 1960 in
3170 1906 3411 1961 tenebris

1817 1999 2040 2067 diaboli,
2073 2000 2219 2053 velut
2249 2000 2302 2053 in
2338 2010 2515 2063 nocte,
2567 1998 2783 2053 invidia:
2830 2013 2993 2067 opera
3050 1997 3403 2059 meditantur,

1821 2092 2024 2147 solidas
2058 2091 2277 2146 interim
2301 2091 2556 2145 videntur
2583 2090 2943 2158 cogitationes
2975 2099 3030 2144 et
3059 2090 3260 2159 figuras
3280 2103 3404 2145 cum

1820 2184 2032 2248 formis,
2065 2193 2225 2252 prout
2248 2183 2317 2238 ab
2346 2183 2548 2236 invidia
2579 2181 2771 2237 edicta:
2800 2183 3039 2245 fuerunt,
3069 2182 3210 2236 inter
3236 2196 3295 2235 se
3323 2179 3410 2233 in-

1816 2278 1991 2329 vicem
2024 2276 2398 2328 demonstrare
2435 2291 2450 2327 :
2490 2274 2582 2328 sed
2609 2274 2653 2327 si
2691 2273 2776 2326 vir
2803 2273 3220 2342 probus,instar
3249 2270 3403 2337 solis,

1817 2368 1883 2422 ad
1936 2367 2154 2421 virtutis
2207 2380 2371 2435 opera
2431 2379 2589 2419 mane
2639 2363 2913 2434 alinlgeat,
2968 2364 3146 2417 rmteri
3185 2364 3404 2433 quidem

1817 2474 2028 2522 omnes,
2074 2462 2388 2527 quicunque
2414 2457 2598 2525 probat
2641 2470 2704 2509 ac
2734 2455 3001 2524 religiosa:
3027 2455 3151 2508 vitae
3185 2455 3406 2509 modum

1820 2553 2178 2614 admirantur,
2216 2550 2281 2602 ad
2314 2549 2482 2603 divini
2534 2549 2739 2603 amoris
2783 2549 3145 2619 cognitionem
3196 2540 3409 2601 abunde

1819 2642 1889 2697 ab
1921 2657 1987 2696 eo
2022 2640 2276 2694 illustrati
2305 2638 2523 2693 virtutis
2544 2637 2753 2692 semina
2794 2638 3044 2691 nutriunt
3076 2655 3090 2695 :
3123 2635 3289 2689 invidi
3318 2649 3409 2687 au-

1820 2741 1953 2793 tem.
1987 2746 2110 2784 cum
2151 2745 2275 2783 eum
2307 2727 2783 2798 inexpugnabilem
2810 2728 3029 2797 quidem
3075 2726 3249 2781 instar
3277 2724 3408 2779 solis

1817 2823 1888 2877 ob
1922 2824 2011 2877 Dei
2049 2838 2317 2888 amorem,
2347 2824 2568 2878 virtutis
2620 2832 2803 2877 autem
2841 2822 3097 2890 operibus
3128 2822 3301 2892 magis
3342 2834 3409 2875 ac

1819 2913 1991 2977 magis
2041 2915 2396 2980 conspicuum
2433 2913 2672 2977 videant,
2731 2911 2897 2982 662
2950 2910 3097 2965 velut
3148 2908 3310 2988 cerei,
3346 2913 3408 2962 ut

1818 3005 1953 3061 dixi.
1987 3014 2043 3059 et
2080 3019 2370 3073 corporum
2410 3002 2603 3058 formis
2650 3011 2706 3058 et
2745 3001 3034 3057 animabus
3068 2999 3267 3055 invidia
3314 3011 3407 3053 re-

1821 3097 1973 3151 fertis
2006 3109 2228 3165 repente
2243 3076 2584 3163 .liqucscunl.

113 3189 202 3254 λές
248 3190 504 3262 καθάπερ
534 3193 707 3263 ἣλιον,
743 3194 1198 3268 λαμπρυνόμενον
1236 3196 1345 3267 (9|)
1410 3198 1467 3250 δὲ
1504 3200 1618 3260 τοῖς
1680 3197 1780 3265 τῆς
1820 3189 2020 3261 ἀρετῆς
2061 3188 2244 3260 ἔργοις
2287 3187 2367 3240 ἔτι
2406 3186 2606 3259 μᾶλλον
2649 3186 2905 3259 ὁρῶντες,
2951 3182 3139 3255 ὥσπερ
3170 3184 3402 3254 κήριναν

117 3391 239 3431 σαν.

113 3286 255 3355 ὑπερ
312 3283 473 3357 ἔφην,
511 3286 610 3349 τάς
648 3302 709 3339 τε
776 3286 886 3340 τῶν
961 3289 1230 3360 σωμάτων
1280 3289 1497 3362 μορφὰς
1540 3287 1677 3360 ὁμοῦ
1746 3284 1841 3339 καὶ
1877 3282 1977 3346 τὰς
2014 3280 2192 3351 ψυχάς
2226 3279 2322 3333 τοῦ
2393 3278 2589 3350 φθόνου
2622 3278 2903 3351 γεμούσας
2952 3276 3165 3371 ἀθρόως
3204 3276 3406 3346 ἐτάκη-

184 3482 275 3538 49.
311 3479 623 3551 Γαληναίαν
666 3476 759 3537 οὖν
807 3481 891 3534 δεῖ
934 3482 1033 3553 τὴν
1066 3486 1167 3554 τῆς
1198 3483 1472 3553 παρθένου
1507 3483 1707 3555 ψυχὴν,

1883 3480 1972 3536 49.
2006 3479 2266 3534 Serenam
2298 3495 2425 3550 ergo
2473 3480 2628 3533 decet
2686 3493 2808 3534 esse
2859 3477 3089 3549 virginis
3140 3477 3401 3545 animam,

117 3572 214 3627 καὶ
245 3571 504 3641 καθάπερ
545 3570 609 3623 ἐκ
641 3588 785 3631 τινος
826 3570 1223 3642 καθαρωτάτης
1264 3574 1448 3644 πηγῆς
1488 3574 1584 3626 τοῦ
1620 3572 1712 3627 νοῦ

116 3667 238 3728 ταῖς
270 3662 446 3727 θείαις
498 3663 728 3726 ἐννοίαις
776 3662 1163 3733 λιμνάζουσαν,
1206 3665 1520 3737 ἀκύμαντον
1548 3662 1710 3731 εἶναι,

124 3755 251 3827 μήθ’
286 3755 398 3808 ὑπὸ
441 3753 549 3808 τῶν
595 3753 793 3820 ἔξωθεν
838 3755 906 3808 δι’
939 3756 1108 3825 ἀκοῆς
1152 3755 1501 3828 βαλλομένων
1540 3758 1714 3827 λόγων

119 3848 549 3920 κυμαινομένην,
590 3847 715 3919 μήθ’
764 3846 869 3899 ὑπὸ
912 3846 1021 3900 τῶν
1061 3849 1451 3918 ἐμπιπτουσῶν
1498 3849 1585 3904 διά
1616 3851 1715 3921 τῆς

117 3941 295 4011 offam;
357 3938 669 4010 φαντασιῶν
728 3937 825 4008 τὴν
876 3938 1177 4009 γαληναίαν
1213 3938 1322 4011 (99.)
1383 3940 1715 3995 κατάστασιν

118 4033 491 4105 φρίσσουσαν·
532 4029 599 4083 ἶν’
625 4029 702 4093 ὡς
748 4031 806 4083 ἐν
852 4029 1229 4101 καθαρωτάτῳ
1269 4030 1585 4103 κατόπτρῳ,
1620 4031 1715 4084 xei.

119 4124 319 4194 ἑαυτῆς
352 4121 454 4193 τὴν
491 4120 635 4175 ἱδέαν
668 4122 763 4174 καὶ
794 4120 891 4174 τοῦ
922 4122 1157 4192 νυμφίου
1187 4123 1250 4175 τὸ
1284 4122 1479 4186 κάλλος
1507 4122 1712 4194 ὁρῶσα,

115 4215 211 4271 τοῦ
242 4214 374 4284 περὶ
403 4213 566 4267 αὑτὸν
596 4212 797 4282 ἔρωτος
823 4214 1195 4284 γνησιώτερον
1243 4214 1572 4285 ἐμφορῆται.
1600 4215 1716 4266 Διό-

117 4327 225 4382 περ
266 4310 328 4362 οὐ
365 4308 448 4361 δεῖ
491 4305 605 4360 οὔθ’
633 4306 828 4376 ἑτέραν
867 4305 989 4376 ὄψιν
1024 4304 1102 4375 τῷ
1145 4304 1239 4357 τοῦ
1287 4304 1480 4368 ὓδατος
1523 4306 1713 4359 τούτου

117 4401 415 4471 κατόπτρῳ
456 4399 772 4467 ἐγκύπτειν,
813 4399 899 4451 ἵνα
942 4398 1018 4468 μὴ
1063 4397 1163 4469 τὴν
1213 4396 1568 4468 προῦποῦσαν
1603 4398 1712 4469 (93)

117 4492 436 4549 ἐπισείουσα
456 4490 695 4563 ἀφανίζῃ
714 4507 727 4519 ·
761 4488 873 4543 οὗθ’
897 4489 1002 4542 ὑπὸ
1032 4489 1203 4561 ὀργῆς
1233 4489 1266 4559 ἥ
1295 4489 1470 4560 λύπης
1498 4491 1531 4560 ἦ
1556 4508 1715 4543 τινων

118 4585 321 4655 ἐτέρων
357 4581 546 4635 παθῶν
566 4582 678 4651 (94)
706 4581 844 4645 ὅλως
880 4581 1265 4651 κυμαίνεσθαι,
1302 4582 1389 4633 ἵνα
1421 4580 1495 4653 μὴ
1527 4581 1716 4636 ἄλλοτε

115 4673 338 4737 ἀλλοίας
377 4672 592 4745 μορφὰς
643 4672 722 4743 τῷ
755 4671 832 4742 νῷ
864 4672 980 4741 (93)
1029 4673 1088 4726 ἐν
1136 4672 1214 4744 τῷ
1259 4673 1406 4744 σάλῳ
1457 4673 1712 4747 δεικνύῃ·

115 4767 230 4821 ἀλλ’
267 4766 358 4821 ἀεὶ
398 4764 658 4828 ὡσαύτως
692 4765 785 4817 καὶ
826 4766 883 4818 ἐν
914 4768 979 4836 τῇ
1031 4764 1171 4820 κατὰ
1202 4765 1335 4818 Θεὸν
1378 4766 1523 4836 χαρᾷ
1557 4783 1717 4836 κεχυ-

1815 3589 1876 3627 ac
1907 3573 2053 3626 velut
2077 3587 2143 3626 ex
2176 3572 2408 3641 quodam
2435 3572 2724 3641 purissimo
2753 3571 2951 3625 mentis
3000 3571 3149 3625 fonte
3202 3571 3401 3625 divinis

1816 3664 2234 3734 cogitationibus
2289 3671 2663 3732 stagnantem,
2718 3662 2885 3715 ﬂuctu
2926 3675 3145 3732 prorsus
3195 3675 3403 3727 carere,

1819 3773 1994 3826 neque
2026 3758 2094 3809 ab
2144 3755 2410 3828 externis.
2447 3757 2538 3826 qui
2578 3771 2674 3824 per
2731 3769 2918 3807 aurem
2976 3753 3240 3816 feruntur,
3282 3767 3403 3806 ser-

1819 3850 2068 3902 monibus
2100 3849 2381 3917 agitatam,
2412 3862 2587 3917 neque
2612 3847 2678 3899 ab
2703 3845 3070 3901 incidentibus
3102 3861 3199 3914 per
3225 3846 3399 3897 visum

1817 3939 2144 4011 imaginibus
2198 3941 2264 3993 de
2313 3941 2606 4009 tranquillo
2645 3948 2785 3995 statu
2823 3937 3088 4007 dejectam
3146 3956 3161 3994 :
3222 3939 3292 3992 ita
3344 3946 3403 3991 ut

1815 4030 1965 4084 velut
1998 4031 2048 4083 in
2081 4029 2384 4096 purissimo
2417 4030 2636 4099 speculo
2663 4041 2713 4084 et
2747 4044 2900 4084 suam
2957 4029 3126 4098 ipsius
3166 4029 3400 4098 speciem

1817 4132 1867 4176 et
1908 4121 2093 4191 sponsi
2157 4120 2620 4190 pulclu'itndinetn
2684 4122 3051 4192 perspiciens.
3102 4121 3244 4176 illius
3274 4135 3404 4175 vero

1817 4229 2000 4269 amore
2025 4217 2194 4283 magis
2220 4212 2531 4281 impleatur.
2582 4214 2764 4281 Quare
2808 4228 2914 4268 non
2946 4222 3160 4283 oportet
3184 4212 3404 4267 utalius

1818 4308 2000 4361 vultus
2040 4308 2092 4360 in
2122 4306 2283 4376 hujus
2316 4321 2472 4373 aqua:
2499 4306 2776 4375 speculum
2832 4306 3149 4376 prospiciat,
3174 4320 3242 4359 ne
3286 4305 3407 4359 vul-

1819 4407 1929 4450 tum
1953 4397 2063 4465 jam
2101 4395 2173 4449 ibi
2201 4396 2475 4463 depictum
2505 4397 2825 4451 concutiens
2851 4397 3081 4451 aboleat.
3110 4395 3293 4464 Neque
3322 4395 3402 4449 ira

1818 4498 1909 4541 aut
1943 4488 2127 4541 dolore
2162 4495 2256 4539 aut
2305 4486 2427 4539 aliis
2462 4487 2963 4554 perturbationibus
3004 4486 3194 4557 agitari
3247 4501 3404 4555 pror-

1817 4595 1910 4633 sus
1940 4579 2123 4641 debet,
2158 4583 2214 4630 ut
2239 4590 2305 4629 ne
2334 4576 2471 4629 alias
2500 4590 2663 4644 atque
2689 4578 2827 4630 alias
2855 4576 3080 4645 formas,
3115 4576 3242 4630 dum
3289 4578 3403 4645 agi-

1821 4684 1986 4736 tatur,
2025 4679 2204 4726 menle
2233 4672 2522 4734 exhibeat;
2563 4673 2659 4726 sed
2693 4686 2911 4741 semper
2936 4674 3124 4727 eodem
3154 4672 3313 4727 modo
3344 4689 3404 4729 se

1822 4763 2030 4816 habens
2085 4770 2141 4815 et
2180 4761 2365 4814 divino
2427 4761 2644 4830 perfusa
2695 4761 2912 4832 gaudio,
2969 4761 3128 4815 nullis
3181 4777 3403 4830 prorsus

118 4857 314 4927 μένην,
350 4854 662 4924 ἀκύμαντον
713 4854 811 4923 μὲν
856 4854 1048 4908 παθῶν
1093 4854 1269 4907 διόλου
1327 4855 1709 4925 φυλάττεσθαι,

1858 4853 2288 4907 erturbationum
2352 4850 2607 4907 ﬂuctibus
2639 4853 2895 4922 agitetur,
2926 4868 3023 4908 nec
3055 4853 3215 4908 ullius
3263 4853 3402 4908 alte-

117 4948 351 5020 μηδενὸς
374 4947 433 5001 δὲ
456 4946 642 5018 ἐτέρου
672 4946 817 5000 ἰδέαν
872 4948 931 5000 ἐν
957 4950 1126 5018 ἐαυτῇ
1151 4946 1184 5019 ἢ
1215 4946 1311 5000 τοῦ
1343 4947 1579 5019 νυμφίου
1606 4948 1713 5001 δει-

186 5189 304 5259 (90)
353 5190 684 5261 Ἆποᾴαὐει.
726 5189 820 5245 Sic
856 5191 1099 5261 plerique
1128 5201 1340 5248 veteres
1365 5192 1485 5247 libri
1507 5202 1564 5248 et
1591 5192 1708 5247 Ve-

113 5272 239 5315 neta
262 5261 453 5315 editio.
483 5260 827 5315 Parisiensis.
860 5260 1187 5319 ἀπολαύσει.

188 5331 863 5403 (91)-ᾼαμπρυνόμενον.
912 5332 1135 5402 Legitur
1164 5335 1215 5387 in
1245 5341 1478 5403 quatuor
1506 5332 1710 5388 codici-

112 5400 239 5459 bus.
258 5400 815 5473 Δἐλλαμιῖτρυνόμενον.

217 5470 308 5537 δε)
355 5470 729 5539 Γαλήναίαν.
777 5471 1025 5541 Legitur,
1073 5473 1340 5544 γαληνήν,
1386 5472 1441 5526 in
1473 5472 1724 5528 omnibus

114 5555 275 5611 mss,
303 5556 411 5593 uno
434 5555 687 5609 excepto,
711 5545 799 5611 qui
822 5548 1057 5597 secunda
1086 5560 1246 5597 manu
1275 5544 1457 5609 habet,
1486 5554 1543 5596 ut
1567 5546 1720 5605 editi.

113 5610 444 5683 γαληναίαν.
486 5611 687 5683 Ibidem
730 5610 869 5667 unus
901 5628 968 5683 ex
1017 5614 1204 5683 Regiis
1247 5614 1481 5667 set-unda
1535 5628 1721 5675 manu.

116 5682 462 5735 κατάστασιν
491 5680 839 5753 φθείρουσαν.
884 5681 1016 5753 Quae
1045 5680 1308 5752 scriptura
1339 5684 1441 5738 etsi
1479 5697 1722 5751 percom-

119 5756 283 5813 moda
324 5753 562 5818 videtur,
595 5752 717 5810 eam
763 5763 945 5813 tamen
1003 5752 1058 5813 in
1113 5763 1423 5811 contextum
1481 5754 1721 5827 recipere

1823 4949 1933 5000 rius
1965 4946 2226 5016 spetiem,
2269 4946 2371 5001 nisi
2405 4944 2613 5015 sponsi,
2659 4944 2713 4997 in
2769 4944 2948 5015 seipsa
2996 4943 3282 5009 exhibeat;
3324 4944 3399 4999 ita

1814 5209 1978 5268 ausus
2006 5209 2112 5247 non
2146 5209 2300 5268 sum,
2340 5198 2464 5265 quia
2509 5212 2616 5253 non
2664 5196 2801 5252 satis
2852 5213 3045 5268 magna
3072 5199 3400 5255 auctoritate

1816 5265 2028 5337 nititur,
2064 5266 2156 5318 sed
2184 5275 2389 5337 tantum
2416 5269 2468 5321 in
2498 5268 2907 5337 interpretando
2937 5265 3153 5337 secutus
3182 5284 3322 5322 sum.

1892 5334 2005 5416 (95)
2032 5335 2456 5416 Προῦποῦσαῖ.
2484 5338 2576 5393 Sic
2598 5334 2730 5392 mss.
2766 5351 2862 5393 sex
2897 5349 2953 5392 et
2981 5336 3181 5393 Veneta
3209 5340 3396 5395 editio.

1819 5404 2162 5477 Parisiensis,
2191 5405 2553 5477 προενοῦσαν.

1893 5474 2007 5542 (94)
2046 5473 2282 5530 "uarii.
2328 5477 2648 5533 Parisiensis
2684 5475 2849 5532 editio
2887 5476 3057 5543 addit,
3086 5475 3250 5543 τινός,
3282 5477 3404 5535 sine

1820 5544 1929 5598 ulla
1962 5560 2185 5609 prorsus
2219 5548 2565 5604 auctoritate.

1891 5615 2004 5697 (95)
2048 5613 2135 5695 Τῷ
2164 5614 2283 5696 νῷι
2316 5616 2410 5697 εἰς
2451 5634 2594 5697 mss.
2636 5624 2930 5697 septemhet
2973 5616 3176 5697 ξεστοί-ιι
3205 5614 3397 5697 editio.

1821 5683 2169 5767 Parisiensis,
2190 5684 2286 5767 τοῦ
2316 5684 2431 5743 νοῦ.
2467 5686 2629 5746 Paulo
2659 5683 2776 5760 post
2795 5685 2948 5754 editi,
2973 5685 3260 5744 δεικνύναι.
3288 5684 3402 5745 Sex

1820 5770 1952 5813 tttss.
1981 5766 2040 5812 ut
2074 5765 2128 5811 tn
2156 5765 2327 5814 textu.
