3802 6216
387 267 498 328 ’167

1353 273 1699 330 APPENDIX
1740 270 2030 329 OPEBUM
2068 270 2130 326 S.
2169 267 2416 327 BASILH
2452 263 2691 321 MAGNI.

3553 254 3660 317 7C3

382 399 443 442 ut
498 387 586 442 ille
631 401 846 459 semper
900 388 953 445 in
1009 389 1125 459 ipsa
1187 391 1465 460 propriam
1514 391 1971 462 pulchritudinem

2134 385 2290 440 um:-
2332 380 2625 456 μόνου(96)
2663 379 2764 451 μὲν
2802 377 3014 432 ἐκείνου
3044 377 3131 432 ἀεὶ
3158 346 3659 445 κατοπτριζομένου

389 491 654 551 tanquam
691 478 745 532 in
791 478 1010 550 speculo
1059 479 1359 550 imprimat.
1391 483 1506 539 sola
1558 494 1739 537 autem
1785 482 1967 536 anima

383 569 619 625 fut-utam
652 570 795 626 illius
830 572 884 625 in
920 586 1019 626 suo
1074 573 1295 642 speculo
1341 572 1695 644 refulgentem
1751 574 1968 639 habeat,

386 664 610 733 ejusque
662 661 854 717 forma:
902 663 1299 733 pulchritudine
1346 667 1527 721 ornari
1585 667 1737 721 velit.
1791 668 1973 733 Quare

387 755 748 826 prmmttniens
788 755 933 811 illius
991 756 1227 813 animam
1290 758 1726 827 sapientissimus
1791 772 1973 812 sermo

391 849 466 900 ait
496 864 511 901 :
545 844 605 901 Si
632 848 853 917 spiritus
882 857 1192 921 potestatem
1222 849 1464 904 habentis
1496 851 1787 904 ascenderit
1820 866 1975 919 super

389 950 460 1001 te,
491 938 664 992 locum
696 949 861 1007 tuung
880 957 943 994 ne
996 941 1260 996 dimiseris
1286 942 1331 973 ³⁸
1357 959 1372 997 :
1398 956 1468 995 ne
1506 944 1832 999 ascendente
1874 958 1972 1013 po-

390 1029 524 1084 lenti
556 1030 890 1100 cogitatione
920 1031 1098 1100 imago
1138 1032 1336 1100 locum,
1366 1043 1423 1088 ut
1458 1034 1512 1087 in
1544 1034 1785 1102 speculo,
1817 1048 1972 1103 repe-

389 1119 561 1182 riens,
585 1120 748 1175 etiam
777 1121 996 1175 nemine
1049 1130 1322 1190 prmseute
1369 1124 1575 1192 peccati
1630 1124 1840 1191 species
1892 1138 1975 1177 re-

389 1220 705 1282 prmsentet.
743 1210 850 1266 Sed
878 1213 1057 1267 omnis
1086 1212 1305 1280 quidem
1336 1213 1509 1277 locus,
1540 1213 1737 1283 inquit,
1776 1214 1828 1266 in
1865 1213 1973 1267 aui-

399 1317 487 1355 nta
519 1302 748 1373 virginis
773 1312 1067 1371 conspectu
1096 1302 1296 1359 Christi
1330 1304 1627 1373 repleatur.
1660 1303 1850 1358 Nullus
1878 1320 1973 1357 τιιιιι

396 1400 505 1447 tem
545 1392 768 1446 omnino
802 1392 950 1447 locus
982 1392 1034 1446 itt
1076 1407 1141 1447 ea
1175 1402 1350 1460 vacet,
1394 1408 1500 1462 quo
1549 1393 1846 1450 ascendens
1884 1410 1977 1447 cu-

392 1483 539 1538 riosa
567 1482 826 1551 cogitatio
868 1485 1126 1553 reperiat,
1158 1485 1249 1539 ubi
1303 1500 1368 1541 ea
1398 1501 1517 1555 qua:
1548 1500 1649 1539 sua
1681 1488 1844 1550 'sunt,
1888 1500 1976 1541 re-

392 1588 702 1648 praesentet.
736 1578 949 1635 Nullius
983 1579 1169 1649 igitur,
1203 1588 1260 1633 ut
1293 1579 1440 1635 brevi
1477 1580 1677 1647 dicam,
1709 1580 1821 1634 sive
1842 1596 1979 1648 prte-

394 1669 563 1724 sentis
601 1670 717 1725 sive
771 1670 1035 1738 absentis,
1074 1673 1354 1741 speculum
1404 1671 1475 1725 sit
1504 1672 1727 1742 virginis
1775 1674 1976 1738 anima,

2070 481 2128 532 ὲν
2162 479 2297 550 αὑτῇ
2327 478 2389 530 τὸ
2440 476 2572 530 ἴδιον
2614 472 2831 535 κάλλος,
2880 472 3052 542 μόνης
3095 471 3152 524 δὲ
3199 472 3298 541 τῆς
3341 467 3524 538 ψυχῆς
3556 472 3655 538 τὴν

2070 571 2259 626 τούτου
2299 567 2514 640 μορφὴν
2540 568 2598 637 έν
2625 564 2703 637 τῷ
2732 563 2853 617 κατ’
2894 561 3062 633 αὐτὴν
3095 560 3388 631 κατόπτρῳ
3426 557 3660 627 ἐχούσης

2072 663 2484 733 ὲκλάμπουσαν,
2517 658 2613 712 καὶ
2640 656 2719 728 τῷ
2748 657 2845 727 τῆς
2879 654 3095 726 μορφῆς
3123 651 3287 708 αὑτοῦ
3329 650 3516 705 κάλλει
3560 666 3653 701 κου

2074 752 2328 826 σμεῖσθαι
2369 749 2647 818 θελούσης.
2676 748 2875 818 Διόπερ
2904 743 3334 813 ἀσφαλιζόμενος
3364 741 3536 810 αὐτῆς
3565 740 3661 808 τὴν

2071 844 2250 916 ψυχὴν
2287 846 2315 897 ὁ
2357 840 2662 912 σοφώτατος
2696 839 2854 908 λόγος
2880 836 3071 908 φησιν·
3119 837 3260 889 Ἐὰν
3290 832 3529 901 πνεῦμα
3554 829 3661 883 τοῦ

2074 934 2531 1002 ἑξουσιάζοντος
2552 930 2745 999 ἀναϐῇ
2766 930 2865 985 ἐπὶ
2886 930 2982 993 σὲ,
3007 931 3197 983 τόπον
3215 943 3333 982 σου
3356 925 3443 996 μὴ
3472 923 3656 994 ἀρῆς·

2076 1029 2162 1084 ἵνα
2192 1028 2267 1099 μὴ
2297 1026 2627 1094 ἀνελθούσης
2649 1023 2749 1094 τῆς
2778 1023 2899 1078 κατ’
2922 1020 3171 1086 ἐξουσίαν
3200 1018 3429 1082 ἐννοίας,
3457 1020 3491 1089 ἡ
3523 1033 3662 1085 φαν-

2073 1120 2236 1174 τασία
2263 1118 2448 1181 τόπον,
2473 1117 2660 1187 ὥσπερ
2690 1117 2748 1169 ὲν
2772 1114 3080 1184 κατόπτρῳ,
3112 1110 3369 1183 εὑροῦσα,
3400 1110 3495 1163 καὶ
3525 1107 3665 1179 μηδ-

2075 1213 2195 1275 ενὸς
2258 1211 2522 1281 παρόντος
2579 1208 2798 1280 ὲμφήνῃ
2846 1207 2945 1277 τῆς
3004 1203 3280 1276 ἁμαρτίας
3329 1201 3399 1256 τά
3446 1201 3665 1255 εἴδωλα.

2089 1301 2251 1355 Ἀλλά
2286 1302 2391 1363 πᾶς
2423 1299 2522 1371 μὲν
2557 1299 2740 1363 τόπος,
2790 1298 2976 1367 φησὶν,
3018 1298 3077 1349 ἐν
3106 1298 3171 1366 τῇ
3204 1295 3350 1366 ψυχῇ
3383 1294 3486 1362 τῆς
3516 1310 3665 1364 παρ-

2077 1393 2229 1446 θένου
2263 1393 2362 1464 τῆς
2389 1390 2562 1461 ὂψεως
2592 1388 2831 1462 Χριστοῦ
2860 1385 3258 1457 πεπληρῶσθω.
3284 1386 3494 1456 Μηδεὶς
3521 1385 3582 1438 δὲ
3604 1385 3669 1437 τὸ

2080 1485 2298 1539 σύνολον
2347 1486 2511 1548 τόπος
2558 1486 2616 1538 ὲν
2664 1484 2801 1554 αὐτῇ
2855 1480 3183 1551 σχολαζέτω,
3231 1478 3363 1533 ἔνθα
3409 1478 3670 1532 ἀναϐᾶσα

2080 1575 2369 1647 περίεργος
2397 1574 2574 1629 ἔννοια
2608 1572 2778 1646 εὕροι,
2802 1574 2934 1626 ὅπου
2970 1571 3039 1626 τά
3072 1570 3272 1640 ἑαυτῆς
3301 1568 3670 1639 κατοπτρίζε-

2078 1683 2189 1720 ται.
2219 1664 2460 1735 Μηδενὸς
2486 1658 2602 1727 οὖν,
2636 1661 2908 1714 συνελόντι
2940 1660 3126 1730 φάναι,
3164 1659 3237 1729 μὴ
3267 1658 3558 1729 παρόντος,
3588 1657 3670 1726 μὴ

394 1762 497 1815 nisi
528 1762 701 1816 sancti
728 1762 896 1834 ipsius
924 1764 1106 1831 sponsi
1145 1781 1160 1817 :
1202 1778 1306 1818 nec
1337 1764 1441 1819 ulla
1475 1764 1577 1817 alia
1603 1766 1801 1828 forma,
1833 1781 1972 1833 pra:-

2134 1757 2309 1819 τόντος
2338 1755 2625 1826 ἀνθρώπου
2656 1755 2961 1823 κάτοπτρον
2990 1752 3130 1805 ἔστω
3176 1754 3210 1821 ἡ
3245 1751 3342 1821 τῆς
3390 1748 3670 1820 παρθένου

397 1861 481 1907 ter
525 1853 663 1907 hanc
716 1853 909 1921 solam,
948 1854 1000 1909 in
1030 1869 1092 1909 ea
1139 1855 1543 1923 conspiciatur;
1592 1871 1693 1915 nec
1748 1856 1840 1910 ulli
1888 1855 1977 1910 alii

396 1944 678 2012 Speculum
710 1946 911 2001 animae
944 1947 1186 2001 studiose
1217 1947 1481 2017 detergat,
1535 1948 1636 2001 nisi
1671 1963 1893 2016 sponso,
1923 1957 1980 2003 ut

398 2034 451 2088 in
488 2050 554 2088 eo
584 2036 821 2106 propria:
847 2037 1263 2107 pulchritudinis
1286 2038 1520 2105 speciem
1562 2046 1976 2106 reprteseutans,

395 2128 609 2185 beatam
667 2127 817 2183 illam
857 2128 1075 2184 elliciat.
1132 2128 1274 2183 Nam
1309 2130 1354 2183 si
1406 2130 1526 2198 quis
1568 2130 1877 2185 mortalium
1925 2130 1977 2183 in

398 2219 501 2274 hoc
534 2220 754 2289 speculo
798 2222 985 2277 oculos
1019 2221 1239 2291 deligat,
1269 2235 1492 2276 necesse
1534 2230 1615 2276 est
1645 2229 1703 2275 ut
1744 2237 1895 2277 mens
1926 2222 1977 2277 in

396 2310 543 2367 illius
607 2312 797 2367 fortuna
851 2314 1307 2380 contemplatione
1387 2322 1687 2383 occupata,
1743 2315 1978 2383 priorem

397 2404 581 2471 sponsi
615 2401 847 2459 formam
886 2403 1267 2459 absconditam
1297 2412 1353 2459 et
1405 2404 1705 2460 elabentem
1760 2406 1981 2460 minime

392 2494 508 2565 jam
528 2494 946 2565 contempletur.
968 2496 1433 2562 Quemadmodum
1455 2493 1634 2552 aut'em
1674 2497 1765 2566 qui
1807 2497 1983 2551 adlue-

411 2595 497 2639 ret
522 2587 820 2654 meretrici,
852 2602 1017 2641 unum
1076 2602 1273 2657 corpus
1326 2598 1443 2653 est;
1488 2588 1561 2640 ita
1605 2589 1696 2657 qui
1745 2588 1981 2644 adlimret

402 2674 655 2742 Domino,
681 2692 820 2733 unus
853 2688 934 2733 est
965 2677 1189 2747 spiritus
1221 2694 1343 2733 cum
1371 2680 1464 2733 illo
1492 2679 1560 2743 ³⁷,
1593 2680 1837 2749 corporis
1864 2679 1982 2748 qui-

397 2768 522 2824 dem
554 2770 1058 2839 perturbationibus
1097 2780 1454 2841 expurgatus,
1490 2772 1669 2825 anima
1703 2780 1882 2837 autem
1925 2773 1981 2829 in

404 2856 656 2915 eamdem
701 2855 895 2913 forma:
938 2858 1182 2930 signatus
1219 2859 1696 2928 pulchritudinem.

475 3117 566 3173 50.
594 3116 781 3189 Neque
816 3120 941 3175 dum
976 3120 1242 3192 virginem
1278 3120 1347 3181 ad
1394 3136 1579 3175 veram
1608 3121 1977 3192 virginitatem

401 3211 673 3276 ducimus,
710 3227 778 3267 e1
813 3214 999 3283 sponsi
1034 3214 1285 3283 exemplo
1316 3214 1608 3283 nuptialem
1644 3216 1692 3267 ci
1747 3215 1981 3284 aliquam

402 3302 786 3371 cogitationem
826 3303 1129 3373 injicimus;
1166 3303 1259 3358 sed
1290 3318 1355 3356 ex
1390 3303 1717 3357 matrimonii
1757 3304 1983 3373 conjun-

402 3393 607 3458 ctione,
634 3394 829 3448 animze
858 3394 1141 3448 rationalis
1165 3410 1285 3447 cum
1319 3393 1429 3447 Deo
1456 3393 1635 3448 Verbo
1651 3396 1982 3465 conjunctio-

405 3502 530 3541 nem
589 3489 862 3557 sapienter
917 3489 1375 3543 demoustramus.
1413 3490 1576 3560 663
1617 3492 1982 3557 Quemadmo-

402 3577 529 3631 dum
551 3580 694 3633 enim
710 3594 936 3648 corpora
956 3594 1050 3650 per
1078 3580 1370 3647 nuptialem
1400 3582 1835 3650 conjunctionent
1864 3598 1983 3636 eas-

405 3670 528 3724 dem
574 3670 877 3740 voluptates
925 3682 977 3723 et
1010 3672 1451 3741 perturbationes
1501 3684 1549 3727 et
1580 3674 1981 3742 corruptionem

405 3761 757 3833 participant,
799 3776 921 3816 cum
969 3764 1022 3816 in
1071 3763 1345 3833 voluptate
1379 3774 1433 3818 et
1490 3765 1983 3831 perturbatioaibus

407 3863 461 3906 et
491 3853 810 3907 concubitus
866 3854 1218 3921 corruptione
1270 3871 1366 3924 per
1406 3856 1863 3922 consttiratiouem
1916 3855 1983 3908 ad

410 3944 513 3997 hoc
568 3959 702 4010 Opus
732 3955 1036 4009 versantur,
1092 3944 1162 3997 ita
1209 3955 1262 3998 et
1320 3945 1599 3999 rationalis
1652 3947 1832 3999 anima
1890 3962 1986 4014 per

408 4033 712 4101 sponsaletn
784 4050 906 4088 cum
980 4033 1093 4089 Deo
1138 4035 1314 4090 Verbo
1372 4036 1830 4102 coniunctionem,
1872 4039 1986 4091 vir-

411 4137 544 4191 tute,
579 4126 992 4195 ioconuptione
1040 4136 1095 4181 et
1124 4128 1435 4182 vitiosorttm
1472 4128 1758 4182 alit-eluunt
1801 4130 1985 4184 vacui-

408 4226 518 4270 tate
548 4215 849 4285 perfruitur
899 4217 951 4269 in
1004 4215 1230 4285 Spiritu,
1262 4230 1315 4270 ιιι
1352 4218 1453 4271 hac
1485 4220 1752 4273 vacuitate
1800 4228 1854 4273 et
1900 4221 1984 4274 in-

410 4306 757 4372 corruptione
792 4318 888 4373 per
923 4306 1191 4359 sinceram
1235 4305 1326 4359 Dei
1380 4306 1539 4359 Verbi
1585 4307 1636 4360 itt
1683 4322 1745 4361 ea
1789 4310 1988 4363 sancti-

2078 1848 2247 1919 ψυχὴ,
2278 1848 2311 1918 ἢ
2351 1847 2445 1900 τοῦ
2483 1846 2636 1915 ἁγίου
2680 1845 2853 1916 αὐτῆς
2881 1844 3144 1915 νυμφίου’
3179 1842 3421 1913 μηδεμία
3442 1842 3498 1894 δὲ
3530 1841 3669 1911 ἄλλη

2084 1937 2265 2009 μορφὴ
2300 1940 2356 1989 ἐν
2391 1937 2562 2007 ταύτῃ
2595 1936 2833 2007 όράσθω,
2877 1936 2910 2005 ἦ
2948 1935 3084 2005 μόνη
3130 1934 3349 2003 ὲκείνη’
3389 1932 3582 2003 μηδενὶ
3610 1933 3671 1985 δὲ

2082 2029 2252 2099 ἑτέρῳ
2278 2027 2338 2080 τὸ
2362 2027 2461 2096 τῆς
2489 2027 2668 2096 ψυχῆς
2710 2026 2975 2097 ἔσοπτρον
3008 2025 3149 2096 αὑτὴ
3191 2025 3494 2093 φιλοκάλως
3520 2040 3670 2094 σμη-

2080 2120 2246 2190 χέτω,
2273 2119 2306 2190 ἢ
2338 2118 2477 2171 ὥστε
2513 2120 2721 2171 ἐκεῖνον
2753 2116 3099 2187 ἐλλάμποντα
3130 2116 3303 2186 τούτῳ
3332 2114 3426 2167 τοῦ
3460 2113 3669 2167 οἰκείου

2082 2213 2312 2275 κάλλους
2342 2212 2442 2283 τὴν
2481 2211 2645 2275 ἰδέαν,
2692 2209 2970 2280 μακαρίαν
3016 2208 3185 2279 αὐτὴν
3229 2204 3667 2277 ἀπεργάζεσθαι.

2094 2303 2217 2356 Ἐάν
2242 2302 2348 2373 γάρ
2370 2301 2477 2353 τῶν
2501 2298 2710 2369 θνητῶν
2743 2316 2826 2361 τις
2855 2297 2932 2369 τῷ
2959 2299 3249 2368 κατόπτρῳ
3290 2295 3464 2366 τούτῳ
3505 2294 3674 2363 ἐγκῦ-

2082 2411 2212 2465 πτῃ.
2237 2394 2452 2462 ἀνάγκη
2488 2391 2616 2461 περὶ
2642 2390 2738 2461 τὴν
2772 2389 2899 2443 θέαν
2933 2389 3031 2459 τῆς
3050 2388 3238 2441 τούτου
3262 2388 3477 2459 μορφῆς
3504 2387 3673 2456 ἀσχο-

2081 2486 2351 2557 λουμένην
2378 2485 2469 2538 τὸν
2503 2484 2650 2545 νοῦν,
2693 2483 2791 2553 τὴν
2820 2482 3094 2552 προτέραν
3127 2479 3221 2534 τοῦ
3255 2481 3490 2550 νυμφίου
3532 2496 3674 2550 μορ-

2082 2578 2189 2649 φὴν
2222 2574 2705 2646 ἐπικεκρυμμένην
2752 2571 3152 2639 ὑπεξελθοῦσαν
3185 2570 3369 2623 λοιπὸν
3410 2569 3671 2641 μηδαμοῦ

2083 2670 2327 2740 θεωρεῖν.
2376 2670 2463 2732 Ὠς
2503 2668 2560 2720 δὲ
2599 2668 2628 2719 ὁ
2679 2664 3017 2736 κολλώμενος
3056 2667 3121 2735 τῇ
3178 2663 3351 2736 πόρνῃ
3401 2662 3460 2715 ἒν
3505 2662 3672 2733 σῶμά

2082 2767 2229 2817 ἐστιν
2250 2805 2265 2829 ,
2292 2761 2465 2826 οὕτως
2490 2764 2518 2814 ὁ
2542 2760 2879 2830 κολλώμενος
2899 2760 2977 2830 τῷ
3003 2759 3191 2830 Κυρίῳ
3221 2759 3278 2810 ἓν
3304 2759 3526 2829 πνεῦμά
3556 2760 3676 2811 ἐστι

2081 2853 2274 2922 τούτῳ,
2302 2853 2369 2905 τά
2409 2852 2508 2921 μὲν
2539 2850 2789 2921 σώματος
2826 2850 2975 2920 πάθη
3012 2847 3450 2920 κεκαθαρμένος,
3482 2848 3583 2920 τὴν
3613 2848 3673 2902 δὲ

2080 2946 2260 3017 ψυχὴν
2330 2946 2410 3008 είς
2470 2942 2533 2996 τὸ
2598 2942 2730 2995 αὐτὸ
2784 2941 2883 3012 τῆς
2953 2941 3167 3012 μορφῆς
3223 2941 3677 3011 σφραγισάμενος

2085 3035 2299 3098 κάλλος.

2154 3126 2243 3181 50.
2286 3125 2396 3177 Καὶ
2427 3124 2547 3194 οὐχὶ
2581 3123 2716 3193 πρὸς
2740 3122 2836 3193 τὴν
2866 3122 3035 3184 ὅντως
3066 3120 3363 3193 παρθενίαν
3400 3121 3503 3191 τὴν
3533 3138 3681 3192 παρο

2084 3217 2235 3272 θένον
2277 3218 2589 3285 ἀνάγοντες,
2626 3215 2715 3268 διά
2757 3215 2852 3268 τοῦ
2889 3214 3030 3267 κατά
3060 3213 3150 3266 τόν
3178 3213 3411 3283 νυμφίον
3459 3214 3681 3266 ὑποξεί-

2081 3326 2290 3379 γματος
2317 3310 2558 3378 γαμικὴν
2588 3325 2706 3360 τινα
2731 3306 2939 3360 ἔννοιαν
2966 3307 3105 3377 αὑτῇ
3149 3304 3490 3376 έμποιοῦμεν
3511 3322 3524 3334 ·
3558 3306 3679 3359 ἀλλ’

2083 3399 2190 3452 ἀπό
2212 3401 2309 3470 τῆς
2340 3397 2481 3451 κατὰ
2505 3398 2595 3449 τὸν
2615 3397 2793 3464 γάμον
2825 3394 3090 3458 ὲνώσεως,
3118 3394 3217 3463 τὴν
3249 3394 3387 3463 πρὸς
3417 3393 3514 3445 τὸν
3543 3392 3681 3447 Θεὸν

2083 3489 2254 3557 Λόγον
2295 3488 2393 3559 τῆς
2426 3488 2650 3557 λογικῆς
2682 3487 2860 3557 ψυχῆς
2900 3485 3094 3538 ’ένωσιν
3136 3484 3314 3552 σοφῶς
3348 3483 3680 3536 ὑποδείκνυ-

2088 3597 2205 3650 μεν.
2243 3578 2361 3631 Ὅτι
2408 3578 2484 3641 ὡς
2531 3577 2600 3629 τὰ
2634 3576 2863 3646 σώματα
2905 3578 2971 3646 τῇ
3016 3576 3225 3645 γαμικῇ
3262 3574 3523 3644 κοινωνία
3568 3573 3681 3627 τῶν

2084 3669 2261 3723 αὐτῶν
2288 3668 2492 3738 ἡδονῶν
2524 3668 2619 3721 καὶ
2653 3666 2839 3719 παθῶν
2870 3666 2963 3719 καί
2994 3665 3198 3736 φθορᾶς
3225 3669 3495 3727 κοινωνεῖ,
3523 3667 3584 3717 ἐν
3614 3667 3681 3736 τῇ

2083 3764 2245 3834 ἡδονῇ
2282 3762 2373 3815 καὶ
2399 3764 2510 3825 τοῖς
2540 3760 2760 3823 πάθεσι,
2793 3761 2887 3812 καὶ
2909 3762 2975 3830 τῇ
3013 3759 3112 3828 τῆς
3140 3757 3337 3829 μίξεως
3362 3759 3562 3830 φθορᾷ.
3589 3759 3682 3811 διά

2083 3855 2183 3923 τῆς
2217 3853 2352 3925 πρδς
2379 3853 2476 3919 τὴν
2504 3853 2703 3923 πρᾶξιν
2734 3851 3038 3921 συμπνοίας
3084 3851 3372 3921 γινόμενα·
3403 3850 3553 3903 οῦτω
3581 3851 3683 3903 καὶ

2085 3948 2119 4015 ἡ
2145 3944 2336 4015 λογικὴ
2359 3944 2526 4015 ψυχὴ,
2554 3948 2620 4014 τῇ
2646 3943 2785 4014 πρὸς
2814 3942 2903 3995 τὸν
2930 3943 3064 3996 Θεὸν
3089 3943 3259 4011 Λόγον
3285 3948 3531 4014 νυμφικῇ
3558 3961 3681 3997 κοι-

2086 4038 2271 4108 νωνίᾳ,
2309 4037 2511 4109 ἀρετῆς
2539 4038 2632 4089 καὶ
2661 4036 2967 4107 ἀφθαρσίας
3002 4037 3093 4089 καὶ
3120 4035 3386 4099 ἀπαθείας
3415 4037 3514 4106 τῆς
3538 4037 3682 4107 ἀλη-

2088 4129 2212 4192 θοῦς
2241 4128 2597 4183 ἀπολαύσειεν
2628 4129 2685 4179 ὲν
2726 4127 3035 4197 Πνεῦματι·
3072 4128 3161 4179 ἵνα
3184 4129 3251 4197 τῇ
3300 4126 3541 4198 ἀπαθείᾳ
3579 4128 3683 4180 καὶ

2086 4224 2151 4292 τῇ
2192 4219 2491 4292 ἀφθαρσίᾳ,
2533 4219 2622 4273 διὰ
2657 4219 2756 4289 τῆς
2801 4220 2863 4270 ἐκ
2904 4218 2998 4271 τοῦ
3038 4217 3172 4270 Θεοῦ
3218 4217 3391 4285 Λόγου
3420 4217 3558 4285 πρὸς
3582 4219 3681 4271 τὸν

2088 4309 2359 4380 ἁγιασμόν
2416 4308 2582 4360 αὐτοῦ
2640 4307 3008 4379 ἀνυποκρίτου
3063 4306 3394 4377 συμπνοίας,
3452 4307 3680 4379 καθαρά

406 4394 619 4454 ﬁcanda
687 4396 1140 4466 conspirationem
1194 4411 1325 4465 pura
1369 4398 1581 4451 evadat.
1642 4397 1817 4463 Quare
1860 4414 1978 4454 eam

2134 4405 2331 4473 ίνηται.
2358 4401 2448 4453 Διὸ
2471 4399 2570 4469 τὴν
2597 4398 2817 4470 Χριστῷ
2840 4398 2929 4451 διὰ
2955 4399 3054 4469 τῆς
3082 4398 3221 4452 κατά
3247 4398 3345 4469 τὴν
3372 4397 3681 4468 παρθενίαν

408 4505 528 4558 qua?
556 4489 773 4545 Christo
826 4505 922 4559 per
972 4489 1302 4558 virginitatis
1361 4491 1770 4558 promissionem
1819 4507 1983 4559 copu-

407 4580 516 4648 lata
548 4592 653 4645 est,
685 4591 743 4635 ut
792 4597 911 4651 qua:
964 4584 1246 4653 sapientia:
1303 4591 1358 4637 et
1397 4580 1578 4636 Verbo
1632 4583 1980 4651 setnetipsam

407 4684 505 4736 per
535 4681 701 4725 totam
747 4672 915 4726 vitam
967 4673 1346 4742 desponderit,
1398 4674 1692 4742 sapientem
1732 4675 1982 4729 convenit

407 4777 471 4816 ac
503 4765 818 4832 prudentem
852 4779 996 4828 esse,
1024 4765 1097 4818 ita
1136 4775 1193 4819 ut
1246 4766 1423 4819 omnis
1464 4765 1680 4834 quidem
1739 4766 1981 4822 stultitia:

408 4862 463 4907 et
495 4853 815 4923 insipientia;
841 4856 1227 4924 turpitudinem
1256 4858 1511 4911 continua
1563 4872 1743 4911 rerum
1777 4860 1981 4913 divina-

407 4965 526 5003 rum
568 4949 916 5005 meditatione
941 4952 1144 5020 ejiciat,
1172 4952 1447 5022 sapientice
1504 4966 1682 5006 autem
1738 4956 1980 5024 pulchri-

410 5040 618 5105 tudine,
650 5040 737 5093 cui
762 5040 1045 5111 conjuncta
1082 5049 1188 5105 est,
1221 5052 1455 5095 mentem
1489 5050 1734 5096 exornet.
1776 5041 1909 5095 Nam
1944 5043 1988 5097 si

410 5133 496 5187 cui
538 5132 631 5187 alii
672 5134 832 5187 beato
869 5147 986 5187 esse
1009 5134 1306 5202 exuptanti,
1330 5131 1532 5188 Christi
1573 5148 1784 5202 sponsa:
1819 5134 1990 5187 maxi-

334 5252 337 5255 -
409 5242 494 5279 tne
527 5225 804 5290 convenit,
833 5225 1028 5280 animae
1077 5225 1439 5294 operationes,
1486 5241 1606 5293 quae
1648 5241 1746 5295 per
1798 5241 1991 5283 sensus

412 5319 567 5382 tiunt,
601 5332 630 5371 a
674 5317 836 5373 rebus
871 5316 1116 5371 externis
1150 5317 1216 5370 ad
1274 5314 1529 5369 interiora
1566 5314 1785 5368 mnuino
1837 5329 1990 5369 revo-

408 5419 646 5475 cantem,
674 5424 795 5463 cum
827 5423 1025 5478 sponso
1050 5408 1105 5462 in
1133 5406 1348 5461 arcanis
1385 5406 1582 5461 mentis
1638 5404 1908 5473 thalamis,
1932 5415 1990 5461 ut

477 5526 524 5593 f‘
548 5525 727 5580 Eccle.
760 5541 818 5591 ι,
846 5523 899 5578 4.
976 5523 1020 5556 ³⁷
1057 5522 1075 5577 Ι
1119 5522 1246 5578 Cor.
1282 5537 1355 5587 Vi,
1386 5521 1473 5584 16,
1510 5520 1595 5575 l7.

439 5643 607 5783 ‘19:;
610 5644 852 5769 νἐξώρου.
884 5644 976 5702 Sic
1006 5658 1136 5700 mss.
1169 5650 1221 5700 et
1254 5641 1417 5700 editio
1450 5639 1672 5699 Veneta.
1708 5640 1981 5701 Parisien-

460 5734 505 5782 ε,
702 5749 720 5769 ι

411 5731 505 5782 us,
539 5731 720 5782 μονον.

2086 4495 2433 4565 ὑποσχέσεως
2474 4492 2862 4564 ἁρμοσθεῖσαν,
2900 4491 2977 4555 ὡς
3025 4490 3092 4544 ἂν
3147 4490 3309 4560 σοφία
3358 4490 3453 4542 καὶ
3502 4490 3670 4560 Λόγῳ

2087 4585 2408 4657 ἑαυτὴνιδιά
2456 4585 2571 4657 βίου
2603 4583 3009 4655 νυμφεύουσαν,
3055 4582 3224 4653 σοφὴν
3270 4582 3536 4652 προσήκει
3581 4586 3679 4636 καὶ

2090 4678 2334 4750 ἔμφρονα
2356 4674 2494 4730 εἶναι
2514 4691 2527 4706 ·
2561 4676 2743 4746 πάσης
2775 4675 2874 4747 μὲν
2903 4673 3126 4742 ἀλογίας
3154 4690 3213 4726 τε
3244 4674 3337 4726 καὶ
3360 4673 3680 4744 ἀφροσύνης

2087 4769 2148 4822 τὸ
2175 4764 2361 4838 αἶσχος
2389 4767 2477 4820 διὰ
2524 4766 2782 4836 συνεχοῦς
2827 4765 2928 4836 τῆς
2977 4768 3035 4818 ἐν
3066 4768 3179 4827 τοῖς
3229 4763 3393 4827 θείοις
3439 4763 3679 4836 μελέτης

2088 4860 2471 4926 ὲκϐάλλουσαν,
2494 4859 2572 4931 τῷ
2595 4860 2652 4913 δὲ
2670 4859 2772 4929 τῆς
2797 4858 2989 4927 σοφίας
3017 4857 3227 4922 κάλλει,
3256 4849 3301 4924 ᾧ
3325 4858 3552 4928 ἥνωται,
3582 4859 3678 4910 τὸν

2087 4952 2211 5006 νοῦν
2249 4952 2649 5023 κοσμουμένην.
2712 4949 2929 5020 Ἐπειδὴ
2976 4950 3029 5001 εί
3063 4966 3169 5002 τινι
3220 4947 3365 5019 ἀλλῳ
3417 4951 3679 5020 μακαρίῳ

2087 5044 2370 5097 σπεύδοντι
2393 5040 2553 5108 εἶναι,
2584 5046 2653 5114 τῇ
2687 5041 2780 5096 τοῦ
2813 5040 3053 5110 Χριστοῦ
3088 5041 3319 5112 μάλιστα
3352 5040 3541 5113 νύμφῃ
3572 5044 3676 5113 ἀρο

2089 5135 2294 5205 μόττει,
2335 5136 2435 5198 τάς
2466 5135 2555 5189 διὰ
2585 5134 2692 5188 τῶν
2721 5132 3025 5204 αἰσθήσεων
3060 5134 3161 5203 τῆς
3186 5132 3363 5204 ψυχῆς
3393 5134 3677 5204 ἐνεργείας

2085 5227 2193 5280 ἀπὸ
2224 5226 2331 5281 τῶν
2364 5227 2561 5291 ἔξωθεν
2588 5226 2682 5279 ἐπὶ
2708 5226 2779 5280 τὰ
2809 5225 2918 5282 ἔσω
2943 5225 3070 5289 ὅλας
3114 5226 3228 5296 (97)
3266 5224 3512 5296 συνήθως
3556 5229 3679 5279 ἑπι-

2087 5316 2417 5390 στρέψασαν,
2446 5316 2524 5388 τῷ
2562 5316 2662 5387 μὲν
2697 5315 2917 5387 νυμφίῳ
2940 5316 3002 5367 ἐν
3040 5316 3373 5386 ἀπορρήτοις
3413 5313 3558 5369 κατά
3584 5317 3676 5369 τὴν

2084 5408 2211 5464 νοῦν
2245 5411 2491 5473 παστοῖς,
2534 5408 2612 5473 ὡς
2650 5405 2769 5478 Θεῷ
2816 5407 2977 5478 Λόγῳ
3018 5406 3107 5460 ἀεὶ
3137 5404 3367 5477 ὁμιλεῖν,
3410 5407 3471 5461 ὲν
3510 5405 3568 5461 δὲ
3598 5406 3678 5478 τῷ

2161 5642 2272 5710 (97)
2304 5642 2504 5717 "qtae
2536 5642 2627 5700 Sic
2679 5657 2818 5701 unus
2855 5656 2922 5699 ex
2955 5640 3143 5714 Regiis
3175 5638 3454 5717 codicibus
3483 5642 3679 5701 melius

2092 5728 2252 5785 quam
2282 5713 2433 5784 editi,
2459 5711 2574 5771 ὅλα.
