3802 6216
113 332 221 391 769

1324 318 1531 381 LIBER
1569 319 1660 379 DE
1696 320 2154 380 VIRGINITATE

3289 330 3395 388 770

109 449 269 520 νόμῳ
302 446 473 501 αύτου
514 445 744 518 μελετᾷν
794 442 1009 517 ἡμέρας
1054 459 1150 498 και
1191 443 1420 507 νυκτός*
1469 443 1565 497 καὶ
1600 445 1685 496 τοῖ

1838 454 1935 498 rum
1960 445 2072 499 Deo
2096 442 2292 510 Verbo,
2338 454 2554 515 semper
2580 447 2808 511 versari,
2836 453 2893 501 et
2916 444 2969 501 in
3002 458 3121 519 qus
3162 447 3251 504 die
3298 466 3396 508 no-

117 540 221 611 μὲν
251 539 663 610 νυμφαγωγοῖς,
699 537 853 608 νόμῳ
891 554 975 601 τε,
1017 535 1181 606 φημὶ,
1235 538 1327 589 καὶ
1368 533 1704 606 Εὑαγγελίῳ,

111 632 210 685 καὶ
241 631 296 684 ετ
319 644 405 694 τις
424 629 634 693 τούτοις
667 629 784 682 ἐστὶ
813 628 1112 699 σύμπνους,
1140 627 1201 681 τὸ
1229 627 1424 690 κάλλος
1446 626 1540 680 τοῦ
1575 645 1710 699 νυμ-

114 721 243 792 φίου
269 720 717 790 ἑκδιηγουμένοις
738 716 1124 789 εὐφραίνεσθαι
1145 732 1158 746 ·
1184 717 1305 779 ταῖς
1327 714 1383 767 δὲ
1409 713 1505 767 τοῦ
1528 715 1705 782 Λόγου

114 817 302 883 ἁγίαις
329 813 441 866 τῶν
473 813 763 883 νοημάτων
797 813 1003 879 γοναῖς,
1039 807 1260 878 λογικὴν
1293 807 1389 860 καὶ
1418 806 1587 877 σοφὴν
1622 806 1708 860 ἀεὶ

114 910 211 963 καὶ
249 908 453 979 μᾶλλον
486 905 864 977 εὑρίσκεσθαι,
900 905 1060 974 ἄχρις
1104 901 1168 954 ἂν
1204 903 1269 971 τῇ
1315 898 1451 970 πρὸς
1482 899 1580 969 τὴν
1617 914 1706 950 σο-

116 1002 246 1071 φίαν
277 1001 377 1070 ὅλη
406 999 472 1052 δι’
501 999 624 1051 ὅλου
655 996 866 1060 ἑνώσει,
897 996 954 1048 ἓν
983 994 1158 1063 τούτῳ
1187 986 1231 1060 ᾧ
1262 991 1586 1060 κεκόλληται
1617 1006 1705 1059 για-

113 1094 343 1164 νομένη,
374 1092 482 1145 ἀπὸ
518 1091 616 1161 μὲν
649 1087 892 1159 φθαρτοῦ
922 1088 1219 1157 ἄφθαρτος,
1243 1084 1350 1138 ἀπὸ
1376 1083 1433 1136 δὲ
1461 1082 1708 1153 ἀμαθοῦς

114 1163 346 1253 ἔμφρων
375 1198 457 1246 τε,
496 1180 659 1250 φημί,
695 1178 789 1232 καὶ
820 1175 958 1246 σοφὴ
981 1175 1058 1238 ὡς
1087 1172 1298 1245 πλευρὰ
1327 1172 1422 1225 τοῦ
1458 1172 1630 1239 Λόγου
1662 1163 1706 1237 ᾧ

114 1272 409 1344 ἐκολλήθη,
441 1273 536 1325 καὶ
567 1270 839 1324 συνελόντι
874 1269 1062 1337 φάναι,
1105 1265 1213 1319 ἀπὸ
1259 1263 1545 1335 ἀνθρώπου
1575 1263 1707 1326 Θεὸς

114 1365 405 1429 ἀθάνατος,
442 1364 518 1427 ὡς
544 1365 750 1425 ἐκεῖνος
780 1354 824 1429 ᾧ
849 1360 1077 1431 ἥνωται,
1129 1361 1243 1421 τοῖς
1286 1359 1451 1410 πᾶσιν
1491 1356 1703 1409 ἀναδει-

115 1458 241 1529 χθῇ.
295 1456 389 1520 Ὦς
423 1456 532 1526 γὰρ
563 1455 590 1507 6
620 1453 852 1525 νυμφίος
911 1452 1080 1522 αὐτῆς
1129 1447 1451 1503 καταλιπὼν
1482 1447 1706 1518 θρόνους

116 1551 212 1603 καὶ
260 1547 593 1619 κυριότητας
638 1544 781 1599 κατὰ
826 1543 887 1597 τὸ
931 1542 1125 1614 θνητὸν
1175 1541 1463 1613 ἐκολλήθη,
1511 1542 1599 1594 ἵνα
1647 1542 1706 1595 ὲν

115 1641 255 1709 αὐτῇ
284 1640 430 1691 κατὰ
466 1635 808 1708 συμπάθειαν
840 1632 1102 1704 γεγονὼς,
1132 1635 1212 1697 είς
1239 1632 1510 1686 ἀπάθειαν
1534 1632 1705 1704 αὐτὴν

113 1732 211 1803 τὴν
250 1732 450 1784 ἑαυτοῦ
494 1728 772 1802 μεταϐάλῃ
794 1743 808 1757 ο
841 1726 986 1781 οὕτω
1029 1726 1123 1780 καὶ
1157 1724 1296 1797 αὕτη
1326 1725 1404 1796 τῷ
1435 1725 1501 1777 δι’
1533 1722 1705 1794 αὐτὴν

114 1822 554 1893 ἀπεκδυσαμὲνῳ
586 1822 688 1884 τὰς
725 1819 900 1890 ἀρχὰς
947 1818 1042 1871 καὶ
1088 1817 1356 1882 ἐξουσίας,
1388 1817 1483 1870 καὶ
1513 1815 1704 1869 ἑαυτὸν

112 1918 223 1971 ἀπὸ
267 1916 483 1987 μορφῆς
533 1912 668 1967 Θεοῦ
708 1913 787 1975 είς
841 1911 1056 1982 μορφὴν
1093 1909 1281 1962 δούλου
1338 1907 1426 1961 διὰ
1479 1907 1541 1960 τὸ
1574 1907 1706 1979 περὶ

112 2009 211 2079 τὴν
262 2008 486 2078 νύμφην
535 2005 756 2075 φίλτρον
800 2001 1118 2061 κενώσαντι.
1163 1998 1305 2053 κατὰ
1345 1999 1407 2051 τὸ
1435 1998 1705 2052 ἀθάνατον

114 2099 480 2171 κεκολλῆσθαι
504 2096 732 2166 ὀφείλει,
755 2094 845 2147 ἵνα
876 2095 973 2147 καὶ
998 2094 1078 2155 είς
1106 2091 1198 2144 τὸν
1220 2091 1471 2162 οὐράνιον
1501 2090 1706 2143 παστὲν

116 2193 265 2265 αύτῷ
309 2194 450 2263 πρὸς
496 2191 585 2244 τὸν
637 2187 859 2258 Πατέρα
912 2185 1117 2239 ἀνιόντι
1168 2181 1486 2254 συνανέλθῃ.
1558 2181 1709 2235 Ἀντί

114 2288 332 2341 τούτου
365 2283 499 2353 γὰρ,
536 2280 691 2351 φησὶ,
732 2275 1083 2342 καταλείψει
1120 2272 1430 2341 ἄνθρωπος
1466 2273 1574 2324 τὸν
1599 2286 1709 2323 πα-

112 2378 256 2447 τέρα
291 2374 483 2430 αὐτοῦ
530 2372 629 2425 καὶ
664 2370 780 2438 τὴν
806 2367 1060 2439 μητέρα,
1109 2363 1207 2416 καὶ
1245 2361 1711 2432 προσκολληθή-

114 2484 285 2524 σεται
328 2465 407 2534 cii
451 2462 689 2535 γυναικὶ
719 2459 930 2522 αὐτοῦ,
967 2457 1066 2511 καὶ
1107 2458 1352 2509 ἔσονται
1395 2456 1450 2506 ol
1483 2452 1593 2505 δύο
1623 2456 1711 2519 εἰς

114 2561 314 2629 σάρκα
336 2560 506 2628 μίαν.
536 2557 713 2625 Ὅπερ
747 2548 1068 2622 ἑρμηνεύων
1099 2549 1126 2600 ὁ
1157 2548 1236 2608 εἰς
1270 2543 1579 2615 ἀφθαρσίαν
1618 2544 1711 2596 ἐπὶ

115 2652 266 2724 καλῷ
300 2647 847 2722 προμνηστευόμενος
876 2640 1099 2713 Χριστῷ
1129 2639 1227 2709 τὴν
1264 2637 1503 2708 νύμφην,
1540 2635 1673 2706 φησί
1694 2652 1707 2664 ο

121 2743 193 2799 Τὸ
212 2740 560 2812 μυστήριον
593 2735 770 2790 τοῦτο
794 2732 948 2802 μέγα
986 2731 1152 2784 ἐστί·
1186 2728 1343 2798 λέγω
1364 2727 1432 2780 δὲ
1459 2729 1546 2793 εὶς
1578 2729 1710 2794 Χρι-

114 2837 271 2891 στὸν
302 2834 402 2888 καὶ
427 2836 516 2899 εὶς
544 2831 656 2901 τὴν
697 2828 1088 2894 Ἐκκλησίαν.
1112 2825 1185 2878 Οὐ
1212 2823 1323 2894 γὰρ
1345 2820 1710 2893 κατελήλυθεν

115 2931 144 2982 6
196 2925 458 2999 Χριστὸς,
505 2923 595 2977 ἶνα
647 2917 1071 2993 προσκολληθεὶς
1116 2917 1182 2985 τῇ
1239 2915 1425 2985 νύμφῃ
1479 2914 1559 2976 είς
1605 2912 1709 2983 γῆν

116 3018 371 3089 ἀπομένῃ
398 3015 539 3087 (98)’
575 3012 689 3066 ἀλλ’
723 3011 808 3065 ἵνα
862 3004 1196 3080 παραλαϐὼν
1247 3006 1343 3058 καὶ
1385 3002 1709 3073 μεταϐαλὼν

115 3110 309 3180 αὐτὴν,
345 3108 411 3160 ἐκ
435 3104 540 3175 γῆς
569 3104 648 3165 είς
675 3101 939 3173 οὐρανοὺς
972 3097 1245 3168 ἀναγάγῃ.
1283 3094 1392 3147 Καὶ
1422 3095 1455 3164 ὴ
1486 3093 1708 3165 Χριστῷ

116 3197 512 3270 νυμφευθεῖσα,
543 3192 664 3262 ούχὶ
705 3190 959 3260 Ἰωάννην
988 3186 1101 3258 ἔχει
1135 3186 1272 3256 αὐτῇ
1305 3183 1440 3263 πρὸς
1472 3182 1541 3235 τὰ
1567 3199 1706 3252 νυμ-

117 3289 255 3361 φικᾶ
293 3284 500 3357 λουτρὰ
536 3284 693 3356 μόνον
733 3278 1198 3353 ὑπηρετούμενον,
1234 3275 1367 3329 ἀλλὰ
1405 3274 1500 3327 καὶ
1539 3272 1708 3342 ἀγγέ-

115 3381 241 3443 λους
273 3375 507 3447 ἁνιούσῃ
547 3375 628 3438 εἰς
656 3374 756 3446 τὴν
790 3372 884 3425 τοῦ
921 3369 1133 3440 Πατρὸς
1178 3367 1363 3421 ἑστίαν
1395 3366 1487 3419 τὸν
1521 3364 1712 3418 ἐπιθα-

116 3471 310 3541 λάμιον
342 3468 588 3540 ᾄδοντας.
613 3465 882 3536 Ἀφθορος
906 3460 999 3517 οὖν
1029 3462 1091 3516 οὐ
1119 3463 1186 3531 τῇ
1210 3460 1347 3532 πρὸς
1380 3458 1471 3513 τὸν
1499 3459 1711 3530 ἄφθαρ-

114 3579 202 3616 τον
226 3560 406 3628 Λόγον
442 3557 633 3611 ὲνὼσει
665 3559 699 3627 ἡ
741 3554 1011 3626 παρθένος
1048 3553 1198 3624 μένει
1234 3551 1414 3622 μόνον,
1451 3550 1589 3604 ἀλλὰ
1617 3551 1711 3603 καὶ

118 3652 256 3725 μετὰ
278 3652 382 3721 τὴν
410 3651 604 3702 ἕνωσιν
632 3648 862 3717 γίνεται.
892 3647 965 3700 Οὐ
992 3645 1103 3716 γὰρ
1137 3644 1213 3707 ὡς
1242 3646 1270 3697 6
1298 3643 1409 3696 τῶν
1438 3642 1710 3713 σωμάτων

108 3744 351 3816 νυμφίος
382 3741 482 3811 τὴν
524 3740 761 3811 ἄφθορον
811 3737 1080 3810 παρθένον
1126 3737 1194 3806 τῇ
1229 3734 1532 3805 νυμφεύσει
1558 3733 1710 3802 φθεί-

116 3855 223 3912 ρων
251 3838 493 3906 γυναῖκα
538 3835 711 3886 ποιεῖ·
748 3830 893 3884 οὕτω
940 3830 1036 3882 καὶ
1085 3830 1114 3881 6
1157 3827 1267 3880 τῶν
1313 3825 1503 3897 ψυχῶν
1552 3825 1709 3896 ἡμῶν

112 3930 350 4001 νυμφίος
379 3924 480 3997 τὴν
516 3923 753 3995 ἄφθορον
780 3921 958 3991 ψυχὴν
984 3921 1051 3990 τῇ
1098 3917 1235 3989 πρὸς
1266 3916 1427 3970 αὐτὸν
1458 3914 1710 3985 κοινωνίᾳ

112 4023 356 4093 φθείρων
412 4015 767 4089 νυμφεύεται.
841 4011 980 4065 Ἀλλ’
1039 4008 1392 4080 ἐφθαρμένην
1453 4005 1543 4060 διὰ
1599 4005 1708 4060 τῶν

114 4111 399 4186 σαρκικῶν
434 4108 635 4182 ἡδονῶν
659 4103 811 4177 παρὰ
836 4102 1086 4158 διαϐόλου
1119 4099 1321 4164 λαϐὼν,
1349 4097 1445 4152 καὶ
1473 4100 1708 4166 γυναῖκα

111 4205 277 4260 αὑτοῦ
314 4203 405 4257 διὰ
450 4204 549 4273 τῆς
596 4199 803 4269 φθορᾶς
843 4194 1030 4258 κακῶς
1074 4191 1397 4262 γενομένην,
1452 4191 1519 4261 τῇ
1570 4189 1708 4261 πρὸς

109 4298 277 4352 αὑτὸν
310 4292 571 4364 κοινωνίᾳ
601 4289 839 4359 ἄφθορον
864 4289 928 4340 ὲκ
953 4283 1213 4355 γυναικὸς
1243 4281 1513 4353 παρθένον
1542 4282 1702 4334 ποιεῖ.

110 4386 334 4454 Ταύτην
371 4382 482 4453 γὰρ
530 4380 631 4452 τὴν
682 4375 949 4449 μυστικὴν
991 4372 1392 4455 νυμφαγωγίαν
1428 4372 1578 4442 ἡμᾶς
1612 4371 1707 4424 καὶ

107 4478 197 4532 διὰ
226 4476 327 4529 τοῦ
355 4473 638 4544 προφήτου
664 4468 957 4531 παιδεύων,
987 4465 1125 4537 πρὸς
1146 4465 1244 4535 τὴν
1267 4462 1460 4517 ἑαυτοῦ
1490 4462 1708 4535 νύμφην

109 4568 298 4639 φησίν·
325 4565 451 4617 Οὐκ
478 4563 556 4627 ὡς
590 4556 757 4614 οἶκόν
775 4556 886 4630 (99)
911 4572 990 4625 με
1016 4554 1320 4619 ἐκάλεσας
1351 4552 1452 4607 καὶ
1481 4551 1709 4620 πατέρα

107 4663 205 4717 καὶ
233 4657 515 4729 ἀρχηγὸν
541 4654 654 4723 τῆς
681 4652 1009 4721 παρθενίας
1042 4665 1159 4703 σου
1175 4665 1195 4714 ;
1234 4648 1377 4701 Ὡσεὶ
1405 4646 1581 4715 ἔλεγε,
1612 4646 1708 4699 καὶ

107 4753 356 4826 ἀρχηγὸν
383 4750 483 4821 τῆς
512 4746 782 4819 ἀφθορίας
812 4761 929 4798 σου.
984 4743 1075 4806 Ὠς
1106 4740 1218 4812 γὰρ
1252 4738 1495 4810 ἀρχηγός
1522 4755 1582 4791 τε
1615 4739 1708 4791 καὶ

108 4848 295 4919 ἄρχων
321 4843 424 4914 τῆς
448 4840 589 4895 κατὰ
616 4839 717 4909 τὴν
745 4836 992 4909 γαμετὴν
1017 4833 1223 4905 φθορᾶς
1257 4833 1286 4885 6
1318 4830 1477 4902 ἀνὴρ,
1514 4828 1705 4900 κύριος

106 4939 280 5009 αὐτῆς
312 4933 405 4987 διὰ
449 4932 640 4987 τούτου
679 4929 991 5000 γινόμενος·
1021 4923 1196 4989 οὕτως
1229 4923 1471 4994 ἀρχηγός
1504 4937 1563 4974 τε
1605 4921 1703 4974 καὶ

105 5032 294 5103 ἄρχων
328 5027 429 5098 τῆς
475 5023 706 5077 ἑκάστου
733 5019 892 5093 ἡμῶν
933 5015 1203 5089 ἀφθορίας
1241 5015 1390 5067 ἐστὶν
1422 5015 1450 5067 6
1476 5010 1704 5103 Κύριος,

104 5122 194 5174 διὰ
218 5119 325 5188 τῆς
348 5115 617 5188 ἁφθορίας
634 5130 695 5166 τε
718 5113 925 5183 Κύριος
942 5109 1104 5182 ἡμῶν
1130 5105 1225 5160 καὶ
1247 5105 1348 5176 τὴν
1372 5102 1546 5175 ἀρχὴν
1570 5103 1703 5156 ἀνα-

105 5212 372 5281 δούμενος
397 5208 509 5279 (η’
545 5206 604 5261 ὃν
651 5204 748 5259 καὶ
779 5199 928 5257 οἶκον
971 5201 1055 5255 δεῖ
1105 5200 1208 5270 τῆς
1251 5194 1518 5268 ἀφθορίας
1548 5191 1709 5265 ἡμῶν

106 5300 499 5373 ἐπιγινώσκειν
544 5299 603 5351 ὲν
631 5295 783 5368 αὐτῷ
819 5294 1083 5367 μένοντας
1107 5290 1203 5346 καὶ
1235 5287 1543 5351 οἰκοῦντας,
1572 5284 1707 5339 διότι

1812 546 2010 606 ctuque
2052 536 2167 606 lege
2220 537 2493 601 meditari,
2522 545 2576 593 et
2620 539 2898 607 pronuhis,
2948 540 3121 611 legem
3165 542 3289 598 dico
3342 557 3394 600 et

1812 627 2161 698 Evangelium
2212 638 2267 680 et
2322 627 2367 682 si
2409 628 2531 697 quis
2595 628 2735 683 alius
2781 644 2904 683 cum
2963 632 3041 685 eis
3105 634 3392 701 consentit,

1812 720 2263 789 pulchritudinem
2317 721 2503 787 sponsi
2554 722 2933 777 enarrantibus
2984 723 3277 792 delectari,
3329 740 3394 781 ac

1810 813 2013 866 sanctis
2044 810 2201 867 Verbi
2254 813 2641 877 cogitationum
2704 810 2909 868 fetibus
2966 816 3281 870 rationalem
3329 832 3393 872 ac

1811 903 2110 969 sapientem
2147 918 2363 972 semper
2391 904 2562 973 magis
2601 904 2879 974 magisque
2914 906 3175 973 inveniri;
3223 908 3392 963 donec

1813 1002 1974 1047 totam
2007 1008 2065 1048 se
2098 1008 2219 1048 cum
2249 1003 2359 1048 tota
2390 995 2655 1064 sapientia
2705 995 3059 1064 conjungens,
3099 1011 3261 1049 unum
3297 998 3392 1051 liat

1809 1100 1930 1139 cum
1973 1101 2038 1140 eo
2071 1085 2158 1139 cui
2210 1085 2471 1150 adhaeret,
2520 1096 2683 1155 atque
2731 1100 2794 1138 ex
2834 1087 3164 1154 corruptibili
3212 1088 3391 1142 incor-

1809 1178 2099 1248 ruptibilis,
2159 1193 2226 1233 ex
2274 1179 2519 1248 imperita
2575 1178 2850 1247 prudens,
2900 1178 3138 1247 inquam,
3200 1194 3262 1235 ac
3304 1195 3393 1234 sa-

1810 1273 1988 1342 piens,
2021 1272 2165 1325 velut
2195 1280 2346 1324 costa
2375 1268 2538 1324 Verbi
2571 1271 2657 1323 cui
2685 1271 2947 1333 adhaeret,
2972 1285 3036 1323 ac
3067 1285 3173 1325 uno
3199 1273 3388 1338 verbo,

1809 1378 1876 1418 ex
1913 1365 2137 1418 homine
2168 1363 2310 1418 Deus
2339 1362 2684 1428 immortalis,
2713 1372 2968 1430 tanquam
2992 1362 3079 1415 ille
3102 1363 3186 1417 cui
3211 1364 3396 1417 adhae-

1813 1465 1918 1522 ret,
1951 1456 2206 1509 omnibus
2250 1456 2517 1508 videatur.
2577 1453 2711 1506 Nam
2760 1453 3210 1521 quemadmodum
3252 1455 3394 1510 illius

1807 1562 2064 1615 sponsus,
2100 1545 2305 1601 relictis
2364 1545 2577 1598 thronis
2631 1554 2683 1597 et
2728 1544 3203 1609 dominationibus,
3252 1545 3396 1600 illius

1808 1638 2120 1691 mortalitati
2158 1637 2518 1706 agglutinatns
2564 1646 2666 1701 est,
2701 1645 2759 1689 ttt
2823 1652 2989 1690 unum
3021 1652 3142 1692 cum
3172 1637 3259 1691 illa
3298 1653 3399 1708 per

1809 1728 2094 1784 aﬂectnttm
2128 1729 2439 1784 societatem
2491 1727 2687 1792 factus,
2719 1744 2840 1783 eam
2888 1739 3277 1785 transmutaret
3337 1732 3392 1785 in

1809 1835 1956 1873 suam
1990 1820 2158 1887 ipsius
2193 1816 2482 1873 aﬂectuum
2527 1820 2891 1883 vacuitatem;
2930 1819 3005 1874 ita
3036 1829 3091 1874 et
3121 1821 3234 1890 ipsa
3276 1821 3398 1891 ejus

1808 1911 2230 1975 immortalitati,
2271 1910 2361 1978 qui
2414 1919 2636 1980 propter
2673 1910 2818 1964 illam
2864 1912 3015 1965 exuit
3064 1912 3395 1983 principatus

1806 2009 1862 2053 et
1886 2009 2199 2069 potestates,
2235 2009 2290 2055 et
2313 2000 2660 2070 semetipsum
2701 2015 2768 2054 ex
2823 1999 2995 2054 forma
3032 2003 3121 2056 Iiei
3161 2005 3228 2055 ad
3284 2003 3396 2057 for-

1810 2104 1952 2142 mam
1983 2090 2123 2143 servi
2156 2090 2226 2144 ob
2265 2104 2507 2143 amorem
2538 2104 2748 2156 sponsae
2786 2090 3085 2144 exinanivit
3109 2092 3172 2157 ³⁸,
3210 2092 3389 2147 adhae-

1819 2196 1944 2235 rere
1974 2182 2153 2246 debet,
2188 2190 2247 2235 ut
2274 2191 2328 2236 et
2357 2182 2408 2234 in
2446 2182 2720 2236 caelestem
2755 2182 3048 2235 thalamum
3081 2197 3202 2237 cum
3232 2198 3296 2237 eo
3323 2183 3391 2238 ad

1808 2268 2027 2325 Patrem
2082 2274 2409 2345 ascendente
2453 2271 2613 2326 simul
2688 2276 2961 2327 ascendat.
3023 2271 3246 2342 Propter
3295 2275 3397 2328 hoc

1809 2364 1967 2427 enim,
2006 2362 2203 2430 inquit,
2240 2360 2492 2431 relinquet
2525 2361 2677 2413 homo
2728 2368 2930 2429 patrem
2975 2376 3127 2415 suum
3174 2370 3219 2413 et
3275 2376 3394 2414 ma-

1810 2469 1961 2519 trem,
1997 2466 2042 2509 et
2080 2454 2370 2508 adhwrebit
2408 2453 2565 2506 uxori
2598 2469 2727 2517 saw,
2762 2460 3015 2521 eruntque
3056 2453 3160 2507 duo
3194 2452 3249 2505 in
3279 2468 3399 2505 car-

1812 2566 1874 2603 ne
1911 2565 2017 2601 una
2052 2547 2119 2599 ³³.
2168 2540 2320 2612 Quod
2371 2546 2590 2615 quidem
2654 2546 3019 2615 interpretans
3056 2546 3120 2609 is,
3177 2545 3266 2613 qui
3328 2546 3399 2599 ad

1812 2638 2272 2706 incorruptionem
2329 2637 2546 2690 virtutis
2604 2650 2767 2690 causa
2822 2636 3118 2705 despondet
3178 2633 3400 2690 Christo

1814 2745 2092 2801 sponsam,
2124 2729 2245 2781 ait:
2299 2726 2611 2797 Mysterium
2645 2728 2742 2780 hoc
2795 2743 3040 2797 magnum
3093 2736 3169 2781 est
3213 2743 3233 2782 :
3278 2729 3403 2782 dico

1813 2835 1988 2877 autem
2019 2823 2074 2875 in
2103 2820 2369 2875 Christum
2393 2829 2440 2873 et
2463 2820 2520 2873 in
2551 2817 2841 2873 Ecclesium
2870 2819 2943 2874 ⁸⁰.
2976 2817 3092 2873 Non
3126 2820 3269 2873 enim
3300 2819 3398 2873 de-

1814 2915 2024 2970 scendit
2051 2913 2320 2977 Christus,
2359 2920 2419 2964 ut
2450 2911 2770 2980 conjunctus
2810 2925 2935 2965 cum
2976 2925 3172 2978 sponsa
3214 2924 3399 2965 mane-

1816 3015 1900 3060 ret
1930 3007 1983 3059 in
2033 3017 2197 3067 terra,
2226 3005 2320 3059 sed
2373 3013 2434 3057 ut
2476 3017 2759 3057 assumens
2795 3012 2849 3057 et
2880 3010 3245 3067 transmutans
3275 3016 3398 3056 eam

1736 3127 1781 3185 ο
1816 3112 1847 3151 e
1886 3096 2051 3151 terris
2078 3097 2131 3150 in
2158 3095 2325 3150 caelos
2358 3095 2664 3149 reduceret.
2693 3093 2757 3146 Et
2780 3108 2899 3162 quae
2921 3093 3136 3149 Christo
3165 3096 3403 3165 despon.

1816 3195 1931 3239 sata
1962 3192 2065 3248 est,
2109 3199 2215 3238 non
2254 3182 2515 3237 Joannem
2566 3182 2736 3236 solum
2777 3182 2940 3236 habet
2986 3183 3086 3237 sibi
3124 3183 3190 3237 ad
3236 3199 3400 3254 spon-

1816 3277 1950 3330 salia
1987 3276 2198 3329 lavacra
2240 3275 2657 3338 ministrantem,
2684 3274 2779 3328 sed
2815 3273 2976 3327 etiam
3035 3274 3255 3345 angelos
3282 3276 3401 3344 epi-

1820 3365 2133 3420 thalamium
2176 3365 2228 3417 in
2270 3363 2450 3419 Patris
2478 3364 2694 3418 domum
2755 3364 3065 3419 ascendenti
3118 3376 3399 3423 canentes.

1817 3456 2130 3526 Incorrupta
2164 3455 2325 3525 igitur
2371 3470 2478 3509 non
2512 3455 2684 3510 solum
2730 3457 2881 3525 virgo
2924 3468 3227 3525 permanet,
3270 3458 3400 3513 dum

1818 3548 2163 3617 conjungitur
2208 3563 2331 3601 cum
2382 3548 2779 3615 incorruptibili
2836 3550 3034 3612 Verbo,
3084 3551 3178 3609 sed
3233 3551 3400 3605 etiam

1818 3649 2102 3709 postquam
2145 3639 2435 3707 conjuncta
2464 3646 2566 3692 est.
2597 3636 2712 3692 Non
2739 3639 2906 3706 enim,
2938 3641 3395 3709 quemadmodum

1819 3743 2105 3798 corporum
2160 3744 2393 3797 sponsus
2427 3729 2797 3797 incorruptam
2845 3732 3106 3802 virginem
3154 3732 3403 3802 coniugio

1817 3836 2190 3888 corrumpens,
2226 3822 2504 3874 mulierem
2565 3821 2724 3875 fecit:
2755 3822 2827 3875 ita
2859 3832 2914 3876 et
2948 3823 3250 3877 animarum
3305 3839 3400 3879 no-

1816 3925 2050 3969 strarum
2079 3912 2489 3985 suspensus
2522 3913 2887 3982 incorruptam
2913 3915 3401 3985 virginem,secum

1817 4004 2190 4073 coniungendo
2242 4019 2620 4075 corrumpens,
2659 4005 2966 4076 desponsat.
3013 4008 3119 4063 Sed
3169 4011 3404 4066 carnali-

1815 4096 1916 4151 bus
1969 4097 2336 4166 Voluptatibus
2389 4111 2419 4150 a
2484 4097 2701 4151 diabolo
2735 4110 3043 4169 corruptam
3107 4104 3399 4174 accipiens,

1814 4189 2039 4258 ejusque
2084 4202 2309 4243 uxorem
2365 4202 2528 4256 prave
2573 4187 2768 4252 factam
2820 4205 2918 4260 per
2965 4195 3393 4263 corruptionem,

1815 4296 1999 4334 secum
2034 4279 2411 4346 conjungendo
2452 4281 2818 4349 incorruptam
2851 4299 2918 4337 ex
2966 4285 3191 4341 muliere
3237 4286 3404 4357 virgi-

1816 4384 1937 4424 nem
1967 4368 2119 4424 facit.
2173 4369 2301 4424 Hasc
2331 4371 2475 4424 enim
2511 4372 2743 4442 mystica
2787 4374 3056 4442 sponsalia
3098 4389 3197 4430 nos
3235 4377 3401 4431 etiam

1816 4474 1912 4528 per
1952 4459 2268 4527 prophetam
2309 4458 2562 4522 edocens,
2616 4460 2685 4514 ad
2729 4475 2882 4515 suam
2931 4462 3099 4532 ipsius
3142 4478 3399 4533 sponsam

1813 4553 1888 4605 ait
1923 4569 1937 4604 :
1978 4552 2168 4605 Nonne
2193 4560 2248 4603 ut
2284 4552 2497 4604 domum
2527 4568 2607 4606 me
2638 4555 2859 4617 vocasti,
2887 4565 2935 4608 et
2968 4567 3172 4623 patrem
3216 4567 3264 4610 et
3297 4557 3403 4610 du-

1810 4658 1922 4696 cem
1972 4643 2291 4712 virginitatis
2344 4654 2451 4697 tute
2493 4642 2580 4697 “?
2622 4643 2785 4710 Quasi
2845 4646 3070 4710 diceret,
3111 4657 3169 4701 ut
3210 4649 3402 4703 ducent

1813 4735 2233 4804 incorruptionis
2289 4745 2415 4789 ture.
2480 4735 2944 4802 Quemadmodum
2991 4740 3136 4793 enim
3195 4740 3303 4796 dux
3349 4750 3406 4796 et

1812 4829 2062 4897 princeps
2096 4827 2257 4881 illatre
2292 4827 2447 4882 uxori
2479 4828 2844 4898 corruptionis
2873 4830 2954 4883 vir
2996 4839 3100 4896 est,
3151 4831 3405 4887 doruinus

1811 4920 1953 4975 illius
1981 4920 2052 4975 ob
2078 4935 2197 4975 eam
2238 4935 2351 4974 rem
2378 4919 2575 4984 factus;
2599 4920 2672 4975 ita
2691 4921 2801 4975 dux
2833 4931 2888 4976 et
2919 4922 3170 4991 princeps
3209 4926 3402 4979 unius-

1811 5010 2074 5081 cujusque
2149 5020 2395 5066 nostrum
2469 5011 2894 5081 incorruptionis
2966 5011 3228 5069 Dominus
3296 5024 3403 5070 est.

1812 5102 1947 5157 Nam
1991 5116 2092 5171 per
2135 5103 2594 5172 incorruptionem
2654 5112 2842 5157 noster
2888 5103 3148 5159 Dominus
3205 5115 3290 5161 est
3342 5123 3408 5163 ac

1813 5196 2120 5265 principatu
2179 5192 2509 5250 redimitur:
2556 5208 2717 5264 quem
2751 5194 2915 5250 etiam
2957 5204 3017 5248 ut
3046 5196 3264 5251 domum
3324 5199 3410 5251 in-

1816 5284 2185 5356 corruptionis
2244 5293 2446 5340 nostra:
2492 5285 2767 5341 debemus‘
2808 5300 3130 5357 agnoscere.
3183 5289 3239 5344 in
3289 5291 3408 5362 ipso

177 5467 229 5502 ⁸⁸
257 5453 493 5537 Philipp.
522 5479 587 5532 tt,
609 5462 665 5530 6,
689 5461 746 5516 7.
825 5457 871 5492 ³⁹
898 5453 1034 5513 Gen.
1072 5470 1134 5521 ιι,
1174 5452 1269 5508 24.
1343 5450 1389 5484 ⁸⁸
1416 5448 1615 5521 Ephes.
1659 5462 1687 5501 ι’

1908 5442 1949 5473 ⁵³
1978 5438 2177 5496 Jcrem.
2202 5453 2287 5504 nt,
2319 5436 2370 5493 4.

179 5631 301 5703 (98)
337 5624 652 5703 Ἆ,πομένῃο
684 5612 1600 5703 Macati.totaeetswiitaa-

182 5680 537 5775 Cirta.
581 5680 760 5750 ﬂonet
789 5680 1277 5775 Nphiiiusgdlegiin
1330 5680 1602 5740 ιιδιιιιιῖιιίε
1638 5680 1703 5737 ιε.

104 5758 248 5835 bris.
281 5758 507 5837 οἰκεῖον,
537 5777 787 5836 tanquam
815 5758 1182 5816 domesticum.

1879 5603 1958 5677 (i)
2010 5602 2457 5677 Ἀναδούμενος.
2480 5602 2585 5677 48ἰο
2612 5616 2715 5672 ope
2750 5602 2913 5677 trium
2943 5601 3411 5677 codicumemen-

1809 5670 2056 5754 daviimts
2091 5670 2337 5728 vitiosam
2372 5670 2662 5731 lectionem
2693 5673 2989 5744 vulgatam,
3015 5670 3405 5747 ἀναδυόμενος,

1809 5760 2086 5814 tmpertum
2123 5760 2366 5801 renuens.
