3802 6216
440 290 544 352 771

1406 289 1752 347 APPENDIX
1795 286 2088 348 OPERUM
2126 290 2185 348 8.
2229 290 2478 349 BASILll
2516 292 2757 349 MAGM.

3626 318 3735 377 ’1ῖὲ

444 423 727 471 manentes
755 419 809 466 et
833 409 1165 475 habitantes,
1195 407 1323 481 quia
1360 406 1431 464 In
1463 411 1575 479 ipso
1613 411 1830 466 uiuimus
1853 419 1900 465 et
1924 426 1994 464 m¢

2174 412 2246 464 Er
2274 409 2437 476 αὑτῷ
2469 408 2655 481 ζῶμεν
2673 409 2773 465 καὶ
2809 410 3133 481 κινούμεθα
3162 410 3263 465 καὶ
3290 410 3503 481 ἐσμὲν,
3537 411 3626 464 ἵνα
3644 414 3721 473 ὡς

443 521 623 561 remur
643 514 693 558 et
722 519 902 558 sumus
934 501 1004 569 “,
1041 502 1181 555 utin
1215 515 1281 556 eo
1308 508 1564 572 tanquam
1606 502 1660 557 in
1710 502 1874 556 domo
1919 501 2027 555 vir-

447 598 578 651 tutis
602 595 781 650 onmis
808 604 864 649 et
892 593 1316 664 incorruptionis
1355 608 1449 663 per
1478 602 1642 647 totam
1674 593 1839 647 vitam
1871 594 2028 649 habi-

445 700 638 751 tantes.
692 702 796 741 non
849 686 1160 741 excidamus
1220 687 1551 756 incorruptis
1604 685 1746 740 illius
1801 685 2022 741 laribus.

443 780 906 847 Quemadmodum
955 780 1099 833 enim
1132 779 1341 834 habitat
1375 789 1430 833 et
1454 779 1689 833 ambulat
1722 780 1775 833 in
1826 780 1892 834 iis
1932 780 2024 849 qui

442 875 588 943 digni
614 881 737 927 sunt
770 874 837 935 ”,
875 873 953 927 sic
982 873 1146 926 etiam
1194 887 1384 926 rursus
1412 872 1503 941 qui
1535 872 1682 939 digni
1718 883 1844 926 sunt
1877 874 1928 926 in
1959 889 2025 929 eo

445 964 706 1017 habitant.
746 963 1038 1032 Proluerea
1088 978 1208 1040 cum
1238 977 1336 1017 nos
1368 964 1679 1018 assumitex
1715 966 1898 1018 mundi
1932 981 2025 1019 ne-

438 1056 601 1125 gotiis
623 1055 689 1108 ad
732 1069 856 1108 eum
893 1054 1170 1108 venientes
1198 1063 1253 1109 et
1284 1056 1337 1108 in
1366 1070 1432 1109 eo
1474 1055 1801 1120 habitantes,
1842 1060 2024 1126 provi-

437 1150 570 1202 dens
600 1147 888 1215 quominus
915 1147 1194 1212 cadamus,
1223 1145 1302 1199 ait
1337 1163 1351 1199 :
1399 1144 1614 1199 Manete
1649 1147 1703 1200 in
1731 1163 1832 1213 me,
1858 1159 1904 1202 et
1928 1165 2021 1219 ego

435 1238 492 1295 in
531 1237 670 1292 vobis
699 1236 768 1291 “.

504 1327 737 1384 51.‘Sie
785 1337 961 1382 autem
1016 1344 1136 1383 cum
1184 1337 1238 1383 et
1291 1329 1514 1398 reliquis
1554 1331 1718 1385 rebus
1750 1345 2015 1401 magnum

434 1421 692 1491 quiddam
716 1434 770 1473 et
790 1421 1284 1490 splemlidissimum
1318 1422 1604 1490 virginitas
1633 1422 2008 1492 intelligatur;

434 1512 523 1566 hic
548 1512 660 1581 jam
691 1512 1114 1566 resurrectionis
1160 1523 1213 1567 et
1241 1513 1664 1583 incorruptibilis
1691 1514 1814 1568 vita:
1834 1530 2016 1569 semen

431 1605 700 1673 quoddam
742 1604 1092 1673 purissimum
1146 1619 1268 1658 esse
1313 1603 1643 1658 ostenditur.
1678 1603 1813 1658 Nam
1849 1607 1894 1659 si
1956 1607 2011 1658 in

431 1695 833 1750 resurrectione
864 1710 1037 1765 neque
1069 1696 1278 1749 nubunt
1329 1710 1505 1765 neque
1560 1695 1870 1761 nubuntur,
1918 1697 2013 1751 sed

430 1797 559 1841 sunt
583 1787 727 1841 sicut
749 1788 1204 1858 angeli,fientque
1241 1789 1334 1842 ﬁlii
1363 1789 1456 1842 Dei
1482 1788 1528 1820 "
1559 1807 1573 1842 :
1604 1790 1695 1859 qui
1734 1790 2012 1858 virginita-
2050 1767 2087 1819 Β

432 1887 540 1934 tem
573 1877 800 1943 colunt,
833 1879 1004 1948 angeli
1064 1888 1225 1942 sunt,
1260 1879 1312 1932 in
1373 1879 1704 1946 incorruptis
1758 1881 2012 1933 carnibus

427 1971 717 2024 humanam
760 1969 926 2023 vitam
956 1969 1405 2024 circumferentes
1430 2011 1446 2037 ,
1475 1986 1650 2038 neque
1682 1970 1858 2040 angeli
1889 1973 2013 2038 qui-

426 2058 552 2113 dam
576 2059 790 2113 obscuri
817 2100 832 2125 ,
866 2060 963 2114 sed
1008 2059 1167 2113 valde
1209 2061 1473 2128 insignes.
1510 2060 1644 2114 Nam
1676 2076 1797 2114 cum
1833 2062 2009 2130 angeli

426 2152 546 2205 sine
575 2151 832 2206 carnibus
861 2152 912 2204 in
965 2151 1106 2207 cmlo
1162 2152 1670 2221 incorruptionem,
1711 2153 1763 2206 in
1790 2152 1907 2208 loco
1959 2165 2013 2207 et

425 2251 617 2296 natura
673 2242 994 2308 inviolabili,
1042 2246 1180 2313 apud
1213 2259 1484 2297 summum
1532 2245 1773 2299 omnium
1826 2262 2010 2316 regem

422 2332 594 2388 Deum
627 2336 972 2402 custodiant;
1021 2336 1106 2389 isti
1138 2336 1188 2389 in
1233 2346 1380 2390 terra
1430 2338 1614 2391 carnis
1643 2339 2011 2408 voluptatibus

422 2424 613 2496 agitati
645 2464 660 2490 ,
692 2434 748 2478 et
784 2426 1069 2481 tentationi
1104 2425 1304 2480 diaboli
1334 2427 1569 2495 expositi
1617 2429 1880 2497 aequalem
1909 2445 2009 2482 an-

422 2518 558 2586 gelis
589 2519 1050 2587 incorruptionem
1084 2534 1181 2588 per
1205 2518 1465 2573 virtutem
1503 2519 1755 2574 Creatori
1786 2522 2011 2574 mirabi-

422 2607 528 2663 lius
556 2619 927 2664 servaverunt.
960 2609 1059 2664 llic
1084 2621 1269 2664 autem
1305 2612 1541 2666 maxime
1572 2612 1847 2682 virginum
1900 2615 2001 2667 ad-

422 2700 668 2754 miranda
704 2701 896 2767 virtus,
933 2703 1076 2771 quod
1103 2718 1227 2757 cum
1262 2702 1497 2758 femineo
1527 2705 1880 2758 circumdata:
1899 2706 2008 2759 sint

422 2802 679 2856 corpore,
732 2789 1057 2858 impressam
1092 2804 1156 2844 ex
1198 2805 1264 2845 eo
1291 2793 1484 2844 animae
1521 2794 1748 2846 furn‘iam
1794 2795 2006 2849 virtutis

419 2880 809 2935 exercitatione
879 2883 1180 2951 repulerint
1218 2922 1234 2946 ,
1294 2864 1640 2951 mqizalesque
1710 2886 2002 2949 masculis,

419 2974 878 3041 quemadmodum
906 2985 962 3028 et
994 2977 1180 3031 anima
1228 2979 1465 3046 aequales
1488 2987 1690 3033 creata:
1718 2989 1877 3043 sunt,
1911 2995 2005 3048 per

419 3066 673 3119 virtutem
713 3066 1023 3123 videantur.
1059 3068 1126 3123 Et
1159 3070 1618 3138 quemadmodum
1671 3070 1744 3123 illi
1772 3086 1870 3139 per
1894 3072 2002 3124 vir—

419 3154 552 3208 tutis
605 3157 1057 3212 exercitationem
1117 3172 1185 3212 ex
1218 3159 1531 3214 hominibus
1567 3161 1620 3212 in
1676 3160 1997 3228 angelorum

415 3246 663 3301 ordinem
701 3256 1024 3312 transeunt;
1054 3248 1125 3301 ita
1150 3259 1205 3303 et
1236 3249 1368 3318 ipsa:
1390 3250 1585 3319 aequali
1611 3250 1829 3304 virtutis
1850 3265 1999 3305 exer-

417 3334 682 3391 citatione
711 3352 780 3392 ex
811 3338 1134 3394 mulieribus
1166 3342 1220 3393 in
1253 3340 1498 3394 eamdem
1547 3354 1612 3394 ac
1647 3340 1724 3393 illi
1759 3341 2000 3410 dignita-

418 3436 525 3484 tem
551 3429 930 3495 traducuntur,
959 3431 1033 3485 ita
1063 3441 1119 3486 ut
1145 3446 1266 3487 cum
1295 3432 1347 3485 in
1373 3431 1625 3500 praesenti
1661 3432 1767 3485 vita
1793 3447 2001 3486 mascu-

416 3522 485 3577 lis
518 3524 736 3592 quidem
773 3524 955 3579 anima
985 3525 1229 3595 aequales
1251 3525 1363 3579 sint
1382 3563 1396 3588 ,
1423 3524 1516 3579 sed
1545 3526 1613 3579 ob
1638 3523 1854 3579 feminei
1876 3539 2000 3579 cor-

414 3616 562 3684 poris
597 3616 860 3670 amictum
907 3616 959 3670 ἰὴ
998 3596 1313 3686 aequalitate
1355 3617 1688 3680 claudicent,
1718 3615 1770 3669 in
1816 3614 1999 3670 futuro

414 3705 615 3761 saeculo
664 3708 902 3776 aequales
936 3710 1164 3764 omnino
1211 3724 1310 3779 per
1336 3709 1593 3762 virtutem
1631 3707 1753 3773 his,
1784 3708 1876 3777 qui
1902 3723 2000 3761 an-

414 3798 517 3869 geli
545 3796 672 3853 facti
703 3798 930 3864 fuerint,
966 3809 1021 3853 et
1054 3800 1182 3868 ipsa:
1211 3799 1579 3869 reperiantur.
1605 3797 1741 3852 Nam
1793 3799 1838 3855 si
1871 3813 1996 3854 cum

412 3890 649 3959 aequales
699 3891 904 3961 angelis
949 3891 1317 3956 declarantur,
1352 3905 1526 3961 neque
1570 3891 1779 3945 nubunt
1822 3905 1999 3960 neque

414 3982 727 4051 nubuntur;
763 3997 886 4053 quae
935 3983 990 4038 in
1026 3983 1278 4053 prmsenti
1322 3983 1430 4037 vita
1482 3983 1701 4036 virtutis
1727 3983 1998 4038 exercita-

414 4070 563 4125 tione
596 4071 648 4125 id
680 4083 1117 4142 consequuntur,
1146 4071 1237 4126 hic
1254 4072 1368 4141 jam
1401 4068 1641 4139 aequales
1667 4068 1875 4139 angelis
1905 4083 1996 4123 se-

412 4164 671 4233 metipsas
719 4166 964 4219 omnium
1006 4163 1215 4234 judicio
1260 4162 1525 4218 exhibent
1569 4180 1583 4216 :
1634 4162 1834 4230 quippe
1869 4176 1994 4214 cum

410 4269 707 4324 corporeas
738 4257 965 4312 masculi
989 4267 1046 4312 et
1069 4254 1288 4310 femina:
1322 4256 1389 4308 ad
1425 4254 1775 4308 concubitum
1819 4252 1987 4324 635

409 4345 773 4415 proprietates
802 4344 1003 4400 virtute
1032 4354 1305 4410 resecent,
1335 4357 1401 4398 ac
1424 4343 1587 4397 nudis
1621 4341 1913 4397 animabus
1941 4345 1991 4396 in

2127 496 2273 556 οἷκον
2305 502 2467 556 αὑτὸν
2498 503 2703 576 ἀρετῆς
2736 503 2956 574 ἀπάσης
3002 502 3097 557 καὶ
3129 503 3442 574 ἀφθαρσίας
3479 502 3571 556 διά
3606 503 3709 572 βίοι

2125 595 2421 661 οἰκοῦντες,
2462 598 2538 668 μὴ
2585 597 2943 667 ἐκπίπτωμεν
2976 596 3079 666 τῆς
3122 598 3181 650 ὲν
3230 595 3383 667 αὐτῷ
3429 596 3580 650 κατά
3620 595 3715 664 τὴν

2126 687 2434 759 ἀφθαρσίαν
2463 688 2667 751 ἑστίας.
2713 689 2801 752 Ὡς
2829 688 2939 759 γὰρ
2986 689 3186 741 ἐνοικεῖ
3216 688 3311 741 καὶ
3344 689 3719 758 ὲμπεριπατεῐ

2124 784 2236 844 τοῖς
2267 780 2459 844 ἀξίοις,
2492 779 2635 834 οὕτω
2682 780 2845 832 πάλιν
2885 782 2936 832 οἱ
2982 778 3126 846 ἄξιοι
3168 780 3226 831 ὲν
3273 777 3452 849 τούτῳ
3482 779 3716 833 οἰκοῦσι.

2125 871 2216 923 Διὸ
2253 871 2348 923 καὶ¹
2390 870 2519 923 ὅταν
2561 868 2703 941 λάϐῃ
2753 870 2901 939 ἡμᾶς
2945 870 3008 921 ὲκ
3036 868 3143 921 τῶν
3179 867 3321 921 κατά
3369 867 3461 921 τὸν
3507 868 3717 939 κόσμον

2126 962 2469 1034 πραγμάτων
2501 961 2843 1024 εἰσελθόντας
2870 963 2949 1024 εἰς
2979 961 3140 1014 αὑτὸν
3174 960 3268 1015 καὶ
3302 961 3360 1012 ὲν
3400 961 3553 1029 αὐτῷ
3585 978 3719 1013 κατ·

2124 1054 2424 1118 οικοῦντας,
2437 1053 2533 1107 τοῦ
2563 1053 2915 1106 ἀνεκπτὼτου
2943 1052 3101 1122 ἡμῶν
3118 1051 3540 1124 προνοούμενος,
3558 1049 3717 1123 φησί’

2121 1146 2375 1200 Μείνατε
2404 1146 2473 1198 ἐν
2502 1145 2655 1213 ἐμοὶ,
2692 1142 2854 1213 κάγὼ
2878 1142 2946 1197 ἐν
2974 1142 3137 1212 ὑμῖν.

2190 1317 2278 1371 5|.
2316 1316 2473 1371 Οὕτω
2498 1316 2555 1370 δὲ
2598 1316 2692 1371 καὶ
2724 1319 2838 1379 τοῖς
2865 1315 3071 1379 λοιποῖς
3116 1314 3289 1369 ἀπασι
3332 1314 3476 1384 μέγα
3515 1330 3571 1366 τι
3614 1310 3718 1367 καὶ

2123 1409 2515 1480 ὑπέρλαμπρον
2565 1410 2797 1479 πρᾶγμα
2849 1410 2883 1479 ἡ
2936 1407 3205 1479 παρθενία
3241 1406 3554 1477 νοούμενον,
3608 1406 3711 1475 τῆς

2119 1501 2537 1570 παλιγγενεσίας
2569 1500 2649 1553 ἔτι
2692 1502 2786 1553 καὶ
2827 1500 2922 1553 τοῦ
2965 1499 3246 1569 ἀφθάρτου
3298 1498 3415 1569 βίον
3461 1496 3720 1551 ἐντεῦθεν

2118 1591 2220 1661 ἤδη
2281 1590 2504 1661 σπέρμα
2558 1608 2612 1644 τι
2648 1590 2887 1662 καθαρὺν
2944 1590 3347 1643 ἀποδείκνυται.
3399 1590 3463 1642 Εἰ
3500 1588 3617 1660 γὰρ
3659 1591 3720 1641 ἐν

2116 1685 2183 1752 τῇ
2223 1683 2519 1736 ἀναστάσει
2578 1681 2703 1735 οὔτε
2761 1682 3001 1753 γαμοῦσι
3049 1681 3172 1735 οὔτε
3221 1680 3550 1754 γαμίζονται
3600 1681 3719 1750 (2),

2116 1775 2229 1828 ἀλλ’
2259 1776 2398 1828 εἰσιν
2447 1776 2522 1839 ὡς
2569 1774 2822 1845 ἄγγελοι,
2869 1776 2964 1829 καὶ
3012 1778 3335 1847 γενήσονται
3383 1775 3491 1827 υἱοὶ
3536 1774 3717 1829 Θεοῦ·

2115 1869 2163 1920 οἱ
2200 1867 2274 1937 (3)
2330 1867 2429 1938 τὴν
2482 1868 2784 1939 παρθενίαν
2831 1867 3129 1932 ἀσκοῦντες
3182 1868 3401 1938 ἄγγελοί
3445 1869 3612 1931 εἰσιν,
3662 1870 3723 1922 ὲν

2115 1960 2411 2030 ἀφθάρτοις
2442 1959 2516 2030 (4)
2567 1959 2727 2031 σαρξὶ
2767 1959 2856 2013 τὸν
2901 1959 3009 2013 τῶν
3037 1959 3342 2031 ἀνθρώπων
3384 1958 3498 2030 βίον
3549 1976 3720 2031 περι-

2116 2052 2429 2115 πολοῦντες
2454 2052 2548 2106 καὶ
2593 2052 2816 2121 ἄγγελοι
2855 2054 2955 2106 οὐκ
2988 2054 3193 2124 ἄσημοι
3239 2069 3404 2116 τινες,
3448 2052 3588 2106 ἀλλά
3623 2052 3723 2106 καὶ

2114 2143 2320 2215 σφόδρα
2364 2144 2813 2212 ἐπιφανέστατοι.
2856 2144 2979 2197 Ὅτι
3027 2145 3254 2198 ἐκείνων
3303 2145 3434 2200 ἄνευ
3488 2145 3722 2216 σαρκῶν

2111 2236 2254 2289 κατά
2286 2236 2378 2288 τὸν
2424 2236 2653 2306 οὐρανὸν
2686 2235 2785 2305 τὴν
2823 2234 3138 2307 ἀφθαρσίαν
3176 2236 3271 2289 καὶ
3320 2236 3397 2306 (5)
3428 2235 3582 2306 τόπῳ
3621 2235 3720 2290 καὶ

2110 2325 2355 2397 ἀδιάστῳ
2394 2326 2556 2395 φύσει
2587 2326 2740 2398 παρά
2771 2325 2851 2396 τῷ
2881 2326 3219 2398 παμϐασιλεῖ
3258 2326 3367 2379 τῶν
3416 2324 3557 2378 ὅλων
3592 2324 3721 2391 Θεῷ

2112 2419 2510 2489 φυλαττόντων,
2538 2413 2684 2474 οὗτοι
2717 2418 2809 2471 ἐπὶ
2839 2418 2943 2488 γῆς
2975 2417 3179 2489 σαρκὸς
3212 2417 3426 2488 ἡδοναῖς
3459 2418 3720 2488 ἐνοχλού-

2115 2530 2296 2582 μενοι,
2342 2513 2438 2567 καὶ
2466 2515 2532 2583 τῇ
2587 2512 2756 2583 πείρᾳ
2803 2511 2898 2565 τοῦ
2939 2510 3187 2564 διαϐόλου
3240 2510 3578 2581 ὲκκείμενοι,
3614 2511 3722 2582 τὴν

2109 2605 2416 2677 ἀφθαρσίαν
2449 2605 2736 2672 ἱσάγγελον
2767 2604 2837 2656 δι’
2866 2603 3072 2676 ἀρετῆς
3100 2602 3179 2674 τῷ
3211 2605 3420 2673 Ποιητῇ
3468 2602 3721 2673 παραδο-

2109 2694 2327 2764 ξότερον
2351 2693 2696 2764 διεφύλαξαν.
2735 2692 2910 2746 Ἔνθα
2939 2695 3034 2747 καὶ
3071 2693 3307 2764 μ’άλιστα
3337 2693 3400 2746 τὸ
3430 2693 3543 2747 τῶν
3579 2712 3722 2765 παρ-

2109 2786 2280 2839 θένων
2310 2786 2377 2839 ἄν
2408 2803 2491 2849 τις
2530 2785 2724 2849 κάλλος
2764 2785 3118 2855 θαυμάσειεν,
3155 2787 3238 2839 ὅτι
3288 2784 3424 2855 θῆλυ
3458 2787 3719 2857 περικεί-

2112 2894 2269 2947 μεναι
2303 2877 2486 2948 σῶμα,
2518 2877 2616 2948 τὴν
2646 2878 2745 2949 μὲν
2773 2879 2837 2929 ὲκ
2865 2877 3055 2930 τούτου
3093 2878 3456 2947 ἐγγινομένην
3492 2879 3718 2949 μορφὴν

2104 2972 2172 3039 τῇ
2203 2970 2348 3040 ψυχῇ
2397 2970 2486 3024 διὰ
2535 2972 2634 3041 τῆς
2686 2971 2973 3041 ἀσκήσεως
3014 2970 3466 3043 ἀπεκρούσαντο·
3506 2970 3627 3024 ἴσαι
3656 2972 3715 3025 δὲ

2111 3061 2224 3121 τοῖς
2247 3058 2460 3130 ἄρρεσι,
2492 3058 2747 3129 καθάπερ
2780 3055 2873 3112 οὖν
2909 3058 3021 3111 ἴσαι
3051 3060 3144 3112 καὶ
3182 3059 3282 3130 τὴν
3305 3057 3485 3130 ψυχὴν
3518 3060 3719 3130 εποιήο

2111 3149 2305 3219 θησαν,
2352 3150 2441 3203 διὰ
2487 3149 2589 3219 τῆς
2634 3150 2837 3220 ἀρετῆς
2910 3151 3278 3222 ἀνεφάνησαν.
3335 3151 3446 3207 Καὶ
3518 3150 3716 3221 ὥσπερ

2109 3242 2306 3293 ἐκεῖνοι
2352 3240 2419 3293 δι’
2464 3241 2751 3313 ἀσκήσεως
2797 3239 2859 3305 ἐξ
2905 3240 3118 3312 ἀνδρῶν
3168 3242 3248 3305 εἰς
3301 3241 3402 3312 τὴν
3452 3241 3714 3309 ἀγγέλων

2107 3330 2258 3395 τάξιν
2312 3330 2654 3402 μετέϐησαν’
2696 3331 2839 3385 οὕτω
2881 3332 2978 3385 καὶ
3032 3326 3212 3396 αὗται,
3251 3330 3342 3384 διὰ
3378 3334 3483 3403 τῆς
3538 3334 3715 3404 ἀσχή-

2109 3444 2269 3491 σεως,
2296 3428 2361 3480 ἐκ
2390 3426 2664 3496 γυναικῶν
2693 3429 2774 3492 εἰς
2804 3428 2866 3482 τὸ
2900 3428 3031 3481 αὐτὸ
3060 3430 3246 3491 αὐτοῖς
3274 3428 3498 3499 ἀξίωμα
3542 3448 3715 3500 μετα-

2107 3518 2294 3584 ϐᾶσαι,
2332 3520 2408 3585 ὡς
2450 3521 2508 3573 ὲν
2565 3519 2645 3591 τῷ
2676 3520 2907 3591 παρόντι
2961 3519 3083 3591 βίῳ,
3118 3523 3183 3591 τῇ
3224 3521 3324 3587 μὲν
3378 3522 3533 3594 ψυχῇ
3588 3525 3713 3588 ῐσας

2104 3613 2218 3675 τοῖς
2246 3612 2473 3683 ἄρρεσιν
2506 3610 2694 3675 οὔσας,
2719 3614 2786 3683 τῇ
2816 3611 2875 3664 δὲ
2915 3610 3010 3664 τοῦ
3047 3610 3240 3682 θήλεος
3268 3611 3537 3683 περιϐολῇ
3572 3615 3711 3686 rpb;

2104 3704 2204 3775 τὴν
2252 3705 2475 3776 ἰσότητα
2506 3703 2847 3775 χωλευούσας
2867 3742 2882 3767 ,
2926 3702 3071 3756 κατά
3104 3704 3197 3756 τὸν
3232 3703 3501 3773 μέλλοντα
3533 3706 3712 3761 αἰῶνα

2107 3796 2228 3861 ίσας
2275 3796 2417 3850 κατά
2450 3797 2628 3850 πάντα
2660 3795 2728 3848 δι’
2755 3796 2958 3867 ἀρετῆς
2997 3797 3111 3858 τοῖς
3157 3795 3413 3863 ἀγγέλοις
3450 3798 3713 3866 γεγονόσι

2103 3889 2200 3943 καὶ
2232 3888 2402 3951 αὑτὰς
2434 3886 2745 3958 εὑρεθῆναι.
2778 3888 2841 3940 Εἰ
2876 3887 2982 3959 γὰρ
3026 3889 3107 3941 ὅτι
3156 3888 3433 3957 ἰσάγγελοι
3469 3891 3705 3945 ἀποδεί⁹

2103 3996 2360 4046 κνυνται,
2405 3978 2531 4032 οὔτε
2575 3979 2845 4050 γαμοῦσιν
2893 3978 3018 4032 οὔτε
3069 3980 3420 4050 γαμίζονται,
3450 3982 3513 4034 αἱ
3562 3984 3714 4038 κατὰ

2101 4070 2195 4123 τὸν
2228 4070 2474 4141 παρόντα
2507 4068 2622 4140 βίον
2651 4069 2810 4123 τοῦτο
2835 4069 2903 4122 δι’
2930 4071 3218 4141 ἀσκήσεως
3249 4071 3710 4143 κατορθώσασαι,

2105 4157 2356 4212 ἐντεῦθεν
2389 4159 2491 4230 ἤδη
2535 4159 2857 4227 ἰσαγγέλους
2894 4160 3095 4222 ἑαυτὰς
3128 4162 3241 4224 τοῖς
3276 4163 3443 4215 πᾶσιν
3477 4162 3712 4216 ἀπέδει-

2105 4251 2231 4317 ξανο
2264 4252 2364 4316 τάς
2406 4252 2506 4323 μὲν
2552 4251 2645 4305 τοῦ
2686 4251 2878 4324 θήλεός
2919 4270 2981 4306 τε
3016 4254 3111 4306 καὶ
3154 4253 3384 4326 ἄρρενος
3417 4255 3559 4325 πρὸς
3605 4258 3711 4320 τὰς

2105 4344 2299 4415 μίξεις,
2343 4346 2518 4414 φημὶ,
2567 4342 2677 4397 τῶν
2735 4344 3002 4415 σωμάτων
3060 4345 3329 4415 ἰδιότητας
3379 4346 3449 4399 δι’
3496 4349 3709 4420 ἀρετῆς

410 4444 557 4490 terra
587 4450 713 4491 cum
755 4435 1077 4491 hominibus
1117 4443 1430 4490 versentur.
1464 4433 1620 4501 Quod
1644 4433 1689 4487 si
1715 4433 1896 4487 anima
1925 4449 1991 4488 ex

2174 4433 2491 4504 τέμνουσαι,
2525 4436 2762 4505 γυμναῖς
2801 4434 2858 4487 δὲ
2889 4435 3089 4506 ψυχαῖς
3128 4436 3271 4490 κατά
3303 4436 3411 4506 γῆν
3445 4442 3565 4502 τοῖς
3607 4441 3707 4493 ἀν-

407 4543 662 4599 eorpore,
692 4530 745 4584 in
774 4543 883 4599 quo
914 4530 1083 4599 degit,
1111 4528 1262 4584 nullo
1294 4528 1595 4598 voluptatis
1630 4541 1793 4582 sensu
1818 4541 1997 4595 neque

407 4636 536 4692 erga
568 4637 774 4676 marem
802 4637 978 4691 neque
1007 4637 1137 4692 erga
1165 4621 1425 4674 feminam
1449 4619 1518 4672 ad
1550 4618 1994 4688 perturbationes

407 4713 752 4781 informatur,
788 4728 895 4768 non
920 4715 1033 4782 jam
1064 4724 1154 4768 est
1182 4711 1458 4767 masculus
1504 4720 1561 4765 et
1596 4708 1798 4764 femina
1831 4747 1847 4773 ,
1886 4723 1991 4762 non

407 4804 746 4873 perturbatio
777 4812 832 4858 et
871 4805 1161 4874 voluptas;
1196 4802 1291 4858 sed
1341 4801 1525 4859 omnia
1559 4810 1612 4856 et
1643 4801 1696 4854 in
1738 4799 1992 4854 omnibus

404 4896 654 4952 Christus
690 4895 758 4961 “,
784 4896 981 4967 quippe
1028 4912 1152 4953 cum
1205 4906 1422 4951 mortua
1455 4894 1674 4965 quidem
1702 4893 1814 4947 sint
1869 4905 1993 4946 cor-

404 5002 539 5057 pora
603 4989 674 5045 ob
738 4999 1043 5044 cessantem
1093 4997 1148 5044 et
1193 4989 1431 5044 Otiosam
1494 4986 1563 5041 ad
1623 4983 1989 5055 proprietates

405 5079 636 5135 masculi
680 5088 737 5135 et
767 5078 983 5136 feminae
1012 5081 1348 5151 voluptatem
1378 5120 1394 5146 ,
1426 5077 1542 5134 sola
1591 5085 1773 5130 autem
1804 5075 1988 5128 anima

407 5169 720 5241 incorrupte
787 5184 885 5240 per
938 5174 1197 5228 virtutem
1251 5171 1306 5226 in
1374 5171 1460 5225 his
1514 5167 1839 5238 corporibus
1892 5165 1989 5221 de-

402 5264 512 5326 gat.

470 5387 520 5422 “
545 5390 667 5448 Act.
697 5389 936 5457 “11,28.
975 5390 1054 5423 ‘”
1077 5389 1119 5446 ll
1146 5388 1273 5447 Cor.
1301 5404 1378 5456 v1,
1406 5391 1494 5446 16.
1569 5388 1617 5422 ⁸³
1639 5387 1798 5446 Joan.
1836 5405 1927 5458 xv,
1950 5391 2007 5446 4.

472 5526 550 5601 (2)
587 5525 958 5601 Γαμέζοντται.
983 5527 1321 5601 ϐίοίῠεηίηυε
1342 5526 1531 5601 codex,
1562 5528 1965 5601 ὲγγαμίζονται.

471 5598 551 5668 (5)
594 5601 677 5653 Ol.
707 5599 885 5653 Editio
913 5599 1233 5652 l‘arisiensis
1259 5599 1536 5669 praemittit
1562 5601 1676 5664 καί,
1701 5598 1820 5669 quae
1846 5618 1979 5656 con-

398 5665 604 5738 iunctio
637 5681 690 5720 et
731 5669 783 5738 in
807 5684 936 5722 mss.
965 5669 1115 5723 deest
1142 5679 1197 5722 et
1218 5665 1274 5722 in
1300 5667 1501 5738 Veneta
1533 5665 1794 5724 editione.

472 5738 550 5808 (4)
595 5736 947 5807 Ἀερθάρτοις.
985 5738 1077 5794 Sic
1119 5740 1282 5795 editio
1319 5737 1521 5795 Veneta
1566 5756 1685 5796 eum
1726 5741 1976 5797 omnibus

2103 4524 2342 4596 θρώποις
2380 4524 2640 4589 συζῶσαι.
2685 4526 2750 4578 Εἰ
2778 4525 2836 4579 δὲ
2874 4524 3001 4579 οὔτε
3042 4526 3183 4598 πρὸς
3226 4527 3289 4580 τὸ
3333 4528 3529 4600 ἄρρεν,
3574 4529 3704 4583 οὔτε

2102 4616 2239 4688 πρὸς
2274 4616 2338 4671 τὸ
2367 4616 2500 4687 θῆλυ
2536 4617 2679 4670 κατὰ
2707 4617 2808 4687 τὴν
2857 4618 3210 4689 συναίσθησιν
3251 4619 3354 4690 τῆς
3397 4623 3457 4673 ὲν
3503 4614 3552 4689 ᾧ
3581 4625 3700 4675 ἐστι

2101 4709 2352 4779 σώματος
2392 4707 2590 4780 ἡδονῆς
2622 4710 2656 4778 ἡ
2684 4707 2829 4779 ψυχὴ
2863 4708 3002 4780 πρὸς
3043 4708 3114 4762 τά
3165 4708 3314 4781 πάθη
3359 4711 3699 4781 μορφοῦται,

2098 4801 2202 4854 οὐκ
2230 4800 2310 4856 ἔνι
2343 4800 2516 4873 ἄρρεν
2557 4802 2654 4854 καὶ
2682 4801 2838 4873 θῆλυ,
2868 4803 2970 4856 οὐκ
2995 4802 3075 4855 ενι
3121 4802 3295 4866 πάθος
3343 4804 3439 4857 καὶ
3483 4804 3658 4875 ἠδονὴ
3681 4822 3695 4835 ⁸

2085 4892 2223 4947 ἀλλὰ
2253 4894 2432 4947 πάντα
2460 4893 2557 4946 καὶ
2584 4895 2643 4948 ὲν
2676 4895 2813 4947 πᾶσι
2840 4893 3099 4967 Χριστὸς,
3128 4894 3560 4965 νενεκρωμὲνων
3598 4897 3698 4967 μὲν

2081 4984 2194 5038 τῶν
2230 4985 2500 5055 σωμάτων
2541 4984 2633 5039 διὰ
2673 4986 2775 5057 τῆς
2807 4987 3173 5058 ἀνενεργήτου
3229 4986 3367 5058 πρὸς
3416 4986 3488 5040 τά
3545 4988 3697 5042 ἰδιώ·

2087 5094 2235 5148 ματα
2268 5078 2362 5131 τοῦ
2394 5095 2454 5131 τε
2494 5078 2724 5151 epam;
2754 5078 2851 5130 καὶ
2886 5077 2982 5131 τοῦ
3029 5077 3222 5150 θήλεος
3251 5077 3471 5151 ἡδονῆς,
3519 5081 3696 5150 μόνης

2080 5167 2139 5221 δὲ
2175 5169 2275 5240 τῆς
2304 5169 2483 5242 ψυχῆς
2530 5173 2590 5223 ὲν
2632 5168 2916 5244 ἀφθαρσίᾳ
2955 5170 3028 5224 δι’
3068 5172 3273 5244 ἀρετῆς
3318 5167 3582 5243 συζῶσης
3632 5174 3694 5225 ἐν

2077 5261 2314 5326 τούτοις.

2084 5394 2130 5427 ⁸³
2155 5394 2349 5451 Matth.
2384 5412 2520 5465 χιιι,
2552 5395 2644 5456 50.
2741 5396 2788 5429 “
2826 5394 2951 5453 Gal.
2975 5411 3059 5463 ut,
3085 5394 3179 5453 28.

2088 5550 2223 5607 mss.
2262 5534 2614 5607 Parisiensis,
2638 5533 2992 5607 εὐφθάρτοις.

2158 5604 2399 5691 (Silari.
2430 5599 2753 5678 COujunctio
2777 5599 2961 5677 addita
2985 5621 3052 5663 ex
3083 5619 3213 5662 mss.
3237 5613 3292 5661 et
3310 5603 3550 5677 editione
3572 5599 3677 5661 Ve-

2086 5688 2231 5732 uela.
