3802 6216
117 305 241 363 775

1339 296 1546 354 LIBER
1580 297 1671 353 ne
1706 270 2215 379 vincimus;

3277 281 3388 339 ττι

194 414 291 471 52.
332 410 448 469 Καὶ
487 409 747 467 ἁπτέσθω
781 408 880 482 μὲν
908 410 944 482 ὴ
984 406 1209 480 τοιαύτη
1253 407 1348 462 τοῦ
1387 407 1718 479 θεράποντος

1888 408 1979 464 52.
2002 409 2081 462 Ac
2126 404 2247 460 talis
2274 401 2488 474 quidem
2536 397 2722 472 sponsi
2760 396 3022 454 famulum
3055 404 3284 468 tangat,
3313 397 3388 451 si-

113 506 219 561 τοῦ
260 503 496 577 νυμφίου
516 519 531 534 ο
574 504 631 556 εί
654 517 718 571 γε
749 502 824 573 μὴ
856 500 936 555 ἔτι
966 500 1032 572 ζῇ
1064 501 1234 572 αὐτῆς
1263 501 1321 554 ὲν
1353 500 1514 574 σαρκὶ
1560 503 1593 573 ἡ
1621 500 1716 555 τοῦ

118 598 325 670 θήλεος
370 597 553 669 ἡδονή.
587 594 892 663 Δεξιούσθω
939 595 997 649 δὲ
1027 595 1319 659 ἀπλάστως
1366 595 1458 648 τὸν
1490 596 1719 667 ἀδελφὸν

116 689 270 743 κατὰ
300 689 401 760 τὴν
444 687 667 758 ἐντολὴν
698 685 795 740 τοῦ
824 686 1055 757 Κυρίου,
1087 687 1213 748 τοὺς
1251 686 1417 749 πόδας
1455 687 1719 740 νίπτουσα

116 782 361 835 τούτου’
413 780 574 836 ἄλλον
628 778 951 850 ἐπιμελείας
1004 778 1257 849 δεόμενον
1306 778 1716 850 θεραπεύουσα,

119 873 183 923 ὲν
228 873 456 942 νεκραῖς
495 871 618 933 ταῖς
645 868 738 922 τοῦ
772 869 1024 939 σώματος
1054 869 1213 941 χερσὶ
1247 868 1441 942 νεκροῦ
1485 868 1579 923 τοῦ
1616 869 1720 922 σώ-

124 980 305 1032 ματος
339 962 645 1033 ἁπτομένη.
682 961 900 1032 Ἐπειδὴ
928 961 1037 1031 γὰρ
1077 961 1349 1033 ὲνέκρωσε
1381 961 1450 1015 τὰ
1482 961 1615 1032 μέλη
1650 961 1721 1016 τὰ

121 1054 222 1105 ἐπὶ
266 1053 375 1123 τῆς
420 1052 558 1123 γῆς,
609 1052 703 1106 καὶ
747 1049 814 1123 ζῇ
855 1051 1038 1105 οὐκέτι
1070 1052 1228 1122 αὐτὴ,
1274 1050 1339 1123 ζῇ
1388 1052 1445 1105 δὲ
1492 1053 1550 1104 ὲν
1583 1054 1718 1124 αὐτῇ

120 1146 391 1218 Χριστὸς,
420 1144 450 1198 ὃ
476 1144 534 1198 δὲ
560 1143 656 1198 νῦν
682 1144 749 1216 ζῇ
781 1147 839 1197 ὲν
891 1145 1076 1214 σαρκὶ,
1119 1145 1176 1196 ἐν
1208 1145 1388 1197 πίστει
1416 1144 1483 1216 ζῇ
1504 1162 1516 1175 ο
1551 1162 1722 1217 πρατ-

121 1239 273 1293 τέτω
302 1238 378 1292 τὰ
404 1239 503 1309 τῆς
531 1238 753 1310 ἀρετῆς,
784 1235 1021 1308 Χριστοῦ
1053 1236 1211 1307 μόνον
1241 1236 1441 1302 ζῶντος
1471 1239 1528 1290 ὲν
1559 1239 1719 1309 αὐτῇ,

127 1331 225 1384 καὶ
251 1331 328 1383 τὰ
366 1328 473 1382 ίδια
495 1327 868 1400 ἐνεργοῦντος,
902 1327 1417 1398 συνεσταυρωμένον
1449 1329 1516 1398 τῇ
1546 1329 1725 1397 ἁμαρ-

122 1422 220 1495 τίᾳ
274 1420 504 1493 Χριστῷ
560 1421 657 1474 καὶ
706 1419 900 1491 νεκρὸν
968 1420 1340 1491 περιφέρουσα
1395 1419 1576 1489 σῶμα.
1615 1419 1725 1472 Καὶ

128 1513 433 1585 πραττέτω
458 1512 529 1567 τὰ
568 1514 671 1583 τῆς
712 1511 935 1583 ἐντολῆς
975 1511 1071 1565 τοῦ
1105 1512 1361 1583 νυμφίου,
1403 1511 1491 1565 διὰ
1544 1512 1725 1581 πάσης

127 1605 395 1677 πράξεως
427 1604 488 1658 τὸ
520 1604 621 1675 τῆς
649 1603 825 1674 ψυχῆς
865 1603 1061 1667 κάλλος
1087 1602 1461 1675 λαμπρότερον
1494 1602 1725 1672 ἀναφαί-

127 1714 327 1751 νουσα.
357 1697 526 1749 Ὅταν
574 1695 682 1767 γὰρ
720 1694 1025 1765 ἁπτομένου
1066 1692 1161 1747 τοῦ
1195 1694 1445 1765 σώματος
1479 1694 1553 1766 μὴ
1585 1712 1723 1764 συμ-

128 1788 285 1859 πάθῃ
340 1788 375 1856 ἡ
421 1785 568 1857 ψυχὴ
621 1785 756 1856 πρὸς
806 1785 906 1857 τὴν
962 1784 1057 1837 τοῦ
1109 1786 1338 1856 ἄῤῥενος
1392 1786 1717 1853 φαντασίαν,

127 1880 247 1935 ἀλλ’
286 1878 635 1949 ἀναισθήτως
665 1876 867 1948 τρόπον
914 1876 1037 1930 τινὰ
1093 1877 1329 1947 ἅπτηται
1367 1876 1588 1943 τούτου,
1632 1894 1721 1930 νε-

126 1972 244 2043 κρὰ
286 1971 442 2041 μένει
470 1973 527 2024 ἐν
552 1969 726 2040 τούτῳ
751 1971 782 2041 ἡ
810 1969 992 2040 ἡδονὴ,
1031 1970 1092 2022 οὐ
1122 1969 1423 2039 δυναμένου
1451 1968 1544 2022 τοῦ
1588 1968 1722 2034 ἔξω·

126 2064 226 2118 θεν
256 2061 572 2134 ἁπτομένου
611 2061 780 2132 αὐτὴν
814 2062 952 2133 πρὸς
984 2061 1044 2114 τὸ
1065 2063 1262 2115 οἰκεῖον
1293 2060 1461 2125 πάθος
1490 2063 1717 2133 ἐγεῖραι.

129 2156 294 2210 Οὕτω
343 2157 454 2227 γὰρ
496 2155 589 2208 καὶ
622 2156 680 2207 ἐν
722 2157 834 2218 τοῖς
879 2155 1138 2225 διωγμοῖς
1183 2154 1388 2209 ἔκδοτοι
1441 2155 1719 2227 παρθένοι,

127 2247 222 2301 διὰ
262 2248 369 2318 τὴν
403 2247 534 2318 περὶ
577 2246 669 2300 τὸν
714 2247 946 2317 νυμφίον
992 2246 1175 2300 πίστιν
1209 2247 1463 2301 ἀσεϐέσιν
1509 2246 1721 2318 ἀνθρώ-

128 2357 258 2403 ποις
293 2339 556 2399 δοθεῖσαι,
601 2338 635 2409 ἢ
684 2337 777 2391 καὶ
818 2339 885 2391 τὰ
920 2339 1151 2409 σώματα
1197 2338 1427 2410 ἄφθοροι
1467 2337 1723 2407 διεφυλά-

128 2431 367 2503 χθησαν,
406 2429 503 2483 τοῦ
536 2430 602 2483 δι’
638 2429 696 2483 ὃν
730 2429 936 2483 ἔκδοτοι
988 2430 1243 2499 γενέσθαι
1302 2430 1615 2500 ὑπέστησαν
1662 2429 1724 2483 τὸ

128 2522 244 2576 τῶν
281 2521 502 2575 ἀσεϐῶν
529 2521 739 2592 ἀνδρῶν
780 2521 1118 2593 ἐπιχείρημα
1152 2525 1210 2575 ἐν
1253 2524 1372 2586 ταῖς
1406 2522 1596 2594 σαρξὶν
1626 2525 1723 2577 αὐ-

128 2611 243 2666 τῶν
268 2612 469 2682 νεκρὸν
503 2610 923 2681 ἀπελέγξαντος,
967 2613 1061 2666 καὶ
1086 2612 1298 2684 ἄφθορα
1326 2613 1525 2677 αὐτῶν,
1557 2631 1629 2686 φη
1640 2614 1721 2684 μὶ,

135 2705 236 2759 καὶ
265 2703 344 2758 τὰ
377 2703 611 2775 σώματα
659 2704 799 2776 μετὰ
829 2704 1115 2776 τεραστίου
1168 2705 1450 2776 δυνάμεως
1491 2706 1556 2759 δι’
1602 2707 1724 2761 ὅλου

132 2793 510 2864 φυλάξαντος·
542 2794 576 2865 ἢ
605 2795 1036 2867 ὲπιχειρηθεῖσαι
1068 2797 1141 2869 μὴ
1173 2796 1564 2868 συμπαθούσης
1589 2798 1726 2870 πρὸς

133 2886 238 2958 τὴν
279 2885 481 2956 ἡδονὴν
529 2886 631 2956 τῆς
662 2886 861 2958 ψυχῆς,
905 2886 1076 2959 νεκρὰ
1125 2887 1202 2959 (6)
1247 2889 1341 2942 καὶ
1381 2889 1450 2942 τὰ
1498 2876 1726 2960 σώματα

135 2979 366 3033 ἐδόκουν
395 2977 736 3049 ὑϐρίζεσθαι,
765 2979 1000 3049 ἄφθορον
1034 2979 1132 3050 τὴν
1163 2980 1363 3051 ψυχὴν,
1392 2981 1451 3034 οὐ
1482 2998 1728 3054 συμμορ-

138 3068 429 3140 φουμένην
454 3071 521 3140 τῇ
563 3068 656 3122 τοῦ
704 3069 1012 3142 ὑϐρίζοντος
1044 3070 1227 3142 ἡδονῇ,
1266 3071 1344 3142 τῷ
1382 3073 1600 3143 νυμφίῳ
1635 3075 1728 3127 καὶ

140 3161 333 3215 πίστει
365 3161 460 3213 καὶ
488 3160 756 3234 παρθενίᾳ
786 3162 1162 3233 λαμπρότερον
1205 3163 1569 3231 ἐπιδείξασαν
1609 3165 1732 3236 βου-

139 3252 409 3325 ληθέντος
450 3253 579 3318 ῑσως
624 3255 682 3307 ὲν
722 3255 905 3319 αὐτοῖς
938 3255 1309 3320 ἐπιδείξασθαι
1361 3257 1457 3310 τοῦ
1500 3260 1732 3331 Κυρίου,

136 3346 227 3400 δτι
260 3346 367 3417 τὴν
399 3346 484 3409 εἰς
519 3345 685 3400 αὐτὸν
726 3347 1019 3417 ὁμολογίαν
1053 3348 1361 3419 προτιμῶσι
1410 3351 1610 3414 παντὸς
1638 3350 1733 3404 τοῦ

139 3438 276 3507 περὶ
340 3437 501 3507 σῶμα
554 3437 752 3508 σεμνοῦ
814 3439 1178 3510 φαινομένου·
1225 3439 1350 3495 οὔτε
1417 3440 1515 3512 τὴν
1559 3442 1734 3515 ψυχὴν

142 3527 289 3600 πρὸς
337 3529 439 3599 τὴν
483 3528 711 3600 ἄρνησιν
763 3529 1085 3602 φθείρασαι,
1131 3531 1254 3585 οὔτε
1290 3532 1362 3586 τὰ
1401 3532 1631 3603 σώματα
1666 3535 1735 3588 δι’

139 3613 221 3675 ὧν
248 3619 316 3671 οὐ
352 3618 732 3690 συνεπάθησαν
757 3624 824 3693 τῇ
876 3621 1035 3694 ἡδονῇ
1086 3622 1208 3677 καθ’
1252 3623 1375 3678 ὅλου
1420 3624 1730 3697 φθαρεῖσαι.

138 3711 212 3765 Εἴ
247 3727 315 3779 γε
368 3712 443 3783 μή
497 3728 582 3775 τις
620 3712 714 3766 τὸν
760 3711 868 3766 ὑπὸ
919 3714 1151 3767 ὲκτόπου
1210 3715 1410 3784 μανίας
1464 3715 1733 3789 παρθένον

138 3804 599 3875 ἑσφαγιασμένην
656 3802 899 3876 ὑϐρίζειν
954 3805 1279 3877 βουλόμενον
1347 3809 1590 3881 φθείρειν
1645 3810 1735 3865 διὰ

135 3897 245 3967 τῆς
291 3896 434 3968 πρὸς
483 3895 581 3967 τὴν
628 3898 831 3968 νεκρὰν
884 3898 1083 3970 μίξεως
1134 3898 1357 3965 λέξειεν.
1414 3902 1732 3967 Αἰκίζεσθαι

141 3988 248 4060 μὲν
276 3988 389 4059 γὰρ
417 3987 483 4042 ἂν
505 3987 722 4043 δύναιτο
745 3990 972 4062 ταύτην,
999 3991 1243 4063 φθείρειν
1272 3992 1330 4046 δὲ
1372 3993 1543 4062 αὐτὴν
1585 3993 1735 4047 οὐδέ-

137 4095 279 4132 ποτε
316 4078 419 4149 (7).
454 4079 679 4133 Ἑαυτὸν
725 4079 825 4151 μὲν
867 4081 977 4152 γὰρ
1011 4081 1223 4152 φθείρει
1276 4084 1371 4137 καὶ
1411 4082 1728 4155 φθείρεται’

138 4171 387 4242 ἄφθορος
422 4169 481 4225 δέ
524 4173 671 4225 ἐστιν
706 4175 740 4242 ἡ
792 4173 1061 4246 παρθένος
1103 4175 1280 4246 ψυχῆς
1313 4176 1388 4248 μὴ
1428 4177 1730 4247 παρούσης.

136 4258 219 4335 ’ᾘ
252 4265 446 4333 ὅμοιαι
497 4265 555 4317 αἱ
606 4265 664 4316 ἐν
718 4267 830 4329 τοῖς
884 4265 1145 4337 διωγμοῖς
1198 4268 1290 4321 καὶ
1353 4267 1496 4322 κατὰ
1550 4270 1732 4323 πᾶσαν

139 4358 473 4431 περίστασιν
533 4357 624 4410 ὑπ’
676 4357 886 4431 ἀνδρῶν
962 4359 1345 4431 ἐνοχλούμεναι
1369 4400 1385 4426 ,
1440 4360 1540 4433 τὴν
1587 4363 1731 4417 κατὰ

1820 502 2037 570 quidem
2084 513 2189 553 non
2219 495 2337 565 jam
2383 493 2516 549 vivit
2549 495 2602 549 in
2636 493 2784 548 illius
2809 506 2974 548 carne
2996 490 3208 547 feminae
3238 488 3390 544 volu-

1819 603 1963 663 ptas.
1993 588 2245 659 Excipiet
2270 596 2451 643 autem
2487 586 2604 641 sine
2625 584 2971 640 simulatione
3006 582 3254 646 fratrem,
3303 597 3391 635 se-

1821 686 2055 739 cundum
2080 689 2404 750 prmceptum
2450 678 2681 744 Domini,
2714 677 2878 746 pedes
2913 675 3059 729 illius
3083 674 3270 727 lavans
3294 673 3386 736 ιτς

1822 776 1988 829 alium
2036 773 2401 828 sollicitudine
2437 770 2765 839 indigentem
2797 776 2971 832 curet,
3012 766 3237 818 mortuis
3264 779 3388 818 cor—

1821 867 1969 936 poris
2026 865 2273 917 manibus
2336 872 2605 915 mortuum
2633 872 2830 928 corpus
2853 868 3095 927 tangens.
3123 854 3389 922 Quoniam

1821 958 1964 1012 enim
1993 950 2340 1009 mortiﬁcavit
2372 954 2614 1005 membra
2633 966 2751 1019 qua:
2770 958 2895 1003 sunt
2921 964 3084 1018 super
3106 957 3304 1001 terram
3319 945 3388 1011 ⁸⁸,

1822 1063 1924 1102 nec
1977 1047 2087 1114 jam
2122 1047 2234 1114 ipsa
2271 1045 2433 1109 vivit,
2464 1043 2563 1097 sed
2597 1043 2729 1096 vivit
2779 1043 2833 1095 in
2889 1056 2952 1095 ea
3008 1040 3257 1094 Christus
3287 1077 3303 1102 ,
3336 1048 3392 1092 et

1822 1141 1965 1208 quod
1997 1152 2137 1191 nunc
2172 1136 2304 1189 vivit
2334 1135 2385 1186 in
2414 1148 2601 1196 carne,
2634 1133 2687 1185 in
2733 1132 2836 1185 fide
2877 1129 3011 1183 vivit
3038 1127 3117 1195 ‘9;
3141 1137 3393 1181 exerceat

1823 1229 2043 1284 virtutis
2096 1242 2261 1296 Opera
2295 1266 2311 1292 ,
2349 1225 2570 1281 Christo
2616 1223 2788 1276 solum
2821 1221 3037 1273 vivente
3088 1220 3139 1272 in
3176 1219 3263 1271 illa
3290 1256 3307 1278 ,
3335 1225 3391 1270 et

1824 1335 1944 1389 qua:
1977 1333 2074 1372 sua
2110 1326 2238 1371 sunt
2284 1322 2579 1383 peragente
2604 1350 2619 1375 ,
2663 1318 2885 1381 peccato
2914 1308 3227 1361 cruciﬁxum
3269 1320 3392 1360 cum

1823 1408 2041 1464 ChriSto
2068 1415 2123 1459 et
2147 1413 2414 1458 mortuum
2450 1416 2648 1471 corpus
2690 1400 3098 1453 circumferens.
3122 1398 3200 1451 Ac
3227 1395 3394 1466 perli-

1824 1502 1933 1553 ciat
1957 1498 2205 1551 mandata
2241 1494 2425 1565 sponsi
2456 1534 2472 1558 ,
2504 1508 2601 1563 per
2635 1506 2853 1546 onmem
2899 1491 3168 1544 actionem
3200 1489 3395 1543 animtc

1825 1587 2281 1661 pulchritudinem
2361 1584 2779 1655 Splendidiorem
2847 1579 3106 1636 eﬂiciens.
3167 1580 3396 1645 Quando

1826 1680 1969 1735 enim
2023 1687 2167 1732 tacto
2198 1690 2427 1745 corpore
2459 1673 2680 1727 minime
2711 1663 3059 1741 perturbatur
3093 1670 3272 1724 anima
3329 1669 3399 1721 ad

1754 1767 1796 1821 Β
1827 1770 2047 1828 masculi
2078 1768 2333 1836 speciem,
2375 1764 2469 1819 sed
2492 1764 2609 1817 sine
2637 1778 2798 1817 sensu
2831 1760 3229 1831 quodammodo
3265 1759 3396 1812 illud

1829 1863 2025 1932 tangit,
2058 1870 2269 1913 mortua
2300 1863 2481 1911 manet
2504 1854 2556 1907 in
2591 1868 2655 1907 co
2684 1854 2949 1920 voluptas,
2974 1868 3095 1906 cum
3125 1865 3232 1905 non
3266 1864 3393 1918 pos-

1828 1958 1897 2012 sit
1929 1957 1982 2010 id
2010 1954 2153 2024 quod
2178 1952 2518 2006 extrinsecus
2570 1948 2828 2016 tangitur,
2860 1960 2980 2000 eam
3010 1945 3076 1998 ad
3124 1943 3397 2013 propriam

1827 2047 2159 2115 voluptatem
2187 2044 2450 2098 excitare.
2487 2041 2578 2095 Sic
2605 2041 2750 2093 enim
2780 2047 2835 2093 et
2854 2039 2905 2091 in
2928 2033 3401 2105 persecutionibus

1829 2137 2129 2209 prostituta:
2154 2133 2413 2202 virgines,
2449 2131 2519 2185 ob
2546 2131 2699 2183 Iidem
2735 2130 2785 2182 in
2816 2142 3075 2197 sponsum
3096 2127 3277 2195 impiis
3300 2126 3402 2179 ho-

1832 2228 2067 2283 minibus
2116 2226 2326 2281 traditae
2351 2263 2368 2290 ,
2399 2222 2483 2277 vel
2542 2222 2864 2292 corporibus
2900 2220 3224 2286 incorrupta:
3276 2223 3403 2272 sunt

1832 2332 2082 2387 servatae,
2112 2336 2201 2382 eo,
2251 2329 2476 2388 prepter
2511 2331 2671 2386 quem
2707 2313 2847 2368 tradi
2877 2327 2982 2366 non
3031 2311 3352 2366 dubitabant
3381 2345 3398 2374 ,

1833 2416 2126 2483 impiorum
2167 2412 2446 2466 hominum
2482 2416 2735 2463 conatum
2777 2406 2829 2459 in
2878 2407 3115 2475 ipsorqu
3149 2402 3405 2458 carnibus

1832 2506 2042 2561 irritum
2071 2518 2134 2558 ac
2164 2511 2433 2558 mortuum
2467 2501 2747 2563 reddente,
2774 2508 2828 2553 et
2854 2498 3165 2564 incorrupta
3188 2494 3402 2548 illarutn

1832 2599 1993 2652 etiam
2033 2610 2265 2665 corpora
2299 2591 2600 2647 admirabili
2629 2591 2828 2644 virtute
2853 2588 3074 2644 omnino
3102 2585 3406 2640 custodien-

1836 2701 1918 2754 te,
1950 2688 2033 2743 vel
2056 2688 2163 2740 vim
2213 2700 2408 2755 passae,
2437 2699 2543 2739 non
2570 2680 2944 2736 consentiente
2971 2679 3231 2746 voluptati
3286 2677 3406 2731 ani-

1834 2794 1944 2848 ma,
1980 2779 2230 2849 quamvis
2272 2785 2485 2830 mortua
2532 2789 2760 2844 corpora
2803 2773 3114 2828 viderentur
3155 2769 3406 2839 iniuriam

1832 2872 2360 2945 pati,ineorruptam
2410 2866 2648 2922 animam
2687 2881 2788 2920 nec
2829 2867 2894 2919 ad
2923 2864 3249 2932 voluptatem
3285 2872 3404 2916 stu-

1835 2963 2071 3034 pratoris
2103 2959 2535 3023 conformatam,
2581 2971 2780 3025 sponso
2811 2971 2911 3010 suo
2945 2965 2998 3007 et
3022 2953 3125 3007 lide
3152 2962 3204 3007 et
3232 2951 3402 3021 virgi-

1837 3057 2009 3110 nitate
2053 3053 2474 3123 splendidiorem
2520 3049 2844 3103 exhibuere.
2888 3047 2942 3101 ln
2990 3047 3191 3117 quibus
3241 3044 3410 3099 voluit

1757 3122 1800 3178 δ
1840 3148 1979 3203 forte
2012 3147 2273 3200 Dominus
2322 3145 2613 3201 ostendere
2638 3184 2653 3210 ,
2688 3157 2781 3199 eas
2828 3139 3230 3196 confessionem
3260 3137 3408 3192 onmi

1836 3240 1981 3295 circa
2011 3253 2211 3309 corpus
2242 3237 2502 3291 exteriori
2551 3235 2735 3291 decori
2790 3231 3081 3302 praeferre;
3114 3232 3256 3284 unde
3308 3243 3410 3282 nec

1835 3333 2071 3386 animam
2107 3330 2355 3399 negando
2377 3335 2764 3397 corruperunt,
2793 3339 2892 3379 nec
2917 3321 3257 3391 corporibus,
3278 3324 3407 3374 dum

1835 3423 2099 3493 voluptati
2125 3437 2232 3475 non
2260 3421 2625 3484 consentiunt,
2663 3418 2937 3472 ullatenus
2975 3423 3267 3484 corruptae.
3293 3410 3406 3467 Nisi

1835 3517 1960 3586 quis
1984 3530 2079 3585 per
2112 3513 2402 3568 immanem
2434 3511 2701 3566 insaniam
2717 3509 2914 3579 virgini
2938 3509 3135 3562 occisae
3157 3515 3406 3575 stuprum
3473 3564 3479 3572 ,

1835 3606 2039 3661 inferre
2069 3606 2255 3660 volens
2284 3644 2299 3670 ,
2334 3616 2687 3671 corrumpere
2742 3600 2888 3654 illam
2947 3615 3043 3670 per
3086 3601 3233 3652 hunc
3286 3611 3410 3650 cum

1835 3710 2047 3754 mortua
2084 3697 2430 3752 concubitum
2458 3695 2693 3750 dicatur.
2746 3692 2883 3746 Nam
2941 3692 3128 3761 plagas
3184 3690 3409 3758 quidem

1835 3792 1910 3846 illi
1966 3791 2171 3844 inferre
2222 3788 2432 3858 possit,
2476 3799 2829 3853 corrumpere
2855 3799 2986 3838 vero
3044 3796 3408 3852 nequaquam.

1836 3881 1942 3937 Sed
1981 3896 2040 3936 se
2066 3882 2180 3949 ipse
2210 3877 2512 3946 corrumpit
2560 3886 2616 3931 et
2666 3875 3064 3943 corrumpitur;
3097 3875 3411 3942 incorrupta

1835 3982 2014 4028 autem
2052 3981 2136 4026 est
2168 3971 2318 4042 virgo
2351 3971 2533 4024 anima
2562 3984 2669 4022 non
2716 3979 3003 4039 praesente.
3040 3965 3175 4020 lluic
3203 3964 3413 4020 similes

1836 4075 1983 4129 sunt,
2018 4078 2139 4133 quae
2165 4064 2218 4117 in
2255 4062 2726 4134 persecutionibus
2771 4067 2864 4113 aut
2900 4058 3142 4128 quolibet
3169 4067 3412 4127 tempore

1837 4157 2139 4214 molestiam
2186 4171 2216 4209 a
2255 4155 2386 4209 viris
2415 4169 2587 4224 passa:
2611 4193 2627 4218 ,
2657 4168 2779 4208 cum
2809 4166 2973 4206 carne
3002 4152 3112 4206 sint
3144 4158 3369 4204 mortua:
3393 4187 3412 4212 ,

1835 4250 2097 4320 quidquid
2117 4262 2289 4318 passae
2313 4246 2533 4310 fuerint,
2562 4246 2891 4314 incorruptae
2918 4250 3253 4312 permanent.
3273 4240 3408 4294 Nunt

1837 4342 2167 4411 praeteritum
2193 4341 2315 4392 vita:
2341 4337 2592 4392 asceticze
2624 4345 2837 4404 tempus
2862 4334 2995 4389 satis
3023 4348 3115 4388 eas
3143 4333 3210 4387 ad
3241 4347 3410 4402 expe-

141 4428 334 4522 σάρκα
386 4449 653 4519 νέκρωσιν
696 4428 916 4521 ἔχουσαι
970 4428 1084 4523 (8),
1126 4428 1230 4506 κὲιν
1287 4452 1464 4506 ὁτιοῦν
1495 4428 1728 4524 ’πάσχω-

1839 4434 2087 4488 rienliam
2144 4430 2423 4493 excitavit,
2459 4436 2519 4481 ut
2553 4428 2604 4480 in
2637 4441 2804 4480 carne
2857 4428 3138 4489 viventes,
3168 4439 3273 4478 non
3324 4438 3413 4477 se-

140 4560 230 4596 σιν
261 4541 366 4612 (9),
396 4542 625 4615 ἄφθοροι
669 4542 1036 4614 διαμένουσιν.
1073 4544 1131 4596 Ὀ
1162 4544 1273 4616 γὰρ
1305 4544 1587 4616 προλαϐὼν
1633 4546 1731 4614 τῆς

140 4634 440 4705 ἀσκήσεως
464 4626 680 4703 χρόνος,
716 4634 1008 4705 αὐτάρκως
1034 4634 1200 4699 αὐτὰς
1237 4635 1374 4705 πρὸς
1407 4634 1505 4705 τὴν
1536 4636 1731 4705 πεῖραν

141 4723 483 4794 ἐγύμνασεν,
535 4722 603 4775 ἵν’
658 4725 716 4776 ὲν
760 4723 923 4795 σαρκὶ
974 4721 1176 4786 ζῶσαι,
1226 4724 1303 4796 μὴ
1355 4723 1500 4778 κατὰ
1551 4724 1730 4794 σάρκα

145 4811 576 4883 στρατεύωνται.
605 4813 697 4866 Διὸ
743 4814 839 4868 καὶ
899 4815 1019 4877 ταῖς
1081 4813 1299 4878 λοιπαῖς
1348 4812 1728 4884 ὑποφωνοῦσαι

145 4904 289 4975 πρὸς
323 4903 425 4973 τὴν
462 4903 655 4975 ὁμοίαν
681 4904 902 4977 ἀρετὴν,
939 4906 1072 4975 φασὶ
1090 4945 1106 4972 ,
1149 4907 1449 4977 Πνεύματι
1486 4920 1733 4974 περιπα-

145 4994 327 5058 τεῖτε,
367 4994 468 5048 καὶ
515 4995 835 5065 ἐπιθυμίαν
884 4995 1114 5065 σαρκὸς
1163 4999 1235 5052 οὐ
1274 4996 1363 5066 μὴ
1421 4996 1729 5063 τελέσητε.

148 5086 368 5142 Οὐκοῦν
404 5087 526 5141 ὅσαι
554 5087 822 5155 τοιαῦται,
871 5089 1257 5155 δεικνύτωσαν,
1305 5089 1477 5161 φημὶ,
1521 5089 1615 5142 καὶ
1645 5087 1737 5142 διὰ

218 5221 270 5256 δ’
312 5220 470 5278 Joan.
511 5238 631 5289 xnt,
662 5223 750 5281 M.
860 5225 907 5259 ⁸⁸
951 5226 1068 5282 Col.
1108 5242 1191 5294 ιιι,
1226 5226 1278 5281 5.

222 5382 305 5456 (6)
338 5381 556 5456 Νεκρά.
589 5383 789 5456 (ζοιιειςΔ
816 5381 1207 5456 Mazartnznus,
1244 5398 1367 5438 καν.
1414 5384 1548 5450 Qum
1588 5384 1728 5439 scri—

1391 5227 1438 5261 "
1471 5226 1594 5281 Gal.
1633 5243 1696 5292 tt,
1735 5227 1826 5282 20.

1838 4525 2075 4581 cundum
2111 4538 2332 4579 carnem
2389 4520 2624 4574 militent
2657 4518 2725 4570 ³ο.
2765 4516 2971 4571 Idcirco
3016 4525 3247 4570 caeteras
3286 4528 3413 4583 prn-

1838 4628 2096 4674 vocantes
2133 4618 2200 4671 ad
2250 4614 2480 4670 similem
2510 4612 2769 4665 virtutem
2828 4611 2980 4663 aiunt
3016 4626 3030 4662 :
3060 4606 3266 4678 Spiritu
3295 4620 3413 4658 am-

1838 4709 2034 4773 bulate,
2061 4720 2107 4762 et
2134 4706 2397 4761 desideria
2433 4703 2608 4757 carnis
2631 4718 2692 4756 ne
2718 4700 3004 4770 per/Sciatis
3026 4698 3093 4748 ⁸⁸.
3119 4698 3250 4765 Quae
3279 4696 3414 4750 tales

1835 4818 1984 4872 sunt,
2023 4806 2400 4860 demonstrent
2433 4800 2602 4873 666
2645 4797 2810 4853 etiam
2844 4795 3078 4864 hospitio
3106 4795 3408 4848 fraternum

1836 4912 2101 4961 amorem.
2135 4895 2416 4965 Siquidem
2445 4904 2500 4947 et
2527 4892 2694 4946 Maria
2721 4890 2886 4960 pedes
2930 4887 3140 4942 Domini
3183 4886 3414 4941 deoscu-

1842 4990 1960 5046 lans
1983 4991 2053 5055 ⁸⁸,
2080 5004 2185 5044 non
2213 4997 2274 5043 ut
2310 4984 2547 5042 hominis
2582 4985 2766 5054 pedes,
2797 4980 2892 5035 sed
2927 4990 2984 5033 ut
3011 4977 3223 5035 Domini
3255 4991 3414 5030 oscu-

1842 5085 2078 5149 labatur,
2101 5090 2341 5138 veterem
2372 5079 2590 5149 quidem
2625 5074 2864 5130 incendii
2904 5073 3234 5141 voluptatcm
3283 5085 3411 5137 pru-

1925 5225 1972 5258 ⁵⁰
2004 5222 2045 5278 ll
2068 5224 2195 5280 Cor.
2220 5237 2277 5290 ι,
2298 5221 2354 5275 5.
2428 5215 2622 5273 "'Gal.
2675 5231 2730 5281 ν,
2780 5212 2870 5268 16.
2948 5211 2996 5244 ⁸⁸
3018 5209 3149 5268 Luc.
3179 5226 3291 5277 vn,
3315 5207 3410 5264 Ξῖ.

1899 5382 1978 5455 (8)
2022 5382 2330 5455 Ἔχουσαι.
2379 5376 2527 5455 Hme‘
2559 5376 2826 5455 scriptura
2845 5413 2871 5455 ,,
2909 5373 3158 5455 quamvis
3206 5371 3260 5455 in
3300 5371 3416 5426 solo

151 5442 315 5527 pttira
344 5442 502 5509 valde
528 5454 733 5510 arridet
752 5453 1099 5521 Combelisio,
1119 5442 1216 5511 sed
1237 5470 1337 5510 cur
1356 5442 1596 5511 arrideant
1622 5468 1729 5510 non
1827 5442 2143 5527 canemus
2171 5461 2228 5506 et
2256 5450 2364 5527 alio
2387 5462 2454 5502 ex
2490 5442 2685 5527 liegiis'
2702 5444 3020 5514 reperiatur,
3050 5442 3206 5512 longe
3233 5451 3414 5496 tamen

149 5525 648 5664 inﬁgbwézoce.
686 5592 939 5649 Nonnulli
959 5593 1190 5664 codices,
1208 5595 1574 5649 οὐδεπώποτε.
1606 5593 1727 5650 Mox

1828 5523 2161 5595 praeferenda
2204 5512 2655 5595 vttlgatte_,_0t'ica_tt.

1899 5591 1974 5664 (9)
2015 5581 2363 5659 Πάσχωσιῖρ.
2413 5587 2504 5643 Sic
2553 5585 2795 5658 plerique
2826 5599 3016 5641 omnes
3060 5600 3191 5641 mss.
3249 5581 3412 5650 Editi,

260 5612 307 5664 ι)
324 5612 648 5649 voceuoce.
686 5612 939 5649 nonnum
959 5612 1190 5657 cortices,
1208 5612 1574 5649 ουοεπωποτε.
1606 5612 1727 5650 mox

148 5612 520 5736 Coibertinus,
549 5664 698 5719 ἐστὶν
724 5665 759 5736 ή
803 5663 1089 5736 παρθενία.
1121 5664 1320 5723 Ibidem
1363 5681 1499 5721 unus
1533 5681 1594 5723 ex
1626 5667 1728 5721 lie-

1899 5612 1974 5664 (ν)
2015 5612 2146 5645 uua

1835 5663 2146 5717 πάσιουσιν.

150 5734 276 5794 (iis.
301 5734 337 5795 ἢ
374 5735 582 5794 ὅμοιαι.
