3802 6216
408 269 514 329 τιὸ
1359 226 1711 322 samum
1746 261 2034 322 OPEBUM
2070 263 2131 320 s.
2170 259 2421 319 essu."
2459 259 2699 319 MAGNl.
3572 259 3702 314 ττο

407 383 600 442 denter
627 382 683 438 ln
731 396 792 438 se
818 386 1175 452 exstmguens
1209 377 1469 451 lacrymis
1518 390 1576 437 et
1601 396 1977 451 compescens,

2142 382 2378 448 ξιώσεως
2425 380 2486 434 τὸ
2524 379 2867 451 φιλάδελφον.
2904 375 3058 433 Ἐπεῖ
3107 375 3201 434 xui
3245 377 3281 449 ὴ
3328 374 3519 449 Μαρία
3547 375 3711 437 τοὺς

407 488 595 530 amore
628 481 808 528 autem
836 474 892 529 in
939 471 1231 527 Dominum
1271 480 1328 527 et
1367 472 1572 528 sanctis
1606 473 1809 528 osculis
1859 474 1976 542 spi-

2137 477 2255 539 ὀδας
2299 474 2394 529 τοῦ
2433 474 2642 546 Κυρίου
2677 471 2927 541 φιλοῦσα,
2970 472 3071 541 οὐχ
3118 471 3195 534 ὡς
3243 468 3438 542 ἀνδρὸς
3485 466 3705 531 πόδας,

408 572 569 621 ritum
610 567 666 621 in
703 566 883 620 anima
914 566 1216 637 prudenter
1264 565 1591 619 accendens.
1627 563 1852 619 Vivebat
1878 564 1979 635 igi—

410 667 497 711 tur
522 657 737 725 spiritu,
759 665 816 711 et
842 655 1036 725 spiritu
1065 655 1355 710 ambulans
1381 655 1430 688 ⁸³
1457 664 1515 711 et
1549 656 1697 711 circa
1722 670 1981 725 sponsum

2087 569 2201 622 ἀλλ’
2243 568 2318 632 ὡς
2348 567 2554 638 Κυρίου
2581 566 2786 634 ἐφίλειο
2831 568 2946 628 τοῖς
2997 564 3098 635 μὲν
3138 564 3372 634 δάκρυσι
3420 562 3540 633 τὴν.
3573 576 3710 613 πα-

2087 659 2243 713 λαιάν
2263 661 2362 729 τῆς
2389 659 2659 729 πυρκαϊᾶς
2679 655 2870 727 ἡδονὴν
2905 657 2963 707 ὲν
2996 656 3133 726 αὐτῇ
3171 654 3454 725 φρονίμως
3509 667 3705 705 κατα-

409 751 587 803 omnia
619 764 718 820 pro
744 749 987 820 peccatis
1015 749 1128 805 suis
1176 750 1473 819 prudenter
1504 763 1722 820 gerens.
1772 748 1985 803 Mortua

409 852 587 896 autem
621 852 739 897 erat
767 851 1009 911 peccato,
1045 858 1167 897 cum
1219 843 1392 898 maris
1439 853 1495 898 et
1525 843 1739 898 femina:
1766 844 1975 914 cogita-

2092 750 2422 804 σϐεννύουσὰ
2479 765 2540 801 τε
2607 749 2700 801 xui.
2755 747 3130 818 μαραίνουσα,
3192 749 3257 818 τῇ
3313 746 3361 798 δὲ
3409 744 3539 815 περὶ
3591 742 3706 794 ’.τοι⁸

2090 841 2293 912 Κύριον
2323 839 2558 893 διαθέσει
2601 840 2696 891 καὶ
2728 841 2841 901 τοῖς
2886 838 3064 906 ἁγίοις
3105 836 3373 906 φιλήμασι
3405 834 3466 886 τὸ
3506 836 3562 886 ὲν
3620 833 3701 900 τῇ

410 931 612 986 tionem
635 932 688 986 in
714 940 863 988 tactu
890 933 1085 1003 pedum
1103 940 1158 987 et
1183 933 1384 989 osculis
1412 943 1556 988 metu
1590 932 1837 1003 perculsa
1864 948 1986 988 sus-

2137 935 2234 1002 υχῇ
2289 928 2505 1001 πνεῦμα
2549 929 2826 1000 φρονίμως
2877 927 3214 980 ἀνάπτουσα.
3256 925 3393 996 Ἔζη
3445 924 3541 994 μὲν
3588 918 3703 974 οὖν

412 1021 648 1080 tulisset.

2096 1023 2388 1093 πνεύματι,
2423 1022 2519 1075 xui.
2572 1022 2844 1091 πνεύματι
2897 1018 3205 1089 στοιχοῦσα,
3256 1018 3350 1070 xui.
3402 1015 3533 1086 περὶ
3590 1014 3705 1066 τὸν

409 1115 641 1187 νυμφίον
674 1115 888 1169 ἅπαντα
932 1116 1072 1188 ὑπὲρ
1118 1115 1227 1169 τῶν
1275 1116 1472 1186 ἑαυτῆς
1522 1112 1805 1186 ἁμαρτιῶν
1853 1114 1992 1186 μετὰ
2022 1116 2292 1178 συνέσεως
2332 1115 2667 1183 πράττουσα.
2733 1109 2923 1182 Νεκρά
2954 1109 3011 1162 δὲ
3072 1105 3137 1180 ἧν
3172 1111 3239 1178 τῇ
3288 1108 3541 1179 ἁμαρτίᾳ
3580 1106 3705 1176 τὴν

411 1208 508 1264 τοῦ
546 1208 735 1279 θήλεός
782 1226 843 1261 τε
889 1210 985 1262 καὶ
1035 1210 1264 1281 ἄρρενος
1311 1208 1523 1263 ἔννοιαν
1566 1210 1659 1262 ἐπὶ
1740 1208 1840 1279 τῆς
1886 1208 2032 1279 ἁφῆς
2090 1207 2197 1261 τῶν
2242 1206 2421 1259 ποδῶν
2477 1206 2571 1259 καὶ
2616 1203 2725 1257 τῶν
2775 1201 3099 1272 φιλημάτων
3143 1199 3402 1272 ὲμφὸϐως
3464 1198 3699 1271 νεκρὼ-

415 1322 569 1362 σασα.

484 1396 572 1449 55.
608 1393 820 1464 Tangat
850 1409 981 1465 ergo
1005 1410 1126 1463 qua:
1175 1395 1297 1449 talis
1327 1403 1432 1460 est,
1469 1403 1524 1450 et
1545 1409 1670 1467 erga
1698 1395 1989 1451 Dominum

413 1496 743 1555 prasceptum
774 1484 1008 1551 impleat.
1040 1484 1360 1552 Ubicunque
1389 1494 1566 1538 autem
1601 1494 1804 1554 tangat,
1824 1487 1989 1540 etiam

415 1591 536 1646 qua:
594 1577 715 1631 talis
766 1587 867 1639 est,
904 1576 1199 1644 prudenter
1225 1576 1442 1645 vigilet,
1481 1591 1547 1631 ne
1600 1577 1739 1630 forte
1769 1577 1990 1632 assiduo

418 1677 670 1722 contactu
713 1669 971 1737 paulatim
1028 1668 1274 1736 voluptas
1332 1683 1399 1720 ex
1434 1670 1692 1722 carnibus
1728 1670 1780 1721 in
1818 1668 1989 1737 ipsum

418 1756 558 1810 clam
599 1757 854 1826 subrepat
890 1776 903 1811 :
938 1757 1102 1826 eique
1148 1773 1246 1811 usu
1279 1757 1560 1823 inveniat,
1596 1759 1740 1813 illius
1783 1772 1993 1812 veneno

417 1863 629 1912 morsze,
652 1850 794 1917 quod
820 1849 1001 1903 absit!
1043 1849 1224 1902 dicere
1257 1870 1269 1903 :
1312 1847 1576 1904 Veniente
1612 1861 1793 1906 autem
1841 1850 1994 1905 volu-

415 1949 564 2009 ptate
620 1950 902 2009 peccatum
971 1941 1168 1995 revixit
1212 1939 1259 1971 ⁸³
1314 1958 1328 1995 :
1381 1956 1481 2011 ego
1549 1953 1728 1996 autem
1780 1951 1994 1998 mortua

416 2047 535 2086 sum
563 2032 628 2093 ⁵³,
664 2042 718 2085 et
756 2041 1083 2102 prisce-ptum
1143 2033 1431 2087 charitatis
1456 2072 1473 2096 ,
1503 2032 1648 2102 quod
1689 2042 1774 2088 est
1799 2034 1867 2089 ad
1914 2036 1998 2089 vi-

419 2133 551 2189 tam,
581 2124 755 2193 ipsum
797 2124 926 2177 mihi
956 2125 1229 2177 inventum
1261 2134 1345 2178 est
1378 2127 1445 2177 ad
1491 2140 1743 2179 mortem.
1775 2124 1911 2179 Nam
1939 2126 1985 2180 si

420 2214 522 2282 ipsi
557 2214 729 2284 angeli
761 2215 964 2268 cadunt
986 2252 1002 2278 ,
1038 2214 1128 2282 qui
1156 2215 1396 2283 aequales
1449 2215 1658 2283 angelis
1704 2225 1829 2269 sunt
1861 2254 1876 2278 ,
1917 2214 1999 2268 la-

419 2319 576 2372 psum
609 2304 776 2359 multo
805 2304 977 2374 magis
1021 2314 1263 2357 metuere
1298 2303 1519 2368 debent,
1557 2318 1624 2358 ne
1649 2303 1791 2359 forte
1850 2315 2001 2373 post-

419 2411 579 2464 quam
611 2395 844 2463 aequales
870 2395 1075 2464 angelis
1103 2396 1430 2465 virginitatis
1457 2396 1850 2450 exercitatione
1885 2396 2001 2450 fue-

419 2493 560 2555 rint,
608 2489 855 2542 videntes
900 2488 1037 2542 [ilias
1068 2487 1345 2541 hominum
1385 2487 1641 2556 pulchras
1660 2502 1781 2542 esse
1812 2489 1886 2552 ⁵⁸,
1933 2489 1998 2543 ad

420 2595 515 2634 eas
551 2594 644 2649 per
672 2579 852 2633 carnis
882 2579 1180 2648 voluptates
1227 2580 1572 2645 delabantur,
1616 2581 1807 2647 eisque
1842 2581 1994 2634 dica-

419 2679 511 2725 tur
547 2688 561 2724 :
598 2669 708 2739 Ego
732 2670 846 2723 dixi
883 2685 900 2723 :
941 2670 1029 2723 Dii
1060 2671 1183 2725 estis
1204 2681 1250 2724 et
1281 2670 1380 2739 ﬁlii
1411 2670 1619 2724 Επειδὶ
1648 2688 1844 2724 omnes.
1880 2670 1982 2726 Vos

420 2771 595 2814 autem
623 2762 689 2814 ad
710 2777 770 2815 ea
802 2776 922 2830 quae
957 2763 1141 2816 carnis
1170 2774 1298 2817 sunt
1332 2762 1564 2831 delapsi,
1595 2764 1729 2816 sicut
1753 2763 1986 2817 homines

422 2853 690 2908 morimini
716 2865 762 2907 et
796 2856 931 2907 sicut
959 2867 1092 2907 unus
1123 2855 1185 2906 de
1213 2854 1537 2923 principibus
1562 2855 1753 2908 ceditis
1771 2856 1839 2908 ‘7.
1862 2855 2001 2923 Qua-

2167 1390 2255 1445 53.
2297 1386 2581 1441 Ἀπτέσθω
2623 1382 2737 1449 οὖν,
2773 1386 2937 1455 φημὶ,
2978 1385 3012 1454 ἡ
3046 1383 3303 1454 τοιαύτη,
3349 1382 3405 1435 εἴ
3444 1381 3531 1446 τίς
3580 1372 3706 1434 πού

2098 1485 2214 1536 ἔστι
2248 1483 2344 1537 xui.
2375 1481 2623 1552 τοιαύτη,
2659 1480 2751 1532 καὶ
2776 1478 2875 1549 τὴν
2917 1477 3051 1546 πρὸς
3086 1476 3176 1528 τὸν
3216 1475 3423 1547 Κύριον
3464 1473 3709 1543 ἐντολὴν

2099 1574 2474 1646 ὲκπληρούτω.
2510 1570 2815 1642 Ἀπτομένη
2846 1570 2903 1622 δὲ
2922 1567 3257 1638 ἁπανταχοῦ,
3284 1567 3378 1620 xui.
3401 1569 3435 1637 ἡ
3459 1564 3709 1635 τοιαύτη

2099 1668 2376 1738 φρονίμως
2413 1665 2666 1735 νηφέτω,
2707 1664 2917 1734 μήποτε
2953 1660 3233 1745 ἁπτομένη
3271 1659 3512 1730 συνεχῶς
3546 1658 3709 1711 κατὰ

2099 1761 2271 1834 βραχὺ
2303 1760 2445 1832 ἓρψῃ
2488 1762 2553 1812 ὲκ
2595 1757 2812 1826 σαρκῶν
2852 1759 2933 1820 εἰς
2975 1755 3144 1827 αὐτὴν
3173 1754 3449 1827 λαθραίως
3483 1752 3664 1825 ἡδονὴ
3688 1793 3707 1816 ,

2097 1855 2193 1908 xui.
2246 1853 2422 1924 συμϐῇ
2467 1852 2603 1922 αὐτῇ
2647 1852 2753 1904 ὑπὸ
2793 1851 2888 1904 τοῦ
2933 1851 3012 1905 ἰού
3063 1849 3268 1919 ταύτης
3308 1847 3633 1918 δηχθεῖσαν,
3673 1847 3708 1899 ὃ

2102 1946 2178 2018 μὴ
2238 1946 2476 2015 γένοιτοί
2536 1944 2748 2012 λέγειν·
2800 1943 3095 2015 Ἐλθούσης
3149 1942 3208 1996 δὲ
3252 1942 3354 2014 τῆς
3411 1940 3614 2011 ἡδονῆς
3663 1941 3706 2010 ἠ

2099 2038 2345 2109 ἁμαρτία
2394 2036 2689 2107 ἀνέζησενο
2741 2037 2854 2105 ἐγὼ
2900 2037 2958 2090 δὲ
3012 2036 3301 2100 ἀπέθανον,
3345 2035 3440 2088 καὶ
3486 2032 3706 2106 εὑρέθη

2104 2148 2193 2201 μοι
2223 2132 2256 2200 ἡ
2293 2128 2479 2200 ἐντολὴ
2519 2130 2618 2199 τῆς
2648 2128 2889 2198 ἀγάπης,
2918 2130 2951 2199 ἡ
2984 2129 3063 2191 εἰς
3097 2127 3265 2198 ζωὴν,
3294 2124 3437 2195 αὕτη
3479 2127 3563 2188 εἰς
3598 2124 3709 2177 Osi-

2100 2238 2279 2275 νατον.
2331 2221 2393 2274 Εί
2443 2220 2554 2291 γὰρ
2601 2219 2695 2272 xui.
2731 2221 2780 2272 οἱ
2835 2218 3053 2287 ἄγγελοι
3108 2219 3587 2282 καταπίπτουσιν,
3639 2216 3702 2268 οἱ

2105 2308 2378 2377 ἰσάγγελοι
2413 2309 2475 2361 τὸ
2508 2307 2712 2378 πτῶμα
2746 2307 2926 2378 πολλῷ
2969 2308 3167 2379 μᾶλλον
3213 2307 3497 2377 φοϐεῖσθαι
3537 2307 3707 2376 ὀφεί-

2101 2400 2281 2462 λουσι,
2323 2402 2529 2471 μήποτε
2566 2399 2707 2453 κατὰ
2738 2399 2799 2452 τὸ
2834 2399 3152 2468 ἰσαγγέλους
3180 2400 3378 2464 αὐτοὺς
3409 2401 3475 2469 τῇ
3518 2399 3710 2468 ἀσκή-

2105 2511 2188 2546 σει
2226 2494 2325 2563 τῆς
2356 2492 2653 2564 παρθενίας
2701 2492 2976 2560 γενέσθαι,
3013 2492 3211 2555 ἰδόντες
3242 2491 3345 2556 τὰς
3385 2489 3710 2561 θυγατέρας

2102 2583 2213 2637 τῶν
2238 2582 2541 2655 ἀνθρώπων
2580 2583 2662 2635 ὅτι
2693 2583 2878 2647 καλαὶ,
2915 2583 3051 2655 πρὸς
3085 2583 3256 2645 αὐτὰς
3293 2581 3382 2635 διὰ
3410 2580 3520 2634 τῶν
3560 2598 3709 2652 σαρ-

2105 2675 2199 2738 κὸς
2225 2673 2426 2746 ἡδονῶν
2458 2673 2768 2739 καταϐῶσι,
2802 2674 2896 2726 καὶ
2926 2674 3062 2745 ῥηθῇ
3098 2675 3311 2736 αὐτοῖς⁸
3352 2672 3498 2742 Ἐγὼ
3524 2669 3705 2726 εἶπα’

2109 2766 2241 2820 Θεοί
2271 2766 2414 2819 ἐστε
2464 2766 2565 2821 καὶ
2597 2767 2714 2820 υἱοὶ
2754 2767 3051 2834 Ὑψίστου
3102 2765 3346 2832 πάντες.
3387 2766 3593 2836 Ὑμεῖς
3635 2765 3710 2820 δὲ

2105 2860 2199 2912 ἐπὶ
2231 2859 2299 2913 τὰ
2348 2860 2549 2932 σαρκὸς
2601 2860 2707 2913 ἴδια
2751 2859 2913 2912 πάλιν
2947 2859 3432 2930 ὑπολισθήσαντες,
3467 2860 3552 2926 ὡς
3593 2860 3709 2913 ἇν-

425 2957 485 2998 re
514 2944 681 2997 inulto
710 2943 1022 3012 praeclarius
1050 2953 1136 2997 est
1160 2943 1427 3011 virginem
1484 2958 1598 2997 suae
1626 2942 1794 3012 ipsius
1822 2959 1983 2999 secu-

2137 2959 2323 3021 [ρωποι
2366 2950 2800 3018 ἀποθνήσκετε,
2845 2952 2944 3006 καὶ
2972 2953 3053 3018 ὠς
3094 2948 3183 3018 εἷς
3216 2953 3336 3006 τῶν
3386 2953 3711 3021 ἀρχόντων

424 3035 574 3090 ritati
609 3035 982 3104 providentem
1013 3042 1067 3088 et
1104 3033 1337 3087 aliorum
1368 3033 1750 3089 olfendicnlum
1788 3049 1992 3090 caven-

425 3138 553 3194 tem,
588 3127 826 3195 undiqne
855 3126 925 3180 ab
955 3126 1104 3180 omni
1140 3126 1469 3180 commercio
1495 3126 1792 3194 prudenter
1818 3128 1995 3196 sejun-

425 3227 566 3271 ctam
589 3232 709 3272 esse
737 3235 750 3271 :
782 3218 854 3271 ita
883 3227 940 3270 ut
959 3217 1111 3271 malit
1139 3216 1524 3273 inurbanitatis
1548 3220 1999 3286 reprehensiones

426 3308 719 3371 sustinere,
755 3324 916 3376 quam
940 3308 1009 3363 ad
1039 3307 1369 3378 voluptatem
1394 3317 1486 3364 aut
1522 3308 1830 3377 aliquorum
1861 3310 2008 3364 dam-

429 3419 556 3457 num
588 3403 861 3468 abstrahi;
911 3416 974 3455 ac
1012 3409 1211 3455 caetera
1240 3400 1460 3470 quidem
1488 3401 1671 3456 omnia
1705 3402 1991 3470 despiciat,

425 3496 599 3551 solum
625 3508 805 3550 autem
840 3494 1125 3548 Dominum
1155 3507 1372 3563 semper
1397 3494 1691 3559 intueatur,
1719 3504 1774 3549 et
1796 3494 2004 3564 angelis

426 3587 711 3656 aequalem,
744 3585 886 3640 inter
914 3585 1131 3640 femina:
1156 3593 1210 3640 et
1236 3585 1463 3639 masculi
1497 3586 1840 3652 discrimina,
1869 3588 2008 3643 inte-

427 3677 642 3747 gritatis
668 3676 1131 3745 pulchritudinem
1159 3714 1174 3740 ,
1205 3692 1233 3729 a
1264 3676 1520 3745 praesenti
1548 3678 1655 3730 vita
1682 3679 1749 3731 ad
1777 3693 2008 3747 regene-

432 3768 662 3822 rationis
710 3782 884 3820 mvum
913 3810 928 3836 ,
961 3767 1336 3822 inluminatam
1384 3768 1497 3835 jam
1545 3783 1688 3824 nunc
1732 3772 2005 3824 ostendat.

424 3859 725 3929 Virginitas
746 3860 891 3913 enim
923 3860 1089 3912 vitam
1121 3869 1366 3913 nostram
1410 3860 1477 3914 de
1531 3862 1881 3931 corruptione
1936 3863 2003 3917 ad

428 3950 890 4021 incorruptionem
914 3950 1143 4022 colligit.

499 4156 591 4211 54.
628 4154 796 4209 Primi
827 4168 972 4208 enim
1019 4152 1266 4209 homines
1300 4168 1364 4208 ex
1413 4167 1623 4222 parvus,
1661 4166 1719 4210 ut
1748 4171 1877 4221 (ιιιιι,
1920 4171 2009 4210 se-

429 4248 671 4303 minibus
705 4262 803 4316 per
834 4256 1053 4301 mutuas
1081 4247 1295 4315 nuptias
1336 4255 1503 4299 totam
1546 4247 1855 4302 hominibus
1885 4258 2004 4300 ter-

2111 3046 2376 3098 πίπτετε.
2424 3045 2588 3098 Ὥστε
2651 3044 2829 3116 πολλῷ
2885 3045 3103 3099 κάλλιον
3151 3046 3251 3116 τὴν
3318 3045 3596 3116 παρθένον
3646 3046 3708 3099 τὺ

2110 3135 2352 3204 ἀσφαλὲς
2391 3137 2558 3207 ἑαυτῇ
2598 3136 2695 3189 xui.
2734 3137 3087 3209 ἀπρόσκοπον
3118 3137 3228 3190 τῶν
3263 3137 3517 3210 ὁρώντων
3560 3155 3712 3211 πρα-

2110 3228 2550 3299 γματευομένην,
2602 3228 2941 3300 πανταχόθεν
2986 3229 3348 3299 ἀνεπίμικτον
3393 3225 3533 3283 εἶναι
3562 3248 3577 3262 ·
3618 3232 3709 3285 αἱ-

2114 3317 2382 3389 ρουμένην
2422 3320 2519 3382 τὰς
2547 3319 2640 3371 ἐπὶ
2666 3319 2744 3389 τῷ
2786 3319 2981 3389 ἀδεξίῳ
3018 3319 3255 3390 μέμψεις
3306 3319 3635 3391 βαστάζειν,
3674 3322 3708 3391 ἢ

2110 3411 2246 3483 πρὸς
2281 3411 2476 3482 ἡδονὴν
2505 3412 2599 3464 xui.
2635 3411 2841 3483 βλάϐην
2868 3413 3029 3467 τινῶν
3070 3413 3478 3487 ύίνεοσύρεο-θαι⁸
3520 3415 3709 3468 πάντα

2115 3504 2213 3575 μὲν
2247 3504 2315 3558 τὰ
2361 3502 2527 3557 λοιπά
2569 3503 2920 3575 παρορῶσαν,
2971 3504 3117 3575 μόνῳ
3167 3504 3226 3558 δὲ
3279 3504 3356 3575 τῷ
3389 3505 3590 3577 Κυρίῳ
3641 3506 3708 3560 δι’

2110 3599 2231 3651 ὅλου
2272 3597 2679 3667 ὲμϐλέπουσαν·
2732 3597 2828 3648 xui.
2878 3596 2942 3649 τὸ
2993 3599 3059 3650 ἐκ
3107 3595 3201 3651 τοῦ
3265 3597 3457 3668 θήλεός
3502 3616 3563 3650 τε
3617 3598 3708 3652 καὶ

2111 3690 2340 3760 ἄρρενος
2395 3688 2679 3756 ίσάγγελον
2725 3687 2827 3756 τῆς
2865 3687 3133 3758 ἀφθορίας
3184 3687 3382 3751 κάλλος
3432 3688 3543 3742 ἀπὸ
3592 3689 3705 3759 (ιο)

2110 3781 2207 3834 τοῦ
2238 3781 2508 3853 παρόντος
2554 3781 2669 3851 βίου
2706 3783 2786 3845 εἰς
2813 3781 2905 3835 τὸν
2940 3780 3041 3849 τῆς
3075 3779 3499 3848 παλιγγενεσίας
3530 3783 3708 3835 αἰῶνα

2112 3874 2381 3945 ἄχραντον
2407 3873 2654 3927 ἐντεῦθεν
2677 3874 2779 3945 ἤδη
2813 3872 3119 3929 δεικνῦσαν.
3145 3874 3373 3942 Συνάγει
3402 3875 3511 3945 γὰρ
3545 3877 3709 3948 ἡμῶν

2113 3967 2180 4019 ὲκ
2204 3967 2302 4037 τῆς
2351 3965 2556 4037 φθορᾶς
2593 3969 2673 4028 εἰς
2719 3966 2818 4037 τὴν
2854 3964 3165 4036 ἀφθαρσίαν
3213 3967 3246 4037 ἠ
3292 3965 3567 4037 παρθενία
3614 3967 3706 4021 τὶν

2115 4056 2251 4127 βίον.

2185 4151 2273 4205 54.
2315 4151 2378 4204 Oi
2412 4150 2524 4222 γὰρ
2558 4151 2764 4222 πρῶτοι
2806 4150 2867 4216 ἐξ
2897 4150 3114 4220 ὀλίγων,
3153 4151 3292 4224 ὅπερ
3332 4150 3491 4223 ἔφην,
3528 4169 3701 4224 σπερ-

2120 4244 2303 4312 μάτων
2331 4247 2445 4309 τοῖς
2487 4245 2574 4298 ἐπ’
2615 4244 3108 4315 ἀλλήλοις“γάμοις
3134 4243 3232 4316 τὴν
3264 4243 3368 4314 γῆν
3419 4243 3706 4317 ἀνθρωπό-

430 4356 547 4397 ram
586 4341 954 4411 repleverunt.
978 4337 1279 4407 Virginitas
1316 4348 1498 4391 autem
1527 4352 1592 4392 ea
1623 4352 1741 4406 quae
1787 4336 1843 4391 in
1891 4348 1994 4391 toto

2137 4351 2280 4406 τητος
2316 4335 2446 4408 ὅλην
2487 4337 2872 4409 κατέσπειραν.
2910 4336 2975 4389 Ἦ
3007 4335 3062 4388 δὲ
3094 4335 3162 4391 τὰ
3193 4337 3338 4390 κατὰ
3383 4338 3567 4391 πᾶσαν
3601 4339 3703 4409 γῆν

428 4434 564 4489 orbe
595 4448 692 4503 per
722 4430 1014 4499 voluptatis
1045 4430 1264 4497 nuptias
1291 4437 1409 4483 sata
1439 4427 1614 4493 fuere,
1657 4429 1709 4482 in
1740 4428 2004 4482 caelorum

430 4526 630 4580 horrea
666 4522 892 4592 colligit.
928 4520 1080 4576 Hanc
1102 4521 1249 4574 enim
1275 4535 1491 4580 eorum,
1516 4535 1636 4583 qua:
1659 4523 1724 4574 ad
1756 4523 2009 4577 incorru-

429 4618 671 4689 ptionem
707 4625 823 4669 sata
854 4623 1017 4679 sunt,
1046 4613 1421 4667 collectionem
1464 4613 1710 4668 indicans
1745 4612 2006 4668 Dominus

430 4707 670 4762 diccbat:
701 4704 893 4759 Levate
923 4703 1102 4757 oculos
1132 4713 1327 4757 vestros
1358 4715 1405 4757 et
1436 4705 1601 4758 videte
1632 4704 1863 4773 regiones
1879 4704 2004 4774 quia

421 4801 541 4873 jam
571 4799 704 4854 alba:
726 4805 847 4853 sunt
880 4798 948 4850 ad
996 4812 1214 4851 messem
1245 4796 1311 4849 ⁸⁸.
1345 4796 1476 4851 Nam
1507 4812 1632 4852 cum
1660 4808 1804 4851 terra
1855 4796 2007 4864 prius

431 4892 624 4948 incolis
665 4903 861 4945 carens
890 4928 908 4956 ,
958 4884 1205 4943 habitata
1264 4889 1519 4957 deinceps
1552 4888 1785 4955 fuisset,
1820 4889 2006 4943 videns

431 4983 694 5040 Dominus
719 4992 908 5036 noster
935 4980 1223 5051 plurimam
1267 4979 1379 5048 jam
1423 4994 1549 5034 esse
1580 4979 1858 5033 hominum
1893 4977 2005 5046 spi-

430 5095 551 5135 cam
584 5093 651 5135 ac
677 5075 879 5131 fetibus
923 5075 975 5128 in
1005 5073 1151 5127 omni
1184 5074 1404 5143 regione
1432 5073 1711 5144 gravidam
1740 5114 1754 5138 ,
1799 5073 1992 5125 harum

431 5171 704 5241 spicarum
741 5165 1169 5236 colligendarum
1193 5162 1305 5233 jam
1341 5174 1554 5233 tempus
1586 5176 1709 5218 esse
1736 5162 2002 5219 decernit.

432 5265 613 5331 Quare
642 5259 927 5331 virginitas
953 5299 969 5323 ,
1004 5273 1126 5311 cum
1182 5257 1474 5312 secundum
1512 5265 1759 5310 naturam
1790 5256 2003 5326 perspi-
2046 5324 2051 5329 ξ

433 5357 562 5420 ciat,
594 5353 1049 5423 quemadmodum
1076 5352 1143 5405 ad
1173 5357 1501 5422 prasentem
1534 5350 1697 5403 vitam
1727 5347 2004 5404 ferendam

431 5447 787 5504 humanitatis
838 5445 1045 5500 semina
1072 5457 1172 5513 per
1199 5444 1514 5514 nuptiarum
1554 5440 1886 5510 voluptatem
1919 5440 2005 5510 ja-

502 5586 551 5620 ⁸⁸
576 5585 696 5642 Gal.
750 5602 815 5650 ιι,
857 5584 944 5641 l6.
1023 5585 1071 5617 ⁸⁵
1106 5583 1263 5638 Rom.
1298 5597 1393 5649 vn,
1421 5582 1477 5638 9.
1554 5581 1602 5613 "
1643 5580 1769 5637 ibid.
1809 5580 1895 5638 ll.

506 5727 617 5800 (ιο)
665 5728 821 5785 Ἀπό.
853 5727 944 5785 Sic
974 5741 1103 5783 mss.
1134 5740 1245 5782 sex.
1289 5723 1452 5794 Editi,
1493 5724 1617 5779 ὑπό.

2114 4423 2201 4478 διὰ
2237 4425 2337 4496 τῆς
2380 4426 2488 4479 τῶν
2518 4427 2711 4497 γάμων
2740 4427 2934 4498 ἡδονῆς
2967 4425 3286 4498 ἐσπαρμένα
3332 4427 3414 4490 εἰς
3458 4426 3558 4492 τὰς
3594 4428 3702 4481 τῶν

2116 4518 2361 4588 οὐρανῶν
2410 4519 2695 4591 ἀποθήκας
2748 4519 2992 4589 συνάγει.
3026 4518 3243 4590 Ταύτην
3295 4518 3404 4589 γὰρ
3446 4518 3548 4591 τὴν
3595 4520 3702 4574 τῶν

2119 4610 2480 4683 ὲσπαρμένων
2514 4613 2595 4676 είς
2629 4612 2941 4684 ἀφθαρσίαν
2974 4611 3298 4680 συναγωγὴν
3329 4611 3701 4683 αἰνιττόμενος

2116 4702 2146 4755 ὁ
2178 4702 2383 4774 Κύριος
2412 4703 2625 4772 ἔλεγενο
2670 4703 2955 4772 Ἐπὰρατε
2988 4702 3131 4769 τοὺς
3160 4702 3511 4773 ὀφθαλμοὺς
3536 4703 3701 4773 ὑμῶν

2118 4794 2217 4849 καὶ
2268 4795 2444 4861 ἴδετε,
2491 4797 2581 4849 ὅτι
2637 4795 2753 4865 ἤδη
2786 4800 2845 4851 αἱ
2885 4794 3071 4866 χῶραι
3120 4795 3338 4850 λευκαί
3383 4797 3505 4849 εἱσι
3552 4795 3699 4864 πρὸς

2118 4890 2420 4956 θερισμόν.
2459 4888 2705 4957 Ἀπάσης
2746 4888 2856 4958 γὰρ
2891 4887 2994 4957 τῆς
3027 4887 3155 4957 πρὶν
3198 4886 3481 4956 ἀοικήτου,
3521 4888 3699 4940 οἰκου-

2121 4981 2291 5050 μένης
2318 4980 2502 5033 λοιπον
2531 4979 2852 5050 γενομένης,
2889 4978 3057 5032 πολὺν
3091 4978 3190 5049 ιἤδη
3234 4977 3325 5030 τὸν
3356 4976 3463 5031 τῶν
3492 4976 3696 5050 ἀνθρώ-

2116 5091 2236 5128 πων
2266 5075 2465 5145 στάχυν
2511 5075 2605 5127 xui.
2640 5072 2895 5145 βρίθοντα
2947 5074 3063 5135 τοῖς
3111 5070 3359 5139 ἐκγόνοις
3396 5071 3543 5124 κατά
3590 5056 3730 5125 πτίἱνΙ

2119 5166 2289 5238 κλίμα
2325 5168 2354 5220 ὁ
2381 5164 2585 5236 Κύριος
2620 5164 2775 5235 ἡμῶν
2811 5163 2986 5227 εἰδὼς,
3045 5163 3371 5231 συναγωγῆς
3426 5160 3541 5214 τῶν
3574 5178 3694 5216 στα-

2118 5257 2264 5329 χύων
2296 5255 2501 5310 τούτων
2533 5254 2721 5326 καιρὸν
2753 5252 2892 5307 εἶναι
2929 5251 3115 5306 λοιπὸν
3159 5251 3467 5321 δοκιμάζει.
3499 5251 3694 5319 Διόιτερ

2117 5352 2151 5423 ἡ
2186 5349 2450 5422 παρθενία
2502 5348 2644 5403 κατὰ
2674 5346 2836 5416 φύσιν
2867 5345 3216 5417 γνωρίσασα,
3263 5344 3345 5396 ὅτι
3395 5341 3590 5414 ὥσπερ
3623 5345 3693 5404 είς

2114 5443 2214 5515 τὴν
2244 5441 2338 5495 τοῦ
2374 5439 2641 5514 παρόντος
2690 5436 2806 5509 βίου
2850 5436 3063 5508 σπορὰν
3093 5434 3184 5489 διά
3215 5435 3312 5506 τῆς
3355 5433 3467 5487 τῶν
3505 5434 3693 5505 γάμων

1991 5581 2040 5616 ⁵⁸
2071 5581 2210 5638 Gen.
2246 5594 2299 5634 vr
2326 5620 2339 5645 ,
2366 5575 2423 5632 2.
2500 5576 2545 5609 ⁸⁷
2579 5573 2720 5631 Psal.
2754 5588 2940 5642 um,
2967 5571 3021 5638 6,
3058 5571 3110 5627 7.
3187 5570 3235 5604 ⁸⁸
3265 5566 3425 5627 Joan.
3449 5583 3526 5639 ιγ,
3550 5568 3645 5626 55.
