3802 6216
135 284 246 342 τη

1357 278 1563 335 LIBER
1602 278 1691 334 DE
1731 278 2197 337 VIBGINITATE.

3309 282 3416 339 778

132 398 338 474 ἡδονῆς
397 396 468 452 τά
522 393 812 468 σπέρματα
862 394 962 467 τῆς
1023 393 1445 467 ἀνθρωποτητος
1495 393 1713 449 κατεϐά-

1841 406 1924 451 eta
1956 406 2110 464 sunt,
2147 397 2221 452 ita
2257 396 2324 453 ad
2374 395 2612 451 futuram
2638 396 2802 452 vitam
2830 398 3038 454 semina
3073 398 3197 454 vitae
3218 406 3418 454 nostra:

131 491 280 552 λετο,
306 488 455 544 οὕτω
487 488 580 543 καὶ
618 489 702 551 είς
739 487 830 540 τὸν
859 487 977 540 ἐκεῖ
1023 484 1135 556 βίον
1176 484 1245 539 τὰ
1296 485 1592 557 σπέρματα
1635 483 1731 538 τοῦ

131 580 256 651 βίου
281 577 446 651 ἡμῶν
477 577 567 631 διὰ
591 576 693 648 τῆς
724 575 989 648 ἀφθορίας
1018 574 1273 629 ἐντεῦθεν
1313 574 1413 647 ἤδη
1459 574 1734 629 καταϐάλ-

129 670 352 734 λεσθαι,
384 668 676 733 σπουδάζει
705 668 770 722 δι’
799 667 999 739 ἑαυτῆς
1034 666 1252 739 καθαρὰ
1292 667 1361 721 τά
1388 666 1488 738 τῆς
1524 667 1735 739 ἀφθαρ-

128 764 261 825 σίας
296 762 594 834 σπέρματα
625 760 762 833 πρὸς
789 760 882 813 τὸν
914 758 1191 831 ἄφθαρτον
1232 757 1347 830 βίον
1379 757 1458 830 τῷ
1501 759 1734 832 γεωργῷ

128 854 485 928 εὐτρεπίζειν
541 853 686 925 (11)⁸
740 851 1169 923 άναχαιτίζουσα
1238 851 1355 925 μὲν,
1397 852 1735 925 εὐτονωτέρα

129 946 231 1015 τῆς
268 944 582 1017 ἀφθαρσίας
619 944 766 1016 χειρὶ
798 940 1176 1013 ἀντιστρόφως
1208 940 1307 1012 τὴν
1346 939 1456 993 τῶν
1503 939 1733 1013 θηλειῶν

131 1034 412 1105 σωμάτων
468 1033 704 1105 φυσικὴν
762 1031 900 1104 πρὸς
951 1030 1022 1084 τά
1092 1030 1299 1103 ἄρρενα
1367 1029 1689 1101 συμπλοκήν
1715 1045 1728 1059 ·

130 1125 341 1181 άπαθεῖ
370 1125 428 1178 δὲ
455 1124 683 1195 δυνάμει
724 1124 786 1178 τὸ
836 1122 959 1178 καθ’
1010 1122 1213 1193 ἑαυτὴν
1259 1121 1456 1186 κάλλος
1501 1121 1579 1192 τῷ
1632 1123 1733 1193 τῆς

132 1218 564 1288 παλιγγενεσίας
644 1217 802 1272 αἰῶνι
883 1215 1266 1288 λαμπρότερον
1342 1214 1727 1285 ἑτοιμάζουσα.

133 1310 452 1383 [Ιροέλαϐον
492 1307 624 1380 γοῦν
668 1309 873 1382 ἀρετῆς
920 1307 1310 1381 κατορθώματι
1359 1308 1416 1362 αί
1472 1306 1732 1380 παρθένοι

136 1404 193 1458 τὸ
227 1403 425 1475 μέλλον
459 1405 517 1457 ἐν
563 1405 630 1475 τῇ
679 1401 1076 1474 παλιγγενεσία
1126 1400 1218 1456 διὰ
1246 1400 1349 1471 τῆς
1393 1400 1503 1453 τῶν
1543 1398 1731 1471 σωμά-

132 1512 245 1550 των
277 1494 696 1562 ὲξαναστάσεως
731 1493 1038 1566 μεταϐολῆς
1065 1494 1261 1558 αὐταῖς
1316 1493 1546 1563 δυνάμει
1593 1491 1731 1545 Θεοῦ

133 1585 565 1659 κατορθοῦσθαι.
604 1585 887 1640 Ἐντεῦθεν
929 1586 1065 1658 ἥδη,
1110 1585 1189 1648 ὡς
1234 1585 1284 1638 οί
1328 1584 1572 1654 ἄγγελοι,
1607 1582 1732 1637 οὔτε

133 1676 413 1749 γαμοῦσιν
442 1675 569 1729 οὔτε
605 1674 956 1747 γαμίζονται,
994 1675 1133 1729 ἀλλά
1175 1673 1272 1729 καὶ
1317 1673 1495 1745 ψυχῆς
1535 1674 1728 1746 ἀρετῇ,

132 1767 235 1823 καὶ
300 1766 555 1840 σώματος
616 1767 854 1841 ἀφθορίᾳ
911 1766 1185 1836 ἰσάγγελοι
1252 1761 1431 1821 οὖσαι.
1481 1766 1595 1819 Καὶ
1648 1766 1731 1819 ὅτι

136 1859 371 1932 σπέρμα
401 1859 495 1914 τοῦ
533 1858 811 1932 ἀφθάρτου
843 1859 958 1931 βίου
995 1858 1094 1931 τὴν
1127 1858 1425 1932 παρθενίαν
1454 1861 1484 1913 ό
1524 1857 1730 1931 Κύριος

131 1950 298 2023 ἡμῶν
343 1952 411 2005 ὲκ
439 1952 545 2023 γῆς
594 1954 674 2017 είς
728 1952 958 2025 οὐρανὸν
1006 1951 1328 2025 παραδόξως
1375 1951 1731 2022 πεμπόμενον

133 2040 407 2114 ἐϐουλήθη
443 2042 715 2112 γενέσθαι,
761 2044 1132 2117 ὲμμελετῆσαι
1178 2044 1249 2098 τὰ
1297 2040 1526 2114 σώματα
1572 2042 1728 2115 ἡμῶν

130 2135 196 2188 τὸ
250 2134 352 2206 τῆς
405 2134 673 2208 άφθορίας
725 2134 924 2199 κάλλος
980 2136 1068 2190 διὰ
1129 2135 1228 2205 τῆς
1273 2134 1383 2189 τῶν
1442 2134 1729 2207 παρθένων

132 2225 406 2298 άφθορίας
453 2226 552 2298 ῆδη
605 2226 867 2299 θελήσας,
917 2227 1076 2298 δῆλόν
1128 2229 1276 2280 ἐστιν
1321 2226 1382 2294 ἐξ
1431 2219 1506 2282 ὧν
1552 2226 1730 2280 πάντα

130 2318 212 2389 τῷ
242 2317 397 2389 νόμῳ
432 2316 680 2382 πεισθεὶς
710 2318 872 2389 μόνον
906 2318 998 2371 τὸν
1029 2317 1207 2390 γάμον
1250 2317 1541 2371 ἀπείπατο.
1578 2317 1728 2370 Ἔδει

132 2403 245 2476 γὰρ
269 2405 331 2472 ἐξ
362 2404 601 2477 ἀφθόρου
642 2407 915 2478 παρθένου
952 2407 1189 2479 ἄφθορον
1223 2408 1319 2461 καὶ
1363 2410 1507 2461 κατὰ
1552 2407 1729 2478 σάρκα

128 2496 424 2566 τεχθέντα,
470 2495 607 2568 μηδὲ
661 2497 763 2568 τῆς
814 2495 959 2550 κατὰ
1008 2496 1102 2550 τὸν
1157 2496 1336 2568 γάμον
1395 2495 1727 2568 πειραθῆναι

131 2590 376 2661 φθορᾶςο
409 2589 508 2643 οὐκ
545 2588 653 2643 ἀπὸ
696 2589 938 2660 ἀφθόρου
969 2588 1147 2661 φθορᾷ
1182 2589 1294 2662 (12)
1349 2587 1604 2661 σώματος
1636 2588 1730 2643 διά

128 2679 226 2734 τοῦ
265 2682 473 2751 γάμου,
516 2680 632 2735 ἀλλ’
675 2682 786 2736 ἀπὸ
839 2682 1200 2754 ἐφθαρμένων
1242 2683 1357 2747 τοῖς
1404 2681 1606 2754 γάμοις
1656 2685 1724 2755 τῇ

130 2773 277 2829 κατά
314 2772 477 2843 φύσιν
510 2773 746 2847 άφθορίᾳ
780 2774 941 2847 ἡμῶν
973 2774 1452 2848 ὑπηρετούμενον’
1510 2775 1606 2830 καὶ
1651 2774 1728 2841 ὡς

127 2863 161 2920 ὁ
194 2863 374 2936 Ἀδὰμ
417 2864 643 2937 σπέρμα
692 2864 782 2919 διὰ
830 2865 931 2937 τῆς
978 2865 1087 2919 τῶν
1140 2865 1336 2937 γάμων
1386 2866 1582 2938 ἡδονῆς
1629 2864 1724 2920 τοῦ

132 2956 409 3029 παρόντος
455 2955 571 3028 βίου
620 2956 859 3026 ἐγένετο,
908 2956 1082 3023 οὕτως
1140 2957 1304 3012 αὑτὸν
1347 2958 1575 3030 σπέρμα
1628 2957 1724 3011 τοῦ

133 3048 427 3122 μέλλοντος
494 3049 691 3113 αίῶνος
750 3049 840 3104 διὰ
892 3051 993 3123 τῆς
1050 3050 1196 3105 κατά
1271 3051 1372 3123 τὴν
1428 3049 1724 3122 παρθενίαν

132 3233 425 3307 σπείραντι
456 3234 566 3306 (15)
599 3233 902 3307 ἀνθρώπων
935 3235 1029 3289 τὸν
1070 3237 1166 3289 ἐπὶ
1203 3235 1309 3306 γῆς
1345 3234 1462 3306 βίον
1501 3236 1730 3306 ἠκολου-

132 3326 401 3400 ϐήσαμεν,
429 3325 571 3381 οὕτω
602 3326 682 3398 τῷ
712 3326 903 3399 Κυρίῳ
928 3325 1018 3381 διὰ
1044 3328 1144 3399 τῆς
1185 3327 1524 3401 παρθενικῆς
1562 3328 1730 3398 ἀφθορ

132 3419 258 3494 ρίας
299 3420 591 3493 σπείραντι
631 3421 724 3477 τὸν
767 3424 886 3476 ἐκεῖ
931 3421 1135 3486 αἰῶνα,
1184 3423 1466 3496 φρονίμως
1504 3423 1731 3478 ἀκολου-

132 3514 416 3585 θήσωμεν.
452 3514 517 3566 Ei
566 3513 625 3567 δὲ
684 3513 761 3587 μὴ
806 3512 873 3569 ἐκ
924 3517 1207 3589 παρέργου
1273 3516 1371 3572 καὶ
1433 3516 1579 3572 κατά
1636 3517 1730 3571 τὸν

132 3606 467 3678 παράδεισον
500 3606 595 3660 καὶ
619 3607 713 3661 τὸν
752 3609 868 3662 ἐκεῖ
909 3607 1024 3680 βίον
1047 3610 1141 3664 τὸν
1177 3608 1352 3681 Ἀδὰμ
1380 3609 1728 3681 ὲπισκέψωο,

132 3695 318 3768 εὕροις
334 3695 402 3751 ἂν
418 3697 584 3753 αὐτὸν
599 3699 658 3752 ὲν
678 3698 777 3771 μὲν
806 3699 1121 3773 παραδείσῳ
1150 3699 1225 3773 μὴ
1246 3701 1436 3773 χρείαν
1456 3702 1731 3774 ἐσχηκότα

131 3789 337 3858 γνῶναι
375 3789 569 3843 ἑαυτοῦ
608 3790 706 3863 τὴν
743 3795 1013 3859 γυναῖκαο
1049 3791 1191 3864 μετά
1216 3792 1289 3847 ,δὲ
1337 3793 1440 3866 τὴν
1473 3794 1727 3865 παράϐα-

134 3897 243 3945 σιν,
286 3881 383 3935 καὶ
414 3882 505 3936 τὸν
538 3881 767 3937 θάνατον
800 3884 896 3937 καὶ
942 3884 1041 3955 τὴν
1087 3885 1366 3939 ἔκπτωσιν
1412 3884 1507 3940 τοῦ
1542 3903 1727 3958 παρα-

131 3969 339 4037 δείσου,
369 3972 494 4027 τότε
519 3971 619 4044 τὴν
646 3977 878 4043 γυναῖκα
902 3974 1244 4044 γινώσκοντα
1262 3992 1276 4006 ’
1315 3976 1404 4030 ίνα
1432 3976 1496 4030 τὸ
1529 3975 1727 4048 θνητὸν

132 4060 325 4117 λοιπὸν
361 4062 464 4134 τῆς
514 4063 730 4133 φύσεως
757 4068 826 4138 τῇ
878 4067 1095 4139 διαδοχῇ
1145 4067 1256 4123 τῶν
1289 4067 1496 4123 παίδων
1551 4085 1727 4141 παρα-

139 4154 473 4228 μνθήσηται.
529 4150 600 4229 ᾯ
664 4158 1041 4233 ἀντιστρόφως
1103 4159 1182 4231 τῷ
1237 4161 1318 4225 εἰς
1391 4159 1725 4233 παράδεισον

134 4246 324 4318 ἄγοντι
352 4250 385 4320 ή
415 4248 687 4322 παρθένος
712 4249 1145 4323 ἀκολουθήσασα,
1180 4253 1298 4323 μετ’
1322 4252 1534 4306 ἐκείνου
1564 4251 1729 4322 ἄφθοο

137 4356 230 4412 ρος
255 4341 315 4394 ὲν
344 4340 660 4414 παραδείσῳ
687 4342 790 4416 ῆδη
817 4345 1000 4416 τρυφᾷ
1019 4361 1032 4373 ο
1068 4344 1315 4414 φυγοῦσα
1349 4344 1450 4416 μὲν
1480 4343 1578 4418 τὴν
1619 4344 1725 4412 ἔξω

1837 488 1967 542 Ιιὶιιο
2004 488 2117 558 jam
2145 501 2242 557 per
2265 488 2631 558 integritatem
2672 489 2804 559 jaci,
2850 498 3082 545 conatur
3103 504 3198 560 per
3223 500 3414 546 semet-

1840 580 2014 650 ipsam
2047 596 2180 650 pura
2208 580 2540 648 integritatis
2568 581 2776 637 semina
2806 582 2872 635 ad
2924 583 3296 652 incorruptam
3328 585 3413 638 vi-

1838 682 1946 728 tam
1970 672 2220 744 agricolae
2251 686 2594 742 praeparare;
2626 672 2803 727 valida
2839 674 3056 744 quidem
3090 675 3417 746 integritatis

1836 778 1999 819 manu
2047 774 2347 820 retrorsum
2381 764 2605 819 trahens
2628 765 2795 837 667
2828 757 3137 822 naturalem
3188 766 3416 821 femina-

1838 871 1956 909 rum
1989 871 2113 909 cum
2146 855 2407 913 masculis
2435 854 2801 925 complexum,
2829 857 3029 913 virtute
3063 867 3251 914 autem
3286 856 3416 914 al'l'e-

1839 947 2037 1003 etionis
2087 958 2313 1017 experte
2338 963 2494 1004 suam
2527 948 2697 1017 ipsius
2753 948 3215 1019 pulchritudinem
3249 964 3410 1021 rege-

1837 1039 2138 1096 nerationis
2187 1055 2305 1096 aevo
2342 1040 2766 1112 splendidiorem
2795 1056 3015 1110 parans.
3045 1041 3103 1097 ln
3160 1052 3413 1098 anteces-

1836 1146 1955 1187 sum
1989 1146 2119 1204 ergo
2149 1133 2369 1188 virtutis
2416 1133 2614 1188 merito
2644 1133 2882 1204 virgines
2907 1142 3218 1190 consecuta:
3257 1144 3410 1201 sunt,

1842 1234 1903 1279 ut
1928 1223 2109 1281 futura
2143 1227 2196 1281 in
2221 1227 2636 1296 regeneratione
2662 1240 2760 1297 per
2804 1227 3261 1284 resurrectionem
3292 1243 3417 1284 cor-

1834 1332 2027 1387 porum
2085 1320 2338 1387 mutatio,
2366 1319 2463 1374 Dei
2513 1319 2715 1374 virtute
2770 1318 2823 1374 in
2876 1318 3008 1389 ipsis
3037 1319 3413 1391 perﬁceretur.

1835 1405 1936 1463 llic
1973 1407 2119 1462 enim
2154 1417 2409 1478 tanquam
2449 1408 2650 1481 angeli,
2681 1422 2857 1478 neque
2880 1409 3094 1465 nubunt
3126 1425 3301 1481 neque
3326 1427 3419 1468 nu-

1833 1499 2053 1566 buntur,
2109 1500 2200 1554 sed
2252 1508 2306 1556 et
2341 1501 2536 1555 animae
2560 1501 2762 1555 virtute
2823 1510 2877 1556 et
2904 1502 3149 1573 corporis
3197 1503 3419 1574 integri-

1836 1598 1948 1646 tate
1967 1592 2202 1664 aequales
2231 1594 2438 1663 angelis
2479 1594 2702 1665 suutl”.
2729 1591 2882 1661 Quod
2912 1604 3091 1651 autem
3119 1596 3285 1651 voluit
3314 1596 3420 1652 Do-

1837 1684 2016 1740 minus
2050 1695 2235 1740 nostcr
2268 1699 2326 1740 ut
2354 1701 2539 1741 semen
2574 1686 2908 1757 incorruptae
2922 1687 3050 1743 vitae
3068 1688 3354 1759 virginitas
3387 1706 3420 1744 e

1835 1782 1981 1829 terra
2019 1775 2072 1829 in
2104 1775 2303 1830 cmlum
2357 1775 2682 1831 mirabiliter
2730 1776 3064 1843 mitteretur,
3086 1775 3200 1845 jam
3230 1787 3415 1833 nostra

1832 1882 2060 1937 corpora
2113 1868 2445 1938 integritatis
2492 1866 2954 1937 pulchritudinem
3006 1883 3104 1938 per
3145 1869 3416 1942 virginum

1833 1961 2201 2032 integritatem
2234 1960 2483 2016 meditari
2528 1961 2715 2017 volens
2747 1999 2763 2025 ,
2806 1960 2860 2015 id
2890 1959 3017 2016 inde
3043 1970 3237 2031 patet,
3274 1962 3418 2031 quod

1832 2066 1956 2107 cum
2004 2052 2057 2105 in
2113 2051 2365 2106 omnibus
2416 2050 2518 2122 legi
2576 2050 2857 2122 paruerit,
2889 2050 3110 2122 nuptias
3151 2054 3416 2107 renuerit.

1829 2141 2129 2212 Oportebat
2171 2143 2317 2198 enim
2346 2182 2363 2210 ,
2394 2155 2454 2198 ut
2476 2158 2542 2196 ex
2575 2144 2893 2213 incorrupta
2923 2143 3135 2214 virgine
3166 2144 3416 2199 incorru-

1831 2248 1956 2308 ptus
1981 2239 2147 2292 etiam
2180 2252 2348 2293 carne
2370 2237 2612 2309 genitus,
2652 2253 2754 2293 nec
2783 2237 3094 2307 nuptiarum
3128 2238 3413 2307 experire-

1834 2339 1922 2384 tur
1953 2330 2399 2399 curruptionem:
2434 2330 2637 2399 quippe
2671 2343 2795 2384 cum
2838 2343 2940 2384 nec
2961 2330 3205 2400 genitum
3229 2345 3297 2385 ex
3331 2330 3415 2385 in-

1831 2432 2109 2492 corrupta,
2139 2421 2388 2490 corporis
2418 2436 2516 2488 per
2545 2420 2763 2491 nuptias
2798 2421 3134 2491 corruptioni
3177 2421 3409 2488 servire,

1832 2529 2007 2582 neque
2052 2514 2217 2568 etiam
2275 2527 2343 2568 ex
2373 2514 2650 2584 corruptis
2703 2511 3055 2570 matrimonio
3104 2513 3415 2571 hominibus

1831 2614 2020 2659 natum
2092 2614 2295 2659 nostrae
2347 2604 2649 2659 secundum
2705 2613 2954 2660 naturam
3010 2606 3406 2675 iucorruptioni

1833 2697 2053 2752 deceret
2084 2697 2418 2752 ministrare.
2448 2696 2515 2752 Et
2536 2699 2996 2769 quemadmodum
3022 2699 3191 2753 Adam
3221 2713 3408 2755 semen

1835 2792 2122 2859 praesentis
2165 2788 2291 2844 vita:
2316 2802 2413 2859 per
2437 2789 2748 2858 nuptiarum
2779 2791 3111 2860 voluptatem
3158 2791 3414 2857 exstitit;

1831 2880 1905 2934 ita
1941 2889 1995 2935 et
2026 2894 2151 2935 eum
2186 2894 2371 2935 semen
2403 2879 2573 2934 l‘utu'ri
2606 2881 2707 2935 aevi
2757 2898 2854 2951 per
2883 2882 3219 2954 virginitatis
3269 2883 3416 2939 inte‘

1828 2972 2081 3044 gritatem
2110 2987 2235 3028 esse
2255 2974 2561 3043 oportebat,
2581 2985 2641 3029 ut
2667 2976 3121 3046 quemadmodum
3144 2976 3413 3033 Adamum

133 3066 427 3122 μελλοντος
494 3066 691 3113 αιωνος
750 3066 840 3104 οια
892 3068 993 3123 της
1050 3066 1196 3105 κατα
1271 3066 1372 3123 την
1428 3066 1713 3122 παρυενιαι

130 3141 450 3215 ἀφθαρσίας
479 3142 761 3211 γενέσθαιο
799 3143 866 3197 ἶν’
905 3145 982 3208 ὡς
1014 3145 1208 3216 ἐκείνῳ
1240 3144 1330 3198 διὰ
1370 3143 1480 3198 τῶν
1527 3144 1713 3216 γάμωι

1841 3066 1999 3122 secuti
2033 3081 2222 3121 sumus
2246 3105 2263 3132 ,
2300 3067 2391 3137 qui
2431 3081 2533 3138 per
2563 3068 2781 3139 nuptias
2828 3069 3116 3124 humanam
3173 3070 3227 3125 in
3269 3079 3415 3126 terra

1841 3157 1998 3211 vitam
2028 3157 2343 3216 seminavit.
2377 3158 2454 3213 ita
2495 3158 2809 3216 Dominum.
2850 3163 2943 3216 oui
2975 3178 3072 3216 uer
3091 3164 3413 3216 viminalem

955 3162 1104 3208 ςεκε

1829 3157 1998 3211 vitam
2028 3157 2343 3227 seminavit,
2377 3158 2454 3213 ita
2495 3158 2809 3227 Dominum,
2850 3163 2943 3232 qui
2975 3178 3072 3232 per
3091 3164 3413 3234 virginalem

1830 3248 2195 3319 integritatem
2248 3249 2487 3304 futurum
2546 3266 2724 3307 aevum
2774 3254 3087 3321 seminavit,
3118 3256 3415 3326 prudenter

1829 3357 2204 3412 sequeremur.
2229 3343 2384 3411 Quod
2412 3345 2456 3401 si
2481 3360 2588 3401 non
2617 3345 2993 3417 perfunctorie
3015 3356 3071 3403 et
3097 3349 3414 3417 paradisum

1827 3445 1887 3491 et
1915 3436 2082 3490 vitam
2129 3436 2244 3492 illic
2269 3438 2338 3493 ab
2364 3439 2573 3492 Adamo
2598 3445 2779 3492 actam
2809 3436 3140 3508 inspexeris,
3172 3440 3415 3510 reperies

1830 3544 1963 3585 sane
1983 3544 2106 3585 eum
2139 3529 2191 3584 in
2224 3530 2479 3599 paradiso
2516 3542 2652 3599 opus
2685 3545 2797 3586 non
2835 3530 3094 3588 habuisse
3127 3542 3188 3587 ut
3210 3546 3415 3602 cugnoc

1829 3630 2008 3676 sceret
2033 3635 2187 3678 suam
2220 3635 2446 3676 uxorem
2483 3640 2498 3676 :
2533 3609 2629 3678 sed
2662 3630 2786 3691 post
2819 3624 3330 3693 praevaricationem
3351 3632 3410 3681 et

1832 3724 2063 3769 mortem
2103 3723 2160 3770 et
2192 3715 2401 3782 lapsum
2429 3729 2461 3770 e
2504 3716 2763 3786 paradiso
2796 3726 2928 3773 tunc
2954 3731 3178 3773 uxorem
3212 3732 3413 3788 cogno-

1832 3807 1974 3860 visse
2002 3805 2072 3871 ⁸⁸,
2108 3817 2168 3862 ιιι
2195 3819 2444 3863 naturam
2468 3808 2580 3878 jam
2615 3809 2903 3866 mortalem
2955 3802 3160 3865 laetam
3192 3823 3414 3866 succes-

1829 3896 1983 3951 sione
2038 3896 2335 3954 liberorum
2394 3900 2802 3956 consolaretur.
2841 3900 3046 3957 Contra
3071 3899 3228 3971 virgo
3283 3915 3410 3956 eum

1828 4003 2083 4059 sequens,
2116 3991 2208 4059 qui
2240 3991 2294 4046 in
2329 3993 2643 4063 paradisum
2671 3993 2857 4060 ducit,
2897 4007 3021 4049 cum
3060 4006 3128 4046 eo
3156 3993 3417 4049 incorru-

1830 4092 1918 4151 pta
1948 4080 2059 4151 jam
2088 4082 2143 4137 in
2171 4084 2427 4153 paradiso
2467 4085 2777 4150 deiiciatur,
2812 4085 3025 4157 fugiens
3056 4084 3203 4140 illam
3237 4084 3411 4140 male-

1826 4173 2123 4230 dictionem
2149 4217 2166 4243 ,
2215 4190 2323 4244 qua
2378 4186 2531 4231 extra
2573 4177 2884 4246 paradisum
2935 4176 3144 4234 dictum
3179 4186 3306 4232 est:
3344 4176 3413 4231 In

1826 4263 2101 4321 doloribus
2132 4268 2304 4335 parias
2358 4268 2502 4337 ﬁlios
2532 4268 2601 4333 ⁸⁸,
2633 4279 2688 4322 et
2733 4275 2934 4324 ca'tera
2965 4286 2981 4324 :
3012 4282 3113 4325 nec
3151 4266 3264 4323 illic
3322 4269 3410 4322 in-

1831 4353 2074 4424 telligere
2097 4355 2301 4421 valens,
2333 4359 2610 4428 quomodo
2639 4359 2881 4415 Adamus
2905 4373 3062 4416 suam
3087 4356 3423 4429 cognoverit,

135 4429 470 4502 παραδείσου
527 4433 774 4507 κατάραν
825 4434 925 4506 τὴν
995 4434 1259 4504 λέγουσαν
1278 4450 1294 4466 ⁸
1346 4434 1444 4489 Ἐν
1501 4435 1713 4500 λύπαις

1841 4461 2076 4503 uxorem.
2124 4447 2312 4520 Neque
2364 4451 2513 4506 enim
2566 4452 2709 4517 hoc,
2737 4467 2864 4509 cum
2913 4453 3033 4523 ipse
3072 4453 3127 4507 in
3156 4450 3413 4522 paradiso

132 4519 278 4589 τέξῃ
310 4519 511 4587 τέκνα,
541 4522 635 4576 καὶ
662 4522 734 4576 τὰ
767 4521 926 4594 ἑξῆς·
958 4524 1020 4577 οὐ
1063 4522 1339 4595 δυναμένη
1380 4523 1438 4577 δὲ
1483 4525 1713 4577 συνεῖναι

1841 4549 1998 4606 esset,
2039 4538 2243 4596 dictum
2270 4551 2356 4597 est
2384 4582 2402 4611 ,
2430 4544 2528 4599 sed
2571 4555 2861 4617 postquam
2890 4519 3005 4615 jam
3065 4519 3244 4604 fuerat
3299 4545 3413 4614 eje-

138 4613 254 4667 ὲκεῖ
280 4611 401 4676 πῶς
441 4612 581 4682 ἔγνω
610 4612 781 4687 Ἀδάμ
811 4615 909 4688 τὴν
956 4618 1190 4685 γυναῖκα
1223 4615 1413 4671 αὐτοῦ.
1443 4616 1580 4670 Οὐδὲ
1613 4615 1721 4686 γάρ

131 4703 192 4755 ὲν
226 4703 544 4777 παραδείσῳ
580 4704 733 4770 ὄντος
771 4707 960 4774 αὑτοῦ,
990 4708 1105 4762 ἀλλ’
1147 4707 1523 4780 ἐκϐληθέντος,
1561 4707 1722 4764 τοῦτο

133 4793 358 4865 ἐρρέθη.

203 4868 298 4941 έό.
339 4886 451 4958 Οὐχ
478 4887 555 4953 ὡς
599 4891 897 4964 παρθενίαν
927 4892 984 4946 δὲ
1024 4890 1210 4945 λοιπὸν
1246 4890 1325 4963 τῷ
1356 4890 1457 4963 βίῳ
1494 4890 1720 4964 νομοθε-

137 4973 355 5040 τοῦντες
406 4978 585 5033 ταῦτά
623 4997 833 5050 φαμεν·
889 4982 1028 5038 ἀλλά
1071 4985 1194 5048 ταῖς
1234 4983 1328 5038 τὸν
1376 4984 1497 5038 κατ’
1546 4983 1716 5056 αὐτὴν

205 5136 256 5169 ¹⁹
276 5136 468 5193 Matth.
495 5155 634 5206 xxii,
659 5138 748 5196 50.
825 5141 872 5174 “
897 5141 1034 5198 Gen.
1063 5159 1142 5211 IV,
1186 5143 1240 5201 1.
1323 5146 1367 5178 ³³
1392 5144 1529 5202 Gen.
1556 5162 1639 5214 ιιι,
1664 5145 1754 5203 16.

205 5297 319 5379 (Η.)
352 5299 749 5379 Εὐτρβπίζειν.
789 5302 914 5358 llaec
952 5304 1221 5379 scriptura
1263 5307 1515 5362 editionis
1549 5308 1705 5364 Pari-

69 5419 78 5429 ,
134 5369 332 5446 _s_i_eusis
359 5384 459 5446 nec
509 5373 560 5426 in
594 5370 823 5446 veneta,
878 5389 976 5429 nec
1019 5369 1081 5429 in'
1117 5376 1224 5430 ullo
1268 5393 1488 5446 prorsus
1527 5390 1707 5433 vetere

133 5437 275 5518 libro
307 5440 667 5518 legitur;_sed_
694 5437 882 5518 tamen
904 5460 1039 5518 eam
1069 5437 1379 5517 expungere
1413 5448 1706 5513 noluimus,

132 5512 258 5633 gia
288 5512 593 5566 necessaria
619 5514 831 5568 videtur
852 5515 917 5568 ad
943 5512 1229 5572 contextus
1248 5512 1702 5573 emendationem.

206 5593 309 5633 due
331 5583 692 5633 necessarium
722 5585 881 5633 paulo
910 5596 1035 5633 ante
1060 5585 1257 5633 lenem-
1285 5588 1702 5633 καταϐάλλεται,

206 5593 309 5646 que
331 5583 692 5657 necessarium
722 5585 881 5652 paulo
910 5596 1035 5641 ante
1060 5585 1257 5657 legere,
1285 5588 1704 5656 καταϐάλλεται,

134 5662 264 5709 ιιοιι.
298 5649 754 5708 καταϐάλλεσθαί.

201 5717 462 5788 (12)οὐκ
487 5720 605 5775 ἀπὸ
628 5722 892 5793 ὰφθόρου
925 5724 1135 5794 φθορᾷ.
1168 5726 1259 5785 Sic
1291 5729 1455 5785 editio
1481 5727 1704 5798 Veneta,

462 5814 711 5875 Parnm.
778 5818 895 5878 Gtt.
946 5820 1153 5885 XXX.

1829 4643 1853 4684 ι
1863 4638 1971 4685 tus.

1899 4903 1990 4960 55.
2021 4904 2134 4963 Nec
2170 4914 2349 4963 tamen
2387 4909 2503 4965 haec
2525 4909 2776 4977 dicimus,
2801 4909 2955 4980 quasi
2974 4909 3090 4980 jam
3120 4910 3405 4982 virginita-

1827 5005 1936 5053 tem
1965 4999 2089 5055 vitae
2140 5001 2420 5058 hominum
2465 5003 2638 5060 instar
2690 5002 2827 5075 legis
2877 5004 3236 5075 praescribere
3264 5002 3404 5058 veli-

1802 5308 2127 5386 _Colbert.et
2149 5328 2288 5386 unus
2317 5329 2384 5369 ex
2413 5314 2639 5386 Regiis:
2662 5314 2720 5370 ln
2768 5316 3011 5386 quinque
3052 5313 3171 5369 aliis
3202 5314 3399 5386 desunt

1805 5382 1920 5434 haec
1961 5385 2144 5441 verba.
2199 5383 2390 5439 Nescio
2423 5382 2564 5441 unde
2616 5382 2946 5441 Parisiensis
2990 5386 3155 5440 editio
3201 5385 3397 5439 hause-

1805 5450 1897 5517 rit,
1940 5451 2212 5524 ἀφθόρων.
2276 5455 2596 5524 Dillicitlimo
2653 5457 2777 5510 huic
2824 5456 2940 5509 loco
2977 5456 3153 5509 lucem
3201 5454 3398 5524 afferre

1806 5536 1900 5597 me
1941 5538 2052 5597 non
2089 5522 2262 5590 posse
2305 5523 2507 5591 fateor,
2553 5527 2655 5582 nisi
2705 5526 2968 5597 legendo,
3002 5524 3116 5579 ἀλλ’
3150 5523 3257 5577 οὐδ’
3288 5522 3399 5577 ἀπὸ

1804 5590 2188 5678 Massiva!-
2761 5590 2796 5678 Ϊ.
2953 5590 2961 5593 ⁷
3062 5665 3074 5678 .

1878 5662 1988 5737 (15)
2020 5665 2356 5737 Σπείραντι.
2398 5662 2647 5722 Nonnulli
2679 5666 2911 5733 codices,
2950 5665 3251 5737 σπείροντι.
3288 5662 3399 5720 lbi-

1804 5729 1925 5786 dezu
1969 5732 2103 5803 lege,
2148 5729 2470 5805 ἀνθρώπων.

3003 5830 3081 5889 25
