3802 6216
394 323 505 383 ’179

1380 322 1725 378 ΔΡΡΕΝυιι
1763 324 2053 378 οΡειιωι
2095 327 2154 378 ὃ.
2196 327 2445 378 ωδιωι
2483 326 2720 378 IAGNI.

3566 331 3669 388 780

395 457 554 509 mus;
582 442 677 498 sed
710 440 797 507 iis,
832 453 950 510 qua:
980 446 1277 510 pretiosam
1319 436 1650 509 virginitatis
1697 453 1850 508 marg
1868 437 1954 492 ari

2113 436 2447 508 πολυτίμητον
2496 435 2861 508 μαργειρίτην
2906 436 3315 509 ἐμπορεύεσθαι
3358 439 3478 510 (ﬂ)
3534 459 3665 516 προσ

396 547 507 592 tam
531 533 757 589 mercari
796 532 1170 598 instituerunt,
1197 530 1546 602 purissimum
1570 530 1717 584 illius
1742 531 1987 585 nitorem

397 627 635 696 undique
651 624 1008 680 ostendimus.
1028 622 1106 676 De
1125 622 1421 693 virginibus
1445 633 1625 674 autem
1652 631 1969 691 praeceptum

395 719 607 772 Domini
641 734 743 771 non
774 716 938 770 habeo
966 731 986 770 :
1009 715 1289 770 consilium
1314 725 1493 767 autem
1518 714 1607 777 do,
1639 712 1834 783 inquit,
1865 724 1978 767 tan-

392 825 551 872 quam
575 807 991 862 misericordiam
1022 813 1336 860 consecutus
1366 822 1397 858 a
1436 804 1664 859 Domino
1690 805 1772 856 “z
1804 804 1975 873 siqui-

394 903 516 956 dem
570 915 673 956 nec
726 899 985 953 Dominus
1030 906 1233 953 nostrze
1270 909 1482 952 natura:
1526 897 1580 951 in
1633 896 1751 967 lege
1782 907 1875 951 aut
1919 899 1972 951 in

393 977 688 1060 Evangelio
718 989 1095 1060 virginitatem
1145 988 1494 1058 praescripsit.
1525 987 1657 1041 Num
1689 1003 1782 1056 QUI
1813 987 1972 1041 talem

394 1082 635 1137 masculo
667 1082 734 1136 ad
773 1081 1028 1137 feminam
1051 1121 1066 1145 ,
1096 1089 1152 1136 et
1190 1096 1379 1136 rursus
1411 1079 1631 1136 femina:
1652 1080 1718 1133 ad
1755 1094 1971 1133 unascu-

394 1177 531 1241 lum,
560 1175 777 1244 qualem
829 1175 985 1228 initio
1025 1174 1313 1244 descripsit
1361 1177 1561 1239 oratio,
1604 1174 1850 1228 habitum
1903 1175 1973 1228 ob

394 1268 779 1324 necessitatem
816 1266 1149 1321 matrimonii
1182 1266 1482 1336 impressit,
1527 1283 1592 1322 ac
1644 1269 1731 1335 iis,
1764 1271 1857 1340 qui
1902 1287 1970 1325 ex

397 1359 795 1414 immortalibus
843 1358 1105 1412 mortales
1137 1357 1264 1411 iaeti
1294 1358 1535 1425 fuerant,
1565 1363 1969 1417 successionem

395 1451 611 1519 generis
645 1450 873 1519 paravit,
902 1450 1069 1521 668
1104 1449 1595 1518 immortalitatem,
1632 1461 1689 1505 ut
1711 1452 1968 1518 diximus,

392 1543 708 1612 escogitans
758 1560 771 1596 :
818 1543 1021 1612 quique
1089 1554 1375 1612 propterea
1424 1544 1602 1609 dixit,
1648 1543 1877 1600 Crescite
1919 1558 1968 1600 et

391 1634 813 1705 multiplicamini
855 1635 1000 1700 ⁸³·⁹⁹,
1058 1636 1329 1705 quomodo
1397 1638 1771 1707 virginitatem
1841 1649 1969 1694 tunc

391 1710 750 1793 prmsCribere
798 1724 1095 1793 potuisset;
1148 1738 1270 1777 cum
1299 1726 1608 1793 praesertim
1644 1728 1711 1780 ad
1745 1728 1964 1798 explen-

2078 527 2335 597 θεμέναις
2387 524 2449 579 τὸ
2508 526 2737 581 ἄσπιλον
2795 526 2988 580 τούτου
3049 531 3390 601 πανταχόθεν
3449 533 3664 590 ὑποδειο

2077 617 2322 681 κνύντες.
2359 617 2499 685 Περὶ
2528 617 2598 671 δὲ
2629 616 2750 671 τῶν
2778 618 3092 687 παρθένων
3120 620 3416 692 ἐπιταγὴν
3442 626 3666 694 Κυρίου

2075 712 2188 765 οὐκ
2219 711 2365 781 ἔχω’
2394 709 2637 782 γνώμην
2664 710 2734 765 δὲ
2759 712 2989 783 δίδωμι,
3021 716 3207 785 φησὶν,
3228 718 3309 784 ὡς
3330 718 3668 789 ἠλεημένος

2074 803 2193 856 ὑπὸ
2248 803 2504 872 Κυρίουο
2564 804 2686 857 ἐπεὶ
2746 804 2882 875 μηδὲ
2926 808 2955 859 6
3008 808 3286 880 Δεσπότης
3339 810 3503 882 ήμῶν
3573 814 3668 885 τῆς

2075 893 2291 961 φύσεως
2323 896 2380 948 ἐν
2423 894 2573 966 νόμῳ
2611 895 2645 967 ἢ
2692 896 2751 950 ὲν
2789 897 3108 970 Εὐαγγελίῳ
3142 902 3445 972 παρθενίαν
3477 905 3668 978 ἐνομο-

2077 982 2323 1055 θέτησεν.
2362 986 2420 1038 Ὁ
2454 987 2563 1058 γὰρ
2615 986 2875 1058 τοιαύτην
2928 990 3009 1060 τῷ
3054 1007 3115 1043 τε
3166 993 3357 1064 apem
3414 996 3558 1067 πρὸς
3609 996 3669 1051 τὺ

2075 1074 2234 1144 θῆλυ,
2261 1074 2355 1127 κα)⁵
2384 1075 2654 1130 ἀνάπαλιν
2683 1075 2761 1148 τῷ
2786 1076 2937 1149 θήλει
2968 1079 3104 1150 πρὸς
3126 1080 3187 1133 τὸ
3218 1084 3409 1153 ἄρρεν,
3436 1086 3668 1160 οἵανπερ

2073 1167 2131 1219 ὲν
2165 1169 2304 1239 ἀρχῇ
2348 1169 2377 1219 6
2423 1168 2580 1237 λόγος
2634 1170 2902 1235 ὑπέδειξε,
2933 1171 3031 1243 τὴν
3066 1173 3249 1243 σχέσιν
3294 1176 3382 1230 διὰ
3408 1178 3471 1231 τὸ
3499 1180 3668 1249 ἀναγ-

2073 1260 2225 1310 καῖον
2281 1258 2375 1311 τοῦ
2419 1261 2601 1332 γάμου
2651 1263 3138 1334 μηχανησάμενος,
3179 1268 3291 1330 τοῖς
3321 1267 3379 1320 δὲ
3422 1268 3483 1335 ἐξ
3533 1271 3668 1324 ἀθα-

2072 1350 2248 1404 νάτων
2290 1350 2504 1422 θνητοῖς
2537 1354 2852 1424 γενομένοις
2883 1356 2984 1427 τὴν
3015 1356 3266 1427 διαδοχὴν
3319 1357 3417 1411 τοῦ
3469 1361 3667 1430 γένους

2072 1440 2460 1506 ἐπισκευάσας,
2490 1442 2588 1513 τὴν
2626 1442 2702 1506 ὡς
2748 1442 2960 1515 εἴρηταί
3005 1462 3108 1497 που
3152 1446 3454 1502 ἀθανασίαν
3498 1450 3666 1522 εὑρά-

2076 1549 2236 1602 μενος
2278 1533 2296 1604 (
2307 1534 2412 1601 l5),
2445 1536 2540 1587 καὶ
2573 1534 2661 1588 διὰ
2692 1534 2873 1597 τοῦτο,
2907 1536 3260 1601 Αὺξάνεσθε
3291 1540 3391 1594 καὶ
3431 1545 3667 1611 πληθύ-

2069 1629 2271 1689 νεσθε,
2322 1625 2593 1697 εἰρηκὼς,
2639 1626 2761 1691 πῶς
2800 1623 2911 1681 οἷόν
2955 1646 3016 1681 τε
3063 1625 3133 1701 ἦν
3180 1632 3483 1703 παρθενίαν
3538 1636 3666 1690 τότε

2069 1716 2416 1786 νομοθετεῖν;
2453 1718 2561 1771 Καὶ
2611 1719 2867 1790 μάλιστα,
2908 1721 2989 1774 δτι
3020 1723 3100 1784 εἰς
3132 1724 3521 1796 ἀναπλήρωσιν
3550 1726 3666 1782 τῶν

395 1815 525 1868 dum
563 1829 750 1869 eorum
808 1815 1007 1880 locum,
1050 1816 1142 1885 qui
1176 1815 1229 1868 in
1261 1815 1417 1870 bellis
1448 1818 1519 1871 ob
1560 1796 1836 1887 propriam
1867 1821 1954 1873 ἰηι-

2113 1824 2127 1859 :
2177 1810 2289 1871 τοῖς
2325 1808 2581 1878 πολέμοις
2624 1810 2713 1864 διὰ
2745 1810 2844 1882 τὴν
2880 1813 3087 1866 οἰκείαν
3118 1812 3436 1886 μοχθηρίαν
3479 1817 3665 1871 δαπα-

391 1905 716 1975 probitatem
747 1914 974 1975 pereunt
1000 1943 1017 1971 ,
1049 1907 1415 1960 necessariam
1462 1922 1587 1962 esse
1617 1919 1961 1977 posterorum

393 1996 792 2051 multitudinem
840 1996 1091 2051 videret?
1127 1999 1206 2053 Ac
1254 1997 1310 2051 in
1363 1998 1481 2069 lege
1510 2000 1733 2069 quidem
1764 2000 1967 2071 Moysis

390 2090 552 2145 etiam
614 2091 990 2146 benedictione
1043 2092 1206 2163 digna
1279 2094 1607 2149 censebatur
1665 2093 1962 2149 liberorum

390 2186 693 2252 procreatio
710 2184 822 2238 ¹.¹’¹.
844 2184 948 2238 Sed
967 2195 1249 2255 postquam
1275 2183 1456 2239 ﬂoruit
1478 2184 1715 2255 undique
1736 2186 1966 2256 propriis

391 2274 658 2329 fructibus
689 2276 926 2331 mundus
960 2316 975 2340 ,
1012 2291 1074 2331 ac
1101 2286 1249 2331 tanta
1305 2277 1586 2331 hominum
1619 2277 1964 2331 multitudine

390 2378 507 2420 sata
539 2376 622 2421 est
649 2375 814 2433 terra,
847 2376 906 2421 ut
944 2383 1049 2422 non
1079 2366 1193 2436 jam
1225 2376 1446 2436 caperet
1475 2368 1812 2422 nascentium
1836 2367 1967 2420 mul-

389 2456 699 2521 titudinem,
729 2471 793 2510 ac
820 2457 1099 2527 impletum
1126 2457 1379 2527 estquod
1407 2456 1475 2511 de
1506 2458 1738 2511 adventu
1777 2457 1961 2512 Domi-

389 2547 443 2600 ni
477 2547 647 2601 nostri
689 2547 1004 2616 praedictum
1022 2546 1231 2613 'l'uerat,
1276 2545 1392 2599 fore
1422 2547 1764 2602 ut'liomines
1808 2546 1961 2601 illius

387 2637 635 2692 doctrina
681 2637 972 2708 prudenter
1000 2638 1150 2701 victi,
1184 2638 1536 2693 conciderent
1585 2639 1792 2709 gladios
1834 2653 1964 2693 suos

386 2730 442 2784 in
470 2739 647 2785 aratra
676 2739 731 2784 et
758 2728 975 2784 lanceas
1019 2729 1072 2783 in
1108 2743 1375 2794 vomeres,
1409 2745 1507 2785 nec
1550 2729 1664 2798 jam
1690 2718 1961 2786 sumeret

382 2836 517 2892 gens
545 2829 730 2876 contra
749 2829 964 2892 gentem
987 2835 1201 2884 ensem,
1219 2836 1324 2875 nec
1344 2820 1540 2876 bellum
1561 2837 1753 2891 gerere
1779 2823 1959 2877 disce-

2069 1899 2326 1969 νωμένων
2355 1900 2452 1971 τὴν
2480 1900 2589 1952 τῶν
2631 1902 3082 1973 ὲπιγεννωμένων
3107 1904 3217 1974 (16)
3246 1906 3459 1978 πληθὺν
3488 1909 3669 1978 ἀναγ-

2069 1989 2238 2043 καίων
2282 1989 2448 2063 ὲώρα.
2489 1991 2628 2044 Ἀλλ’
2672 1994 2730 2047 ὲν
2764 1994 2861 2061 μὲν
2904 1993 2984 2065 τῷ
3024 1994 3113 2049 διὰ
3158 1997 3457 2062 ⁷Μωῦσέως
3503 2000 3664 2072 νόμῳ

2068 2083 2164 2134 καὶ
2222 2083 2473 2152 εὐλογίας
2542 2082 2692 2148 ἄξιον
2748 2085 2809 2138 τὸ
2885 2087 3273 2158 παιδοποιῆσαι
3346 2089 3658 2161 ἐνομίζετο.

2078 2171 2297 2244 Ἐπειδὴ
2335 2173 2392 2226 δὲ
2423 2173 2624 2244 ήνθησε
2674 2174 2772 2245 μὲν
2799 2179 2910 2239 τοῖς
2949 2177 3171 2241 οἰκείοις
3229 2183 3461 2251 καρποῖς
3514 2199 3660 2237 παν-

2064 2263 2261 2331 ταχόσε
2303 2266 2331 2315 6
2361 2264 2598 2332 κόσμος,
2648 2264 2744 2316 καί⁹
2784 2265 3021 2337 τοσαύτῃ
3082 2267 3284 2339 πληθύῖ
3324 2268 3659 2340 ἀνθρώπων

2067 2355 2388 2425 κατεσπάρη
2426 2355 2460 2424 ή
2489 2355 2596 2424 γῆ,
2638 2355 2714 2418 ὡς
2747 2356 2880 2426 μηδὲ
2913 2362 3112 2429 χωρεῖν
3154 2358 3341 2413 λοιπὸν
3374 2361 3482 2414 τῶν
3531 2363 3661 2416 ἐπι-

2064 2446 2419 2516 γεννωμένων
2464 2446 2526 2499 τὸ
2580 2446 2812 2518 πλῆθος,
2862 2450 3052 2522 ἐνέστη
3108 2450 3165 2503 δὲ
3208 2452 3397 2505 καὶτὸ
3440 2453 3533 2506 ἐπὶ
3581 2458 3659 2528 τῇ

2065 2537 2337 2608 παρουσίᾳ
2362 2538 2456 2590 τοῦ
2493 2539 2698 2610 Κυρίου
2732 2540 2887 2611 ήμῶν
2931 2544 3427 2614 προφητευόμενον,
3470 2547 3554 2600 ὅτι
3600 2548 3656 2600 οἱ

2062 2631 2129 2700 τῇ
2148 2628 2468 2701 διδασκαλίᾳ
2485 2632 2648 2683 αὐτοῦ
2664 2632 2942 2703 φρονίμως
2959 2633 3293 2699 πεισθέντες,
3314 2636 3659 2706 συγκόψουσι

2062 2720 2159 2782 τὰς
2196 2721 2471 2791 μαχαίρας
2522 2722 2701 2776 αὐτῶν
2735 2726 2815 2787 είς
2866 2724 3096 2797 ἄροτρα,
3134 2727 3229 2779 καὶ
3269 2727 3371 2791 τάς
3413 2728 3655 2793 ,ζιϐύνας

2008 2834 2011 2837 ·
2063 2814 2143 2875 είς
2170 2814 2439 2884 δρέπανα,
2464 2816 2559 2867 καὶ
2588 2817 2648 2868 οὐ
2694 2818 2768 2887 μὴ
2811 2816 3050 2872 λάϐωσιν
3075 2818 3155 2871 ἔτι
3178 2819 3328 2882 ἔθνος
3372 2820 3461 2872 ἐπ’
3492 2819 3655 2884 ἔθνος

382 2922 507 2967 rent
531 2911 901 2982 ";praeclare
945 2911 1248 2982 virginitas,
1311 2921 1499 2967 contra
1556 2915 1810 2983 atqueibi
1868 2916 1954 2984 qui

2113 2906 2363 2978 άχαιραν,
2387 2909 2481 2960 καὶ
2507 2909 2567 2961 ού
2602 2910 2676 2980 μὴ
2702 2910 2946 2980 μάθωσιν
2977 2910 3058 2963 ἔτι
3086 2911 3359 2982 πολεμεῖν·
3397 2911 3580 2975 καλῶς
3612 2915 3652 2983 ἠ

382 3013 484 3070 per
524 3016 720 3069 corpus
763 3009 1206 3068 corrumpuntur,
1237 3016 1304 3054 ex
1346 3002 1663 3070 corporibus
1716 3003 1962 3057 incorru-

2062 2999 2331 3069 παρθενὶα
2384 3001 2757 3072 ἀντιστρόφως
2815 3006 2928 3067 τοῖς
2987 3003 3076 3057 διὰ
3125 3004 3376 3074 σώματος
3416 3004 3655 3076 φθειρο-

380 3097 622 3163 ptionem
661 3092 961 3163 pullulavit.
992 3093 1370 3163 Virginitatem
1427 3105 1625 3160 tamen,
1660 3110 1833 3165 neque
1865 3112 1954 3166 per

2113 3090 2244 3153 ένοις
2290 3093 2356 3144 ὲκ
2405 3094 2673 3163 σωμάτων
2722 3093 2819 3162 τὴν
2876 3091 3144 3165 ἀφθορίαν
3204 3094 3513 3166 βλαστάνει.
3570 3096 3652 3148 Οὐ

381 3187 618 3259 Moysem
640 3186 940 3256 praescribit
958 3185 1240 3249 Dominus,
1255 3186 1616 3241 masculorum
1632 3187 1956 3242 etfemineo.

377 3294 499 3331 rum
526 3292 811 3346 corporum
833 3286 1038 3331 natura:
1067 3277 1334 3331 rationem
1370 3279 1603 3343 habens,
1642 3295 1815 3349 neque
1833 3295 1952 3333 eam

378 3368 746 3439 inEvangelio
769 3369 1031 3438 praecipit.
1060 3367 1165 3421 Sed
1205 3367 1409 3440 Moysis
1442 3370 1613 3439 legem
1652 3386 1949 3432 resumens.

375 3462 521 3530 quod
551 3462 738 3516 deerat
777 3458 844 3513 ad
875 3468 1181 3512 accuratam
1208 3461 1470 3514 virtutem
1506 3461 1698 3514 edocet
1722 3461 1909 3515 dicens
1936 3479 1951 3513 :

374 3550 589 3606 Dictum
618 3562 733 3605 est':
760 3548 883 3603 Non
906 3550 1263 3605 mazchaberis.
1295 3549 1407 3621 Ego
1450 3562 1623 3605 autem
1671 3552 1764 3605 tibi
1789 3553 1908 3606 dico
1933 3568 1951 3606 :

378 3644 505 3701 Non
531 3644 936 3713 concupisces",
970 3653 1027 3697 et
1054 3657 1174 3712 quae
1206 3651 1530 3713 sequuntur.
1568 3643 1630 3697 Et
1651 3658 1773 3698 cum
1798 3647 1953 3698 sede-

374 3737 541 3791 retin
577 3747 776 3800 monte,
801 3749 831 3788 a
863 3734 1286 3789 beatitudinibus
1321 3735 1569 3802 ca-pitos
1605 3735 1856 3803 aperire;
1899 3745 1953 3788 et

374 3835 658 3897 postquam
688 3827 961 3880 recensuit
982 3824 1128 3894 leges
1146 3824 1349 3897 Moysis
1372 3834 1427 3878 et
1464 3826 1646 3879 omnia
1673 3825 1739 3879 ad
1762 3840 1946 3880 veram

373 3918 633 3972 virtutem
662 3917 912 3983 intendit,
948 3930 1013 3971 ac
1052 3918 1301 3970 ducentia
1328 3916 1395 3969 ad
1426 3916 1655 3978 salutem
1682 3927 1947 3986 praecepta

372 4008 696 4074 tradidit”;
736 4009 956 4076 impleto
988 4008 1247 4062 doctrinas
1302 4007 1625 4073 ministerio,
1669 4008 1951 4063 descendit

374 4100 444 4153 de
474 4108 678 4163 monte,
711 4113 975 4169 nusquam
1012 4098 1063 4151 in
1108 4098 1398 4167 praeceptis
1433 4098 1754 4167 virginitate
1779 4140 1795 4164 ,
1831 4100 1948 4153 sive

2061 3180 2343 3252 νομοθετεῖ
2378 3182 2436 3236 δὲ
2469 3185 2638 3254 ὅμως,
2683 3186 2819 3256 ὅπερ
2869 3186 3029 3258 ἔφην,
3077 3185 3201 3240 οὔτε
3234 3186 3323 3240 διὰ
3367 3186 3654 3250 Μωῦσέως

2060 3276 2359 3347 παρθενίαν
2391 3277 2420 3327 6
2462 3276 2665 3349 Κύριος
2697 3280 2795 3347 τῆς
2840 3278 2949 3331 τῶν
2992 3279 3238 3352 ἁρῤἑνων
3274 3280 3368 3332 καὶ
3398 3277 3654 3350 θηλείων

2063 3366 2330 3436 σωμάτων
2357 3366 2570 3435 φύσεως
2610 3369 3025 3440 στοχαζόμενος,
3063 3369 3187 3423 οὔτε
3228 3371 3287 3422 ἑν
3325 3370 3654 3441 Εύαγγελίῳ

2058 3461 2264 3531 ταύτην
2297 3462 2619 3514 ἐντέλλεται.
2660 3463 2821 3517 Ἀλλά
2865 3463 2955 3516 τὸν
3004 3460 3101 3534 μὲν
3148 3465 3429 3528 Μωῦσέως
3478 3465 3654 3537 νόμον

2021 3614 2034 3628 ⁸
2058 3552 2381 3624 ἀνειληφὼς,
2405 3556 2465 3607 το
2488 3554 2677 3608 λεῖπον
2705 3555 2843 3627 πρὸς
2877 3556 3079 3629 ἀκριϐῆ
3104 3557 3653 3629 ἀρετήν’ὲκδιδάσκει

2058 3643 2263 3712 λέγων’
2331 3646 2592 3714 Ἐῥρέθηο
2654 3649 2736 3700 Οὐ
2799 3649 3166 3717 μοιχεύσεις.
3208 3647 3373 3718 ’Ἐγὼ
3424 3649 3494 3703 δέ
3542 3666 3652 3705 σοι

2054 3734 2241 3805 λέγον
2281 3737 2449 3805 Μηδὲ
2482 3738 2883 3808 ἐπιθυμήσῃς,
2930 3741 3026 3793 καὶ
3071 3742 3138 3795 τά
3176 3740 3322 3812 ἑξῆς.
3342 3743 3463 3794 Καὶ
3505 3741 3648 3795 καθ-

2058 3829 2179 3893 ίσας
2216 3830 2313 3900 μὲν
2345 3830 2439 3882 ἐπὶ
2479 3829 2574 3882 τοῦ
2610 3830 2807 3903 ὅρους,
2857 3833 2968 3886 ἀπὸ
3015 3835 3386 3905 μακαρισμῶν
3421 3839 3642 3905 ἀνοίγει

2054 3921 2115 3972 τὸ
2155 3921 2363 3991 στόμα·
2394 3921 2635 3975 ἐπελθὼν
2666 3924 2725 3976 δὲ
2754 3923 2822 3977 τὰ
2853 3924 2946 3977 τοῦ
2978 3925 3257 3989 Μωῡσέως
3291 3926 3386 3978 καὶ⁵
3420 3926 3644 3979 ἅπαντα

2058 4011 2192 4082 πρὸς
2238 4011 2336 4083 τὴν
2380 4013 2559 4084 ἀληθῆ
2606 4016 2809 4085 ἀρετὴν
2854 4017 3164 4080 ἐπιτείνας,
3213 4019 3306 4070 καὶ
3350 4017 3448 4081 τὰς
3501 4020 3642 4090 πρὸς

2057 4102 2331 4171 σωτηρίαν
2379 4102 2760 4167 συντεινούσας
2805 4103 3027 4167 ἐντολὰς
3077 4103 3382 4168 ὲκδιδάξας,
3436 4103 3645 4174 πληροῖ

376 4188 430 4240 in
464 4186 664 4251 Veteri,
727 4186 842 4241 sive
890 4186 943 4239 in
989 4183 1137 4238 Novo
1187 4183 1536 4239 Testamento
1608 4185 1944 4253 praescripta.

2113 4208 2153 4262 ιν
2207 4191 2573 4259 διδασκαλίαν,
2623 4194 2718 4247 καὶ
2770 4193 3090 4247 καταϐαίνει
3143 4195 3252 4247 ἀπὸ
3294 4193 3389 4247 τοῦ
3434 4193 3636 4264 ὗρους·

374 4276 601 4332 Volebat
627 4277 771 4331 enim
816 4288 1143 4347 praeceptum
1183 4290 1288 4330 non
1335 4288 1454 4329 esse
1484 4276 1813 4344 praclarum
1840 4279 1948 4328 vir-

2118 4285 2291 4354 δαμοῠ
2324 4289 2381 4339 ὲν
2410 4290 2532 4352 ταῖς
2560 4288 2798 4351 ἐντολαῖς
2825 4287 3144 4359 παρθενίαν,
3169 4286 3281 4340 οὔτ’
3302 4288 3360 4339 ἐν
3396 4287 3637 4358 Παλαεᾷ,

371 4369 942 4440 ginitatis-institutum
978 4408 994 4432 ,
1027 4369 1123 4422 sed
1161 4366 1438 4435 egregium
1465 4365 1668 4420 animos
1691 4366 1946 4420 virtutem

2119 4394 2176 4430 τε
2225 4380 2280 4432 ὲν
2344 4381 2519 4451 Καινῇ
2578 4380 2851 4453 Διαθήκῃ,
2906 4381 3296 4451 νομοθετήσας.
3349 4380 3640 4435 Ἐϐούλετο

372 4461 607 4515 amantis
648 4460 858 4514 facinus
882 4499 899 4525 ,
937 4459 1110 4514 libera
1150 4466 1421 4528 potestate
1472 4456 1526 4512 id
1574 4456 1721 4527 quod
1777 4471 1944 4524 supra

2113 4484 2159 4539 ιρ
2203 4469 2278 4540 μὴ
2316 4469 2598 4541 ἐπίταγμα
2651 4466 2790 4523 εἶναι
2848 4470 2909 4523 τὸ
2970 4469 3308 4541 κατόρθωμα
3351 4470 3452 4540 τῆς
3493 4488 3638 4542 παρ-

371 4562 699 4623 praeceptum
737 4563 793 4608 et
821 4569 984 4622 supra
1025 4554 1195 4624 legem
1230 4560 1315 4606 est
1345 4565 1414 4605 ex
1446 4549 1626 4618 seipsa
1656 4551 1947 4619 perlicien-

2113 4565 2260 4629 νίας,
2307 4566 2443 4620 ἀλλὰ
2497 4567 2878 4640 πλεονέκτημα
2931 4569 3224 4641 φιλαρέτου
3273 4567 3472 4638 ψυχῆς,
3524 4567 3637 4621 ἀπὺ

375 4647 461 4701 tis.
494 4644 625 4700 Nam
669 4647 870 4714 nuptiae
900 4653 1110 4699 natura;
1156 4658 1318 4698 causa
1362 4642 1624 4696 institutae
1659 4680 1676 4705 ,
1708 4651 1765 4694 et
1804 4640 1936 4710 legis

2118 4657 2391 4722 τεξουσίου
2452 4660 2741 4725 αύθεντίας
2791 4662 2855 4714 τὸ
2914 4640 3200 4733 ύπὲρντὴν
3252 4661 3470 4731 ἐντολὴν
3534 4660 3635 4714 καὶΙ

372 4746 637 4807 ριοωεοριο
670 4738 738 4792 ad
766 4746 1013 4792 naturam
1041 4734 1474 4791 accommodata.
1497 4731 1794 4803 Virginitas
1837 4746 1938 4785 au-

2113 4748 2184 4819 τὲρ
2228 4749 2323 4820 τὴν
2373 4749 2536 4818 φύσιν
2589 4752 2682 4821 ἀφ’
2720 4753 2928 4820 ’ἑαυτῆς
2977 4731 3371 4823 κατορθούσης.
3416 4752 3474 4803 '0
3529 4752 3633 4821 μὲν

373 4838 478 4881 lem
516 4837 766 4882 naturam
815 4843 1115 4898 superans,
1150 4826 1290 4896 legis
1317 4825 1572 4882 servituti
1603 4840 1708 4879 non
1735 4824 1938 4879 addici-

2113 4856 2148 4910 :p
2178 4839 2355 4910 γάμος
2395 4842 2495 4911 τῆς
2541 4842 2757 4909 φύσεως
2792 4843 2985 4906 ἕνεκα,
3020 4845 3118 4897 καὶ
3145 4845 3173 4896 6
3210 4844 3374 4913 νόμος
3410 4843 3632 4897 διατάτ-

368 4925 480 4986 tur,
536 4919 631 4974 sed
665 4934 829 4991 supra
862 4920 1034 4991 legem
1064 4917 1494 4988 incorruptionis
1523 4916 1737 4971 laudem
1787 4932 1942 4972 crea-

2113 4949 2192 4984 rat
2223 4935 2288 5004 τῇ
2317 4933 2475 5002 φύσει
2504 4934 2566 4987 τὸ
2595 4936 2924 5007 πρόσφορον.
2968 4936 3032 4988 Ἡ
3061 4936 3118 4988 δὲ
3162 4935 3430 5007 παρθενία
3458 4936 3651 5007 ὑπερ.ι

371 5011 472 5067 tori
494 5024 561 5066 ac
590 5012 883 5084 legislatori
921 5011 1102 5068 otl‘ert.
1120 5010 1416 5081 Propterea
1449 5009 1612 5079 igitur
1641 5007 1937 5071 Dominus,

2117 5040 2184 5076 σα
2229 5026 2328 5097 τὴν
2367 5025 2549 5096 φύσιν,
2599 5028 2899 5091 ἀδούλωτος
2932 5030 3081 5099 νόμῳ
3128 5031 3298 5093 ἐστὶν,
3346 5029 3487 5100 ὑπὲρ
3537 5029 3629 5082 τὸν

368 5105 563 5160 iterum
600 5106 744 5171 dico,
799 5120 1068 5176 nusquam
1114 5105 1480 5175 virginitatem
1521 5102 1811 5173 praecepit;
1848 5102 1941 5154 sed

2113 5134 2202 5186 μον
2246 5122 2344 5189 τῆς
2393 5120 2659 5192 ἀφθορίας
2706 5121 2764 5174 τὸ
2819 5121 3149 5192 κατόρθωμα
3204 5120 3283 5191 τῷ
3328 5124 3526 5192 ποιητῇ
3569 5139 3629 5173 τε

367 5199 659 5264 concessit,
701 5209 760 5253 ut
798 5200 1254 5269 quemadmodum
1306 5197 1372 5251 ab
1425 5194 1833 5263 incorruptione
1888 5194 1939 5246 in

2113 5207 2131 5259 l.
2171 5209 2435 5283 νομοθέτῃ
2486 5213 2889 5282 προσφέρουσα.
2948 5212 3048 5266 Διά
3105 5212 3266 5266 τοῦτο
3311 5208 3404 5266 οὖν
3454 5213 3485 5264 6
3526 5213 3629 5281 μὲν

368 5291 765 5359 ηοηυριίοηθιιι
794 5300 991 5361 praeter
1011 5300 1256 5344 naturam
1288 5288 1646 5342 immoderata
1677 5294 1939 5355 potestate

2113 5294 2270 5366 ἰριος,
2318 5300 2431 5372 ἐρῶ
2488 5301 2670 5365 πάλιν,
2714 5302 2951 5372 οὐδαμοῦ
3005 5300 3365 5372 ἐνομοθέτησε
3416 5299 3626 5370 παρθε-

436 5451 481 5523 Ϋ¹
505 5457 519 5508 l
546 5454 669 5511 Cor.
698 5473 791 5521 vn,
821 5456 913 5511 25.
988 5457 1105 5488 “-”
1124 5455 1266 5510 Gen.
1299 5471 1342 5515 ι,
1367 5454 1460 5506 28.
1539 5452 1627 5504 ¹.-¹⁷
1657 5452 1810 5503 Deut.
1840 5467 1954 5508 XXVI

2189 5457 2232 5489 ¹⁸
2273 5457 2433 5513 Mich.
2461 5474 2535 5523 Iv,
2568 5461 2622 5514 5.

432 5522 622 5581 Matth.
658 5543 711 5593 ν,
748 5528 772 5579 1
809 5544 930 5597 sqq.

436 5619 545 5687 (Ml
594 5620 1072 5689 Ἐμπορεύεσθαι.
1117 5617 1364 5673 Nonnulli
1403 5616 1634 5681 codices,
1663 5614 1936 5686 ἐμπορεύ-

366 5689 938 5826 σχῗῗέῧμεύράμενος.
978 5758 1127 5815 Unus
1161 5775 1224 5815 ex
1275 5756 1475 5826 Regiis,
1510 5754 1823 5823 εὑρόμενος.

2696 5460 2747 5491 ¹⁹
2775 5459 2966 5515 Matth.
2997 5475 3050 5526 v,
3071 5460 3178 5525 27;
3208 5458 3383 5513 Exod.
3410 5473 3504 5525 xx,
3529 5454 3621 5512 ﬂ.

2113 5613 2132 5681 (
2143 5612 2224 5682 I6)
2254 5613 2383 5683 Τὴν
2411 5613 2530 5668 τῶν
2565 5613 3071 5683 ἑπιτεννωμένων.
3133 5613 3360 5668 Deerant
3410 5615 3525 5668 haec
3561 5613 3618 5668 in

2040 5681 2218 5739 editis.
2254 5681 2530 5748 Lt-gtlntttr
2557 5686 2607 5737 in
2641 5681 2891 5737 omnibus
2922 5685 3120 5736 nostris
3147 5686 3444 5755 codicihlh,
3479 5700 3620 5755 quo-

2038 5770 2157 5810 rum
2197 5764 2372 5810 tamen
2417 5755 2651 5810 nomiulli
2694 5754 2911 5821 habent,
2945 5754 3361 5818 ἐπιγενομένων.
