3802 6216
98 376 220 459 7st

1344 400 1551 458 LIBER
1588 400 1678 458 DE
1715 400 2184 460 VIRGINITATE.

3303 376 3412 454 73‘s

96 518 276 575 νίαν·
315 519 471 574 εἴασε
499 520 576 583 δὲ,
602 519 691 574 ἵνα
722 517 912 590 ὥσπερ
936 518 1045 572 ἀπὸ
1068 516 1376 590 ἀφθαρσίας
1404 520 1486 583 είς
1518 519 1722 591 φθορὰν

1839 535 1960 574 usus
1989 521 2150 575 homo
2178 515 2445 573 violenter
2467 515 2720 571 detrusus
2748 522 2855 575 est.
2884 513 2958 567 ita
2981 528 3011 568 a
3049 513 3409 583 corruptione

97 611 281 682 παρὰ
310 612 477 681 φύσιν
507 612 731 684 ἀμέτρῳ
762 613 828 681 τῇ
864 609 1083 678 ἐξουσίᾳ
1121 609 1468 682 χρησάμενος
1497 609 1724 682 ἐϐιάσθη

95 703 131 755 6
176 703 513 774 ἄνθρωπος,
563 703 739 767 οὕτως
766 703 874 757 ἀπὸ
911 702 1117 774 φθορᾶς
1163 704 1242 766 είς
1281 702 1592 774 ἀφθαρσίαν
1624 705 1725 776 τὴν

97 795 327 850 ἑαυτοῦ
356 795 522 863 φύσιν
549 795 820 865 κρείττονι
850 795 950 865 τῆς
990 776 1205 864 φύσεως
1237 798 1558 869 προαιρέσει
1604 798 1724 868 βιά-

95 907 314 960 σηται.
356 890 473 943 Καὶ
505 890 565 942 οὐ
596 889 879 960 νομοθετεί
922 889 1042 959 μὲν,
1076 889 1241 961 φημὶ,
1274 890 1399 943 οὐδὲ
1441 892 1721 946 ἐπιτάττει

92 980 164 1032 τὸ
218 980 571 1053 κατόρθωμα
621 981 798 1046 τοῦτο,
844 980 1125 1052 ἐξαίρετόν
1170 998 1223 1034 τι
1268 983 1365 1035 καὶ
1429 984 1573 1055 ὑπὲρ
1621 985 1722 1056 τὴν

97 1069 290 1138 φύσιν
337 1071 437 1123 καί⁹
474 1070 615 1140 ὑπὲρ
663 1069 757 1122 τὸν
809 1069 972 1140 νόμον
1024 1068 1316 1139 φιλαρέτου
1354 1067 1533 1141 ψυχῆς
1582 1066 1722 1125 εἶναι

95 1159 438 1229 γινώσκων.
482 1162 745 1226 ’Δκούσας
771 1161 830 1215 δέ
877 1160 972 1214 τοῦ
1007 1161 1145 1232 πρὸς
1199 1162 1361 1215 αὑτὸν
1400 1159 1718 1232 εἰρηκότος,

102 1258 199 1309 Οὐ
258 1256 563 1327 συμφέρει
618 1255 919 1326 γαμῆσαι,
974 1254 1036 1307 τὸ
1098 1254 1382 1326 ὑπερφυὲς
1448 1252 1720 1306 ἐνδεικνύ-

99 1367 292 1421 μενος
365 1350 468 1415 τῆς
536 1349 870 1423 παρθενίας,
929 1348 1126 1418 φησίνο
1182 1350 1265 1402 Οὐ
1326 1345 1549 1414 πάντες
1607 1364 1723 1417 χω-

90 1439 372 1507 ροῦσιν.

179 1530 288 1584 56.
339 1530 432 1593 Ὠς
464 1530 561 1584 καὶ
612 1532 640 1584 6
690 1529 962 1593 θειότατος
1016 1528 1359 1592 Ἀπόστολος,
1415 1530 1537 1582 κατ’
1575 1528 1722 1599 ῐχνος

96 1622 421 1692 ἑπόμενος,
450 1622 518 1676 τὰ
546 1622 642 1693 μὲν
676 1623 947 1691 ἀναγκαῖα
972 1622 1110 1693 πρὸς
1145 1620 1289 1692 ζωὴν
1315 1623 1373 1674 ἐν
1404 1623 1525 1684 ταῖς
1566 1619 1721 1673 Ἐπι-

97 1713 345 1776 aulai;
390 1712 772 1767 διατάσσεται’
827 1715 921 1768 καὶ
967 1713 1065 1785 τὴν
1119 1712 1447 1785 Ἐκκλησίαν
1505 1714 1720 1783 ἑκάστῳ

94 1805 372 1875 τάγματι
425 1804 502 1869 ὡς
547 1805 605 1858 ἓν
646 1806 825 1877 σῶμα,
862 1806 971 1860 ἀπὸ
1001 1805 1241 1877 κεφαλῆς
1271 1805 1375 1870 ἕως
1405 1805 1610 1876 ἄκρων,
1644 1806 1720 1869 ὡς

1831 613 1899 666 ad
1942 611 2405 680 incorruptionem
2438 619 2690 663 naturam
2720 622 2871 663 suam
2905 605 3184 675 proposito
3212 616 3404 661 natura

1833 702 2057 757 meliore
2079 742 2094 767 ,
2127 702 2235 755 vim
2287 702 2576 769 quamdam
2608 699 2712 754 sibi
2741 698 3032 763 adhibens,
3060 698 3408 766 perveheret.

1834 788 1948 843 Nec
1986 788 2162 842 instar
2197 788 2330 858 legis
2363 787 2688 857 prmscribit,
2724 786 2942 856 inquam
2970 826 2985 851 ,
3026 801 3128 841 nec
3158 787 3442 858 praecipib

1832 882 1936 936 hoc
1981 880 2285 934 institutum
2307 921 2323 946 ,
2354 880 2611 935 eximiam
2644 879 2936 947 quamdam
2962 917 2978 943 ,
3010 893 3076 934 ac
3113 892 3278 949 supra
3316 874 3435 935 na-'

1832 983 2011 1027 turam
2049 984 2105 1027 et
2131 990 2292 1043 supra
2323 974 2521 1044 legem,
2560 974 2755 1027 anima:
2771 973 2992 1027 virtutis
3018 973 3276 1028 studiosa:
3304 974 3415 1028 lan-

1829 1066 1952 1120 dem
1983 1082 2103 1121 esse
2132 1068 2331 1122 sciens.
2356 1068 2491 1121 Cum
2538 1075 2717 1120 autem
2746 1067 2990 1120 audisset
3016 1081 3139 1121 eum
3160 1104 3177 1130 ,
3205 1068 3299 1137 qui
3343 1070 3411 1121 ad

1830 1157 1981 1212 illum
2028 1159 2241 1214 dicebat
2284 1176 2299 1213 :
2343 1157 2468 1213 Non
2524 1158 2732 1223 expedit
2770 1158 2961 1212 nubere
3008 1160 3090 1222 ἰς
3134 1158 3412 1214 excellen-

1830 1249 1960 1303 tiam
1987 1250 2373 1307 demonstrans
2411 1249 2743 1321 virginitatis
2767 1249 2845 1304 ait
2879 1265 2895 1304 :
2930 1248 3052 1305 Non
3094 1266 3275 1305 omnes
3319 1266 3410 1305 ca-

1826 1342 1980 1410 piunt
2002 1344 2069 1395 “.

1899 1524 1988 1579 56.
2025 1523 2487 1592 Quemadmodum
2522 1535 2575 1581 et
2621 1526 2991 1581 divinissimus
3024 1527 3310 1597 Apostolus
3338 1528 3406 1583 il-

1828 1617 1930 1672 lius
1968 1617 2192 1688 vestigia
2236 1632 2504 1686 sequens,
2540 1630 2661 1686 quae
2692 1617 2908 1687 quidem
2938 1621 3243 1674 necessaria
3280 1631 3408 1675 sunt

1828 1710 1894 1762 ad
1926 1710 2092 1762 vitam
2117 1709 2170 1763 in
2195 1708 2452 1779 Epistolis
2483 1710 2760 1779 prmcipit;
2792 1725 2855 1765 ac
2874 1710 3167 1767 Ecclesiam
3194 1714 3246 1768 in
3272 1729 3408 1768 uno-

1826 1794 2041 1869 quoque
2064 1801 2278 1865 ordine,
2313 1802 2457 1856 velut
2475 1817 2640 1857 unum
2665 1817 2864 1872 corpus
2887 1819 2917 1858 a
2941 1806 3119 1875 capite
3148 1821 3318 1876 usque
3338 1807 3405 1861 ad

94 1896 172 1951 ἄν
198 1912 302 1959 τις
332 1894 503 1963 εἴποι,
532 1896 741 1968 ὀνύχων
768 1900 994 1968 κοσμεῖο
1027 1898 1156 1969 περὶ
1188 1897 1247 1951 δὲ
1274 1897 1383 1951 τῶν
1414 1897 1721 1970 παρθένων,

1839 1901 2119 1958 extremos,
2154 1903 2212 1946 ut
2247 1893 2319 1946 ita
2354 1895 2530 1947 dicam
2551 1933 2569 1959 ,
2605 1909 2815 1961 ungues
2841 1905 3072 1949 exornat
3099 1913 3114 1949 :
3145 1897 3210 1950 de
3234 1897 3405 1966 virgi-

93 1986 276 2041 οὐδὲν
326 1987 431 2055 μὲν
465 1989 558 2059 ἀφ’
588 1988 781 2043 ἐαυτοῦ
817 1988 1213 2059 ἀποφαίνεται·
1258 1988 1612 2062 ἐρωτώμενος
1639 1989 1717 2053 δὲ,

100 2081 385 2151 μιμεῖται
425 2080 517 2134 τὸν
549 2080 772 2153 Κύριον,
810 2082 901 2135 καί
932 2097 1093 2152 φησι⁸
1125 2080 1266 2150 Περὶ
1310 2080 1380 2134 δὲ
1410 2079 1530 2134 τῶν
1569 2095 1718 2151 παρ-

97 2172 317 2229 θένων
344 2174 643 2245 ἐπιταγὴν
669 2177 888 2246 Κυρίου
916 2179 1029 2231 οὐκ
1055 2176 1192 2246 ἔχω.
1217 2174 1467 2244 Οὐδαμοῦ
1494 2174 1603 2246 γὰρ
1630 2177 1722 2229 εὑ-

100 2266 323 2335 ρίσκω,
360 2263 489 2318 οὔτε
521 2267 579 2320 ἐν
610 2266 781 2338 νόμῳ,
814 2266 925 2321 οὖτ⁹
969 2269 1027 2321 ἐν
1065 2265 1404 2337 Εὗαγγελίῳ,
1452 2265 1612 2319 τοῦτο
1659 2265 1720 2320 τὸ

100 2356 392 2426 μέγιστον
412 2355 599 2427 κτῆμα
620 2358 721 2427 τῆς
752 2358 1037 2430 φιλαρέτου
1065 2357 1242 2429 ψυχῆς
1264 2358 1355 2411 τὸν
1385 2357 1588 2430 Κύριον
1608 2359 1722 2412 ἐπι·

96 2446 391 2511 τάξαντα.
461 2447 547 2511 Ὠς
597 2447 655 2500 δὲ
707 2450 736 2502 6
790 2448 992 2520 Κύριος
1036 2447 1332 2520 ἐρωτηθεὶς
1380 2448 1443 2502 τὸ
1477 2448 1600 2521 μὲν,
1634 2452 1718 2503 Οὐ

98 2537 354 2603 πάντες
395 2537 677 2607 χωροῦσι,
714 2542 828 2603 τοῖς
859 2541 1200 2611 ἐρωτήσασιν
1228 2541 1582 2612 ἁπεκρίνατο,
1618 2542 1718 2596 οὐκ

98 2628 332 2701 ἔκρυψε
358 2628 419 2682 δὲ
440 2628 564 2682 οὔτε
594 2629 654 2684 τὸ
686 2631 934 2701 μέγεθος,
969 2630 1093 2685 οὔτε
1124 2631 1216 2685 τὸν
1243 2632 1443 2703 τρόπον
1472 2626 1516 2700 ᾧ
1537 2633 1602 2687 ἄν
1632 2650 1718 2697 τις

97 2720 501 2792 κατορθώσειε
532 2723 847 2795 παρθενίαν,
876 2724 993 2777 ἀλλ’
1015 2724 1314 2793 ἐπενέγκας
1341 2724 1401 2778 τὸ
1424 2725 1606 2796 τρίτον
1641 2720 1717 2778 εἷ-

93 2813 195 2878 δος
219 2814 337 2885 τῆς
360 2814 641 2884 εὐνουχίαι,
665 2815 943 2882 ὑπέδειξεν
962 2831 978 2845 ο
1012 2814 1154 2869 οὕτω
1185 2815 1364 2885 κάγὼ,
1408 2818 1455 2870 εἰ
1484 2816 1579 2870 καὶ
1601 2819 1719 2871 ἐπι-

92 2904 299 2976 ταγὴν
334 2905 544 2977 Κυρίου
572 2907 672 2960 οὐκ
704 2905 833 2977 ἔχω,
860 2906 995 2960 ἀλλὰ
1024 2906 1249 2979 γνώμην
1288 2907 1500 2980 δίδωμι.
1541 2909 1716 2962 Ὅπου

94 2998 221 3072 γὰρ
256 2998 414 3069 ὑπὲρ
450 2997 549 3069 τὴν
583 2999 743 3066 φύσιν
776 2999 957 3071 μέλλει
981 2999 1226 3069 γίνεσθαι
1257 2998 1413 3054 τοῦτο
1436 3001 1497 3054 τὸ
1521 3001 1719 3074 κατόρ-

97 3089 287 3161 θωμα
314 3090 437 3141 ἐκεῖ
468 3089 792 3144 ἐκϐάλλεται
822 3092 919 3162 μὲν
946 3089 1092 3145 ἆπαν
1130 3090 1494 3163 δουλοπρεπὲς
1527 3093 1718 3146 ἐπίτα-

94 3198 276 3255 γμα·
307 3180 574 3253 ἐλευθέρα
622 3181 680 3235 δὲ
726 3182 1003 3254 συμϐουλὴ
1032 3183 1391 3252 ὑποφωνοῢσα
1438 3184 1557 3248 πῶς
1609 3185 1716 3257 χρὴ

1830 1982 1990 2037 nibus
2034 1992 2212 2037 autem
2249 1984 2383 2037 nihil
2414 1999 2483 2039 ex
2509 1984 2689 2054 seipso
2730 1986 3073 2053 pronuntiat;
3106 1988 3200 2041 sed
3233 1988 3376 2043 inter

1830 2082 2052 2138 rOgatus
2076 2074 2318 2128 imitatur
2346 2074 2630 2131 Dominum
2657 2087 2712 2132 et
2738 2079 2814 2132 ait
2840 2096 2855 2133 :
2887 2078 2966 2133 De
2991 2081 3275 2151 virginibus
3301 2100 3403 2137 au-

1828 2171 1930 2216 tem
1952 2173 2269 2233 prwceptum
2294 2165 2508 2221 Domini
2530 2185 2634 2224 non
2667 2170 2833 2225 habeo
2855 2172 2922 2227 ’³.
2958 2172 3232 2244 Nusquam
3257 2177 3402 2231 enim

1828 2257 2042 2323 reperio
2065 2270 2165 2310 nec
2198 2257 2250 2310 in
2279 2257 2395 2329 lege
2419 2299 2435 2324 ,
2473 2260 2642 2333 669
2674 2278 2776 2319 nec
2819 2265 2871 2319 in
2913 2264 3204 2337 Evangelio
3234 2271 3407 2323 maxi-

1828 2363 1974 2400 mum
2021 2348 2150 2402 illud
2202 2361 2580 2406 ornamentum
2634 2356 2832 2411 animm
2877 2357 3095 2413 virtutis
3148 2361 3407 2416 studiosae

1826 2441 2206 2510 praescriptum
2242 2458 2271 2495 a
2314 2440 2545 2499 Domino
2588 2444 2777 2501 fuisse.
2818 2449 3279 2513 Quemadmodum
3309 2468 3406 2505 au-

1828 2543 1932 2586 tem
1971 2532 2232 2589 Dominus
2259 2535 2624 2606 interrogatus
2652 2538 2781 2595 illud
2811 2543 3051 2610 quidem,
3082 2541 3204 2598 Non
3227 2563 3406 2600 omnes

1826 2626 2064 2693 capiunt,
2100 2627 2558 2697 interrogantibus
2583 2633 2902 2702 respondit,
2934 2649 3277 2707 nequaquam
3304 2653 3407 2691 au-

1827 2726 1933 2772 tem
1961 2720 2246 2774 abscondit
2282 2721 2608 2792 virginitatis
2633 2726 3034 2794 praestantiam,
3061 2743 3160 2783 nec
3187 2729 3405 2785 modum

1826 2825 1934 2876 quo
1977 2812 2101 2879 quis
2136 2811 2284 2865 illam
2319 2825 2707 2882 consequatur,
2742 2818 2837 2871 sed
2870 2818 3087 2872 tertium
3123 2820 3406 2875 eunucho-

1826 2917 1943 2954 rutn
1979 2917 2148 2971 genus
2171 2905 2404 2958 ostendit
2435 2923 2448 2959 :
2482 2906 2551 2958 ita
2586 2915 2641 2960 et
2667 2923 2786 2976 ego,
2815 2908 2915 2962 etsi
2946 2922 3271 2981 praeceptum
3297 2912 3405 2968 Do-

1824 2994 1955 3047 mini
1990 3010 2094 3049 non
2126 2995 2320 3059 habeo,
2344 3005 2400 3050 at
2422 2997 2706 3053 consilium
2738 3000 2807 3055 do
2823 3000 2890 3055 ”.
2912 3000 3046 3056 Cum
3070 3003 3212 3057 enim
3238 3018 3404 3072 supra

1826 3094 2072 3138 naturam
2115 3086 2293 3140 futura
2338 3088 2413 3142 sit
2446 3088 2561 3143 hcec
2590 3089 2782 3155 virtus,
2805 3091 2953 3148 illinc
2985 3109 3147 3149 omne
3177 3098 3405 3165 expelli-

1828 3185 1916 3230 tur
1946 3177 2142 3232 servile
2176 3189 2541 3247 praeceptum,
2579 3195 2645 3234 ac
2686 3180 2895 3237 liberali
2937 3185 3164 3242 consilio
3203 3202 3403 3259 oppor-

95 3275 201 3329 τὸν
255 3271 556 3344 ἐλεύθερον
605 3273 808 3337 παντὸς
850 3274 1247 3345 ἐπιτάγματος,
1281 3276 1569 3346 κρείττονα
1612 3277 1720 3329 ἀπὸ

1839 3280 1957 3325 Lune
1977 3270 2203 3325 docetur
2226 3272 2496 3339 quomodo
2527 3282 2777 3343 oporteat
2808 3290 2930 3331 eum
2955 3316 2971 3342 ,
3015 3279 3106 3347 qui
3142 3279 3280 3334 liber
3320 3293 3406 3337 est

98 3364 382 3435 ἐξουσίας
417 3364 726 3435 γενόμενον,
771 3365 906 3437 πρὸς
928 3367 1237 3439 ἀφθαρσίαν
1270 3366 1591 3438 παραδόξως
1622 3369 1720 3438 τὴν

99 3457 290 3529 φύσιν
309 3455 626 3527 βιάσασθαι,
645 3457 872 3529 καιρίως
886 3458 996 3527 (17)
1020 3459 1317 3528 εἰσάγεται.
1350 3460 1437 3531 Ὡς
1452 3455 1545 3514 οὖν
1560 3461 1588 3512 ὁ
1602 3461 1719 3513 Κύ-

103 3563 237 3618 ριος
264 3547 404 3608 τοὺς
434 3544 670 3614 τρόπους
689 3546 788 3617 τῆς
807 3547 949 3601 κατὰ
972 3546 1072 3618 τὴν
1104 3547 1404 3620 παρθενίαν
1436 3548 1721 3620 εὐνουχίας

97 3635 451 3710 ἐρωτηθεὶς,
487 3633 659 3699 οὕτως
689 3637 718 3689 6
743 3636 990 3709 μαθητὴς
1012 3639 1113 3708 τῆς
1135 3639 1432 3711 παρθενίας
1459 3641 1560 3710 τὴν
1584 3657 1720 3712 συμ-

97 3730 324 3801 ϐουλὴν
367 3728 703 3800 εἰσηγήσατο
729 3727 938 3797 λέγων’
994 3730 1134 3798 Περὶ
1164 3730 1233 3784 δὲ
1267 3730 1387 3785 τῶν
1411 3731 1722 3801 παρθένων

95 3817 426 3888 ἐπιταγὴν
455 3819 681 3886 Κυρίου
713 3820 825 3873 οὐκ
849 3818 969 3888 ἔχω
990 3835 1006 3850 ·
1034 3820 1278 3890 γνώμην
1305 3820 1374 3875 δὲ
1399 3821 1607 3891 δίδωμι
1638 3824 1720 3889 ὡς

97 3910 469 3982 ἠλεημένος
498 3910 619 3965 ὑπὸ
651 3913 874 3981 Κυρίου
902 3912 1118 3978 πιστὸς
1141 3909 1314 3967 εἶναι.
1355 3912 1579 3983 Νομίζω
1606 3910 1720 3969 οὖν

96 4003 306 4059 τοῦτο
338 4001 537 4057 καλὸν
561 4001 859 4072 ὑπάρχειν
884 4002 984 4058 διὰ
1008 4002 1126 4073 τὴν
1157 4001 1507 4058 ἐνεστῶσαν
1534 4004 1718 4076 ἀνάγ-

102 4111 263 4162 κην,
313 4091 408 4145 ὅτι
452 4093 646 4147 καλὸν
687 4094 978 4163 ἀνθρώπῳ
1006 4094 1073 4149 τὸ
1101 4094 1291 4160 οὕτως
1339 4095 1513 4149 εἶναι.
1548 4095 1719 4150 Δέδε-

99 4202 222 4242 σαι
260 4185 541 4255 τυναικί;
574 4187 672 4241 καὶ
705 4187 876 4259 ἔφθης
922 4188 1003 4258 τῷ
1034 4187 1219 4259 δεσμῷ
1259 4187 1434 4260 τούτῳ
1471 4187 1579 4260 πρὸ
1618 4188 1719 4258 τῆς

100 4277 389 4350 γνώσεως
426 4276 525 4332 τοῦ
560 4278 704 4333 κατὰ
734 4279 835 4351 τὴν
858 4279 1154 4352 παρθενίαν
1191 4279 1358 4334 καλοῦ
1402 4279 1719 4353 προληφθῆ-

103 4386 247 4434 om;
289 4368 379 4438 μὴ
408 4368 563 4435 ζήτει
593 4371 799 4424 λύσιν.
831 4370 1101 4426 Λέλυσαι
1126 4369 1247 4425 ἀπὸ
1271 4374 1595 4442 γυναικόςί
1628 4371 1716 4442 μὴ

102 4462 283 4530 ζήτει
312 4460 590 4532 γυναῖκα.
648 4462 794 4516 Ἀντὶ
837 4462 967 4529 τῶν,
1007 4463 1100 4535 Μὴ
1136 4463 1286 4535 ζήτει
1318 4463 1518 4536 δεσμὸν
1560 4464 1719 4536 δεθῆ-

100 4571 225 4611 ναι.
266 4552 411 4607 Ἐὰν
440 4552 510 4607 δὲ
536 4552 636 4608 καὶ
662 4553 962 4625 γαμήσῃς,
1003 4557 1118 4624 οὐχ
1149 4555 1425 4626 ἥμαρτες.
1469 4557 1579 4611 Καὶ
1607 4557 1717 4611 ἐὰν

95 4609 278 4721 Ημῃ
309 4647 353 4715 ἡ
383 4609 703 4715 παρθένος,
726 4609 840 4717 ξ)ῠᾷ
864 4609 1116 4718 ἧμαρτεῗ
1136 4609 1356 4717 dilutior
1373 4609 1442 4702 ἑὲ
1468 4609 1545 4716 τῇ
1568 4609 1716 4717 σαρ-
1746 4609 1793 4664 D

78 4740 171 4809 Δ,πὶ
200 4739 471 4805 ἕξουσιν
505 4741 561 4793 οἱ
585 4740 843 4795 τοιοῦτοι
862 4779 877 4805 ,
913 4740 1223 4809 ἀνοίγοντες
1254 4741 1467 4804 ἐαυτοϊς
1495 4740 1583 4794 διὰ
1614 4739 1709 4794 τοῦ

80 4812 301 4902 ⁸γάμόυ
343 4828 548 4883 ὀδυνῶν
590 4830 971 4903 ἐργαστήριον.
1017 4830 1166 4900 Ἐγὼ
1201 4830 1270 4885 δὲ
1308 4829 1477 4900 ὑμῶν
1511 4829 1713 4900 φείδο-

82 4935 236 4991 ¹μαι.
278 4918 463 4973 Τοῦτο
490 4918 557 4972 δέ
586 4936 758 4989 φημι,
788 4919 1058 4989 ἀδελφοὶ,
1086 4923 1119 4975 ό
1148 4919 1351 4988 καιρὸς
1373 4925 1715 4975 συνεσταλ-

96 5010 301 5081 μένος
347 5009 485 5062 ἐστὶ
534 5009 600 5063 τὸ
653 5011 888 5065 λοιπόν.
924 5012 990 5064 Αἰ
1021 5010 1131 5084 γὰρ
1158 5011 1333 5084 χῶραι
1371 5010 1583 5076 λευκαὶ,
1618 5012 1714 5066 καὶ

99 5101 217 5173 ἥδη
253 5098 367 5152 εἰσὶ
391 5099 529 5171 πρὸς
564 5099 826 5172 θερισμὸν
848 5101 1052 5155 λοιπόν·
1084 5102 1212 5156 Ἵνα
1242 5101 1342 5157 καὶ
1373 5106 1429 5157 οὶ
1461 5103 1713 5171 ἔχοντες

101 5190 417 5264 γυναῖκας
456 5191 540 5258 ὡς
565 5190 652 5260 μὴ
678 5190 926 5261 ἔχοντες
951 5188 1121 5249 ὦσιν.
1164 5194 1278 5265 Οὐχ
1307 5194 1357 5247 οἱ
1383 5193 1459 5266 μὴ
1490 5193 1711 5265 ἔχοντες

102 5285 188 5349 ὡς
208 5287 263 5338 οἱ
292 5283 528 5354 ἔχοντες.
557 5287 769 5359 Ὠσπερ
805 5283 899 5341 οὖν
931 5285 1061 5341 ἔνιοι
1100 5286 1173 5359 μὴ
1200 5286 1417 5358 ἔχοντες
1447 5285 1535 5340 διὰ
1563 5303 1711 5356 παρ-

104 5376 305 5440 Θενίας
329 5376 646 5448 ὑπόσχεσιν,
675 5378 751 5442 ὡς
782 5378 997 5451 ἔχοντες
1027 5378 1127 5451 τὴν
1152 5378 1448 5452 παρθενίαν
1483 5377 1595 5449 (18)
1622 5379 1715 5430 ἐν-

102 5467 429 5541 υϐρίζουσι.
468 5469 580 5526 Καὶ
626 5473 684 5525 ot
727 5471 1065 5536 κλαίοντες,
1111 5470 1192 5536 ὡς
1218 5468 1306 5540 μὴ
1356 5468 1707 5533 κλαίοντες·

1822 3361 1890 3415 ab
1923 3356 2068 3417 omni
2107 3372 2414 3432 praecepto,
2445 3365 2724 3421 meliorem
2762 3382 2828 3423 ex
2868 3380 3133 3439 pmestate
3177 3372 3401 3439 factum,

1823 3449 2015 3505 miram
2039 3461 2247 3507 natura:
2270 3452 2376 3506 vim
2401 3452 2602 3508 inferre
2623 3456 2689 3509 ad
2714 3444 3194 3527 incorruptionem.
3212 3461 3406 3529 Quem-

1824 3543 2111 3598 admodum
2141 3544 2305 3615 igitur
2329 3543 2593 3601 Dominus
2624 3547 2881 3618 virginete
2905 3552 3256 3609 castrationis
3283 3570 3402 3611 mo-

1821 3634 1919 3687 dos
1948 3632 2315 3704 interrogatus
2342 3635 2556 3705 aperuit
2586 3654 2600 3690 :
2643 3636 2715 3691 ita
2741 3638 3038 3711 discipulus
3070 3643 3403 3715 virginitatis

1819 3722 2108 3778 consilium
2149 3725 2396 3793 induxit,
2443 3726 2632 3784 dicens
2651 3729 2744 3783 "z
2779 3730 2857 3785 De
2897 3733 3184 3803 virginibus
3226 3750 3402 3794 autem

1819 3826 2136 3885 prcceptum
2172 3817 2388 3871 Domini
2417 3835 2522 3874 non
2560 3822 2758 3889 habeo;
2804 3826 3083 3879 consilium
3119 3836 3297 3885 autem
3333 3833 3406 3886 do

1820 3915 2074 3977 tanquam
2103 3910 2523 3965 misericordiam
2556 3925 2863 3971 consecutus
2900 3935 2933 3971 a
2968 3918 3190 3975 Domino
3220 3933 3278 3977 ut
3303 3924 3406 3979 sim

1820 3997 2016 4067 ﬁdelis.
2043 4003 2308 4056 Existimo
2339 4021 2460 4076 ergo
2481 4007 2579 4060 hoc
2608 4006 2799 4062 bonum
2822 4026 2936 4064 esse
2958 4023 3171 4081 prapter
3195 4016 3406 4072 instan-

1821 4099 1923 4144 tem
1946 4094 2326 4159 necessitatem,
2350 4100 2595 4165 quoniam
2627 4100 2817 4154 bonum
2847 4112 2925 4156 est
2947 4103 3146 4160 homini
3171 4108 3249 4162 sic
3269 4126 3403 4166 esse.

1819 4183 2090 4255 Alligatus
2114 4201 2169 4240 es
2197 4189 2398 4241 uxori?
2419 4203 2482 4243 ac
2511 4202 2919 4262 pratoccupatus
2948 4210 3007 4249 es
3035 4196 3141 4252 hoc
3165 4199 3404 4267 vinculo,

1819 4285 2109 4346 antequam
2162 4294 2418 4335 nosceres
2454 4283 2781 4352 virginitatis
2819 4274 3063 4361 bonum?
3100 4292 3209 4347 noli
3256 4310 3403 4361 qua:-

1818 4384 1935 4424 rere
1959 4368 2294 4427 solutionem.
2327 4371 2548 4428 Solutus
2587 4390 2641 4429 es
2673 4379 2737 4430 ab
2770 4380 2982 4434 uxore?
3020 4383 3129 4438 noli
3168 4400 3405 4453 (μιαίνεις

1819 4472 2059 4511 uxorem.
2095 4459 2262 4527 Quasi
2295 4464 2480 4518 dicat:
2520 4462 2598 4518 Ne
2626 4482 2840 4536 quaeras
2877 4470 3095 4526 vinculo
3119 4472 3297 4545 ligari.
3339 4474 3403 4532 Si

1820 4559 1994 4602 autem
2026 4560 2077 4605 et
2107 4568 2328 4606 uxorem
2354 4556 2591 4621 duxeris,
2630 4574 2734 4612 non
2756 4563 3010 4628 peccasti.
3035 4561 3105 4620 Et
3134 4565 3181 4618 si
3214 4581 3403 4633 nupse-

1820 4640 1890 4693 rit
1922 4640 2090 4713 virgo,
2121 4661 2225 4698 non
2254 4649 2507 4708 peccauit.
2543 4647 2964 4708 Tribulationem
3001 4662 3179 4709 tamen
3225 4659 3404 4714 carnis

1819 4729 2077 4785 habebunt
2120 4734 2466 4805 hujusmodi,
2530 4741 2839 4808 aperientes
2905 4743 3257 4814 sibimetipsis
3307 4763 3405 4819 per

1819 4826 2222 4881 matrimonium
2272 4825 2521 4884 dolorum
2566 4831 2862 4893 oliicinam.
2909 4832 3026 4903 Ego
3050 4846 3228 4891 autem
3258 4839 3403 4891 vobis

1817 4932 1997 4985 parco.
2037 4914 2154 4969 Hoc
2184 4925 2360 4970 autem
2383 4918 2537 4987 dico,
2571 4921 2805 4991 fratres,
2854 4933 3055 4993 tempus
3087 4928 3208 4995 jam
3255 4928 3403 4981 breve

1818 5019 1916 5065 est.
1959 5005 2096 5062 Nam
2141 5009 2394 5077 regiones
2437 5012 2575 5068 alba:
2614 5023 2777 5095 sunt,
2818 5015 3040 5089 jamque
3067 4994 3133 5072 ad
3165 4994 3437 5073 messeni“

1819 5109 2024 5168 parata:
2045 5099 2090 5131 “
2114 5119 2130 5158 :
2160 5099 2231 5155 Ut
2251 5114 2298 5157 et
2319 5105 2409 5174 qui
2439 5105 2629 5161 habent
2654 5123 2867 5174 uxores,
2894 5118 3148 5180 tanquam
3174 5126 3279 5164 non
3300 5113 3402 5164 Ita-

1821 5188 1995 5243 bentes
2023 5191 2149 5245 sint.
2184 5190 2300 5246 Non
2327 5194 2495 5261 dicit,
2526 5204 2585 5251 ut
2603 5197 2695 5267 qui
2723 5213 2829 5253 non
2861 5198 3095 5262 habent,
3143 5208 3400 5273 tanquam

1820 5281 2082 5338 habentes
2133 5283 2263 5337 sint.
2312 5283 2777 5351 Quemadmodum
2824 5289 3071 5359 profecto
3114 5292 3402 5360 nonnulli,

1819 5386 1927 5427 non
1974 5372 2238 5429 habentes
2296 5384 2520 5446 propter
2565 5377 2899 5448 virginitatis
2958 5381 3400 5449 professionem,

1819 5473 2077 5532 tanquam
2106 5464 2392 5535 habentes,
2432 5468 2730 5539 virginitati
2776 5473 3012 5529 dedecus
3039 5475 3283 5531 inurunt.
3326 5473 3403 5530 Et

178 5604 229 5637 ³¹
262 5601 460 5659 Matth.
495 5619 611 5670 xxx,
652 5603 743 5660 10.
810 5607 855 5638 ¹¹
887 5606 1016 5662 ibid.
1050 5606 1137 5660 11.
1205 5604 1252 5637 ⁸³
1280 5602 1453 5660 lCor.
1477 5618 1575 5667 vn,
1598 5600 1690 5657 23.

1848 5602 1977 5657 ibid.
2054 5603 2101 5635 ³⁸
2127 5601 2459 5658 ibid35-56.
2532 5605 2579 5637 "
2606 5604 2762 5663 Joan.
2787 5624 2869 5677 tv,
2900 5609 2994 5664 55.

184 5781 301 5856 (t7)
330 5786 602 5853 Καιρίως.
637 5782 1149 5856 Nonnulli_codices,
1179 5780 1244 5835 κύ

184 5797 301 5856 (Π)
330 5797 602 5853 καιριως.
640 5797 888 5839 nonnum
913 5797 1149 5845 codices,
1179 5797 1411 5908 novae.
1574 5850 1585 5861 _
1618 5849 1630 5860 ο

183 5857 303 5924 (£8)
343 5856 460 5924 Τὴν
494 5854 843 5925 παρθενίαν.
878 5853 969 5911 Sic
1007 5868 1137 5910 mss.
1177 5862 1233 5909 et
1308 5861 1467 5909 eneta
1503 5849 1689 5907 editio.

1839 5867 1867 5909 e
1899 5852 1953 5907 in
1990 5850 2300 5917 Parisieusi,
2332 5854 2432 5925 τὴν
2464 5852 2753 5926 παρθένον.
