3802 6216
412 365 520 424 783

1376 347 1722 407 APPENDIX
1762 345 2050 402 OPERUM
2089 342 2150 400 S.
2187 338 2437 398 BASlLll
2474 338 2715 396 MAGNI.

3584 333 3695 389 784

411 488 505 557 qui
538 485 682 556 ﬂent,
722 490 973 550 tanquam
1005 488 1106 529 non
1140 471 1357 543 ﬂentes;
1386 480 1434 523 et
1464 468 1554 537 qui
1583 468 1836 537 gaudent,
1869 474 1991 518 tan-

2187 463 2197 514 l
2239 463 2293 515 ot
2326 458 2661 529 χαίροντες,
2699 455 2780 520 ὡς
2806 452 2894 524 μὴ
2933 451 3280 522 χαίροντες·
3319 464 3419 503 και
3462 450 3518 503 ol
3554 450 3695 518 ἀνοο

415 593 574 651 want
598 589 703 629 non
721 574 1035 642 gaudentes;
1063 572 1115 621 et
1136 563 1226 635 qui
1250 569 1448 628 emunt,
1473 570 1723 630 tanquam
1750 573 1854 612 non
1874 573 1993 626 pos-

292 658 297 665 ’
415 669 675 728 sidentes;
718 671 766 717 et
809 661 899 732 qui
930 665 1151 712 utuntur
1194 653 1291 707 hoc
1333 651 1565 716 mundo,
1606 659 1855 719 tanquam
1889 663 1994 701 non

415 768 653 818 utantur.
702 754 952 811 Praeterit
998 751 1138 807 enim
1184 749 1359 820 figura
1399 745 1559 816 hujus
1609 741 1816 798 mundi.
1863 739 1993 794 Volo

415 863 589 910 autem
614 866 700 907 vos
733 849 845 903 sine
866 843 1224 901 sollicitudine
1251 856 1383 895 esse.
1420 838 1526 904 Qui
1559 838 1671 892 sine
1708 850 1869 889 uxore
1892 841 1992 901 est,

414 945 675 1001 sollicitus
705 948 783 996 est
805 954 925 1010 qua
950 943 1072 991 sunt
1098 933 1335 1000 Domini,
1362 931 1626 1001 quomodo
1658 927 1863 995 placeat
1886 925 1996 980 Do-

417 1035 582 1090 mino.
616 1030 720 1098 Qui
747 1036 922 1087 autem
948 1042 1068 1081 cum
1106 1039 1271 1079 uxore
1309 1030 1427 1087 est,
1467 1018 1730 1074 sollicitus
1759 1026 1834 1071 est
1878 1031 1996 1087 qua:

417 1137 538 1180 sunt
566 1123 748 1179 mundi
774 1162 792 1190 ,
830 1118 1089 1191 quomodo
1116 1115 1320 1187 placeat
1349 1111 1534 1175 uxori;
1571 1120 1618 1164 et
1653 1109 1839 1163 divisis
1875 1117 1995 1164 sunt

418 1218 608 1273 mulier
626 1229 745 1285 qua
768 1212 970 1282 nupsit,
993 1219 1041 1264 et
1071 1209 1239 1277 virgo.
1268 1203 1504 1271 lnnupta
1530 1202 1721 1271 cogitat
1749 1215 1867 1270 qua:
1889 1198 1997 1252 Do-

420 1307 550 1363 mini
577 1314 720 1373 sunt,
755 1311 811 1367 ut
837 1303 906 1356 sit
938 1307 1124 1354 sancta
1156 1308 1376 1364 corpore
1412 1301 1461 1345 et
1497 1290 1708 1359 spiritu.
1739 1289 1870 1354 ρυω
1895 1304 1997 1340 au-

420 1409 523 1453 tem
565 1403 731 1466 nupta
771 1402 885 1457 est,
921 1391 1112 1462 cogitat
1153 1400 1272 1458 quae
1318 1393 1440 1440 sunt
1483 1381 1700 1446 mundi,
1739 1377 1997 1449 quomodo

418 1488 623 1560 placeat
657 1485 795 1540 viro.
826 1480 942 1537 Hoc
970 1476 1242 1554 autem.ad
1269 1472 1554 1527 utilitatem
1584 1478 1810 1524 vestram
1836 1467 1956 1520 dico
1980 1502 1995 1529 ,

421 1558 526 1637 non
554 1587 610 1632 ut
639 1575 885 1646 laqueum
909 1570 1050 1625 vobis
1082 1567 1348 1633 iniiciam,
1377 1563 1467 1617 sed
1495 1561 1564 1616 ad
1590 1561 1646 1615 id
1670 1558 1810 1630 quod
1835 1560 2000 1611 hone-

420 1682 558 1726 stum
583 1678 743 1733 est,et
764 1667 902 1737 quod
926 1660 1233 1733 facultatem
1249 1655 1474 1728 prtcbeat
1496 1653 1610 1708 sine
1626 1649 1997 1718 impedimento

422 1761 706 1817 Dominum
740 1752 1068 1812 obsecrandi.
1094 1750 1154 1806 Si
1178 1750 1296 1820 quis
1321 1758 1499 1802 autem
1527 1755 1733 1812 turpem
1754 1759 1811 1794 se
1830 1740 2000 1794 videri

2093 552 2397 624 ράζοντες,
2428 551 2509 617 ὡς
2529 547 2617 619 μὴ
2641 546 3000 617 κατέχοντες
3021 561 3036 577 ’
3067 543 3167 598 καὶ
3196 545 3252 597 ol
3288 542 3583 612 χρώμενοι
3610 542 3695 608 τῷ

2101 647 2308 715 κόσμῳ
2343 643 2552 707 τούτῳ,
2592 641 2673 707 ὡς
2689 638 2775 710 μὴ
2805 634 3272 707 καταχρώμενοι.
3295 633 3555 704 Παράγει
3579 634 3696 704 γὰρ

2102 737 2169 792 τὸ
2193 735 2402 807 σχῆμα
2428 734 2536 789 τοῦ
2567 736 2800 802 κόσμου
2832 731 3069 785 τούτου.
3103 729 3265 784 Θέλω
3281 726 3351 780 δὲ
3366 726 3527 796 ὑμᾶς
3555 728 3696 796 ἁμε-

2092 829 2352 898 ρίμνους
2377 822 2552 881 εἶναι.
2592 827 2648 879 Ὁ
2680 825 2908 894 ἄγαμος
2931 819 3189 892 μεριμνᾷ
3215 821 3289 876 τὰ
3311 821 3421 875 τοῦ
3446 820 3693 889 Κυρίου,

2102 918 2229 987 πῶς
2254 919 2444 990 ἀρέσῃ
2471 918 2582 989 (l9)
2611 915 2691 983 τῷ
2711 916 2926 985 Κυρίῳ.
2963 914 3019 966 '0
3049 913 3118 966 δὲ
3144 911 3422 982 γαμήσας
3437 909 3697 981 μεριμνᾷ

2101 1013 2175 1069 τὰ
2201 1013 2309 1067 τοῦ
2341 1012 2596 1081 κόσμου,
2630 1007 2757 1075 πῶς
2789 1004 2981 1076 ἀρέσῃ
3027 1004 3104 1074 τῇ
3142 1004 3384 1075 γυναικί
3404 1020 3420 1034 °
3465 1002 3569 1057 καὶ
3590 1019 3698 1073 με-

2095 1104 2374 1175 μέρισται
2398 1102 2497 1156 καὶ
2528 1103 2568 1170 ή
2597 1098 2753 1171 γυνὴ
2784 1101 2823 1168 ἡ
2848 1097 3180 1169 γαμήσασα
3203 1094 3338 1168 (20),
3362 1095 3461 1150 καὶ
3482 1095 3524 1163 ἡ
3550 1110 3699 1165 παρ-

2103 1195 2300 1263 θένος.
2346 1196 2408 1251 Ἡ
2433 1194 2661 1265 ἄγαμος
2681 1190 2940 1262 μεριμνᾷ
2974 1191 3049 1245 τὰ
3079 1189 3187 1245 τοῦ
3232 1189 3480 1259 Κυρίου,
3517 1190 3622 1244 ἵνα
3656 1182 3700 1260 ᾗ

2102 1290 2241 1361 ἁγία
2272 1288 2370 1343 καὶ
2401 1287 2629 1358 σώματι
2670 1284 2772 1339 καὶ
2816 1283 3130 1352 πνεύματι.
3173 1281 3234 1335 Ἠ
3257 1279 3327 1334 δὲ
3365 1279 3701 1350 γαμήσασα

2096 1380 2356 1453 μεριμνᾷ
2412 1379 2485 1433 τὰ
2527 1377 2635 1432 τοῦ
2669 1378 2924 1445 κόσμου,
2967 1371 3095 1439 πῶς
3131 1372 3322 1441 ἀρέσῃ
3360 1371 3445 1438 τῷ
3495 1372 3697 1441 ἀνδρί.

2109 1476 2292 1532 Τοῦτο
2335 1472 2406 1528 δὲ
2448 1471 2597 1541 πρὸς
2628 1470 2696 1525 τὸ
2728 1469 2897 1539 ὑμῶν
2920 1465 3124 1522 αὐτῶν
3159 1464 3476 1535 συμφέρον
3515 1465 3700 1536 λέγω,

2104 1572 2218 1637 οὐχ
2241 1567 2342 1620 ἵνα
2365 1565 2601 1634 βρόχον
2627 1563 2771 1632 ὑμῖν
2801 1560 3084 1622 ἐπιϐάλω,
3119 1558 3281 1613 ἀλλὰ
3303 1557 3462 1625 ’πρὸς
3491 1557 3564 1611 τὸ
3597 1557 3701 1612 εὔ-

2104 1674 2346 1729 σχημον
2363 1658 2463 1713 καὶ
2489 1648 2965 1723 εὐπάρεδρον·τῷ
2984 1652 3181 1720 Κυρίῳ
3204 1648 3700 1719 ἀπερισπάστως.

2100 1752 2170 1805 Et
2195 1749 2264 1804 δέ
2288 1766 2382 1816 τις
2410 1745 2787 1818 ἀσχημονεῖν
2827 1744 2928 1799 ἐπὶ
2970 1743 3089 1813 τὴν
3127 1742 3431 1812 παρθένον
3476 1742 3704 1797 ἑαυτοῦ

421 1853 686 1910 existimat
710 1864 867 1917 super
894 1847 1090 1916 virgine
1113 1859 1211 1899 sua
1232 1883 1247 1905 ,
1269 1841 1409 1910 quod
1432 1839 1500 1893 sit
1529 1832 1880 1907 superadulta
1906 1873 1922 1898 ,
1944 1843 1993 1888 et

2187 1840 2340 1909 ιίζει,
2376 1840 2487 1896 ἐὰν
2593 1836 2966 1908 ὑπέρακμος,
2994 1836 3095 1892 καὶ
3124 1837 3314 1903 οὕτως
3348 1836 3586 1907 ὀφείλει
3612 1837 3706 1907 τί-

420 1945 499 2000 ita
529 1949 727 2013 oportet
757 1938 875 2009 ﬁeri
892 1953 913 2002 ;
939 1935 1078 2005 quod
1106 1932 1214 1988 vult
1252 1931 1417 2001 faciat
1443 1944 1463 1983 :
1490 1945 1597 1982 non
1625 1933 1809 1996 peccat
1832 1939 1852 1979 :
1870 1922 2003 1993 jun-

421 2041 617 2103 gantur
652 2027 1033 2088 matrimonio;
1066 2023 1203 2078 sciat
1236 2032 1416 2074 tamen
1454 2034 1515 2074 se
1546 2015 1762 2071 mortali
1789 2015 1910 2069 viro
1936 2027 2001 2070 ac

424 2123 661 2187 mundo,
701 2121 772 2176 ob
818 2116 1098 2174 fruendam
1139 2113 1467 2182 voluptatem
1504 2109 1793 2175 maluisse,
1839 2120 2001 2175 quam

424 2217 651 2275 Domino
675 2212 841 2291 670
877 2210 1110 2280 placere.
1167 2204 1270 2271 Qui
1313 2210 1490 2256 autem
1527 2200 1711 2255 statuit
1750 2199 1814 2253 in
1846 2196 2004 2252 corde

425 2325 520 2363 suo
548 2308 734 2378 firmus
753 2343 771 2369 ,
796 2318 898 2355 non
928 2298 1124 2353 habens
1153 2294 1538 2357 necessitatem,
1562 2297 1872 2359 potestatem
1904 2303 2002 2341 auo

426 2413 527 2456 tem
554 2400 748 2452 habens
773 2409 884 2449 sum
905 2388 1192 2444 voluntatis
1215 2425 1229 2448 ,
1261 2394 1308 2438 et
1341 2382 1435 2436 hoc
1461 2381 1726 2452 judicavit
1758 2380 1813 2433 in
1847 2378 2005 2431 corde

426 2506 522 2545 suo
545 2500 752 2543 servare
778 2482 1029 2552 virginem
1057 2489 1244 2539 suam;
1274 2473 1400 2526 bene
1425 2472 1606 2542 faciet.
1641 2468 1820 2540 Igitur
1838 2480 1882 2523 et
1914 2466 2005 2537 qui

428 2576 597 2646 iungit
627 2569 962 2627 matrimonio
985 2565 1239 2636 virginem
1262 2577 1414 2616 suam
1440 2562 1564 2615 bene
1593 2560 1792 2631 faciet;
1819 2560 2005 2612 melius

427 2677 503 2725 cst
526 2667 663 2722 enim
693 2662 885 2717 nubere
907 2674 1066 2729 quam
1094 2655 1200 2712 uri.
1238 2653 1302 2708 Et
1330 2653 1420 2725 qui
1450 2669 1563 2707 unon
1578 2652 1789 2723 jungit,
1818 2649 2005 2704 melius

431 2757 586 2828 faciet
617 2797 632 2822 ,
671 2769 767 2825 pro
796 2749 1013 2807 mortali
1038 2748 1181 2811 viro,
1211 2745 1359 2801 illam
1390 2741 1620 2801 Domino
1642 2743 2004 2813 despondeas.

503 3050 590 3106 57.
633 3044 890 3102 Dominus
936 3052 1116 3097 autem
1161 3040 1270 3101 iis,
1323 3037 1413 3107 qui
1458 3034 1788 3091 matrimonii
1837 3032 2006 3088 mole-

431 3144 566 3199 stias
594 3140 929 3200 didicerant,
959 3148 1024 3189 ac
1055 3131 1427 3188 dillicultatem
1461 3127 1706 3182 solvendi
1751 3123 2008 3196 conjuga-

431 3237 499 3292 lis
527 3230 727 3289 vinculi
758 3243 901 3296 aegre
927 3226 1192 3288 ferebant,
1225 3221 1482 3291 illudque,
1514 3218 1638 3274 Non
1672 3219 1880 3287 expedit
1905 3233 2006 3270 nu-

2101 1939 2334 2003 νεσθαι,
2383 1933 2416 1989 ὃ
2449 1932 2611 1989 θέλει
2645 1932 2909 1987 ποιείτωο
2948 1933 3062 2000 οὐχ
3095 1928 3453 2001 ἁμαρτάνει·
3494 1931 3704 2003 γαμειο

2102 2046 2285 2084 τωσαν
2306 2045 2321 2059 ο
2356 2027 2677 2097 γινωσκέτω
2724 2024 2907 2098 μέντοι
2942 2024 3027 2088 ’ὡς
3075 2025 3232 2096 ἀνδρὶ
3276 2023 3459 2096 θνητῷ
3495 2025 3706 2095 μᾶλλον

2102 2120 2199 2174 καὶ
2253 2119 2443 2191 κόσμῳ
2478 2116 2592 2190 (21)
2629 2117 2663 2189 ἢ
2708 2116 2769 2169 τὸ
2799 2115 2878 2186 τῷ
2912 2115 3103 2187 Κυρίῳ
3143 2114 3379 2188 ἀρέσκον
3407 2112 3476 2169 δι’
3502 2116 3705 2187 ἡδονῆς

2103 2208 2406 2265 ἀπόλαυσιν
2439 2206 2755 2273 ἐπελέξατο.
2797 2208 2896 2273 Ὃς
2938 2205 3009 2258 δὲ
3038 2205 3300 2274 ἕστηκεν
3341 2205 3412 2259 ἐν
3456 2204 3533 2274 τῇ
3561 2223 3706 2274 καρ-

2104 2300 2207 2370 δίᾳ
2246 2299 2434 2354 αὐτοῦ
2459 2297 2721 2366 ἑδραῖος,
2750 2296 2838 2367 μὴ
2879 2297 3039 2367 ἔχων
3076 2296 3373 2367 ἀνάγκην,
3403 2294 3707 2363 ἐξουσίαν

2103 2392 2174 2447 δὲ
2201 2392 2327 2462 ἔχει
2351 2390 2487 2461 περὶ
2517 2389 2626 2445 τοῦ
2663 2390 2820 2444 ἰδίου
2856 2387 3218 2459 θελήματος,
3257 2388 3358 2442 καὶ
3389 2389 3571 2443 τοῦτο
3608 2387 3707 2442 κέ-

2106 2502 2312 2555 κρικεν
2335 2483 2407 2537 ἐν
2431 2481 2508 2551 τῇ
2533 2481 2746 2550 καρδίᾳ
2764 2479 2951 2535 αὐτοῦ
2978 2480 3085 2535 τοῦ
3116 2478 3319 2549 τηρεῖν
3339 2477 3455 2549 τὴν
3478 2479 3704 2535 ἑαυτοῦ

2107 2576 2428 2646 παρθένον,
2473 2573 2675 2641 καλῶς
2714 2572 2977 2643 ποιήσει.
3036 2573 3219 2628 Ὥστε
3254 2573 3355 2626 καὶ
3372 2574 3419 2626 ·ό
3447 2572 3708 2644 γαμίζων

2107 2669 2224 2737 τὴν
2244 2667 2469 2723 ’ἑαυτοῦ
2510 2664 2846 2735 παρθένον,
2879 2662 3081 2730 καλῶς
3112 2661 3375 2731 ποιήσει’
3408 2663 3708 2733 κρεῖσσον

2108 2763 2219 2832 τὰρ
2258 2758 2528 2832 γαμῆσαι
2558 2758 2669 2829 (2‘2)
2708 2757 2748 2826 ἢ
2788 2754 3163 2824 πυροῦσθαι·
3216 2754 3317 2808 καὶ
3350 2756 3384 2808 ὁ
3404 2753 3497 2824 μὴ
3532 2756 3709 2826 γαμί-

2111 2856 2250 2922 ζων,
2298 2853 2587 2924 κρεῖσσον
2634 2849 2898 2917 ποιήσει,
2949 2849 3074 2903 ἀντὶ
3116 2846 3313 2919 θνητοῦ
3352 2847 3571 2920 ἀνδρὸς,
3628 2846 3709 2919 τῷ

2108 2947 2302 3021 Κυρίῳ
2324 2945 2531 3018 ταύτην
2561 2942 2873 3016 νυμφεύων.

2181 3038 2270 3093 57.
2313 3038 2372 3090 ’0
2397 3036 2457 3089 δὲ
2478 3035 2682 3108 Κύριος
2714 3035 2851 3107 πρὸς
2875 3034 3003 3099 τοὺς
3025 3033 3124 3098 τὰς
3152 3035 3218 3088 ἐκ
3240 3032 3351 3088 τῶν
3379 3033 3578 3105 γάμων
3610 3034 3709 3106 ἀη-

2111 3131 2231 3195 δίας
2253 3128 2701 3200 καταμαθόντας,
2736 3126 2832 3180 καὶ
2860 3127 2998 3198 πρὸς
3023 3125 3085 3178 τὸ
3121 3124 3381 3178 δύσλυτον
3434 3122 3532 3176 τοῦ
3568 3125 3707 3196 πρὸς

2114 3224 2348 3292 γυναῖκα
2383 3218 2583 3292 δεσμοῦ
2627 3217 3074 3290 σχετλιάσαντας,
3106 3218 3205 3271 καὶ
3242 3214 3325 3279 τὶ,
3361 3217 3445 3270 Οὐ
3481 3216 3710 3286 συμφέο

432 3320 881 3390 bere,diceliant,
919 3314 1045 3369 Non
1069 3329 1247 3368 omnes
1285 3313 1495 3380 capiunt
1519 3311 1616 3365 hoc
1646 3310 1891 3373 verbum,
1927 3307 2009 3362 in-

2187 3332 2199 3368 ι
2221 3312 2508 3384 γαμῆσαι,
2530 3309 2806 3376 εἰπόντας,
2838 3311 2921 3364 Οὐ
2942 3309 3166 3375 πάντες
3185 3308 3585 3377 χψοῦσιτὸν
3609 3310 3711 3363 λό-

432 3418 572 3487 quit,
603 3415 693 3470 sed
717 3413 907 3485 quibus
935 3410 1118 3465 datum
1144 3417 1242 3463 est.
1277 3406 1414 3463 Sunt
1454 3407 1592 3462 enim
1631 3405 1894 3466 eunuchi,
1918 3405 2008 3477 qui

430 3507 497 3561 de
520 3503 705 3558 matris
735 3510 884 3554 utero
907 3500 983 3553 sic
1019 3499 1137 3552 nati
1178 3507 1299 3553 sunt
1318 3497 1364 3528 ’⁷
1407 3512 1422 3550 :
1463 3496 1780 3566 quicunque
1805 3495 2014 3552 scilicet

433 3593 818 3651 concubituum
865 3590 1248 3653 incitamento,
1290 3586 1344 3641 in
1382 3600 1477 3652 se,
1516 3595 1723 3640 natura:
1753 3600 2010 3652 munere,

435 3687 697 3750 abscisso,
733 3684 954 3755 nuptias
980 3688 1364 3751 aspernantur.
1401 3679 1470 3732 Et
1491 3689 1614 3733 sunt
1643 3677 1896 3741 eunuchi,
1921 3678 2012 3749 qui

437 3776 565 3848 facti
608 3784 730 3830 sunt
775 3774 840 3828 ab
883 3770 1180 3826 hominibus
1199 3768 1272 3834 '3,
1310 3766 1559 3823 doctrina
1589 3773 1645 3821 et
1673 3765 1918 3820 custodia
1946 3765 2014 3820 ad

435 3867 807 3941 virginitatem
831 3863 1157 3922 servandam
1188 3860 1407 3917 adducti
1438 3877 1452 3914 :
1486 3859 1664 3929 qualis
1689 3856 1931 3929 profecto
1959 3865 2016 3911 et

434 3959 528 4020 illa
547 3975 668 4033 quae
691 3975 721 4015 a
751 3968 907 4031 patre
928 3966 1178 4013 servatur
1212 3954 1386 4025 virgo,
1419 3956 1484 4009 de
1512 3968 1625 4024 quo
1652 3953 1857 4006 dictum
1888 3958 1970 4005 est
1996 3967 2012 4004 :

439 4052 545 4121 Qui
576 4062 752 4107 autem
777 4046 1035 4121 judicavit
1067 4046 1127 4100 in
1163 4045 1319 4100 corde
1364 4060 1461 4099 suo
1509 4058 1718 4098 servare
1758 4041 2015 4111 virginem

437 4162 611 4213 suam,
639 4145 763 4199 bene
793 4142 947 4212 faciet
964 4140 1031 4195 ”.
1056 4136 1127 4193 Et
1152 4148 1272 4193 sunt
1294 4135 1544 4201 eunuchi,
1561 4137 1649 4206 qui
1690 4134 1888 4203 seipsos
1922 4149 2017 4186 ca-

439 4242 735 4290 straverunt
763 4239 973 4301 propter
1010 4243 1226 4298 regnum
1264 4225 1516 4280 ccelorum
1534 4224 1621 4280 “z
1667 4224 1761 4295 qui
1799 4223 2015 4291 quidem

440 4326 563 4383 aliis
602 4322 1008 4395 praestantiores
1038 4328 1197 4385 sunt,
1229 4319 1361 4389 quia
1395 4332 1520 4373 cum
1561 4330 1741 4386 neque
1765 4330 1794 4368 a
1823 4325 2016 4370 natura

440 4418 509 4474 ad
534 4415 840 4472 castitatem
868 4409 1175 4480 adiumenta
1200 4409 1460 4475 habeant,
1487 4422 1658 4477 neque
1688 4407 1756 4462 ab
1783 4407 2018 4461 homini-

439 4510 541 4566 bus
565 4504 975 4570 custodiantur,
1012 4501 1114 4572 ipsi
1156 4489 1475 4571 semetipsos
1519 4508 1743 4570 propter
1788 4512 2016 4568 regnum

440 4601 701 4659 caelorum
732 4597 802 4655 ad
825 4596 1188 4668 virginitatem
1213 4601 1497 4656 exercent,
1523 4588 1928 4647 matrimonium
1952 4602 2018 4644 ac

439 4692 693 4751 mulum
722 4696 940 4761 propter
964 4688 1067 4743 hoc
1088 4700 1313 4756 regnum
1335 4672 1784 4746 contemnentes,
1820 4694 1884 4734 ac
1918 4679 2015 4733 toti

439 4789 507 4842 ad
531 4782 882 4854 cupiditatem
919 4779 1069 4849 regni
1110 4793 1215 4832 non
1256 4776 1376 4831 sine
1405 4774 1668 4829 athletico
1697 4772 1897 4827 sudore
1927 4769 2015 4824 in—

440 4877 777 4933 cumbentes.
801 4872 936 4928 Nam
961 4872 1053 4943 qui
1075 4885 1141 4928 ex
1169 4880 1341 4925 matre
1366 4868 1574 4924 ventris
1601 4865 1886 4923 eunuchus
1907 4874 2011 4927 εει,

439 4984 563 5023 cum
594 4975 788 5023 natura
811 4965 882 5020 sit
902 4972 1103 5026 castus,
1128 4961 1332 5017 nullum
1356 4959 1634 5031 proprium
1655 4972 1792 5027 opus
1820 4956 1874 5011 in
1900 4955 2015 5009 vir-

439 5052 683 5121 ginitatis
723 5051 923 5106 decore
968 5049 1257 5106 ostendere
1293 5057 1510 5120 potest;
1560 5054 1619 5100 ut
1658 5048 1749 5115 qui
1784 5053 2013 5109 natura},

441 5152 500 5200 ut
531 5143 665 5207 dixi,
698 5140 993 5207 beneﬁcio,
1020 5155 1125 5196 non
1153 5154 1339 5195 amore
1369 5138 1698 5210 virginitatis
1735 5137 2018 5191 matrimo-

508 5256 557 5290 ³⁷
577 5253 768 5311 Matth.
803 5268 936 5319 xIx,
966 5251 1064 5318 l0,
1107 5252 1191 5308 Η.
1268 5252 1315 5284 ³⁸
1342 5249 1470 5307 ibid.
1501 5251 1588 5304 Η.
1665 5249 1711 5281 ’⁸
1744 5246 1916 5303 lCor.
1952 5262 2025 5300 vn
2049 5284 2065 5313 ,
2099 5246 2191 5300 57.

512 5395 627 5468 (l9)
663 5394 895 5468 Ἀρέσῃ.
924 5391 1023 5448 llic
1046 5399 1101 5445 et
1130 5385 1268 5443 infra
1309 5383 1461 5439 multi
1487 5384 1700 5440 codices
1726 5389 1782 5438 et
1810 5380 2012 5437 Veneta

439 5466 622 5530 edi—tio,
652 5466 861 5537 ἀρέσει.

509 5522 621 5610 (205
669 5522 732 5593 Ἡ
752 5533 1095 5610 γαμήσασα.
1129 5527 1256 5583 Haec
1299 5524 1696 5610 percommode
1717 5522 1769 5610 in
1797 5535 2016 5610 unolex

443 5592 624 5676 Rv‘giis
671 5592 907 5676 desunt;
932 5605 1004 5657 At
1032 5612 1254 5676 prorsus
1272 5592 1495 5676 _vitiose
1538 5610 1636 5665 pro
1684 5594 1768 5650 liis
1797 5592 2020 5649 vocibus

443 5667 645 5733 hahent
670 5675 913 5731 nonnulli
940 5667 1171 5731 codices,
1202 5668 1237 5739 ἡ
1265 5667 1501 5739 ἄγαμος.

2112 3421 2223 3474 τον
2266 3402 2504 3465 τοῦτον,
2554 3402 2759 3472 φησὶν,
2807 3399 2946 3455 ἀλλ’
2985 3394 3078 3465 οἷς
3108 3397 3365 3453 δέδοται.
3410 3398 3550 3453 Εἰσὶ
3600 3398 3710 3470 γὰρ

2112 3494 2415 3563 εὐνοῦχοι,
2445 3493 2665 3558 οἵτινες
2688 3491 2759 3545 ἐκ
2779 3490 3013 3556 κοιλίας
3026 3489 3257 3560 μητρὸς
3283 3489 3712 3561 ἐγεννήθησαν

2113 3584 2302 3650 οὕτως
2321 3599 2335 3614 ·
2370 3582 2486 3636 ὅσοι
2513 3580 2730 3651 φύσεως
2749 3578 3182 3656 πλεονεκτήματι
3206 3579 3268 3632 τὸ
3297 3579 3437 3649 πρὶς
3456 3578 3564 3643 τὰς
3593 3597 3712 3634 συν.

2112 3676 2302 3741 ουσίας
2327 3674 2568 3748 ὲρεθίζον
2596 3671 3014 3744 ὲκτετμημένοι,
3048 3670 3453 3744 καταφρονοῦσι
3471 3671 3586 3724 τῶν
3611 3672 3710 3741 γά-

2118 3786 2254 3841 μων.
2284 3769 2399 3822 Καί
2425 3769 2585 3822 εἰσιν
2615 3765 2922 3834 εὐνοῦχοι,
2960 3764 3180 3831 οἵτινες
3210 3764 3713 3833 εὐνουχίσθησαν

2113 3858 2233 3914 ὐπὸ
2258 3856 2380 3911 τῶν
2400 3853 2750 3925 ἀνθρώπων,
2774 3852 3092 3923 διδασκαλίᾳ
3119 3853 3216 3905 καὶ
3246 3853 3477 3923 τηρήσει
3504 3851 3713 3923 παρθε-

2113 3948 2291 4003 νεύειν
2339 3947 2688 4009 πεισθέντεςο
2730 3943 2920 4017 ὥσπερ
2954 3939 3048 3997 οῦν
3092 3942 3249 4013 καὶὴ
3289 3940 3442 4014 παρὰ
3475 3941 3576 3995 τοῦ
3618 3962 3715 3998 πα-

2113 4041 2244 4113 τρὸς
2273 4037 2587 4111 τηρουμένη
2624 4034 2916 4109 παρθένος,
2945 4032 3078 4106 περὶ
3113 4026 3174 4087 οῦ
3216 4032 3466 4105 εἴρηται·
3510 4034 3617 4099 Ὃς
3642 4033 3715 4086 δὲ

2115 4131 2394 4200 κέκρικεν
2435 4128 2505 4183 έν
2530 4124 2608 4197 τῇ
2636 4125 2848 4195 καρδίᾳ
2872 4125 3061 4179 αὐτοῦ
3092 4122 3293 4192 τηρεῖν
3327 4120 3446 4191 τὴν
3487 4122 3714 4178 ἑαυτοῦ

2117 4219 2437 4289 παρθένον,
2470 4217 2673 4284 καλῶς
2709 4215 2972 4285 ποιήσει.
3025 4214 3139 4269 Καί
3184 4216 3343 4268 εἰσιν
3399 4214 3709 4286 εὐνοῦχοι.

2118 4313 2335 4376 οἵτινες
2374 4308 2746 4378 εὐνούχισαν
2784 4304 3039 4370 ἑαυτοὺς
3083 4303 3181 4358 διὰ
3227 4302 3344 4372 τὴν
3375 4303 3714 4367 βασιλείαν

2117 4404 2236 4459 τῶν
2262 4400 2533 4472 οὐρανῶν
2551 4418 2565 4431 ·
2594 4403 2643 4454 οί
2665 4400 2762 4454 καὶ
2786 4398 3067 4462 καλλίονες
3096 4396 3205 4450 τῶν
3232 4395 3419 4459 ἄλλων
3434 4396 3712 4469 ὑπάρχον-

2115 4512 2230 4560 τες,
2268 4495 2404 4549 διότι
2444 4492 2567 4547 οὔτε
2597 4492 2664 4546 ὲκ
2690 4492 2787 4564 τῆς
2814 4490 3029 4562 φύσεως
3066 4490 3201 4559 πρὸς
3230 4488 3595 4562 σωφροσύνην
3622 4493 3711 4558 ὲφ-

2119 4586 2278 4640 όδιον⁴
2306 4584 2541 4665 ἔχοντες,
2598 4581 2724 4637 ούτε
2776 4580 2928 4653 παρὰ
2974 4580 3277 4652 ἀνθρώπων
3324 4579 3709 4652 κρατούμενοι,

2121 4678 2277 4731 αὐτοὶ
2310 4676 2537 4740 ἑαυτοὺς
2576 4673 2664 4728 διὰ
2699 4672 2797 4745 τὴν
2846 4671 3122 4744 βασιλείαν
3158 4672 3268 4726 τῶν
3292 4671 3543 4744 οὐρανῶν
3577 4671 3713 4745 πρὸς

2120 4769 2220 4841 τὴν
2250 4766 2549 4840 παρθενίαν
2576 4763 2827 4829 ἀσκοῦσι,
2848 4764 3026 4834 γάμου
3062 4762 3161 4833 μὲν
3189 4763 3284 4816 καὶ
3314 4761 3432 4833 βίου
3464 4762 3553 4816 διὰ
3581 4764 3712 4816 ταύ-

2119 4877 2220 4932 την
2248 4859 2361 4932 (25)
2399 4854 2888 4928 καταφρονοῦντες,
2933 4853 2994 4907 τὸ
3036 4853 3082 4907 δ’
3119 4852 3238 4907 ὅλον
3287 4853 3387 4924 τῆς
3439 4853 3714 4923 βασιλείας

2125 4951 2262 5024 μετὰ
2305 4947 2598 5021 ἀθλητικοῦ
2642 4946 2866 5020 ἱδρῶτος
2914 4944 3186 5016 ἐχόμενοι.
3233 4943 3292 4998 '0
3340 4944 3439 5015 μὲν
3492 4945 3607 5017 γὰρ
3654 4948 3715 4998 ἐκ

2121 5042 2328 5107 κοιλίας
2370 5041 2578 5113 μητρὸς
2626 5039 2904 5108 εὐνοῦχος,
2950 5037 3111 5106 φύσει
3154 5034 3387 5108 σώφρων
3424 5035 3713 5107 ὑπάρχων,

2119 5132 2271 5185 οὐδὲν
2306 5131 2436 5185 ἴδιον
2469 5129 2629 5202 ἔργον
2665 5128 2725 5181 ὲν
2765 5126 2844 5199 τῷ
2876 5126 2976 5198 τῆς
3006 5126 3307 5200 παρθενίας
3352 5127 3544 5181 κάλλει
3599 5129 3717 5179 ἐπι-

2286 5246 2331 5277 ³⁰
2373 5243 2565 5297 Matth.
2609 5256 2737 5306 ιιι,
2766 5239 2857 5294 12.

2122 5392 2176 5436 ct
2208 5380 2474 5434 Ambrosii
2512 5381 2979 5451 interpretatione.

2189 5449 2802 5524 (22)“Ifapﬁo'athta
2852 5463 3088 5521 quatuor
3137 5466 3270 5506 mss.
3322 5451 3495 5517 Editi,
3547 5449 3716 5524 γαμί-

2118 5521 2252 5586 ζειν.
2291 5521 2480 5575 Melius
2507 5526 2644 5576 enim
2678 5521 2921 5592 jungere.
2961 5537 3122 5592 quam
3157 5530 3217 5575 ut
3263 5531 3513 5577 urantur.

2191 5592 2304 5665 (25)
2348 5594 2598 5660 Ταύτην.
2629 5592 2758 5665 Ope
2774 5591 2938 5665 unius
2950 5591 3043 5665 _ex
3078 5592 3265 5665 Regiis
3293 5592 3579 5665 emendavi
3598 5591 3721 5665 vul—

2121 5660 2298 5735 gatam
2323 5665 2644 5735 scripturam
2667 5660 2884 5716 τοῦτον.
2925 5661 3097 5718 llabet
3122 5660 3329 5733 Regius
3348 5661 3525 5719 codex
3552 5661 3712 5727 2879,

515 5748 625 5813 tit)
666 5743 915 5799 Μᾶλλον
940 5743 1038 5795 καὶ
1073 5731 1294 5813 κόσμὶρ.
1315 5731 1456 5790 Ἠὲυο
1482 5735 1677 5813 desunt
1707 5733 1757 5788 in
1786 5731 2009 5813 editiqqt

2187 5733 2351 5789 ύτων.

445 5802 756 5880 ΡμιΊδῖθιβὶ.
784 5814 1057 5883 ὶιειιιηωι·
1097 5813 1150 5865 in
1182 5802 1385 5865 Veneta
1416 5816 1470 5861 et
1511 5807 1674 5878 [legio
1707 5804 1826 5861 cod.
1858 5802 2022 5869 2879,
