3802 6216
104 278 210 335 785

1322 273 1529 329 LIBER
1566 273 1661 330 DE
1694 274 2165 334 VIRGINITATE.

3272 287 3375 345 786

102 385 387 452 διίξασθαι
412 385 549 456 ἔχεν
579 384 816 455 φύσεως,
846 384 985 457 ὅπερ
1009 383 1294 456 ἔφην(24),
1310 383 1706 457 πλεονεκτήμα-

1812 386 1959 440 nium
1983 386 2177 459 i'ugiat.
2221 388 2680 458 Quemadmodum
2710 392 2873 448 etiam
2904 402 2959 449 et
2989 394 3078 463 qui
3108 395 3178 451 ab
3207 397 3376 452 homi-

104 494 178 544 τι,
201 477 299 532 καὶ
321 477 447 548 οὐχὶ
473 479 542 549 τῇ
573 475 713 549 πρὸς
743 475 843 548 τὴν
876 475 1177 549 παρθενίαν
1211 475 1449 531 διαθέσει
1482 477 1576 531 τὸν
1602 478 1703 547 γά-

109 588 209 643 μον
229 567 632 640 ἀποστραφείς.
662 568 875 639 Ὠσπερ
915 564 1011 621 οὖν
1040 568 1135 623 καὶ
1171 570 1201 622 ὁ
1229 568 1362 640 παρ’
1396 567 1701 641 ἀνθρώπων

107 661 482 733 εύνουχισθεὶς
514 661 745 732 τηρήσει
768 661 871 732 τὴν
898 659 1196 733 παρθενίαν
1217 661 1406 715 ἀσκεῖν
1442 660 1701 733 βιαζόμε-

106 769 217 817 νος,
246 753 353 807 οὐκ
377 751 512 805 ῐδιον
548 749 880 822 κατόρθωμα
920 750 1021 822 τὴν
1048 750 1315 822 ἀφθορίαν
1352 752 1455 822 τῆς
1495 750 1702 822 παρθε-

108 845 247 908 νίας,
280 843 422 897 ἀλλὰ
446 841 560 896 τῶν
590 841 901 914 τηρούντων
932 842 1187 897 δεικνύει·
1231 844 1261 897 ὁ
1297 842 1357 897 δὲ
1389 843 1583 898 ἑαυτὸν
1614 843 1703 897 εύ-

108 934 389 1004 νουχίσας,
418 932 697 1004 ὲξαίρετον
725 931 887 1005 ἔργον
920 932 1011 987 διὰ
1025 933 1136 1011 ,τῆς
1168 932 1496 1005 ἐγκρατείας
1513 951 1574 987 τε
1606 934 1703 989 καί

111 1027 251 1099 πρὸς
295 1026 479 1080 πάντα
524 1027 814 1097 ἀσκήσεως
860 1024 925 1079 τὸ
987 1025 1088 1095 τῆς
1142 1026 1444 1098 παρθενίας
1507 1026 1708 1090 κάλλος

110 1118 464 1188 ποιούμενος,
496 1116 649 1181 ἰδίοις
679 1117 776 1171 καὶ
809 1117 910 1170 οὐκ
936 1116 1237 1189 ἀλλοτρίοις
1281 1116 1701 1190 κατορθώμασιν

109 1210 170 1263 ἐν
192 1211 263 1280 τῇ
291 1208 544 1281 βασιλείᾳ
574 1208 921 1280 σεμνύνεται.
962 1207 1358 1279 Ἐπισημαίνου
1381 1208 1494 1280 (25)
1517 1207 1596 1273 δὲ,
1618 1210 1701 1263 ὅτι

108 1300 202 1355 τὸν
239 1302 302 1354 ὲν
332 1299 413 1371 τῷ
448 1300 651 1370 Ἡσαΐᾳ.
691 1299 829 1371 πρὸς
875 1299 1006 1362 τοὺς
1048 1297 1336 1370 εὐνούχους
1381 1298 1538 1367 λόγον
1572 1300 1703 1353 ἀνα-

108 1392 433 1463 λαμϐάνων,
468 1392 568 1464 τὴν
599 1391 862 1462 διαφορὰν
895 1391 1230 1462 παραδίδωσι
1265 1392 1365 1463 τῆς
1395 1390 1699 1462 εὐνουχίας,

108 1484 394 1555 ἐπιμένων
437 1471 539 1555 τῆς
578 1483 929 1547 διδασκαλίας
967 1483 1048 1554 τῷ
1084 1483 1292 1555 τρόπῳ.
1337 1483 1426 1546 Ὧς
1470 1484 1576 1555 γὰρ
1613 1482 1702 1537 διὰ

108 1575 397 1640 Μωῦσέως
423 1575 522 1646 μὲν
545 1574 607 1628 τὸ
637 1575 711 1647 μὴ
745 1575 1026 1646 μοιχεῦσαι
1050 1574 1257 1640 ἁπλῶς,
1277 1575 1346 1629 δι’
1368 1575 1699 1645 Εύαγγελίου

107 1666 168 1720 δὲ
192 1665 260 1719 τὸ
292 1665 414 1729 πῶς
450 1666 524 1737 μὴ
556 1665 861 1736 μοιχεῦσαι,
891 1667 986 1720 καί
1017 1666 1107 1721 τὸν
1133 1666 1331 1737 τρόπον
1361 1664 1657 1731 ἀνέπτυξεν
1683 1683 1696 1695 ο

1805 477 1966 534 nibus
1996 477 2174 535 factus
2208 488 2293 536 est
2321 482 2631 550 eunuchus,
2666 496 2788 538 cum
2817 484 3062 539 custodia
3099 484 3379 555 virginita-

1806 575 1913 622 tem
1952 567 2131 624 colere
2174 579 2440 640 cogatur,
2486 570 2853 643 integritatem
2898 575 3224 644 virginitatis
3267 590 3375 632 non

1801 660 2073 729 propriam
2105 676 2257 716 suam
2289 661 2499 718 laudem
2527 678 2650 720 esse
2672 664 3029 733 demonstrat,
3060 667 3157 722 sed
3187 681 3370 722 eorum

1802 749 1893 819 qui
1917 748 2067 805 illum
2089 750 2423 807 custodiunt.
2447 752 2549 820 Qui
2579 762 2758 808 autem
2791 754 3139 826 semetipsum
3169 764 3368 811 castra-

1800 841 1913 907 vit,
1943 842 2032 898 hic
2059 858 2181 898 cum
2212 846 2488 915 egregium
2524 860 2662 916 opus
2704 859 2824 903 esse
2859 846 3185 917 virginitatis
3211 846 3368 902 decut

1801 941 1855 987 et
1884 933 2216 989 continentia
2248 945 2304 989 et
2332 943 2587 990 accurata
2614 935 2666 991 in
2697 937 2950 992 omnibus
2976 935 3139 993 rebus
3167 936 3365 993 exerci'

1805 1026 2007 1081 latione
2033 1027 2259 1096 probet,
2290 1028 2522 1096 propriis
2548 1043 2612 1084 ac
2642 1044 2752 1084 non
2773 1028 2970 1085 alienis
2998 1029 3256 1099 praeclare
3285 1028 3368 1083 [τις

1801 1115 1903 1171 ctis
1935 1117 1987 1171 in
2027 1132 2193 1184 regno
2232 1127 2481 1172 ornatur.
2524 1117 2661 1174 Nota
2692 1127 2872 1175 autem
2911 1118 3187 1174 Christum
3223 1117 3374 1174 Isaia

1801 1211 1868 1263 ad
1897 1211 2174 1266 eunuchos
2200 1212 2361 1264 verba
2385 1212 2429 1244 “
2459 1221 2823 1267 resumentem
2843 1252 2860 1277 ,
2892 1210 3246 1267 dili‘erentiam
3269 1224 3368 1265 eu-

1803 1302 2101 1357 nuchorum
2150 1304 2439 1359 os1eudere
2463 1344 2480 1372 ,
2528 1303 2604 1359 ita
2640 1313 2699 1359 ut
2731 1305 2785 1359 in
2821 1320 2920 1359 suo
2956 1304 3180 1360 docendi
3222 1317 3372 1359 more

1803 1401 2136 1457 permaneat.
2158 1392 2618 1458 Quemadmodum
2633 1394 2777 1449 enim
2792 1408 2887 1462 per
2907 1392 3140 1466 Moysem
3164 1392 3372 1463 simpli-

1801 1484 1937 1536 citer
1995 1486 2370 1540 maechandum
2419 1501 2524 1540 non
2565 1499 2736 1541 esse:
2779 1487 2834 1541 in
2871 1485 3159 1556 Evangelio
3187 1494 3369 1540 autem

1807 1579 2076 1644 quomodo
2112 1594 2215 1634 non
2244 1581 2626 1635 mmehandum
2660 1589 2715 1635 et
2743 1578 2959 1636 modum
2986 1577 3242 1647 explicuit
3266 1576 3373 1633 Do-

1802 1669 2025 1723 minus:
2068 1669 2140 1723 ita
2193 1656 2380 1739 et'pcr
2428 1670 2622 1727 Isaiam
2665 1671 2943 1727 eunuchos
2975 1669 3193 1740 quidem

107 1755 257 1810 οὕτω
290 1758 389 1811 καί
415 1729 756 1813 δία-’ίίσαίου
789 1757 889 1829 μὲν
912 1757 974 1811 τὸ
1002 1729 1392 1828 εὐνουχεῖσθαι,
1423 1760 1481 1811 ὲν
1514 1729 1698 1837 Εύαγ-

1812 1761 1856 1812 in
1889 1759 2180 1830 Evangelio
2222 1772 2400 1816 alitem
2438 1764 2711 1831 quomodo
2735 1804 2751 1829 ,
2784 1777 2851 1818 ac
2877 1778 2984 1818 non
3019 1776 3183 1817 unam
3207 1774 3377 1827 esse,

107 1849 280 1920 γελίῳ
323 1848 384 1902 δὲ
426 1849 490 1902 τὸ
540 1847 678 1914 πῶς,
722 1850 819 1903 καὶ
863 1850 946 1904 ὅτι
992 1850 1054 1903 ού
1103 1849 1385 1922 μονοειδὴς
1432 1851 1466 1921 ἡ
1514 1850 1699 1904 εὐνου-

106 1938 225 2008 χία,
282 1936 423 1994 ἀλλὰ
464 1939 647 2011 τρίτον
699 1937 904 2010 ταύτης
938 1935 1078 2003 εἶδος
1131 1942 1331 1993 νοεῖται
1388 1939 1664 2005 ὑπέδειξεν
1683 1957 1696 1970 ·

106 2031 256 2085 ὥστε
284 2033 406 2085 ἐκεῖ
436 2032 536 2103 μὲν
567 2032 798 2101 γενικῶς
818 2032 912 2087 τὸν
935 2032 1211 2104 εὐνοῦχον,
1242 2033 1477 2089 ἐνταῦθα
1508 2033 1569 2087 δὲ
1604 2034 1700 2087 καὶ

110 2122 300 2186 ἰδικῶς
346 2123 479 2193 ἡμῖν
507 2121 620 2195 (26)
651 2123 1172 2196 χαρακτηρίζεσθαι.
1224 2125 1333 2179 Καὶ
1363 2126 1437 2179 ούά
1467 2124 1700 2197 μάχεται

106 2216 224 2276 τοῖς
285 2212 576 2285 ἀνώτερον*
623 2215 892 2269 ὲκτεθείσι
953 2215 1024 2269 τὰ
1082 2212 1373 2288 εἰρημένα.
1446 2218 1531 2270 Οίί
1590 2217 1700 2289 γὰρ

108 2304 400 2376 εύνουχίαν
450 2306 806 2378 νομοθετείπῆ
849 2307 1127 2363 ἐπιτάττει
1156 2310 1215 2362 ὲν
1244 2308 1323 2380 τῷ
1361 2308 1580 2382 Ἡσαΐᾳ,
1608 2310 1704 2364 ἀλ-

109 2395 179 2449 λὰ
203 2396 375 2451 τίνων
407 2395 550 2465 ἄξιοι
579 2397 761 2468 γερῶν
806 2398 946 2453 εἰσιν
981 2400 1049 2453 οε·
1081 2399 1276 2469 ἀγαθοὶ
1316 2400 1558 2472 εύνοῦχοι
1602 2419 1702 2474 κη-

110 2505 327 2560 ρυττει.

179 2577 276 2632 58.
306 2578 509 2642 Καλῶς
555 2579 613 2633 δὲ
658 2579 772 2652 ἔχει
812 2580 956 2636 αύτά
985 2580 1057 2636 τὰ
1099 2582 1240 2654 ρητά
1266 2582 1379 2656 (27)
1411 2583 1704 2655 ὲπισκέψα⁴

115 2667 268 2725 σθαι.
314 2668 461 2724 Τάδε
487 2669 651 2741 λέγει
677 2673 895 2740 Κύριος
927 2672 1053 2740 τοῖς
1069 2676 1413 2742 εὐνούχοις,
1438 2675 1565 2741 τοῖς
1591 2693 1706 2744 φυ-

108 2760 529 2831 λασσομένοις
549 2762 620 2816 τὰ
645 2763 918 2819 Σάϐϐατά
936 2783 1078 2835 μου,
1104 2767 1205 2820 καὶ
1224 2766 1636 2837 ἐκλεγομένας
1667 2766 1707 2822 ἁ

109 2850 231 2921 ἐγὼ
258 2851 437 2916 θέλω,
481 2854 582 2908 καὶ
614 2855 1039 2927 ἀντεχομένοις
1090 2856 1201 2926 τῆς
1241 2857 1530 2927 διαθήκης
1561 2875 1701 2929 μου·

110 2941 298 2996 Δώσω
323 2943 528 3010 αὐτοῖς
553 2946 624 2999 ἐν
645 2945 726 3012 τῷ
753 2947 898 3016 οίκῳ
913 2948 1161 3018 μουνκαί
1184 2949 1255 3003 ἐν
1278 2949 1357 3016 τῷ
1384 2952 1564 3020 τείχει
1585 2968 1706 3020 μου

109 3036 310 3132 τόπον
360 3035 722 3132 ὀνομαστὸν,
762 3040 1006 3108 κρείττω
1041 3039 1187 3095 υἱῶν
1216 3041 1314 3096 καί
1347 3043 1702 3113 θυγατέρων.
1732 3076 1776 3132 C

115 3126 347 3194 Ὅνομα
386 3126 628 3183 αἰώνιον
668 3129 843 3184 δώσω
867 3131 1093 3199 αὐτοῖς,
1133 3133 1232 3187 καί
1270 3135 1381 3187 οὐκ
1415 3133 1705 3203 ἐκλείψει.

111 3216 338 3271 Οὐκοῦν
364 3217 486 3288 ούχί
507 3220 621 3283 τοῖς
646 3219 789 3273 κατὰ
812 3220 1130 3292 περίστασιν
1165 3224 1259 3277 καὶ
1293 3223 1479 3288 ἀπλῶς
1511 3225 1710 3279 εὐνού-

111 3326 234 3380 χοις
269 3308 339 3362 τὰ
374 3310 641 3382 εἰρημένα
666 3311 850 3379 ἀγαθά
885 3314 1248 3386 ὑπισχνεῖται,
1279 3315 1415 3370 ἀλλὰ
1443 3316 1569 3382 τοῖς
1598 3336 1710 3387 φυ-

110 3398 556 3470 λασσομένοις,
588 3403 742 3473 φησὶ,
775 3403 849 3456 τὰ
878 3404 1152 3459 Σάϐϐατά
1177 3394 1318 3475 μου,
1349 3407 1448 3461 καὶ
1467 3409 1709 3479 ἐκλεγο-

104 3489 325 3560 μένοις
348 3489 389 3544 ἁ
412 3490 529 3560 ἐγὼ
558 3492 729 3548 θέλω.
776 3494 1052 3549 Σάὸδατον
1084 3496 1141 3549 δὲ
1181 3498 1282 3551 ούκ
1310 3501 1367 3551 ὲν
1399 3497 1564 3570 ἔργῳ,
1594 3500 1708 3553 ἀλλ’

110 3581 177 3634 ὲν
220 3580 483 3652 πράξεως
517 3584 688 3655 duoqu
718 3589 940 3641 νοεῖται.
988 3588 1344 3653 Σαδὸατίζειν
1374 3590 1482 3662 γὰρ
1529 3590 1712 3661 βούλε-

110 3686 210 3722 ται
239 3670 343 3742 τὴν
378 3670 668 3742 παρθένον,
696 3674 798 3727 ούκ
824 3677 885 3727 ἐν
913 3674 992 3747 τῷ
1013 3677 1255 3749 ἐνεργεῖν
1279 3678 1378 3750 τὴν
1414 3681 1710 3753 παρθενίαν

113 3760 522 3829 φυλάττουσαν,
567 3763 682 3817 ἀλλ’
733 3766 791 3819 ὲν
834 3764 913 3836 τῷ
957 3768 1213 3840 ἀκίνητον
1250 3771 1387 3841 πρὸς
1430 3772 1711 3843 ἐνέργειαν

116 3855 309 3923 μεῖναι
352 3853 452 3925 τὴν
487 3854 755 3926 ἀφθορίαν
796 3857 1089 3929 τηροῦσαν.
1119 3857 1242 3914 Οἷον
1281 3863 1523 3934 ἄγαλμα,
1556 3867 1709 3935 φησὶ,

111 3943 261 3996 Θεοῦ
294 3946 363 3997 ὲκ
404 3943 583 4015 ψυχῆς
626 3946 721 3999 καὶ
762 3947 1015 4018 σώματος
1067 3951 1102 4020 ἡ
1151 3949 1419 4023 παρθένος
1461 3953 1554 4006 ἐπὶ
1607 3955 1713 4024 γῆς

113 4033 396 4104 ἐπλάσθη.
428 4036 726 4101 Μυστικῶς
749 4036 889 4108 αῦτη
919 4037 1310 4106 σαὸὄατιζέτω,
1338 4042 1411 4114 μὴ
1433 4046 1609 4115 χεῖρα,
1638 4045 1712 4117 μὴ

116 4125 286 4191 πόδα,
318 4125 396 4197 μὴ
420 4125 716 4199 ὀφθαλμὸν,
764 4131 892 4202 μήτ’
938 4131 1065 4187 ἄλλο
1104 4150 1159 4186 τι
1198 4133 1309 4188 τῶν
1351 4136 1546 4206 μελῶν,
1577 4138 1714 4192 ἀλλά

119 4213 267 4285 μηδὲ
290 4214 419 4268 νοῦν
450 4215 772 4287 φθοροποιὸν
802 4218 899 4273 τοῦ
935 4221 1166 4290 φυσικοῦ
1190 4224 1420 4290 κάλλους
1451 4225 1708 4280 κινοῦσαν·

104 4303 241 4357 ἀλλ’
265 4304 547 4373 ἑστηκέτω
574 4306 689 4378 (28)
717 4309 793 4372 ὡς
817 4309 1021 4378 ἀγαθὸν
1042 4310 1267 4384 γλύμμα
1292 4314 1427 4368 Θεοῦ
1459 4316 1712 4387 ἀκίνητον

1800 1854 1895 1907 sed
1946 1853 2210 1924 triplicem
2253 1856 2624 1910 cunuchorum
2673 1855 2909 1925 speciem
2944 1854 3366 1918 demonstravit;

1802 1944 1873 1999 ita
1908 1954 1966 1999 ut
1993 1945 2101 2001 illic
2137 1947 2351 2016 quidem
2380 1946 2677 2017 generatim
2708 1946 2990 2002 eunuchus
3012 1986 3030 2013 ,
3072 1944 3160 2000 hic
3189 1954 3379 2000 autem

1801 2039 2036 2108 propriis
2090 2041 2231 2095 notis
2278 2039 2431 2107 nobis
2477 2040 2808 2111 designetur.
2858 2037 3041 2108 Neque
3074 2038 3189 2091 hac
3226 2037 3375 2092 dicta

1801 2145 1923 2183 cum
1951 2130 2017 2184 iis
2040 2145 2160 2199 qua:
2194 2145 2359 2201 supra
2403 2131 2750 2201 exposuimus
2790 2136 3047 2200 pugnant.
3080 2127 3196 2182 Non
3226 2127 3380 2182 enim

1802 2222 2181 2276 castrationem
2227 2221 2343 2291 lege
2382 2222 2559 2277 sancit
2596 2232 2687 2276 aut
2721 2220 2963 2292 praecipit
2994 2219 3047 2273 in
3080 2219 3211 2273 Isaia
3232 2254 3250 2283 ,
3277 2216 3385 2271 sed

1802 2314 1999 2382 quibus
2027 2313 2174 2382 digni
2209 2315 2318 2367 siut
2351 2313 2586 2382 prtemiis
2614 2314 2737 2369 boni
2769 2313 3001 2368 eunuchi
3028 2309 3284 2365 declarat.

1873 2576 1962 2632 58.
2007 2574 2331 2631 Praeclarum
2360 2585 2538 2632 autem
2566 2576 2729 2632 fuerit
2753 2575 2865 2647 ipsa
2891 2575 3055 2631 verba
3088 2570 3375 2643 inspicere.

1809 2667 1936 2723 Haec
1970 2668 2099 2722 dicit
2141 2667 2398 2723 Dominus
2444 2669 2736 2733 eunuchis,
2774 2668 2864 2738 qui
2904 2668 3202 2721 custodiunt
3238 2663 3391 2720 Sub»

1806 2767 1926 2816 bata
1954 2779 2091 2826 mea,
2115 2771 2164 2816 et
2188 2763 2387 2834 eligunt
2411 2779 2528 2829 qua:
2557 2778 2651 2832 ego
2678 2761 2816 2828 uolo,
2845 2771 2892 2815 et
2921 2761 3192 2813 adha'rent
3216 2767 3391 2812 testam

1804 2864 1976 2907 mento
2011 2870 2160 2908 meo:
2196 2854 2341 2908 Dabo
2376 2854 2484 2909 illis
2518 2854 2573 2907 in
2610 2853 2766 2907 domo
2803 2869 2917 2907 mea
2952 2862 2999 2904 et
3030 2851 3170 2904 intra
3199 2864 3377 2903 muros

1806 2961 1946 2998 meos
1981 2945 2155 3000 locum
2189 2947 2516 3000 nominatum
2539 2983 2556 3008 ,
2588 2944 2853 2999 meliorem
2891 2943 3022 3011 ﬁliis
3062 2951 3108 2994 et
3143 2939 3374 3008 ﬁliabus.

1814 3036 2018 3092 Nomen
2046 3049 2303 3092 internum
2328 3039 2463 3092 dabo
2493 3037 2600 3091 illis
2622 3078 2638 3103 ,
2662 3048 2710 3091 et
2744 3053 2847 3090 non
2876 3037 3075 3105 deﬁciet
3100 3035 3170 3092 “.
3206 3032 3387 3100 Igitur

1813 3144 1918 3182 non
1950 3128 2016 3183 iis
2041 3126 2136 3198 qui
2168 3142 2298 3183 casu
2331 3143 2398 3183 ac
2428 3128 2742 3196 simpliciter
2789 3126 3018 3183 eunuchi
3064 3133 3190 3179 sunt
3227 3121 3377 3191 ejus-

1812 3219 1953 3274 modi
2000 3219 2142 3275 bona
2189 3219 2493 3291 promittit,
2520 3219 2683 3291 67],
2714 3219 2808 3273 sed
2842 3219 2908 3273 iis
2935 3219 3025 3286 qui
3058 3215 3383 3279 rustodittnl,

1812 3314 1984 3382 inquit
2002 3354 2019 3380 ,
2053 3311 2289 3370 Sabbata
2323 3329 2438 3366 mea
2460 3353 2476 3380 ,
2514 3325 2560 3366 et
2588 3313 2786 3381 eligunt
2815 3327 2932 3380 quae
2956 3326 3049 3378 ego
3076 3308 3214 3364 uolo.
3244 3305 3385 3360 Sab-

1812 3401 1993 3455 batum
2022 3412 2205 3457 autem
2237 3416 2345 3456 non
2372 3401 2427 3455 in
2461 3414 2644 3470 opere,
2668 3400 2762 3457 sed
2787 3401 2839 3454 in
2870 3399 3051 3469 operis
3077 3396 3402 3454 cessationer

1813 3493 2151 3564 intelligitur.
2197 3492 2493 3550 Sabbatum
2539 3494 2682 3549 enim
2722 3491 2832 3545 vult
2879 3504 3040 3560 agere
3080 3488 3393 3559 virginem,

1813 3601 1917 3641 non
1946 3587 2019 3640 ita
2043 3597 2102 3659 ut
2127 3588 2401 3657 operando
2427 3586 2793 3657 virginitatem
2823 3593 3000 3639 servet
3022 3623 3037 3646 ,
3067 3581 3162 3636 sed
3186 3588 3245 3634 ut
3274 3580 3381 3634 ειη-

1811 3676 2026 3732 mobilis
2079 3677 2146 3733 ad
2192 3675 2562 3746 operationem
2608 3689 2966 3747 permanens,
3017 3671 3381 3741 integritatem

1811 3768 2099 3823 custodiat.
2132 3767 2292 3822 Velut
2310 3767 2658 3823 simulacrum
2680 3806 2699 3831 ,
2724 3766 2932 3835 inquit,
2960 3762 3084 3826 Dei,
3106 3776 3171 3815 ex
3201 3759 3393 3814 anima.

1813 3869 2071 3914 constans
2100 3867 2159 3912 et
2186 3858 2609 3928 corpore,.virgo
2630 3855 2685 3911 in
2721 3863 2864 3909 terra
2892 3853 3118 3907 formata
3139 3857 3239 3904 est.
3266 3848 3387 3918 My-

1813 3951 1949 4007 stice
1973 3951 2086 4020 ipsa
2119 3949 2416 4006 Sabhatum
2445 3958 2601 4018 agat,
2626 3962 2728 4003 non
2762 3960 3006 4012 manum,
3040 3958 3144 3999 non
3171 3941 3387 4012 pedem,

1815 4057 1920 4097 non
1945 4041 2160 4096 oculum
2192 4080 2207 4106 ,
2240 4055 2414 4110 neque
2443 4039 2587 4095 aliud
2616 4039 2892 4108 quidpiam
2924 4033 3256 4097 membrum,
3291 4032 3387 4086 sed

1813 4147 1914 4187 nec
1951 4140 2184 4186 mentem
2230 4129 2491 4185 naturalis
2538 4125 2952 4198 pulchritudinis
2995 4123 3383 4193 corruptricem

1815 4239 2072 4288 movens;
2102 4223 2194 4278 sed
2220 4232 2324 4278 stet
2352 4232 2410 4277 ut
2435 4220 2695 4293 praeclara
2725 4219 2818 4275 Dei
2845 4216 3047 4287 eiiigies
3071 4217 3291 4270 immota
3317 4215 3391 4267 ad-

1814 4328 2028 4368 omnem
2077 4313 2518 4383 imaginationem
2556 4321 2612 4366 et
2655 4320 2883 4375 tactum,
2929 4317 3190 4378 perpetuo
3214 4306 3264 4358 in
3291 4319 3387 4371 pe-

119 4394 269 4466 πρὸς
320 4397 499 4450 πᾶσαν
540 4400 839 4468 φαντασίαν
886 4419 948 4454 τε
987 4404 1081 4456 καὶ
1109 4403 1344 4476 ἐπαφὴν,
1379 4405 1445 4460 δι’
1473 4408 1595 4461 ὅλου
1623 4409 1706 4462 ἐπὶ

1821 4410 1900 4456 ira
1930 4404 2233 4459 consistens
2258 4421 2272 4458 :
2303 4417 2368 4456 ne
2396 4402 2519 4472 quis
2545 4416 2643 4471 per
2663 4400 2877 4455 oculum
2909 4409 3002 4451 aut
3026 4412 3120 4466 per
3146 4395 3385 4449 auditum

117 4486 221 4557 τῆς
245 4485 456 4557 πέτρας
481 4487 692 4542 ἑστῶσα
709 4506 723 4521 ·
751 4491 824 4561 μή
850 4508 935 4556 τις
957 4491 1024 4545 δι’
1052 4492 1346 4564 ὀφθαλμῶν
1371 4494 1402 4565 ἢ
1428 4495 1495 4548 δι’
1517 4496 1717 4567 ἀκοῆς,

119 4576 157 4647 ἢ
202 4577 275 4629 δι’
316 4577 487 4649 ἄλλης
528 4580 674 4644 τινὸς
725 4582 852 4651 μιᾶς
897 4581 1202 4654 αἰσθήσεως
1249 4584 1522 4657 λαθραίως
1571 4603 1711 4655 παρ-

118 4668 372 4739 εκρυείς,
412 4668 446 4739 ἢ
480 4672 826 4744 παρακινήσῃ
856 4671 970 4740 (29)
1022 4675 1148 4737 τοὺς
1198 4674 1319 4728 κατ’
1354 4675 1539 4729 εἰκόνα
1572 4674 1707 4729 Θεοῦ

119 4760 181 4812 ἐν
211 4760 364 4829 ψυχῇ
402 4760 779 4832 χαρακτῆρας,
824 4762 858 4833 ἢ
902 4762 997 4817 καὶ
1044 4764 1279 4835 συγχέας
1316 4767 1441 4827 τοὺς
1483 4766 1711 4838 ἀρχετύ-

121 4867 266 4914 mu;
328 4849 492 4914 ἰδίους
541 4869 643 4905 που
690 4852 874 4917 κακῶς
916 4854 1197 4928 ὲγχαράξῃ
1217 4871 1230 4884 ·
1271 4856 1367 4909 καὶ
1393 4856 1455 4909 τὸ
1482 4857 1579 4928 μὲν
1611 4861 1712 4929 τῆς

120 4941 310 5012 ψυχῆς
352 4941 549 5006 κάλλος
593 4942 737 4998 οὔτω
785 4943 1115 5018 λυμήνηται,
1148 4946 1211 4999 τὸ
1236 4946 1293 5000 δὲ
1327 4947 1487 5018 σῶμα
1531 4948 1712 5005 ὑλικὸν

128 5031 377 5103 ὖπάρχον
399 5033 675 5104 φθοραίοις
704 5037 845 5090 τισὶν
864 5037 1106 5106 ἐπαφαῖς
1126 5037 1360 5109 κηλίδων
1381 5039 1475 5091 καὶ
1506 5039 1711 5110 μώμων

125 5125 445 5198 ἁπανταχοῦ
475 5130 782 5205 ἀναπλήσῃ.
821 5131 1130 5203 Ἐστηκὲτω
1159 5128 1250 5187 οῦν
1288 5131 1504 5202 πάγιον,
1544 5136 1707 5206 φημὶ,

202 5234 249 5267 ³⁸
295 5235 403 5290 Isa.
441 5250 568 5302 LVI,
595 5237 661 5299 4,
692 5238 746 5297 5.
826 5239 872 5272 ³⁸
903 5241 1034 5295 ibid.

203 5350 319 5418 (ὲᾶ)
356 5351 570 5421 Ἕφην.
595 5351 701 5407 Pro
728 5355 827 5408 hac
855 5369 1006 5418 voce,
1030 5371 1190 5424 quant
1215 5371 1402 5409 omnes
1428 5358 1593 5412 nostri
1618 5375 1711 5408 m-

124 5419 281 5506 dita-s-
310 5419 635 5506 agnusCunt,
680 5425 844 5479 habet
870 5419 1415 5493 editio-Parisiensis,
1443 5425 1568 5498 ἔχῃ,
1607 5428 1710 5482 Ve-

124 5503 810 5644 ωίὲἓίῑῖἓὲτισημαίνου.
842 5562 934 5619 Sic
966 5579 1101 5621 mss.
1127 5565 1383 5636 quinque.
1412 5565 1571 5634 Editi,
1595 5568 1712 5622 επι-

125 5644 483 5700 σημαινουσι.

206 5701 321 5769 (26)
362 5700 553 5770 Ἡμῖν.
596 5700 744 5759 lianc
793 5717 975 5759 vocem
1010 5704 1312 5761 addidimus
1364 5720 1427 5762 ex
1469 5707 1705 5778 quinque

1815 4506 1911 4559 aut
1934 4512 2030 4566 per
2058 4497 2222 4550 alium
2256 4495 2491 4564 aliquem
2517 4509 2737 4550 sensum
2768 4491 3000 4547 latenter
3029 4487 3278 4561 inﬂuens,
3308 4486 3381 4539 di-

1814 4597 2029 4643 moveat
2059 4588 2354 4658 impressas
2377 4586 2431 4640 in
2456 4588 2636 4640 anima
2664 4584 2956 4639 secundum
2982 4581 3074 4636 Dei
3099 4577 3388 4649 imaginem

1815 4681 2035 4743 formas,
2072 4690 2163 4735 aut
2196 4680 2469 4747 primariis
2507 4674 2965 4748 iigurisceniusis-
2992 4687 3118 4726 suas
3144 4670 3392 4738 preprias
3452 4722 3455 4725 .

1818 4786 1983 4842 prave
2015 4771 2335 4839 insculpat;
2365 4770 2554 4839 sicque
2590 4778 2653 4823 et
2684 4768 2879 4821 anima:
2934 4761 3389 4832 pulchritudinem

1815 4870 2153 4931 corrumpat,
2181 4871 2238 4915 et
2268 4875 2487 4929 corpus,
2513 4859 2655 4930 quod
2687 4857 2960 4913 materiale
2995 4864 3110 4921 est,
3139 4868 3236 4922 per
3267 4853 3389 4905 exi-

1820 4952 1971 5007 tiales
2014 4952 2277 5021 quosdam
2326 4960 2500 5005 tactus
2549 4947 2774 5002 maculis
2811 4955 2868 5000 et
2904 4944 3069 4998 mavis
3099 4952 3266 4996 totum
3304 4955 3389 4993 re

1818 5044 1977 5112 pieat.
2010 5044 2126 5097 Stet
2156 5043 2321 5113 igitur
2344 5039 2619 5095 immobile
2639 5079 2654 5105 ,
2691 5039 2908 5106 inquam
2929 5074 2945 5096 ,
2981 5033 3187 5087 Domini
3219 5030 3390 5085 simu-

1819 5137 2020 5192 lacrum
2043 5175 2065 5202 ,
2086 5112 2404 5206 perpetuum
2435 5147 2601 5203 agens
2625 5130 2947 5193 sabbatum,
2982 5139 3037 5181 ut
3062 5138 3234 5194 neque
3260 5125 3390 5178 dum

1817 5359 2089 5414 veteribus
2120 5356 2294 5412 libris.

1887 5431 1998 5498 (27)
2041 5426 2115 5481 Τὰ
2137 5425 2311 5498 ῥητά.
2346 5423 2594 5498 Nonnulli
2632 5418 2972 5498 co_dices,_-.:i
3004 5421 3244 5498 ῥήματα.

1887 5492 1998 5566 (28)
2046 5492 2393 5566 Ἑσῖτήκέτῳ.
2435 5496 2569 5566 Tres
2606 5493 2842 5566 codices,
2876 5492 3200 5566 ivstnxétm;

1887 5560 1998 5635 (29}
2038 5560 2445 5637 Παραᾶιινήσῃ.
2488 5564 2579 5617 Sic
2601 5563 2753 5637 Cuib.
2802 5574 2856 5617 et
2893 5560 3035 5617 unus
3075 5578 3140 5617 ex
3178 5560 3385 5630 Regiis,

1817 5644 2006 5697 melius
2039 5634 2197 5708 quam
2233 5637 2386 5702 editi,
2419 5634 2800 5704 παρακινίησει.
3298 5648 3301 5651 π
