3802 6216
332 154 438 215 787

1283 155 1633 215 APPENDsX
1671 151 1960 214 OPERUM
2000 158 2059 216 S.
2099 156 2350 215 BASlLll
2387 152 2631 212 HAGNI.

3493 160 3615 209 ἀδδ

332 287 433 344 per
459 283 519 329 se
550 279 815 340 movetur,
838 274 1164 329 naturalium
1192 273 1489 330 formarum
1516 274 1727 342 aliquas
1749 288 1902 328 emo-

2055 292 2066 326 i
2089 274 2182 327 τοῦ
2208 274 2414 346 Κυρίου
2445 275 2686 345 ἄγαλμα,
2711 271 3036 337 σαϐϐατίζον
3059 270 3129 325 δι’
3156 270 3302 336 ὅλου,
3335 270 3428 323 ἵνα
3462 271 3615 340 μήτε

331 370 479 427 veat,
507 371 600 418 aut
627 378 743 430 eas,
767 364 891 418 dum
925 365 977 420 in
1007 366 1123 434 ipso
1150 375 1294 419 motu
1324 366 1571 435 impingit
1599 366 1650 418 iu
1675 364 1905 433 aliquos,

333 453 667 525 perfringat;
706 468 880 525 neque
912 457 979 511 ab
1008 466 1233 512 externa
1263 474 1424 512 manu
1461 458 1720 528 agitatum
1753 465 1912 509 natu-

328 544 435 600 rali
465 544 866 614 pulchritudine
892 545 1173 615 spolietur.

406 816 496 871 59.
538 814 702 872 Forte
741 817 905 872 etiam
951 833 1048 888 par
1088 817 1476 872 salaliatisuium
1518 815 1645 869 illud
1690 815 1907 878 indicat,

334 908 605 972 quomodo
639 905 924 974 virginitas
950 906 1268 960 naturaliter
1296 902 1458 959 simul
1494 913 1549 958 et
1593 903 1912 957 mirabiliter

335 998 543 1067 acquiri
574 998 767 1068 possit.
804 996 1270 1064 Quemadmodum
1307 996 1453 1050 enim
1493 994 1681 1049 salutis
1713 1003 1912 1049 nostrae

335 1092 550 1144 modum
598 1104 912 1161 exponens,
957 1090 1075 1144 ait:
1113 1089 1196 1144 Ne
1240 1089 1440 1143 dixeris
1478 1090 1532 1143 in
1574 1089 1731 1142 corde
1772 1100 1862 1141 tuo
1893 1103 1911 1140 :

335 1181 469 1245 Quis
497 1185 743 1237 ascendet
770 1184 825 1236 in
862 1182 1092 1237 calum?
1119 1182 1173 1235 id
1199 1193 1296 1248 est,
1337 1180 1605 1236 Christum
1636 1180 1909 1233 deducere.

336 1278 441 1326 Aut
475 1275 594 1343 quis
620 1275 901 1328 descendet
928 1275 981 1327 in
1014 1275 1301 1344 abyssum?
1333 1272 1427 1326 hoc
1470 1283 1545 1327 est
1580 1269 1848 1325 Christum
1882 1287 1913 1322 a

336 1364 560 1418 mortuis
603 1382 862 1419 revocare.
915 1363 1019 1420 Sed
1048 1365 1174 1435 quid
1213 1364 1392 1418 dicit?
1432 1361 1602 1432 Prope
1632 1373 1681 1415 te
1710 1359 1914 1415 verbum

335 1463 411 1507 est
439 1454 495 1507 in
522 1471 610 1509 ore
641 1464 733 1509 tuo
759 1468 807 1509 et
838 1457 894 1509 in
929 1457 1088 1509 corde
1122 1466 1211 1509 ιιιο
1234 1454 1301 1509 ³³.
1352 1453 1532 1522 Neque
1560 1467 1696 1521 opus
1738 1459 1821 1505 est
1861 1458 1916 1502 te

336 1561 459 1615 quae
483 1550 621 1602 adeo
646 1563 675 1601 a
710 1558 761 1602 te
784 1557 987 1604 remota
1018 1561 1163 1615 sunt,
1198 1549 1393 1601 ctelum
1420 1555 1513 1599 aut
1541 1544 1761 1617 abyssos
1790 1554 1915 1610 per-

340 1626 576 1693 sc'rutari
606 1657 620 1692 :
652 1642 745 1693 sed
792 1651 847 1693 tu
890 1641 1072 1695 vicino
1115 1655 1176 1694 ac
1219 1647 1469 1709 prompto
1509 1644 1661 1690 utere
1690 1632 1910 1689 auxilio.
1947 1619 1988 1676 Β

341 1729 403 1784 Si
430 1732 572 1785 enim
605 1733 904 1798 conﬁtearis
935 1733 990 1785 in
1023 1747 1112 1785 ore
1132 1743 1220 1784 tuo
1246 1729 1429 1783 Iesum
1459 1727 1747 1791 Christum,
1782 1735 1832 1779 et
1858 1726 1914 1779 in

337 1821 607 1875 eordetuo
649 1824 976 1886 credideris,
1021 1820 1161 1892 quod
1196 1822 1335 1875 Deus
1382 1819 1534 1875 illum
1580 1819 1849 1872 suscitavit
1881 1837 1915 1872 a

338 1914 582 1981 mortuis,
614 1914 790 1969 salvus
821 1917 926 1969 eris
945 1915 1011 1969 ³⁸.
1045 1913 1121 1968 Ita
1148 1914 1287 1969 etde
1313 1913 1623 1984 virginitate
1644 1912 1809 1967 dicit:
1837 1911 1919 1966 Ne

339 2006 543 2061 dixeris
586 2025 600 2059 :
648 2005 929 2072 Quomodo
984 2004 1272 2059 ascendam
1318 2003 1374 2057 in
1425 2002 1658 2067 ctelnm,
1695 2014 1751 2056 ut
1791 2002 1916 2057 inde

339 2098 670 2169 virginitatis
724 2099 1090 2166 integritatem
1146 2096 1450 2152 deducam?
1502 2105 1596 2149 aut
1653 2095 1919 2164 quomodo

339 2190 681 2261 descendam
710 2190 762 2244 in
812 2189 1084 2245 infernum
1106 2229 1121 2253 ,
1162 2198 1221 2241 ut
1250 2202 1368 2242 eam
1401 2187 1602 2242 dudum
1643 2202 1671 2239 a
1707 2185 1919 2241 diabolo

340 2292 652 2353 corruptam
696 2282 827 2336 mihi
868 2281 982 2351 ipsa
1028 2279 1385 2347 recuperem?
1429 2278 1535 2334 Sed
1579 2279 1708 2348 quid
1752 2279 1927 2333 dicit?

340 2387 507 2443 prope
537 2381 589 2427 te
624 2381 741 2439 est,
771 2372 979 2442 inquit,
1017 2380 1073 2426 et
1110 2371 1406 2428 secundum
1449 2381 1696 2425 naturam
1743 2380 1917 2425 tecum

342 2465 587 2518 nascitur
619 2463 925 2533 virginitas.
966 2464 1155 2534 Neque
1181 2463 1344 2533 igitur
1369 2461 1540 2518 maria
1577 2462 1643 2517 ad
1670 2477 1790 2517 eam
1829 2477 1922 2518 ac-

342 2538 663 2625 quirendam
686 2569 821 2625 opus
837 2563 918 2608 est
939 2561 993 2607 te
1013 2552 1386 2619 transfretare,
1409 2566 1582 2620 neque
1603 2550 1920 2606 immensum

344 2661 524 2702 aerem
569 2646 889 2716 pervolare,
932 2660 1110 2715 neque
1151 2652 1312 2699 terrae
1353 2642 1615 2698 circuitus
1656 2657 1720 2697 ea
1771 2642 1925 2698 inda-

345 2742 522 2810 ganda
558 2748 615 2793 et
656 2739 969 2806 vestiganda
999 2736 1210 2792 emetiri
1236 2775 1251 2801 ,
1287 2744 1379 2790 aut
1411 2750 1443 2790 e
1478 2745 1623 2790 terra
1663 2734 1925 2790 evolando

344 2828 542 2884 celum
575 2828 642 2882 ad
679 2843 799 2883 eam
829 2827 1208 2882 inveniendam
1255 2826 1658 2890 conscendere;
1693 2826 1786 2879 sed
1811 2863 1827 2888 ,
1866 2834 1926 2879 ut

346 2921 485 2984 dixi,
515 2920 774 2973 omittens
805 2929 1013 2973 remota
1058 2918 1232 2988 spatia
1271 2917 1539 2979 scrutari.
1582 2917 1921 2987 temetipsam

343 3012 631 3066 considera
663 3008 837 3079 qualis
865 3011 961 3076 sis,
1001 3017 1059 3063 et
1080 3023 1200 3063 eam
1234 3007 1287 3061 in
1319 3014 1395 3072 te,
1426 3007 1723 3062 secundum
1761 3020 1922 3061 natu-

347 3119 487 3170 ram,
531 3102 775 3156 invenies
821 3101 1102 3156 latentem.
1163 3100 1242 3153 Ac
1283 3098 1332 3154 si
1377 3097 1460 3152 vis
1506 3097 1651 3151 illam
1696 3100 1835 3167 apud
1876 3107 1929 3153 te

348 3192 710 3249 inviolabilem
741 3205 1080 3261 permanere,
1110 3203 1208 3259 per
1238 3197 1405 3243 totam
1429 3188 1596 3242 vitam
1629 3187 1925 3243 Sabbatum

349 3299 469 3355 age,
504 3284 608 3339 hoc
635 3293 742 3348 est,
761 3295 927 3337 mane
942 3282 1083 3350 quod
1117 3288 1241 3334 nata
1265 3294 1345 3335 es.
1367 3277 1444 3334 Ne
1463 3293 1682 3335 moveas
1710 3295 1929 3334 manum

349 3377 421 3432 ad
451 3384 656 3431 tactum
689 3375 815 3439 viri,
849 3389 1025 3441 neque
1056 3372 1301 3443 implices
1323 3386 1446 3441 quae
1471 3387 1573 3426 non
1601 3381 1727 3427 sunt
1755 3372 1933 3442 impli-

348 3485 499 3540 cata,
537 3487 639 3527 nec
669 3471 842 3525 soluta
871 3469 1114 3540 colliges,
1139 3483 1316 3539 neque
1346 3467 1665 3535 incorrupta
1690 3464 1932 3520 membra

351 3567 554 3622 diversi
585 3565 749 3637 6⁸12
779 3563 995 3633 generis
1039 3561 1302 3615 membris
1332 3559 1658 3629 implicando
1688 3572 1934 3640 corrum-

355 3676 488 3726 pas;
525 3661 621 3714 sed
662 3672 822 3711 mane
864 3657 916 3710 in
965 3654 1130 3709 cubili
1164 3654 1216 3708 id
1243 3655 1385 3723 quod
1413 3668 1495 3719 es,
1535 3651 1670 3706 nihil
1704 3649 1936 3719 amplius

354 3752 598 3822 require.
660 3749 961 3806 Sabbatum
1008 3762 1115 3816 age
1169 3746 1310 3816 apud
1365 3745 1745 3815 temetipsam,
1802 3742 1939 3797 nihil

354 3842 563 3897 faciens
588 3842 732 3911 quod
772 3838 1037 3894 dissolvat
1077 3838 1129 3892 id
1166 3837 1310 3909 quod
1360 3836 1656 3892 secundum
1690 3848 1937 3892 naturain

355 3943 462 3988 est.
495 3932 729 3988 Necesse
757 3947 863 3986 non
895 3931 1064 3985 habes
1095 3944 1278 3984 muros
1299 3940 1354 3984 et
1379 3938 1529 3999 septa
1558 3929 1860 3995 transilire,
1882 3940 1941 3983 nt

356 4025 725 4095 virginitatem
763 4023 999 4078 veneris.
1033 4022 1174 4089 Quin
1208 4022 1397 4087 etiam,
1427 4022 1471 4076 si
1501 4023 1617 4077 haec
1645 4037 1797 4091 agas,
1828 4021 1937 4075 for-

360 4128 508 4172 tasse
532 4117 752 4171 amittes
779 4116 1171 4186 virginitatem.
1214 4114 1322 4170 Sed
1358 4114 1411 4169 in
1455 4113 1617 4168 cubili
1641 4111 1939 4168 Sabbatum

359 4224 546 4278 agens,
594 4223 786 4277 puram
837 4207 1181 4275 temetipsam
1212 4206 1508 4272 custodies,
1559 4206 1744 4276 sicque
1786 4204 1942 4259 facile

2010 368 2102 437 ἀφ’
2138 367 2332 422 ἐαυτοῦ
2358 367 2676 438 κινούμενον
2716 365 3068 437 παρακινήσῃ
3099 380 3225 427 που,
3257 363 3292 434 ἢ
3329 362 3389 416 ἐν
3414 364 3487 432 τῇ
3523 378 3616 415 κι-

2010 461 2164 531 νήσει
2197 460 2308 513 τισὶ
2350 457 2863 531 προσαραττόμενον
2903 456 3267 528 παραθραύσῃ
3299 451 3463 516 τινὰς
3494 450 3597 505 τῶ

2011 550 2255 621 φυσικῶν
2306 549 2689 622 χαρακτήρων,
2743 549 2882 619 μήτε
2918 545 3068 617 παρὰ
3100 546 3198 616 τῆς
3239 543 3447 610 ἔξωθεν
3492 559 3615 613 χει-

2016 643 2107 715 ρὸς
2145 642 2506 714 σαλευόμενον
2558 640 2873 712 ἀποσυληθῇ
2930 639 2991 692 τὸ
3042 639 3142 708 τῆς
3194 635 3418 706 φύσεως
3478 634 3619 688 κάλ-

2013 753 2121 799 Αος.

2085 827 2174 882 59.
2215 827 2368 897 Τάχα
2396 827 2451 880 δέ
2482 826 2568 879 διὰ
2601 825 2695 879 τοῦ
2724 823 3096 894 σαϐϐατισμοῦ
3123 824 3218 877 καὶ
3243 822 3308 877 τὸ
3339 820 3471 885 πῶς
3500 820 3619 873 ἔστι

2014 918 2317 989 κτήσασθαι
2348 917 2649 988 παρθενίαν
2677 916 2922 985 φυσικῶς
2943 934 3003 969 τε
3027 916 3144 987 ἅμα
3164 916 3259 968 καὶ
3284 913 3626 986 παραδόξω’

2013 1012 2325 1065 αἰνίττεται.
2373 1010 2461 1074 Ὠς
2485 1009 2594 1080 γὰρ
2620 1010 2712 1063 τὸν
2738 1011 2862 1080 ὅρον
2886 1009 2986 1080 τῆς
3017 1008 3293 1079 σωτηρίας
3319 1006 3490 1077 ἡμῶν
3528 1007 3630 1056 ὲκ-

2012 1103 2316 1174 τιθέμενος,
2343 1102 2505 1174 φησί·
2535 1102 2633 1171 Μὴ
2665 1102 2845 1170 εἴπῃς
2871 1102 2943 1155 ἐν
2965 1099 3043 1169 τῇ
3072 1099 3287 1169 καρδίᾳ
3318 1115 3442 1152 σου
3464 1113 3479 1127 ’
3523 1095 3633 1160 Τις

2013 1192 2378 1260 ἀναϐήσεται
2418 1195 2506 1259 εἰς
2547 1193 2655 1247 τὸν
2690 1191 2986 1261 οὐρανόν;
3030 1187 3301 1243 τουτέστι
3345 1182 3633 1255 Χριστὸν

2016 1284 2390 1356 καταγαγεῖν.
2425 1286 2492 1340 Ἡ
2512 1285 2603 1351 τίς
2627 1283 3027 1350 καταϐήσεται
3048 1283 3135 1346 εὶς
3158 1280 3273 1348 τὴν
3294 1279 3630 1339 ἆϐυσσον;

2016 1376 2288 1432 τουτέστι
2326 1376 2587 1445 Χριστόν
2610 1378 2679 1430 ἐκ
2710 1374 2937 1443 νεκρῶν
2964 1372 3304 1443 ἀναγαγεῖν.
3350 1370 3540 1424 Ἀλλὰ
3568 1369 3631 1422 τι

2014 1469 2211 1538 λέγει;
2262 1469 2468 1538 Ἐγγύς
2504 1483 2622 1522 σου
2661 1465 2727 1520 τὸ
2761 1465 2931 1535 ῥῆμά
2964 1466 3098 1519 ἐστι
3133 1463 3203 1517 ἐν
3238 1461 3320 1530 τῷ
3353 1458 3632 1530 στόματι

2016 1576 2155 1626 σου,
2190 1563 2289 1616 καὶ
2328 1562 2399 1616 ἐν
2435 1560 2510 1630 τῇ
2537 1560 2749 1629 καρδίᾳ
2770 1575 2905 1613 σου.
2930 1558 3041 1613 Καὶ
3064 1559 3126 1611 ού
3153 1556 3343 1628 χρείαν
3373 1554 3529 1625 ἔχεις
3554 1552 3631 1606 τὰ

2016 1654 2159 1708 οὕτω
2190 1672 2283 1708 σου
2318 1655 2557 1725 μακράν,
2606 1653 2834 1727 οὐρανὸν
2868 1651 2904 1722 ἦ
2936 1650 3206 1713 ἀϐύσσους
3243 1644 3629 1719 περιεργάζε-

2020 1744 2175 1799 σθαι·
2201 1744 2337 1798 ἀλλά
2370 1745 2446 1817 τῷ
2467 1746 2632 1814 ἐγγὺς
2654 1742 2749 1798 καὶ
2780 1744 2846 1796 σὺ
2868 1743 3071 1813 χρῆσαι
3091 1738 3250 1810 δεξιῷ
3277 1735 3626 1808 βοηθήματι.

2030 1835 2172 1890 Ἐὰν
2208 1833 2318 1905 γὰρ
2357 1832 2743 1904 ὁμολογήσῃς
2785 1832 2855 1886 ὲν
2893 1829 2974 1895 τῷ
3017 1827 3271 1899 στόματί
3320 1843 3442 1880 σου
3513 1826 3630 1892 Ἰη-

2018 1927 2177 1983 σοῦν
2200 1926 2459 1997 Χριστὸν
2492 1924 2629 1996 (50),
2668 1923 2767 1978 καὶ
2806 1921 3142 1988 πιστεύσῃς
3181 1918 3251 1971 ἐν
3286 1915 3363 1984 τῇ
3395 1914 3629 1984 καρδίᾳ

2019 2031 2157 2083 σου,
2185 2016 2275 2069 ὅτι
2319 2018 2353 2069 ὁ
2392 2014 2537 2080 Θεὸς
2564 2013 2753 2067 αὑτὸν
2790 2011 3028 2081 ἤγειρεν
3050 2010 3119 2063 ἐκ
3140 2005 3390 2077 νεκρῶν,
3418 2003 3629 2070 σωθή-

2019 2124 2124 2176 σῃ.
2159 2107 2316 2161 Οὕτω
2348 2105 2446 2159 καὶ
2485 2107 2579 2159 ἐπὶ
2614 2104 2716 2175 τῆς
2755 2102 3057 2176 παρθενίας
3094 2100 3256 2171 φησί’
3292 2098 3387 2170 Μὴ
3414 2098 3629 2169 εἴπῃς·

2021 2201 2147 2265 Πῶς
2176 2199 2362 2255 ἀναϐῶ
2392 2201 2473 2263 είς
2505 2199 2597 2252 τὸν
2627 2196 2879 2269 οὐρανὸν,
2907 2193 3116 2249 ἐκεῖθεν
3144 2193 3246 2263 τὴν
3271 2192 3372 2261 τῆς
3403 2189 3627 2261 παρθειο

2021 2295 2140 2357 νίας
2176 2310 2276 2365 μου
2305 2291 2576 2363 ἀφθορίαν
2609 2291 2978 2358 καταγαγείν;
3008 2287 3042 2358 ἢ
3075 2286 3193 2348 πῶς
3228 2282 3629 2353 καταϐήσομαι

2022 2391 2102 2452 είς
2143 2386 2241 2459 τὴν
2285 2385 2543 2448 ἄϐυσσον,
2595 2383 2683 2437 ἵνα
2723 2377 2928 2451 ταύτην
2967 2378 3137 2433 πάλαι
3174 2376 3327 2449 παρά
3364 2372 3624 2428 διαϐόλου

2024 2481 2325 2551 φθαρεῖσαν
2374 2478 2583 2548 ἐμαυτῇ
2632 2475 3061 2545 ἀνακτήσωμαι;
3120 2470 3283 2524 Ἀλλά
3333 2469 3391 2521 τί
3424 2467 3619 2535 λέγει;

2037 2571 2236 2640 Ἐγγύς
2258 2588 2351 2623 σου
2383 2569 2521 2636 ἐστὶ,
2558 2567 2713 2640 φησι,
2748 2566 2844 2621 καὶ
2867 2565 3009 2620 κατά
3030 2562 3190 2634 φύσιν
3214 2579 3296 2616 σοι
3324 2559 3629 2629 συγγεννᾶ-

2022 2684 2113 2720 ται
2142 2667 2175 2737 ἡ
2206 2662 2498 2735 παρθενία.
2525 2660 2663 2715 Οὔτε
2695 2655 2788 2714 οὖν
2810 2659 3024 2727 πελάγη
3064 2658 3143 2719 εἰς
3166 2654 3264 2727 τὴν
3285 2653 3485 2723 κτῆσιν
3518 2652 3624 2704 αύ-

2026 2757 2126 2827 τῆς
2170 2754 2362 2827 χρείαν
2402 2752 2549 2824 έχεις
2600 2753 2862 2823 περᾶσαι,
2913 2747 3023 2802 οὔτ’
3053 2749 3195 2819 ἀέρα
3245 2760 3350 2799 που
3388 2744 3628 2814 ἄπειρον

2027 2848 2338 2917 δωπτῆναι,
2390 2844 2515 2898 οὗτε
2556 2843 2661 2913 γῆς
2700 2841 2982 2913 περιόδους
3018 2835 3378 2909 ίχνηλατοῦσα
3413 2833 3631 2902 ταύτην

1951 2964 1993 3020 ε
2027 2939 2538 3012 ἀναμετρήσασθαι·
2576 2938 2610 3010 ἢ
2643 2934 2869 3008 οὐρανὸν
2914 2935 2980 2986 ἐκ
3033 2933 3137 3002 γῆς
3184 2930 3501 2991 dvo-ictam,
3538 2929 3625 2990 είς

2030 3033 2246 3106 εύρεσιν
2272 3031 2440 3101 αὐτῆς
2461 3028 2801 3100 ἐμϐατεῦσαι
2820 3044 2833 3056 ο
2858 3024 2996 3092 ἀλλ’,
3015 3024 3152 3093 ὅπερ
3170 3022 3387 3093 εἴρηκα,
3418 3020 3624 3088 ἀφεῖσα

2029 3126 2098 3180 τὰ
2130 3126 2279 3197 μήκη
2320 3123 2429 3193 (51)
2467 3118 2947 3193 περιεργάζεσθαι,
2979 3117 3185 3186 σαυτὴν
3211 3114 3287 3178 ὡς
3316 3113 3464 3184 ἔχεις
3496 3112 3629 3165 ἐπί-

2031 3213 2248 3283 σκεψαι,
2282 3214 2377 3267 καί
2415 3214 2472 3265 ἐν
2500 3213 2669 3282 σαυτῇ
2703 3208 2847 3263 κατά
2876 3206 3039 3277 φύσιν
3069 3204 3275 3276 ταύτην
3296 3202 3624 3276 κρυπτομέ-

2031 3322 2129 3376 νην
2158 3304 2428 3376 εὑρήσεις.
2457 3303 2568 3356 Καὶ
2592 3304 2642 3355 εἰ
2676 3300 2852 3372 βούλει
2886 3299 3093 3370 ταύτην
3129 3295 3281 3367 παρὰ
3311 3295 3396 3347 col.
3423 3292 3625 3349 ἄσυλον

2036 3396 2238 3467 μένειν,
2269 3395 2361 3450 διὰ
2383 3394 2498 3465 βίου
2525 3392 2817 3457 σαϐϐάτιξε
2837 3410 2850 3422 ·
2881 3392 3151 3456 τουτέστι,
3184 3388 3312 3459 μένε
3342 3387 3368 3441 δ
3395 3386 3625 3456 ἐγεννή-

2034 3486 2154 3559 θης.
2195 3486 2287 3557 Μὴ
2317 3487 2545 3557 κινήσῃς
2565 3488 2723 3556 χεῖρα
2756 3483 2894 3555 πρὸς
2921 3483 3065 3553 ἁφὴν
3093 3480 3305 3552 ἀνδρὸς,
3340 3479 3482 3550 μήτε.
3494 3476 3626 3530 πλέ-

2035 3579 2132 3653 ξῃς
2160 3578 2230 3632 τὰ
2253 3578 2520 3640 ᾶπλεκτα,
2558 3577 2694 3648 μηδέ
2733 3574 3114 3646 τάλελυμένα
3152 3572 3442 3643 συνδήσῃς,
3487 3568 3623 3639 μηδὲ

2034 3675 2248 3745 ἄφθορα
2278 3672 2413 3744 μέλη
2444 3668 2784 3742 ἐτερογενέσι
2814 3666 3201 3738 συμπλέκουσα
3241 3663 3426 3734 μέλεσι
3465 3659 3621 3730 φθεί-

2038 3780 2138 3836 Plit;
2162 3781 2176 3795 °
2205 3762 2344 3818 ἀλλὰ
2371 3762 2498 3834 μένε
2528 3760 2623 3812 ἐπὶ
2650 3758 2749 3828 τῆς
2768 3756 2953 3824 κοίτης
2980 3754 3008 3808 ὃ
3034 3748 3105 3818 εί,
3134 3751 3300 3823 μηδὲν
3340 3746 3501 3802 πλέον
3530 3760 3627 3797 πε-

2040 3855 2349 3928 ριεργάξου.
2388 3847 2689 3913 Σαϐϐάτιζε
2720 3846 2842 3901 καθ’
2866 3844 3086 3916 ἑαυτὴν,
3120 3842 3284 3915 μηδὲν
3322 3837 3623 3910 ἐνεργοῦσα

2038 3948 2107 4003 τὸ
2149 3945 2425 4018 παραλύον
2476 3942 2537 3996 τὸ
2580 3939 2724 3996 κατὰ
2763 3939 2945 4010 φύσιν.
2975 3938 3091 3992 Οὐκ
3122 3935 3267 4006 ἔχεις
3291 3932 3504 4001 τοίχους
3528 3930 3621 3983 καὶ

2040 4037 2357 4110 περιϐόλους
2398 4031 2816 4105 ὑπεράλλεσθαι,
2862 4031 2951 4084 ἵνα
2994 4028 3094 4101 τὴν
3125 4024 3423 4096 παρθενίαν
3457 4022 3621 4093 θηρά-

2042 4144 2161 4198 σῃς.
2234 4124 2391 4179 Ἀλλά
2436 4122 2611 4177 ταῦτα
2671 4122 2769 4193 μὲν
2820 4121 3154 4193 πράττουσα,
3200 4115 3296 4171 καὶ
3340 4113 3620 4174 ἀπολέσεις

2046 4217 2176 4280 ἴσως
2196 4217 2293 4287 τὴν
2324 4213 2640 4287 παρθενίαν.
2683 4212 2807 4265 Ἐπὶ
2828 4212 2928 4283 τῆς
2953 4209 3139 4279 κοίτης
3173 4206 3231 4259 δὲ
3270 4198 3619 4264 σαϐϐατίζου-

362 4300 751 4370 virginitatem,
786 4297 1234 4368 pretiosissimam
1268 4297 1666 4366 possessionem
1692 4294 1924 4351 habebis

2055 4327 2132 4373 sa,
2153 4308 2402 4379 καθαρὰν
2433 4306 2605 4376 αὐτὴν
2631 4305 2909 4375 φυλάξεις,
2944 4304 3038 4356 καὶ
3066 4300 3207 4354 οὓτω
3237 4298 3334 4369 μὲν
3365 4293 3617 4356 εὐκόλως,

363 4388 482 4443 Νοη
531 4389 676 4443 enim
718 4388 1044 4442 inveniendo
1095 4396 1191 4441 aut
1233 4385 1483 4441 faciendo
1534 4385 1737 4455 aliquid
1781 4386 1940 4445 novi.

360 4496 485 4535 eam
539 4481 633 4535 tibi
680 4479 1030 4535 vindicabis:
1074 4478 1171 4534 sed
1222 4493 1450 4533 manens
1493 4478 1834 4541 intaminata,
1889 4476 1942 4531 id

365 4574 511 4642 quod
543 4588 611 4626 ex
645 4583 803 4626 utero
850 4579 974 4625 nata
1001 4584 1062 4625 es
1100 4570 1251 4640 virgo
1278 4571 1418 4624 bona
1448 4583 1665 4637 semper
1692 4567 1946 4622 omnibus

366 4665 659 4721 videberis.
692 4663 799 4719 Sed
843 4663 890 4718 si
921 4663 1139 4717 amittas
1181 4663 1321 4717 hanc
1352 4661 1684 4730 virginitatis
1724 4674 1944 4730 posses-

365 4760 576 4815 sionem
598 4799 614 4825 ,
645 4757 861 4813 etiamsi
894 4754 983 4810 illa
1019 4756 1200 4811 omnia
1232 4755 1401 4811 facias
1429 4769 1549 4824 quae
1579 4754 1719 4821 dixi,
1748 4754 1945 4810 caelum

365 4863 422 4907 et
452 4864 678 4920 terram,
711 4867 861 4905 mare
900 4858 957 4904 et
984 4850 1270 4921 abyssum,
1301 4864 1366 4903 ac
1398 4857 1568 4904 totum
1609 4863 1789 4903 aerem
1821 4865 1947 4919 per-

369 4943 604 5014 vageris,
643 4941 792 4997 nullo
824 4941 971 4996 illam
1017 4941 1177 4996 modo
1210 4955 1535 5010 recuperare
1558 4938 1672 5008 jam
1721 4940 1942 5009 poteris.

369 5036 650 5102 Quomodo
677 5035 821 5088 enim
874 5035 1017 5102 quod
1063 5043 1376 5103 corruptum
1410 5043 1529 5100 est,
1557 5032 1668 5100 jam
1702 5031 1948 5087 incorru—

367 5114 678 5201 ptum-lict?
710 5125 987 5198 quomodo
1016 5141 1135 5194 qua:
1170 5127 1346 5180 virum
1378 5124 1667 5195 cognovit,
1692 5131 1946 5193 tanquam

441 5269 485 5300 ⁸³
519 5268 677 5323 Rom.
712 5282 767 5331 κ,
803 5262 922 5320 6ο8.
1000 5263 1186 5316 "ibid.
1224 5263 1278 5317 9.

442 5382 558 5461 βυ)
597 5378 836 5447 Ἰησοῦν
860 5377 1137 5445 Χριστόν.
1170 5373 1305 5427 Tres
1327 5397 1334 5406 ·
1357 5373 1591 5436 codices,
1620 5370 1824 5441 Κύριον
1854 5372 1958 5443 ’ῐηο

381 5467 564 5587 ὀῖἔι)
598 5517 676 5574 Τὰ
698 5517 885 5585 μήκη.
919 5517 1025 5571 Sed
1061 5516 1227 5587 editio
1253 5511 1458 5569 Veneta
1491 5521 1544 5566 et
1579 5513 1794 5587 codices
1826 5527 1955 5564 mss.

379 5585 700 5643 parisi’ensis
737 5589 916 5657 editio,
960 5587 1027 5641 τὰ
1071 5586 1231 5655 μένῃ,
1269 5597 1392 5641 cum
1443 5585 1704 5639 asterisco
1746 5598 1952 5637 nrcvuui

2049 4402 2202 4473 φησι,
2260 4399 2358 4471 τὴν
2406 4398 2703 4470 παρθενίαν
2753 4396 2941 4467 κτῆμα
2976 4390 3304 4465 τιμιώτατον
3352 4387 3510 4453 ἕξεις.
3545 4385 3617 4438 Οὐ

2049 4490 2159 4562 γὰρ
2207 4489 2492 4560 ἐκφύσασά
2531 4506 2584 4540 τι
2628 4487 2661 4559 ἢ
2703 4483 3054 4558 ἐργασαμένη
3096 4499 3149 4535 τι
3182 4479 3388 4540 καινὸν,
3424 4473 3620 4545 ταύτην

2052 4582 2432 4654 περιποιήσεις
2484 4582 2653 4650 σαυτῇ
2676 4595 2694 4609 ⁸
2728 4576 2865 4630 ἀλλά
2894 4574 3125 4646 μείνασα
3166 4571 3454 4642 ἄχραντος,
3502 4564 3528 4617 ὃ
3560 4567 3620 4618 ἐκ

2052 4673 2289 4743 γαστρὸς
2335 4670 2634 4742 ἐγεννήθης
2666 4667 2956 4739 παρθένος,
3001 4666 3089 4718 ἀεὶ
3119 4661 3299 4731 ἀγαθὴ
3326 4662 3439 4723 τοῖς
3466 4659 3618 4711 πᾶσιν

2052 4766 2287 4839 ὀφθήσῃ.
2325 4765 2661 4819 ’Δπολέσασα
2700 4763 2756 4817 δὲ
2779 4760 2938 4815 τοῦτο
2962 4759 3063 4829 τῆς
3095 4754 3396 4827 παρθενίας
3436 4751 3538 4822 (52)
3564 4751 3620 4803 τὸ

2056 4860 2264 4931 κτῆμα,
2293 4857 2395 4912 κᾶν
2424 4861 2606 4911 ἐκεῖνα
2631 4856 2808 4911 πάντα
2834 4855 3066 4925 ποιήσῃς
3098 4849 3135 4903 ἃ
3162 4847 3382 4919 εἴρηκα,
3407 4842 3620 4915 οὐρανόν

2054 4968 2113 5005 τε
2143 4950 2236 5005 καὶ
2264 4953 2387 5021 γῆν,
2419 4949 2693 5004 θάλασσάν
2724 4963 2785 5000 τε
2810 4946 2904 4999 καὶ
2928 4943 3185 5005 ἄϐυσσον,
3217 4939 3313 4993 καὶ
3344 4936 3483 5006 ἀέρα
3511 4933 3619 4987 ὅλον

2052 5043 2410 5114 διαπεράσῃς,
2465 5041 2640 5095 ούδενὶ
2687 5039 2877 5111 τρόπῳ
2912 5035 3070 5090 τοῦτο
3105 5028 3510 5101 ἀνακτήσασθαι
3544 5023 3619 5076 ἔτι

2054 5131 2278 5206 δυνήσῃ.
2306 5131 2431 5195 Πῶς
2454 5130 2563 5203 γὰρ
2597 5129 2657 5182 τὸ
2692 5126 2898 5199 φθαοέν
2928 5124 3007 5178 ἔτι
3037 5121 3272 5192 ἄφθορον
3312 5120 3616 5190 γενήσεταις

2064 5371 2765 5513 ιωέἕέλῃίῗῆςπαρθενίας.
2795 5432 2908 5487 Duo
2931 5428 3164 5493 codices,
3185 5425 3287 5496 τῆς
3315 5416 3623 5494 ἀφθαρσίας,

2066 5503 2180 5568 Duo
2218 5503 2459 5579 alii,i'ti';¢
2488 5503 2775 5576 ἀφθορίας.
