3802 6216
386 312 477 370 791
1362 315 1707 375 APPENDIX
1743 317 2031 379 OPERUM
2070 321 2129 377 S.
2172 321 2414 378 BASILII
2449 322 2681 380 MAGNI.

3546 326 3659 380 792

382 439 481 491 sed
530 444 588 488 et
632 408 953 506 progressus
995 449 1061 491 ac
1103 436 1383 508 dignitatis
1408 478 1424 503 ,
1490 439 1565 493 ita
1614 448 1670 494 ut
1710 443 1944 495 omnibus

2064 444 2179 503 τοῖς
2229 457 2415 505 τοπον,
2462 441 2647 512 φησῖν,
2700 441 2799 495 οὐκ
2843 441 3110 510 οἰκήσεως
3158 441 3336 512 μόνον,
3375 439 3520 493 ἀλλά
3556 441 3655 493 καὶ

383 530 713 599 conspicuus
739 526 860 583 illos
890 527 1079 599 inagis,
1129 543 1291 599 quam
1330 528 1623 586 liberorum
1659 534 1954 597 successio,

385 619 667 693 dignitatis
726 619 1015 690 splendore
1069 621 1337 677 nobilitet.
1399 623 1465 679 Et
1517 624 1644 693 quid
1701 626 1954 694 amplius,

379 713 578 781 inquit,
613 712 681 768 de
710 712 950 783 mysticis
968 713 1236 769 eunuchis
1260 714 1431 769 habeo
1460 715 1782 771 dicendum?
1812 717 1957 773 Dabo

378 803 488 859 illis
520 818 716 858 nomen
750 815 1039 871 aeternum,
1071 806 1214 876 quod
1239 806 1372 875 ipsis
1399 806 1537 862 ultra
1562 807 1798 864 ﬁliorum
1826 827 1954 866 suc-

378 891 680 948 cessionem
711 888 977 959 manebit,
1005 910 1108 950 nec
1132 895 1370 953 deﬁciet.
1399 896 1501 953 Hic
1532 899 1678 953 enim
1705 902 1954 971 corporei

378 983 472 1038 lilii
543 995 759 1055 patrum
822 987 1135 1056 subeuntes
1203 1004 1435 1056 nomen,
1496 991 1952 1061 quemadmodum

374 1074 701 1129 exstinctam
748 1091 938 1131 eorum
986 1088 1272 1135 senectute
1305 1080 1587 1149 excipiunt
1639 1083 1826 1149 vitam,
1876 1085 1951 1140 ita

376 1154 649 1214 deﬁcienti
697 1173 910 1230 patrum
958 1165 1299 1221 morientium
1341 1169 1543 1224 nomini
1575 1174 1952 1238 succedentes,

379 1248 509 1304 illud
536 1249 588 1304 in
622 1251 818 1321 seipsis
845 1255 1201 1309 exauscitant.
1233 1254 1436 1314 Deinde
1458 1259 1641 1329 iidem,
1668 1272 1950 1332 postquam

375 1342 529 1397 brevi
562 1351 803 1413 tempore
838 1346 1003 1401 vitam
1032 1361 1353 1417 proavorum
1377 1360 1433 1405 et
1460 1366 1654 1408 nomen
1683 1358 1950 1426 quodam-

376 1433 540 1488 modo
574 1437 971 1505 reparaverint,
1002 1447 1184 1496 tamen
1216 1441 1317 1511 ipsi
1347 1457 1565 1515 quoque
1591 1448 1661 1502 ob
1698 1458 1949 1505 naturam

378 1526 667 1580 mortalem
699 1542 925 1593 prorsus
951 1531 1174 1595 sublati,
1209 1548 1497 1605 progressu
1526 1542 1785 1609 temporis
1819 1544 1953 1598 deﬁ-

375 1618 544 1680 cient,
581 1632 753 1687 genus
784 1621 901 1675 sine
925 1623 1144 1679 nomine
1170 1625 1558 1697 relinquentes.
1583 1630 1737 1696 Quod
1770 1644 1950 1689 autem

376 1725 407 1763 a
444 1726 529 1767 me
551 1727 673 1767 cum
708 1714 1008 1784 primorum
1035 1717 1277 1775 locorum
1308 1721 1574 1792 dignitate
1604 1726 1951 1782 datureunu-

375 1801 494 1856 chis
527 1817 723 1859 nomen
753 1821 849 1874 pro
876 1810 1023 1863 omni
1066 1812 1282 1881 generis
1322 1817 1668 1872 successione
1692 1857 1708 1882 ,
1752 1819 1948 1874 iterum

375 1892 523 1959 dico,
547 1893 755 1965 jugiter
780 1901 1145 1967 permanebit,
1194 1904 1269 1958 ita
1316 1915 1375 1959 ut
1420 1918 1475 1961 et
1519 1908 1618 1977 ipsi
1663 1918 1717 1964 et
1760 1925 1950 1965 omnes

374 1987 466 2055 qui
517 2003 613 2043 eos
654 1990 931 2056 videbunt,
984 2009 1053 2047 ex
1111 2007 1308 2051 eventu
1361 1998 1694 2069 dijudicent,
1746 2015 1950 2074 quanto

374 2081 720 2147 praestantius
753 2082 823 2136 sit
870 2083 975 2140 hoc
1017 2101 1213 2142 nomen
1261 2088 1385 2143 ﬁliis
1444 2100 1498 2146 et
1551 2093 1803 2163 ﬁliabus,
1856 2098 1947 2165 qui

374 2186 517 2240 stepe
566 2187 737 2242 genus
779 2189 937 2231 suum
978 2184 1033 2231 et
1077 2180 1427 2249 turpitudinis
1475 2184 1595 2239 loco
1640 2194 1695 2239 et
1741 2190 1947 2257 peccati

374 2260 593 2314 nomine
632 2267 951 2330 probrosum
996 2267 1250 2322 reddunt.
1293 2268 1496 2325 Nomen
1532 2274 1712 2338 enim,
1753 2276 1947 2343 inquit,

374 2365 473 2418 pro
519 2351 779 2418 humano,
832 2355 1217 2411 immortalium
1262 2358 1573 2430 angelorum
1618 2363 1757 2416 dabo
1803 2364 1945 2429 illis,

375 2456 474 2495 nec
505 2442 751 2510 deﬁciet;
799 2444 873 2500 ila
915 2455 972 2499 ul
1022 2448 1221 2502 οωιιιιιι
1254 2460 1309 2503 et
1357 2451 1480 2507 cmli
1517 2453 1944 2521 pulcherrimum

374 2532 548 2588 locum
607 2536 842 2593 habeant
883 2540 949 2594 ad
989 2540 1368 2597 habitandum.
1422 2543 1478 2598 In
1531 2548 1948 2615 praeclarissimo

372 2635 551 2679 autem
574 2628 693 2683 caeli
724 2630 867 2697 loco,
918 2631 970 2686 id
1003 2643 1109 2699 est,
1144 2636 1195 2689 in
1224 2635 1387 2692 domo
1419 2654 1562 2704 mea,
1606 2641 1745 2695 intra
1792 2654 1945 2711 septa

372 2732 491 2771 mea
528 2718 857 2788 habitantes,
891 2739 997 2779 non
1023 2725 1129 2794 iam
1160 2727 1331 2781 solum
1352 2730 1665 2799 angelorum
1696 2746 1944 2786 naturam

370 2819 423 2862 et
470 2807 790 2879 dignitatem
840 2812 1203 2870 immortalem
1259 2818 1493 2873 habeant
1551 2823 1797 2889 (semper
1846 2823 1946 2891 ipsi

370 2900 471 2955 sibi
514 2901 630 2955 vice
661 2915 1035 2958 successor-um
1076 2908 1127 2959 in
1164 2909 1491 2977 sempiterna
1537 2912 1644 2964 vita
1693 2911 1744 2964 in
1786 2923 1946 2966 aeter-

371 3007 497 3046 num
550 2990 935 3064 sutﬁcientes),
969 2997 1064 3050 sed
1118 3005 1173 3051 et
1229 2997 1404 3052 locum
1452 3000 1751 3055 sortiantur
1807 3002 1947 3057 inter

2061 534 2346 605 προκοπῆς
2400 535 2494 588 καὶ
2540 533 2717 600 ἀξίας,
2771 534 2846 599 ὼς
2906 535 3040 587 πᾶσι
3087 531 3446 604 περίϐλεπτον
3489 530 3655 596 ὅντα,

2063 627 2202 697 ὑπὲρ
2269 626 2366 698 τὴν
2423 624 2535 678 τῶν
2599 626 2805 679 παίδων
2860 623 3108 695 διαδοχὴν
3170 623 3367 687 αὐτοὺς
3419 624 3489 694 τῇ
3552 622 3655 677 τοῦ

2060 710 2369 783 ἀξιώματος
2414 712 2661 784 εὐγενείᾳ
2709 710 3010 783 σεμνύνειν.
3051 711 3161 764 Καὶ
3186 710 3240 763 τί
3268 709 3453 775 πλέον,
3485 711 3658 781 φησὶ,

2060 803 2189 874 περὶ
2234 803 2343 858 τῶν
2403 805 2679 875 μυστικῶν
2714 802 2983 873 εὐνούχων
3022 801 3132 873 ἔχω
3177 801 3387 871 λέγειν;
3431 803 3658 873 Ὄνομα

2060 892 2278 948 αἰώνιον
2334 893 2492 949 δώσω
2536 896 2738 960 αὐτοῖς,
2781 896 2812 949 δ
2857 895 2997 966 ὑπὲρ
3036 893 3135 965 τὴν
3176 893 3427 964 διαδοχὴν
3455 894 3657 958 αὐτοῖς

2059 986 2167 1041 τῶν
2223 987 2462 1055 ἐκγόνων
2506 988 2749 1061 ἀρκέσει,
2785 988 2882 1042 καὶ
2934 988 3035 1041 οὐκ
3079 985 3337 1055 ἐκλείψει.
3373 985 3658 1040 Ἐνταῦθα

2059 1080 2158 1150 μὲν
2186 1079 2295 1153 γὰρ
2324 1083 2373 1135 oi
2404 1080 2513 1135 τῶν
2558 1081 2827 1152 σωμάτων
2877 1078 3085 1143 παῖδες,
3140 1078 3201 1132 τὸ
3233 1076 3344 1132 τῶν
3385 1077 3659 1149 πατέρων

2055 1169 2410 1242 ὑποδυόμενοι
2463 1170 2669 1241 ὄνομα,
2707 1168 2898 1240 ὥσπερ
2947 1167 3313 1239 σϐεννυμένην
3360 1165 3442 1237 τῷ
3490 1167 3657 1238 γήρᾳ

2053 1259 2261 1315 τούτων
2287 1261 2620 1332 διαδέχονται
2643 1260 2743 1330 τὴν
2766 1259 2930 1332 ζωὴν,
2953 1258 3096 1313 οὕτω
3122 1258 3218 1312 καὶ
3242 1257 3304 1311 τὸ
3332 1258 3513 1328 ὄνομα
3536 1256 3657 1310 τῶν

2052 1352 2188 1424 πρὸς
2212 1352 2442 1408 θάνατον
2474 1353 2792 1426 φερομένων
2824 1351 3076 1421 πατέρων
3098 1350 3347 1403 ἐκλεῖπον
3368 1347 3659 1402 ὑπεισιόν-

2049 1461 2141 1509 τες
2168 1446 2227 1497 ἐν
2255 1444 2440 1507 αὐτοῖς
2473 1441 2865 1514 ζωοπυροῦσιν,
2902 1437 3015 1495 Εἶτ’
3047 1442 3133 1494 ἐπ’
3158 1441 3336 1510 ὀλίγον
3363 1434 3512 1494 οὗτοι
3543 1439 3657 1509 τήν

2051 1552 2113 1589 τε
2154 1536 2300 1608 ζωὴν
2344 1536 2440 1589 τοῦ
2472 1534 2583 1589 τῶν
2615 1535 2977 1607 προπατόρων
3007 1534 3199 1603 γένους
3234 1534 3328 1587 καὶ
3363 1531 3427 1585 τὸ
3468 1531 3655 1602 ὄνομά

2052 1625 2166 1698 (56)
2182 1644 2261 1698 τῳ
2289 1626 2478 1698 τρόπῳ
2510 1625 3014 1698 παραμυθούμενοι,
3048 1626 3196 1696 ὅμως,
3226 1624 3328 1678 ὑπὸ
3356 1624 3462 1694 τῆς
3510 1622 3651 1694 θνη-

2049 1716 2152 1787 τῆς
2186 1716 2402 1786 φύσεως
2427 1717 2862 1789 διαφορούμενοι,
2899 1717 2995 1771 καὶ
3033 1717 3188 1770 αὐτοὶ
3228 1717 3310 1779 είς
3345 1715 3409 1768 τὺ
3436 1731 3653 1768 παντε-

1982 1801 2021 1855 Β
2053 1807 2163 1873 λές,
2213 1810 2500 1880 προϊόντος
2533 1807 2629 1862 τοῦ
2675 1807 2866 1881 χρόνου
2889 1847 2905 1871 ,
2943 1807 3305 1878 ἐκλείψουσιν,
3354 1806 3653 1877 ἀνώνυμον

2052 1901 2454 1967 καταλιπόντες
2476 1900 2538 1955 τό
2563 1901 2739 1971 γένος.
2774 1902 2849 1956 Τὸ
2876 1902 2933 1956 δέ
2959 1902 3091 1974 παρ’
3118 1901 3253 1972 ἐμοῦ
3286 1899 3427 1971 μετά
3453 1898 3553 1952 τοῦ
3588 1900 3652 1952 ἐν

2054 1991 2340 2062 πρωτείοις
2384 1992 2574 2055 τόποις
2621 1994 2736 2056 τοῖς
2790 1990 3067 2062 εὐνούχοις
3118 1990 3395 2060 διδόμενον
3441 1988 3648 2058 ὄνομα,

2051 2082 2172 2136 ἀντὶ
2203 2082 2384 2154 πάσης
2401 2081 2595 2151 γένους
2616 2081 2887 2153 διαδοχῆς,
2920 2082 3082 2136 πάλιν
3113 2079 3245 2153 ἐρῶ,
3273 2078 3449 2133 διόλου
3473 2076 3652 2150 ἀρκέ-

2054 2191 2156 2237 σει,
2185 2173 2327 2227 ῶστε
2353 2174 2553 2238 αὐτούς
2576 2191 2638 2227 τε
2665 2174 2763 2228 καὶ
2790 2174 2997 2237 πάντας
3022 2173 3150 2235 τοὺς
3170 2170 3417 2244 ὁρῶντας
3439 2168 3650 2232 αὐτοὺς

2052 2266 2116 2317 ἐκ
2164 2266 2262 2337 τῆς
2311 2265 2594 2330 ἐκϐάσεως
2625 2265 2724 2337 τὴν
2773 2263 3079 2336 ὑπερϐολὴν
3111 2261 3520 2334 ἀποφήνασθαι,
3566 2259 3648 2323 ὡς

2051 2358 2298 2428 κρεῖττον
2330 2357 2497 2421 ὅντως
2527 2357 2680 2411 ἐσται
2720 2356 2851 2410 υἱῶν
2882 2357 2977 2410 καὶ⁵
3007 2354 3325 2427 θυγατέρων
3365 2352 3476 2407 τῶν
3504 2351 3647 2405 πολ-

2053 2448 2211 2513 λάκις
2236 2449 2333 2502 καὶ
2372 2449 2632 2519 ἐπίψογον
2662 2449 2725 2503 τὸ
2754 2449 2910 2518 γένος
2940 2449 3036 2502 καὶ
3070 2448 3220 2519 τόπῳ
3252 2444 3521 2516 αίσχὺνης
3546 2442 3644 2497 καὶ

2048 2540 2275 2611 ὀνόματι
2326 2541 2601 2613 ἁμαρτίας
2643 2540 2963 2597 ποιούντων.
3016 2542 3224 2610 Ὀνομα
3269 2539 3400 2608 γὰρ,
3448 2536 3640 2607 φησὶνι

2048 2635 2170 2688 ἀντὶ
2223 2633 2319 2687 τοῦ
2375 2633 2739 2706 ἀνθρωπείου,
2778 2633 2840 2687 τὸ
2891 2632 2998 2686 τῶν
3044 2631 3328 2685 ἀθανάτων
3386 2626 3644 2696 ἀγγέλων

2045 2724 2202 2779 δώσω
2251 2726 2456 2791 αὐτοῖς,
2509 2727 2602 2779 καὶ
2632 2726 2732 2779 οὐκ
2777 2725 3048 2795 ἐκλείψειο
3084 2723 3225 2776 ὥστε
3272 2720 3503 2793 οὐρανὸν
3538 2718 3642 2789 μὲν

2047 2817 2140 2870 καὶ
2175 2815 2270 2869 τοῦ
2313 2815 2547 2887 οὐρανοῦ
2593 2816 2655 2869 τὸ
2701 2816 2985 2870 κάλλιπον
3026 2814 3170 2885 ἔχειν
3204 2813 3402 2875 αὐτοὺς
3432 2809 3641 2864 ἐνδιαί-

2043 2925 2216 2979 τημα.
2267 2908 2355 2961 Ἐν
2408 2907 2467 2961 δὲ
2501 2908 2578 2978 τῷ
2616 2907 2889 2980 καλλίστῳ
2916 2907 3010 2961 τοῦ
3049 2905 3305 2978 οὐρανοῦ,
3352 2902 3640 2956 τουτέστιν

2046 3005 2104 3055 ἐν
2130 3002 2208 3074 τῷ
2233 3004 2366 3073 οἴκῳ
2396 3002 2475 3073 τῷ
2505 3001 2645 3073 ἐμῷ,
2677 3001 2829 3064 ἐντὸς
2858 2998 3160 3071 περιϐόλων
3183 2994 3468 3057 οἰκοῦντας
3497 2993 3634 3063 (57),

371 3081 605 3163 angelos
630 3083 786 3138 valde
812 3084 1111 3155 insignem,
1148 3098 1202 3141 et
1243 3105 1437 3144 nomen
1471 3100 1693 3161 propter
1732 3093 1944 3147 exitum:

2058 3094 2147 3148 οὐκ
2175 3093 2424 3163 ἀγγέλων
2462 3092 2621 3163 μόνον
2653 3093 2815 3161 φύσιν
2846 3089 3032 3144 λοιπὸν
3059 3087 3155 3141 καὶ
3183 3084 3401 3155 ἀξίωμα
3428 3082 3636 3137 ἀθάνα-

369 3146 605 3231 virtutis,
617 3177 957 3245 splendorem
991 3178 1298 3235 indelebile.
1344 3181 1583 3237 Caveant
1626 3197 1829 3249 autem,
1874 3202 1942 3239 ne

367 3269 820 3336 quemadmodum
851 3286 915 3324 ex
946 3270 1253 3328 hominibus
1303 3285 1359 3327 et
1392 3290 1424 3328 a
1473 3286 1615 3329 terra
1652 3277 1701 3330 in
1745 3277 1941 3332 ctelum

367 3370 423 3416 et
481 3362 799 3433 angelorum
847 3364 1163 3433 dignitatem
1210 3368 1591 3429 ascenderunt,
1644 3385 1832 3424 rursus
1875 3371 1944 3424 ab

368 3452 577 3523 angelis
604 3465 659 3509 et
687 3455 826 3509 ctelo
871 3456 924 3510 in
977 3467 1178 3512 terram
1223 3474 1354 3513 casu
1408 3460 1645 3514 maximo
1671 3461 1941 3515 decidant.

369 3545 490 3600 Vidi
552 3548 720 3613 enim,
777 3549 974 3618 inquit,
1023 3564 1146 3605 eum
1211 3552 1301 3619 qui
1353 3552 1645 3621 aliquando
1699 3553 1751 3607 in
1794 3556 1945 3609 cmlis

367 3639 710 3703 coruscabat,
767 3650 823 3693 ut
870 3639 1073 3714 fulgur,
1110 3641 1177 3698 de
1209 3642 1347 3697 caelo
1371 3644 1653 3698 cadentem
1688 3644 1755 3698 ³⁸.
1791 3645 1943 3711 Quod

367 3742 487 3783 cum
522 3730 778 3795 audiunt,
828 3731 976 3785 omni
1014 3731 1225 3788 ratione
1270 3743 1457 3788 cautos
1502 3749 1624 3789 esse
1670 3740 1942 3790 convenit.

370 3820 466 3879 llis
491 3823 657 3894 igitur
681 3824 828 3894 digni
859 3825 1097 3894 praemiis
1122 3825 1465 3880 invenientur
1494 3827 1548 3881 in
1583 3843 1747 3897 regno
1776 3827 1941 3882 divini

367 3913 664 3967 secundum
695 3928 930 3968 mentem
958 3914 1213 3971 eunuchi.
1238 3914 1423 3985 Neque
1454 3915 1645 3971 iisdem
1676 3919 1944 3973 carebunt

368 4002 461 4073 qui
489 4009 770 4074 tyrannica
805 4018 967 4057 manu
1008 4004 1062 4058 in
1093 4014 1273 4059 tenera
1298 4014 1457 4059 atate
1486 4006 1752 4062 violenter
1772 4024 1914 4062 eunu

367 4091 458 4149 chi
486 4092 613 4149 facti
658 4103 804 4148 sunt.
846 4091 951 4149 Sed
984 4094 1031 4149 si
1071 4093 1126 4148 in
1163 4093 1253 4149 illa
1299 4109 1559 4165 c0rporea
1590 4099 1943 4162 castratione,

367 4195 490 4258 qua:
517 4195 712 4257 praeter
731 4201 917 4241 eorum
943 4186 1271 4243 voluntatem
1306 4188 1437 4258 ipsis
1466 4189 1714 4260 contigit,
1740 4189 1939 4245 volun-

372 4279 510 4334 taria
571 4279 866 4334 secundum
934 4278 1170 4333 animum
1231 4281 1559 4336 castratione
1624 4282 1945 4350 semetipsos

366 4370 747 4434 castraverint,
780 4371 852 4424 ita
895 4379 953 4424 ut
998 4370 1279 4425 sabbatum
1306 4371 1473 4444 674
1510 4382 1670 4442 agant
1695 4374 1762 4429 ab
1798 4375 1944 4429 oumi

368 4460 636 4531 nequitia,
687 4460 890 4531 eligant
932 4475 996 4516 ea
1037 4477 1156 4530 qua:
1189 4462 1303 4516 vult
1350 4463 1630 4530 Dominus,
1680 4475 1736 4519 et
1767 4465 1945 4520 adita:-

365 4563 523 4608 reant
555 4562 876 4609 testamento
913 4553 1287 4608 mandatorum
1317 4555 1461 4623 ejus,
1504 4557 1702 4612 virtute
1734 4573 1942 4628 nequa-

365 4660 528 4714 quam
565 4647 619 4701 in
645 4647 828 4701 animo
856 4646 1152 4713 infecundi,
1180 4646 1357 4701 locum
1394 4647 1667 4704 habebunt
1700 4652 1751 4704 in
1781 4650 1942 4705 domo

368 4738 580 4793 Domini
636 4739 911 4794 meliorem
969 4739 1094 4795 ﬁliis
1148 4751 1203 4795 et
1266 4740 1514 4808 ﬁliabus;
1580 4758 1679 4797 nec
1722 4742 1832 4812 jam
1886 4754 1944 4799 ut

366 4829 568 4898 lignum
602 4830 813 4884 aridum
850 4831 923 4886 ob
950 4832 1132 4887 carnis
1174 4831 1624 4889 infecunditatem
1669 4835 1944 4890 habebun-

365 4930 488 4987 tur;
523 4921 619 4977 sed
651 4930 709 4976 ut
731 4922 966 4977 virentes
990 4924 1208 4992 plantae,
1229 4924 1455 4995 justitite
1481 4926 1728 4995 plurimis
1756 4925 1943 4980 fructi-

366 5014 465 5068 bus
493 5012 731 5083 undique
759 5015 957 5067 ornati.
999 5013 1236 5068 Planlati
1268 5017 1429 5079 enim,
1464 5016 1660 5086 inquit,
1695 5017 1748 5069 in
1788 5019 1942 5071 domo

365 5106 580 5161 Domini
602 5104 934 5171 videbuntur,
976 5107 1032 5161 in
1056 5109 1208 5162 atriis
1238 5110 1425 5162 domus
1456 5107 1555 5163 Dei
1586 5111 1753 5163 nostri
1788 5111 1944 5178 [lore-

364 5200 490 5252 bunt
551 5198 617 5253 "'.
674 5197 789 5253 Non
841 5198 1023 5268 igitur,
1072 5198 1246 5253 dicam
1295 5199 1526 5265 iterum,
1583 5200 1941 5268 virginitatem

340 5290 539 5369 _instar
585 5289 721 5357 legis
774 5289 1127 5359 prazscripsit,
1173 5291 1268 5346 sed
1324 5292 1495 5347 libero
1546 5307 1665 5346 eam
1718 5294 1944 5347 arbitrio

436 5405 480 5435 "
506 5403 635 5459 an.
662 5422 716 5467 Χ,
743 5406 831 5460 18.
907 5406 949 5437 ³⁷
979 5404 1120 5460 Psai.
1146 5421 1253 5470 XCI,
1286 5405 1374 5459 12.

592 5495 677 5577 ’ἕῳ
709 5496 920 5577 τρόπῳ.
952 5496 1263 5577 Legendum
1288 5497 1501 5577 videtnr
1536 5496 1641 5577 τινὶ
1661 5496 1876 5577 τρόπῳ.

442 5567 554 5634 (57)
587 5566 931 5630 Οίκοῦντᾱς.
967 5567 1058 5619 Sic
1089 5567 1284 5625 Regius
1313 5566 1472 5630 2879,
1496 5578 1549 5617 et
1581 5566 1817 5620 Culbert.
1845 5569 1945 5623 Alii

371 5649 493 5687 eum
524 5637 758 5689 editione
776 5635 1302 5699 νθιιειιι,οίκοῦντες.
1330 5636 1942 5700 Ριιιιδίειιείε,οἱκοῦσιν.

446 5704 558 5775 (38)
593 5706 663 5760 El
684 5705 754 5758 ἐν
775 5705 875 5770 τῷ.
910 5705 1087 5759 Prima
1116 5708 1327 5765 vocula,
1362 5721 1480 5772 qua:
1508 5709 1655 5761 deest
1680 5706 1730 5759 in
1764 5709 1943 5771 editis,

371 5774 649 5837 desumpta
673 5785 751 5832 est
790 5791 854 5833 ex
904 5791 1011 5833 uno
1057 5776 1245 5833 codice
1273 5775 1461 5844 Regio.
1516 5778 1613 5837 Cttiz'
1644 5776 1784 5833 lavet
1830 5779 1944 5837 haec

2045 3200 2137 3237 τον
2183 3182 2346 3254 ἔχειν,
2378 3183 2454 3246 ὡς
2488 3182 2621 3253 μηδὲ
2661 3181 2849 3252 χρείαν
2898 3178 3044 3250 ἔχειν
3096 3177 3347 3247 διαδοχῆς
3380 3175 3504 3244 (ἀεὶ
3546 3172 3638 3225 αύ-

2042 3276 2171 3339 τοὺς
2215 3276 2274 3328 ἐν
2319 3275 2532 3337 ἑαυτοῖς
2579 3276 2637 3327 ἐν
2690 3270 2904 3341 ἀειζώῳ
2956 3270 3056 3342 βίῳ
3089 3268 3211 3322 ἀντὶ
3254 3266 3516 3335 διαδόχων
3565 3263 3635 3317 δι’

2044 3369 2242 3433 αίῶνος
2272 3367 2638 3441 ἀρκοῦντας),
2667 3366 2804 3420 ἀλλά
2828 3367 2923 3420 καί
2950 3366 3114 3419 τόπον
3137 3363 3282 3435 ἔχειν
3310 3363 3368 3415 ἐν
3396 3363 3510 3424 τοῖς
3539 3361 3635 3429 ἀγ-

2043 3462 2222 3530 γέλοις
2254 3460 2681 3533 ἐπισημότατον,
2713 3461 2809 3512 καὶ
2841 3458 3013 3528 ὄνομα
3044 3455 3134 3509 διὰ
3171 3455 3271 3525 τὴν
3305 3452 3402 3506 τοῦ
3433 3466 3635 3522 κατορ·

2045 3549 2298 3622 θώματος
2335 3550 2700 3621 περιφάνειαν
2739 3547 3145 3613 ἀνεξάλειπτον.
3193 3541 3631 3612 Ἀσφαλιζέσθω-

2046 3660 2146 3697 σαν
2173 3642 2230 3695 δέ
2269 3641 2343 3714 μὴ
2371 3642 2448 3706 ὡς
2478 3641 2536 3708 ἐξ
2570 3641 2875 3711 ἀνθρώπων
2909 3641 3005 3694 καὶ
3032 3639 3137 3710 γῆς
3160 3639 3241 3701 είς
3270 3635 3497 3707 οὐρανὸν
3536 3634 3632 3687 καὶ

2044 3734 2292 3803 ἀγγέλων
2321 3734 2479 3798 ἀξίαν
2500 3732 2794 3805 ἀνέϐησαν,
2821 3732 2993 3796 οὔτως
3015 3731 3124 3785 ἀπὸ
3149 3728 3394 3800 ἀγγέλων
3417 3727 3512 3780 καὶ
3538 3726 3633 3779 ού-

2047 3824 2213 3897 ρανοῦ
2245 3828 2327 3888 είς
2357 3826 2458 3897 τὴν
2490 3826 2593 3897 γῆν
2627 3824 2689 3878 τὸ
2729 3824 2985 3897 μέγιστον
3018 3821 3371 3877 καταπέσωσι
3405 3818 3627 3887 πτῶμα.

2045 3911 2198 3969 Εἶδον
2218 3917 2352 3988 γὰρ,
2372 3917 2527 3987 φησὶ,
2559 3917 2650 3970 τὸν
2673 3918 2731 3970 ἐν
2749 3916 3001 3987 οὐρανοῖς
3025 3930 3153 3967 ποτε
3176 3909 3631 3982 διαστράπτοντα,

2045 4008 2122 4071 ὡς
2149 4007 2437 4079 ἀστραπὴν
2464 4008 2701 4062 πεσόντα
2719 4010 2783 4061 ἐκ
2804 4006 2895 4062 τοῦ
2922 4003 3177 4077 ούρανοῦ.
3207 4005 3384 4076 Ὅπερ
3404 4000 3636 4055 ἀκούον-

2044 4115 2146 4163 τας
2171 4098 2568 4168 ἀσφαλίζεσθαι
2597 4100 2795 4164 αὐτοὺς
2828 4098 3098 4161 παντοίως
3123 4097 3411 4167 προσήκει.
3442 4091 3634 4147 Τοιού-

2046 4206 2154 4243 των
2180 4190 2279 4261 μέν
2307 4186 2400 4244 οὖν
2426 4190 2566 4256 ἄξιοι
2595 4190 2775 4262 γερῶν
2801 4188 3183 4261 εὑρεθήσονται
3206 4187 3264 4238 ἐν
3285 4188 3352 4256 τῇ
3384 4181 3633 4255 βασιλείᾳ

2047 4284 2096 4336 οἱ
2121 4282 2266 4337 κατὰ
2286 4282 2412 4338 νοῦν
2436 4283 2569 4337 θεῖοι
2595 4282 2861 4353 εὐνοῦχοι.
2888 4282 3003 4335 Οὐκ
3025 4278 3412 4343 ἀποτεύξονται
3436 4276 3493 4329 δὲ
3518 4275 3631 4329 τῶν

2047 4373 2253 4444 ὁμοίων
2285 4372 2411 4428 οὔτε
2453 4376 2503 4429 οἱ
2546 4377 2840 4447 τυραννικῇ
2891 4374 3037 4443 χειρὶ¹
3078 4373 3136 4424 ἐν
3176 4370 3398 4440 παιδικῇ
3442 4365 3631 4440 ἡλικία

2052 4465 2243 4536 βιαίως
2279 4466 2739 4538 εὐνουχισθέντες.
2789 4466 2927 4519 Ἀλλ’
2968 4466 3017 4517 εί
3048 4466 3106 4517 ἐν
3143 4463 3220 4533 τῷ
3249 4461 3358 4531 (38)
3390 4459 3628 4529 ἀκουσίῳ

2048 4557 2149 4629 τῆς
2176 4558 2316 4612 κατά
2342 4558 2502 4629 σῶμα
2532 4558 2818 4629 συμϐάσης
2845 4557 3030 4619 αὐτοῖς
3057 4552 3338 4624 εὑνουχίας
3362 4551 3454 4604 τὸν
3480 4548 3629 4603 έκού·

2053 4665 2169 4703 σιον
2222 4649 2368 4703 κατὰ
2425 4649 2550 4703 νοῦν
2604 4648 2960 4719 εὐνουχισμὸν
3020 4646 3244 4708 ἑαυτοὺς
3300 4642 3625 4712 εὐνουχίσω-

2052 4760 2137 4796 σιν
2170 4742 2306 4811 (59),
2336 4741 2411 4806 ὼς
2452 4739 2798 4804 σαϐϐατίζειν
2848 4741 2947 4811 μὲν
3003 4740 3138 4810 πρὸς
3183 4738 3363 4789 πᾶσαν
3404 4732 3622 4798 κακίαν,

2052 4834 2369 4903 ἐκλέγεσθαι
2400 4834 2456 4886 δὲ
2489 4832 2524 4887 ἀ
2556 4833 2697 4886 θέλει
2736 4835 2765 4886 ό
2793 4832 3020 4903 Κύριος,
3056 4832 3149 4883 καὶ
3182 4825 3500 4898 ἀντέχεσθαι
3528 4825 3625 4895 τῆς

2048 4926 2312 4998 διαθήκης
2339 4927 2447 4979 τῶν
2473 4924 2700 4980 ἐντολῶν
2731 4924 2918 4989 αὑτοῦ,
2941 4926 3041 4977 οὐκ
3074 4920 3183 4992 (40)
3214 4921 3396 4988 ἄγονοι
3429 4917 3625 4988 ἀρετῆς

2051 5019 2193 5072 κατά
2237 5018 2415 5090 ψυχὴν
2456 5017 2803 5089 εύρεθέντες,
2834 5016 3000 5070 τόπον
3041 5014 3251 5080 ἕξουσιν
3288 5014 3344 5064 ἐν
3379 5009 3456 5080 τῷ
3495 5010 3623 5080 οίκῳ

2050 5109 2143 5163 τοῦ
2188 5111 2391 5183 Κυρίου
2434 5111 2721 5182 κρείττονα
2753 5109 2885 5162 υίῶν
2924 5107 3019 5162 καὶ
3066 5104 3416 5176 θυγατέρωνο
3448 5101 3622 5154 οὐκέτι

2054 5203 2155 5273 μὲν
2190 5204 2265 5267 ὡς
2307 5203 2460 5269 ξύλον
2497 5203 2682 5275 ξηρὸν,
2714 5202 2803 5256 διά
2830 5202 2930 5274 τὴν
2964 5199 3108 5255 κατά
3140 5199 3320 5269 σάρκα
3348 5194 3618 5258 ἀπαιδίαν,

2049 5293 2347 5365 ὁρώμενοι,
2400 5295 2476 5359 ὡς
2513 5295 2571 5348 δὲ
2614 5293 2815 5366 εὐθαλῆ
2886 5292 3030 5365 φυτά
3098 5290 3314 5354 πολλοῖς
3350 5289 3465 5353 τοῖς
3523 5286 3621 5359 τῆς

2055 5495 2601 5566 aliortnn!scriptura,
2632 5496 2728 5550 ἐάν
2751 5495 2847 5568 τῷ.

2125 5568 2237 5638 (39)
2264 5559 2743 5638 Εὑνοὺχίσωσιν.
2800 5559 3053 5637 ’ριιῑηιιιιο
3085 5580 3217 5621 mss.
3264 5563 3498 5628 codices,
3533 5559 3618 5617 εὑ-

2052 5637 2405 5707 νουχίσουσιν.
2467 5637 2473 5638 ⁷

2127 5710 2238 5775 (iii)
2281 5709 2420 5761 Οὐκ.
2450 5706 2627 5760 Editio
2669 5705 2988 5760 Parisiensis
3020 5705 3321 5774 prmmitt’it,
3383 5702 3496 5768 καί,
3530 5702 3617 5759 sed

2055 5777 2166 5835 haec
2192 5777 2495 5835 cauiuuctio
2517 5777 2664 5835 deest
2692 5779 2743 5833 itt
2778 5776 2974 5834 Veneta
3000 5789 3054 5833 ct
3075 5792 3205 5831 mss.
