3802 6216
104 321 200 378 793
1285 324 1493 380 LIBER
1530 325 1619 380 DE
1661 324 2130 384 VIRGINITATE.

3221 337 3328 393 794

98 433 427 505 δικαιοσύνης
447 437 680 506 καρποῖς
699 437 1034 508 πανταχόθεν
1057 438 1444 509 κοσμούμενοι.
1465 441 1659 507 Πεφυ-

1783 441 2093 511 ἐΙὶηιιυοιιε,
2117 457 2223 510 quo
2239 442 2386 514 digni
2411 443 2521 498 sint
2545 446 2764 514 praemio
2789 447 2880 516 qui
2899 449 3151 502 naturam‘
3167 463 3330 520 supe-

101 531 353 597 τευμένοι
372 528 508 597 τὰρ,
531 530 712 600 φησὶν,
740 531 809 582 ὲν
828 529 908 595 τῷ
931 530 1077 598 οἴκῳ
1102 532 1323 600 Κυρίου
1353 528 1630 599 ὀφθήσον

1759 533 2023 596 raverint,
2066 535 2307 603 mystica!
2341 537 2686 590 castrationis
2735 538 2982 606 exemplo
3014 540 3327 595 declaravit.

101 639 199 682 tat,
218 621 284 673 ἐν
298 619 426 686 ταῖς
441 621 657 687 αὐλαῖς
680 622 786 676 τοῦ
814 623 971 676 Θεοῦ
984 622 1151 692 ἡμῶν
1170 622 1638 690 ἐξανθήσουσιν.
1672 623 1903 689 Οὐκοῦν,
1927 625 2088 680 πάλιν
2111 627 2240 698 ἐρῶ,
2260 627 2360 680 οὐκ
2384 629 2743 700 ἐνομοθέτησε
2766 630 3084 701 παρθενίαν,
3101 634 3235 687 ἀλλά
3263 637 3332 710 τῇ

103 714 299 785 ἐξουσίᾳ
321 714 502 782 ἀφεὶς,
527 714 668 778 τίνος
683 714 821 781 ἄξιοί
850 717 988 769 εἰσιν
1005 718 1058 769 oi‘
1080 716 1605 788 ὑπερακοντίσαντες
1625 717 1722 788 τὴν
1752 717 1934 786 φύσιν,
1977 718 2056 790 τῷ
2081 721 2268 790 τρόπῳ
2297 722 2396 791 τῆς
2431 723 2700 792 μυστικῆς
2727 723 3008 794 εὐνουχίας
3035 726 3331 794 ὑπέδειξεν.

163 807 243 860 6|.
282 809 342 859 Οἱ
385 805 443 858 δὲ
481 805 557 876 μὴ
597 807 887 876 νοήσαντες
923 807 1006 871 τὸ,
1046 807 1157 860 Καί
1186 809 1348 860 εἰσιν
1377 807 1658 876 εὐνοῦχοι

105 901 297 964 οἵτινες
339 897 596 963 ἑαυτοὺς
633 900 1004 968 εὐνούχισαν
1043 898 1141 952 διὰ
1182 899 1297 968 τὴν
1333 900 1660 964 βασιλείαν

105 991 206 1044 τῶν
229 991 517 1059 οὐρανῶν,
545 993 769 1056 ἑαυτοὺς
795 992 1012 1054 ἀτόπως
1036 993 1480 1064 ἠκρωτηρίασαν,
1512 990 1660 1062 αὐτῷ

107 1083 172 1153 τῷ
192 1083 326 1155 ἔργῳ
346 1083 646 1138 ἀκολασίαν
674 1083 881 1136 ἑαυτῶν
906 1084 1180 1154 μακρόθεν
1205 1085 1657 1158 κατηγοροῦντες.

109 1176 159 1227 0i
185 1176 281 1246 γὰρ
309 1176 367 1228 τὸ
395 1176 562 1229 ὅπλον
589 1176 685 1230 τοῦ
718 1178 984 1248 σαρκικοῦ
1015 1177 1218 1248 ἔρωτος
1255 1177 1344 1230 ἵνα
1382 1177 1456 1247 μὴ
1487 1176 1660 1248 παρὸν

110 1268 280 1338 ἐνεργῇ
321 1268 759 1341 ἀπορρίψαντες,
791 1269 940 1340 δῆλοί
973 1271 1134 1333 εἰσιν,
1189 1269 1270 1320 ὃτι
1307 1267 1524 1339 ὁρμῶσι
1561 1267 1661 1338 μὲν

111 1359 226 1426 πρὸς
257 1358 352 1428 τὴν
387 1359 559 1428 μίξιν,
592 1359 992 1428 ἀφοπλίσαντες
1026 1360 1084 1412 δὲ
1115 1360 1362 1423 ἑαυτοὺς,
1390 1360 1454 1411 οὐ
1478 1358 1554 1429 τῷ
1583 1359 1660 1430 μὴ

113 1447 387 1518 βούλεσθαι,
419 1449 560 1502 ἀλλά
591 1449 668 1520 τῷ
711 1447 786 1520 μὴ
824 1449 1084 1503 δύνασθαι
1116 1451 1179 1521 δὴ
1215 1449 1664 1520 παρθενεύουσιν.

123 1538 171 1592 ’0
194 1538 247 1590 δὲ
286 1537 427 1602 θεῖος
463 1540 631 1610 νόμος
665 1541 726 1592 οὺ
757 1541 854 1609 τὴν
895 1541 1116 1611 πρᾶξιν,
1164 1539 1298 1593 ἀλλά
1323 1539 1420 1610 τὴν
1455 1538 1666 1592 ἔννοιαν

111 1629 295 1699 κρίνει·
333 1633 414 1684 ὅτι
456 1635 598 1696 πᾶς,
627 1633 729 1702 οὐχ
770 1633 799 1684 6
844 1631 1138 1703 μοιχεῦσας
1169 1631 1248 1701 τῷ
1293 1630 1459 1702 ἔργῳ.
1490 1629 1606 1682 ἀλλ’
1635 1631 1663 1682 6

115 1720 222 1774 ίδὼν
268 1723 398 1796 πρὸς
442 1723 506 1777 τὸ
550 1723 922 1794 ἐπιθυμῆσαι,
969 1724 1070 1794 ἤδη
1119 1723 1456 1795 ἐμοίχευσεν.
1503 1723 1566 1774 Ἡ
1607 1721 1664 1774 δέ

113 1813 336 1884 ἀποκοπὴ
380 1813 486 1866 τῶν
535 1814 741 1886 μορίων
778 1814 1001 1868 πλείονα
1047 1815 1146 1885 τῆς
1180 1815 1238 1866 ὲν
1275 1812 1352 1884 τῷ
1400 1809 1664 1882 ὀφθαλμῷ

114 1903 377 1973 ἐπιθυμίας
411 1905 512 1975 τὴν
549 1905 794 1976 μοιχείαν
823 1904 918 1958 τοῦ
949 1904 1390 1975 ἀποτεμνομένου
1423 1919 1662 1974 κατηγο-

117 1998 201 2065 ρεῖ.
227 1997 339 2050 Ὅτι
371 1999 618 2051 ἀπιστῶν
650 1997 848 2070 ἐαυτῷ,
896 1999 946 2050 εἰ
993 1997 1092 2067 τῆς
1124 1996 1422 2059 ἀκολασίας
1453 1999 1663 2068 κρατή-

1835 811 1924 864 6l.
1962 811 2061 876 Qui
2103 821 2280 864 autem
2331 826 2438 865 non
2475 813 2856 866 intellexerunt
2901 815 3026 868 illud
3057 835 3070 869 :
3103 815 3168 867 Et
3212 829 3334 872 sunt

1766 900 1990 952 eunuchi
2025 901 2115 968 qui
2150 901 2346 970 seipse:
2368 912 2726 956 castraverunt
2760 915 2969 972 propter
2994 924 3204 976 regnum
3231 926 3336 963 cor-

1766 989 1932 1041 Iornm
1963 989 2029 1054 ³⁸,
2068 990 2385 1058 semetipsos
2411 991 2641 1045 absurde
2669 993 3071 1062 mutilaverunt,
3097 997 3199 1050 hoc
3221 998 3336 1065 ipso

1767 1077 2008 1132 facinore
2058 1079 2332 1134 lasciviam
2367 1095 2518 1133 suam
2554 1082 2767 1138 eminus
2811 1083 3142 1140 incusantes.
3200 1086 3335 1141 Nam

1771 1170 1864 1231 qui
1897 1170 2315 1225 instrumentum
2349 1173 2552 1226 amoris
2574 1173 2808 1228 carnalis
2839 1174 3148 1244 projiciunt,
3177 1193 3266 1242 ne,
3289 1178 3336 1233 si

1769 1262 1930 1327 adsit,
1953 1273 2227 1328 operetur,
2262 1277 2358 1317 eos
2386 1263 2730 1318 manifestum
2756 1275 2841 1320 est
2873 1267 3168 1336 cupiditate
3201 1271 3326 1338 qui-

1769 1353 1891 1407 dem
1951 1357 2018 1408 ad
2079 1355 2429 1409 concubitum
2488 1354 2636 1421 ferri,
2693 1357 2954 1412 detractis
3002 1368 3182 1414 autem
3234 1360 3338 1416 sibi

1768 1444 1957 1510 armis,
2018 1461 2125 1500 non
2175 1446 2319 1514 quod
2351 1445 2559 1511 nolint,
2623 1448 2716 1502 sed
2769 1450 2911 1519 quod
2962 1465 3066 1503 non
3106 1451 3337 1519 possint,

1770 1535 2133 1603 virginitatem
2185 1534 2383 1590 colere.
2436 1536 2624 1590 Divina
2677 1549 2855 1592 autem
2897 1539 2982 1594 lex
3018 1555 3123 1594 non
3164 1542 3336 1595 actio-

1771 1643 1917 1690 nem,
1971 1627 2064 1682 sed
2109 1627 2489 1698 cogitationem
2518 1630 2758 1700 judicat;
2790 1631 2913 1701 quia
2955 1634 3200 1701 quisquis
3235 1648 3340 1688 non

1770 1717 1916 1772 laclo
1965 1720 2269 1774 moechatus
2310 1730 2414 1785 est,
2449 1721 2542 1776 sed
2574 1721 2793 1778 viditad
2833 1725 3340 1793 concupiscendum,

1764 1808 1876 1877 jam
1915 1813 2218 1866 ritmcl-atus
2242 1821 2324 1866 est
2357 1812 2423 1865 ”.
2453 1812 3010 1872 Membrorumautem
3031 1816 3343 1886 genitalium

1773 1903 2044 1967 cxsectio,
2073 1905 2341 1972 gravioris
2376 1906 2646 1972 adulterii,
2675 1923 2835 1976 quam
2867 1909 3008 1978 quod
3038 1925 3134 1978 per
3154 1909 3344 1964 oculu-

1772 2008 1891 2045 rum
1923 1994 2416 2062 concupiscentiam
2459 1997 2786 2061 admittitur,
2830 2011 3108 2054 exsectum
3144 2002 3342 2067 arguit.

118 2102 218 2149 σει,
256 2086 492 2158 ἀπέτεμε
527 2086 690 2142 τοῦτο
728 2082 773 2156 ᾧ
826 2087 935 2159 τὴν
973 2089 1072 2158 τῆς
1121 2088 1419 2158 ἐπιθυμίας
1474 2087 1670 2159 πρᾶξιν

1783 2083 1910 2138 Nam
1937 2085 2148 2154 sibiipsi
2177 2086 2443 2152 diﬂidens,
2473 2103 2540 2142 an
2579 2090 2748 2159 possit
2781 2091 3054 2145 lasciviam
3103 2092 3343 2160 vincere,

117 2177 399 2247 ἐργάσεται.
429 2179 651 2233 Μᾶλλον
669 2181 727 2233 δὲ
747 2178 1134 2250 πεπεισμένος,
1159 2179 1252 2232 ὅτι.
1270 2179 1535 2250 παρόντος
1558 2180 1674 2251 (41)

119 2269 341 2339 ἀκρατῶς
369 2272 687 2342 ἐνεργήσει,
707 2270 993 2340 ἀφώπλισε
1026 2271 1126 2341 μὲν
1153 2273 1220 2341 τῇ
1251 2274 1388 2342 τομῇ
1421 2272 1517 2341 τῆς
1544 2271 1673 2324 ἁκο-

120 2358 283 2423 λασίας
311 2362 370 2414 τὸ
412 2362 678 2433 ὄργανον,
728 2363 814 2416 ἵνα
851 2363 926 2435 μὴ
972 2363 1104 2433 δοκῇ
1138 2362 1550 2417 ἀκολασταίνειν
1585 2363 1672 2416 διὰ

121 2451 194 2502 τοῦ
230 2451 504 2523 σώματος,
555 2455 942 2508 ἀκολασταίνει
971 2455 1029 2508 δὲ
1071 2456 1223 2524 ὅμως
1272 2458 1338 2526 τῇ
1385 2455 1671 2527 ἐπιθυμίᾳ,

121 2545 198 2596 καὶ
223 2545 468 2615 ἀκρατῶς
491 2549 678 2601 πᾶσαν
704 2547 968 2618 μοιχεύει.
1009 2549 1118 2620 Βοᾷ
1146 2549 1256 2620 γὰρ
1295 2549 1389 2601 καὶ
1408 2549 1550 2602 κατά
1575 2549 1674 2620 τῆς

121 2633 354 2705 ἀκρασίας
398 2638 571 2692 αὑτοῦ
619 2639 905 2712 πόρρωθεν
945 2639 1006 2693 τδ
1031 2641 1370 2712 ἐγχείρημα.
1408 2640 1499 2692 Διδ
1537 2639 1676 2711 μετὰ

121 2724 204 2793 τὴν
225 2727 384 2798 τομὴν
403 2729 872 2800 ἀκολαστοτέρους
900 2728 982 2784 ἀν.
998 2746 1083 2792 τις
1111 2730 1255 2782 είποι
1284 2728 1536 2798 γίνεσθαι
1560 2727 1676 2780 τού-

121 2830 241 2880 τους.
271 2820 342 2872 υὺ
364 2821 658 2892 δυνάμενοι
686 2820 792 2893 γὰρ
822 2823 1046 2892 κρατεῖν
1081 2820 1308 2882 ἑαυτῶν,
1338 2817 1456 2874 εἶτα
1483 2820 1677 2890 φοϐού-

125 2921 253 2974 μενοι
299 2911 622 2981 φωραθῆναι
663 2911 762 2964 ἐπὶ
788 2911 866 2982 τῷ
908 2911 1075 2984 ἔργῳ,
1113 2913 1200 2966 ἵνα
1241 2912 1336 2984 ἐξῇ
1378 2913 1564 2976 αὐτοῖς
1600 2912 1676 2977 ὡς

127 2996 373 3065 βούλονται
396 3005 464 3073 τῇ
511 3001 782 3074 ἐπιθυμίᾳ
811 3002 1136 3074 κεχρῆσθαι,
1165 3003 1345 3057 δοῦλοι
1383 3004 1537 3067 ὄντες
1576 3003 1678 3074 τῆς

123 3089 309 3160 ἡδονῆς,
359 3095 420 3147 οὐ
465 3093 716 3158 θέλοντες
760 3095 818 3148 δὲ
864 3094 1094 3166 κώλυμα
1140 3095 1238 3166 τῆς
1281 3097 1360 3158 εἰς
1406 3094 1536 3164 ἑξῆς
1584 3095 1678 3148 καὶ

125 3183 198 3236 ἀεὶ.
224 3187 566 3253 ἀπολαύσεως
601 3190 786 3253 αὐτοῖς
808 3189 869 3242 τὸ
893 3189 1241 3260 ἀποτέλεσμα
1266 3187 1360 3241 τοῦ
1389 3187 1551 3259 ἔργου
1587 3203 1680 3256 γε-

127 3275 304 3341 νέσθαι,
325 3279 704 3350 ἀποκόψαντες
724 3281 816 3333 τὸν
839 3280 1057 3351 ἔλεγχον
1080 3281 1181 3350 τῆς
1202 3283 1286 3333 ὲνε
1296 3279 1506 3350 ργείας,
1529 3279 1680 3331 ὲλευο

129 3363 441 3436 θεριάζουσιν
467 3369 728 3441 ἀκρατῶς
761 3370 900 3442 πρὸς
931 3369 1030 3434 τὰς
1059 3369 1256 3439 μίξεις.
1287 3369 1350 3420 Εἰ
1378 3368 1436 3421 δὲ
1463 3369 1492 3420 ὁ
1529 3367 1682 3437 ξίφος

1773 2178 1824 2231 id
1849 2179 2101 2244 abscidit,
2127 2195 2234 2249 quo
2263 2181 2612 2250 cupiditatem
2647 2183 2712 2236 ad
2743 2194 2922 2237 actum
2949 2191 3093 2238 esset
3115 2184 3344 2252 perduc-

1775 2277 1948 2325 turus.
2002 2269 2092 2326 Vel
2147 2273 2324 2342 potius
2384 2288 2505 2327 cum
2555 2289 2874 2344 persuasum
2919 2277 3143 2331 haberet
3180 2293 3238 2332 se
3278 2292 3346 2332 eo

1775 2371 2043 2431 praesente
2077 2363 2350 2434 impudice
2380 2365 2586 2436 aliquid
2618 2367 2909 2430 facturum,
2943 2367 3162 2422 sustulit
3187 2382 3345 2423 exse-

1775 2453 1953 2507 ctione
1977 2453 2396 2510 instrumentum
2430 2456 2688 2523 lascivite,
2719 2473 2786 2512 ne
2809 2458 3084 2513 videretur
3109 2473 3205 2527 per
3233 2474 3350 2513 cor-

1776 2559 1875 2612 pus
1909 2543 2192 2611 lascivire,
2240 2548 2333 2603 scd
2373 2556 2552 2603 tamen
2601 2549 2904 2603 luxuriatur
2953 2550 3246 2618 cupiditate
3283 2565 3350 2605 ac

1777 2633 2102 2702 impotenter
2155 2653 2276 2692 cum
2324 2639 2565 2708 qualibet
2612 2639 2938 2694 ntmchatur.
2984 2639 3123 2694 Nam
3175 2640 3352 2710 ipsum

1779 2725 1986 2782 laci-nus
2027 2728 2241 2784 eminus
2275 2729 2474 2784 clamat
2519 2731 2788 2785 adversus
2824 2730 2942 2800 ejus
2983 2732 3353 2800 intemperan-

1779 2818 1928 2874 tiam.
1989 2819 2169 2885 Quare
2201 2829 2320 2889 post
2369 2822 2762 2876 abscissionem
2791 2863 2806 2888 ,
2871 2823 3352 2878 incontinentiores

1778 2910 1898 2964 illos
1929 2911 2122 2964 merito
2155 2912 2278 2981 quis
2307 2913 2526 2966 dixerit.
2554 2911 2687 2966 Nam
2708 2930 2827 2967 cum
2859 2929 2918 2969 se
2939 2915 3217 2968 continere
3245 2930 3349 2967 nun

1777 3001 2006 3069 possint,
2060 3017 2124 3056 ac
2166 3012 2426 3070 prmterea
2476 3013 2721 3058 metuant
2771 3019 2838 3059 ne
2881 3005 3353 3070 deprehendantur

1781 3093 1832 3146 in
1882 3091 2104 3164 ﬂagitio,
2143 3103 2200 3148 ut
2249 3095 2522 3149 licentiam
2558 3096 2796 3150 habeant
2839 3097 3060 3150 libidine
3102 3097 3169 3149 ad
3208 3096 3354 3149 arbi-

1783 3185 1943 3238 trium
1975 3185 2195 3252 utendi;
2229 3187 2373 3240 servi
2403 3187 2621 3256 quidem
2649 3187 2958 3254 voluptatis,
2986 3189 3079 3241 sed
3112 3187 3356 3241 nolentes

1781 3275 2171 3345 perfectionem
2199 3279 2382 3348 operis
2408 3281 2849 3349 impedimentum
2878 3279 2980 3332 sibi
3017 3293 3137 3332 esse
3162 3277 3356 3332 futura:

1783 3367 2037 3438 deinceps
2080 3383 2145 3423 ac
2193 3381 2468 3439 perpetuae
2501 3371 2814 3440 voluptatis,
2851 3370 3092 3425 abscisso
3127 3369 3358 3423 actionis

129 3457 406 3528 ἐπενεγκὼν
448 3460 918 3531 τεθωρακισμένῳ
964 3461 1094 3524 τινὶ,
1134 3459 1240 3513 κᾶν
1281 3461 1310 3512 6
1345 3459 1529 3531 θώραξ
1571 3476 1674 3512 κω·

1784 3466 2125 3526 argumento,
2157 3457 2387 3514 licenter
2421 3460 2702 3515 insaniunt
2727 3461 2793 3512 ad
2824 3460 3162 3513 concubitus.
3199 3457 3355 3523 Quod

129 3546 244 3621 λύσῃ
265 3553 357 3620 τήν
382 3569 440 3606 τε
470 3552 692 3623 πληγὴν
725 3553 822 3605 καὶ
849 3551 942 3604 τὸν
981 3552 1141 3620 φόνον
1177 3549 1451 3618 γενέσθαι,
1476 3551 1554 3614 ὼς
1583 3568 1680 3620 φο-

130 3641 234 3704 νεὺς
267 3645 407 3714 ὅμως
455 3645 556 3716 τὴν
597 3644 755 3714 δίκην
795 3644 1120 3712 ὑφίσταταιο
1165 3644 1260 3697 καὶ
1309 3645 1338 3696 6
1385 3643 1580 3713 γυμνῷ
1624 3643 1682 3696 δὲ

132 3731 414 3802 ἐπενεγκεῖν
443 3737 616 3790 θέλων
647 3735 708 3788 τὸ
755 3734 930 3804 ξίφος,
975 3731 1094 3788 εἶτα
1134 3735 1223 3789 διὰ
1250 3734 1572 3806 περίστασιν
1619 3735 1682 3788 τὸ

133 3821 260 3892 ξίφος
285 3827 380 3897 τῆς
428 3827 611 3900 χειρὸς
641 3825 910 3893 ἐκϐαλὼν,
953 3827 1032 3891 ὼς
1074 3828 1266 3894 φονεὺς
1308 3826 1452 3880 κατὰ
1499 3826 1557 3878 τὸ
1604 3825 1684 3879 δί-

134 3932 264 3970 καιον
298 3920 538 3990 κρίνεται
558 3960 575 3985 ,
608 3920 691 3973 ὅτι
718 3919 779 3972 οὐ
814 3919 875 3973 τὸ
913 3918 1073 3992 ἔργον
1105 3917 1242 3972 ἀλλά
1279 3918 1380 3988 τὴν
1429 3917 1682 3989 βούλησιν

135 4009 283 4076 κρίνει
307 4012 334 4063 6
356 4011 516 4082 νόμος
535 4028 550 4042 ο
583 4011 678 4064 καὶ
704 4013 734 4064 6
763 4010 1110 4080 ὡπλισμένος
1140 4009 1248 4081 ἄρα
1273 4008 1352 4080 τῷ
1381 4009 1682 4079 παιδογόνῳ

137 4100 303 4169 μορίῳ,
325 4103 424 4156 κᾶν
453 4103 529 4174 μὴ
558 4101 758 4173 δυνηθῇ
787 4101 898 4172 (42)
921 4102 1254 4173 ἐγχειρήσας
1277 4101 1377 4172 τὴν
1401 4103 1471 4172 τῇ
1500 4100 1682 4154 πίστει

135 4187 584 4265 τεθωρακισμένην
628 4192 706 4256 ὡς
751 4191 998 4262 βούλεται
1047 4191 1287 4263 φθεῖραι,
1331 4190 1407 4254 ὡς
1455 4190 1684 4260 φθείρας

138 4276 377 4346 κολάσεως
423 4282 606 4348 ἄξιος·
645 4282 835 4353 ῶσπερ
883 4277 976 4336 οὖν
1029 4281 1123 4336 καὶ
1167 4281 1197 4332 6
1241 4279 1456 4352 γυμνὴν
1506 4279 1683 4351 εὑρὼν

140 4369 254 4440 πρὸς
278 4373 494 4446 φθορὰν,
521 4371 643 4428 εἶτα
666 4375 914 4446 ὁρμήσας
943 4375 1042 4445 μὲν
1067 4378 1204 4446 πρὸς
1229 4373 1291 4426 τὸ
1313 4373 1493 4442 ἔργον,
1521 4373 1685 4426 ἐκϐα-

139 4458 227 4514 λὼν
247 4463 298 4517 δὲ
323 4469 388 4538 τῇ
417 4469 557 4538 τομῇ
582 4466 642 4519 τὺ
668 4466 852 4530 ὅπλον,
884 4467 982 4545 καὶ.Δ
1012 4464 1087 4536 μὴ
1113 4463 1412 4535 γενομένης
1445 4463 1557 4534 (45)
1585 4464 1685 4534 τῆς

1788 3546 1834 3601 si
1903 3547 1993 3614 qui
2051 3547 2228 3617 gladio
2284 3551 2415 3619 petit
2475 3550 2710 3618 aliquem
2791 3550 3008 3604 thorace
3054 3549 3354 3613 munitum,

1787 3638 1999 3693 etiamsi
2044 3640 2234 3694 thorax
2275 3641 2534 3712 impediat
2567 3643 2729 3695 ictum
2765 3657 2828 3695 ac
2859 3641 3083 3706 caedem,
3127 3639 3357 3694 homici-

1787 3727 1870 3780 dae
1903 3735 2085 3781 tamen
2130 3731 2335 3784 crimen
2383 3731 2617 3786 sustinet
2651 3751 2664 3787 :
2696 3740 2752 3785 et
2804 3731 2893 3799 qui
2933 3731 3077 3784 nudo
3121 3729 3358 3799 gladiqu

1789 3819 1906 3873 vult
1934 3819 2178 3890 inligere,
2209 3819 2408 3876 deinde
2437 3837 2567 3877 casu
2600 3823 2834 3890 gladium
2870 3837 2901 3877 e
2927 3837 3088 3875 manu
3123 3821 3320 3876 excutit
3340 3859 3358 3886 ,

1789 3919 1846 3961 ut
1875 3909 2142 3964 homicida
2190 3911 2382 3965 merito
2407 3909 2704 3978 iudicatur,
2747 3913 2870 3982 quia
2912 3927 3016 3965 non
3056 3925 3213 3980 opus,
3253 3910 3351 3965 sed

1789 3997 2115 4052 voluntatem
2141 3999 2225 4054 lex
2239 4000 2445 4069 judicat
2466 4021 2480 4056 :
2500 4002 2578 4056 sic
2596 4002 2758 4056 etiam
2784 4001 3044 4071 profecto,
3066 4003 3155 4070 qui
3181 4017 3364 4054 arma-

1791 4099 1876 4143 tus
1923 4089 2142 4160 genitali
2189 4093 2467 4156 membro,
2498 4093 2712 4147 etiamsi
2761 4093 2982 4148 adortus
3022 4095 3142 4148 lidei
3195 4092 3364 4148 lorica

1790 4191 2079 4248 armatam,
2102 4198 2453 4252 corrumpere
2473 4184 2615 4237 illam
2641 4186 2705 4237 ad
2735 4186 3022 4240 arbitrium
3045 4200 3148 4238 non
3171 4184 3366 4254 possit,

1791 4282 1848 4324 ut
1876 4281 2164 4342 corruptor
2195 4274 2389 4328 merito
2419 4275 2670 4342 punitur;
2705 4284 2758 4328 et
2802 4274 2892 4345 qui
2925 4275 3120 4330 nudam
3153 4273 3219 4328 ad
3251 4282 3365 4327 stu-

1789 4378 1943 4431 prum
1991 4364 2226 4426 invenit,
2280 4381 2344 4420 ac
2388 4364 2580 4421 deinde
2625 4366 2688 4420 ad
2742 4381 2868 4436 )pus
2909 4365 3238 4435 aggreditur,
3268 4364 3367 4419 sed

1790 4471 1938 4509 arma
1978 4456 2282 4512 abcissione
2321 4457 2535 4526 abiecit,
2580 4459 2742 4513 etiam
2774 4470 2960 4528 stupro
2989 4473 3092 4512 non
3122 4467 3365 4526 peracto,

141 4548 337 4620 φθορᾶς,
363 4555 436 4619 ὡς
465 4556 567 4626 τὴν
596 4554 804 4626 φθοράν
837 4555 1213 4627 ἐργασάμενος
1239 4552 1380 4605 κατὰ
1400 4551 1462 4604 τὸ
1481 4551 1674 4604 δίκαιον

1789 4548 1958 4615 stupri
1980 4557 2170 4602 auctor
2199 4549 2391 4603 merito
2408 4548 2701 4617 iudicatur.
2725 4550 2990 4604 Caeterum
3017 4548 3130 4616 ipsa
3154 4562 3372 4616 quoque

141 4641 374 4710 κρίνεται.
412 4647 496 4699 Ἐν
524 4640 570 4714 ᾧ
593 4646 780 4700 λοιπὸν
807 4644 1034 4715 κάκείνη
1066 4643 1240 4714 τούτῳ
1266 4643 1359 4696 ἐπὶ
1385 4645 1452 4712 τῇ
1484 4642 1674 4695 ἀκολα-

1789 4637 1891 4692 hac
1937 4638 1990 4694 in
2046 4654 2106 4693 re
2159 4640 2364 4695 crimen
2420 4640 2764 4710 impudicitiae
2807 4657 2928 4696 cum
2981 4639 3070 4694 illo
3110 4639 3365 4694 sustinet.

145 4730 219 4802 σίᾳ
244 4735 337 4789 οὑκ
369 4737 578 4807 ἀλόγως
608 4735 1166 4808 συγκατηγορουμένη
1195 4735 1530 4806 εὑρίσκεται.
1559 4732 1674 4796 Πῶς

1791 4727 2068 4793 Quomodo
2095 4733 2236 4784 enim
2276 4733 2326 4786 ei
2359 4733 2643 4788 credemus
2681 4731 2844 4802 6'75
2894 4731 3160 4800 repulsam
3201 4729 3267 4783 ab
3303 4745 3368 4784 ea

142 4801 232 4893 γὰρ
258 4801 605 4900 πιστεύσόμεν
629 4801 792 4900 αθτῇ,
929 4801 1186 4880 ἀπῶσατο
1215 4801 1281 4878 ἂν
1308 4823 1410 4894 τὴν
1434 4823 1536 4893 τῆς
1565 4822 1674 4892 φθο

1792 4816 1958 4871 l'nisse
1985 4820 2155 4887 stupri
2205 4819 2432 4888 plagam,
2465 4836 2625 4889 quam
2669 4801 2829 4874 infert
2884 4819 3206 4889 impudicus,
3245 4833 3368 4872 cum

148 4915 228 4979 ρίς
257 4918 394 4989 παρά
434 4919 527 4974 τοῦ
558 4920 860 4974 ἀκολάστου
894 4918 1298 4991 ἐπιφερομένην
1327 4916 1542 4987 πληγὴν
1561 4957 1576 4981 ,
1610 4915 1674 4986 μὶ

1794 4927 1944 4966 arma
1995 4929 2098 4966 non
2133 4914 2352 4968 adsint?
2391 4913 2489 4969 Ubi
2533 4914 2676 4967 enim
2723 4913 2984 4966 adversus
3017 4928 3171 4978 eum,
3206 4911 3296 4979 qui
3337 4924 3369 4964 a

147 5005 384 5075 παρόντος
427 5012 519 5064 τοῦ
566 5011 774 5076 ὃπλου;
821 5009 992 5064 Ἔνθα
1037 5009 1134 5080 μὲν
1175 5008 1284 5078 γὰρ
1318 5005 1455 5079 πρὸς
1486 5007 1578 5059 τὸν
1623 5007 1689 5058 ἐκ

148 5091 333 5161 φύσεως
366 5100 705 5173 ὡπλισμένον
757 5102 898 5173 ὑπὲρ
941 5100 1043 5170 τῆς
1091 5098 1357 5170 ἀφθορίας
1410 5096 1688 5168 καρτερῶς

148 5181 516 5259 ampliﬁcat;
543 5195 776 5266 φανερὸν
829 5194 893 5247 τὸ
943 5189 1105 5246 ἆθλον
1156 5192 1256 5262 τῆς
1311 5189 1684 5260 σωφροσύνης.

154 5270 299 5330 Ἔνθα
330 5280 383 5333 δὲ
432 5283 542 5353 (44)
579 5284 778 5347 ἄοπλος
821 5283 919 5354 μὲν
957 5283 986 5334 6
1031 5280 1191 5352 ἀνὴρ,
1227 5278 1517 5348 ἀδιάφορος
1552 5277 1610 5328 δὲ
1655 5276 1689 5347 ἡ

243 5369 282 5400 ³⁸
309 5373 484 5432 Matth.
518 5394 628 5438 nx.
673 5380 762 5432 l2.
839 5378 884 5410 ³⁸
914 5375 1105 5430 Matth.
1136 5391 1189 5441 v,
1221 5374 1312 5428 28.

214 5456 312 5538 (ἕῖ)
337 5468 650 5538 Πυρόντος.
685 5470 810 5523 llaec
856 5479 1091 5534 quatuor
1145 5467 1388 5523 codicum
1423 5465 1691 5534 scriptura

156 5536 308 5607 potior
338 5536 537 5607 videtur
565 5541 800 5607 vulgata,
830 5540 1068 5600 πάντως.

188 5595 586 5678 -(⁴⁴⁵-))Δυνηθῇ.
625 5595 716 5665 sic
770 5595 1042 5679 plerique'
1073 5609 1305 5663 codices.
1342 5605 1502 5670 eam,
1537 5603 1690 5671 δυνη.

159 5660 288 5714 eam

207 5687 242 5712 'v
280 5689 314 5722 ι.

207 5687 319 5809 ’(ῗῖη
341 5744 430 5813 Μὴ
458 5747 801 5817 γενομένης.
832 5748 922 5805 Sic
957 5747 1133 5817 plures
1164 5764 1291 5804 mss.
1322 5743 1512 5801 melius
1534 5759 1693 5815 quam

1795 5015 1986 5058 natura
2041 5015 2282 5060 armatus
2327 5015 2433 5071 est,
2467 5003 2677 5059 fortiter
2725 5017 2821 5073 pro
2859 5002 3167 5072 integritate
3214 5001 3369 5054 dimi-

1795 5108 1969 5160 catur,
2015 5095 2358 5151 manifestum
2399 5106 2484 5152 est
2511 5096 2779 5152 castitatis
2819 5103 3115 5149 certamen.
3154 5091 3248 5148 Ubi
3277 5108 3374 5145 an-

1795 5197 1899 5242 tem
1927 5189 2148 5243 inermis
2177 5189 2259 5242 vir
2296 5197 2400 5254 est,
2425 5203 2488 5243 ac
2516 5186 2823 5242 indifferens
2851 5201 2971 5240 cum
3013 5201 3078 5240 eo
3101 5183 3354 5238 omnibus

1795 5277 1880 5331 vel
1907 5277 2086 5346 potius
2103 5292 2173 5332 ex
2198 5292 2383 5333 amore
2404 5275 2694 5348 voluptatis
2719 5275 2987 5346 proﬂuens
3004 5271 3332 5329 consuetudo
3353 5287 3372 5338 ;

1803 5464 1957 5530 editi,
1987 5459 2464 5534 ytvop.évng._‘_Non
2495 5460 2662 5534 multo
2704 5466 2819 5528 post
2847 5455 2996 5523 editi,
3039 5470 3379 5526 κατηγορου-

1809 5531 2189 5610 μέξιῃῖγιξιιιιλθξ
2212 5531 2524 5610 _Ctitlice_s_ut
2555 5531 2606 5610 in
2646 5540 2810 5610 ιεξιμ-
3021 5607 3031 5610 _
3102 5594 3154 5610 ,ο
3191 5595 3201 5608 .

1901 5594 2106 5683 ιιίμιέ.
2137 5601 2258 5655 Sola
2303 5600 2617 5657 Parisiensis
2648 5600 2834 5666 editio,
2881 5613 2947 5667 γε
2982 5607 3038 5654 et
3091 5594 3380 5667 ἀδιάφορος

1807 5690 1939 5746 προς
1973 5690 2176 5726 τουτον.
