3802 6216
377 231 479 287 795

1343 234 1697 292 APPENDIX
1731 235 2018 292 OPERUM
2061 235 2120 291 S.
2160 234 2408 292 BASILII
2444 236 2681 295 IIAGNI.

3542 236 3665 294 796

368 347 572 402 incerta
609 355 664 401 et
690 348 849 403 dubia
885 349 1030 407 illius
1062 352 1309 416 castitas,
1340 367 1405 406 ac
1436 352 1664 421 plurima
1694 354 1952 407 adversus

2113 354 2192 416 ab;
2222 354 2409 407 τοῦτον
2429 394 2445 418 ,
2484 353 2685 426 μᾶλλον
2724 353 2781 408 δὲ
2829 355 2893 408 ἐκ
2937 354 3037 424 τῆς
3078 353 3458 426 προσπαθείας
3515 355 3660 423 πρὸς

366 453 485 492 eam
509 438 761 509 suffragia
790 440 859 494 ab
888 440 1138 497 omnibus
1164 441 1497 513 impudicitia
1532 442 1751 509 accipit.
1780 444 1955 512 Atque

371 530 485 582 haec
536 530 753 596 quidem
796 530 862 583 de
911 531 978 582 iis
1028 531 1118 599 qui
1160 531 1367 601 integra
1420 548 1523 585 una
1564 548 1684 587 cum
1730 534 1957 587 testibus

366 619 620 686 genitalia
665 633 1038 678 resecuerunt.
1063 622 1180 678 Jain
1217 625 1307 692 qui
1356 624 1499 678 solos
1541 634 1703 678 testes
1736 625 1953 678 abscin-

369 716 544 777 dunt,
601 729 723 767 cum
778 729 963 767 eorum
1024 715 1278 785 genitalia
1341 716 1578 769 membra
1638 715 1706 769 ad
1757 725 1953 770 statum

369 800 576 854 virilem
615 811 671 855 et
711 801 776 855 ad
826 806 1054 857 coeundi
1098 804 1405 858 facultatem
1455 819 1770 872 pervenere,
1814 807 1958 873 ipsos

366 893 518 947 aiunt
561 894 739 947 acrius
774 910 835 949 ac
873 896 1219 962 impotentius
1255 899 1320 950 ad
1364 897 1712 950 concubitum
1759 898 1956 951 conci-

369 984 508 1049 tari,
549 1000 649 1039 nec
684 985 803 1038 illos
841 987 1103 1041 concitari
1148 988 1325 1051 modo,
1379 1002 1565 1041 verum
1609 987 1772 1043 etiam
1821 989 1957 1042 citra

368 1076 707 1145 periculum,
753 1078 830 1132 nti
885 1079 1015 1148 ipsis
1069 1079 1321 1143 videtur,
1372 1080 1560 1133 obvias
1607 1094 1959 1150 quascunque

366 1183 735 1237 corrumpere.
776 1168 970 1226 Dicunt
1008 1172 1151 1225 enim
1198 1187 1361 1242 poros
1389 1214 1406 1237 ,
1449 1172 1677 1227 resectis
1733 1172 1958 1227 inferius

371 1262 637 1315 testiculis
692 1264 782 1331 qui
830 1280 859 1317 a
894 1264 1090 1318 lumbis
1122 1279 1186 1318 ac
1235 1266 1455 1319 renibus
1488 1264 1695 1334 reliquo
1739 1266 1957 1334 genitali

371 1354 616 1406 membro
649 1370 831 1408 semen
867 1357 1273 1422 administrant,
1319 1366 1439 1427 post
1475 1360 1834 1413 resectionem
1869 1375 1962 1413 su-

369 1443 549 1509 perins
595 1446 843 1513 nppilari,
900 1446 1144 1501 fervente
1175 1461 1305 1500 vero
1351 1448 1403 1500 in
1441 1449 1663 1504 renibus
1710 1449 1958 1513 libidine,

370 1543 533 1601 atque
554 1536 626 1587 ita
654 1550 836 1590 semen
863 1537 914 1589 in
950 1540 1168 1592 modum
1198 1554 1401 1608 spuma:
1429 1541 1754 1608 exagitante,
1782 1543 1958 1596 virum

369 1625 436 1676 ad
466 1624 786 1691 ejiciendam
816 1628 1119 1695 genituram
1156 1628 1395 1693 incitari,
1432 1631 1806 1700 eumdetnque.
1834 1646 1956 1685 cum

2057 445 2250 517 ἡδονὴν
2295 446 2491 520 ῥέουσα
2521 451 2634 511 τοῖς
2687 449 2853 500 πᾶσιν
2893 449 2927 517 ή
2971 447 3178 518 ὁμιλία,
3212 446 3409 516 ἄδηλος
3471 447 3573 516 μὲν
3613 448 3655 497 ξι

2062 540 2410 611 σωφροσύνη.
2464 539 2724 603 πλείστας
2781 540 2840 592 δὲ
2894 537 2996 602 τὰς
3026 539 3238 610 ψήφους
3291 540 3325 609 ἡ
3372 537 3659 591 ἀκολασία

2060 630 2213 700 παρά
2232 630 2452 684 πάντων
2469 629 2590 682 κατ’
2607 629 2777 698 αὐτῆς
2796 628 3151 699 ἀποφέρεται.
3170 626 3331 679 Ἀλλά
3346 626 3532 681 ταῦτα
3554 626 3659 695 μὲν

2067 718 2161 772 ἐπὶ
2187 721 2295 772 τῶν
2333 719 2431 772 ὅλα
2458 719 2594 789 ὁμοῦ
2629 719 2766 788 μετά
2793 718 2901 772 τῶν
2939 717 3176 788 διδύμων
3202 715 3659 785 ἀποκοψαμὲνων

2057 808 2129 861 τὰ
2158 808 2344 879 μόρια.
2391 808 2531 872 Τοὺς
2562 807 2670 880 γὰρ
2704 808 2845 878 μετά
2866 808 2927 861 τὸ
2966 806 3307 879 ἀνδρωθῆναι
3344 806 3490 877 πρὸς
3526 820 3661 855 συν-

2058 901 2249 955 ουσίαν
2303 902 2372 955 τὰ
2420 902 2712 968 παιδογόνα
2767 900 2931 972 μόρια
2982 901 3175 970 μόνους
3218 900 3344 963 τοὺς
3386 898 3662 966 διδύμους

2061 994 2437 1064 ἀποτεμόντας
2473 995 2607 1062 φασὶ
2645 994 2967 1065 δριμύτερόν
3014 1011 3072 1046 τε
3118 992 3213 1046 καὶ
3245 993 3477 1061 ἄσχετον
3512 990 3665 1060 πρὸς

2058 1084 2158 1148 τὰς
2190 1085 2476 1148 συνουσίας
2513 1085 2847 1156 οίστρεῖσθαι
2880 1084 3012 1153 (45ξ,
3055 1086 3150 1138 καὶ
3177 1084 3279 1136 οὐκ
3306 1082 3665 1153 οίστρείσθαι

2065 1174 2249 1245 μόνον,
2290 1173 2426 1227 ἀλλά
2468 1173 2583 1237 καὶ,
2618 1174 2693 1236 ὡς
2724 1174 2906 1236 αὐτοῖς
2945 1172 3110 1233 δοκεῖ,
3144 1170 3443 1233 ἀκινδύνως
3494 1169 3665 1237 φθεί-

2062 1284 2177 1340 ρειν
2207 1267 2307 1330 τὰς
2348 1266 2779 1337 προστυχούσας.
2811 1266 2949 1317 Φασὶ
2976 1266 3084 1335 γὰρ
3118 1265 3221 1327 ὅτι,
3252 1262 3664 1317 ἀποκοπέντων

2061 1357 2307 1411 κάτωθεν
2336 1357 2444 1410 τῶν
2482 1355 2741 1427 διδύμων,
2767 1355 2817 1409 οἳ
2844 1355 2943 1425 τῆς
2983 1355 3145 1423 γονῆς
3177 1352 3288 1406 ἀπὸ
3318 1351 3526 1419 ὀσφύος
3554 1350 3666 1402 xa'l.

2059 1450 2275 1521 νεφρῶν
2330 1450 2423 1502 ἐπὶ
2477 1448 2540 1501 τὸ
2597 1447 2784 1501 λοιπὸν
2842 1447 3029 1517 μόριον
3085 1445 3322 1499 διάκονοι
3377 1443 3659 1512 γίνονται,

2065 1544 2262 1615 μύουσι
2298 1543 2398 1613 μὲν
2435 1542 2574 1611 μετά
2615 1540 2712 1610 τὴν
2746 1538 2921 1609 τομὴν
2949 1538 3062 1591 ἄνω
3105 1539 3155 1590 οξ
3204 1537 3382 1607 πόροι,
3416 1534 3667 1602 ζεούσης

2060 1633 2116 1686 δὲ
2159 1635 2217 1685 ἐν
2263 1635 2375 1693 τοῖς
2405 1632 2624 1700 νεφροῖς
2652 1630 2751 1698 τῆς
2784 1627 3075 1697 ἐπιθυμίας
3103 1626 3197 1679 καὶ
3232 1624 3330 1696 τὴν
3358 1623 3525 1694 γονὴν
3553 1621 3664 1675 οὖ·-

370 1729 551 1768 semen
597 1718 864 1772 ebulliens
906 1719 1185 1775 effundere
1230 1738 1336 1775 non
1383 1732 1566 1791 queat,
1614 1739 1679 1777 eo
1718 1726 1860 1793 quod
1893 1730 1958 1780 ad

2113 1740 2171 1785 υς
2211 1696 2609 1791 ἐξαφριςούσης
2650 1696 2783 1788 (46),
2829 1696 3125 1789 οἲπρείται
3166 1716 3264 1785 μὲν
3305 1714 3443 1785 πρὸς
3476 1730 3671 1766 κατα-

369 1806 547 1860 coitus
573 1816 752 1861 actum
782 1809 883 1863 sibi
908 1811 1166 1877 servavit,
1204 1813 1427 1866 armari.
1460 1812 1559 1867 Ubi
1591 1825 1769 1868 autem
1795 1816 1960 1869 semel

371 1898 589 1952 testium
623 1902 1009 1955 castrationem
1047 1902 1360 1957 illecebram
1417 1906 1481 1959 ad
1520 1904 1803 1960 fallendam
1845 1924 1963 1960 nnt-

370 1987 554 2043 lierem
586 2002 765 2047 astute
781 1992 980 2059 effecit,
1006 1994 1464 2064 intemperantius
1479 1997 1528 2050 ei
1555 1999 1958 2053 commiscetur.

367 2081 466 2134 Vir
492 2084 704 2151 quidem
738 2088 828 2155 qui
874 2097 1080 2141 naturae
1122 2097 1204 2142 est
1238 2089 1465 2158 integer,
1511 2091 1772 2144 testiculis
1810 2106 1839 2143 a
1872 2106 1963 2144 su-

371 2188 534 2236 perna
584 2186 738 2243 parte
780 2179 1083 2245 genituram
1127 2180 1547 2248 excipientibus,
1580 2182 1810 2251 indeque
1840 2198 1959 2238 eam

368 2266 768 2333 spargentibns,
819 2285 943 2322 mox
973 2271 1182 2325 semine
1212 2274 1421 2342 elapso,
1454 2275 1798 2345 resolutaque
1829 2292 1962 2332 con-

369 2357 725 2423 eupiscentia,
760 2359 1166 2430 interquiescit:
1218 2366 1312 2419 sed
1353 2366 1441 2434 qui
1486 2383 1592 2421 non
1631 2369 1792 2421 habet
1824 2371 1964 2425 unde

370 2445 423 2497 id
474 2449 616 2514 quod
673 2451 891 2515 titillat,
933 2466 1200 2521 evacuet,
1250 2457 1336 2509 vix
1391 2458 1648 2526 impetum
1699 2461 1962 2529 remittit,

369 2539 568 2600 quoad,
610 2550 668 2592 ut
710 2539 909 2606 ferunt,
950 2544 1178 2612 hujusce
1227 2547 1428 2601 rabiem
1472 2548 1717 2618 fatigatio
1765 2551 1962 2607 Solvat.

370 2625 557 2694 Deque
587 2628 639 2681 id
669 2629 841 2685 solum
873 2643 1081 2689 natura;
1112 2637 1271 2700 ratio,
1309 2638 1401 2690 sed
1432 2639 1593 2690 etiam
1631 2641 1965 2708 experientia

371 2718 572 2773 sreculo
622 2732 806 2776 nostro
844 2735 1036 2779 testata
1077 2739 1195 2781 est:
1234 2730 1688 2797 quemadmodum
1730 2733 1857 2786 mihi
1888 2735 1967 2787 vir

370 2810 590 2876 quidam
646 2818 1002 2881 venerabilis,
1052 2831 1104 2873 et
1147 2822 1348 2875 canitie
1395 2837 1459 2876 ac
1507 2826 1752 2879 moribus
1798 2841 1967 2881 senex

371 2902 443 2957 de
482 2904 731 2972 muliere,
785 2923 905 2975 qua:
955 2910 1378 2980 exomologesim
1410 2914 1549 2983 apud
1577 2930 1697 2968 eum
1736 2917 1965 2985 fecerat,

371 2998 667 3054 enarravit.
696 2999 884 3053 Aiebat
914 3003 1061 3055 enim
1100 3004 1381 3059 mulierem
1412 3006 1512 3060 sibi
1546 3008 1768 3072 dixisse,
1797 3027 1964 3065 eunu-

371 3084 558 3151 chum,
590 3088 673 3140 cui
714 3106 742 3140 ιι
777 3072 905 3143 νὶτο
939 3091 1053 3146 sive
1103 3109 1131 3145 a
1183 3094 1399 3148 domino
1426 3099 1737 3152 concredita
1771 3098 1967 3164 fuerat,

372 3169 646 3240 impudice
673 3190 857 3229 secum
907 3181 1246 3235 commisceri
1291 3183 1532 3240 solitum.
1577 3184 1656 3240 Ac
1691 3189 1967 3253 audacior,

373 3262 571 3329 aiebat,
607 3266 673 3319 ad
708 3265 969 3337 ﬂagitium
1002 3281 1150 3332 erat,
1187 3276 1329 3341 quod
1376 3288 1613 3344 partum,
1648 3290 1831 3347 utpote
1871 3298 1969 3333 en-

375 3357 602 3424 nuehns,
652 3377 756 3414 non
787 3364 1023 3418 timeret.
1071 3360 1258 3435 Neque
1310 3367 1358 3422 is
1394 3368 1593 3433 solum,
1627 3371 1719 3423 sed
1749 3378 1803 3424 et
1832 3370 1969 3425 alius

372 3451 591 3518 quidam
623 3467 687 3506 ex
720 3455 808 3519 iis,
850 3458 940 3526 qui
972 3460 1160 3512 eadem
1207 3474 1271 3513 ac
1300 3475 1396 3514 nos
1428 3462 1693 3525 sentiunt,
1723 3462 1807 3514 vir
1835 3478 1969 3515 sane

374 3539 465 3607 qui
493 3556 596 3594 non
624 3543 732 3598 cito
754 3546 1089 3611 mentiretur,
1119 3550 1363 3603 narravit.
1391 3549 1652 3619 virginem
1673 3557 1967 3620 quamdam

375 3629 635 3687 Ecclesiae
664 3637 982 3691 canonicam
1016 3640 1156 3708 apud
1184 3656 1243 3695 se
1282 3641 1631 3696 lamentatatn
1658 3660 1797 3711 esse,
1830 3649 1969 3712 quod

374 3724 659 3777 etmucbus
691 3726 909 3793 quidam
938 3729 1055 3798 ejus
1085 3730 1263 3785 cubile
1310 3733 1607 3787 ascendens
1632 3776 1649 3800 ,
1684 3734 1971 3790 libidinose

375 3828 496 3866 eam
536 3815 817 3884 amplexus
858 3829 1023 3885 esset,
1070 3830 1322 3891 totusque
1370 3826 1466 3878 toti
1512 3825 1807 3894 inluerens,
1848 3844 1967 3882 cum

379 3919 484 3958 non
536 3917 718 3975 posset
773 3913 1051 3981 cupiditati
1126 3914 1488 3980 satisfacere,
1540 3918 1790 3972 dentibus
1843 3935 1970 3972 usus

377 4006 543 4059 esset,
570 4001 864 4056 ferventem
885 4005 936 4057 in
962 4021 1123 4060 earne
1150 4009 1472 4062 concubitus
1500 4010 1705 4064 rabiem
1729 4010 1972 4065 furenter

378 4091 651 4146 morsibus
701 4093 965 4151 indicans.
1018 4098 1263 4153 Addebat
1311 4101 1659 4155 castrationis
1715 4101 1969 4155 illecebra

368 4179 672 4249 .virginem,
721 4185 792 4239 ob
820 4187 1254 4255 simplicitatem,
1306 4192 1602 4246 lentatione
1644 4192 1969 4261 implicatam

379 4270 578 4337 fuisse;
620 4277 713 4329 sed
765 4287 886 4347 post
926 4282 1312 4349 experientiam
1351 4294 1654 4337 aversatam
1698 4300 1836 4343 esse.
1872 4302 1971 4338 nec

381 4379 562 4420 coram
590 4383 648 4421 se
674 4349 867 4435 soltim,
892 4374 985 4425 sed
1009 4375 1173 4427 etiam
1206 4390 1387 4428 coram
1413 4375 1659 4443 pluribus
1688 4375 1833 4429 illata
1868 4376 1969 4430 sibi

382 4457 525 4512 illius
552 4461 847 4528 cupiditate
886 4464 1295 4533 inquinamenta
1328 4464 1633 4520 deﬂevisse.
1659 4466 1854 4520 Verum
1886 4478 1967 4521 est

380 4564 563 4603 autem
598 4553 829 4607 duorum
862 4557 1137 4611 hominum
1168 4558 1533 4612 testimonium
1565 4558 1610 4591 ⁸³
1630 4578 1645 4625 ;
1666 4570 1724 4612 ut
1754 4576 1817 4613 ne
1842 4565 1966 4630 plu-

382 4656 473 4696 res
498 4645 630 4698 alios
656 4660 1023 4714 recensentes,
1052 4661 1247 4719 praeter
1264 4653 1429 4708 animi
1453 4656 1619 4707 nostri
1643 4655 1966 4708 sententiam

381 4733 701 4803 prolixiores
735 4738 923 4793 sitnns.

2066 1813 2227 1885 ϐολὴν
2270 1813 2372 1880 τῆς
2407 1811 2574 1879 γονῆς
2622 1813 2651 1864 ὁ
2685 1810 2858 1883 ἀνὴρ,
2893 1810 2986 1862 καὶ
3017 1809 3077 1861 τὸ
3128 1806 3500 1878 βρασσόμενον
3544 1805 3670 1857 ἀπ-

2065 1905 2355 1975 οχετεῦσαι
2385 1902 2608 1973 σπέρμα
2640 1903 2743 1955 οὐκ
2783 1894 2940 1972 ἔχων,
2972 1899 3253 1963 ὁπλίζεται
3284 1899 3380 1968 μὲν
3413 1897 3595 1967 τούτῳ
3625 1893 3669 1947 ὃ

2064 1994 2243 2066 ἐαυτῷ
2276 1996 2415 2065 πρὸς
2449 1995 2547 2057 τὰς
2593 1994 2879 2056 συνουσίας
2923 1990 3156 2062 ἐφύλαξε
3196 1990 3333 2061 πρὸς
3371 1988 3470 2059 τὴν
3507 1988 3668 2059 πρᾶ-

2066 2088 2168 2154 ξιν.
2200 2087 2397 2159 Δέλεαρ
2422 2088 2479 2141 δὲ
2503 2086 2603 2155 τὴν
2633 2085 2743 2139 τῶν
2771 2084 3008 2156 διδύμων
3032 2083 3315 2153 εὐνουχίαν
3334 2084 3399 2151 τῇ
3426 2079 3669 2148 γυναικὶ

2066 2185 2146 2246 είς
2176 2183 2390 2252 ἀπάτην
2435 2180 2626 2244 δεινῶς
2657 2179 3026 2250 ποιησάμενος
3047 2216 3062 2239 ,
3097 2176 3519 2246 ἀκολαστότερον
3561 2174 3668 2244 μίο

2065 2292 2280 2345 γνυται.
2326 2275 2385 2328 Ὀ
2418 2275 2517 2345 μὲν
2549 2274 2655 2346 γὰρ
2684 2273 2825 2327 κατά
2858 2272 3018 2341 φύσιν
3045 2273 3182 2343 ἔχων
3217 2270 3376 2341 ἀνὴρ,
3409 2267 3670 2332 διαδεξα-

2069 2367 2248 2438 μένων
2303 2364 2412 2418 τῶν
2459 2364 2697 2435 διδύμων
2741 2364 2953 2420 ἄνωθεν
2999 2363 3097 2435 τὴν
3139 2362 3323 2432 γονὴν,
3364 2361 3459 2414 καὶ
3511 2358 3668 2430 πρὸς

2070 2460 2281 2531 σπορὰν
2317 2457 2567 2511 ἐντεῦθεν
2602 2459 3125 2529 παραπεμψάντων,
3160 2454 3289 2525 ἑξῆς
3326 2453 3667 2517 ἐκπεσόντος

2064 2552 2159 2605 cui":
2191 2552 2395 2623 σπόρου
2440 2550 2790 2621 διαφορηθεὶς
2808 2589 2822 2613 ,
2851 2550 2948 2621 τὴν
2977 2548 3274 2618 ἐπιθυμίαν
3307 2544 3671 2616 καταμαραί-

2067 2654 2249 2691 νεται·
2296 2637 2325 2689 ὁ
2363 2637 2419 2689 δὲ
2454 2637 2554 2690 οὐκ
2590 2637 2729 2706 ἔχων
2764 2637 2887 2690 ὅθεν
2927 2636 2989 2690 τὸ
3035 2635 3366 2709 γαργαλίζον
3412 2633 3665 2704 κενώσῃ,

2071 2733 2231 2802 μόγις
2259 2730 2354 2785 τοῦ
2397 2732 2561 2784 πόνου
2597 2730 2840 2801 ὑφίησιν,
2878 2729 3040 2799 ἄχρις
3068 2728 3135 2782 ἂν
3162 2729 3406 2798 κάματος
3439 2725 3662 2783 τοῦτον,

2070 2820 2224 2886 φασὶ,
2263 2820 2545 2873 λυσσῶντα
2587 2816 2813 2894 ἐκλύσῃ.
2862 2819 3047 2871 Ταῦτα
3083 2819 3181 2888 οὐχ
3213 2820 3242 2871 ό
3291 2816 3393 2886 τῆς
3435 2815 3664 2884 φύσεως

2067 2912 2225 2982 λόγος
2276 2914 2455 2983 μόνον,
2508 2912 2647 2966 ἀλλά
2695 2913 2790 2966 καὶ
2837 2914 2870 2982 ἡ
2918 2914 3086 2982 πεῖρα
3122 2911 3181 2964 δὲ
3218 2909 3355 2982 πρὸς
3407 2908 3500 2960 τὸν
3543 2906 3665 2977 βίον

2070 3005 2227 3075 ἡμῶν
2258 3003 2635 3076 ἐμαρτύρατο,
2670 3005 2746 3068 ὡς
2780 3004 2913 3075 πρὸς
2957 3004 3060 3074 ἐμέ
3102 3020 3186 3066 τις
3219 3002 3327 3055 τῶν
3356 3000 3665 3069 αἰδεσίμων

2072 3097 2168 3150 καὶ
2203 3097 2366 3167 πολιᾷ
2400 3097 2492 3150 καὶ
2528 3096 2628 3167 βίῳ
2658 3096 2885 3158 παλαιὸς
2914 3096 3075 3166 ἀνὴρ,
3100 3092 3667 3166 -ἐξομολογησαμένης

2072 3189 2209 3259 πρὸς
2265 3188 2429 3241 αὐτὸν
2473 3189 2751 3257 γυναικὸς,
2797 3187 3198 3257 ἀπεφθέγξατο.
3246 3187 3492 3253 Ἔφασκε
3546 3181 3665 3255 γὰρ

2069 3280 2171 3350 τὴν
2211 3282 2448 3347 γυναῖκα
2478 3280 2615 3350 πρὸς
2646 3280 2808 3331 αὑτὸν
2848 3280 3152 3350 εἰρηκέναι,
3186 3278 3268 3331 ὅτι
3294 3279 3322 3329 ὁ
3356 3291 3664 3329 πεπιστευ-

2075 3373 2235 3443 μένος
2264 3372 2433 3441 αύτὴν
2457 3370 2610 3441 παρὰ
2639 3370 2731 3423 τοῦ
2767 3371 2959 3442 ἀνδρὸς
2984 3369 3094 3422 εἴτε
3119 3368 3378 3423 δεσπότου
3402 3365 3666 3437 εὐνοῦχος

2071 3462 2147 3526 ὼς
2172 3462 2311 3533 ἀνὴρ
2348 3462 2484 3533 αὐτῇ
2518 3462 2835 3524 ἀκολάστως
2864 3461 3148 3530 ἐμίγνυτο.
3180 3460 3290 3513 Καὶ
3320 3456 3661 3528 κατετόλμα,

2072 3553 2226 3622 φησί,
2259 3552 2418 3607 πλέον
2450 3553 2552 3623 τῆς
2585 3553 2857 3624 πράξεως,
2890 3552 2981 3605 διὰ
3027 3551 3088 3604 τὸ
3126 3552 3318 3619 ἄγονον
3361 3548 3527 3601 αὑτοῦ
3579 3547 3664 3617 τῷ

2073 3644 2516 3716 ἀτοκίῳθαρσῶν
2546 3644 2681 3717 (47).
2729 3645 2842 3716 Οὐχ
2879 3639 3032 3708 οὗτος
3075 3644 3131 3696 δὲ
3164 3644 3345 3714 μόνον,
3387 3639 3524 3694 ἀλλά
3560 3640 3667 3693 καὶ

2072 3737 2259 3809 ἐτερός
2288 3754 2372 3800 τις
2401 3737 2509 3789 τῶν
2537 3738 2827 3808 ὀμοψύχων
2860 3739 3014 3807 ἡμῖν,
3054 3738 3154 3790 οὑκ
3189 3735 3255 3789 ἂν
3285 3734 3494 3805 ταχέως
3522 3734 3667 3803 ψευ-

2076 3826 2331 3896 σάμενος,
2372 3825 2595 3897 εἴρηκεν
2616 3843 2629 3857 ο
2661 3828 2744 3879 ὅτι
2787 3825 3056 3897 παρθένος
3083 3841 3167 3887 τις
3193 3824 3292 3893 τῆς
3328 3822 3664 3893 Ἐκκλησίας

2073 3917 2333 3988 κανονικὴ
2386 3918 2523 3989 πρὸς
2567 3920 2728 3973 αὐτὸν
2770 3917 3107 3989 ἀπωδύρετο,
3141 3918 3225 3970 ὅτι
3272 3916 3385 3985 (48)
3427 3915 3519 3969 ἐπὶ
3555 3918 3663 3985 τῆς

2074 4009 2260 4081 κοίτης
2316 4011 2488 4081 αὐτῆς
2532 4011 2824 4081 γενόμενός
2873 4029 2959 4074 τις
3006 4009 3277 4079 εὐνοῦχος.
3333 4008 3667 4079 περιεπτύσ-

2076 4119 2198 4155 σετο
2230 4102 2329 4173 μὲν
2372 4103 2541 4175 αὐτὴν
2571 4103 2854 4173 ἐμπαθῶς,
2903 4102 2999 4156 καὶ
3038 4102 3217 4171 ἐμφὺς
3243 4100 3362 4163 ὅλος
3391 4099 3509 4170 ὅλῃ,
3532 4099 3661 4151 ἐπεὶ

2078 4194 2153 4264 μὴ
2182 4189 2327 4264 εἶχεν
2378 4196 2527 4258 ὅπως
2573 4195 2640 4248 τὰ
2689 4195 2789 4264 τῆς
2841 4192 3137 4262 ἐπιθυμίας
3179 4190 3500 4261 ἐργάσηται,
3544 4192 3663 4252 tot;

2073 4269 2288 4337 ὀδοῦσιν
2328 4284 2598 4357 ἐκέχρητο
2618 4324 2633 4348 ,
2675 4284 2909 4347 ζέουσαν
2937 4285 2995 4335 ὲν
3025 4285 3094 4353 τῇ
3136 4282 3300 4352 σαρκὶ
3328 4281 3428 4351 τῆς
3459 4279 3661 4349 μίξεως

2002 4416 2045 4469 D
2075 4375 2172 4446 τὴν
2197 4375 2402 4429 λύσσαν
2432 4380 2543 4440 τοῖς
2570 4376 2842 4447 δήγμασιν
2869 4374 3079 4445 ἀγρίως
3108 4373 3388 4444 ἐμφαίνων
3416 4389 3430 4403 ο
3458 4373 3533 4434 ὡς
3563 4372 3662 4469 δε-

2073 4467 2222 4521 λέατι
2267 4468 2379 4538 (49)
2411 4470 2509 4539 τῆς
2552 4467 2856 4538 εὐνουχίας,
2903 4466 2996 4519 διὰ.
3038 4465 3099 4518 τὸ
3129 4465 3523 4535 ἀπειρόκακον,
3559 4464 3665 4533 ἐμ-

2073 4559 2375 4613 πλακεῖσαν
2418 4559 2516 4631 τὴν
2568 4558 2837 4629 παρθένον
2886 4556 2965 4627 τῷ
3014 4556 3339 4628 πειρασμῷ,
3378 4553 3518 4624 μετά
3559 4556 3659 4624 τὴν

2078 4654 2275 4722 πεῖραν
2306 4649 2728 4722 ἀποστραφῆναι
2756 4667 2816 4703 τε
2846 4649 2935 4702 τὸν
2966 4649 3273 4719 ἄνθρωπον,
3310 4647 3405 4700 καὶ
3431 4646 3490 4697 οὑ
3523 4645 3660 4716 πρὸς

2074 4742 2263 4795 τοῦτον
2296 4742 2478 4813 μόνον,
2514 4741 2650 4795 ἀλλά
2679 4741 2933 4812 καὶπρὸς
2961 4742 3209 4803 πλείονας
3239 4739 3311 4792 τὰ
3341 4736 3659 4809 μολύσματα

379 4828 480 4897 τῆς
524 4829 730 4884 ἐκείνου
781 4831 904 4884 κατ’
957 4830 1128 4901 αὐτῆς
1170 4832 1468 4903 ἐπιθυμίας
1518 4831 1826 4904 ὀδύρεσθαι.
1866 4833 1978 4886 Καὶ
2012 4833 2113 4886 δύο
2179 4834 2234 4887 δὲ
2295 4833 2598 4905 ἀνθρώπων
2639 4836 2672 4905 ἡ
2707 4834 2981 4906 μαρτυρία
3014 4833 3220 4905 ἀληθής
3255 4833 3425 4894 ἐστιν,
3457 4828 3541 4880 ἵνα
3584 4825 3655 4897 μὴ

381 4922 477 4974 καὶ
502 4921 723 4993 ἐτέρους
747 4923 999 4989 πλείονας
1022 4925 1436 4993 καταλέγοντες,
1463 4926 1614 4996 παρὰ
1643 4924 1704 4978 τὸ
1733 4924 1967 4996 ἀρέσκον
2005 4927 2134 4997 ἡμῖν
2181 4925 2540 4998 μηκύνωμεν..

452 5126 500 5160 ⁸ο
531 5125 719 5180 Matth.
763 5143 918 5180 um.
953 5128 1035 5179 l6.

454 5308 571 5383 (43')
605 5309 1031 5383 Ὀίστρεῖσθαι.
1086 5308 1360 5383 Sicquss.
1402 5306 1563 5383 Editi,
1607 5306 1973 5383 οἱστροῦσθαι.

386 5376 528 5435 Ιειιῖιιι
552 5376 715 5449 paulo
750 5376 875 5449 post
904 5382 1144 5435 occurrit
1191 5379 1274 5432 bis
1313 5379 1601 5432 discrimen
1667 5376 1808 5431 inter
1843 5393 1974 5433 tnss.

383 5451 603 5508 codices
633 5465 679 5503 et
715 5451 909 5504 editos.

462 5520 571 5589 (46)
616 5519 1104 5588 Ἐξαφριζούσης.
1158 5516 1249 5574 Sic
1310 5532 1439 5572 mss.
1498 5526 1775 5588 quautam.
1811 5515 1975 5579 Editi,

385 5590 842 5667 ἑξαφανιζούσης.
934 5659 987 5667 __
1551 5659 1587 5667 __
1822 5657 1857 5667 _
1930 5657 1940 5667 ,

462 5663 574 5733 (47)
607 5657 878 5730 ϐαρεῶν.
931 5659 1023 5717 Sic
1072 5675 1202 5715 tuss.
1242 5669 1294 5715 ct
1333 5659 1497 5715 editio
1551 5659 1771 5714 Veneta.
1822 5657 1973 5711 Pari-

2075 5305 2638 5385 sic‘nsjs._01poo§_6’g._
2675 5376 2688 5385 _
2749 5375 2760 5385 _
3002 5373 3014 5385 ,
3058 5372 3082 5385 ,,
3290 5372 3302 5385 .
3458 5368 3471 5385 .
3516 5365 3615 5385 ﬂ...

2148 5378 2259 5449 (48)
2290 5372 2435 5430 "Oti.
2501 5377 2640 5449 Editi
2675 5375 2896 5449 habent,
2924 5373 3025 5449 atati
3055 5372 3160 5435 ὅτι,
3207 5372 3302 5425 sed
3350 5372 3650 5439 coniunctio

2078 5446 2183 5502 non
2211 5446 2480 5514 reperitur
2507 5448 2558 5499 in
2594 5446 3055 5520 veteribus-liln-is.
3194 5511 3227 5520 ³
3300 5511 3310 5520 _
3349 5510 3359 5520 _
3469 5509 3481 5520 ,
3590 5504 3618 5520 _,

2152 5507 2576 5588 (49)]Δελέατι.
2614 5517 2707 5570 Sic
2767 5517 2983 5569 cedit-rs
3015 5531 3148 5567 mss.
3194 5509 3514 5565 Parisiensis

2079 5591 2177 5657 lin,
2206 5586 2495 5658 δελεάματι
2524 5586 2607 5639 δέ.
