  <div class='ocr_page' id='page_1' title='image "/cluster/home/n/w/nwhite01/storage/ocr_20150623/30/nnc1.0046978810/420.png"; bbox 0 0 3802 6216; ppageno 0'>
   <div class='ocr_carea' id='block_1_1' title="bbox 128 255 242 307">
    <p class='ocr_par' dir='ltr' id='par_1_1' title="bbox 128 255 242 307">
     <span class='ocr_line' id='line_1_1' title="bbox 128 255 242 307; baseline 0 0"><span class='ocrx_word' id='word_1_1' title='bbox 128 255 242 307; x_wconf 64' lang='lat'><strong>737</strong></span> 
     </span>
    </p>
   </div>
   <div class='ocr_carea' id='block_1_2' title="bbox 1330 265 2177 333">
    <p class='ocr_par' dir='ltr' id='par_1_2' title="bbox 1330 265 2177 333">
     <span class='ocr_line' id='line_1_2' title="bbox 1330 265 2177 333; baseline 0.014 -12"><span class='ocrx_word' id='word_1_2' title='bbox 1330 265 1534 323; x_wconf 81' lang='lat' dir='ltr'><strong>LIBER</strong></span> <span class='ocrx_word' id='word_1_3' title='bbox 1574 266 1664 322; x_wconf 86' lang='lat' dir='ltr'><strong>DE</strong></span> <span class='ocrx_word' id='word_1_4' title='bbox 1700 268 2177 333; x_wconf 74' lang='lat' dir='ltr'><strong>VIRGINITATE.</strong></span> 
     </span>
    </p>
   </div>
   <div class='ocr_carea' id='block_1_3' title="bbox 3321 288 3427 346">
    <p class='ocr_par' dir='ltr' id='par_1_3' title="bbox 3321 288 3427 346">
     <span class='ocr_line' id='line_1_3' title="bbox 3321 288 3427 346; baseline 0.028 -3"><span class='ocrx_word' id='word_1_5' title='bbox 3321 288 3427 346; x_wconf 76' lang='lat'><strong>798</strong></span> 
     </span>
    </p>
   </div>
   <div class='ocr_carea' id='block_1_4' title="bbox 205 376 1705 481">
    <p class='ocr_par' dir='ltr' id='par_1_4' title="bbox 205 376 1705 481">
     <span class='ocr_line' id='line_1_4' title="bbox 205 376 1705 481; baseline 0.009 -47"><span class='ocrx_word' id='word_1_6' title='bbox 205 376 327 481; x_wconf 40' lang='lat'><strong>62.‘</strong></span> <span class='ocrx_word' id='word_1_7' title='bbox 346 379 689 481; x_wconf 65' lang='grc' dir='ltr'>Συγγνώμης</span> <span class='ocrx_word' id='word_1_8' title='bbox 716 379 811 440; x_wconf 73' lang='grc' dir='ltr'>οὖν</span> <span class='ocrx_word' id='word_1_9' title='bbox 861 385 1033 453; x_wconf 76' lang='grc' dir='ltr'>ἄξιοι,</span> <span class='ocrx_word' id='word_1_10' title='bbox 1065 387 1141 452; x_wconf 83' lang='grc' dir='ltr'>ὡς</span> <span class='ocrx_word' id='word_1_11' title='bbox 1167 385 1353 461; x_wconf 81' lang='grc' dir='ltr'>οἶμαι,</span> <span class='ocrx_word' id='word_1_12' title='bbox 1391 393 1554 463; x_wconf 76' lang='grc' dir='ltr'>ἡμεῖς</span> <span class='ocrx_word' id='word_1_13' title='bbox 1578 410 1592 425; x_wconf 76' lang='grc' dir='ltr'><strong>ο</strong></span> <span class='ocrx_word' id='word_1_14' title='bbox 1633 395 1705 447; x_wconf 65' lang='lat' dir='ltr'><strong>ob:</strong></span> 
     </span>
    </p>
   </div>
   <div class='ocr_carea' id='block_1_5' title="bbox 1851 376 3424 481">
    <p class='ocr_par' dir='ltr' id='par_1_5' title="bbox 1909 399 3424 481">
     <span class='ocr_line' id='line_1_5' title="bbox 1909 399 3424 481; baseline 0.01 -28"><span class='ocrx_word' id='word_1_15' title='bbox 1909 399 2000 457; x_wconf 71' lang='lat'><strong>62.</strong></span> <span class='ocrx_word' id='word_1_16' title='bbox 2049 401 2157 458; x_wconf 88' lang='lat' dir='ltr'><strong>Nos</strong></span> <span class='ocrx_word' id='word_1_17' title='bbox 2192 404 2351 474; x_wconf 86' lang='lat' dir='ltr'><strong>igitur</strong></span> <span class='ocrx_word' id='word_1_18' title='bbox 2395 414 2454 457; x_wconf 91' lang='lat' dir='ltr'><strong>ut</strong></span> <span class='ocrx_word' id='word_1_19' title='bbox 2502 418 2659 469; x_wconf 85' lang='lat' dir='ltr'><strong>reor,</strong></span> <span class='ocrx_word' id='word_1_20' title='bbox 2704 420 2891 462; x_wconf 88' lang='lat' dir='ltr'><strong>sumus</strong></span> <span class='ocrx_word' id='word_1_21' title='bbox 2920 408 3075 462; x_wconf 80' lang='lat' dir='ltr'><strong>venia</strong></span> <span class='ocrx_word' id='word_1_22' title='bbox 3125 409 3296 479; x_wconf 91' lang='lat' dir='ltr'><strong>digni,</strong></span> <span class='ocrx_word' id='word_1_23' title='bbox 3331 411 3424 481; x_wconf 84' lang='lat' dir='ltr'><strong>qui</strong></span> 
     </span>
    </p>
   </div>
   <div class='ocr_carea' id='block_1_6' title="bbox 131 469 1735 557">
    <p class='ocr_par' dir='ltr' id='par_1_6' title="bbox 131 469 1735 557">
     <span class='ocr_line' id='line_1_6' title="bbox 131 469 1735 557; baseline 0.013 -37"><span class='ocrx_word' id='word_1_24' title='bbox 131 469 221 535; x_wconf 71' lang='grc' dir='ltr'><strong>εις</strong></span> <span class='ocrx_word' id='word_1_25' title='bbox 276 472 341 525; x_wconf 82' lang='grc' dir='ltr'><strong>τὸ</strong></span> <span class='ocrx_word' id='word_1_26' title='bbox 376 473 652 546; x_wconf 72' lang='grc' dir='ltr'>ἄχραντον</span> <span class='ocrx_word' id='word_1_27' title='bbox 692 478 796 548; x_wconf 82' lang='grc' dir='ltr'>τῆς</span> <span class='ocrx_word' id='word_1_28' title='bbox 851 479 1124 551; x_wconf 82' lang='grc' dir='ltr'><strong>παρθένου</strong></span> <span class='ocrx_word' id='word_1_29' title='bbox 1176 482 1336 553; x_wconf 80' lang='grc' dir='ltr'>μόνον</span> <span class='ocrx_word' id='word_1_30' title='bbox 1376 484 1735 557; x_wconf 75' lang='grc' dir='ltr'><strong>προφυλακῆς</strong></span> 
     </span>
    </p>
   </div>
   <div class='ocr_carea' id='block_1_7' title="bbox 132 562 1734 638">
    <p class='ocr_par' dir='ltr' id='par_1_7' title="bbox 132 562 1734 638">
     <span class='ocr_line' id='line_1_7' title="bbox 132 562 1734 638; baseline 0.009 -23"><span class='ocrx_word' id='word_1_31' title='bbox 132 562 303 634; x_wconf 83' lang='grc' dir='ltr'>χάριν</span> <span class='ocrx_word' id='word_1_32' title='bbox 352 567 640 638; x_wconf 77' lang='grc' dir='ltr'>ἐκθέμενοι</span> <span class='ocrx_word' id='word_1_33' title='bbox 675 569 870 636; x_wconf 86' lang='grc' dir='ltr'>ταῦτα,</span> <span class='ocrx_word' id='word_1_34' title='bbox 913 572 1052 625; x_wconf 85' lang='grc' dir='ltr'><strong>ἀλλά</strong></span> <span class='ocrx_word' id='word_1_35' title='bbox 1097 575 1190 626; x_wconf 73' lang='grc' dir='ltr'>καὶ</span> <span class='ocrx_word' id='word_1_36' title='bbox 1220 576 1300 638; x_wconf 77' lang='grc' dir='ltr'><strong>εἰς</strong></span> <span class='ocrx_word' id='word_1_37' title='bbox 1329 574 1392 627; x_wconf 77' lang='grc' dir='ltr'>τὸ</span> <span class='ocrx_word' id='word_1_38' title='bbox 1424 576 1734 630; x_wconf 70' lang='grc' dir='ltr'><strong>ἀναστεῖλαι</strong></span> 
     </span>
    </p>
   </div>
   <div class='ocr_carea' id='block_1_8' title="bbox 131 656 1735 741">
    <p class='ocr_par' dir='ltr' id='par_1_8' title="bbox 131 656 1735 741">
     <span class='ocr_line' id='line_1_8' title="bbox 131 656 1735 741; baseline 0.007 -31"><span class='ocrx_word' id='word_1_39' title='bbox 131 656 375 715; x_wconf 75' lang='grc' dir='ltr'>πολλοὺς</span> <span class='ocrx_word' id='word_1_40' title='bbox 407 661 512 730; x_wconf 73' lang='grc' dir='ltr'><strong>ήδη</strong></span> <span class='ocrx_word' id='word_1_41' title='bbox 541 662 818 727; x_wconf 81' lang='grc' dir='ltr'><strong>τοιούτους</strong></span> <span class='ocrx_word' id='word_1_42' title='bbox 850 665 1290 730; x_wconf 84' lang='grc' dir='ltr'>ὲπιπολάσαντας</span> <span class='ocrx_word' id='word_1_43' title='bbox 1320 670 1385 738; x_wconf 80' lang='grc' dir='ltr'>τῇ</span> <span class='ocrx_word' id='word_1_44' title='bbox 1440 668 1735 741; x_wconf 76' lang='grc' dir='ltr'><strong>Ἐκκλησία</strong></span> 
     </span>
    </p>
   </div>
   <div class='ocr_carea' id='block_1_9' title="bbox 130 748 1734 831">
    <p class='ocr_par' dir='ltr' id='par_1_9' title="bbox 130 748 1734 831">
     <span class='ocr_line' id='line_1_9' title="bbox 130 748 1734 831; baseline 0.009 -31"><span class='ocrx_word' id='word_1_45' title='bbox 130 748 434 819; x_wconf 78' lang='grc' dir='ltr'>εὐνούχους</span> <span class='ocrx_word' id='word_1_46' title='bbox 477 753 903 818; x_wconf 86' lang='grc' dir='ltr'>σπουδάσαντες.</span> <span class='ocrx_word' id='word_1_47' title='bbox 931 756 1169 825; x_wconf 83' lang='grc' dir='ltr'>Φανερὸν</span> <span class='ocrx_word' id='word_1_48' title='bbox 1198 758 1328 829; x_wconf 87' lang='grc' dir='ltr'>γὰρ,</span> <span class='ocrx_word' id='word_1_49' title='bbox 1366 760 1450 811; x_wconf 88' lang='grc' dir='ltr'>ὅτι</span> <span class='ocrx_word' id='word_1_50' title='bbox 1479 760 1734 831; x_wconf 86' lang='grc' dir='ltr'>δαίμονος</span> 
     </span>
    </p>
   </div>
   <div class='ocr_carea' id='block_1_10' title="bbox 137 840 1732 925">
    <p class='ocr_par' dir='ltr' id='par_1_10' title="bbox 137 840 1732 925">
     <span class='ocr_line' id='line_1_10' title="bbox 137 840 1732 925; baseline 0.01 -33"><span class='ocrx_word' id='word_1_51' title='bbox 137 840 401 910; x_wconf 71' lang='grc' dir='ltr'>μιθοδεία</span> <span class='ocrx_word' id='word_1_52' title='bbox 428 843 491 896; x_wconf 82' lang='grc' dir='ltr'><strong>τὸ</strong></span> <span class='ocrx_word' id='word_1_53' title='bbox 523 845 685 915; x_wconf 77' lang='grc' dir='ltr'>ἔργον</span> <span class='ocrx_word' id='word_1_54' title='bbox 705 863 717 877; x_wconf 85' lang='grc'><strong>·</strong></span> <span class='ocrx_word' id='word_1_55' title='bbox 750 848 884 900; x_wconf 79' lang='grc' dir='ltr'>διότι</span> <span class='ocrx_word' id='word_1_56' title='bbox 923 851 951 902; x_wconf 99' lang='lat'><strong>6</strong></span> <span class='ocrx_word' id='word_1_57' title='bbox 981 850 1079 920; x_wconf 79' lang='grc' dir='ltr'><strong>μὲν</strong></span> <span class='ocrx_word' id='word_1_58' title='bbox 1111 850 1274 903; x_wconf 90' lang='grc' dir='ltr'>πάλιν</span> <span class='ocrx_word' id='word_1_59' title='bbox 1314 852 1424 922; x_wconf 79' lang='grc'>(50)</span> <span class='ocrx_word' id='word_1_60' title='bbox 1457 852 1567 921; x_wconf 83' lang='grc' dir='ltr'>βίος</span> <span class='ocrx_word' id='word_1_61' title='bbox 1602 855 1732 925; x_wconf 80' lang='grc' dir='ltr'>παρ’</span> 
     </span>
    </p>
   </div>
   <div class='ocr_carea' id='block_1_11' title="bbox 134 931 1733 1014">
    <p class='ocr_par' dir='ltr' id='par_1_11' title="bbox 134 931 1733 1014">
     <span class='ocr_line' id='line_1_11' title="bbox 134 931 1733 1014; baseline 0.009 -30"><span class='ocrx_word' id='word_1_62' title='bbox 134 931 376 1003; x_wconf 80' lang='grc' dir='ltr'>Ἕλλησι</span> <span class='ocrx_word' id='word_1_63' title='bbox 425 936 673 1003; x_wconf 81' lang='grc' dir='ltr'>τούτους,</span> <span class='ocrx_word' id='word_1_64' title='bbox 721 941 839 993; x_wconf 79' lang='grc' dir='ltr'>νυνὶ</span> <span class='ocrx_word' id='word_1_65' title='bbox 877 940 935 993; x_wconf 85' lang='grc' dir='ltr'><strong>δὲ</strong></span> <span class='ocrx_word' id='word_1_66' title='bbox 981 942 1113 1014; x_wconf 88' lang='grc' dir='ltr'>παρ’</span> <span class='ocrx_word' id='word_1_67' title='bbox 1164 945 1297 1013; x_wconf 75' lang='grc' dir='ltr'>ἡμῖν</span> <span class='ocrx_word' id='word_1_68' title='bbox 1354 944 1571 1010; x_wconf 83' lang='grc' dir='ltr'>ἀτόπως</span> <span class='ocrx_word' id='word_1_69' title='bbox 1625 948 1733 998; x_wconf 77' lang='grc' dir='ltr'>ῦπ-</span> 
     </span>
    </p>
   </div>
   <div class='ocr_carea' id='block_1_12' title="bbox 133 1020 1733 1110">
    <p class='ocr_par' dir='ltr' id='par_1_12' title="bbox 133 1020 1733 1110">
     <span class='ocr_line' id='line_1_12' title="bbox 133 1020 1733 1110; baseline 0.011 -36"><span class='ocrx_word' id='word_1_70' title='bbox 133 1020 310 1088; x_wconf 79' lang='grc' dir='ltr'>έδειξε</span> <span class='ocrx_word' id='word_1_71' title='bbox 353 1023 491 1095; x_wconf 79' lang='grc'>(51),</span> <span class='ocrx_word' id='word_1_72' title='bbox 531 1027 628 1080; x_wconf 78' lang='grc' dir='ltr'><strong>καὶ</strong></span> <span class='ocrx_word' id='word_1_73' title='bbox 675 1031 1034 1104; x_wconf 81' lang='grc' dir='ltr'><strong>σωφροσύνης</strong></span> <span class='ocrx_word' id='word_1_74' title='bbox 1076 1032 1176 1101; x_wconf 87' lang='grc' dir='ltr'><strong>μὲν</strong></span> <span class='ocrx_word' id='word_1_75' title='bbox 1229 1034 1402 1105; x_wconf 74' lang='grc' dir='ltr'>ὄνομα</span> <span class='ocrx_word' id='word_1_76' title='bbox 1430 1037 1593 1090; x_wconf 86' lang='grc' dir='ltr'>κάκεῖ</span> <span class='ocrx_word' id='word_1_77' title='bbox 1632 1039 1733 1110; x_wconf 87' lang='grc' dir='ltr'><strong>τὴν</strong></span> 
     </span>
    </p>
   </div>
   <div class='ocr_carea' id='block_1_13' title="bbox 132 1114 1735 1197">
    <p class='ocr_par' dir='ltr' id='par_1_13' title="bbox 132 1114 1735 1197">
     <span class='ocr_line' id='line_1_13' title="bbox 132 1114 1735 1197; baseline 0.011 -31"><span class='ocrx_word' id='word_1_78' title='bbox 132 1114 336 1185; x_wconf 79' lang='grc' dir='ltr'>τομὴν,</span> <span class='ocrx_word' id='word_1_79' title='bbox 378 1118 660 1172; x_wconf 90' lang='grc' dir='ltr'>κάνταῦθα</span> <span class='ocrx_word' id='word_1_80' title='bbox 698 1122 758 1173; x_wconf 82' lang='grc' dir='ltr'>τὺ</span> <span class='ocrx_word' id='word_1_81' title='bbox 798 1122 931 1176; x_wconf 81' lang='grc' dir='ltr'>αὐτὸ</span> <span class='ocrx_word' id='word_1_82' title='bbox 974 1124 1118 1177; x_wconf 77' lang='grc' dir='ltr'>κατὰ</span> <span class='ocrx_word' id='word_1_83' title='bbox 1144 1126 1244 1197; x_wconf 82' lang='grc' dir='ltr'><strong>τῆς</strong></span> <span class='ocrx_word' id='word_1_84' title='bbox 1269 1126 1483 1195; x_wconf 83' lang='grc' dir='ltr'>φύσεως</span> <span class='ocrx_word' id='word_1_85' title='bbox 1512 1129 1735 1183; x_wconf 77' lang='grc' dir='ltr'>ἐνεωτέ-</span> 
     </span>
    </p>
   </div>
   <div class='ocr_carea' id='block_1_14' title="bbox 137 1212 1732 1291">
    <p class='ocr_par' dir='ltr' id='par_1_14' title="bbox 137 1212 1732 1291">
     <span class='ocr_line' id='line_1_14' title="bbox 137 1212 1732 1291; baseline 0.009 -30"><span class='ocrx_word' id='word_1_86' title='bbox 137 1226 281 1279; x_wconf 87' lang='grc' dir='ltr'>ρισε.</span> <span class='ocrx_word' id='word_1_87' title='bbox 319 1212 508 1276; x_wconf 86' lang='grc' dir='ltr'>Δεινὺς</span> <span class='ocrx_word' id='word_1_88' title='bbox 534 1213 646 1283; x_wconf 86' lang='grc' dir='ltr'><strong>γάρ</strong></span> <span class='ocrx_word' id='word_1_89' title='bbox 678 1216 825 1268; x_wconf 77' lang='grc' dir='ltr'>ἐστιν</span> <span class='ocrx_word' id='word_1_90' title='bbox 853 1218 881 1269; x_wconf 90' lang='lat'><strong>6</strong></span> <span class='ocrx_word' id='word_1_91' title='bbox 914 1217 1217 1287; x_wconf 87' lang='grc' dir='ltr'>μεθοδεύων</span> <span class='ocrx_word' id='word_1_92' title='bbox 1238 1220 1394 1290; x_wconf 79' lang='grc' dir='ltr'>ἡμῶν</span> <span class='ocrx_word' id='word_1_93' title='bbox 1418 1220 1514 1291; x_wconf 82' lang='grc' dir='ltr'><strong>τὴν</strong></span> <span class='ocrx_word' id='word_1_94' title='bbox 1536 1223 1617 1284; x_wconf 82' lang='grc' dir='ltr'><strong>είς</strong></span> <span class='ocrx_word' id='word_1_95' title='bbox 1642 1221 1732 1274; x_wconf 80' lang='grc' dir='ltr'>τὸν</span> 
     </span>
    </p>
   </div>
   <div class='ocr_carea' id='block_1_15' title="bbox 135 1299 1731 1373">
    <p class='ocr_par' dir='ltr' id='par_1_15' title="bbox 135 1299 1731 1373">
     <span class='ocr_line' id='line_1_15' title="bbox 135 1299 1731 1373; baseline 0.008 -22"><span class='ocrx_word' id='word_1_96' title='bbox 135 1299 348 1371; x_wconf 75' lang='grc' dir='ltr'>Κύριον</span> <span class='ocrx_word' id='word_1_97' title='bbox 393 1302 580 1355; x_wconf 82' lang='grc' dir='ltr'>πίστιν</span> <span class='ocrx_word' id='word_1_98' title='bbox 621 1304 708 1358; x_wconf 85' lang='grc' dir='ltr'><strong>διὰ</strong></span> <span class='ocrx_word' id='word_1_99' title='bbox 749 1306 843 1358; x_wconf 90' lang='grc' dir='ltr'><strong>τοῦ</strong></span> <span class='ocrx_word' id='word_1_100' title='bbox 897 1307 1283 1373; x_wconf 78' lang='grc' dir='ltr'>πιστευθέντος</span> <span class='ocrx_word' id='word_1_101' title='bbox 1324 1309 1491 1363; x_wconf 90' lang='grc' dir='ltr'>καλοῦ</span> <span class='ocrx_word' id='word_1_102' title='bbox 1532 1311 1731 1364; x_wconf 83' lang='grc' dir='ltr'>κακίαν</span> 
     </span>
    </p>
   </div>
   <div class='ocr_carea' id='block_1_16' title="bbox 135 1390 1730 1472">
    <p class='ocr_par' dir='ltr' id='par_1_16' title="bbox 135 1390 1730 1472">
     <span class='ocr_line' id='line_1_16' title="bbox 135 1390 1730 1472; baseline 0.008 -30"><span class='ocrx_word' id='word_1_103' title='bbox 135 1390 483 1460; x_wconf 69' lang='grc' dir='ltr'>ἔργάσασθαι</span> <span class='ocrx_word' id='word_1_104' title='bbox 504 1408 518 1423; x_wconf 77' lang='grc'><strong>⁸</strong></span> <span class='ocrx_word' id='word_1_105' title='bbox 551 1394 613 1447; x_wconf 83' lang='grc' dir='ltr'>τὸ</span> <span class='ocrx_word' id='word_1_106' title='bbox 656 1396 787 1449; x_wconf 69' lang='grc' dir='ltr'>αὐτὸ</span> <span class='ocrx_word' id='word_1_107' title='bbox 826 1396 884 1450; x_wconf 79' lang='grc' dir='ltr'>δὲ</span> <span class='ocrx_word' id='word_1_108' title='bbox 910 1397 1027 1452; x_wconf 76' lang='grc' dir='ltr'>ἐστι</span> <span class='ocrx_word' id='word_1_109' title='bbox 1059 1400 1252 1470; x_wconf 84' lang='grc' dir='ltr'>μαθεῖν</span> <span class='ocrx_word' id='word_1_110' title='bbox 1285 1402 1350 1454; x_wconf 82' lang='grc' dir='ltr'>ὲκ</span> <span class='ocrx_word' id='word_1_111' title='bbox 1377 1401 1489 1454; x_wconf 84' lang='grc' dir='ltr'><strong>τῶν</strong></span> <span class='ocrx_word' id='word_1_112' title='bbox 1524 1402 1730 1472; x_wconf 87' lang='grc' dir='ltr'>παρελ-</span> 
     </span>
    </p>
   </div>
   <div class='ocr_carea' id='block_1_17' title="bbox 136 1482 1731 1562">
    <p class='ocr_par' dir='ltr' id='par_1_17' title="bbox 136 1482 1731 1562">
     <span class='ocr_line' id='line_1_17' title="bbox 136 1482 1731 1562; baseline 0.009 -28"><span class='ocrx_word' id='word_1_113' title='bbox 136 1482 367 1538; x_wconf 79' lang='grc' dir='ltr'>θόντων.</span> <span class='ocrx_word' id='word_1_114' title='bbox 412 1486 500 1549; x_wconf 83' lang='grc' dir='ltr'>Ὠς</span> <span class='ocrx_word' id='word_1_115' title='bbox 530 1486 642 1559; x_wconf 80' lang='grc' dir='ltr'>γὰρ</span> <span class='ocrx_word' id='word_1_116' title='bbox 683 1488 749 1541; x_wconf 81' lang='grc' dir='ltr'><strong>δι’</strong></span> <span class='ocrx_word' id='word_1_117' title='bbox 792 1484 869 1544; x_wconf 80' lang='grc' dir='ltr'>ὧν</span> <span class='ocrx_word' id='word_1_118' title='bbox 915 1491 1026 1545; x_wconf 77' lang='grc' dir='ltr'>ἔδει</span> <span class='ocrx_word' id='word_1_119' title='bbox 1056 1492 1169 1562; x_wconf 74' lang='grc'>(52)</span> <span class='ocrx_word' id='word_1_120' title='bbox 1203 1492 1336 1547; x_wconf 77' lang='grc' dir='ltr'>Θεὸν</span> <span class='ocrx_word' id='word_1_121' title='bbox 1373 1493 1599 1562; x_wconf 89' lang='grc' dir='ltr'>γνῶναι,</span> <span class='ocrx_word' id='word_1_122' title='bbox 1644 1493 1731 1548; x_wconf 81' lang='grc' dir='ltr'>διὰ</span> 
     </span>
    </p>
   </div>
   <div class='ocr_carea' id='block_1_18' title="bbox 135 1573 1730 1656">
    <p class='ocr_par' dir='ltr' id='par_1_18' title="bbox 135 1573 1730 1656">
     <span class='ocr_line' id='line_1_18' title="bbox 135 1573 1730 1656; baseline 0.009 -31"><span class='ocrx_word' id='word_1_123' title='bbox 135 1573 348 1628; x_wconf 86' lang='grc' dir='ltr'>τούτων</span> <span class='ocrx_word' id='word_1_124' title='bbox 388 1577 663 1647; x_wconf 74' lang='grc' dir='ltr'>ἀγνοῆσαι</span> <span class='ocrx_word' id='word_1_125' title='bbox 692 1579 820 1643; x_wconf 79' lang='grc' dir='ltr'>τοὺς</span> <span class='ocrx_word' id='word_1_126' title='bbox 869 1583 1001 1653; x_wconf 84' lang='grc' dir='ltr'>παρ’</span> <span class='ocrx_word' id='word_1_127' title='bbox 1045 1584 1275 1654; x_wconf 83' lang='grc' dir='ltr'>Ἕλλησι</span> <span class='ocrx_word' id='word_1_128' title='bbox 1316 1585 1730 1656; x_wconf 84' lang='grc' dir='ltr'>παρεσκεύασεν</span> 
     </span>
    </p>
   </div>
   <div class='ocr_carea' id='block_1_19' title="bbox 140 1667 1733 1749">
    <p class='ocr_par' dir='ltr' id='par_1_19' title="bbox 140 1667 1733 1749">
     <span class='ocr_line' id='line_1_19' title="bbox 140 1667 1733 1749; baseline 0.009 -32"><span class='ocrx_word' id='word_1_129' title='bbox 140 1668 204 1735; x_wconf 88' lang='lat'><em>(6</em></span> <span class='ocrx_word' id='word_1_130' title='bbox 238 1667 344 1735; x_wconf 87' lang='grc' dir='ltr'>μὲν</span> <span class='ocrx_word' id='word_1_131' title='bbox 374 1667 486 1737; x_wconf 91' lang='grc' dir='ltr'><strong>γάρ</strong></span> <span class='ocrx_word' id='word_1_132' title='bbox 520 1671 724 1740; x_wconf 86' lang='grc' dir='ltr'>κόσμος</span> <span class='ocrx_word' id='word_1_133' title='bbox 749 1671 844 1725; x_wconf 86' lang='grc' dir='ltr'><strong>τοῦ</strong></span> <span class='ocrx_word' id='word_1_134' title='bbox 887 1675 1268 1745; x_wconf 82' lang='grc' dir='ltr'>κοσμήσαντος</span> <span class='ocrx_word' id='word_1_135' title='bbox 1304 1676 1591 1748; x_wconf 87' lang='grc' dir='ltr'>πρόκειται</span> <span class='ocrx_word' id='word_1_136' title='bbox 1635 1680 1733 1749; x_wconf 83' lang='grc' dir='ltr'><strong>μή·</strong></span> 
     </span>
    </p>
   </div>
   <div class='ocr_carea' id='block_1_20' title="bbox 1837 489 3425 572">
    <p class='ocr_par' dir='ltr' id='par_1_20' title="bbox 1837 489 3425 572">
     <span class='ocr_line' id='line_1_20' title="bbox 1837 489 3425 572; baseline 0.009 -30"><span class='ocrx_word' id='word_1_137' title='bbox 1837 489 1952 545; x_wconf 67' lang='grc' dir='ltr'>Ιιτιιο</span> <span class='ocrx_word' id='word_1_138' title='bbox 1988 495 2420 562; x_wconf 80' lang='lat' dir='ltr'><strong>exposuerimus,</strong></span> <span class='ocrx_word' id='word_1_139' title='bbox 2472 511 2577 550; x_wconf 88' lang='lat' dir='ltr'><strong>non</strong></span> <span class='ocrx_word' id='word_1_140' title='bbox 2613 499 3026 565; x_wconf 64' lang='lat' dir='ltr'><strong>praemuniendae</strong></span> <span class='ocrx_word' id='word_1_141' title='bbox 3063 501 3230 572; x_wconf 74' lang='grc'><strong>676</strong></span> <span class='ocrx_word' id='word_1_142' title='bbox 3268 507 3425 557; x_wconf 89' lang='lat' dir='ltr'><strong>modo</strong></span> 
     </span>
    </p>
   </div>
   <div class='ocr_carea' id='block_1_21' title="bbox 1835 580 3424 655">
    <p class='ocr_par' dir='ltr' id='par_1_21' title="bbox 1835 580 3424 655">
     <span class='ocr_line' id='line_1_21' title="bbox 1835 580 3424 655; baseline 0.008 -25"><span class='ocrx_word' id='word_1_143' title='bbox 1835 580 2093 651; x_wconf 73' lang='lat' dir='ltr'><strong>virgineze</strong></span> <span class='ocrx_word' id='word_1_144' title='bbox 2137 584 2460 653; x_wconf 84' lang='lat' dir='ltr'><strong>integritatis</strong></span> <span class='ocrx_word' id='word_1_145' title='bbox 2494 584 2698 653; x_wconf 84' lang='lat' dir='ltr'><strong>gratia,</strong></span> <span class='ocrx_word' id='word_1_146' title='bbox 2738 587 2834 638; x_wconf 72' lang='lat' dir='ltr'><strong>sed</strong></span> <span class='ocrx_word' id='word_1_147' title='bbox 2866 587 3028 640; x_wconf 89' lang='lat' dir='ltr'><strong>etiam</strong></span> <span class='ocrx_word' id='word_1_148' title='bbox 3076 599 3135 639; x_wconf 91' lang='lat' dir='ltr'><strong>ut</strong></span> <span class='ocrx_word' id='word_1_149' title='bbox 3166 588 3424 655; x_wconf 84' lang='lat' dir='ltr'><strong>plurimos</strong></span> 
     </span>
    </p>
   </div>
   <div class='ocr_carea' id='block_1_22' title="bbox 1835 670 3420 747">
    <p class='ocr_par' dir='ltr' id='par_1_22' title="bbox 1835 670 3420 747">
     <span class='ocr_line' id='line_1_22' title="bbox 1835 670 3420 747; baseline 0.004 -22"><span class='ocrx_word' id='word_1_150' title='bbox 1835 670 2094 738; x_wconf 75' lang='lat' dir='ltr'><strong>ejusmodi</strong></span> <span class='ocrx_word' id='word_1_151' title='bbox 2123 676 2425 740; x_wconf 84' lang='lat' dir='ltr'><strong>eunuchos,</strong></span> <span class='ocrx_word' id='word_1_152' title='bbox 2452 679 2542 745; x_wconf 87' lang='lat' dir='ltr'><strong>qui</strong></span> <span class='ocrx_word' id='word_1_153' title='bbox 2564 678 2678 747; x_wconf 87' lang='lat' dir='ltr'><strong>jam</strong></span> <span class='ocrx_word' id='word_1_154' title='bbox 2710 679 2762 732; x_wconf 91' lang='lat' dir='ltr'><strong>in</strong></span> <span class='ocrx_word' id='word_1_155' title='bbox 2796 678 3028 731; x_wconf 76' lang='lat' dir='ltr'><strong>Ecclesia</strong></span> <span class='ocrx_word' id='word_1_156' title='bbox 3057 678 3420 739; x_wconf 77' lang='lat' dir='ltr'><strong>inralueruat.</strong></span> 
     </span>
    </p>
   </div>
   <div class='ocr_carea' id='block_1_23' title="bbox 1835 767 3420 837">
    <p class='ocr_par' dir='ltr' id='par_1_23' title="bbox 1835 767 3420 837">
     <span class='ocr_line' id='line_1_23' title="bbox 1835 767 3420 837; baseline 0.007 -24"><span class='ocrx_word' id='word_1_157' title='bbox 1835 778 2084 818; x_wconf 80' lang='lat' dir='ltr'><strong>coercere</strong></span> <span class='ocrx_word' id='word_1_158' title='bbox 2108 780 2447 822; x_wconf 78' lang='lat' dir='ltr'><strong>conaremur.</strong></span> <span class='ocrx_word' id='word_1_159' title='bbox 2480 767 2832 837; x_wconf 76' lang='lat' dir='ltr'><strong>Perspicuum</strong></span> <span class='ocrx_word' id='word_1_160' title='bbox 2858 780 2938 822; x_wconf 83' lang='lat' dir='ltr'><strong>est</strong></span> <span class='ocrx_word' id='word_1_161' title='bbox 2962 771 3103 822; x_wconf 90' lang='lat' dir='ltr'><strong>enim</strong></span> <span class='ocrx_word' id='word_1_162' title='bbox 3127 785 3261 837; x_wconf 89' lang='lat' dir='ltr'><strong>opus</strong></span> <span class='ocrx_word' id='word_1_163' title='bbox 3293 771 3420 824; x_wconf 84' lang='lat' dir='ltr'><strong>illud</strong></span> 
     </span>
    </p>
   </div>
   <div class='ocr_carea' id='block_1_24' title="bbox 1836 856 3420 929">
    <p class='ocr_par' dir='ltr' id='par_1_24' title="bbox 1836 856 3420 929">
     <span class='ocr_line' id='line_1_24' title="bbox 1836 856 3420 929; baseline 0.002 -20"><span class='ocrx_word' id='word_1_164' title='bbox 1836 856 2097 910; x_wconf 64' lang='lat' dir='ltr'><strong>daemonis</strong></span> <span class='ocrx_word' id='word_1_165' title='bbox 2135 871 2255 912; x_wconf 88' lang='lat' dir='ltr'><strong>esse</strong></span> <span class='ocrx_word' id='word_1_166' title='bbox 2289 859 2583 926; x_wconf 85' lang='lat' dir='ltr'><strong>astutiam;</strong></span> <span class='ocrx_word' id='word_1_167' title='bbox 2635 858 3069 928; x_wconf 90' lang='lat' dir='ltr'><strong>quandoquidem</strong></span> <span class='ocrx_word' id='word_1_168' title='bbox 3104 862 3252 929; x_wconf 89' lang='lat' dir='ltr'><strong>prior</strong></span> <span class='ocrx_word' id='word_1_169' title='bbox 3288 874 3420 914; x_wconf 75' lang='lat' dir='ltr'><strong>:etas</strong></span> 
     </span>
    </p>
   </div>
   <div class='ocr_carea' id='block_1_25' title="bbox 1832 948 3419 1019">
    <p class='ocr_par' dir='ltr' id='par_1_25' title="bbox 1832 948 3419 1019">
     <span class='ocr_line' id='line_1_25' title="bbox 1832 948 3419 1019; baseline 0.002 -20"><span class='ocrx_word' id='word_1_170' title='bbox 1832 948 2110 1004; x_wconf 82' lang='lat' dir='ltr'><strong>eunuchos</strong></span> <span class='ocrx_word' id='word_1_171' title='bbox 2144 951 2282 1017; x_wconf 89' lang='lat' dir='ltr'><strong>apud</strong></span> <span class='ocrx_word' id='word_1_172' title='bbox 2336 951 2588 1019; x_wconf 82' lang='lat' dir='ltr'><strong>gentiles,</strong></span> <span class='ocrx_word' id='word_1_173' title='bbox 2638 966 2702 1004; x_wconf 86' lang='lat' dir='ltr'><strong>ac</strong></span> <span class='ocrx_word' id='word_1_174' title='bbox 2735 952 2899 1004; x_wconf 85' lang='lat' dir='ltr'><strong>etiam</strong></span> <span class='ocrx_word' id='word_1_175' title='bbox 2956 966 3099 1004; x_wconf 91' lang='lat' dir='ltr'><strong>nunc</strong></span> <span class='ocrx_word' id='word_1_176' title='bbox 3150 953 3288 1019; x_wconf 83' lang='lat' dir='ltr'><strong>apud</strong></span> <span class='ocrx_word' id='word_1_177' title='bbox 3323 965 3419 1004; x_wconf 90' lang='lat' dir='ltr'><strong>nos</strong></span> 
     </span>
    </p>
   </div>
   <div class='ocr_carea' id='block_1_26' title="bbox 1834 1039 3421 1109">
    <p class='ocr_par' dir='ltr' id='par_1_26' title="bbox 1834 1039 3421 1109">
     <span class='ocr_line' id='line_1_26' title="bbox 1834 1039 3421 1109; baseline 0.003 -20"><span class='ocrx_word' id='word_1_178' title='bbox 1834 1039 2064 1092; x_wconf 81' lang='lat' dir='ltr'><strong>absurde</strong></span> <span class='ocrx_word' id='word_1_179' title='bbox 2096 1040 2417 1105; x_wconf 77' lang='lat' dir='ltr'><strong>introduxit,</strong></span> <span class='ocrx_word' id='word_1_180' title='bbox 2457 1041 2834 1108; x_wconf 77' lang='lat' dir='ltr'><strong>castitatisque</strong></span> <span class='ocrx_word' id='word_1_181' title='bbox 2865 1054 3085 1107; x_wconf 86' lang='lat' dir='ltr'><strong>nomen,</strong></span> <span class='ocrx_word' id='word_1_182' title='bbox 3121 1044 3261 1109; x_wconf 91' lang='lat' dir='ltr'><strong>quod</strong></span> <span class='ocrx_word' id='word_1_183' title='bbox 3291 1053 3421 1095; x_wconf 88' lang='lat' dir='ltr'><strong>tunc</strong></span> 
     </span>
    </p>
   </div>
   <div class='ocr_carea' id='block_1_27' title="bbox 1834 1130 3419 1198">
    <p class='ocr_par' dir='ltr' id='par_1_27' title="bbox 1834 1130 3419 1198">
     <span class='ocr_line' id='line_1_27' title="bbox 1834 1130 3419 1198; baseline 0.003 -17"><span class='ocrx_word' id='word_1_184' title='bbox 1834 1130 2140 1198; x_wconf 82' lang='lat' dir='ltr'><strong>ltujnsmodi</strong></span> <span class='ocrx_word' id='word_1_185' title='bbox 2164 1131 2466 1186; x_wconf 77' lang='lat' dir='ltr'><strong>exsectioui</strong></span> <span class='ocrx_word' id='word_1_186' title='bbox 2494 1134 2676 1187; x_wconf 88' lang='lat' dir='ltr'><strong>datunt</strong></span> <span class='ocrx_word' id='word_1_187' title='bbox 2706 1132 2900 1194; x_wconf 83' lang='lat' dir='ltr'><strong>fuerat.</strong></span> <span class='ocrx_word' id='word_1_188' title='bbox 2927 1133 3064 1186; x_wconf 88' lang='lat' dir='ltr'><strong>idem</strong></span> <span class='ocrx_word' id='word_1_189' title='bbox 3085 1134 3246 1186; x_wconf 87' lang='lat' dir='ltr'><strong>etiam</strong></span> <span class='ocrx_word' id='word_1_190' title='bbox 3276 1147 3419 1186; x_wconf 89' lang='lat' dir='ltr'><strong>nunc</strong></span> 
     </span>
    </p>
   </div>
   <div class='ocr_carea' id='block_1_28' title="bbox 1834 1220 3417 1288">
    <p class='ocr_par' dir='ltr' id='par_1_28' title="bbox 1834 1220 3417 1288">
     <span class='ocr_line' id='line_1_28' title="bbox 1834 1220 3417 1288; baseline 0.003 -19"><span class='ocrx_word' id='word_1_191' title='bbox 1834 1228 2019 1272; x_wconf 81' lang='lat' dir='ltr'><strong>contra</strong></span> <span class='ocrx_word' id='word_1_192' title='bbox 2061 1229 2310 1275; x_wconf 90' lang='lat' dir='ltr'><strong>naturam</strong></span> <span class='ocrx_word' id='word_1_193' title='bbox 2358 1222 2661 1276; x_wconf 71' lang='lat' dir='ltr'><strong>innovavit.</strong></span> <span class='ocrx_word' id='word_1_194' title='bbox 2693 1220 2785 1274; x_wconf 78' lang='lat' dir='ltr'><strong>Est</strong></span> <span class='ocrx_word' id='word_1_195' title='bbox 2817 1221 2963 1273; x_wconf 88' lang='lat' dir='ltr'><strong>enim</strong></span> <span class='ocrx_word' id='word_1_196' title='bbox 3008 1221 3176 1274; x_wconf 84' lang='lat' dir='ltr'><strong>solers</strong></span> <span class='ocrx_word' id='word_1_197' title='bbox 3224 1220 3293 1282; x_wconf 91' lang='lat' dir='ltr'><strong>is,</strong></span> <span class='ocrx_word' id='word_1_198' title='bbox 3324 1221 3417 1288; x_wconf 90' lang='lat' dir='ltr'><strong>qui</strong></span> 
     </span>
    </p>
   </div>
   <div class='ocr_carea' id='block_1_29' title="bbox 1834 1309 3418 1378">
    <p class='ocr_par' dir='ltr' id='par_1_29' title="bbox 1834 1309 3418 1378">
     <span class='ocr_line' id='line_1_29' title="bbox 1834 1309 3418 1378; baseline 0 -16"><span class='ocrx_word' id='word_1_199' title='bbox 1834 1318 2030 1364; x_wconf 72' lang='lat' dir='ltr'><strong>nostra-</strong></span> <span class='ocrx_word' id='word_1_200' title='bbox 2065 1310 2116 1364; x_wconf 94' lang='lat' dir='ltr'><strong>iu</strong></span> <span class='ocrx_word' id='word_1_201' title='bbox 2160 1310 2443 1365; x_wconf 84' lang='lat' dir='ltr'><strong>Dominum</strong></span> <span class='ocrx_word' id='word_1_202' title='bbox 2499 1312 2623 1365; x_wconf 83' lang='lat' dir='ltr'><strong>ﬁdei</strong></span> <span class='ocrx_word' id='word_1_203' title='bbox 2677 1311 2986 1373; x_wconf 82' lang='lat' dir='ltr'><strong>insidiatur,</strong></span> <span class='ocrx_word' id='word_1_204' title='bbox 3038 1324 3133 1378; x_wconf 84' lang='lat' dir='ltr'><strong>per</strong></span> <span class='ocrx_word' id='word_1_205' title='bbox 3173 1309 3225 1362; x_wconf 90' lang='lat' dir='ltr'><strong>id</strong></span> <span class='ocrx_word' id='word_1_206' title='bbox 3275 1311 3418 1377; x_wconf 89' lang='lat' dir='ltr'><strong>quod</strong></span> 
     </span>
    </p>
   </div>
   <div class='ocr_carea' id='block_1_30' title="bbox 1834 1401 3416 1471">
    <p class='ocr_par' dir='ltr' id='par_1_30' title="bbox 1834 1401 3416 1471">
     <span class='ocr_line' id='line_1_30' title="bbox 1834 1401 3416 1471; baseline 0 -18"><span class='ocrx_word' id='word_1_207' title='bbox 1834 1403 2004 1456; x_wconf 82' lang='lat' dir='ltr'><strong>virtus</strong></span> <span class='ocrx_word' id='word_1_208' title='bbox 2024 1417 2144 1457; x_wconf 85' lang='lat' dir='ltr'><strong>esse</strong></span> <span class='ocrx_word' id='word_1_209' title='bbox 2173 1405 2434 1469; x_wconf 83' lang='lat' dir='ltr'><strong>creditur,</strong></span> <span class='ocrx_word' id='word_1_210' title='bbox 2480 1403 2679 1455; x_wconf 89' lang='lat' dir='ltr'><strong>malttnt</strong></span> <span class='ocrx_word' id='word_1_211' title='bbox 2712 1403 2952 1471; x_wconf 69' lang='grc' dir='ltr'>(ψει-επὶ,</span> <span class='ocrx_word' id='word_1_212' title='bbox 2982 1401 3122 1470; x_wconf 90' lang='lat' dir='ltr'><strong>quod</strong></span> <span class='ocrx_word' id='word_1_213' title='bbox 3154 1402 3323 1469; x_wconf 89' lang='lat' dir='ltr'><strong>ipsum</strong></span> <span class='ocrx_word' id='word_1_214' title='bbox 3348 1413 3416 1453; x_wconf 78' lang='lat' dir='ltr'><strong>ex</strong></span> 
     </span>
    </p>
   </div>
   <div class='ocr_carea' id='block_1_31' title="bbox 1831 1491 3417 1560">
    <p class='ocr_par' dir='ltr' id='par_1_31' title="bbox 1831 1491 3417 1560">
     <span class='ocr_line' id='line_1_31' title="bbox 1831 1491 3417 1560; baseline 0.002 -18"><span class='ocrx_word' id='word_1_215' title='bbox 1831 1492 2116 1557; x_wconf 65' lang='lat' dir='ltr'><strong>prteteritis</strong></span> <span class='ocrx_word' id='word_1_216' title='bbox 2131 1491 2561 1545; x_wconf 80' lang='lat' dir='ltr'><strong>animadvertere</strong></span> <span class='ocrx_word' id='word_1_217' title='bbox 2585 1491 2637 1544; x_wconf 91' lang='lat' dir='ltr'><strong>in</strong></span> <span class='ocrx_word' id='word_1_218' title='bbox 2667 1502 2913 1560; x_wconf 90' lang='lat' dir='ltr'><strong>promptu</strong></span> <span class='ocrx_word' id='word_1_219' title='bbox 2936 1501 3037 1544; x_wconf 90' lang='lat' dir='ltr'><strong>est.</strong></span> <span class='ocrx_word' id='word_1_220' title='bbox 3054 1491 3417 1557; x_wconf 79' lang='lat' dir='ltr'><strong>Quemadmo-</strong></span> 
     </span>
    </p>
   </div>
   <div class='ocr_carea' id='block_1_32' title="bbox 1831 1580 3419 1651">
    <p class='ocr_par' dir='ltr' id='par_1_32' title="bbox 1831 1580 3419 1651">
     <span class='ocr_line' id='line_1_32' title="bbox 1831 1580 3419 1651; baseline 0.001 -19"><span class='ocrx_word' id='word_1_221' title='bbox 1831 1580 1959 1632; x_wconf 88' lang='lat' dir='ltr'><strong>dum</strong></span> <span class='ocrx_word' id='word_1_222' title='bbox 1997 1580 2139 1633; x_wconf 88' lang='lat' dir='ltr'><strong>enim</strong></span> <span class='ocrx_word' id='word_1_223' title='bbox 2166 1596 2231 1634; x_wconf 78' lang='lat' dir='ltr'><strong>ex</strong></span> <span class='ocrx_word' id='word_1_224' title='bbox 2270 1580 2465 1648; x_wconf 86' lang='lat' dir='ltr'><strong>quibus</strong></span> <span class='ocrx_word' id='word_1_225' title='bbox 2494 1582 2659 1634; x_wconf 88' lang='lat' dir='ltr'><strong>Deum</strong></span> <span class='ocrx_word' id='word_1_226' title='bbox 2692 1581 2947 1651; x_wconf 81' lang='lat' dir='ltr'><strong>cognosci</strong></span> <span class='ocrx_word' id='word_1_227' title='bbox 2986 1582 3291 1649; x_wconf 89' lang='lat' dir='ltr'><strong>oportebat,</strong></span> <span class='ocrx_word' id='word_1_228' title='bbox 3321 1594 3419 1647; x_wconf 85' lang='lat' dir='ltr'><strong>per</strong></span> 
     </span>
    </p>
   </div>
   <div class='ocr_carea' id='block_1_33' title="bbox 1830 1670 3418 1742">
    <p class='ocr_par' dir='ltr' id='par_1_33' title="bbox 1830 1670 3418 1742">
     <span class='ocr_line' id='line_1_33' title="bbox 1830 1670 3418 1742; baseline -0.001 -17"><span class='ocrx_word' id='word_1_229' title='bbox 1830 1685 1892 1725; x_wconf 88' lang='lat' dir='ltr'><strong>ea</strong></span> <span class='ocrx_word' id='word_1_230' title='bbox 1924 1672 2125 1736; x_wconf 80' lang='lat' dir='ltr'><strong>cﬂecit,</strong></span> <span class='ocrx_word' id='word_1_231' title='bbox 2173 1682 2232 1726; x_wconf 93' lang='lat' dir='ltr'><strong>ut</strong></span> <span class='ocrx_word' id='word_1_232' title='bbox 2280 1672 2446 1726; x_wconf 89' lang='lat' dir='ltr'><strong>Deum</strong></span> <span class='ocrx_word' id='word_1_233' title='bbox 2494 1674 2724 1742; x_wconf 81' lang='lat' dir='ltr'><strong>gentiles</strong></span> <span class='ocrx_word' id='word_1_234' title='bbox 2779 1674 3089 1741; x_wconf 88' lang='lat' dir='ltr'><strong>ignorarent</strong></span> <span class='ocrx_word' id='word_1_235' title='bbox 3145 1670 3418 1740; x_wconf 88' lang='lat' dir='ltr'><strong>(mundus</strong></span> 
     </span>
    </p>
   </div>
   <div class='ocr_carea' id='block_1_34' title="bbox 137 1735 1705 1840">
    <p class='ocr_par' dir='ltr' id='par_1_34' title="bbox 137 1735 1705 1840">
     <span class='ocr_line' id='line_1_34' title="bbox 137 1735 1705 1840; baseline 0.008 -31"><span class='ocrx_word' id='word_1_236' title='bbox 137 1774 284 1827; x_wconf 87' lang='grc' dir='ltr'>νυμα</span> <span class='ocrx_word' id='word_1_237' title='bbox 304 1774 320 1787; x_wconf 65' lang='grc' dir='ltr'>θ</span> <span class='ocrx_word' id='word_1_238' title='bbox 354 1760 402 1811; x_wconf 78' lang='grc' dir='ltr'><strong>οἱ</strong></span> <span class='ocrx_word' id='word_1_239' title='bbox 452 1735 509 1812; x_wconf 69' lang='grc' dir='ltr'><strong>δὲ</strong></span> <span class='ocrx_word' id='word_1_240' title='bbox 557 1735 666 1813; x_wconf 78' lang='grc' dir='ltr'><strong>ἀπὸ</strong></span> <span class='ocrx_word' id='word_1_241' title='bbox 703 1762 798 1815; x_wconf 87' lang='grc' dir='ltr'><strong>τοῦ</strong></span> <span class='ocrx_word' id='word_1_242' title='bbox 851 1735 1084 1828; x_wconf 74' lang='grc' dir='ltr'>κάλλους</span> <span class='ocrx_word' id='word_1_243' title='bbox 1114 1766 1224 1819; x_wconf 85' lang='grc' dir='ltr'><strong>τῶν</strong></span> <span class='ocrx_word' id='word_1_244' title='bbox 1245 1735 1573 1839; x_wconf 67' lang='grc' dir='ltr'><strong>⁷ὁρῶμιένων</strong></span> <span class='ocrx_word' id='word_1_245' title='bbox 1606 1735 1705 1840; x_wconf 51' lang='grc' dir='ltr'>ούέ</span> 
     </span>
    </p>
   </div>
   <div class='ocr_carea' id='block_1_35' title="bbox 1851 1735 3416 1840">
    <p class='ocr_par' dir='ltr' id='par_1_35' title="bbox 1851 1760 3416 1834">
     <span class='ocr_line' id='line_1_35' title="bbox 1851 1760 3416 1834; baseline 0 -18"><span class='ocrx_word' id='word_1_246' title='bbox 1851 1764 1972 1816; x_wconf 71' lang='lat' dir='ltr'><strong>enim</strong></span> <span class='ocrx_word' id='word_1_247' title='bbox 2008 1764 2285 1819; x_wconf 81' lang='lat' dir='ltr'><strong>Creatoris</strong></span> <span class='ocrx_word' id='word_1_248' title='bbox 2336 1760 2667 1834; x_wconf 81' lang='lat' dir='ltr'><strong>propositum</strong></span> <span class='ocrx_word' id='word_1_249' title='bbox 2717 1774 2801 1820; x_wconf 88' lang='lat' dir='ltr'><strong>est</strong></span> <span class='ocrx_word' id='word_1_250' title='bbox 2852 1764 3288 1829; x_wconf 83' lang='lat' dir='ltr'><strong>monumentum;</strong></span> <span class='ocrx_word' id='word_1_251' title='bbox 3330 1762 3416 1816; x_wconf 84' lang='lat' dir='ltr'><strong>isti</strong></span> 
     </span>
    </p>
   </div>
   <div class='ocr_carea' id='block_1_36' title="bbox 133 1848 1725 1931">
    <p class='ocr_par' dir='ltr' id='par_1_36' title="bbox 133 1848 1725 1931">
     <span class='ocr_line' id='line_1_36' title="bbox 133 1848 1725 1931; baseline 0.008 -30"><span class='ocrx_word' id='word_1_252' title='bbox 133 1848 420 1917; x_wconf 76' lang='grc' dir='ltr'>ἀναλόγως</span> <span class='ocrx_word' id='word_1_253' title='bbox 459 1850 523 1903; x_wconf 79' lang='grc' dir='ltr'>τὸ</span> <span class='ocrx_word' id='word_1_254' title='bbox 564 1851 762 1917; x_wconf 86' lang='grc' dir='ltr'>κάλλος</span> <span class='ocrx_word' id='word_1_255' title='bbox 789 1854 882 1907; x_wconf 90' lang='grc' dir='ltr'><strong>τοῦ</strong></span> <span class='ocrx_word' id='word_1_256' title='bbox 910 1857 1134 1927; x_wconf 88' lang='grc' dir='ltr'>ποιητοῦ</span> <span class='ocrx_word' id='word_1_257' title='bbox 1159 1857 1365 1912; x_wconf 84' lang='grc' dir='ltr'>τούτων</span> <span class='ocrx_word' id='word_1_258' title='bbox 1399 1859 1508 1931; x_wconf 82' lang='grc'>(55)</span> <span class='ocrx_word' id='word_1_259' title='bbox 1543 1860 1725 1925; x_wconf 79' lang='grc' dir='ltr'><strong>ἐδόξα-</strong></span> 
     </span>
    </p>
   </div>
   <div class='ocr_carea' id='block_1_37' title="bbox 136 1939 1725 2021">
    <p class='ocr_par' dir='ltr' id='par_1_37' title="bbox 136 1939 1725 2021">
     <span class='ocr_line' id='line_1_37' title="bbox 136 1939 1725 2021; baseline 0.008 -30"><span class='ocrx_word' id='word_1_260' title='bbox 136 1956 257 2002; x_wconf 81' lang='grc' dir='ltr'>σαν,</span> <span class='ocrx_word' id='word_1_261' title='bbox 308 1939 432 1992; x_wconf 84' lang='grc' dir='ltr'>ἀλλ’</span> <span class='ocrx_word' id='word_1_262' title='bbox 484 1942 861 2013; x_wconf 76' lang='grc' dir='ltr'>ἐσεϐάσθησαν</span> <span class='ocrx_word' id='word_1_263' title='bbox 915 1946 1011 2000; x_wconf 74' lang='grc' dir='ltr'>καὶ</span> <span class='ocrx_word' id='word_1_264' title='bbox 1061 1947 1391 2020; x_wconf 77' lang='grc' dir='ltr'>ἐλάτρευσαν</span> <span class='ocrx_word' id='word_1_265' title='bbox 1434 1952 1500 2021; x_wconf 80' lang='grc' dir='ltr'>τῇ</span> <span class='ocrx_word' id='word_1_266' title='bbox 1550 1952 1725 2004; x_wconf 78' lang='grc' dir='ltr'>κτίσει</span> 
     </span>
    </p>
   </div>
   <div class='ocr_carea' id='block_1_38' title="bbox 136 2028 1727 2112">
    <p class='ocr_par' dir='ltr' id='par_1_38' title="bbox 136 2028 1727 2112">
     <span class='ocr_line' id='line_1_38' title="bbox 136 2028 1727 2112; baseline 0.008 -31"><span class='ocrx_word' id='word_1_267' title='bbox 136 2028 289 2099; x_wconf 84' lang='grc' dir='ltr'><strong>παρά</strong></span> <span class='ocrx_word' id='word_1_268' title='bbox 324 2030 422 2084; x_wconf 80' lang='grc' dir='ltr'><strong>τὸν</strong></span> <span class='ocrx_word' id='word_1_269' title='bbox 453 2030 781 2103; x_wconf 87' lang='grc' dir='ltr'>κτίσαντα)·</span> <span class='ocrx_word' id='word_1_270' title='bbox 811 2036 905 2089; x_wconf 72' lang='grc' dir='ltr'><strong>καὶ</strong></span> <span class='ocrx_word' id='word_1_271' title='bbox 931 2037 1007 2101; x_wconf 84' lang='grc' dir='ltr'>ὡς</span> <span class='ocrx_word' id='word_1_272' title='bbox 1033 2038 1100 2091; x_wconf 88' lang='grc' dir='ltr'><strong>δι’</strong></span> <span class='ocrx_word' id='word_1_273' title='bbox 1125 2032 1198 2092; x_wconf 82' lang='grc' dir='ltr'>ὧν</span> <span class='ocrx_word' id='word_1_274' title='bbox 1228 2038 1331 2092; x_wconf 77' lang='grc' dir='ltr'>ἔδει</span> <span class='ocrx_word' id='word_1_275' title='bbox 1363 2040 1567 2108; x_wconf 88' lang='grc' dir='ltr'>γνῶναι</span> <span class='ocrx_word' id='word_1_276' title='bbox 1595 2042 1727 2112; x_wconf 90' lang='grc' dir='ltr'>Χρι-</span> 
     </span>
    </p>
   </div>
   <div class='ocr_carea' id='block_1_39' title="bbox 138 2121 1724 2202">
    <p class='ocr_par' dir='ltr' id='par_1_39' title="bbox 138 2121 1724 2202">
     <span class='ocr_line' id='line_1_39' title="bbox 138 2121 1724 2202; baseline 0.009 -29"><span class='ocrx_word' id='word_1_277' title='bbox 138 2121 282 2188; x_wconf 77' lang='grc' dir='ltr'>στὸν,</span> <span class='ocrx_word' id='word_1_278' title='bbox 332 2122 403 2175; x_wconf 84' lang='grc' dir='ltr'><strong>δι’</strong></span> <span class='ocrx_word' id='word_1_279' title='bbox 440 2126 666 2180; x_wconf 75' lang='grc' dir='ltr'>ἐκείνων</span> <span class='ocrx_word' id='word_1_280' title='bbox 703 2127 967 2199; x_wconf 83' lang='grc' dir='ltr'>ἀγνοῆσαι</span> <span class='ocrx_word' id='word_1_281' title='bbox 1013 2132 1448 2202; x_wconf 77' lang='grc' dir='ltr'>παρασκευάζει,</span> <span class='ocrx_word' id='word_1_282' title='bbox 1488 2133 1577 2187; x_wconf 81' lang='grc' dir='ltr'><strong>διὰ</strong></span> <span class='ocrx_word' id='word_1_283' title='bbox 1615 2135 1724 2187; x_wconf 89' lang='grc' dir='ltr'><strong>τῶν</strong></span> 
     </span>
    </p>
   </div>
   <div class='ocr_carea' id='block_1_40' title="bbox 136 2217 1725 2297">
    <p class='ocr_par' dir='ltr' id='par_1_40' title="bbox 136 2217 1725 2297">
     <span class='ocr_line' id='line_1_40' title="bbox 136 2217 1725 2297; baseline 0.008 -31"><span class='ocrx_word' id='word_1_284' title='bbox 136 2217 556 2286; x_wconf 80' lang='grc' dir='ltr'>κηρυσσουσῶν,</span> <span class='ocrx_word' id='word_1_285' title='bbox 589 2222 752 2290; x_wconf 79' lang='grc' dir='ltr'>φημί,</span> <span class='ocrx_word' id='word_1_286' title='bbox 784 2222 1017 2293; x_wconf 83' lang='grc' dir='ltr'>Γραφῶν</span> <span class='ocrx_word' id='word_1_287' title='bbox 1042 2224 1133 2277; x_wconf 81' lang='grc' dir='ltr'><strong>τὸν</strong></span> <span class='ocrx_word' id='word_1_288' title='bbox 1160 2225 1394 2296; x_wconf 78' lang='grc' dir='ltr'>Χριστὸν</span> <span class='ocrx_word' id='word_1_289' title='bbox 1422 2229 1725 2297; x_wconf 86' lang='grc' dir='ltr'>αἱρετικαίς</span> 
     </span>
    </p>
   </div>
   <div class='ocr_carea' id='block_1_41' title="bbox 135 2307 1720 2388">
    <p class='ocr_par' dir='ltr' id='par_1_41' title="bbox 135 2307 1720 2388">
     <span class='ocr_line' id='line_1_41' title="bbox 135 2307 1720 2388; baseline 0.009 -30"><span class='ocrx_word' id='word_1_290' title='bbox 135 2307 369 2371; x_wconf 70' lang='grc' dir='ltr'>ἐννοίαις</span> <span class='ocrx_word' id='word_1_291' title='bbox 410 2308 510 2380; x_wconf 77' lang='grc' dir='ltr'><strong>τὴν</strong></span> <span class='ocrx_word' id='word_1_292' title='bbox 557 2310 779 2378; x_wconf 82' lang='grc' dir='ltr'>ἄγνοιαν</span> <span class='ocrx_word' id='word_1_293' title='bbox 822 2313 1014 2367; x_wconf 87' lang='grc' dir='ltr'>τούτου</span> <span class='ocrx_word' id='word_1_294' title='bbox 1055 2315 1245 2379; x_wconf 83' lang='grc' dir='ltr'>δεινῶς</span> <span class='ocrx_word' id='word_1_295' title='bbox 1296 2317 1720 2388; x_wconf 87' lang='grc' dir='ltr'>μηχανώμενος·</span> 
     </span>
    </p>
   </div>
   <div class='ocr_carea' id='block_1_42' title="bbox 136 2397 1725 2481">
    <p class='ocr_par' dir='ltr' id='par_1_42' title="bbox 136 2397 1725 2481">
     <span class='ocr_line' id='line_1_42' title="bbox 136 2397 1725 2481; baseline 0.009 -32"><span class='ocrx_word' id='word_1_296' title='bbox 136 2398 228 2450; x_wconf 80' lang='grc' dir='ltr'>καὶ</span> <span class='ocrx_word' id='word_1_297' title='bbox 290 2397 370 2461; x_wconf 80' lang='grc' dir='ltr'>ὡς</span> <span class='ocrx_word' id='word_1_298' title='bbox 432 2401 509 2470; x_wconf 83' lang='grc' dir='ltr'>τῷ</span> <span class='ocrx_word' id='word_1_299' title='bbox 566 2404 988 2474; x_wconf 82' lang='grc' dir='ltr'>πεπιστευμένῳ</span> <span class='ocrx_word' id='word_1_300' title='bbox 1047 2406 1273 2476; x_wconf 81' lang='grc' dir='ltr'>ὀνόματι</span> <span class='ocrx_word' id='word_1_301' title='bbox 1328 2408 1423 2461; x_wconf 87' lang='grc' dir='ltr'><strong>τοῦ</strong></span> <span class='ocrx_word' id='word_1_302' title='bbox 1484 2409 1725 2481; x_wconf 78' lang='grc' dir='ltr'>Χριστοῦ</span> 
     </span>
    </p>
   </div>
   <div class='ocr_carea' id='block_1_43' title="bbox 134 2488 1722 2573">
    <p class='ocr_par' dir='ltr' id='par_1_43' title="bbox 134 2488 1722 2573">
     <span class='ocr_line' id='line_1_43' title="bbox 134 2488 1722 2573; baseline 0.01 -33"><span class='ocrx_word' id='word_1_303' title='bbox 134 2488 396 2543; x_wconf 79' lang='grc' dir='ltr'>ἀπιστίαν</span> <span class='ocrx_word' id='word_1_304' title='bbox 433 2509 493 2544; x_wconf 88' lang='grc' dir='ltr'><strong>τε</strong></span> <span class='ocrx_word' id='word_1_305' title='bbox 527 2494 622 2547; x_wconf 77' lang='grc' dir='ltr'><strong>καὶ</strong></span> <span class='ocrx_word' id='word_1_306' title='bbox 647 2494 875 2566; x_wconf 80' lang='grc' dir='ltr'>ἄρνησιν</span> <span class='ocrx_word' id='word_1_307' title='bbox 902 2497 996 2549; x_wconf 88' lang='grc' dir='ltr'><strong>τοῦ</strong></span> <span class='ocrx_word' id='word_1_308' title='bbox 1024 2498 1261 2569; x_wconf 76' lang='grc' dir='ltr'>Χριστοῦ</span> <span class='ocrx_word' id='word_1_309' title='bbox 1287 2500 1612 2573; x_wconf 84' lang='grc' dir='ltr'>πανούργως</span> <span class='ocrx_word' id='word_1_310' title='bbox 1642 2504 1722 2555; x_wconf 81' lang='grc' dir='ltr'>ἐν·</span> 
     </span>
    </p>
   </div>
   <div class='ocr_carea' id='block_1_44' title="bbox 133 2580 1723 2662">
    <p class='ocr_par' dir='ltr' id='par_1_44' title="bbox 133 2580 1723 2662">
     <span class='ocr_line' id='line_1_44' title="bbox 133 2580 1723 2662; baseline 0.008 -31"><span class='ocrx_word' id='word_1_311' title='bbox 133 2580 369 2651; x_wconf 84' lang='grc' dir='ltr'>σπείρει,</span> <span class='ocrx_word' id='word_1_312' title='bbox 398 2581 543 2635; x_wconf 73' lang='grc' dir='ltr'>οὕτω</span> <span class='ocrx_word' id='word_1_313' title='bbox 575 2586 671 2637; x_wconf 79' lang='grc' dir='ltr'><strong>καὶ</strong></span> <span class='ocrx_word' id='word_1_314' title='bbox 690 2585 778 2639; x_wconf 79' lang='grc' dir='ltr'><strong>διὰ</strong></span> <span class='ocrx_word' id='word_1_315' title='bbox 800 2586 895 2638; x_wconf 85' lang='grc' dir='ltr'><strong>τοῦ</strong></span> <span class='ocrx_word' id='word_1_316' title='bbox 918 2587 1182 2655; x_wconf 84' lang='grc' dir='ltr'>ὀνόματος</span> <span class='ocrx_word' id='word_1_317' title='bbox 1210 2590 1307 2660; x_wconf 82' lang='grc' dir='ltr'>τῆς</span> <span class='ocrx_word' id='word_1_318' title='bbox 1335 2591 1602 2662; x_wconf 77' lang='grc' dir='ltr'>μυστικῆς</span> <span class='ocrx_word' id='word_1_319' title='bbox 1633 2592 1723 2643; x_wconf 79' lang='grc' dir='ltr'>εύ-</span> 
     </span>
    </p>
   </div>
   <div class='ocr_carea' id='block_1_45' title="bbox 133 2671 1725 2749">
    <p class='ocr_par' dir='ltr' id='par_1_45' title="bbox 133 2671 1725 2749">
     <span class='ocr_line' id='line_1_45' title="bbox 133 2671 1725 2749; baseline 0.009 -28"><span class='ocrx_word' id='word_1_320' title='bbox 133 2671 373 2739; x_wconf 82' lang='grc' dir='ltr'>νουχίσις,</span> <span class='ocrx_word' id='word_1_321' title='bbox 417 2672 645 2741; x_wconf 85' lang='grc' dir='ltr'>ὀνόματι</span> <span class='ocrx_word' id='word_1_322' title='bbox 680 2676 1036 2749; x_wconf 76' lang='grc' dir='ltr'>σωφροσύνης</span> <span class='ocrx_word' id='word_1_323' title='bbox 1088 2679 1397 2743; x_wconf 77' lang='grc' dir='ltr'>ἁποκόπους</span> <span class='ocrx_word' id='word_1_324' title='bbox 1448 2681 1544 2733; x_wconf 79' lang='grc' dir='ltr'><strong>καὶ</strong></span> <span class='ocrx_word' id='word_1_325' title='bbox 1593 2682 1725 2734; x_wconf 80' lang='grc' dir='ltr'>ἀκο-</span> 
     </span>
    </p>
   </div>
   <div class='ocr_carea' id='block_1_46' title="bbox 131 2760 1723 2844">
    <p class='ocr_par' dir='ltr' id='par_1_46' title="bbox 131 2760 1723 2844">
     <span class='ocr_line' id='line_1_46' title="bbox 131 2760 1723 2844; baseline 0.007 -29"><span class='ocrx_word' id='word_1_326' title='bbox 131 2760 362 2825; x_wconf 74' lang='grc' dir='ltr'>λάστους</span> <span class='ocrx_word' id='word_1_327' title='bbox 399 2763 713 2834; x_wconf 80' lang='grc' dir='ltr'>ἐργάζεται.</span> <span class='ocrx_word' id='word_1_328' title='bbox 752 2767 961 2821; x_wconf 76' lang='grc' dir='ltr'>Οὐκοῦν</span> <span class='ocrx_word' id='word_1_329' title='bbox 1004 2770 1124 2822; x_wconf 72' lang='grc' dir='ltr'>οὐδὲ</span> <span class='ocrx_word' id='word_1_330' title='bbox 1166 2771 1375 2834; x_wconf 86' lang='grc' dir='ltr'>τούτοις</span> <span class='ocrx_word' id='word_1_331' title='bbox 1416 2772 1723 2844; x_wconf 79' lang='grc' dir='ltr'>ἀδιαφόρως</span> 
     </span>
    </p>
   </div>
   <div class='ocr_carea' id='block_1_47' title="bbox 134 2853 1723 2935">
    <p class='ocr_par' dir='ltr' id='par_1_47' title="bbox 134 2853 1723 2935">
     <span class='ocr_line' id='line_1_47' title="bbox 134 2853 1723 2935; baseline 0.01 -33"><span class='ocrx_word' id='word_1_332' title='bbox 134 2853 599 2920; x_wconf 78' lang='grc' dir='ltr'>συναγελάζεσθαι</span> <span class='ocrx_word' id='word_1_333' title='bbox 633 2856 731 2928; x_wconf 76' lang='grc' dir='ltr'><strong>τὴν</strong></span> <span class='ocrx_word' id='word_1_334' title='bbox 763 2858 1034 2927; x_wconf 82' lang='grc' dir='ltr'>παρθένον</span> <span class='ocrx_word' id='word_1_335' title='bbox 1063 2862 1353 2932; x_wconf 81' lang='grc' dir='ltr'>προσήκει.</span> <span class='ocrx_word' id='word_1_336' title='bbox 1397 2863 1458 2916; x_wconf 79' lang='grc' dir='ltr'><strong>Εἰ</strong></span> <span class='ocrx_word' id='word_1_337' title='bbox 1486 2863 1595 2934; x_wconf 82' lang='grc' dir='ltr'>γὰρ</span> <span class='ocrx_word' id='word_1_338' title='bbox 1625 2863 1723 2935; x_wconf 82' lang='grc' dir='ltr'><strong>θή-</strong></span> 
     </span>
    </p>
   </div>
   <div class='ocr_carea' id='block_1_48' title="bbox 130 2944 1722 3024">
    <p class='ocr_par' dir='ltr' id='par_1_48' title="bbox 130 2944 1722 3024">
     <span class='ocr_line' id='line_1_48' title="bbox 130 2944 1722 3024; baseline 0.009 -29"><span class='ocrx_word' id='word_1_339' title='bbox 130 2944 265 2997; x_wconf 87' lang='grc' dir='ltr'>λειαι</span> <span class='ocrx_word' id='word_1_340' title='bbox 299 2945 551 3015; x_wconf 79' lang='grc' dir='ltr'>θηλείαις</span> <span class='ocrx_word' id='word_1_341' title='bbox 581 2949 674 3001; x_wconf 79' lang='grc' dir='ltr'><strong>ἐπὶ</strong></span> <span class='ocrx_word' id='word_1_342' title='bbox 707 2948 807 3020; x_wconf 83' lang='grc' dir='ltr'>τῆς</span> <span class='ocrx_word' id='word_1_343' title='bbox 846 2951 1017 3022; x_wconf 74' lang='grc' dir='ltr'>αὐτῆς</span> <span class='ocrx_word' id='word_1_344' title='bbox 1051 2953 1241 3024; x_wconf 88' lang='grc' dir='ltr'>κοίτης</span> <span class='ocrx_word' id='word_1_345' title='bbox 1270 2954 1594 3019; x_wconf 82' lang='grc' dir='ltr'>ὲνδιαθέτως</span> <span class='ocrx_word' id='word_1_346' title='bbox 1625 2974 1722 3011; x_wconf 83' lang='grc' dir='ltr'>πε-</span> 
     </span>
    </p>
   </div>
   <div class='ocr_carea' id='block_1_49' title="bbox 1828 1857 3418 1926">
    <p class='ocr_par' dir='ltr' id='par_1_49' title="bbox 1828 1857 3418 1926">
     <span class='ocr_line' id='line_1_49' title="bbox 1828 1857 3418 1926; baseline -0.001 -19"><span class='ocrx_word' id='word_1_347' title='bbox 1828 1866 2005 1908; x_wconf 87' lang='lat' dir='ltr'><strong>autem</strong></span> <span class='ocrx_word' id='word_1_348' title='bbox 2028 1871 2094 1908; x_wconf 84' lang='lat' dir='ltr'><strong>ex</strong></span> <span class='ocrx_word' id='word_1_349' title='bbox 2124 1858 2525 1924; x_wconf 81' lang='lat' dir='ltr'><strong>pulchritudine</strong></span> <span class='ocrx_word' id='word_1_350' title='bbox 2553 1874 2742 1912; x_wconf 87' lang='lat' dir='ltr'><strong>eorum</strong></span> <span class='ocrx_word' id='word_1_351' title='bbox 2771 1872 2890 1926; x_wconf 72' lang='lat' dir='ltr'><strong>quae</strong></span> <span class='ocrx_word' id='word_1_352' title='bbox 2915 1857 3184 1921; x_wconf 82' lang='lat' dir='ltr'><strong>videntur,</strong></span> <span class='ocrx_word' id='word_1_353' title='bbox 3213 1869 3418 1923; x_wconf 87' lang='lat' dir='ltr'><strong>nequa-</strong></span> 
     </span>
    </p>
   </div>
   <div class='ocr_carea' id='block_1_50' title="bbox 1827 1947 3415 2016">
    <p class='ocr_par' dir='ltr' id='par_1_50' title="bbox 1827 1947 3415 2016">
     <span class='ocr_line' id='line_1_50' title="bbox 1827 1947 3415 2016; baseline 0.003 -20"><span class='ocrx_word' id='word_1_354' title='bbox 1827 1962 2010 2015; x_wconf 83' lang='lat' dir='ltr'><strong>quam,</strong></span> <span class='ocrx_word' id='word_1_355' title='bbox 2047 1958 2104 2000; x_wconf 90' lang='lat' dir='ltr'><strong>ut</strong></span> <span class='ocrx_word' id='word_1_356' title='bbox 2138 1963 2234 2016; x_wconf 81' lang='lat' dir='ltr'><strong>par</strong></span> <span class='ocrx_word' id='word_1_357' title='bbox 2265 1957 2406 2012; x_wconf 89' lang='lat' dir='ltr'><strong>erat,</strong></span> <span class='ocrx_word' id='word_1_358' title='bbox 2446 1948 2906 2016; x_wconf 87' lang='lat' dir='ltr'><strong>pulchritudinem</strong></span> <span class='ocrx_word' id='word_1_359' title='bbox 2945 1948 3156 2000; x_wconf 90' lang='lat' dir='ltr'><strong>illorum</strong></span> <span class='ocrx_word' id='word_1_360' title='bbox 3204 1947 3415 2014; x_wconf 85' lang='lat' dir='ltr'><strong>opillcis</strong></span> 
     </span>
    </p>
   </div>
   <div class='ocr_carea' id='block_1_51' title="bbox 1827 2035 3416 2105">
    <p class='ocr_par' dir='ltr' id='par_1_51' title="bbox 1827 2035 3416 2105">
     <span class='ocr_line' id='line_1_51' title="bbox 1827 2035 3416 2105; baseline 0.001 -17"><span class='ocrx_word' id='word_1_361' title='bbox 1827 2035 2283 2105; x_wconf 80' lang='lat' dir='ltr'><strong>gloriﬁcaverunt,</strong></span> <span class='ocrx_word' id='word_1_362' title='bbox 2310 2039 2405 2092; x_wconf 87' lang='lat' dir='ltr'><strong>sed</strong></span> <span class='ocrx_word' id='word_1_363' title='bbox 2429 2038 2712 2091; x_wconf 84' lang='lat' dir='ltr'><strong>coluerunt</strong></span> <span class='ocrx_word' id='word_1_364' title='bbox 2742 2046 2795 2092; x_wconf 89' lang='lat' dir='ltr'><strong>et</strong></span> <span class='ocrx_word' id='word_1_365' title='bbox 2821 2038 3129 2091; x_wconf 82' lang='lat' dir='ltr'><strong>servierunt</strong></span> <span class='ocrx_word' id='word_1_366' title='bbox 3152 2047 3416 2089; x_wconf 64' lang='lat' dir='ltr'><strong>creatura</strong></span> 
     </span>
    </p>
   </div>
   <div class='ocr_carea' id='block_1_52' title="bbox 1828 2128 3416 2199">
    <p class='ocr_par' dir='ltr' id='par_1_52' title="bbox 1828 2128 3416 2199">
     <span class='ocr_line' id='line_1_52' title="bbox 1828 2128 3416 2199; baseline 0 -18"><span class='ocrx_word' id='word_1_367' title='bbox 1828 2128 2005 2196; x_wconf 81' lang='lat' dir='ltr'><strong>potius</strong></span> <span class='ocrx_word' id='word_1_368' title='bbox 2034 2144 2193 2197; x_wconf 88' lang='lat' dir='ltr'><strong>qttatn</strong></span> <span class='ocrx_word' id='word_1_369' title='bbox 2219 2130 2451 2183; x_wconf 88' lang='lat' dir='ltr'><strong>creatori</strong></span> <span class='ocrx_word' id='word_1_370' title='bbox 2479 2129 2549 2199; x_wconf 72' lang='lat'><strong>“)</strong></span> <span class='ocrx_word' id='word_1_371' title='bbox 2575 2139 2663 2182; x_wconf 88' lang='lat' dir='ltr'><strong>:et</strong></span> <span class='ocrx_word' id='word_1_372' title='bbox 2687 2128 3141 2199; x_wconf 70' lang='lat' dir='ltr'><strong>quemadmodum</strong></span> <span class='ocrx_word' id='word_1_373' title='bbox 3165 2142 3259 2197; x_wconf 76' lang='lat' dir='ltr'><strong>per</strong></span> <span class='ocrx_word' id='word_1_374' title='bbox 3294 2142 3416 2196; x_wconf 69' lang='lat' dir='ltr'><strong>quae</strong></span> 
     </span>
    </p>
   </div>
   <div class='ocr_carea' id='block_1_53' title="bbox 1825 2219 3412 2290">
    <p class='ocr_par' dir='ltr' id='par_1_53' title="bbox 1825 2219 3412 2290">
     <span class='ocr_line' id='line_1_53' title="bbox 1825 2219 3412 2290; baseline -0.001 -17"><span class='ocrx_word' id='word_1_375' title='bbox 1825 2219 2111 2287; x_wconf 80' lang='lat' dir='ltr'><strong>Oportebat</strong></span> <span class='ocrx_word' id='word_1_376' title='bbox 2160 2220 2433 2274; x_wconf 76' lang='lat' dir='ltr'><strong>Christum</strong></span> <span class='ocrx_word' id='word_1_377' title='bbox 2496 2235 2869 2290; x_wconf 86' lang='lat' dir='ltr'><strong>cognoscere,</strong></span> <span class='ocrx_word' id='word_1_378' title='bbox 2926 2234 3021 2288; x_wconf 83' lang='lat' dir='ltr'><strong>per</strong></span> <span class='ocrx_word' id='word_1_379' title='bbox 3066 2235 3132 2272; x_wconf 86' lang='lat' dir='ltr'><strong>ea</strong></span> <span class='ocrx_word' id='word_1_380' title='bbox 3172 2219 3299 2273; x_wconf 80' lang='lat' dir='ltr'><strong>fecit</strong></span> <span class='ocrx_word' id='word_1_381' title='bbox 3353 2230 3412 2272; x_wconf 89' lang='lat' dir='ltr'><strong>ut</strong></span> 
     </span>
    </p>
   </div>
   <div class='ocr_carea' id='block_1_54' title="bbox 1827 2310 3415 2382">
    <p class='ocr_par' dir='ltr' id='par_1_54' title="bbox 1827 2310 3415 2382">
     <span class='ocr_line' id='line_1_54' title="bbox 1827 2310 3415 2382; baseline 0 -17"><span class='ocrx_word' id='word_1_382' title='bbox 1827 2313 2203 2381; x_wconf 72' lang='lat' dir='ltr'><strong>ignoraretur,</strong></span> <span class='ocrx_word' id='word_1_383' title='bbox 2231 2327 2325 2381; x_wconf 81' lang='lat' dir='ltr'><strong>per</strong></span> <span class='ocrx_word' id='word_1_384' title='bbox 2360 2311 2694 2382; x_wconf 86' lang='lat' dir='ltr'><strong>Scripturas,</strong></span> <span class='ocrx_word' id='word_1_385' title='bbox 2729 2328 2847 2380; x_wconf 80' lang='lat' dir='ltr'><strong>qua:</strong></span> <span class='ocrx_word' id='word_1_386' title='bbox 2902 2310 3178 2365; x_wconf 80' lang='lat' dir='ltr'><strong>Christum</strong></span> <span class='ocrx_word' id='word_1_387' title='bbox 3220 2313 3415 2380; x_wconf 70' lang='lat' dir='ltr'><strong>praedi-</strong></span> 
     </span>
    </p>
   </div>
   <div class='ocr_carea' id='block_1_55' title="bbox 1826 2403 3416 2473">
    <p class='ocr_par' dir='ltr' id='par_1_55' title="bbox 1826 2403 3416 2473">
     <span class='ocr_line' id='line_1_55' title="bbox 1826 2403 3416 2473; baseline 0 -16"><span class='ocrx_word' id='word_1_388' title='bbox 1826 2413 1970 2467; x_wconf 86' lang='lat' dir='ltr'><strong>cant,</strong></span> <span class='ocrx_word' id='word_1_389' title='bbox 2007 2403 2150 2456; x_wconf 90' lang='lat' dir='ltr'><strong>illius</strong></span> <span class='ocrx_word' id='word_1_390' title='bbox 2178 2404 2569 2473; x_wconf 85' lang='lat' dir='ltr'><strong>ignorationem</strong></span> <span class='ocrx_word' id='word_1_391' title='bbox 2610 2404 2880 2458; x_wconf 67' lang='lat' dir='ltr'><strong>haereticis</strong></span> <span class='ocrx_word' id='word_1_392' title='bbox 2924 2404 3210 2457; x_wconf 82' lang='lat' dir='ltr'><strong>sententiis</strong></span> <span class='ocrx_word' id='word_1_393' title='bbox 3238 2412 3416 2457; x_wconf 85' lang='lat' dir='ltr'><strong>astute</strong></span> 
     </span>
    </p>
   </div>
   <div class='ocr_carea' id='block_1_56' title="bbox 1826 2490 3414 2559">
    <p class='ocr_par' dir='ltr' id='par_1_56' title="bbox 1826 2490 3414 2559">
     <span class='ocr_line' id='line_1_56' title="bbox 1826 2490 3414 2559; baseline 0.001 -14"><span class='ocrx_word' id='word_1_394' title='bbox 1826 2492 2195 2547; x_wconf 86' lang='lat' dir='ltr'><strong>machinatus:</strong></span> <span class='ocrx_word' id='word_1_395' title='bbox 2222 2501 2274 2546; x_wconf 89' lang='lat' dir='ltr'><strong>et</strong></span> <span class='ocrx_word' id='word_1_396' title='bbox 2302 2493 2759 2559; x_wconf 79' lang='lat' dir='ltr'><strong>quemadmodum</strong></span> <span class='ocrx_word' id='word_1_397' title='bbox 2786 2492 2990 2546; x_wconf 88' lang='lat' dir='ltr'><strong>credito</strong></span> <span class='ocrx_word' id='word_1_398' title='bbox 3012 2490 3210 2547; x_wconf 81' lang='lat' dir='ltr'><strong>Christi</strong></span> <span class='ocrx_word' id='word_1_399' title='bbox 3238 2493 3414 2546; x_wconf 89' lang='lat' dir='ltr'><strong>nomi-</strong></span> 
     </span>
    </p>
   </div>
   <div class='ocr_carea' id='block_1_57' title="bbox 1826 2583 3417 2653">
    <p class='ocr_par' dir='ltr' id='par_1_57' title="bbox 1826 2583 3417 2653">
     <span class='ocr_line' id='line_1_57' title="bbox 1826 2583 3417 2653; baseline 0.002 -18"><span class='ocrx_word' id='word_1_400' title='bbox 1826 2584 1905 2648; x_wconf 87' lang='lat' dir='ltr'><strong>ni,</strong></span> <span class='ocrx_word' id='word_1_401' title='bbox 1941 2585 2368 2639; x_wconf 75' lang='lat' dir='ltr'><strong>iucredulitatem</strong></span> <span class='ocrx_word' id='word_1_402' title='bbox 2412 2595 2468 2639; x_wconf 91' lang='lat' dir='ltr'><strong>et</strong></span> <span class='ocrx_word' id='word_1_403' title='bbox 2511 2584 2852 2653; x_wconf 84' lang='lat' dir='ltr'><strong>negationem</strong></span> <span class='ocrx_word' id='word_1_404' title='bbox 2887 2583 3088 2638; x_wconf 88' lang='lat' dir='ltr'><strong>Christi</strong></span> <span class='ocrx_word' id='word_1_405' title='bbox 3124 2585 3417 2638; x_wconf 79' lang='lat' dir='ltr'><strong>vaferritne</strong></span> 
     </span>
    </p>
   </div>
   <div class='ocr_carea' id='block_1_58' title="bbox 1824 2677 3417 2746">
    <p class='ocr_par' dir='ltr' id='par_1_58' title="bbox 1824 2677 3417 2746">
     <span class='ocr_line' id='line_1_58' title="bbox 1824 2677 3417 2746; baseline -0.001 -16"><span class='ocrx_word' id='word_1_406' title='bbox 1824 2678 2050 2744; x_wconf 82' lang='lat' dir='ltr'><strong>insevit;</strong></span> <span class='ocrx_word' id='word_1_407' title='bbox 2087 2678 2157 2731; x_wconf 91' lang='lat' dir='ltr'><strong>ita</strong></span> <span class='ocrx_word' id='word_1_408' title='bbox 2190 2688 2244 2730; x_wconf 90' lang='lat' dir='ltr'><strong>et</strong></span> <span class='ocrx_word' id='word_1_409' title='bbox 2291 2692 2387 2745; x_wconf 89' lang='lat' dir='ltr'><strong>per</strong></span> <span class='ocrx_word' id='word_1_410' title='bbox 2418 2694 2611 2732; x_wconf 86' lang='lat' dir='ltr'><strong>nomen</strong></span> <span class='ocrx_word' id='word_1_411' title='bbox 2648 2678 2888 2746; x_wconf 70' lang='lat' dir='ltr'><strong>mystica</strong></span> <span class='ocrx_word' id='word_1_412' title='bbox 2916 2677 3285 2738; x_wconf 79' lang='lat' dir='ltr'><strong>castrationis,</strong></span> <span class='ocrx_word' id='word_1_413' title='bbox 3313 2678 3417 2730; x_wconf 85' lang='lat' dir='ltr'><strong>sub</strong></span> 
     </span>
    </p>
   </div>
   <div class='ocr_carea' id='block_1_59' title="bbox 1824 2762 3412 2836">
    <p class='ocr_par' dir='ltr' id='par_1_59' title="bbox 1824 2762 3412 2836">
     <span class='ocr_line' id='line_1_59' title="bbox 1824 2762 3412 2836; baseline -0.004 -16"><span class='ocrx_word' id='word_1_414' title='bbox 1824 2768 2006 2836; x_wconf 89' lang='lat' dir='ltr'><strong>specie</strong></span> <span class='ocrx_word' id='word_1_415' title='bbox 2050 2766 2457 2834; x_wconf 68' lang='lat' dir='ltr'><strong>temperantiae,</strong></span> <span class='ocrx_word' id='word_1_416' title='bbox 2504 2767 2773 2833; x_wconf 82' lang='lat' dir='ltr'><strong>spadones</strong></span> <span class='ocrx_word' id='word_1_417' title='bbox 2812 2774 2866 2817; x_wconf 91' lang='lat' dir='ltr'><strong>et</strong></span> <span class='ocrx_word' id='word_1_418' title='bbox 2909 2764 3204 2831; x_wconf 86' lang='lat' dir='ltr'><strong>impudicos</strong></span> <span class='ocrx_word' id='word_1_419' title='bbox 3232 2762 3412 2816; x_wconf 84' lang='lat' dir='ltr'><strong>etlicit.</strong></span> 
     </span>
    </p>
   </div>
   <div class='ocr_carea' id='block_1_60' title="bbox 1824 2855 3413 2927">
    <p class='ocr_par' dir='ltr' id='par_1_60' title="bbox 1824 2855 3413 2927">
     <span class='ocr_line' id='line_1_60' title="bbox 1824 2855 3413 2927; baseline -0.001 -18"><span class='ocrx_word' id='word_1_420' title='bbox 1824 2856 1995 2927; x_wconf 86' lang='lat' dir='ltr'><strong>Igitur</strong></span> <span class='ocrx_word' id='word_1_421' title='bbox 2045 2874 2112 2912; x_wconf 88' lang='lat' dir='ltr'><strong>ne</strong></span> <span class='ocrx_word' id='word_1_422' title='bbox 2147 2875 2271 2911; x_wconf 79' lang='lat' dir='ltr'><strong>cum</strong></span> <span class='ocrx_word' id='word_1_423' title='bbox 2324 2858 2408 2912; x_wconf 86' lang='lat' dir='ltr'><strong>his</strong></span> <span class='ocrx_word' id='word_1_424' title='bbox 2436 2858 2654 2927; x_wconf 82' lang='lat' dir='ltr'><strong>quidem</strong></span> <span class='ocrx_word' id='word_1_425' title='bbox 2703 2855 3071 2910; x_wconf 61' lang='lat' dir='ltr'><strong>iudill‘crentt&#39;r</strong></span> <span class='ocrx_word' id='word_1_426' title='bbox 3100 2855 3413 2925; x_wconf 85' lang='lat' dir='ltr'><strong>congregari</strong></span> 
     </span>
    </p>
   </div>
   <div class='ocr_carea' id='block_1_61' title="bbox 1822 2948 3414 3020">
    <p class='ocr_par' dir='ltr' id='par_1_61' title="bbox 1822 2948 3414 3020">
     <span class='ocr_line' id='line_1_61' title="bbox 1822 2948 3414 3020; baseline 0.001 -18"><span class='ocrx_word' id='word_1_427' title='bbox 1822 2951 2087 3020; x_wconf 77' lang='lat' dir='ltr'><strong>virginem</strong></span> <span class='ocrx_word' id='word_1_428' title='bbox 2113 2951 2386 3005; x_wconf 78' lang='lat' dir='ltr'><strong>convenit.</strong></span> <span class='ocrx_word' id='word_1_429' title='bbox 2417 2950 2550 3004; x_wconf 78' lang='lat' dir='ltr'><strong>Nam</strong></span> <span class='ocrx_word' id='word_1_430' title='bbox 2579 2952 2623 3005; x_wconf 90' lang='lat' dir='ltr'><strong>si</strong></span> <span class='ocrx_word' id='word_1_431' title='bbox 2657 2966 2779 3004; x_wconf 93' lang='lat' dir='ltr'><strong>cum</strong></span> <span class='ocrx_word' id='word_1_432' title='bbox 2805 2948 3021 3003; x_wconf 65' lang='lat' dir='ltr'><strong>femina:</strong></span> <span class='ocrx_word' id='word_1_433' title='bbox 3050 2965 3172 3003; x_wconf 90' lang='lat' dir='ltr'><strong>cum</strong></span> <span class='ocrx_word' id='word_1_434' title='bbox 3197 2948 3414 3003; x_wconf 78' lang='lat' dir='ltr'><strong>fetuiuis</strong></span> 
     </span>
    </p>
   </div>
   <div class='ocr_carea' id='block_1_62' title="bbox 127 3035 1705 3120">
    <p class='ocr_par' dir='ltr' id='par_1_62' title="bbox 127 3035 1705 3119">
     <span class='ocr_line' id='line_1_62' title="bbox 127 3035 1705 3119; baseline 0.01 -31"><span class='ocrx_word' id='word_1_435' title='bbox 127 3035 546 3109; x_wconf 74' lang='grc' dir='ltr'>ριπλεκόμεναι,</span> <span class='ocrx_word' id='word_1_436' title='bbox 598 3038 830 3112; x_wconf 85' lang='grc' dir='ltr'>ζεούσης</span> <span class='ocrx_word' id='word_1_437' title='bbox 874 3044 1056 3097; x_wconf 77' lang='grc' dir='ltr'>αὐτῶν</span> <span class='ocrx_word' id='word_1_438' title='bbox 1111 3043 1321 3099; x_wconf 78' lang='grc' dir='ltr'>ἔνδοθεν</span> <span class='ocrx_word' id='word_1_439' title='bbox 1358 3046 1458 3116; x_wconf 82' lang='grc' dir='ltr'>τῆς</span> <span class='ocrx_word' id='word_1_440' title='bbox 1510 3049 1705 3119; x_wconf 73' lang='grc' dir='ltr'>ἀκμῆς,</span> 
     </span>
    </p>
   </div>
   <div class='ocr_carea' id='block_1_63' title="bbox 1851 3035 3410 3120">
    <p class='ocr_par' dir='ltr' id='par_1_63' title="bbox 1851 3038 3410 3111">
     <span class='ocr_line' id='line_1_63' title="bbox 1851 3038 3410 3111; baseline -0.001 -15"><span class='ocrx_word' id='word_1_441' title='bbox 1851 3060 1876 3096; x_wconf 90' lang='lat' dir='ltr'><strong>n</strong></span> <span class='ocrx_word' id='word_1_442' title='bbox 1906 3044 2094 3096; x_wconf 83' lang='lat' dir='ltr'><strong>eodem</strong></span> <span class='ocrx_word' id='word_1_443' title='bbox 2121 3042 2258 3097; x_wconf 90' lang='lat' dir='ltr'><strong>lecto</strong></span> <span class='ocrx_word' id='word_1_444' title='bbox 2287 3052 2536 3097; x_wconf 85' lang='lat' dir='ltr'><strong>amanter</strong></span> <span class='ocrx_word' id='word_1_445' title='bbox 2569 3041 2994 3111; x_wconf 72' lang='lat' dir='ltr'><strong>coniunguntur,</strong></span> <span class='ocrx_word' id='word_1_446' title='bbox 3017 3038 3410 3095; x_wconf 79' lang='lat' dir='ltr'><strong>eﬂervescente</strong></span> 
     </span>
    </p>
   </div>
   <div class='ocr_carea' id='block_1_64' title="bbox 132 3129 1716 3213">
    <p class='ocr_par' dir='ltr' id='par_1_64' title="bbox 132 3129 1716 3213">
     <span class='ocr_line' id='line_1_64' title="bbox 132 3129 1716 3213; baseline 0.009 -30"><span class='ocrx_word' id='word_1_447' title='bbox 132 3129 394 3195; x_wconf 84' lang='grc' dir='ltr'>πολλάκις</span> <span class='ocrx_word' id='word_1_448' title='bbox 430 3133 496 3184; x_wconf 83' lang='grc' dir='ltr'>ὲκ</span> <span class='ocrx_word' id='word_1_449' title='bbox 545 3133 647 3203; x_wconf 84' lang='grc' dir='ltr'>τῆς</span> <span class='ocrx_word' id='word_1_450' title='bbox 685 3135 823 3206; x_wconf 72' lang='grc' dir='ltr'>πρὸς</span> <span class='ocrx_word' id='word_1_451' title='bbox 856 3135 1061 3207; x_wconf 81' lang='grc' dir='ltr'>ἄλληλα</span> <span class='ocrx_word' id='word_1_452' title='bbox 1092 3137 1201 3191; x_wconf 89' lang='grc' dir='ltr'><strong>τῶν</strong></span> <span class='ocrx_word' id='word_1_453' title='bbox 1251 3140 1518 3211; x_wconf 84' lang='grc' dir='ltr'>σωμάτων</span> <span class='ocrx_word' id='word_1_454' title='bbox 1548 3142 1716 3213; x_wconf 74' lang='grc' dir='ltr'>ἁφῆς,</span> 
     </span>
    </p>
   </div>
   <div class='ocr_carea' id='block_1_65' title="bbox 130 3222 1716 3306">
    <p class='ocr_par' dir='ltr' id='par_1_65' title="bbox 130 3222 1716 3306">
     <span class='ocr_line' id='line_1_65' title="bbox 130 3222 1716 3306; baseline 0.009 -33"><span class='ocrx_word' id='word_1_455' title='bbox 130 3222 262 3294; x_wconf 75' lang='grc' dir='ltr'>πρὸς</span> <span class='ocrx_word' id='word_1_456' title='bbox 287 3222 325 3277; x_wconf 73' lang='grc' dir='ltr'><strong>ἃ</strong></span> <span class='ocrx_word' id='word_1_457' title='bbox 347 3224 700 3297; x_wconf 77' lang='grc' dir='ltr'>ὲπλάσθησαν</span> <span class='ocrx_word' id='word_1_458' title='bbox 722 3227 866 3298; x_wconf 81' lang='grc' dir='ltr'>ἔχειν</span> <span class='ocrx_word' id='word_1_459' title='bbox 893 3228 1121 3299; x_wconf 81' lang='grc' dir='ltr'>σώματα</span> <span class='ocrx_word' id='word_1_460' title='bbox 1145 3231 1347 3300; x_wconf 85' lang='grc' dir='ltr'>σχέσιν,</span> <span class='ocrx_word' id='word_1_461' title='bbox 1376 3233 1472 3303; x_wconf 83' lang='grc' dir='ltr'><strong>τὴν</strong></span> <span class='ocrx_word' id='word_1_462' title='bbox 1496 3235 1716 3306; x_wconf 81' lang='grc' dir='ltr'>μνήμην</span> 
     </span>
    </p>
   </div>
   <div class='ocr_carea' id='block_1_66' title="bbox 128 3311 1715 3392">
    <p class='ocr_par' dir='ltr' id='par_1_66' title="bbox 128 3311 1715 3392">
     <span class='ocr_line' id='line_1_66' title="bbox 128 3311 1715 3392; baseline 0.008 -27"><span class='ocrx_word' id='word_1_463' title='bbox 128 3311 519 3385; x_wconf 71' lang='grc' dir='ltr'>διερεθὲζονται</span> <span class='ocrx_word' id='word_1_464' title='bbox 555 3320 569 3384; x_wconf 92' lang='lat'><strong>(</strong></span> <span class='ocrx_word' id='word_1_465' title='bbox 580 3318 760 3382; x_wconf 78' lang='grc' dir='ltr'>ἱκανὸς</span> <span class='ocrx_word' id='word_1_466' title='bbox 790 3318 901 3390; x_wconf 85' lang='grc' dir='ltr'><strong>γάρ</strong></span> <span class='ocrx_word' id='word_1_467' title='bbox 937 3322 1086 3374; x_wconf 80' lang='grc' dir='ltr'>ἐστιν</span> <span class='ocrx_word' id='word_1_468' title='bbox 1118 3323 1146 3374; x_wconf 91' lang='lat'><strong>6</strong></span> <span class='ocrx_word' id='word_1_469' title='bbox 1175 3322 1483 3392; x_wconf 84' lang='grc' dir='ltr'>νομοθετῶν</span> <span class='ocrx_word' id='word_1_470' title='bbox 1511 3326 1568 3380; x_wconf 82' lang='grc' dir='ltr'>ὲν</span> <span class='ocrx_word' id='word_1_471' title='bbox 1603 3330 1715 3386; x_wconf 83' lang='grc' dir='ltr'>τοῖς</span> 
     </span>
    </p>
   </div>
   <div class='ocr_carea' id='block_1_67' title="bbox 134 3402 1713 3484">
    <p class='ocr_par' dir='ltr' id='par_1_67' title="bbox 134 3402 1713 3484">
     <span class='ocr_line' id='line_1_67' title="bbox 134 3402 1713 3484; baseline 0.008 -29"><span class='ocrx_word' id='word_1_472' title='bbox 134 3402 350 3472; x_wconf 82' lang='grc' dir='ltr'>μέλεσιν</span> <span class='ocrx_word' id='word_1_473' title='bbox 380 3404 542 3474; x_wconf 70' lang='grc' dir='ltr'>ἡμῶν</span> <span class='ocrx_word' id='word_1_474' title='bbox 568 3407 668 3477; x_wconf 78' lang='grc' dir='ltr'><strong>τὴν</strong></span> <span class='ocrx_word' id='word_1_475' title='bbox 704 3408 995 3479; x_wconf 78' lang='grc' dir='ltr'>ἁμαρτίαν,</span> <span class='ocrx_word' id='word_1_476' title='bbox 1033 3409 1195 3478; x_wconf 83' lang='grc' dir='ltr'>μέσος</span> <span class='ocrx_word' id='word_1_477' title='bbox 1222 3410 1331 3465; x_wconf 89' lang='grc' dir='ltr'><strong>τῶν</strong></span> <span class='ocrx_word' id='word_1_478' title='bbox 1366 3413 1585 3484; x_wconf 85' lang='grc' dir='ltr'>σαρκῶν</span> <span class='ocrx_word' id='word_1_479' title='bbox 1614 3413 1713 3468; x_wconf 85' lang='grc' dir='ltr'>λα-</span> 
     </span>
    </p>
   </div>
   <div class='ocr_carea' id='block_1_68' title="bbox 132 3495 1713 3577">
    <p class='ocr_par' dir='ltr' id='par_1_68' title="bbox 132 3495 1713 3577">
     <span class='ocr_line' id='line_1_68' title="bbox 132 3495 1713 3577; baseline 0.009 -29"><span class='ocrx_word' id='word_1_480' title='bbox 132 3495 334 3568; x_wconf 79' lang='grc' dir='ltr'>θραίως</span> <span class='ocrx_word' id='word_1_481' title='bbox 387 3500 646 3570; x_wconf 79' lang='grc' dir='ltr'>χωρήσας</span> <span class='ocrx_word' id='word_1_482' title='bbox 691 3502 753 3554; x_wconf 78' lang='grc' dir='ltr'><strong>ἐκ</strong></span> <span class='ocrx_word' id='word_1_483' title='bbox 793 3501 893 3573; x_wconf 80' lang='grc' dir='ltr'>τῆς</span> <span class='ocrx_word' id='word_1_484' title='bbox 923 3502 1140 3573; x_wconf 80' lang='grc' dir='ltr'>φιλικῆς</span> <span class='ocrx_word' id='word_1_485' title='bbox 1180 3504 1317 3576; x_wconf 80' lang='grc' dir='ltr'>πρὸς</span> <span class='ocrx_word' id='word_1_486' title='bbox 1352 3504 1556 3577; x_wconf 78' lang='grc' dir='ltr'>ἄλληλα</span> <span class='ocrx_word' id='word_1_487' title='bbox 1605 3509 1713 3562; x_wconf 86' lang='grc' dir='ltr'><strong>τῶν</strong></span> 
     </span>
    </p>
   </div>
   <div class='ocr_carea' id='block_1_69' title="bbox 132 3588 1714 3670">
    <p class='ocr_par' dir='ltr' id='par_1_69' title="bbox 132 3588 1714 3670">
     <span class='ocr_line' id='line_1_69' title="bbox 132 3588 1714 3670; baseline 0.009 -30"><span class='ocrx_word' id='word_1_488' title='bbox 132 3588 337 3659; x_wconf 86' lang='grc' dir='ltr'>θηλέων</span> <span class='ocrx_word' id='word_1_489' title='bbox 378 3590 491 3662; x_wconf 75' lang='grc'>(54)</span> <span class='ocrx_word' id='word_1_490' title='bbox 525 3593 619 3645; x_wconf 82' lang='grc' dir='ltr'><strong>καί</strong></span> <span class='ocrx_word' id='word_1_491' title='bbox 661 3593 983 3665; x_wconf 75' lang='grc' dir='ltr'>φιλόφρονος</span> <span class='ocrx_word' id='word_1_492' title='bbox 1014 3596 1230 3667; x_wconf 73' lang='grc' dir='ltr'>ἡδονῆς,</span> <span class='ocrx_word' id='word_1_493' title='bbox 1278 3598 1579 3668; x_wconf 69' lang='grc' dir='ltr'>ὑποκλέψαι</span> <span class='ocrx_word' id='word_1_494' title='bbox 1614 3600 1714 3670; x_wconf 83' lang='grc' dir='ltr'><strong>μὲν</strong></span> 
     </span>
    </p>
   </div>
   <div class='ocr_carea' id='block_1_70' title="bbox 131 3681 1713 3763">
    <p class='ocr_par' dir='ltr' id='par_1_70' title="bbox 131 3681 1713 3763">
     <span class='ocr_line' id='line_1_70' title="bbox 131 3681 1713 3763; baseline 0.008 -30"><span class='ocrx_word' id='word_1_495' title='bbox 131 3681 223 3751; x_wconf 81' lang='grc' dir='ltr'>τὴν</span> <span class='ocrx_word' id='word_1_496' title='bbox 246 3682 572 3755; x_wconf 85' lang='grc' dir='ltr'>φιλόφρονα,</span> <span class='ocrx_word' id='word_1_497' title='bbox 591 3685 690 3755; x_wconf 82' lang='grc' dir='ltr'><strong>τὴν</strong></span> <span class='ocrx_word' id='word_1_498' title='bbox 712 3686 769 3739; x_wconf 84' lang='grc' dir='ltr'><strong>δέ</strong></span> <span class='ocrx_word' id='word_1_499' title='bbox 794 3685 903 3739; x_wconf 84' lang='grc' dir='ltr'><strong>τῶν</strong></span> <span class='ocrx_word' id='word_1_500' title='bbox 927 3687 1145 3759; x_wconf 89' lang='grc' dir='ltr'>σαρκῶν</span> <span class='ocrx_word' id='word_1_501' title='bbox 1162 3689 1366 3761; x_wconf 69' lang='grc' dir='ltr'>ἄρρενα</span> <span class='ocrx_word' id='word_1_502' title='bbox 1388 3691 1713 3763; x_wconf 85' lang='grc' dir='ltr'>πανούργως</span> 
     </span>
    </p>
   </div>
   <div class='ocr_carea' id='block_1_71' title="bbox 131 3772 1718 3852">
    <p class='ocr_par' dir='ltr' id='par_1_71' title="bbox 131 3772 1718 3852">
     <span class='ocr_line' id='line_1_71' title="bbox 131 3772 1718 3852; baseline 0.008 -29"><span class='ocrx_word' id='word_1_503' title='bbox 131 3772 412 3842; x_wconf 73' lang='grc' dir='ltr'>ὲνσπεῖραι</span> <span class='ocrx_word' id='word_1_504' title='bbox 435 3774 452 3841; x_wconf 88' lang='grc'><strong>)</strong></span> <span class='ocrx_word' id='word_1_505' title='bbox 472 3793 487 3806; x_wconf 77' lang='grc' dir='ltr'><strong><em>ο</em></strong></span> <span class='ocrx_word' id='word_1_506' title='bbox 510 3774 661 3845; x_wconf 75' lang='grc' dir='ltr'>πόσῳ</span> <span class='ocrx_word' id='word_1_507' title='bbox 690 3775 800 3845; x_wconf 90' lang='grc'>(55)</span> <span class='ocrx_word' id='word_1_508' title='bbox 831 3775 993 3829; x_wconf 84' lang='grc' dir='ltr'>πλέον</span> <span class='ocrx_word' id='word_1_509' title='bbox 1022 3777 1105 3830; x_wconf 86' lang='grc' dir='ltr'>δεῖ</span> <span class='ocrx_word' id='word_1_510' title='bbox 1128 3777 1196 3830; x_wconf 89' lang='grc' dir='ltr'><strong>τά</strong></span> <span class='ocrx_word' id='word_1_511' title='bbox 1223 3780 1430 3852; x_wconf 72' lang='grc' dir='ltr'>ἄρρενα</span> <span class='ocrx_word' id='word_1_512' title='bbox 1462 3780 1718 3851; x_wconf 81' lang='grc' dir='ltr'>σώματα,</span> 
     </span>
    </p>
   </div>
   <div class='ocr_carea' id='block_1_72' title="bbox 131 3860 1712 3940">
    <p class='ocr_par' dir='ltr' id='par_1_72' title="bbox 131 3860 1712 3940">
     <span class='ocr_line' id='line_1_72' title="bbox 131 3860 1712 3940; baseline 0.008 -26"><span class='ocrx_word' id='word_1_513' title='bbox 131 3861 231 3915; x_wconf 70' lang='grc' dir='ltr'><strong>κᾶν</strong></span> <span class='ocrx_word' id='word_1_514' title='bbox 276 3862 551 3933; x_wconf 74' lang='grc' dir='ltr'>εὐνούχων</span> <span class='ocrx_word' id='word_1_515' title='bbox 692 3864 791 3936; x_wconf 86' lang='grc' dir='ltr'><strong>τὴν</strong></span> <span class='ocrx_word' id='word_1_516' title='bbox 827 3866 1096 3940; x_wconf 84' lang='grc' dir='ltr'>παρθένον</span> <span class='ocrx_word' id='word_1_517' title='bbox 1150 3868 1558 3938; x_wconf 78' lang='grc' dir='ltr'>φυλάττεσθαι;</span> <span class='ocrx_word' id='word_1_518' title='bbox 1594 3873 1712 3927; x_wconf 81' lang='grc' dir='ltr'><strong>Κᾶν</strong></span> 
     </span>
    </p>
   </div>
   <div class='ocr_carea' id='block_1_73' title="bbox 132 3949 1407 4029">
    <p class='ocr_par' dir='ltr' id='par_1_73' title="bbox 132 3949 1407 4029">
     <span class='ocr_line' id='line_1_73' title="bbox 132 3949 1407 4029; baseline 0.006 -24"><span class='ocrx_word' id='word_1_519' title='bbox 132 3952 381 4024; x_wconf 78' lang='grc' dir='ltr'>εὐνοῦχος</span> <span class='ocrx_word' id='word_1_520' title='bbox 404 3953 515 4026; x_wconf 81' lang='grc' dir='ltr'>γὰρ</span> <span class='ocrx_word' id='word_1_521' title='bbox 541 3949 599 4026; x_wconf 83' lang='grc' dir='ltr'>ᾖ,</span> <span class='ocrx_word' id='word_1_522' title='bbox 629 3954 744 4008; x_wconf 80' lang='grc' dir='ltr'>ἀλλ’</span> <span class='ocrx_word' id='word_1_523' title='bbox 775 3957 919 4029; x_wconf 83' lang='grc' dir='ltr'>ἀνήρ</span> <span class='ocrx_word' id='word_1_524' title='bbox 942 3958 1060 4011; x_wconf 78' lang='grc' dir='ltr'>ἐστι</span> <span class='ocrx_word' id='word_1_525' title='bbox 1092 3957 1191 4029; x_wconf 83' lang='grc' dir='ltr'>τὴν</span> <span class='ocrx_word' id='word_1_526' title='bbox 1225 3959 1407 4029; x_wconf 85' lang='grc' dir='ltr'>φύσιν.</span> 
     </span>
    </p>
   </div>
   <div class='ocr_carea' id='block_1_74' title="bbox 194 4134 1720 4213">
    <p class='ocr_par' dir='ltr' id='par_1_74' title="bbox 194 4134 1720 4213">
     <span class='ocr_line' id='line_1_74' title="bbox 194 4134 1720 4213; baseline 0.004 -23"><span class='ocrx_word' id='word_1_527' title='bbox 194 4134 284 4190; x_wconf 76' lang='grc'><strong>65.</strong></span> <span class='ocrx_word' id='word_1_528' title='bbox 340 4135 430 4199; x_wconf 82' lang='grc' dir='ltr'>Ὠς</span> <span class='ocrx_word' id='word_1_529' title='bbox 479 4135 590 4207; x_wconf 79' lang='grc' dir='ltr'>γὰρ</span> <span class='ocrx_word' id='word_1_530' title='bbox 634 4139 662 4190; x_wconf 94' lang='lat'><strong>6</strong></span> <span class='ocrx_word' id='word_1_531' title='bbox 693 4136 821 4208; x_wconf 79' lang='grc' dir='ltr'>βοῦς</span> <span class='ocrx_word' id='word_1_532' title='bbox 857 4138 885 4191; x_wconf 89' lang='lat'><strong>6</strong></span> <span class='ocrx_word' id='word_1_533' title='bbox 913 4140 1244 4211; x_wconf 69' lang='grc' dir='ltr'>κερατιστὴς</span> <span class='ocrx_word' id='word_1_534' title='bbox 1273 4141 1613 4213; x_wconf 73' lang='grc' dir='ltr'>ἀποτμηθεὶς</span> <span class='ocrx_word' id='word_1_535' title='bbox 1645 4142 1720 4197; x_wconf 79' lang='grc' dir='ltr'><strong>τά</strong></span> 
     </span>
    </p>
   </div>
   <div class='ocr_carea' id='block_1_75' title="bbox 126 4225 1715 4304">
    <p class='ocr_par' dir='ltr' id='par_1_75' title="bbox 126 4225 1715 4304">
     <span class='ocr_line' id='line_1_75' title="bbox 126 4225 1715 4304; baseline 0.005 -25"><span class='ocrx_word' id='word_1_536' title='bbox 126 4225 366 4298; x_wconf 83' lang='grc' dir='ltr'>κέρατα.</span> <span class='ocrx_word' id='word_1_537' title='bbox 395 4228 516 4297; x_wconf 76' lang='grc' dir='ltr'>οὐχὶ</span> <span class='ocrx_word' id='word_1_538' title='bbox 550 4231 615 4300; x_wconf 81' lang='grc' dir='ltr'>τῇ</span> <span class='ocrx_word' id='word_1_539' title='bbox 653 4230 939 4302; x_wconf 79' lang='grc' dir='ltr'>ἀφαιρέσει</span> <span class='ocrx_word' id='word_1_540' title='bbox 969 4231 1078 4284; x_wconf 89' lang='grc' dir='ltr'><strong>τῶν</strong></span> <span class='ocrx_word' id='word_1_541' title='bbox 1110 4232 1358 4304; x_wconf 86' lang='grc' dir='ltr'>κεράτων</span> <span class='ocrx_word' id='word_1_542' title='bbox 1388 4232 1553 4297; x_wconf 81' lang='grc' dir='ltr'>ἵππος</span> <span class='ocrx_word' id='word_1_543' title='bbox 1596 4234 1715 4302; x_wconf 79' lang='grc' dir='ltr'>ἐγέ-</span> 
     </span>
    </p>
   </div>
   <div class='ocr_carea' id='block_1_76' title="bbox 124 4317 1716 4397">
    <p class='ocr_par' dir='ltr' id='par_1_76' title="bbox 124 4317 1716 4397">
     <span class='ocr_line' id='line_1_76' title="bbox 124 4317 1716 4397; baseline 0.005 -26"><span class='ocrx_word' id='word_1_544' title='bbox 124 4334 265 4378; x_wconf 82' lang='grc' dir='ltr'>νετο,</span> <span class='ocrx_word' id='word_1_545' title='bbox 311 4317 432 4371; x_wconf 85' lang='grc' dir='ltr'>ἀλλ’</span> <span class='ocrx_word' id='word_1_546' title='bbox 471 4319 552 4371; x_wconf 78' lang='grc' dir='ltr'>ἐτι</span> <span class='ocrx_word' id='word_1_547' title='bbox 599 4319 726 4389; x_wconf 83' lang='grc' dir='ltr'>βοῦς</span> <span class='ocrx_word' id='word_1_548' title='bbox 772 4323 887 4375; x_wconf 80' lang='grc' dir='ltr'>ἐστι</span> <span class='ocrx_word' id='word_1_549' title='bbox 929 4323 1034 4376; x_wconf 76' lang='grc' dir='ltr'>κᾶν</span> <span class='ocrx_word' id='word_1_550' title='bbox 1094 4324 1168 4395; x_wconf 82' lang='grc' dir='ltr'>μὴ</span> <span class='ocrx_word' id='word_1_551' title='bbox 1207 4322 1308 4395; x_wconf 80' lang='grc' dir='ltr'><strong>ἔχῃ</strong></span> <span class='ocrx_word' id='word_1_552' title='bbox 1346 4324 1416 4377; x_wconf 83' lang='grc' dir='ltr'><strong>τά</strong></span> <span class='ocrx_word' id='word_1_553' title='bbox 1466 4325 1716 4397; x_wconf 73' lang='grc' dir='ltr'>κέρατα’</span> 
     </span>
    </p>
   </div>
   <div class='ocr_carea' id='block_1_77' title="bbox 1825 3134 3411 3202">
    <p class='ocr_par' dir='ltr' id='par_1_77' title="bbox 1825 3134 3411 3202">
     <span class='ocr_line' id='line_1_77' title="bbox 1825 3134 3411 3202; baseline -0.002 -15"><span class='ocrx_word' id='word_1_554' title='bbox 1825 3137 1974 3190; x_wconf 74' lang='lat' dir='ltr'><strong>intus</strong></span> <span class='ocrx_word' id='word_1_555' title='bbox 1996 3135 2208 3188; x_wconf 91' lang='lat' dir='ltr'><strong>illarum</strong></span> <span class='ocrx_word' id='word_1_556' title='bbox 2237 3134 2553 3202; x_wconf 81' lang='lat' dir='ltr'><strong>cupiditate,</strong></span> <span class='ocrx_word' id='word_1_557' title='bbox 2588 3148 2730 3201; x_wconf 69' lang='lat' dir='ltr'><strong>saepe</strong></span> <span class='ocrx_word' id='word_1_558' title='bbox 2776 3148 2845 3187; x_wconf 78' lang='lat' dir='ltr'><strong>ex</strong></span> <span class='ocrx_word' id='word_1_559' title='bbox 2894 3144 3083 3188; x_wconf 91' lang='lat' dir='ltr'><strong>mutuo</strong></span> <span class='ocrx_word' id='word_1_560' title='bbox 3126 3148 3411 3201; x_wconf 87' lang='lat' dir='ltr'><strong>corporum</strong></span> 
     </span>
    </p>
   </div>
   <div class='ocr_carea' id='block_1_78' title="bbox 1823 3224 3416 3295">
    <p class='ocr_par' dir='ltr' id='par_1_78' title="bbox 1823 3224 3416 3295">
     <span class='ocr_line' id='line_1_78' title="bbox 1823 3224 3416 3295; baseline -0.003 -16"><span class='ocrx_word' id='word_1_561' title='bbox 1823 3238 1964 3281; x_wconf 90' lang='lat' dir='ltr'><strong>tactu</strong></span> <span class='ocrx_word' id='word_1_562' title='bbox 1992 3242 2177 3280; x_wconf 89' lang='lat' dir='ltr'><strong>earum</strong></span> <span class='ocrx_word' id='word_1_563' title='bbox 2198 3226 2508 3295; x_wconf 79' lang='lat' dir='ltr'><strong>imaginatio</strong></span> <span class='ocrx_word' id='word_1_564' title='bbox 2527 3227 2592 3280; x_wconf 91' lang='lat' dir='ltr'><strong>ad</strong></span> <span class='ocrx_word' id='word_1_565' title='bbox 2607 3243 2669 3280; x_wconf 88' lang='lat' dir='ltr'><strong>ea</strong></span> <span class='ocrx_word' id='word_1_566' title='bbox 2684 3239 2934 3293; x_wconf 86' lang='lat' dir='ltr'><strong>corpora,</strong></span> <span class='ocrx_word' id='word_1_567' title='bbox 2960 3227 3276 3293; x_wconf 89' lang='lat' dir='ltr'><strong>quibuscum</strong></span> <span class='ocrx_word' id='word_1_568' title='bbox 3315 3224 3416 3278; x_wconf 86' lang='lat' dir='ltr'><strong>ha-</strong></span> 
     </span>
    </p>
   </div>
   <div class='ocr_carea' id='block_1_79' title="bbox 1821 3316 3416 3387">
    <p class='ocr_par' dir='ltr' id='par_1_79' title="bbox 1821 3316 3416 3387">
     <span class='ocr_line' id='line_1_79' title="bbox 1821 3316 3416 3387; baseline -0.003 -14"><span class='ocrx_word' id='word_1_569' title='bbox 1821 3318 2115 3373; x_wconf 87' lang='lat' dir='ltr'><strong>bitudinem</strong></span> <span class='ocrx_word' id='word_1_570' title='bbox 2163 3335 2192 3371; x_wconf 93' lang='lat' dir='ltr'><strong>a</strong></span> <span class='ocrx_word' id='word_1_571' title='bbox 2228 3327 2415 3372; x_wconf 87' lang='lat' dir='ltr'><strong>natura</strong></span> <span class='ocrx_word' id='word_1_572' title='bbox 2459 3332 2753 3387; x_wconf 72' lang='lat' dir='ltr'><strong>accepere,</strong></span> <span class='ocrx_word' id='word_1_573' title='bbox 2778 3319 3023 3372; x_wconf 86' lang='lat' dir='ltr'><strong>irritatur</strong></span> <span class='ocrx_word' id='word_1_574' title='bbox 3060 3316 3303 3387; x_wconf 87' lang='lat' dir='ltr'><strong>(idoneus</strong></span> <span class='ocrx_word' id='word_1_575' title='bbox 3331 3326 3416 3369; x_wconf 82' lang='lat' dir='ltr'><strong>est</strong></span> 
     </span>
    </p>
   </div>
   <div class='ocr_carea' id='block_1_80' title="bbox 1818 3406 3413 3490">
    <p class='ocr_par' dir='ltr' id='par_1_80' title="bbox 1818 3406 3413 3490">
     <span class='ocr_line' id='line_1_80' title="bbox 1818 3406 3413 3490; baseline -0.003 -26"><span class='ocrx_word' id='word_1_576' title='bbox 1818 3411 1962 3464; x_wconf 88' lang='lat' dir='ltr'><strong>enim</strong></span> <span class='ocrx_word' id='word_1_577' title='bbox 1991 3411 2078 3478; x_wconf 91' lang='lat' dir='ltr'><strong>qui</strong></span> <span class='ocrx_word' id='word_1_578' title='bbox 2102 3409 2270 3479; x_wconf 82' lang='lat' dir='ltr'><strong>legem</strong></span> <span class='ocrx_word' id='word_1_579' title='bbox 2302 3412 2508 3479; x_wconf 86' lang='lat' dir='ltr'><strong>peccati</strong></span> <span class='ocrx_word' id='word_1_580' title='bbox 2540 3410 2593 3464; x_wconf 93' lang='lat' dir='ltr'><strong>in</strong></span> <span class='ocrx_word' id='word_1_581' title='bbox 2621 3409 2878 3464; x_wconf 89' lang='lat' dir='ltr'><strong>membris</strong></span> <span class='ocrx_word' id='word_1_582' title='bbox 2897 3408 3097 3462; x_wconf 87' lang='lat' dir='ltr'><strong>nostris</strong></span> <span class='ocrx_word' id='word_1_583' title='bbox 3127 3414 3307 3460; x_wconf 77' lang='lat' dir='ltr'><strong>movet</strong></span> <span class='ocrx_word' id='word_1_584' title='bbox 3340 3406 3413 3490; x_wconf 44' lang='grc' dir='ltr'><strong>ι’.</strong></span> 
     </span>
    </p>
   </div>
   <div class='ocr_carea' id='block_1_81' title="bbox 1820 3498 3413 3566">
    <p class='ocr_par' dir='ltr' id='par_1_81' title="bbox 1820 3498 3413 3566">
     <span class='ocr_line' id='line_1_81' title="bbox 1820 3498 3413 3566; baseline -0.003 -9"><span class='ocrx_word' id='word_1_585' title='bbox 1820 3514 1879 3557; x_wconf 89' lang='grc' dir='ltr'><strong>ιιι</strong></span> <span class='ocrx_word' id='word_1_586' title='bbox 1907 3502 2114 3556; x_wconf 84' lang='lat' dir='ltr'><strong>medius</strong></span> <span class='ocrx_word' id='word_1_587' title='bbox 2132 3503 2477 3556; x_wconf 78' lang='lat' dir='ltr'><strong>intercarues</strong></span> <span class='ocrx_word' id='word_1_588' title='bbox 2500 3502 2726 3556; x_wconf 83' lang='lat' dir='ltr'><strong>latenter</strong></span> <span class='ocrx_word' id='word_1_589' title='bbox 2748 3501 3034 3566; x_wconf 82' lang='lat' dir='ltr'><strong>obrepens,</strong></span> <span class='ocrx_word' id='word_1_590' title='bbox 3059 3512 3123 3551; x_wconf 79' lang='lat' dir='ltr'><strong>cx</strong></span> <span class='ocrx_word' id='word_1_591' title='bbox 3156 3498 3326 3550; x_wconf 85' lang='lat' dir='ltr'><strong>amica</strong></span> <span class='ocrx_word' id='word_1_592' title='bbox 3357 3509 3413 3552; x_wconf 80' lang='lat' dir='ltr'><strong>et</strong></span> 
     </span>
    </p>
   </div>
   <div class='ocr_carea' id='block_1_82' title="bbox 1821 3588 3413 3653">
    <p class='ocr_par' dir='ltr' id='par_1_82' title="bbox 1821 3588 3413 3653">
     <span class='ocr_line' id='line_1_82' title="bbox 1821 3588 3413 3653; baseline -0.004 -6"><span class='ocrx_word' id='word_1_593' title='bbox 1821 3595 1961 3647; x_wconf 92' lang='lat' dir='ltr'><strong>comi</strong></span> <span class='ocrx_word' id='word_1_594' title='bbox 2013 3593 2330 3646; x_wconf 79' lang='lat' dir='ltr'><strong>feminarum</strong></span> <span class='ocrx_word' id='word_1_595' title='bbox 2373 3592 2512 3646; x_wconf 86' lang='lat' dir='ltr'><strong>inter</strong></span> <span class='ocrx_word' id='word_1_596' title='bbox 2552 3607 2611 3647; x_wconf 90' lang='lat' dir='ltr'><strong>se</strong></span> <span class='ocrx_word' id='word_1_597' title='bbox 2660 3590 3050 3653; x_wconf 82' lang='lat' dir='ltr'><strong>delectatione,</strong></span> <span class='ocrx_word' id='word_1_598' title='bbox 3086 3588 3413 3642; x_wconf 78' lang='lat' dir='ltr'><strong>subtrahens</strong></span> 
     </span>
    </p>
   </div>
   <div class='ocr_carea' id='block_1_83' title="bbox 1820 3679 3409 3756">
    <p class='ocr_par' dir='ltr' id='par_1_83' title="bbox 1820 3679 3409 3756">
     <span class='ocr_line' id='line_1_83' title="bbox 1820 3679 3409 3756; baseline -0.003 -21"><span class='ocrx_word' id='word_1_599' title='bbox 1820 3692 1996 3735; x_wconf 90' lang='lat' dir='ltr'><strong>ortam</strong></span> <span class='ocrx_word' id='word_1_600' title='bbox 2034 3698 2100 3738; x_wconf 82' lang='lat' dir='ltr'><strong>ex</strong></span> <span class='ocrx_word' id='word_1_601' title='bbox 2151 3682 2525 3756; x_wconf 67' lang='lat' dir='ltr'><strong>beneyolentia</strong></span> <span class='ocrx_word' id='word_1_602' title='bbox 2557 3682 2909 3752; x_wconf 80' lang='lat' dir='ltr'><strong>voluptatem,</strong></span> <span class='ocrx_word' id='word_1_603' title='bbox 2955 3679 3246 3734; x_wconf 85' lang='lat' dir='ltr'><strong>masculam</strong></span> <span class='ocrx_word' id='word_1_604' title='bbox 3283 3695 3409 3733; x_wconf 84' lang='lat' dir='ltr'><strong>car-</strong></span> 
     </span>
    </p>
   </div>
   <div class='ocr_carea' id='block_1_84' title="bbox 1820 3773 3410 3843">
    <p class='ocr_par' dir='ltr' id='par_1_84' title="bbox 1820 3773 3410 3843">
     <span class='ocr_line' id='line_1_84' title="bbox 1820 3773 3410 3843; baseline -0.003 -14"><span class='ocrx_word' id='word_1_605' title='bbox 1820 3777 1968 3829; x_wconf 86' lang='lat' dir='ltr'><strong>nium</strong></span> <span class='ocrx_word' id='word_1_606' title='bbox 1997 3776 2367 3831; x_wconf 79' lang='lat' dir='ltr'><strong>fraudulenter</strong></span> <span class='ocrx_word' id='word_1_607' title='bbox 2397 3776 2644 3843; x_wconf 88' lang='lat' dir='ltr'><strong>inserat),</strong></span> <span class='ocrx_word' id='word_1_608' title='bbox 2678 3784 2887 3843; x_wconf 85' lang='lat' dir='ltr'><strong>quanto</strong></span> <span class='ocrx_word' id='word_1_609' title='bbox 2915 3774 3082 3843; x_wconf 85' lang='lat' dir='ltr'><strong>magis</strong></span> <span class='ocrx_word' id='word_1_610' title='bbox 3107 3787 3138 3827; x_wconf 87' lang='lat' dir='ltr'><strong>a</strong></span> <span class='ocrx_word' id='word_1_611' title='bbox 3162 3773 3410 3840; x_wconf 85' lang='lat' dir='ltr'><strong>corpori-</strong></span> 
     </span>
    </p>
   </div>
   <div class='ocr_carea' id='block_1_85' title="bbox 1822 3863 3409 3932">
    <p class='ocr_par' dir='ltr' id='par_1_85' title="bbox 1822 3863 3409 3932">
     <span class='ocr_line' id='line_1_85' title="bbox 1822 3863 3409 3932; baseline -0.001 -13"><span class='ocrx_word' id='word_1_612' title='bbox 1822 3867 1922 3919; x_wconf 90' lang='lat' dir='ltr'><strong>bus</strong></span> <span class='ocrx_word' id='word_1_613' title='bbox 1979 3864 2280 3930; x_wconf 88' lang='lat' dir='ltr'><strong>masculis,</strong></span> <span class='ocrx_word' id='word_1_614' title='bbox 2334 3866 2545 3919; x_wconf 89' lang='lat' dir='ltr'><strong>etiamsi</strong></span> <span class='ocrx_word' id='word_1_615' title='bbox 2588 3865 2959 3918; x_wconf 88' lang='lat' dir='ltr'><strong>cunuchorum</strong></span> <span class='ocrx_word' id='word_1_616' title='bbox 3013 3865 3166 3930; x_wconf 87' lang='lat' dir='ltr'><strong>sint,</strong></span> <span class='ocrx_word' id='word_1_617' title='bbox 3213 3863 3409 3932; x_wconf 78' lang='lat' dir='ltr'><strong>virgini</strong></span> 
     </span>
    </p>
   </div>
   <div class='ocr_carea' id='block_1_86' title="bbox 1820 3956 3411 4021">
    <p class='ocr_par' dir='ltr' id='par_1_86' title="bbox 1820 3956 3411 4021">
     <span class='ocr_line' id='line_1_86' title="bbox 1820 3956 3411 4021; baseline 0 -11"><span class='ocrx_word' id='word_1_618' title='bbox 1820 3959 2117 4011; x_wconf 78' lang='lat' dir='ltr'><strong>carendum</strong></span> <span class='ocrx_word' id='word_1_619' title='bbox 2142 3957 2169 4010; x_wconf 80' lang='lat'><strong>?~</strong></span> <span class='ocrx_word' id='word_1_620' title='bbox 2218 3956 2352 4011; x_wconf 78' lang='lat' dir='ltr'><strong>Nam</strong></span> <span class='ocrx_word' id='word_1_621' title='bbox 2384 3958 2488 4013; x_wconf 90' lang='lat' dir='ltr'><strong>etsi</strong></span> <span class='ocrx_word' id='word_1_622' title='bbox 2527 3958 2808 4012; x_wconf 89' lang='lat' dir='ltr'><strong>eunuchus</strong></span> <span class='ocrx_word' id='word_1_623' title='bbox 2849 3965 2954 4021; x_wconf 87' lang='lat' dir='ltr'><strong>est,</strong></span> <span class='ocrx_word' id='word_1_624' title='bbox 2989 3961 3070 4010; x_wconf 81' lang='lat' dir='ltr'><strong>vir</strong></span> <span class='ocrx_word' id='word_1_625' title='bbox 3109 3967 3287 4011; x_wconf 87' lang='lat' dir='ltr'><strong>tamen</strong></span> <span class='ocrx_word' id='word_1_626' title='bbox 3320 3964 3411 4012; x_wconf 81' lang='lat' dir='ltr'><strong>est</strong></span> 
     </span>
    </p>
   </div>
   <div class='ocr_carea' id='block_1_87' title="bbox 1823 4061 2032 4103">
    <p class='ocr_par' dir='ltr' id='par_1_87' title="bbox 1823 4061 2032 4103">
     <span class='ocr_line' id='line_1_87' title="bbox 1823 4061 2032 4103; baseline 0.005 -1"><span class='ocrx_word' id='word_1_627' title='bbox 1823 4061 2032 4103; x_wconf 69' lang='grc' dir='ltr'>ιιιιιιιτιι.</span> 
     </span>
    </p>
   </div>
   <div class='ocr_carea' id='block_1_88' title="bbox 1893 4139 3409 4209">
    <p class='ocr_par' dir='ltr' id='par_1_88' title="bbox 1893 4139 3409 4209">
     <span class='ocr_line' id='line_1_88' title="bbox 1893 4139 3409 4209; baseline -0.003 -12"><span class='ocrx_word' id='word_1_628' title='bbox 1893 4143 1991 4197; x_wconf 80' lang='lat'><strong>6&#39;5.</strong></span> <span class='ocrx_word' id='word_1_629' title='bbox 2035 4141 2499 4207; x_wconf 87' lang='lat' dir='ltr'><strong>Quemadmodum</strong></span> <span class='ocrx_word' id='word_1_630' title='bbox 2550 4142 2694 4196; x_wconf 89' lang='lat' dir='ltr'><strong>enim</strong></span> <span class='ocrx_word' id='word_1_631' title='bbox 2747 4141 2863 4203; x_wconf 86' lang='lat' dir='ltr'><strong>bos,</strong></span> <span class='ocrx_word' id='word_1_632' title='bbox 2907 4140 2999 4209; x_wconf 88' lang='lat' dir='ltr'><strong>qui</strong></span> <span class='ocrx_word' id='word_1_633' title='bbox 3050 4155 3215 4194; x_wconf 88' lang='lat' dir='ltr'><strong>cornu</strong></span> <span class='ocrx_word' id='word_1_634' title='bbox 3257 4139 3409 4208; x_wconf 81' lang='lat' dir='ltr'><strong>ferit,</strong></span> 
     </span>
    </p>
   </div>
   <div class='ocr_carea' id='block_1_89' title="bbox 1822 4233 3411 4303">
    <p class='ocr_par' dir='ltr' id='par_1_89' title="bbox 1822 4233 3411 4303">
     <span class='ocr_line' id='line_1_89' title="bbox 1822 4233 3411 4303; baseline -0.003 -14"><span class='ocrx_word' id='word_1_635' title='bbox 1822 4236 2081 4291; x_wconf 75' lang='lat' dir='ltr'><strong>abscissis</strong></span> <span class='ocrx_word' id='word_1_636' title='bbox 2103 4235 2387 4299; x_wconf 73' lang='lat' dir='ltr'><strong>cornibus,</strong></span> <span class='ocrx_word' id='word_1_637' title='bbox 2408 4248 2745 4303; x_wconf 82' lang='lat' dir='ltr'><strong>nequaquam</strong></span> <span class='ocrx_word' id='word_1_638' title='bbox 2779 4236 2879 4289; x_wconf 88' lang='lat' dir='ltr'><strong>ltae</strong></span> <span class='ocrx_word' id='word_1_639' title='bbox 2905 4249 3168 4288; x_wconf 90' lang='lat' dir='ltr'><strong>cornuum</strong></span> <span class='ocrx_word' id='word_1_640' title='bbox 3201 4233 3411 4288; x_wconf 85' lang='lat' dir='ltr'><strong>abscis-</strong></span> 
     </span>
    </p>
   </div>
   <div class='ocr_carea' id='block_1_90' title="bbox 1822 4322 3407 4393">
    <p class='ocr_par' dir='ltr' id='par_1_90' title="bbox 1822 4322 3407 4393">
     <span class='ocr_line' id='line_1_90' title="bbox 1822 4322 3407 4393; baseline -0.001 -14"><span class='ocrx_word' id='word_1_641' title='bbox 1822 4327 1973 4379; x_wconf 85' lang='lat' dir='ltr'><strong>sione</strong></span> <span class='ocrx_word' id='word_1_642' title='bbox 2007 4324 2180 4378; x_wconf 82' lang='lat' dir='ltr'><strong>factus</strong></span> <span class='ocrx_word' id='word_1_643' title='bbox 2201 4334 2285 4378; x_wconf 90' lang='lat' dir='ltr'><strong>est</strong></span> <span class='ocrx_word' id='word_1_644' title='bbox 2320 4339 2522 4391; x_wconf 90' lang='lat' dir='ltr'><strong>equus;</strong></span> <span class='ocrx_word' id='word_1_645' title='bbox 2562 4324 2655 4379; x_wconf 85' lang='lat' dir='ltr'><strong>sed</strong></span> <span class='ocrx_word' id='word_1_646' title='bbox 2686 4324 2860 4377; x_wconf 88' lang='lat' dir='ltr'><strong>adhuc</strong></span> <span class='ocrx_word' id='word_1_647' title='bbox 2892 4325 2987 4378; x_wconf 87' lang='lat' dir='ltr'><strong>bos</strong></span> <span class='ocrx_word' id='word_1_648' title='bbox 3021 4333 3125 4386; x_wconf 89' lang='lat' dir='ltr'><strong>est,</strong></span> <span class='ocrx_word' id='word_1_649' title='bbox 3157 4322 3407 4393; x_wconf 69' lang='lat' dir='ltr'><strong>quamvis</strong></span> 
     </span>
    </p>
   </div>
   <div class='ocr_carea' id='block_1_91' title="bbox 122 4409 1705 4490">
    <p class='ocr_par' dir='ltr' id='par_1_91' title="bbox 122 4409 1699 4490">
     <span class='ocr_line' id='line_1_91' title="bbox 122 4409 1699 4490; baseline 0.006 -27"><span class='ocrx_word' id='word_1_650' title='bbox 122 4409 266 4463; x_wconf 69' lang='grc' dir='ltr'>οὕτω</span> <span class='ocrx_word' id='word_1_651' title='bbox 298 4409 395 4462; x_wconf 69' lang='grc' dir='ltr'>καὶ</span> <span class='ocrx_word' id='word_1_652' title='bbox 425 4411 454 4463; x_wconf 87' lang='lat'><strong>6</strong></span> <span class='ocrx_word' id='word_1_653' title='bbox 485 4412 661 4482; x_wconf 75' lang='grc' dir='ltr'>ἄρσην</span> <span class='ocrx_word' id='word_1_654' title='bbox 702 4412 812 4484; x_wconf 76' lang='grc'>(56)</span> <span class='ocrx_word' id='word_1_655' title='bbox 845 4413 1263 4485; x_wconf 75' lang='grc' dir='ltr'>ἀποκοψάμενος</span> <span class='ocrx_word' id='word_1_656' title='bbox 1299 4417 1479 4471; x_wconf 87' lang='grc' dir='ltr'>πάντα</span> <span class='ocrx_word' id='word_1_657' title='bbox 1513 4419 1587 4472; x_wconf 88' lang='grc' dir='ltr'><strong>τά</strong></span> <span class='ocrx_word' id='word_1_658' title='bbox 1616 4421 1699 4490; x_wconf 84' lang='grc' dir='ltr'><strong>μό-</strong></span> 
     </span>
    </p>
   </div>
   <div class='ocr_carea' id='block_1_92' title="bbox 1851 4409 3403 4490">
    <p class='ocr_par' dir='ltr' id='par_1_92' title="bbox 1853 4415 3403 4484">
     <span class='ocr_line' id='line_1_92' title="bbox 1853 4415 3403 4484; baseline 0.001 -14"><span class='ocrx_word' id='word_1_659' title='bbox 1853 4432 1920 4471; x_wconf 84' lang='grc' dir='ltr'><strong>οιι</strong></span> <span class='ocrx_word' id='word_1_660' title='bbox 1965 4416 2197 4484; x_wconf 84' lang='lat' dir='ltr'><strong>amplius</strong></span> <span class='ocrx_word' id='word_1_661' title='bbox 2244 4415 2439 4470; x_wconf 80' lang='lat' dir='ltr'><strong>habeat</strong></span> <span class='ocrx_word' id='word_1_662' title='bbox 2469 4431 2713 4471; x_wconf 86' lang='lat' dir='ltr'><strong>cornua:</strong></span> <span class='ocrx_word' id='word_1_663' title='bbox 2765 4417 2835 4470; x_wconf 85' lang='lat' dir='ltr'><strong>ita</strong></span> <span class='ocrx_word' id='word_1_664' title='bbox 2881 4426 2935 4471; x_wconf 89' lang='lat' dir='ltr'><strong>et</strong></span> <span class='ocrx_word' id='word_1_665' title='bbox 2984 4417 3275 4479; x_wconf 89' lang='lat' dir='ltr'><strong>masculus,</strong></span> <span class='ocrx_word' id='word_1_666' title='bbox 3311 4416 3403 4472; x_wconf 89' lang='lat' dir='ltr'><strong>cui</strong></span> 
     </span>
    </p>
   </div>
   <div class='ocr_carea' id='block_1_93' title="bbox 124 4501 1707 4579">
    <p class='ocr_par' dir='ltr' id='par_1_93' title="bbox 124 4501 1707 4579">
     <span class='ocr_line' id='line_1_93' title="bbox 124 4501 1707 4579; baseline 0.006 -25"><span class='ocrx_word' id='word_1_667' title='bbox 124 4519 236 4573; x_wconf 86' lang='grc' dir='ltr'>ρια,</span> <span class='ocrx_word' id='word_1_668' title='bbox 287 4501 349 4554; x_wconf 80' lang='grc' dir='ltr'><strong>ού</strong></span> <span class='ocrx_word' id='word_1_669' title='bbox 397 4504 465 4573; x_wconf 82' lang='grc' dir='ltr'>τῇ</span> <span class='ocrx_word' id='word_1_670' title='bbox 514 4505 800 4575; x_wconf 80' lang='grc' dir='ltr'>ἀφαιρέσει</span> <span class='ocrx_word' id='word_1_671' title='bbox 850 4507 1054 4561; x_wconf 88' lang='grc' dir='ltr'>τούτων</span> <span class='ocrx_word' id='word_1_672' title='bbox 1093 4507 1235 4579; x_wconf 85' lang='grc' dir='ltr'>γυνὴ</span> <span class='ocrx_word' id='word_1_673' title='bbox 1266 4509 1480 4577; x_wconf 76' lang='grc' dir='ltr'>ἐγένετο</span> <span class='ocrx_word' id='word_1_674' title='bbox 1510 4504 1665 4576; x_wconf 71' lang='grc' dir='ltr'>οὗτος</span> <span class='ocrx_word' id='word_1_675' title='bbox 1690 4529 1707 4542; x_wconf 74' lang='grc' dir='ltr'><strong><em>ο</em></strong></span> 
     </span>
    </p>
   </div>
   <div class='ocr_carea' id='block_1_94' title="bbox 120 4586 1708 4669">
    <p class='ocr_par' dir='ltr' id='par_1_94' title="bbox 120 4586 1708 4669">
     <span class='ocr_line' id='line_1_94' title="bbox 120 4586 1708 4669; baseline 0.009 -30"><span class='ocrx_word' id='word_1_676' title='bbox 120 4587 236 4640; x_wconf 84' lang='grc' dir='ltr'>ἀλλ’</span> <span class='ocrx_word' id='word_1_677' title='bbox 271 4586 356 4640; x_wconf 75' lang='grc' dir='ltr'>ἔτι</span> <span class='ocrx_word' id='word_1_678' title='bbox 399 4586 578 4660; x_wconf 79' lang='grc' dir='ltr'>ἄρσην</span> <span class='ocrx_word' id='word_1_679' title='bbox 607 4592 725 4644; x_wconf 83' lang='grc' dir='ltr'>ἐστὶ</span> <span class='ocrx_word' id='word_1_680' title='bbox 766 4592 864 4663; x_wconf 82' lang='grc' dir='ltr'><strong>τὴν</strong></span> <span class='ocrx_word' id='word_1_681' title='bbox 905 4594 1090 4663; x_wconf 85' lang='grc' dir='ltr'>φύσιν,</span> <span class='ocrx_word' id='word_1_682' title='bbox 1123 4595 1226 4649; x_wconf 81' lang='grc' dir='ltr'>κᾶν</span> <span class='ocrx_word' id='word_1_683' title='bbox 1270 4597 1344 4667; x_wconf 82' lang='grc' dir='ltr'><strong>μὴ</strong></span> <span class='ocrx_word' id='word_1_684' title='bbox 1380 4597 1476 4669; x_wconf 79' lang='grc' dir='ltr'><strong>ἔχῃ</strong></span> <span class='ocrx_word' id='word_1_685' title='bbox 1510 4601 1576 4652; x_wconf 64' lang='grc' dir='ltr'>τὰ</span> <span class='ocrx_word' id='word_1_686' title='bbox 1611 4600 1708 4669; x_wconf 73' lang='grc' dir='ltr'>μά-</span> 
     </span>
    </p>
   </div>
   <div class='ocr_carea' id='block_1_95' title="bbox 120 4680 1713 4763">
    <p class='ocr_par' dir='ltr' id='par_1_95' title="bbox 120 4680 1713 4763">
     <span class='ocr_line' id='line_1_95' title="bbox 120 4680 1713 4763; baseline 0.009 -32"><span class='ocrx_word' id='word_1_687' title='bbox 120 4696 232 4750; x_wconf 90' lang='grc' dir='ltr'>ρια.</span> <span class='ocrx_word' id='word_1_688' title='bbox 265 4680 380 4733; x_wconf 77' lang='grc' dir='ltr'><strong>Καὶ</strong></span> <span class='ocrx_word' id='word_1_689' title='bbox 407 4680 483 4743; x_wconf 86' lang='grc' dir='ltr'>ὼς</span> <span class='ocrx_word' id='word_1_690' title='bbox 507 4682 536 4733; x_wconf 86' lang='lat'><strong>6</strong></span> <span class='ocrx_word' id='word_1_691' title='bbox 562 4686 891 4756; x_wconf 86' lang='grc' dir='ltr'>κερατιστὴς</span> <span class='ocrx_word' id='word_1_692' title='bbox 912 4688 1364 4759; x_wconf 82' lang='grc' dir='ltr'>ἀποκεκομμένος</span> <span class='ocrx_word' id='word_1_693' title='bbox 1391 4690 1461 4743; x_wconf 74' lang='grc' dir='ltr'>τὰ</span> <span class='ocrx_word' id='word_1_694' title='bbox 1479 4690 1713 4763; x_wconf 83' lang='grc' dir='ltr'>κέρατα,</span> 
     </span>
    </p>
   </div>
   <div class='ocr_carea' id='block_1_96' title="bbox 118 4771 1711 4850">
    <p class='ocr_par' dir='ltr' id='par_1_96' title="bbox 118 4771 1711 4850">
     <span class='ocr_line' id='line_1_96' title="bbox 118 4771 1711 4850; baseline 0.008 -28"><span class='ocrx_word' id='word_1_695' title='bbox 118 4771 457 4842; x_wconf 78' lang='grc' dir='ltr'>κερατιστὴς</span> <span class='ocrx_word' id='word_1_696' title='bbox 483 4774 636 4843; x_wconf 85' lang='grc' dir='ltr'>ὅμως</span> <span class='ocrx_word' id='word_1_697' title='bbox 665 4776 782 4828; x_wconf 73' lang='grc' dir='ltr'>ἐστὶ</span> <span class='ocrx_word' id='word_1_698' title='bbox 813 4776 904 4829; x_wconf 82' lang='grc' dir='ltr'><strong>τὸν</strong></span> <span class='ocrx_word' id='word_1_699' title='bbox 936 4777 1106 4848; x_wconf 77' lang='grc' dir='ltr'>θυμὸν</span> <span class='ocrx_word' id='word_1_700' title='bbox 1138 4778 1554 4850; x_wconf 87' lang='grc' dir='ltr'>(παρεκκλίνων</span> <span class='ocrx_word' id='word_1_701' title='bbox 1581 4782 1711 4850; x_wconf 88' lang='grc' dir='ltr'>γοῦν</span> 
     </span>
    </p>
   </div>
   <div class='ocr_carea' id='block_1_97' title="bbox 116 4861 1715 4945">
    <p class='ocr_par' dir='ltr' id='par_1_97' title="bbox 116 4861 1715 4945">
     <span class='ocr_line' id='line_1_97' title="bbox 116 4861 1715 4945; baseline 0.008 -31"><span class='ocrx_word' id='word_1_702' title='bbox 116 4861 208 4914; x_wconf 82' lang='grc' dir='ltr'><strong>τὸν</strong></span> <span class='ocrx_word' id='word_1_703' title='bbox 240 4863 473 4933; x_wconf 77' lang='grc' dir='ltr'>αὐχένα,</span> <span class='ocrx_word' id='word_1_704' title='bbox 517 4866 612 4918; x_wconf 79' lang='grc' dir='ltr'>καὶ</span> <span class='ocrx_word' id='word_1_705' title='bbox 638 4865 739 4938; x_wconf 87' lang='grc' dir='ltr'>τὴν</span> <span class='ocrx_word' id='word_1_706' title='bbox 781 4868 1026 4940; x_wconf 83' lang='grc' dir='ltr'>κεφαλὴν</span> <span class='ocrx_word' id='word_1_707' title='bbox 1059 4869 1195 4942; x_wconf 73' lang='grc' dir='ltr'>πρὸς</span> <span class='ocrx_word' id='word_1_708' title='bbox 1231 4871 1331 4942; x_wconf 83' lang='grc' dir='ltr'>τὴν</span> <span class='ocrx_word' id='word_1_709' title='bbox 1370 4872 1545 4944; x_wconf 85' lang='grc' dir='ltr'>ὁρμὴν</span> <span class='ocrx_word' id='word_1_710' title='bbox 1581 4892 1715 4945; x_wconf 81' lang='grc' dir='ltr'>σχη-</span> 
     </span>
    </p>
   </div>
   <div class='ocr_carea' id='block_1_98' title="bbox 120 4955 1716 5033">
    <p class='ocr_par' dir='ltr' id='par_1_98' title="bbox 120 4955 1716 5033">
     <span class='ocr_line' id='line_1_98' title="bbox 120 4955 1716 5033; baseline 0.007 -26"><span class='ocrx_word' id='word_1_711' title='bbox 120 4955 390 5023; x_wconf 77' lang='grc' dir='ltr'>ματίζων,</span> <span class='ocrx_word' id='word_1_712' title='bbox 430 4957 532 5028; x_wconf 77' lang='grc' dir='ltr'><strong>τὴν</strong></span> <span class='ocrx_word' id='word_1_713' title='bbox 574 4958 802 5032; x_wconf 81' lang='grc' dir='ltr'>ἀπειλὴν</span> <span class='ocrx_word' id='word_1_714' title='bbox 850 4961 1106 5033; x_wconf 84' lang='grc' dir='ltr'>ἀσμένως</span> <span class='ocrx_word' id='word_1_715' title='bbox 1156 4961 1523 5016; x_wconf 76' lang='grc' dir='ltr'>ἐνδείκνυταιο</span> <span class='ocrx_word' id='word_1_716' title='bbox 1575 4965 1716 5019; x_wconf 85' lang='grc' dir='ltr'><strong>ἀλλά</strong></span> 
     </span>
    </p>
   </div>
   <div class='ocr_carea' id='block_1_99' title="bbox 221 5135 1198 5206">
    <p class='ocr_par' dir='ltr' id='par_1_99' title="bbox 221 5135 1198 5206">
     <span class='ocr_line' id='line_1_99' title="bbox 221 5135 1198 5206; baseline 0.007 -17"><span class='ocrx_word' id='word_1_717' title='bbox 221 5135 267 5167; x_wconf 70' lang='grc' dir='ltr'>δί</span> <span class='ocrx_word' id='word_1_718' title='bbox 297 5135 459 5193; x_wconf 79' lang='lat' dir='ltr'><strong>Rom.</strong></span> <span class='ocrx_word' id='word_1_719' title='bbox 487 5154 524 5203; x_wconf 89' lang='lat' dir='ltr'><strong>t,</strong></span> <span class='ocrx_word' id='word_1_720' title='bbox 557 5138 648 5192; x_wconf 79' lang='lat'><strong>‘25.</strong></span> <span class='ocrx_word' id='word_1_721' title='bbox 725 5139 771 5172; x_wconf 70' lang='grc' dir='ltr'><strong>δ’</strong></span> <span class='ocrx_word' id='word_1_722' title='bbox 793 5139 951 5195; x_wconf 82' lang='lat' dir='ltr'><strong>Rom.</strong></span> <span class='ocrx_word' id='word_1_723' title='bbox 986 5156 1087 5206; x_wconf 82' lang='lat' dir='ltr'><strong>vu,</strong></span> <span class='ocrx_word' id='word_1_724' title='bbox 1125 5141 1198 5196; x_wconf 75' lang='lat'><strong>25</strong></span> 
     </span>
    </p>
   </div>
   <div class='ocr_carea' id='block_1_100' title="bbox 193 5290 1706 5363">
    <p class='ocr_par' dir='ltr' id='par_1_100' title="bbox 193 5290 1706 5363">
     <span class='ocr_line' id='line_1_100' title="bbox 193 5290 1706 5363; baseline 0.001 -17"><span class='ocrx_word' id='word_1_725' title='bbox 193 5291 308 5362; x_wconf 88' lang='grc'>(50)</span> <span class='ocrx_word' id='word_1_726' title='bbox 332 5290 548 5347; x_wconf 79' lang='grc' dir='ltr'>Πάλιν.</span> <span class='ocrx_word' id='word_1_727' title='bbox 580 5291 886 5363; x_wconf 86' lang='lat' dir='ltr'><strong>chendum</strong></span> <span class='ocrx_word' id='word_1_728' title='bbox 908 5294 1138 5359; x_wconf 74' lang='lat' dir='ltr'><strong>videtur,</strong></span> <span class='ocrx_word' id='word_1_729' title='bbox 1163 5293 1348 5356; x_wconf 87' lang='grc' dir='ltr'>πάλαι,</span> <span class='ocrx_word' id='word_1_730' title='bbox 1374 5303 1432 5349; x_wconf 86' lang='grc' dir='ltr'><strong>ιιι</strong></span> <span class='ocrx_word' id='word_1_731' title='bbox 1455 5303 1509 5349; x_wconf 90' lang='lat' dir='ltr'><strong>et</strong></span> <span class='ocrx_word' id='word_1_732' title='bbox 1538 5294 1706 5350; x_wconf 85' lang='lat' dir='ltr'><strong>inter-</strong></span> 
     </span>
    </p>
   </div>
   <div class='ocr_carea' id='block_1_101' title="bbox 119 5364 642 5433">
    <p class='ocr_par' dir='ltr' id='par_1_101' title="bbox 119 5364 642 5433">
     <span class='ocr_line' id='line_1_101' title="bbox 119 5364 642 5433; baseline 0 -18"><span class='ocrx_word' id='word_1_733' title='bbox 119 5376 245 5433; x_wconf 76' lang='lat' dir='ltr'><strong>pres</strong></span> <span class='ocrx_word' id='word_1_734' title='bbox 276 5365 456 5433; x_wconf 77' lang='lat' dir='ltr'><strong>vertit.</strong></span> <span class='ocrx_word' id='word_1_735' title='bbox 478 5364 642 5433; x_wconf 56' lang='grc' dir='ltr'>ιξωτ.</span> 
     </span>
    </p>
   </div>
   <div class='ocr_carea' id='block_1_102' title="bbox 189 5431 1703 5503">
    <p class='ocr_par' dir='ltr' id='par_1_102' title="bbox 189 5431 1703 5503">
     <span class='ocr_line' id='line_1_102' title="bbox 189 5431 1703 5503; baseline 0.002 -18"><span class='ocrx_word' id='word_1_736' title='bbox 189 5431 307 5503; x_wconf 84' lang='grc'>(51)</span> <span class='ocrx_word' id='word_1_737' title='bbox 341 5431 672 5503; x_wconf 65' lang='lat' dir='ltr'><strong>&#39;I‘zéd‘etfe.</strong></span> <span class='ocrx_word' id='word_1_738' title='bbox 731 5431 823 5487; x_wconf 89' lang='lat' dir='ltr'><strong>Sic</strong></span> <span class='ocrx_word' id='word_1_739' title='bbox 850 5433 1088 5486; x_wconf 87' lang='lat' dir='ltr'><strong>nonnulli</strong></span> <span class='ocrx_word' id='word_1_740' title='bbox 1130 5433 1369 5503; x_wconf 82' lang='lat' dir='ltr'><strong>codices</strong></span> <span class='ocrx_word' id='word_1_741' title='bbox 1404 5449 1536 5490; x_wconf 86' lang='lat' dir='ltr'><strong>mss.</strong></span> <span class='ocrx_word' id='word_1_742' title='bbox 1581 5434 1703 5490; x_wconf 89' lang='lat' dir='ltr'><strong>Col-</strong></span> 
     </span>
    </p>
   </div>
   <div class='ocr_carea' id='block_1_103' title="bbox 121 5499 1201 5568">
    <p class='ocr_par' dir='ltr' id='par_1_103' title="bbox 121 5499 1201 5568">
     <span class='ocr_line' id='line_1_103' title="bbox 121 5499 1201 5568; baseline 0.002 -12"><span class='ocrx_word' id='word_1_743' title='bbox 121 5499 394 5563; x_wconf 79' lang='lat' dir='ltr'><strong>bertintts,</strong></span> <span class='ocrx_word' id='word_1_744' title='bbox 437 5502 709 5566; x_wconf 82' lang='grc' dir='ltr'>ἀπέδειξε.</span> <span class='ocrx_word' id='word_1_745' title='bbox 740 5503 905 5565; x_wconf 88' lang='lat' dir='ltr'><strong>Etliti,</strong></span> <span class='ocrx_word' id='word_1_746' title='bbox 937 5501 1201 5568; x_wconf 75' lang='grc' dir='ltr'>ἐπέδειξε.</span> 
     </span>
    </p>
   </div>
   <div class='ocr_carea' id='block_1_104' title="bbox 190 5571 1700 5644">
    <p class='ocr_par' dir='ltr' id='par_1_104' title="bbox 190 5571 1700 5644">
     <span class='ocr_line' id='line_1_104' title="bbox 190 5571 1700 5644; baseline 0.001 -17"><span class='ocrx_word' id='word_1_747' title='bbox 190 5571 305 5643; x_wconf 71' lang='grc'>(52)</span> <span class='ocrx_word' id='word_1_748' title='bbox 345 5571 530 5627; x_wconf 79' lang='grc' dir='ltr'>Ἔδει.</span> <span class='ocrx_word' id='word_1_749' title='bbox 570 5576 672 5644; x_wconf 4' lang='grc' dir='ltr'>(διο</span> <span class='ocrx_word' id='word_1_750' title='bbox 722 5584 831 5627; x_wconf 88' lang='lat' dir='ltr'><strong>tres</strong></span> <span class='ocrx_word' id='word_1_751' title='bbox 865 5589 1007 5644; x_wconf 26' lang='lat' dir='ltr'><strong>imas.</strong></span> <span class='ocrx_word' id='word_1_752' title='bbox 1046 5585 1208 5644; x_wconf 85' lang='lat' dir='ltr'><strong>atque</strong></span> <span class='ocrx_word' id='word_1_753' title='bbox 1266 5573 1379 5629; x_wconf 67' lang='lat' dir='ltr'><strong>haec</strong></span> <span class='ocrx_word' id='word_1_754' title='bbox 1432 5575 1700 5644; x_wconf 85' lang='lat' dir='ltr'><strong>scriptura</strong></span> 
     </span>
    </p>
   </div>
   <div class='ocr_carea' id='block_1_105' title="bbox 122 5641 1241 5710">
    <p class='ocr_par' dir='ltr' id='par_1_105' title="bbox 122 5641 1241 5710">
     <span class='ocr_line' id='line_1_105' title="bbox 122 5641 1241 5710; baseline 0.007 -18"><span class='ocrx_word' id='word_1_755' title='bbox 122 5641 283 5710; x_wconf 80' lang='lat' dir='ltr'><strong>paulo</strong></span> <span class='ocrx_word' id='word_1_756' title='bbox 308 5652 427 5709; x_wconf 89' lang='lat' dir='ltr'><strong>post</strong></span> <span class='ocrx_word' id='word_1_757' title='bbox 451 5642 824 5697; x_wconf 75' lang='lat' dir='ltr'><strong>confirmatur.</strong></span> <span class='ocrx_word' id='word_1_758' title='bbox 864 5641 1027 5706; x_wconf 88' lang='lat' dir='ltr'><strong>Editi,</strong></span> <span class='ocrx_word' id='word_1_759' title='bbox 1051 5642 1241 5700; x_wconf 77' lang='grc' dir='ltr'>ἐδόκει.</span> 
     </span>
    </p>
   </div>
   <div class='ocr_carea' id='block_1_106' title="bbox 193 5712 1699 5784">
    <p class='ocr_par' dir='ltr' id='par_1_106' title="bbox 193 5712 1699 5784">
     <span class='ocr_line' id='line_1_106' title="bbox 193 5712 1699 5784; baseline 0.001 -17"><span class='ocrx_word' id='word_1_760' title='bbox 193 5713 306 5781; x_wconf 82' lang='grc'>(55)</span> <span class='ocrx_word' id='word_1_761' title='bbox 337 5714 585 5771; x_wconf 77' lang='grc' dir='ltr'>Τούτων.</span> <span class='ocrx_word' id='word_1_762' title='bbox 633 5713 724 5769; x_wconf 81' lang='lat' dir='ltr'><strong>Sic</strong></span> <span class='ocrx_word' id='word_1_763' title='bbox 752 5713 933 5784; x_wconf 80' lang='lat' dir='ltr'><strong>plures</strong></span> <span class='ocrx_word' id='word_1_764' title='bbox 963 5729 1091 5771; x_wconf 84' lang='lat' dir='ltr'><strong>mss.</strong></span> <span class='ocrx_word' id='word_1_765' title='bbox 1134 5712 1331 5770; x_wconf 82' lang='lat' dir='ltr'><strong>Veneta</strong></span> <span class='ocrx_word' id='word_1_766' title='bbox 1361 5715 1541 5781; x_wconf 88' lang='lat' dir='ltr'><strong>editio,</strong></span> <span class='ocrx_word' id='word_1_767' title='bbox 1575 5714 1699 5769; x_wconf 79' lang='grc' dir='ltr'><strong>τοῦ-</strong></span> 
     </span>
    </p>
   </div>
   <div class='ocr_carea' id='block_1_107' title="bbox 1812 4505 3402 4575">
    <p class='ocr_par' dir='ltr' id='par_1_107' title="bbox 1812 4505 3402 4575">
     <span class='ocr_line' id='line_1_107' title="bbox 1812 4505 3402 4575; baseline 0 -15"><span class='ocrx_word' id='word_1_768' title='bbox 1812 4516 2030 4561; x_wconf 80' lang='lat' dir='ltr'><strong>exsecta</strong></span> <span class='ocrx_word' id='word_1_769' title='bbox 2050 4516 2177 4560; x_wconf 87' lang='lat' dir='ltr'><strong>sunt</strong></span> <span class='ocrx_word' id='word_1_770' title='bbox 2205 4505 2460 4575; x_wconf 75' lang='lat' dir='ltr'><strong>genitalia</strong></span> <span class='ocrx_word' id='word_1_771' title='bbox 2485 4506 2688 4569; x_wconf 90' lang='lat' dir='ltr'><strong>omnia,</strong></span> <span class='ocrx_word' id='word_1_772' title='bbox 2726 4519 3063 4574; x_wconf 82' lang='lat' dir='ltr'><strong>nequaquam</strong></span> <span class='ocrx_word' id='word_1_773' title='bbox 3087 4507 3186 4559; x_wconf 88' lang='lat' dir='ltr'><strong>hac</strong></span> <span class='ocrx_word' id='word_1_774' title='bbox 3208 4520 3402 4560; x_wconf 78' lang='lat' dir='ltr'><strong>exsec-</strong></span> 
     </span>
    </p>
   </div>
   <div class='ocr_carea' id='block_1_108' title="bbox 1816 4595 3401 4663">
    <p class='ocr_par' dir='ltr' id='par_1_108' title="bbox 1816 4595 3401 4663">
     <span class='ocr_line' id='line_1_108' title="bbox 1816 4595 3401 4663; baseline -0.001 -12"><span class='ocrx_word' id='word_1_775' title='bbox 1816 4601 1959 4651; x_wconf 89' lang='lat' dir='ltr'><strong>tioue</strong></span> <span class='ocrx_word' id='word_1_776' title='bbox 1987 4599 2160 4652; x_wconf 82' lang='lat' dir='ltr'><strong>factus</strong></span> <span class='ocrx_word' id='word_1_777' title='bbox 2215 4606 2299 4650; x_wconf 86' lang='lat' dir='ltr'><strong>est</strong></span> <span class='ocrx_word' id='word_1_778' title='bbox 2331 4596 2554 4663; x_wconf 83' lang='lat' dir='ltr'><strong>femina,</strong></span> <span class='ocrx_word' id='word_1_779' title='bbox 2604 4598 2699 4650; x_wconf 89' lang='lat' dir='ltr'><strong>sed</strong></span> <span class='ocrx_word' id='word_1_780' title='bbox 2726 4610 2937 4662; x_wconf 80' lang='lat' dir='ltr'><strong>semper</strong></span> <span class='ocrx_word' id='word_1_781' title='bbox 2978 4595 3248 4650; x_wconf 85' lang='lat' dir='ltr'><strong>masculus</strong></span> <span class='ocrx_word' id='word_1_782' title='bbox 3293 4603 3401 4661; x_wconf 79' lang='lat' dir='ltr'><strong>est,</strong></span> 
     </span>
    </p>
   </div>
   <div class='ocr_carea' id='block_1_109' title="bbox 1818 4687 3402 4757">
    <p class='ocr_par' dir='ltr' id='par_1_109' title="bbox 1818 4687 3402 4757">
     <span class='ocr_line' id='line_1_109' title="bbox 1818 4687 3402 4757; baseline 0.001 -16"><span class='ocrx_word' id='word_1_783' title='bbox 1818 4690 2064 4755; x_wconf 85' lang='lat' dir='ltr'><strong>quamvis</strong></span> <span class='ocrx_word' id='word_1_784' title='bbox 2114 4703 2217 4740; x_wconf 91' lang='lat' dir='ltr'><strong>non</strong></span> <span class='ocrx_word' id='word_1_785' title='bbox 2277 4688 2476 4742; x_wconf 87' lang='lat' dir='ltr'><strong>habeat</strong></span> <span class='ocrx_word' id='word_1_786' title='bbox 2530 4687 2804 4757; x_wconf 88' lang='lat' dir='ltr'><strong>genitalia.</strong></span> <span class='ocrx_word' id='word_1_787' title='bbox 2835 4687 2903 4740; x_wconf 86' lang='lat' dir='ltr'><strong>Et</strong></span> <span class='ocrx_word' id='word_1_788' title='bbox 2946 4687 3402 4754; x_wconf 85' lang='lat' dir='ltr'><strong>quemadmodum</strong></span> 
     </span>
    </p>
   </div>
   <div class='ocr_carea' id='block_1_110' title="bbox 1820 4778 3400 4843">
    <p class='ocr_par' dir='ltr' id='par_1_110' title="bbox 1820 4778 3400 4843">
     <span class='ocr_line' id='line_1_110' title="bbox 1820 4778 3400 4843; baseline 0.001 -8"><span class='ocrx_word' id='word_1_789' title='bbox 1820 4786 1917 4836; x_wconf 90' lang='lat' dir='ltr'><strong>hos</strong></span> <span class='ocrx_word' id='word_1_790' title='bbox 1961 4796 2129 4836; x_wconf 90' lang='lat' dir='ltr'><strong>cornu</strong></span> <span class='ocrx_word' id='word_1_791' title='bbox 2165 4780 2392 4843; x_wconf 79' lang='lat' dir='ltr'><strong>feriens,</strong></span> <span class='ocrx_word' id='word_1_792' title='bbox 2421 4780 2682 4834; x_wconf 82' lang='lat' dir='ltr'><strong>abscissis</strong></span> <span class='ocrx_word' id='word_1_793' title='bbox 2708 4778 2989 4842; x_wconf 88' lang='lat' dir='ltr'><strong>cornibus,</strong></span> <span class='ocrx_word' id='word_1_794' title='bbox 3024 4778 3101 4832; x_wconf 89' lang='lat' dir='ltr'><strong>ira</strong></span> <span class='ocrx_word' id='word_1_795' title='bbox 3137 4788 3314 4834; x_wconf 89' lang='lat' dir='ltr'><strong>tamen</strong></span> <span class='ocrx_word' id='word_1_796' title='bbox 3346 4793 3400 4837; x_wconf 87' lang='lat' dir='ltr'><strong>et</strong></span> 
     </span>
    </p>
   </div>
   <div class='ocr_carea' id='block_1_111' title="bbox 1818 4867 3400 4939">
    <p class='ocr_par' dir='ltr' id='par_1_111' title="bbox 1818 4867 3400 4939">
     <span class='ocr_line' id='line_1_111' title="bbox 1818 4867 3400 4939; baseline -0.002 -14"><span class='ocrx_word' id='word_1_797' title='bbox 1818 4873 2001 4926; x_wconf 76' lang='lat' dir='ltr'><strong>furore</strong></span> <span class='ocrx_word' id='word_1_798' title='bbox 2027 4886 2194 4924; x_wconf 88' lang='lat' dir='ltr'><strong>cornu</strong></span> <span class='ocrx_word' id='word_1_799' title='bbox 2233 4871 2402 4939; x_wconf 88' lang='lat' dir='ltr'><strong>petit;</strong></span> <span class='ocrx_word' id='word_1_800' title='bbox 2429 4869 2694 4936; x_wconf 87' lang='lat' dir='ltr'><strong>siquidem</strong></span> <span class='ocrx_word' id='word_1_801' title='bbox 2728 4867 2995 4921; x_wconf 88' lang='lat' dir='ltr'><strong>inclinans</strong></span> <span class='ocrx_word' id='word_1_802' title='bbox 3020 4868 3318 4934; x_wconf 80' lang='lat' dir='ltr'><strong>cervicem,</strong></span> <span class='ocrx_word' id='word_1_803' title='bbox 3346 4884 3400 4922; x_wconf 82' lang='lat' dir='ltr'><strong>et</strong></span> 
     </span>
    </p>
   </div>
   <div class='ocr_carea' id='block_1_112' title="bbox 1819 4958 3441 5033">
    <p class='ocr_par' dir='ltr' id='par_1_112' title="bbox 1819 4958 3441 5033">
     <span class='ocr_line' id='line_1_112' title="bbox 1819 4958 3441 5033; baseline -0.002 -17"><span class='ocrx_word' id='word_1_804' title='bbox 1819 4971 1982 5033; x_wconf 82' lang='lat' dir='ltr'><strong>caput</strong></span> <span class='ocrx_word' id='word_1_805' title='bbox 2017 4961 2084 5015; x_wconf 89' lang='lat' dir='ltr'><strong>ad</strong></span> <span class='ocrx_word' id='word_1_806' title='bbox 2134 4960 2431 5014; x_wconf 69' lang='lat' dir='ltr'><strong>leriendum</strong></span> <span class='ocrx_word' id='word_1_807' title='bbox 2476 4972 2845 5027; x_wconf 77' lang='lat' dir='ltr'><strong>componens,</strong></span> <span class='ocrx_word' id='word_1_808' title='bbox 2895 4958 3072 5012; x_wconf 88' lang='lat' dir='ltr'><strong>minas</strong></span> <span class='ocrx_word' id='word_1_809' title='bbox 3126 4972 3234 5012; x_wconf 84' lang='lat' dir='ltr'><strong>non</strong></span> <span class='ocrx_word' id='word_1_810' title='bbox 3280 4960 3401 5013; x_wconf 81' lang='lat' dir='ltr'><strong>siue</strong></span> <span class='ocrx_word' id='word_1_811' title='bbox 3438 4984 3441 4989; x_wconf 82' lang='lat'><strong>~</strong></span> 
     </span>
    </p>
   </div>
   <div class='ocr_carea' id='block_1_113' title="bbox 1811 5291 2552 5354">
    <p class='ocr_par' dir='ltr' id='par_1_113' title="bbox 1811 5291 2552 5354">
     <span class='ocr_line' id='line_1_113' title="bbox 1811 5291 2552 5354; baseline -0.004 -6"><span class='ocrx_word' id='word_1_812' title='bbox 1811 5311 1924 5351; x_wconf 84' lang='grc' dir='ltr'>τον.</span> <span class='ocrx_word' id='word_1_813' title='bbox 1964 5291 2308 5354; x_wconf 82' lang='lat' dir='ltr'><strong>Parisiensis,</strong></span> <span class='ocrx_word' id='word_1_814' title='bbox 2338 5292 2552 5347; x_wconf 83' lang='grc' dir='ltr'>τούτου.</span> 
     </span>
    </p>
   </div>
   <div class='ocr_carea' id='block_1_114' title="bbox 1885 5360 3388 5436">
    <p class='ocr_par' dir='ltr' id='par_1_114' title="bbox 1885 5360 3388 5436">
     <span class='ocr_line' id='line_1_114' title="bbox 1885 5360 3388 5436; baseline 0.001 -20"><span class='ocrx_word' id='word_1_815' title='bbox 1885 5362 1998 5435; x_wconf 66' lang='grc'>(54)</span> <span class='ocrx_word' id='word_1_816' title='bbox 2056 5362 2178 5417; x_wconf 85' lang='grc' dir='ltr'><strong>Τῶν</strong></span> <span class='ocrx_word' id='word_1_817' title='bbox 2221 5362 2472 5431; x_wconf 75' lang='grc' dir='ltr'>θηλέων.</span> <span class='ocrx_word' id='word_1_818' title='bbox 2548 5361 2798 5417; x_wconf 85' lang='lat' dir='ltr'><strong>Nonnulli</strong></span> <span class='ocrx_word' id='word_1_819' title='bbox 2843 5360 3082 5427; x_wconf 78' lang='lat' dir='ltr'><strong>codices,</strong></span> <span class='ocrx_word' id='word_1_820' title='bbox 3132 5360 3240 5416; x_wconf 85' lang='grc' dir='ltr'><strong>τῶν</strong></span> <span class='ocrx_word' id='word_1_821' title='bbox 3288 5360 3388 5436; x_wconf 83' lang='grc' dir='ltr'>θη-</span> 
     </span>
    </p>
   </div>
   <div class='ocr_carea' id='block_1_115' title="bbox 1814 5436 3388 5576">
    <p class='ocr_par' dir='ltr' id='par_1_115' title="bbox 1814 5436 3388 5576">
     <span class='ocr_line' id='line_1_115' title="bbox 1814 5436 3388 5576; baseline -0.007 -17"><span class='ocrx_word' id='word_1_822' title='bbox 2060 5503 2258 5567; x_wconf 85' lang='grc' dir='ltr'><strong>Πόσῳ.</strong></span> <span class='ocrx_word' id='word_1_823' title='bbox 2311 5502 2401 5557; x_wconf 90' lang='lat' dir='ltr'><strong>Sic</strong></span> <span class='ocrx_word' id='word_1_824' title='bbox 2465 5500 2683 5555; x_wconf 84' lang='lat' dir='ltr'><strong>codices</strong></span> <span class='ocrx_word' id='word_1_825' title='bbox 2744 5501 3005 5556; x_wconf 87' lang='lat' dir='ltr'><strong>nonnulli.</strong></span> <span class='ocrx_word' id='word_1_826' title='bbox 3064 5499 3227 5568; x_wconf 87' lang='lat' dir='ltr'><strong>Editi,</strong></span> <span class='ocrx_word' id='word_1_827' title='bbox 3286 5502 3388 5559; x_wconf 63' lang='lat' dir='ltr'><strong>and.</strong></span> 
     </span>
    </p>
   </div>
   <div class='ocr_carea' id='block_1_116' title="bbox 1815 5593 3391 5715">
    <p class='ocr_par' dir='ltr' id='par_1_116' title="bbox 1815 5593 3391 5715">
     <span class='ocr_line' id='line_1_116' title="bbox 1815 5593 3391 5715; baseline -0.007 -14"><span class='ocrx_word' id='word_1_828' title='bbox 1815 5593 1999 5715; x_wconf 47' lang='lat'><strong>00:36)</strong></span> <span class='ocrx_word' id='word_1_829' title='bbox 2028 5647 2267 5715; x_wconf 73' lang='grc' dir='ltr'>Ἄρσην.</span> <span class='ocrx_word' id='word_1_830' title='bbox 2317 5640 2638 5715; x_wconf 31' lang='grc' dir='ltr'>δίεμΙιιιΙιριιι</span> <span class='ocrx_word' id='word_1_831' title='bbox 2673 5639 2775 5698; x_wconf 86' lang='lat' dir='ltr'><strong>hoc</strong></span> <span class='ocrx_word' id='word_1_832' title='bbox 2808 5640 2925 5697; x_wconf 86' lang='lat' dir='ltr'><strong>loco</strong></span> <span class='ocrx_word' id='word_1_833' title='bbox 2985 5650 3035 5700; x_wconf 88' lang='lat' dir='ltr'><strong>et</strong></span> <span class='ocrx_word' id='word_1_834' title='bbox 3090 5641 3246 5713; x_wconf 84' lang='lat' dir='ltr'><strong>paulo</strong></span> <span class='ocrx_word' id='word_1_835' title='bbox 3269 5655 3391 5714; x_wconf 69' lang='grc' dir='ltr'>ροει</span> 
     </span>
    </p>
   </div>
   <div class='ocr_carea' id='block_1_117' title="bbox 1816 5712 2606 5784">
    <p class='ocr_par' dir='ltr' id='par_1_117' title="bbox 1816 5712 2606 5784">
     <span class='ocr_line' id='line_1_117' title="bbox 1816 5712 2606 5784; baseline -0.008 -13"><span class='ocrx_word' id='word_1_836' title='bbox 1816 5712 1943 5772; x_wconf 76' lang='lat' dir='ltr'><strong>mss.</strong></span> <span class='ocrx_word' id='word_1_837' title='bbox 1974 5712 2169 5784; x_wconf 74' lang='lat' dir='ltr'><strong>plures.</strong></span> <span class='ocrx_word' id='word_1_838' title='bbox 2209 5714 2370 5780; x_wconf 77' lang='lat' dir='ltr'><strong>Editi,</strong></span> <span class='ocrx_word' id='word_1_839' title='bbox 2411 5712 2606 5782; x_wconf 76' lang='grc' dir='ltr'>ἄρα-ης.</span> 
     </span>
    </p>
   </div>
  </div>
