3802 6216
338 252 446 307 799

1300 240 1643 298 APPENDIX
1683 232 1965 294 OPERUM
2006 230 2064 285 S.
2107 222 2360 283 BASILII
2399 218 2632 276 MAGM.

3523 201 3645 256 803

342 370 544 443 gaudio
583 368 836 433 intentat,
869 376 1032 437 atque
1076 367 1241 420 etiam
1270 381 1413 435 smpe
1447 365 1593 429 (erit,
1628 362 1841 416 irruens
1864 374 1926 412 ea

2062 352 2127 405 :a‘t
2151 347 2352 420 ἔπληξε
2377 342 2638 405 πολλάκις
2664 336 2908 392 ἐπελθὼν
2936 334 3015 407 τῷ
3042 333 3197 437 μέρει
3216 330 3319 443 τῆς
3342 325 3648 443 ἲεφῗλῆςὲ

345 474 499 529 parte
527 461 720 532 Capitis
752 462 805 515 in
834 477 940 529 qua
969 474 1136 513 cornu
1166 468 1406 511 armatus
1436 456 1630 519 fuerat,
1663 469 1728 508 ac
1755 452 1919 505 furori

347 553 614 609 satisfacit
668 554 768 605 hac
821 551 1046 605 fet-iendi
1093 550 1309 617 specie;
1365 549 1444 602 sic
1495 547 1638 601 enim
1702 543 1928 597 aliicitur

348 649 549 712 impetu
602 641 892 710 abreptus,
939 655 1042 693 non
1068 640 1223 708 quasi
1258 638 1580 708 simpliciter
1633 636 1809 700 feriat,
1835 636 1927 690 sed

349 733 500 804 quasi
547 747 734 795 cornu,
776 741 834 785 ιιι
876 744 1058 798 antea,
1102 730 1395 784 dilacerat:
1428 729 1500 782 ita
1550 736 1604 783 et
1635 728 1926 790 masculus,

350 827 438 881 cui
482 825 723 880 abscissa
775 824 1051 892 genitalia,
1098 822 1369 876 masculus
1418 832 1590 875 tamen
1624 830 1706 875 est
1737 820 1928 873 vitiosa

352 918 590 973 libidine.
634 915 843 970 Idcirco
872 915 1037 988 377
1076 925 1129 969 et
1161 917 1274 984 ipse
1322 915 1482 969 simili
1518 916 1676 968 modo
1705 929 1825 968 sese
1861 911 1927 966 ad

351 1013 620 1068 actionem
656 1024 1004 1077 componens,
1059 1021 1297 1059 amorem
1342 1006 1511 1072 spirat
1557 1015 1612 1058 et
1637 1005 1928 1057 absurdum

352 1103 612 1160 furorem.
640 1100 780 1167 Quin
805 1100 967 1152 etiam
1002 1099 1215 1151 irruens
1244 1099 1308 1150 ad
1332 1095 1692 1165 complexum,
1720 1095 1930 1149 etiamsi

354 1211 460 1249 non
499 1200 809 1260 corrumpat
861 1190 961 1243 hac
1011 1199 1164 1257 parte
1214 1190 1498 1259 virginem,
1560 1198 1737 1242 tamen
1782 1186 1933 1255 quasi

354 1284 766 1353 corrumpat,ita
787 1282 1081 1349 cupiditate
1108 1296 1203 1349 per
1220 1281 1655 1350 imaginationem
1682 1278 1932 1332 allicitnr.

356 1374 504 1429 Illam
557 1385 734 1428 autem
798 1373 864 1426 ad
924 1383 1205 1443 peccatum
1257 1373 1629 1426 vehementius
1682 1371 1935 1434 incitans,

355 1468 656 1536 corrumpit
684 1478 846 1520 totam
868 1476 1129 1530 mentem,
1157 1481 1220 1519 ac
1247 1466 1418 1535 ipsum
1447 1479 1643 1523 corpus
1665 1462 1731 1517 ad
1763 1450 1935 1533 stupri

356 1559 625 1614 actionem
655 1567 823 1612 (nstro
852 1556 1113 1624 percellit.

2026 443 2148 497 καθ’
2176 441 2205 494 ὃ
2226 418 2306 511 τῷ
2333 439 2526 509 κέρατι
2548 432 2812 497 ὥπλιστο,
2841 423 3203 499 πληροφορῶν
3228 422 3321 476 τὸν
3349 418 3546 490 θυμὸν
3572 419 3649 511 τῇ

2028 510 2299 605 φαντασία
2330 530 2430 602 τῆς
2475 524 2757 596 ἐνεργείας
2781 540 2794 556 ο
2838 519 2983 575 οὕτω
3026 518 3134 589 γὰρ
3166 514 3479 605 διατίθεται

2025 602 2127 696 τῆς
2156 602 2333 695 ὁρμῆς
2364 615 2865 690 συναρπιιζόμενος¹
2889 611 2988 681 ούχ
3013 610 3089 673 ὼς
3114 602 3650 696 πλήσσων-ἁπλξῦς,

2027 690 2165 770 ἀλλὰ
2188 690 2425 780 καὶ’(57)
2454 709 2530 771 ὡς
2562 708 2623 759 τὸ
2651 703 2780 775 πρὶν
2809 700 2888 771 τῷ
2913 700 3105 771 κέρατι
3130 694 3356 767 διαιρῶν
3382 692 3403 761 )
3431 706 3450 721 ⁸
3489 690 3656 743 οὕτω

2029 806 2123 860 καὶ
2155 806 2184 857 ὁ
2221 804 2394 875 ἄρσην
2423 794 2872 866 ἀποκεκομμένος
2911 790 2981 845 τὰ
3033 788 3215 860 μόρια,
3250 786 3435 857 ἄρσην

2030 897 2149 950 ἐστὶ
2180 871 2544 966 τῇέπιθυμία
2563 887 2658 941 τοῦ
2694 884 2919 947 πάθους.
2951 881 3043 934 Διὸ
3074 880 3170 933 καὶ⁵
3194 878 3356 941 αύτὸς
3385 872 3551 966 κατὰ
3585 871 3654 925 τὸ

2031 965 2242 1060 ὃμοιονη
2273 981 2751 1055 σχηματισάμενος
2808 974 2945 1047 πρὸς
2993 970 3092 1043 τὴν
3143 968 3389 1060 πρᾶξινζ
3414 965 3653 1060 ἔρωτος

2034 1053 2187 1133 πνέει
2230 1053 2591 1130 καίήέκτόπου
2641 1068 2860 1140 μανίας.
2907 1063 3067 1117 Ἀλλὰ
3099 1062 3193 1115 καὶ
3240 1056 3434 1129 ὁρμῶν
3491 1053 3654 1126 πρὸς

2032 1170 2133 1239 τὴν
2184 1164 2523 1237 συμπλοκὴν,
2573 1159 2678 1213 κᾶν
2723 1157 2797 1229 μὴ
2849 1155 3046 1227 φθείρῃ
3088 1151 3167 1223 τῷ
3218 1150 3377 1222 μέρει
3423 1145 3650 1239 ἐκείνῳ

2035 1237 2265 1329 ἐνοχλῶν
2292 1259 2357 1326 τῇ
2390 1254 2600 1329 θηλείᾳ,
2626 1253 2775 1321 ὅμως
2806 1248 2967 1311 αὐτὸς
3002 1248 3101 1318 μὲν
3126 1245 3203 1307 ὡς
3234 1240 3497 1312 φθείρας,
3537 1237 3649 1329 τῂν

2036 1326 2333 1417 ἐπιθυμίαν
2362 1326 2534 1405 οὕτως
2569 1341 2674 1394 ὑπὸ
2712 1338 2812 1409 τῆς
2845 1335 3145 1406 φαντασίας
3180 1333 3476 1386 διάκειται.
3522 1326 3647 1397 Τὴν

2035 1440 2093 1494 δέ
2122 1439 2258 1511 πρὸς
2285 1437 2384 1508 τὴν
2417 1433 2691 1506 ἁμαρτίαν
2729 1429 3055 1502 πικρότερον
3084 1422 3367 1497 ἐρεθίζων,
3408 1418 3645 1511 φθείρει

2042 1531 2141 1602 μέν
2170 1508 2289 1583 όλον
2317 1527 2408 1582 τὸν
2438 1525 2581 1587 νοῦν,
2606 1522 2701 1576 καὶ
2730 1521 2792 1574 τὸ
2820 1519 2980 1590 σῶμα
3008 1516 3065 1571 δὲ
3088 1513 3225 1589 πρὸς
3247 1513 3348 1585 τὴν
3370 1510 3477 1583 τῆς
3505 1508 3644 1579 φθο-

2046 1625 2148 1695 ρᾶς
2189 1622 2390 1693 πρᾶξιν
2428 1619 2654 1690 οίστρεῖ.

429 1740 519 1793 tit.
554 1739 732 1805 Quare
763 1737 808 1791 si
855 1736 1184 1809 propositum
1217 1744 1300 1789 est
1331 1735 1523 1804 virgini
1568 1732 1936 1801 incorruptam

2114 1752 2204 1808 64.
2243 1750 2336 1803 Διὸ
2366 1747 2526 1815 εἴπερ
2563 1743 2763 1808 σκοπός
2816 1744 2933 1795 ἐστι
2972 1741 3040 1810 τῇ
3091 1735 3350 1808 παρθένῳ
3389 1732 3646 1804 ἄφθορον

359 1847 512 1883 suam
548 1830 859 1884 interiorem
891 1827 1253 1897 virginitatem
1280 1841 1522 1889 servare,
1545 1834 1701 1879 caute
1729 1837 1941 1892 semper

359 1940 419 1973 se
444 1931 597 1991 gerat
620 1923 785 1977 etiam
815 1921 867 1975 in
891 1920 1174 1988 colloquiis
1202 1934 1324 1973 cum
1353 1919 1436 1974 bis
1460 1917 1786 1972 hominibus.
1809 1915 1939 1971 Nam

358 2011 406 2067 si
440 2010 862 2064 admonitionem
913 2009 1152 2074 Sirachi,
1182 2024 1301 2076 quae
1336 2009 1402 2061 ad
1437 2008 1800 2077 integritatem
1832 2006 1939 2060 vir-

359 2101 499 2167 ginis
537 2100 792 2155 conducit
833 2100 1161 2167 recipimus,
1196 2098 1359 2163 Quasi
1405 2097 1692 2161 eunuchus,
1744 2097 1941 2165 inquit,

360 2193 708 2263 complectens
754 2192 1000 2259 virginem
1054 2199 1103 2244 et
1150 2192 1491 2260 ingemiscens
1543 2189 1636 2246 ⁶³;
1689 2191 1942 2244 nimirum

361 2285 487 2354 quia
520 2284 659 2353 quod
694 2283 805 2336 vult
841 2282 1019 2336 facere
1053 2298 1158 2336 non
1196 2291 1391 2351 potest.
1419 2281 1585 2336 Item:
1616 2281 1945 2336 Desiderium

360 2378 585 2431 eunuchi
622 2387 695 2430 est
735 2376 1063 2445 devirginare
1105 2375 1330 2445 puellam
1381 2375 1445 2428 ⁵⁵.
1485 2375 1594 2430 Etsi
1643 2374 1789 2429 enim
1834 2390 1947 2430 ma-

364 2476 528 2533 trem,
570 2465 764 2535 inqttit,
796 2467 865 2520 ob
896 2466 1338 2520 infecunditatem
1377 2465 1555 2519 facere
1601 2481 1705 2519 non
1749 2473 1944 2534 potest,

360 2565 421 2608 at
453 2553 820 2623 virginitatem
874 2554 922 2608 ei
972 2553 1085 2608 vult
1139 2554 1371 2623 eripere.
1422 2552 1656 2608 Laudari
1707 2569 1839 2624 ergo
1879 2555 1948 2609 ob

363 2644 673 2699 castitatem
712 2661 819 2700 non
848 2645 1045 2700 debent
1075 2646 1145 2712 ii,
1174 2644 1372 2715 quibus
1402 2644 1639 2700 abscissa
1672 2644 1948 2716 genitalia.

365 2736 552 2807 Neque
584 2737 729 2793 enim
760 2754 928 2807 equos
952 2779 968 2799 ,
1019 2742 1161 2807 quod
1193 2753 1360 2793 cornu
1394 2753 1498 2793 non
1532 2739 1731 2794 l‘eriant
1764 2739 1951 2795 lauda-

367 2846 521 2898 mus;
552 2830 645 2885 sed
661 2844 754 2885 eos
781 2815 1020 2900 quidem,
1039 2830 1086 2884 si
1119 2845 1221 2883 non
1244 2828 1551 2898 calcitrent,
1574 2831 1948 2887 laudabimus:

365 2922 423 2977 in
450 2921 625 2978 bobus
654 2932 858 2989 autem,
892 2923 936 2977 si
976 2937 1146 2978 cornu
1187 2936 1291 2976 non
1331 2919 1546 2986 feriant,
1579 2924 1951 2978 mansuetudi-

2041 1844 2241 1914 ἑαυτῆς
2269 1841 2367 1913 τὴν
2397 1839 2544 1893 ἔνδον
2574 1835 2872 1908 παρθενίαν
2899 1830 3154 1901 φυλάξαι,
3186 1824 3506 1899 ἀκριϐούτω
3541 1823 3646 1878 καὶ

2040 1935 2142 1999 τὰς
2188 1932 2327 2006 πρὸς
2370 1930 2595 1994 τούτους
2624 1928 2716 1982 ἀεὶ
2743 1924 2979 1997 ὁμιλίας.
3019 1923 3085 1977 Εἰ
3112 1920 3221 1993 γὰρ
3257 1920 3354 1974 καὶ
3390 1917 3496 1990 τὴν
3538 1914 3647 1970 τοῦ

2042 2025 2216 2097 Σιρὰχ
2250 2021 2577 2093 παραίνεσιν
2622 2016 3075 2091 συμϐαλλομένην
3121 2015 3204 2077 είς
3252 2011 3315 2065 τδ
3357 2011 3647 2081 ἄχραντον

2041 2120 2141 2188 τῆς
2179 2114 2451 2189 παρθένου
2490 2111 2603 2186 (58)
2639 2108 2937 2183 δεχόμεθα·
2987 2108 3086 2174 Ὠς
3110 2104 3432 2173 εὐνοῦχος,
3474 2098 3644 2171 φησι,

2045 2205 2502 2277 περιλαμϐάνων
2540 2200 2863 2271 παρθένον,
2898 2198 3000 2254 καί
3042 2195 3345 2256 στενάζων
3362 2210 3377 2224 ·
3409 2190 3644 2254 πάντως

2043 2300 2260 2354 δέὃτιού
2271 2298 2493 2353 δύναται
2513 2296 2542 2350 ὃ
2566 2290 3048 2367 βούλεταιπρᾶξαι.
3062 2288 3195 2349 Καὶ,
3213 2284 3642 2354 Ἐπιθυμιάεύ-

2045 2390 2156 2445 νού
2162 2407 2273 2458 χου
2286 2384 2785 2457 ἀποπαρθενῶσαι
2800 2380 3049 2439 νεάνιδα
3063 2380 3146 2435 ,Εί
3157 2377 3251 2433 καὶ
3269 2375 3409 2449 μητέ
3417 2393 3488 2448 ρα
3497 2373 3640 2447 γὰρ,

2048 2478 2202 2549 φησὶ,
2237 2475 2326 2530 διὰ
2380 2475 2441 2530 το
2471 2476 2664 2544 ἄγονον
2697 2473 2759 2527 ού
2794 2473 2971 2535 ποιεί,
3001 2468 3119 2524 ἀλλ’
3146 2463 3639 2537 ἁποπαρθενεῦσαι

2048 2567 2217 2640 αὐτὴν
2255 2566 2417 2621 θέλει.
2457 2568 2532 2621 Ού
2571 2567 2749 2620 τοίνυν
2786 2564 2881 2617 ἐπὶ
2918 2559 3248 2633 σωφροσύνῃ
3290 2554 3643 2611 ἐπαινεῖσθαι

2048 2661 2318 2732 προσήκει
2346 2659 2475 2721 τοὺς
2502 2656 2983 2728 ἀποκοπτομένους
3018 2652 3089 2707 τὰ
3128 2652 3314 2724 μόρια.
3350 2647 3487 2703 om
3525 2646 3643 2719 γὰρ

2047 2752 2174 2814 τοὺς
2201 2750 2401 2813 ἵππους
2446 2748 2521 2813 ὡς
2564 2748 2640 2818 μὴ
2685 2745 3075 2819 κερατίζοντας
3107 2737 3462 2811 ἐπαινοῦμεν,
3498 2734 3642 2791 ἀλλὰ

2047 2837 2269 2901 τούτους
2301 2837 2400 2908 μὲν
2429 2838 2478 2890 εἰ
2509 2836 2584 2908 μὴ
2615 2833 2965 2898 λακτίζουσιν
2995 2831 3355 2901 ἐπαινέσομεν
3373 2844 3389 2858 ⁸
3418 2827 3550 2890 τοὺς
3577 2824 3640 2880 δι

2052 2929 2199 3001 βοῦς.
2227 2932 2276 2983 εί
2306 2930 2417 2999 (59)
2461 2929 2536 3001 μὴ
2575 2924 2954 3001 κερατίζουσι,
2984 2925 3086 2996 τῆς
3116 2922 3457 2996 ἡμερότητος
3489 2915 3641 2973 κατὰ

365 3030 490 3070 nem
523 3015 717 3070 merito
746 3015 1057 3085 probamus.
1100 3013 1214 3068 Non
1246 3013 1391 3068 enim
1434 3016 1488 3068 in
1518 3029 1625 3084 quo
1671 3014 1793 3086 quis
1841 3030 1948 3070 non

2062 3023 2208 3092 λόγον
2245 3019 2640 3091 ἀποδεξόμεθα.
2676 3019 2750 3073 Οὐ
2796 3018 2907 3090 γὰρ
2958 3016 3016 3071 ἐν
3055 3009 3101 3085 ᾧ
3145 3014 3221 3087 μὴ
3259 3010 3480 3067 δύναταί
3529 3027 3639 3105 τις,

366 3106 677 3173 potest,sed
709 3106 760 3159 in
787 3120 913 3174 quo.
933 3120 1054 3159 cum
1086 3104 1276 3174 possit,
1306 3104 1372 3157 ad
1406 3103 1654 3173 injuriam
1687 3115 1950 3177 potestate

368 3212 476 3252 non
507 3197 701 3262 utitur,
731 3196 1145 3251 admirationem
1179 3196 1362 3250 habet.
1387 3193 1538 3261 Quod
1569 3198 1612 3251 si
1637 3197 1952 3251 existimant

370 3287 759 3343 abscissionem
789 3287 1103 3358 genitalium
1139 3286 1205 3341 ad
1253 3289 1632 3341 removendum
1675 3289 1743 3344 ab
1772 3291 1950 3344 anima

370 3386 653 3449 peccatum
682 3380 982 3436 conducere
1009 3394 1024 3445 ;
1054 3381 1423 3435 eruantetiatn
1442 3380 1645 3445 oculos,
1673 3381 1764 3451 qui
1784 3381 1951 3437 multa

378 3480 571 3528 eontra
605 3472 871 3527 rationem
906 3472 1221 3540 intuentur;
1252 3473 1543 3542 prtecidant
1571 3489 1762 3529 manus
1790 3475 1950 3529 simul

370 3572 429 3619 et
449 3564 640 3633 pedes:
692 3563 980 3618 obstrnant
1024 3565 1187 3618 etiam
1240 3578 1424 3629 aures,
1472 3573 1531 3619 nt
1580 3565 1714 3619 nihil
1758 3565 1950 3621 horum

374 3654 793 3710 instrumentum
822 3655 915 3709 ﬁat
957 3654 1184 3725 peccati.
1217 3653 1306 3709 Vel
1349 3655 1392 3710 si
1438 3656 1577 3710 istud
1608 3657 1823 3725 quidem
1857 3658 1953 3712 ab-

375 3747 598 3800 surdum
622 3753 709 3800 est
739 3744 903 3801 simul
932 3754 986 3800 et
1017 3745 1306 3812 furiosum,
1332 3747 1458 3801 totis
1489 3749 1746 3801 mendiris
1782 3748 1951 3803 unde-

375 3835 510 3890 libet
532 3834 806 3902 abscissis,
840 3835 1105 3904 reliquum
1128 3851 1324 3904 corpus
1349 3836 1539 3891 inutile
1560 3838 1729 3890 instar
1758 3837 1951 3905 trunci,

379 3936 440 3983 ut
462 3927 682 3994 dicitur,
708 3929 927 3983 omnino
957 3928 1221 3997 projicere
1247 3943 1370 3983 cum
1401 3929 1512 3995 ipsa
1542 3929 1652 3981 vitii
1677 3944 1861 3992 causa,
1891 3943 1954 3986 ac

379 4029 560 4073 tamen
597 4018 667 4073 ob
712 4019 976 4089 imagines
1018 4034 1113 4089 per
1158 4019 1395 4074 membra
1429 4020 1589 4089 prius
1619 4019 1954 4076 introductas

380 4114 564 4167 animo
604 4125 860 4181 peccare;
903 4113 1074 4167 satius
1102 4123 1184 4166 est
1220 4111 1431 4175 relicto,
1477 4112 1548 4166 ita
1588 4123 1645 4166 ut
1669 4113 1954 4167 formatum

379 4216 488 4267 est,
512 4215 762 4272 corpore,
791 4209 960 4266 casta,
995 4210 1055 4255 ttt
1088 4216 1248 4271 supra
1288 4202 1491 4256 dictum
1523 4213 1627 4268 est,
1661 4219 1725 4255 ac
1755 4213 1956 4273 tempe-

380 4293 521 4351 tanti
555 4293 765 4349 ratione
802 4294 1042 4349 membra
1084 4293 1265 4347 omnia
1310 4307 1517 4360 regere,
1562 4294 1812 4348 virtutem
1850 4309 1954 4348 non

2055 3115 2170 3170 ἀλλ’
2197 3117 2254 3168 ἐν
2279 3107 2324 3183 ᾧ
2344 3113 2640 3184 δυνάμενος
2669 3111 2771 3165 ούκ
2802 3111 2883 3174 είς
2911 3109 3124 3163 ἀδικίαν
3153 3106 3422 3178 κέχρηται
3451 3105 3523 3175 τῇ
3545 3102 3636 3156 δυ-

2057 3203 2220 3274 νάμει
2240 3242 2255 3267 ,
2288 3202 2650 3274 θαυμάζεται.
2700 3200 2763 3253 El
2797 3199 2854 3252 δὲ
2895 3197 3097 3252 οἴονταί
3136 3214 3192 3250 τι
3219 3196 3319 3268 τὴν
3349 3195 3639 3264 ἀποκοπὴν

2056 3289 2164 3342 τῶν
2208 3289 2410 3362 μορίων
2439 3291 2522 3352 εἰς
2565 3289 2667 3361 τὴν
2695 3287 2795 3358 τῆς
2820 3286 3000 3357 ψυχῆς
3046 3285 3462 3357 ἀναμαρτησίαν
3493 3301 3638 3355 συμ-

2059 3381 2369 3443 ϐάλλεσθαι,
2401 3380 2791 3451 ἐκκοψάτωσαν
2820 3381 3065 3444 καὶτοὺς
3098 3379 3432 3451 ὀφθαλμοὺς,
3464 3375 3639 3431 πολλά

2059 3472 2209 3544 παρὰ
2256 3473 2412 3541 λόγον
2457 3472 2831 3543 ἐμϐλέποντας
2871 3474 3013 3545 (60)·
3062 3471 3636 3545 ἀκρωτηριασὰωσα)

2057 3565 2115 3618 δέ
2146 3567 2245 3628 τὰς
2277 3567 2465 3636 χεῖρας
2501 3563 2638 3634 ὁμοῦ
2677 3565 2772 3618 καὶ
2803 3567 2933 3627 τοὺς
2980 3565 3146 3628 πόδας
3170 3582 3182 3594 ·
3220 3563 3637 3617 ἐπιϐυσάτωσαν

2059 3654 2114 3706 δέ
2144 3654 2236 3706 καὶ
2264 3653 2360 3724 τὴν
2386 3654 2577 3725 ἀκοὴν,
2616 3655 2704 3707 ἵνα
2738 3654 2902 3725 μηδὲν
2928 3655 3132 3707 τούτων
3161 3654 3390 3726 ὄργανον
3411 3651 3636 3721 γένηται

2060 3746 2352 3818 ἁμαρτίας.
2387 3747 2460 3799 Ἦ
2488 3745 2646 3800 τοῦτο
2684 3746 2782 3817 μὲν
2819 3746 3013 3815 ἄλογον
3049 3746 3167 3818 ἅμα
3217 3747 3310 3799 καὶ
3351 3743 3634 3815 μανιῶδες,

2059 3838 2155 3891 ὅλα
2187 3839 2256 3891 τὰ
2303 3838 2438 3910 μέλη
2481 3837 2819 3908 πανταχόθεν
2867 3837 3296 3910 περικόψαντας,
3338 3836 3399 3890 τὸ
3442 3835 3505 3907 δὴ
3544 3834 3634 3888 λε·-

2060 3928 2318 3997 γόμενον,
2370 3926 2578 3998 κορμοῦ
2634 3926 2790 3999 δίκην
2848 3926 2908 3980 τὸ
2960 3926 3146 3981 λοιπὸν
3205 3925 3366 3997 σῶμα
3424 3924 3636 3996 ἀχρεῖον

2060 4018 2246 4082 ἁπλῶς
2283 4017 2586 4090 ἀπορρῖψαι
2620 4018 2759 4090 μετὰ
2788 4017 2883 4071 τοῦ
2920 4018 3117 4082 αἰτίου,
3152 4018 3305 4088 ὅμως
3340 4017 3461 4078 ταῖς
3500 4031 3631 4088 προ-

2061 4111 2351 4176 λαὸούσαις
2386 4111 2474 4165 διὰ
2527 4111 2638 4166 τῶν
2689 4111 2865 4184 μελῶν
2899 4111 3221 4182 φαντασίαις
3255 4110 3356 4183 τὴν
3400 4110 3631 4166 διάνοιαν

2062 4205 2430 4276 ἁμαρτάνειν
2464 4204 2734 4269 ἐάσαντας
2773 4205 2831 4259 δὲ
2878 4205 3010 4275 (6|),
3043 4204 3120 4267 ὡς
3170 4202 3451 4274 ἐπλάσθη,
3494 4202 3629 4256 κατὰ

2060 4293 2152 4346 τὸν
2177 4292 2437 4366 ἀνωτέρω
2460 4295 2638 4362 λόγον,
2669 4293 2906 4365 σώφρονι
2938 4291 3183 4364 λογισμῷ
3209 4292 3443 4363 ἡνιοχεῖν
3461 4291 3630 4345 πάντα

384 4386 726 4443 necessitatis
754 4385 849 4439 sed
868 4384 1162 4440 voluntatis
1189 4395 1387 4440 nostra:
1414 4386 1729 4456 praclarum
1763 4402 1950 4442 munus

2062 4383 2128 4437 τὰ
2160 4383 2292 4455 μέλη
2315 4425 2329 4448 ,
2365 4385 2467 4438 ούκ
2496 4385 2762 4454 ἀνάγκης,
2794 4384 2932 4439 ἀλλὰ
2967 4383 3340 4456 προαιρέσεως
3369 4382 3628 4454 ἡμετέρας

383 4478 703 4534 efﬁcientes.
722 4475 910 4545 Neque
926 4489 1055 4529 vero
1076 4474 1140 4529 de
1167 4476 1419 4530 omnibus
1446 4477 1668 4531 omnino
1694 4478 1956 4531 eunuchis

383 4585 447 4625 ea
480 4569 714 4624 diximus
742 4582 862 4637 qua:
900 4566 1158 4621 hactenus
1200 4567 1547 4634 exposuimus
1574 4607 1590 4633 ,
1639 4569 1733 4623 sed
1779 4569 1845 4622 de
1891 4570 1956 4625 iis

383 4662 515 4732 qui,
567 4670 626 4715 ut
671 4660 776 4717 sibi
834 4659 1107 4714 licentiam
1142 4660 1430 4714 concilient
1471 4674 1589 4714 cum
1628 4661 1842 4717 feminis
1889 4663 1958 4717 ad

385 4755 666 4810 arbitrium
717 4754 973 4820 vivendi,
1004 4753 1321 4822 semetipsos
1362 4752 1524 4807 stulte
1577 4763 1954 4810 exsecuerunt.

384 4847 462 4898 Ac
505 4842 801 4911 generatim
854 4842 919 4896 tle
965 4841 1051 4903 iis,
1093 4842 1183 4910 qui
1227 4840 1514 4893 tnnliernni
1565 4839 1960 4896 familiaritates

385 4944 805 5005 persequuntur,
839 4933 953 4987 lucc
979 4932 1233 4986 diximus.
1255 4931 1514 4985 Novimns
1533 4933 1675 4985 enim
1698 4933 1957 5000 quemad—

388 5030 607 5082 modum
646 5026 751 5082 viri
788 5025 1043 5080 mulieres
1090 5032 1277 5078 sancte
1312 5029 1554 5092 tangunt,
1596 5023 1669 5077 ita
1711 5030 1765 5076 et
1791 5038 1961 5078 eunu-

429 5184 473 5216 ”
511 5184 674 5240 Eccli.
709 5200 815 5239 xxx
838 5221 856 5249 ,
903 5183 994 5238 2|.
1069 5181 1115 5213 “
1145 5180 1307 5235 Eccli.
1343 5196 1451 5248 xx,
1487 5180 1539 5234 1.

467 5341 583 5410 (57)
628 5339 808 5395 Ἀλλὰ
859 5339 983 5395 καί.
1044 5335 1368 5406 Coniunctio
1415 5338 1597 5395 addita
1634 5353 1698 5394 ex
1734 5336 1976 5408 pluribus

394 5425 580 5550 mfs's)
616 5477 730 5550 Τῆς
753 5476 1073 5550 atmodum.
1105 5477 1233 5550 Duo_
1250 5492 1405 5544 mss.,
1443 5476 1900 5550 τῆςίπαρθενίας.

467 5544 582 5618 (59')
617 5544 765 5616 Τοὺς
788 5544 856 5602 δὲ
877 5549 1056 5615 βοῦς,
1099 5550 1172 5601 ει.
1201 5547 1293 5600 Sic
1326 5563 1428 5618 ope
1451 5544 1970 5618 codicis'Colbertin‘i

398 5614 811 5673 emendavimns
838 5614 1087 5673 vitiosam
1121 5614 1400 5672 lectionem
1447 5618 1739 5685 vulgatam,
1779 5614 1972 5685 τοῖςδέ

407 5687 580 5745 βουσί.
614 5688 810 5744 lbidrm
853 5690 935 5744 ha:
961 5702 1145 5754 voces,
1174 5685 1312 5740 κατὰ
1345 5685 1523 5756 λόγον,
1547 5684 1740 5745 desunt
1770 5687 1824 5742 in
1856 5684 1971 5752 plu-

2059 4475 2121 4529 τὸ
2158 4476 2489 4546 κατόρθωμα
2518 4476 2581 4529 τὸ
2624 4475 2787 4529 καλὸν
2832 4475 3206 4547 ποιουμένους.
3243 4475 3320 4528 Ού
3349 4475 3477 4546 περὶ
3505 4474 3628 4528 πάν-

2060 4584 2169 4620 των
2210 4566 2266 4619 δὲ
2310 4568 2538 4621 καθόλου
2585 4567 2857 4638 εὐνούχων
2894 4566 2964 4621 τὰ
2996 4565 3397 4639 προεκτεθέντα
3422 4566 3630 4637 εἰρήκα-

2066 4676 2187 4730 μεν,
2222 4658 2359 4712 ἀλλὰ
2402 4660 2531 4731 περὶ
2574 4659 2684 4713 τῶν
2733 4660 2798 4713 ἵν’
2850 4658 3099 4724 ἐξουσίαν
3137 4659 3351 4722 ἐαυτοῖς
3388 4674 3623 4731 πραγμα-

2061 4749 2383 4814 τεύσωνται,
2419 4749 2494 4814 ὡς
2531 4750 2777 4803 θέλουσιν
2819 4750 3028 4822 ὁμιλεῖν
3065 4748 3333 4818 γυναιξὶν,
3363 4748 3627 4818 ἀποκοψασ

2065 4841 2242 4912 μένων
2271 4843 2510 4907 ἀτόπως.
2552 4843 2666 4896 Καὶ
2704 4843 2932 4896 καθόλου
2963 4842 3092 4913 περὶ
3133 4840 3245 4894 τῶν
3276 4840 3376 4903 τὰς
3406 4839 3535 4911 πρὸς
3572 4839 3626 4892 τὸ

2065 4932 2199 5002 θῆλυ
2219 4933 2501 5005 διατριϐὰς
2528 4933 2971 5004 μεταδιωκόντων
2987 4931 3160 4986 ταῦτά
3181 4948 3382 5002 φαμεν.
3411 4930 3624 4998 Οἴδαμεν

2066 5024 2204 5096 γὰρ,
2232 5026 2321 5079 ὅτι
2347 5025 2422 5091 ὡς
2467 5025 2636 5095 ἁγίως
2666 5025 2924 5080 ἅπτονται
2954 5023 3146 5096 ἄνδρες
3175 5020 3469 5093 γυναικῶν,
3496 5019 3652 5105 οὖιιωι

2073 5338 2770 5519 ἔζιὶἶθ)ωἶὲμόλέπωτπ.
2812 5405 2905 5461 Sic
2952 5404 3134 5474 plures
3182 5403 3422 5461 codices.
3474 5400 3623 5472 Editi,

2072 5477 2388 5549 βλέποντας.
3407 5542 3418 5554 .
3454 5542 3466 5554 ο
3563 5543 3573 5556 .

2069 5552 2260 5674 mth
2306 5548 2396 5604 Δέ.
2443 5548 2532 5605 Sic
2580 5546 2746 5603 editio
2773 5543 2975 5600 Veneta
3021 5554 3074 5601 et
3121 5559 3253 5600 mss.
3297 5542 3626 5612 Partstettsa,

2100 5634 2165 5672 ει.
