3802 6216
128 348 218 402 801

1320 348 1521 403 LIBER
1559 350 1648 404 DE
1691 348 2160 406 Vll‘iGlNlTATE.

3277 353 3383 408 802

128 463 214 517 καὶ
233 461 278 516 οί
299 460 545 532 εὐνοῦχοι
569 459 643 531 τῷ
668 460 726 527 ἐξ
749 459 1019 524 ἀκουσίως
1041 458 1176 531 (61⁸)
1203 460 1570 532 συμϐεϐηκότι
1604 463 1700 517 αύ-

1839 463 1956 528 lius,
2013 464 2103 532 qui
2143 473 2262 533 post
2309 462 2555 532 corporis
2591 463 2974 519 castrationem
3016 481 3121 521 non
3158 465 3386 522 libenter

129 559 227 620 τοῖς
242 553 380 607 κατὰ
397 552 457 605 τὸ
471 553 633 624 σῶμα
647 550 1008 622 εὐνουχισμῷ,
1026 551 1117 605 τὸν
1137 550 1384 605 ἑκούσιον
1401 552 1504 622 τῆς
1518 551 1697 624 ψυχῆς

137 647 355 715 εὐνουχισ
363 643 464 714 μὸν
487 642 727 713 σώφρονι
749 641 998 713 λογισμῷ
1016 643 1244 707 ἑαυτοὺς
1264 643 1695 713 εὐνουχίσαντες,

136 736 366 808 ιιαθαρῶς
414 733 666 803 γυναιξὶν
708 736 978 806 ὁμιλοῦσι.
1029 735 1134 788 Τοῦ
1171 736 1228 788 δὲ
1277 736 1541 807 ἀκριϐοῦς
1581 737 1698 809 ἅμα

134 831 211 884 καὶ
255 828 524 899 ἀχράντου
561 827 722 881 ἓνεκα
776 827 1204 898 μαρτυρόμεθα,
1252 828 1338 880 ὅτι
1382 827 1457 890 ὡς
1505 828 1697 898 ἄνδρες

133 921 258 990 ἣδιον
293 917 865 988 συναναστρεφόμενοι
901 915 1133 984 γυναιξὶ,
1166 917 1390 980 δικαίως
1420 917 1543 970 καθ’
1573 919 1698 970 ἐαυ⁶

126 1002 222 1064 ἐῶν
243 1009 468 1080 αἰσχρὰς
491 1008 749 1071 ὑπονοίας
779 1007 1019 1060 κινοῦσιν
1042 1024 1054 1037 ·
1084 1007 1227 1062 οὕτω
1263 1010 1356 1062 καὶ
1379 1010 1427 1061 οἱ
1449 1009 1696 1079 εὐνοῦχοι

128 1105 234 1167 ταῖς
274 1101 381 1155 τῶν
408 1101 694 1170 γυναικῶν
733 1100 1038 1170 διατριϐαῖς
1083 1101 1421 1172 ὲμφωλεύειν
1462 1102 1699 1156 σπουδά-

129 1197 312 1262 ζοντες,
351 1195 412 1248 ού
458 1195 739 1266 καθαροὺς
771 1195 1000 1257 ἑαυτοὺς
1043 1193 1310 1248 ὑπονοιῶν
1344 1193 1695 1254 ἀπολύουσιν.

131 1290 185 1343 Ol
198 1289 299 1359 γὰρ
324 1287 423 1359 τὴν
447 1274 587 1359 πρὸς
614 1287 673 1340 τὸ
701 1286 834 1357 θῆλυ
856 1287 1070 1358 ὁμιλίαν
1092 1287 1193 1340 οὐκ
1217 1287 1532 1358 ἀδιάφορον,
1562 1285 1700 1339 ἀλλὰ

129 1379 526 1450 προθυμοτέραν
568 1380 902 1450 ποιούμενοι,
945 1380 1046 1433 ούκ
1087 1380 1303 1443 ἀτόπως
1341 1380 1408 1432 ἂν
1449 1379 1555 1432 ὑπὸ
1590 1378 1699 1432 τῶν

131 1471 558 1542 προεκκειμένων
606 1473 704 1543 τῆς
753 1472 967 1541 φύσεως
1015 1471 1290 1542 λογισμῶν
1342 1472 1433 1524 ἐπὶ
1481 1471 1542 1524 τὸ
1585 1473 1699 1542 χεῖ-

133 1581 214 1634 ρον
236 1564 342 1635 (62)
373 1566 590 1636 ἀνδρῶν
631 1565 1049 1635 στηλιτεύοιντο.
1081 1565 1205 1617 ’Ότι
1233 1567 1319 1618 ἐπ’
1347 1565 1572 1618 ἐκείνων
1601 1565 1700 1636 μὲν

132 1659 161 1722 ἡ
201 1656 401 1723 ἐξουσία
429 1657 526 1710 τοῦ
568 1657 829 1710 δύνασθαι
881 1657 985 1729 πρὸ
1017 1655 1310 1726 ὀφθαλμῶν
1355 1657 1564 1710 τιθεῖσα
1606 1657 1702 1709 αύ-

131 1750 230 1810 τοῖς
268 1749 328 1808 τὸ
372 1749 728 1818 ἀποτέλεσμα
778 1747 873 1800 τοῦ
925 1749 1342 1820 ἁμαρτήματος,
1404 1748 1555 1816 φόϐῳ
1601 1747 1696 1802 τοῦ

1800 563 2106 625 susceptam
2131 595 2147 619 ,
2197 555 2552 610 voluntariam
2582 555 2777 609 anima:
2813 556 3196 612 castrationem
3232 565 3381 612 casta

1799 659 1863 700 ac
1899 645 2214 714 temperanti
2241 645 2568 716 cogitatione
2589 645 2936 714 sibimetipsis
2960 647 3221 712 inferunt,
3249 662 3381 716 pure

1800 750 1921 789 cum
1951 736 2264 790 mulieribus
2296 737 2522 790 versari.
2565 735 2672 791 Sed
2711 737 2976 791 cautionis
3009 736 3169 792 simul
3207 746 3262 791 et
3301 737 3384 790 iu-

1803 827 2070 894 tegritatis
2105 842 2266 880 causa
2311 836 2686 882 contestamur
2717 867 2733 890 ,
2764 828 3212 896 quemadmodum
3255 830 3380 888 viri.

1799 919 1891 988 qui
1948 918 2176 972 libenter
2206 934 2328 971 cum
2385 918 2700 972 mulieribus
2729 928 3016 972 versantur
3039 957 3055 982 ,
3107 929 3289 988 turpes
3326 919 3378 973 in

1801 1011 2119 1078 semetipsos
2177 1010 2513 1078 suspiciones
2570 1019 2822 1074 movent;
2881 1010 2952 1062 ita
2999 1020 3055 1064 et
3105 1012 3384 1064 eunuchus

1799 1102 1892 1171 qui
1919 1102 1970 1155 in
2004 1101 2285 1155 mulierum
2311 1100 2676 1154 contuberniis
2700 1099 2919 1154 latibula
2941 1115 3034 1154 sua
3059 1101 3386 1156 constituere

1801 1193 2008 1255 volunt,
2039 1209 2203 1262 puros
2233 1193 2555 1260 semetipsos
2595 1207 2623 1246 a
2680 1192 3077 1261 suspicionibus
3112 1208 3213 1245 non
3245 1207 3380 1261 pra:-

1802 1294 1969 1338 stare.
2003 1283 2136 1338 Nam
2169 1284 2258 1353 qui
2289 1283 2459 1354 678
2495 1299 2615 1336 eum
2659 1283 2975 1338 mulieribus
3019 1301 3123 1337 non
3169 1283 3382 1338 indiffe-

1803 1387 2030 1439 renter,
2088 1378 2180 1430 sed
2230 1377 2424 1445 cupide
2475 1385 2802 1442 versantur,
2862 1391 2968 1429 non
3025 1376 3256 1430 absurde
3314 1390 3383 1428 ex

1803 1466 2106 1521 manifestis
2179 1475 2384 1520 natura:
2466 1466 2766 1519 rationibus
2853 1464 3007 1534 pejus
3066 1481 3226 1534 quam
3283 1465 3384 1518 viri

1801 1559 2198 1627 vituperemur.
2225 1556 2357 1610 Nam
2387 1557 2438 1610 in
2465 1557 2598 1610 viris
2623 1556 2848 1611 facultas
2875 1572 2977 1625 qua
3005 1556 3211 1625 praaditi
3239 1566 3386 1620 sunt,

1802 1649 1928 1701 dum
1964 1650 2044 1702 eis
2073 1659 2197 1702 ante
2227 1649 2410 1704 oculos
2458 1649 2608 1718 ponit
2639 1650 2906 1702 actionem
2942 1647 3167 1716 peccati,
3205 1646 3386 1716 lapsus

1805 1748 1948 1793 metu
1999 1755 2096 1794 eos
2151 1756 2180 1794 a
2244 1751 2499 1807 peccato,
2551 1740 2693 1809 quod
2737 1740 3010 1794 voluntate
3069 1739 3385 1808 perficitur,

135 1837 427 1909 πτώματος,
469 1841 575 1910 τῆς
611 1838 753 1893 κατὰ
778 1839 874 1909 τὴν
916 1840 1170 1910 βούλησιν
1197 1840 1396 1902 αὐτοὺς
1423 1840 1698 1910 ἁμαρτίας

1839 1828 2051 1883 eﬂeetit.
2109 1828 2204 1883 llic
2263 1839 2442 1884 autem
2499 1830 2814 1898 impotentia
2874 1828 3184 1898 perﬁciendi
3245 1827 3388 1897 quod

134 1931 443 1986 ἀναστέλλει.
489 1931 756 1985 Ἐνταῦθα
783 1931 840 1983 δὲ
874 1933 907 2001 ἡ
939 1932 1210 2001 ἀδυναμία
1247 1931 1341 1983 τοῦ
1374 1932 1699 1984 ἀποτελέσαι

135 2021 160 2076 δ
195 2023 483 2094 βούλονται,
525 2024 833 2096 τολμηροὺς
877 2024 1075 2087 αὐτοὺς
1111 2023 1248 2094 πρὸς
1276 2024 1374 2094 τὴν
1401 2023 1702 2076 ἀπόλαυσιν

135 2115 223 2186 τῆς
245 2117 537 2187 ἐπιθυμίας
566 2117 816 2181 ποιοῦσα,
844 2117 943 2188 τὴν
969 2119 1034 2170 ὲκ
1061 2116 1163 2186 τῆς
1187 2115 1494 2187 βουλήσεως
1521 2117 1700 2188 ἀμαρ-

138 2209 240 2262 τίαν
271 2210 326 2263 ὲν
353 2210 544 2272 αὐτοῖς
585 2208 667 2261 ἔτι
717 2209 918 2280 μᾶλλον
957 2208 1180 2272 ἐξάπτει
1215 2209 1348 2277 (65).

199 2301 278 2359 65.
310 2303 515 2374 Μηδεὶς
548 2303 608 2356 δὲ
627 2302 1023 2356 ὲπισκωπτέτω
1054 2299 1133 2372 τῷ
1159 2301 1324 2370 λόγῳ,
1352 2299 1428 2364 ὡς
1465 2298 1618 2370 παρά
1642 2299 1705 2352 τὸ

141 2392 327 2464 πρέπον
359 2393 440 2464 τῷ
468 2391 789 2464 παρθενικῷ
812 2391 931 2463 ἥθει
965 2391 1044 2454 εἰς
1079 2389 1174 2461 τὴν
1204 2388 1439 2460 θεωρίαν
1470 2389 1569 2457 τῆς
1600 2387 1704 2458 φύ-

143 2497 262 2544 σεως
293 2482 384 2535 τοῦ
415 2483 649 2554 ἄρρενος
679 2479 1054 2551 ὲμϐαθύνοντι.
1087 2481 1309 2549 Πρῶτον
1342 2477 1462 2549 μὲν,
1497 2477 1579 2529 ὃτι
1612 2476 1704 2528 ού-

139 2570 281 2643 δεμία
303 2572 444 2626 οὕτω
471 2572 644 2644 νηπία
667 2572 786 2625 ἐστὶ
811 2570 1102 2642 παρθένος,
1131 2569 1324 2638 ἡϐῶσα
1356 2568 1436 2639 τῷ
1472 2566 1703 2638 σώματι,

143 2661 208 2724 ὡς
238 2663 443 2730 ἀγνοεῖν
475 2680 530 2715 τι
560 2661 670 2714 τῶν
693 2662 752 2715 ὲν
777 2663 842 2732 τῇ
875 2659 1033 2729 φύσει
1061 2660 1292 2723 ἐκείνου,
1327 2653 1388 2712 οὗ
1422 2659 1520 2729 τῆς
1543 2657 1708 2711 πλευ-

146 2754 603 2826 ρᾶςάπεσπάσθη.
633 2754 780 2816 Ἕως
821 2752 920 2823 μὲν
960 2751 1067 2824 γὰρ
1114 2752 1277 2823 ἀτελῆ
1311 2769 1371 2804 τε
1415 2752 1509 2805 καὶ
1553 2749 1710 2820 ἀωρᾶ

144 2846 243 2898 ἐστι
285 2846 416 2918 πρὸς
455 2845 556 2918 τὴν
603 2845 840 2916 φυσικὴν
886 2844 1164 2916 ἐνέργειαν
1200 2843 1270 2896 τὰ
1304 2842 1439 2913 μέλη
1477 2842 1570 2896 τοῦ
1605 2850 1710 2895 σω-

147 2954 296 3006 ματος
321 2939 512 3010 αὐτῆς,
540 2938 636 2992 καὶ
662 2937 726 3007 δὴ
755 2940 784 2990 ό
819 2936 984 3007 νόμος
1015 2935 1115 3006 τῆς
1137 2935 1409 3006 ἁμαρτίας
1434 2932 1705 3003 σχολάζει,

145 3029 228 3086 καὶ
255 3029 469 3098 ἄγνοιαν
492 3031 633 3093 εῖσως
673 3029 738 3083 ἀν
769 3047 852 3092 τις
881 3028 1025 3081 εἴποι
1056 3027 1158 3098 τῆς
1192 3027 1428 3097 φυσικῆς
1460 3025 1710 3094 πράξεως

143 3120 266 3184 τέως
294 3124 575 3194 προσεῖναι.
602 3123 713 3185 τοῖς
746 3121 986 3192 μέλεσιν,
1024 3121 1071 3172 εἰ
1106 3119 1198 3172 καὶ
1233 3121 1313 3173 ὅτι
1350 3119 1581 3190 μάλιστα
1613 3118 1710 3170 αύ-

145 3211 372 3281 τομάτως
396 3211 510 3282 (64)
537 3215 572 3283 ἡ
603 3210 763 3280 φύσις
788 3209 925 3281 πρὸς
953 3210 1012 3262 τὸ
1040 3212 1237 3263 οἰκεῖον
1261 3207 1486 3280 βαδίζει,
1521 3209 1597 3270 ὡς
1616 3209 1710 3261 ἐπὶ

144 3301 238 3354 τῶν
259 3303 464 3372 ἀλόγων
493 3303 642 3355 ἔστιν
670 3303 818 3364 ἰδεῖν,
849 3300 1214 3370 αύτοδιδάκτῳ
1242 3303 1309 3371 τῇ
1341 3299 1501 3369 φύσει
1523 3300 1708 3352 εὐστο-

146 3391 360 3463 Χούντων
388 3395 555 3459 εὐθὺς
585 3394 720 3465 πρὸς
752 3392 852 3457 τὰς
883 3393 1079 3464 μίξεις.
1107 3393 1217 3446 Καὶ
1256 3392 1446 3444 παιδία
1480 3391 1535 3444 δὲ
1570 3392 1712 3460 ἐφω-

149 3484 270 3555 ρὰθη
310 3489 366 3540 ὲν
396 3491 462 3558 τῇ
500 3487 677 3558 ἀωρίᾳ
723 3485 832 3538 τῶν
889 3484 1066 3556 μελῶν
1111 3484 1211 3555 τὴν
1265 3482 1524 3554 ἀνδρικὴν
1568 3466 1711 3552 μίξιν

151 3576 462 3648 μιμούμενα.
508 3579 756 3633 Ἐπειδὰν
787 3578 842 3630 δὲ
866 3578 1042 3649 ἡϐήσῃ
1071 3576 1264 3639 ταῦτα,
1303 3576 1398 3629 καὶ
1430 3575 1712 3645 ἐπιτήδεια

149 3667 267 3735 πρὸς
306 3670 371 3739 ἢν
423 3671 640 3739 πέφυκε
684 3669 867 3740 σχέσιν
919 3666 1080 3739 ὀφθῇ,
1143 3666 1304 3729 εὐθὺς
1348 3669 1375 3719 ὁ
1408 3665 1570 3735 νόμος
1613 3665 1714 3736 τῆς

150 3757 399 3830 ἁμαρτίας
437 3762 677 3833 εἰσῆλθε,
708 3760 1013 3833 νομοθετῶν
1039 3760 1142 3830 μὲν
1171 3759 1391 3828 ἑκάστῳ
1426 3757 1577 3828 μέλει
1616 3756 1715 3827 τὴν

151 3851 350 3920 πρᾶξιν,
376 3853 818 3925 ἀντιστρατεύων
841 3853 896 3905 δὲ
925 3853 994 3905 τὰ
1023 3851 1156 3921 μέλη
1180 3850 1274 3902 τοῦ
1297 3849 1462 3919 νόμου
1498 3848 1577 3917 τῷ
1615 3847 1712 3917 νῷ,

152 3946 231 3996 καὶ
249 3945 659 4016 αἰχμαλωτίζων
684 3945 761 4015 τῷ
780 3947 930 4015 νόμῳ
949 3944 1046 4014 τῆς
1077 3941 1350 4012 ἁμαρτίας
1374 3941 1463 3993 διὰ
1487 3941 1596 3994 τῶν
1631 3958 1718 4011 με-

151 4034 242 4087 λῶν
287 4039 514 4093 ἕκαστον
564 4038 867 4108 ἄνθρωπον.
904 4037 1014 4089 Καὶ
1043 4035 1139 4088 ούκ
1175 4033 1240 4086 ἀν
1276 4051 1329 4085 τι.
1368 4033 1478 4086 τῶν
1518 4033 1714 4102 μελῶν,

151 4129 295 4198 νόμον
344 4131 469 4202 ἔχον
513 4131 625 4201 (65)
675 4128 1013 4188 διδάσκαλον,
1065 4129 1164 4198 τῆς
1199 4125 1335 4197 πρὸς
1367 4127 1433 4196 ἢν
1473 4126 1717 4195 πέφυκεν

151 4218 404 4292 ἁμαρτίας
437 4223 664 4292 ἄγνοιαν
709 4220 1128 4290 προφασίσαιτο.
1179 4217 1340 4271 Ἀλλὰ
1372 4218 1441 4270 τά
1470 4233 1529 4268 τε
1563 4217 1714 4288 χείλη

151 4305 272 4364 οἶδεν
311 4315 366 4366 ὲν
405 4317 520 4378 τοῖς
549 4315 832 4384 ἐρωτικοῖς
866 4311 1002 4382 πρὸς
1031 4311 1098 4382 ἢν
1125 4310 1337 4378 πέφυκε
1373 4309 1584 4378 χρείαν,
1625 4309 1718 4362 καὶ

152 4401 359 4457 ἕκαστον
382 4406 494 4460 τῶν
523 4404 701 4477 μελῶν
737 4402 990 4456 τοσοῦτον
1016 4401 1076 4454 τὸ
1104 4401 1198 4453 τοῦ
1233 4399 1577 4471 ἑτερογενοῦς
1619 4399 1716 4470 μέ-

1806 1921 2008 1985 volunt,
2046 1922 2413 1976 audacesillos
2447 1921 2510 1973 ad
2545 1921 2921 1990 perfruendam
2959 1920 3232 1974 libidinem
3263 1916 3387 1973 effi-

1803 2010 1972 2074 ciens,
2019 2021 2322 2079 peccatum,
2366 2009 2508 2078 quod
2546 2009 2818 2062 voluntate
2867 2005 3164 2077 perlici.ur,
3212 2005 3390 2059 adhuc

1805 2101 1976 2170 magis
2007 2102 2058 2156 in
2093 2102 2171 2156 eis
2201 2101 2465 2156 accendit.

1875 2279 1966 2334 65.
2002 2277 2174 2333 Nemo
2226 2286 2403 2331 autem
2435 2277 2648 2333 vellicet
2702 2277 2844 2332 hunc
2893 2291 3197 2332 sermonem
3234 2277 3391 2347 quasi

1808 2370 1984 2426 minus
2011 2370 2394 2425 convenienter
2425 2369 2682 2437 virgineis
2709 2369 2953 2424 moribus
2981 2368 3035 2424 in
3063 2369 3392 2437 speculatio-

1809 2479 1930 2519 nem
1987 2473 2196 2518 natura:
2237 2459 2458 2515 masculi
2512 2467 2778 2530 penetret.
2831 2459 2964 2513 Nam
3017 2460 3189 2530 primo
3245 2459 3388 2514 nulla

1807 2557 1941 2609 adeo
1971 2554 2147 2609 infans
2179 2562 2259 2608 est
2288 2553 2470 2622 virgo,
2513 2553 2672 2606 modo
2706 2553 2914 2617 pubens
2943 2551 3013 2605 sit
3050 2567 3296 2622 corpore,
3339 2560 3400 2605 ιιι

1807 2647 2098 2716 quidquam
2134 2647 2346 2714 ignoret
2376 2645 2440 2697 ad
2489 2652 2738 2697 naturam
2779 2626 2920 2698 illius
2951 2643 3208 2707 attinens,
3242 2642 3397 2711 cujus

1806 2754 1840 2793 c
1887 2738 2058 2793 latere
2089 2738 2272 2792 avulsa
2306 2747 2389 2790 est
2419 2736 2483 2790 ⁵³.
2522 2735 2768 2802 Quandiu
2801 2736 2942 2788 enim
2993 2735 3308 2804 imperfecta
3338 2744 3395 2786 et

1811 2830 2098 2883 immatura
2133 2840 2259 2884 sunt
2289 2829 2356 2883 ad
2397 2827 2700 2881 naturalem
2736 2827 3102 2896 operationem
3157 2829 3400 2880 membra

1811 2923 1952 2977 illius
1983 2921 2247 2990 corporis,
2279 2935 2341 2974 ac
2373 2919 2460 2974 lex
2506 2918 2714 2988 peccati
2757 2918 3013 2983 feriatur;
3062 2919 3202 2972 forte
3231 2919 3396 2972 etiam

1809 3015 1932 3084 quis
1979 3014 2370 3083 ignorationem
2408 3011 2668 3065 naturalis
2715 3011 2943 3064 actionis
2976 3011 3187 3063 interim
3231 3027 3402 3064 mem-

1814 3110 1925 3162 bris
1963 3108 2138 3161 inesse
2178 3106 2408 3160 dixerit:
2449 3105 2548 3161 etsi
2584 3120 2746 3175 quam
2791 3105 3027 3158 maxime
3055 3113 3254 3158 natura
3295 3118 3395 3159 sua

1811 3209 2000 3268 sponte
2035 3200 2375 3269 progreditur
2413 3201 2478 3252 ad
2531 3200 2580 3252 id
2623 3198 2764 3269 quod
2792 3199 2892 3254 sibi
2923 3201 3209 3264 convenit,
3241 3209 3296 3251 ut
3343 3201 3398 3253 in

1813 3292 1986 3344 brutis
2039 3293 2225 3345 videre
2272 3302 2374 3354 est,
2415 3306 2536 3360 quae
2572 3291 2756 3344 edoeta
2809 3305 2904 3344 sua
2959 3301 3152 3358 sponte
3207 3301 3399 3343 natura

1813 3383 1996 3436 statim
2028 3383 2078 3436 in
2105 3383 2420 3436 concubitus
2450 3382 2714 3436 feruntur.
2735 3381 2872 3447 Quin
2896 3381 3057 3434 etiam
3082 3381 3402 3450 deprehensi

1813 3485 1940 3529 sunt
2001 3474 2232 3530 infantes
2286 3475 2541 3529 membris
2605 3473 2910 3529 immaturis
2949 3473 3158 3527 virilem
3203 3488 3402 3527 conen-

1816 3569 1984 3621 bitnm
2027 3568 2248 3621 imitari.
2291 3567 2423 3621 Cum
2469 3576 2648 3620 autem
2703 3566 2942 3619 membra
2984 3566 3303 3635 pubescunt,
3335 3578 3403 3617 ac

1816 3662 2005 3714 Idonea
2042 3661 2292 3714 videntur
2339 3661 2404 3713 ad
2438 3659 2806 3712 habitudinem
2837 3657 2904 3712 ad
2948 3673 3108 3727 quam
3145 3666 3403 3726 generata

1817 3762 1976 3816 Stllll,
2014 3753 2194 3807 Statim
2230 3752 2311 3806 lex
2362 3751 2567 3820 peccati
2627 3749 2836 3814 introit,
2879 3749 3239 3819 praiscribens
3275 3750 3400 3801 uui-

1814 3847 2008 3914 euique
2040 3848 2279 3899 membro
2308 3846 2598 3907 actionem,
2631 3844 2871 3897 membra
2921 3844 3182 3895 adversus
3227 3839 3399 3909 legem

1821 3935 2013 3987 mentis
2070 3933 2120 3985 in
2172 3934 2340 3986 aciem
2407 3934 2677 3998 educens,
2749 3947 2844 4000 per
2904 3933 3145 3984 nio-nihra
3206 3945 3402 3982 unum-

1819 4042 2086 4095 quemque
2120 4028 2390 4080 hominem
2421 4027 2688 4097 captivum
2733 4023 2835 4090 legi
2870 4022 3072 4092 peccati
3121 4023 3400 4076 addicens.

1821 4119 1926 4172 Nec
1955 4119 2116 4172 ullum
2142 4134 2272 4172 sane
2295 4119 2592 4171 membrum
2623 4117 2936 4186 magistram
2972 4115 3178 4167 habens
3204 4113 3402 4183 legem,

1821 4211 2046 4278 peccati,
2089 4211 2153 4260 ad
2188 4209 2330 4276 quod
2363 4215 2552 4261 natura
2593 4208 2799 4270 fertur,
2837 4204 3229 4274 ignorationem
3265 4219 3406 4274 pra:-

1824 4310 1986 4355 texat.
2021 4301 2125 4355 Sed
2158 4301 2296 4352 labia
2329 4299 2506 4352 sciunt
2541 4297 2593 4352 in
2628 4297 2913 4352 amatoriis
2949 4297 3113 4350 rebus
3143 4296 3208 4348 ad
3237 4310 3399 4365 quem

1821 4412 1976 4448 usum
2026 4403 2217 4447 natura
2267 4393 2457 4447 idonea
2517 4391 2645 4458 sint,
2695 4405 2760 4444 ac
2817 4389 3108 4456 unicuique
3159 4386 3404 4442 membro

153 4491 231 4557 λος
252 4497 524 4569 γνωρίζει,
548 4497 668 4550 ὅσον
696 4496 858 4548 ἑαυτὸ
878 4493 1021 4547 κατὰ
1042 4493 1205 4561 φύσιν
1225 4493 1527 4545 ἐπίσταται.
1564 4493 1706 4544 Ἐπεὶ

1839 4499 2030 4540 autum
2083 4486 2309 4539 alterius
2374 4493 2546 4538 sexus
2597 4483 2899 4536 membrum
2938 4480 3214 4548 cognitum
3275 4487 3401 4546 est,

154 4585 238 4638 οὐκ
263 4585 325 4640 ἂν
348 4587 473 4640 οὔτε
502 4586 816 4658 ἐπεθύμησε
845 4584 944 4657 τὴν
971 4583 1065 4637 τοῦ
1099 4584 1293 4654 μέλους
1321 4583 1622 4653 ἐνέργειαν,
1665 4583 1712 4633 εἰ

153 4680 320 4745 ἠγνόει
344 4681 440 4751 τὴν
465 4680 624 4749 φύσιν
651 4677 816 4732 αὐτοῦ
841 4677 936 4730 καὶ
954 4675 1053 4747 τὴν
1076 4676 1284 4747 χρείαν.
1317 4675 1476 4726 Ὥστε
1507 4675 1606 4727 ούκ
1627 4675 1714 4725 εύ-

155 4767 301 4840 θύνης
335 4772 496 4838 ἄξιοι,
544 4770 604 4823 τὸ
644 4767 1044 4838 γινωσκόμενον
1075 4766 1228 4837 παρὰ
1255 4769 1377 4828 ταῖς
1401 4765 1712 4834 παρθένοις,

157 4863 490 4935 σιωπώμενον
521 4863 577 4915 δὲ
602 4862 690 4916 διὰ
722 4859 784 4914 τὸ
821 4861 1141 4927 ἀναγκαῖον,
1166 4859 1224 4911 ὲν
1260 4856 1440 4928 καιρῷ
1473 4855 1716 4910 ἀναπτύ-

162 4950 344 5019 Ξαντες.
379 4955 592 5010 Ἔπειθ’
621 4956 702 5009 ὅτι
734 4955 785 5007 εί
821 4953 918 5007 καὶ
949 4949 1202 5020 ἀγνοοῦσι
1236 4949 1333 5020 τὴν
1365 4948 1458 5002 τοῦ
1486 4949 1717 5019 ἄρρενος

163 5047 322 5114 ῥύσιν,
355 5049 432 5114 ὡς
470 5049 536 5104 ἂν
565 5049 641 5121 μὴ
674 5047 815 5119 αὕτη
847 5048 882 5118 ὴ
911 5044 1104 5114 ἀγνοια
1133 5041 1323 5114 δέλεαρ
1360 5041 1586 5112 γένηται
1618 5039 1716 5092 αύ-

220 5203 262 5235 "
296 5205 428 5263 Gen.
467 5223 530 5276 ιι,
563 5206 655 5262 22.

223 5341 346 5415 (δι’)
381 5345 483 5410 Ἐξ
514 5344 836 5415 ἀκουσίως.
863 5342 1026 5415 Forte
1055 5340 1113 5408 ἐξ
1137 5337 1414 5410 ἀκουσίου.
1452 5337 1606 5415 Eutr.
1651 5403 1681 5415 Η

236 5345 324 5410 ξῧΓ
381 5345 483 5410 Ἐξ
514 5345 836 5410 ἀκουσίως.
864 5345 1026 5397 Forte
1055 5345 1113 5408 ἐξ
1137 5345 1414 5410 ἀκουσίου.
1453 5345 1606 5389 Ιιζιδιτ.

236 5345 346 5486 (βὶί
386 5415 510 5470 Ἐπὶ
535 5416 602 5469 τὸ
642 5414 864 5486 χεῖρον.
902 5412 1108 5486 Vitiose
1148 5427 1390 5486 prorsus
1415 5409 1565 5461 addit
1598 5403 1714 5486 eili-

165 5475 577 5554 lio'l’ar'isieusis,
629 5475 1086 5554 ἀέἵφερομένων.
1144 5475 1272 5534 Πωιι
1305 5479 1450 5533 enim
1509 5490 1608 5529 nec
1656 5475 1708 5528 in

169 5547 346 5607 Veneta
370 5572 464 5609 nec
497 5547 706 5609 in’mss.
747 5547 1014 5621 leguntur.

122 5633 135 5646 '
183 5689 194 5694 Α
227 5621 326 5694 (θ’.)
364 5625 656 5690 Ἐξάπτει.
689 5620 837 5677 Hanc
866 5623 1188 5694 scripturam
1232 5620 1338 5671 duo
1369 5625 1574 5694 tantum
1604 5630 1698 5669 c0-

169 5689 296 5746 dices
310 5689 631 5764 agnoscunt,
689 5708 918 5764 quorum
951 5693 1000 5764 iu
1031 5691 1202 5764 altero
1241 5689 1475 5764 secunda
1503 5697 1709 5764 tantum

169 5773 312 5816 manu
337 5755 542 5830 “igitur.
578 5755 787 5819 Habent
826 5763 940 5828 alii,
986 5760 1190 5827 ἐνάγει.
1229 5760 1332 5812 Sed
1371 5769 1548 5810 tamen
1580 5755 1710 5808 nihil

1821 4588 2079 4647 quantum
2112 4575 2459 4644 semetipsum
2491 4582 2682 4627 natura
2705 4572 3006 4640 cognoscit.
3039 4569 3222 4639 Neque
3253 4570 3398 4624 enim

1825 4669 2051 4722 membri
2083 4679 2263 4722 actum
2291 4667 2722 4734 concupisceret,
2765 4665 2809 4719 si
2842 4665 3116 4734 ignoraret
3154 4672 3399 4717 naturam

1824 4763 1987 4816 illius.
2002 4761 2180 4826 Quare
2205 4759 2350 4828 digni
2379 4757 2798 4828 reprehensione
2823 4771 2929 4809 non
2957 4769 3164 4817 sumus,
3186 4753 3228 4806 si
3260 4757 3402 4821 quod

1822 4855 2116 4924 virginibus
2150 4856 2421 4923 cognitum
2469 4861 2574 4912 est,
2611 4849 2704 4902 sed
2733 4848 2802 4902 ob
2843 4846 3220 4900 necessitatem
3253 4853 3402 4899 tace-

1823 4957 1926 5011 tur,
1959 4947 2010 4999 id
2040 4946 2089 4998 in
2124 4955 2364 5012 tempore
2387 4941 2766 5011 explicuimus.
2801 4937 3004 4992 Deinde
3033 4952 3161 4989 vero
3191 4935 3401 4989 etiamsi

1817 5037 2132 5107 ignorarent
2172 5033 2397 5093 masculi
2428 5042 2701 5098 naturam,
2732 5044 2800 5085 ne
2835 5030 2949 5084 haec
2977 5027 3244 5097 ignoratio
3274 5024 3405 5092 ipsis

1821 5331 1995 5384 visum
2028 5339 2112 5383 est
2145 5327 2482 5381 mutandum.

1891 5401 2003 5471 (6t)
2036 5395 2414 5471 Αὐτομᾴτως.
2449 5392 2702 5471 ῌοηιι-ιιιίξ
2731 5390 2962 5471 codices,
2995 5387 3304 5471 adrogas-ri.

1891 5457 2002 5541 {65}
2040 5474 2108 5541 ATl.
2135 5457 2206 5523 ..ξ
2222 5457 2393 5541 ξχοτέ.
2445 5467 2546 5541 Sic
2584 5460 2959 5541 Colliertinus‘.‘
2995 5461 3170 5541 lﬂditto
3197 5457 3400 5541 Paris...

1818 5529 1906 5605 τις
1933 5529 1996 5594 ..ξ
2024 5539 2183 5610 ἔχων,
2222 5529 2437 5610 \"e'netar
2461 5537 2643 5610 habet,
2671 5531 2887 5610 ἔχοντα.
2919 5529 3168 5610 Quinque
3188 5529 3402 5610 οοαίινες

1823 5597 1951 5666 mss.
1977 5597 2126 5662 τι
2158 5607 2369 5675 ἔχοντα.
2406 5605 2570 5660 Paulo
2591 5597 3032 5669 ante'legendum
3056 5597 3292 5664 videtur,
3322 5597 3403 5669 τῷ

1821 5683 1968 5753 νόμῳ
1998 5679 2092 5732 τοῦ
2122 5679 2214 5731 νοῦ
2228 5717 2241 5730 .
